1863 3064
223 170 274 201 859

803 170 936 200 ΡῙΙΟἸἾΙ
954 170 1208 201 ΡΑΤΒΙΑΡιΕΠιΕ
1224 171 1278 201 Cl’.

1803 170 1849 201 860

223 227 295 254 facta
316 231 380 255 sunt
403 234 472 255 11010
491 236 497 254 :
514 227 537 255 si
550 228 611 263 quis
627 228 654 255 in
674 227 785 256 Christo
808 234 860 260 est,
875 237 945 257 nova

1110 239 1158 256 ὀνε
1183 230 1218 256 τὰ
1241 229 1330 256 πάντα
1346 227 1484 255 καινάέῖ
1514 237 1556 258 τις
1585 229 1613 254 ἐν
1642 226 1761 262 Χριδτῴ,
1773 229 1845 263 καινὴ

223 278 358 300 creatura.
378 282 387 299 1
414 273 469 308 Ego
495 274 582 306 enim,
615 273 715 309 inquit,
738 275 806 302 nihil
833 276 894 302 novi
922 276 1012 303 video.

224 318 320 346 Nonne
334 326 398 346 vero
411 320 497 347 habes
512 321 618 353 oculos,
637 326 667 348 ut
686 322 725 348 ea'
738 323 892 356 perspicere
904 322 1013 357 possis?

223 366 372 398 Adesdum,
388 370 416 393 et
438 366 537 394 faciam
556 367 604 394 tibi
625 367 732 400 oculos,
755 373 785 394 ut
806 368 912 395 videas.
937 369 1014 395 Tune

221 419 287 438 vero
314 412 410 439 oculos
437 413 505 440 das?
529 413 586 440 ltno
612 421 687 441 vero.
710 413 786 440 Tune
809 414 940 442 Conditor
964 415 1014 443 cs?

223 457 333 493 Utique.
349 458 445 487 Nonne
467 466 556 487 mente
573 466 668 495 captus
684 462 733 489 es?
750 461 924 496 Neutiquam.
941 461 1013 489 Ocu-

222 505 299 532 losne
317 505 409 539 itaque
432 507 555 540 corporis
577 506 662 534 lacis?
686 507 745 534 Non
764 515 841 539 sane,
866 507 924 540 sed,
940 508 1011 542 quod

223 552 284 585 plus
307 552 389 584 valet,
412 553 522 579 mentis.
542 553 636 588 Itaque
658 559 685 580 et
710 554 776 581 mihi
799 554 894 581 oculos
914 554 1013 589 paras?

223 595 271 623 Vel
292 598 421 625 maxime.
439 597 534 625 Nonne
550 606 615 626 vero
634 607 682 626 eos
696 600 803 626 habeo?
816 599 936 627 Minime.
959 599 1012 627 Sed

224 648 252 670 tu
270 643 374 670 habes?
394 643 502 679 Utique.
523 644 583 675 Dic,
603 653 708 679 quaeso,
724 646 881 680 quomodo?
895 645 972 678 Quod
989 646 1013 673 si

224 694 251 716 tu
270 690 399 724 templum
425 690 566 725 ingressus
590 692 692 718 nudum
717 691 753 718 ibi
773 691 964 724 simulacrum,
985 697 1014 719 ct

222 741 330 763 mutum
353 736 469 771 lapidem
495 738 598 768 videas,
621 738 753 771 dicasque
769 757 776 769 ,
791 737 841 765 Hic
864 743 906 766 est
922 737 1011 770 Deus,

224 792 288 811 110111
304 785 400 812 oculos
418 789 483 811 tunc
502 784 606 811 habes?
620 784 713 819 Neque
728 785 800 811 enim
818 785 922 812 externi
941 785 1012 812 oculi

225 831 373 865 quidquam
388 835 515 865 prosunt,
529 831 640 865 quando
658 831 771 858 internis
793 836 889 866 captus
910 839 950 858 es.
966 831 1013 858 Vi-

224 877 272 904 des
288 877 379 911 itaque
397 884 510 904 necesse
523 885 593 908 esse,
610 882 640 904 ut
660 878 755 905 oculos
771 877 818 904 tibi
837 885 940 913 parem,
957 886 1012 912 quo

1066 277 1154 308 κτίσις
1170 285 1177 309 ;
1194 286 1203 302 1
1221 275 1276 310 ἐγὼ
1302 275 1368 310 γὰρ,
1383 275 1459 310 φησὶ,
1476 274 1568 302 καινὸν
1592 274 1668 301 οὐδὲν
1699 273 1798 309 βλέπω.
1815 275 1847 300 Οὐ

1065 323 1119 358 γὰρ
1149 323 1221 357 ἔχεις
1251 321 1419 356 ὀφθαλμοὺς,
1435 322 1478 348 ἵνα
1509 321 1565 356 ἴδῃς
1581 320 1668 347 ταῦτα
1681 330 1688 351 ς
1703 320 1796 355 Δεῦρο,
1807 321 1848 346 καὶ

1065 370 1172 404 ποιήσω
1198 378 1239 396 σοι
1265 369 1433 404 ὀφθαλμοὺς,
1454 368 1502 395 καὶ
1525 369 1634 404 ὁράσεις
1655 368 1721 403 (22)·
1743 369 1796 394 Καὶ
1820 368 1847 394 σὺ

1065 416 1153 446 ποιεῖς
1180 414 1357 449 ὁφΟαλμούς;
1387 415 1452 441 Ναί.
1469 414 1524 440 Καὶ
1551 414 1719 449 δημιουργὸς
1747 412 1848 446 εἷ;Κα”ι

1065 461 1146 487 πάνυ.
1158 461 1194 487 Σὺ
1202 461 1392 495 ἀπονενόησαις
1401 461 1478 495 Οὐχί.
1487 460 1591 486 Οὐκοῦν
1599 461 1684 490 ποιεῖς
1694 460 1749 492 (25)
1759 460 1848 494 ὀφθαλ-

1066 507 1134 541 μοὺς
1147 506 1194 533 τοῦ
1212 506 1351 542 σώματος;
1363 506 1411 532 Οὔ·
1421 506 1488 532 ἀλλὰ
1505 506 1535 532 τὸ
1555 506 1656 540 μεῖζον,
1668 506 1716 540 τῆς
1727 506 1847 536 διανοίας.

1064 551 1119 577 Ka‘t
1141 553 1228 583 ποιεῖς
1245 560 1289 585 μοι
1304 551 1477 586 ὀφθαλμούς;
1496 551 1630 577 Μάλιστα.
1645 551 1681 577 Οὐ
1707 551 1761 584 γὰρ
1786 551 1847 585 ἔχως

1064 598 1185 632 οὺχί.Σὺ
1193 598 1221 624 δὲ
1234 598 1323 632 ἔχεις;
1338 597 1402 624 Nai.
1415 597 1476 628 Πῶς
1486 605 1493 630 ;
1503 598 1563 624 εἰπέ
1576 605 1632 631 μοι.
1644 597 1728 623 Ὅταν
1737 598 1849 632 ἀπέλθῃς

1063 643 1104 674 είς
1128 643 1201 676 ναὸν,
1222 644 1269 670 καὶ
1290 643 1346 679 ίδῃς
1363 643 1421 669 ἐκεῖ
1445 642 1538 675 ξόανον
1567 642 1680 677 γυμνὸν,
1695 641 1768 669 λίθον
1780 643 1850 676 ἄξω-

1065 696 1119 719 νον,
1135 689 1184 713 καὶ
1210 689 1291 723 εἴπῃς
1306 696 1312 703 ·
1331 684 1416 719 Οὗτος
1439 689 1453 714 ὁ
1470 688 1536 719 Θεός
1561 689 1635 714 ἐστιν
1649 697 1655 702 ·
1671 686 1731 724 ,ἆρα
1756 689 1850 722 ὀφθαλ-

1066 734 1133 768 μοὺς
1148 733 1220 767 ἔχεις
1233 743 1240 766 ;
1258 733 1295 769 μὴ
1311 734 1363 768 γὰρ
1374 733 1469 767 ὀφελὸς
1477 742 1503 759 τι
1515 742 1568 759 των
1582 734 1681 765 ἔξωθεν
1708 734 1850 768 ὀφθαλμῶν

1063 778 1118 805 τῶν
1138 778 1212 804 ἔνδον
1227 778 1461 814 πεπηρωμένωνς
1492 779 1574 813 Ὁρᾷς
1597 779 1638 804 ὃτι
1662 779 1758 813 χρείαν
1785 779 1851 812 ἔχεις

1064 824 1108 850 ἵνα
1123 825 1229 859 ποιήσω
1246 832 1287 850 σοι
1304 823 1472 858 ὀφθαλμοὺς,
1489 823 1559 849 ὥστε
1583 823 1628 849 τὸν
1643 823 1717 849 λίθον
1745 831 1775 849 σε
1793 825 1852 850 [Eat]

1064 869 1148 902 λίθον,
1165 869 1212 896 καὶ
1243 868 1273 895 τὸ
1299 868 1387 901 ξύλον,
1401 868 1480 900 ξύλον
1494 877 1502 884 ·
1518 867 1674 903 ὀφθαλμοὺς
1692 868 1776 903 ἔχεις,
1793 870 1852 898 ὅταν

224 921 340 956 lapidem
367 921 460 948 videas
487 929 548 949 esse
571 922 700 956 lapidem,
723 926 749 949 et
765 922 870 957 lignum
895 931 956 950 esse

1116 924 1120 946 ζ
1137 915 1225 948 ξύλον,
1241 915 1288 942 καὶ
1304 915 1510 950 προσκυνήσῃς·
1527 916 1573 941 καὶ
1590 914 1680 941 λαϐὼν
1706 915 1774 949 ἐγὼ,
1791 916 1851 942 αὐτὸ

225 975 318 1002 gnum.
345 965 445 994 Oculos
465 967 560 997 habes.
578 971 607 994 ut
623 967 719 994 videns
739 967 841 1002 lignum
863 967 927 994 illud
950 968 1012 995 ado-

222 1012 289 1039 res?
307 1012 363 1048 Ego
378 1020 442 1039 vero
459 1012 525 1039 illud
544 1013 716 1040 comburam.
734 1012 802 1039 Num
821 1013 904 1048 igitur
917 1013 1011 1041 oculos

223 1058 381 1092 1101)οε,11111
408 1058 484 1089 illud,
506 1058 579 1092 quod
605 1059 785 1092 comburitur,
806 1059 891 1086 Deum
918 1059 1012 1095 appel—

223 1105 284 1132 les?
305 1103 392 1131 llomo
409 1104 509 1139 aliquis
535 1105 629 1131 ebrius
649 1109 701 1136 est,
717 1108 744 1131 et
766 1103 967 1137 circumfertur,
986 1110 1013 1132 et

222 1151 371 1183 deridetur,
391 1155 418 1178 et
436 1159 469 1178 ex
485 1151 596 1178 homine
619 1151 725 1178 ratione
739 1151 887 1178 destitutus
909 1151 1011 1179 evadit.

222 1193 262 1220 Tu
280 1201 343 1221 vero
368 1194 428 1221 ais:
453 1194 607 1222 Ebriosilas
627 1194 695 1221 deus
712 1199 764 1226 est.
790 1195 929 1228 Bacchus;
953 1195 1013 1222 fur-

223 1246 279 1268 tum
305 1241 373 1269 deus
386 1245 438 1273 est,
457 1239 618 1268 Mercurius.
634 1239 762 1273 Videsne,
777 1241 865 1268 oculis
881 1241 929 1268 tibi
944 1249 1013 1276 opus

222 1287 304 1314 esse?
320 1287 373 1314 Lex
396 1294 479 1321 prava
497 1287 593 1321 punit;
610 1291 638 1314 tu
657 1294 732 1318 vero,
752 1295 783 1313 ea
804 1291 926 1321 patratis,
943 1287 1012 1314 nihil

221 1333 318 1360 semis.
343 1332 416 1366 Jam,
454 1341 548 1368 quaeso
574 1339 609 1366 te,
630 1333 737 1360 attende
759 1333 896 1368 quomodo
921 1334 1012 1360 omnia

224 1378 295 1405 facta
322 1378 378 1405 sint
405 1386 484 1405 nova.
517 1379 697 1406 0100101010
730 1378 869 1413 Scriptura
899 1383 1013 1405 \‘ocatur

224 1431 279 1451 non
294 1424 395 1454 solum,
410 1425 520 1458 quando
547 1424 649 1459 aliquid
669 1432 702 1451 ex
718 1425 808 1452 nihilo
828 1431 889 1452 esse
905 1424 1012 1458 incipit,

224 1470 271 1497 sed
301 1475 327 1496 et
344 1471 455 1504 quando
471 1471 585 1505 aliquid,
602 1470 675 1504 quod
689 1475 742 1502 est,
767 1470 793 1497 111
808 1471 906 1497 melius
923 1475 1014 1497 muta-

224 1520 281 1542 tur.
298 1514 370 1542 Deus
382 1515 481 1543 coelum
495 1516 629 1548 condidit,
653 1516 705 1544 hoc
718 1520 769 1547 est.
780 1515 846 1543 fecit
861 1516 963 1551 aliquid
978 1523 1011 1543 ex

225 1560 333 1587 nihilo:
353 1561 421 1588 idem
440 1569 505 1588 vero
529 1561 611 1588 etiam
634 1567 719 1593 creat,
742 1561 852 1596 quando
875 1562 1012 1589 hominem

222 1607 336 1642 impium
354 1607 457 1634 bonum
473 1607 562 1635 eﬂicit.
584 1607 672 1644 Atque
693 1609 736 1635 hic
756 1616 849 1635 creare
868 1609 938 1636 idem
959 1614 1011 1640 est,

222 1654 297 1689 quod
324 1655 426 1690 aliquid
446 1656 473 1682 in
493 1655 591 1682 melius
611 1659 727 1682 mutare.
752 1655 821 1682 Audi
837 1662 919 1690 porro
935 1655 1013 1682 Davi-

227 1700 289 1729 dem
310 1702 479 1737 loquentem.
506 1701 641 1734 Quoniam
668 1702 740 1729 cnim
766 1702 811 1729 ille
834 1706 862 1729 et
883 1709 931 1729 cor
952 1701 1012 1736 ejtts

224 1752 348 1774 creatum
364 1752 434 1780 erat,
451 1747 586 1775 adulterio
597 1755 664 1774 vero
673 1753 700 1774 et
715 1747 788 1775 010110
804 1747 1010 1782 inquinabatur,

222 1796 250 1820 et
279 1793 312 1819 ad
335 1792 435 1820 01011011]
461 1793 611 1826 ferebatur,
637 1793 721 1820 Deum
744 1797 881 1827 precatur,
901 1797 929 1820 et
949 1794 1009 1820 ait:

225 1848 234 1864 1
252 1838 305 1865 Cor
326 1846 428 1865 novum
446 1845 507 1866 0100
524 1838 550 1865 111
570 1846 624 1871 me,
642 1837 713 1866 Deus
725 1839 763 1871 3°;
780 1849 789 1865 1
815 1847 869 1866 11011
888 1839 1010 1874 quidem,

221 1883 294 1917 quod
315 1887 378 1911 ante
398 1891 452 1911 non
478 1883 594 1911 habebat
613 1891 670 1916 cor,
700 1884 771 1912 sicut
795 1892 845 1912 nec
868 1885 902 1912 de
920 1885 1011 1912 cordis

221 1929 351 1961 essentia,
376 1929 424 1957 sed
448 1930 481 1957 de
504 1930 618 1965 optima,
645 1938 705 1965 qute
721 1930 787 1958 illud
805 1934 895 1962 ornat,
919 1931 1012 1958 condi-

225 1974 297 2001 tione
315 1974 447 2009 loquitur.
466 1973 548 2002 Vides
562 1976 654 2009 itaque
669 1975 743 2010 quod
759 1979 885 2002 creatura
900 1979 1012 2002 vocetur

221 2028 275 2048 non
300 2021 399 2053 solum,
424 2021 447 2048 si
477 2029 508 2048 ex
528 2022 616 2049 nihilo
642 2021 744 2056 aliquid
767 2021 885 2048 existere
903 2021 1009 2055 incipit,

220 2067 266 2094 sed
283 2067 379 2099 etiam,
401 2067 424 2094 si
441 2067 506 2102 quid
523 2068 612 2102 quoad
636 2067 784 2095 essentiam
801 2071 960 2101 corruptum
982 2067 1009 2094 in

222 2113 321 2140 melius
350 2118 480 2141 mutetur.
512 2113 550 2140 Ita
578 2114 707 2141 meretrix
741 2113 884 2146 conditur,
913 2113 937 2140 si
963 2113 1011 2141 11οι

220 2164 316 2192 casta;
335 2159 371 2185 ita
386 2166 482 2193 rapax,
500 2159 522 2186 si
537 2159 635 2186 evadat
649 2159 820 2186 misericors.
836 2159 875 2186 Ita
891 2159 918 2186 in
931 2166 1008 2186 ovem

221 2208 344 2230 mutatur
370 2204 461 2238 lupus,
485 2207 512 2231 et
543 2203 571 2231 in
597 2204 753 2231 columbam
787 2204 926 2239 accipiter.
952 2205 1009 2231 Duo

220 2251 312 2285 itaque
336 2255 400 2277 sunt
412 2251 561 2278 creationis
581 2258 690 2287 genera.
705 2251 851 2286 Propterea
874 2252 956 2278 etiam
971 2251 1009 2278 la-
1026 2265 1048 2292 ι)

223 2304 336 2324 vacrum
354 2297 458 2324 dicitur
485 2297 600 2330 creatio,
623 2297 773 2328 lavacrum,
791 2297 914 2333 inqttam,
931 2305 1008 2332 rege-

222 2342 384 2369 nerationis.
406 2351 415 2367 1
432 2341 572 2369 Exucntes
589 2341 674 2374 enim,
690 2341 786 2376 inquit,
805 2342 943 2369 hominem
962 2349 1008 2369 ve-

220 2392 318 2420 terem,
347 2388 490 2415 induentes
518 2392 738 2419 001011111010111,
762 2388 808 2422 qui
833 2392 1009 2423 regeneratus

218 2438 260 2461 est
281 2434 313 2460 ad
335 2433 480 2468 imaginem
500 2433 570 2467 ejus,
592 2434 638 2468 qui
662 2441 724 2461 eum
750 2433 880 2461 condidit.
900 2443 909 2459 1
927 2433 1009 2461 Vides

219 2480 323 2514 itaque,
340 2478 412 2512 quod
437 2486 507 2505 nova
522 2479 613 2514 aliqua
641 2479 676 2506 sit
691 2483 828 2507 creatura.
843 2478 912 2512 Quid
934 2479 1008 2506 enim

219 2525 286 2552 mihi
299 2519 421 2559 prodest,
437 2524 461 2551 si
477 2525 577 2552 caelum
598 2525 644 2551 ﬁat
659 2531 773 2557 novum,
790 2528 818 2552 et
833 2528 903 2552 terra
927 2532 1009 2556 nova,

219 2578 284 2605 ergo
301 2577 366 2597 vero
383 2570 501 2605 peccatis
526 2570 696 2598 inveteravi?
714 2570 820 2598 Caelum
838 2571 935 2598 domus
953 2575 1005 2604 est,

218 2625 267 2651 ego
279 2625 344 2644 vero
361 2618 386 2644 iu
412 2625 445 2644 eo
462 2617 585 2644 dirersor
604 2621 631 2644 et
651 2621 764 2652 mgroto.
782 2617 896 2650 Quando
919 2617 1006 2645 medi-

256 2707 277 2722 ³⁸
292 2706 363 2735 Psal.
377 2715 404 2738 ι,
419 2707 461 2734 11.

1063 961 1167 989 καύσω.
1183 959 1256 996 Ἀρα
1271 961 1342 996 ἔχεις
1353 961 1509 996 ὀφθαλμοὺς
1518 961 1548 987 τὸ
1560 962 1705 996 καιόμενον
1718 962 1785 988 Θεὸν
1798 963 1851 988 ovo-

1064 1007 1173 1042 μάζων;
1189 1008 1253 1034 ὅταν
1266 1007 1299 1034 τὰ
1316 1007 1390 1042 πάθη
1418 1007 1561 1039 θεοποιεῖς,
1585 1007 1741 1042 ὀφθαλμοὺς
1766 1008 1851 1042 ἔχεις;

1065 1053 1159 1087 μεθύει
1181 1054 1195 1080 ὁ
1226 1053 1369 1088 ἄνθρωπος
1387 1073 1394 1085 ,
1413 1054 1462 1079 καὶ
1492 1053 1681 1088 περιφέρεται.
1699 1054 1746 1080 καὶ
1772 1062 1852 1080 κατα-

1063 1100 1176 1133 mam
1195 1109 1201 1115 ·
1225 1100 1272 1127 καὶ
1295 1099 1399 1134 γίνεται
1417 1100 1477 1126 ἀντὶ
1501 1099 1548 1126 τοῦ
1577 1099 1722 1135 ἀνθρώπου
1748 1100 1851 1134 ἄλογος.

1063 1146 1099 1172 Σὺ
1112 1146 1141 1173 δὲ
1156 1146 1262 1181 λέγεις·
1286 1146 1318 1173 'll
1343 1146 1412 1181 μέθη
1434 1147 1534 1179 θεὸς,⁴ὀ
1554 1147 1679 1177 Διόνυσος
1696 1155 1703 1163 ·
1729 1147 1745 1182 ἡ
1769 1147 1853 1181 κλοπὴ

1064 1191 1135 1226 θεὸς,
1162 1193 1175 1219 ὁ
1198 1192 1317 1228 Ἑρμῆς·
1331 1193 1408 1227 ὁρᾷς,
1429 1193 1469 1218 ὅτι
1498 1192 1578 1227 χρεία
1605 1200 1646 1218 σοι
1665 1192 1853 1226 ὀφϐα).μὼν;ὀ

1063 1239 1147 1273 νόμος
1171 1237 1205 1264 τὰ
1233 1238 1307 1272 πάθη
1331 1237 1460 1270 κολάζει·
1477 1238 1524 1264 καὶ
1539 1237 1571 1264 σὺ
1591 1237 1677 1264 ταῦτα
1699 1238 1785 1264 ποιῶν
1809 1238 1853 1264 οὐκ

1064 1284 1178 1319 αἰσθάνῃ
1193 1292 1200 1316 ;
1219 1285 1243 1310 εί
1257 1283 1346 1318 βούλει
1361 1284 1400 1315 δὲ,
1419 1284 1548 1318 πρόσχες,
1567 1284 1641 1314 ὅπως
1656 1285 1751 1317 γέγονε
1770 1285 1854 1310 πάντα

1064 1330 1156 1358 καινάξ
1173 1329 1270 1361 Κτίσις
1290 1330 1318 1355 ὲν
1335 1331 1367 1365 τῇ
1384 1329 1478 1364 Γραφῇ
1503 1329 1623 1363 λέγεται,
1638 1330 1654 1364 ἠ
1670 1329 1700 1355 οὺ
1725 1329 1808 1363 μόνον
1825 1329 1855 1355 ὲκ

1063 1377 1110 1403 τοῦ
1128 1377 1166 1411 μὴ
1185 1376 1260 1408 ὄντος
1277 1377 1315 1407 εἰς
1332 1376 1361 1402 τὸ
1376 1373 1447 1402 εἶναι
1460 1376 1627 1410 παραγωγὴ,
1642 1375 1710 1401 ἀλλὰ
1724 1376 1774 1402 καὶ
1795 1377 1812 1410 ἡ
1825 1377 1855 1401 ἐκ

1063 1422 1110 1448 τοῦ
1123 1421 1198 1453 δντος
1222 1422 1270 1448 ἐπὶ
1284 1422 1314 1448 τὺ
1333 1422 1438 1456 βέλτιον
1454 1421 1600 1456 μετασολή.
1613 1422 1740 1448 Ἐκτισεν
1754 1423 1772 1448 ὁ
1793 1422 1856 1453 Θεὸς

1063 1468 1110 1495 τὸν
1124 1468 1238 1502 οὐρανόν
1250 1475 1257 1483 ⁸
1275 1468 1354 1494 τοῦτό
1366 1469 1439 1494 ἐστιν
1457 1469 1489 1494 ὲκ
1502 1468 1549 1495 τοῦ
1572 1469 1608 1503 μὴ
1633 1468 1710 1500 ὄντος
1733 1469 1854 1504 ἐργάσα-

1066 1515 1127 1541 σθαι
1140 1523 1147 1530 ·
1164 1515 1262 1547 κτίζει,
1278 1515 1325 1541 καὶ
1337 1515 1401 1541 ὅταν
1417 1514 1463 1541 τὸν
1481 1515 1598 1550 πονηρὸν
1612 1515 1759 1550 ἄνθρωπον
1777 1515 1855 1541 καλὸν

1065 1561 1275 1597 ἀπεργάσηται·
1293 1561 1410 1588 ἐνταῦθα
1424 1561 1455 1588 τὸ
1471 1561 1574 1594 κτίζειν
1590 1562 1664 1587 ἐστὶν
1681 1562 1728 1587 ἐπὶ
1749 1561 1783 1588 τὸ
1798 1561 1855 1596 βέλ-

1064 1616 1119 1634 τιον
1145 1607 1294 1643 μεταϐολή,
1320 1608 1374 1634 Kal
1394 1608 1509 1635 ἄκουσον
1533 1607 1580 1634 τοῦ
1600 1607 1683 1633 Δαῦὶδ
1709 1607 1855 1641 λέγοντος·

1065 1653 1160 1687 ἐπειδὴ
1173 1653 1227 1687 γὰρ
1243 1651 1276 1688 ἦν
1289 1652 1370 1684 αὐτὸς
1383 1652 1431 1678 καὶ
1447 1653 1463 1686 ἡ
1482 1651 1581 1687 καρδία
1595 1650 1678 1677 αὑτοῦ
1693 1651 1858 1686 ἐκτισμένη,

1064 1697 1212 1735 Aperta-.an
1236 1698 1264 1724 δὲ
1288 1699 1321 1733 τῇ
1342 1698 1459 1733 μοιχείᾳ,
1475 1696 1522 1723 καὶ
1547 1696 1585 1732 τῷ
1609 1696 1692 1731 φόνῳ,
1712 1696 1763 1721 καὶ
1792 1696 1857 1730 πρὸς

1065 1744 1168 1779 φθορὰν
1180 1743 1357 1779 κατεφέρετο,
1373 1742 1531 1778 παρακαλεῖ
1544 1742 1590 1769 τὸν
1603 1742 1681 1774 Θεὸν,
1699 1742 1748 1768 καὶ
1765 1742 1858 1775 λέγει’

1066 1800 1075 1817 1
1094 1791 1216 1827 Καρδίαν
1230 1790 1352 1825 καθαρὰν
1370 1790 1462 1816 κτίσον
1473 1790 1502 1815 ὲν
1511 1790 1584 1824 ἐμοὶ,
1594 1789 1608 1814 ὁ
1624 1788 1699 1819 Θεός.
1717 1797 1727 1814 1
1746 1789 1808 1823 Οὐχ
1821 1789 1859 1814 ὅτι

1064 1836 1199 1870 πρότερον
1214 1835 1264 1861 οὐκ
1285 1833 1340 1869 εἶχε
1356 1834 1468 1869 καρδίαν
1486 1841 1493 1848 ·
1515 1833 1576 1859 οὐδὲ
1597 1832 1662 1867 περὶ
1686 1833 1736 1868 τῆς
1763 1832 1860 1862 οὐσίας

1062 1881 1111 1916 τῆς
1123 1881 1237 1916 καρδίας
1253 1880 1337 1914 λέγει,
1353 1879 1421 1906 ἀλλὰ
1437 1879 1500 1915 περὶ
1523 1879 1574 1914 τῆς
1589 1877 1745 1914 κοσμούσης
1773 1878 1858 1913 αὐτὴν

1062 1927 1178 1962 ἀρίστης
1199 1926 1345 1959 πολιτείας.
1370 1926 1434 1953 Ἰδοὺ
1462 1925 1552 1952 τοίνυν
1576 1924 1664 1956 κτίσις
1689 1924 1816 1958 λέγεται,
1827 1924 1856 1951 οὐ

1065 1973 1145 2009 μόνον
1159 1974 1175 2008 ἡ
1187 1974 1220 1999 ὲκ
1230 1972 1278 2000 τοῦ
1289 1972 1326 2008 μὴ
1342 1972 1417 2003 ὄντος
1428 1973 1466 2003 εἰς
1477 1971 1508 1998 τὸ
1522 1969 1593 1998 εἶναι
1608 1970 1780 2006 παραγωγὴ,
1792 1970 1857 1998 ἀλλὰ

1062 2021 1109 2047 καὶ
1123 2021 1139 2056 ὴ
1151 2019 1200 2055 τῆς
1219 2020 1312 2051 οὐσίας
1331 2018 1528 2054 διαφθαρείσης
1547 2018 1586 2048 είς
1603 2017 1632 2043 τὺ
1646 2016 1753 2052 βέλτιον
1774 2025 1858 2052 μετα-

1064 2066 1129 2101 ϐολή
1144 2074 1151 2082 ·
1168 2066 1238 2092 οὕτω
1252 2065 1373 2098 κτίζεται
1396 2065 1512 2100 σώφρων
1527 2064 1543 2098 ἡ
1559 2063 1657 2098 πόρνην
1669 2062 1762 2094 οὕτως
1778 2063 1857 2096 ἐλεή-

1065 2120 1124 2146 μων
1140 2112 1154 2138 ό
1183 2110 1293 2146 ἅρπαξ·
1312 2110 1383 2136 οὕτω
1408 2108 1605 2145 μεταϐάλλεται
1623 2109 1663 2139 είς
1685 2107 1828 2142 πρὸὗατον
1845 2107 1857 2131 ὁ

1061 2158 1152 2190 λύκος,
1168 2157 1215 2184 καὶ
1231 2156 1332 2188 ὀίέραξ
1347 2157 1386 2188 είς
1407 2154 1572 2190 περιστεράν
1584 2162 1592 2170 θ
1607 2153 1654 2180 δύο
1677 2153 1796 2185 κτίσεις.
1809 2153 1856 2178 Διὰ

1061 2203 1141 2231 τοῦτο
1161 2203 1256 2230 καὶτὸ
1278 2202 1389 2236 λουτρὸν
1412 2201 1515 2236 κτίσμα
1538 2200 1666 2234 λέγεται·
1689 2198 1720 2225 τὸ
1741 2198 1856 2234 λουτρὸν

1062 2250 1135 2284 λέγω
1145 2250 1193 2285 τῆς
1206 2247 1425 2283 παλιγγενεσίας.
1441 2257 1449 2273 1
1469 2246 1682 2280 ’Λποδυσάμενοι
1694 2245 1763 2279 γὰρ,
1777 2244 1855 2279 φησὶ,

1063 2296 1109 2323 τὸν
1125 2295 1240 2322 παλαιὸν
1253 2294 1408 2330 ἄνθρωπον,
1424 2292 1601 2327 ἐνδυσάμενοι
1617 2291 1645 2317 δὲ
1657 2291 1703 2317 τὸν
1721 2290 1796 2323 νέον,
1813 2290 1857 2316 τὸν

1064 2341 1286 2376 ἀναγεννώμενον
1299 2340 1359 2367 κατ’
1367 2339 1460 2366 είκόνα
1466 2338 1512 2365 τοῦ
1526 2338 1666 2368 κτίσαντος
1676 2337 1760 2363 αὐτόν
1767 2337 1853 2371 (ΞΔ).1

1067 2389 1149 2425 Ὁρᾷς
1174 2388 1220 2416 οὖν
1233 2389 1274 2415 ὅτι
1289 2388 1348 2415 ἐστὶ
1358 2387 1439 2422 καινὴ
1453 2386 1552 2418 κτίσις.
1565 2385 1596 2412 Τί
1611 2386 1665 2420 γάρ
1684 2393 1730 2420 μοι
1745 2384 1856 2418 ὄφελος,

1061 2435 1109 2462 ἐὰν
1124 2434 1237 2470 γένηται
1253 2434 1267 2460 ὁ
1282 2433 1395 2468 οὐρανὸς
1411 2433 1514 2464 καινὸς,
1528 2432 1574 2458 καὶ
1590 2431 1625 2466 γῆ
1640 2431 1734 2466 καινὴ,
1752 2429 1813 2464 ἐγὼ
1830 2430 1858 2455 δὲ

1061 2480 1121 2510 ταῖς
1152 2478 1300 2514 ἁμαρτίαις
1339 2477 1557 2512 τιεπαλαίωμαι;
1592 2476 1606 2502 ὁ
1637 2474 1752 2511 οὐρανὸς
1780 2472 1858 2504 οἶκός

1058 2525 1144 2558 ἔστιν,
1157 2524 1212 2558 ἐγὼ
1223 2524 1250 2550 δὲ
1260 2524 1273 2549 ὁ
1283 2524 1461 2559 διαιτώμενος
1473 2523 1502 2549 ὲν
1514 2522 1599 2557 αὐτῷ,
1610 2522 1658 2548 καὶ
1673 2520 1772 2547 νοσῶν.
1791 2519 1858 2547 Ἐὰν

1061 2570 1154 2606 ἰατρὸς
1174 2571 1214 2602 είς
1237 2571 1286 2606 τὴν
1309 2570 1397 2596 οίκίαν
1416 2569 1463 2596 τοῦ
1490 2567 1695 2604 ἀρρωστοῦντος
1722 2566 1856 2598 εἰσέλθοι,

1061 2617 1108 2644 καὶ
1128 2617 1174 2643 τοῦ
1202 2617 1250 2652 μὲν
1265 2616 1394 2652 οὐδεμίαν
1407 2616 1536 2652 πρόνοιαν
1562 2613 1651 2646 λάὗοι,
1665 2611 1808 2639 λευκαίνει
1827 2613 1856 2638 6‘s

959 2774 1074 2803 ΝΟΤᾹΞ.

251 2857 306 2894 (22)
321 2858 398 2885 Colb.
409 2858 548 2894 natrépq't;

251 2893 308 2929 (25)
323 2894 408 2927 Idem,
420 2893 543 2927 ποίησον.

1098 2852 1156 2887 (24)
1171 2852 1277 2879 Coloss.
1295 2860 1335 2883 111,
1350 2851 1391 2883 10,
1409 2851 1453 2878 ubi
1470 2856 1559 2878 tamen
1573 2848 1767 2877 hodiecodices
1779 2856 1855 2875 11011-

1062 2889 1128 2916 nihil
1143 2888 1221 2915 aliter
1237 2887 1345 2914 habent.
1697 2893 1703 2896 ~
