1863 3064
213 168 270 201 863

794 169 928 200 PHOTII
945 169 1198 201 PATRIARCH/E
1213 170 1270 201 CI’.
1795 168 1837 201 Βῦί

215 223 330 252 Relictis
344 222 515 258 hominibus,
538 231 601 252 cum
621 223 754 252 creaturis
773 223 1006 254 irrationabilibus

1107 236 1127 259 ις
1139 227 1188 255 καὶ
1213 226 1271 258 τοῖς
1286 224 1395 259 ἀλόγοις
1423 224 1566 259 στοιχείοις
1583 224 1764 260 προσδιαλέγῃ
1776 233 1783 258 ;
1795 226 1840 253 Ναὶ

214 269 406 298 conversaris?
431 269 496 305 quin
527 269 734 298 irrationalibus
765 270 827 298 facti
859 276 925 299 sunt
936 272 1007 299 irra-

215 316 375 343 tionaliores
402 315 449 350 qui
480 315 588 353 ratione
611 316 740 351 gaudent,
769 322 797 344 et
818 324 874 344 non
897 323 1008 353 propter

219 362 283 389 illud
309 361 494 394 solummodo,
526 361 574 389 sed
597 366 624 389 et
641 362 705 396 quia
723 361 839 398 Moyses,
852 371 916 390 cum
933 363 959 390 in
975 371 1008 390 eo

217 412 290 436 esset
316 412 347 435 ut
373 408 435 436 illos
467 408 502 435 ad
528 412 629 435 terram
655 408 819 443 promissam
846 409 1004 443 deduceret,

216 452 306 480 futura
321 452 485 486 praevidens,
503 453 570 480 dicit
597 462 603 480 :
623 454 747 487 «Audite,
762 454 835 488 cceli,
856 459 883 482 et
897 455 1004 490 loquar,

216 501 335 531 attende,
355 503 439 532 terra,
459 499 549 527 verbis
572 500 628 527 oris
649 500 700 528 mei
712 501 746 528 ".
769 515 805 521 -
825 501 930 536 Adjuro
948 509 1008 534 vos,

216 545 283 572 dicit
313 545 439 580 Moyses,
480 553 530 580 per
556 546 655 573 celum
684 551 711 574 ct
743 551 864 580 terram,
883 548 955 583 quod
985 547 1009 575 si

219 591 333 626 ingressi
364 591 472 618 fueritis
499 591 527 618 in
555 596 655 619 terram
682 593 846 626 promissam
861 597 888 621 et
907 593 1008 621 dereli-

217 636 331 671 queritis
360 636 506 664 Dominum
541 637 645 670 Deum,
694 638 723 665 in
752 646 851 666 omnes
878 639 1006 667 nationes

217 682 486 717 dispergemini“.)
531 683 621 716 Venit!
643 692 708 719 ergo
733 684 847 719 "Isaias;
896 685 1010 721 jamjam

218 728 299 756 minae
324 734 385 756 actu
407 730 577 765 complendas
604 735 693 758 erant.
720 730 839 766 Moysem
852 737 1005 763 mortuum,

218 781 268 801 nec
298 774 359 802 illos
390 775 436 809 qui
471 780 536 803 tunc
563 776 707 804 audierant
738 784 801 804 eum
828 784 929 805 vocare
954 785 1008 805 non

220 825 329 856 potest;
348 821 484 856 reliquum
501 827 543 850 est
561 827 590 853 ut
611 827 752 853 creaturas
767 832 837 859 quas
851 828 879 851 et
894 824 920 851 in
938 825 1012 852 testi-

219 867 343 893 monium
361 868 468 895 vocavit
485 868 591 904 Moyses
606 874 695 900 vocet,
714 870 896 898 Attamenille
906 870 1009 905 Aaron,

1059 275 1154 309 φησίν·
1185 272 1279 308 ἐπειδὴ
1304 272 1360 298 τῶν
1390 271 1495 305 ἀλόγων
1521 270 1685 308 ἀλογώτεροι
1710 273 1840 306 γεγόνασιν

1058 321 1083 347 οξ
1103 319 1217 354 λογικοί.
1233 318 1289 346 Καὶ
1303 318 1333 344 οὺ
1347 317 1391 344 διὰ
1405 317 1483 344 τοῦτο
1515 317 1595 351 μόνον
1606 337 1613 348 ,
1629 316 1698 344 ἀλλὰ
1725 318 1770 343 καὶ
1783 317 1838 344 διότι

1061 365 1166 400 μέλλων
1180 365 1194 391 ὸ
1208 364 1329 399 Μωῠσῆς
1353 363 1474 397 εἰσάγειν
1489 362 1588 392 αὐτοὺς
1616 363 1655 396 εἰς
1670 362 1722 398 τὴν
1733 363 1782 397 γῆν
1795 363 1836 398 τῆς

1059 409 1226 445 ἐπαγγελίας
1239 409 1286 436 καὶ
1300 408 1425 444 προορῶν
1438 408 1472 434 τὰ
1493 408 1623 443 μέλλοντα
1646 408 1767 437 ἔσεσθαι.
1780 408 1840 435 οὕτω

1060 457 1118 489 πώς
1129 464 1222 492 φησιν·
1238 466 1247 482 ι
1256 457 1366 488 Ἄκουε,
1376 455 1486 492 οὐρανὲ,
1505 456 1552 482 καὶ
1560 455 1671 491 λαλήσω
1683 464 1690 469 ·
1702 456 1842 490 προσεχέτω

1060 502 1095 538 γῆ
1112 503 1213 537 ῥήματι
1225 501 1257 528 ὲκ
1271 501 1405 536 στόματός
1418 509 1480 536 μου.
1493 515 1528 521 ——
1539 500 1766 536 Διαμαρτύρομαι
1779 501 1841 534 ὑμῖι,

1061 548 1154 584 φησὶν,
1175 548 1307 581 Ἰουδαῖοι,
1317 547 1364 574 τδν
1377 547 1491 582 οὐρανὸν
1508 547 1554 573 καὶ
1566 546 1616 581 τὴν
1629 546 1694 581 γῆν,
1704 546 1841 580 ὁΜωῦςῆς*

1061 595 1102 621 ὅτι
1117 594 1165 620 ἰὰν
1179 594 1317 628 είσέλθητε
1343 594 1382 625 εἰς
1397 593 1445 627 τὴν
1466 592 1519 627 γῆν
1545 593 1594 627 τῆς
1617 591 1784 626 ἐπαγγελίας
1804 595 1843 618 xz".

1043 665 1049 670 _
1061 639 1265 675 ἐγκαταλίπητε
1279 639 1382 674 Κύριον
1397 639 1442 666 τὸν
1452 639 1530 672 Θεὸν,
1541 637 1801 672 διασκεδασθήσεσθε
1813 639 1845 669 είς

1062 685 1211 721 πάντα-τὰ
1229 685 1303 719 ἔθνη.
1325 695 1334 711 ι
1353 683 1439 711 Ἦλθε
1463 684 1554 711 τοίνυν
1573 684 1698 716 Ἡσαΐας·
1716 684 1845 720 ἔμελλενὴ

1062 731 1162 764 ἀπειλὴ
1178 731 1375 767 περατοῦσθαι·
1391 732 1441 758 οὐκ
1469 731 1586 764 ἠδύνατο
1617 731 1711 758 καλεῖν
1740 732 1846 758 Μωῡτέι

1060 777 1108 804 τὸν
1125 778 1174 813 ἤδη
1189 777 1351 812 τεθνηκότα,
1369 777 1430 803 οὐδὲ
1447 778 1512 809 τοὺς
1540 778 1599 804 τότε
1616 778 1779 812 ἀκηκοότας·
1795 778 1843 803 λοι-

1062 823 1114 850 πδν
1126 823 1161 850 τὰ
1178 825 1298 858 στοιχεῖα.
1311 823 1389 850 καλεῖ
1403 823 1474 859 ειπερ
1487 823 1743 859 διαμαρτυρόμενος
1766 824 1846 854 αὐτοῖς

1062 869 1155 897 ὶκάλιι
1185 870 1233 896 καὶ
1255 871 1269 897 ό
1294 870 1425 905 Μωῦσῆς·
1439 870 1526 896 καίτοι
1552 878 1584 904 γε
1607 871 1711 903 ἐκεῖνος
1737 871 1782 897 καὶ
1810 870 1847 896 τὸν

221 912 377 948 multosque
406 915 476 942 alios
506 915 534 942 in
560 916 746 944 testimonium
769 924 869 945 vocare
893 921 1010 952 poterat,

1107 916 1176 953 ιρὼν
1195 915 1312 952 ἠδύνατο
1337 916 1430 944 καλεῖν
1450 917 1489 948 εἰς
1503 917 1656 952 μαρτυρίαν
1673 917 1720 943 καὶ
1747 917 1848 947 πολλοὺς

222 958 271 986 sed
300 963 443 994 propterea
475 959 565 989 dicam
594 968 645 996 ego
670 970 724 990 non
741 962 833 991 vocari
858 962 920 993 illos
934 963 1009 998 quod

220 1004 346 1032 morituri
368 1009 457 1038 erant,
484 1014 534 1034 nec
554 1011 637 1035 testes
657 1007 837 1043 superfuturi,
860 1010 963 1044 etquis
978 1009 1011 1036 ad

221 1049 383 1084 injustitiam
417 1052 568 1080 inclinabat
597 1053 690 1082 Israel.
729 1054 824 1090 Itaque
848 1056 1012 1091 superstites

222 1101 363 1126 creaturas
379 1097 405 1127 in
430 1099 617 1127 testimonium
635 1107 717 1128 voco.
734 1100 781 1128 Sic
797 1105 824 1129 et
835 1100 920 1129 lsaias
936 1102 1012 1137 facit,

222 1149 278 1168 non
302 1146 407 1169 tantum
429 1149 540 1179 propter
562 1146 698 1182 exposita,
727 1147 775 1176 sed
789 1151 816 1176 et
829 1148 893 1182 quia
906 1147 1014 1178 Iudaeos

222 1186 369 1220 allocutus,
397 1193 425 1216 et
450 1189 511 1218 illos
538 1199 592 1218 non
620 1192 762 1220 audientes
791 1193 952 1228 inveniens,
980 1195 1014 1223 ad

222 1237 364 1261 creaturas
391 1241 453 1262 sese
463 1237 598 1264 convertit
624 1243 653 1265 et
681 1238 742 1266 illas
771 1239 799 1266 in
827 1240 1013 1269 testimonium

222 1285 315 1306 secum
337 1281 463 1308 assumit.
499 1283 609 1315 Audite,
628 1284 709 1318 coeli,
737 1292 786 1314 vos
816 1285 888 1313 enim
915 1294 1015 1314 manna

221 1325 364 1354 attulistis.
393 1327 515 1356 Auribus
541 1330 662 1365 percipe,
686 1336 770 1364 terra,
786 1336 815 1360 tu
832 1333 905 1361 enim
924 1338 1016 1361 cotur-

222 1371 312 1398 nicem
325 1372 433 1405 dedisti;
466 1375 569 1408 audite,
598 1376 671 1408 caeli,
688 1384 749 1412 qua!
760 1378 834 1406 enim
851 1383 918 1406 sunt
932 1387 1015 1414 supra

223 1422 350 1445 naturam
380 1419 433 1447 illis
460 1421 648 1450 ministrastis.
681 1422 799 1452 Sursum
816 1425 911 1452 eodem
934 1425 1016 1453 modo

223 1469 256 1490 ac
281 1463 393 1491 stabiliti
421 1464 521 1499 fuistis,
549 1467 750 1502 permansistis,
781 1473 809 1498 et
825 1469 941 1497 lormam
956 1470 1011 1498 cir-

223 1509 278 1537 euli
293 1517 348 1538 non
368 1512 486 1539 aversati
501 1514 580 1542 estis.
607 1514 730 1543 Auribus
747 1516 865 1551 percipe,
884 1522 969 1548 terra,
987 1522 1016 1544 tu

226 1555 312 1589 enim_
324 1555 453 1583 deorsum
485 1562 514 1584 et
528 1558 621 1586 cibum
634 1559 699 1592 illis,
716 1560 791 1587 nulla
808 1561 920 1589 illorum
941 1561 1017 1591 solli-

229 1601 350 1629 citudine
380 1602 553 1631 ministrasti.
569 1603 718 1640 Propterea
735 1606 805 1634 alius
824 1608 955 1643 propheta
969 1608 1015 1642 ¹⁶”,

225 1654 316 1682 regem
341 1647 476 1676 furentem
496 1650 603 1683 videns,
620 1651 692 1679 idola
707 1652 854 1685 colentem,
873 1653 959 1682 Deum
972 1654 1016 1682 in-

223 1692 305 1728 juriis
334 1700 556 1730 persequentem,
585 1697 710 1733 aliosque
739 1698 767 1725 in
793 1703 904 1734 peccato
915 1700 1014 1736 lapsos,

225 1739 259 1766 ad
276 1739 381 1766 nullum
403 1740 511 1768 illorum
525 1749 679 1770 sermonem
690 1743 765 1777 facit,
777 1745 825 1772 sed
841 1753 993 1774 conversus
1007 1754 1014 1773 :

224 1784 306 1819 Audi,
323 1786 422 1821 inquit,
444 1788 540 1821 altare,
564 1789 627 1816 audi
651 1797 704 1817 me.
721 1790 812 1823 Quare
825 1799 891 1827 ergo
899 1793 1016 1828 lapidem

225 1832 398 1868 alloquetur?
425 1833 463 1861 Ita
474 1843 550 1868 sane,
569 1835 669 1871 inquit,
686 1837 750 1872 quia
766 1846 812 1865 rex
829 1839 1017 1868 lnsensibilior

225 1877 269 1906 est
282 1880 383 1915 lapide.
397 1881 478 1916 Audi,
490 1883 587 1915 altare,
606 1883 665 1911 haec
676 1884 741 1912 dicit
752 1884 885 1913 Dominus
901 1895 908 1913 :
924 1891 951 1913 et
961 1891 1017 1913 sta-

226 1925 275 1953 tim
295 1931 405 1961 ruptum
429 1933 470 1956 est
496 1929 583 1957 altare
603 1935 632 1957 et
656 1930 799 1958 ell'ractum
813 1935 895 1959 estet
913 1931 1018 1959 eﬁluxit

226 1972 351 2006 victima;
369 1973 452 2002 homo
473 1980 564 2002 autem
587 1983 641 2003 non
659 1975 783 2010 audivit;
806 1977 854 2004 sed
870 1977 956 2004 tendit
969 1985 1017 2005 rex

226 2026 324 2046 manus
351 2023 382 2047 ut
407 2021 568 2056 prophetam
587 2026 705 2057 raperet.
746 2021 818 2049 Deus
841 2027 932 2049 autem
951 2023 1017 2058 quid

226 2063 311 2093 facit?
328 2064 437 2095 Manum
451 2066 525 2094 illius
540 2067 646 2095 aridam
661 2066 735 2095 fecit.
758 2064 821 2094 Non
837 2068 864 2094 in
883 2067 1017 2103 principio

228 2118 340 2138 manum
360 2111 434 2139 illius
450 2111 517 2140 fat-it
535 2112 652 2146 aridam,
676 2118 707 2141 ut
723 2113 822 2148 lapidis
838 2113 1018 2142 sensibilitate

228 2156 378 2191 sapientior
407 2158 542 2187 evaderet.
583 2158 698 2187 Volebat
721 2162 796 2187 enim
823 2159 911 2192 illum,
942 2161 1017 2189 nulla

227 2203 370 2238 punitione
393 2203 528 2238 adhibita,
558 2205 754 2240 sapientiorem
778 2205 846 2233 fieri.
886 2206 940 2235 Sed
953 2207 1016 2241 quia

228 2248 295 2283 lapis
308 2249 437 2278 ell‘ractus
459 2255 503 2278 est
519 2255 546 2278 et
575 2255 602 2278 tu
625 2250 657 2278 ad
677 2251 818 2279 meliorem
834 2259 947 2280 sensum
962 2260 1017 2280 non

227 2295 346 2328 rediisti,
358 2301 454 2324 contra
474 2301 501 2325 te
515 2297 592 2333 justa
612 2298 653 2327 ira
669 2305 714 2328 me
725 2303 894 2328 convertam.

282 2430 445 2465 QUASSTIO
465 2430 569 2466 CLXX.
601 2430 705 2465 [CoisL
727 2430 843 2466 cxcrx,
866 2431 949 2459 Taur.

527 2465 695 2494 CLXXXIX.
706 2466 717 2503 1

231 2542 296 2580 Qut;
316 2547 354 2580 est
369 2543 498 2577 puabola
520 2543 553 2571 de
565 2544 633 2578 ﬁlia,
656 2550 782 2580 paternas
797 2545 943 2580 [catellam
967 2545 1020 2573 sibi

266 2578 428 2640 υὶηάιὶεξιξιὲε,
454 2584 477 2606 et
500 2580 528 2606 in
543 2580 619 2616 longe
642 2578 766 2608 diuitum
789 2578 887 2608 terram
909 2581 1018 2616 pro/ici-

266 2621 347 2640 scene

261 2621 347 2640 arente

1063 962 1169 994 ἄλλους,
1192 962 1274 990 Ἀλλὰ
1289 963 1332 990 διὰ
1346 963 1436 995 τοῦτο,
1447 963 1530 999 φαίην
1545 963 1589 996 ἂν,
1604 964 1654 990 οὐκ
1669 963 1786 990 ἐκάλεσα
1795 962 1847 990 τού-

1063 1017 1127 1041 τους
1146 1029 1154 1041 ,
1190 1009 1339 1046 ἐπειδήπερ
1376 1009 1489 1044 ἔμελλον
1519 1011 1618 1037 ἐκεῖνον.
1654 1009 1783 1046 τελευτᾷν
1809 1010 1848 1036 καὶ

1066 1055 1104 1090 μὴ
1138 1056 1265 1090 παρεῖναι
1293 1055 1581 1092 μάρτυρες-ἐπειδὰν
1609 1057 1650 1087 εἰς
1681 1056 1846 1091 παρανομίαν

1064 1099 1227 1132 ὲξέκλινενό
1253 1101 1362 1137 Ἰσραήλ
1378 1110 1386 1117 ·
1403 1101 1444 1128 διὸ
1471 1101 1504 1128 τὰ
1534 1101 1648 1136 μένοντα
1675 1102 1793 1135 στοιχεῖα
1815 1102 1848 1131 εἰς

1066 1147 1220 1182 μαρτυρίαν
1259 1147 1345 1174 καλῶ.
1376 1147 1454 1175 Οὖτιν)
1494 1147 1541 1174 καὶ
1569 1147 1683 1178 Ἡσαΐας
1721 1148 1793 1173 ποιεῖ
1823 1146 1848 1171 οὐ

1064 1192 1109 1218 διὰ
1125 1191 1160 1218 τὰ
1176 1191 1309 1226 εἰρημένα
1327 1191 1417 1226 μόνον,
1435 1191 1504 1218 ἀλλὰ
1529 1192 1574 1218 καὶ
1594 1191 1689 1226 ἐπειδὴ
1709 1191 1849 1226 διαλεχθεὶς

1065 1238 1122 1268 τοῖς
1146 1236 1283 1268 Ἰουδαίοις
1303 1235 1366 1273 εὗρε
1383 1237 1420 1272 μὴ
1447 1236 1596 1268 ἀκούοντας
1625 1236 1720 1270 αὑτοῦ,
1749 1236 1795 1263 ἐπὶ
1822 1235 1851 1261 τὰ

1065 1283 1186 1317 στοιχεῖα
1216 1282 1361 1318 στρέρετειι
1377 1302 1386 1315 ,
1413 1282 1460 1310 καὶ
1500 1282 1643 1318 μάρτυρας
1675 1281 1851 1317 παραλαμβά-

1066 1336 1106 1356 νει
1135 1326 1218 1357 αὐτοῦ
1233 1336 1240 1343 ·
1257 1336 1267 1353 ι
1285 1327 1396 1360 Ἄκουε,
1423 1327 1521 1363 οὐρανέ
1537 1336 1544 1344 ο
1565 1337 1576 1354 ›
1593 1327 1625 1354 σὺ
1643 1327 1697 1363 γὰρ
1727 1328 1760 1353 τὸ
1775 1327 1853 1363 μάννα

1066 1373 1210 1410 ἧνεγκαςά
1222 1374 1428 1409 Ἐνωτίζου,γῆ·
1447 1383 1457 1399 ι
1473 1374 1505 1400 σὺ
1520 1374 1575 1410 γὰρ
1591 1373 1641 1409 τὴν
1653 1374 1855 1409 ὀρτυγομήτραν

1067 1419 1314 1452 ἔδωκαςάἌκουε,
1331 1419 1459 1455 οὺρανέιι
1475 1420 1510 1446 τὰ
1524 1420 1578 1456 γὰρ
1590 1419 1662 1455 ὑπὲρ
1675 1419 1758 1454 φύσιν
1773 1421 1856 1450 αὐτοῖς

1067 1466 1253 1502 ιχορήγησας’
1269 1466 1325 1494 ἄνω
1339 1467 1400 1494 καθ’
1410 1466 1438 1493 ὃν
1453 1466 1554 1502 τρόπον
1565 1467 1737 1502 ἑστερεώθης
1753 1467 1853 1502 ἔμενες,

1067 1512 1115 1539 καὶ
1127 1511 1243 1546 μίμησιν
1252 1511 1300 1547 οὺχ
1309 1511 1450 1547 ὑπερεῖδες
1457 1511 1569 1543 ἅλωνος·
1576 1521 1585 1538 ι
1597 1512 1755 1545 Ἐνωτὶζου,
1762 1513 1808 1548 γῆι
1816 1511 1855 1538 »σὺ

1068 1557 1122 1591 γὰρ
1139 1558 1214 1584 κάτω
1227 1555 1272 1592 ἧς,
1301 1557 1349 1585 καὶ
1367 1554 1507 1592 τράᾶεζαν
1532 1557 1624 1588 αὐτοῖς
1639 1558 1800 1592 παρετίθεις
1814 1556 1857 1583 σὺ·

1068 1602 1215 1638 τοσχέδιον.
1234 1602 1285 1631 Διὰ
1300 1603 1379 1630 τοῦτο
1392 1603 1440 1630 καὶ
1455 1603 1549 1639 ἓτιρος
1563 1603 1708 1639 προφήτης
1722 1603 1796 1639 ὁρῶν
1814 1603 1857 1638 βα-

1068 1647 1146 1676 σιλέα
1179 1649 1352 1684 μαινόμενον,
1385 1648 1420 1676 τὰ
1459 1649 1556 1677 εἴδωλα
1584 1649 1788 1685 λατρευόμινα,
1818 1648 1859 1675 τὸν

1067 1694 1133 1722 Θιὺν
1147 1695 1336 1730 ὐὸριζόμενον,
1350 1695 1414 1728 τοὺς
1433 1695 1532 1728 ἄλλους
1546 1696 1710 1730 ὲπτηχότας,
1731 1696 1801 1731 πρὸς
1815 1695 1858 1721 οὺ-

1066 1739 1129 1768 δένα
1143 1740 1244 1768 τούτων
1273 1742 1392 1769 ποιεῖται
1408 1740 1454 1768 τὸν
1468 1741 1557 1775 λόγον,
1571 1741 1629 1769 ἀλλ’
1656 1740 1853 1776 ἀποστραφεὶς,

1069 1785 1213 1819 Ἄκουσον,
1227 1786 1322 1821 φησὶν,
1339 1785 1542 1822 θυσιαστήριον,
1560 1787 1676 1814 ἄκουσόν
1693 1795 1759 1822 μου.
1774 1787 1807 1813 Τί
1821 1783 1859 1812 οὖν

1067 1831 1134 1867 λίθῳ
1150 1831 1262 1868 διαλέγῃ
1276 1841 1284 1866 ;
1296 1832 1360 1864 Ναὶ.
1384 1833 1479 1868 φησιν,
1494 1832 1588 1868 ἰπειδὴ
1605 1832 1679 1860 λίθου
1699 1832 1859 1866 ἀναισθητόα

1067 1872 1145 1912 τέρος
1156 1879 1171 1905 ὁ
1181 1878 1316 1914 βασιλεύς.
1333 1880 1477 1911 Ἄκουσον,
1491 1879 1696 1914 θυσιαστήριον·
1712 1880 1780 1907 τάδε
1795 1880 1859 1913 λέγει

1068 1924 1190 1960 Κύριος·
1215 1925 1263 1954 καὶ
1286 1924 1387 1956 εὐθέως
1412 1925 1525 1961 ἐσχίσθη
1539 1925 1570 1952 τὸ
1602 1925 1800 1961 θυσιαστήριον
1822 1925 1859 1951 καὶ

1068 1970 1174 2005 ἰρραγη
1191 1970 1239 1998 καὶ
1253 1970 1344 2006 ἐξέχεε
1373 1971 1422 2006 τὴν
1444 1970 1551 1998 θυσίαν·
1565 1971 1580 1998 ό
1598 1970 1627 1998 δὲ
1652 1970 1800 2005 ἄνθρωπος
1817 1971 1859 1996 οὐκ

1069 2017 1196 2052 ἤκουσεν⁴
1217 2017 1275 2043 ἀλλ’
1304 2017 1418 2044 ἐκτείνει
1445 2018 1493 2052 τὴν
1524 2018 1604 2053 χεῖρα
1627 2019 1642 2044 ὁ
1659 2017 1792 2052 βασιλεὺς
1822 2017 1859 2042 τὸν

1069 2063 1213 2099 προφήτην
1231 2063 1354 2098 ἁρπάσαι
1381 2063 1552 2099 βουλόμενος,
1566 2064 1580 2090 ό
1591 2063 1619 2090 δὲ
1634 2063 1700 2094 Θεὸς
1717 2064 1745 2089 τί
1775 2063 1859 2093 ποιεῖς

1069 2109 1203 2146 ἐξήρανεν
1218 2109 1300 2136 αὑτοῦ
1317 2109 1367 2145 τὴν
1384 2110 1474 2145 χεῖραο
1494 2109 1525 2136 οὐ
1540 2108 1662 2144 ξηραίνει
1679 2109 1708 2135 δὲ
1732 2107 1765 2140 ἐξ
1779 2107 1859 2144 ἀρχῆς

1068 2155 1151 2184 αὑτοῦ
1167 2155 1217 2192 τὴν
1231 2156 1322 2191 χεῖρα,
1337 2156 1381 2182 ἵνα
1396 2155 1434 2191 τῷ
1448 2156 1494 2182 τοῦ
1512 2155 1587 2182 λίθου
1616 2155 1697 2182 πάθει
1725 2153 1859 2190 σωφρονέ-

1070 2210 1165 2237 στερος
1179 2202 1300 2238 γένηται·
1332 2201 1458 2230 ἐϐούλετο
1478 2202 1532 2237 γὰρ
1559 2201 1640 2229 αὑτὸν
1662 2201 1728 2228 ἄνευ
1750 2202 1801 2236 τῆς
1828 2201 1859 2230 είς

1070 2247 1151 2274 αὑτὸν
1180 2248 1317 2279 κολάσεως
1338 2247 1565 2283 σωφρονισθῆναι·
1586 2247 1643 2274 ἀλλ’
1664 2246 1763 2282 ἐπειδὴ
1790 2245 1859 2273 καὶὸ

1072 2293 1146 2327 λίθος
1161 2293 1273 2330 ἐσχίσθη
1288 2294 1335 2322 καὶ
1348 2294 1382 2321 σὺ
1400 2294 1431 2320 οὐ
1448 2292 1617 2329 διωρθώθης,
1635 2293 1683 2319 ἐπὶ
1699 2292 1730 2319 σὲ
1748 2292 1800 2328 τὴν
1827 2292 1859 2318 6t-

1073 2340 1156 2367 καίαν
1169 2340 1253 2376 ὀργὴν
1270 2340 1437 2375 ἐπιστρέψω.

1338 2430 1508 2461 ΕΡΩΤΗΣΙΣ
1539 2429 1602 2458 Ρο’.

1075 2541 1123 2574 Τίς
1152 2541 1172 2575 ἠ
1185 2541 1342 2575 παραϐολὴ
1377 2541 1431 2568 τοῦ
1448 2541 1506 2575 τὴν
1527 2539 1677 2575 πατρικὴν
1690 2540 1859 2568 οὐσίαν-λιιι

1109 2577 1224 2610 δόντος,
1233 2576 1280 2603 καί
1291 2578 1336 2609 εὶς
1346 2576 1446 2611 χώραν
1459 2576 1716 2611 ἀποδημήσαντος
1723 2575 1859 2611 μακράνη

512 2707 639 2734 Editarum
656 2716 670 2733 a
688 2709 777 2734 Wolﬁo
790 2710 916 2740 trigesima
932 2710 961 2740 (l.
974 2715 996 2734 c.
1010 2716 1034 2740 p.
1047 2709 1102 2741 8H,
1112 2710 1168 2737 815,
1188 2710 1300 2736 Galland.
1314 2718 1339 2742 p.
1358 2711 1413 2742 751,
1425 2711 1480 2741 752,
1492 2717 1516 2735 u.
1529 2709 1570 2742 $6)

262 2794 311 2824 Illa
335 2802 369 2823 eo
391 2797 520 2831 pertinet,
543 2799 615 2834 quod
639 2799 776 2834 iustorum
802 2801 902 2828 cohors
925 2800 1015 2828 domi-

1106 2801 1168 2828 ’Ότι
1184 2803 1213 2828 sb
1230 2801 1322 2837 τάγμα
1342 2801 1398 2828 τῶν
1411 2801 1523 2829 δικαίων
1548 2801 1580 2828 οὐ
1596 2800 1720 2837 βούλεται
1734 2801 1778 2834 είς
1807 2800 1859 2826 Eae

262 2887 287 2905 "
296 2887 376 2916 Deul.
393 2897 479 2924 nam,
496 2890 523 2918 l.
566 2892 588 2908 ι·
606 2891 684 2919 Deut.
701 2900 762 2924 xxx.
785 2892 810 2919 l.
849 2892 882 2909 “‘
899 2890 932 2919 Ill
948 2891 1013 2928 Reg.
1031 2899 1092 2925 xm,
1110 2891 1134 2918 1.
1175 2893 1197 2909 ’⁷
1210 2891 1276 2920 Luc.
1293 2900 1337 2926 xv,
1352 2892 1395 2921 l3.
