1863 3064
114 209 163 240 869

535 209 584 239 AD
605 208 899 239 AMPIIILOCIIIUM
915 209 1087 245 QU/ESTIO
1103 209 1245 239 CLXXII.

1671 211 1723 242 870

109 264 132 290 εξ
150 263 237 298 βούλει
250 262 280 289 δὲ
295 262 341 289 καὶ
370 263 419 298 τὴν
437 263 604 298 περιστερὰν
620 264 690 298 μετὰ
702 263 734 290 τὸ
751 263 887 299 ξηρανθῆ-
903 268 925 295 Α
940 271 1034 291 sessus
1045 271 1065 290 ιιι

973 271 1034 291 ssus
1045 263 1078 290 nd
1093 263 1216 290 dextram
1232 262 1274 290 sui
1293 261 1382 290 Patris
1399 261 1587 290 deturbabitur
1602 263 1722 298 (interim

109 317 150 334 ναι
159 308 209 341 τὴν
221 308 271 342 γῆν
287 307 355 341 πρὸς
369 307 414 333 τδν
433 307 495 334 Νῶε
511 308 721 343 ἀναστρέψας-αν
731 317 737 324 ⁵
754 309 814 336 τότε
830 309 888 337 δια-

110 352 286 387 πορείτωσαν,
301 353 348 378 καὶ
362 354 386 379 εί
407 353 476 387 μετὰ
490 353 535 379 τὸν
548 353 667 389 ἄρρητον
683 355 729 382 καὶ
743 355 888 390 παρθένιον

108 398 192 440 τόκον,
218 397 314 433 ἀνδρὸς
328 398 438 432 ὁμιλίαν
459 399 475 433 ἡ
498 399 638 435 Παρθένος
661 401 835 436 ἔμελέτησεν.
857 402 888 428 Εἰ

107 444 132 470 δὲ
155 443 191 478 μὴ
214 443 273 470 κατ’
302 445 446 480 επιστολὴν
463 445 595 481 ἔγραφον,
621 447 730 479 πλείους
753 447 796 479 ἂν,
820 447 888 474 Θεοῦ

106 488 228 520 διδόντος,
241 489 289 520 τὰς
306 489 458 523 ἀποδείξεις
471 499 512 517 σοι
528 491 706 526 παρεθέμεθα
716 499 723 507 ’
733 491 790 518 ἀλλ’
806 492 887 519 ἱκανὰ

107 531 250 559 καὶταῦτα
273 530 313 564 οἷς
331 534 369 569 μὴ
386 535 455 569 μετὰ
472 535 521 570 τῆς
551 536 662 570 ἀγνοίας
682 536 730 563 καὶ
748 537 765 572 ἡ
785 536 887 565 διάνοια

106 578 307 612 προσαταωεετο.
337 580 377 607 Τὰ
392 580 414 607 δ’
438 581 523 615 ἄλλα,
546 581 618 617 ψυχῇ
643 583 691 610 καὶ
716 582 822 610 σώματι
841 583 887 619 ερ-

106 623 183 658 pauo.

938 309 964 336 in
991 313 1132 336 auctorum
1150 308 1239 342 capita
1264 307 1322 334 haec
1344 306 1511 342 blasphemia
1537 307 1723 342 convertatur)

937 358 964 380 ct
987 357 1048 388 post
1067 353 1159 381 δεουιί
1183 352 1459 383 consummationem,
1472 359 1536 379 cum
1556 352 1643 379 multo
1662 359 1727 386 pro-

939 399 1070 434 pinquius
1099 398 1138 426 illi
1169 398 1371 433 conjungentur
1394 397 1530 432 discipuli,
1547 405 1609 424 eum
1633 397 1668 424 ab
1692 397 1726 424 iis

938 453 1126 479 recessurum,
1147 449 1195 472 aut
1211 445 1294 472 Deum
1308 452 1362 472 non
1380 443 1495 471 ulterius
1509 444 1642 475 futurum,
1653 448 1727 478 post-

942 500 1024 526 quam
1051 492 1089 520 illi
1113 492 1237 519 homines
1255 495 1336 518 aetate
1352 490 1551 526 provehantur;
1567 494 1614 517 aut
1627 489 1728 517 docue-

942 538 1008 569 rint,
1035 543 1096 573 post
1120 537 1267 565 arefactam
1291 541 1391 564 terram
1423 536 1576 564 columbam
1608 535 1642 563 ad
1669 535 1727 562 Noe

942 583 1067 616 rediisse,
1087 588 1151 610 tunc
1177 582 1348 614 addubitem,
1374 589 1424 610 nec
1456 582 1584 617 impedio,
1606 589 1640 609 an
1666 585 1727 616 post

942 633 1050 664 partum
1068 628 1218 663 virgineum
1236 627 1466 662 inexplicabilem,
1482 628 1516 656 de
1532 627 1602 655 virili
1615 635 1728 655 consor-

105 669 141 696 tio
156 668 238 705 Virgo
261 671 434 706 cogitaverit.
456 672 534 706 Quod
554 673 577 701 si
594 681 648 701 non
665 674 809 709 epistolam
825 674 985 707 scriberem,
996 674 1087 709 plures
1098 673 1199 706 adhuc,
1211 679 1273 700 cum
1291 671 1364 699 bono
1397 672 1464 705 Deo,
1493 672 1541 700 tibi
1574 679 1726 706 repraesen-

106 720 189 743 ιιι-θυι
205 718 465 747 demonstrationes.
479 719 531 746 Sed
547 720 606 748 ista}
622 720 756 748 suﬁicient
773 721 843 749 satis
870 721 904 748 iis
923 721 1061 753 omnibus,
1077 720 1124 755 qui
1150 728 1205 748 non
1233 729 1287 748 una
1309 728 1371 749 cum
1395 721 1598 756 ignorantia,et
1628 719 1727 746 mentis

104 770 158 790 sua:
185 763 309 791 fecerunt
323 764 471 799 jacturam.
485 765 597 800 Caetera
630 766 726 794 Valeas
748 767 840 794 animo
866 770 893 794 et
912 773 1038 800 corpore.

358 864 526 892 ΕΡΩΤΗΣΙΣ
544 866 627 894 ΡοΒ¹.

370 955 439 989 Περὶ
456 955 608 989 προνοίας.

904 856 928 885 Β
979 864 1142 900 QUESTlO
1159 863 1287 892 CLXXII.
1312 862 1408 899 [ϐοίει.
1424 861 1490 889 CCI.
1505 860 1586 888 Taur.
1601 855 1716 893 CXCll.]

1221 954 1258 982 De
1272 953 1451 981 Providentia.

253 1066 321 1091 Edita
338 1075 351 1091 ι
369 1067 519 1092 liontacutio
532 1067 584 1098 (ep.
598 1067 624 1091 5|
638 1067 668 1092 ad
684 1067 766 1092 Taras.
780 1073 804 1097 p.
817 1065 900 1098 90-9ι,
918 1070 943 1092 et
955 1073 1052 1092 rursum
1066 1073 1079 1091 a
1095 1065 1165 1096 Maio,
1182 1067 1245 1091 Nov.
1259 1066 1319 1092 Coll.
1333 1069 1350 1091 t.
1371 1066 1389 1096 l,
1401 1073 1425 1097 p.
1445 1066 1569 1096 ιτι-ιτε).

130 1161 166 1188 α’.
190 1161 221 1188 El
238 1160 333 1196 μηδεὶς
346 1160 402 1187 τῶν
419 1160 596 1193 ἀδικούντων,
614 1161 662 1188 καὶ
675 1161 744 1192 ὅλως
758 1161 885 1195 ἁμαρτα-

98 1205 206 1238 νόντων,
223 1206 294 1232 κατὰ
307 1206 401 1240 χεῖρας
414 1203 470 1240 εἶχε
484 1204 638 1239 φθάνουσαν
651 1204 701 1240 τὴν
714 1204 802 1240 δίκην,
818 1205 886 1232 ἀλλὰ

98 1252 143 1278 καὶ
151 1252 253 1284 πάντες
261 1252 286 1278 οἱ
300 1251 349 1286 τῆς
363 1250 466 1286 ἀρετῆς
475 1250 655 1285 ὲργάται,τὺν
668 1250 724 1285 βίον
737 1250 844 1285 ἔτριϐον
857 1251 885 1277 ἐν

96 1295 271 1332 ταλαιπωρίᾳ
289 1316 297 1328 .
314 1297 365 1323 οὐκ
388 1295 421 1322 ἄν
441 1304 480 1322 σοι
505 1294 566 1322 λίαν
583 1296 691 1327 ἀτόπως
708 1295 723 1321 ό
738 1295 802 1330 περὶ
820 1304 886 1330 προ-

97 1342 167 1375 νοίας
181 1343 261 1376 λόγος
276 1341 505 1377 ὲχὼλευεν.Ὲπεὶ
528 1342 557 1368 δὲ
579 1340 672 1368 πολλοὶ
693 1341 741 1368 καὶ
763 1341 818 1368 τῶν
836 1342 885 1377 τὴν

97 1388 193 1414 κακίαν
219 1387 379 1422 μετιόντων,
403 1387 469 1422 παρ’
485 1386 571 1418 αὑτὰς
583 1387 633 1418 τὰς
653 1387 768 1423 πράξεις
792 1386 885 1422 ὤφθη-

97 1442 144 1460 σαν
160 1433 210 1466 τὰς
225 1434 302 1465 δίκας
316 1434 474 1466 δεδωκότες,
490 1434 537 1460 καὶ
555 1433 608 1460 τῶν
618 1433 702 1469 ἀρετῇ
715 1433 884 1469 ῥυθμιζομέ-

97 1487 146 1505 nov
158 1478 342 1510 εὐπαθοῦντὲς
357 1478 427 1504 εἰσιν
440 1477 620 1513 ἐγνωσμένοι,
636 1478 695 1510 πῶς
709 1479 759 1505 οὐκ
771 1478 884 1514 ἀνόητος

973 1161 994 1188 l.
1010 1161 1039 1188 Si
1055 1167 1135 1188 nemo
1150 1167 1262 1195 prorsus
1278 1159 1474 1194 improborum,
1493 1163 1521 1186 et
1534 1160 1654 1194 peccatis
1678 1167 1724 1194 pe-

938 1204 1013 1232 nitus
1036 1204 1187 1231 deditorum
1206 1203 1354 1231 vindictam
1373 1211 1429 1239 prae
1451 1204 1580 1231 manibus
1607 1211 1725 1239 praesen-

937 1253 991 1276 tem
1021 1249 1164 1281 haberent,
1180 1249 1226 1275 sed
1252 1248 1360 1277 virtutis
1384 1252 1557 1282 operatores,
1574 1247 1722 1274 universim

938 1302 1045 1327 onmes,
1060 1295 1141 1322 vitam
1166 1294 1343 1329 transigerent
1360 1301 1408 1329 per
1425 1294 1563 1326 miserias,
1582 1293 1652 1321 haud
1674 1293 1723 1320 ab.

939 1341 1021 1368 surde
1040 1341 1086 1368 tibi
1105 1341 1240 1368 videretur
1261 1341 1295 1368 de
1320 1340 1508 1376 providentia,
1536 1340 1605 1367 ratio
1625 1346 1723 1367 manca

937 1392 1020 1421 atque
1036 1387 1149 1420 mutila;
1170 1386 1217 1414 sed
1242 1394 1303 1414 cum
1320 1378 1428 1422 plurimi
1446 1394 1552 1419 eorum,
1568 1386 1614 1421 qui
1630 1393 1660 1414 se
1673 1393 1723 1413 ne-

937 1433 1032 1468 quitiis
1043 1433 1216 1467 dediderunt,
1231 1433 1258 1461 in
1272 1434 1331 1469 ipso
1343 1433 1526 1468 improbitatis
1541 1437 1616 1464 actuv
1629 1439 1723 1467 poenas

937 1477 1045 1505 dedisse
1072 1483 1285 1513 cognoscantur,
1306 1483 1334 1505 et
1359 1478 1406 1513 qui
1432 1478 1582 1505 secundum
1612 1477 1723 1504 virtutis

96 1523 113 1558 ἡ
126 1523 196 1551 κατὰ
214 1523 266 1558 τῆς
291 1523 420 1559 προνοίας
436 1523 561 1557 ὲπίνοιας
577 1523 609 1549 Et
626 1523 648 1549 δ’
663 1523 704 1550 ὃτι
730 1523 767 1558 μὴ
785 1523 884 1556 πάντες
897 1523 919 1555 C
937 1529 1057 1551 tenorem

973 1531 1057 1551 torem
1070 1528 1155 1552 semet
1168 1524 1375 1558 conﬁrmarunt,
1389 1531 1519 1559 prospere
1532 1524 1635 1551 vixisse
1649 1523 1723 1551 intel-

96 1570 212 1598 ἐνταῦθα
228 1570 387 1606 κομίζονται
402 1571 436 1598 τὰ
452 1571 589 1606 ἐπίχειρα,
607 1570 686 1598 τοῦτό
708 1580 737 1598 σε
763 1572 825 1598 κατ’
836 1572 882 1598 αύ-

96 1617 142 1652 τῆς
155 1616 322 1657 ἀνερεθίζει,
340 1616 396 1644 ισθι
406 1617 444 1648 ὡς
455 1616 488 1643 δι’
501 1614 539 1644 ὧν
557 1616 644 1651 ἔγνως
657 1617 725 1653 αὐτῇ
740 1617 883 1653 μάχεσθαι,

97 1663 194 1697 μᾶλλον
207 1662 295 1697 αὐτῆς
310 1663 509 1698 ἀνακηρύττεις
528 1664 550 1694 ί,
567 1664 636 1697 μετὰ
657 1663 707 1699 τῆς
733 1664 839 1698 σοφίας,
854 1663 886 1690 τὸ

95 1707 215 1744 ἄμαχον·
241 1709 265 1735 εί
278 1709 333 1744 γὰρ
346 1708 449 1741 πάντες
464 1709 493 1736 ὲν
506 1708 545 1744 τῷ
560 1708 607 1736 νῦν
631 1709 721 1742 αἰῶνι,
735 1710 760 1735 οἱ
775 1710 824 1745 μὲν
835 1709 885 1741 τὰς

96 1754 208 1786 εὐθύνας
223 1755 437 1790 είσεπράττοντο
448 1754 504 1782 τῶν
529 1754 732 1790 ἡμαρτημένων
748 1759 773 1787 ι,
797 1755 822 1781 οι
844 1755 882 1788 δὲ,

96 1799 136 1833 ιφ*
152 1798 193 1830 οἷς
207 1798 311 1826 εἴλοντο
324 1801 358 1826 τὰ
374 1799 488 1834 ἀμείνω,
502 1799 580 1835 δόξης
589 1800 637 1826 καὶ
646 1799 731 1834 τιμῆς
744 1799 884 1834 ἀπήλαυον

96 1844 141 1871 καὶ
151 1845 338 1880 εὐδαιμονίας,
353 1845 443 1880 μάτην
458 1853 488 1871 τε
511 1844 545 1872 ἂν
564 1845 596 1871 τὸ
615 1845 720 1872 ἐκεῖθεν
743 1845 883 1879 κριτήριον

96 1891 267 1926 συνειστήκει
292 1891 373 1926 (ὅπερ
397 1891 457 1917 ἐστὶ
479 1891 529 1925 τῆς
551 1891 682 1918 ἀνωτάτω
702 1889 772 1917 Θεοῦ
788 1890 883 1924 σοφίας

96 1935 140 1961 καὶ
151 1935 339 1970 κηδεμονίας),
360 1936 407 1962 καὶ
423 1935 511 1970 βίαιον
527 1935 614 1966 ἄλλως
627 1939 638 1953 ν
655 1935 703 1962 καὶ
723 1934 852 1961 ἀκούσιον
867 1935 884 1970 ὴ

95 1980 139 2006 τοῦ
156 1981 246 2008 κακοῦ
264 1981 338 2016 φυγὴ
350 1981 545 2008 ἀπεδείκνυτο’
566 1980 733 2013 δεδοικότων,
746 1979 784 2012 ὡς
799 1981 883 2014 εἰκὸς,

94 2025 148 2053 τῶν
161 2027 336 2063 πλημμελεῖν
351 2027 522 2061 ἐγνωκότων,
539 2027 589 2062 τὴν
615 2026 772 2062 παραυτίκα
797 2035 884 2061 τιμω-

97 2071 157 2106 ρίαν
169 2081 176 2088 ·
194 2073 242 2099 καὶ
257 2073 320 2108 οὐχὶ
338 2072 452 2108 γνώμης
476 2072 583 2108 ἀγαθῆς
603 2072 718 2107 αἱρέσει,
747 2067 833 2108 δειλίᾳ
855 2072 884 2099 δὲ

96 2119 195 2152 μᾶλλον
210 2119 266 2146 ἀπὸ
277 2119 327 2155 τῆς
348 2119 449 2151 κακίας
471 2119 677 2154 διαστοωμένων.
703 2118 785 2145 Ἀλλὰ
800 2127 832 2153 γε
851 2119 882 2154 δὴ

95 2164 140 2190 καὶ
155 2164 306 2200 μισθαρνίᾳ
321 2165 370 2191 καὶ
392 2165 441 2192 οὐκ
464 2164 565 2200 ἀρετῆς
582 2168 593 2182 ³
606 2184 613 2197 ,
629 2165 678 2199 τῆς
690 2165 792 2200 ἀρετῆς
806 2164 884 2198 ἐτύγ-

95 2217 173 2243 χανον
192 2210 227 2236 ἂν
240 2211 256 2246 ἡ
270 2211 401 2245 ἐργασία·
416 2211 464 2237 καὶ
476 2210 568 2237 οὐκέτι
580 2210 716 2245 διάκρισις
731 2210 785 2237 τῶν
800 2219 883 2237 σπου-

95 2253 174 2281 δαίων
189 2255 303 2282 καὶτῶν
316 2256 425 2290 φαύλων
444 2257 565 2290 ἐγεγόνει
578 2264 586 2271 ·
600 2256 661 2282 οὐδὲ
685 2256 742 2281 τισὶ
762 2256 822 2290 μὲν,
839 2256 881 2282 ἵνα

94 2299 142 2334 τῆς
162 2300 270 2327 ἐκεῖθεν
297 2300 399 2336 τύχωσι
420 2301 569 2336 βασιλείας,
595 2303 644 2329 καὶ
662 2303 704 2329 ἵνα
715 2302 883 2333 Δεσποτικὰς

96 2347 302 2382 συντηρήσωσιν
315 2347 436 2380 ἐντολὰς,
450 2349 468 2382 ἡ
481 2348 582 2383 ἀρετῆς
597 2348 708 2382 πρᾶξις,
726 2348 773 2374 καὶ
786 2348 803 2383 ὴ
816 2347 881 2374 ταύ-

95 2399 142 2426 της
161 2391 260 2427 χρῆσις
272 2391 302 2424 ἐξ
316 2392 415 2428 ἔρωτος
429 2392 513 2425 θείου,
539 2393 629 2419 τισὶδὲ
646 2393 689 2420 ἵνα
702 2393 748 2419 τὸν
759 2392 880 2428 παρόντα

95 2436 150 2470 βίον
165 2438 196 2464 ὲν
210 2437 359 2465 ἀπολαύσει
369 2438 516 2466 διανύσωσι
534 2439 581 2466 καὶ
594 2439 763 2474 εὐδαιμονίᾳ.

936 1571 1068 1606 ligantur,
1082 1570 1194 1598 omnino
1207 1578 1318 1598 necesse
1329 1574 1372 1598 est
1392 1574 1422 1597 ut
1437 1570 1552 1597 stultum
1562 1570 1598 1597 sit
1611 1569 1722 1604 obloqui

935 1615 1125 1644 Providentiae.
1141 1616 1218 1650 Quod
1233 1617 1256 1644 si
1276 1617 1341 1644 illud
1357 1621 1382 1644 te
1395 1621 1490 1644 contra
1506 1624 1566 1644 eam
1582 1616 1722 1649 stiimrlat,

935 1663 999 1698 quia
1015 1671 1069 1690 non
1083 1662 1266 1691 indiﬂ’erenter
1282 1671 1375 1690 omnes
1392 1663 1442 1690 hac
1456 1663 1482 1690 in
1503 1663 1557 1690 vita
1574 1663 1725 1698 percipiant

936 1710 1031 1737 merita
1049 1717 1110 1742 sua,
1126 1708 1198 1737 scias
1211 1714 1327 1744 oponet,
1345 1714 1371 1737 te
1391 1718 1438 1744 per
1453 1709 1480 1737 id
1498 1717 1552 1744 quo
1565 1714 1660 1737 contra
1675 1710 1723 1737 de-

935 1764 1058 1791 pugnare
1070 1756 1143 1783 illam
1159 1759 1239 1789 reris,
1257 1756 1298 1783 vel
1316 1755 1434 1782 maxime
1451 1756 1572 1790 ejusdem
1586 1756 1640 1782 vim
1655 1756 1723 1782 irre-

935 1801 1081 1829 sistibilcm
1095 1806 1122 1829 et
1139 1802 1302 1836 sapientiam
1322 1801 1470 1828 celebrare.
1484 1800 1573 1834 Certe,
1590 1801 1612 1828 si
1627 1808 1723 1828 omnes

935 1855 983 1881 per
994 1852 1153 1882 praesentem
1172 1847 1266 1880 vitam,
1284 1847 1325 1875 vel
1341 1847 1473 1873 rationem
1489 1847 1600 1873 reddere
1615 1846 1647 1873 de
1659 1854 1722 1881 pec-

935 1893 1003 1921 catis
1027 1898 1200 1928 cogerentur,
1217 1893 1259 1920 vel
1288 1901 1320 1920 cu
1342 1892 1415 1927 quod
1445 1893 1585 1919 meliorem
1615 1897 1719 1926 partem

936 1938 1036 1966 fuerint
1061 1938 1189 1973 amplexi,
1215 1938 1341 1974 gloriam,
1361 1939 1503 1969 honorem.
1527 1938 1721 1965 beatitudinem

935 1985 979 2013 hic
994 1989 1215 2020 assequerentur,
1229 1984 1343 2012 omnino
1356 1983 1458 2011 frustra
1471 1983 1595 2011 futurum
1612 1983 1722 2018 aliquod

932 2029 1065 2065 judicium
1097 2033 1303 2064 exspectaretur
1332 2028 1415 2064 (quod
1442 2033 1531 2056 tamen
1557 2036 1572 2055 a
1595 2036 1722 2063 suprema

934 2074 1067 2109 sapientia
1092 2079 1118 2102 et
1143 2081 1209 2101 cura
1231 2074 1323 2101 divina
1343 2074 1514 2110 ordinatur);
1533 2074 1579 2102 sed
1611 2074 1722 2109 insuper

933 2120 1082 2147 violentum
1103 2119 1167 2155 quid
1190 2123 1218 2147 et
1239 2120 1398 2147 coaclitium
1422 2120 1578 2154 videretur,
1606 2127 1621 2147 a
1649 2120 1720 2147 malo

937 2165 1122 2198 abstinuisse;
1154 2165 1177 2193 si
1211 2166 1355 2193 horrerent
1372 2166 1561 2200 delinquentes
1576 2174 1591 2193 e
1607 2166 1720 2201 vestigio

935 2218 1167 2246 semperscquens
1179 2216 1207 2238 et
1220 2211 1362 2239 adhaerens
1376 2212 1559 2246 supplicium;
1572 2219 1627 2247 quo
1639 2216 1720 2246 pacto

934 2257 1020 2289 ﬁeret,
1040 2261 1069 2284 ut
1091 2265 1144 2284 non
1168 2257 1201 2284 de
1216 2257 1348 2285 electione
1365 2258 1485 2285 melioris
1498 2258 1651 2289 sententiae,
1672 2257 1720 2284 sed

933 2308 1005 2330 metu
1027 2303 1129 2337 potius,
1153 2307 1180 2330 et
1201 2303 1354 2336 timiditate,
1370 2311 1384 2330 a
1400 2303 1471 2330 malo
1490 2293 1693 2330 deterrerentur
1711 2311 1719 2329 :

933 2347 1038 2375 accedit
1062 2347 1135 2382 quod
1160 2348 1269 2376 virtutis
1283 2348 1415 2382 operatio,
1431 2356 1484 2375 non
1506 2355 1540 2375 ex
1556 2347 1649 2382 aliquo
1664 2348 1721 2375 vir—

934 2393 1000 2420 tutis
1026 2397 1162 2428 respectu,
1178 2393 1226 2420 sed
1243 2393 1376 2421 mercedis
1393 2394 1492 2420 intuitu
1515 2393 1718 2428 susciperetur;

935 2439 1009 2465 nulla
1037 2438 1171 2465 bonorum
1185 2446 1199 2465 a
1214 2439 1448 2466 malisdistinctio
1463 2444 1628 2467 statueretur
1646 2448 1652 2465 :
1672 2439 1718 2466 sed

95 2492 143 2512 nec
160 2486 367 2520 aquibusdatn,
388 2491 417 2514 ut
436 2494 550 2521 regnum
586 2486 718 2515 cmlorum
749 2492 964 2521 consequantur,
1002 2491 1049 2514 aut
1073 2492 1104 2514 ut
1139 2487 1230 2514 divina
1258 2486 1385 2514 mandata
1410 2486 1582 2518 custodiant,
1612 2486 1720 2512 virtutis

93 2537 182 2566 actus,
209 2533 387 2569 ejusdemque
412 2534 541 2570 frequens
562 2542 628 2562 usus
649 2541 681 2561 ex
708 2541 800 2561 amore
823 2534 882 2566 Dei,
903 2535 1153 2569 proﬁciscerentur,
1181 2534 1289 2569 quidam
1318 2538 1407 2562 autem
1434 2535 1461 2561 in
1487 2542 1549 2561 eum
1580 2534 1659 2561 linem
1693 2533 1719 2561 id

94 2584 214 2614 agerent,
240 2586 271 2608 ut
293 2582 435 2617 praesentis
450 2583 511 2609 vitae
532 2589 642 2610 cursum
667 2581 786 2609 suaviter
819 2583 1014 2614 transmittant,
1028 2587 1055 2609 ct
1068 2583 1155 2609 beate.

129 2647 162 2681 β’.
173 2647 278 2679 ’Δλλως
285 2656 314 2674 τε
327 2648 375 2674 καὶ
382 2647 413 2675 τὸ
425 2649 534 2676 πάντων
542 2648 694 2680 καλλιστον,
702 2647 764 2680 τοὺς
774 2647 884 2682 ἀγῶνας
973 2649 1000 2676 2.
1014 2649 1065 2677 Ultt

973 2649 1000 2676 9..
1014 2649 1135 2677 Ulterius
1153 2653 1244 2677 autem
1269 2649 1295 2676 id
1312 2649 1382 2684 quod
1411 2649 1490 2684 longe
1504 2648 1718 2684 pulcherrimum

96 2690 166 2726 λέγω
181 2691 225 2726 ἐφ’
240 2690 281 2724 οἷς
296 2692 322 2719 οἱ
344 2692 444 2720 δίκαιοι
463 2693 579 2728 μαλιστα
595 2692 788 2728 στεφάνοῦντα,
805 2694 881 2720 ἀναι-
934 2699 987 2727 est,
1005 2695 1065 2722 nimi

973 2714 987 2727 .,
1005 2695 1132 2723 nimirum
1159 2696 1320 2729 certantium,
1346 2699 1455 2730 propter
1473 2703 1534 2731 qua:
1557 2694 1630 2723 adita
1652 2694 1719 2730 justi

737 2781 854 2814 VABIAE
874 2783 1075 2814 LECTIUNES.

138 2876 254 2915 ‘blaius
270 2878 480 2914 ἀνακηρύτταις.
520 2884 533 2898 ιι
552 2877 817 2915 Μ.ἁμαρττ,μάτων.
872 2883 885 2896 ‘
904 2877 990 2910 ἄλλως
1023 2877 1100 2906 deest
1129 2877 1156 2906 in
1187 2877 1269 2906 Maio.
1288 2891 1294 2895 υ
1326 2878 1385 2906 ’M.
1409 2879 1555 2915 μισθαρνία
1589 2880 1636 2908 καὶ
1667 2879 1717 2907 οὐκ

98 2909 195 2947 ἀρετή.
