1863 3064
142 191 192 224 871

713 183 844 214 PIIOTII
862 181 1114 214 PATRIARCIL’E
1121 205 1123 207 .
1130 182 1182 212 CP.

1704 182 1754 214 872

143 251 319 278 coronantur,
333 243 501 274 tollerentur,
512 241 535 269 si
546 247 626 268 nemo
643 247 756 274 prorsus
768 239 850 274 hujus
864 239 924 266 vita:

1015 238 1088 270 ὄντος
1099 239 1157 265 ἐστι
1171 237 1202 265 τὸ
1218 238 1320 274 μηδένα
1338 237 1440 264 τούτων
1455 237 1599 272 βουλεσθαι
1617 239 1671 270 τοῖς
1690 246 1757 274 παρ-

142 294 260 323 miseriis
286 296 312 319 et
336 289 539 318 calamitatibus
556 286 771 315 conﬂictaretur.
790 285 844 313 Nec
868 287 924 312 haec

142 346 246 369 tantum
256 338 361 370 dixero,
377 336 425 364 sed
446 333 571 369 adjiciam
588 333 614 360 id
628 332 699 367 quod
713 332 787 358 nttlla
805 331 838 358 de
853 331 926 366 prio-

140 387 216 414 tibus
232 381 516 412 detnonstratiOnibus
530 384 571 407 est
587 378 743 410 invalidius,
756 383 828 404 esset
842 377 894 403 hoc
911 384 926 404 a

141 432 196 458 Deo
208 430 253 466 qui
263 428 426 464 supplicium
436 431 559 461 angeret,
569 429 595 451 et
603 423 791 451 vehementius
802 423 829 449 in
838 422 927 449 delin-

140 481 255 512 quentes
266 475 305 502 ira
318 473 541 501 exeandesceret.
557 469 635 503 Quod
648 475 794 503 utrumque
807 468 925 494 alienum

141 527 182 550 est
197 530 212 549 a
227 521 318 548 divina
336 519 476 550 bonitate;
492 517 561 544 velle
579 516 652 544 enim
668 523 785 543 coronas
806 514 925 547 auferre,

141 573 168 595 et
186 574 292 603 ptenam
309 563 461 592 machinari
477 563 682 591 acerbissimam
697 582 703 594 ,
729 568 846 596 eamque
868 560 928 588 sine

141 614 344 644 alleviamenlo,
361 610 519 645 longissime
536 608 638 636 recedit
655 615 670 635 a
686 608 758 634 bono
772 606 927 634 moderato-

142 661 179 688 ris
192 659 303 692 animo;
322 657 378 684 fleri
392 657 464 684 ettim
490 663 544 682 non
564 658 664 690 potest,
676 654 741 688 quin
763 652 926 688 supplicium

141 711 236 732 contra
253 707 399 739 peccantes
415 700 582 729 inexorabile
599 700 636 727 sit
665 703 797 726 statutum
812 718 819 730 ,
844 703 871 725 et
899 698 926 725 in

141 751 256 779 solidum
274 758 349 777 mera
366 747 544 776 vindemiatio
555 751 716 781 praeparata,
737 753 799 771 cum
817 745 843 770 in
868 748 928 770 tan-

142 803 198 826 tum
211 796 324 824 ebulliat
336 793 524 824 beneficentia,
542 797 571 818 ut
585 792 667 818 liceat
680 791 714 818 iis
724 790 770 825 qui
787 790 927 816 ltonestius

142 845 258 872 vixerint
270 847 297 870 et
308 841 451 876 {ra-sentis
465 840 526 866 vitae
541 838 680 871 felicitate,
696 841 722 864 et
734 836 834 864 futuris
849 836 927 863 bonis

142 890 256 926 perfrui.
276 889 328 922 Qui
349 896 413 914 vero
427 894 485 913 non
499 887 534 912 ita
546 888 749 919 comparantur,
766 883 854 910 locum
870 889 926 916 pm-

977 285 1036 311 οὗσι
1047 286 1137 316 πόνοις
1150 283 1424 318 ὲνταλαιπωρεῖσθαι.
1436 284 1472 310 οὑ
1483 283 1563 319 μόνον
1577 284 1615 314 δὲ,
1627 284 1693 311 ἀλλὰ
1703 287 1757 319 καὶ,

976 329 991 354 ὃ
1003 329 1057 356 τῶν
1072 329 1225 365 εἰρημένων
1239 329 1345 360 οὐδενὸς
1357 329 1396 359 είς
1407 328 1544 362 ἀπόδειξιν
1557 329 1756 365 ἀσθενέστερον,

977 374 1103 406 αὔξοντος
1122 376 1179 401 ἐστι
1198 375 1247 411 τὴν
1282 375 1419 411 τιμωρίαν
1442 376 1490 401 καὶ
1514 374 1758 410 ὑπεροργιξομένου

977 421 1047 448 κατὰ
1067 421 1120 447 τῶν
1157 421 1379 456 ἁμαρτανόντων.
1394 418 1445 447 τΩν
1468 420 1600 455 ἑκάτερον
1625 419 1759 456 ἀλλότριον

977 467 1026 501 τῆς
1039 465 1085 492 τοῦ
1097 465 1165 492 Θεοῦ
1183 466 1402 501 φιλανθρωπίας.
1416 466 1454 492 Τό
1475 474 1505 492 τε
1533 466 1588 501 γὰρ
1615 466 1760 500 στεφάνους

978 511 1115 547 ἀφαιρεῖν,
1128 512 1175 538 καὶ
1188 511 1219 538 τὸ
1236 512 1404 548 πικροτάτην
1428 511 1475 538 καὶ
1497 511 1616 546 ἄκρατον
1639 512 1760 547 μηχανᾶ-

979 557 1040 583 σθαι
1054 558 1200 593 τιμωρίαν,
1217 557 1312 593 πόῥρω
1337 557 1490 592 καθέστηκε
1519 557 1568 592 τῆς
1589 557 1760 591 άγαθοειδοῦς

977 602 1150 634 ἐπιστασίας,
1164 602 1221 634 πῶς
1242 603 1264 628 δ’
1280 602 1330 629 οὒκ
1355 602 1388 629 ἂν
1416 601 1459 638 εἴη
1484 603 1539 634 τοῖς
1564 603 1761 637 ἁμαρτάνουσιν

979 648 1083 684 σφόδρα
1100 649 1148 675 καὶ
1160 648 1359 683 ἀπαραίτητος,
1372 648 1418 675 καὶ
1432 648 1492 674 ὅλον
1512 648 1629 683 τρυγίας
1648 649 1762 683 ἄκρατος

978 695 995 729 ἡ
1010 694 1130 728 τιμωρία
1159 694 1259 729 τρόπον
1273 695 1334 720 τινὰ
1357 694 1617 729 παρεσκευασμένη,
1633 694 1698 720 ὅταν
1718 695 1762 720 ἐπὶ

978 738 1104 765 τοσοῦτον
1126 738 1176 774 μὲν
1195 738 1359 773 ὑπέρὸλυσις
1414 738 1463 772 τῆς
1483 738 1644 772 εὐεργεσίας
1658 757 1666 770 ,
1695 737 1761 764 ὥστε,

979 785 1039 818 ἐξὸν
1058 785 1169 820 ἄμεινον
1183 782 1320 819 βιοῦντας,
1338 785 1386 810 καὶ
1399 784 1448 818 τῆς
1464 783 1590 810 ἐντεῦθεν
1603 784 1761 816 εὐπαθείας,

979 832 1025 858 καὶ
1037 831 1091 857 τῶν
1104 830 1208 858 ἐκεῖθεν
1222 830 1332 864 ἀγαθῶν
1347 829 1505 862 ἀπολαύειν,
1533 830 1590 861 τοῖς
1604 829 1632 856 δὲ
1652 830 1706 856 οὐδ’
1719 830 1762 855 οὖ-

978 884 1040 907 τως,
1060 875 1121 902 ἀντὶ
1136 875 1190 901 τῶν
1206 874 1345 910 χειρόνων,
1362 874 1468 909 αἵρεσις
1482 874 1573 900 ἔπεισι
1599 875 1653 901 τῶν
1673 883 1761 910 κρειτ-

143 944 239 964 narum
256 935 330 963 subit
351 933 526 969 prtemiorum
551 930 662 957 ablatio.
692 929 827 962 Quocirca
853 927 924 962 qttod

1015 929 1078 955 mw;
1091 921 1173 947 Ὥστε
1189 921 1230 953 τὸ,
1247 920 1285 956 μὴ
1300 921 1404 951 πάντας
1419 920 1482 951 τοὺς
1498 919 1660 951 σπουδαίους
1671 919 1762 946 ὲνταῦ-

143 991 196 1009 non
214 988 311 1008 otnnes
322 979 373 1006 viri
390 978 466 1013 probi
478 977 511 1004 ad
524 977 689 1004 voluntatem
702 983 745 1002 res
756 975 800 1002 hic
815 973 926 1000 aﬂlt'ten—

143 1034 182 1055 tes
200 1027 300 1054 habent
314 1033 321 1058 ;
337 1032 387 1051 nec
404 1023 520 1058 improbi
537 1029 633 1048 ontnes
650 1019 769 1047 miseriis
786 1018 926 1046 involvan-

144 1080 198 1106 tur,
214 1078 350 1099 summam
365 1070 439 1097 cirea
458 1069 605 1095 humanum
630 1073 715 1100 genus
732 1064 778 1092 Dei
806 1071 925 1091 amorem

142 1118 267 1146 enuntiat
293 1115 580 1152 procurationetnquc.
612 1111 674 1139 ideo
704 1111 746 1138 ltie
777 1111 928 1146 puniuntur

142 1164 253 1200 quidam
276 1162 350 1195 boni,
369 1166 398 1187 ut
429 1159 538 1186 coronis
558 1158 684 1192 deinceps
705 1156 883 1186 redimantur.
898 1160 928 1182 ut

142 1209 228 1244 magis
241 1208 274 1235 ad
287 1206 389 1234 amoris
406 1205 453 1231 Dei
468 1203 674 1230 admirationem
689 1202 851 1232 excitentur,
865 1207 927 1227 eutn

142 1256 183 1283 vul
193 1243 246 1290 per
261 1253 451 1280 tribulationes
469 1243 599 1284 appareat
610 1253 637 1274 et
656 1246 818 1273 efflorescat.
833 1245 862 1272 Si
877 1253 928 1272 att-

142 1309 195 1330 tem
205 1306 232 1329 et
243 1300 309 1327 illud
327 1298 374 1325 tibi
388 1296 500 1327 arridet,
512 1294 584 1329 quod
598 1294 706 1321 divinus
718 1293 818 1320 Paulus
834 1292 927 1323 habet.

143 1347 289 1383 adjiciam;
306 1346 336 1371 lit
355 1344 420 1371 hinc
442 1345 518 1368 utne
532 1339 614 1366 nimis
633 1339 782 1365 efferamur
800 1337 861 1372 ipsi,
879 1345 928 1365 nec

144 1382 230 1420 multo
239 1389 402 1426 quibusdam
413 1387 555 1414 videantur
568 1384 751 1418 angustiores,
762 1391 842 1418 quant
856 1382 928 1417 quod

145 1437 233 1466 oculis
253 1439 431 1470 usurpantur.

179 1484 205 1511 5.
221 1483 262 1509 Tu
280 1481 345 1508 mibi
364 1481 445 1507 etiam
462 1484 484 1503 et
504 1477 571 1503 illud
591 1476 690 1510 cogita,
703 1475 724 1501 si
742 1475 840 1510 piaret.
855 1473 929 1508 quod

144 1537 206 1556 ettnt
224 1527 340 1556 summis
356 1530 382 1552 et
393 1525 502 1558 quidem
526 1520 741 1549 defaecatissitnis
759 1519 867 1545 virtutis
882 1526 930 1545 vo-

144 1574 297 1609 luptatibtts
313 1570 416 1606 perfusi
435 1569 514 1604 quasi
540 1568 687 1598 luxuriant,
713 1573 761 1600 par
775 1570 800 1591 et
821 1571 928 1598 :equum

146 1621 238 1654 fuerit,
255 1623 284 1646 ut
297 1617 370 1653 potio
381 1616 453 1644 velut
468 1616 669 1649 constringens,
681 1616 707 1639 et
719 1611 877 1645 eonstipans
895 1610 928 1637 iis

145 1668 356 1703 propinaretttr,
385 1665 436 1690 hoc
469 1666 510 1688 est
543 1666 573 1687 ut
603 1660 718 1687 subeant
752 1657 927 1689 :tfllietiones;

145 1718 286 1750 praeterea,
308 1718 341 1738 eo
358 1710 429 1745 quod
449 1707 541 1736 divina
561 1706 646 1741 gratia
670 1704 756 1732 tnulto
774 1703 860 1737 magis
883 1710 930 1737 per

145 1749 266 1795 ipsorum
283 1755 456 1784 infirmitates
473 1752 614 1783 elucescit,
641 1755 668 1778 et
682 1751 796 1778 habetur
812 1749 930 1776 admira-

145 1805 222 1833 tiOtti.
238 1803 309 1836 Quin
326 1801 440 1829 ulterius
455 1799 487 1827 ad
504 1801 721 1835 consummatam
738 1795 864 1830 nequitiae
880 1802 929 1830 pu-

144 1851 324 1878 defaetionem
341 1852 369 1875 et
384 1846 596 1882 depressionem,
609 1851 670 1870 cum
686 1842 732 1877 qui
749 1841 927 1868 certaminum

143 1904 255 1924 suorum
277 1899 303 1922 et
318 1893 499 1922 lentationum
523 1890 670 1918 sudoribus
692 1887 837 1919 diﬂluunt,
863 1886 929 1913 nihil

144 1944 177 1970 ιίε
189 1941 298 1969 virtutis
317 1939 420 1967 tenoris
437 1936 612 1967 remiserint,
638 1941 688 1961 nec
714 1932 826 1959 mollitie
851 1930 929 1958 fracti

145 1988 256 2019 fuerint,
273 1985 420 2020 quominus
447 1983 548 2010 inirent
560 1981 780 2009 colluctationem
795 1988 801 2005 :
815 1978 861 2005 scd
880 1985 930 2005 nec

145 2031 386 2061 iuiliscriminatim
401 2037 496 2057 omnes
510 2033 538 2056 et
553 2027 718 2054 tentatioues
739 2024 928 2052 transmittan-

146 2086 200 2110 tnr,
217 2085 250 2105 ne
264 2076 311 2111 qui
323 2079 387 2103 sunt
401 2074 578 2106 inﬁrmiores,
591 2071 803 2107 cogitationibus
814 2075 929 2097 contur-

146 2127 241 2152 bentur
260 2123 293 2149 de
316 2120 506 2156 providentia;
521 2117 708 2152 itnproborum
728 2116 809 2142 etiam
832 2114 927 2149 aliqui,

145 2169 191 2203 qui
211 2167 338 2194 nimirum
356 2171 410 2192 tam
427 2163 575 2191 enormiter
592 2169 647 2189 non
662 2161 845 2195 deliquerunt,
869 2158 929 2185 ideo

145 2216 300 2250 plectuntur
313 2232 321 2244 ,
351 2215 379 2238 ιιι
407 2215 556 2245 purgentur
572 2208 694 2242 ipsorunt
713 2205 824 2237 sordes;
845 2204 928 2239 aliqui

144 2265 235 2288 autem
248 2259 280 2285 ad
293 2257 479 2285 extensionem
501 2254 587 2289 magis
598 2252 723 2280 acerbam
739 2251 851 2278 rationis
868 2251 929 2278 red-
942 2265 968 2294 Ι)

144 2306 238 2334 denda:
252 2305 316 2332 olitn
328 2311 422 2330 eorum
437 2308 497 2336 qua:
513 2301 539 2327 in
554 2300 608 2327 vita
623 2302 760 2333 patrarant
774 2297 864 2331 impie,
874 2304 929 2331 quo

145 2350 227 2376 etiam
238 2350 291 2375 line
301 2346 501 2381 insipientiores
512 2343 710 2379 persentiscere
720 2347 830 2377 queant,
842 2349 930 2376 quan-

147 2401 204 2422 tum
219 2395 282 2422 odio
295 2399 338 2420 est
348 2391 508 2426 improbitas
521 2389 587 2416 Deo.
600 2389 659 2416 Non
677 2396 772 2415 omnes
787 2386 879 2423 perm,
896 2395 929 2414 ne

147 2440 224 2467 liberi
238 2438 344 2466 arbitrii
371 2437 492 2464 studium
509 2439 536 2462 et
557 2434 690 2461 industria
702 2454 709 2465 ,
731 2433 831 2460 frttstra
846 2433 930 2459 fuisse

146 2485 297 2513 adhibitum
325 2482 522 2511 convincatur;
547 2483 576 2506 nt
594 2478 736 2514 potestatis
765 2486 825 2512 quae
853 2477 929 2504 adest

148 2531 265 2565 puritas,
280 2526 513 2561 etimpermistio,
530 2525 610 2552 simul
633 2524 824 2551 eumutilitale
843 2523 931 2549 mani-

148 2576 273 2605 festetnr.
288 2581 348 2608 qua:
360 2572 473 2598 resultat
486 2571 521 2598 ab
534 2570 632 2597 divinae
648 2569 714 2603 legis
726 2569 931 2601 observatione;

147 2625 179 2648 de
188 2629 241 2655 qua
251 2620 360 2654 quidem
372 2618 561 2644 observatione
571 2615 703 2650 judicium
720 2619 826 2649 oportet
837 2621 934 2642 omnes

147 2674 172 2695 ct
190 2667 311 2701 singulos
331 2664 422 2692 subire
445 2663 471 2696 in
496 2662 589 2689 futuro
606 2661 716 2689 saeculo.
736 2660 853 2692 Rursus.
870 2667 932 2687 eum

145 2714 238 2749 quiete
252 2716 279 2739 et
293 2711 422 2738 felicitate
436 2708 513 2736 multi
536 2707 586 2734 viri
600 2707 667 2742 justi
692 2707 751 2734 ideo
774 2707 888 2738 vivunt,
907 2709 936 2732 ιη

978 966 1011 992 θα
1020 966 1063 992 τὸν
1079 965 1135 1000 βίον
1148 965 1220 1000 ἔχειν
1231 966 1260 991 ὲν
1274 964 1379 999 εὐροίᾳ,
1391 965 1459 1000 μηδὲ
1471 965 1534 996 τοὺς
1549 965 1669 999 φαύλους
1682 966 1764 992 ᾶπαν-

976 1020 1026 1042 τας
1040 1013 1068 1038 ὲν
1079 1011 1262 1046 ταλαιπωρίᾳ,
1275 1012 1325 1046 τῆς
1338 1011 1426 1047 ἄκρας
1440 1011 1499 1037 ἐστὶ
1515 1011 1579 1046 περὶ
1606 1011 1637 1037 τὺ
1661 1011 1763 1046 ἀνθρώ-

978 1065 1055 1084 πινον
1069 1057 1274 1092 φιλανθρωπίας
1287 1065 1316 1083 τε
1337 1057 1384 1083 καὶ
1404 1056 1578 1092 κηδεμονίας.
1598 1057 1762 1089 Κολάςονται

979 1103 1070 1130 τοίνυν
1089 1103 1205 1130 ἐνταῦθά
1218 1111 1290 1134 τινες
1301 1103 1356 1129 τῶν
1373 1103 1423 1138 μὲν
1436 1103 1598 1135 σπουδαίων,
1613 1103 1659 1129 ἐπὶ
1668 1105 1701 1139 τῇ
1714 1103 1765 1130 τῶν

980 1149 1120 1183 στεφάνων
1137 1149 1281 1185 ἀπολήψει,
1299 1150 1345 1175 καὶ
1365 1149 1408 1176 ἴνα
1433 1149 1533 1184 μᾶλλον
1552 1151 1644 1180 αὐτοῖς
1665 1149 1679 1174 ὁ
1699 1150 1765 1181 θεῖος

979 1192 1047 1228 ἔρως
1075 1192 1228 1227 θαυμαστὸς
1241 1198 1266 1226 Υ,
1295 1194 1387 1228 ἡλίκος
1416 1195 1468 1220 κάν
1496 1195 1554 1226 ταῖς
1591 1194 1715 1228 θλίψεσιν
1735 1195 1765 1220 ἂν

978 1238 1111 1273 ἀκμάζων
1127 1239 1331 1266 ὲπιδεικνύοιτο.
1345 1240 1376 1267 Et
1391 1240 1482 1275 βούλει
1499 1240 1527 1266 δὲ
1543 1241 1589 1267 καὶ
1606 1241 1650 1267 ἴνα
1666 1241 1715 1276 μὴ,
1731 1241 1765 1272 ὡς

978 1286 992 1312 ὁ
1003 1285 1074 1317 θεῖος
1083 1285 1187 1317 Παῦλός
1195 1286 1341 1321 φησιν,ὑπε
1347 1287 1505 1322 ραίρωνται,
1517 1287 1584 1322 μηδὲ
1594 1295 1625 1321 γε
1641 1287 1761 1322 μείζους,

980 1331 1051 1367 ὑπὲρ
1067 1332 1080 1358 ὃ
1094 1332 1221 1367 ὁρῶνται.
1239 1333 1302 1368 παρ’
1316 1333 1398 1365 ἐνίοις
1411 1333 1585 1369 νομίζωνται.

1015 1464 1049 1498 γ’.
1060 1464 1095 1490 Σὺ
1104 1465 1132 1491 δέ
1143 1473 1187 1500 μοι
1200 1465 1288 1497 σύνες,
1299 1471 1322 1490 ει
1332 1471 1432 1500 pawn,
1444 1467 1488 1492 καὶ
1499 1466 1566 1492 διότι
1579 1467 1713 1502 μεγάλαις
1723 1469 1766 1495 καὶ

980 1510 1113 1545 καθαραῖς
1123 1510 1228 1545 ἡδοναῖς
1238 1511 1297 1542 ταῖς
1309 1510 1369 1537 κατ’
1380 1511 1480 1546 ἀρετὴν
1490 1512 1643 1546 ἐντρυφῶσι
1655 1514 1703 1539 καὶ
1713 1514 1767 1540 δια-

980 1556 1095 1590 χέωνται
1107 1561 1118 1574 ι
1130 1556 1233 1583 δίκαιον
1243 1562 1256 1576 τι
1272 1557 1304 1583 ἂν
1319 1555 1383 1588 εἷεν,
1401 1557 1498 1593 ὥσπερ
1511 1558 1638 1593 στύφοντί
1655 1569 1710 1586 τινι
1722 1561 1768 1587 καὶ

942 1596 964 1626 C
982 1602 1122 1636 συνάγοντι
1137 1603 1275 1638 φαρμάκῳ
1289 1604 1465 1638 προσομιλεῖν
1488 1604 1558 1640 [χαῖ]
1574 1607 1634 1637 ταῖς
1646 1606 1765 1642 θλίψεσυ

981 1647 1029 1674 καὶ
1043 1648 1113 1682 ὁτιή
1127 1648 1173 1674 τοῦ
1189 1648 1265 1674 Θεοῦ⁵
1276 1649 1357 1684 χάρις
1381 1649 1425 1675 διὰ
1445 1651 1495 1685 τῆς
1512 1650 1655 1683 ἀσθενείας
1681 1653 1768 1679 αὐτῶν

981 1694 1062 1720 πλέον
1076 1694 1210 1729 ἐκλάμπει
1227 1695 1273 1721 καὶ
1287 1694 1468 1729 θαυμάζεται.
1490 1696 1570 1723 Ἀλλὰ
1593 1699 1639 1724 καὶ
1659 1699 1703 1729 είς
1723 1707 1768 1724 τε-

980 1739 1055 1765 λείαν
1070 1738 1200 1775 αἰσχύνην
1213 1739 1260 1765 τοῦ
1278 1740 1396 1775 πονηροῦ
1413 1741 1459 1766 καὶ
1471 1741 1658 1773 κατάπτωσιν,
1672 1741 1770 1768 eum

980 1785 1036 1816 τοῖς
1048 1785 1102 1810 τῶν
1131 1785 1294 1820 πειρασμῶν
1316 1785 1410 1821 ἱδρῶσι
1440 1787 1679 1821 περισταζόμενοι,
1707 1787 1768 1813 οὔτε

980 1830 1025 1856 τὸν
1049 1830 1098 1864 τῆς
1111 1830 1212 1865 ἀρετῆς
1229 1831 1306 1857 τόνον
1322 1831 1431 1863 ἔλυσαν,
1448 1832 1503 1858 οὐδ’
1519 1834 1558 1864 είς
1580 1833 1629 1867 τὴν
1645 1833 1708 1859 κατ’
1719 1833 1768 1859 αὺ-

979 1875 1026 1902 τοῦ
1049 1876 1137 1910 πάλην
1164 1876 1453 1911 κατεμαλακίσθησαν.
1472 1878 1509 1904 Οὐ
1540 1878 1640 1909 πάντες
1668 1879 1697 1905 δὲ
1713 1887 1728 1905 τ
1744 1880 1768 1910 ξς

981 1923 1144 1956 πειρασμοῖς
1155 1922 1358 1957 παραδίδονται,
1371 1923 1414 1949 ἴνα
1430 1924 1466 1958 μὴ
1478 1924 1534 1955 τοῖς
1552 1924 1767 1961 ἀσθενεστέροις,

980 1968 1050 1994 κατὰ
1072 1968 1121 2002 τῆς
1148 1969 1296 2003 προνοίας,
1314 1969 1339 1995 οἱ
1355 1970 1483 2004 λογισμοὶ
1503 1971 1747 2006 συνταράσσωνται
1759 1980 1766 1987 ·

981 2013 1140 2045 κολάζονται
1151 2014 1178 2040 δὲ
1195 2016 1241 2041 καὶ
1254 2015 1308 2041 τῶν
1319 2016 1432 2049 φαύλων
1448 2017 1471 2043 ot
1487 2017 1536 2052 μέν
1552 2018 1599 2054 ἐπὶ
1633 2019 1768 2054 καθάρσει

982 2059 1172 2094 μολυσμάτων,
1185 2060 1258 2091 ὅσοις
1278 2061 1461 2095 μετριώτερόν
1477 2051 1503 2088 τι
1528 2051 1729 2098 διημάρτηται·
1745 2064 1770 2089 οἱ

980 2105 1019 2136 δὲ,
1041 2106 1080 2136 εἰς
1095 2106 1251 2140 παράτασιν
1266 2106 1280 2125 h
1296 2105 1342 2132 τοῦ
1369 2108 1538 2142 πικροτέραν
1552 2108 1642 2145 αὐτοῖς
1661 2109 1769 2139 πάντως

980 2150 1142 2177 ἀποκεῖσθαι
1154 2150 1209 2176 τῶν
1234 2150 1409 2185 βεϐιωμένων
1433 2151 1537 2178 ἐκεῖθεν
1551 2152 1600 2187 τὴν
1616 2152 1767 2188 εἴσπραξιν,

981 2196 1027 2222 καὶ
1044 2197 1088 2236 ἵνα
1117 2197 1164 2222 καὶ
1193 2199 1248 2228 τοῖς
1271 2197 1394 2232 ἀνοήτοις
1410 2199 1458 2232 τῆς
1476 2197 1523 2224 τοῦ
1537 2198 1606 2224 Θεοῦ
1621 2207 1770 2234 μισοπονη-

982 2242 1043 2277 ρίας
1058 2242 1235 2277 συναίσθησις
1250 2243 1373 2277 γένηται.
1392 2244 1429 2269 Οὐ
1441 2245 1541 2274 πάντες
1551 2243 1590 2276 δὲ,
1607 2244 1652 2270 ἵνα
1665 2244 1704 2279 μὴ
1719 2245 1770 2279 μά-

981 2297 1030 2323 την
1040 2287 1087 2314 τοῦ
1105 2288 1279 2319 αὐτεξουσίου
1290 2288 1447 2324 άπελεγχθῇ
1459 2289 1489 2315 τὺ
1504 2289 1645 2325 φιλότιμον
1653 2298 1660 2305 ·
1673 2291 1721 2317 καὶ
1728 2291 1769 2317 ἶνα

962 2335 1100 2372 ,καθαρὸν
1114 2335 1238 2368 ἐξουσίας
1254 2336 1302 2363 καὶ
1334 2336 1467 2371 ἀμίαντον
1495 2337 1693 2373 συναποδειχθῇ
1721 2337 1770 2370 τῆς

978 2382 1032 2408 τῶν
1059 2382 1175 2408 ὲντολῶν
1201 2382 1363 2417 νομοθεσίας
1386 2382 1417 2408 τὸ
1433 2387 1444 2401 α
1460 2382 1596 2417 ὠφέλιμον
1609 2391 1615 2397 ·
1634 2384 1681 2410 καὶ
1703 2383 1769 2409 διότι

982 2429 1057 2464 μένει
1071 2428 1102 2454 τὸ
1119 2428 1209 2454 κοινὸν
1225 2428 1330 2454 ἐκεῖθεν
1347 2429 1395 2455 καὶ
1410 2429 1520 2456 πάντων
1538 2429 1688 2464 κριτήριον.
1705 2429 1769 2454 Πολ·
1799 2445 1802 2448 λ

979 2474 1021 2502 λοὶ
1039 2474 1067 2501 δὲ
1082 2475 1163 2502 πάλιν
1179 2476 1207 2501 ὲν
1222 2474 1360 2510 εὐπαθείᾳ.
1383 2475 1509 2508 διάγουσι
1524 2474 1577 2501 τῶν
1591 2475 1638 2510 μὲν
1647 2475 1769 2506 δικαίων,

981 2521 1154 2556 παράκλησις
1169 2521 1216 2548 καὶ
1229 2521 1379 2557 παραψυχὴ
1405 2522 1453 2548 καὶ
1478 2521 1565 2547 κοινὸν
1591 2521 1694 2556 ἀγαθὸν
1716 2522 1771 2552 τοῖς

981 2567 1095 2602 πλησίον
1109 2568 1295 2602 προκείμενοι,
1313 2568 1361 2594 καὶ
1377 2569 1417 2599 είς
1433 2567 1581 2603 appaream
1594 2567 1643 2602 τῆς
1660 2566 1770 2602 μελλού-

984 2622 1035 2649 σης
1048 2613 1235 2645 ἀπολαύσεως,
1254 2614 1301 2641 καὶ
1320 2614 1364 2641 ἵνα
1375 2613 1421 2640 τὸν
1437 2613 1573 2648 ἁλάθητον
1588 2613 1769 2640 πιστεύσωσιν

985 2659 1123 2694 ὀφθαλμὸν
1138 2660 1186 2686 καὶ
1199 2660 1233 2687 τὰ
1247 2659 1364 2687 ἐνταῦθα
1380 2659 1554 2688 ἐποπτεύειν.
1569 2659 1607 2684 Οὐ
1620 2659 1720 2689 πάντες
1731 2657 1769 2687 δὲ,

991 2706 1034 2732 ἵνα
1053 2706 1091 2740 μὴ
1105 2705 1265 2740 προσκαίρῳ
1282 2705 1372 2740 μισθῷ
1388 2705 1438 2739 τῆς
1454 2705 1556 2740 ἀρετῆς
1580 2705 1597 2740 ἠ
1616 2705 1694 2740 χάρις
1709 2703 1769 2738 δόξῃ

784 2806 899 2835 VARIA‘J
919 2804 1120 2834 LECTIONES.

227 2905 258 2917 ἴ.-
290 2905 315 2917 .."

197 2909 211 2928 γ
226 2909 268 2931 to.
288 2909 341 2938 ειη.

382 2908 392 2921 ι
409 2902 444 2930 Μ.
459 2902 619 2936 διαχέονται.
658 2907 670 2919 υ
689 2899 723 2926 lll.
736 2907 782 2932 γρ.
796 2897 904 2924 δίκαιοι.
945 2896 958 2916 ἓν
972 2896 1008 2923 Μ.
1026 2897 1211 2932 παράστασιν.
1251 2902 1261 2915 ε
1278 2895 1313 2922 Μ.
1339 2904 1393 2922 om.
1421 2896 1462 2924 τό.
