1863 3064
136 134 189 166 875

712 136 845 166 ΡΗΟἸἹΙ
864 133 1117 166 PATRIARCH/E
1132 133 1186 164 ΟΡ.

1710 129 1761 161 8'16

135 194 162 217 et
182 189 314 218 Deitatcm
331 191 358 218 in
376 191 462 218 tribus
479 189 665 218 subsistentiis
681 195 709 217 et
730 191 854 225 personis
876 197 908 216 re

1006 197 1039 215 αν
1054 187 1149 215 οὐσίαν
1175 187 1223 214 καὶ
1242 186 1358 222 θεότητα
1385 186 1414 212 ἐν
1432 186 1597 213 ὑποστάσεσι
1614 184 1664 211 καὶ
1675 193 1760 219 προσ-

134 243 244 266 ncrare.
259 241 286 263 et
299 235 374 268 cole;
393 239 420 263 et
432 235 616 263 Christianam
634 235 666 262 de
682 235 737 262 Deo
755 234 834 262 iidem
845 255 853 267 ,
880 235 920 260 vel

135 281 298 317 theologiam
311 281 385 308 hisce
397 282 625 323 comprehensam
646 281 802 316 praedicato.

134 367 295 401 QUA‘ISTIO
309 368 437 396 CLXXIV
462 368 556 405 [σοῖσι.
586 368 674 402 CCIII,
692 369 775 396 'I'nur.
794 367 919 403 CXLIV].

160 414 512 450 Quomodoiiutelligettdum
530 415 565 442 sit
577 415 646 450 quod
662 415 693 441 de
707 414 757 441 Job
771 415 871 441 dicitur
884 422 893 440 :

272 460 280 474 t
296 449 388 476 Pereat
403 451 460 476 dies
481 450 509 476 in
528 449 674 484 quu'natus
682 450 762 476 mm?
785 460 794 474 ι

974 233 1059 266 ώποις
1070 233 1144 269 τρισὶ
1155 233 1296 268 λατρεύων
1308 233 1357 259 καὶ
1372 231 1533 267 προσκυνῶν
1542 251 1550 264 ,
1562 230 1613 265 τὴν
1631 230 1687 257 τῶν
1697 231 1762 266 Χρι-

976 279 1092 307 στιανῶν
1107 279 1248 313 θεολογίαν
1261 278 1367 314 τούτοις
1396 275 1684 312 συγκεφαλαιούμενος
1698 276 1763 302 ἀνα-

975 324 1010 358 κή
1016 332 1093 359 ρυττε
1098 342 1106 351 ι
1330 344 1332 346 .

1207 367 1210 370 ’
1226 368 1392 396 ΕΡΩἸἮΣΙΣ
1411 367 1492 394 POA'.

973 414 1039 448 Πῶς
1057 415 1105 442 δεῖ
1114 414 1197 442 νοεῖν
1209 414 1243 441 τὸ
1258 414 1323 448 περὶ
1336 415 1390 440 τὸν
1410 413 1476 448 ’ζὼϐ
1488 413 1656 448 εἰρημένον·
1675 414 1765 439 «Κητ-

1012 446 1034 459 ”
1068 451 1198 484 ’πραθείη
1215 450 1234 484 ἠ
1250 446 1345 484 ῆμὲρα
1362 449 1397 476 ἐν
1411 446 1432 484 ᾗ
1443 446 1630 484 ἐγενένὴθηη
1647 458 1655 473 ι

471 505 542 530 Edita
553 514 566 531 a
578 506 640 531 Maio
664 507 739 537 (Nov.
758 504 819 530 Coll.
833 508 849 530 t.
866 505 906 535 l.\',

1006 505 1052 537 )6).
1066 519 1096 524 —
1109 507 1244 538 Exegetica
1256 507 1287 531 In
1303 505 1349 530 Job
1361 505 1428 535 111,5.

168 556 221 583 Job
241 556 379 584 maledicit
392 556 445 584 diei
460 557 611 585 nativitatis
622 564 689 588 suae,
705 561 735 584 ut
747 556 816 584 inter
829 557 924 592 plures

134 610 234 630 causas
250 602 360 637 eligam,
389 603 452 638 quia
473 608 564 631 mente
577 603 692 630 multum
708 602 872 637 agitabatur.
889 610 923 630 nc

135 648 207 676 forte
234 648 262 675 in
286 652 390 675 tantam
405 648 514 683 culpam
539 647 691 678 incidisset.
712 652 741 674 ut
759 651 861 674 tantam
877 646 923 674 Dei

136 695 204 720 iram
220 697 316 721 contra
332 693 407 720 illum
427 694 584 725 excitasset,
613 693 639 720 id
659 698 700 721 est
715 702 722 720 :
740 693 767 720 in
788 698 893 721 tantum
907 700 921 718 ιι

136 738 289 767 Dominicis
303 739 440 767 mandatis
453 739 566 772 recessi,
585 743 615 766 ut
628 739 695 766 mihi
717 739 799 766 lateat
817 739 924 774 magni-

135 785 201 812 tudo
217 786 300 820 mali;
323 786 350 813 in
379 790 485 813 tantum
515 789 607 812 autem
635 785 869 821 Ionganimitatem
894 790 920 812 et

137 831 367 866 pltilantltropiam
382 831 428 859 Dei
448 832 605 867 provocavi,
621 836 652 859 nt
662 835 743 859 tantae
759 831 808 860 iraa
820 832 919 867 subjici

1006 557 1171 593 Καταρᾶται
1184 558 1234 593 τὴν
1245 558 1351 593 ⁴ἡμέραν
1368 557 1418 592 τῆς
1430 556 1564 591 γενέσεως
1580 555 1662 582 αὐτοῦ
1676 556 1690 582 ὸ
1705 555 1765 582 Ἰὼϐ

971 602 1006 630 τά
1019 611 1049 630 τε
1064 603 1132 630 ἄλλα
1143 604 1189 630 καὶ
1202 603 1232 629 οὐ
1245 602 1373 630 τοσοῦτον
1381 602 1422 629 ὄτι
1434 603 1491 633 τοῖς
1501 602 1642 636 λογισμοῖς
1651 602 1768 636 ἐκυμαι-

970 656 1044 675 νετο·
1076 648 1117 684 μὴ’
1138 650 1197 675 ποτ’
1221 648 1274 684 ἄρα
1294 649 1337 683 εῖη
1361 648 1408 674 ἐπὶ
1431 647 1560 674 τοσοῦτον
1575 647 1768 682 πλημμελείας

972 694 1114 729 ἐληλακὼς
1128 694 1166 726 ὡς
1178 694 1313 730 τοσαύτην
1327 694 1412 730 ὀργὴν
1423 693 1492 720 Θεοῦ
1513 693 1624 728 κινῆσαι
1637 693 1698 720 κατ’
1719 693 1767 720 αὐ-

975 741 1023 768 τοῦ
1035 749 1041 756 ·
1054 740 1205 773 τουτέστιν,
1217 741 1265 772 Εἰς
1276 740 1404 767 τοσοῦτον
1418 738 1551 771 ἐξώκειλα
1565 738 1621 765 τῶν
1635 739 1767 765 Δεσποτι-

977 786 1034 814 κῶν
1051 786 1166 814 ἐντολῶν
1186 785 1256 813 ὥστε
1280 786 1372 813 λαθεῖν
1397 785 1448 820 μὲν
1473 784 1524 820 ἐμέ
1538 784 1569 811 τὸ
1589 784 1703 819 μέγεοος
1718 783 1768 810 τοῦ

976 832 1075 864 κακοῦ,
1106 833 1146 864 εις
1170 831 1300 859 τοσοῦτον
1327 831 1356 858 δέ
1372 829 1522 867 παροξῦναι
1539 830 1569 857 τὸ
1591 829 1770 865 μακρόθυμον

134 876 262 911 dignatus
285 877 383 905 fuerim
399 897 408 910 ,
437 882 465 905 et
487 877 532 905 tali
555 884 642 912 poena:
658 877 793 905 submitti.
810 877 908 905 Malsdi

1006 878 1225 914 ἀφιλάνθρωπον
1236 877 1283 905 τοῦ
1298 876 1379 910 Θεοῦ,
1390 877 1460 904 ὥστε
1473 876 1521 903 καὶ
1535 876 1670 912 τοσαύτης
1684 876 1770 911 ὀργῆς

134 922 206 950 citur
223 922 284 951 dies
305 923 368 956 ista,
399 923 436 951 ita
456 928 546 950 tamen
572 927 602 950 ut
629 923 681 950 ista
696 923 851 951 maledictio
866 931 921 951 nou

133 972 206 996 esset
224 968 376 1004 indignatio
399 973 493 996 contra
515 968 561 996 illa
592 976 654 1004 quae
675 976 771 1003 passus
787 974 857 1001 erat.
873 969 920 997 sed

133 1014 224 1048 potius
255 1014 465 1042 lamentationes
500 1019 528 1042 et
558 1014 763 1042 obsecrationes
796 1022 846 1050 pro
879 1015 922 1043 itis

131 1060 232 1096 quibus
261 1060 344 1087 Deum
370 1060 520 1088 oﬂ'cnderat
558 1060 636 1094 Quod
660 1066 688 1088 et
707 1060 780 1088 clare
802 1061 920 1096 explicat

133 1106 277 1140 Dominus,
289 1114 352 1135 cum
378 1107 411 1134 atl
436 1107 511 1134 illttm
526 1107 592 1135 dicit
611 1117 618 1135 :
636 1117 645 1133 t
657 1106 740 1136 Putas
755 1116 799 1136 me
815 1116 868 1135 non
883 1108 920 1135 ita

133 1159 222 1180 tecum
245 1153 335 1188 egisse
366 1157 398 1181 ut
419 1153 511 1188 iustus
539 1153 699 1186 videreris,»
722 1161 737 1180 e
751 1158 849 1180 contra
865 1161 919 1180 non

131 1203 195 1226 sunt
224 1199 272 1226 tibi
303 1203 479 1234 peccatorum
510 1200 638 1234 repetitio
668 1200 811 1234 passiones
851 1207 920 1235 quas

132 1245 253 1273 habuisti
275 1245 449 1279 subeundas,
476 1245 524 1273 sed
547 1245 706 1273 exercitium
728 1246 837 1282 quidem
863 1246 920 1273 vir-

132 1290 210 1322 tutis,
222 1290 399 1324 przmiorum
414 1295 442 1317 et
458 1290 646 1324 pulcltriorum
660 1298 824 1318 coronarunt
837 1300 919 1325 quam

132 1343 182 1370 pro
196 1335 338 1365 doloribus
351 1343 378 1365 et
398 1338 484 1373 plagis
493 1339 745 1373 compensationem
756 1347 919 1375 procurans.

132 1381 226 1416 Itaque
239 1390 293 1410 non
304 1383 344 1410 ira
354 1383 499 1418 impulsus,
513 1389 538 1412 te
551 1385 784 1413 tantislaboribns
792 1386 919 1421 probavi;

132 1427 179 1454 sed
195 1427 286 1461 potius
308 1433 337 1454 ut
360 1433 406 1456 tua
425 1428 513 1456 virtus
537 1429 682 1464 fulgentior
709 1435 871 1465 appareret,
894 1435 922 1458 et

131 1475 229 1497 contra
259 1478 437 1499 communem
464 1479 565 1500 nostrae
590 1479 695 1501 naturae
718 1475 823 1502 1ιυειοιιι
843 1475 922 1503 ῘΟΙἸῘΞ

131 1521 159 1542 et
173 1517 304 1552 trophaeis
319 1525 438 1548 onustus
450 1519 579 1547 omnibus
594 1520 735 1548 videt-eris.
759 1521 814 1549 Dici
828 1527 919 1550 autem

132 1561 283 1590 nativitatis
299 1564 437 1591 malelicit
451 1571 478 1592 et
494 1564 545 1593 hoc
560 1573 613 1593 non
632 1566 769 1600 absolute,
790 1567 837 1596 sed
858 1569 921 1604 quia

133 1607 160 1635 in
178 1608 224 1636 illa
237 1609 281 1636 die
300 1610 449 1644 splendidis
458 1612 589 1640 conviviis
602 1613 663 1640 illos
682 1615 727 1648 qui
743 1615 784 1641 vel
801 1615 922 1643 amicitia

135 1653 176 1680 vel
197 1654 331 1690 sanguine
351 1655 389 1682 illi
414 1656 660 1691 conjungehantur.
695 1658 753 1687 Illos
781 1664 823 1687 est
848 1660 921 1687 cttitu

133 1700 274 1734 splendide
289 1701 411 1730 viventes
427 1710 488 1730 sese
506 1704 724 1738 spectaculorum
746 1710 773 1733 et
790 1711 921 1734 cantuum

133 1747 287 1782 aliquorum
299 1748 471 1783 jucunditate
489 1753 515 1776 et
529 1749 636 1778 deliciis
647 1751 795 1783 delectare.
805 1761 854 1788 per
862 1762 923 1788 qua:

131 1798 160 1820 et
179 1793 258 1822 visus
279 1798 307 1821 et
335 1794 445 1822 auditus
479 1794 660 1824 fascinantur.
700 1796 820 1833 Regibus
848 1801 921 1827 enim

132 1839 314 1873 conantibus,
341 1840 507 1869 conveniens
522 1845 582 1869 erat
603 1843 666 1870 talia
693 1843 720 1870 itt
737 1845 864 1873 comivio
881 1846 921 1873 in-

132 1884 207 1912 duci.
221 1885 367 1921 Propterea
383 1894 450 1914 sane
461 1892 551 1915 tuente
565 1888 726 1917 turbabalur
745 1898 779 1918 ne
801 1891 853 1918 ista
867 1891 923 1920 Deo

134 1929 254 1958 fuissent
277 1931 382 1964 odiosa,
395 1937 422 1960 et
432 1932 500 1960 iram
515 1933 590 1962 illius
601 1939 694 1962 contra
705 1943 735 1963 se
743 1936 921 1965 excitassent.

133 1975 227 2012 Itaque
241 1977 379 2005 maledicit
394 1978 546 2007 nativitatis
563 1979 628 2012 diei,
645 1980 672 2008 id
694 1985 747 2014 est,
767 1981 795 2009 in
810 1990 871 2017 qum
897 1988 924 2010 et

132 2021 204 2049 vires
217 2026 245 2049 et
260 2022 391 2056 vigorem,
411 2027 439 2050 et
453 2023 545 2051 anima
564 2024 738 2052 rcilexionem
764 2025 792 2053 in
817 2027 924 2054 deliciis

133 2066 244 2095 atlluere
266 2067 390 2099 sinebat.
420 2073 448 2096 et
475 2069 556 2098 vanis
587 2071 774 2105 voluptatibus
802 2072 922 2100 deliniri.

133 2110 209 2143 Quod
229 2115 321 2138 autem
333 2111 413 2139 istam
427 2113 647 2142 maledictionem
670 2116 792 2144 exterius
808 2117 922 2152 profert,

132 2164 167 2183 ne
183 2156 312 2185 omnibus
328 2157 497 2186 ittsensibilis
507 2164 562 2186 tam
580 2161 727 2189 terribilem
740 2162 923 2191 calamitatem

973 924 1065 960 ἔνοχον
1076 924 1125 960 ἐμέ
1141 924 1270 960 κριθῆναι
1291 923 1340 950 καὶ
1358 923 1526 958 τηλικαύτας
1538 921 1713 950 ἀπαιτεῖσθαι
1732 922 1764 948 δί-

973 978 1035 1001 κας.
1046 968 1270 1004 Ἐπικατάρατος
1290 969 1307 1003 ὴ
1322 968 1415 1003 ἡμέρα
1428 968 1521 1002 ἐκείνη
1534 967 1605 994 ὥστε
1621 967 1671 994 οὐκ
1687 967 1769 1001 ἄγαν.

971 1016 1115 1051 ακτήσεως
1144 1012 1179 1051 ἦν
1191 1014 1262 1050 ὑπὲρ
1273 1010 1310 1042 ὧν
1324 1013 1444 1048 ἔπασχεν
1457 1014 1474 1048 ἡ
1494 1013 1561 1049 Cipi;
1574 1012 1643 1040 ἀλλὰ
1661 1012 1771 1048 θρήνων

971 1061 1020 1089 καὶ
1033 1060 1227 1095 ἐλεεινολογίας
1242 1059 1313 1094 ὑπὲρ
1330 1056 1367 1086 ὧν
1382 1059 1472 1086 ἐδόκει
1489 1058 1611 1094 λυπῆσαι
1623 1058 1670 1085 τὸν
1683 1058 1770 1086 856v-

971 1107 1019 1134 καὶ
1033 1107 1112 1134 τοῦτο
1127 1106 1277 1141 παρίστησι
1291 1104 1385 1139 σαφῶς
1404 1105 1422 1140 ἡ
1439 1104 1593 1140 Δεσποτικὴ
1609 1105 1686 1140 φωνὴ
1701 1104 1771 1140 πρὸς

971 1153 1052 1179 αὑτὸν
1065 1153 1093 1180 ἐν
1107 1149 1147 1184 οἷς
1157 1160 1251 1188 φησιν·
1271 1152 1345 1179 ιοῑει
1361 1159 1395 1186 με
1409 1151 1498 1182 ἄλλως
1513 1160 1552 1177 σοι
1566 1151 1771 1186 κεχρηματικέ-

972 1207 1017 1224 ναι
1037 1198 1054 1233 ἧ
1069 1197 1116 1225 ἴνα
1129 1198 1270 1232 ἀναφανῇς
1284 1196 1387 1228 δίκαιος
1401 1204 1424 1229 ;ι
1439 1196 1499 1222 ἀντὶ
1511 1194 1570 1227 τοῦ,
1584 1195 1642 1221 Οὐκ
1653 1194 1711 1222 ἐστι
1731 1203 1772 1222 σοι

971 1243 1027 1271 τῶν
1041 1243 1244 1279 ἡμαρτημένων
1255 1242 1406 1277 ἀπαίτησις
1419 1240 1453 1268 τὰ
1471 1241 1545 1276 πάθη
1561 1241 1590 1267 ἐν
1599 1237 1639 1273 ,οἷς
1647 1240 1771 1267 suam;

972 1289 1193 1325 παρεχωρήθης·
1223 1288 1292 1323 ἀλλὰ
1322 1287 1463 1323 γυμνασία
1492 1287 1541 1322 μὲν
1562 1287 1612 1321 τῆς
1641 1286 1745 1322 ἀρετῆς
1761 1295 1769 1302 ·

971 1335 1098 1364 ἐπάθλων
1108 1335 1137 1362 δέ
1152 1335 1200 1362 καὶ
1217 1333 1349 1370 μειζόνων
1363 1333 1504 1368 στεφάνων
1524 1333 1541 1369 ἦ
1558 1334 1629 1360 κατὰ
1641 1333 1691 1364 τὰς
1708 1332 1772 1359 ὀδύ-

973 1391 1022 1414 νας
1051 1383 1098 1410 καὶ
1121 1381 1228 1417 πληγὰς
1245 1380 1431 1417 προξενοῦντα
1446 1380 1496 1416 τὴν
1518 1380 1646 1415 ἀμοιὸήν,
1661 1379 1771 1408 Οὐκοῦν

972 1430 1021 1457 οὐκ
1032 1429 1117 1466 ὀργὴν
1131 1429 1234 1465 ἐκχέων
1250 1428 1407 1464 ὑπαχθῆναι
1423 1437 1452 1456 σε
1464 1428 1642 1464 συνεχώρησα
1651 1429 1711 1459 ταῖς
1727 1437 1770 1454 το-

975 1473 1086 1506 σαύταις
1100 1474 1218 1507 ποιναῖς,
1236 1473 1294 1500 ἀλλ’
1314 1473 1358 1500 ἵνα
1379 1473 1480 1509 μᾶλλον
1493 1474 1510 1509 ἡ
1529 1473 1563 1509 σὴ
1577 1473 1771 1509 λαμπρότερον

974 1521 1097 1556 ἀναφανῇ
1127 1520 1225 1555 ἀρετὴ,
1251 1520 1298 1546 καὶ
1319 1520 1391 1547 κατά
1412 1520 1460 1547 τοῦ
1479 1519 1568 1547 κοινοῦ
1592 1520 1642 1555 τῆς
1661 1519 1772 1554 φύσεως

974 1566 1053 1602 ἡμῶν
1077 1565 1176 1602 ἐχθροῦ
1201 1565 1354 1602 ἀριστεΰων
1376 1566 1425 1593 καὶ
1443 1565 1653 1600 τροπαιοφορῶν
1683 1566 1773 1592 πᾶσιν

974 1612 1141 1648 ἐπιδειχθῇς·
1157 1612 1312 1648 καταρᾶται
1326 1612 1354 1639 δέ
1369 1612 1418 1647 τῆς
1434 1612 1570 1647 γενέσεως
1584 1611 1632 1648 τὴν
1647 1612 1770 1647 ἡμέραν·

974 1659 1034 1686 οὐδὲ
1045 1659 1123 1686 τοῦτο
1139 1659 1242 1691 ἁπλῶς,
1255 1659 1323 1686 ἀλλὰ
1329 1657 1424 1693 ἐπειδὴ
1436 1659 1508 1686 κατὰ
1520 1658 1624 1694 ταύτην
1635 1659 1684 1693 τὴν
1699 1658 1772 1693 ὴμέ-

976 1714 1029 1741 ραν
1045 1705 1188 1741 λαμπραῖς
1202 1705 1355 1732 ἑστιάσεσιν
1371 1705 1575 1741 ἐφιλοφρονεῖτο
1583 1705 1646 1737 τοὺς
1660 1705 1771 1740 ᾠκειω-

977 1751 1073 1786 μένους
1087 1751 1126 1783 εἰς
1140 1750 1231 1786 φιλίαν
1240 1751 1314 1786 αὐτῷ
1330 1751 1377 1778 καὶ
1396 1751 1484 1782 ἄλλως
1501 1752 1661 1786 πμσγενείς
1674 1758 1682 1765 ·
1695 1751 1773 1782 εἰκδς

974 1797 1002 1823 δὲ
1012 1796 1172 1832 τρυφῶντας
1187 1797 1234 1823 καὶ
1247 1798 1302 1828 τοῖς
1319 1795 1363 1823 διὰ
1377 1796 1524 1831 θεαμάτων
1537 1795 1616 1823 τινῶν
1631 1795 1772 1830 ἀκουσμά-

974 1851 1030 1869 των
1045 1842 1159 1878 τέρψεσι
1175 1843 1220 1869 καὶ
1233 1842 1340 1877 ἡδοναῖς
1354 1842 1530 1877 ψυχαγωγεῖν
1544 1842 1668 1874 ἑαυτοὺς,
1682 1841 1719 1868 δι’
1733 1838 1772 1868 ὧν

974 1887 1105 1922 τέρπεται
1119 1887 1169 1922 μὲν
1181 1886 1261 1922 ἀκοὴ,
1280 1886 1450 1922 τέρπεταιδέ
1465 1887 1527 1922 ὂψις
1541 1895 1549 1902 ·
1570 1886 1703 1922 βασιλέων
1716 1887 1772 1923 γὰρ

976 1933 1198 1968 συνεστιωμένων
1207 1953 1214 1966 ,
1230 1932 1304 1964 εἰκὸς
1317 1930 1352 1968 ἦν
1368 1933 1415 1959 καὶ
1433 1933 1468 1959 τὰ
1480 1932 1594 1960 τοιαῦτα
1608 1933 1771 1968 συνεισάγε-

976 1978 1039 2011 σθαι
1054 1980 1087 2015 τῇ
1105 1979 1251 2015 πανδαισίᾳ
1261 1987 1268 1994 ·
1289 1979 1334 2006 διὰ
1346 1979 1426 2006 τοῦτο
1442 1979 1497 2015 ἄρα
1509 1979 1636 2015 λογισμοὶ
1653 1981 1772 2008 συνετά-

977 2032 1074 2060 ραττον
1092 2025 1184 2058 αὐτὸν,
1212 2026 1319 2062 μήποτε
1335 2025 1423 2052 ταῦτα.
1447 2026 1550 2061 μισητὰ
1571 2026 1704 2060 γεγονότα
1731 2026 1772 2060 τῷ

975 2070 1035 2106 Θεῷ
1048 2070 1097 2106 τὴν
1111 2071 1198 2107 ὀργὴν
1220 2072 1350 2107 ἐκίνησαν
1369 2073 1430 2098 κατ’
1446 2071 1529 2099 αὑτοῦ
1542 2079 1549 2087 ·
1565 2071 1610 2099 διὰ
1624 2071 1705 2099 τοῦτο
1720 2073 1772 2108 τῆς

975 2116 1108 2150 γενέσεως
1125 2117 1175 2153 τὴν
1189 2117 1298 2153 ἡμέραν
1316 2118 1462 2153 ἐπαρᾶται,
1489 2117 1629 2145 τουτέστιν
1642 2118 1672 2145 ἐν
1687 2114 1706 2154 ᾗ
1724 2119 1772 2145 τὸν

974 2161 1050 2189 τόνον
1064 2162 1113 2197 τῆς
1132 2162 1220 2197 ψυχῆς
1238 2163 1285 2190 καὶ
1308 2162 1338 2189 τὸ
1362 2163 1601 2199 συνεστραμμένον
1618 2163 1666 2191 καὶ
1689 2162 1770 2190 νεῦον

132 2203 246 2231 suﬁ‘erre
262 2203 396 2239 "deatur,
407 2213 462 2234 non
470 2210 513 2234 est
527 2206 677 2235 absurdum
690 2208 824 2243 cogitare.
840 2209 908 2238 Μιιιο

1006 2210 1044 2241 ab:
1073 2209 1155 2237 ἑαυτὸ
1180 2210 1220 2242 εἰς
1244 2209 1350 2245 τρυφὴν
1376 2209 1462 2236 ἐδίδου
1486 2209 1618 2245 διαρρεῖν,
1637 2210 1770 2245 καὶπρὸς

130 2249 278 2278 dictionem
292 2251 366 2278 enim
383 2251 488 2287 profert
505 2259 560 2281 non
574 2257 670 2281 contra
685 2253 788 2290 aliquid
801 2263 864 2284 vere
874 2265 923 2285 ex-

131 2296 245 2325 sistens.
270 2297 317 2324 sed
333 2299 407 2333 quod
424 2304 504 2327 antea
524 2299 626 2328 factum
640 2300 698 2335 jam
723 2309 777 2328 non
802 2303 923 2335 exsistit,

130 2346 258 2377 essetque
286 2343 356 2370 forte
372 2344 528 2373 maledictio
545 2346 598 2373 ista
621 2347 838 2383 magnitudinem
865 2358 924 2385 pas-

131 2388 219 2417 sionis
238 2394 267 2417 et
300 2390 426 2418 dolorum
457 2392 641 2420 sensationem
675 2393 869 2428 manifestans.
897 2401 924 2422 et

130 2434 339 2463 maledicentem
373 2436 474 2464 nullius
504 2437 591 2472 culpae
609 2446 686 2466 reum
719 2440 922 2468 demonstrans.

130 2479 234 2508 Contra
249 2481 322 2509 enim
341 2481 460 2510 nihilum
484 2487 543 2511 erat
566 2483 605 2512 illi
628 2484 789 2520 indignatio.
821 2486 923 2522 Siquis

133 2531 224 2554 autem
253 2527 353 2556 dixerit
383 2535 446 2556 eum
472 2529 608 2558 Dominici
640 2531 741 2558 decreti
772 2539 922 2560 memorem

133 2573 200 2600 illud
227 2572 351 2605 dixisse.
391 2574 462 2610 piam
489 2577 653 2604 sententiam
685 2577 829 2612 amplexus
858 2579 921 2607 erit.

130 2618 281 2653 Cujusnatu
302 2627 367 2647 vero
390 2621 513 2649 decreti?
546 2622 623 2651 Illius
645 2631 701 2658 qtto
721 2628 817 2651 contra
838 2623 922 2652 Evam

131 2665 326 2701 promulgavit.
352 2674 415 2694 cum
435 2667 481 2695 illa
504 2668 642 2697 Adamum
657 2670 817 2705 participem
836 2671 924 2706 culpzc

132 2711 259 2739 reddidit.
287 2712 365 2741 Tunc
383 2714 456 2741 cnim
480 2714 557 2749 dicit,
591 2715 732 2744 doloribus
747 2720 774 2744 et
792 2717 924 2744 aerumnis

132 2757 274 2785 hominum
289 2764 399 2794 partum
418 2764 446 2787 et
462 2765 579 2789 mortem
594 2761 755 2797 subjiciens,
770 2771 803 2791 ex
820 2763 923 2798 quibus

131 2802 291 2830 occurrebat
315 2811 378 2839 spes
393 2804 496 2840 gaudii,
520 2805 591 2834 tristi
608 2806 726 2835 domans
751 2808 921 2836 morositate.

134 2845 174 2875 Ad
186 2846 268 2876 istum
287 2857 353 2885 ergo
365 2849 487 2879 dolorem
503 2850 554 2879 Job
573 2857 691 2880 mentem
712 2853 849 2887 attollens,
867 2861 920 2881 non

975 2257 1025 2289 τὰς
1040 2257 1217 2289 ἐπιπολαίους
1228 2257 1329 2289 ταύτας
1341 2257 1503 2293 ὑπομειδιᾷν
1512 2257 1608 2293 ἡδονάς
1620 2266 1626 2273 ·
1640 2259 1664 2284 εἰ
1677 2257 1706 2284 δὲ
1721 2259 1770 2284 καὶ

975 2303 1024 2338 τὴν
1044 2302 1114 2337 ἀρὰν
1125 2302 1169 2329 διὰ
1191 2302 1303 2337 χειλέων
1321 2303 1452 2339 προῆγεν,
1469 2303 1513 2330 ἵνα
1535 2303 1573 2339 μὴ
1587 2305 1644 2336 τοῖς
1659 2304 1769 2335 πολλοῖς

975 2348 1146 2384 ἀναισθήτως
1163 2348 1227 2385 δόξῃ
1249 2349 1300 2384 τὴν
1319 2349 1438 2385 φοϐερὰν
1458 2349 1567 2385 ἐκείνην
1584 2351 1678 2385 φέρειν
1696 2359 1768 2386 συμ-

976 2394 1064 2430 φορὰν
1074 2413 1083 2426 ,
1096 2394 1173 2421 οὐδέν
1194 2394 1268 2420 ἐστιν
1281 2395 1381 2422 ἐννοεῖν
1396 2395 1510 2427 ἀπεικός
1522 2403 1530 2412 ·
1556 2396 1634 2431 φέρει
1649 2396 1703 2432 γὰρ
1717 2397 1768 2431 τὴν

973 2440 1090 2476 ἀρὰνού
1108 2440 1179 2468 κατά
1196 2449 1269 2472 τινος
1290 2441 1475 2477 ὑφεστηκότος
1500 2442 1673 2477 πράγματος,
1696 2442 1768 2469 ἀλλά

976 2486 1048 2521 μετά
1063 2486 1095 2513 τὸ
1113 2486 1242 2521 γενέσθαι
1260 2486 1392 2522 μηδαμῶς
1406 2487 1563 2522 ὑφεστῶτος
1580 2496 1587 2503 ο
1600 2489 1648 2515 καὶ
1666 2488 1710 2523 εἴη
1732 2488 1767 2516 ἂν

975 2533 993 2569 ῂ
1007 2533 1062 2569 ἀρὰ
1080 2533 1127 2559 καὶ
1136 2532 1167 2559 τὸ
1181 2533 1295 2568 μέγεθος
1310 2532 1357 2559 τοῦ
1370 2533 1473 2565 πάθους
1492 2534 1541 2560 καὶ
1554 2533 1603 2569 τὴν
1620 2535 1766 2569 συναίσθη-

975 2587 1018 2606 σιν
1051 2579 1105 2606 τῶν
1128 2579 1261 2613 ἀλγεινῶν
1287 2579 1414 2614 ἐπίδηλον
1440 2580 1606 2616 ποιουμένη·
1639 2580 1687 2607 καὶ
1719 2581 1766 2607 τὶν

974 2623 1154 2660 ἐπαρώμενον
1174 2624 1308 2660 μηδεμιᾶς
1322 2624 1415 2659 ἔνοχον
1434 2624 1627 2660 πλημμελείας
1646 2626 1766 2660 ἀποφαί-

973 2679 1071 2697 νουσα·
1087 2669 1157 2696 κατὰ
1172 2669 1227 2706 γὰρ
1240 2669 1294 2697 τῶν
1307 2670 1490 2706 ἀνυπάρκτων
1506 2669 1540 2706 ἦν
1556 2671 1631 2706 αὑτῷ
1643 2672 1660 2707 ἡ
1678 2672 1764 2706 ἀγαν-

974 2717 1090 2750 άκτησις
1102 2723 1109 2730 ’
1130 2716 1154 2742 εἰ
1169 2715 1199 2742 δέ
1210 2724 1252 2748 τις
1265 2716 1348 2743 αὐτὸν
1364 2717 1462 2751 φήσειε
1472 2716 1579 2752 καὶτῆς
1595 2717 1765 2749 Δεσποτικῆς

973 2762 1140 2796 ἀποφάσεως
1164 2762 1373 2799 ἀναμνησθέντα
1408 2763 1488 2791 τοῦτο
1517 2765 1617 2798 εἰπεῖν,
1651 2764 1700 2792 οὐκ
1729 2765 1764 2790 ἂν

974 2807 1069 2844 πόρρω
1088 2807 1229 2842 θεοφιλοῦς
1252 2807 1366 2844 γνώμης
1389 2808 1511 2845 ἐνεχθείη
1528 2817 1536 2825 ’
1557 2809 1637 2841 ποίας
1656 2809 1756 2842 ἁποφά-

975 2861 1061 2885 σεως;
1081 2853 1115 2888 ἢν
1130 2853 1220 2888 ἀφῆκε
1243 2853 1315 2881 κατὰ
1329 2854 1379 2889 τῆς
1407 2853 1490 2887 Εὔας,
1518 2854 1601 2890 ἡνίκα
1635 2855 1761 2882 κοινωνὸν
