1863 3064
209 136 263 167 883

788 138 921 169 ΡΗΟΤΙΙ
940 139 1195 171 ΡΑΤΒΙΑΒΟΗᾸζ
1214 141 1268 173 CP.

1800 143 1845 175 88l

211 193 238 220 in
255 192 338 220 rebus
358 192 476 228 politicis
494 201 605 222 scrvare
629 198 656 221 et
677 193 751 229 quod
772 193 878 228 Iustum
894 200 938 223 est

1110 198 1246 233 λιογοῦμεν
1259 197 1291 225 τδ
1308 197 1396 234 δῶρον
1408 198 1594 231 ,ὐποδέξασθαι
1618 199 1666 227 καὶ
1686 200 1737 236 τὴν
1751 199 1845 234 φιλοτι-

208 239 255 274 qui
274 244 394 274 praesunt
408 241 476 268 dare
487 241 500 268 ἲ
515 240 614 268 etenim
630 240 755 275 profecto
768 241 815 276 qui
827 241 891 269 talia
905 246 998 277 agunt,

209 285 317 312 animas
331 285 366 312 ab
381 286 456 313 omni
477 286 680 314 inordinatione
702 292 730 314 et
747 287 883 315 divisione
897 288 998 316 liberas

209 330 309 356 habent
322 334 347 357 et
365 338 427 358 sese
443 330 580 358 libertatis
596 339 610 358 a
628 331 684 358 Deo
701 332 780 359 nobis
795 333 928 367 priestita:
953 333 996 360 di-

207 382 274 408 gnos
291 375 432 407 exhibent;
450 377 497 411 qui
513 381 603 404 autent
621 380 712 406 mente
727 384 865 412 perversa,
883 377 997 405 audacia

206 421 278 447 mala
298 426 325 448 et
348 422 382 449 de
400 422 519 450 tumultu
544 423 694 458 gaudentes
711 423 864 450 libertatem
887 431 997 450 annun-

207 466 294 499 tiant,
309 467 470 495 dissidentia
487 468 587 495 bonum
609 468 732 495 ordinem
758 473 917 504 rumpentes
929 488 937 500 .
959 469 998 496 illi

207 511 343 539 libertatis
359 513 470 540 nomine
485 513 616 540 malitiam
629 519 655 540 et
667 513 851 549 arrogantiam
865 519 997 549 tegentes.

206 558 278 585 servi
290 563 353 585 sunt
364 559 521 594 passionum
533 559 744 591 irrationalium.
753 560 823 587 servi
834 560 968 587 tumultus
975 565 1002 588 et

207 605 432 639 perturbationis,
448 606 583 634 libertatis
596 605 704 633 inimici
721 610 747 633 et
756 605 816 632 ideo
828 605 873 633 illa
887 605 1002 641 indigni.

1053 243 1121 278 μίαν
1137 244 1291 280 θαυμάζειν
1301 253 1309 260 ·
1325 245 1359 281 δι’
1373 241 1411 272 ὧν
1427 245 1458 272 τὺ
1475 245 1557 277 σέϐας
1573 245 1613 281 τῷ
1625 245 1754 273 δεδωκότι
1765 255 1846 282 προσ-

1050 289 1155 325 άγομεν
1168 290 1374 326 ἀπροφάσιστον
1387 299 1394 306 ·
1411 290 1470 323 πῶς
1489 291 1517 318 δὲ
1531 292 1580 318 καὶ
1595 292 1684 323 ἄλλως
1713 292 1744 319 οὐ
1768 294 1847 328 σωτή-

1050 344 1108 372 ριον
1137 336 1309 372 ἐκουσιότητι
1341 336 1456 373 γνώμης
1488 335 1537 372 τὴν
1565 337 1594 363 ἐν
1621 336 1746 372 πολιτείᾳ
1775 337 1846 369 τάξιν

1047 381 1239 416 διαφυλάττειν
1260 382 1308 410 καὶ
1340 382 1372 408 τδ
1397 382 1462 409 κατ’
1488 382 1568 415 ἀξίαν
1589 382 1683 417 νέμειν
1696 384 1753 413 τοῖς
1764 383 1845 418 ὑπερι

1048 427 1139 462 έχουσ⁴
1154 436 1162 458 :
1179 429 1226 454 καὶ
1239 428 1294 463 γὰρ
1311 428 1349 460 ὡς
1365 427 1474 464 ἀληθῶς
1489 428 1514 455 οί
1527 427 1646 455 τοιοῦτοι
1663 428 1810 463 ἐλευθέρας
1819 437 1845 454 τε

1049 471 1180 507 φέρουσιν
1195 473 1227 499 ἐκ
1238 473 1328 507 πάσης
1341 472 1461 506 ἀταξίας
1473 473 1520 500 καὶ
1544 473 1665 505 στάσεως
1685 474 1731 505 τὰς
1744 474 1843 509 ψυχὰς,

1051 517 1100 543 καὶ
1131 518 1181 552 τῆς
1210 517 1304 544 θεόθεν
1330 518 1478 554 δεδομένης
1508 519 1577 553 ἡμῖν
1602 519 1761 554 ἐλευθερίας
1784 519 1847 551 ἄξιοι

1052 562 1136 588 πᾶσιν
1164 563 1386 591 ἐπιδείκνυνται·
1408 565 1432 590 oi
1456 564 1486 590 δὲ
1511 564 1609 600 γνώμῃ
1633 565 1682 599 μὲν
1708 565 1844 600 μοχθηρᾷ,

1052 606 1140 642 τόλμῃ
1152 607 1181 632 δὲ
1197 607 1303 642 πονηρᾷ
1331 607 1379 634 καὶ
1399 609 1533 643 ταραχαῖς
1548 607 1684 644 χαιρούσῃ
1703 607 1752 644 τὴν
1776 608 1848 635 ἐλευ-

208 652 303 688 θερίαν
338 653 570 689 ἐπιφημίζοντες,
603 655 649 681 καὶ
673 654 716 681 διὰ
745 653 828 680 τοῦτο
865 654 959 681 στάσει
976 654 1026 688 τὴν
1054 654 1182 689 εὐνομίαν
1207 655 1328 688 λύοντες,
1348 652 1422 682 οὖτοι
1450 656 1639 691 προκάλυμμα
1657 656 1791 692 πονηρίας
1804 657 1848 682 καὶ

206 700 352 733 αὐθαδείας
365 702 415 737 τὴν
426 701 584 738 ἐλευθερίαν
597 701 822 738 προϐαλλόμενοι,
847 702 937 729 δοῦλοι
968 703 1019 738 μέν
1053 703 1123 730 εἰσιν
1146 703 1298 738 ἀλογίστων
1323 703 1429 738 παθῶν,
1447 704 1535 732 δοῦλοι
1551 704 1580 731 δὲ
1597 705 1718 741 ταραχῆς
1739 704 1788 731 καὶ
1804 705 1847 732 θο-

207 746 308 782 ρύϐων,
323 749 370 775 καὶ
385 749 434 784 τῆς
449 748 608 783 ἐλευθερίας
623 749 783 784 κατήγοροι,
799 748 847 776 καὶ
859 749 904 775 διὰ
917 749 998 775 τοῦτο
1015 746 1249 784 ταύτηςάνάξιοι.

244 793 307 821 Vult
323 800 412 821 autem
424 795 583 830 Apostolus,
600 803 643 830 pet
665 795 745 822 istam
763 795 994 828 exhortationem,
1009 796 1034 826 B

208 846 259 866 nos
278 839 304 866 in
322 840 453 867 omnibus
469 840 531 866 vitm
548 840 721 875 pactionibus
734 860 742 870 .
761 845 788 867 et
808 841 835 867 iu
853 840 914 868 aliis
937 848 999 874 quas

208 886 242 912 ad
261 893 318 912 rem
333 886 471 921 politicam
487 887 636 920 pertinent,
651 887 773 922 quandiu
796 887 906 915 divinus
921 895 999 914 amor

208 932 252 959 vel
274 931 340 959 ﬁdes
367 939 421 959 non
444 932 640 964 oll‘cnduntur,
662 932 794 960 donibiles
811 940 872 960 esse
893 932 999 968 legibus

210 984 373 1011 pra-parare,
387 982 414 1004 et
427 977 480 1004 illis
492 976 591 1011 quibus
605 977 753 1005 commissa
771 981 812 1005 est
834 978 922 1012 legum
950 986 1000 1005 au-

194 1021 324 1054 .ctoritas
340 1026 364 1048 et
378 1021 539 1056 gubernatio
550 1041 558 1054 ,
579 1022 750 1057 indulgentes
767 1030 844 1056 esse,
869 1031 919 1051 nec
938 1024 999 1051 illos

210 1067 256 1102 qui
275 1073 395 1102 praesunt
408 1068 557 1102 despicere,
575 1070 702 1104 quamvis
713 1069 739 1096 in
755 1070 909 1104 oppositum
927 1070 999 1097 veri-

210 1114 274 1141 tatis
291 1114 440 1141 reverentia
459 1115 511 1142 illis
526 1119 628 1142 mutata
647 1114 747 1142 fuerit!
763 1115 868 1149 quare?
886 1115 1000 1150 Propter

212 1166 297 1185 unum
312 1159 433 1192 quidem,
452 1163 482 1186 nt
497 1159 535 1186 illi
553 1159 600 1194 qui
614 1158 646 1186 ad
663 1159 829 1194 impietatem
841 1159 1001 1187 discordant

210 1203 334 1231 videntes
344 1209 467 1231 nostram
482 1204 692 1240 indulgentiam,
708 1210 735 1232 et
746 1211 866 1232 nostram
879 1206 904 1232 in
918 1214 1000 1240 agen-

210 1248 245 1275 do
257 1248 427 1276 honestatem
444 1254 472 1276 et
490 1249 657 1277 docilitatem
670 1270 678 1282 ,
703 1249 785 1277 simul
805 1250 914 1284 quidem
935 1250 1000 1277 visis

212 1294 312 1321 nostris
327 1294 449 1322 moribus
474 1299 500 1322 et
517 1299 611 1322 nostra
627 1295 681 1322 vita
702 1295 884 1328 erubescant,
906 1300 933 1322 et
950 1303 1000 1322 nos

211 1347 266 1366 non
281 1339 334 1367 illis
349 1340 460 1368 obedire
474 1341 502 1368 in
522 1341 604 1368 rebus
617 1341 753 1375 religiosis
763 1362 771 1374 ,
789 1349 843 1367 non
867 1341 1001 1376 superbia:

211 1392 295 1412 causa
311 1405 319 1418 ,
343 1393 393 1413 nec
417 1387 516 1414 mentis
536 1387 663 1414 indocilis
685 1387 871 1414 ostentatione
894 1391 1000 1422 putent,

211 1431 258 1457 sed
281 1436 390 1465 propter
408 1431 492 1459 divini
513 1433 650 1460 sermonis
662 1440 784 1460 amorem
797 1460 803 1466 ,
820 1441 869 1460 nec
885 1441 938 1460 non
955 1441 1003 1468 po-

1093 796 1223 823 Βούλεται
1243 797 1270 823 δὲ
1290 797 1363 832 ἡμᾶς
1388 797 1432 824 διὰ
1461 797 1565 833 ταύτης
1591 797 1642 832 τῆς
1659 796 1848 833 παραινέιιιεως

1051 842 1066 868 ό
1089 842 1250 874 ’Λπόστολος
1265 844 1294 870 ἐν
1313 845 1379 870 πᾶσι
1395 845 1452 875 τοῖς
1466 845 1536 871 κατά
1550 846 1594 871 τδν
1622 844 1680 880 βίον
1698 844 1847 878 συναλλάγ-

1053 897 1120 923 μασι
1146 890 1192 915 καὶ
1216 891 1273 921 τοῖς
1301 889 1392 921 ἄλλοις
1423 890 1631 925 πολιτεύμασιν,
1656 890 1706 917 ὅσα
1734 890 1772 925 μὴ
1799 890 1848 925 τὴν

1053 933 1130 960 θείαν
1144 933 1255 969 ἀγάπην
1279 933 1326 960 καὶ
1342 933 1433 960 πίστιν
1455 933 1677 969 ἐπιλυμαίνεται,
1694 933 1848 968 πειθηνίους

1053 975 1191 1009 εἶναιτοῖς
1204 978 1297 1013 νόμοις
1319 978 1541 1013 παρασκευάζειν
1553 986 1560 993 -
1585 978 1632 1004 καὶ
1649 975 1690 1009 οἷς
1707 977 1789 1012 ἡτῶν
1805 977 1848 1003 νό-

1054 1032 1113 1058 μων
1122 1023 1324 1059 κατεπιστεύθη
1337 1023 1467 1058 κυριότης
1477 1024 1524 1049 καὶ
1535 1023 1659 1057 πρόνοια,
1673 1022 1848 1057 εὐγνώμονάς

1052 1079 1083 1097 τε
1102 1067 1172 1105 εῖναι
1192 1071 1240 1097 καὶ
1259 1070 1296 1105 μὴ
1324 1070 1462 1106 ὑπερορᾷν
1489 1070 1552 1101 τοὺς
1567 1070 1766 1105 ὑπερέχοντας,
1797 1069 1848 1095 κᾶν

1053 1118 1094 1149 εἰς
1108 1117 1265 1144 τούναντίον
1291 1118 1383 1148 αὺτοῖς
1401 1118 1450 1152 τῆς
1470 1118 1601 1152 ἀληθείας
1626 1118 1658 1144 τὸ
1681 1117 1765 1150 σέϐας
1782 1118 1848 1144 ἀπο-

1053 1163 1237 1199 διακέκριται.
1267 1163 1318 1190 Διά
1332 1165 1378 1197 τίς
1413 1165 1460 1190 Ἕν
1488 1165 1537 1199 μὲν
1559 1164 1603 1191 ἵνα
1625 1164 1674 1191 καὶ
1689 1163 1764 1190 αὐτοὶ
1779 1164 1848 1198 πρὸς

1053 1208 1103 1244 τὴν
1133 1208 1262 1235 ἀσέϐειαν
1281 1209 1306 1235 οἱ
1329 1208 1529 1243 διαφωνοῦντες
1552 1208 1671 1244 ὁρῶντες
1697 1208 1776 1244 ἡμῶν
1799 1209 1849 1243 τὴν

1056 1252 1268 1288 εὐγνωμοσύνην
1284 1253 1332 1280 καὶ
1350 1253 1380 1280 τὸ
1397 1252 1451 1280 τῶν
1467 1253 1577 1288 τρόπων
1591 1253 1702 1287 εὐγενὲς
1715 1254 1762 1280 καὶ
1785 1262 1849 1279 πει-

1055 1302 1158 1338 θήνιον,
1172 1301 1232 1336 ἅμα
1252 1301 1301 1336 μὲν
1316 1301 1396 1336 ήμῶν
1410 1301 1600 1337 ὑπερυθριῶσι
1613 1303 1646 1337 τῇ
1664 1301 1789 1336 πολιτείᾳ
1803 1303 1851 1328 καὶ

1054 1347 1110 1376 τοῖς
1129 1345 1224 1381 ῆθεσιν
1238 1353 1245 1360 ·
1272 1345 1330 1380 ἅμα
1351 1346 1379 1372 δέ
1396 1345 1425 1372 τὸ
1442 1345 1479 1381 μὴ
1495 1345 1640 1372 πείθεσθαι
1663 1345 1755 1375 αὐτοῖς
1778 1346 1852 1372 κατά

1056 1389 1086 1416 τὸ
1099 1390 1192 1421 σέϐας,
1214 1390 1251 1423 μὴ
1265 1389 1413 1421 αὐθαδείας
1429 1390 1510 1425 ἔργον
1522 1389 1665 1424 νομίζωσι,
1693 1389 1762 1424 μηδέ
1775 1389 1851 1422 γνώ-

1043 1435 1111 1471 ’μης
1125 1436 1294 1471 ἀτεράμονος
1309 1436 1490 1470 ἐπιτήδευμα,
1506 1435 1562 1462 ἀλλ’
1578 1436 1680 1471 ἔρωτος
1690 1435 1761 1471 ὑπὲρ
1771 1435 1855 1468 λόγον

212 1476 305 1503 tentia;
317 1476 483 1512 virtutisque
508 1477 607 1505 divime
624 1486 630 1503 :
647 1477 728 1504 simul
745 1477 828 1504 etiam
847 1483 876 1504 ut
891 1486 947 1512 post

1120 1491 1132 1508 υ
1147 1481 1195 1508 καὶ
1221 1481 1297 1513 θείας
1321 1481 1464 1516 δυνάμεως
1496 1481 1544 1508 καὶ
1569 1480 1729 1516 ἐνεργείας·
1753 1480 1814 1515 ἅμα
1828 1481 1855 1507 δὲ

212 1528 262 1556 per
277 1527 402 1549 nostrum
421 1522 529 1551 dulcem
552 1528 580 1549 et
599 1524 809 1550 convenientem
837 1524 932 1558 agendi
950 1524 1008 1550 mo-

213 1567 277 1594 dum
290 1587 297 1600 ,
314 1567 336 1595 si
357 1567 428 1595 forte
456 1569 608 1602 voluerint,
637 1569 760 1603 aspicere
792 1569 825 1596 ad
844 1569 1008 1597 imitabilem

213 1613 353 1647 religionis
378 1618 478 1641 nostris
504 1615 737 1649 pulchritudinem
761 1620 787 1642 et
812 1616 886 1643 illius
912 1624 1008 1644 amore

213 1657 339 1690 excitati,
359 1658 523 1686 diabolicnm
539 1660 869 1694 quidemetidololalrum
887 1661 1008 1689 furorem

214 1703 402 1737 detestentur,
431 1705 590 1732 societatem
613 1711 703 1732 autem
729 1711 757 1732 ct
783 1714 904 1734 amorem
935 1708 1008 1735 illius

215 1748 276 1775 loco
302 1757 411 1784 sponsa:
432 1748 534 1778 Christi
561 1751 690 1779 Ecclesia:
716 1753 880 1787 suscipiant.
904 1752 942 1780 Ea
967 1758 1009 1780 est

214 1795 324 1829 quidem
346 1796 432 1830 prima
455 1804 537 1824 causa
555 1798 716 1832 apostolica:
739 1799 900 1830 sententim:
919 1799 942 1826 si
964 1807 1009 1826 se-

214 1841 332 1869 cundam
345 1848 435 1870 autem
450 1843 581 1877 volueris,
598 1849 627 1871 ut
638 1844 684 1879 qui
698 1845 790 1872 ﬁdeles
802 1851 1009 1881 persequuntur

214 1892 242 1914 et
257 1888 396 1923 expellunt
410 1894 435 1916 et
454 1889 564 1925 ﬂagitiis
576 1890 709 1923 elliciunt,
721 1891 827 1918 cultmn
839 1898 1008 1927 paganorum

216 1933 387 1972 proﬁtentes,
405 1941 460 1961 non
478 1935 511 1961 ad
527 1934 595 1962 alias
609 1935 743 1969 quasdam
762 1943 861 1963 causas
878 1944 1008 1970 persecu-

215 1978 305 2006 tiones
319 1979 421 2007 ri'ferre
437 1980 557 2007 habeant
567 2000 575 2012 ,
591 1988 641 2007 nec
657 1985 684 2006 ut
700 1980 867 2009 dissidentes
878 1986 904 2009 et
920 1982 1009 2017 agita-

216 2029 291 2052 tores
307 2025 334 2053 in
347 2025 483 2060 judicium
496 2034 547 2054 nos
560 2027 706 2060 adducant,
722 2028 769 2054 sed
781 2032 894 2063 propter
906 2029 1009 2062 ipsam-

217 2075 275 2098 mct
291 2071 469 2106 religionem,
486 2076 514 2100 et
534 2073 599 2108 quia
623 2081 677 2100 non
698 2073 839 2108 potuimus
863 2074 961 2102 adduci
975 2075 1008 2103 ad

217 2116 322 2144 cultum
341 2116 465 2144 divinum
482 2118 617 2145 creaturis
635 2123 663 2145 et
680 2119 802 2146 materize
826 2119 1006 2148 reddendum.

218 2162 296 2195 Quod
308 2168 335 2189 et
355 2163 413 2198 ipse
433 2163 581 2198 explicavit
603 2164 699 2201 dicens
715 2174 721 2192 :
739 2165 775 2193 Ut
788 2165 815 2192 in
834 2166 936 2201 quibus
957 2175 1009 2195 nos

219 2213 351 2235 accusant
366 2209 444 2243 quasi
460 2210 531 2237 male
559 2216 715 2245 sperantes,
729 2218 763 2238 ex
776 2211 857 2238 bonis
879 2212 1010 2246 operibus

219 2252 385 2287 aspicientes
400 2253 552 2289 glorillcent
571 2254 657 2282 Deum
673 2257 699 2281 ln
720 2255 764 2282 die
785 2255 893 2290 judicii.
912 2255 942 2283 Et
959 2257 1011 2283 ite—

219 2305 281 2324 rum
297 2306 304 2324 :
318 2297 365 2325 Sic
385 2302 427 2325 est
441 2298 570 2326 voluntas
586 2298 633 2325 Dei
652 2304 682 2326 ut
704 2298 772 2326 bene
792 2304 903 2334 agentes
922 2299 1010 2327 refre-

221 2349 317 2368 nemus
332 2340 520 2376 insipientium
535 2341 677 2369 hominum
689 2342 845 2370 stultitiam.
866 2343 907 2370 Ad
923 2343 1011 2371 rebel-

221 2384 322 2412 lionem
335 2390 362 2411 te
376 2385 477 2420 aliquis
492 2393 615 2421 paganus
629 2386 670 2413 vel
681 2385 792 2414 Iudaeus
806 2387 902 2414 vocat?
917 2395 1011 2423 pacem

222 2429 324 2458 indica.
339 2430 428 2464 Verba
445 2431 479 2458 ad
497 2431 673 2458 rebellionem
693 2437 720 2459 et
741 2432 940 2461 indocilitatem
964 2441 1013 2462 ex-

222 2475 335 2502 citantia
354 2475 479 2514 profert?
495 2484 543 2511 per
558 2476 740 2503 obedientiam
754 2477 792 2504 illi
807 2477 946 2506 silentium
961 2479 1013 2506 im-

223 2526 305 2553 pone.
325 2517 449 2554 Superba
473 2526 499 2546 et
521 2520 679 2555 arrogantia
707 2521 834 2556 profert?
864 2522 1013 2550 Dulcedine

222 2569 250 2592 ct
266 2565 419 2593 humilitate
438 2567 537 2594 mentis
555 2574 654 2594 vanum
674 2568 803 2603 loquendi
822 2569 943 2596 studium
965 2563 1012 2597 re-

224 2609 311 2637 frena.
327 2610 456 2638 Ordinem
469 2611 608 2646 politicum
622 2612 791 2640 destruentia
803 2614 814 2640 ?
826 2613 896 2641 Nihil
910 2614 937 2642 in
951 2614 1011 2643 istis

187 2687 191 2690 ι
224 2664 391 2691 Cognoscere
403 2657 537 2691 dicendo,
559 2659 724 2694 hypocrisim
746 2660 773 2686 in
792 2660 875 2688 fama.
893 2660 932 2689 lla
946 2662 1016 2689 insi—

225 2702 303 2737 picus
318 2703 400 2731 homo
424 2704 555 2732 inl‘renari
576 2711 677 2741 potest,
693 2707 734 2733 sic
754 2705 801 2734 Dei
822 2715 919 2735 servus
935 2708 1015 2743 glori-

227 2749 343 2783 Iicatur;
367 2751 407 2778 sic
430 2752 561 2779 mundum
588 2752 689 2786 vineit,
715 2753 823 2780 etiamsi
854 2753 1015 2788 ﬂagelletur,

226 2796 334 2825 etiamsi
347 2802 518 2833 torqueatur,
534 2799 640 2826 etiamsi
655 2799 844 2835 cruciﬁgatur,
859 2800 905 2834 qui
920 2804 1016 2827 contra

230 2848 369 2878 peccatum
382 2843 543 2883 honorabilc
557 2845 607 2872 sibi
621 2846 771 2880 trophmum
783 2851 936 2874 conservat.
951 2846 1016 2879 Qui-

1058 1526 1096 1558 ὠς
1118 1525 1151 1552 ἂν
1163 1526 1303 1561 δυνηθεῖεν
1317 1525 1361 1552 διὰ
1375 1526 1424 1559 τῆς
1439 1525 1545 1561 ἡμέρου
1557 1526 1604 1552 καὶ
1621 1525 1760 1557 ἐπιεικοῦς
1773 1526 1857 1560 ἡμῶν

1059 1572 1206 1602 πολιτείας,
1223 1572 1304 1606 εἴπερ
1321 1571 1375 1605 ἀρα
1393 1571 1549 1606 βουληθεῖεν
1566 1571 1721 1606 ἀναϐλέψαι
1734 1570 1807 1606 ergo;
1825 1571 1857 1597 τὺ

1058 1617 1105 1644 τοῦ
1136 1617 1310 1652 σεϐασματος
1337 1615 1417 1652 ἡμῶν
1444 1616 1584 1652 ἄφραστον
1612 1615 1722 1648 κάλλος,
1754 1617 1803 1643 καὶ
1819 1616 1861 1651 τῷ

1059 1663 1163 1689 ἐκεῖθεν
1190 1662 1272 1698 ἔρωτι
1294 1662 1493 1698 πτερωθέντες,
1536 1662 1716 1697 βδελύξωνται
1735 1662 1785 1697 μὲν
1812 1662 1861 1688 τὸν

1058 1709 1221 1745 δαιμονιώδη
1250 1709 1298 1736 καὶ
1327 1708 1466 1735 εἱδωλικδν
1491 1706 1611 1744 οἶστρον,
1636 1708 1686 1744 τὴν
1703 1707 1861 1741 συνάψειαν

1058 1755 1087 1782 δὲ
1111 1755 1158 1782 καὶ
1180 1755 1227 1782 τὸν
1254 1754 1336 1781 πόθον
1357 1753 1578 1787 ἀνταλλάξωνται
1599 1753 1648 1788 τῆς
1675 1752 1788 1788 νύμφης
1811 1753 1861 1780 τοῦ

1059 1799 1179 1835 Χριστοῦ
1205 1799 1388 1834 Ἑκκλησίας·
1413 1798 1477 1826 ἀλλ’
1507 1798 1581 1825 αἰτία
1605 1798 1656 1833 μὲν
1670 1797 1741 1832 αὕτη
1757 1798 1861 1833 πρώτη

1059 1848 1109 1880 τῆς
1122 1846 1307 1880 ἀποστολικῆς
1323 1845 1477 1877 νουθεσίας.
1503 1845 1534 1872 El
1551 1844 1640 1881 βούλει
1654 1844 1685 1871 δὲ
1701 1844 1749 1871 καὶ
1763 1845 1861 1871 δευτέ-

1061 1900 1121 1927 ραν,
1139 1890 1185 1919 ἴνα
1195 1890 1341 1922 διώκοντες
1356 1890 1405 1917 καὶ
1419 1889 1580 1922 ἐλαύνοντες
1593 1890 1640 1917 καὶ
1651 1888 1861 1925 τιμωρούμενοι

1058 1936 1122 1967 τοὺς
1133 1935 1248 1967 πιστοὺς
1264 1935 1289 1961 οἱ
1303 1933 1338 1961 τὰ
1359 1934 1494 1970 Ἑλλήνων
1505 1934 1649 1970 τιμῶντες,
1660 1933 1697 1969 μὴ
1719 1933 1761 1965 είς
1773 1932 1861 1965 ἄλλας

1058 1980 1136 2013 τινὰς
1152 1981 1245 2012 αῑτίας
1255 1980 1302 2007 τὸν
1315 1980 1437 2015 διωγμὸν
1447 1980 1546 2016 ἔχωσιν
1565 1970 1713 2015 ἀναφέρειν
1723 1988 1731 1995 ·
1747 1979 1812 2014 μηδ’
1822 1979 1861 2010 ὡς

1060 2027 1219 2059 στασιώδεις
1232 2027 1280 2054 καὶ
1296 2027 1503 2062 ταραχοποιοὺς
1520 2027 1647 2061 ύπάγωσι
1670 2026 1773 2058 δίκαις,
1789 2026 1861 2053 ἀλλὰ

1058 2074 1093 2101 δι’
1109 2073 1194 2109 αὐτὴν
1209 2073 1259 2108 τὴν
1273 2073 1434 2100 εὐσέϐειαν·
1461 2073 1509 2100 καὶ
1532 2073 1564 2100 τὺ
1584 2072 1622 2108 μὴ
1644 2073 1814 2109 ἀνασχέσθαι
1829 2073 1861 2099 τὸ

1060 2119 1132 2148 θεῖον
1148 2119 1231 2151 σέϐας
1247 2120 1288 2151 είς
1300 2119 1350 2154 τὴν
1366 2118 1433 2154 ὓλην
1448 2119 1498 2145 καὶ
1513 2119 1547 2145 τὰ
1559 2118 1699 2153 κτίσματα
1711 2118 1861 2159 κατάγειν.

1061 2165 1147 2192 Τοῦτο
1160 2165 1189 2192 δὲ
1201 2166 1248 2192 καὶ
1263 2165 1345 2197 αὐτὸς
1361 2165 1497 2200 ἐδήλωσεν
1510 2165 1603 2192 ιίπών·
1618 2165 1678 2193 Ἶνα
1693 2165 1722 2191 ἐν
1737 2161 1761 2199 ᾧ
1773 2173 1861 2192 κατα-

1058 2210 1177 2237 λαλῶσιν
1207 2211 1287 2246 ἡμῶν
1324 2210 1363 2242 ὡς
1402 2210 1562 2238 κακοποιῶν
1607 2211 1640 2238 ἐκ
1678 2210 1734 2237 τῶν
1768 2211 1861 2237 καλῶν

1059 2257 1149 2292 ἔργων
1164 2255 1387 2288 ἐποπτεύσαντες
1411 2255 1548 2288 δοξάσωσι
1577 2255 1624 2282 τὸν
1637 2255 1704 2282 Θεδν
1718 2255 1748 2281 ἐν
1765 2255 1861 2291 ἡμέρα

1060 2300 1214 2334 ἐπισκοπῆς
1224 2307 1232 2314 ⁸
1247 2300 1295 2326 καὶ
1311 2299 1393 2326 πάλιν
1421 2296 1423 2298 ’
1436 2299 1530 2331 Οὕτως
1545 2299 1605 2326 ἐστὶ
1621 2299 1652 2326 τὺ
1678 2298 1789 2334 θέλημα
1812 2299 1861 2326 τοῦ

1060 2343 1140 2377 Θεοῦ,
1155 2343 1391 2378 ἀγαθοποιοῦντας
1410 2344 1514 2379 φιμοῦν
1528 2344 1579 2380 τὴν
1596 2343 1650 2371 τῶν
1671 2343 1800 2378 ἀφρόνων
1815 2345 1861 2370 ἄνη

1062 2390 1180 2426 θρώπων
1205 2390 1354 2425 ἀγνωσίαν.
1372 2390 1474 2417 Στάσιν
1488 2399 1531 2421 τις
1558 2389 1612 2417 ¹τῶν
1631 2389 1817 2425 Ἑλληνιστῶν
1845 2391 1861 2426 ἦ

1062 2435 1112 2462 καὶ
1129 2435 1257 2467 Ἰουδαῖος
1274 2435 1402 2462 ἐπικαλεί
1418 2443 1478 2468 σοι;
1495 2435 1532 2461 Τὸ
1551 2434 1689 2470 εἰρηνικὸν
1702 2435 1842 2468 ἐπίδειξον
1855 2454 1861 2462 .

1069 2481 1197 2517 ’Δνήκοον
1214 2480 1354 2507 διαϐάλλει
1369 2480 1418 2507 καὶ¹
1432 2480 1535 2515 ἀπειθῆ
1548 2488 1556 2513 ;
1581 2479 1630 2507 Διὰ
1646 2481 1697 2515 τῆς
1717 2480 1861 2514 ὑποταγῆς

1063 2526 1242 2560 ἐπιστόμισον
1252 2534 1259 2541 ·
1277 2524 1396 2557 ἀλαζόνα
1413 2525 1461 2552 καὶ
1475 2525 1597 2560 «eadem
1612 2524 1658 2560 Τῷ
1671 2525 1800 2561 ταπεινῷ
1816 2527 1861 2552 καῖ

1066 2571 1163 2607 ἡμέρῳ
1177 2570 1226 2598 τοῦ
1238 2571 1415 2606 φρονήματος
1428 2571 1478 2607 τὴν
1494 2570 1685 2605 γλωσσαλγίαν
1702 2570 1861 2606 διέλεγξον⁴

1067 2617 1145 2650 τάξιν
1159 2616 1302 2651 πολιτικὴν
1317 2615 1461 2643 διαλύοντα
1471 2625 1478 2648 ;
1490 2616 1540 2643 Διά
1553 2616 1600 2643 τοῦ
1612 2615 1697 2652 μηδὲν
1710 2616 1740 2643 ἐν
1755 2616 1861 2648 τούτοις

1066 2664 1246 2699 ἀγνωμονεῖν,
1261 2663 1319 2697 τὴν
1336 2663 1522 2696 συκοφαντίαν
1550 2661 1728 2697 στηλίτευσον
1740 2671 1749 2678 ·
1776 2662 1861 2693 οὕτως

1066 2709 1163 2744 ἄφρων
1179 2708 1249 2743 ἀνὴρ
1265 2707 1378 2734 δύναται
1393 2708 1554 2743 φιμοῦσθαι·
1569 2707 1657 2740 οὕτως
1665 2707 1735 2735 Θεοῦ
1754 2708 1861 2741 δοξάζε‹

1067 2763 1110 2781 ται
1124 2753 1227 2785 δοῦλος.
1245 2753 1337 2786 οὕτως
1348 2754 1413 2790 νικᾷ
1427 2754 1472 2781 τὸν
1482 2754 1595 2790 κόσμον,
1613 2754 1666 2781 κᾶν
1681 2755 1861 2790 μαστίζηται,

1066 2800 1118 2826 κᾶν
1131 2799 1309 2834 στρεϐλῶται,
1336 2800 1389 2826 κᾶν
1416 2800 1675 2836 ἀνασκολοπίζηται,
1700 2800 1715 2826 ὁ
1745 2800 1779 2827 τὸ
1796 2799 1861 2827 atati

1066 2844 1116 2880 τῆς
1143 2844 1280 2880 ἁμαρτίας
1311 2845 1443 2880 τρόπαιον
1480 2845 1642 2880 ἀνύϐριστον
1668 2845 1861 2873 συνδιασώζωι
