1863 3064
25 161 63 192 885
445 155 495 185 AD
510 153 807 184 AMPHILOCHIUM

827 153 1002 190 QUESTIO
1018 155 1155 186 CLXXX.
1562 159 1616 192 886

25 213 132 249 ὲιυτῷ.“0
154 211 222 238 κατὰ
243 210 328 238 ταῦτα
357 210 567 245 πολιτευόμενος
594 210 633 236 τὰ·
661 209 777 244 προστά-

868 218 938 242 nque
961 213 1112 239 secundum
1133 212 1184 239 ista
1201 213 1327 241 mandata
1349 222 1411 242 sese
1430 215 1567 249 habuerit,
1584 217 1616 244 Ii-

24 266 111 294 γμιιτα,
136 256 261 292 ἐλεύθερα
284 255 363 290 φέρει
411 254 540 290 καθαρῶς
567 254 615 281 καὶ
638 262 673 280 τα
706 254 775 289 ἔργα

25 306 58 331 tul
73 305 126 335 τοὺς
148 303 243 337 λόγους
271 303 318 329 καὶ
350 301 403 337 πρό
428 309 461 336 γε
484 300 587 327 τούτων
617 299 702 336 αὐτὴν
726 299 775 335 τὴν

23 351 96 385 ψυχήν·

253 403 420 430 ΕΡΩΤΗΣΙΣ
438 403 503 429 Pll'.

95 449 157 485 Περὶ
172 449 328 484 θεολογίας
343 449 507 484 ζητήματα·
530 449 572 482 τῷ
585 448 676 482 αὐτῷ.

830 255 926 283 lterum
944 256 1012 284 feret
1029 257 1056 284 in
1070 259 1189 292 pttritate
1202 279 1209 291 ,
1228 265 1255 287 et
1273 260 1395 288 actiones
1413 266 1440 288 et
1463 269 1615 295 sermones,

828 305 856 328 et
869 306 932 329 ante
944 302 996 330 ista
1009 303 1097 338 ipsam
1113 305 1244 332 animam.

826 401 992 435 QU/ESTIO
1005 405 1134 434 CLXXX.
1154 406 1248 443 [CoisL
1263 407 1352 435 CCIX.
1382 407 1464 436 Tmtr.
1485 409 1552 445 αα]
1574 409 1613 444 (ι)

861 449 898 477 De
920 450 1061 487 Tlteologt'a
1074 454 1242 488 qua'stiones.
1261 453 1355 482 Eidem
1369 455 1589 491 (Amphilochia).

131 507 198 531 Edita
210 513 224 530 a
238 506 360 537 Basnagio
373 506 474 538 (Canis.
486 505 566 538 Antiq.
578 505 634 530 lect.
654 509 672 530 ι.
686 504 721 534 ll,
738 511 763 535 ι)-
777 510 802 534 ιι,
813 511 869 537 pag.
882 507 1009 540 425-525).
1021 523 1053 528 —
1062 508 1204 541 Dogmatica
1221 510 1252 534 de
1266 510 1407 542 cognitione
1423 510 1478 536 Dei.

49 551 165 586 Ἆῤῥητον
187 550 236 584 μὲν
258 550 288 576 τὸ
301 550 379 576 Θεῖον
399 550 494 585 ὥσπερ
508 551 556 577 καὶ
568 550 700 585 ἄληπτον,
712 549 780 577 διότι

24 595 68 630 μηδ’
79 595 142 621 ἐστιν
152 595 212 630 μηδ’
224 595 358 627 ἐπινοίαις
370 595 462 629 ψιλαῖς
476 595 706 630 προῦφεοτηκότα
720 594 780 622 τινὰ

24 641 99 669 λαϐεῖν.
111 642 148 668 Δι’
160 638 196 668 ὢν
211 641 225 668 ὁ
241 641 319 676 λόγος
335 641 439 677 προῖὼν
455 642 504 678 τὴν
517 642 618 676 γνῶσιν
631 642 678 669 καὶ
692 642 780 668 κατά-

24 687 82 722 ληψιν
100 687 143 714 τοῦ
162 688 298 723 μακαρίου
321 688 427 714 ἐκείνου
445 688 494 715 καὶ
512 688 667 722 ἀφθέγκτου
687 687 779 723 παρά-

25 741 64 767 ιλλοι
75 732 351 770 θεὰματος.¹Αρῤητον
363 734 392 761 δὲ
407 735 454 761 καὶ
465 734 585 769 ἄληπτον
597 735 637 766 ὃν,
655 735 709 761 άπό
722 734 777 761 τῶν

25 778 116 813 ὑστέρων
127 779 198 813 ὅμως
210 780 265 806 ἀπό
277 771 351 811 τινος
365 780 416 814 τῆς
429 779 534 806 ἐκεῖθεν
552 780 577 806 el
595 781 642 806 καὶ
653 779 777 815 ἀμυδρᾶς

25 823 121 857 timui};
140 824 168 849 ἐν
190 823 281 855 abaci;
307 824 467 859 κατιούσης,
491 824 538 851 καὶ
553 824 588 850 δι’
606 824 696 850 αὐτῶν
712 824 778 859 ἡμῖν

26 870 58 903 τὴν
77 870 184 897 διάνοιαν
198 870 365 902 ἐνατενίξειν
388 871 458 906 πρὸς
474 871 506 898 τὸ
529 871 671 906 ἀμήχανον
691 871 778 896 ἐκεῖνο

25 914 94 946 καλλος
107 915 366 950 παρασκευαζούσης
381 936 388 946 ,
413 916 527 942 δυνατόι
541 916 599 942 ἐστι
626 915 704 947 τινὰς
721 915 780 941 θεο-

26 961 112 993 aps-esi;
123 960 269 995 φαντασίας
287 960 469 994 εἰσδέξασθαι.
483 960 553 987 Καθ’
567 959 597 987 ὃν
612 960 667 995 γὰρ
677 960 779 994 τρόπον

25 1007 106 1042 οἱζὸφῳ
125 1008 205 1043 παχεί
221 1007 431 1043 περικεχυμένῳ
446 1007 632 1042 ἐγκαθήμενοι
647 1006 778 1042 βραχεῖάν

25 1062 65 1080 τινα
76 1053 121 1080 τῶν
132 1053 252 1090 ἡλιακῶν
268 1054 387 1080 ἀκτίνων
413 1052 460 1080 καὶ
475 1052 601 1088 ἀμυδρὰν
617 1051 779 1087 λαμπηδόνα

25 1100 186 1134 παραδέχονται
200 1120 207 1132 ,
227 1099 316 1130 οὕτως
331 1099 356 1125 οι
377 1098 416 1134 τῷ
431 1098 537 1134 σαρκίῳ
551 1097 779 1133 περιϐεϐλημένοι

25 1145 45 1170 ὲκ
57 1147 95 1180 τῆς
107 1145 230 1180 ἁπαυγῆς
244 1145 352 1180 ἐκείνης
365 1144 412 1171 τοῦ
423 1143 520 1180 νοητοῦ
532 1143 608 1180 ἡλίου
620 1145 660 1176 εἰς
673 1143 778 1170 ἔννοιάν

25 1199 65 1217 τινα
77 1192 116 1218 καὶ
131 1192 280 1226 φαντασίαν
294 1191 435 1227 θεοπρεπῆ
447 1189 543 1226 ὥσπερ
557 1191 612 1217 ἀπό
622 1199 695 1222 τινος
710 1199 778 1217 κατ-

25 1237 122 1272 οπτρικοῦ
139 1239 335 1273 μηχανήματος
354 1236 401 1264 τοῦ
422 1245 452 1263 τε
471 1237 554 1264 πόθου
573 1237 682 1272 καὶτῆς
697 1236 779 1271 συζη-

24 1284 101 1316 τήτεως
113 1285 266 1318 σκιοφανεῐς
288 1284 402 1315 ἀκτῖνας
416 1283 543 1315 ἐλκοντες
564 1283 713 1317 ἀνάγεσθαι
733 1282 779 1309 δύ-

26 1336 100 1356 νανται.

50 1375 88 1401 ’ον
100 1376 145 1411 μὲν
158 1375 203 1403 οὖν
218 1375 348 1407 διασώζει
363 1375 465 1409 λόγονὸ
479 1374 557 1410 ἣλιος
567 1376 595 1401 ἐν
610 1377 666 1406 τοῖς
679 1375 778 1410 αἰσθη-

24 1422 74 1452 τοῖς,
88 1422 204 1457 τοιαύτην
221 1423 257 1449 ἂν
279 1422 342 1457 περὶ
363 1421 410 1448 τοῦ
427 1421 507 1447 Θείου
536 1420 648 1448 δύναταί
672 1430 713 1453 τις
737 1421 780 1448 ἑν-

24 1474 76 1493 νοιαν
100 1468 132 1500 ὡς
153 1467 182 1501 ἐξ
212 1467 319 1499 εἰκόνος
348 1468 377 1494 ἐν
400 1467 457 1498 τοῖς
482 1468 588 1502 νοητοῖς
613 1466 705 1493 δοῦναι
731 1467 778 1493 καὶ

24 1510 99 1540 λαϐεῖν.

52 1559 115 1585 Ἀλλὰ
129 1559 246 1596 γὰρκαὶ
270 1559 300 1592 ἐξ
324 1559 486 1593 ἀποφάσεως
503 1557 557 1585 τῶν
580 1557 665 1584 ὄντων
691 1559 778 1584 ἁπάν-

23 1611 60 1630 των
80 1606 112 1637 εἰς
134 1606 251 1641 θεωρίαν
276 1605 433 1640 ἀναγόμεθα
456 1604 505 1639 τὴς
529 1604 703 1640 ἐξῃρημένης
725 1604 779 1631 τῶν

24 1649 84 1677 ὅντων
103 1643 191 1683 οὗσίας
212 1660 246 1678 τε
271 1651 317 1678 καὶ
333 1651 471 1686 θεότητος.
491 1651 524 1676 Ὀ
541 1651 595 1685 γὰρ
614 1651 697 1686 μηδὲν
721 1651 780 1677 ἐστι

25 1696 61 1722 τῶν
75 1698 180 1731 πάντων,
201 1699 328 1734 κρεῖττον
344 1697 373 1723 δὲ
395 1695 442 1722 τοῦ
467 1696 578 1728 trav-dic,
591 1695 665 1722 τοῦτ’
676 1696 720 1729 γᾶν
737 1696 779 1730 εἴη

25 1740 79 1773 θεὸς,
90 1743 114 1775 ὃς
127 1743 283 1779 προήγαγεν
296 1751 327 1769 τε.
344 1742 377 1768 ἐκ
394 1742 433 1777 μὴ
447 1741 531 1768 ὄντων
546 1741 586 1773 εἰς
608 1742 639 1768 τὸ
661 1740 730 1768 εἶναι
749 1743 780 1768 τὸ

25 1789 70 1819 πᾶν,
85 1790 125 1816 καὶ
141 1790 187 1825 τῆς
201 1790 258 1817 τῶν
273 1789 456 1824 προηγμένων
486 1787 618 1823 διαμονῆς
636 1788 683 1814 καὶ
698 1788 781 1823 ἐναρ-

27 1834 95 1867 μινίου
105 1837 234 1872 κινήσεως
249 1835 301 1871 τὴν
314 1835 441 1872 πρόνοιαν
454 1834 521 1869 ῐχει.

49 1881 91 1908 Καὶ
105 1884 151 1917 πρό
169 1892 200 1918 γε
215 1882 331 1914 τούτων,
353 1882 397 1909 ὅτι
417 1881 475 1907 ἐστι
496 1880 574 1912 Θεὸς,
588 1881 665 1915 κοινῇ
687 1881 772 1907 πᾶσιν

26 1926 210 1964 ἑτιατέσπαρται
222 1930 286 1961 ταῖς
297 1927 482 1964 ἀνθρωπίναις
495 1927 636 1959 διανοίαις,
644 1927 694 1962 τῆς
707 1927 780 1955 ἐκεῖ-

26 1971 57 1998 θεν
69 1975 143 2010 αὐγῆς
157 1976 193 2007 ὡς
209 1975 244 2002 δι’
270 1975 418 2011 ἐμφάσεων
434 1974 614 2009 διανιστώσης
638 1974 716 2010 ἡμῶν
735 1975 781 2002 τὸν

26 2018 76 2052 νοῦν,
87 2021 126 2047 καὶ
141 2022 364 2056 φωταγωγούσης
377 2022 403 2048 ει
427 2022 474 2048 καὶ
496 2022 535 2057 μὴ
550 2022 619 2057 πρὸς
635 2022 665 2047 τὸ
681 2021 781 2048 εἰδέναι

26 2064 42 2089 τί
55 2066 101 2092 ποτ’
112 2068 167 2094 ἐστὶ
181 2067 259 2100 Θεὸς,
274 2067 333 2094 ἀλλ’
349 2067 395 2094 οὖν
411 2076 442 2102 γε
458 2068 496 2102 μὴ
509 2067 617 2101 ἀγνοεῖν
635 2067 703 2103 ὅπερ
713 2066 782 2098 ὅλως

27 2111 86 2138 ἑπτὶν.

793 1529 815 1560 C

50 2156 72 2183 Εἰ
83 2158 129 2195 γὰρ
143 2160 253 2196 πλῆθος,
263 2159 337 2187 ᾶπαν
348 2158 403 2185 cits
418 2158 469 2194 τὴν
482 2158 528 2185 τοῦ
542 2158 671 2193 συνεχοῦς
682 2159 782 2193 ὀνομα-

866 551 925 579 Νοιι
944 553 1000 588 (30)
1024 560 1114 590 potest
1127 551 1262 590 expromi.
1288 556 1358 583 sicut
1377 564 1465 589 neque
1491 556 1618 591 cognosci

829 595 911 630 Deus,
932 599 996 633 quia
1025 607 1114 634 neque
1135 600 1296 627 noti0nibus
1335 605 1453 633 tantum,
1483 602 1618 636 quaepiam

828 651 889 678 qua:
908 645 984 679 prius
997 646 1164 680 exstiterint,
1182 647 1322 682 percipere
1340 654 1498 682 possumus,
1512 655 1544 674 ex
1558 648 1620 682 qui-

829 689 881 717 bus
906 691 976 718 ratio
996 699 1142 727 progressa
1169 693 1243 720 illius
1263 693 1336 721 beati
1366 693 1528 728 spectaculi,
1543 695 1617 729 quod

828 735 920 763 verbis
934 736 1056 771 expromi
1074 744 1128 763 non
1149 742 1249 772 potest,
1274 738 1459 774 cognitionem
1486 738 1615 773 przebeat.

829 780 869 808 Ex
885 782 919 809 iis
951 786 1053 814 tamen,
1071 791 1132 818 quae
1157 784 1310 819 posteriora
1336 788 1411 816 sunt,
1437 788 1567 819 tanquam
1585 793 1617 811 ex

830 828 949 862 quodam
963 828 1108 863 splendore
1122 829 1206 862 tenui,
1242 837 1256 856 a
1275 829 1331 857 Deo
1355 830 1381 857 in
1406 830 1475 865 ipsis
1502 830 1620 858 obscure

832 879 954 906 ostenso,
981 875 1027 909 qui
1045 874 1117 908 facit,
1135 882 1162 902 ut
1176 876 1352 910 possitmens
1367 876 1393 903 in
1411 876 1483 903 illam
1507 876 1621 903 immen-

832 928 890 947 sam
906 921 1137 954 pulchritudinem
1155 921 1268 954 intueri,
1288 922 1345 948 ﬂeri
1363 927 1463 956 potest,
1484 927 1513 949 ut
1538 930 1621 957 quas-

831 965 894 992 dam
908 966 1090 1001 cogitationes
1104 967 1187 995 Deum
1209 967 1337 995 decentes
1352 967 1530 1003 recipiamus.
1546 968 1621 996 Sicut

832 1011 917 1043 enim,
931 1012 978 1046 qui
996 1017 1062 1040 sunt.
1087 1013 1208 1041 tenebris
1221 1013 1315 1041 densis
1341 1013 1515 1045 circumfusi.
1532 1014 1621 1049 fulgo-

831 1065 889 1084 rem
905 1059 1051 1092 quemdam
1078 1067 1191 1094 parvum
1220 1064 1247 1087 et
1263 1064 1372 1087 lennem
1387 1060 1528 1087 radiorum
1554 1061 1621 1087 solis

832 1103 991 1136 admittunt,
1011 1105 1052 1132 sic
1068 1106 1115 1140 qui
1135 1109 1199 1132 sunt
1225 1105 1348 1132 conclusi
1365 1106 1391 1133 in
1416 1113 1508 1138 carne,
1522 1114 1555 1133 ex
1575 1107 1621 1133 illo

832 1151 977 1186 splendore
1005 1151 1072 1179 solis
1095 1151 1272 1184 intellectilis,
1303 1156 1433 1186 tanquam
1473 1153 1620 1186 aquodani

831 1198 944 1232 speculo
958 1198 1027 1232 (51),
1043 1197 1171 1224 desiderii
1185 1202 1212 1225 et
1237 1197 1426 1232 inquisitionis
1451 1199 1528 1225 radio
1560 1207 1622 1226 utn-

832 1242 946 1270 bratiles
967 1243 1118 1274 elicientes,
1135 1242 1168 1270 ad
1198 1243 1324 1271 notitiam
1345 1243 1491 1278 quamdam
1506 1249 1533 1271 et
1546 1244 1622 1280 cogi-

824 1287 962 1327 _tatiouem
978 1287 1077 1315 elevari
1094 1291 1219 1323 possunt.

867 1376 953 1410 Quam
982 1377 1066 1410 igitur
1095 1377 1228 1404 rationem
1246 1376 1287 1404 sol
1312 1376 1339 1404 in
1358 1377 1401 1410 iis,
1420 1384 1481 1412 qua:
1489 1376 1541 1403 sub
1560 1384 1622 1404 sen-

832 1430 893 1450 sum
905 1422 1017 1455 cadunt,
1036 1422 1128 1454 habet,
1152 1422 1269 1449 similem
1295 1422 1478 1455 cognitionem
1505 1421 1553 1449 Dei
1571 1430 1620 1456 po-

831 1472 885 1496 test
895 1469 958 1504 quis
971 1468 1102 1503 prabcre,
1115 1473 1142 1495 et
1160 1468 1293 1502 accipere,
1308 1473 1438 1501 tanquam
1454 1476 1486 1495 ex
1505 1468 1622 1504 imagine

832 1515 860 1542 in
878 1515 923 1547 iis,
939 1523 1000 1550 quae
1012 1514 1063 1541 sub
1081 1514 1285 1549 intelligentiam
1299 1515 1409 1541 cadunt.

868 1560 920 1588 Sed
938 1559 1010 1587 enim
1024 1567 1056 1586 ex
1073 1560 1216 1594 negatione
1233 1559 1314 1585 etiam
1327 1559 1462 1592 omnium,
1474 1566 1535 1594 qua:
1547 1563 1621 1590 sunt.

831 1605 993 1633 adducimur
1015 1605 1048 1632 ad
1066 1605 1327 1640 contemplationem
1345 1605 1516 1637 substantim,
1545 1609 1622 1634 extra

832 1652 924 1679 omnia
944 1652 1050 1686 positae,
1067 1655 1095 1678 et
1115 1651 1287 1683 divinitatis;
1317 1651 1390 1685 quod
1403 1651 1475 1678 enim
1499 1651 1567 1678 nihil
1579 1656 1623 1678 est

831 1705 927 1724 eorum
943 1697 1067 1724 omnium
1084 1704 1145 1731 qua:
1157 1702 1231 1728 sunt,
1245 1702 1271 1723 et
1287 1696 1342 1730 (δὲ)
1356 1697 1428 1722 omni
1443 1696 1541 1723 melius
1568 1701 1621 1728 est,

832 1744 885 1771 hoc
900 1744 995 1778 utique
1015 1743 1071 1770 erit
1096 1742 1179 1773 Deus.
1197 1743 1243 1777 qui
1266 1750 1297 1769 ex
1314 1742 1399 1768 nihilo
1420 1741 1484 1769 fecit
1530 1749 1622 1774 omne,

832 1794 859 1817 et
873 1789 1045 1824 providentia
1073 1796 1134 1820 sua,
1149 1796 1211 1823 quae
1232 1788 1303 1815 facta
1323 1793 1400 1821 sunt,
1420 1793 1577 1820 conservat,
1595 1793 1622 1814 et

833 1840 864 1863 ut
875 1839 937 1870 apte
948 1840 975 1862 et
991 1834 1127 1862 concinne
1139 1835 1310 1866 moveantur,
1327 1834 1402 1862 facit.

870 1881 904 1907 Et
931 1879 1005 1915 quod
1036 1879 1210 1914 potissimum
1242 1884 1295 1912 est,
1325 1879 1448 1906 omnium
1477 1879 1620 1907 hominum

834 1926 973 1954 mentibus
1000 1926 1182 1953 communiter
1208 1925 1321 1952 insitum
1334 1930 1385 1958 est,
1401 1925 1485 1952 Deum
1508 1933 1580 1958 esse,
1596 1931 1622 1953 et

834 1972 910 2000 illinc
936 1972 1036 2007 fulgor.
1064 1976 1194 2006 tanquam
1214 1979 1261 2005 per
1286 1971 1458 1998 ostensiones
1489 1972 1621 2006 quasdam

834 2021 952 2045 tuentem
964 2017 1076 2048 excitat,
1090 2021 1117 2044 et
1138 2017 1283 2049 illuminat,
1305 2017 1413 2044 tametsi
1429 2024 1483 2043 non
1506 2021 1534 2043 ut
1549 2017 1622 2043 scia—

833 2071 908 2097 mus,
921 2064 985 2098 quid
1002 2062 1109 2090 tandem
1133 2062 1205 2089 Dens
1224 2068 1275 2094 est,
1289 2066 1378 2089 tamen
1398 2067 1428 2089 ut
1443 2070 1498 2090 non
1513 2063 1623 2099 ignore-

835 2117 909 2142 mus,
920 2117 981 2137 esse
992 2109 1102 2144 quidem
1119 2109 1242 2136 onmino.

873 2155 901 2182 Si
919 2155 992 2182 enim
1011 2155 1066 2188 (55)
1086 2155 1178 2181 omnis
1202 2153 1352 2181 similitudo
1370 2153 1428 2181 sive
1442 2161 1539 2181 nomen
1556 2161 1623 2181 ron-

27 2202 69 2229 είιν
81 2204 228 2241 δεχόμενον,
251 2206 306 2232 εἴτε
325 2206 363 2240 τῷ
385 2205 558 2240 διωρισμένῳ
573 2206 779 2241 περιγραφόμε-

868 2201 906 2228 iui
922 2201 1032 2231 habeat.
1054 2201 1111 2227 sive
1133 2200 1254 2232 discreti,
1279 2200 1350 2226 sicut
1375 2200 1402 2225 in
1419 2199 1556 2226 inﬁnitum
1572 2207 1622 2234 po-

27 2254 68 2277 m,
80 2249 162 2286 ὥσπερ
178 2253 217 2284 εἰς
233 2252 348 2287 ἄπειρον
362 2250 473 2278 δύναται
486 2250 634 2286 τέμνεσθαι
654 2251 701 2277 καὶ
721 2259 779 2276 σκε-

868 2255 887 2276 il
903 2248 991 2275 secari
1013 2252 1039 2274 et
1054 2246 1195 2281 dissipari.
1213 2247 1253 2273 sic
1270 2246 1351 2273 etiam
1368 2248 1401 2272 ad
1428 2245 1575 2272 ﬂuxionem
1595 2249 1623 2271 et

27 2290 131 2329 δάξεσθαι,
150 2297 221 2324 οὕτω
235 2298 283 2324 καὶ
304 2297 373 2332 πρὸς
387 2297 437 2332 τὴν
466 2296 570 2330 φθορὰν
584 2295 779 2331 ἀποφέρεσθαι.

868 2295 974 2321 teritum
1010 2291 1121 2324 deferri,
1146 2292 1260 2318 omnino
1284 2296 1375 2318 tamen
1410 2290 1622 2324 participatione

28 2336 107 2377 Μετοχῇ
127 2344 233 2376 παντως
259 2344 318 2374 ἑνός
335 2351 410 2374 τινος
435 2342 537 2376 ἐξήρθη
559 2341 607 2368 τοῦ
627 2341 672 2377 μὴ
697 2341 779 2368 ταῦτα

868 2340 915 2368 lius
937 2339 1079 2374 cujusdam
1109 2338 1252 2369 liberatur,
1272 2345 1307 2364 tte
1335 2337 1386 2363 ista
1408 2337 1527 2372 patiatur
1554 2336 1621 2370 (54),
1655 2336 1660 2342 ‘

28 2385 97 2413 πιθεῖν
109 2389 203 2417 αὐτίκα
218 2390 265 2417 τοῦ
281 2389 435 2425 προελθεῖν,
451 2388 520 2415 ἀλλὰ
535 2388 620 2422 μονῆς
634 2387 779 2414 ἀπολαύειν

868 2387 929 2414 atim
950 2385 1171 2420 ut,participatio
1188 2384 1270 2411 unius
1285 2382 1403 2418 prodivit
1417 2391 1424 2410 :
1446 2382 1512 2417 quin
1531 2382 1621 2417 potius

744 2495 859 2524 NOTA‘J.

51 2553 94 2587 (50)
109 2554 166 2582 Non
184 2561 268 2590 potest
281 2562 418 2590 “expromt.
448 2555 519 2590 sicut
543 2561 637 2590 neqqu
649 2553 784 2590 cognoscit

29 2585 228 2626 Πειιιίᾋρῤηίιον
244 2592 292 2626 μὲν
309 2585 339 2617 τὺ
352 2591 428 2616 Θείον
444 2589 539 2626 ὥσπερ
553 2585 601 2615 καὶ
614 2585 746 2626 ἄληπτον.
757 2588 784 2614 Id

28 2628 69 2649 est:
85 2635 92 2650 ι
108 2622 180 2653 th‘
198 2622 288 2660 potest.
311 2626 422 2661 quidem
447 2622 539 2651 verbis
557 2622 687 2659 oxpriini,
714 2623 786 2650 sicut

29 2663 94 2696 neque
106 2662 227 2696 cognosci
245 2661 327 2688 Deus.
346 2671 356 2687 ι

52 2694 95 2731 ιᾷί)
121 2692 250 2723 οὲίίιίετὶὶ
273 2702 298 2723 et
318 2695 499 2731 inquisitionis
524 2694 601 2731 radio
627 2692 786 2731 umbratile:

29 2726 142 2764 tlicieittes.
156 2732 177 2757 Τ
178 2731 210 2758 οὗ
234 2739 262 2757 τε
278 2726 361 2757 πόθου
377 2731 425 2757 καὶ
437 2730 611 2764 συζητήσεως
627 2729 787 2764 σκιαφανξῖς

29 2764 112 2798 εκεῖ-ης
123 2766 254 2797 ἕλκοντες.
291 2766 317 2793 Id
338 2772 380 2793 est
398 2774 404 2792 :
435 2775 445 2790 ι
463 2763 594 2792 Desidetii
613 2768 640 2790 et
671 2763 772 2797 inquisi

31 2798 91 2825 tionis
102 2801 187 2829 radios
205 2802 361 2828 umbratiles
376 2801 526 2828 elicientes.
547 2808 556 2824 ι

55 2832 99 2867 (32)
114 2835 144 2861 Et
155 2837 224 2862 omni
235 2836 326 2863 melius
338 2840 377 2863 est
393 2856 400 2863 .
419 2855 426 2862 .
438 2854 446 2862 .
461 2843 492 2861 ex
505 2833 587 2861 nihilo
613 2833 675 2868 fecit
698 2839 783 2858 omne.

33 2864 168 2900 Κρεῐτξονδέ
176 2871 223 2898 τοῦ
241 2871 341 2904 παντὸς
356 2891 363 2898 .
382 2892 389 2898 .
405 2891 412 2898 .
431 2870 594 2906 προήγαμεν
607 2864 640 2896 ἐκ
651 2868 688 2903 μὴ
699 2867 783 2893 ὄντων

836 2553 875 2583 εις
900 2551 930 2578 τὸ
951 2549 1022 2578 εἶναι
1049 2551 1079 2577 τὸ
1107 2551 1171 2580 πᾶν.
1188 2550 1214 2577 Id
1239 2554 1305 2577 est:
1332 2560 1342 2576 ι
1359 2550 1392 2577 Ει
1417 2551 1470 2577 hoc
1498 2550 1624 2577 universo

835 2587 934 2614 melius
946 2592 989 2614 est
1005 2606 1013 2613 .
1033 2606 1040 2612 .
1058 2606 1065 2612 .
1081 2594 1114 2612 ex
1132 2586 1217 2612 niuilo
1229 2585 1292 2612 fecit
1307 2586 1477 2618 universum,
1495 2593 1542 2613 seu
1554 2586 1625 2613 banc

835 2629 926 2648 rerum
942 2621 1159 2648 universitatem.
1174 2630 1183 2646 ι

872 2657 910 2692 (1)
928 2657 974 2692 Est
985 2655 1277 2692 dissertatiosecunda
1288 2655 1361 2692 apud
1373 2654 1550 2692 linsnagiuni.

872 2692 928 2727 (53)
956 2691 1050 2719 Omnis
1070 2690 1229 2718 similitudo.
1245 2690 1350 2725 Πλῆθος
1383 2690 1468 2718 ἆπαν.
1499 2690 1527 2717 ld
1556 2695 1623 2717 est:

839 2736 848 2752 ι
869 2727 959 2753 omnis
977 2726 1134 2752 multitudo.
1162 2734 1171 2749 ι

872 2762 929 2795 (54)
945 2761 1045 2788 Statim
1055 2765 1083 2795 ut
1098 2760 1269 2795 participatio
1284 2760 1364 2787 unius
1381 2759 1507 2795 prodivit.
1520 2759 1624 2786 Αὐτίκα

837 2796 883 2822 τοῦ
899 2795 1051 2831 προελθεῖν.
1071 2794 1098 2822 Id
1117 2799 1159 2822 est
1174 2802 1182 2822 :
1198 2804 1207 2821 ι
1231 2794 1328 2823 Statim
1344 2794 1412 2823 utin
1428 2802 1521 2823 rerum
1545 2800 1625 2826 natu-
1651 2819 1661 2825 _

838 2838 896 2859 tam
913 2831 1024 2866 prodiit.
1040 2839 1050 2856 ι
