1863 3064
46 153 88 184 897
472 157 522 187 AD
536 155 833 187 AMPIIILOCHIUM
853 154 1025 192 QU/ESTIO
1039 153 1212 185 CLXXXII.

1608 151 1660 183 898

45 207 106 234 δαῖόν
122 215 150 233 τε
167 207 213 233 καὶ
230 207 373 246 ἀνίδρυτον
389 212 563 248 κατενεχθείη
578 212 629 247 τῆς
645 212 754 247 πρώτης
772 220 815 238 πε·

910 219 1047 246 quaquam
1076 212 1196 246 patiatur
1219 209 1351 237 Dit'initas
1369 218 1374 237 :
1392 209 1439 237 sed
1465 209 1608 237 materiam
1634 217 1661 237 et

46 253 124 289 ριοχῆς
135 253 284 292 ἀπορρυὲν,
302 257 351 284 καὶ
364 257 433 292 πρὸς
446 257 565 293 ἑκάστην
578 257 701 284 ἐπίνοιαν
715 257 821 292 ἀνθρω-

46 299 115 336 ¹ξῐῖνην
128 302 170 328 δια
175 303 382 338 σκεδαζόμενον.

873 265 936 292 qua:
946 258 979 284 ad
992 257 1062 284 hanc
1077 257 1224 292 pertinent,
1238 255 1309 283 infra
1324 263 1353 284 se
1366 255 1534 290 relinquens,
1547 255 1574 283 in
1591 255 1661 283 trina

875 303 1011 337 theologia
1025 303 1116 330 sedem
1135 303 1209 337 ligat,
1225 309 1314 337 neque
1333 302 1408 329 illum
1425 306 1485 337 post
1502 301 1661 329 Trinitatem

48 355 179 375 numerum
198 349 345 383 admittat;
362 357 398 378 ne
418 349 451 377 ad
471 349 585 378 ell'usam
610 350 830 385 ineﬂ‘abilemqne
849 350 958 378 numeri
993 350 1128 377 rationem
1147 349 1297 382 deferatur,
1315 349 1338 376 si
1358 357 1374 375 a
1395 349 1481 383 prima
1499 349 1542 376 illa
1559 349 1661 385 [Trini-

47 394 111 430 tatis]
124 395 369 429 comprehensione
385 396 533 424 deﬂuxerit
547 401 574 424 et
590 397 624 424 ad
641 404 866 432 unamquamque
875 397 1018 424 hontinum
1031 396 1262 431 excogitationem
1277 396 1460 430 dispergatur.

74 441 151 475 Τριὰς
165 441 194 468 δὲ
208 442 254 467 καὶ
267 441 329 476 οὐχὶ
343 442 409 474 δυὰς
423 444 437 470 ό
452 442 518 474 Θεὸς
531 463 539 476 ,
555 443 600 470 ἵνα
617 443 654 479 μὴ
667 443 716 478 τὴν
732 443 822 470 αἰτίαν

46 487 85 513 καὶ
97 488 180 522 ἀρχὴν
195 488 243 523 τῆς
265 488 352 523 τομῆς
375 489 421 515 καὶ
445 489 492 516 τοῦ
515 489 670 524 σκεδασμοῦ
690 489 719 516 ἐν
733 488 823 524 ἑαυτῷ

47 535 124 568 φέρων
137 535 186 570 τὴν
208 535 312 562 ἑνιαίαν
335 535 382 562 καὶ
403 535 525 571 ἄτμητον
549 536 596 562 καὶ
625 535 716 571 πηγὴν
733 536 824 570 πάγης

46 581 158 615 ὲνάτητος
182 581 312 617 ὲνυϐρίσῃ
336 581 427 615 φύσιν.
454 582 522 608 Οὐδὲ
538 582 677 617 τέσσσαρα
691 582 718 608 δὲ
734 581 824 617 πολλῷ

48 625 143 659 μᾶλλον.
167 626 253 662 Διπλῆ
269 627 323 662 γὰρ
340 627 426 653 ταῦτα
442 627 524 662 τομὴ,
544 628 561 662 ἡ
579 627 629 663 μὲν
643 627 691 662 τὴν
716 627 822 661 γένεσιν

48 671 278 706 mmmam“
291 692 298 704 ,
317 673 334 707 ἡ
350 673 380 699 δὲ
398 673 448 708 τὴν
467 673 496 706 ἐξ
519 672 626 708 ἐκείνης
647 673 822 700 συντεθεῖσαν

47 717 169 752 τέμνουσά
179 726 210 744 τε
224 719 272 748 καὶ.
281 717 436 745 διαλύοντα.
451 719 519 745 Οὐδὲ
533 719 568 745 τὰ
583 719 663 745 πέντε
679 719 702 746 δ’
718 719 751 746 ἂν
766 719 822 754 ἔχοι

47 763 124 798 χώραν
137 763 391 798 καθορᾶσθαι,,οὑδὲ
403 765 436 791 τὰ
449 765 522 799 ἑξῆς,
537 765 578 792 Τὰ
591 765 639 800 μὲν
651 765 692 791 ὅτι
707 765 822 800 δεύτερα

908 442 967 470 Jam
980 450 1045 470 vero
1059 441 1220 470 Trinitatem
1232 442 1314 470 habet
1327 442 1408 473 Deus.
1421 450 1474 470 non
1489 442 1662 473 dualilatem;

872 496 907 517 ne
922 489 946 516 si
961 488 1093 517 sectionis
1116 488 1353 523 dispersionisque
1375 495 1488 516 causam
1512 493 1540 515 ct
1562 489 1663 523 print-i-

872 537 946 572 pium
959 537 986 564 in
1005 544 1035 564 se
1050 537 1108 572 ipso
1123 536 1224 568 ferret,
1251 536 1418 571 singularem
1442 534 1605 567 insectilcm,
1637 539 1664 561 tt

873 583 963 611 omnis
978 582 1092 610 unitatis
1107 582 1208 610 fontem
1224 585 1352 610 naturam
1368 581 1532 610 contumelia
1547 581 1662 615 quadam

877 629 1006 657 alliceret.
1023 629 1107 656 Multo
1124 629 1211 663 magis
1224 628 1377 655 excluditur
1388 636 1402 655 a
1415 627 1469 655 Deo
1483 627 1663 662 quaternitas.

876 673 939 702 llaec
950 675 1023 702 enim
1040 675 1138 710 duplex
1153 679 1194 702 est
1206 674 1308 707 sectio;
1325 681 1441 709 quarum
1453 681 1506 700 una
1518 673 1575 709 (52)
1588 681 1666 701 crea-

877 721 979 748 tionem
998 721 1218 756 praeoccupavit,
1247 720 1333 747 altera
1359 719 1538 754 compositam
1561 727 1594 746 ex
1619 719 1664 746 illa

878 771 953 794 secat
971 770 998 793 ct
1011 766 1147 794 dissolvit.
1164 766 1258 801 Neque
1283 765 1365 794 etiam
1392 765 1420 792 in
1446 765 1547 792 divinis
1573 765 1663 792 locum

48 808 86 842 τῆς
101 807 214 843 Τριάδος
226 828 234 840 ,
250 809 297 836 καὶ
315 809 365 844 τῆς
391 810 450 837 κατ’
469 810 554 845 αὐτὴν
576 810 697 845 ἀμεροῦς
721 811 815 838 ἐννοίας

913 813 958 840 bet
973 813 1118 848 quinarius
1134 820 1265 840 nttmerus
1279 820 1368 846 neque
1381 812 1471 839 cteteri
1483 811 1530 847 qui
1543 819 1663 845 sequun-

49 853 219 889 ὑποϐέϐηκεν.
234 854 275 881 Τὰ
285 855 314 882 δὲ
326 855 366 881 ὅτι
378 855 592 890 τοῦ-σκεδααμοῦ
606 857 650 883 καὶ
665 856 714 890 τῆς
729 857 827 895 τομῆς,

48 899 87 926 καὶ
97 899 227 936 τῆςρωης
243 900 305 927 ὅσον
319 901 359 932 είς
375 901 499 928 σύνθεσιν
514 902 638 937 πρόεισιν
665 902 747 929 πλέον
764 911 829 937 μετ-

51 945 105 980 έχει.
129 946 235 973 Οὐκοῦν
257 947 373 978 εἰκότως
391 948 407 983 ή
433 947 573 982 θεολογία,
589 949 640 984 τὴν
658 948 707 984 μὲν
725 949 829 984 Τριάδα

51 991 106 1025 πρὸς
127 992 310 1027 ὲκφαντορίαν
334 994 384 1028 τῆς
405 994 435 1019 ὲν
460 995 492 1029 τῇ
516 993 596 1028 φύσει
620 994 829 1029 παραλαμϐάνει

49 1038 224 1072 κρυψιότητος.
246 1038 283 1064 Τὸ
303 1038 332 1065 δὲ
349 1038 378 1066 ἒν
396 1039 463 1066 διότι
483 1040 571 1066 οὐδενὶ
594 1039 681 1072 οὕτως
705 1040 777 1076 ἄλλῳ
796 1040 826 1067 τὺ

48 1082 105 1117 ὑπὲρ
119 1083 180 1111 νοῦν
195 1084 311 1120 κρύφιον
326 1087 376 1121 τῆς
393 1085 520 1122 θεότητος
535 1086 573 1118 ὡς
581 1086 620 1121 τῷ
633 1087 675 1113 ἐνὶ
689 1086 824 1120 θεολογεί-

47 1138 82 1154 τιι
102 1130 147 1157 καὶ
170 1131 403 1166 παραδεικνυται’
431 1133 478 1158 καὶ
501 1132 568 1159 διότι
586 1133 661 1168 πηγὴ
686 1134 824 1168 συμφυΐας

49 1175 142 1211 ἁπάσης
155 1176 348 1211 ὑμνο).ογεῖται
367 1177 398 1204 τὸ
413 1177 491 1204 Θείον
505 1178 642 1212 ἐνότητος.

875 863 936 891 tur;
962 862 1020 886 tum
1047 858 1112 893 quia
1143 858 1280 886 secundas
1305 862 1400 885 tenent
1428 861 1490 892 post
1516 857 1664 884 trinitatem

875 908 978 938 partes,
999 907 1027 931 et
1042 903 1129 938 ipsius
1147 903 1214 931 ideae
1229 903 1387 930 indivisibili
1405 903 1484 937 longe
1499 906 1563 930 sunt
1578 901 1666 936 impa-

876 957 932 981 res,
946 954 1004 977 tum
1019 950 1084 985 quia
1096 949 1294 985 dispersionis,
1306 954 1332 977 et
1350 949 1490 980 sectionis,
1508 953 1533 976 ct
1545 948 1667 976 material.

875 995 1020 1032 [quantum
1049 996 1083 1023 ad
1112 995 1339 1031 compositionem
1363 994 1492 1030 pertinet]
1518 998 1582 1020 sunt
1607 1001 1666 1020 am-

878 1042 950 1077 plius
962 1041 1120 1077 participes.
1141 1041 1234 1076 Itaque
1247 1041 1310 1075 jure
1328 1040 1426 1067 merito
1444 1039 1580 1073 theologia
1603 1038 1665 1065 Tri-

879 1086 991 1114 nitatem
1008 1087 1118 1122 quidem
1136 1086 1253 1114 assumit
1266 1086 1298 1113 ad
1317 1085 1391 1112 illius
1419 1085 1491 1120 quod
1517 1085 1544 1111 in
1567 1089 1666 1112 natura

879 1132 995 1169 [divina]
1009 1132 1197 1165 absconditur,
1213 1132 1335 1168 mysterii
1348 1131 1562 1159 declarationem
1581 1139 1587 1156 :
1605 1130 1667 1156 uni-

879 1182 961 1206 tatem
977 1186 1052 1212 vero,
1067 1186 1100 1207 eo
1114 1178 1186 1213 quod
1200 1178 1268 1205 nihil
1281 1178 1393 1213 perinde
1404 1185 1436 1205 ac
1448 1177 1539 1204 unitas
1553 1177 1668 1204 abscon-

49 1220 120 1248 ditam
136 1221 252 1249 Deitatis
266 1227 392 1249 naturam
406 1223 481 1250 omni
497 1228 588 1250 creata
603 1227 692 1251 mente
704 1224 871 1268 snpcriomm
884 1224 993 1256 indicet,
1003 1228 1030 1251 et
1038 1231 1071 1252 eo
1097 1224 1143 1258 qni
1170 1223 1257 1250 Deum
1284 1224 1390 1253 deccat,
1417 1221 1666 1256 modoeloquatnr;

48 1273 131 1300 praeter
150 1275 235 1302 quam
265 1268 338 1302 qttod
357 1268 450 1295 divina
466 1269 578 1297 unitatis
603 1269 674 1296 ratio
695 1275 825 1304 tanquam
846 1269 907 1297 fons
920 1270 1052 1305 cujusque
1070 1269 1203 1297 naturalis
1217 1269 1385 1304 cognationis
1397 1268 1557 1296 celebratur.

79 1314 133 1341 Ἔτι
148 1315 176 1342 δὲ
192 1315 209 1350 ἡ
224 1315 309 1348 δυὰς,
320 1315 356 1343 τά
369 1325 398 1342 τε
412 1316 478 1352 ἴχνη-
488 1316 535 1343 τοῦ
553 1317 590 1352 μὴ
604 1316 680 1348 ὄντος
697 1317 726 1343 ἐν
742 1317 824 1352 ἑαυτῇ

48 1359 129 1396 πρώτῃ
144 1360 263 1395 μάλιστα
274 1361 362 1397 φέρει.
372 1361 484 1394 Λύσεώς
493 1371 523 1388 τε
535 1362 589 1398 γὰρ
603 1363 656 1397 πρὸ
669 1363 722 1389 τῶν
735 1363 824 1390 ἄλλων

47 1405 105 1441 αὕτη
119 1406 214 1441 πηγὴ,
237 1407 283 1433 καὶ
303 1407 390 1442 τομῆς
414 1409 460 1434 καὶ
476 1409 649 1444 σκεδασμοῦ,
674 1410 721 1436 καὶ
743 1410 825 1435 πᾶσιν

47 1451 110 1478 αετία
121 1452 212 1487 φέρειν
229 1454 258 1478 ἐν
271 1453 377 1485 ἑαυτοῖς
393 1454 443 1489 τῆς
461 1454 563 1490 φθορᾶς
581 1455 614 1482 τὰ
628 1456 768 1491 προοίμια.
792 1457 824 1482 'll

912 1318 954 1346 Ad
980 1318 1038 1345 hate
1054 1317 1174 1345 dualilas
1188 1317 1277 1352 prima
1294 1317 1416 1344 omnium
1432 1316 1552 1343 maxime
1582 1315 1609 1341 in
1636 1321 1667 1342 sc

879 1364 933 1392 {ert
954 1364 1044 1396 nihili,
1075 1371 1122 1392 seu
1148 1364 1209 1399 ejus
1236 1363 1310 1399 quod
1328 1371 1382 1390 non
1399 1362 1525 1394 exsistat,
1540 1361 1665 1397 vestigia.

879 1409 942 1437 llzec
953 1409 1024 1437 enim
1039 1417 1096 1444 pra:
1111 1408 1218 1436 cmteris
1235 1411 1297 1436 lens
1314 1407 1504 1435 dissolutionis
1517 1411 1571 1440 est,
1596 1405 1666 1433 scis-

878 1463 950 1483 surae
965 1460 993 1483 et
1009 1455 1210 1490 dispersionis;
1231 1461 1397 1488 causamque
1412 1453 1541 1480 onmihus
1554 1450 1668 1487 'praebet

49 1500 121 1535 Τριὰς
134 1501 160 1527 δὲ
184 1502 216 1528 τὸ
241 1502 363 1537 ἄτμητον
386 1503 513 1536 εἰκονίζει
533 1504 629 1539 πρώτη
647 1505 694 1532 καὶ
710 1505 810 1532 ὰσκὲδα

915 1509 926 1528 r
941 1502 968 1529 in
981 1502 1078 1536 seipsis
1089 1501 1213 1537 quredam
1227 1500 1310 1528 veluti
1327 1500 1478 1535 primordia
1495 1497 1587 1526 ferant
1605 1505 1668 1526 cor-

49 1553 108 1573 στον.
129 1547 182 1573 Καὶ
202 1546 231 1573 εἴ
241 1556 268 1574 τι
286 1547 350 1574 ἄλλο
370 1549 480 1584 μετέχει
494 1550 543 1585 τῆς
556 1550 712 1585 ἀδιαιρέτου
734 1559 763 1577 τε
779 1551 826 1578 καὶ

50 1591 200 1619 ἁτκεδάστου
227 1593 334 1626 φύσεως
356 1593 386 1626 ἐξ
406 1594 492 1629 αὐτῆς
515 1595 676 1631 μετειληφδς
695 1596 825 1630 ἐπιγινώ-

49 1641 139 1663 scatat.
156 1637 202 1663 Διὸ
220 1637 251 1663 τὸ
262 1638 339 1663 Θείον
360 1638 473 1670 εἰκότως
490 1640 539 1674 τῆς
563 1641 628 1675 ροῆς
648 1640 696 1667 καὶ
721 1641 825 1673 λύσεως

49 1680 88 1705 καὶ
112 1681 214 1716 φθορᾶς
245 1683 335 1710 αἰτίαν
357 1684 507 1712 ἁπεσίσατο
521 1692 544 1711 ι.
564 1686 614 1712 Διὰ
628 1685 658 1712 δὲ
677 1686 728 1721 τῆς
754 1687 825 1712 εἰκο-

50 1724 161 1761 νιζούσης
176 1728 294 1763 Τριάδος
318 1729 350 1755 τὸ
375 1730 526 1765 ἆρρευστόν
545 1739 574 1757 τε
586 1731 634 1758 καὶ
658 1731 825 1758 ἀσκέδαστον

50 1770 87 1796 καὶ
117 1771 258 1800 ἀδιάλυτον
293 1774 523 1808 ὲκιγινώσκεσοαι
562 1777 740 1812 κατηξίωσεν.
770 1779 824 1805 Καὶ

51 1816 94 1850 γὰρ
115 1817 143 1844 τὸ
167 1819 220 1854 μὲν
242 1819 290 1855 τὴν
304 1820 393 1846 αἰτίαν
412 1821 460 1855 τῆς
481 1822 566 1857 τομῆς
589 1823 635 1849 καὶ
651 1823 755 1858 ῥύσεως
770 1823 824 1850 τῶν

49 1861 123 1889 dum
134 1864 280 1898 ὁμοταγῶν
298 1866 391 1892 παθῶν
406 1867 553 1902 ὑπεριδεῖν,
571 1869 671 1895 οἰκεῖον
686 1869 821 1904 θεότητος.

51 1908 116 1935 Τδδὲ
131 1911 179 1946 τὴν
194 1911 299 1946 Τριάδα
322 1912 359 1947 μὴ
386 1913 564 1948 ὑπεριδόντας
588 1914 704 1949 πρώτως
727 1915 824 1941 εἰκονί-

50 1953 135 1984 ζουσαν
159 1957 290 1984 τάναντία
310 1959 399 1985 πάντα
423 1959 478 1985 τῶν
495 1960 647 1995 εἰρημένων
668 1960 762 1987 παθῶν
784 1962 824 1993 εἰς

50 1998 152 2035 ἀπορίαν
171 2003 218 2029 τὸν
238 2003 408 2038 ἀνθρώπινον
429 2005 492 2031 νοῦν
513 2005 664 2033 πλανᾶσθαι
683 2007 721 2042 μὴ
735 2015 824 2042 παρα-

51 2048 146 2081 χωρεῖν,
167 2049 373 2084 φιλανθρωπίας
387 2050 417 2077 τέ
436 2052 494 2078 ἐστι
509 2053 558 2086 τῆς
577 2053 738 2088 πρεπούσης
752 2053 822 2087 Θεῷ,

52 2092 148 2128 καὶτῆς
168 2095 234 2129 περὶ
254 2095 328 2130 ἡμᾶς
346 2097 477 2131 Προνοίας
494 2098 714 2133 περιφανεστάτη
735 2099 823 2133 παρά-

52 2144 141 2170 στασις.

879 1547 993 1582 ruplelaa
1009 1555 1016 1573 :
1037 1545 1157 1574 Trinitas
1171 1552 1262 1573 autem
1277 1566 1285 1578 ,
1312 1544 1385 1580 quod
1409 1544 1496 1572 secari
1515 1543 1668 1579 dispergive

879 1594 983 1628 nequit.
1001 1593 1065 1620 illud
1083 1593 1170 1628 prima
1187 1596 1382 1626 repraesentat;
1413 1595 1441 1618 et
1462 1591 1486 1618 si
1510 1590 1576 1626 quid
1592 1590 1666 1618 aliud

879 1639 1052 1667 indivisibilis
1077 1647 1127 1666 nec
1149 1638 1348 1673 dispersionem
1366 1637 1494 1672 patientis
1511 1641 1617 1664 naturae
1638 1637 1668 1663 tit

878 1685 1025 1720 particeps,
1038 1692 1069 1711 ex
1083 1684 1142 1719 ipsa
1157 1684 1292 1718 particeps
1308 1683 1382 1711 illius
1399 1691 1461 1710 esse
1477 1683 1664 1718 cognoscitur.

878 1731 965 1764 Quam
977 1731 1012 1758 ob
1023 1739 1080 1758 rem
1093 1730 1221 1758 divinitas
1236 1738 1347 1757 causam
1367 1729 1494 1762 etiiuxus,
1509 1729 1668 1756 dissolutio-

878 1778 932 1809 nis,
946 1781 974 1804 et
988 1776 1150 1811 corruptela:
1169 1784 1182 1802 a
1199 1783 1229 1803 se
1242 1776 1301 1810 ipsa
1316 1775 1420 1810 expulit
1439 1784 1446 1802 :
1463 1780 1490 1802 et
1512 1782 1561 1810 per
1577 1774 1668 1802 Trini-

879 1826 961 1849 tatem
977 1829 1038 1856 quae
1053 1822 1253 1849 immunitatem
1270 1821 1304 1848 ab
1321 1820 1432 1852 elllusu.
1448 1820 1628 1848 dissolutione
1639 1825 1668 1848 et

877 1868 1046 1902 dispersione
1084 1873 1281 1902 repraesentet,
1319 1867 1431 1902 agnosci
1469 1866 1581 1902 dignata
1613 1870 1665 1894 est.

877 1914 982 1942 Etenim
1003 1915 1145 1947 sectionis,
1165 1913 1291 1946 emuxus,
1305 1917 1333 1941 et
1348 1913 1462 1941 aliarum
1479 1912 1601 1947 ejusdem
1621 1919 1667 1939 or-

877 1961 950 1988 dinis
962 1960 1137 1988 all‘cctionum
1151 1967 1261 1988 causam
1280 1960 1430 1994 despicere,
1449 1960 1501 1987 ltoc
1515 1967 1581 1987 sane
1595 1959 1666 1986 divi-

877 2007 971 2034 nitatis
983 2011 1025 2034 est
1044 2007 1183 2042 proprium
1199 2015 1206 2034 :
1223 2007 1296 2041 quod
1328 2013 1393 2034 vero
1416 2005 1576 2032 Trinitatem
1605 2012 1666 2040 quae

877 2053 969 2081 omnia
986 2054 1122 2088 przedictis
1147 2053 1338 2080 aﬂ‘eclionibus
1353 2052 1492 2081 contraria
1509 2051 1583 2079 vclut
1599 2052 1667 2078 ima-

877 2099 939 2134 gine
953 2099 1070 2134 quadam
1100 2099 1239 2132 exhibeat,
1262 2106 1316 2126 non
1332 2098 1558 2132 d'espexerimus,
1578 2104 1666 2131 neque

877 2145 1031 2180 permiserit
1049 2145 1119 2173 Dens
1140 2150 1169 2172 ut
1191 2146 1308 2173 humana
1324 2152 1401 2173 mens
1417 2145 1443 2172 in
1464 2143 1663 2171 dubitationum

51 2187 162 2220 angustia
176 2188 294 2216 adducta
309 2195 430 2222 erraret;
452 2190 504 2217 hoc
517 2190 639 2225 proferto
652 2191 829 2228 benignitatis
846 2197 888 2230 est
901 2201 955 2228 qua
978 2193 1062 2220 Dcum
1093 2201 1155 2228 erga
1190 2193 1314 2220 homines
1338 2191 1410 2219 aftlci
1430 2194 1507 2219 decet
1529 2195 1555 2218 cl
1575 2189 1663 2218 mani-

51 2230 217 2261 festissimum
232 2242 295 2269 erga
309 2244 358 2263 nos
372 2236 556 2264 Providentia:
567 2244 774 2272 argumentum.

298 2293 463 2320 ΕΙὨΤΙΙΣΙΣ
482 2295 566 2322 ΡΠΒ¹.

153 2337 218 2371 Πῶς
230 2338 359 2373 λὲγομεν
372 2339 406 2366 ἒν
423 2340 472 2366 καὶ
485 2341 550 2374 τρία
567 2340 599 2367 τὸ
613 2341 713 2372 Θεῖον;

837 2303 864 2332 Ῑ)
896 2295 1059 2330 ρυιεδτιο
1078 2295 1218 2324 CLXXXII
1236 2296 1329 2332 [CoisL
1341 2295 1431 2328 CCXI,
1451 2295 1530 2322 Tuur.
1548 2294 1636 2332 CCil].

942 2340 1000 2376 (55)
1017 2340 1155 2373 Quomodo
1169 2341 1289 2367 dicamus
1307 2340 1389 2367 Deum
1402 2348 1482 2367 unum
1496 2344 1520 2366 el
1537 2339 1612 2365 tria?

615 2399 685 2424 Edita
697 2407 711 2424 a
724 2400 840 2434 Basnagio
852 2400 880 2431 (l.
893 2406 915 2424 (ι,
927 2406 952 2430 p.
963 2399 1088 2429 451-455).

78 2435 122 2462 Ἓν
144 2436 192 2463 καὶ
211 2437 276 2472 τρία
295 2438 325 2464 τὸ
339 2438 416 2465 Θεῖον
431 2440 621 2475 θεο).ογοῦμεν,
644 2442 675 2469 τὸ
691 2442 720 2469 ἐν
734 2443 762 2468 δὲ
779 2443 824 2469 καὶ

49 2479 76 2505 τὰ
87 2482 146 2516 τρία
157 2484 197 2510 ἐνὶ
212 2485 261 2520 τῆς
276 2484 435 2520 ὑπερφυοῦς
447 2486 550 2522 ταύτης
564 2487 693 2523 Οεαρχίας
705 2489 751 2515 καὶ
764 2489 824 2516 καθ’

50 2526 112 2559 ἡμᾶς
135 2530 266 2564 ἱερολογεῐ
282 2531 416 2567 θεολογία.
433 2533 470 2559 Οὐ
487 2532 516 2559 τὸ
532 2532 560 2559 ἒν
575 2534 604 2559 ἐν
619 2533 746 2569 ἀριθμοῖς
760 2535 775 2570 ἢ
791 2535 825 2561 τὰ

51 2572 101 2605 τρία
115 2575 215 2609 κυρίως
235 2575 329 2612 ὥοπερ
340 2578 388 2604 ἐπὶ
403 2577 458 2605 τῶν
473 2578 544 2604 κατὰ
557 2578 638 2612 φύσιν
653 2581 700 2606 καὶ
720 2580 824 2615 κυρίως

912 2442 1003 2470 Unum
1020 2446 1047 2468 ct
1062 2441 1114 2468 tria
1129 2441 1212 2468 Deum
1229 2441 1378 2476 theologice
1391 2441 1517 2472 dicimus,
1535 2445 1562 2467 et
1578 2447 1662 2467 unum

875 2493 901 2515 et
918 2487 970 2514 tria
985 2487 1013 2514 in
1028 2487 1180 2518 divinitate,
1197 2494 1258 2521 qua:
1271 2494 1352 2521 supra
1363 2491 1488 2513 naturam
1504 2489 1556 2519 est,
1570 2489 1662 2512 nostra

875 2532 1022 2568 Theologia
1040 2532 1116 2566 dicit,
1131 2540 1185 2559 non
1202 2540 1285 2559 unum
1301 2532 1328 2559 in
1343 2531 1472 2563 numeris,
1488 2531 1527 2558 vel
1540 2531 1590 2558 tria
1601 2538 1663 2565 pro-

878 2580 937 2615 prie
951 2581 991 2608 sic
1001 2579 1150 2616 accipiens,
1164 2579 1235 2607 sicut
1251 2579 1278 2606 in
1290 2579 1334 2612 iis,
1348 2585 1409 2613 qua:
1421 2577 1570 2605 secundum
1585 2581 1663 2604 natu-

684 2656 799 2683 VAlilJ-Z
817 2657 1018 2685 LECTIONES.

80 2702 91 2715 ι
105 2697 278 2727 ἀπεσείσατο.

795 2751 909 2779 NOTAE.

83 2791 134 2824 (52)
149 2791 228 2825 Nam,
240 2799 270 2822 nt
285 2802 367 2830 supra
381 2796 475 2823 docuit
490 2795 614 2829 Photius,
630 2797 721 2825 omnis
742 2797 824 2825 Crea-

52 2827 103 2868 l‘ma
117 2833 222 2868 constat
233 2838 264 2856 ex
294 2827 406 2858 materia
423 2837 450 2858 et
477 2832 582 2865 forma;
607 2827 664 2868 ’ναι
693 2840 723 2860 ex
739 2833 830 2868 aliqua

51 2858 170 2890 duahtate
184 2871 243 2898 qua:
259 2868 378 2893 materia:
397 2874 422 2894 et
436 2867 531 2895 ton-nne
550 2858 722 2902 respondeat;

205 2912 339 2942 Ριιτιιοι.
362 2913 419 2943 Gtt.
444 2913 495 2945 Cl.

910 2799 968 2833 (55)
986 2797 1062 2825 Hanc
1076 2797 1254 2833 quaestionem
1266 2804 1324 2833 _ncc
1343 2805 1395 2823 non
1411 2801 1438 2824 et
1448 2795 1664 2833 dnasgsequep-

878 2828 918 2862 tes
936 2828 1065 2861 ct’l‘ormat
1084 2828 1192 2870 'quarta
1210 2840 1242 2860 cx
1264 2831 1508 2860 Dissertationibns
1526 2828 1663 2865 Basnagli.

1467 2909 1504 2938 '29
