  <div class='ocr_page' id='page_1' title='image "/cluster/home/n/w/nwhite01/storage/ocr_20150623/101/njp.32101077772877/547.png"; bbox 0 0 1863 3064; ppageno 0'>
   <div class='ocr_carea' id='block_1_1' title="bbox 158 119 212 151">
    <p class='ocr_par' dir='ltr' id='par_1_1' title="bbox 158 119 212 151">
     <span class='ocr_line' id='line_1_1' title="bbox 158 119 212 151; baseline -0.019 0"><span class='ocrx_word' id='word_1_1' title='bbox 158 119 212 151; x_wconf 81' lang='grc'><strong>907</strong></span> 
     </span>
    </p>
   </div>
   <div class='ocr_carea' id='block_1_2' title="bbox 739 124 1209 160">
    <p class='ocr_par' dir='ltr' id='par_1_2' title="bbox 739 124 1209 160">
     <span class='ocr_line' id='line_1_2' title="bbox 739 124 1209 160; baseline 0.011 -6"><span class='ocrx_word' id='word_1_2' title='bbox 739 124 854 155; x_wconf 84' lang='grc' dir='ltr'><strong>ΡΗΟΤΙ</strong></span> <span class='ocrx_word' id='word_1_3' title='bbox 858 125 871 155; x_wconf 93' lang='grc' dir='ltr'>Ι</span> <span class='ocrx_word' id='word_1_4' title='bbox 885 126 1139 158; x_wconf 65' lang='lat' dir='ltr'><strong>PATRIARCHIE</strong></span> <span class='ocrx_word' id='word_1_5' title='bbox 1153 129 1209 160; x_wconf 66' lang='grc' dir='ltr'><strong>(ΣΡ.</strong></span> 
     </span>
    </p>
   </div>
   <div class='ocr_carea' id='block_1_3' title="bbox 1733 131 1785 162">
    <p class='ocr_par' dir='ltr' id='par_1_3' title="bbox 1733 131 1785 162">
     <span class='ocr_line' id='line_1_3' title="bbox 1733 131 1785 162; baseline 0 -3"><span class='ocrx_word' id='word_1_6' title='bbox 1733 131 1785 162; x_wconf 82' lang='lat'><strong>908</strong></span> 
     </span>
    </p>
   </div>
   <div class='ocr_carea' id='block_1_4' title="bbox 158 176 911 221">
    <p class='ocr_par' dir='ltr' id='par_1_4' title="bbox 158 176 908 213">
     <span class='ocr_line' id='line_1_4' title="bbox 158 176 908 213; baseline 0.005 -9"><span class='ocrx_word' id='word_1_7' title='bbox 158 176 363 211; x_wconf 71' lang='lat' dir='ltr'><strong>cogitationem,</strong></span> <span class='ocrx_word' id='word_1_8' title='bbox 382 185 442 213; x_wconf 73' lang='lat' dir='ltr'><strong>qua:</strong></span> <span class='ocrx_word' id='word_1_9' title='bbox 453 177 537 205; x_wconf 80' lang='lat' dir='ltr'><strong>Deum</strong></span> <span class='ocrx_word' id='word_1_10' title='bbox 550 178 657 210; x_wconf 80' lang='lat' dir='ltr'><strong>deceat.</strong></span> <span class='ocrx_word' id='word_1_11' title='bbox 674 179 708 207; x_wconf 87' lang='lat' dir='ltr'><strong>de</strong></span> <span class='ocrx_word' id='word_1_12' title='bbox 720 178 775 207; x_wconf 85' lang='lat' dir='ltr'><strong>Deo</strong></span> <span class='ocrx_word' id='word_1_13' title='bbox 789 180 908 208; x_wconf 75' lang='lat' dir='ltr'><strong>informa</strong></span> 
     </span>
    </p>
   </div>
   <div class='ocr_carea' id='block_1_5' title="bbox 1047 176 1788 221">
    <p class='ocr_par' dir='ltr' id='par_1_5' title="bbox 1047 183 1788 221">
     <span class='ocr_line' id='line_1_5' title="bbox 1047 183 1788 221; baseline 0.004 -11"><span class='ocrx_word' id='word_1_14' title='bbox 1047 184 1155 211; x_wconf 80' lang='grc' dir='ltr'>ντασῐαν</span> <span class='ocrx_word' id='word_1_15' title='bbox 1169 183 1290 211; x_wconf 77' lang='grc' dir='ltr'>ἀνελθείν</span> <span class='ocrx_word' id='word_1_16' title='bbox 1312 184 1359 211; x_wconf 71' lang='grc' dir='ltr'>τοῦ</span> <span class='ocrx_word' id='word_1_17' title='bbox 1373 184 1452 212; x_wconf 85' lang='grc' dir='ltr'>Θείου</span> <span class='ocrx_word' id='word_1_18' title='bbox 1472 185 1610 221; x_wconf 81' lang='grc' dir='ltr'><strong>θεοπρεπῆ</strong></span> <span class='ocrx_word' id='word_1_19' title='bbox 1622 206 1630 218; x_wconf 84' lang='grc'>,</span> <span class='ocrx_word' id='word_1_20' title='bbox 1647 185 1694 212; x_wconf 73' lang='grc' dir='ltr'>καὶ</span> <span class='ocrx_word' id='word_1_21' title='bbox 1710 186 1788 214; x_wconf 74' lang='grc' dir='ltr'>τοῦτο</span> 
     </span>
    </p>
   </div>
   <div class='ocr_carea' id='block_1_6' title="bbox 158 222 952 260">
    <p class='ocr_par' dir='ltr' id='par_1_6' title="bbox 158 222 952 260">
     <span class='ocr_line' id='line_1_6' title="bbox 158 222 952 260; baseline 0.008 -12"><span class='ocrx_word' id='word_1_22' title='bbox 158 222 242 257; x_wconf 76' lang='lat' dir='ltr'><strong>tique</strong></span> <span class='ocrx_word' id='word_1_23' title='bbox 258 223 300 250; x_wconf 84' lang='lat' dir='ltr'><strong>vel</strong></span> <span class='ocrx_word' id='word_1_24' title='bbox 323 230 356 250; x_wconf 75' lang='lat' dir='ltr'><strong>ex</strong></span> <span class='ocrx_word' id='word_1_25' title='bbox 375 231 409 251; x_wconf 90' lang='lat' dir='ltr'><strong>eo</strong></span> <span class='ocrx_word' id='word_1_26' title='bbox 425 223 522 259; x_wconf 86' lang='lat' dir='ltr'><strong>liquet,</strong></span> <span class='ocrx_word' id='word_1_27' title='bbox 538 224 610 258; x_wconf 91' lang='lat' dir='ltr'><strong>quod</strong></span> <span class='ocrx_word' id='word_1_28' title='bbox 626 224 658 258; x_wconf 87' lang='lat' dir='ltr'><strong>ii,</strong></span> <span class='ocrx_word' id='word_1_29' title='bbox 677 225 723 260; x_wconf 91' lang='lat' dir='ltr'><strong>qui</strong></span> <span class='ocrx_word' id='word_1_30' title='bbox 738 225 865 253; x_wconf 76' lang='lat' dir='ltr'><strong>videnlur</strong></span> <span class='ocrx_word' id='word_1_31' title='bbox 880 226 952 254; x_wconf 89' lang='lat' dir='ltr'><strong>inter</strong></span> 
     </span>
    </p>
   </div>
   <div class='ocr_carea' id='block_1_7' title="bbox 160 267 952 306">
    <p class='ocr_par' dir='ltr' id='par_1_7' title="bbox 160 267 952 306">
     <span class='ocr_line' id='line_1_7' title="bbox 160 267 952 306; baseline 0.006 -12"><span class='ocrx_word' id='word_1_32' title='bbox 160 267 286 296; x_wconf 76' lang='lat' dir='ltr'><strong>homines</strong></span> <span class='ocrx_word' id='word_1_33' title='bbox 304 268 336 296; x_wconf 90' lang='lat' dir='ltr'><strong>ad</strong></span> <span class='ocrx_word' id='word_1_34' title='bbox 360 276 501 297; x_wconf 83' lang='lat' dir='ltr'><strong>summum</strong></span> <span class='ocrx_word' id='word_1_35' title='bbox 525 269 666 305; x_wconf 73' lang='lat' dir='ltr'><strong>fastigium</strong></span> <span class='ocrx_word' id='word_1_36' title='bbox 687 270 831 306; x_wconf 77' lang='lat' dir='ltr'><strong>sapientia:</strong></span> <span class='ocrx_word' id='word_1_37' title='bbox 855 279 952 306; x_wconf 85' lang='lat' dir='ltr'><strong>perve-</strong></span> 
     </span>
    </p>
   </div>
   <div class='ocr_carea' id='block_1_8' title="bbox 161 313 953 351">
    <p class='ocr_par' dir='ltr' id='par_1_8' title="bbox 161 313 953 351">
     <span class='ocr_line' id='line_1_8' title="bbox 161 313 953 351; baseline 0.006 -12"><span class='ocrx_word' id='word_1_38' title='bbox 161 313 246 345; x_wconf 82' lang='lat' dir='ltr'><strong>nisse,</strong></span> <span class='ocrx_word' id='word_1_39' title='bbox 268 314 339 341; x_wconf 86' lang='lat' dir='ltr'><strong>inter</strong></span> <span class='ocrx_word' id='word_1_40' title='bbox 358 322 388 342; x_wconf 83' lang='lat' dir='ltr'><strong>se</strong></span> <span class='ocrx_word' id='word_1_41' title='bbox 405 315 480 350; x_wconf 87' lang='lat' dir='ltr'><strong>ipsos</strong></span> <span class='ocrx_word' id='word_1_42' title='bbox 501 319 528 342; x_wconf 88' lang='lat' dir='ltr'><strong>et</strong></span> <span class='ocrx_word' id='word_1_43' title='bbox 544 315 579 342; x_wconf 84' lang='lat' dir='ltr'><strong>ab</strong></span> <span class='ocrx_word' id='word_1_44' title='bbox 594 315 656 343; x_wconf 87' lang='lat' dir='ltr'><strong>aliis</strong></span> <span class='ocrx_word' id='word_1_45' title='bbox 674 316 824 351; x_wconf 80' lang='lat' dir='ltr'><strong>plurimum</strong></span> <span class='ocrx_word' id='word_1_46' title='bbox 844 317 953 344; x_wconf 79' lang='lat' dir='ltr'><strong>dissen-</strong></span> 
     </span>
    </p>
   </div>
   <div class='ocr_carea' id='block_1_9' title="bbox 160 358 953 395">
    <p class='ocr_par' dir='ltr' id='par_1_9' title="bbox 160 358 953 395">
     <span class='ocr_line' id='line_1_9' title="bbox 160 358 953 395; baseline 0.006 -10"><span class='ocrx_word' id='word_1_47' title='bbox 160 362 270 391; x_wconf 78' lang='lat' dir='ltr'><strong>serunt;</strong></span> <span class='ocrx_word' id='word_1_48' title='bbox 280 358 383 388; x_wconf 89' lang='lat' dir='ltr'><strong>idcirco</strong></span> <span class='ocrx_word' id='word_1_49' title='bbox 399 360 471 388; x_wconf 91' lang='lat' dir='ltr'><strong>Deus</strong></span> <span class='ocrx_word' id='word_1_50' title='bbox 488 360 576 389; x_wconf 82' lang='lat' dir='ltr'><strong>factus</strong></span> <span class='ocrx_word' id='word_1_51' title='bbox 588 366 629 388; x_wconf 90' lang='lat' dir='ltr'><strong>est</strong></span> <span class='ocrx_word' id='word_1_52' title='bbox 646 361 741 395; x_wconf 86' lang='lat' dir='ltr'><strong>homo,</strong></span> <span class='ocrx_word' id='word_1_53' title='bbox 751 366 840 390; x_wconf 80' lang='lat' dir='ltr'><strong>utnon</strong></span> <span class='ocrx_word' id='word_1_54' title='bbox 851 360 953 395; x_wconf 88' lang='lat' dir='ltr'><strong>solum,</strong></span> 
     </span>
    </p>
   </div>
   <div class='ocr_carea' id='block_1_10' title="bbox 159 404 951 440">
    <p class='ocr_par' dir='ltr' id='par_1_10' title="bbox 159 404 951 440">
     <span class='ocr_line' id='line_1_10' title="bbox 159 404 951 440; baseline 0.005 -9"><span class='ocrx_word' id='word_1_55' title='bbox 159 404 206 438; x_wconf 86' lang='lat' dir='ltr'><strong>qui</strong></span> <span class='ocrx_word' id='word_1_56' title='bbox 231 404 293 439; x_wconf 88' lang='lat' dir='ltr'><strong>plus</strong></span> <span class='ocrx_word' id='word_1_57' title='bbox 315 405 493 440; x_wconf 73' lang='lat' dir='ltr'><strong>cognitionis,</strong></span> <span class='ocrx_word' id='word_1_58' title='bbox 514 414 596 439; x_wconf 88' lang='lat' dir='ltr'><strong>quam</strong></span> <span class='ocrx_word' id='word_1_59' title='bbox 615 406 661 434; x_wconf 88' lang='lat' dir='ltr'><strong>alii</strong></span> <span class='ocrx_word' id='word_1_60' title='bbox 681 407 800 434; x_wconf 83' lang='lat' dir='ltr'><strong>assecuti</strong></span> <span class='ocrx_word' id='word_1_61' title='bbox 815 407 951 438; x_wconf 82' lang='lat' dir='ltr'><strong>videntur.</strong></span> 
     </span>
    </p>
   </div>
   <div class='ocr_carea' id='block_1_11' title="bbox 160 449 951 488">
    <p class='ocr_par' dir='ltr' id='par_1_11' title="bbox 160 449 951 488">
     <span class='ocr_line' id='line_1_11' title="bbox 160 449 951 488; baseline 0.005 -12"><span class='ocrx_word' id='word_1_62' title='bbox 160 449 207 477; x_wconf 87' lang='lat' dir='ltr'><strong>sed</strong></span> <span class='ocrx_word' id='word_1_63' title='bbox 221 450 304 477; x_wconf 87' lang='lat' dir='ltr'><strong>etiam</strong></span> <span class='ocrx_word' id='word_1_64' title='bbox 319 451 419 486; x_wconf 78' lang='lat' dir='ltr'><strong>vulgus</strong></span> <span class='ocrx_word' id='word_1_65' title='bbox 434 451 585 485; x_wconf 82' lang='lat' dir='ltr'><strong>hominum,</strong></span> <span class='ocrx_word' id='word_1_66' title='bbox 603 451 650 487; x_wconf 85' lang='lat' dir='ltr'><strong>qui</strong></span> <span class='ocrx_word' id='word_1_67' title='bbox 669 452 758 487; x_wconf 83' lang='lat' dir='ltr'><strong>magis</strong></span> <span class='ocrx_word' id='word_1_68' title='bbox 774 460 857 480; x_wconf 84' lang='lat' dir='ltr'><strong>sensu</strong></span> <span class='ocrx_word' id='word_1_69' title='bbox 869 460 951 488; x_wconf 90' lang='lat' dir='ltr'><strong>quam</strong></span> 
     </span>
    </p>
   </div>
   <div class='ocr_carea' id='block_1_12' title="bbox 161 496 951 534">
    <p class='ocr_par' dir='ltr' id='par_1_12' title="bbox 161 496 951 534">
     <span class='ocr_line' id='line_1_12' title="bbox 161 496 951 534; baseline 0.005 -12"><span class='ocrx_word' id='word_1_70' title='bbox 161 496 267 524; x_wconf 83' lang='lat' dir='ltr'><strong>ratione</strong></span> <span class='ocrx_word' id='word_1_71' title='bbox 280 497 437 530; x_wconf 89' lang='lat' dir='ltr'><strong>ducuntur,</strong></span> <span class='ocrx_word' id='word_1_72' title='bbox 455 505 503 533; x_wconf 87' lang='lat' dir='ltr'><strong>per</strong></span> <span class='ocrx_word' id='word_1_73' title='bbox 516 505 567 531; x_wconf 84' lang='lat' dir='ltr'><strong>ea,</strong></span> <span class='ocrx_word' id='word_1_74' title='bbox 584 506 646 534; x_wconf 65' lang='lat' dir='ltr'><strong>qua:</strong></span> <span class='ocrx_word' id='word_1_75' title='bbox 665 498 759 525; x_wconf 79' lang='lat' dir='ltr'><strong>vident</strong></span> <span class='ocrx_word' id='word_1_76' title='bbox 775 501 802 526; x_wconf 88' lang='lat' dir='ltr'><strong>et</strong></span> <span class='ocrx_word' id='word_1_77' title='bbox 820 499 951 532; x_wconf 86' lang='lat' dir='ltr'><strong>audiunt,</strong></span> 
     </span>
    </p>
   </div>
   <div class='ocr_carea' id='block_1_13' title="bbox 162 542 954 580">
    <p class='ocr_par' dir='ltr' id='par_1_13' title="bbox 162 542 954 580">
     <span class='ocr_line' id='line_1_13' title="bbox 162 542 954 580; baseline 0.005 -11"><span class='ocrx_word' id='word_1_78' title='bbox 162 542 196 569; x_wconf 89' lang='lat' dir='ltr'><strong>ad</strong></span> <span class='ocrx_word' id='word_1_79' title='bbox 222 542 293 577; x_wconf 84' lang='lat' dir='ltr'><strong>piam</strong></span> <span class='ocrx_word' id='word_1_80' title='bbox 314 547 342 570; x_wconf 91' lang='lat' dir='ltr'><strong>et</strong></span> <span class='ocrx_word' id='word_1_81' title='bbox 361 543 509 571; x_wconf 79' lang='lat' dir='ltr'><strong>salutarem</strong></span> <span class='ocrx_word' id='word_1_82' title='bbox 526 543 573 571; x_wconf 90' lang='lat' dir='ltr'><strong>Dei</strong></span> <span class='ocrx_word' id='word_1_83' title='bbox 599 544 785 580; x_wconf 80' lang='lat' dir='ltr'><strong>cognitionem</strong></span> <span class='ocrx_word' id='word_1_84' title='bbox 810 552 954 573; x_wconf 88' lang='lat' dir='ltr'><strong>recurrere</strong></span> 
     </span>
    </p>
   </div>
   <div class='ocr_carea' id='block_1_14' title="bbox 163 588 952 625">
    <p class='ocr_par' dir='ltr' id='par_1_14' title="bbox 163 588 952 625">
     <span class='ocr_line' id='line_1_14' title="bbox 163 588 952 625; baseline 0.004 -10"><span class='ocrx_word' id='word_1_85' title='bbox 163 588 280 623; x_wconf 80' lang='lat' dir='ltr'><strong>possint,</strong></span> <span class='ocrx_word' id='word_1_86' title='bbox 295 595 342 623; x_wconf 89' lang='lat' dir='ltr'><strong>per</strong></span> <span class='ocrx_word' id='word_1_87' title='bbox 359 596 402 621; x_wconf 85' lang='lat' dir='ltr'><strong>ea.</strong></span> <span class='ocrx_word' id='word_1_88' title='bbox 421 597 481 624; x_wconf 76' lang='lat' dir='ltr'><strong>qua:</strong></span> <span class='ocrx_word' id='word_1_89' title='bbox 496 590 548 617; x_wconf 87' lang='lat' dir='ltr'><strong>sub</strong></span> <span class='ocrx_word' id='word_1_90' title='bbox 565 597 678 618; x_wconf 83' lang='lat' dir='ltr'><strong>sensum</strong></span> <span class='ocrx_word' id='word_1_91' title='bbox 694 591 814 623; x_wconf 84' lang='lat' dir='ltr'><strong>cadunt,</strong></span> <span class='ocrx_word' id='word_1_92' title='bbox 831 591 865 618; x_wconf 87' lang='lat' dir='ltr'><strong>ad</strong></span> <span class='ocrx_word' id='word_1_93' title='bbox 878 599 952 625; x_wconf 90' lang='lat' dir='ltr'><strong>cum,</strong></span> 
     </span>
    </p>
   </div>
   <div class='ocr_carea' id='block_1_15' title="bbox 163 633 954 672">
    <p class='ocr_par' dir='ltr' id='par_1_15' title="bbox 163 633 954 672">
     <span class='ocr_line' id='line_1_15' title="bbox 163 633 954 672; baseline 0.006 -12"><span class='ocrx_word' id='word_1_94' title='bbox 163 633 210 668; x_wconf 94' lang='lat' dir='ltr'><strong>qui</strong></span> <span class='ocrx_word' id='word_1_95' title='bbox 230 633 281 661; x_wconf 86' lang='lat' dir='ltr'><strong>sub</strong></span> <span class='ocrx_word' id='word_1_96' title='bbox 302 634 520 669; x_wconf 84' lang='lat' dir='ltr'><strong>intelligentiam,</strong></span> <span class='ocrx_word' id='word_1_97' title='bbox 545 636 738 669; x_wconf 86' lang='lat' dir='ltr'><strong>ascendentes,</strong></span> <span class='ocrx_word' id='word_1_98' title='bbox 753 636 828 664; x_wconf 89' lang='lat' dir='ltr'><strong>etab</strong></span> <span class='ocrx_word' id='word_1_99' title='bbox 842 636 876 664; x_wconf 84' lang='lat' dir='ltr'><strong>iis</strong></span> <span class='ocrx_word' id='word_1_100' title='bbox 892 645 954 672; x_wconf 67' lang='lat' dir='ltr'><strong>quae</strong></span> 
     </span>
    </p>
   </div>
   <div class='ocr_carea' id='block_1_16' title="bbox 163 679 952 716">
    <p class='ocr_par' dir='ltr' id='par_1_16' title="bbox 163 679 952 716">
     <span class='ocr_line' id='line_1_16' title="bbox 163 679 952 716; baseline 0.005 -11"><span class='ocrx_word' id='word_1_101' title='bbox 163 685 212 712; x_wconf 87' lang='lat' dir='ltr'><strong>per</strong></span> <span class='ocrx_word' id='word_1_102' title='bbox 228 685 338 706; x_wconf 88' lang='lat' dir='ltr'><strong>carnem</strong></span> <span class='ocrx_word' id='word_1_103' title='bbox 357 686 372 706; x_wconf 91' lang='lat' dir='ltr'><strong>a</strong></span> <span class='ocrx_word' id='word_1_104' title='bbox 386 679 440 707; x_wconf 91' lang='lat' dir='ltr'><strong>Deo</strong></span> <span class='ocrx_word' id='word_1_105' title='bbox 456 679 527 707; x_wconf 77' lang='lat' dir='ltr'><strong>facta</strong></span> <span class='ocrx_word' id='word_1_106' title='bbox 541 685 623 713; x_wconf 81' lang='lat' dir='ltr'><strong>sunt,</strong></span> <span class='ocrx_word' id='word_1_107' title='bbox 640 681 672 708; x_wconf 91' lang='lat' dir='ltr'><strong>ad</strong></span> <span class='ocrx_word' id='word_1_108' title='bbox 691 681 952 716; x_wconf 85' lang='lat' dir='ltr'><strong>contemplationem</strong></span> 
     </span>
    </p>
   </div>
   <div class='ocr_carea' id='block_1_17' title="bbox 164 723 955 762">
    <p class='ocr_par' dir='ltr' id='par_1_17' title="bbox 164 723 955 762">
     <span class='ocr_line' id='line_1_17' title="bbox 164 723 955 762; baseline 0.006 -12"><span class='ocrx_word' id='word_1_109' title='bbox 164 723 316 752; x_wconf 80' lang='lat' dir='ltr'><strong>divinitatis</strong></span> <span class='ocrx_word' id='word_1_110' title='bbox 331 724 498 760; x_wconf 79' lang='lat' dir='ltr'><strong>incorporeze</strong></span> <span class='ocrx_word' id='word_1_111' title='bbox 511 730 539 753; x_wconf 90' lang='lat' dir='ltr'><strong>et</strong></span> <span class='ocrx_word' id='word_1_112' title='bbox 553 733 638 760; x_wconf 85' lang='lat' dir='ltr'><strong>supra</strong></span> <span class='ocrx_word' id='word_1_113' title='bbox 652 730 790 760; x_wconf 84' lang='lat' dir='ltr'><strong>naturam,</strong></span> <span class='ocrx_word' id='word_1_114' title='bbox 803 731 886 762; x_wconf 88' lang='lat' dir='ltr'><strong>atque</strong></span> <span class='ocrx_word' id='word_1_115' title='bbox 903 728 955 755; x_wconf 85' lang='lat' dir='ltr'><strong>hoc</strong></span> 
     </span>
    </p>
   </div>
   <div class='ocr_carea' id='block_1_18' title="bbox 164 769 953 806">
    <p class='ocr_par' dir='ltr' id='par_1_18' title="bbox 164 769 953 806">
     <span class='ocr_line' id='line_1_18' title="bbox 164 769 953 806; baseline 0.003 -10"><span class='ocrx_word' id='word_1_116' title='bbox 164 769 272 804; x_wconf 83' lang='lat' dir='ltr'><strong>quidem</strong></span> <span class='ocrx_word' id='word_1_117' title='bbox 285 769 365 797; x_wconf 80' lang='lat' dir='ltr'><strong>exiis</strong></span> <span class='ocrx_word' id='word_1_118' title='bbox 377 777 438 805; x_wconf 83' lang='lat' dir='ltr'><strong>quae</strong></span> <span class='ocrx_word' id='word_1_119' title='bbox 449 770 620 802; x_wconf 80' lang='lat' dir='ltr'><strong>acciderunt,</strong></span> <span class='ocrx_word' id='word_1_120' title='bbox 634 771 746 806; x_wconf 81' lang='lat' dir='ltr'><strong>pateﬁt;</strong></span> <span class='ocrx_word' id='word_1_121' title='bbox 763 778 795 798; x_wconf 86' lang='lat' dir='ltr'><strong>ex</strong></span> <span class='ocrx_word' id='word_1_122' title='bbox 809 779 864 806; x_wconf 90' lang='lat' dir='ltr'><strong>quo</strong></span> <span class='ocrx_word' id='word_1_123' title='bbox 880 772 953 799; x_wconf 89' lang='lat' dir='ltr'><strong>enim</strong></span> 
     </span>
    </p>
   </div>
   <div class='ocr_carea' id='block_1_19' title="bbox 164 814 954 852">
    <p class='ocr_par' dir='ltr' id='par_1_19' title="bbox 164 814 954 852">
     <span class='ocr_line' id='line_1_19' title="bbox 164 814 954 852; baseline 0.003 -10"><span class='ocrx_word' id='word_1_124' title='bbox 164 814 236 843; x_wconf 88' lang='lat' dir='ltr'><strong>Deus</strong></span> <span class='ocrx_word' id='word_1_125' title='bbox 250 814 338 843; x_wconf 79' lang='lat' dir='ltr'><strong>factus</strong></span> <span class='ocrx_word' id='word_1_126' title='bbox 351 820 393 843; x_wconf 83' lang='lat' dir='ltr'><strong>est</strong></span> <span class='ocrx_word' id='word_1_127' title='bbox 409 815 505 848; x_wconf 83' lang='lat' dir='ltr'><strong>homo,</strong></span> <span class='ocrx_word' id='word_1_128' title='bbox 529 820 556 844; x_wconf 90' lang='lat' dir='ltr'><strong>et</strong></span> <span class='ocrx_word' id='word_1_129' title='bbox 580 816 625 844; x_wconf 86' lang='lat' dir='ltr'><strong>illa</strong></span> <span class='ocrx_word' id='word_1_130' title='bbox 646 816 827 849; x_wconf 78' lang='lat' dir='ltr'><strong>admirabilia,</strong></span> <span class='ocrx_word' id='word_1_131' title='bbox 849 821 875 844; x_wconf 85' lang='lat' dir='ltr'><strong>et</strong></span> <span class='ocrx_word' id='word_1_132' title='bbox 893 825 954 852; x_wconf 69' lang='lat' dir='ltr'><strong>qutc</strong></span> 
     </span>
    </p>
   </div>
   <div class='ocr_carea' id='block_1_20' title="bbox 164 848 991 897">
    <p class='ocr_par' dir='ltr' id='par_1_20' title="bbox 164 848 991 897">
     <span class='ocr_line' id='line_1_20' title="bbox 164 848 991 897; baseline 0.004 -10"><span class='ocrx_word' id='word_1_133' title='bbox 164 868 249 896; x_wconf 83' lang='lat' dir='ltr'><strong>supra</strong></span> <span class='ocrx_word' id='word_1_134' title='bbox 262 865 388 889; x_wconf 88' lang='lat' dir='ltr'><strong>naturam</strong></span> <span class='ocrx_word' id='word_1_135' title='bbox 405 867 483 890; x_wconf 87' lang='lat' dir='ltr'><strong>erant</strong></span> <span class='ocrx_word' id='word_1_136' title='bbox 497 870 590 897; x_wconf 83' lang='lat' dir='ltr'><strong>opera,</strong></span> <span class='ocrx_word' id='word_1_137' title='bbox 604 861 719 890; x_wconf 79' lang='lat' dir='ltr'><strong>formam</strong></span> <span class='ocrx_word' id='word_1_138' title='bbox 734 868 838 890; x_wconf 78' lang='lat' dir='ltr'><strong>natura:</strong></span> <span class='ocrx_word' id='word_1_139' title='bbox 853 867 954 890; x_wconf 73' lang='lat' dir='ltr'><strong>nostra:</strong></span> <span class='ocrx_word' id='word_1_140' title='bbox 967 848 991 878; x_wconf 78' lang='grc' dir='ltr'><strong>Β</strong></span> 
     </span>
    </p>
   </div>
   <div class='ocr_carea' id='block_1_21' title="bbox 164 906 954 944">
    <p class='ocr_par' dir='ltr' id='par_1_21' title="bbox 164 906 954 944">
     <span class='ocr_line' id='line_1_21' title="bbox 164 906 954 944; baseline 0.003 -11"><span class='ocrx_word' id='word_1_141' title='bbox 164 906 257 934; x_wconf 72' lang='lat' dir='ltr'><strong>ferens</strong></span> <span class='ocrx_word' id='word_1_142' title='bbox 272 907 402 942; x_wconf 76' lang='lat' dir='ltr'><strong>perfecit,</strong></span> <span class='ocrx_word' id='word_1_143' title='bbox 418 908 551 936; x_wconf 85' lang='lat' dir='ltr'><strong>absurdas</strong></span> <span class='ocrx_word' id='word_1_144' title='bbox 578 913 605 936; x_wconf 87' lang='lat' dir='ltr'><strong>et</strong></span> <span class='ocrx_word' id='word_1_145' title='bbox 629 909 830 944; x_wconf 84' lang='lat' dir='ltr'><strong>multiplicibus</strong></span> <span class='ocrx_word' id='word_1_146' title='bbox 850 909 954 936; x_wconf 88' lang='lat' dir='ltr'><strong>errori-</strong></span> 
     </span>
    </p>
   </div>
   <div class='ocr_carea' id='block_1_22' title="bbox 165 952 956 990">
    <p class='ocr_par' dir='ltr' id='par_1_22' title="bbox 165 952 956 990">
     <span class='ocr_line' id='line_1_22' title="bbox 165 952 956 990; baseline 0.005 -11"><span class='ocrx_word' id='word_1_147' title='bbox 165 952 217 981; x_wconf 91' lang='lat' dir='ltr'><strong>bus</strong></span> <span class='ocrx_word' id='word_1_148' title='bbox 238 952 386 988; x_wconf 87' lang='lat' dir='ltr'><strong>implicitas</strong></span> <span class='ocrx_word' id='word_1_149' title='bbox 406 954 588 989; x_wconf 70' lang='lat' dir='ltr'><strong>cogitationes</strong></span> <span class='ocrx_word' id='word_1_150' title='bbox 604 955 774 990; x_wconf 85' lang='lat' dir='ltr'><strong>abjeccrunt,</strong></span> <span class='ocrx_word' id='word_1_151' title='bbox 792 959 820 983; x_wconf 90' lang='lat' dir='ltr'><strong>et</strong></span> <span class='ocrx_word' id='word_1_152' title='bbox 835 955 889 982; x_wconf 89' lang='lat' dir='ltr'><strong>illis</strong></span> <span class='ocrx_word' id='word_1_153' title='bbox 903 963 956 983; x_wconf 83' lang='lat' dir='ltr'><strong>nu-</strong></span> 
     </span>
    </p>
   </div>
   <div class='ocr_carea' id='block_1_23' title="bbox 165 997 954 1037">
    <p class='ocr_par' dir='ltr' id='par_1_23' title="bbox 165 997 954 1037">
     <span class='ocr_line' id='line_1_23' title="bbox 165 997 954 1037; baseline 0.004 -12"><span class='ocrx_word' id='word_1_154' title='bbox 165 997 207 1033; x_wconf 86' lang='lat' dir='ltr'><strong>gis</strong></span> <span class='ocrx_word' id='word_1_155' title='bbox 231 1003 258 1026; x_wconf 90' lang='lat' dir='ltr'><strong>et</strong></span> <span class='ocrx_word' id='word_1_156' title='bbox 282 999 417 1028; x_wconf 83' lang='lat' dir='ltr'><strong>idolorum</strong></span> <span class='ocrx_word' id='word_1_157' title='bbox 442 1000 600 1029; x_wconf 76' lang='lat' dir='ltr'><strong>ﬁctionibus</strong></span> <span class='ocrx_word' id='word_1_158' title='bbox 617 1002 711 1036; x_wconf 88' lang='lat' dir='ltr'><strong>procul</strong></span> <span class='ocrx_word' id='word_1_159' title='bbox 725 1001 852 1037; x_wconf 75' lang='lat' dir='ltr'><strong>relegatis</strong></span> <span class='ocrx_word' id='word_1_160' title='bbox 869 1001 954 1028; x_wconf 88' lang='lat' dir='ltr'><strong>Deum</strong></span> 
     </span>
    </p>
   </div>
   <div class='ocr_carea' id='block_1_24' title="bbox 164 1043 957 1076">
    <p class='ocr_par' dir='ltr' id='par_1_24' title="bbox 164 1043 957 1076">
     <span class='ocr_line' id='line_1_24' title="bbox 164 1043 957 1076; baseline 0.005 -6"><span class='ocrx_word' id='word_1_161' title='bbox 164 1043 192 1070; x_wconf 86' lang='lat' dir='ltr'><strong>in</strong></span> <span class='ocrx_word' id='word_1_162' title='bbox 211 1050 294 1071; x_wconf 84' lang='lat' dir='ltr'><strong>carne</strong></span> <span class='ocrx_word' id='word_1_163' title='bbox 313 1044 403 1072; x_wconf 76' lang='lat' dir='ltr'><strong>visum</strong></span> <span class='ocrx_word' id='word_1_164' title='bbox 415 1064 423 1076; x_wconf 84' lang='lat'><strong>.</strong></span> <span class='ocrx_word' id='word_1_165' title='bbox 449 1045 523 1072; x_wconf 82' lang='lat' dir='ltr'><strong>hunc</strong></span> <span class='ocrx_word' id='word_1_166' title='bbox 539 1053 635 1073; x_wconf 85' lang='lat' dir='ltr'><strong>verum</strong></span> <span class='ocrx_word' id='word_1_167' title='bbox 653 1047 736 1073; x_wconf 86' lang='lat' dir='ltr'><strong>Deum</strong></span> <span class='ocrx_word' id='word_1_168' title='bbox 749 1054 809 1074; x_wconf 88' lang='lat' dir='ltr'><strong>esse</strong></span> <span class='ocrx_word' id='word_1_169' title='bbox 822 1046 957 1075; x_wconf 79' lang='lat' dir='ltr'><strong>confiten-</strong></span> 
     </span>
    </p>
   </div>
   <div class='ocr_carea' id='block_1_25' title="bbox 165 1086 956 1125">
    <p class='ocr_par' dir='ltr' id='par_1_25' title="bbox 165 1086 956 1125">
     <span class='ocr_line' id='line_1_25' title="bbox 165 1086 956 1125; baseline 0.005 -11"><span class='ocrx_word' id='word_1_170' title='bbox 165 1091 220 1121; x_wconf 87' lang='lat' dir='ltr'><strong>tur,</strong></span> <span class='ocrx_word' id='word_1_171' title='bbox 239 1086 468 1121; x_wconf 53' lang='lat' dir='ltr'><strong>et‘veueranlur.</strong></span> <span class='ocrx_word' id='word_1_172' title='bbox 492 1090 538 1124; x_wconf 89' lang='lat' dir='ltr'><strong>qui</strong></span> <span class='ocrx_word' id='word_1_173' title='bbox 555 1089 630 1125; x_wconf 91' lang='lat' dir='ltr'><strong>digni</strong></span> <span class='ocrx_word' id='word_1_174' title='bbox 652 1089 736 1117; x_wconf 89' lang='lat' dir='ltr'><strong>habiti</strong></span> <span class='ocrx_word' id='word_1_175' title='bbox 753 1095 818 1118; x_wconf 87' lang='lat' dir='ltr'><strong>sunt</strong></span> <span class='ocrx_word' id='word_1_176' title='bbox 830 1109 838 1122; x_wconf 83' lang='lat'><strong>,</strong></span> <span class='ocrx_word' id='word_1_177' title='bbox 862 1094 892 1117; x_wconf 92' lang='lat' dir='ltr'><strong>ut</strong></span> <span class='ocrx_word' id='word_1_178' title='bbox 906 1097 956 1125; x_wconf 90' lang='lat' dir='ltr'><strong>per</strong></span> 
     </span>
    </p>
   </div>
   <div class='ocr_carea' id='block_1_26' title="bbox 164 1132 955 1168">
    <p class='ocr_par' dir='ltr' id='par_1_26' title="bbox 164 1132 955 1168">
     <span class='ocr_line' id='line_1_26' title="bbox 164 1132 955 1168; baseline 0.005 -10"><span class='ocrx_word' id='word_1_179' title='bbox 164 1132 337 1166; x_wconf 64' lang='lat' dir='ltr'><strong>praesentiam</strong></span> <span class='ocrx_word' id='word_1_180' title='bbox 371 1133 495 1167; x_wconf 86' lang='lat' dir='ltr'><strong>corporis</strong></span> <span class='ocrx_word' id='word_1_181' title='bbox 524 1133 586 1168; x_wconf 88' lang='lat' dir='ltr'><strong>ejus</strong></span> <span class='ocrx_word' id='word_1_182' title='bbox 612 1133 669 1168; x_wconf 76' lang='lat' dir='ltr'><strong>(7t)</strong></span> <span class='ocrx_word' id='word_1_183' title='bbox 699 1138 726 1162; x_wconf 90' lang='lat' dir='ltr'><strong>et</strong></span> <span class='ocrx_word' id='word_1_184' title='bbox 752 1141 866 1168; x_wconf 90' lang='lat' dir='ltr'><strong>operum</strong></span> <span class='ocrx_word' id='word_1_185' title='bbox 894 1133 955 1168; x_wconf 85' lang='lat' dir='ltr'><strong>ejus</strong></span> 
     </span>
    </p>
   </div>
   <div class='ocr_carea' id='block_1_27' title="bbox 164 1176 956 1213">
    <p class='ocr_par' dir='ltr' id='par_1_27' title="bbox 164 1176 956 1213">
     <span class='ocr_line' id='line_1_27' title="bbox 164 1176 956 1213; baseline 0.003 -11"><span class='ocrx_word' id='word_1_186' title='bbox 164 1180 276 1210; x_wconf 75' lang='lat' dir='ltr'><strong>aspectu</strong></span> <span class='ocrx_word' id='word_1_187' title='bbox 293 1179 322 1204; x_wconf 91' lang='lat' dir='ltr'><strong>et</strong></span> <span class='ocrx_word' id='word_1_188' title='bbox 339 1176 481 1204; x_wconf 82' lang='lat' dir='ltr'><strong>auditione</strong></span> <span class='ocrx_word' id='word_1_189' title='bbox 501 1184 563 1204; x_wconf 91' lang='lat' dir='ltr'><strong>eum</strong></span> <span class='ocrx_word' id='word_1_190' title='bbox 584 1181 798 1213; x_wconf 86' lang='lat' dir='ltr'><strong>cognoscerent.</strong></span> <span class='ocrx_word' id='word_1_191' title='bbox 814 1182 841 1205; x_wconf 87' lang='lat' dir='ltr'><strong>et</strong></span> <span class='ocrx_word' id='word_1_192' title='bbox 856 1177 956 1212; x_wconf 77' lang='lat' dir='ltr'><strong>hujus-</strong></span> 
     </span>
    </p>
   </div>
   <div class='ocr_carea' id='block_1_28' title="bbox 165 1219 957 1255">
    <p class='ocr_par' dir='ltr' id='par_1_28' title="bbox 165 1219 957 1255">
     <span class='ocr_line' id='line_1_28' title="bbox 165 1219 957 1255; baseline 0.003 -9"><span class='ocrx_word' id='word_1_193' title='bbox 165 1219 240 1247; x_wconf 90' lang='lat' dir='ltr'><strong>modi</strong></span> <span class='ocrx_word' id='word_1_194' title='bbox 256 1220 413 1255; x_wconf 78' lang='lat' dir='ltr'><strong>cognitione</strong></span> <span class='ocrx_word' id='word_1_195' title='bbox 433 1220 467 1247; x_wconf 90' lang='lat' dir='ltr'><strong>ad</strong></span> <span class='ocrx_word' id='word_1_196' title='bbox 491 1220 676 1254; x_wconf 84' lang='lat' dir='ltr'><strong>cognitionem</strong></span> <span class='ocrx_word' id='word_1_197' title='bbox 700 1228 733 1248; x_wconf 87' lang='lat' dir='ltr'><strong>ac</strong></span> <span class='ocrx_word' id='word_1_198' title='bbox 745 1220 957 1255; x_wconf 87' lang='lat' dir='ltr'><strong>contemplatio-</strong></span> 
     </span>
    </p>
   </div>
   <div class='ocr_carea' id='block_1_29' title="bbox 166 1263 869 1299">
    <p class='ocr_par' dir='ltr' id='par_1_29' title="bbox 166 1263 869 1299">
     <span class='ocr_line' id='line_1_29' title="bbox 166 1263 869 1299; baseline 0.001 -9"><span class='ocrx_word' id='word_1_199' title='bbox 166 1270 228 1290; x_wconf 88' lang='lat' dir='ltr'><strong>nem</strong></span> <span class='ocrx_word' id='word_1_200' title='bbox 243 1263 304 1298; x_wconf 78' lang='lat' dir='ltr'><strong>ejus</strong></span> <span class='ocrx_word' id='word_1_201' title='bbox 318 1267 424 1291; x_wconf 60' lang='lat' dir='ltr'><strong>natura;</strong></span> <span class='ocrx_word' id='word_1_202' title='bbox 439 1264 643 1299; x_wconf 86' lang='lat' dir='ltr'><strong>inaspectabilis</strong></span> <span class='ocrx_word' id='word_1_203' title='bbox 657 1264 869 1292; x_wconf 85' lang='lat' dir='ltr'><strong>adducerentur.</strong></span> 
     </span>
    </p>
   </div>
   <div class='ocr_carea' id='block_1_30' title="bbox 202 1307 956 1343">
    <p class='ocr_par' dir='ltr' id='par_1_30' title="bbox 202 1307 956 1343">
     <span class='ocr_line' id='line_1_30' title="bbox 202 1307 956 1343; baseline -0.001 -8"><span class='ocrx_word' id='word_1_204' title='bbox 202 1307 257 1335; x_wconf 88' lang='lat' dir='ltr'><strong>Sed</strong></span> <span class='ocrx_word' id='word_1_205' title='bbox 279 1307 337 1335; x_wconf 68' lang='lat' dir='ltr'><strong>haec</strong></span> <span class='ocrx_word' id='word_1_206' title='bbox 356 1308 466 1342; x_wconf 78' lang='lat' dir='ltr'><strong>quidem</strong></span> <span class='ocrx_word' id='word_1_207' title='bbox 484 1315 538 1335; x_wconf 90' lang='lat' dir='ltr'><strong>una</strong></span> <span class='ocrx_word' id='word_1_208' title='bbox 562 1315 664 1342; x_wconf 85' lang='lat' dir='ltr'><strong>causa;</strong></span> <span class='ocrx_word' id='word_1_209' title='bbox 683 1308 771 1336; x_wconf 89' lang='lat' dir='ltr'><strong>altero</strong></span> <span class='ocrx_word' id='word_1_210' title='bbox 793 1315 860 1336; x_wconf 85' lang='lat' dir='ltr'><strong>vero</strong></span> <span class='ocrx_word' id='word_1_211' title='bbox 881 1307 956 1343; x_wconf 91' lang='lat' dir='ltr'><strong>quod</strong></span> 
     </span>
    </p>
   </div>
   <div class='ocr_carea' id='block_1_31' title="bbox 166 1353 957 1389">
    <p class='ocr_par' dir='ltr' id='par_1_31' title="bbox 166 1353 957 1389">
     <span class='ocr_line' id='line_1_31' title="bbox 166 1353 957 1389; baseline 0.001 -9"><span class='ocrx_word' id='word_1_212' title='bbox 166 1360 340 1388; x_wconf 85' lang='lat' dir='ltr'><strong>nequaquam</strong></span> <span class='ocrx_word' id='word_1_213' title='bbox 365 1353 446 1380; x_wconf 79' lang='lat' dir='ltr'><strong>fortis</strong></span> <span class='ocrx_word' id='word_1_214' title='bbox 469 1353 569 1389; x_wconf 76' lang='lat' dir='ltr'><strong>ligatus</strong></span> <span class='ocrx_word' id='word_1_215' title='bbox 588 1359 674 1387; x_wconf 88' lang='lat' dir='ltr'><strong>esset,</strong></span> <span class='ocrx_word' id='word_1_216' title='bbox 698 1354 754 1389; x_wconf 64' lang='lat'><strong>(72)</strong></span> <span class='ocrx_word' id='word_1_217' title='bbox 771 1353 824 1382; x_wconf 83' lang='lat' dir='ltr'><strong>nisi</strong></span> <span class='ocrx_word' id='word_1_218' title='bbox 848 1353 957 1381; x_wconf 82' lang='lat' dir='ltr'><strong>fortiter</strong></span> 
     </span>
    </p>
   </div>
   <div class='ocr_carea' id='block_1_32' title="bbox 167 1396 958 1432">
    <p class='ocr_par' dir='ltr' id='par_1_32' title="bbox 167 1396 958 1432">
     <span class='ocr_line' id='line_1_32' title="bbox 167 1396 958 1432; baseline 0 -9"><span class='ocrx_word' id='word_1_219' title='bbox 167 1403 306 1424; x_wconf 84' lang='lat' dir='ltr'><strong>certamen</strong></span> <span class='ocrx_word' id='word_1_220' title='bbox 325 1397 376 1424; x_wconf 87' lang='lat' dir='ltr'><strong>hoc</strong></span> <span class='ocrx_word' id='word_1_221' title='bbox 392 1397 532 1425; x_wconf 84' lang='lat' dir='ltr'><strong>subiisset.</strong></span> <span class='ocrx_word' id='word_1_222' title='bbox 551 1396 653 1429; x_wconf 89' lang='lat' dir='ltr'><strong>Tertia,</strong></span> <span class='ocrx_word' id='word_1_223' title='bbox 665 1397 738 1432; x_wconf 91' lang='lat' dir='ltr'><strong>quod</strong></span> <span class='ocrx_word' id='word_1_224' title='bbox 753 1397 878 1425; x_wconf 74' lang='lat' dir='ltr'><strong>doctrinm</strong></span> <span class='ocrx_word' id='word_1_225' title='bbox 890 1405 958 1424; x_wconf 82' lang='lat' dir='ltr'><strong>ocu-</strong></span> 
     </span>
    </p>
   </div>
   <div class='ocr_carea' id='block_1_33' title="bbox 169 1441 957 1477">
    <p class='ocr_par' dir='ltr' id='par_1_33' title="bbox 169 1441 957 1477">
     <span class='ocr_line' id='line_1_33' title="bbox 169 1441 957 1477; baseline 0.001 -9"><span class='ocrx_word' id='word_1_226' title='bbox 169 1441 213 1473; x_wconf 82' lang='lat' dir='ltr'><strong>lis,</strong></span> <span class='ocrx_word' id='word_1_227' title='bbox 228 1446 253 1468; x_wconf 86' lang='lat' dir='ltr'><strong>et</strong></span> <span class='ocrx_word' id='word_1_228' title='bbox 268 1441 382 1469; x_wconf 86' lang='lat' dir='ltr'><strong>auribus</strong></span> <span class='ocrx_word' id='word_1_229' title='bbox 399 1442 545 1477; x_wconf 79' lang='lat' dir='ltr'><strong>praeposita</strong></span> <span class='ocrx_word' id='word_1_230' title='bbox 560 1442 694 1469; x_wconf 85' lang='lat' dir='ltr'><strong>valentior</strong></span> <span class='ocrx_word' id='word_1_231' title='bbox 706 1446 759 1474; x_wconf 88' lang='lat' dir='ltr'><strong>est,</strong></span> <span class='ocrx_word' id='word_1_232' title='bbox 770 1445 798 1470; x_wconf 86' lang='lat' dir='ltr'><strong>et</strong></span> <span class='ocrx_word' id='word_1_233' title='bbox 812 1442 900 1469; x_wconf 90' lang='lat' dir='ltr'><strong>multo</strong></span> <span class='ocrx_word' id='word_1_234' title='bbox 914 1441 957 1469; x_wconf 79' lang='lat' dir='ltr'><strong>fa-</strong></span> 
     </span>
    </p>
   </div>
   <div class='ocr_carea' id='block_1_34' title="bbox 169 1485 957 1521">
    <p class='ocr_par' dir='ltr' id='par_1_34' title="bbox 169 1485 957 1521">
     <span class='ocr_line' id='line_1_34' title="bbox 169 1485 957 1521; baseline 0 -9"><span class='ocrx_word' id='word_1_235' title='bbox 169 1485 247 1512; x_wconf 91' lang='lat' dir='ltr'><strong>cilior</strong></span> <span class='ocrx_word' id='word_1_236' title='bbox 267 1485 301 1513; x_wconf 87' lang='lat' dir='ltr'><strong>ad</strong></span> <span class='ocrx_word' id='word_1_237' title='bbox 315 1487 531 1520; x_wconf 75' lang='lat' dir='ltr'><strong>exsequendum,</strong></span> <span class='ocrx_word' id='word_1_238' title='bbox 550 1493 633 1521; x_wconf 89' lang='lat' dir='ltr'><strong>quam</strong></span> <span class='ocrx_word' id='word_1_239' title='bbox 656 1493 717 1520; x_wconf 63' lang='lat' dir='ltr'><strong>quae</strong></span> <span class='ocrx_word' id='word_1_240' title='bbox 733 1493 748 1513; x_wconf 93' lang='lat' dir='ltr'><strong>e</strong></span> <span class='ocrx_word' id='word_1_241' title='bbox 766 1485 915 1521; x_wconf 83' lang='lat' dir='ltr'><strong>longinquo</strong></span> <span class='ocrx_word' id='word_1_242' title='bbox 928 1489 957 1513; x_wconf 89' lang='lat' dir='ltr'><strong>et</strong></span> 
     </span>
    </p>
   </div>
   <div class='ocr_carea' id='block_1_35' title="bbox 1002 226 1786 266">
    <p class='ocr_par' dir='ltr' id='par_1_35' title="bbox 1002 226 1786 266">
     <span class='ocr_line' id='line_1_35' title="bbox 1002 226 1786 266; baseline 0.003 -11"><span class='ocrx_word' id='word_1_243' title='bbox 1002 229 1082 264; x_wconf 85' lang='grc' dir='ltr'>δῆλον</span> <span class='ocrx_word' id='word_1_244' title='bbox 1099 229 1130 262; x_wconf 74' lang='grc' dir='ltr'>ἐξ</span> <span class='ocrx_word' id='word_1_245' title='bbox 1147 226 1184 256; x_wconf 72' lang='grc' dir='ltr'>ὧν</span> <span class='ocrx_word' id='word_1_246' title='bbox 1200 230 1247 256; x_wconf 73' lang='grc' dir='ltr'>καὶ</span> <span class='ocrx_word' id='word_1_247' title='bbox 1266 230 1290 256; x_wconf 70' lang='grc' dir='ltr'>οὶ</span> <span class='ocrx_word' id='word_1_248' title='bbox 1303 229 1445 262; x_wconf 81' lang='grc' dir='ltr'>δοκοῦντες</span> <span class='ocrx_word' id='word_1_249' title='bbox 1459 231 1500 262; x_wconf 74' lang='grc' dir='ltr'>εις</span> <span class='ocrx_word' id='word_1_250' title='bbox 1519 231 1604 266; x_wconf 84' lang='grc' dir='ltr'>ἀκρον</span> <span class='ocrx_word' id='word_1_251' title='bbox 1623 230 1717 258; x_wconf 74' lang='grc' dir='ltr'>ἐλάσαι</span> <span class='ocrx_word' id='word_1_252' title='bbox 1740 231 1786 266; x_wconf 75' lang='grc' dir='ltr'>τῆς</span> 
     </span>
    </p>
   </div>
   <div class='ocr_carea' id='block_1_36' title="bbox 1003 274 1788 310">
    <p class='ocr_par' dir='ltr' id='par_1_36' title="bbox 1003 274 1788 310">
     <span class='ocr_line' id='line_1_36' title="bbox 1003 274 1788 310; baseline 0.001 -9"><span class='ocrx_word' id='word_1_253' title='bbox 1003 275 1032 302; x_wconf 78' lang='grc' dir='ltr'>ὲν</span> <span class='ocrx_word' id='word_1_254' title='bbox 1053 274 1208 310; x_wconf 85' lang='grc' dir='ltr'>ἀνθρώποις</span> <span class='ocrx_word' id='word_1_255' title='bbox 1223 275 1320 309; x_wconf 78' lang='grc' dir='ltr'>σοφίας</span> <span class='ocrx_word' id='word_1_256' title='bbox 1339 275 1408 310; x_wconf 83' lang='grc' dir='ltr'>πρὸς</span> <span class='ocrx_word' id='word_1_257' title='bbox 1431 275 1501 310; x_wconf 76' lang='grc' dir='ltr'>σφᾶς</span> <span class='ocrx_word' id='word_1_258' title='bbox 1520 275 1637 307; x_wconf 75' lang='grc' dir='ltr'>ἑαυτοὺς</span> <span class='ocrx_word' id='word_1_259' title='bbox 1652 276 1700 302; x_wconf 78' lang='grc' dir='ltr'>καὶ</span> <span class='ocrx_word' id='word_1_260' title='bbox 1722 276 1788 310; x_wconf 68' lang='grc' dir='ltr'>πρὸς</span> 
     </span>
    </p>
   </div>
   <div class='ocr_carea' id='block_1_37' title="bbox 1003 319 1788 357">
    <p class='ocr_par' dir='ltr' id='par_1_37' title="bbox 1003 319 1788 357">
     <span class='ocr_line' id='line_1_37' title="bbox 1003 319 1788 357; baseline 0 -10"><span class='ocrx_word' id='word_1_261' title='bbox 1003 319 1135 355; x_wconf 74' lang='grc' dir='ltr'><strong>ἀλλήλους</strong></span> <span class='ocrx_word' id='word_1_262' title='bbox 1149 321 1196 348; x_wconf 74' lang='grc' dir='ltr'><strong>ἐπὶ</strong></span> <span class='ocrx_word' id='word_1_263' title='bbox 1210 321 1339 356; x_wconf 82' lang='grc' dir='ltr'>μέγιστον</span> <span class='ocrx_word' id='word_1_264' title='bbox 1349 321 1528 357; x_wconf 82' lang='grc' dir='ltr'><strong>διηνέχθησαν</strong></span> <span class='ocrx_word' id='word_1_265' title='bbox 1537 328 1544 336; x_wconf 91' lang='grc'><strong>·</strong></span> <span class='ocrx_word' id='word_1_266' title='bbox 1556 321 1601 347; x_wconf 83' lang='grc' dir='ltr'><strong>διὰ</strong></span> <span class='ocrx_word' id='word_1_267' title='bbox 1618 321 1698 347; x_wconf 77' lang='grc' dir='ltr'>τοῦτο</span> <span class='ocrx_word' id='word_1_268' title='bbox 1714 322 1788 356; x_wconf 72' lang='grc' dir='ltr'>ἐνην-</span> 
     </span>
    </p>
   </div>
   <div class='ocr_carea' id='block_1_38' title="bbox 1003 364 1789 402">
    <p class='ocr_par' dir='ltr' id='par_1_38' title="bbox 1003 364 1789 402">
     <span class='ocr_line' id='line_1_38' title="bbox 1003 364 1789 402; baseline 0.001 -10"><span class='ocrx_word' id='word_1_269' title='bbox 1003 364 1150 401; x_wconf 83' lang='grc' dir='ltr'>θρώπησεν</span> <span class='ocrx_word' id='word_1_270' title='bbox 1167 368 1182 393; x_wconf 84' lang='grc' dir='ltr'><strong><em>ὁ</em></strong></span> <span class='ocrx_word' id='word_1_271' title='bbox 1195 367 1279 400; x_wconf 83' lang='grc' dir='ltr'><strong>Θεὸς,</strong></span> <span class='ocrx_word' id='word_1_272' title='bbox 1300 367 1343 394; x_wconf 79' lang='grc' dir='ltr'><strong>ἴνα</strong></span> <span class='ocrx_word' id='word_1_273' title='bbox 1369 367 1407 402; x_wconf 83' lang='grc' dir='ltr'><strong>μὴ</strong></span> <span class='ocrx_word' id='word_1_274' title='bbox 1427 367 1509 402; x_wconf 84' lang='grc' dir='ltr'>μόνον</span> <span class='ocrx_word' id='word_1_275' title='bbox 1522 367 1548 393; x_wconf 79' lang='grc' dir='ltr'>οἱ</span> <span class='ocrx_word' id='word_1_276' title='bbox 1572 366 1653 393; x_wconf 92' lang='grc' dir='ltr'>πλέον</span> <span class='ocrx_word' id='word_1_277' title='bbox 1674 375 1701 393; x_wconf 85' lang='grc' dir='ltr'><strong>τι</strong></span> <span class='ocrx_word' id='word_1_278' title='bbox 1721 366 1789 394; x_wconf 78' lang='grc' dir='ltr'><strong>κατά</strong></span> 
     </span>
    </p>
   </div>
   <div class='ocr_carea' id='block_1_39' title="bbox 1003 410 1790 447">
    <p class='ocr_par' dir='ltr' id='par_1_39' title="bbox 1003 410 1790 447">
     <span class='ocr_line' id='line_1_39' title="bbox 1003 410 1790 447; baseline 0 -10"><span class='ocrx_word' id='word_1_279' title='bbox 1003 411 1105 444; x_wconf 85' lang='grc' dir='ltr'>γνῶσιν</span> <span class='ocrx_word' id='word_1_280' title='bbox 1119 411 1173 438; x_wconf 88' lang='grc' dir='ltr'>τῶν</span> <span class='ocrx_word' id='word_1_281' title='bbox 1187 411 1275 439; x_wconf 83' lang='grc' dir='ltr'>ἀλλων</span> <span class='ocrx_word' id='word_1_282' title='bbox 1289 411 1361 447; x_wconf 75' lang='grc' dir='ltr'>ἔχειν</span> <span class='ocrx_word' id='word_1_283' title='bbox 1373 411 1526 444; x_wconf 82' lang='grc' dir='ltr'>δοκοῦντες,</span> <span class='ocrx_word' id='word_1_284' title='bbox 1540 410 1608 438; x_wconf 84' lang='grc' dir='ltr'>ἀλλὰ</span> <span class='ocrx_word' id='word_1_285' title='bbox 1621 411 1669 438; x_wconf 77' lang='grc' dir='ltr'>καὶ</span> <span class='ocrx_word' id='word_1_286' title='bbox 1682 412 1697 437; x_wconf 81' lang='grc' dir='ltr'>ὁ</span> <span class='ocrx_word' id='word_1_287' title='bbox 1710 411 1790 443; x_wconf 78' lang='grc' dir='ltr'>πολὺς</span> 
     </span>
    </p>
   </div>
   <div class='ocr_carea' id='block_1_40' title="bbox 1004 456 1789 493">
    <p class='ocr_par' dir='ltr' id='par_1_40' title="bbox 1004 456 1789 493">
     <span class='ocr_line' id='line_1_40' title="bbox 1004 456 1789 493; baseline 0 -10"><span class='ocrx_word' id='word_1_288' title='bbox 1004 456 1170 492; x_wconf 77' lang='grc' dir='ltr'>ἀνθρωποςὸ</span> <span class='ocrx_word' id='word_1_289' title='bbox 1183 458 1215 493; x_wconf 81' lang='grc' dir='ltr'><strong>τῇ</strong></span> <span class='ocrx_word' id='word_1_290' title='bbox 1232 457 1359 492; x_wconf 77' lang='grc' dir='ltr'><strong>αἰσθήσει</strong></span> <span class='ocrx_word' id='word_1_291' title='bbox 1378 457 1478 492; x_wconf 81' lang='grc' dir='ltr'>μᾶλλον</span> <span class='ocrx_word' id='word_1_292' title='bbox 1490 457 1507 492; x_wconf 84' lang='grc' dir='ltr'>ἢ</span> <span class='ocrx_word' id='word_1_293' title='bbox 1524 456 1563 492; x_wconf 79' lang='grc' dir='ltr'>τῷ</span> <span class='ocrx_word' id='word_1_294' title='bbox 1578 456 1702 492; x_wconf 79' lang='grc' dir='ltr'><strong>λογισμῷ</strong></span> <span class='ocrx_word' id='word_1_295' title='bbox 1716 465 1789 492; x_wconf 71' lang='grc' dir='ltr'>χειρο</span> 
     </span>
    </p>
   </div>
   <div class='ocr_carea' id='block_1_41' title="bbox 1005 500 1791 538">
    <p class='ocr_par' dir='ltr' id='par_1_41' title="bbox 1005 500 1791 538">
     <span class='ocr_line' id='line_1_41' title="bbox 1005 500 1791 538; baseline -0.001 -8"><span class='ocrx_word' id='word_1_296' title='bbox 1005 502 1212 538; x_wconf 84' lang='grc' dir='ltr'>αγωγούμενος,</span> <span class='ocrx_word' id='word_1_297' title='bbox 1233 503 1268 530; x_wconf 71' lang='grc' dir='ltr'><strong>δι’</strong></span> <span class='ocrx_word' id='word_1_298' title='bbox 1284 500 1322 530; x_wconf 78' lang='grc' dir='ltr'>ὧν</span> <span class='ocrx_word' id='word_1_299' title='bbox 1342 503 1394 538; x_wconf 76' lang='grc' dir='ltr'><strong>ὁρᾷ</strong></span> <span class='ocrx_word' id='word_1_300' title='bbox 1414 511 1445 530; x_wconf 88' lang='grc' dir='ltr'><strong>τε</strong></span> <span class='ocrx_word' id='word_1_301' title='bbox 1481 503 1529 530; x_wconf 74' lang='grc' dir='ltr'>καὶ</span> <span class='ocrx_word' id='word_1_302' title='bbox 1551 502 1645 529; x_wconf 82' lang='grc' dir='ltr'>ἀκούει</span> <span class='ocrx_word' id='word_1_303' title='bbox 1660 503 1730 538; x_wconf 73' lang='grc' dir='ltr'>πρὸς</span> <span class='ocrx_word' id='word_1_304' title='bbox 1744 503 1791 538; x_wconf 81' lang='grc' dir='ltr'>τὴν</span> 
     </span>
    </p>
   </div>
   <div class='ocr_carea' id='block_1_42' title="bbox 1004 547 1792 584">
    <p class='ocr_par' dir='ltr' id='par_1_42' title="bbox 1004 547 1792 584">
     <span class='ocr_line' id='line_1_42' title="bbox 1004 547 1792 584; baseline 0 -10"><span class='ocrx_word' id='word_1_305' title='bbox 1004 547 1104 583; x_wconf 73' lang='grc' dir='ltr'>εὐσεϐῆ</span> <span class='ocrx_word' id='word_1_306' title='bbox 1118 548 1166 575; x_wconf 77' lang='grc' dir='ltr'>τοῦ</span> <span class='ocrx_word' id='word_1_307' title='bbox 1184 548 1263 575; x_wconf 83' lang='grc' dir='ltr'>Θείου</span> <span class='ocrx_word' id='word_1_308' title='bbox 1278 549 1326 574; x_wconf 81' lang='grc' dir='ltr'><strong>καὶ</strong></span> <span class='ocrx_word' id='word_1_309' title='bbox 1340 549 1474 584; x_wconf 85' lang='grc' dir='ltr'>σωτήριον</span> <span class='ocrx_word' id='word_1_310' title='bbox 1493 548 1613 580; x_wconf 76' lang='grc' dir='ltr'>ἔννοιαν,</span> <span class='ocrx_word' id='word_1_311' title='bbox 1633 548 1792 583; x_wconf 76' lang='grc' dir='ltr'><strong>ἀνατρέχειν</strong></span> 
     </span>
    </p>
   </div>
   <div class='ocr_carea' id='block_1_43' title="bbox 1004 592 1793 630">
    <p class='ocr_par' dir='ltr' id='par_1_43' title="bbox 1004 592 1793 630">
     <span class='ocr_line' id='line_1_43' title="bbox 1004 592 1793 630; baseline 0 -10"><span class='ocrx_word' id='word_1_312' title='bbox 1004 594 1060 629; x_wconf 78' lang='grc' dir='ltr'>ἔχει</span> <span class='ocrx_word' id='word_1_313' title='bbox 1076 592 1090 613; x_wconf 65' lang='grc' dir='ltr'>ι</span> <span class='ocrx_word' id='word_1_314' title='bbox 1107 593 1152 620; x_wconf 82' lang='grc' dir='ltr'>διὰ</span> <span class='ocrx_word' id='word_1_315' title='bbox 1168 593 1223 621; x_wconf 85' lang='grc' dir='ltr'><strong>τῶν</strong></span> <span class='ocrx_word' id='word_1_316' title='bbox 1239 593 1375 630; x_wconf 74' lang='grc' dir='ltr'><strong>αἰσθητῶν</strong></span> <span class='ocrx_word' id='word_1_317' title='bbox 1389 594 1436 620; x_wconf 77' lang='grc' dir='ltr'>ἐπὶ</span> <span class='ocrx_word' id='word_1_318' title='bbox 1454 593 1508 621; x_wconf 84' lang='grc' dir='ltr'><strong>τῶν</strong></span> <span class='ocrx_word' id='word_1_319' title='bbox 1527 592 1537 613; x_wconf 71' lang='grc' dir='ltr'><strong><em>Ἰ</em></strong></span> <span class='ocrx_word' id='word_1_320' title='bbox 1555 593 1659 629; x_wconf 79' lang='grc' dir='ltr'>νοητῶν</span> <span class='ocrx_word' id='word_1_321' title='bbox 1682 594 1793 621; x_wconf 64' lang='grc' dir='ltr'>ἀναὸαἰι</span> 
     </span>
    </p>
   </div>
   <div class='ocr_carea' id='block_1_44' title="bbox 1004 639 1792 675">
    <p class='ocr_par' dir='ltr' id='par_1_44' title="bbox 1004 639 1792 675">
     <span class='ocr_line' id='line_1_44' title="bbox 1004 639 1792 675; baseline -0.001 -9"><span class='ocrx_word' id='word_1_322' title='bbox 1004 648 1068 674; x_wconf 76' lang='grc' dir='ltr'>νων,</span> <span class='ocrx_word' id='word_1_323' title='bbox 1079 639 1128 666; x_wconf 80' lang='grc' dir='ltr'>καὶ</span> <span class='ocrx_word' id='word_1_324' title='bbox 1143 639 1197 666; x_wconf 73' lang='grc' dir='ltr'><strong>ἀπὸ</strong></span> <span class='ocrx_word' id='word_1_325' title='bbox 1209 639 1264 666; x_wconf 85' lang='grc' dir='ltr'><strong>τῶν</strong></span> <span class='ocrx_word' id='word_1_326' title='bbox 1273 639 1317 666; x_wconf 77' lang='grc' dir='ltr'>διὰ</span> <span class='ocrx_word' id='word_1_327' title='bbox 1329 639 1415 675; x_wconf 80' lang='grc' dir='ltr'><strong>μέσης</strong></span> <span class='ocrx_word' id='word_1_328' title='bbox 1426 639 1476 674; x_wconf 85' lang='grc' dir='ltr'>τῆς</span> <span class='ocrx_word' id='word_1_329' title='bbox 1490 639 1591 674; x_wconf 79' lang='grc' dir='ltr'>σαρκὸς</span> <span class='ocrx_word' id='word_1_330' title='bbox 1605 639 1792 674; x_wconf 78' lang='grc' dir='ltr'>θεουργουμέ-</span> 
     </span>
    </p>
   </div>
   <div class='ocr_carea' id='block_1_45' title="bbox 1004 684 1794 721">
    <p class='ocr_par' dir='ltr' id='par_1_45' title="bbox 1004 684 1794 721">
     <span class='ocr_line' id='line_1_45' title="bbox 1004 684 1794 721; baseline -0.004 -8"><span class='ocrx_word' id='word_1_331' title='bbox 1004 694 1057 714; x_wconf 91' lang='grc' dir='ltr'><strong>νων</strong></span> <span class='ocrx_word' id='word_1_332' title='bbox 1075 686 1122 713; x_wconf 71' lang='grc' dir='ltr'><strong>ἐπὶ</strong></span> <span class='ocrx_word' id='word_1_333' title='bbox 1137 685 1186 721; x_wconf 81' lang='grc' dir='ltr'>τὴν</span> <span class='ocrx_word' id='word_1_334' title='bbox 1205 685 1256 720; x_wconf 82' lang='grc' dir='ltr'>τῆς</span> <span class='ocrx_word' id='word_1_335' title='bbox 1272 684 1428 720; x_wconf 81' lang='grc' dir='ltr'><strong>ὑπερφυοῦς</strong></span> <span class='ocrx_word' id='word_1_336' title='bbox 1442 685 1489 712; x_wconf 85' lang='grc' dir='ltr'>καὶ</span> <span class='ocrx_word' id='word_1_337' title='bbox 1502 685 1650 720; x_wconf 79' lang='grc' dir='ltr'><strong>ἀσωμάτου</strong></span> <span class='ocrx_word' id='word_1_338' title='bbox 1668 685 1794 720; x_wconf 78' lang='grc' dir='ltr'><strong>θεότητος</strong></span> 
     </span>
    </p>
   </div>
   <div class='ocr_carea' id='block_1_46' title="bbox 1005 730 1795 766">
    <p class='ocr_par' dir='ltr' id='par_1_46' title="bbox 1005 730 1795 766">
     <span class='ocr_line' id='line_1_46' title="bbox 1005 730 1795 766; baseline 0 -9"><span class='ocrx_word' id='word_1_339' title='bbox 1005 730 1133 766; x_wconf 81' lang='grc' dir='ltr'>θεωρίαν.</span> <span class='ocrx_word' id='word_1_340' title='bbox 1155 730 1209 757; x_wconf 76' lang='grc' dir='ltr'><strong>Καὶ</strong></span> <span class='ocrx_word' id='word_1_341' title='bbox 1220 730 1300 757; x_wconf 83' lang='grc' dir='ltr'>τοῦτο</span> <span class='ocrx_word' id='word_1_342' title='bbox 1319 731 1399 765; x_wconf 86' lang='grc' dir='ltr'>δῆλον</span> <span class='ocrx_word' id='word_1_343' title='bbox 1417 732 1449 757; x_wconf 77' lang='grc' dir='ltr'>ὲκ</span> <span class='ocrx_word' id='word_1_344' title='bbox 1466 730 1522 757; x_wconf 87' lang='grc' dir='ltr'>τῶν</span> <span class='ocrx_word' id='word_1_345' title='bbox 1537 730 1728 765; x_wconf 75' lang='grc' dir='ltr'>έκὸεὸηκάτων</span> <span class='ocrx_word' id='word_1_346' title='bbox 1742 738 1749 746; x_wconf 74' lang='grc' dir='ltr'><strong>ο</strong></span> <span class='ocrx_word' id='word_1_347' title='bbox 1767 731 1795 764; x_wconf 66' lang='grc' dir='ltr'><strong>ἐξ</strong></span> 
     </span>
    </p>
   </div>
   <div class='ocr_carea' id='block_1_47' title="bbox 1004 773 1795 812">
    <p class='ocr_par' dir='ltr' id='par_1_47' title="bbox 1004 773 1795 812">
     <span class='ocr_line' id='line_1_47' title="bbox 1004 773 1795 812; baseline 0 -9"><span class='ocrx_word' id='word_1_348' title='bbox 1004 773 1035 803; x_wconf 77' lang='grc' dir='ltr'>οὖ</span> <span class='ocrx_word' id='word_1_349' title='bbox 1049 776 1104 812; x_wconf 86' lang='grc' dir='ltr'>γὰρ</span> <span class='ocrx_word' id='word_1_350' title='bbox 1123 775 1189 808; x_wconf 81' lang='grc' dir='ltr'>Θεὸς</span> <span class='ocrx_word' id='word_1_351' title='bbox 1203 775 1457 812; x_wconf 76' lang='grc' dir='ltr'>ὲνανθρώπησαιπι,</span> <span class='ocrx_word' id='word_1_352' title='bbox 1474 776 1522 804; x_wconf 73' lang='grc' dir='ltr'>καὶ</span> <span class='ocrx_word' id='word_1_353' title='bbox 1542 777 1575 803; x_wconf 88' lang='grc' dir='ltr'><strong>τά</strong></span> <span class='ocrx_word' id='word_1_354' title='bbox 1589 775 1731 811; x_wconf 80' lang='grc' dir='ltr'>παράδοξα</span> <span class='ocrx_word' id='word_1_355' title='bbox 1749 777 1795 803; x_wconf 74' lang='grc' dir='ltr'>καὶ</span> 
     </span>
    </p>
   </div>
   <div class='ocr_carea' id='block_1_48' title="bbox 1005 821 1795 858">
    <p class='ocr_par' dir='ltr' id='par_1_48' title="bbox 1005 821 1795 858">
     <span class='ocr_line' id='line_1_48' title="bbox 1005 821 1795 858; baseline 0.001 -10"><span class='ocrx_word' id='word_1_356' title='bbox 1005 821 1133 857; x_wconf 81' lang='grc' dir='ltr'><strong>ὑπερφυῆ</strong></span> <span class='ocrx_word' id='word_1_357' title='bbox 1156 821 1211 848; x_wconf 84' lang='grc' dir='ltr'>τῶν</span> <span class='ocrx_word' id='word_1_358' title='bbox 1235 821 1324 857; x_wconf 75' lang='grc' dir='ltr'>ἔργων</span> <span class='ocrx_word' id='word_1_359' title='bbox 1342 821 1393 857; x_wconf 84' lang='grc' dir='ltr'>τὴν</span> <span class='ocrx_word' id='word_1_360' title='bbox 1409 822 1547 857; x_wconf 78' lang='grc' dir='ltr'><strong>ἡμετέραν</strong></span> <span class='ocrx_word' id='word_1_361' title='bbox 1572 822 1663 858; x_wconf 81' lang='grc' dir='ltr'>φέρων</span> <span class='ocrx_word' id='word_1_362' title='bbox 1687 822 1795 858; x_wconf 75' lang='grc' dir='ltr'>μορφὴν</span> 
     </span>
    </p>
   </div>
   <div class='ocr_carea' id='block_1_49' title="bbox 1005 868 1797 904">
    <p class='ocr_par' dir='ltr' id='par_1_49' title="bbox 1005 868 1797 904">
     <span class='ocr_line' id='line_1_49' title="bbox 1005 868 1797 904; baseline 0.001 -9"><span class='ocrx_word' id='word_1_363' title='bbox 1005 868 1176 900; x_wconf 73' lang='grc' dir='ltr'>ἐπετέλεσεν,</span> <span class='ocrx_word' id='word_1_364' title='bbox 1193 868 1244 900; x_wconf 84' lang='grc' dir='ltr'><strong>τὰς</strong></span> <span class='ocrx_word' id='word_1_365' title='bbox 1259 868 1422 900; x_wconf 79' lang='grc' dir='ltr'><strong>ἀλλοκότους</strong></span> <span class='ocrx_word' id='word_1_366' title='bbox 1436 868 1483 895; x_wconf 72' lang='grc' dir='ltr'>καὶ</span> <span class='ocrx_word' id='word_1_367' title='bbox 1497 868 1679 901; x_wconf 84' lang='grc' dir='ltr'>πολυπλανεῖς</span> <span class='ocrx_word' id='word_1_368' title='bbox 1692 877 1797 904; x_wconf 79' lang='grc' dir='ltr'>φαντα-</span> 
     </span>
    </p>
   </div>
   <div class='ocr_carea' id='block_1_50' title="bbox 1006 913 1797 950">
    <p class='ocr_par' dir='ltr' id='par_1_50' title="bbox 1006 913 1797 950">
     <span class='ocr_line' id='line_1_50' title="bbox 1006 913 1797 950; baseline 0.001 -10"><span class='ocrx_word' id='word_1_369' title='bbox 1006 913 1066 946; x_wconf 86' lang='grc' dir='ltr'>σίας</span> <span class='ocrx_word' id='word_1_370' title='bbox 1085 914 1099 940; x_wconf 80' lang='grc' dir='ltr'><strong>ὸ</strong></span> <span class='ocrx_word' id='word_1_371' title='bbox 1114 914 1256 950; x_wconf 74' lang='grc' dir='ltr'>ἄνθρωπος</span> <span class='ocrx_word' id='word_1_372' title='bbox 1279 914 1485 950; x_wconf 75' lang='grc' dir='ltr'>ἀπορρήψαςιι,</span> <span class='ocrx_word' id='word_1_373' title='bbox 1507 915 1556 941; x_wconf 83' lang='grc' dir='ltr'>καὶ</span> <span class='ocrx_word' id='word_1_374' title='bbox 1580 914 1676 950; x_wconf 80' lang='grc' dir='ltr'>μακρὰ</span> <span class='ocrx_word' id='word_1_375' title='bbox 1690 914 1797 950; x_wconf 80' lang='grc' dir='ltr'>χαίρειν</span> 
     </span>
    </p>
   </div>
   <div class='ocr_carea' id='block_1_51' title="bbox 1005 960 1797 996">
    <p class='ocr_par' dir='ltr' id='par_1_51' title="bbox 1005 960 1797 996">
     <span class='ocr_line' id='line_1_51' title="bbox 1005 960 1797 996; baseline 0.001 -9"><span class='ocrx_word' id='word_1_376' title='bbox 1005 960 1090 987; x_wconf 87' lang='grc' dir='ltr'>είπὼν</span> <span class='ocrx_word' id='word_1_377' title='bbox 1106 962 1164 993; x_wconf 77' lang='grc' dir='ltr'>τοῖς</span> <span class='ocrx_word' id='word_1_378' title='bbox 1177 962 1294 996; x_wconf 80' lang='grc' dir='ltr'>μακροῖς</span> <span class='ocrx_word' id='word_1_379' title='bbox 1308 961 1403 996; x_wconf 86' lang='grc' dir='ltr'>λήροις</span> <span class='ocrx_word' id='word_1_380' title='bbox 1413 981 1420 993; x_wconf 89' lang='grc'>,</span> <span class='ocrx_word' id='word_1_381' title='bbox 1435 961 1483 988; x_wconf 77' lang='grc' dir='ltr'>καὶ</span> <span class='ocrx_word' id='word_1_382' title='bbox 1495 962 1552 994; x_wconf 82' lang='grc' dir='ltr'>τοῖς</span> <span class='ocrx_word' id='word_1_383' title='bbox 1566 961 1717 993; x_wconf 79' lang='grc' dir='ltr'>είδωλικοτς</span> <span class='ocrx_word' id='word_1_384' title='bbox 1731 961 1797 988; x_wconf 86' lang='grc' dir='ltr'>ἀνα-</span> 
     </span>
    </p>
   </div>
   <div class='ocr_carea' id='block_1_52' title="bbox 1005 1006 1800 1044">
    <p class='ocr_par' dir='ltr' id='par_1_52' title="bbox 1005 1006 1800 1044">
     <span class='ocr_line' id='line_1_52' title="bbox 1005 1006 1800 1044; baseline -0.001 -10"><span class='ocrx_word' id='word_1_385' title='bbox 1005 1007 1164 1043; x_wconf 85' lang='grc' dir='ltr'>πλάσμασιν</span> <span class='ocrx_word' id='word_1_386' title='bbox 1174 1027 1182 1040; x_wconf 83' lang='grc'>,</span> <span class='ocrx_word' id='word_1_387' title='bbox 1196 1007 1241 1034; x_wconf 83' lang='grc' dir='ltr'><strong>τὸν</strong></span> <span class='ocrx_word' id='word_1_388' title='bbox 1255 1008 1285 1034; x_wconf 81' lang='grc' dir='ltr'><strong>έν</strong></span> <span class='ocrx_word' id='word_1_389' title='bbox 1301 1007 1383 1044; x_wconf 76' lang='grc' dir='ltr'>σαρκὶ</span> <span class='ocrx_word' id='word_1_390' title='bbox 1397 1007 1517 1041; x_wconf 77' lang='grc' dir='ltr'>φανέντα</span> <span class='ocrx_word' id='word_1_391' title='bbox 1530 1007 1609 1039; x_wconf 77' lang='grc' dir='ltr'>Θεὸν,</span> <span class='ocrx_word' id='word_1_392' title='bbox 1621 1006 1716 1034; x_wconf 78' lang='grc' dir='ltr'>τοῦτον</span> <span class='ocrx_word' id='word_1_393' title='bbox 1731 1007 1800 1041; x_wconf 68' lang='grc' dir='ltr'>ἀληι</span> 
     </span>
    </p>
   </div>
   <div class='ocr_carea' id='block_1_53' title="bbox 1006 1050 1798 1087">
    <p class='ocr_par' dir='ltr' id='par_1_53' title="bbox 1006 1050 1798 1087">
     <span class='ocr_line' id='line_1_53' title="bbox 1006 1050 1798 1087; baseline 0.001 -10"><span class='ocrx_word' id='word_1_394' title='bbox 1006 1050 1078 1077; x_wconf 78' lang='grc' dir='ltr'>θινὸν</span> <span class='ocrx_word' id='word_1_395' title='bbox 1093 1050 1159 1078; x_wconf 78' lang='grc' dir='ltr'>Θεὸν</span> <span class='ocrx_word' id='word_1_396' title='bbox 1175 1051 1338 1087; x_wconf 78' lang='grc' dir='ltr'>ἀνομολογεῖ</span> <span class='ocrx_word' id='word_1_397' title='bbox 1356 1060 1385 1078; x_wconf 91' lang='grc' dir='ltr'><strong>τε</strong></span> <span class='ocrx_word' id='word_1_398' title='bbox 1398 1051 1447 1078; x_wconf 75' lang='grc' dir='ltr'>καὶ</span> <span class='ocrx_word' id='word_1_399' title='bbox 1462 1052 1631 1086; x_wconf 76' lang='grc' dir='ltr'>προσκυνεῖ,</span> <span class='ocrx_word' id='word_1_400' title='bbox 1646 1051 1690 1078; x_wconf 81' lang='grc' dir='ltr'>διὰ</span> <span class='ocrx_word' id='word_1_401' title='bbox 1703 1052 1759 1087; x_wconf 79' lang='grc' dir='ltr'>τῆς</span> <span class='ocrx_word' id='word_1_402' title='bbox 1770 1052 1798 1078; x_wconf 73' lang='grc' dir='ltr'>ὲν</span> 
     </span>
    </p>
   </div>
   <div class='ocr_carea' id='block_1_54' title="bbox 1006 1097 1797 1133">
    <p class='ocr_par' dir='ltr' id='par_1_54' title="bbox 1006 1097 1797 1133">
     <span class='ocr_line' id='line_1_54' title="bbox 1006 1097 1797 1133; baseline 0.001 -10"><span class='ocrx_word' id='word_1_403' title='bbox 1006 1097 1114 1132; x_wconf 86' lang='grc' dir='ltr'>σώματι</span> <span class='ocrx_word' id='word_1_404' title='bbox 1135 1097 1184 1132; x_wconf 68' lang='grc' dir='ltr'><strong>μὲν</strong></span> <span class='ocrx_word' id='word_1_405' title='bbox 1199 1097 1352 1132; x_wconf 82' lang='grc' dir='ltr'>παρουσίας</span> <span class='ocrx_word' id='word_1_406' title='bbox 1369 1097 1468 1131; x_wconf 80' lang='grc' dir='ltr'>αὑτοῦ,</span> <span class='ocrx_word' id='word_1_407' title='bbox 1486 1097 1532 1124; x_wconf 74' lang='grc' dir='ltr'>καὶ</span> <span class='ocrx_word' id='word_1_408' title='bbox 1548 1097 1603 1124; x_wconf 84' lang='grc' dir='ltr'>τῶν</span> <span class='ocrx_word' id='word_1_409' title='bbox 1625 1097 1696 1133; x_wconf 79' lang='grc' dir='ltr'>ὑπὲρ</span> <span class='ocrx_word' id='word_1_410' title='bbox 1717 1097 1797 1132; x_wconf 79' lang='grc' dir='ltr'>λόγον</span> 
     </span>
    </p>
   </div>
   <div class='ocr_carea' id='block_1_55' title="bbox 1007 1141 1797 1178">
    <p class='ocr_par' dir='ltr' id='par_1_55' title="bbox 1007 1141 1797 1178">
     <span class='ocr_line' id='line_1_55' title="bbox 1007 1141 1797 1178; baseline 0.003 -10"><span class='ocrx_word' id='word_1_411' title='bbox 1007 1141 1097 1177; x_wconf 77' lang='grc' dir='ltr'>ἔργων</span> <span class='ocrx_word' id='word_1_412' title='bbox 1110 1141 1172 1176; x_wconf 73' lang='grc' dir='ltr'>ὄψει</span> <span class='ocrx_word' id='word_1_413' title='bbox 1186 1142 1234 1169; x_wconf 78' lang='grc' dir='ltr'>καὶ</span> <span class='ocrx_word' id='word_1_414' title='bbox 1251 1142 1320 1178; x_wconf 79' lang='grc' dir='ltr'>ἀκοῇ</span> <span class='ocrx_word' id='word_1_415' title='bbox 1339 1142 1510 1178; x_wconf 77' lang='grc' dir='ltr'>καταμαθεῖν</span> <span class='ocrx_word' id='word_1_416' title='bbox 1528 1143 1614 1178; x_wconf 77' lang='grc' dir='ltr'>αὐτὴν</span> <span class='ocrx_word' id='word_1_417' title='bbox 1630 1147 1643 1162; x_wconf 84' lang='grc'><strong><em>⁸</em></strong></span> <span class='ocrx_word' id='word_1_418' title='bbox 1660 1142 1797 1176; x_wconf 76' lang='grc' dir='ltr'>ἀξιωθεὶς.</span> 
     </span>
    </p>
   </div>
   <div class='ocr_carea' id='block_1_56' title="bbox 1005 1187 1798 1224">
    <p class='ocr_par' dir='ltr' id='par_1_56' title="bbox 1005 1187 1798 1224">
     <span class='ocr_line' id='line_1_56' title="bbox 1005 1187 1798 1224; baseline 0 -10"><span class='ocrx_word' id='word_1_419' title='bbox 1005 1187 1051 1214; x_wconf 80' lang='grc' dir='ltr'>διὰ</span> <span class='ocrx_word' id='word_1_420' title='bbox 1062 1187 1091 1214; x_wconf 88' lang='grc' dir='ltr'><strong>δὲ</strong></span> <span class='ocrx_word' id='word_1_421' title='bbox 1103 1187 1154 1223; x_wconf 88' lang='grc' dir='ltr'>τῆς</span> <span class='ocrx_word' id='word_1_422' title='bbox 1168 1187 1299 1223; x_wconf 79' lang='grc' dir='ltr'>τοιαύτης</span> <span class='ocrx_word' id='word_1_423' title='bbox 1310 1188 1438 1222; x_wconf 80' lang='grc' dir='ltr'>γνώσεως</span> <span class='ocrx_word' id='word_1_424' title='bbox 1453 1188 1494 1219; x_wconf 79' lang='grc' dir='ltr'>εις</span> <span class='ocrx_word' id='word_1_425' title='bbox 1505 1188 1555 1224; x_wconf 82' lang='grc' dir='ltr'>τὴν</span> <span class='ocrx_word' id='word_1_426' title='bbox 1571 1188 1622 1224; x_wconf 84' lang='grc' dir='ltr'>τῆς</span> <span class='ocrx_word' id='word_1_427' title='bbox 1636 1188 1774 1216; x_wconf 83' lang='grc' dir='ltr'>ἀθανάτου</span> <span class='ocrx_word' id='word_1_428' title='bbox 1785 1193 1798 1214; x_wconf 77' lang='grc' dir='ltr'><strong>Ρ</strong></span> 
     </span>
    </p>
   </div>
   <div class='ocr_carea' id='block_1_57' title="bbox 1006 1232 1681 1269">
    <p class='ocr_par' dir='ltr' id='par_1_57' title="bbox 1006 1232 1681 1269">
     <span class='ocr_line' id='line_1_57' title="bbox 1006 1232 1681 1269; baseline 0 -9"><span class='ocrx_word' id='word_1_429' title='bbox 1006 1232 1116 1267; x_wconf 81' lang='grc' dir='ltr'>φύσεως</span> <span class='ocrx_word' id='word_1_430' title='bbox 1132 1233 1281 1268; x_wconf 70' lang='grc' dir='ltr'>ἔπίγνωσίν</span> <span class='ocrx_word' id='word_1_431' title='bbox 1296 1241 1326 1260; x_wconf 86' lang='grc' dir='ltr'><strong>τε</strong></span> <span class='ocrx_word' id='word_1_432' title='bbox 1346 1233 1395 1260; x_wconf 84' lang='grc' dir='ltr'>καὶ</span> <span class='ocrx_word' id='word_1_433' title='bbox 1409 1232 1525 1268; x_wconf 84' lang='grc' dir='ltr'>θεωρίαν</span> <span class='ocrx_word' id='word_1_434' title='bbox 1539 1233 1681 1269; x_wconf 71' lang='grc' dir='ltr'>ἀναχθείς,</span> 
     </span>
    </p>
   </div>
   <div class='ocr_carea' id='block_1_58' title="bbox 1047 1300 1800 1337">
    <p class='ocr_par' dir='ltr' id='par_1_58' title="bbox 1047 1300 1800 1337">
     <span class='ocr_line' id='line_1_58' title="bbox 1047 1300 1800 1337; baseline -0.001 -9"><span class='ocrx_word' id='word_1_435' title='bbox 1047 1301 1120 1329; x_wconf 70' lang='grc' dir='ltr'>’Δλλ’</span> <span class='ocrx_word' id='word_1_436' title='bbox 1143 1302 1173 1328; x_wconf 79' lang='grc' dir='ltr'>ἓν</span> <span class='ocrx_word' id='word_1_437' title='bbox 1190 1301 1240 1337; x_wconf 79' lang='grc' dir='ltr'><strong>μὲν</strong></span> <span class='ocrx_word' id='word_1_438' title='bbox 1254 1300 1351 1328; x_wconf 73' lang='grc' dir='ltr'>τοῦτο·</span> <span class='ocrx_word' id='word_1_439' title='bbox 1371 1301 1499 1337; x_wconf 80' lang='grc' dir='ltr'>δεύτερον</span> <span class='ocrx_word' id='word_1_440' title='bbox 1517 1301 1545 1328; x_wconf 77' lang='grc' dir='ltr'><strong>δὲ</strong></span> <span class='ocrx_word' id='word_1_441' title='bbox 1556 1321 1564 1334; x_wconf 89' lang='grc'>,</span> <span class='ocrx_word' id='word_1_442' title='bbox 1581 1301 1623 1328; x_wconf 79' lang='grc' dir='ltr'>ὅτι</span> <span class='ocrx_word' id='word_1_443' title='bbox 1640 1300 1771 1336; x_wconf 76' lang='grc' dir='ltr'>οὐδαμῶς</span> <span class='ocrx_word' id='word_1_444' title='bbox 1785 1300 1800 1327; x_wconf 80' lang='grc' dir='ltr'>ὁ</span> 
     </span>
    </p>
   </div>
   <div class='ocr_carea' id='block_1_59' title="bbox 1008 1346 1800 1383">
    <p class='ocr_par' dir='ltr' id='par_1_59' title="bbox 1008 1346 1800 1383">
     <span class='ocr_line' id='line_1_59' title="bbox 1008 1346 1800 1383; baseline -0.001 -9"><span class='ocrx_word' id='word_1_445' title='bbox 1008 1348 1118 1383; x_wconf 70' lang='grc' dir='ltr'>ἰσχυρὸς</span> <span class='ocrx_word' id='word_1_446' title='bbox 1129 1347 1271 1382; x_wconf 83' lang='grc' dir='ltr'>ὲδεσμεϊτο</span> <span class='ocrx_word' id='word_1_447' title='bbox 1285 1347 1322 1383; x_wconf 85' lang='grc' dir='ltr'><strong>μὴ</strong></span> <span class='ocrx_word' id='word_1_448' title='bbox 1334 1347 1522 1380; x_wconf 84' lang='grc' dir='ltr'>δυνατωτέρου</span> <span class='ocrx_word' id='word_1_449' title='bbox 1535 1346 1582 1373; x_wconf 75' lang='grc' dir='ltr'><strong>τον</strong></span> <span class='ocrx_word' id='word_1_450' title='bbox 1595 1346 1690 1381; x_wconf 82' lang='grc' dir='ltr'>ἀγῶνα</span> <span class='ocrx_word' id='word_1_451' title='bbox 1703 1346 1800 1373; x_wconf 80' lang='grc' dir='ltr'>τοῦτον</span> 
     </span>
    </p>
   </div>
   <div class='ocr_carea' id='block_1_60' title="bbox 1006 1390 1801 1428">
    <p class='ocr_par' dir='ltr' id='par_1_60' title="bbox 1006 1390 1801 1428">
     <span class='ocr_line' id='line_1_60' title="bbox 1006 1390 1801 1428; baseline -0.004 -8"><span class='ocrx_word' id='word_1_452' title='bbox 1006 1392 1114 1420; x_wconf 76' lang='grc' dir='ltr'>καὶτὸν</span> <span class='ocrx_word' id='word_1_453' title='bbox 1135 1390 1217 1419; x_wconf 84' lang='grc' dir='ltr'>ἆθλον</span> <span class='ocrx_word' id='word_1_454' title='bbox 1234 1391 1450 1427; x_wconf 82' lang='grc' dir='ltr'>ὑποδυσαμένου.</span> <span class='ocrx_word' id='word_1_455' title='bbox 1470 1391 1569 1428; x_wconf 82' lang='grc' dir='ltr'>Τρίτον</span> <span class='ocrx_word' id='word_1_456' title='bbox 1582 1392 1678 1427; x_wconf 80' lang='grc' dir='ltr'>ὅτιπερ</span> <span class='ocrx_word' id='word_1_457' title='bbox 1703 1392 1721 1427; x_wconf 80' lang='grc' dir='ltr'><strong>ἡ</strong></span> <span class='ocrx_word' id='word_1_458' title='bbox 1739 1391 1801 1427; x_wconf 67' lang='grc' dir='ltr'>ὕψει</span> 
     </span>
    </p>
   </div>
   <div class='ocr_carea' id='block_1_61' title="bbox 1006 1436 1801 1474">
    <p class='ocr_par' dir='ltr' id='par_1_61' title="bbox 1006 1436 1801 1474">
     <span class='ocr_line' id='line_1_61' title="bbox 1006 1436 1801 1474; baseline -0.004 -9"><span class='ocrx_word' id='word_1_459' title='bbox 1006 1438 1054 1465; x_wconf 76' lang='grc' dir='ltr'>καὶ</span> <span class='ocrx_word' id='word_1_460' title='bbox 1071 1439 1139 1474; x_wconf 77' lang='grc' dir='ltr'>ἀκοῇ</span> <span class='ocrx_word' id='word_1_461' title='bbox 1156 1437 1325 1474; x_wconf 76' lang='grc' dir='ltr'>προκειμένη</span> <span class='ocrx_word' id='word_1_462' title='bbox 1340 1437 1499 1464; x_wconf 86' lang='grc' dir='ltr'>διδασκαλία</span> <span class='ocrx_word' id='word_1_463' title='bbox 1520 1437 1572 1473; x_wconf 73' lang='grc' dir='ltr'>τῆς</span> <span class='ocrx_word' id='word_1_464' title='bbox 1592 1436 1737 1472; x_wconf 69' lang='grc' dir='ltr'>πόρρωθεν</span> <span class='ocrx_word' id='word_1_465' title='bbox 1754 1436 1801 1463; x_wconf 66' lang='grc' dir='ltr'>καὶ</span> 
     </span>
    </p>
   </div>
   <div class='ocr_carea' id='block_1_62' title="bbox 1007 1480 1802 1517">
    <p class='ocr_par' dir='ltr' id='par_1_62' title="bbox 1007 1480 1802 1517">
     <span class='ocr_line' id='line_1_62' title="bbox 1007 1480 1802 1517; baseline -0.001 -9"><span class='ocrx_word' id='word_1_466' title='bbox 1007 1481 1041 1508; x_wconf 85' lang='grc' dir='ltr'><strong>δι’</strong></span> <span class='ocrx_word' id='word_1_467' title='bbox 1053 1481 1154 1516; x_wconf 76' lang='grc' dir='ltr'>ἑτέρων</span> <span class='ocrx_word' id='word_1_468' title='bbox 1171 1481 1263 1516; x_wconf 84' lang='grc' dir='ltr'>μέσων</span> <span class='ocrx_word' id='word_1_469' title='bbox 1281 1481 1525 1517; x_wconf 84' lang='grc' dir='ltr'>ἀπαγγελλομένης</span> <span class='ocrx_word' id='word_1_470' title='bbox 1537 1480 1760 1517; x_wconf 79' lang='grc' dir='ltr'>ὲπικρατεστέρα</span> <span class='ocrx_word' id='word_1_471' title='bbox 1772 1489 1802 1507; x_wconf 87' lang='grc' dir='ltr'><strong>τε</strong></span> 
     </span>
    </p>
   </div>
   <div class='ocr_carea' id='block_1_63' title="bbox 171 1525 911 1564">
    <p class='ocr_par' dir='ltr' id='par_1_63' title="bbox 171 1528 908 1564">
     <span class='ocr_line' id='line_1_63' title="bbox 171 1528 908 1564; baseline 0 -8"><span class='ocrx_word' id='word_1_472' title='bbox 171 1537 219 1564; x_wconf 88' lang='lat' dir='ltr'><strong>per</strong></span> <span class='ocrx_word' id='word_1_473' title='bbox 238 1529 291 1556; x_wconf 88' lang='lat' dir='ltr'><strong>alia</strong></span> <span class='ocrx_word' id='word_1_474' title='bbox 312 1528 475 1557; x_wconf 87' lang='lat' dir='ltr'><strong>intermedia</strong></span> <span class='ocrx_word' id='word_1_475' title='bbox 496 1530 682 1557; x_wconf 87' lang='lat' dir='ltr'><strong>annuntiatur.</strong></span> <span class='ocrx_word' id='word_1_476' title='bbox 704 1528 762 1564; x_wconf 80' lang='lat'><strong>(73)</strong></span> <span class='ocrx_word' id='word_1_477' title='bbox 780 1529 850 1556; x_wconf 88' lang='lat' dir='ltr'><strong>Tum</strong></span> <span class='ocrx_word' id='word_1_478' title='bbox 872 1529 908 1556; x_wconf 89' lang='lat' dir='ltr'><strong>eti</strong></span> 
     </span>
    </p>
   </div>
   <div class='ocr_carea' id='block_1_64' title="bbox 1047 1525 1804 1564">
    <p class='ocr_par' dir='ltr' id='par_1_64' title="bbox 1047 1526 1804 1564">
     <span class='ocr_line' id='line_1_64' title="bbox 1047 1526 1804 1564; baseline -0.001 -10"><span class='ocrx_word' id='word_1_479' title='bbox 1047 1526 1114 1554; x_wconf 87' lang='grc' dir='ltr'>λλῶν</span> <span class='ocrx_word' id='word_1_480' title='bbox 1131 1527 1179 1554; x_wconf 79' lang='grc' dir='ltr'>καὶ</span> <span class='ocrx_word' id='word_1_481' title='bbox 1198 1527 1391 1564; x_wconf 76' lang='grc' dir='ltr'>ἀκριϐεστέρα.</span> <span class='ocrx_word' id='word_1_482' title='bbox 1409 1528 1440 1555; x_wconf 83' lang='lat' dir='ltr'><strong>Et</strong></span> <span class='ocrx_word' id='word_1_483' title='bbox 1454 1527 1543 1563; x_wconf 83' lang='grc' dir='ltr'>βούλει</span> <span class='ocrx_word' id='word_1_484' title='bbox 1560 1527 1602 1560; x_wconf 78' lang='grc' dir='ltr'><strong>δὲ,</strong></span> <span class='ocrx_word' id='word_1_485' title='bbox 1617 1527 1657 1554; x_wconf 81' lang='grc' dir='ltr'>ὅτι</span> <span class='ocrx_word' id='word_1_486' title='bbox 1673 1527 1721 1554; x_wconf 76' lang='grc' dir='ltr'>καὶ</span> <span class='ocrx_word' id='word_1_487' title='bbox 1738 1527 1804 1554; x_wconf 78' lang='grc' dir='ltr'>πολ-</span> 
     </span>
    </p>
   </div>
   <div class='ocr_carea' id='block_1_65' title="bbox 170 1572 959 1608">
    <p class='ocr_par' dir='ltr' id='par_1_65' title="bbox 170 1572 959 1608">
     <span class='ocr_line' id='line_1_65' title="bbox 170 1572 959 1608; baseline 0 -8"><span class='ocrx_word' id='word_1_488' title='bbox 170 1573 242 1601; x_wconf 85' lang='lat' dir='ltr'><strong>actio</strong></span> <span class='ocrx_word' id='word_1_489' title='bbox 254 1581 301 1608; x_wconf 87' lang='lat' dir='ltr'><strong>per</strong></span> <span class='ocrx_word' id='word_1_490' title='bbox 313 1573 495 1601; x_wconf 76' lang='lat' dir='ltr'><strong>imitationem</strong></span> <span class='ocrx_word' id='word_1_491' title='bbox 514 1573 646 1600; x_wconf 84' lang='lat' dir='ltr'><strong>virtutum</strong></span> <span class='ocrx_word' id='word_1_492' title='bbox 662 1572 770 1601; x_wconf 79' lang='lat' dir='ltr'><strong>facilior</strong></span> <span class='ocrx_word' id='word_1_493' title='bbox 784 1578 827 1601; x_wconf 90' lang='lat' dir='ltr'><strong>est</strong></span> <span class='ocrx_word' id='word_1_494' title='bbox 839 1577 867 1600; x_wconf 88' lang='lat' dir='ltr'><strong>et</strong></span> <span class='ocrx_word' id='word_1_495' title='bbox 880 1580 959 1600; x_wconf 86' lang='lat' dir='ltr'><strong>cout-</strong></span> 
     </span>
    </p>
   </div>
   <div class='ocr_carea' id='block_1_66' title="bbox 172 1618 960 1655">
    <p class='ocr_par' dir='ltr' id='par_1_66' title="bbox 172 1618 960 1655">
     <span class='ocr_line' id='line_1_66' title="bbox 172 1618 960 1655; baseline -0.001 -9"><span class='ocrx_word' id='word_1_496' title='bbox 172 1619 289 1652; x_wconf 85' lang='lat' dir='ltr'><strong>modior,</strong></span> <span class='ocrx_word' id='word_1_497' title='bbox 308 1626 391 1655; x_wconf 81' lang='lat' dir='ltr'><strong>quam</strong></span> <span class='ocrx_word' id='word_1_498' title='bbox 420 1626 452 1646; x_wconf 87' lang='lat' dir='ltr'><strong>ea</strong></span> <span class='ocrx_word' id='word_1_499' title='bbox 474 1627 535 1654; x_wconf 73' lang='lat' dir='ltr'><strong>quze</strong></span> <span class='ocrx_word' id='word_1_500' title='bbox 549 1619 616 1647; x_wconf 84' lang='lat' dir='ltr'><strong>citra</strong></span> <span class='ocrx_word' id='word_1_501' title='bbox 638 1618 816 1647; x_wconf 84' lang='lat' dir='ltr'><strong>imitationem</strong></span> <span class='ocrx_word' id='word_1_502' title='bbox 830 1618 960 1653; x_wconf 66' lang='lat' dir='ltr'><strong>exigitur.</strong></span> 
     </span>
    </p>
   </div>
   <div class='ocr_carea' id='block_1_67' title="bbox 171 1665 960 1701">
    <p class='ocr_par' dir='ltr' id='par_1_67' title="bbox 171 1665 960 1701">
     <span class='ocr_line' id='line_1_67' title="bbox 171 1665 960 1701; baseline 0 -8"><span class='ocrx_word' id='word_1_503' title='bbox 171 1665 351 1694; x_wconf 86' lang='lat' dir='ltr'><strong>Imitationem</strong></span> <span class='ocrx_word' id='word_1_504' title='bbox 373 1670 464 1694; x_wconf 89' lang='lat' dir='ltr'><strong>autem</strong></span> <span class='ocrx_word' id='word_1_505' title='bbox 490 1673 545 1693; x_wconf 89' lang='lat' dir='ltr'><strong>non</strong></span> <span class='ocrx_word' id='word_1_506' title='bbox 567 1669 686 1701; x_wconf 86' lang='lat' dir='ltr'><strong>possunt</strong></span> <span class='ocrx_word' id='word_1_507' title='bbox 702 1666 802 1694; x_wconf 87' lang='lat' dir='ltr'><strong>habere</strong></span> <span class='ocrx_word' id='word_1_508' title='bbox 822 1665 960 1697; x_wconf 76' lang='lat' dir='ltr'><strong>homines,</strong></span> 
     </span>
    </p>
   </div>
   <div class='ocr_carea' id='block_1_68' title="bbox 170 1709 959 1744">
    <p class='ocr_par' dir='ltr' id='par_1_68' title="bbox 170 1709 959 1744">
     <span class='ocr_line' id='line_1_68' title="bbox 170 1709 959 1744; baseline 0.001 -8"><span class='ocrx_word' id='word_1_509' title='bbox 170 1717 232 1744; x_wconf 67' lang='lat' dir='ltr'><strong>qua:</strong></span> <span class='ocrx_word' id='word_1_510' title='bbox 244 1709 394 1737; x_wconf 84' lang='lat' dir='ltr'><strong>humanam</strong></span> <span class='ocrx_word' id='word_1_511' title='bbox 411 1710 494 1737; x_wconf 87' lang='lat' dir='ltr'><strong>vitam</strong></span> <span class='ocrx_word' id='word_1_512' title='bbox 513 1709 539 1736; x_wconf 91' lang='lat' dir='ltr'><strong>in</strong></span> <span class='ocrx_word' id='word_1_513' title='bbox 558 1710 643 1737; x_wconf 87' lang='lat' dir='ltr'><strong>altum</strong></span> <span class='ocrx_word' id='word_1_514' title='bbox 657 1709 744 1743; x_wconf 78' lang='lat' dir='ltr'><strong>tollat,</strong></span> <span class='ocrx_word' id='word_1_515' title='bbox 767 1710 790 1737; x_wconf 88' lang='lat' dir='ltr'><strong>si</strong></span> <span class='ocrx_word' id='word_1_516' title='bbox 809 1710 901 1738; x_wconf 89' lang='lat' dir='ltr'><strong>nullus</strong></span> <span class='ocrx_word' id='word_1_517' title='bbox 913 1710 959 1743; x_wconf 89' lang='lat' dir='ltr'><strong>sit,</strong></span> 
     </span>
    </p>
   </div>
   <div class='ocr_carea' id='block_1_69' title="bbox 171 1755 959 1790">
    <p class='ocr_par' dir='ltr' id='par_1_69' title="bbox 171 1755 959 1790">
     <span class='ocr_line' id='line_1_69' title="bbox 171 1755 959 1790; baseline 0.001 -8"><span class='ocrx_word' id='word_1_518' title='bbox 171 1755 219 1790; x_wconf 89' lang='lat' dir='ltr'><strong>qui</strong></span> <span class='ocrx_word' id='word_1_519' title='bbox 238 1755 309 1783; x_wconf 89' lang='lat' dir='ltr'><strong>hanc</strong></span> <span class='ocrx_word' id='word_1_520' title='bbox 322 1755 459 1783; x_wconf 82' lang='lat' dir='ltr'><strong>actionem</strong></span> <span class='ocrx_word' id='word_1_521' title='bbox 473 1755 584 1783; x_wconf 84' lang='lat' dir='ltr'><strong>virtutis</strong></span> <span class='ocrx_word' id='word_1_522' title='bbox 596 1755 728 1790; x_wconf 89' lang='lat' dir='ltr'><strong>suspiciat</strong></span> <span class='ocrx_word' id='word_1_523' title='bbox 741 1755 880 1783; x_wconf 72' lang='lat' dir='ltr'><strong>humanae.</strong></span> <span class='ocrx_word' id='word_1_524' title='bbox 901 1755 959 1782; x_wconf 80' lang='lat' dir='ltr'><strong>Hu-</strong></span> 
     </span>
    </p>
   </div>
   <div class='ocr_carea' id='block_1_70' title="bbox 168 1801 959 1837">
    <p class='ocr_par' dir='ltr' id='par_1_70' title="bbox 168 1801 959 1837">
     <span class='ocr_line' id='line_1_70' title="bbox 168 1801 959 1837; baseline 0.001 -9"><span class='ocrx_word' id='word_1_525' title='bbox 168 1801 290 1835; x_wconf 77' lang='lat' dir='ltr'><strong>iusmodi</strong></span> <span class='ocrx_word' id='word_1_526' title='bbox 309 1802 382 1829; x_wconf 85' lang='lat' dir='ltr'><strong>actio</strong></span> <span class='ocrx_word' id='word_1_527' title='bbox 399 1804 519 1829; x_wconf 88' lang='lat' dir='ltr'><strong>humana</strong></span> <span class='ocrx_word' id='word_1_528' title='bbox 533 1802 672 1837; x_wconf 88' lang='lat' dir='ltr'><strong>quomodo</strong></span> <span class='ocrx_word' id='word_1_529' title='bbox 690 1809 749 1830; x_wconf 77' lang='lat' dir='ltr'><strong>esse</strong></span> <span class='ocrx_word' id='word_1_530' title='bbox 767 1807 869 1837; x_wconf 89' lang='lat' dir='ltr'><strong>posset,</strong></span> <span class='ocrx_word' id='word_1_531' title='bbox 884 1801 907 1830; x_wconf 87' lang='lat' dir='ltr'><strong>si</strong></span> <span class='ocrx_word' id='word_1_532' title='bbox 920 1801 959 1829; x_wconf 89' lang='lat' dir='ltr'><strong>in-</strong></span> 
     </span>
    </p>
   </div>
   <div class='ocr_carea' id='block_1_71' title="bbox 173 1845 959 1882">
    <p class='ocr_par' dir='ltr' id='par_1_71' title="bbox 173 1845 959 1882">
     <span class='ocr_line' id='line_1_71' title="bbox 173 1845 959 1882; baseline 0 -8"><span class='ocrx_word' id='word_1_533' title='bbox 173 1847 296 1875; x_wconf 82' lang='lat' dir='ltr'><strong>carnatio</strong></span> <span class='ocrx_word' id='word_1_534' title='bbox 312 1845 394 1874; x_wconf 83' lang='lat' dir='ltr'><strong>Verbi</strong></span> <span class='ocrx_word' id='word_1_535' title='bbox 411 1846 456 1874; x_wconf 90' lang='lat' dir='ltr'><strong>Dei</strong></span> <span class='ocrx_word' id='word_1_536' title='bbox 483 1846 555 1875; x_wconf 76' lang='lat' dir='ltr'><strong>facta</strong></span> <span class='ocrx_word' id='word_1_537' title='bbox 579 1855 635 1874; x_wconf 93' lang='lat' dir='ltr'><strong>non</strong></span> <span class='ocrx_word' id='word_1_538' title='bbox 647 1847 742 1875; x_wconf 82' lang='lat' dir='ltr'><strong>esset?</strong></span> <span class='ocrx_word' id='word_1_539' title='bbox 758 1847 861 1875; x_wconf 83' lang='lat' dir='ltr'><strong>Amore</strong></span> <span class='ocrx_word' id='word_1_540' title='bbox 876 1847 959 1882; x_wconf 83' lang='lat' dir='ltr'><strong>igitur</strong></span> 
     </span>
    </p>
   </div>
   <div class='ocr_carea' id='block_1_72' title="bbox 172 1889 959 1926">
    <p class='ocr_par' dir='ltr' id='par_1_72' title="bbox 172 1889 959 1926">
     <span class='ocr_line' id='line_1_72' title="bbox 172 1889 959 1926; baseline -0.003 -8"><span class='ocrx_word' id='word_1_541' title='bbox 172 1898 236 1925; x_wconf 83' lang='lat' dir='ltr'><strong>erga</strong></span> <span class='ocrx_word' id='word_1_542' title='bbox 251 1890 387 1923; x_wconf 84' lang='lat' dir='ltr'><strong>homines.</strong></span> <span class='ocrx_word' id='word_1_543' title='bbox 400 1894 427 1918; x_wconf 88' lang='lat' dir='ltr'><strong>et</strong></span> <span class='ocrx_word' id='word_1_544' title='bbox 441 1890 610 1926; x_wconf 86' lang='lat' dir='ltr'><strong>providentia</strong></span> <span class='ocrx_word' id='word_1_545' title='bbox 629 1890 762 1918; x_wconf 84' lang='lat' dir='ltr'><strong>immensa</strong></span> <span class='ocrx_word' id='word_1_546' title='bbox 778 1889 897 1918; x_wconf 87' lang='lat' dir='ltr'><strong>Verbum</strong></span> <span class='ocrx_word' id='word_1_547' title='bbox 911 1889 959 1917; x_wconf 70' lang='lat' dir='ltr'><strong>Dei</strong></span> 
     </span>
    </p>
   </div>
   <div class='ocr_carea' id='block_1_73' title="bbox 173 1929 959 1967">
    <p class='ocr_par' dir='ltr' id='par_1_73' title="bbox 173 1929 959 1967">
     <span class='ocr_line' id='line_1_73' title="bbox 173 1929 959 1967; baseline -0.001 -5"><span class='ocrx_word' id='word_1_548' title='bbox 173 1935 275 1963; x_wconf 73' lang='lat' dir='ltr'><strong>factum</strong></span> <span class='ocrx_word' id='word_1_549' title='bbox 289 1929 331 1962; x_wconf 79' lang='lat' dir='ltr'><strong>est</strong></span> <span class='ocrx_word' id='word_1_550' title='bbox 346 1935 439 1967; x_wconf 88' lang='lat' dir='ltr'><strong>homo,</strong></span> <span class='ocrx_word' id='word_1_551' title='bbox 457 1939 486 1962; x_wconf 85' lang='lat' dir='ltr'><strong>et</strong></span> <span class='ocrx_word' id='word_1_552' title='bbox 500 1934 644 1963; x_wconf 86' lang='lat' dir='ltr'><strong>nobiscum</strong></span> <span class='ocrx_word' id='word_1_553' title='bbox 659 1934 757 1963; x_wconf 82' lang='lat' dir='ltr'><strong>deiﬂce</strong></span> <span class='ocrx_word' id='word_1_554' title='bbox 767 1938 959 1963; x_wconf 85' lang='lat' dir='ltr'><strong>conversatuut</strong></span> 
     </span>
    </p>
   </div>
   <div class='ocr_carea' id='block_1_74' title="bbox 171 1979 581 2011">
    <p class='ocr_par' dir='ltr' id='par_1_74' title="bbox 171 1979 581 2011">
     <span class='ocr_line' id='line_1_74' title="bbox 171 1979 581 2011; baseline -0.002 -4"><span class='ocrx_word' id='word_1_555' title='bbox 171 1985 225 2011; x_wconf 79' lang='lat' dir='ltr'><strong>est.</strong></span> <span class='ocrx_word' id='word_1_556' title='bbox 238 1984 266 2007; x_wconf 84' lang='lat' dir='ltr'><strong>et</strong></span> <span class='ocrx_word' id='word_1_557' title='bbox 277 1979 348 2007; x_wconf 84' lang='lat' dir='ltr'><strong>inter</strong></span> <span class='ocrx_word' id='word_1_558' title='bbox 366 1979 492 2008; x_wconf 89' lang='lat' dir='ltr'><strong>homines</strong></span> <span class='ocrx_word' id='word_1_559' title='bbox 504 1980 581 2007; x_wconf 65' lang='lat' dir='ltr'><strong>vixit.</strong></span> 
     </span>
    </p>
   </div>
   <div class='ocr_carea' id='block_1_75' title="bbox 1010 1572 1803 1609">
    <p class='ocr_par' dir='ltr' id='par_1_75' title="bbox 1010 1572 1803 1609">
     <span class='ocr_line' id='line_1_75' title="bbox 1010 1572 1803 1609; baseline 0 -10"><span class='ocrx_word' id='word_1_560' title='bbox 1010 1573 1066 1605; x_wconf 85' lang='grc' dir='ltr'>λοῖς</span> <span class='ocrx_word' id='word_1_561' title='bbox 1092 1573 1272 1609; x_wconf 71' lang='grc' dir='ltr'>εὐχερεστέρα</span> <span class='ocrx_word' id='word_1_562' title='bbox 1289 1573 1337 1600; x_wconf 74' lang='grc' dir='ltr'>καὶ</span> <span class='ocrx_word' id='word_1_563' title='bbox 1359 1573 1458 1609; x_wconf 71' lang='grc' dir='ltr'>ῥᾳδίως</span> <span class='ocrx_word' id='word_1_564' title='bbox 1474 1572 1636 1607; x_wconf 77' lang='grc' dir='ltr'>ὲξανΰεσθαι</span> <span class='ocrx_word' id='word_1_565' title='bbox 1659 1572 1803 1608; x_wconf 82' lang='grc' dir='ltr'>δυναμένη</span> 
     </span>
    </p>
   </div>
   <div class='ocr_carea' id='block_1_76' title="bbox 1009 1618 1803 1655">
    <p class='ocr_par' dir='ltr' id='par_1_76' title="bbox 1009 1618 1803 1655">
     <span class='ocr_line' id='line_1_76' title="bbox 1009 1618 1803 1655; baseline -0.001 -9"><span class='ocrx_word' id='word_1_566' title='bbox 1009 1619 1026 1654; x_wconf 82' lang='grc' dir='ltr'>ὴ</span> <span class='ocrx_word' id='word_1_567' title='bbox 1040 1619 1085 1646; x_wconf 80' lang='grc' dir='ltr'><strong>διὰ</strong></span> <span class='ocrx_word' id='word_1_568' title='bbox 1103 1620 1246 1655; x_wconf 82' lang='grc' dir='ltr'>μιμήσεως</span> <span class='ocrx_word' id='word_1_569' title='bbox 1260 1620 1315 1646; x_wconf 86' lang='grc' dir='ltr'><strong>τῶν</strong></span> <span class='ocrx_word' id='word_1_570' title='bbox 1331 1619 1436 1655; x_wconf 83' lang='grc' dir='ltr'>ἀρετῶν</span> <span class='ocrx_word' id='word_1_571' title='bbox 1452 1619 1550 1655; x_wconf 78' lang='grc' dir='ltr'>πρᾶξις</span> <span class='ocrx_word' id='word_1_572' title='bbox 1565 1619 1615 1655; x_wconf 83' lang='grc' dir='ltr'><strong>τῆς</strong></span> <span class='ocrx_word' id='word_1_573' title='bbox 1635 1618 1700 1646; x_wconf 78' lang='grc' dir='ltr'>ἀνευ</span> <span class='ocrx_word' id='word_1_574' title='bbox 1713 1619 1803 1645; x_wconf 82' lang='grc' dir='ltr'>ἀπαι-</span> 
     </span>
    </p>
   </div>
   <div class='ocr_carea' id='block_1_77' title="bbox 1009 1662 1804 1701">
    <p class='ocr_par' dir='ltr' id='par_1_77' title="bbox 1009 1662 1804 1701">
     <span class='ocr_line' id='line_1_77' title="bbox 1009 1662 1804 1701; baseline -0.004 -9"><span class='ocrx_word' id='word_1_575' title='bbox 1009 1665 1153 1700; x_wconf 82' lang='grc' dir='ltr'>τουμένης.</span> <span class='ocrx_word' id='word_1_576' title='bbox 1174 1665 1298 1700; x_wconf 85' lang='grc' dir='ltr'>Μίμησις</span> <span class='ocrx_word' id='word_1_577' title='bbox 1316 1665 1340 1692; x_wconf 83' lang='grc' dir='ltr'><strong>δ’</strong></span> <span class='ocrx_word' id='word_1_578' title='bbox 1354 1665 1509 1701; x_wconf 82' lang='grc' dir='ltr'>ἀνθρώποις</span> <span class='ocrx_word' id='word_1_579' title='bbox 1521 1664 1570 1691; x_wconf 84' lang='grc' dir='ltr'><strong>οὑκ</strong></span> <span class='ocrx_word' id='word_1_580' title='bbox 1582 1664 1615 1691; x_wconf 82' lang='grc' dir='ltr'>ἂν</span> <span class='ocrx_word' id='word_1_581' title='bbox 1626 1663 1669 1699; x_wconf 85' lang='grc' dir='ltr'>εῐη</span> <span class='ocrx_word' id='word_1_582' title='bbox 1687 1662 1735 1689; x_wconf 86' lang='grc' dir='ltr'>τδν</span> <span class='ocrx_word' id='word_1_583' title='bbox 1754 1664 1804 1690; x_wconf 89' lang='grc' dir='ltr'>ἀν-</span> 
     </span>
    </p>
   </div>
   <div class='ocr_carea' id='block_1_78' title="bbox 1009 1709 1806 1747">
    <p class='ocr_par' dir='ltr' id='par_1_78' title="bbox 1009 1709 1806 1747">
     <span class='ocr_line' id='line_1_78' title="bbox 1009 1709 1806 1747; baseline -0.001 -10"><span class='ocrx_word' id='word_1_584' title='bbox 1009 1709 1146 1746; x_wconf 77' lang='grc' dir='ltr'>θρώπινον</span> <span class='ocrx_word' id='word_1_585' title='bbox 1159 1710 1300 1746; x_wconf 68' lang='grc' dir='ltr'>ἀνυψοῦσα</span> <span class='ocrx_word' id='word_1_586' title='bbox 1312 1710 1388 1746; x_wconf 47' lang='grc' dir='ltr'>βίονι</span> <span class='ocrx_word' id='word_1_587' title='bbox 1396 1710 1510 1747; x_wconf 75' lang='grc' dir='ltr'>μηδενὸς</span> <span class='ocrx_word' id='word_1_588' title='bbox 1519 1710 1622 1746; x_wconf 80' lang='grc' dir='ltr'>ταύτην</span> <span class='ocrx_word' id='word_1_589' title='bbox 1634 1710 1806 1745; x_wconf 81' lang='grc' dir='ltr'>πράττοντος</span> 
     </span>
    </p>
   </div>
   <div class='ocr_carea' id='block_1_79' title="bbox 1011 1755 1805 1793">
    <p class='ocr_par' dir='ltr' id='par_1_79' title="bbox 1011 1755 1805 1793">
     <span class='ocr_line' id='line_1_79' title="bbox 1011 1755 1805 1793; baseline -0.005 -8"><span class='ocrx_word' id='word_1_590' title='bbox 1011 1757 1201 1792; x_wconf 81' lang='grc' dir='ltr'>ἀνθρωπίνως.</span> <span class='ocrx_word' id='word_1_591' title='bbox 1223 1757 1327 1793; x_wconf 81' lang='grc' dir='ltr'>Πρᾶξις</span> <span class='ocrx_word' id='word_1_592' title='bbox 1343 1756 1366 1784; x_wconf 78' lang='grc' dir='ltr'><strong>δ’</strong></span> <span class='ocrx_word' id='word_1_593' title='bbox 1384 1756 1544 1793; x_wconf 78' lang='grc' dir='ltr'>ἀνθρωπίνη</span> <span class='ocrx_word' id='word_1_594' title='bbox 1568 1755 1627 1788; x_wconf 78' lang='grc' dir='ltr'><strong>πῶς</strong></span> <span class='ocrx_word' id='word_1_595' title='bbox 1643 1756 1677 1782; x_wconf 84' lang='grc' dir='ltr'>ἂν</span> <span class='ocrx_word' id='word_1_596' title='bbox 1685 1756 1730 1791; x_wconf 80' lang='grc' dir='ltr'>ετη</span> <span class='ocrx_word' id='word_1_597' title='bbox 1754 1756 1805 1790; x_wconf 77' lang='grc' dir='ltr'>τῆς</span> 
     </span>
    </p>
   </div>
   <div class='ocr_carea' id='block_1_80' title="bbox 1012 1801 1806 1840">
    <p class='ocr_par' dir='ltr' id='par_1_80' title="bbox 1012 1801 1806 1840">
     <span class='ocr_line' id='line_1_80' title="bbox 1012 1801 1806 1840; baseline -0.004 -9"><span class='ocrx_word' id='word_1_598' title='bbox 1012 1804 1245 1840; x_wconf 79' lang='grc' dir='ltr'>ένανθρωπήσεως</span> <span class='ocrx_word' id='word_1_599' title='bbox 1261 1804 1309 1831; x_wconf 70' lang='grc' dir='ltr'><strong>τοῦ</strong></span> <span class='ocrx_word' id='word_1_600' title='bbox 1325 1803 1413 1838; x_wconf 81' lang='grc' dir='ltr'>Λόγου</span> <span class='ocrx_word' id='word_1_601' title='bbox 1432 1803 1469 1838; x_wconf 85' lang='grc' dir='ltr'><strong>μὴ</strong></span> <span class='ocrx_word' id='word_1_602' title='bbox 1484 1802 1689 1838; x_wconf 81' lang='grc' dir='ltr'>γεγενημένης;</span> <span class='ocrx_word' id='word_1_603' title='bbox 1703 1801 1806 1829; x_wconf 77' lang='grc' dir='ltr'>Φιλαν-</span> 
     </span>
    </p>
   </div>
   <div class='ocr_carea' id='block_1_81' title="bbox 1012 1847 1805 1886">
    <p class='ocr_par' dir='ltr' id='par_1_81' title="bbox 1012 1847 1805 1886">
     <span class='ocr_line' id='line_1_81' title="bbox 1012 1847 1805 1886; baseline -0.005 -9"><span class='ocrx_word' id='word_1_604' title='bbox 1012 1850 1129 1886; x_wconf 87' lang='grc' dir='ltr'>θρώπως</span> <span class='ocrx_word' id='word_1_605' title='bbox 1148 1851 1203 1886; x_wconf 83' lang='grc' dir='ltr'><strong>ἀρα</strong></span> <span class='ocrx_word' id='word_1_606' title='bbox 1219 1849 1268 1877; x_wconf 79' lang='grc' dir='ltr'>καὶ</span> <span class='ocrx_word' id='word_1_607' title='bbox 1289 1849 1496 1885; x_wconf 77' lang='grc' dir='ltr'>ἀνυπερϐλήτου</span> <span class='ocrx_word' id='word_1_608' title='bbox 1519 1847 1667 1884; x_wconf 80' lang='grc' dir='ltr'>προνοίας,</span> <span class='ocrx_word' id='word_1_609' title='bbox 1683 1848 1733 1874; x_wconf 77' lang='grc' dir='ltr'>καὶ</span> <span class='ocrx_word' id='word_1_610' title='bbox 1757 1847 1805 1874; x_wconf 76' lang='grc' dir='ltr'><strong>τοῦ</strong></span> 
     </span>
    </p>
   </div>
   <div class='ocr_carea' id='block_1_82' title="bbox 1011 1891 1806 1930">
    <p class='ocr_par' dir='ltr' id='par_1_82' title="bbox 1011 1891 1806 1930">
     <span class='ocr_line' id='line_1_82' title="bbox 1011 1891 1806 1930; baseline -0.005 -8"><span class='ocrx_word' id='word_1_611' title='bbox 1011 1894 1099 1929; x_wconf 82' lang='grc' dir='ltr'>Λόγου</span> <span class='ocrx_word' id='word_1_612' title='bbox 1118 1893 1230 1929; x_wconf 81' lang='grc' dir='ltr'>γέγονεν</span> <span class='ocrx_word' id='word_1_613' title='bbox 1244 1893 1462 1929; x_wconf 77' lang='grc' dir='ltr'>ένανθρώπησις,</span> <span class='ocrx_word' id='word_1_614' title='bbox 1478 1893 1527 1921; x_wconf 82' lang='grc' dir='ltr'>καὶ</span> <span class='ocrx_word' id='word_1_615' title='bbox 1540 1894 1557 1930; x_wconf 77' lang='grc' dir='ltr'>ὴ</span> <span class='ocrx_word' id='word_1_616' title='bbox 1575 1892 1634 1928; x_wconf 83' lang='grc' dir='ltr'>μεθ’</span> <span class='ocrx_word' id='word_1_617' title='bbox 1651 1891 1733 1928; x_wconf 80' lang='grc' dir='ltr'>ἡμῶν</span> <span class='ocrx_word' id='word_1_618' title='bbox 1745 1891 1806 1919; x_wconf 84' lang='grc' dir='ltr'>θεο-</span> 
     </span>
    </p>
   </div>
   <div class='ocr_carea' id='block_1_83' title="bbox 1013 1939 1471 1976">
    <p class='ocr_par' dir='ltr' id='par_1_83' title="bbox 1013 1939 1471 1976">
     <span class='ocr_line' id='line_1_83' title="bbox 1013 1939 1471 1976; baseline -0.002 -9"><span class='ocrx_word' id='word_1_619' title='bbox 1013 1939 1089 1972; x_wconf 78' lang='grc' dir='ltr'>ποιὸς</span> <span class='ocrx_word' id='word_1_620' title='bbox 1103 1939 1261 1976; x_wconf 79' lang='grc' dir='ltr'>ἀναστροφὴ</span> <span class='ocrx_word' id='word_1_621' title='bbox 1276 1939 1323 1967; x_wconf 80' lang='grc' dir='ltr'>καὶ</span> <span class='ocrx_word' id='word_1_622' title='bbox 1338 1940 1471 1973; x_wconf 78' lang='grc' dir='ltr'>πολιτεία,</span> 
     </span>
    </p>
   </div>
   <div class='ocr_carea' id='block_1_84' title="bbox 541 2055 1394 2093">
    <p class='ocr_par' dir='ltr' id='par_1_84' title="bbox 541 2055 1394 2093">
     <span class='ocr_line' id='line_1_84' title="bbox 541 2055 1394 2093; baseline -0.001 -8"><span class='ocrx_word' id='word_1_623' title='bbox 541 2056 705 2091; x_wconf 64' lang='lat' dir='ltr'><strong>QUASTIO</strong></span> <span class='ocrx_word' id='word_1_624' title='bbox 730 2055 898 2085; x_wconf 79' lang='lat' dir='ltr'><strong>CLXXXVII</strong></span> <span class='ocrx_word' id='word_1_625' title='bbox 924 2056 1019 2093; x_wconf 76' lang='lat' dir='ltr'><strong>[CoisL</strong></span> <span class='ocrx_word' id='word_1_626' title='bbox 1037 2057 1152 2085; x_wconf 81' lang='lat' dir='ltr'><strong>CCXVI.</strong></span> <span class='ocrx_word' id='word_1_627' title='bbox 1175 2056 1257 2085; x_wconf 84' lang='lat' dir='ltr'><strong>Taur.</strong></span> <span class='ocrx_word' id='word_1_628' title='bbox 1281 2056 1394 2093; x_wconf 82' lang='lat' dir='ltr'><strong>CCVII].</strong></span> 
     </span>
    </p>
   </div>
   <div class='ocr_carea' id='block_1_85' title="bbox 748 2128 1224 2158">
    <p class='ocr_par' dir='ltr' id='par_1_85' title="bbox 748 2128 1224 2158">
     <span class='ocr_line' id='line_1_85' title="bbox 748 2128 1224 2158; baseline 0.002 -2"><span class='ocrx_word' id='word_1_629' title='bbox 748 2128 787 2156; x_wconf 70' lang='lat' dir='ltr'><strong>De</strong></span> <span class='ocrx_word' id='word_1_630' title='bbox 804 2128 870 2156; x_wconf 78' lang='lat' dir='ltr'><strong>Filii</strong></span> <span class='ocrx_word' id='word_1_631' title='bbox 883 2129 1224 2158; x_wconf 75' lang='lat' dir='ltr'><strong>incarnatione.—inedita.</strong></span> 
     </span>
    </p>
   </div>
   <div class='ocr_carea' id='block_1_86' title="bbox 210 2185 911 2224">
    <p class='ocr_par' dir='ltr' id='par_1_86' title="bbox 210 2185 911 2223">
     <span class='ocr_line' id='line_1_86' title="bbox 210 2185 911 2223; baseline 0.004 -11"><span class='ocrx_word' id='word_1_632' title='bbox 210 2187 266 2212; x_wconf 74' lang='lat' dir='ltr'><strong>(Zur</strong></span> <span class='ocrx_word' id='word_1_633' title='bbox 281 2185 385 2220; x_wconf 74' lang='lat' dir='ltr'><strong>l-‘iIius,</strong></span> <span class='ocrx_word' id='word_1_634' title='bbox 406 2191 434 2214; x_wconf 90' lang='lat' dir='ltr'><strong>et</strong></span> <span class='ocrx_word' id='word_1_635' title='bbox 455 2194 510 2214; x_wconf 84' lang='lat' dir='ltr'><strong>non</strong></span> <span class='ocrx_word' id='word_1_636' title='bbox 533 2186 586 2214; x_wconf 87' lang='lat' dir='ltr'><strong>alia</strong></span> <span class='ocrx_word' id='word_1_637' title='bbox 614 2191 717 2215; x_wconf 67' lang='lat' dir='ltr'><strong>saneta:</strong></span> <span class='ocrx_word' id='word_1_638' title='bbox 738 2187 881 2216; x_wconf 88' lang='lat' dir='ltr'><strong>Trinitatis</strong></span> <span class='ocrx_word' id='word_1_639' title='bbox 898 2196 911 2223; x_wconf 84' lang='lat' dir='ltr'><strong>p</strong></span> 
     </span>
    </p>
   </div>
   <div class='ocr_carea' id='block_1_87' title="bbox 1047 2185 1801 2224">
    <p class='ocr_par' dir='ltr' id='par_1_87' title="bbox 1049 2185 1801 2224">
     <span class='ocr_line' id='line_1_87' title="bbox 1049 2185 1801 2224; baseline -0.004 -8"><span class='ocrx_word' id='word_1_640' title='bbox 1049 2189 1082 2215; x_wconf 92' lang='grc' dir='ltr'><strong>Τί</strong></span> <span class='ocrx_word' id='word_1_641' title='bbox 1092 2188 1295 2224; x_wconf 68' lang='grc' dir='ltr'>δήποτεὸΐὶδς,</span> <span class='ocrx_word' id='word_1_642' title='bbox 1309 2187 1356 2214; x_wconf 75' lang='grc' dir='ltr'>καὶ</span> <span class='ocrx_word' id='word_1_643' title='bbox 1370 2187 1420 2223; x_wconf 85' lang='grc' dir='ltr'><strong>οὐχ</strong></span> <span class='ocrx_word' id='word_1_644' title='bbox 1434 2186 1517 2222; x_wconf 81' lang='grc' dir='ltr'>ἑτέρα</span> <span class='ocrx_word' id='word_1_645' title='bbox 1526 2186 1575 2221; x_wconf 88' lang='grc' dir='ltr'>τῆς</span> <span class='ocrx_word' id='word_1_646' title='bbox 1590 2186 1670 2220; x_wconf 83' lang='grc' dir='ltr'>ἀγίας</span> <span class='ocrx_word' id='word_1_647' title='bbox 1683 2185 1801 2220; x_wconf 82' lang='grc' dir='ltr'>Τριάδος</span> 
     </span>
    </p>
   </div>
   <div class='ocr_carea' id='block_1_88' title="bbox 177 2233 908 2268">
    <p class='ocr_par' dir='ltr' id='par_1_88' title="bbox 177 2233 908 2268">
     <span class='ocr_line' id='line_1_88' title="bbox 177 2233 908 2268; baseline 0 -7"><span class='ocrx_word' id='word_1_648' title='bbox 177 2240 256 2266; x_wconf 86' lang='lat' dir='ltr'><strong>sona,</strong></span> <span class='ocrx_word' id='word_1_649' title='bbox 271 2237 364 2261; x_wconf 82' lang='lat' dir='ltr'><strong>nostra</strong></span> <span class='ocrx_word' id='word_1_650' title='bbox 381 2237 478 2261; x_wconf 86' lang='lat' dir='ltr'><strong>natura</strong></span> <span class='ocrx_word' id='word_1_651' title='bbox 493 2237 645 2268; x_wconf 82' lang='lat' dir='ltr'><strong>assumpta,</strong></span> <span class='ocrx_word' id='word_1_652' title='bbox 665 2233 825 2262; x_wconf 85' lang='lat' dir='ltr'><strong>incarnatus</strong></span> <span class='ocrx_word' id='word_1_653' title='bbox 843 2233 908 2261; x_wconf 86' lang='lat' dir='ltr'><strong>est?</strong></span> 
     </span>
    </p>
   </div>
   <div class='ocr_carea' id='block_1_89' title="bbox 1014 2229 1800 2269">
    <p class='ocr_par' dir='ltr' id='par_1_89' title="bbox 1014 2229 1800 2269">
     <span class='ocr_line' id='line_1_89' title="bbox 1014 2229 1800 2269; baseline -0.008 -8"><span class='ocrx_word' id='word_1_654' title='bbox 1014 2234 1173 2267; x_wconf 79' lang='grc' dir='ltr'>ὑπόστασις,</span> <span class='ocrx_word' id='word_1_655' title='bbox 1184 2233 1233 2269; x_wconf 85' lang='grc' dir='ltr'>τὴν</span> <span class='ocrx_word' id='word_1_656' title='bbox 1243 2233 1381 2269; x_wconf 79' lang='grc' dir='ltr'>ἡμετέραν</span> <span class='ocrx_word' id='word_1_657' title='bbox 1391 2230 1536 2260; x_wconf 77' lang='grc' dir='ltr'>ἀναλαϐὼν</span> <span class='ocrx_word' id='word_1_658' title='bbox 1548 2230 1692 2267; x_wconf 81' lang='grc' dir='ltr'>ἐσαρκὼοη</span> <span class='ocrx_word' id='word_1_659' title='bbox 1700 2229 1800 2265; x_wconf 78' lang='grc' dir='ltr'>φύσιν;</span> 
     </span>
    </p>
   </div>
   <div class='ocr_carea' id='block_1_90' title="bbox 822 2320 1161 2351">
    <p class='ocr_par' dir='ltr' id='par_1_90' title="bbox 822 2320 1161 2351">
     <span class='ocr_line' id='line_1_90' title="bbox 822 2320 1161 2351; baseline 0.003 -3"><span class='ocrx_word' id='word_1_660' title='bbox 822 2320 942 2350; x_wconf 65' lang='lat' dir='ltr'><strong>VARUS</strong></span> <span class='ocrx_word' id='word_1_661' title='bbox 959 2321 1161 2351; x_wconf 81' lang='lat' dir='ltr'><strong>LECTIONES.</strong></span> 
     </span>
    </p>
   </div>
   <div class='ocr_carea' id='block_1_91' title="bbox 213 2400 903 2440">
    <p class='ocr_par' dir='ltr' id='par_1_91' title="bbox 213 2400 903 2440">
     <span class='ocr_line' id='line_1_91' title="bbox 213 2400 903 2440; baseline -0.003 -10"><span class='ocrx_word' id='word_1_662' title='bbox 213 2403 224 2423; x_wconf 67' lang='grc' dir='ltr'><strong>κ</strong></span> <span class='ocrx_word' id='word_1_663' title='bbox 245 2403 264 2431; x_wconf 88' lang='lat' dir='ltr'><strong>l.</strong></span> <span class='ocrx_word' id='word_1_664' title='bbox 276 2402 325 2440; x_wconf 76' lang='grc' dir='ltr'><strong>εχῃ</strong></span> <span class='ocrx_word' id='word_1_665' title='bbox 341 2402 369 2440; x_wconf 91' lang='lat' dir='ltr'><strong>i_n</strong></span> <span class='ocrx_word' id='word_1_666' title='bbox 381 2401 567 2440; x_wconf 69' lang='lat' dir='ltr'><strong>subiunctivo,</strong></span> <span class='ocrx_word' id='word_1_667' title='bbox 606 2400 618 2423; x_wconf 81' lang='grc' dir='ltr'>ι</span> <span class='ocrx_word' id='word_1_668' title='bbox 630 2402 649 2430; x_wconf 95' lang='lat' dir='ltr'><strong>l.</strong></span> <span class='ocrx_word' id='word_1_669' title='bbox 663 2402 712 2440; x_wconf 58' lang='lat' dir='ltr'><strong>ent</strong></span> <span class='ocrx_word' id='word_1_670' title='bbox 724 2402 758 2430; x_wconf 78' lang='grc' dir='ltr'><strong>τὰ</strong></span> <span class='ocrx_word' id='word_1_671' title='bbox 767 2401 835 2437; x_wconf 84' lang='grc' dir='ltr'>τῶν,</span> <span class='ocrx_word' id='word_1_672' title='bbox 848 2404 903 2429; x_wconf 86' lang='lat' dir='ltr'><strong>etc.</strong></span> 
     </span>
    </p>
   </div>
   <div class='ocr_carea' id='block_1_92' title="bbox 177 2437 697 2473">
    <p class='ocr_par' dir='ltr' id='par_1_92' title="bbox 177 2437 697 2473">
     <span class='ocr_line' id='line_1_92' title="bbox 177 2437 697 2473; baseline 0 -7"><span class='ocrx_word' id='word_1_673' title='bbox 177 2438 271 2466; x_wconf 85' lang='lat' dir='ltr'><strong>rianus</strong></span> <span class='ocrx_word' id='word_1_674' title='bbox 286 2437 394 2473; x_wconf 72' lang='lat' dir='ltr'><strong>legebat</strong></span> <span class='ocrx_word' id='word_1_675' title='bbox 405 2437 534 2470; x_wconf 74' lang='grc' dir='ltr'>ἀθεάτου,</span> <span class='ocrx_word' id='word_1_676' title='bbox 550 2444 605 2465; x_wconf 87' lang='lat' dir='ltr'><strong>non</strong></span> <span class='ocrx_word' id='word_1_677' title='bbox 616 2438 697 2466; x_wconf 89' lang='lat' dir='ltr'><strong>male.</strong></span> 
     </span>
    </p>
   </div>
   <div class='ocr_carea' id='block_1_93' title="bbox 957 2399 1459 2438">
    <p class='ocr_par' dir='ltr' id='par_1_93' title="bbox 957 2399 1459 2438">
     <span class='ocr_line' id='line_1_93' title="bbox 957 2399 1459 2438; baseline 0 -11"><span class='ocrx_word' id='word_1_678' title='bbox 957 2405 977 2420; x_wconf 77' lang='grc' dir='ltr'>ιη</span> <span class='ocrx_word' id='word_1_679' title='bbox 987 2401 1194 2438; x_wconf 80' lang='grc' dir='ltr'>ὲνηνθρώπησε.</span> <span class='ocrx_word' id='word_1_680' title='bbox 1234 2406 1247 2421; x_wconf 76' lang='grc' dir='ltr'><strong>ιι</strong></span> <span class='ocrx_word' id='word_1_681' title='bbox 1261 2401 1281 2429; x_wconf 91' lang='grc' dir='ltr'>ι.</span> <span class='ocrx_word' id='word_1_682' title='bbox 1292 2399 1459 2438; x_wconf 77' lang='grc' dir='ltr'>ἀπορρίψας.</span> 
     </span>
    </p>
   </div>
   <div class='ocr_carea' id='block_1_94' title="bbox 1508 2399 1800 2428">
    <p class='ocr_par' dir='ltr' id='par_1_94' title="bbox 1508 2399 1800 2428">
     <span class='ocr_line' id='line_1_94' title="bbox 1508 2399 1800 2428; baseline 0 -1"><span class='ocrx_word' id='word_1_683' title='bbox 1508 2403 1521 2417; x_wconf 79' lang='grc'>⁸</span> <span class='ocrx_word' id='word_1_684' title='bbox 1537 2399 1557 2428; x_wconf 89' lang='lat' dir='ltr'><strong>l.</strong></span> <span class='ocrx_word' id='word_1_685' title='bbox 1571 2399 1663 2426; x_wconf 82' lang='grc' dir='ltr'>αὐτόν.</span> <span class='ocrx_word' id='word_1_686' title='bbox 1701 2399 1800 2427; x_wconf 79' lang='lat' dir='ltr'><strong>PTur-</strong></span> 
     </span>
    </p>
   </div>
   <div class='ocr_carea' id='block_1_95' title="bbox 933 2523 1047 2553">
    <p class='ocr_par' dir='ltr' id='par_1_95' title="bbox 933 2523 1047 2553">
     <span class='ocr_line' id='line_1_95' title="bbox 933 2523 1047 2553; baseline -0.009 -1"><span class='ocrx_word' id='word_1_687' title='bbox 933 2523 1047 2553; x_wconf 69' lang='lat' dir='ltr'><strong>NOTAE.</strong></span> 
     </span>
    </p>
   </div>
   <div class='ocr_carea' id='block_1_96' title="bbox 215 2615 965 2652">
    <p class='ocr_par' dir='ltr' id='par_1_96' title="bbox 215 2615 965 2652">
     <span class='ocr_line' id='line_1_96' title="bbox 215 2615 965 2652; baseline -0.003 -9"><span class='ocrx_word' id='word_1_688' title='bbox 215 2617 270 2652; x_wconf 87' lang='lat'><strong>(7|)</strong></span> <span class='ocrx_word' id='word_1_689' title='bbox 284 2615 396 2651; x_wconf 83' lang='lat' dir='ltr'><strong>Operam</strong></span> <span class='ocrx_word' id='word_1_690' title='bbox 415 2616 472 2652; x_wconf 56' lang='grc' dir='ltr'>εἰμι</span> <span class='ocrx_word' id='word_1_691' title='bbox 490 2621 607 2651; x_wconf 60' lang='lat' dir='ltr'><strong>aspectu.</strong></span> <span class='ocrx_word' id='word_1_692' title='bbox 621 2616 677 2651; x_wconf 87' lang='grc' dir='ltr'><strong>Τῆς</strong></span> <span class='ocrx_word' id='word_1_693' title='bbox 689 2616 759 2652; x_wconf 67' lang='grc' dir='ltr'>ὑπὲρ</span> <span class='ocrx_word' id='word_1_694' title='bbox 776 2615 855 2650; x_wconf 88' lang='grc' dir='ltr'>λόγον</span> <span class='ocrx_word' id='word_1_695' title='bbox 884 2615 965 2652; x_wconf 74' lang='grc' dir='ltr'>ἔργον</span> 
     </span>
    </p>
   </div>
   <div class='ocr_carea' id='block_1_97' title="bbox 180 2651 965 2687">
    <p class='ocr_par' dir='ltr' id='par_1_97' title="bbox 180 2651 965 2687">
     <span class='ocr_line' id='line_1_97' title="bbox 180 2651 965 2687; baseline -0.001 -9"><span class='ocrx_word' id='word_1_696' title='bbox 180 2652 252 2687; x_wconf 62' lang='grc' dir='ltr'>ειμι.</span> <span class='ocrx_word' id='word_1_697' title='bbox 271 2652 298 2679; x_wconf 92' lang='lat' dir='ltr'><strong>ld</strong></span> <span class='ocrx_word' id='word_1_698' title='bbox 315 2656 379 2680; x_wconf 88' lang='lat' dir='ltr'><strong>est:</strong></span> <span class='ocrx_word' id='word_1_699' title='bbox 405 2660 415 2677; x_wconf 75' lang='grc' dir='ltr'><strong>ι</strong></span> <span class='ocrx_word' id='word_1_700' title='bbox 437 2651 504 2686; x_wconf 80' lang='lat' dir='ltr'><strong>Ejus</strong></span> <span class='ocrx_word' id='word_1_701' title='bbox 516 2659 629 2686; x_wconf 88' lang='lat' dir='ltr'><strong>operum</strong></span> <span class='ocrx_word' id='word_1_702' title='bbox 640 2659 702 2686; x_wconf 69' lang='lat' dir='ltr'><strong>qua:</strong></span> <span class='ocrx_word' id='word_1_703' title='bbox 722 2658 831 2678; x_wconf 90' lang='lat' dir='ltr'><strong>omnem</strong></span> <span class='ocrx_word' id='word_1_704' title='bbox 863 2651 965 2678; x_wconf 86' lang='lat' dir='ltr'><strong>oratio-</strong></span> 
     </span>
    </p>
   </div>
   <div class='ocr_carea' id='block_1_98' title="bbox 180 2690 552 2721">
    <p class='ocr_par' dir='ltr' id='par_1_98' title="bbox 180 2690 552 2721">
     <span class='ocr_line' id='line_1_98' title="bbox 180 2690 552 2721; baseline -0.005 -7"><span class='ocrx_word' id='word_1_705' title='bbox 180 2695 240 2714; x_wconf 86' lang='lat' dir='ltr'><strong>nem</strong></span> <span class='ocrx_word' id='word_1_706' title='bbox 265 2690 391 2721; x_wconf 84' lang='lat' dir='ltr'><strong>superant</strong></span> <span class='ocrx_word' id='word_1_707' title='bbox 403 2691 524 2721; x_wconf 82' lang='lat' dir='ltr'><strong>aspectu.</strong></span> <span class='ocrx_word' id='word_1_708' title='bbox 542 2696 552 2712; x_wconf 72' lang='grc'><strong>1</strong></span> 
     </span>
    </p>
   </div>
   <div class='ocr_carea' id='block_1_99' title="bbox 215 2721 966 2756">
    <p class='ocr_par' dir='ltr' id='par_1_99' title="bbox 215 2721 966 2756">
     <span class='ocr_line' id='line_1_99' title="bbox 215 2721 966 2756; baseline -0.001 -8"><span class='ocrx_word' id='word_1_709' title='bbox 215 2722 270 2756; x_wconf 78' lang='lat'><strong>(7‘2)</strong></span> <span class='ocrx_word' id='word_1_710' title='bbox 288 2721 348 2748; x_wconf 80' lang='lat' dir='ltr'><strong>Nisi</strong></span> <span class='ocrx_word' id='word_1_711' title='bbox 366 2721 471 2755; x_wconf 77' lang='lat' dir='ltr'><strong>fortiter</strong></span> <span class='ocrx_word' id='word_1_712' title='bbox 496 2727 628 2748; x_wconf 81' lang='lat' dir='ltr'><strong>certamen</strong></span> <span class='ocrx_word' id='word_1_713' title='bbox 644 2721 691 2747; x_wconf 85' lang='lat' dir='ltr'><strong>hoc</strong></span> <span class='ocrx_word' id='word_1_714' title='bbox 707 2721 840 2756; x_wconf 68' lang='grc' dir='ltr'>διιρἰεεει.</span> <span class='ocrx_word' id='word_1_715' title='bbox 856 2721 902 2756; x_wconf 85' lang='grc' dir='ltr'><strong>Μὴ</strong></span> <span class='ocrx_word' id='word_1_716' title='bbox 919 2721 966 2747; x_wconf 88' lang='grc' dir='ltr'>δυ-</span> 
     </span>
    </p>
   </div>
   <div class='ocr_carea' id='block_1_100' title="bbox 177 2753 965 2792">
    <p class='ocr_par' dir='ltr' id='par_1_100' title="bbox 177 2753 965 2792">
     <span class='ocr_line' id='line_1_100' title="bbox 177 2753 965 2792; baseline -0.001 -9"><span class='ocrx_word' id='word_1_717' title='bbox 177 2753 329 2792; x_wconf 79' lang='grc' dir='ltr'>νατωτέρου</span> <span class='ocrx_word' id='word_1_718' title='bbox 340 2753 386 2783; x_wconf 65' lang='grc' dir='ltr'><strong>τον</strong></span> <span class='ocrx_word' id='word_1_719' title='bbox 400 2756 600 2792; x_wconf 20' lang='grc' dir='ltr'>ἀγῷναντοῦτον</span> <span class='ocrx_word' id='word_1_720' title='bbox 616 2757 664 2782; x_wconf 74' lang='grc' dir='ltr'>καὶ</span> <span class='ocrx_word' id='word_1_721' title='bbox 678 2757 724 2792; x_wconf 79' lang='grc' dir='ltr'>τὸν</span> <span class='ocrx_word' id='word_1_722' title='bbox 736 2753 817 2783; x_wconf 81' lang='grc' dir='ltr'>ἆθλον</span> <span class='ocrx_word' id='word_1_723' title='bbox 827 2753 965 2782; x_wconf 65' lang='grc' dir='ltr'>ὑποδῦσα-</span> 
     </span>
    </p>
   </div>
   <div class='ocr_carea' id='block_1_101' title="bbox 179 2790 962 2826">
    <p class='ocr_par' dir='ltr' id='par_1_101' title="bbox 179 2790 962 2826">
     <span class='ocr_line' id='line_1_101' title="bbox 179 2790 962 2826; baseline 0 -8"><span class='ocrx_word' id='word_1_724' title='bbox 179 2790 317 2826; x_wconf 75' lang='grc' dir='ltr'>μένου.Ἰά</span> <span class='ocrx_word' id='word_1_725' title='bbox 329 2795 394 2819; x_wconf 87' lang='lat' dir='ltr'><strong>est:</strong></span> <span class='ocrx_word' id='word_1_726' title='bbox 419 2801 428 2817; x_wconf 77' lang='grc' dir='ltr'><strong>ι</strong></span> <span class='ocrx_word' id='word_1_727' title='bbox 446 2790 504 2819; x_wconf 71' lang='lat' dir='ltr'><strong>Nisi</strong></span> <span class='ocrx_word' id='word_1_728' title='bbox 528 2790 625 2819; x_wconf 72' lang='lat' dir='ltr'><strong>fortior</strong></span> <span class='ocrx_word' id='word_1_729' title='bbox 653 2790 787 2826; x_wconf 89' lang='lat' dir='ltr'><strong>quispiam</strong></span> <span class='ocrx_word' id='word_1_730' title='bbox 823 2795 962 2819; x_wconf 84' lang='lat' dir='ltr'><strong>certamen</strong></span> 
     </span>
    </p>
   </div>
   <div class='ocr_carea' id='block_1_102' title="bbox 1014 2614 1240 2642">
    <p class='ocr_par' dir='ltr' id='par_1_102' title="bbox 1014 2614 1240 2642">
     <span class='ocr_line' id='line_1_102' title="bbox 1014 2614 1240 2642; baseline -0.013 0"><span class='ocrx_word' id='word_1_731' title='bbox 1014 2615 1066 2642; x_wconf 90' lang='lat' dir='ltr'><strong>hoc</strong></span> <span class='ocrx_word' id='word_1_732' title='bbox 1079 2614 1217 2642; x_wconf 84' lang='lat' dir='ltr'><strong>subiisset.</strong></span> <span class='ocrx_word' id='word_1_733' title='bbox 1231 2623 1240 2638; x_wconf 81' lang='grc' dir='ltr'><strong>ι</strong></span> 
     </span>
    </p>
   </div>
   <div class='ocr_carea' id='block_1_103' title="bbox 1050 2645 1796 2685">
    <p class='ocr_par' dir='ltr' id='par_1_103' title="bbox 1050 2645 1796 2685">
     <span class='ocr_line' id='line_1_103' title="bbox 1050 2645 1796 2685; baseline -0.007 -8"><span class='ocrx_word' id='word_1_734' title='bbox 1050 2649 1106 2685; x_wconf 80' lang='grc'><strong>(75)</strong></span> <span class='ocrx_word' id='word_1_735' title='bbox 1120 2648 1186 2676; x_wconf 85' lang='lat' dir='ltr'><strong>Tum</strong></span> <span class='ocrx_word' id='word_1_736' title='bbox 1196 2649 1282 2685; x_wconf 55' lang='lat' dir='ltr'><strong>etiarn</strong></span> <span class='ocrx_word' id='word_1_737' title='bbox 1295 2647 1386 2685; x_wconf 74' lang='lat' dir='ltr'><strong>__actig_</strong></span> <span class='ocrx_word' id='word_1_738' title='bbox 1400 2653 1447 2685; x_wconf 53' lang='lat' dir='ltr'><strong>per</strong></span> <span class='ocrx_word' id='word_1_739' title='bbox 1472 2645 1647 2685; x_wconf 58' lang='lat' dir='ltr'><strong>imitationem</strong></span> <span class='ocrx_word' id='word_1_740' title='bbox 1669 2646 1796 2685; x_wconf 64' lang='lat' dir='ltr'><strong>virtutum</strong></span> 
     </span>
    </p>
   </div>
   <div class='ocr_carea' id='block_1_104' title="bbox 1013 2681 1797 2718">
    <p class='ocr_par' dir='ltr' id='par_1_104' title="bbox 1013 2681 1797 2718">
     <span class='ocr_line' id='line_1_104' title="bbox 1013 2681 1797 2718; baseline -0.006 -7"><span class='ocrx_word' id='word_1_741' title='bbox 1013 2681 1122 2718; x_wconf 57' lang='lat' dir='ltr'><strong>fac&#39;t&#39;lt&#39;or</strong></span> <span class='ocrx_word' id='word_1_742' title='bbox 1133 2688 1182 2711; x_wconf 77' lang='lat' dir='ltr'><strong>est.</strong></span> <span class='ocrx_word' id='word_1_743' title='bbox 1196 2683 1226 2710; x_wconf 84' lang='grc' dir='ltr'>Εἰ</span> <span class='ocrx_word' id='word_1_744' title='bbox 1257 2682 1346 2718; x_wconf 85' lang='grc' dir='ltr'>βούλει</span> <span class='ocrx_word' id='word_1_745' title='bbox 1363 2681 1393 2708; x_wconf 81' lang='grc' dir='ltr'><strong>δὲ</strong></span> <span class='ocrx_word' id='word_1_746' title='bbox 1412 2681 1530 2718; x_wconf 34' lang='grc' dir='ltr'>ὅτιῌκαζ.</span> <span class='ocrx_word' id='word_1_747' title='bbox 1551 2681 1658 2718; x_wconf 74' lang='grc' dir='ltr'>πολλοῖς</span> <span class='ocrx_word' id='word_1_748' title='bbox 1681 2682 1797 2718; x_wconf 61' lang='grc' dir='ltr'>εὑχερετ</span> 
     </span>
    </p>
   </div>
   <div class='ocr_carea' id='block_1_105' title="bbox 1013 2715 1794 2754">
    <p class='ocr_par' dir='ltr' id='par_1_105' title="bbox 1013 2715 1794 2754">
     <span class='ocr_line' id='line_1_105' title="bbox 1013 2715 1794 2754; baseline -0.006 -8"><span class='ocrx_word' id='word_1_749' title='bbox 1013 2715 1097 2754; x_wconf 75' lang='grc' dir='ltr'>στέρα</span> <span class='ocrx_word' id='word_1_750' title='bbox 1110 2738 1140 2754; x_wconf 40' lang='grc' dir='ltr'><strong>,ὲ</strong></span> <span class='ocrx_word' id='word_1_751' title='bbox 1151 2738 1158 2745; x_wconf 95' lang='grc'><em>.</em></span> <span class='ocrx_word' id='word_1_752' title='bbox 1180 2718 1197 2753; x_wconf 80' lang='grc' dir='ltr'>ἡ</span> <span class='ocrx_word' id='word_1_753' title='bbox 1211 2715 1262 2754; x_wconf 69' lang='grc' dir='ltr'><strong>διά</strong></span> <span class='ocrx_word' id='word_1_754' title='bbox 1276 2718 1420 2754; x_wconf 39' lang='grc' dir='ltr'>μιμ-ήσεως</span> <span class='ocrx_word' id='word_1_755' title='bbox 1439 2715 1494 2754; x_wconf 83' lang='grc' dir='ltr'>τῶν</span> <span class='ocrx_word' id='word_1_756' title='bbox 1515 2715 1621 2754; x_wconf 76' lang='grc' dir='ltr'>ἀρετῷν</span> <span class='ocrx_word' id='word_1_757' title='bbox 1635 2715 1755 2754; x_wconf 35' lang='grc' dir='ltr'>πρᾶξιςςς</span> <span class='ocrx_word' id='word_1_758' title='bbox 1766 2715 1794 2741; x_wconf 87' lang='grc' dir='ltr'><strong>ΙιΙ</strong></span> 
     </span>
    </p>
   </div>
   <div class='ocr_carea' id='block_1_106' title="bbox 1011 2750 1796 2785">
    <p class='ocr_par' dir='ltr' id='par_1_106' title="bbox 1011 2750 1796 2785">
     <span class='ocr_line' id='line_1_106' title="bbox 1011 2750 1796 2785; baseline -0.008 -4"><span class='ocrx_word' id='word_1_759' title='bbox 1011 2750 1076 2781; x_wconf 75' lang='grc' dir='ltr'><strong>οειέ</strong></span> <span class='ocrx_word' id='word_1_760' title='bbox 1096 2764 1106 2781; x_wconf 75' lang='grc' dir='ltr'><strong>ι</strong></span> <span class='ocrx_word' id='word_1_761' title='bbox 1121 2750 1285 2780; x_wconf 74' lang='grc' dir='ltr'>Τιιιῐιέιίτηή</span> <span class='ocrx_word' id='word_1_762' title='bbox 1310 2750 1429 2783; x_wconf 60' lang='grc' dir='ltr'>είτειίε,</span> <span class='ocrx_word' id='word_1_763' title='bbox 1443 2751 1507 2785; x_wconf 86' lang='lat' dir='ltr'><strong>quia</strong></span> <span class='ocrx_word' id='word_1_764' title='bbox 1524 2750 1618 2785; x_wconf 77' lang='lat' dir='ltr'><strong>multis</strong></span> <span class='ocrx_word' id='word_1_765' title='bbox 1637 2750 1796 2778; x_wconf 71' lang='lat' dir='ltr'><strong>heminibus</strong></span> 
     </span>
    </p>
   </div>
   <div class='ocr_carea' id='block_1_107' title="bbox 1011 2784 1721 2824">
    <p class='ocr_par' dir='ltr' id='par_1_107' title="bbox 1011 2784 1721 2824">
     <span class='ocr_line' id='line_1_107' title="bbox 1011 2784 1721 2824; baseline -0.007 -7"><span class='ocrx_word' id='word_1_766' title='bbox 1011 2789 1084 2817; x_wconf 87' lang='lat' dir='ltr'><strong>actio</strong></span> <span class='ocrx_word' id='word_1_767' title='bbox 1111 2795 1158 2824; x_wconf 87' lang='lat' dir='ltr'><strong>per</strong></span> <span class='ocrx_word' id='word_1_768' title='bbox 1171 2787 1350 2816; x_wconf 88' lang='lat' dir='ltr'><strong>imitationem</strong></span> <span class='ocrx_word' id='word_1_769' title='bbox 1365 2784 1495 2814; x_wconf 83' lang='lat' dir='ltr'><strong>virtutum</strong></span> <span class='ocrx_word' id='word_1_770' title='bbox 1518 2784 1625 2813; x_wconf 77' lang='lat' dir='ltr'><strong>facilior</strong></span> <span class='ocrx_word' id='word_1_771' title='bbox 1640 2790 1692 2813; x_wconf 86' lang='lat' dir='ltr'><strong>est.</strong></span> <span class='ocrx_word' id='word_1_772' title='bbox 1710 2794 1721 2810; x_wconf 81' lang='grc' dir='ltr'><strong>ι</strong></span> 
     </span>
    </p>
   </div>
  </div>
