1863 3064
66 175 111 207 909

308 235 476 281 EPQTIIElS
493 239 583 266 PllH'.

61 320 107 348 Διά
127 322 156 348 τί
173 324 327 362 δμοςρυοῦς
343 326 392 362 καὶ
417 327 553 361 ισοτιμου
568 326 623 360 τῆς
641 329 765 362 Τριάσος
786 337 841 362 κη-

88 358 282 400 ρυςτομᾷνηςι
291 360 379 400 ὀ-μὲιτ
389 358 624 400 [latim-[#8151
644 358 693 400 0:16
708 358 761 400 τοῦ
774 358 842 400 Υζόῦ

91 392 284 461 ἔῗιίιιὲιιέἑξοῦ
300 392 479 431 ,Πνεῦματῷ
495 392 702 434 δημιουργεῖν,
714 399 771 426 οὐκ
790 398 842 433 ἒμ-

372 181 423 212 AD
450 182 748 215 AMPHILOCHIUM
766 183 938 220 QUxESTIO
957 184 1368 216 CLXXXVII-CLXXXVIII.

1633 187 1688 221 910

972 241 1137 275 QUIESTIO
1156 241 1345 269 CLXXXVIII.
1363 241 1459 278 [CoisL
1475 242 1602 272 CCXVII.

1144 287 1227 315 Taur.
1245 287 1373 325 CCVlll.]
1390 289 1457 324 (7.4).

896 330 986 363 Quare
1001 339 1064 369 sunt
1076 331 1231 369 Trinitatem
1246 333 1428 369 homogeneam
1442 341 1498 360 esse
1516 335 1627 369 parique
1645 335 1689 362 lia-

932 374 994 392 nore
1010 367 1065 403 frui
1080 367 1107 393 in
1122 368 1241 401 confesso
1255 368 1289 394 sit
1300 387 1308 399 ,
1326 368 1408 394 Pater
1425 367 1572 403 tamntper
1586 367 1687 396 Filium

931 406 956 427 et
969 409 1014 436 per
1020 401 1151 455 Spiritum
1162 407 1283 429 sanctum
1294 410 1384 430 creare
1398 401 1587 438 dicatur,‘nan
1598 411 1687 432 autent

932 444 1006 455 Imrcn
1019 445 1073 455 suurn

932 444 1006 463 versa
1019 444 1088 464 uice:

599 489 671 516 Edita
682 497 696 516 a
710 489 773 516 Maio
784 490 858 522 (Nov.
870 489 933 516 Coll.
947 494 966 516 t.
977 491 1018 523 1x,
1029 499 1053 524 p.
1065 492 1133 524 151).

91 526 122 554 α’.
147 527 193 560 El:
208 529 328 565 ἀπορίαν
354 531 428 564 τινές
453 541 536 567 φασιν
556 533 646 566 ἐνίους
668 532 844 569 ὑπάγεσθαι,

60 573 124 605 τίνος
141 574 222 610 χάριν
236 576 286 610 τῆς
301 576 457 612 ὑπεραγίας
468 578 583 614 Τριάδος
595 579 734 615 ὸμοφυοῦς
752 588 782 607 τε
798 580 846 606 καὶ

59 619 85 645 τὸ
98 620 216 656 ἰσότιμον
228 622 456 660 κεκληρωμένης,
468 625 517 652 καὶ
529 625 648 660 μάλιστά
663 634 695 661 γε
705 626 756 662 τῆς
769 626 845 659 θείας

59 665 130 692 τοῦτο
147 667 346 709 διατρανούσηξ
368 670 495 706 Γραφῆς,
517 671 691 707 Δημιουργδς
713 672 816 707 μᾶλλον
830 673 845 700 6

60 711 115 744 Υἱὸς
127 713 172 739 ὑπ’
187 714 275 750 αὐτῆς
293 715 476 750 δοξολογεῖται
499 717 604 754 ταύτης
620 718 668 745 καὶ
682 718 842 754 ἀνακηρύσ-

61 765 125 784 σεται
139 758 211 794 ἢπερ
228 760 243 786 6
257 760 372 797 Πατήρς
390 761 415 788 εί
438 762 493 798 γὰρ
508 763 555 791 καὶ
572 764 586 790 6
605 763 702 800 Πατὴρ
719 765 843 800 εὑρίσκε-

59 811 107 836 ται,
125 803 182 831 ἀλλ’
198 805 246 832 ἐπὶ
262 805 364 841 μᾶλλον
377 807 392 834 6
409 807 474 840 Υἱός
486 816 493 824 ·
511 808 571 841 πῶς
587 809 616 836 δὲ
631 810 714 837 πάλιν
727 811 761 837 δι’
777 810 841 837 Υίοῦ

61 848 103 882 μὲν
120 849 229 883 λέγεται
243 851 422 888 δημιουργεῖν
438 854 453 880 6
469 855 575 890 Πατὴρ,
594 855 645 882 οὐκ
663 856 783 891 ἔμπαλιν
802 856 841 889 δὲ,

59 894 112 921 οὔτε
126 894 169 922 διὰ
188 896 237 924 τοῦ
259 898 366 934 Πατρὺς
383 900 397 926 6
419 899 498 933 Υἱόςς
521 901 552 927 οὐ
581 901 634 936 μὴν
656 901 713 929 ἀλλ’
729 903 791 930 οὐδὲ
811 903 843 930 τδ

60 940 161 976 Πνεῦμα
184 943 249 971 οῦτι
270 944 315 971 διὰ
331 945 379 973 τοῦ
394 946 503 981 Πατρὸς
519 946 582 974 οὔτε
596 947 641 974 διὰ
657 949 704 976 τοῦ
718 949 803 984 Υἱοῦ;
823 950 841 986 ἧ

59 986 96 1013 διὰ
106 988 150 1015 τοῦ
162 989 271 1026 Πατρὸς
286 990 336 1026 μὲν
347 991 406 1019 ἐστι
420 992 588 1021 καταλαϐεῖν
597 1013 605 1026 ,
624 994 778 1030 παράδοξον
792 995 842 1031 μὲν

60 1033 177 1067 ἀκοῦσαι,
201 1035 301 1072 νοῆσαι
324 1037 352 1069 δὲ
384 1038 416 1065 οὺ
443 1039 609 1076 παράδοξον;
629 1041 727 1077 ὅτιπερ
747 1041 761 1068 ὃ
780 1050 811 1069 τε
828 1043 843 1069 6

59 1079 113 1112 Υίῦς
127 1081 216 1109 καὶτὸ
231 1082 345 1118 Πνεῦμα
360 1085 384 1111 εί
403 1085 451 1112 καὶ
467 1085 507 1122 μὴ
525 1085 704 1123 δημιουργεῖ,
719 1088 777 1115 ἀλλ’
794 1089 842 1116 οῦν

59 1126 93 1159 ἐν’
107 1127 211 1163 ἑτέροις
226 1128 319 1164 ἔργοις
335 1130 509 1158 ἀποστέλλων
522 1133 604 1160 αὐτὸν
626 1134 702 1170 ὅμως
715 1136 839 1171 ἐνεργεῖ-

59 1172 109 1204 rei);
122 1173 167 1201 οὖν
180 1175 231 1202 οὐκ
246 1175 339 1209 ἄδοξον
360 1178 391 1204 τὸ
409 1179 581 1215 παράδοξον;
598 1180 647 1208 καὶ
659 1181 702 1214 τίς
716 1183 730 1209 6
751 1182 841 1216 δόξαις

59 1218 161 1253 ὑπάγων
183 1221 266 1255 αὑτός
290 1223 340 1249 οὐκ
352 1223 442 1257 ἄλλος,
465 1225 523 1252 ἀλλ’
539 1226 621 1258 αὐτὸς
644 1228 658 1254 6
675 1228 840 1256 ἀποστελλὸ-

60 1272 130 1297 μενος
146 1266 260 1302 Πατήρ·
271 1267 344 1303 λέγει
364 1270 418 1306 γάρ
433 1273 465 1308 τῇ
480 1275 638 1309 προφητικῇ
659 1274 707 1301 τοῦ
728 1274 840 1303 Ἡσαΐου

59 1310 188 1358 χρῴμενπ
202 1315 296 1350 φωνῇ,
315 1324 324 1341 ι
346 1316 446 1345 ’Δκουέ
463 1326 526 1353 μου,
543 1319 642 1347 Ἰακὼὸ
653 1320 702 1347 καὶ
719 1321 839 1358 Ἰσραὴλ,

59 1355 83 1382 ὅν
91 1356 142 1391 ἐγὼ
156 1358 245 1392 καλῶ,
257 1360 313 1395 ἐγὼ
322 1361 389 1394 Θεὸς
397 1363 518 1399 πρῶτος,
530 1365 578 1392 καὶ
591 1365 647 1401 ἐγὼ
658 1367 729 1402 μετὰ
740 1355 838 1402 ταῦτα,

59 1401 99 1450 ναὶ
113 1403 182 1450 πλὴν
197 1405 267 1441 ιμοῦ
282 1407 349 1440 Θεὸς
365 1409 416 1436 οὐκ
431 1409 500 1438 ἔστι.
520 1420 530 1438 ι
560 1412 633 1446 Ἐγὼ
653 1401 687 1449 τῇ
701 1414 773 1450 χειρί
789 1401 840 1449 μου

59 1446 218 1495 ἔβεμελιωσα
231 1452 281 1488 τὴν
293 1454 362 1489 γῆν,
378 1456 468 1483 καὶτὸ
484 1456 600 1493 Πνεῦμά
617 1446 841 1495 μουηὲστέρέωσε

60 1493 98 1545 :bv
106 1495 229 1545 οὐρανόν.
245 1498 316 1534 Ὅρα
331 1499 390 1532 πῶς
405 1501 581 1538 δημιουργῶν
594 1503 639 1531 διὰ
650 1503 698 1531 τοῦ
713 1493 779 1531 Υίοῦ
794 1506 842 1532 καὶ
855 1513 878 1545 C

60 1539 208 1576 Πνεῦματος
226 1544 400 1581 δημιουργεῖ.
423 1547 494 1582 Ἐγὼ
512 1549 580 1576 πᾶσι
599 1551 656 1582 τοῖς
674 1549 786 1587 ἄστροις
798 1552 841 1578 ὲν-

61 1587 205 1625 ετειλάμην.
223 1590 322 1621 Ταῦτα,
335 1592 379 1619 διὰ
406 1593 453 1620 τοῦ
480 1594 625 1630 Προφήτου
646 1596 731 1624 εἰπὼν
750 1598 764 1624 ὁ
785 1597 840 1625 τῶν

61 1633 118 1660 ὅλων
137 1635 222 1669 Θεὸς,
245 1638 293 1664 καὶ
314 1638 359 1665 διὰ
377 1639 432 1666 τῶν
452 1640 606 1675 εἰρημένων
622 1641 734 1678 ἐμφανῆ
755 1651 841 1671 κατα-

62 1681 151 1716 στήσας
164 1683 278 1716 ἑαυτὸν,
295 1684 391 1720 ὅτιπερ
409 1685 424 1712 6
437 1685 524 1713 ταῦτα
544 1687 633 1723 λέγων
665 1689 747 1721 αὐτός
766 1690 840 1718 ἐστιν

61 1726 72 1771 6
86 1727 172 1764 Πατήρ
182 1736 189 1744 ·
207 1729 257 1756 καὶ
272 1730 328 1766 γὰρ
339 1730 417 1763 δεξιὰ
434 1732 484 1767 μὲν
497 1732 580 1760 αὑτοῦ
598 1735 613 1760 6
630 1733 693 1766 Υἱὸς
703 1754 711 1768 ,
727 1735 841 1771 Πνεῦμα

61 1770 84 1798 δὲ
99 1773 176 1801 αὑτοῦ
191 1775 225 1802 τὸ
239 1775 352 1812 Πνεῦμα
368 1777 398 1804 τὸ
414 1777 502 1812 ἅγιον.

91 1819 121 1854 β’.
134 1821 165 1847 Ὦ
179 1822 314 1858 ῥημάτων
324 1825 525 1860 κεκρυμμένων
538 1826 544 1853 l
561 1826 662 1862 μᾶλλον
677 1827 706 1855 δὲ
720 1827 840 1862 διανοίας

61 1865 103 1892 οὐκ
122 1867 261 1902 ἐμφανοῦς
286 1868 353 1904 μὲν,
378 1870 600 1908 ἑμφανιζομένης
618 1872 647 1899 δὲ
676 1873 771 1909 ῥᾳδίας
799 1875 840 1906 είς

61 1912 200 1949 κατάληψιν
221 1914 333 1949 ἐπάγει·
348 1924 358 1941 ‹
379 1916 434 1942 Καὶ
452 1916 500 1943 νῦν
521 1916 623 1952 Κύριος
635 1918 780 1946 ἀπέστειλέ
805 1928 839 1955 με

61 1958 100 2001 ναὶ
112 1957 140 1984 τὸ
154 1958 269 1994 Πνεῦμα
281 1960 375 1988 αὐτοῦ.
394 1970 404 1987 ι
421 1961 526 1988 οὐκοῦν
540 1962 570 1989 τὸ
585 1962 698 1999 Πνεῦμα
712 1963 807 2001 ὥσπερ
824 1966 839 1993 ὁ

61 2000 114 2032 1'ch
129 2004 226 2038 ἐκεῖνο,
248 2004 321 2033 οὕτω
334 2006 382 2033 καὶ
394 2006 461 2034 αὐτὸ
480 2007 744 2045 ἑξαποστελλόμενος
763 2000 839 2047 παρὰ

60 2048 99 2074 τοῦ
111 2050 225 2086 Πατρὸς,
247 2051 295 2078 νῦν
311 2052 473 2080 ἀποστέλλει
488 2054 537 2081 τὸν
547 2055 672 2091 Πατέρα·
692 2054 755 2083 εἷπε
772 2057 837 2093 γὰρ,

62 2096 136 2123 ίΚαὶ
160 2097 210 2125 νῦν
234 2097 338 2133 Κύριος
365 2099 523 2127 ἀπέσταλκὲ
541 2109 575 2135 με
601 2102 701 2133 καὶτὸ
724 2103 839 2139 Πνεῦμα

60 2142 141 2170 αὑτοῦ.
159 2152 169 2169 ι
184 2144 272 2179 Δῆλον
290 2142 337 2172 οὖν
350 2146 382 2172 ὲκ
397 2146 499 2173 τούτων
513 2147 561 2174 καὶ
578 2149 635 2180 τοῖς
647 2148 686 2185 μὴ
701 2148 763 2177 λίαν
774 2151 838 2183 ὀξυ-

931 533 958 562 1.
975 535 1065 562 Audio
1081 535 1229 563 nonnullos
1249 535 1277 562 in
1291 536 1471 571 perplexitate
1483 537 1602 573 _versari,
1621 545 1685 565 cur-

895 588 970 612 nam.
983 588 1044 608 cum
1055 581 1229 610 sanctissima
1240 581 1361 611 Trinitas
1369 583 1492 611 eamdem
1504 584 1686 612 substantiam

894 627 1079 662 eumdemque
1099 627 1213 655 honoris
1232 628 1346 663 gradum
1372 629 1468 657 sortita
1486 630 1533 662 sit,
1553 629 1636 664 idque
1660 631 1687 658 in

894 671 991 707 primis
1014 672 1158 707 perspicua
1181 672 1274 700 divina
1293 672 1434 709 Scriptura
1452 674 1566 707 doceat,
1585 674 1685 702 nihilo.

896 718 988 746 minus
1005 719 1116 746 creandi
1129 719 1189 746 laus
1204 719 1238 746 ab
1248 719 1343 747 eadem
1358 719 1497 755 Scriptura
1511 720 1545 748 de
1557 720 1626 748 Filio
1638 729 1688 756 po-

896 764 952 792 tius
973 771 1056 800 qtlam
1076 764 1110 791 de
1125 763 1206 792 Patre
1222 765 1410 800 praedicetur?
1430 774 1493 793 nam
1512 766 1561 794 etsi
1577 765 1685 793 Patrem

895 818 1005 845 quoque
1021 810 1178 838 Creatorem
1199 811 1253 838 dici
1275 812 1507 846 deprehendimus
1519 831 1527 844 ,
1544 813 1630 840 multo
1645 817 1686 840 ta-

898 863 959 882 men
976 855 1062 890 magis
1075 855 1186 883 Filium.
1209 854 1315 884 Rursus
1330 863 1444 884 curnam
1462 864 1510 892 per
1526 856 1625 885 Filium
1642 858 1686 885 di-

896 904 974 927 catur
993 908 1087 928 creare
1103 899 1195 933 Pater,
1213 908 1267 928 non
1283 906 1374 928 autem
1390 902 1556 930 econtrario
1570 910 1619 938 per
1633 903 1687 930 Pa—

896 950 965 973 trem
982 944 1089 979 Filius;
1116 954 1204 981 neque
1220 946 1283 973 item
1300 946 1419 981 Spiritus
1436 955 1484 982 per
1499 947 1608 976 Patrem
1630 949 1687 976 sire

896 999 944 1027 per
956 991 1055 1019 Filium
1067 992 1079 1019 ?
1091 993 1132 1020 An
1147 1000 1195 1028 per
1207 993 1315 1021 Patrem
1326 993 1437 1029 quidem
1448 994 1601 1030 intelligere
1611 995 1686 1028 licet,

896 1037 992 1064 auditu
1008 1037 1109 1064 mirum
1120 1057 1128 1070 ,
1143 1037 1281 1065 intellectu
1308 1045 1362 1065 non
1379 1038 1564 1073 impervium?
1578 1039 1642 1074 quia
1659 1044 1686 1067 et

895 1082 982 1111 Filius
1004 1083 1113 1111 etiamsi
1129 1082 1263 1117 Spiritum
1280 1083 1393 1111 minime
1408 1087 1502 1116 creat,
1513 1084 1578 1111 dum
1594 1089 1684 1112 tamen

896 1129 929 1157 ad
940 1130 993 1157 alia
1008 1137 1093 1165 opera
1105 1130 1179 1157 hunc
1192 1130 1287 1160 mittit.
1303 1129 1385 1157 simul
1400 1135 1541 1165 operatur.
1554 1131 1610 1158 Cur
1621 1139 1686 1166 ergo

895 1183 950 1203 non
969 1181 1011 1203 est
1028 1176 1187 1204 incredibile
1204 1176 1366 1204 miraculum
1385 1176 1460 1204 hoc?
1477 1181 1504 1204 et
1521 1177 1583 1212 quis
1604 1177 1685 1205 [idem

895 1222 960 1250 huic
987 1222 1025 1250 rei
1052 1222 1141 1250 facit?
1157 1215 1241 1250 nemo
1259 1223 1423 1258 quisquam,
1448 1229 1546 1259 praeter
1565 1223 1685 1257 Patrem,

895 1269 942 1304 qui
962 1269 1067 1297 scilicet
1091 1263 1150 1304 ipse
1172 1277 1282 1305 quoque
1309 1270 1439 1298 mittitur.
1466 1270 1513 1297 Ait
1533 1271 1607 1298 enim
1623 1279 1687 1306 pro-

894 1312 1001 1347 phetica
1010 1318 1090 1340 utens
1103 1313 1180 1341 lsaiae
1190 1321 1274 1341 voce:
1291 1314 1377 1341 «Audi
1393 1313 1541 1347 me,Jacob
1553 1320 1580 1344 et
1591 1315 1685 1348 Israel,

894 1366 975 1393 quem
995 1366 1045 1394 ego
1062 1359 1193 1394 appello:
1210 1359 1267 1395 Ego
1287 1359 1360 1388 Deus
1382 1360 1488 1396 primus
1510 1366 1538 1388 et
1563 1369 1613 1397 ego
1634 1370 1685 1389 no-

893 1404 1025 1433 vissimus
1038 1425 1045 1437 .
1067 1409 1095 1432 et
1113 1411 1210 1441 praeter
1230 1414 1274 1433 me
1302 1414 1384 1434 nemo
1402 1405 1474 1435 Deus
1496 1412 1538 1435 est
1548 1407 1580 1435 ".
1597 1417 1608 1434 ο
1630 1407 1687 1443 Ego

894 1459 977 1478 manu
1001 1459 1060 1479 mea
1080 1452 1185 1480 telluris
1209 1452 1387 1480 fundamenta
1408 1453 1461 1488 jcci
1476 1474 1484 1486 ,
1513 1453 1688 1489 Spiritusquo

895 1505 971 1526 meus
988 1497 1087 1526 caelum
1099 1499 1227 1526 firmavit.
1244 1498 1341 1526 Viden‘
1356 1504 1386 1526 ut
1397 1507 1508 1533 creans,
1526 1508 1574 1535 per
1586 1500 1685 1528 Filium

896 1543 1085 1580 Spiritumque
1103 1549 1179 1572 creet
1198 1545 1209 1572 ?
1232 1544 1288 1582 Ego
1314 1546 1422 1573 cunctis
1447 1547 1530 1574 astris
1556 1548 1684 1582 praecepi.

895 1589 958 1618 Haec
977 1599 1025 1620 ore
1038 1590 1213 1627 Prophetas"
1235 1592 1274 1620 ait
1287 1593 1411 1621 omnium
1431 1592 1504 1621 Deus
1517 1614 1525 1627 ,
1542 1602 1626 1630 seque
1644 1595 1686 1622 his

893 1638 977 1667 dictis
992 1638 1135 1667 manifeste
1149 1639 1267 1672 revelat,
1294 1647 1393 1676 nempe
1407 1640 1481 1675 quod
1500 1641 1581 1668 verba
1597 1643 1654 1669 inec
1670 1649 1685 1668 a

893 1685 976 1714 Patre
988 1685 1116 1714 dicuntur
1131 1694 1139 1712 :
1156 1694 1220 1714 nam
1239 1686 1351 1714 dextera
1365 1687 1424 1722 ejus
1439 1686 1525 1714 Filius
1543 1691 1584 1714 eat
1598 1695 1605 1720 ;
1621 1687 1669 1722 Spi

893 1733 964 1761 ritus
977 1740 1041 1761 vero
1060 1732 1135 1768 ejus,
1146 1731 1265 1768 Spiritus
1279 1737 1399 1760 sanctus.

927 1819 956 1847 2.
976 1818 999 1847 0
1023 1819 1105 1847 verba
1122 1819 1261 1847 recondita
1282 1820 1290 1846 i
1316 1819 1371 1846 imo
1393 1819 1486 1854 potius
1505 1827 1604 1847 sensus
1632 1819 1684 1847 mi-

892 1866 967 1894 nime
988 1870 1083 1901 patens
1102 1866 1108 1893 l
1124 1866 1170 1901 qui
1193 1865 1216 1893 si
1231 1870 1320 1893 tatnen
1338 1865 1500 1900 explantetur
1513 1886 1521 1899 ,
1535 1865 1626 1894 facilis
1641 1867 1682 1894 iu-

894 1913 1000 1942 tellectu
1014 1917 1066 1942 est.
1081 1922 1090 1939 ι
1104 1912 1138 1939 Et
1152 1919 1223 1939 nunc
1236 1911 1366 1939 Dominus
1380 1912 1455 1939 misit
1470 1920 1513 1940 me
1527 1917 1554 1940 et
1565 1913 1683 1948 Spiritus

892 1960 953 1996 ejus
964 1960 1015 1987 ³⁸.»
1036 1959 1109 1995 Ergo
1124 1957 1259 1994 Spiritus,
1277 1958 1358 1985 sicuti
1383 1957 1456 1985 hunc
1471 1957 1558 1986 Filius
1570 1979 1578 1992 ,
1601 1959 1638 1986 ita
1655 1964 1684 1987 et

892 2006 951 2041 ipse
962 2006 1070 2034 Patrem
1087 2004 1179 2032 mittit.
1193 2003 1262 2031 Nam
1278 2001 1373 2038 reapse
1389 2002 1524 2031 Dominus
1544 2012 1617 2032 nunc
1635 2004 1682 2032 Fi-

892 2052 945 2080 lius
969 2051 1089 2084 dicitur,
1109 2051 1156 2086 qui
1183 2050 1310 2078 similiter
1327 2058 1341 2077 a
1360 2051 1440 2078 Patre
1463 2050 1567 2078 missus
1581 2071 1589 2084 ,
1609 2059 1682 2078 nunc

892 2098 977 2126 mittit
990 2098 1110 2126 Patrem.
1130 2097 1176 2124 Ait
1189 2097 1262 2124 enim
1275 2106 1281 2124 :
1300 2106 1309 2123 ι
1326 2098 1360 2124 Et
1375 2105 1449 2125 nunc
1463 2097 1596 2137 Dominus
1608 2098 1682 2125 misit

892 2153 936 2173 me
952 2148 980 2172 et
997 2144 1117 2179 Spiritus
1138 2143 1208 2179 ejus.
1221 2152 1231 2168 ι
1249 2142 1288 2169 Ex
1310 2143 1353 2171 his
1375 2143 1459 2178 igitur
1474 2147 1582 2171 constat
1600 2144 1682 2178 paulo

59 2185 206 2222 δηρκοῦσιν,
232 2190 329 2226 ὅτιπερ
354 2192 371 2226 ἠ
404 2191 543 2228 ἀποστολὴ
566 2192 627 2220 οὔτε
650 2194 697 2221 τδν
717 2194 782 2222 Υίὺν
798 2197 838 2229 είς

930 2200 973 2220 am
988 2190 1188 2223 obtusioribus,
1203 2197 1291 2225 neque
1307 2189 1439 2217 missione
1449 2189 1550 2217 Filium
1564 2190 1681 2225 deprimi

58 2231 148 2261 ἐλάττω
180 2235 297 2269 κατάγει
327 2234 409 2269 φύσιν
439 2237 486 2263 καὶ
509 2237 606 2272 τιμὴν,
634 2238 692 2266 ἀλλ’
718 2240 778 2268 οὐδὲ
806 2242 837 2268 τὸ

59 2277 157 2315 Πνεῦμα
167 2289 176 2298 ο
196 2281 264 2308 ὅπου
276 2289 309 2315 γε
325 2282 373 2308 καὶ
389 2282 471 2315 αὐτὸς
482 2284 496 2310 ὁ
511 2284 607 2320 Πατὴρ
621 2285 836 2315 ἀποστέλλεσθαι

58 2323 154 2359 λέγεται
181 2327 249 2363 παρ’
275 2328 425 2364 ἐκατέρουσ
453 2329 613 2357 ἀποστέλλει
641 2332 657 2358 6
685 2332 780 2368 Πατὴρ
805 2334 836 2361 τὸ

59 2369 171 2407 Πνεῦμα,
199 2373 363 2410 ἀποστέλλει
385 2373 434 2401 καὶ
455 2375 470 2401 6
494 2375 576 2408 Υἱὸς,
603 2377 765 2405 ἀποστέλλει
790 2381 836 2408 τὸν

58 2414 111 2443 Υὶὸν
124 2419 170 2450 καὶ
181 2418 213 2445 τὸ
225 2417 350 2454 Πνεῦμα.
367 2427 377 2445 ι
396 2419 509 2455 Πνεῦμα
523 2421 577 2457 γὰρ
594 2423 697 2457 Κυρίου
711 2424 756 2451 ἐπ’
771 2426 832 2460 ἐμὲ,

63 2459 88 2488 οὗ
103 2463 179 2491 εἵνεκ’
194 2464 286 2500 ἔχρισέ
305 2473 339 2500 με
353 2473 361 2481 ⁸
389 2466 619 2500 εὐαγγελίσασθαι
649 2472 769 2505 πτωχοῖς
783 2459 838 2499 άπο

58 2505 160 2535 ἐπαλκέ
176 2518 221 2545 με.
237 2519 248 2535 ν
272 2509 447 2538 ’Δποστέλλει
463 2513 510 2539 καὶ
525 2512 571 2540 τὸν
586 2513 706 2551 Πατέρα.
734 2515 838 2544 Οὔκουν

58 2551 203 2582 ἐλαττοῦται
215 2555 259 2582 διὰ
271 2555 322 2591 τῆς
341 2556 497 2592 ἀποστολῆς
510 2558 541 2585 τὸ
554 2559 667 2595 Πνεῦμα
677 2569 683 2576 ·
700 2561 750 2588 οὐκ
766 2563 836 2590 ἀπο-

58 2598 147 2626 στέλλει
162 2601 192 2628 δὲ
209 2601 301 2637 μόνον,
322 2602 391 2629 ἀλλὰ
407 2603 455 2630 καὶ
468 2603 541 2638 χρίει
555 2604 601 2631 τὸν
616 2605 692 2633 Υίόν.
708 2607 772 2640 Πῶς
788 2606 835 2635 οὖν

57 2643 71 2678 ἡ
96 2645 227 2685 ἀποστολὴ
256 2648 438 2676 κατασιὸἀσει
466 2650 497 2676 τὸ
524 2650 655 2687 Πνεῦμα;
685 2653 716 2680 οὐ
754 2654 835 2690 μόνον

887 2239 920 2267 ad
936 2238 1071 2266 minorem
1090 2236 1132 2264 vel
1154 2239 1258 2263 naturae
1278 2235 1319 2262 vel
1345 2235 1458 2263 honoris
1480 2236 1595 2271 gradum
1610 2243 1618 2268 ;
1633 2243 1681 2262 ue-

885 2292 939 2320 que
963 2284 1028 2311 item
1051 2282 1206 2318 Spiritum;
1229 2282 1357 2316 quoniam
1382 2286 1409 2308 et
1430 2281 1487 2316 ipse
1508 2280 1588 2308 Pater
1608 2282 1679 2316 mitti

884 2329 986 2357 dicitur
1002 2329 1036 2355 ah
1061 2333 1189 2363 utroque.
1216 2326 1299 2353 Mittit
1318 2327 1399 2354 Pater
1422 2325 1576 2361 Spiritum;
1596 2325 1684 2352 mittit'

884 2379 912 2402 et
927 2373 1026 2401 Filius.
1046 2373 1129 2400 Mittit
1150 2372 1250 2399 Filium
1268 2372 1350 2399 etiam
1366 2371 1484 2406 Spiritus
1501 2379 1510 2405 ;
1532 2381 1540 2396 ι
1557 2370 1679 2406 Spiritus

888 2420 962 2448 enim
973 2418 1080 2446 Domini
1100 2425 1182 2452 super
1216 2425 1279 2451 me;
1301 2417 1480 2452 quamobrem
1505 2418 1592 2445 unxit-
1611 2425 1677 2447 me:

887 2466 1079 2501 evangelizare
1093 2464 1259 2500 pauperibus
1274 2464 1350 2491 irrisit
1369 2471 1412 2491 me
1426 2464 1460 2491 ³⁷.
1474 2474 1483 2490 ι
1499 2464 1581 2491 Mittit
1595 2464 1677 2491 etiam

886 2513 1006 2541 Patrem.
1017 2510 1076 2538 Non
1087 2518 1152 2546 ergo
1161 2510 1335 2538 imminuitur
1344 2510 1473 2538 missione
1484 2510 1614 2546 Spiritus.
1624 2510 1678 2538 Ne-

886 2566 939 2593 que
957 2558 1146 2586 tantummodo
1171 2557 1254 2584 mittit
1270 2576 1278 2589 ,
1300 2556 1348 2584 sed
1371 2557 1455 2583 etiam
1471 2557 1549 2592 ungit
1564 2556 1676 2583 Filium.

885 2605 1031 2639 Quomodo
1045 2612 1110 2640 ergo
1127 2603 1222 2631 missio
1235 2602 1370 2638 Spiritum
1385 2602 1538 2637 deprimit?
1553 2602 1612 2630 Non
1630 2609 1676 2629 so~

884 2653 941 2680 lum
960 2651 1033 2679 enim
1051 2651 1123 2678 hanc
1146 2650 1233 2684 ipsam
1257 2649 1381 2676 retribuit
1396 2648 1514 2683 Spiritus
1532 2648 1610 2680 Filio,
1632 2656 1677 2675 ve-

86 2714 104 2730 “
118 2716 168 2746 lsa.
180 2726 275 2753 mnu,
292 2719 321 2747 2.
359 2720 382 2736 "
397 2720 452 2750 Isa.
467 2728 531 2755 ιη,
545 2721 590 2749 12.
628 2723 651 2739 ³⁸
667 2723 720 2751 lsa.
736 2732 831 2759 XLVIII,
852 2725 897 2754 l6.
936 2724 958 2740 "
976 2723 1028 2751 lsa.
1047 2730 1103 2755 ut,
1125 2721 1150 2748 l.
1171 2720 1237 2748 Luc.
1259 2728 1295 2753 IV,
1313 2718 1355 2746 18.

799 2781 917 2811 NOTAE-

85 2854 278 2901 liﬂl’leraque
290 2859 610 2901 Photius__desumpsis_s_e
625 2871 657 2901 ex
671 2863 740 2901 dubi
764 2866 891 2894 monachi
908 2865 1049 2901 deperdllo
1066 2869 1147 2899 opere
1164 2863 1202 2891 De
1219 2862 1403 2891 incarnatione
1435 2861 1482 2888 lib.
1504 2859 1536 2887 ΠΙ
1568 2869 1594 2888 e.
1629 2860 1675 2893 lt),

59 2891 117 2921 llu'td
133 2892 189 2928 ipse
205 2891 330 2924 recenset
344 2897 371 2924 in
386 2891 560 2931 bibliothei-a,
576 2898 644 2926 Cod.
662 2899 724 2926 2:22.
