1863 3064
79 142 126 174 913

515 145 565 174 AD
583 145 884 177 AMPHILOCHIUM
899 146 1072 182 OU/ESTIO
1088 147 1268 177 CLXXXIX‘

1659 154 1710 186 914

77 201 224 236 εἰσηγητὴν
240 200 393 235 γεγονέναι,
423 201 472 227 καὶ
496 201 550 236 πρό
573 210 604 235 γε
622 201 726 229 τούτων
744 203 794 238 τὴν
809 203 864 230 τῶν
877 205 903 234 Α
915 211 960 231 nov

952 203 1033 238 vique
1049 203 1162 230 foederis
1180 203 1308 230 eumdem
1328 202 1414 232 fuisse
1433 211 1574 233 auctorem
1587 226 1595 239 ,
1620 209 1708 242 quod-

77 247 231 281 κτισμάτων
247 246 328 279 φύσιν
348 247 381 273 ὲκ
397 247 434 281 μὴ
449 246 536 273 ὄντων
560 248 691 274 οὐσιῶοαι
703 268 710 280 ,
726 250 801 284 ὅμως
817 247 864 276 οῦν

78 291 105 317 τὸ
125 291 286 326 Μανιχαίων
307 291 481 326 μισόχριστον
496 292 542 317 καὶ
560 291 694 327 θεομάχοι)
715 292 790 325 ἔθνος
807 294 863 329 (75)

77 337 121 363 καὶ
131 337 154 363 οἱ
169 336 334 372 Μαρκίωνες
345 337 375 363 οὐ
388 336 548 372 φρίττουσιν
558 338 598 368 είς
608 338 704 372 ἑτέραν
717 339 766 373 μὲν
777 339 864 374 ἀρχὴν

76 381 104 407 τι
127 382 305 415 εὐαγγελικὸν
325 382 458 417 κήρυγμα.
478 381 604 416 ἀνάγειν,
631 383 680 417 τὴν
705 384 864 419 μαχομένην

76 428 101 454 δὲ
123 428 155 454 τὰ
174 428 324 461 Μωσαῖκὰ,
346 428 408 455 τίνα
433 429 466 455 ἂν
490 429 665 465 παρέδραμον
687 429 864 465 βλασερημίας

77 471 163 505 ὄγκον,
182 473 206 498 εἰ
222 467 277 498 τίῦν
299 472 429 498 Παλαιῶν
446 472 497 507 μὲν
512 473 689 508 Γραμμάτων
704 474 864 510 ἀφωρισμέ-

77 525 125 548 νως
137 517 290 552 νομοθέτης
301 518 315 544 ὁ
328 517 422 552 Πατὴρ
437 518 648 554 ἀνεκηρύττετο,
664 520 865 555 ἀφωρισμένως

77 561 102 588 δὲ
114 562 162 596 τῆς
177 562 290 597 χάριτος
310 563 324 589 ὁ
340 563 420 596 Υιόςς
448 563 530 590 Ἀλλὰ
550 565 638 591 ταῦτα
653 565 748 600 ἐτέρου
766 565 863 600 καιροῦ

79 607 173 641 μᾶλλον
197 609 245 634 καὶ
261 609 417 640 ὑποθέσεως
436 609 529 644 ἄλλης.
551 611 599 636 Δεῖ
617 610 645 636 δὲ
660 611 743 637 πάλιν
759 612 798 642 εἰς
815 611 864 646 τὴν

77 653 121 680 ἀπ’
134 655 225 690 ἀρχῆς
251 655 369 690 ἀπορίαν
384 656 554 689 ἐπανελθεῖν,
583 656 641 688 πῶς
660 658 673 683 ὁ
692 657 741 692 μὲν
768 657 864 693 Πατὴρ

77 700 115 726 δια
134 700 182 727 τοῦ
200 700 266 727 Υἱοῦ
289 701 462 736 δημιουργεῖ,
482 703 497 729 ὁ
518 701 546 728 δὲ
561 703 625 734 Υἱὸς
649 703 739 729 οὐκέτι
758 703 802 730 διὰ
816 703 864 730 τοῦ

77 747 189 781 Πατρός.
210 747 242 773 'H
258 747 312 783 γὰρ
335 748 468 783 εἰρημένη
482 748 560 780 λύσις
571 748 649 774 ἔλυσε
667 749 716 783 μὲν
731 749 865 783 λαμπρῶς

77 794 103 819 τὸ
118 793 199 829 μέρος
217 793 268 829 τῆς
279 794 408 830 ἀπορίας,
423 795 544 823 ἐπέτεινε
563 795 591 822 δὲ
607 795 707 830 μᾶλλον
718 795 748 821 τὸ
761 795 862 823 λοιπόν.

78 839 143 874 Πλὴν
167 840 286 874 ἐπείπερ
300 840 411 874 ἄμεινον
434 841 471 876 μὴ
489 842 571 876 μόνον
586 842 644 871 ταῖς
660 841 782 876 εὐλόγοις
812 843 864 868 έπ-

916 256 969 284 que
985 253 1068 284 caput
1090 255 1131 277 est
1145 249 1271 277 creandas
1287 256 1322 276 ex
1337 250 1425 277 nihilo
1440 255 1545 279 natura‘.
1561 252 1616 279 vim
1631 260 1708 280 suam

915 294 1103 329 impendisse.
1128 293 1309 321 nihilominus
1334 293 1444 322 Christo
1470 295 1578 331 Deoqne
1610 297 1709 324 infensi

915 339 1061 366 Manichaai
1076 339 1198 374 itemque
1215 339 1336 367 Marcion
1352 347 1406 367 non
1420 346 1585 368 vetterentur
1598 343 1708 376 quomi-

916 392 968 412 nus
990 384 1069 412 alteri
1095 385 1232 420 principio
1259 385 1439 420 Evangelium
1464 387 1605 419 tribuant,
1631 388 1709 414 alteri

915 435 1007 458 autem
1030 431 1169 458 contrario
1186 430 1323 458 Mosaicas
1345 431 1550 465 institutiones;
1575 432 1602 459 itt
1624 440 1711 466 quan-

915 480 973 504 tum
996 476 1113 511 denique
1139 476 1316 511 blasphemia:
1336 484 1480 504 excessum
1506 478 1655 510 venissent,
1683 478 1707 505 si

915 526 1037 549 veterum
1049 522 1160 557 quidem
1173 522 1378 556 Scripturarum
1394 530 1518 550 seorsum
1534 529 1630 550 auctor
1640 530 1710 557 prae-

915 565 1054 593 dicaretur
1066 565 1157 597 Pater,
1175 566 1269 600 gratia:
1287 573 1385 593 rursus
1400 574 1526 594 seorsum
1537 566 1623 594 Filius
1636 575 1642 598 ;
1657 566 1710 593 Sed

915 611 988 638 enim
1010 611 1068 638 haec
1093 612 1163 638 alios
1184 612 1317 646 temporis
1338 612 1497 647 diversique
1515 613 1607 647 potius
1628 620 1710 647 argu-

916 657 1000 684 menti
1027 662 1100 685 sunt.
1127 657 1328 685 Revertettdum
1360 659 1443 693 igitur
1475 659 1508 685 ad
1537 660 1708 693 propositam

915 704 995 731 initio
1020 704 1243 737 dubitationem,
1269 705 1409 740 quomodo
1435 705 1516 732 Pater
1540 713 1588 739 per
1611 705 1708 732 Filium

916 754 1009 782 creet;
1035 740 1122 776 Filius
1145 754 1235 776 autem
1259 757 1432 785 nequaquam
1448 758 1495 784 per
1510 749 1630 778 Patrem.
1644 750 1705 777 .Iam

917 794 1052 822 hactenus
1070 795 1175 830 prolata
1191 795 1290 823 solutio
1306 796 1387 823 sicuti
1405 796 1480 823 dtthii
1499 801 1601 831 partem
1618 797 1710 831 splen-

917 841 979 868 dide
991 841 1120 873 illustrat,
1137 842 1174 868 ita
1186 842 1272 876 magis
1283 841 1411 869 obscurat
1426 842 1553 868 alteram.
1572 842 1624 869 Sed
1634 842 1707 869 enint

76 884 223 918 ερείδεσθαι
235 884 373 920 θεωρίαις,
389 886 513 913 ἀλλὰκαὶ
527 888 560 923 τῇ
575 887 631 913 τῶν
646 887 752 921 Λογίων
769 889 866 922 χρήσει
883 894 903 921 Β
918 893 960 921 pra

951 890 1045 918 azstat,
1073 893 1127 913 non
1158 886 1346 920 probabilibus
1369 886 1558 913 tantummodo
1583 887 1631 913 ttiti
1649 895 1709 914 ser-

77 931 118 956 καὶ
136 930 302 966 διδασκαλίᾳ
324 930 576 966 κατασφα).ίζεσθάι
591 933 705 965 ταύτας.
723 933 866 969 Χρησμοῖς

76 977 124 1011 γὰρ
145 976 191 1003 τοῦ
211 977 347 1012 παναγίου
370 978 530 1014 Πνεύματος
543 979 578 1006 τά
593 979 716 1019 ἡμέτερα
737 980 865 1016 περιεχό-

78 1030 150 1055 μενα,
175 1023 240 1050 ὅσον
270 1024 513 1059 προσλαμϐάνουσι
537 1025 568 1052 τὸ
599 1025 718 1062 κράτος,
737 1025 865 1054 τοσοῦτον

76 1069 147 1103 νικᾷν
162 1069 313 1103 ἀνάγονται
328 1070 375 1096 τὸν
398 1069 503 1105 μῶμον.

326 1115 496 1143 ΕΡΩΤΗΣΙΣ
515 1117 602 1144 ΡΠΘ’.

75 1159 121 1197 Δίᾳ
142 1162 180 1197 τίη
200 1161 324 1197 Πνεῦμα
346 1162 405 1196 μὲν
427 1163 541 1195 Πατρός
567 1164 617 1189 καὶ
648 1163 771 1197 Πνεῦμα
794 1163 862 1190 ΥΖοῦ

106 1194 317 1232 ιερρτιογοῦμεν
326 1194 352 1232 ,ί
359 1196 460 1232 οὐκέτι
487 1194 534 1224 δὲγ
546 1199 661 1231 Πατέρα
690 1194 862 1232 Πιὲεύματος

105 1229 173 1256 οὐδὲ
188 1231 258 1257 Υίύν
270 1231 468 1258 ἀποδίδοσθαι
483 1229 775 1267 συνομολογοῦμενξ

693 1290 764 1315 Edita
776 1297 790 1315 a
804 1291 866 1315 Maio
878 1292 905 1324 (1.

111 1331 140 1358 'II
156 1332 327 1367 ὑπεράρχιος
338 1333 386 1360 καὶ
400 1333 533 1367 ὺπέρθεος
550 1332 604 1359 τῶν
618 1333 772 1369 θεαρχικῶν
796 1335 855 1360 ὑπο

77 1379 191 1405 στάσεων
220 1378 316 1414 θεότης
332 1380 366 1406 τὰ
384 1379 498 1405 πλεῖστα
524 1378 572 1413 μὲν
590 1378 685 1413 ὥσπερ
698 1378 738 1414 τῷ
760 1379 863 1406 ἀκατα-

75 1424 175 1460 λήπτῳ,
187 1424 261 1451 οὕτω
276 1424 308 1460 δὴ
323 1424 371 1451 καὶ
385 1424 424 1460 τῷ
436 1423 582 1459 ἀφθέγκτῳ
598 1423 816 1459 περιστέλλεται,
832 1424 862 1450 οὐ

76 1471 105 1504 τῇ
116 1470 183 1497 κατά
199 1471 251 1505 τὴν
264 1470 345 1505 φύσιν
360 1470 439 1505 μόνον
454 1469 565 1505 θεωρίᾳ,
579 1469 648 1496 ἀλλά
667 1478 699 1503 γε
716 1469 749 1505 δὴ
766 1470 814 1501 καὶ
830 1471 862 1505 τῇ

76 1515 236 1551 ἀνεπινοήτῳ
246 1516 300 1542 τῶν
309 1515 462 1551 ἰδιωμάτων
471 1514 675 1551 ὑπεριδρυμένῃ
690 1515 861 1551 κρυφιότητι·

78 1561 118 1586 καὶ
127 1560 215 1596 πολλῷ
223 1560 255 1596 δὴ
267 1560 368 1596 μᾶλλον
383 1559 592 1593 αἱτιολογείσθαι
601 1561 726 1595 γηγενῶν
740 1560 861 1592 διανοίας
873 1577 895 1608 C

76 1607 265 1642 ἀνσκεχὼρηκε
280 1615 286 1621 ·
301 1607 370 1642 πλὴν
385 1606 458 1633 ἔστιν
474 1606 673 1642 φιλανθρώπως
690 1606 738 1642 τῆς
754 1607 860 1633 ἐκεῖθεν

77 1653 163 1688 αἴγλης
173 1655 241 1689 ἡμῖν
249 1653 298 1684 τὰς
310 1653 423 1684 ἀκτῖνας
435 1653 689 1688 ὲναστραπτοὺσης,
709 1653 747 1684 ὡς
766 1652 811 1679 διὰ
825 1661 866 1679 τι-

77 1706 116 1730 νος
128 1699 271 1734 ἐσόπτρου,
289 1698 340 1733 τῆς
353 1698 517 1734 εἰλικρινοῦς
529 1698 607 1734 ἡμῶν
619 1699 739 1734 ἐφέσεως
754 1699 800 1725 καὶ
815 1698 863 1733 τῆς

78 1744 102 1770 ὲν
114 1746 144 1779 τῇ
168 1745 262 1772 πίστει
283 1745 423 1779 διαυγείας
439 1745 488 1780 τὴν
511 1745 658 1779 ἐπίγνωσιν
676 1744 861 1779 φωτιζόμεθα.

79 1789 110 1815 Τὸ
119 1790 168 1826 γὰρ
180 1791 322 1822 παντελῶς
331 1791 499 1826 ἀθεώρητον,
516 1792 562 1818 καὶ
574 1791 732 1826 ἀνέραστον,
744 1790 790 1817 καὶ
801 1790 862 1816 οὐδὲ

79 1836 204 1872 σπινθῆρα
219 1837 383 1864 καταϐαλεῖν
398 1837 492 1870 πόθου,
506 1838 554 1864 καὶ
565 1838 604 1868 εἰς
620 1837 709 1872 φλόγα
724 1836 769 1863 τὸν
781 1836 862 1863 πόθον

77 1881 179 1916 ἀνάψαι,
193 1883 244 1910 καὶ
261 1883 328 1918 πρὸς
339 1883 420 1909 ἑαυτὸ
435 1882 634 1916 ἐφελκύσασθαι
651 1882 779 1917 οὐδεμίαν
790 1890 862 1917 παρ-

77 1926 130 1961 ἐιον
149 1927 370 1963 ἐπιτηδειότητα.
392 1928 508 1954 Σπάνιον
523 1928 552 1954 δὲ
565 1928 615 1962 τῆς
631 1927 735 1954 ἄνωθεν
751 1927 862 1954 κατιού-

77 1980 121 2008 σης
134 1973 289 2006 ἐπιπνοίας,
302 1974 349 2001 καὶ
363 1974 411 2009 τὴν
428 1973 599 2010 ὑψηλοτέραν
616 1973 733 2009 μάθησιν
744 1980 862 2008 παρεχο-

77 2018 153 2054 μένης
170 2020 203 2046 τὸ
230 2020 337 2055 χρῆμα,
356 2020 403 2046 καὶ
421 2019 549 2054 δεόμενον
572 2018 780 2055 κεκαθαρμένης
803 2019 861 2046 δια-

76 2064 152 2097 νοίας,
160 2065 210 2092 καὶ
218 2066 267 2100 τῆς
278 2065 331 2091 τῶν
341 2065 446 2092 πολλῶν
461 2066 673 2100 ἀνακεχωρηκδς
688 2064 859 2099 ὑπολήψεως.

76 2106 140 2135 Ὀσςι
154 2109 181 2136 δὲ
190 2109 311 2144 καθορᾷν
322 2110 388 2144 ἡμῖν
401 2109 455 2135 τῶν
463 2109 566 2136 ἄνωθεν
584 2109 732 2144 προϊόντων
741 2109 770 2134 τὸ
781 2108 862 2135 ἀσθε-

76 2152 113 2184 νὲς
125 2154 171 2189 τῆς
182 2154 291 2189 φύσεως
306 2155 356 2182 οὐκ
369 2155 518 2188 ἐνδίδωσιν,
531 2155 563 2181 ὲκ
577 2155 631 2181 τῶν
649 2155 709 2181 καθ’
723 2155 798 2189 ἡμᾶς
813 2153 862 2180 καὶ

77 2200 190 2235 συνήθων
210 2200 360 2234 ἀνάγεσθαι
378 2200 447 2236 πρὸς
472 2200 521 2236 τὴν
547 2200 616 2236 ὑπὲρ
646 2199 750 2227 ἔννοιαν
775 2199 862 2235 αὐτῆς

916 932 1007 959 monis
1021 932 1202 966 argumentis,
1217 939 1311 959 verum
1328 933 1410 959 etiam
1430 933 1637 967 Scripturarttm
1656 941 1707 960 usu

915 985 949 1005 ac.
963 978 1122 1013 magisterio
1142 986 1197 1005 rem
1215 978 1391 1006 conﬁrmare.
1407 977 1502 1006 Nostri
1525 979 1597 1006 enitn
1620 979 1708 1006 sancti

915 1023 1036 1059 Spiritus
1051 1024 1174 1052 oraculis
1190 1024 1258 1051 freta
1275 1028 1436 1059 argumenta
1448 1044 1454 1056 ,
1473 1029 1578 1059 quanto
1593 1024 1707 1052 fortiora

913 1070 1044 1101 evadunt.
1065 1075 1141 1097 tanto
1159 1071 1305 1098 calumnia:
1317 1071 1460 1105 superiora
1477 1070 1556 1097 ﬁunt.

917 1115 1080 1149 QUAESTIO
1090 1115 1254 1143 CLXXXIX.
1264 1115 1358 1151 [σθω.
1371 1115 1509 1148 CCXVIII,
1521 1115 1602 1142 Tattr.
1616 1115 1706 1152 CCX.]

917 1161 972 1190 Cur
987 1162 1117 1197 Spiritum
1132 1162 1222 1189 Patris
1232 1167 1256 1188 et
1273 1162 1403 1196 Spiritum
1421 1161 1485 1197 Filii
1498 1162 1642 1197 theologica
1657 1170 1709 1188 ser-

952 1206 1027 1224 mone
1057 1198 1196 1228 dicamus,‘
1226 1205 1309 1230 neque
1335 1201 1421 1223 tamen
1449 1196 1557 1223 Patrem
1592 1196 1708 1232 Spiritus

953 1241 1034 1268 neque
1048 1232 1161 1265 Filium,
1179 1240 1304 1259 conversa
1319 1232 1383 1265 vice,
1399 1232 1553 1266 fateamur?

918 1297 940 1316 c.
954 1290 1008 1320 tes,
1021 1290 1086 1321 tsi).

950 1333 1054 1361 Exintia
1069 1338 1096 1360 et
1113 1333 1239 1360 eminens
1254 1340 1448 1368 supremorum
1472 1339 1653 1367 personarum
1669 1332 1709 1359 di-

911 1378 1012 1405 vinitas
1030 1378 1146 1413 plurima
1161 1378 1258 1410 habet,
1275 1385 1337 1411 quas
1359 1385 1448 1412 neque
1463 1378 1601 1404 intellectu
1620 1385 1709 1412 neque

912 1430 1039 1450 sermone
1061 1422 1255 1457 comprehendi
1283 1427 1409 1456 queunt;
1435 1430 1490 1450 non
1522 1423 1610 1450 solum
1635 1423 1708 1457 quod

912 1469 1010 1496 attinet
1035 1468 1069 1495 ad
1094 1472 1201 1496 natura:
1223 1467 1284 1503 ejus
1305 1468 1585 1504 contemplationem,
1613 1476 1708 1497 verum

911 1514 993 1542 etiam
1019 1519 1132 1550 propter
1157 1515 1462 1549 incomprehensibilem
1486 1516 1709 1551 reconditamque

913 1561 1112 1595 proprietatum
1138 1560 1359 1588 obscuritatem:
1378 1561 1465 1588 tnulto
1491 1569 1554 1588 vero
1581 1561 1710 1596 impossi-

915 1605 999 1633 bilius
1023 1611 1065 1640 est
1079 1626 1087 1639 ,
1109 1610 1139 1633 ut
1160 1606 1441 1634 earumdem'causas
1466 1614 1543 1633 mens
1570 1608 1710 1634 terrestris

914 1652 1053 1685 explicare
1072 1656 1165 1690 queat.
1182 1651 1377 1680 Verumtamen
1394 1652 1549 1687 splendoris
1569 1652 1643 1680 illius
1664 1661 1710 1679 ra-

914 1698 968 1726 diis
987 1698 1021 1725 ad
1042 1705 1093 1725 nos
1108 1698 1255 1726 clementer
1275 1698 1337 1725 inde
1359 1698 1552 1730 manantibus,
1579 1703 1708 1733 tanquam

914 1743 1044 1778 speculo,
1073 1750 1140 1777 pura
1157 1747 1251 1770 nostra
1268 1743 1417 1776 cupiditate
1442 1742 1559 1777 ﬁdeique
1588 1743 1709 1770 illustra-

914 1787 1005 1818 tione,
1032 1787 1156 1813 notitiam
1184 1787 1382 1814 ttanciscimur.
1404 1786 1471 1814 Nam
1487 1787 1559 1822 qttod
1581 1792 1623 1814 est
1638 1795 1708 1822 qua-

913 1839 1064 1867 quaversus
1093 1832 1387 1867 incomprehensibile,
1411 1833 1436 1860 id
1453 1840 1487 1859 ne
1515 1832 1632 1860 amabile
1645 1833 1709 1867 qui-

912 1877 974 1905 dem
1001 1881 1058 1910 est,
1082 1885 1170 1912 neqtte
1194 1885 1258 1912 erga
1283 1878 1308 1905 id
1325 1878 1427 1906 amoris
1451 1878 1599 1905 scintillam
1623 1879 1706 1905 ullam

912 1925 1058 1960 concipere
1076 1931 1224 1959 possumus
1241 1932 1249 1952 :
1264 1924 1365 1959 quippe
1377 1925 1450 1958 quod
1470 1931 1559 1958 neque
1572 1923 1707 1959 igniculos

912 1970 1072 2006 cupiditatis
1094 1970 1214 2003 emittit,
1244 1978 1333 2005 neque
1357 1970 1409 1998 sibi
1435 1970 1557 2005 cujusvis
1582 1969 1706 1997 animum

912 2017 1077 2045 conciliandi
1103 2017 1158 2044 vim
1182 2017 1274 2045 habet.
1295 2017 1343 2044 Est
1363 2021 1453 2045 tatnett
1477 2017 1536 2044 huic
1559 2025 1604 2045 res
1630 2017 1708 2044 valde

913 2064 1004 2099 indiga
1024 2071 1142 2098 superne
1162 2062 1254 2091 ﬂantis
1268 2063 1471 2098 inspirationis,
1489 2070 1550 2098 quae
1565 2062 1708 2090 sublimio-

913 2118 971 2138 rem
997 2110 1151 2138 doctrinam
1178 2110 1283 2139 tradat:
1306 2110 1481 2145 postulatque
1508 2117 1604 2144 puram
1631 2116 1707 2136 tuen-

913 2161 980 2190 tem,
998 2160 1080 2191 atque
1099 2163 1114 2183 a
1130 2155 1203 2191 vulgi
1218 2155 1398 2190 intelligentia
1410 2157 1552 2183 abhorret.
1570 2154 1630 2182 .Iam
1641 2163 1707 2182 vero

913 2208 974 2235 quae
986 2200 1109 2227 caelestia
1125 2200 1203 2227 nobis
1222 2200 1347 2228 contueri
1371 2204 1475 2227 natura'
1492 2200 1635 2227 inﬁrmitas
1651 2207 1705 2226 tton

77 2243 198 2280 θεωρίαν,
231 2247 310 2282 χάριν
339 2247 405 2282 ἡμῖν
444 2248 596 2282 παρασχεῖν
623 2247 639 2282 ἠ
671 2244 960 2281 φιλάνθρωποςυωι

951 2246 1050 2279 ncedit,
1065 2254 1097 2273 ea
1115 2250 1145 2274 ut
1164 2254 1212 2281 per
1226 2246 1377 2273 familiares
1393 2246 1473 2273 nobis
1489 2253 1530 2273 res
1546 2246 1580 2272 ad
1598 2246 1706 2272 abstru-

77 2289 208 2326 ἀγαθότης
225 2291 390 2327 κατηξίωσε,
404 2291 436 2318 δι’
450 2292 543 2319 αὐτῶν
559 2293 633 2327 ἡμᾶς
652 2291 862 2327 χειραγωγοῦσα

77 2337 117 2362 καὶ
132 2338 270 2372 ἀνάγουσα
293 2339 332 2370 εἰς
357 2339 407 2374 τὴν
432 2338 496 2373 περὶ
513 2338 620 2374 Πατρὸς
655 2338 701 2365 κα)⁵
722 2338 787 2365 Υἱοῦ
813 2338 861 2365 καὶ

77 2381 226 2417 Πνεύματος
237 2383 376 2419 θεοπρεπῆ
387 2384 538 2418 φαντασίαν
548 2392 555 2398 ·
574 2384 622 2411 καὶ
638 2383 683 2411 τὸν
699 2384 778 2420 ἡμῶν
789 2384 860 2411 θεῖον

76 2426 156 2462 ἔρωτα
171 2430 206 2456 δι’
219 2430 364 2464 ἀναλογίας
377 2429 578 2465 ψυχαγωγοῦσα
595 2430 642 2456 καὶ
664 2429 860 2465 ἀναπληροῦσα

77 2474 137 2508 πρὸς
149 2476 248 2510 γνῶσιν
264 2476 316 2503 ὑπὸ
330 2476 380 2509 τῆς
395 2475 543 2507 παντελοῦς
563 2475 700 2509 ἀγνωσίας
725 2484 860 2510 στενοχω-

79 2519 198 2554 ρούμενον
210 2530 217 2537 ⁸
232 2522 276 2548 διὰ
293 2521 379 2549 ταῦτα
394 2521 540 2557 τοιγαροῦν
559 2522 606 2548 καὶ
624 2521 737 2557 Πνεῦμα
754 2522 803 2557 μὲν
813 2522 859 2548 τοῦ

77 2565 172 2601 Πατρὸς
184 2568 232 2595 καὶ
249 2567 296 2594 τοῦ
313 2567 377 2593 Υἱοῦ
387 2567 417 2593 τὸ
432 2567 563 2601 πανάγιον
579 2568 692 2602 Πνεῦμα
705 2567 793 2600 λέγειν
809 2567 860 2594 οὐκ

78 2610 276 2648 ἐπιδιστάζομεν
289 2621 296 2629 ο
318 2613 412 2648 ἐπειδὴ
441 2613 492 2640 κάν
510 2614 566 2645 τοῖς
594 2614 658 2643 καθ’,
680 2614 754 2649 ἡμᾶς
770 2614 816 2640 τόν
830 2621 859 2640 τε

79 2655 178 2692 Πατέρα
194 2659 240 2686 καὶ
254 2659 300 2686 τὸν
315 2659 379 2685 Υἱὸν
392 2679 399 2692 ,
419 2658 534 2694 Πνεῦμά
548 2667 576 2685 τε
593 2658 667 2694 ἔχειν
681 2659 789 2694 ὁρῶμεν
811 2660 858 2686 καὶ

913 2293 1015 2320 siorcm
1042 2293 1301 2327 contemplationem
1329 2293 1400 2327 rapti
1425 2292 1609 2327 intelligamus
1634 2299 1705 2326 quo-

913 2338 1077 2371 dammodo,
1097 2339 1219 2366 clemens
1234 2338 1281 2365 Dei
1298 2338 1405 2365 bonitas
1424 2338 1556 2372 largitur;
1575 2342 1656 2372 atque
1672 2337 1705 2364 ad

911 2384 1001 2412 Patris
1023 2389 1050 2411 et.
1073 2384 1134 2411 Filii
1162 2390 1189 2411 et
1213 2384 1330 2418 Spiritus
1349 2384 1436 2411 sancti
1453 2392 1506 2410 non
1524 2383 1704 2417 incongruam

912 2430 1086 2464 phantasiam
1101 2429 1246 2463 subvehit;
1262 2435 1387 2468 nostrum
1404 2429 1522 2463 denique
1537 2436 1599 2463 erga
1621 2428 1704 2455 Detttn

911 2482 1032 2502 antorem
1049 2475 1175 2510 analogia
1193 2477 1312 2510 quadam
1326 2476 1400 2503 fovet
1417 2485 1448 2503 ac
1459 2477 1551 2509 satiat,
1566 2476 1612 2510 qui
1628 2481 1707 2503 caete-

910 2521 988 2555 roqui
1009 2521 1124 2548 inscitiae
1136 2521 1271 2556 angustiis
1283 2522 1405 2556 uttdique
1415 2527 1581 2550 coarctatur.
1598 2521 1702 2549 Idcirco

908 2566 992 2600 igitur
1007 2574 1043 2594 ne
1060 2566 1148 2594 Patris
1172 2568 1282 2602 quidem
1297 2572 1325 2594 et
1342 2566 1403 2594 Filii
1425 2573 1549 2594 sanctum
1569 2566 1702 2602 Spiritum

908 2613 1000 2641 dicere
1023 2613 1195 2640 dubitamus.
1221 2613 1346 2648 Namque
1373 2614 1401 2640 in
1435 2614 1563 2642 humanis
1595 2622 1705 2649 quoque

907 2659 990 2687 rebus
1008 2663 1065 2686 tum
1086 2659 1160 2687 Patri
1179 2665 1236 2687 tum
1255 2660 1324 2687 Filio
1341 2659 1472 2695 Spiritum
1494 2660 1585 2688 inesse
1600 2663 1627 2687 et
1641 2667 1703 2687 cer-

830 2749 945 2778 NOTIE.

110 2791 265 2830 (75)_I_’hotii
279 2796 398 2830 amplum
414 2802 482 2830 opus
496 2800 591 2822 contra
610 2795 776 2823 lllatticltzeos
798 2797 858 2824 edi-

83 2828 130 2865 t'uttt
142 2827 370 2865 aMontl‘aucohio
386 2827 678 2865 Wtilﬁoquclegimtts.
700 2831 759 2858 Vid.
777 2832 857 2865 hujus

83 2857 174 2889 Putrol.
191 2867 210 2891 ι.
225 2865 284 2899 Cll,
299 2867 350 2893 col.
368 2865 384 2892 9
397 2873 453 2900 seq.
472 2857 509 2892 vi-
525 2857 660 2892 Μαῖείοηε
676 2857 858 2902 ιιίυι-σηθ-έιῖυέ

912 2804 945 2839 ep
966 2797 1102 2839 125._25:
1123 2797 1188 2839 Παίς
1200 2797 1313 2838 dicimus
1331 2805 1383 2839 non
1403 2802 1556 2839 soleat-antes
1575 2795 1656 2830 legem
1677 2799 1702 2839 et

912 2831 1096 2867 Evattgelium,
1115 2838 1142 2859 ut
1162 2833 1280 2859 Marcion
1294 2832 1489 2864 calumniatur,
1505 2833 1551 2858 sed
1566 2838 1647 2858 unum
1660 2834 1703 2855 at-

912 2875 961 2902 que
973 2867 1093 2895 eumdem
1109 2868 1280 2903 suscipientes
1293 2867 1388 2900 Deum,
1407 2871 1457 2893 etc.
