1863 3064
159 147 213 180 915

160 204 252 229 nimus
270 206 298 229 et
320 200 444 229 conﬁteri
464 200 607 229 solemus:
630 199 704 235 quod
725 205 816 228 autem
838 201 951 235 Spiritui
966 205 991 234 Α

159 249 247 277 Filius
262 249 299 276 sit
317 247 357 275 vel
372 247 465 280 Pater,
481 247 507 275 id
521 255 610 282 neque
625 247 716 276 dicere
729 248 848 283 patimur
864 255 952 282 neque

159 288 250 323 tuente
273 294 449 330 percipimus.
466 293 518 321 Sed
535 299 625 321 tamen
651 301 755 325 rerum,
781 301 843 327 quae
868 298 952 321 certe

159 341 229 376 apttd
244 349 294 368 nos
315 346 392 372 sunt.
412 340 537 376 analogia
561 340 594 367 ad
611 339 762 375 tlteologice
783 339 951 375 loquendum

158 389 193 416 de
209 387 392 415 ineii'abilibus
409 392 492 423 atque
508 387 692 415 eminentibus
707 386 809 414 divinis
825 386 951 421 personis

158 433 243 466 ducti,
260 441 314 461 non
329 433 468 461 immerito
484 433 616 468 Spiritum
634 432 722 461 Patris
737 432 844 468 Fliiqne
859 433 951 461 dicere

158 479 311 512 discimus;
327 479 435 506 Patrem
455 486 519 506 vero
531 479 573 506 vel
596 478 693 506 Filium
718 477 856 513 Spiritus,
880 477 953 505 haud

157 524 214 559 jam
231 532 382 559 agnoscere
393 525 574 552 sustinemus.

194 581 358 614 QUIESTIO
384 582 452 610 CXC
477 582 571 619 [CoisL
592 581 709 615 CCXIX,
726 581 808 609 Taur.
828 580 920 617 CCX].

160 639 277 667 Curnam
307 648 364 667 rum
391 640 472 667 Pater
492 645 516 667 cl
537 640 626 667 Filius
654 645 679 667 et
701 645 808 666 sam-Ius
837 638 956 672 Spiritus

195 674 433 702 consubstantiales
446 683 574 710 paresque
597 676 631 707 vi,
649 675 785 702 voluntate
796 679 819 701 el
839 674 957 710 putentia

195 710 264 771 sint.
290 714 376 774 tagten
398 711 425 736 in
447 709 612 737 numeranda
633 712 748 745 primunt
773 710 861 736 locum
875 709 958 736 Pater

195 753 210 772 0
230 750 312 772 tmeat

781 818 854 844 Edita
865 825 879 842 a
889 815 952 842 Maio
965 815 994 848 (l.

740 146 874 177 PHOTII
893 145 1147 178 PATRIARCHKS
1163 146 1217 177 CP.
1255 132 1261 136 ’

1747 145 1802 178 916

1005 201 1197 236 συνομολογεῖν
1222 200 1393 237 ἐπιστάμεθα
1408 209 1416 218 ο
1433 201 1464 229 τὸ
1481 201 1573 238 μέντοι
1591 202 1720 238 Πνεῦμα,
1737 202 1804 230 my

1001 247 1018 282 ἢ
1032 247 1149 283 ,Πατέρα
1165 247 1248 282 ἔχειν,
1265 247 1328 274 οὔτε
1352 248 1443 282 λέγειν
1459 249 1623 284 ἀνεχόμεθα,
1638 249 1700 276 οὔτε
1725 249 1802 284 λεγι-

1002 293 1084 328 σμοϊς
1099 293 1324 328 παραδεχόμεθα·
1340 294 1374 320 ἐκ
1384 294 1416 329 δὴ
1430 294 1481 329 τῆς
1494 294 1549 321 τῶν
1567 295 1630 322 καθ’
1643 295 1718 330 ἡμᾶς
1734 295 1802 331 ὀμο-

1001 339 1175 374 λογουμένων
1189 340 1348 375 ἀναλογίας,
1363 341 1403 372 είς
1415 341 1466 375 τὴν
1475 342 1545 377 ὑπὲρ
1560 342 1634 377 ἡμᾶς
1649 341 1804 377 ῑερολογίαν

1003 384 1058 412 τῶν
1070 385 1244 421 ὕπερουσίων
1255 395 1285 413 τε
1297 387 1346 414 καὶ
1362 387 1504 423 ὑπερθέων
1517 387 1670 423 θεαρχικῶν
1685 387 1806 414 ὑποστά-

1004 439 1074 458 σεων
1085 431 1261 468 ἀναγόμενοι,
1271 433 1385 466 εἰκότως
1393 433 1507 469 Πνεῦμα
1518 433 1804 469 μὲνΠατρδςκαὶΥἱοῦ

1008 476 1099 511 λέγειν
1124 478 1325 514 διδασκόμεθα·
1352 479 1464 514 Πατέρα
1486 480 1516 506 δὲ
1541 481 1700 516 Πνεύματος
1717 480 1735 516 ἢ
1760 481 1805 507 τὸν

1006 523 1087 557 Υἰὸν,
1108 524 1200 551 οὐκέτι
1219 525 1315 560 μαθεῖν
1331 527 1513 561 ὑφιστάμεθα.

1283 583 1452 609 ΕΡΩΤΠΣΙΣ
1470 582 1529 616 Pk’.

1009 638 1038 665 Τί
1054 638 1168 671 δήποτε
1186 639 1302 674 Πατρός
1319 640 1368 666 καὶ
1379 641 1448 667 Υιου
1464 641 1514 667 καὶ
1528 639 1615 673 ἁτίσυ
1629 639 1806 674 Πνε-ὐματος

1043 675 1215 710 ὁμοουσὶων
1230 683 1263 701 τε
1284 675 1332 701 καὶ
1356 674 1512 710 ὁμοταγῶν
1528 675 1604 702 κατά
1624 683 1657 710 γε
1673 675 1806 709 δύναμιν

1043 709 1092 735 καὶ
1108 709 1234 743 ,βουλὴν
1249 711 1298 737 καὶ
1319 709 1480 745 κυριότητα
1501 710 1681 745 πεφυκότων
1692 731 1699 739 ,
1714 710 1751 736 ἐν
1768 710 1804 745 τῇ

1043 745 1265 779 συναριθμήσει
1285 744 1407 780 πρώτην
1422 745 1511 778 τάξιν
1530 747 1547 773 ό
1563 745 1665 780 Πατὴρ
1686 745 1803 781 ἐπέχει,

1006 823 1029 841 c.
1044 817 1175 849 185,195).

195 880 222 905 Ι.
242 877 320 904 Alius
333 876 449 905 fortasse
462 876 558 904 nescio
575 876 638 912 quis
657 875 837 903 abstrusioris
852 872 945 901 tlieolo

1046 875 1082 900 α’.
1105 873 1201 907 Ἄλλος
1224 874 1276 911 μὲν
1297 872 1344 903 οὗν
1361 875 1394 903 ἄν
1415 884 1458 908 τις
1477 876 1544 909 ῑσως
1560 876 1804 913 θεολογικωτέραις

159 922 210 958 giae
223 922 391 958 cogitatibus
402 921 494 954 nixus,
509 921 612 956 quique
623 921 756 949 virtutttm
770 919 955 956 periectarum

150 967 266 996 meritis
298 967 332 995 ad
366 967 543 1001 excipiendos
575 966 696 995 caelestis
724 966 836 993 luminis
863 964 956 992 radios

159 1015 293 1050 aptiorem
319 1021 349 1041 se
373 1013 534 1045 reddiderit,
555 1012 589 1046 is,
618 1013 744 1048 inquam,
775 1011 876 1039 mentis
899 1017 957 1038 suae

159 1061 364 1096 perceptionem
384 1060 548 1087 sublimiore
567 1059 674 1087 theoria
692 1059 852 1087 subvectam
868 1057 957 1092 expll-

160 1106 251 1138 cabit,
268 1114 419 1142 rerumque
434 1106 620 1134 inetl'abilium
636 1113 735 1134 causas
744 1105 866 1137 evolvet;
883 1103 956 1139 quod

160 1153 272 1187 quidem
289 1152 308 1180 ii
323 1160 497 1188 nequaquam
513 1152 624 1188 aggredi
642 1156 774 1187 possunt,
797 1149 846 1186 qui
866 1157 895 1177 se
907 1156 957 1176 ne-

160 1199 297 1234 gotiorum
315 1199 434 1237 colluvie
449 1198 572 1226 nondum
590 1198 799 1233 expediveruut.
821 1195 879 1231 Ego
893 1201 958 1222 vero

160 1243 208 1278 qui
222 1244 289 1271 nihil
303 1244 443 1271 excelsum
458 1244 486 1271 in
501 1251 544 1271 me
558 1243 628 1275 scio,
643 1250 731 1277 neque
745 1241 836 1269 adhuc
857 1240 891 1267 ab
905 1239 958 1266 hac

161 1290 301 1317 communi
325 1290 537 1318 conversatione
560 1294 679 1317 mentem
702 1288 834 1320 abstraxi,
853 1286 876 1314 si
892 1285 957 1320 quid

160 1338 251 1360 tamen
263 1334 493 1368 eScripturarum
506 1334 683 1361 meditatione
697 1337 725 1361 et
735 1333 836 1366 studio,
852 1327 957 1360 ctelesti

160 1380 271 1407 favente
294 1387 357 1415 ope,
373 1379 522 1413 condidici,
540 1387 594 1407 nou
612 1379 747 1415 gravabor
760 1378 831 1414 apud
846 1386 895 1407 eos
910 1379 958 1413 qui

160 1425 228 1452 mihi
245 1426 387 1453 communi
404 1425 536 1461 religione
549 1425 663 1461 zeloque
677 1425 801 1460 ejusdem
817 1424 958 1459 conjuncti

161 1474 238 1504 sunt,
251 1479 357 1506 aequam
374 1472 527 1507 symbolam
555 1471 582 1498 iu
612 1478 786 1498 communem
812 1469 958 1496 utilitatem

161 1517 298 1545 conferre.
324 1517 396 1545 Sunt
421 1518 505 1552 igitur
531 1517 693 1551 homogenei
714 1515 806 1547 Pater,
823 1514 909 1542 Filius
929 1519 958 1542 et

163 1562 292 1597 Spiritus,
307 1571 397 1598 neque
410 1563 558 1590 voluntatis
571 1567 617 1590 aut
630 1561 738 1589 virtutis
751 1566 798 1589 aut
812 1561 956 1596 potestatis

162 1608 342 1635 diifereutiam
359 1608 441 1635 ullam
461 1608 487 1634 in
506 1608 573 1643 ipsis
588 1607 680 1635 videre
699 1612 757 1640 est;
774 1614 862 1642 neque
877 1606 955 1634 deni-

162 1661 216 1688 que
228 1653 396 1690 reliquorum
413 1652 573 1680 sublimium
586 1657 614 1681 et
626 1653 789 1681 eximiorum
801 1652 955 1684 nominum,

161 1699 263 1734 quibus
291 1698 398 1727 excelsa
421 1703 448 1726 et
463 1699 586 1726 omnium
605 1699 714 1726 domina
732 1699 823 1727 divtna
839 1698 957 1734 dignitas

162 1746 300 1773 titulatur.
328 1744 380 1773 Sed
401 1750 492 1772 tamen
516 1745 597 1773 Pater
611 1745 653 1773 vis
678 1745 797 1773 causalis
815 1749 858 1773 est
876 1752 910 1773 ex
927 1752 957 1773 se

161 1791 377 1823 ditnanantium,
401 1790 484 1818 unius
497 1790 607 1826 quidem
624 1797 673 1825 per
687 1789 901 1824 generationem,
917 1790 957 1817 al-

162 1837 247 1865 terius
261 1844 309 1872 per
324 1836 544 1871 processiouem;
560 1836 607 1872 qui
621 1843 687 1864 sane
701 1835 735 1864 ad
748 1843 810 1864 eum
826 1840 956 1871 tanquam

161 1884 195 1912 ad
208 1883 315 1911 initium
330 1883 507 1919 eongenitum
522 1882 705 1918 potentiaeque
715 1882 820 1910 socium
835 1881 958 1910 referun-

161 1935 216 1958 tur.
230 1930 312 1965 Atqui
327 1929 385 1957 hzec
399 1929 456 1964 ipsa
470 1929 566 1956 relatio
583 1929 702 1964 perbelle
717 1929 837 1957 ostendit
852 1936 957 1964 praepo-

162 1978 283 2006 nendum
304 1984 365 2005 esse
384 1976 596 2012 procedentibus
620 1976 655 2003 ab
677 1976 738 2010 ipso
752 1975 858 2003 Patrem
875 1984 883 2004 :
901 1983 954 2002 non

161 2026 255 2049 tamen
284 2021 379 2048 eadem
404 2021 575 2048 demonstrat
600 2021 813 2055 praeponendum
842 2019 956 2054 Spiritui

162 2069 272 2096 Filium.
290 2067 363 2101 Ergo
379 2067 450 2095 ratio
476 2067 569 2094 notior
589 2066 724 2094 videbitur
741 2067 878 2094 sermonis
896 2066 956 2101 ejus

162 2116 210 2151 qui
225 2115 408 2143 sanctissima
423 2114 565 2141 Trinitatis
579 2114 799 2142 numerationem
814 2122 847 2142 eo
860 2115 956 2142 ordine

161 2161 266 2194 fecerit,
282 2168 365 2196 quem
385 2161 554 2197 singularum
574 2167 756 2195 personarum
771 2159 868 2187 notitia
882 2159 955 2188 desi-

968 1544 990 1576 C

1006 917 1189 954 ὲποχούμενος
1213 921 1342 955 ἐννοίαις,
1358 922 1406 948 καὶ
1429 922 1479 958 τῆς
1504 922 1609 950 ἄνωθεν
1633 923 1734 959 αῐγλης
1755 924 1805 956 τὰς

1006 965 1121 998 ἀκτῖνας
1132 966 1314 1003 ὑποδέχεσθαι
1327 968 1373 995 διά
1381 970 1432 1004 τῆς
1441 968 1496 996 τῶν
1508 969 1616 1005 ἀρετῶν
1628 970 1803 1006 τελειότητος

1006 1012 1227 1049 ἐπιτηδειότερον
1236 1014 1332 1041 ἐαυτὸν
1342 1015 1569 1051 παρασκευάσας,
1581 1015 1620 1047 είς
1631 1015 1804 1051 ὑψηλοτέραν

1007 1059 1197 1095 ἀνηνεγμένην
1208 1059 1328 1096 θεωρίαν
1340 1061 1391 1097 τὴν
1403 1060 1487 1088 αὑτοῦ
1500 1061 1654 1096 κατάληψιν
1666 1061 1801 1097 ἐπιδείξῃ·

1007 1105 1056 1132 καὶ
1073 1105 1151 1140 λόγον
1166 1105 1222 1133 τῶν
1241 1106 1427 1142 ἠπορημένων
1440 1106 1587 1140 ἀποδώσει,
1601 1107 1645 1142 ἐφ’
1661 1106 1691 1134 ὃν
1707 1107 1741 1134 οὐ
1754 1107 1800 1143 ῥᾴ-

1006 1151 1063 1178 διον
1087 1151 1245 1179 ἀναϐαίνειν
1261 1152 1336 1184 ὃσοις
1355 1150 1406 1188 τῆς
1427 1152 1481 1180 τῶν
1504 1152 1607 1188 γηΐνων
1625 1153 1803 1188 ἀναστροφῆς

1008 1196 1200 1232 ἀπαλλαγῆναι
1213 1196 1252 1232 μὴ
1266 1196 1388 1231 γέγονεν.
1408 1197 1485 1231 Ἐμοὶ
1497 1197 1526 1224 δὲ
1537 1196 1621 1232 μηδὲν
1634 1196 1690 1224 τῶν
1700 1197 1802 1233 ὑψηλο-

1007 1243 1096 1279 τέρων
1108 1243 1220 1279 ἐμαυτῷ
1234 1243 1378 1274 συνειδότι.
1388 1243 1495 1278 καὶτῆς
1506 1243 1578 1270 κατά
1591 1243 1640 1280 τὴν
1653 1244 1803 1280 παροικίαν

1008 1290 1121 1325 ἀγωγῆς
1145 1289 1222 1317 οὔπω
1244 1291 1301 1322 τοῖς
1324 1290 1465 1325 λογισμοῖς
1488 1290 1704 1325 μεταναστάντι,
1727 1289 1748 1317 ἃ.
1771 1289 1802 1324 δὴ

1009 1336 1141 1371 πάρεστιν
1155 1335 1187 1363 ἐκ
1204 1344 1233 1363 τε
1248 1335 1300 1371 τῆς
1317 1335 1372 1362 τῶν
1388 1335 1494 1369 Λογίων
1511 1335 1625 1371 μελέτης
1642 1335 1691 1362 καὶ
1705 1335 1759 1371 τῆς
1775 1335 1803 1361 ἐν

1008 1382 1101 1414 αὐτοῖς
1115 1381 1282 1416 γυμνασίας,
1297 1381 1348 1415 τῆς
1360 1381 1464 1409 ἀνωθεν
1477 1382 1544 1417 ἡμῖν
1557 1381 1804 1416 συνεφαπτομένης

1009 1429 1208 1465 περιγεγονότα
1228 1428 1377 1464 προνοίας,
1399 1429 1456 1460 τοῖς
1472 1428 1530 1454 ὅσοι
1547 1427 1640 1463 κοινὴν
1658 1428 1710 1464 τὴν
1724 1428 1804 1454 εὐσέ-

1010 1472 1097 1504 ϐειαν,
1114 1472 1163 1500 καὶ
1176 1473 1222 1500 τὸν
1238 1473 1282 1499 ἐπ’
1298 1470 1367 1508 αὐτῇ
1385 1472 1467 1507 ζῆλον
1482 1472 1674 1508 κεκτημένοις,
1693 1472 1803 1499 ἰσοστά-

1012 1526 1069 1545 σιον
1084 1519 1125 1550 εἰς
1141 1518 1235 1555 κοινὴν
1254 1518 1389 1553 ὠφέλειαν
1405 1518 1547 1554 προθεῖναι
1566 1518 1597 1545 τὸ
1613 1518 1759 1554 πρόθυμον
1774 1518 1803 1546 οὗ

1007 1564 1233 1600 περιοφθήσεται.
1263 1564 1386 1600 Ὀμοφυῆ
1413 1564 1463 1600 μὲν
1487 1562 1534 1592 οὖν
1554 1565 1613 1591 ἐστι
1639 1565 1738 1600 Πατὴρ
1759 1564 1805 1591 καὶ

1008 1610 1072 1642 Υἱὸς
1088 1610 1135 1637 καὶ
1151 1610 1263 1646 Πνεῦμα
1273 1630 1280 1643 ,
1295 1611 1343 1637 καὶ
1358 1610 1389 1637 τδ
1409 1611 1460 1646 τῆς
1478 1609 1575 1646 βουλῆς
1590 1611 1639 1638 καὶ
1658 1611 1804 1646 δυνάμεως

1007 1657 1055 1684 καὶ
1076 1656 1215 1692 βασιλείας
1238 1657 1337 1692 ἐνορᾷν
1357 1657 1432 1684 ἔστιν
1453 1657 1546 1689 αὐτοῖς
1568 1656 1803 1692 ἀπαράλλακτον·

1007 1703 1055 1730 καὶ
1069 1703 1101 1738 δὴ
1119 1704 1166 1730 καί
1185 1703 1241 1730 τῶν
1259 1702 1349 1730 ἄλλων
1362 1703 1526 1739 θεοπρεπῶν
1539 1711 1570 1729 τε
1584 1703 1632 1730 καὶ
1652 1703 1804 1738 ὑπερφυῶν

1007 1750 1159 1785 ὀνομάτων,
1171 1749 1205 1776 δι’
1219 1746 1257 1777 ὦν
1270 1750 1286 1785 ἡ
1299 1748 1467 1785 ὑπεράρχιος
1478 1749 1526 1776 καὶ
1538 1749 1672 1785 ὑπέρθεος
1685 1749 1804 1785 θεαρχία

1007 1795 1241 1830 κατονομάζεται·
1259 1794 1317 1821 ἀλλ’
1333 1791 1380 1821 οὖν
1393 1795 1408 1821 ὸ
1424 1794 1519 1829 Πατὴρ
1536 1793 1624 1825 αἴτιος
1636 1793 1691 1820 τῶν
1705 1794 1737 1826 ἐξ
1755 1794 1803 1820 αὑ-

1006 1841 1054 1868 τοῦ
1071 1840 1250 1875 πεφυκότων,
1265 1840 1312 1867 τοῦ
1334 1840 1384 1876 μὲν
1402 1841 1474 1867 κατά
1489 1840 1540 1875 τὴν
1559 1841 1695 1875 γέννησιν,
1710 1840 1762 1867 τοῦ
1775 1840 1802 1867 δὲ

1007 1886 1079 1913 κατά
1092 1885 1141 1922 τὴν
1156 1886 1320 1921 ἐκπόρευσιν
1331 1907 1338 1919 ,
1357 1886 1397 1917 είς
1412 1885 1494 1913 αὑτὸν
1515 1886 1554 1918 ὡς
1570 1886 1609 1917 εῑς
1625 1885 1714 1922 ἀρχὴν
1731 1895 1802 1922 συμ-

1007 1930 1092 1966 φυοῦς
1107 1939 1138 1957 τε
1159 1930 1362 1965 καὶουνάρχου
1380 1930 1548 1966 προαγωγῆς
1572 1931 1800 1966 ἀναφερομένων.

1013 1976 1084 2004 Ἀλλ’
1108 1976 1177 2012 αὕτη
1202 1975 1253 2012 μέν
1273 1976 1290 2011 ἠ
1315 1975 1446 2007 ἀπόδοσις
1465 1975 1510 2002 τὸν
1534 1975 1645 2010 Πατέρα
1662 1975 1801 2002 δείκνυσιν

1006 2022 1127 2057 εὐλόγως
1145 2021 1199 2048 τῶν
1223 2021 1253 2055 ἐξ
1269 2022 1354 2049 αὐτού
1379 2020 1581 2056 προτετάχθαι,
1597 2021 1691 2048 οὐκέτι
1706 2021 1737 2048 δὲ
1756 2021 1800 2048 καὶ

1006 2067 1074 2095 διότι
1095 2067 1143 2094 τοῦ
1166 2067 1326 2103 Πνεύματος
1341 2068 1354 2094 ό
1375 2067 1451 2099 Υἱός.
1477 2067 1628 2103 Κοινοτέρᾳ
1642 2067 1671 2094 δὲ
1693 2067 1799 2103 μεθόδῳ

1006 2113 1200 2150 προεληλυθὼς
1214 2113 1228 2139 ὁ
1241 2113 1328 2147 Λόγος
1340 2112 1491 2148 ἀναφανείη
1505 2114 1519 2140 ὁ
1534 2113 1583 2148 τὴν
1598 2113 1799 2149 συναρίθμησιν

1006 2160 1056 2195 τῆς
1080 2159 1230 2196 ὑπεραγίου
1256 2159 1372 2195 Τριάδος
1401 2159 1441 2190 εὶς
1467 2159 1517 2194 τὴν
1546 2158 1597 2194 τῆς
1624 2158 1799 2193 ἐπιγνώσεως

161 2210 235 2243 gnat.
248 2206 341 2235 Primo
357 2207 430 2234 enim
445 2207 587 2234 hominum
603 2206 708 2234 notioni
729 2206 851 2234 occurrit
863 2205 944 2234 Pater

1043 2207 1125 2234 ἀστου
1141 2205 1374 2242 καταρῤυθμίζων
1386 2205 1475 2238 τάξιν.
1499 2204 1594 2249 Πατὴρ
1613 2205 1662 2240 μὲν
1677 2204 1733 2241 γὰρ
1755 2205 1798 2232 ἀν-

161 2254 260 2282 deinde
276 2253 373 2286 Filius,
399 2258 426 2281 et
449 2261 497 2288 per
519 2251 620 2280 Filium
638 2251 758 2287 Spiritus
782 2256 906 2280 sanctus.
924 2251 957 2278 Et

161 2301 272 2336 quidem
295 2308 311 2327 a
327 2299 427 2328 divinis
444 2303 542 2327 mutuo
564 2298 690 2333 personis
704 2295 822 2325 revelata
836 2297 889 2325 fuit
908 2297 958 2325 bo-

161 2346 282 2374 minibus
299 2346 469 2381 singularum
489 2345 605 2378 notitia;
626 2343 708 2372 Patre
733 2343 842 2371 caelitus
856 2342 956 2370 Filium

161 2393 339 2426 ostendente;
366 2392 470 2426 Spiritu
493 2396 584 2418 autem
605 2390 733 2417 eumdem
748 2397 796 2425 per
809 2391 957 2418 adventum

160 2447 241 2468 situm
263 2442 451 2472 contestante;
477 2437 545 2465 Filio
568 2444 667 2465 rursus
690 2436 797 2464 Patrem
825 2436 957 2463 honorifi-

159 2488 256 2517 cnnte,
274 2487 356 2518 atque
384 2483 562 2510 illustriorem
589 2481 676 2510 sacris
695 2481 753 2509 suis
780 2482 957 2510 sermonibus

159 2529 311 2560 eiliciente,
343 2527 532 2563 Spiritumque
563 2527 597 2555 ad
631 2527 783 2562 discipulos
811 2528 955 2562 mittente;

161 2574 265 2609 Spiritu
289 2574 408 2610 denique
435 2574 495 2610 ipso
512 2573 574 2602 Filii
594 2574 785 2602 auctoritatem
802 2575 956 2610 proprieta-

160 2625 271 2656 temque
290 2620 417 2649 tirmante
432 2629 439 2648 :
459 2628 540 2648 nemo
553 2621 625 2648 enim
642 2625 733 2656 potest
752 2620 844 2649 dicere
862 2621 955 2650 Domi-

160 2674 228 2694 num
242 2665 348 2700 Iesum,
362 2667 414 2695 nisi
434 2666 462 2695 in
480 2665 582 2703 Spiritu
597 2671 702 2696 sancto.

1006 2251 1127 2288 θρώποις
1141 2251 1203 2278 κατ’
1218 2251 1306 2286 ἀρχὰς
1322 2251 1362 2282 είς
1376 2250 1478 2285 γνῶσιν
1497 2246 1580 2285 ἧκεν·
1603 2248 1700 2276 ἔπειτα
1719 2250 1797 2281 Υἱός·

1005 2299 1053 2326 καὶ
1068 2298 1112 2325 διὰ
1122 2297 1170 2325 τοῦ
1182 2297 1248 2324 Υῑοῠ
1263 2297 1293 2323 τὺ
1305 2296 1419 2331 Πνεῦμα
1430 2295 1461 2322 τὸ
1475 2296 1563 2330 ἅγιον.
1579 2296 1612 2322 El
1624 2295 1678 2331 γὰρ
1690 2295 1741 2323 καὶ
1754 2295 1797 2322 ὑπ’

1006 2345 1131 2380 ἀλλήλων
1144 2343 1199 2371 τῶν
1215 2342 1370 2378 θεαρχικῶν
1383 2341 1560 2369 ὑποστάσεων
1574 2342 1631 2373 τοῖς
1642 2341 1795 2378 ἀνθρώποις

1006 2392 1024 2427 ὴ
1042 2390 1144 2426 γνῶσις
1160 2389 1278 2416 ἑκάστου
1304 2387 1484 2424 ἀπεκαλύφθη
1498 2408 1505 2420 ,
1522 2387 1629 2423 Πατρδς
1651 2387 1701 2423 μὲν
1719 2388 1797 2422 οὖρα-

1006 2437 1086 2464 νόθεν
1103 2436 1149 2463 τὸν
1166 2435 1231 2462 Υἱδν
1243 2434 1460 2465 ἐπιδεικνύντος·
1474 2432 1522 2460 τοῦ
1537 2432 1708 2468 Πνεύματος·
1720 2433 1750 2460 δὲ
1765 2433 1795 2467 τῇ

1006 2482 1179 2518 ἐπιφοιτήσει
1204 2479 1488 2517 συμμαρτυροῦντοςο
1504 2478 1570 2506 Υἱοῦ
1596 2478 1625 2505 δὲ
1648 2479 1731 2506 πάλιν
1754 2479 1796 2505 τὸν

1005 2529 1118 2564 Πατέρα
1131 2527 1290 2562 δοξάζοντός
1301 2535 1331 2553 τε
1342 2526 1390 2553 καὶ
1400 2526 1635 2562 περιφανέστερον
1645 2523 1795 2559 θεολογοῦν-

1004 2583 1063 2607 τος,
1079 2575 1125 2602 καὶ
1144 2574 1197 2610 μὴν
1209 2574 1256 2601 καὶ
1269 2573 1301 2600 τὸ
1316 2573 1430 2608 Πνεῦμα
1445 2573 1501 2603 τοϊς
1515 2571 1650 2608 μαθηταῖς
1665 2571 1795 2599 ἀποστέλ-

1005 2619 1098 2652 λοντος
1108 2627 1115 2635 ·
1130 2619 1198 2646 ἀλλὰ
1212 2618 1267 2655 γὰρ
1281 2618 1329 2644 καὶ
1352 2616 1400 2644 τοῦ
1415 2615 1487 2643 Πνεύ
1492 2624 1576 2651 ματος
1596 2617 1643 2644 τδν
1667 2616 1733 2644 Υἱὺν
1747 2625 1793 2642 κυ-

1010 2665 1207 2702 ριολογοῦντος.
1235 2663 1332 2695 Οὐδεὶς
1357 2663 1412 2698 γὰρ
1438 2662 1550 2689 δύναται
1578 2663 1667 2690 εἰπεῖν
1696 2661 1793 2698 Κύριον

1014 2711 1131 2747 Ἰησοῦν,
1150 2712 1173 2738 εί
1188 2717 1202 2737 ει
1217 2711 1254 2748 μὴ
1269 2712 1298 2739 ἐν
1315 2709 1385 2746 ἁγίῳ
1400 2710 1548 2746 Πνεῦματι.

809 2799 925 2828 VARle
946 2798 1147 2829 LECTIONES.

201 2875 236 2912 (εἰ)
253 2876 387 2905 l‘articula
399 2875 423 2903 et
438 2875 609 2905 desideratur
623 2875 650 2904 in
664 2875 768 2905 codice.
