1863 3064
55 136 91 168 9Ῐ7

79 192 104 227 β’.
117 191 143 218 Εἰ
153 187 194 218 οὖν
209 190 256 217 καὶ
271 190 306 217 δι’
327 189 449 225 ἀλλήλων
468 189 485 225 ἢ
509 189 568 222 ἐνὸς
582 190 672 218 αὐτῶν
689 190 805 218 ἑκάστου
819 190 846 220 Α

55 237 150 273 spiam
162 235 325 271 ἐκφαντορία
340 236 387 262 καὶ
411 235 574 270 κατάληψις,
590 236 628 268 ὡς
641 236 674 263 ἂν
698 236 746 263 καὶ
762 236 806 264 διὰ

53 283 130 309 τούτων
143 282 179 312 εις
195 281 225 308 τὸ
239 281 289 315 τῆς
304 281 444 316 συμφυΐας
459 281 669 316 ἀπαράλλακτον
683 281 728 308 τὸν
744 281 806 309 νοῦν

52 330 137 362 ἀνάγειν
145 326 315 362 εὐοδούμενον
326 326 442 362 ἔχωμεν·
453 327 500 354 καὶ
509 327 605 362 ὅτιπερ
615 324 656 358 οἷς
678 327 807 362 καθαρῶς

51 383 73 401 τε
84 373 121 400 καὶ
132 372 279 408 εἰλικρινῶς
295 373 360 407 μίαν
377 373 432 399 τῶν
455 373 597 408 μακαρίων
612 373 660 399 καὶ
675 372 807 408 δημιουρ-

50 419 92 452 γῶν
100 419 263 446 ὑποστάσεων
274 419 372 446 εἰδέναι
388 419 558 454 κεχάρισται,
572 419 676 451 τούτοις
691 420 738 446 καὶ
753 418 808 446 τῶν

51 464 158 499 λοιπῶνή
181 464 282 498 γνῶσις
304 464 525 496 συνδιασώξεται.
547 464 576 491 ’0
593 464 646 499 γὰρ
667 464 745 496 είδὼς
761 464 808 492 τὸν

51 509 137 543 Πατέρα
149 508 200 536 οίδε
218 510 265 536 καὶ
281 510 327 536 τὺν
345 510 419 536 Υίόν’
433 510 482 536 καὶ
496 510 510 537 ό
531 510 577 537 τὸν
597 510 661 537 Υῐδν
679 511 808 544 ἐπιγνοὺς

50 554 103 581 κατὰ
113 554 157 590 τὴν
167 555 204 587 ὡς
218 556 247 582 ὲν
260 556 416 592 ἀνθρώποις
429 556 480 592 τῆς
496 556 622 590 γνώσεως
636 557 806 593 τελειότητα.

50 601 96 628 οὐδὲ
108 601 150 635 τῆς
164 601 259 636 ὁμοίας
275 601 450 636 ἐπιγνώσεως
467 603 514 629 τοῦ
530 603 636 638 Πατρὺς
652 603 809 639 ἀπεστέρη-

49 655 90 674 ται.
103 646 231 678 Ὡσαύτως
252 647 281 674 δὲ
294 648 342 674 καὶ
356 648 403 674 τοῦ
420 647 591 683 Πνεῦματος,
606 648 620 675 ὃ
633 649 668 676 τά
678 648 747 683 βάθη
761 648 808 675 τοῦ

49 691 100 718 Θεοῦ
116 692 234 728 διερευνᾷ
256 693 303 720 καὶ
320 693 510 720 ἀποκαλύπτει
530 695 585 725 τοῖς
599 693 753 729 ἀνθρώποις
773 693 809 721 τὰ

49 738 130 773 κρύφιά
142 747 169 765 τε
183 738 239 766 τῶν
254 738 425 774 μαθημάτων
443 739 491 766 καὶ
502 738 671 774 τελειότερα,
685 741 699 766 ὁ
712 739 808 766 τούτου

49 783 85 817 τὴν
98 784 205 819 μάθησιν
224 784 358 820 εἰλικρινῆ
373 783 474 818 λαϐὼν,
489 784 551 811 οὐδὲ
567 785 623 818 τῆς
632 784 810 820 θεολογούσης

48 828 81 854 τὸν
97 829 197 864 Πατέρα
221 830 378 864 Θεοσοφίας,
397 830 427 856 οὒ
451 830 505 866 μὴν
523 830 584 857 οὐδὲ
606 830 656 865 τῆς
677 831 723 857 τὸν
747 831 811 857 Υίδν

49 862 316 910 συμμυσταγωγούσης
338 862 528 910 ἠλλοτρίωται.
555 862 693 902 UDX-05v
717 875 742 901 εί
764 875 812 902 καὶ
827 862 848 890 Β

49 919 102 946 οὕτω
120 921 203 947 ταῦτα
229 921 383 956 ὲναρμοιιίῳ
403 922 536 956 συναφείᾳ
563 921 739 948 διαπλέκεται
763 920 812 948 καὶ

48 965 203 998 ἁναπλοῦται,
220 967 269 993 οὐκ
284 966 380 1000 ἄδηλον
394 966 432 998 ὡς
448 967 465 1002 ἡ
483 966 532 1002 μὲν
551 966 598 993 τοῦ
614 966 722 1002 [ἰατρὸς
736 966 813 1000 φωνὴ

49 1010 117 1045 χρόνῳ
136 1011 268 1047 πρότερον
284 1010 440 1047 ἀνθρώποις
459 1011 630 1047 ἐπεγνώσθη,
647 1012 695 1038 καὶ
712 1011 813 1046 μᾶλλον

48 1055 102 1090 ήτιερ
121 1057 136 1091 ἠ
157 1057 203 1084 τὸν
229 1057 295 1084 Υίδν
313 1057 431 1093 δηλοῦσα
457 1057 576 1093 συνήθης
596 1057 694 1088 ἀκοαῖς
716 1057 814 1091 ἐγεγό-

49 1108 77 1126 νει
88 1101 145 1136 (76)·
159 1103 189 1129 τὸ
202 1103 232 1129 δέ
244 1111 276 1137 γε
293 1103 371 1138 ῥῆμα
383 1102 430 1130 τοῦ
447 1102 608 1138 Πνεῦμα-τος
617 1122 625 1135 ,
638 1103 663 1129 εί
679 1102 728 1129 καὶ
744 1102 813 1137 μᾶλ-

47 1145 110 1183 λονῆ
132 1149 181 1183 τὴν
203 1148 251 1175 τοῦ
276 1148 341 1175 Υἱοῢ
367 1148 464 1184 κλῆσιν
483 1149 500 1184 ή
525 1148 648 1180 Μωσέως
672 1148 813 1175 ἐδίδασκεν

49 1191 143 1228 ἱστορία,
165 1193 236 1230 πλὴν
258 1194 310 1220 οὐκ
330 1191 365 1229 ἦν
386 1193 459 1220 οὕτω
476 1193 589 1220 δυνατὸν
612 1192 707 1228 ὥσπερ
728 1193 745 1228 ἡ
767 1191 814 1219 τοῦ

48 1237 98 1264 Υἱοῦ
120 1239 290 1275 προσηγορία
314 1238 362 1266 τοῦ
378 1238 583 1266 αὺθυπόστατον
607 1238 815 1272 συνεισαγαγεῖν

47 1283 79 1308 ἐπ’
91 1283 168 1318 ἄμφω
180 1285 231 1319 τὴν
248 1284 346 1319 ῥοπήν·
364 1284 416 1319 τῆς
431 1283 522 1318 φωνῆς
537 1284 682 1319 ἀδιάφορον
700 1284 816 1319 ἐχούσης

47 1328 82 1354 ἐπί
95 1337 121 1355 τε
138 1329 192 1356 τῶν
208 1329 423 1356 αὺουποστάτων
448 1328 580 1365 φέρεσθαι
592 1349 600 1361 ,
616 1329 664 1356 καὶ
690 1329 736 1356 ὲπὶ
761 1329 816 1356 τῶν

47 1373 129 1408 μέρους
155 1375 217 1403 τινὰ
242 1374 323 1409 λόγον
341 1375 397 1412 ,τῆς
425 1375 602 1406 ὑποστάσεως
627 1374 817 1410 ἀναπληρούν-

46 1426 87 1445 των
97 1420 158 1455 (77)·
171 1421 220 1448 καὶ
231 1419 359 1447 τοσοῦτον
375 1420 459 1447 ἐνέδει
477 1420 528 1454 τὴν
543 1420 681 1455 Θεοπρεπῆ
699 1420 817 1455 μάθησιν

46 1464 82 1490 τοῦ
95 1465 250 1501 Πνεύματος
264 1466 281 1501 ὴ
296 1465 393 1501 κλῆσις
413 1465 557 1500 παρέχειν,
575 1465 613 1497 ὡς
627 1465 676 1492 καὶ
695 1465 750 1492 τῶν
766 1466 816 1493 άν-

500 134 550 165 AD
564 132 866 164 ‘AMPHILOCHIUM
891 134 1064 171 QUIESTIO
1083 135 1164 166 CXC.

1597 134 1650 168 918

891 191 918 218 2.
937 191 1008 226 Ergo
1037 196 1096 220 tum
1113 191 1234 220 vicissim
1262 195 1318 219 tum
1335 190 1417 219 etiam
1433 198 1466 219 ex
1481 199 1535 219 una
1550 199 1649 227 perso-

858 244 955 264 narum
975 238 1073 265 harum
1103 241 1196 264 manat
1216 237 1363 272 cujuslibet
1381 238 1542 265 earumdem
1559 238 1649 265 mani-

857 283 965 310 festutio
991 288 1073 319 atque
1100 284 1328 318 comprehensio;
1354 283 1391 310 ita
1416 287 1446 310 ut
1464 291 1513 318 per
1551 284 1600 311 has
1615 283 1648 311 ad

857 329 1027 364 congenitam
1055 329 1310 364 indiﬂ'erentemque
1326 333 1451 356 naturam
1480 332 1571 356 mente
1585 337 1648 363 per-

859 374 961 409 tingere
978 374 1091 401 feliciter
1105 375 1252 409 possimus.
1270 374 1330 402 Jam
1347 375 1448 409 quibus
1462 381 1530 409 pure
1567 378 1650 408 atquc

858 421 1001 456 perspicue
1014 429 1095 449 unam
1109 430 1142 449 ex
1158 421 1201 449 his
1217 422 1304 449 beatis
1329 421 1564 455 creatricibusque
1589 428 1651 455 per-

858 466 935 493 sonis
959 473 1125 501 cognoscere
1155 467 1248 494 datum
1279 471 1330 499 est,
1359 467 1455 494 iisdem
1483 466 1649 501 reliquarum

859 519 968 546 quoque
997 512 1115 546 cognitio
1143 517 1251 547 peracta
1275 515 1329 540 est.
1351 512 1419 539 Nam
1443 512 1489 547 qui
1508 511 1582 540 novit
1599 511 1650 538 Pa-

859 561 939 590 trem,
968 558 1038 586 idem
1069 557 1146 586 novit
1165 563 1191 585 et
1221 557 1342 585 Filium:
1366 562 1393 585 et
1416 558 1461 593 qui
1478 557 1578 585 Filium
1600 565 1650 592 pro

859 603 986 638 possibili
1015 603 1178 631 mortalibus
1193 603 1358 638 cognitionis
1373 604 1458 638 gradu
1475 603 1561 636 novit,
1579 603 1602 630 is
1619 610 1653 631 ne
1669 626 1672 630 .

859 648 918 683 pari
935 649 1045 683 quidem
1075 650 1165 677 Patris
1190 650 1286 677 notitia
1311 654 1396 676 caret.
1425 649 1556 676 Similiter
1569 649 1652 676 etiam

860 694 990 729 Spiritus,
1023 695 1070 729 qui
1092 694 1227 730 profunda
1245 695 1289 722 Dei
1309 695 1480 722 scrutatur“
1504 699 1585 729 atque
1601 695 1651 721 ho-

860 740 982 768 minibus
1009 740 1170 768 sublimiora
1199 741 1385 768 doctrinarum
1403 748 1504 768 arcana
1520 740 1621 768 revelat
1641 749 1648 768 :

861 786 955 821 hujus,
971 786 1095 821 inquam,
1113 786 1136 813 si
1155 786 1217 821 quis
1244 786 1389 821 perspicua
1420 785 1516 812 notitia
1529 785 1652 812 imbutus

863 831 956 864 fuerit,
981 831 1053 858 idem
1069 838 1102 858 ne
1119 830 1210 859 Patris
1233 831 1343 866 quidem
1364 831 1544 865 theologicam
1557 830 1653 865 cogni—

864 875 966 902 tionem
998 874 1146 908 desiderat,
1175 882 1263 910 neque
1283 875 1358 903 illius
1382 883 1443 910 quae
1460 874 1522 902 Filii
1552 875 1654 909 pariter

862 920 1001 948 notionem
1020 920 1150 955 impertit.
1180 920 1234 948 Sed
1258 921 1331 948 enim
1353 928 1509 956 quanquam
1537 920 1588 948 hac
1606 920 1655 948 do-

864 967 959 994 ctrinae
975 966 1135 994 harmonica
1148 966 1245 1001 copula
1273 966 1344 994 inter
1370 974 1400 994 se
1415 967 1553 994 cohaerent
1569 971 1653 1000 atque

864 1012 980 1040 invicem
1007 1013 1172 1045 illuminant,
1194 1019 1249 1039 non
1274 1017 1364 1039 tamen
1381 1011 1551 1046 ignoramus,
1565 1009 1654 1037 Patris

864 1059 1027 1086 vocabulum
1054 1058 1147 1094 priore
1170 1062 1292 1092 tempore
1311 1057 1467 1085 hominibus
1490 1056 1653 1088 innotuisse,

865 1101 1091 1137 frequentiusque
1114 1109 1195 1130 aures
1224 1101 1466 1133 circumsonuisse,
1487 1108 1569 1136 quam
1593 1099 1655 1127 Filii

866 1156 975 1177 nomen.
993 1148 1053 1176 Jam
1070 1154 1098 1176 et
1114 1148 1235 1183 Spiritus
1249 1147 1412 1175 vocabulum
1426 1146 1478 1174 etsi
1499 1145 1654 1174 evidentius

865 1201 947 1229 quam
977 1192 1039 1221 Filii
1055 1193 1174 1221 Mosaica
1191 1192 1306 1220 historia
1327 1192 1430 1223 docuit.
1448 1191 1472 1218 id
1490 1195 1580 1218 tamen
1599 1197 1653 1217 non

866 1242 951 1269 tantis
967 1241 1071 1268 viribus
1082 1241 1211 1276 pollebat,
1231 1240 1341 1275 quantis
1359 1239 1421 1267 Filii
1443 1237 1599 1273 appellatio,
1622 1237 1656 1264 ad

867 1286 1035 1315 suadendam
1066 1286 1211 1321 utriusque
1238 1285 1406 1313 individuam
1436 1283 1654 1312 subsistentiam.

866 1331 998 1359 Vocabuli
1014 1331 1086 1359 enim
1109 1330 1227 1366 Spiritus
1242 1330 1405 1365 ambiguitas
1427 1334 1485 1357 tum
1503 1328 1535 1356 ad
1551 1335 1583 1356 ea
1596 1335 1657 1363 quae

868 1385 916 1413 per
941 1386 970 1405 se
998 1377 1153 1405 subsistunt
1182 1377 1310 1409 trahitur,
1335 1381 1392 1403 tum
1416 1375 1451 1403 ad
1477 1382 1508 1402 ea
1522 1382 1584 1410 qua:
1599 1374 1657 1401 vice

868 1423 1072 1459 quodammodo
1098 1423 1259 1451 substantia:
1296 1421 1456 1457 funguntur.
1472 1421 1560 1455 Atque
1589 1420 1657 1447 adeo

869 1471 958 1504 impar
979 1473 1038 1497 erat
1058 1468 1202 1504 appellatio
1222 1468 1279 1495 haec
1295 1467 1455 1494 exhibenda:
1466 1466 1555 1501 dignae
1570 1464 1658 1500 Spiri-

47 1507 146 1544 θρώπων
160 1511 241 1546 μερὶς
261 1510 292 1538 οὐ
313 1511 428 1546 βραχεῖα
448 1511 505 1542 τοῖς
523 1511 679 1542 Μωσαῑκοῖς
700 1511 814 1545 ἐγκατα-

901 1523 914 1543 s
936 1515 1049 1548 notitias,
1073 1518 1103 1542 ut
1127 1521 1191 1549 pars
1209 1513 1349 1541 hominum
1376 1519 1432 1539 non
1448 1512 1547 1547 exigua
1562 1518 1656 1538 eorum

46 1553 171 1586 γηράσασα
187 1553 293 1589 νόμοις,
303 1554 430 1589 οὐδαμῶς
442 1553 521 1589 ἔσχεν
533 1554 700 1590 ἀνασχέσθαι
711 1554 761 1590 τὴν
770 1555 816 1582 τοῦ

47 1599 160 1632 παναγίου
183 1600 345 1635 Πνεύματος
370 1599 518 1627 ὑπόστασιν
535 1600 695 1635 ὁμολογεῖν·
722 1600 818 1635 ὥσπερ

47 1643 95 1670 οὐδὲ
107 1644 152 1680 τὴν
166 1645 222 1673 τῶν
238 1645 363 1680 ἀγγέλων
378 1644 470 1679 φύσιν.
484 1644 562 1671 Οὕτω
585 1645 639 1671 τῶν
660 1645 817 1672 Μωσαῐκῶν

47 1691 201 1724 γραμμάτων
223 1691 254 1718 τδ
269 1691 333 1727 περὶ
350 1690 399 1726 τὴν
418 1690 569 1725 όνομασίαν
589 1689 638 1716 τοῦ
658 1689 818 1726 Πνεύματος

46 1735 190 1772 πρόχειρον,
215 1736 352 1772 ἄχρηστον
373 1737 421 1764 καὶ
435 1737 529 1767 αὐτοῖς
552 1745 584 1771 γε
605 1737 661 1768 τοῖς
681 1735 819 1767 Ἰουδαίοις

46 1781 158 1817 κατέστη·
183 1783 224 1815 ὡς
248 1783 309 1809 κατ’
330 1782 397 1809 αὑτό
411 1791 443 1817 γε
465 1782 544 1809 τοῦτο
566 1782 604 1817 μὴ
630 1782 711 1817 μόνον
736 1781 818 1821 αὑτοῦ

46 1827 232 1859 προτάττεσθαι
253 1828 298 1855 τὸν
312 1828 387 1860 Υἱὸν,
405 1828 474 1855 ἀλλὰ
493 1828 541 1855 καὶ
565 1828 616 1855 ὅσα
640 1829 680 1859 είς
701 1827 750 1862 τὴν
771 1825 819 1854 τοῦ

46 1871 98 1899 Υἱοῠ
112 1874 209 1909 κλῆσιν
228 1873 393 1909 συνάγεσθαί
408 1883 438 1901 τε
461 1874 509 1901 καὶ
523 1873 673 1908 ἀνά-(εσθαι
689 1872 819 1904 δύναται,

46 1917 157 1956 ἀφορμὴν
169 1920 360 1958 ὑπερεχούσης
367 1920 481 1953 τάξεως,
491 1920 516 1947 εί
529 1919 577 1947 καὶ
591 1919 628 1955 μὴ
642 1919 761 1953 φύσεως,
772 1918 820 1945 εὑ-

46 1964 146 1998 ρίσκειν.
162 1967 240 1994 Διότι
257 1967 312 1994 τῶν
331 1966 466 1993 Ἰουδαίων
481 1964 571 1993 οὐδενὶ
594 1964 662 2001 πρὸς
679 1964 820 2000 ἀμφισϐή-

45 2017 112 2046 τησιν
126 2014 276 2048 περιέστη,
296 2013 310 2039 ό
323 2012 412 2047 λόγος,
427 2011 509 2046 λέγω,
525 2011 571 2038 καὶ
590 2012 607 2046 ἡ
630 2010 720 2043 δεξιὰ,
741 2010 790 2037 καὶ
804 2011 821 2046 ἡ

45 2055 159 2092 δύναμις,
175 2059 226 2086 καὶ
242 2059 278 2086 τὰ
296 2058 394 2094 ὅμοια·
407 2057 496 2089 οὐδεὶς
514 2056 569 2092 γὰρ
590 2055 693 2082 τούτων
710 2055 822 2091 ἔξαρνος

44 2100 126 2139 ὤφθη,
152 2105 208 2131 οὐδ’
235 2104 401 2139 ἐφαρμόζειν
428 2102 669 2138 ἁπηναισχύντησε
693 2101 822 2136 λέγεσθαι

45 2145 119 2175 ταῦτα
130 2149 177 2176 τοῦ
189 2149 308 2184 Πατρόςι
321 2149 346 2176 εί
355 2149 403 2176 καὶ
411 2148 480 2184 ὅπερ
490 2147 596 2180 τούτοις
606 2148 665 2174 ἐστὶ
677 2147 824 2183 πρόϐλημα

869 1559 915 1594 qui
933 1559 1056 1586 Mosaicae
1085 1559 1135 1593 legi
1166 1558 1351 1589 adhaerebant,
1378 1564 1552 1591 nequaquam
1578 1556 1660 1583 vellet

870 1604 988 1640 Spiritus
1015 1604 1102 1632 sancti
1120 1611 1265 1639 personam
1281 1602 1425 1635 conﬁteri;
1452 1601 1532 1629 sicuti
1559 1608 1593 1628 ne
1608 1608 1659 1627 an-

870 1650 992 1685 gelorum
1008 1650 1117 1685 quidem
1135 1653 1271 1677 naturam.
1286 1648 1323 1675 Ita
1341 1647 1473 1682 quidquid
1488 1647 1514 1674 in
1530 1646 1657 1674 Mosaicis

870 1695 970 1723 litteris
981 1695 1015 1722 ad
1032 1702 1132 1722 nomen
1149 1695 1264 1729 spiritus
1285 1693 1447 1728 pertinebat,
1468 1691 1569 1719 Judaeis
1594 1691 1661 1726 ipsis

870 1741 898 1768 in
914 1748 1024 1768 cassum
1057 1744 1126 1768 erat.
1145 1740 1235 1773 Quare
1248 1739 1283 1766 ob
1297 1738 1326 1765 id
1341 1746 1394 1765 non
1409 1738 1498 1766 solum
1517 1736 1587 1763 Filio
1603 1744 1658 1763 non

869 1790 913 1814 est
928 1785 1127 1820 praeponendus
1137 1785 1267 1820 Spiritus,
1283 1791 1376 1811 verum
1389 1783 1474 1810 etiam
1489 1789 1661 1817 quaecunque

870 1832 898 1860 in
921 1831 984 1859 Filii
1007 1831 1217 1866 appellationem
1246 1829 1358 1864 congeri
1389 1832 1516 1864 possunt.
1543 1834 1660 1863 quaeque

870 1878 966 1906 eodem
993 1877 1139 1910 deducunt,
1156 1876 1256 1911 prioris
1272 1874 1377 1902 ordinis
1402 1875 1458 1909 jus,
1470 1874 1493 1902 si
1506 1874 1598 1903 minus
1612 1880 1661 1900 na-

871 1927 950 1955 turae,
981 1922 1190 1950 nanciscuntur.
1225 1921 1409 1955 Quamobrem
1440 1919 1535 1947 Iudaeo
1559 1917 1661 1945 nemini

872 1973 1048 1997 controversa
1063 1967 1174 1996 fuerunt
1189 1968 1256 2000 hzec,
1273 1968 1387 1994 verbum
1416 1973 1525 1999 nempe,
1538 1964 1660 1995 dextera,

873 2014 972 2047 virtus,
985 2017 1012 2041 et
1022 2013 1132 2041 similia.
1152 2012 1236 2040 Nemo
1258 2013 1358 2048 quippe
1385 2012 1433 2046 qui
1450 2011 1508 2038 haec
1523 2009 1663 2045 negaverit

873 2063 1031 2095 compertus
1061 2063 1113 2090 est,
1141 2061 1190 2097 aut
1216 2057 1263 2092 qui
1279 2056 1541 2091 Patri'impudeuter
1552 2061 1662 2081 accom-

874 2105 1045 2138 modaverit;
1061 2103 1188 2139 quamvis
1203 2103 1264 2130 Filii
1278 2110 1407 2137 persona,
1423 2109 1484 2137 quae
1499 2101 1597 2128 horum
1614 2106 1662 2126 no-

875 2149 981 2177 minum
999 2156 1098 2183 scapus
1121 2151 1149 2175 et
1163 2147 1345 2175 summarium
1359 2150 1410 2179 est,
1428 2153 1482 2173 non
1498 2153 1576 2180 teque
1591 2144 1662 2179 apud

45 2192 84 2218 καὶ
110 2194 353 2229 συγκεφαλαίωσις
378 2192 410 2220 τδ
439 2193 585 2229 πρόσωπον
607 2192 655 2219 τοῦ
681 2191 746 2218 Υἱοῦ
772 2191 814 2226 οὐ)

901 2204 970 2224 nnes
985 2196 1014 2223 in
1026 2195 1152 2223 confesso
1169 2194 1261 2222 fuerit.
1278 2194 1382 2221 Idcirco
1406 2193 1498 2228 itaque
1512 2193 1664 2220 secundum

46 2237 163 2272 ὁμοίωσις
188 2240 412 2275 συνομολογεῦεαι
433 2240 516 2266 πᾶσι·
532 2238 620 2273 ταύτῃ
640 2238 695 2274 ἄρα
711 2238 825 2270 εἰκότως

45 2282 84 2318 τὴν
94 2284 226 2320 δευτέραν
241 2285 312 2312 κατὰ
326 2285 376 2321 τὴν
396 2285 546 2321 άρίθμησιν
560 2285 575 2311 ὁ
589 2284 653 2316 Υἱὸς
665 2304 673 2317 ,
693 2283 750 2311 ἀλλ’
764 2283 827 2319 οὐχὶ

46 2327 70 2353 τὺ
81 2329 193 2366 Πνεῦμα
205 2351 214 2364 ,
232 2331 326 2366 ἐπέχει
340 2330 428 2364 τάξιν.

73 2378 106 2409 γ’.
125 2377 163 2403 Οὐ
187 2377 243 2412 μὴν
262 2377 331 2404 ἀλλὰ
352 2377 400 2404 καὶ
417 2376 484 2404 διότι
502 2375 572 2412 μετὰ
591 2375 640 2412 τὴν
663 2375 743 2411 χάριν
768 2375 828 2410 ἥτις

45 2421 83 2447 τὺν
107 2422 173 2450 Υίὺν
197 2423 358 2459 ὲθεολόγησε
388 2423 539 2459 διαρρήδην
563 2423 580 2458 ὴ
602 2422 650 2449 τοῦ
669 2421 829 2456 Πνεύμιιτος

47 2465 187 2504 ιὶλιχρινὴς
202 2468 321 2504 μάθησις
336 2467 457 2504 προῆλθε
465 2475 473 2483 ·
485 2467 533 2495 καὶ
546 2466 600 2502 γὰρ
610 2467 693 2503 ἡνίκα
705 2466 826 2502 πυρίνων

74 2523 95 2541 ⁸ο
110 2524 202 2555 lCor.
224 2533 255 2559 II,
272 2525 316 2554 l0.

874 2243 903 2271 in
928 2242 1098 2270 numerando
1121 2241 1247 2269 ordinem
1265 2239 1353 2268 Filius
1366 2239 1483 2272 obtinet,
1501 2245 1556 2266 non
1577 2237 1664 2273 Spiri-

875 2293 931 2316 tus.

911 2376 939 2403 5.
960 2375 1008 2403 Est
1021 2375 1104 2403 etiam
1119 2375 1174 2403 alia
1187 2375 1226 2403 rei
1241 2383 1339 2408 causa,
1362 2374 1429 2409 quia
1451 2372 1577 2401 videlicet
1604 2376 1667 2407 post

880 2429 941 2449 eam
957 2423 1071 2456 gratiam
1094 2429 1156 2456 quae
1176 2420 1237 2448 Filii
1253 2428 1361 2448 sacram
1378 2420 1503 2448 notitiam
1519 2419 1598 2446 nobis
1614 2418 1668 2445 im-

878 2467 997 2503 pertivit,
1028 2473 1086 2496 tum
1100 2468 1209 2496 demum
1235 2467 1356 2503 Spiritus
1376 2466 1520 2502 perspicua
1544 2463 1669 2493 doctrina

814 2570 931 2599 NOTAE.

78 2630 130 2668 (76)
142 2631 250 2659 Confer
258 2631 347 2668 sancti
358 2630 497 2668 Hippolyti
512 2631 615 2668 dictum
629 2630 657 2658 in
669 2630 782 2658 scholiis
792 2631 832 2668 ad

50 2665 182 2695 Danielent
207 2674 235 2701 p.
252 2667 297 2694 Η.
321 2665 497 2701 ltem'recole
514 2666 640 2694 Photium
664 2669 762 2701 quasi,
785 2667 831 2693 45.

50 2701 94 2728 Sed
110 2699 347 2729 tamen-divinum
361 2699 730 2736 Verbumﬂprophetisrcerte
746 2699 832 2729 fuisse

49 2738 194 2799 gignimur,
211 2737 322 2772 copiose
336 2736 463 2764 adﬁrmat
478 2735 614 2764 Eusebius
632 2735 705 2762 Hist.
722 2735 787 2764 εδει.
804 2736 831 2764 l.

80 2806 135 2841 (77)
154 2806 228 2833 llinc
246 2812 360 2841 magnus
382 2805 516 2833 Lactantii
535 2812 623 2839 error,
647 2809 717 2835 teste
733 2806 832 2834 lliero-

51 2840 128 2874 nytuo
140 2842 228 2876 epist.
245 2840 278 2868 7:
294 2840 451 2869 Lactantius
466 2841 494 2868 in
508 2840 584 2868 libris
594 2841 662 2875 suis,
675 2848 699 2870 et
716 2842 832 2871 maxime

882 2633 910 2658 in
921 2630 1039 2665 epistolis
1059 2630 1094 2656 ad
1107 2629 1320 2661 Demetrianum,
1334 2628 1452 2665 Spiritus
1466 2629 1552 2656 sancti
1563 2629 1670 2657 omnino

882 2664 959 2701 nega!
975 2665 1174 2701 substantiam;
1195 2671 1219 2692 et
1235 2673 1325 2701 errore
1339 2664 1457 2691 Judaico
1471 2665 1538 2701 dicit
1552 2672 1612 2701 eum
1630 2665 1670 2692 vel

881 2699 922 2728 ad‘
937 2700 1047 2727 Patrem
1072 2700 1167 2736 referri
1193 2701 1232 2736 vel
1260 2699 1371 2736 Filium,
1389 2704 1416 2736 et
1434 2699 1670 2736 sanctiﬁcatione»:

881 2737 1019 2770 utriusque
1042 2734 1161 2769 persona
1189 2735 1238 2770 sub
1264 2735 1323 2769 ejus
1345 2735 1450 2770 noniine
1480 2734 1668 2770 demonstrari.

881 2768 1014 2798 Eumdem
1042 2768 1166 2798 errorem
1190 2768 1334 2797 Lactantio
1358 2769 1454 2804 objicit
1474 2768 1669 2804 Hieronymus

880 2806 969 2868 gigni
997 2805 1025 2868 2|
1054 2805 1254 2835 commentario
1285 2805 1368 2840 epist.
1394 2803 1433 2832 ad
1466 2803 1527 2833 Gal.
1555 2803 1603 2833 lib.
1637 2812 1668 2832 ιι.

880 2847 941 2876 cap.
953 2847 980 2874 4,
997 2847 1026 2868 ο.
