1863 3064
223 124 277 158 θεν

801 129 933 160 auom
949 131 999 172 PA‘

1092 131 1203 162 RClllE
1222 132 1276 162 CP.
1802 138 1845 169 921)

221 181 310 216 palam
331 181 456 209 innotuit.
476 181 582 210 Etenim
608 191 670 212 cum
686 185 774 221 igneis
787 187 887 222 linguis
902 188 995 216 coelitu

1089 189 1194 216 ιωσσῶν
1209 189 1355 225 οὐρανόθεν
1373 190 1506 227 ἐπιδημίᾳ
1530 192 1739 226 πολυγλώσσους
1760 197 1845 229 φωνὰς

221 227 314 254 missis
343 227 501 263 multiplicis
518 230 660 264 apostolos
682 232 823 267 sermonis
834 240 948 261 munere
960 234 1009 262 do-

221 273 294 300 navit
311 273 440 308 Spiritus,
457 280 541 310 atque
554 276 626 311 apud
642 284 738 305 omnes
752 284 847 313 gentes
865 286 1008 316 extempo-

221 319 291 346 rales
300 324 423 348 oratores
440 319 504 349 fecit
520 322 567 356 qui
589 330 676 357 nuper
690 323 823 352 illitterati
838 330 926 359 erant,
944 331 1009 355 tunc

1062 234 1238 270 ἐδημιούργει
1251 235 1308 267 τοῖς
1331 235 1491 269 ἀποστόλοις
1509 238 1539 264 τὸ
1555 238 1676 273 Πνεῦμα,
1693 240 1740 266 καὶ
1752 243 1845 273 παντὸς

1061 279 1153 312 ἔθνους
1163 281 1280 316 ῥήτορας
1286 281 1473 316 αὐτοσχεδίους
1481 283 1665 315 κατεσκεύαζε
1674 285 1736 316 τοὺς
1743 285 1845 320 ἀγραμ-

1061 326 1174 362 μάτους,
1187 326 1247 353 τότε
1260 323 1301 362 δὴ,
1313 327 1374 354 τότε
1385 327 1486 362 μᾶλλον
1494 329 1605 363 γέγονεν
1618 330 1770 365 ἀνθρώπων
1779 333 1845 365 γένει

219 364 362 398 potisSIme
387 366 486 394 accidit
513 367 634 394 humano
665 370 768 404 generi,
799 375 828 398 ut
856 371 999 399 divinitati:

1089 373 1112 406 ig
1128 371 1212 399 αὑτοῦ
1228 372 1354 407 θεότητος
1369 374 1409 405 είς
1440 374 1639 410 ἀκρισεστέραν
1653 364 1790 412 ἀνείδησιν
1803 378 1842 404 ἁν-

219 410 340 444 cjusdem
356 410 475 445 Spiritus
485 413 685 442 accuratiorem
701 415 825 443 notitiam
841 417 1009 452 adipiscere-

220 459 274 482 tur.
305 455 376 491 Ergo
404 458 468 492 quia
489 459 651 486 vocabulum
674 459 762 488 Patris
781 461 938 490 hominibus
952 462 1008 497 pri-

219 509 295 528 mum
315 502 450 537 innotuit;
465 509 492 531 et
517 505 580 539 quia
596 506 682 540 gratia
707 507 805 535 deinde
827 516 932 536 sacram
946 508 1005 536 Filii

219 546 345 574 notitiam
357 547 474 581 detulit;
499 554 526 577 ct
541 552 605 586 quia
621 558 758 587 postremo
779 555 867 583 sancti
888 555 1006 590 Spiritus

218 591 312 619 divina
338 592 454 628 dignitas
482 603 533 630 per
557 597 744 626 admirabilem
773 607 836 635 erga
865 602 1005 636 apostolos

219 644 328 670 operam
355 643 440 667 semet
469 642 619 676 revelavit;
640 643 702 678 jure
724 646 877 681 meritoque
892 648 1005 676 nomina

218 682 276 709 haec
286 683 411 711 eumdem
439 687 563 714 ordinem
582 689 608 715 in
626 692 795 718 numerando
821 698 939 721 servant.
959 695 1005 723 Sic

217 732 307 754 autent
327 728 451 757 notitiam
473 731 547 759 hanc
561 733 683 767 pateﬁeri
697 736 854 765 consultum
883 738 945 772 fuit,
971 748 1004 768 ne

217 771 300 799 homo
317 773 416 802 idolico
430 778 516 804 errori
542 778 660 812 deditus,
679 782 769 810 audita
797 784 887 811 subito
907 789 934 820 et
948 794 1006 813 nia-

217 817 316 846 nifeste
343 828 521 854 personarum
551 823 693 860 Trinitate,
711 829 810 863 aegrius
825 838 857 857 ac
867 817 1003 860 diilicilius

1060 416 1216 452 ενεχθῆναι.
1228 417 1333 444 Οὐκοῦν
1347 417 1385 450 ὡς
1400 418 1449 454 μὲν
1462 420 1511 455 τῆς
1522 420 1568 446 τοῦ
1580 421 1686 456 Πατρὺς
1700 422 1792 457 φωνῆς
1803 424 1843 448 ἀν-

1059 461 1180 497 θρώποις
1200 465 1446 499 προεγνωσμένης,
1465 466 1509 491 τὸν
1529 465 1562 492 δὲ
1582 467 1646 493 Υἱδν
1671 467 1722 502 τῆς
1739 468 1844 503 χάριτος

1059 508 1273 545 θεολογησάσης,
1289 510 1339 545 τῆς
1355 510 1384 537 δὲ
1397 510 1445 537 τοῦ
1463 511 1597 546 παναγίου
1613 513 1773 548 Πνεὺματος
1788 515 1840 540 ear}

1057 562 1138 590 τητος
1156 555 1185 581 τὸ
1199 555 1307 590 ἀξίωμα
1323 557 1393 591 μετὰ
1410 557 1496 584 ταῦτα
1515 557 1559 584 διὰ
1576 558 1624 593 τῆς
1642 559 1671 584 ὲν
1692 560 1750 591 τοῖς
1781 561 1843 586 ἁπο-

1058 601 1163 632 στόλοις
1180 601 1350 637 θεοπρεποῦς
1367 602 1507 638 ἐνεργείας
1526 604 1768 640 ἀνακαλυφθεισης
1779 626 1787 637 ,
1810 607 1844 631 εἰ-

1057 646 1144 677 κότως
1157 646 1208 672 κάν
1219 647 1252 682 τῇ
1267 647 1465 682 συναριθμὴσει
1478 647 1527 683 τὴν
1539 648 1624 684 αὐτὴν
1636 649 1844 681 συνδιασώζουσι

1056 691 1144 725 τάξιν.
1174 692 1205 718 'H
1227 692 1255 719 δὲ
1278 692 1379 727 γνῶσις
1403 693 1475 720 οὕτω
1496 694 1638 729 προελθεῖν
1661 694 1845 730 διῳκονομήθη

1056 738 1094 770 ὡς
1109 738 1142 765 ἂν
1159 738 1196 774 μὴ
1212 738 1309 774 ἀθρόον
1328 740 1341 766 ό
1357 740 1390 775 τῇ
1404 739 1459 766 τῶν
1474 739 1591 767 εἰδώλων
1607 740 1694 777 πλάνῃ
1713 747 1846 776 προσανα-

1056 783 1182 818 κείμενος
1193 783 1346 818 ἅνθρωπος,
1363 783 1466 820 Τριάδα
1482 784 1574 818 σαφῶς
1593 785 1750 819 προσώπων
1766 785 1845 812 ἀκού-

1057 838 1107 861 σας
1119 849 1127 862 ,
1150 829 1365 861 δυσανέλκυστος
1382 830 1430 856 καλ⁵
1446 830 1638 865 δυσανάγωγος
1655 831 1702 857 τοῦ
1717 832 1789 858 κατά
1801 831 1845 866 τὴν

217 863 251 889 ab
267 863 400 892 idolorum
431 869 624 903 superstitione
645 872 862 902 abstraheretur.
882 875 950 903 Nam
966 878 999 911 si,

1089 873 1266 909 Βωλολατρίαν
1284 874 1467 910 ὀλισθήματος
1480 863 1606 911 γένηταιι
1623 876 1653 903 El
1670 876 1724 912 γὰρ
1740 877 1788 904 καὶ
1801 863 1846 910 τῆς

217 906 350 938 Trinitate
365 911 426 939 licet
441 914 632 950 pedetemptim
647 923 674 945 et
697 926 744 953 per
763 920 906 955 aenigmata
923 927 1003 957 atque

218 958 380 984 transennas
404 958 484 986 initio
511 961 660 996 insinuata,
680 964 724 992 vix
739 969 829 993 tamen
848 966 973 996 homines
989 977 1004 996 a

216 1001 398 1036 polytheismo
425 1006 621 1041 discedebant;
647 1011 670 1037 si
700 1011 802 1047 aperte,
836 1015 961 1051 inquam,
978 1022 1005 1045 et

216 1045 307 1074 subito
321 1048 440 1078 Trinitas
456 1054 580 1082 nuntiata
602 1045 818 1091 Nissen-nonne
836 1045 942 1090 illdruin
958 1071 1005 1090 su-

214 1092 338 1125 perstitio
364 1096 552 1131 magisterium
586 1108 667 1129 omne
692 1108 773 1139 atque
797 1106 830 1132 ad
860 1107 942 1135 unius
957 1107 1004 1136 Dei

214 1137 318 1164 cultum
333 1139 552 1171 adhortationem
570 1147 719 1181 respuissct
730 1137 868 1186 vlloccique
882 1152 1001 1186 fecisset,

213 1187 241 1208 et
257 1191 306 1210 sua
319 1186 432 1214 exitiosa
448 1195 524 1216 sacra
538 1192 693 1225 pra-dicatae
710 1195 793 1222 saluti
812 1198 1002 1227 antetulissct?

214 1225 298 1256 liccte
329 1230 412 1265 igitur
444 1232 534 1262 Patris
557 1238 675 1270 primum
692 1241 787 1268 notitia
813 1243 918 1277 vulgata
939 1245 999 1278 fuit,

213 1274 311 1302 deinde
326 1279 461 1312 gradatim
492 1281 553 1309 Filii
568 1291 600 1310 ac
616 1285 743 1319 Spiritus.
765 1274 938 1323 Atque-hinc
954 1274 1002 1327 pro

213 1326 246 1346 eo
277 1322 380 1349 notitia:
413 1325 519 1358 ordine.
542 1335 597 1361 quo
622 1337 728 1356 sacram
753 1322 834 1366 atque
853 1322 1000 1368 pretiosam

214 1366 353 1401 religionis
364 1371 536 1406 suscepimus
563 1374 772 1410 institutionem,
790 1379 816 1406 in
836 1384 1002 1410 recensendo

213 1419 322 1448 quoque
334 1416 458 1444 eamdem
483 1426 626 1448 servamus
645 1429 827 1458 congruenter
843 1429 1002 1464 prterogati-

212 1463 284 1483 \"Jlll.

247 1553 275 1580 ει.
297 1553 449 1589 Czeteroqni
469 1556 577 1585 Patrem
609 1565 732 1588 nostrum
749 1564 885 1598 appellare
904 1568 999 1605 Deum,

211 1605 301 1632 mque
317 1599 473 1628 indecorum
490 1609 531 1630 est
551 1611 639 1638 neque
653 1607 745 1633 auditu
762 1610 904 1639 tnolestum
919 1623 926 1647 ;
946 1599 1000 1645 imo

211 1642 237 1669 id
253 1643 333 1679 vulgo
350 1646 517 1681 lidentcrque
543 1647 670 1677 facimus.
687 1651 786 1680 Filium
798 1663 862 1683 vero
878 1663 1000 1688 nostrum

210 1689 301 1716 dicere
316 1689 356 1717 vel
372 1691 459 1725 ipsum
491 1692 588 1720 Filium
613 1696 652 1722 vel
667 1703 791 1726 sanctum
807 1700 948 1737 Spiritum,
967 1715 1001 1734 ne

211 1743 289 1763 mens
304 1737 411 1770 quidem
428 1739 482 1772 pati
497 1745 585 1773 potest
602 1751 608 1768 :
623 1742 676 1769 imo
692 1744 846 1775 alisurditas
861 1748 1000 1784 impietate

210 1780 309 1807 comite
328 1781 397 1808 hanc
416 1785 626 1818 appellationem
657 1789 881 1825 subsequeretur.
900 1780 999 1825 'Patris

208 1831 273 1858 ergo
290 1833 388 1854 nomen
403 1828 460 1855 sive
474 1830 631 1864 quotidiana
649 1829 847 1864 consuetudine
870 1839 927 1866 sive
945 1849 996 1868 na-

209 1871 290 1898 turali
309 1872 439 1901 instinctu
455 1883 532 1903 mens
550 1877 668 1906 humana
686 1879 757 1908 haud
772 1884 885 1912 moleste
900 1886 998 1914 admit-

209 1916 251 1942 tit.
268 1916 327 1945 1am
344 1920 426 1955 hujus
441 1924 560 1952 nominis
579 1927 678 1959 prievia
706 1929 783 1957 notio
808 1930 897 1959 olfacit
913 1937 940 1960 ut
954 1941 998 1961 sa-

209 1971 316 1991 orarum
335 1974 445 2002 quoque
467 1968 670 2005 Scripturarum
699 1974 821 2003 doctrina
837 1985 907 2004 nexu
928 1987 998 2013 quo-

208 2009 270 2036 dam
286 2018 319 2037 ex
346 2011 428 2046 hujus
447 2015 572 2043 vocabuli
604 2024 736 2047 consueto
756 2028 807 2048 usu
823 2024 995 2058 proveniens,

209 2055 281 2082 haud
305 2063 377 2092 aegre
395 2059 474 2087 nobis
506 2061 652 2096 inspiraret
671 2065 808 2099 provisam
824 2055 880 2102 iam
898 2055 993 2104 super-

209 2102 375 2129 naturalium
404 2111 496 2133 rerum
527 2108 709 2142 diSeiplinam.
736 2111 842 2141 Rursus
856 2113 878 2142 si
895 2116 993 2150 mavis,

209 2148 338 2180 quoniam
366 2156 454 2184 neque
479 2154 612 2181 naturalis
639 2156 718 2190 ratio,
755 2166 842 2193 neque
865 2160 992 2195 loquendi

1056 919 1172 953 Τριάδος
1183 920 1254 947 κατὰ
1266 919 1378 955 πρόοδον
1387 919 1460 947 οὕτω
1472 921 1519 947 καὶ
1530 921 1563 947 δι’
1576 921 1749 956 αἰνιγμάτων
1762 931 1791 949 τε
1804 924 1846 949 καὶ

1055 966 1317 1000 παραπετασμάτων
1345 965 1406 992 κατ’
1440 967 1528 1002 ἀρχὰς
1555 968 1844 1004 μυσταγωγουμένης,

1057 1011 1133 1045 μόλις
1148 1011 1264 1046 μετέστη
1280 1011 1329 1045 τῆς
1343 1011 1488 1044 πολυθεΐας
1500 1013 1530 1038 τὸ
1540 1013 1722 1048 ἀνθρώπινον,
1741 1014 1800 1046 πῶς
1816 1015 1845 1041 ἂν

1055 1057 1185 1092 ἐμφανῶς
1202 1065 1231 1083 τε
1248 1057 1296 1084 καὶ
1310 1057 1406 1092 ἀθρόον
1421 1058 1690 1093 καταγγελλομένης,
1705 1059 1722 1094 ἡ
1736 1060 1845 1086 ἐκείνων

1054 1100 1252 1135 δεισιδαιμονία
1267 1102 1358 1128 πᾶσαν
1374 1102 1550 1128 διδασκαλίαν
1565 1103 1612 1129 καὶ
1629 1103 1795 1138 παραίνεσιν
1809 1105 1845 1136 εἱς

1056 1147 1205 1182 μοναρχίαν
1221 1147 1430 1182 χειραγωγοῦσα
1456 1148 1505 1183 οὐχ
1534 1149 1658 1185 ὑπερεῖδέ
1675 1158 1706 1176 τε
1729 1151 1779 1177 καὶ
1793 1151 1845 1178 ἀπ-

1053 1192 1154 1225 ώσατο,
1167 1193 1213 1219 καὶ
1224 1193 1273 1229 τὴν
1288 1195 1452 1230 συνέχουσαν
1465 1194 1602 1221 ἀπώλειαν
1618 1195 1668 1230 τῆς
1679 1196 1845 1232 κηρυττομέ-

1054 1246 1103 1273 νης
1121 1238 1258 1273 σωτηρίας
1274 1238 1304 1264 οὐ
1331 1238 1480 1273 προέθετο;
1507 1240 1612 1267 Οὐκοῦν
1630 1240 1746 1272 εἰκότως
1762 1242 1780 1276 ἡ
1803 1240 1845 1267 τιῦ

1053 1283 1161 1318 Ila-.96;
1175 1284 1356 1319 ἀπεκαλύφθη
1377 1285 1484 1320 πρῶτον
1500 1286 1611 1319 γνῶσις,
1630 1286 1676 1312 καὶ
1694 1287 1769 1313 κατὰ
1784 1295 1846 1322 προ·

1053 1330 1141 1365 κοπὴν
1157 1329 1231 1365 ἡτοῦ
1247 1330 1311 1356 Υἰοῦ
1326 1330 1372 1357 καὶ
1387 1331 1433 1357 τοῦ
1451 1331 1618 1366 Πνεύματος·
1636 1330 1744 1358 ἐκεῖθεν
1758 1341 1788 1359 τε
1802 1333 1847 1366 τῆς

1052 1376 1082 1402 ὲν
1103 1376 1136 1410 τῇ
1152 1376 1251 1410 γνώσει
1271 1375 1376 1409 τάξεως
1397 1376 1427 1403 τὸ
1446 1377 1517 1412 ίερδν
1534 1377 1612 1412 ἡμῶν
1629 1378 1676 1404 καὶ
1695 1378 1847 1414 θεοπρεπὲς

1051 1423 1102 1458 τῆς
1119 1425 1324 1459 μυσταγωγίας,
1339 1425 1408 1451 κάπὶ
1422 1425 1471 1460 τῆς
1487 1426 1715 1461 συναριθμήσεως
1733 1426 1846 1453 ἀκολού-

1053 1469 1108 1502 θως
1126 1471 1157 1497 τὺ
1175 1471 1241 1497 αὐτὸ
1257 1471 1488 1506 συνεφειλκύσατο
1503 1471 1660 1507 προνόμιον.

1089 1560 1121 1588 δ’.
1140 1561 1246 1594 ’Ἄλλως
1258 1570 1289 1588 τε
1301 1561 1329 1588 δὲ
1341 1562 1451 1598 Πατέρα
1462 1562 1542 1598 ἡμῶν
1557 1562 1700 1598 ὀνομάζειν
1713 1565 1760 1591 τὸν
1772 1567 1845 1594 Θεὶν.

1052 1607 1115 1634 οὔτε
1138 1608 1280 1642 δύσφημον
1304 1607 1367 1635 οὔτε
1386 1608 1509 1644 λυπηρὸν
1522 1610 1608 1644 ἀκοῇ,
1625 1609 1683 1636 ἀλλ’
1701 1611 1755 1638 ἀνά
1774 1614 1849 1648 χεῖρά

1051 1662 1081 1680 τε
1104 1654 1153 1680 καὶ
1174 1655 1225 1688 τὴν
1252 1654 1410 1690 παρρησίαν
1435 1655 1484 1681 οὐκ
1501 1656 1714 1691 αἰσχυνόμενον·
1737 1658 1806 1685 Υἱὺν
1825 1659 1849 1685 δὲ

1051 1699 1130 1733 ἡμῶν
1146 1699 1307 1734 ἀποφαίνειν
1322 1700 1368 1726 τὸν
1383 1699 1448 1727 my
1464 1701 1480 1736 ἢ
1504 1701 1534 1727 τὸ
1557 1702 1692 1736 πανὰγιον
1715 1703 1848 1739 Πνεῦμα,

1050 1745 1113 1772 οὔτε
1140 1745 1245 1781 διανοίᾳ
1261 1746 1384 1780 ἀνεκτὸν,
1409 1746 1478 1774 ἀλλά
1497 1748 1621 1783 γεπμετά
1645 1749 1695 1784 τῆς
1719 1749 1849 1781 ἀσεϐείας

1049 1791 1098 1818 καὶ
1113 1791 1144 1817 τὸ
1160 1791 1305 1818 ἀλλόκοτον
1322 1792 1339 1827 ὴ
1363 1792 1439 1827 φωνὴ
1459 1793 1668 1827 συνεφέλκεται.
1693 1794 1807 1821 Οὐκοῦν
1821 1796 1848 1821 τὸ

1048 1839 1134 1874 ὄνομα
1147 1839 1194 1866 τοῦ
1211 1839 1318 1874 Πατρδς
1332 1839 1365 1873 τῇ
1386 1846 1416 1864 τε
1432 1837 1542 1873 συνήθει
1558 1838 1657 1874 χρήσει
1672 1839 1721 1865 καὶ
1736 1839 1780 1874 τῷ
1798 1840 1846 1874 ἐμ-

1049 1886 1125 1920 φύτῳ
1138 1885 1187 1920 τῆς
1202 1884 1341 1919 ἐπιϐολῆς,
1360 1885 1373 1910 ὁ
1390 1883 1561 1919 ἀνθρώπινος
1580 1883 1643 1915 νοῦς
1657 1885 1707 1910 οὐκ
1723 1886 1847 1920 ἐργῶδες

1048 1931 1104 1966 ἔχει
1120 1929 1330 1966 παραδέχεσθαι.
1353 1929 1385 1955 Ἦ
1401 1929 1430 1955 δὲ
1443 1929 1543 1963 γνῶσις
1560 1929 1644 1955 αὐτοῦ
1664 1930 1844 1965 προκαταλα-

1048 1976 1144 2008 ϐοὖεα.
1160 1977 1208 2003 καὶ
1218 1975 1272 2002 τῶν
1287 1974 1369 2010 ἱερῶν
1380 1972 1488 2009 Λογῖων
1500 1975 1550 2009 τὴν
1563 1974 1740 2018 διδασκαλίαν
1751 1976 1843 2011 εἱρμῷ

1048 2023 1204 2058 παρέστησε
1221 2022 1370 2056 προϊοῦσαν
1386 2022 1417 2048 ὲκ
1431 2022 1481 2056 τῆς
1507 2021 1575 2057 πρὸς
1594 2021 1645 2057 τὴν
1666 2022 1763 2057 φωνὴν
1782 2032 1845 2049 συν-

1046 2068 1152 2104 ηθείας,
1166 2068 1197 2094 οὺ
1211 2067 1350 2103 δυσχερῶς
1365 2068 1430 2103 ἡμῖν
1448 2067 1547 2094 ἐνιέναι
1561 2067 1611 2102 τὴν
1623 2067 1677 2094 τῶν
1695 2068 1844 2104 ὑπερφυῶν

1046 2114 1273 2150 προνοησαμένην
1289 2113 1418 2149 μάθησιν.
1432 2112 1463 2140 El
1480 2113 1570 2148 βούλει
1582 2113 1610 2140 δὲ
1622 2113 1669 2139 καὶ
1678 2112 1747 2140 δίο-ει
1760 2114 1843 2140 πάλιν

1046 2158 1107 2185 οὗτε
1123 2159 1201 2194 λόγος
1216 2159 1230 2185 ό
1242 2159 1372 2194 ἔμφυτος,
1385 2158 1446 2185 οὔτε
1462 2158 1515 2194 μὴν
1527 2159 1543 2193 ἡ
1557 2158 1600 2185 διὰ
1615 2157 1664 2185 τοῦ
1677 2158 1758 2191 ἔθους
1773 2159 1841 2194 χρῆ-

209 2195 378 2222 consnetudo
401 2204 514 2230 prorsus
539 2200 595 2226 vult
619 2199 727 2229 Patrem
744 2211 758 2230 a
774 2203 842 2232 Filio
858 2206 993 2242 Spirituvc

1091 2227 1098 2237 ,
1115 2205 1143 2231 οὔ
1162 2205 1212 2240 μὲν
1225 2203 1271 2231 οὖν
1284 2205 1333 2231 οὐκ
1347 2205 1434 2231 ἐθέλει
1446 2205 1491 2230 τὺν
1502 2204 1612 2239 Πατέρα
1628 2204 1776 2240 προελθεῖν
1794 2205 1841 2231 τοῦ

208 2241 366 2274 procedere,
379 2243 426 2270 sed
445 2246 612 2273 contrarium
630 2255 737 2283 semper
760 2252 844 2283 novit,
865 2241 945 2288 atque
960 2255 1001 2282 ita’

209 2285 300 2314 ﬁdeles
313 2289 421 2315 erudire
433 2297 486 2316 non
501 2290 621 2325 dubitat;
638 2292 700 2320 hinc
716 2294 755 2326 ﬁt,
770 2300 799 2322 ut
815 2304 876 2323 cum
888 2285 994 2326 Patrem

207 2329 276 2359 Filio
293 2337 321 2360 et
349 2333 462 2368 Spiritui
490 2336 518 2362 in
547 2339 714 2366 recensendo
742 2349 899 2377 praeponere
916 2345 994 2379 solet,

206 2384 314 2405 sacram
342 2379 496 2408 doctrinam
525 2391 699 2419 nequaquam
723 2387 816 2415 violet.
837 2387 995 2425 'Propterea

207 2422 292 2450 Filius
310 2424 550 2462 dextera,quoque
580 2430 679 2457 dicitur
692 2437 719 2458 et
733 2433 845 2461 verbum
863 2439 891 2462 et
910 2436 995 2465 virtus

205 2475 232 2496 et
245 2471 379 2504 sapientia
393 2471 479 2500 Patris
493 2480 519 2501 et
533 2475 631 2503 similia
648 2485 655 2504 :
679 2477 759 2506 Pater
774 2485 865 2508 autem
888 2483 993 2510 etiamsi

206 2521 330 2543 naturam
347 2519 420 2546 nullo
434 2520 514 2547 modo
527 2521 562 2548 ab
574 2530 606 2550 eo
619 2523 785 2552 dill'erentem
796 2527 886 2560 habet,
904 2533 994 2557 tamen

205 2568 292 2596 neque
308 2564 471 2598 cogitatione
487 2574 575 2601 neque
589 2575 715 2597 sermone
733 2571 766 2598 ad
782 2570 842 2598 Filii
860 2573 992 2601 rationem

204 2607 274 2634 trahi
300 2614 399 2642 potest.
427 2609 486 2638 Jam
501 2612 564 2646 quia
577 2613 611 2641 ad
627 2613 726 2642 Filium
741 2616 819 2643 Pater
836 2625 890 2644 non
909 2619 993 2645 trahi-

204 2660 260 2688 tur,
273 2657 355 2684 veluti
373 2659 404 2685 ad
422 2659 584 2695 principium
600 2668 647 2690 aut
662 2671 773 2691 causam
788 2666 830 2692 vel
849 2667 882 2692 ad
897 2674 994 2700 quam-

205 2701 268 2727 libet
285 2703 365 2737 hujus
382 2705 522 2733 relativam
551 2709 756 2742 proprietatem,
776 2710 840 2738 hinc
852 2719 903 2738 nos
918 2712 994 2739 vide-

205 2747 267 2774 licet
284 2749 436 2785 theologice
451 2750 568 2779 dicimus
582 2751 691 2781 Patrem
710 2761 758 2788 per
773 2753 872 2782 Filium
883 2756 990 2790 operari

204 2793 247 2821 vel
262 2795 342 2822 etiam
357 2803 406 2831 per
422 2796 553 2831 Spiritum
563 2799 695 2835 quidquid
711 2799 791 2828 beata
807 2805 902 2828 natura
914 2802 971 2836 agit
984 2810 992 2829 ;

208 2847 296 2874 neque
309 2842 479 2869 contrarium
508 2843 599 2871 dicere
621 2844 759 2878 patimur:
788 2853 875 2880 neque
893 2844 990 2873 Filium

1048 2250 1112 2277 Υἱοῦ
1129 2251 1186 2277 ἀλλ’
1203 2251 1264 2277 οὐδὲ
1283 2250 1330 2276 τοῦ
1354 2250 1524 2284 Πνεύματος.
1545 2251 1602 2277 Ἀεὶ
1621 2250 1650 2277 δὲ
1671 2251 1703 2277 τὸ
1720 2251 1842 2287 ἔμπαλιν

1046 2293 1116 2326 οἶδε,
1132 2296 1179 2322 καὶ
1198 2296 1261 2327 τοὺς
1284 2295 1461 2330 πειθομένους
1481 2296 1617 2323 διδάσκειν
1639 2297 1690 2331 οὐχ
1705 2297 1841 2323 ὑποστέλ-

1046 2341 1131 2367 λεται·
1150 2340 1179 2373 ἐξ
1193 2338 1223 2367 οὗ
1237 2342 1268 2376 δὴ
1285 2341 1331 2368 καὶ
1346 2342 1362 2375 ἠ
1379 2341 1577 2377 συναρίθμησις
1591 2342 1636 2368 τὸν
1651 2343 1777 2377 Πατέρα,
1792 2343 1840 2368 τοῦ

1046 2387 1112 2413 Υἱοῢ
1132 2388 1180 2413 καὶ
1197 2387 1245 2414 τοῦ
1263 2387 1421 2422 Πνεόματος
1443 2389 1605 2423 προτάττειν
1627 2388 1838 2422 παραλαϐοῦσα.

1045 2433 1094 2469 τὴν
1117 2433 1236 2470 μάθησιν
1253 2434 1303 2459 οὐκ
1327 2433 1464 2469 ἐνύϐρισε.
1489 2434 1538 2460 Διὰ
1565 2434 1645 2460 τοῦτο
1661 2434 1691 2460 δὲ
1712 2434 1768 2469 ἆρα
1793 2435 1839 2460 καὶ

1045 2478 1120 2510 δεξιᾶ
1137 2479 1185 2513 μὲν
1201 2478 1309 2511 λέγεται
1329 2478 1376 2504 καὶ
1392 2478 1470 2512 λόγος
1490 2479 1538 2505 καὶ
1556 2478 1671 2513 δύναμις
1688 2481 1736 2506 καὶ
1756 2479 1838 2514 σοφέα

1044 2525 1091 2550 τοῦ
1108 2524 1212 2560 Πατρδς
1226 2525 1240 2550 ὀ
1253 2524 1329 2557 Υἱὸς,
1347 2524 1394 2552 καὶ
1411 2525 1445 2551 τὰ
1461 2526 1653 2560 παραπλήσια·
1669 2526 1683 2551 ό
1698 2525 1726 2552 δὲ
1741 2526 1838 2559 Πατὴρ

1044 2571 1132 2597 καίτοι
1156 2571 1238 2605 μηδὲν
1258 2570 1325 2605 πρδς
1349 2571 1430 2598 αὑτὸν
1453 2571 1502 2606 τὴν
1524 2571 1604 2603 φύσιν
1622 2572 1714 2606 φέρων
1726 2572 1837 2606 παραλ-

1043 2615 1204 2647 λάττουσαν,
1221 2614 1277 2641 οὒτ’
1290 2614 1323 2641 ἂν
1339 2615 1500 2650 θεωρεῖσθαι
1515 2615 1575 2642 οὔτε
1590 2615 1717 2650 λέγεσθαι
1732 2615 1773 2646 είς
1790 2615 1836 2641 λό-

1043 2668 1091 2694 γον
1105 2661 1177 2687 ἕλθοι
1190 2660 1236 2687 τοῦ
1251 2660 1327 2686 Υἱοῦ·
1344 2662 1383 2692 εἰς
1398 2661 1452 2696 γὰρ
1466 2661 1510 2688 τδν
1522 2662 1585 2687 Tim
1599 2661 1649 2687 οὐκ
1664 2661 1836 2696 ἀναγόμενος

1043 2706 1081 2738 ὡς
1094 2707 1133 2738 εἰς
1147 2707 1235 2743 ἀρχὴν
1250 2707 1297 2734 καὶ
1318 2708 1418 2739 αἰτίαν,
1433 2707 1488 2734 οὐδ’
1502 2709 1552 2734 ὅσα
1573 2709 1612 2739 εἰς
1631 2708 1713 2734 αὑτὸν
1730 2709 1836 2743 ἐκεῖνος

1044 2753 1245 2788 ἀναφερόμενος
1257 2752 1445 2786 ἑξοικειοῦται,
1458 2753 1534 2780 ἐνθεν
1545 2754 1598 2788 ἄρα
1608 2755 1655 2780 καὶ
1666 2753 1711 2780 τὸν
1723 2753 1835 2788 Πατέρα

1045 2798 1233 2832 θεολογοῦντες
1248 2799 1292 2826 διὰ
1308 2798 1355 2825 τοῦ
1378 2799 1443 2826 rio-3
1466 2795 1596 2835 πράττειν
1616 2799 1632 2834 ἢ
1656 2799 1702 2826 καὶ
1721 2799 1763 2826 διὰ
1785 2799 1834 2825 τοῦ

1045 2844 1201 2880 Πνεύματος
1217 2846 1268 2873 ὅσα
1283 2846 1405 2880 πέφυκεν
1419 2847 1434 2881 ὴ
1454 2846 1576 2881 μακαρία
1594 2846 1673 2879 φύσις
1689 2846 1735 2872 καὶ
1747 2845 1836 2880 ὑπὲρ-
