1863 3064
40 183 84 217 οῃ
506 180 556 209 ΛΒ
573 178 871 210 AMPIIILOCIIIUM
890 179 1064 216 QUrESTIO
1083 180 1163 210 CXC.

1608 188 1661 219 92?.

37 240 91 270 θεος
102 238 232 273 ινεργεῖν·
251 236 310 272 οὐχὶ
323 235 352 262 δὲ
368 235 398 262 τὺ
416 222 551 263 ἀνάπαλιν
571 233 757 268 ἀναδεχόμεθα
777 232 820 259 λέ-

905 238 920 260 ηι
934 233 1064 269 Spiritum
1083 242 1131 270 per
1148 235 1255 263 Patrem
1280 237 1386 271 operari
1405 237 1431 265 in
1455 240 1543 268 sacris
1560 246 1661 271 nostris

37 293 102 319 γειν·
122 283 182 311 οὗτε
197 284 252 318 γὰρ
266 283 310 309 τὸν
324 281 387 309 Υίὺν
399 281 460 308 οὔτε
476 280 506 307 τὸ
518 279 629 315 Πνεῦμα
641 278 686 306 διὰ
699 278 746 305 τοῦ
762 279 818 306 Πα-

36 331 92 366 τρὸς
103 331 226 366 ἐνεργεῖν
242 326 498 364 μυσταγωγούμεθα
508 324 693 361 δογματίζειν.

66 380 94 403 ε’.
113 375 247 411 Χωρὶςδὲ
262 374 316 402 τῶν
331 373 484 408 εἰρημένων
497 372 547 399 οὐκ
566 370 702 402 Ἰουδαίοις
720 370 800 406 μόνον
810 391 818 403 ,

34 422 96 449 ἀλλὰ
119 421 166 448 καὶ
181 421 254 452 ὅσοις
271 421 288 455 ἡ
305 420 359 446 τῶν
381 417 499 445 εἰδώλων
519 417 608 453 πλάνη
625 417 749 452 λατρεία.
769 417 817 452 ἡδύ

35 476 59 494 τε
73 467 120 495 καὶ
133 466 247 501 ἐπίχαρι
263 465 356 492 καλεῖν
369 465 414 491 τὸν
431 463 498 491 Θεὸν
513 463 619 491 ἑαυτῶν
635 463 754 499 Πατέρα’
771 463 819 490 καὶ

34 515 72 540 ἵνα
84 514 113 540 τὸ
129 513 184 540 τῶν
200 512 318 547 ποιητῶν
334 511 483 546 αὐτόνομον
500 509 684 545 παραδράμω,
703 509 760 537 ἀλλ’
772 508 818 536 οὖν

34 560 137 586 ἀκούειν
152 559 262 585 ἐστιτὺν
276 557 436 594 Ἀρίστωνος
449 556 505 591 (78)
518 557 566 591 τῆς
578 556 608 583 ὲν
616 556 729 591 Ἕλλησι
744 555 818 590 φιλο-

35 606 124 640 σοφίας
141 605 211 640 μετά
229 604 334 631 πολλῶν
354 603 401 630 καὶ
418 603 506 631 ἄλλων
520 602 569 638 τὴν
592 602 677 636 αὐτὴν
700 601 818 636 σπουδὴν

35 651 261 686 ἁναδεδιγμένων,
277 650 386 685 Πατέρα
400 650 448 676 καὶ
463 648 582 684 Ποιητὴν
596 647 672 675 τοῦδε
685 647 732 674 τοῦ
748 655 818 673 παν·
842 652 846 653 ⁷

34 698 72 729 τὸς
84 698 129 724 τὶν
145 697 213 723 Θεὸν
231 695 433 730 ὑμνολογοῦντα
444 716 452 727 ,
469 694 498 721 ὃν
521 694 569 722 καὶ
583 694 675 729 εὑρεῖν
694 693 774 728 ἔργον
787 701 817 719 τε

34 743 108 776 εἶναι,
132 743 181 770 καὶ
207 743 322 778 εὑρόντα
344 743 383 773 εἰς
411 741 517 773 πάντας
541 741 660 773 ἐξειπεῖν
685 740 817 768 ἀδύνατον

35 788 201 824 ἐφιλοσόφει·
228 788 275 814 καὶ
298 788 354 818 τοῖς
378 786 516 818 Ἰουδαίοις
530 786 558 812 δὲ
574 785 720 821 πρόχειρός
738 794 767 811 τε
783 782 817 820 ἧν

35 836 74 862 καὶ
89 835 206 868 γλυκεῖα
220 834 237 869 ἡ
251 833 327 869 φωνὴ
343 832 389 860 καὶ
402 833 566 868 σεμνότητος
579 832 701 867 ἀφορμή.
715 832 761 858 Διὸ
770 831 817 858 καὶ

34 882 75 913 1i;
92 880 180 916 ὀφρῦς
203 879 389 911 ἀνασπῶντες.
409 879 466 906 ἀνθ’
482 875 520 906 ὧν
544 879 673 915 ὲρυθριᾷν
690 879 738 905 καὶ
755 887 817 905 συν-

871 279 1090 309 institutionibus
1103 281 1244 309 docemus.

903 371 930 398 5.
948 369 1048 399 Verum
1068 371 1112 399 his
1135 371 1217 399 etiam
1239 373 1429 407 praetermissis
1444 393 1452 406 ,
1480 383 1534 402 nou
1558 375 1661 404 Judzcis

869 417 1060 445 tantummodo
1090 417 1136 445 sed
1163 417 1254 446 idoiici
1284 426 1394 454 quoque
1420 421 1522 449 erroris
1549 423 1661 450 asscclis

869 463 947 490 dulce
959 463 1151 498 acjucundum
1163 463 1213 492 fuit
1226 463 1333 493 Patrem
1345 465 1397 493 sibi
1410 466 1549 494 vindicare
1563 468 1658 495 Deum.

869 511 958 544 Atque
972 514 1002 536 ut
1017 513 1157 544 poetarum
1178 510 1316 539 licentiam
1330 512 1466 544 omittam,
1483 513 1578 541 audire
1593 514 1661 541 licet

868 555 1005 582 Aristonis
1021 555 1105 583 [ilittm
1130 564 1192 583 cum
1203 557 1265 584 aliis
1291 557 1384 585 tnultis
1403 559 1518 586 ethnicus
1541 560 1662 594 philoso-

868 601 938 636 phim
949 609 989 636 αλιι
995 609 1026 629 uc
1039 602 1180 634 studiosis,
1190 603 1236 637 qui
1250 603 1333 630 Deum
1346 602 1453 631 Patrem
1466 604 1662 640 Factoremque

869 647 952 682 hujus
967 648 1087 675 universi
1109 649 1283 676 concelebrat
1297 656 1306 676 :
1326 657 1406 683 quem
1422 650 1533 685 quidem
1550 657 1577 678 et
1589 659 1661 686 aegre

868 693 992 728 intelligi,
1007 699 1034 721 et
1049 694 1215 721 intellectum
1229 694 1300 722 haud
1313 695 1414 730 vulgari
1428 697 1564 724 universis
1581 705 1662 731 posse

869 740 1010 767 censebat.
1026 740 1136 767 Interim
1150 739 1253 768 Judaei:
1268 741 1325 768 haec
1348 742 1494 776 appellatio
1516 742 1660 770 familiaris

868 790 925 812 erat
952 789 980 812 et
1002 785 1123 820 jucunda
1149 792 1182 812 ac
1208 787 1348 814 sumendae
1376 787 1515 821 dignitatis
1539 787 1660 815 occasio.

869 831 960 864 Quare
975 835 1003 858 et
1015 831 1135 858 adducto
1148 832 1296 866 supercilio
1313 834 1384 868 (cum
1400 833 1490 868 potius
1502 834 1603 868 pudere
1614 841 1662 861 eos

869 877 975 904 deceret
991 877 1146 912 mentisque
1161 881 1296 905 tumorem
1311 878 1425 913 poncrc)
1447 887 1514 912 nos,
1535 879 1661 914 glorianti

167 925 216 952 τοῦ
233 924 350 960 θράσους
369 924 433 958 ἔδει,
457 911 566 960 ’Πμεῖςξ
588 911 683 959 ὥσπερ
703 924 816 957 ἐπιγαυ-

905 923 989 951 :lione
1012 922 1139 955 aiebant,
1161 931 1246 951 unum
1271 923 1380 951 Patrem
1405 924 1538 952 habemus
1561 926 1656 952 Deum.

36 972 139 1006 ρτῶντες
162 970 201 1005 τῷ
218 970 321 1005 ῥήματι
343 969 446 1004 ελεγον,
461 970 508 997 ἕνα
530 970 639 1005 Πατέρα
657 970 756 1005 ἔχομεν
772 970 818 996 τὸν

33 1019 101 1044 ϐεεν.
125 1017 211 1052 Ὁρᾷς
234 1017 308 1048 ὅπως
325 1015 374 1051 ἡδύ
390 1024 420 1042 τε
445 1016 493 1043 καὶ
514 1015 695 1050 ἐπαφρόδιτον
713 1016 747 1050 τῇ
771 1015 818 1041 ἀν-

10 1090 13 1097 ,
34 1064 151 1098 Opim-Im
178 1063 258 1097 φύσει
285 1061 397 1097 Πατέρα
422 1061 514 1088 καλεῖν
536 1061 641 1088 ἑαυτῶν
664 1061 710 1088 τὸν
733 1061 817 1093 Θεόν;

35 1110 95 1146 Περὶ
108 1110 139 1136 δὲ
158 1109 205 1136 τοῦ
221 1108 287 1136 Υἱοῦ
302 1108 319 1144 ἢ
333 1108 379 1135 τοῦ
397 1108 566 1143 Πνιύματος,
581 1107 608 1134 τί
627 1107 659 1134 ἄν
674 1115 715 1138 τις
731 1107 818 1134 τοιοῦ-

33 1164 73 1182 τον
92 1155 190 1182 λαϐεῖν
209 1155 338 1190 εὑρήσει,
354 1153 371 1189 ἢ
391 1154 477 1180 εἰπεῖν
495 1153 546 1180 οὐκ
568 1153 734 1188 ἐρυθριάσῃς
764 1151 820 1178 Καὶ

33 1201 71 1228 διὰ
82 1196 170 1228 ’τοῦτο
185 1201 239 1234 ἄρα
261 1200 321 1227 κατ’
342 1199 431 1235 ἀρχὰς
446 1200 496 1227 οὐκ
513 1197 547 1235 ἦν
568 1199 669 1234 ὁμοίως
689 1198 734 1226 τὸν
755 1198 819 1225 Υίδν

34 1246 121 1281 ὥςπερ
135 1247 184 1272 τὸν
202 1246 312 1280 Πατέρα
327 1245 557 1279 καταγγέλλεσθαι
570 1245 671 1281 ῥᾴδιονο
685 1243 743 1271 ἀλλ’
760 1243 820 1270 ἑτέ-

36 1301 89 1328 par;
103 1290 333 1326 ίσοδυναμοῦσαις
347 1293 449 1326 φωναῖς
462 1292 518 1322 τοῖς
530 1290 580 1317 οὐκ
594 1290 714 1323 ἀναξίοις
726 1290 743 1325 ἡ
755 1289 820 1325 περὶ

34 1337 109 1364 αὑτοῦ
134 1337 315 1372 μυσταγωγία
329 1336 503 1371 παρεδίδοτο,
517 1335 650 1371 βραχίονι,
668 1336 752 1370 λέγω,
773 1336 820 1362 καὶ

34 1385 101 1420 δεξιᾷ
113 1386 162 1411 καὶ
176 1384 268 1419 σοφίᾳ,
285 1383 333 1410 καὶ
344 1384 403 1421 τοῖς
419 1382 615 1418 παραπλησίαν
631 1381 819 1416 ὑποϐαλλομέ-

34 1439 83 1462 νοις
96 1431 149 1465 τὴν
163 1430 288 1465 δύναμιν.
309 1429 341 1456 Ἦ
354 1429 383 1456 δὲ
397 1429 444 1455 τοῦ
464 1428 529 1455 Υἱοῦ
548 1428 720 1464 προσηγορία
739 1427 820 1462 σιγῆς

34 1477 112 1512 ὁρίοις
127 1476 322 1511 ὲθαλαμεύετο.
335 1476 384 1502 Διὰ
398 1474 440 1507 τί;
456 1475 528 1501 Διότι
543 1474 574 1500 τὸ
589 1473 640 1508 μὲν
659 1473 726 1506 Υιὸς
740 1472 821 1499 αὑτό-

12 1534 17 1539 ·
35 1522 75 1549 θεν
88 1531 118 1548 τε
141 1522 190 1548 καὶ
209 1521 309 1548 αὐτίκα
328 1520 460 1556 διαφορὰν
477 1519 625 1555 προσώπου
642 1518 820 1554 συνεπιφέρε-

35 1576 93 1599 ται,
110 1568 125 1594 ὃ
151 1568 216 1598 τοὺς
239 1566 451 1601 ἀσθενεστέρους
475 1565 492 1600 ἢ
521 1564 763 1600 φιλοτιμουμένους
791 1563 821 1590 τὸ

36 1615 184 1648 φιλόνεικον
206 1613 274 1648 πρὸς
294 1612 325 1639 τὸ
347 1612 477 1638 πολύθεον
494 1610 676 1643 ὑποσκελίζει.
698 1609 731 1636 Ἡ
746 1609 822 1641 δεξιὰ

37 1661 60 1687 δὲ
77 1661 123 1688 καὶ
139 1660 191 1687 ὅσα
207 1658 352 1694 ἐφάμιλλα,
367 1657 469 1692 ’μικροῦ
485 1657 534 1692 τὴν
549 1656 635 1691 ῥοπὴν
648 1655 819 1688 ὲξισάζοντα,

37 1708 163 1742 διαφοράν
183 1715 213 1734 τε
231 1705 403 1742 παραδηλοῦν
421 1704 606 1735 ὑποστάσεων,
624 1703 670 1729 καὶ
692 1702 760 1737 πρὸς
773 1701 822 1736 τὴν

37 1753 116 1788 αὑτὴν
132 1753 181 1779 καὶ
205 1752 269 1787 μίαν
284 1750 464 1785 συνάγεσθαι,
481 1749 571 1775 οὐκέτι
588 1748 643 1778 τοῖς
661 1747 728 1781 πρὸς
745 1746 823 1772 εἰδω-

38 1797 192 1833 λοΜτρείαν
223 1797 364 1832 κεχηνόσιν
400 1794 512 1830 ἀφορμὴ
545 1793 594 1828 τῆς
624 1792 685 1827 ῐσης
721 1790 822 1826 βλάϐης

37 1844 148 1870 ἐγίνετο.

77 1855 89 1868 ν
109 1853 119 1868 τ
141 1862 148 1870 ,

122 1853 179 1915 ἷίαὶ
196 1887 287 1922 μέντοι
308 1886 354 1912 καὶ
381 1884 427 1911 τοῦ
454 1883 612 1918 Πνεύματος
633 1883 649 1916 ἡ
671 1881 745 1916 φωνὴ
762 1881 822 1906 ἐπι-

39 1933 196 1970 μερίξεσθαι
214 1932 350 1967 δυναμένη
369 1931 438 1966 πρός
456 1938 486 1956 τι
508 1929 538 1956 τὸ
557 1928 760 1956 αὺθυπόστατον
777 1926 823 1954 καὶ

38 1980 100 2015 πρός
111 1987 144 2013 γε
163 1980 194 2005 τὸ
210 1978 402 2009 ὶνυπόατατον,
420 1977 470 2012 οὐχ
483 1975 577 2010 ὥσπερ
593 1976 610 2010 ἠ
624 1975 760 2010 ,ὀνομασία
774 1974 822 2001 τοῦ

39 2025 97 2051 Υἱοῦ
126 2025 190 2056 τοὺς
214 2024 252 2059 μὴ
277 2023 456 2058 βουλομένους
479 2023 560 2050 αὑτὸν
585 2022 645 2049 καθ’
673 2022 822 2049 ὑπόστασιν

38 2071 165 2106 αὐτοτελῆ
189 2069 390 2106 παραδέχεσθαι
413 2069 611 2104 συναναγκάζει
639 2068 687 2095 καὶ
710 2068 821 2102 μετάγει

38 2117 101 2152 πρὸς
135 2115 352 2150 συγκατάθεσιν,
370 2115 426 2142 ἀλλ’
445 2114 484 2140 ἔτι
514 2114 599 2140 δεῖται
625 2113 676 2148 τῆς
703 2112 747 2139 διὰ
768 2112 823 2139 τῶν

39 2162 150 2196 λογικῶν
172 2163 343 2196 κατασκευῆς
363 2161 410 2187 καὶ
434 2159 658 2194 συνεπικρίσεως.
673 2159 724 2185 Διὰ
745 2158 823 2185 τοῦτο

39 2208 87 2243 ἄρα
108 2208 135 2234 εἰ
160 2209 208 2234 καὶ
224 2207 254 2233 τὸ
277 2206 387 2241 Πνεῦμα
411 2203 493 2241 ἧττον
512 2205 561 2240 μὲν
581 2205 654 2240 ἢπερ
672 2205 686 2231 ὁ
707 2204 821 2241 Πατὴρ,

873 968 967 996 Viden'
986 969 1109 996 utdulce
1123 976 1262 1004 suaveque
1283 970 1319 997 sit
1334 970 1460 998 humanae
1482 976 1586 998 natura:
1610 971 1663 999 Pa—

869 1021 937 1043 trem
957 1015 1008 1043 sibi
1026 1023 1124 1043 vocare
1143 1015 1246 1043 Deuml
1274 1015 1332 1043 Iam
1357 1016 1391 1043 de
1416 1015 1485 1044 Filio
1506 1020 1534 1044 ct
1558 1016 1660 1052 Spiritu

869 1061 931 1096 quis
946 1060 1094 1096 quidquam
1107 1061 1263 1096 hujusmodi
1289 1062 1415 1089 tnolietur
1429 1062 1600 1097 impudenter
1621 1063 1658 1091 di-

869 1115 932 1134 cere
950 1107 962 1134 ?
983 1107 1087 1136 Idcirco
1104 1108 1182 1135 initio
1197 1108 1268 1135 baud
1288 1107 1387 1136 Filium
1411 1117 1488 1144 aeque
1510 1109 1589 1136 facile
1610 1108 1662 1136 fuit

871 1154 1017 1187 nuntiare,
1033 1158 1063 1181 ut
1080 1154 1187 1181 l'atrem
1201 1162 1209 1181 :
1232 1154 1278 1182 sed
1294 1153 1355 1181 aliis
1369 1154 1593 1188 :equivalentibus
1612 1161 1661 1180 vo-

870 1200 949 1228 cibus
968 1207 1045 1228 sacra
1066 1199 1187 1234 ejusdem
1203 1200 1300 1227 notitia
1316 1200 1349 1227 ad
1366 1207 1447 1227 aures
1461 1207 1514 1226 non
1536 1199 1663 1234 indigno-

871 1253 930 1273 rum
943 1245 1108 1274 eﬁ'crebatur
1123 1255 1130 1272 :
1147 1246 1305 1278 vocabulis,
1322 1246 1449 1280 inquam,
1465 1245 1580 1278 brachii,
1597 1247 1662 1273 dex-

871 1295 945 1324 tera,
959 1291 1109 1326 sapientiae,
1129 1295 1210 1326 atqtte
1223 1291 1284 1318 aliis
1300 1291 1469 1318 consimilem
1486 1291 1542 1318 vint
1558 1291 1663 1319 haben-

871 1338 958 1371 tibus;
975 1337 1083 1365 interim
1099 1338 1163 1365 dum
1185 1339 1271 1372 ipsum
1286 1337 1346 1364 Filii
1361 1345 1460 1365 nomen
1475 1337 1545 1365 intra
1559 1338 1662 1365 silentii

871 1385 939 1412 lines
959 1384 1161 1412 continebatur.
1179 1384 1234 1411 Cur
1251 1384 1352 1419 porro?
1372 1384 1436 1419 quia
1459 1384 1546 1412 Filius
1565 1389 1592 1412 et.
1612 1392 1659 1420 per

870 1438 901 1458 se
919 1435 946 1458 et
965 1435 1087 1458 actutum
1109 1430 1268 1458 diiierentia:
1292 1438 1439 1465 personam
1456 1431 1561 1458 invehit
1577 1440 1583 1457 :
1599 1438 1661 1465 qua:

872 1484 917 1504 res
932 1476 1096 1504 inﬁrmiores
1114 1476 1219 1503 animos
1235 1481 1317 1511 atque
1332 1483 1458 1503 morosos
1473 1476 1499 1503 in
1515 1476 1663 1511 polytheis-

872 1530 946 1550 'llllm
982 1522 1135 1558 praecipites
1164 1522 1353 1557 pertraxisset.
1383 1521 1551 1549 Vocabulum
1572 1527 1662 1549 autem

872 1569 985 1596 dextera
1000 1572 1027 1595 et
1047 1567 1147 1595 similia
1165 1568 1267 1602 quaevis
1280 1588 1287 1599 ,
1312 1575 1373 1594 cum
1394 1568 1421 1594 in
1436 1571 1579 1602 utramque
1601 1575 1664 1602 par-

873 1619 928 1642 tem
954 1614 1040 1642 ferme
1058 1614 1186 1646 valeant,
1213 1622 1308 1649 ncmpe
1326 1618 1353 1640 et
1372 1613 1405 1640 ad
1422 1613 1663 1640 demonstrandam

873 1668 1052 1696 personarum
1069 1661 1273 1688 distinctionem
1288 1681 1295 1693 ,
1315 1665 1342 1687 et.
1359 1661 1392 1686 ad
1412 1660 1578 1687 suadendam
1595 1659 1640 1688 div
1651 1674 1664 1679 -

873 1707 967 1734 nitatis
984 1707 1117 1734 unitatem
1131 1726 1138 1739 ,
1163 1706 1323 1734 idololatria:
1341 1705 1471 1734 studiosis
1489 1713 1663 1741 nequaquam

872 1753 947 1788 paris
960 1752 1118 1780 detrimenti
1134 1759 1218 1780 causa
1236 1752 1363 1779 fuissent.

908 1883 935 1911 6.
954 1883 1070 1918 Insuper
1086 1883 1203 1918 Spiritus
1218 1891 1328 1918 quoque
1343 1883 1504 1911 vocabulum
1521 1891 1583 1911 cum
1602 1890 1664 1917 pro-

873 1930 992 1957 nuntiari
1005 1930 1093 1964 possit
1105 1934 1131 1956 et
1149 1929 1183 1957 de
1199 1938 1228 1956 re
1247 1938 1294 1963 per
1311 1938 1340 1957 se
1356 1930 1523 1962 subsistente
1541 1933 1569 1957 et
1586 1930 1619 1956 de
1636 1937 1665 1956 re

872 1977 1020 2003 etsistente
1039 1976 1066 2003 in
1088 1976 1239 2003 substantia
1260 1976 1360 2009 aliena,
1376 1976 1448 2003 haud
1464 1983 1541 2010 azque
1553 1983 1584 2003 ac
1603 1975 1665 2002 Filii

874 2022 1018 2058 appellatio
1045 2022 1169 2050 nolentes
1189 2022 1303 2057 impellit
1324 2027 1352 2049 et
1376 2022 1450 2058 cogit
1472 2022 1506 2049 ad
1526 2022 1664 2049 fatendam

873 2068 1011 2096 definitam
1027 2075 1076 2103 per
1087 2075 1117 2095 se
1133 2075 1290 2103 personant,
1309 2067 1357 2096 sed
1374 2073 1434 2104 eget
1450 2068 1541 2096 adltuc
1555 2068 1666 2096 ratioci-

874 2115 913 2142 nii
943 2114 1117 2148 argumentis
1145 2118 1172 2142 et
1195 2114 1456 2142 consultationibus.
1483 2114 1587 2142 Idcirco
1613 2114 1665 2142 etsi

873 2160 995 2194 Spiritus
1011 2160 1101 2187 ratius
1115 2167 1197 2194 quam
1210 2159 1302 2193 Pater,
1314 2159 1485 2194 frequentius
1500 2168 1566 2188 vero
1582 2167 1664 2195 quam

874 2203 960 2231 Filius
972 2224 980 2235 ,
1004 2204 1068 2231 olim
1085 2205 1248 2240 praedicatus
1265 2205 1318 2233 fuit
1329 2224 1337 2238 ,
1363 2212 1417 2232 non
1434 2209 1524 2233 tamen
1540 2205 1585 2233 hic
1598 2206 1666 2233 ordo

40 2253 137 2287 μᾶλλον
155 2253 183 2279 δὲ
200 2253 271 2287 ἤπερ
293 2253 307 2279 ό
321 2253 395 2284 Υἱὸς,
410 2251 469 2278 κατ’
484 2250 571 2287 ἀρχὰς
595 2249 770 2286 ἑκηρύττετο,
790 2250 820 2276 οὺ

905 2249 1077 2277 ιεάίοιιιὶοιιίς
1093 2250 1218 2277 eumdem
1234 2250 1260 2277 in
1280 2250 1469 2278 nutneratione
1484 2257 1592 2285 quoque
1604 2258 1668 2285 gra-

39 2299 141 2326 δίδωσιν
165 2298 240 2334 αὑτῷ
261 2299 308 2326 τοῦ
331 2298 508 2334 κηρύγματος
528 2299 545 2333 ἡ
567 2297 645 2330 τάξις
665 2296 714 2333 τὴν
739 2296 824 2332 αὐτὴν

39 2346 64 2369 ἐν
80 2347 118 2380 *τῇ
137 2344 335 2380 συναριθμήαει
357 2344 535 2371 κατάστασιν.
568 2343 597 2369 Ὁ
620 2343 670 2378 μὲν
693 2342 747 2378 γὰρ
765 2342 823 2370 Πα-

39 2390 86 2424 τὴρ
129 2389 176 2416 καὶ
208 2389 272 2421 Υἱὸς
307 2389 523 2425 κηρυττόμενοι,
558 2388 590 2415 τὸ
621 2388 825 2415 αὐθυπόστατον

39 2434 255 2471 ἀνεπιμερίστως
286 2435 458 2470 εἰσάγουσιν·
492 2435 509 2470 ὴ
537 2434 565 2460 δὲ
595 2433 642 2461 τοῦ
668 2434 826 2469 Πνεύματος

41 2481 112 2517 φωνὴ
131 2481 269 2516 δυναμένη
283 2480 332 2516 μὲν
345 2479 444 2515 ὁμοίως
454 2479 552 2514 δηλοῦν
565 2479 595 2506 τὺ
608 2479 823 2510 αὺθυπόατατον,

41 2527 85 2560 οὐχ
108 2526 211 2561 ὁμοίοις
235 2526 263 2552 δὲ
287 2526 355 2562 πρὸς
374 2526 457 2561 μόνην
475 2525 624 2552 ὑπόστασιν
641 2524 823 2557 ἀποδίδοσθαι,

41 2571 68 2596 οὐ
83 2570 259 2606 συνδιασώζει
274 2571 320 2598 τοῦ
332 2571 530 2607 προτάττεσθαι
547 2571 578 2597 τὸ
592 2570 710 2605 ἀξίωμα.
726 2571 786 2596 Ἔτι
797 2569 825 2597 δὲ

43 2617 63 2641 εἱ
75 2616 120 2642 διὰ
129 2616 177 2642 τοῦ
185 2616 250 2643 Υίοῦ
262 2616 291 2643 τὸ
300 2617 412 2652 Πνεῦμα
421 2618 477 2648 τοῖς
489 2616 623 2652 μαθηταῖς
634 2616 824 2648 ἀπεστέλλετο,

42 2661 87 2695 τῆς
101 2662 255 2697 ἀποστολῆς
269 2662 413 2698 τὴνφύσιν
426 2662 500 2688 οὐδὲν
521 2661 697 2695 ὲλαττούσης,
711 2661 779 2688 ἀλλᾶ
794 2661 826 2688 rb

44 2706 251 2742 ἀπαράλλακτον
275 2707 479 2744 συντηρούσης,
500 2708 517 2741 ὴ
536 2706 607 2734 κατὰ
628 2707 825 2742 συναρίθμησιν

873 2295 938 2322 dum
951 2300 1109 2323 conservat.
1121 2295 1189 2323 Nam
1203 2295 1285 2323 Pater
1299 2301 1326 2324 et
1339 2295 1424 2324 Filius
1437 2296 1528 2323 statim
1544 2304 1577 2324 ac
1597 2304 1668 2331 pra:-

873 2344 999 2370 dicantur
1013 2361 1021 2375 ,
1038 2342 1204 2369 individuam
1217 2341 1424 2369 subsistentiam
1441 2348 1496 2376 pra:
1509 2348 1539 2368 se
1555 2340 1663 2368 ferunt:

874 2389 994 2424 Spiritus
1020 2394 1111 2416 autem
1135 2387 1299 2416 vocabulum
1319 2395 1478 2423 quanquam
1497 2387 1668 2415 individuam

874 2436 976 2471 pariter
993 2435 1203 2462 subsistentiam
1220 2434 1352 2462 denotare
1369 2438 1480 2469 potest.
1502 2441 1554 2460 non
1575 2438 1669 2460 tamen

876 2481 910 2508 ad
933 2488 1078 2517 personant
1101 2480 1291 2508 tantummodo
1310 2480 1447 2512 refertur;
1469 2479 1586 2514 ideoque
1599 2486 1669 2514 pra:-

876 2527 992 2555 cedendi
1024 2527 1182 2562 dignitatem
1209 2534 1262 2553 non
1285 2531 1385 2554 servat.
1411 2525 1546 2553 Praterea
1574 2525 1596 2552 si
1620 2532 1670 2560 per

877 2573 977 2601 Filium
995 2572 1116 2608 Spiritus
1138 2574 1171 2600 ad
1193 2572 1344 2607 discipulos
1363 2573 1466 2600 missus
1483 2571 1554 2604 fuit,
1572 2576 1669 2598 natura

878 2619 939 2654 ejus
955 2619 1090 2647 mittendo
1106 2626 1160 2647 non
1179 2619 1323 2646 itnminuta
1340 2619 1388 2647 sed
1406 2623 1508 2647 statum
1525 2625 1606 2645 suttm
1624 2624 1670 2644 re-

879 2666 994 2697 tinente,
1009 2665 1077 2692 ordo
1092 2673 1200 2700 quoque
1216 2665 1395 2700 proprietates
1404 2663 1564 2699 personales
1580 2670 1671 2690 recen-

881 2709 959 2737 sendi
973 2709 1117 2744 designare
1134 2708 1236 2744 pariter
1251 2716 1284 2736 ac
1299 2708 1447 2744 praedicare
1460 2707 1561 2743 poterit
1572 2707 1672 2734 immu-

792 2808 910 2837 ΝΟΤΔΕ.

78 2868 134 2902 (is)
161 2869 238 2896 Plato
269 2868 349 2904 epist.
379 2866 422 2895 Vl.
453 2872 479 2895 et
505 2867 579 2895 alibi.
608 2866 674 2894 Nam
705 2865 844 2894 Platonem
864 2868 1003 2897 Aristonis
1024 2868 1111 2896 lilium
1127 2867 1172 2896 hic
1186 2867 1323 2904 designari
1341 2875 1355 2894 a
1377 2867 1474 2895 Photio
1506 2873 1587 2894 nemo
1619 2873 1673 2892 non

47 2903 178 2938 itttctttgtt.
