1863 3064
181 163 236 195 923

763 163 895 193 PHOTII
911 161 1167 193 PATRIARCH/E
1187 162 1243 193 ΟΡ.

1767 156 1829 194 924

182 219 344 248 tabilitatem
361 226 393 247 ac
403 219 619 248 distinctionem.
637 219 764 252 Addesis,
779 219 854 254 quod
867 218 975 246 theolo-

1062 218 1101 251 Ξις
1117 217 1172 244 τῶν
1189 216 1260 244 κατὰ
1277 216 1327 249 τὰς
1342 216 1507 250 ὑποστάσεις
1525 216 1681 253 ἰδιωμάτων
1698 217 1827 244 συνδιευ-

184 266 272 301 gicum
294 264 414 301 Spiritus
433 265 560 293 notitiam
576 273 593 293 a
612 264 682 292 Filio
697 264 861 298 didicimus;
878 271 977 299 nempe

183 311 259 339 illum
275 320 291 339 a
304 308 384 339 Patre
400 312 548 348 procedere
560 331 569 346 ,
588 315 616 339 et
629 311 656 339 in
672 311 732 347 pari
747 310 845 338 ordine
858 310 977 338 colloca-

184 361 240 384 tum
253 365 315 385 esse
328 366 390 385 cum
405 359 486 386 Patre
500 358 625 393 Filioque
636 378 644 391 ,
661 362 688 385 et
701 357 819 392 denique
831 356 977 393 perfectio-

183 409 250 429 num
264 403 517 438 esse-magistrum.
531 402 599 430 Nam
614 410 686 438 qua,
702 407 813 438 propter
827 401 976 430 humanam

183 445 371 474 inﬁrmitatem
389 447 510 475 nondum
524 447 688 483 perfectiora
703 447 856 482 capientem
869 467 877 479 ,
892 446 978 475 disci-

183 491 265 526 pulos
281 490 412 520 Servator
428 500 482 520 non
494 492 598 526 docuit,
614 500 646 519 ea
663 492 728 527 ipsis
744 499 760 519 a
775 491 917 519 Paracleto
931 491 979 518 de-

184 542 369 565 monstratum
395 538 430 566 iri
459 539 596 574 promisit.
616 537 688 574 Ergo
718 537 800 572 huius
826 537 979 573 perspicua:

184 583 258 611 circa
275 583 407 619 Spiritum
419 585 583 619 theologiae,
606 585 639 612 ad
659 592 741 620 quam
762 584 889 611 humana:
904 583 978 611 vires

184 636 240 655 non
254 630 454 665 pertingebant,
465 635 625 666 praesentem
636 631 664 658 in
676 630 744 658 orbe
758 629 858 658 Filium
870 633 978 657 constat

184 672 271 703 fuisse
283 676 504 711 antesignanum.

1027 266 1132 300 κρινεῖν
1147 272 1177 291 τε
1194 264 1241 291 καὶ
1262 263 1513 299 συνανακηρύττειν
1528 263 1630 291 δύναιτ’
1644 263 1678 291 ἂν
1694 263 1726 290 τδ
1740 263 1828 290 ἀναλ-

1026 309 1138 336 λοίωτον
1153 308 1201 335 καί⁵
1219 307 1384 344 ἀσύγχυτον.
1401 309 1456 336 Καὶ
1471 309 1526 345 μὴν
1548 309 1597 336 καὶ
1617 309 1687 336 διότι
1703 308 1827 345 μάλιστα

1026 353 1076 390 τὴν
1091 353 1231 389 θεολογίαν
1245 352 1293 380 τοῦ
1313 353 1474 389 Πνεῦματος
1489 354 1566 390 παρὰ
1579 354 1627 381 τοῦ
1643 354 1710 381 Υίοῦ
1729 362 1826 390 μεμα-

1028 399 1152 436 θήκαμεν
1164 408 1172 416 ·
1186 399 1383 436 ἐκπορεύεσθαι
1402 400 1457 436 γὰρ
1479 400 1546 427 αὐτὸ
1564 400 1612 427 τοῦ
1631 401 1750 436 Πατρδς,
1776 400 1828 426 καὶ

1028 446 1097 482 πρδς
1117 447 1241 483 ὁμοταγῆ
1260 446 1338 479 τάξιν
1360 446 1508 482 ἀνηνέχθαι
1519 446 1559 481 τῷ
1572 455 1602 473 τε
1617 446 1707 482 Πατρὶ
1720 446 1768 473 καὶ
1784 446 1827 481 τῷ

1027 493 1095 528 Υίῷ·
1111 493 1158 520 καὶ
1174 493 1215 520 ὃτι
1230 493 1284 520 τῶν
1300 493 1477 528 τελειοτήτων
1492 492 1559 519 αὐτὴ
1574 491 1759 528 χρηματίζειν
1781 492 1825 518 δι-

1026 538 1171 566 δάσκαλον’
1185 538 1203 566 ἃ
1216 539 1272 574 γὰρ
1281 539 1345 571 τοὺς
1357 538 1481 575 μαθητὰς
1490 539 1540 575 τῆς
1554 538 1732 574 ἀνθρωπίνης
1744 538 1828 566 ἀσθε-

1027 585 1102 617 νείας
1112 584 1191 612 οὔπω
1200 585 1235 612 τὰ
1245 584 1399 620 τελεώτερα
1408 585 1634 621 παραδεχομένης
1653 585 1704 612 οὐκ
1721 585 1829 620 ἐμυστ-

1027 630 1176 666 αγώγησεν
1189 632 1204 657 ὁ
1220 631 1328 666 Σωτὴρ,
1341 631 1387 658 τὸν
1404 631 1585 667 Παράκλητον
1603 631 1698 662 αὐτοῖς
1708 631 1828 658 ἐκείνων

1032 676 1160 711 γενέσθαι
1182 676 1341 704 διδάσκαλον
1363 677 1566 713 ἐπηγγείλατου
1582 677 1686 713 ταύτης
1707 677 1756 704 οὖν
1774 677 1829 711 τῆς

184 721 349 757 εἰλικρινοῦς
365 723 431 758 περὶ
443 723 493 749 τοῦ
512 723 673 759 Πνεύρατος
683 723 833 758 θεολογίας,
849 722 897 750 καὶ
927 721 996 758 πρὸς
1014 722 1048 758 ἣν
1062 723 1093 749 τὸ
1125 723 1296 759 ἀνθρώπινον
1316 723 1367 750 οὐκ
1381 724 1515 759 ἀνήγετο,
1541 724 1556 750 ὁ
1569 723 1633 756 Υἱὸς
1648 723 1830 759 ἐπιδημήσας

183 770 282 806 δρᾶται
299 769 538 806 καθηγησάμενος.

221 817 247 845 7.
268 816 353 852 Igitur
370 821 397 844 et
417 818 481 852 quia
501 818 575 853 prior
589 822 631 845 est
647 817 736 845 Patris
747 817 859 851 notitia;
874 821 902 845 et
915 817 979 852 quia

1069 815 1102 848 ζ’.
1123 814 1172 842 Διά
1185 824 1214 841 τε
1232 811 1281 841 οὗν
1297 813 1329 841 τὸ
1348 813 1569 850 προκαταλαϐεῖν
1589 812 1639 849 τὴν
1654 813 1757 847 γνῶσιν
1777 813 1828 840 τοῦ

184 869 219 890 οι
243 862 303 897 ipso
323 862 410 890 Filius
429 862 603 898 Spiritusque
628 863 795 898 procedunt;
818 868 845 891 ct
865 863 930 898 quia
950 863 977 890 hi

1062 861 1150 897 ιτρδς,
1172 861 1219 888 καὶ
1232 861 1272 888 ὅτι
1289 860 1318 894 ἐξ
1333 859 1417 888 αὑτοῦ
1436 859 1487 896 τὴν
1500 859 1614 896 πρόοδον
1628 860 1642 886 ὃ
1656 869 1686 886 τε
1699 860 1764 892 Tib;
1780 861 1830 886 καὶ

185 908 295 942 quidem
310 908 345 936 ab
360 909 406 936 illo
422 916 534 936 manare
548 909 602 936 dici
617 913 739 944 queunt,
754 909 807 937 iste
820 909 855 937 ab
869 909 912 937 his
925 917 979 937 non

186 952 273 988 item;
297 959 325 982 et
343 955 407 990 quia
432 954 479 982 Dei
501 954 592 982 Putris
609 963 709 983 nomen
729 956 756 982 in
772 955 914 984 hominum
929 963 982 983 usu

187 1006 332 1034 versatur,
357 1001 440 1036 idque
465 1001 534 1029 adeo
557 1009 691 1037 usurpare
713 1003 859 1037 gestimus;
884 1006 981 1030 caetera

186 1048 241 1076 duo
257 1055 291 1075 ne
307 1052 397 1075 mente
415 1048 523 1083 quidem
545 1047 598 1075 sibi
617 1048 753 1083 quispiam
770 1048 912 1076 vindicare
931 1055 978 1084 po-

187 1098 260 1128 test;
276 1098 304 1121 et
315 1094 380 1128 quia
396 1093 442 1121 Dei
459 1093 548 1121 Patris
559 1101 659 1122 nomen
671 1095 750 1123 dulce
761 1100 925 1130 gratumque
937 1099 980 1123 est

186 1144 321 1168 creaturae
338 1139 390 1167 sibi
405 1139 432 1167 id
448 1139 609 1168 iuscribenti
621 1160 628 1173 ,
651 1140 696 1168 illa
709 1148 775 1168 vero
797 1141 900 1168 aditum
915 1140 979 1168 nul-

188 1185 244 1213 lum
259 1185 418 1220 patiuntur;
439 1189 468 1212 et
481 1185 599 1221 denique
614 1191 724 1221 propter
741 1186 796 1215 alia
808 1186 865 1222 jam
886 1186 959 1214 dicta
970 1205 978 1219 .

187 1231 262 1259 hunc
279 1231 400 1259 Ecclesia
413 1231 538 1259 ordinem
555 1232 581 1259 in
599 1233 775 1261 recensendis
797 1234 981 1261 consubstan-

187 1277 299 1304 tialibus
317 1276 552 1312 homogeueisque
573 1277 699 1312 personis
719 1281 877 1305 constanter
891 1277 980 1305 admi-

186 1323 233 1352 sit.
249 1322 301 1350 Sed
316 1323 374 1350 haec
383 1323 418 1350 de
428 1322 600 1350 numerando
614 1323 694 1351 Patre
706 1327 733 1351 et
747 1322 817 1351 Filio
830 1328 981 1359 sanctoque

189 1368 294 1404 Spiritu
310 1369 488 1397 elementaria
502 1369 607 1397 theoria
625 1370 757 1397 hactentts
772 1379 779 1397 :
798 1378 917 1405 namque
932 1369 981 1397 ab-

187 1415 305 1443 solutior
318 1415 529 1450 accuratiorque
542 1419 673 1443 tractatus
689 1416 828 1451 peculiare
845 1416 896 1444 sibi
911 1423 982 1451 opus

189 1461 309 1496 postulat
326 1465 409 1496 atque
425 1461 521 1496 exigit.

189 1524 354 1558 QUzESTIO
373 1523 453 1554 CXCI
472 1525 568 1563 ισοίει.
586 1526 692 1560 ccxx.
713 1526 797 1556 Taur.
813 1527 981 1565 cexu.(79)

190 1581 247 1609 Cur
269 1582 379 1621 Itumam'
402 1581 503 1621 generis
529 1583 672 1621 redemptio
698 1592 780 1620 neque
800 1593 847 1620 per
868 1584 980 1621 aliquem

227 1618 435 1655 eag‘iucorporeh
457 1619 597 1655 virtutibus
612 1618 740 1655 genium,‘
756 1618 837 1655 neque
855 1628 901 1655 per
912 1618 982 1648 aim-

228 1653 322 1687 plicem
349 1653 500 1688 hominem,
525 1654 570 1681 sed
594 1661 642 1688 per
673 1653 752 1683 Verbi
774 1653 982 1684 eiciuahidonem

228 1693 336 1723 peracta
351 1688 444 1723 fuerit.

1031 908 1061 935 τὺ
1074 908 1187 943 Πνεῦμα
1203 907 1270 942 ἔχει·
1289 907 1336 934 καὶ
1350 907 1384 934 τὰ
1399 906 1461 942 μὲν,
1476 906 1507 939 ἐξ
1520 905 1606 933 αὐτοῦ
1620 906 1766 941 προελθεῖν
1781 907 1830 933 δύ-

1030 961 1109 980 ναται
1124 952 1264 986 λέγεσθαι,
1285 953 1299 979 ὁ
1316 951 1345 979 δέ
1366 952 1473 979 σὺκέτιυ
1498 952 1546 979 καὶ
1565 951 1611 979 τὸν
1635 952 1695 987 μὲν,
1715 952 1746 979 ἐν
1770 950 1829 978 ἔθει

1029 997 1213 1034 χρηματίζειν
1223 999 1278 1030 τοῖς
1288 997 1444 1033 ἀνθρώποις
1453 997 1655 1031 ἐξοικειοῦσθαι
1668 997 1716 1024 καὶ
1730 998 1829 1025 ἑαυτὸν

1029 1043 1243 1079 ἐπιγράφεσθαι,
1257 1043 1295 1070 τὰ
1307 1043 1335 1070 δὲ
1351 1043 1439 1076 οὐδεὶς
1453 1043 1621 1070 ἐπινοεῖσθαι
1638 1043 1765 1081 δύναταυ
1778 1044 1828 1070 καὶ

1030 1091 1045 1118 ὀ
1061 1091 1121 1126 μὲν,
1135 1090 1223 1125 γλυκύ
1247 1099 1277 1118 τε
1297 1090 1346 1118 καὶ
1360 1091 1474 1127 ἐπίχαρι
1487 1090 1526 1127 τῷ
1550 1090 1690 1125 πλάσματι
1711 1090 1831 1125 ἐπιγρά-

1031 1137 1145 1172 φεσθαι·
1159 1137 1195 1164 τὰ
1211 1137 1250 1170 δὲ,
1267 1136 1384 1173 πάροδον
1398 1136 1528 1172 οὐδεμίαν
1542 1136 1708 1172 ἐπιδέχεται·
1724 1136 1773 1163 καὶ
1784 1136 1829 1162 διά

1030 1192 1062 1218 γε
1089 1183 1123 1210 τὰ
1142 1183 1210 1210 ἄλλα
1227 1183 1282 1210 τῶν
1307 1183 1477 1219 εἰρημένων,
1501 1183 1631 1218 τοιαύτην
1659 1182 1751 1209 αὐτῶν
1778 1183 1829 1218 τὴν

1032 1231 1233 1266 συναρίθμησιν
1249 1231 1402 1266 ὁμοουσίων
1421 1231 1506 1258 ὅντων
1518 1230 1566 1258 καὶ
1580 1229 1710 1265 ὁμοφυῶν
1727 1230 1745 1265 ἢ
1766 1229 1829 1256 Ἐκ-

1032 1276 1133 1313 κλησία
1145 1276 1288 1309 διασώζειν
1298 1277 1337 1309 ὡς
1349 1277 1451 1304 ἐπίπαν
1465 1276 1586 1310 ἐδέξατο·
1597 1276 1666 1304 ἀλλὰ
1683 1275 1740 1311 γὰρ
1755 1276 1826 1310 αὕτη

1034 1324 1082 1360 μὲν
1095 1323 1164 1356 τέως
1181 1323 1253 1350 κατὰ
1264 1323 1310 1351 τὸν
1325 1322 1483 1358 στοιχειώδη
1492 1322 1571 1357 λόγον
1582 1321 1690 1357 Πατρδς
1701 1322 1751 1348 καὶ
1762 1321 1828 1348 1·ἱοῦ

1032 1370 1080 1396 καὶ
1094 1369 1173 1404 ἁγίου
1188 1369 1349 1404 Πνεύματος
1367 1370 1384 1405 ή
1398 1368 1502 1404 θεωρία
1517 1368 1569 1403 τῆς
1583 1368 1827 1403 συναριθμήσεως·

1031 1416 1048 1450 ή
1063 1415 1093 1442 δέ
1105 1415 1264 1451 τελειοτέρα
1277 1415 1326 1442 καὶ
1338 1415 1523 1450 ἀκριϐεστέρα
1538 1413 1692 1448 διάσκεψις,
1711 1413 1830 1445 ίδιαζού-

1032 1470 1083 1497 σης
1095 1462 1288 1498 πραγματείας
1301 1461 1380 1496 λόγον
1391 1461 1503 1488 ἀπαιτεῖ
1516 1460 1564 1487 καὶ
1577 1459 1776 1495 ἀπεκδέχεται.

1294 1528 1463 1555 ΕΡΩΤΗΣΙΣ
1481 1525 1563 1561 ΡιιΑκ

1032 1588 1084 1615 Διὰ
1098 1588 1127 1615 τι
1141 1587 1195 1614 τοῦ
1211 1587 1351 1623 ’γένους-ὴ
1370 1585 1536 1623 ἁνόρθώσ-ις
1547 1585 1593 1623 ρίιΔ
1604 1583 1653 1623 δ’ιὰ
1669 1591 1753 1623 τινας
1769 1582 1831 1623 τῷ·

1068 1619 1235 1662 ᾁσνῳμάεωξι
1253 1619 1410 1662 δυνάμεσίν
1432 1620 1513 1662 ᾓιδδ
1536 1619 1695 1662 ἀνθρώπου
1720 1619 1829 1662 ψιλρῦ,

1068 1653 1227 1729 ἀλλὶἷδοίῖιὰ
1253 1656 1309 1692 τῆς
1330 1653 1396 1685 ’τοῦ
1424 1653 1522 1691 Λόγου
1559 1653 1715 1687 κενώσεως
1749 1653 1833 1689 γένο-

1070 1702 1125 1721 γιςν
1204 1702 1210 1708 -

808 1795 881 1820 Edita
891 1802 905 1820 ι
918 1795 981 1821 Maio
994 1796 1022 1828 (1.
1041 1803 1063 1822 τι,
1076 1796 1203 1827 ωτι-199).

228 1871 254 1898 I.
271 1872 312 1900 Ab
325 1873 442 1900 eruditis
454 1872 597 1900 nonnullis
608 1872 693 1909 quaeri
711 1873 769 1901 scio
783 1881 898 1902 cut-nam
910 1881 982 1902 com-

1071 1883 1088 1901 α
1098 1895 1106 1902 .
1119 1873 1274 1910 Ζητοῦντας
1287 1871 1348 1902 οἶδά
1363 1883 1438 1906 τινας
1448 1874 1503 1901 τῶν
1517 1874 1677 1910 φιλολόγων,
1693 1874 1738 1902 διὰ
1753 1875 1784 1902 τί
1796 1875 1830 1911 μὴ

191 1917 284 1945 munis
299 1917 387 1953 culpa:
403 1919 561 1947 emendatio
579 1919 615 1946 ab
637 1919 730 1954 aliquo
755 1920 866 1948 homine
880 1922 984 1948 lcurata

191 1970 246 1990 non
261 1963 363 1998 fuerit;
384 1965 607 2000 quandoquidem
623 1965 792 2001 homogenea
811 1970 909 1993 natura
926 1966 985 2002 pla-

191 2009 280 2036 cando
295 2010 543 2045 persuadendoque
562 2011 652 2045 aptior
664 2015 716 2038 est.
737 2011 821 2046 Atqui
839 2011 866 2038 hi
883 2010 964 2040 facile
975 2032 983 2045 ,

194 2055 218 2082 si
234 2055 327 2082 minus
341 2058 433 2089 antea;
449 2062 524 2084 certe
537 2064 610 2084 nunc
628 2062 794 2092 cognoscent
813 2060 898 2085 totam
915 2057 986 2086 hanc

193 2099 327 2126 rationem
350 2099 540 2128 incarnatione
570 2101 654 2128 Verbi
671 2100 827 2129 contineri:
848 2105 909 2129 tum-
919 2109 985 2130 vero

194 2144 294 2171 mirum
312 2144 397 2177 illud,
419 2145 492 2180 quod
507 2145 726 2174 exinanitionem
743 2147 853 2175 abunde
875 2148 984 2183 explet,

193 2198 331 2225 nusquam
354 2192 478 2226 potttisse
494 2192 625 2225 inveniri,
649 2193 673 2221 si
689 2193 831 2222 hominum
846 2194 985 2230 quispiam

193 2237 228 2265 ab
252 2237 372 2264 humano
387 2244 488 2272 genere
509 2237 691 2266 universalem
707 2239 879 2275 tyrannidem
893 2239 986 2275 depel-

193 2283 250 2311 lere
265 2283 405 2311 VOluisset
427 2282 487 2311 1am
502 2285 620 2319 primum
634 2285 657 2312 is
668 2285 715 2320 qui
731 2293 788 2313 rem
806 2290 908 2313 tantam
920 2293 984 2322 per-

193 2330 325 2366 agendam
339 2350 347 2363 ,
367 2337 598 2366 communemque
624 2331 738 2359 salutem
766 2332 906 2367 sapientia:
930 2340 986 2360 sua:

193 2376 296 2404 divitiis
307 2376 466 2410 eximieque
477 2376 599 2404 bonitate
610 2377 810 2412 procurandam
822 2379 984 2413 susciperet,

194 2421 267 2449 haud
278 2429 312 2449 ex
323 2429 419 2449 eorum
429 2429 545 2449 nttmero
558 2422 719 2457 deligendus
731 2430 799 2457 erat,
813 2424 860 2459 qui
876 2424 986 2452 aliunde

194 2467 299 2495 servari
314 2467 424 2502 ipsimet
439 2472 521 2503 atque
529 2468 669 2496 emendari
682 2467 822 2497 deberent.
834 2469 921 2497 Porro
936 2470 985 2497 ho-

195 2513 300 2540 minum
314 2513 443 2540 universa
460 2518 559 2542 natura
575 2520 686 2549 peccato
698 2520 757 2543 erat
773 2516 902 2550 obnoxia,
914 2517 986 2544 mul-

1036 1920 1083 1947 τοῦ
1101 1920 1194 1947 κοινοῦ
1215 1920 1364 1956 πτώματος
1381 1921 1397 1956 ἠ
1416 1920 1559 1956 διόρθωσις
1575 1919 1610 1946 δι’
1632 1919 1692 1952 ἐνὸς
1709 1920 1765 1948 τῶν
1786 1922 1831 1948 άν-

1037 1965 1155 2002 θρώπων
1171 1966 1299 2000 ἐγένετο·
1320 1966 1351 1993 τὺ
1370 1966 1424 2002 γὰρ
1446 1966 1568 2002 ὀμοφυές
1591 1966 1701 2001 ἀγωγὸν
1727 1966 1831 2002 μᾶλλον

1036 2012 1084 2039 καὶ
1098 2012 1167 2048 πρὸς
1182 2012 1268 2040 πειθὼ
1283 2012 1488 2049 πλησιαίτερον.
1512 2012 1592 2040 ’Δλλὰ
1607 2012 1662 2049 γὰρ
1676 2013 1727 2040 οὐκ
1741 2014 1830 2049 ἐργῶ-

1035 2058 1079 2092 δες
1095 2059 1198 2092 αὐτοῖς,
1221 2060 1246 2086 εί
1266 2059 1313 2086 καὶ
1335 2059 1372 2095 μὴ
1388 2059 1539 2096 πρότερον,
1557 2059 1604 2087 νῦν
1618 2058 1686 2094 γοῦν
1708 2060 1830 2095 καθορᾷν

1035 2104 1073 2136 ὼς
1086 2104 1133 2131 καὶ
1147 2104 1233 2132 ταῦτα
1247 2105 1297 2140 μέν
1309 2107 1342 2141 τῇ
1359 2104 1407 2132 τοῦ
1427 2105 1516 2140 Λόγου
1536 2106 1673 2142 σαρκώσει
1686 2107 1828 2143 περιείλη-

1037 2159 1114 2179 πται·
1131 2151 1149 2178 ἃ
1164 2152 1193 2179 δὲ
1204 2152 1234 2179 τὸ
1247 2152 1405 2187 θαυμαστὸν
1419 2152 1509 2180 ἐκεῖνο
1519 2149 1568 2187 τῆς
1585 2153 1729 2185 κενώσεως
1745 2153 1826 2179 πλου-

1036 2199 1088 2231 τεῖ,
1103 2198 1180 2225 οὐδὲν
1203 2199 1278 2226 ἐστιν
1292 2199 1383 2235 εὑρεῖν
1405 2200 1430 2226 ει
1453 2199 1509 2226 τῶν
1530 2199 1684 2236 ἀνθρώπων
1699 2199 1729 2226 τὺ
1750 2200 1827 2233 γένος

1036 2242 1078 2276 εἷς
1090 2244 1181 2272 αὐτῶν
1195 2244 1379 2280 ἐλευθερῶσαι
1393 2245 1443 2280 τῆς
1458 2245 1529 2272 κατὰ
1546 2245 1656 2273 πάντων
1671 2245 1827 2281 τυραννίδος

1036 2291 1233 2328 ἐπεχείρησεν
1259 2291 1327 2326 ἀλλὰ
1352 2291 1461 2327 πρῶτον
1489 2292 1539 2328 μὲν
1564 2292 1579 2318 ό
1599 2291 1648 2327 τὴν
1675 2292 1825 2327 τηλικαῦτα

1037 2336 1137 2371 πρᾶξιν
1157 2336 1281 2364 ὑπελθὼν
1296 2337 1494 2373 ἀναδεχόμενος
1506 2357 1513 2370 ,
1526 2338 1573 2364 καὶ
1584 2337 1635 2373 τὴν
1651 2337 1760 2365 πάντων
1776 2345 1825 2363 σω-

1035 2382 1136 2418 τηρίαν
1157 2383 1253 2417 σοφίας
1270 2383 1379 2419 πλούτῳ
1394 2383 1442 2410 καὶ
1460 2383 1659 2419 ἀνυπερϐλήτῳ
1675 2383 1825 2418 φιλανθρω-

1037 2428 1087 2463 πίᾳ
1103 2429 1343 2464 κατεργάσασθαι,
1357 2429 1388 2456 οὺ
1402 2429 1457 2457 τῶν
1469 2430 1604 2465 δεομένων
1619 2429 1701 2462 αὐτὸς
1717 2430 1766 2464 τῆς
1781 2429 1823 2456 ἁλ-

1036 2473 1151 2509 λαχόθεν
1184 2475 1321 2510 σωτηρίας
1359 2476 1406 2502 καὶ
1437 2475 1616 2512 ἁνορθώσεως
1647 2476 1824 2512 χρηματίζειν

1037 2519 1151 2554 ὀφείλει.
1190 2520 1362 2557 Ἀνορωπίνη
1384 2521 1413 2548 δὲ
1435 2523 1511 2548 πᾶσα
1525 2522 1606 2556 φύσις
1620 2522 1763 2558 ὑπόχρεως
1778 2521 1823 2557 μὲν

194 2562 306 2594 tamque
319 2567 413 2587 curam
425 2559 598 2590 desiderabat
611 2567 694 2598 atque
705 2563 900 2598 expiationem.
911 2564 982 2598 Quo-

1062 2564 1083 2591 n'i
1106 2565 1325 2602 ἁμαρτήματος,
1351 2566 1453 2601 πολλῆς
1473 2567 1501 2594 δέ
1521 2568 1637 2604 δεομένη
1661 2569 1712 2604 τῆς
1732 2567 1823 2603 ὁμοίας

194 2604 276 2632 modo
291 2603 374 2639 igitur
383 2603 443 2633 ﬁeri
455 2609 574 2641 poterat,
588 2611 619 2636 ut
631 2607 679 2643 qui
695 2608 722 2636 in
732 2609 828 2637 eadctn
841 2610 985 2639 medicina:

1037 2611 1168 2648 προνοίας
1181 2620 1211 2638 τε
1222 2612 1270 2639 καὶ
1282 2612 1454 2648 καθάρσεως·
1464 2613 1513 2640 καὶ
1528 2613 1587 2646 πῶς
1599 2613 1632 2641 ἂν
1644 2613 1659 2641 δ
1669 2613 1699 2641 ἐν
1713 2615 1746 2649 τῇ
1758 2611 1822 2646 αὐτῇ

956 2700 1074 2730 NOTAE.

233 2796 289 2832 (79)
305 2797 337 2826 Et
353 2798 398 2828 hic
411 2799 480 2829 Jobo
495 2800 631 2828 monacho
645 2801 693 2829 lib.
706 2802 728 2829 Il
741 2802 780 2830 De
793 2801 986 2831 Incarnatione

195 2831 293 2895 {gi-uol.
317 2833 446 2864 Biblioth.
467 2836 524 2864 Cod
544 2835 616 2868 εει)
641 2838 719 2873 plura
740 2839 868 2875 decerpta
890 2839 986 2868 viden-

1076 2804 1132 2841 (80)
1140 2804 1257 2843 Copiose
1269 2811 1360 2834 versat
1376 2807 1428 2835 hoc
1438 2812 1628 2843 argumentum
1643 2807 1726 2835 etiam
1746 2808 1822 2836 Eusc-

1038 2840 1100 2870 bius
1116 2840 1142 2870 in
1157 2842 1273 2870 tricenn.
1288 2840 1538 2878 Coustantinfcap.
1555 2842 1623 2870 XIII.
1638 2850 1699 2878 sqq.
