1863 3064
62 145 100 177 925
506 143 557 174 AD
574 143 874 174 AMPHILOCHIUM
892 142 1066 180 QUIESTIO
1090 143 1189 174 CXCI.

1608 143 1663 176 926

60 201 96 235 ⁴ι-ῆς
118 198 254 235 θεραπείας
283 199 365 235 χρείᾳ
388 199 548 233 καθεστὼς,
573 200 678 236 ἑτέροις
701 199 818 236 ἠδύνατο

907 205 990 228 estate
1014 200 1195 232 versabatur,
1223 200 1247 228 is
1267 199 1330 228 aliis
1352 200 1545 235 purgationem
1563 209 1664 238 suppe-

59 246 206 281 διοικονομεῖν
228 245 279 282 τὴν
295 245 432 282 κάθαρσιν
444 267 452 280 ,
475 246 523 273 καὶ
542 246 661 282 χορηγὸς
683 244 752 273 εἶναι
767 247 817 282 τῆς

60 294 135 325 ἰάσεως
145 301 152 326 ;

83 339 109 374 β’.
125 339 248 373 Δεύτερον
271 339 299 367 δὲ
317 340 386 367 Θεοῦ
408 339 456 367 καὶ
471 339 541 367 θεῖον
564 339 645 376 ἔργον
659 341 707 367 καὶ
725 341 817 368 καινὸν

58 385 96 413 ὑπὸ
111 386 149 412 τὸν
161 385 246 421 ἣλιον,
262 385 321 417 πῶς
338 385 371 412 ἃν
390 383 425 421 ἦν
446 385 584 423 ἀνθρώπῳ
599 386 816 422 διαπράξασθαι;

57 432 78 457 Ei
90 431 113 458 δέ
124 440 176 458 τινα
187 432 280 458 θέσθαι
295 432 451 467 φιλοτιμίαν
466 433 544 460 λάὸοι
559 433 605 461 καὶ
616 435 685 470 ὅπερ
699 435 747 469 οὺχ
762 431 818 461 οἷόν

55 485 76 502 τε
90 476 223 512 προελθεῖν,
235 477 331 505 θᾶττον
344 478 376 505 ἂν
386 478 417 505 τὸ
431 479 531 515 πτῶμα
543 480 591 506 καὶ
604 480 704 516 ῥαδίως
716 480 733 515 ἢ
748 479 818 516 πρὸς

55 521 115 548 ἑαυτὸ
125 521 332 557 ἐπανέστρεφεν,
348 523 364 559 ἢ
384 524 452 558 πρὸς
467 524 498 552 τὸ
520 525 611 560 χεῖρον
624 525 770 561 ηὐξάνετο·
787 525 818 553 τὸ

55 567 99 601 μὲν,
112 567 138 593 οὐ
157 568 227 603 μέγα
247 569 333 595 κακὸν
353 569 513 605 ἡγουμένων
533 570 586 598 τῶν
605 571 654 607 τῆς
671 571 818 608 εὐργεσίας

54 612 252 641 ἁπολελαυκότων
270 615 424 649 ὁμοιοπαθῆ
444 615 477 642 δι’
491 616 654 651 ἀχαριστίας
672 616 817 652 ἄνθρωπον

53 656 125 690 ἆγειν·
137 658 164 684 τὸ
177 658 217 690 δὲ,
232 658 281 695 τὴν
295 658 334 694 τῷ
344 659 405 694 Θεῷ
418 659 577 696 πρέπουσαν
589 661 672 696 τιμὴν
686 662 817 688 ἀνάπτειν

53 702 198 738 ὡρμημένων
217 704 256 740 τῷ
276 704 420 731 σεσωκότι.
447 705 479 732 Εἰ
504 706 559 741 γὰρ
584 706 769 734 Μωσέαικαίγ
786 704 817 734 οὗ

53 748 159 780 πολλάκις
173 748 334 784 ὲγόγγιζον,
351 750 401 777 καὶ
414 750 464 786 τὴν
476 751 580 779 ἄνωθεν
596 751 631 778 δι’
647 752 729 779 αὑτοῦ
751 761 817 780 κατ-

54 792 127 819 ιοῦσαν
152 794 289 830 σωτηρίαν
302 794 357 821 τῶν
376 796 406 822 ὲν
421 795 553 832 Δίγύπτῳ
567 797 661 824 κακῶν
676 796 818 824 ἐποιοῦντο

52 839 138 874 χείρονα
147 861 156 875 ι
167 841 242 876 ὅμως
255 841 322 868 Θεὸν
336 842 459 869 ἀνειπεῖν
478 842 546 877 μετὰ
557 842 672 870 θάνατον
685 843 816 880 ἐμελέτη-

52 893 96 919 σαν,
110 887 142 918 ὡς
161 888 288 922 μυστικοὶ
305 880 352 914 x‘al.
369 888 438 924 ίεροὶ
456 888 529 924 λόγοι
544 889 698 917 διδάσκουσι
714 890 723 924 (
735 891 769 918 δι’
785 891 818 927 ἢν

52 931 120 958 αἰτίαν
133 933 178 960 καὶ
197 935 213 960 ὸ
235 933 322 969 τάφος
339 934 490 970 ὀφθαλμοῖς
511 935 649 962 Ἰουδαίων
672 936 754 971 μέχρι
771 937 819 964 νῦν

50 977 141 1011 tegare;
155 989 184 1007 τε
198 980 245 1007 καὶ
257 980 458 1016 ἁνεπίγνωστος
472 981 591 1017 ἔμεινεν.
622 981 819 1019 ’Λγχιστροφος

51 1024 90 1060 γὰρ
104 1025 117 1051 ό
135 1026 230 1062 ἐχθρὸς
245 1027 453 1063 κακουργῆσαι,
471 1028 519 1054 καὶ
532 1027 577 1055 διὰ
595 1028 650 1055 τῶν
661 1028 752 1056 ὃπλων
763 1029 819 1057 τῶν

50 1077 70 1096 τε
82 1071 166 1105 δεξιῶν
179 1072 294 1100 καὶτῶν
310 1073 463 1108 ἀριστερῶν
480 1074 650 1110 ἐξαπατῆσαι
667 1075 697 1102 τὸ
712 1075 819 1111 ἀνθρώ-

51 1117 129 1153 πινον),
138 1118 196 1151 πῶς
207 1118 258 1146 οὐκ
267 1118 300 1146 ἂν
312 1119 360 1146 τὸν
377 1120 502 1154 μείζονος
511 1120 706 1152 ἀπαλλάξαντα
719 1129 820 1157 τυραν-

49 1162 198 1194 νίδος,εἰκαὶ
206 1164 258 1200 τῆς
268 1165 354 1200 αὐτῆς
371 1165 481 1199 φύσεως
498 1166 619 1201 ⁴ᾔδεισαν,
638 1166 669 1193 ού
683 1167 750 1194 Θεὸν
772 1168 821 1195 ἀν-

49 1208 196 1243 ηγόρευσαν;
217 1210 261 1237 ἴνα
275 1210 323 1236 νῦν
332 1211 507 1246 παραδράμω
518 1210 625 1238 Παῦλον
642 1212 700 1244 τοῖς
722 1212 819 1248 Ἐλλη-

49 1256 134 1286 νιπαῖς
147 1255 367 1292 θεοποιούμενον.
379 1257 465 1284 Τοῦτο
474 1257 502 1283 δὲ
512 1257 591 1293 δῆλον
605 1257 644 1290 ὡς
662 1258 713 1286 οὐκ
727 1256 760 1294 ἦν
772 1259 819 1286 τοῦ

47 1299 171 1335 πτώματος
183 1301 294 1337 ἐγερσις
302 1322 310 1335 ,
325 1301 394 1329 ἀλλὰ
404 1302 584 1339 χαλεπωτέρα
595 1305 642 1330 καὶ
656 1304 820 1341 ἀδιόρθιιντος

47 1345 178 1380 ἔκπτωσις·
198 1348 247 1374 καὶ
267 1347 322 1384 γὰρ
344 1349 494 1384 χρεωστεῖν
515 1349 571 1375 οὐδ’
593 1349 691 1384 ἄλογον
705 1350 739 1377 ἂν
754 1351 819 1382 ἴσως

47 1391 127 1425 ἐδόκει,
141 1393 169 1419 ὃν
180 1393 283 1429 τρόπον
298 1393 332 1420 τὰ
340 1393 572 1429 δημιουργήματα
586 1393 632 1420 τὸν
645 1393 819 1430 Δημιουργδν

46 1436 79 1464 διὰ
86 1438 293 1475 σεϐασμιότητός
309 1447 338 1466 τε
350 1440 397 1466 καὶ
407 1439 546 1473 θειότητος
553 1441 682 1472 ποιεῖται,
692 1439 763 1466 οὕτω
774 1439 818 1474 δὴ,

48 1483 105 1511 οὕτω
120 1486 166 1513 καὶ
180 1486 228 1513 τὸν
245 1486 386 1513 σεσωκότα
397 1486 462 1518 τοὺς
479 1485 679 1521 σεσωσμένους,
695 1485 820 1517 καὶτοὺς

869 246 970 274 ditaret
985 245 1152 281 medelaeque
1167 249 1308 274 auctorem
1323 254 1353 274 se
1369 247 1491 282 gereret?

907 336 935 363 2.
966 335 1069 364 Deinde
1093 336 1216 364 divinum
1244 335 1291 364 Dei
1318 343 1387 371 opus
1415 341 1498 373 atque
1525 338 1578 366 sub
1604 339 1661 367 sole

871 390 971 410 norum
1004 391 1070 410 num
1096 383 1281 411 lmmanarum
1311 384 1411 413 virium
1440 388 1500 412 erat
1533 385 1664 421 aggredi?

871 427 949 461 Quod
963 428 1052 462 siquis
1071 428 1195 455 aemulari
1210 429 1415 463 quodammodo
1433 437 1545 465 remque
1558 430 1662 466 impos-

871 474 978 501 sibilum
996 478 1101 501 tentare
1117 474 1261 506 voluisset,
1280 474 1303 502 is
1318 475 1410 509 potius
1424 476 1526 503 malum
1544 476 1608 504 illud
1621 477 1663 505 vel

871 520 898 547 in
916 524 999 555 caput
1014 520 1154 555 proprium
1177 521 1368 554 convertisset,
1385 522 1427 549 vel
1448 526 1523 549 certe
1542 522 1663 551 deterius

870 564 993 593 fecisset.
1012 564 1120 592 Etenim
1137 564 1175 592 illi
1200 565 1249 600 qui
1269 565 1403 594 beneﬁcio
1424 566 1486 601 ejus
1507 571 1661 599 uterentur,

871 612 970 646 partim
994 611 1068 638 haud
1097 618 1263 646 magnopere
1285 618 1315 638 se
1339 618 1453 646 peccare
1475 617 1614 647 putarent,
1639 614 1663 641 si

871 656 1004 684 adversus
1028 656 1103 691 paris
1131 661 1237 684 natura!
1258 656 1397 684 hominem
1426 657 1526 692 ingrati
1545 658 1664 695 exsiste-

870 706 948 735 rent;
965 702 1065 737 partim
1083 708 1149 729 vero
1167 709 1200 729 eo
1217 705 1390 736 proruerent,
1407 706 1438 729 ut
1452 703 1525 737 quod
1544 703 1599 731 Deo
1613 703 1664 731 ob-

870 747 997 783 sequium
1013 747 1123 781 debent,
1141 747 1168 774 id
1183 746 1322 774 Servatori
1337 754 1389 775 suo
1404 748 1577 776 exhiberem.
1593 748 1661 776 Nam

871 794 894 821 si
908 793 1038 821 Israelita
1058 792 1173 826 llosem,
1190 797 1286 820 contra
1306 801 1387 828 quem
1409 802 1481 829 saepe
1503 795 1661 822 tumultuati

871 839 992 872 fuerant,
1009 839 1046 866 ita
1064 843 1093 866 ut
1109 838 1247 867 ccelestem
1263 846 1373 874 quoque
1389 844 1512 868 curatam
1530 840 1573 869 his
1584 841 1619 868 ab
1629 849 1662 868 eo

835 885 857 914 Β
871 885 986 914 salutem
1003 885 1096 921 pejorc
1119 885 1277 914 conditione
1292 893 1376 921 quam
1391 885 1568 922 Aigyptiacas
1588 887 1663 915 cala-

869 933 979 960 mitates
995 932 1144 966 haberent;
1157 933 1180 960 si
1194 932 1310 965 Mosem,
1328 933 1452 967 inquam,
1471 938 1532 968 post
1542 934 1662 969 obitum,

871 977 918 1005 Dei
932 978 1018 1005 instar
1031 969 1158 1006 venerari
1181 978 1373 1009 moliebantur.
1391 984 1420 1006 ut
1435 986 1451 1006 a
1473 980 1596 1015 mysticis
1615 988 1662 1008 sa-

869 1024 980 1059 crisque
1003 1024 1113 1052 Litteris
1135 1024 1292 1057 discimus;
1308 1024 1401 1059 (quam
1419 1024 1454 1051 ob
1475 1032 1588 1052 causam
1617 1033 1663 1053 se-

869 1070 996 1106 pulcrum
1013 1071 1074 1106 ejus
1084 1070 1242 1098 Judteorum
1253 1071 1342 1098 oculis
1360 1071 1392 1098 ad
1407 1071 1478 1098 hanc
1490 1078 1577 1106 usque
1588 1071 1662 1099 diem

870 1115 1010 1143 invisibile
1027 1116 1255 1151 incognitumque
1271 1115 1333 1142 fuit.
1354 1115 1422 1143 hlire
1439 1116 1512 1143 enim
1533 1122 1663 1144 versutus

869 1167 911 1190 est
935 1161 969 1189 ad
995 1162 1152 1189 nocendum
1178 1162 1316 1196 diabolus,
1339 1162 1479 1198 armisque
1503 1162 1588 1190 utitur
1605 1167 1662 1190 tutu

869 1208 973 1236 dextris
990 1211 1048 1235 tum
1063 1207 1145 1235 etiam
1165 1208 1288 1236 sinistris
1304 1214 1332 1236 ut
1348 1209 1499 1236 humanum
1514 1217 1601 1244 genus
1616 1210 1663 1237 de-

869 1254 965 1289 cipiat)
989 1262 1081 1282 nonne
1101 1254 1243 1281 hominem
1264 1256 1310 1290 qui
1336 1254 1467 1290 majorem
1491 1255 1662 1290 tyrannidem

869 1300 1026 1332 avertisset,
1051 1299 1160 1328 etiamsi
1183 1300 1308 1336 ejusdem
1333 1295 1522 1329 naturae'esse
1548 1303 1662 1335 scirent,

869 1345 917 1373 Dei
935 1346 995 1373 loco
1006 1346 1177 1374 coluissent?
1188 1347 1265 1373 Mitto
1278 1355 1353 1374 nunc
1368 1346 1444 1374 Pauli
1461 1347 1617 1382 exemplum
1627 1348 1663 1380 “,

869 1393 913 1420 cui
938 1392 1047 1420 Ethnici
1079 1393 1251 1428 apotheOSim
1282 1392 1478 1421 decernebant.
1498 1394 1565 1422 Illud
1590 1399 1664 1422 certe

868 1439 1042 1474 exploratum
1055 1444 1108 1472 est.
1125 1439 1198 1466 haud
1217 1438 1338 1466 futuram
1354 1446 1370 1466 a
1384 1439 1460 1474 lapsu
1481 1440 1665 1468 resurrectio-

869 1492 956 1516 nem,
985 1485 1033 1512 sed
1065 1485 1220 1520 graviorem
1247 1484 1517 1521 desperatioremque
1542 1487 1664 1515 ruinam.

46 1532 220 1567 ωπριόέντας
230 1532 276 1559 τὸν
291 1532 497 1560 ἅναπλάσαντα”
507 1532 596 1569 ταύτῃ
609 1541 650 1559 τοι
665 1532 720 1559 οὐδ’
736 1532 818 1567 ἀγγέ-

911 1530 1001 1559 ofecto
1024 1531 1174 1559 debitorem
1195 1538 1227 1559 se
1251 1531 1373 1566 proﬁteri
1391 1532 1463 1559 haud
1479 1532 1596 1561 fortasse
1615 1533 1665 1561 ab.

45 1576 87 1603 λων
100 1578 174 1612 φύσις
196 1579 250 1614 τὴν
264 1578 311 1606 τοῦ
326 1579 422 1613 γένους
437 1578 517 1614 ἡμῶν
533 1578 670 1614 σωτηρίαν
688 1578 818 1613 ὑποδέχε-

910 1578 990 1606 rdnm
1016 1578 1166 1610 videretur,
1191 1578 1229 1605 ita
1258 1581 1288 1605 ut
1313 1578 1387 1613 quod
1413 1585 1478 1613 erga
1507 1578 1664 1606 Creatorem

45 1631 88 1656 ται,
97 1624 148 1651 ἀλλ’
159 1626 174 1653 ὁ
189 1625 297 1657 πλάσας
312 1625 394 1657 αὐτὸς
412 1626 509 1661 ὁρᾶται
526 1624 697 1660 Δημιουργὸς
713 1624 818 1659 καὶτῆς

907 1629 985 1658 opter
1009 1624 1141 1652 eximiam
1168 1622 1328 1658 dignitatem
1351 1623 1577 1659 divinitatemque
1605 1626 1666 1660 ejus

47 1668 216 1705 ἁναπλάσεῳς.

907 1670 976 1698 riunt
995 1674 1139 1703 creaturae,
1161 1669 1234 1697 idem
1256 1676 1370 1704 prorsus
1399 1677 1463 1704 erga
1491 1669 1665 1699 Servatorcm

45 1717 138 1750 servati,
153 1726 218 1753 erga
231 1717 445 1744 iustauratorem
461 1716 609 1750 confracti,
625 1716 759 1745 facerent.
776 1716 866 1752 Atque
883 1717 942 1745 haec
966 1724 1051 1744 causa
1075 1721 1118 1744 est
1150 1716 1329 1751 quamobrem
1361 1723 1397 1743 ne
1429 1717 1587 1751 angelorum
1602 1718 1665 1752 qui-

45 1761 93 1790 dem
117 1770 215 1792 natura
243 1765 358 1793 salutem
387 1765 496 1799 generis
525 1765 614 1794 nostri
639 1765 821 1801 reparandum
840 1766 1011 1800 susceperit;
1030 1766 1078 1792 sed
1092 1764 1139 1800 qui
1154 1764 1268 1792 Creator
1283 1763 1346 1797 fuit,
1364 1763 1435 1791 idem
1470 1768 1566 1792 auctor
1594 1773 1666 1800 quo-

44 1817 86 1844 que
101 1811 307 1842 instaurationis
323 1813 501 1848 conspicitur.

71 1857 101 1892 γ’.
118 1860 222 1894 ’Δλλως
237 1870 267 1889 τε
283 1862 344 1889 οὐδὲ
362 1862 464 1890 δούλων
479 1863 553 1890 ἐστὶν
568 1862 629 1889 οὑδὲ
649 1862 818 1898 κτισμάτων,

908 1860 936 1888 5.
956 1859 1065 1895 Alioqui
1085 1866 1174 1895 neque
1195 1867 1338 1888 servorum
1360 1863 1506 1893 estneque
1524 1862 1665 1886 creatura-

43 1901 120 1940 ὥσπερ
133 1907 193 1934 οὐδὲ
205 1906 280 1933 λύειν
290 1907 434 1942 βασιλικὰς
449 1907 497 1934 καὶ
512 1907 677 1939 δεσποτικὰς
691 1907 816 1940 ἐντολὰς,

909 1914 935 1933 ιιι
951 1905 1025 1941 regia
1040 1909 1067 1932 et
1088 1905 1227 1932 dominica
1251 1905 1379 1932 mandata
1402 1903 1443 1931 vel
1468 1904 1601 1938 abrogare
1621 1904 1664 1931 vel

41 1949 113 1983 οὕτως
125 1952 179 1979 οὐδ’
195 1953 276 1987 ἄγειν
291 1953 338 1980 ἐπὶ
349 1953 380 1980 τὸ
393 1954 517 1989 ἄμεινον.
542 1953 597 1980 Καὶ
609 1953 664 1989 μὴν
676 1953 818 1989 ἄνθρωπος

909 1959 954 1979 am
982 1951 1086 1986 majore
1120 1950 1287 1986 perfectione
1316 1950 1429 1977 donare.
1465 1948 1548 1984 Atqui
1581 1950 1664 1977 hotno

42 1996 171 2032 ὸΧριστὸς
188 1997 313 2034 γεγονὼς
335 1999 406 2034 μετὰ
421 1999 475 2026 τῶν
492 1999 580 2027 ἄλλων
597 1999 699 2032 καλῶν,
718 1999 818 2034 μᾶλλον

907 1997 1000 2025 Iristus
1015 1997 1139 2029 elfectus,
1158 1997 1212 2024 hoc
1236 1997 1308 2024 inter
1328 1996 1426 2025 cetera
1444 1996 1587 2029 beneﬁcia,
1607 1996 1663 2023 imo

41 2039 63 2066 δὲ
78 2043 120 2069 καὶ
134 2043 189 2079 πρὸ
212 2043 319 2070 πολλῶν
338 2043 426 2071 ἄλλων
444 2044 620 2080 εὐεργεσιῶν,
639 2044 704 2076 τοὺς
723 2053 818 2079 πατρι-

907 2051 927 2072 se
940 2043 1001 2071 aliis
1016 2043 1120 2077 multis,
1135 2042 1243 2079 insigne
1259 2042 1334 2075 fecit,
1345 2042 1448 2077 patrias
1464 2050 1562 2077 nempe
1579 2043 1662 2078 leges,

42 2086 93 2119 ποὺς
106 2088 205 2124 νόμους
219 2089 268 2116 καὶ
280 2090 305 2116 οἱ
316 2089 468 2124 τηνικαῦτα
480 2091 538 2122 τοῖς
556 2089 739 2126 Ἰσραηλίταις
752 2090 818 2125 μᾶ).-

908 2098 931 2118 ae
948 2095 1102 2125 temporum
1125 2090 1234 2117 illorum
1250 2089 1383 2117 lsraelitis
1397 2090 1664 2119 accommodatiores

40 2131 75 2159 λον
85 2135 218 2170 ἧρμοξον,
227 2136 274 2163 ἐπὶ
288 2136 319 2162 τὸ
330 2135 495 2172 τελεώτερον
508 2136 736 2173 μεταρῤυθμίζει.
758 2138 818 2174 Ἐρε

907 2141 961 2170 ant,
983 2136 1122 2164 meliorem
1139 2136 1173 2163 ad
1191 2135 1376 2164 conditionem
1393 2138 1541 2172 promovit.
1556 2137 1662 2165 Dictqu

41 2178 96 2214 ρἠη
115 2180 182 2217 γὰρ,
211 2181 292 2216 φησὶ,
317 2182 373 2213 τοῖς
389 2180 525 2217 ἀρχαίοις,
553 2191 562 2207 ι
580 2181 618 2208 Οὺ
635 2181 787 2216 φονεύσεις,
805 2191 815 2208 ι

907 2183 974 2219 ύρρθ
999 2183 1088 2210 fuerat
1118 2183 1250 2219 antiquis,
1283 2193 1292 2209 ι
1311 2183 1370 2211 Non
1396 2184 1506 2212 occides
1517 2184 1558 2218 “;
1575 2194 1585 2210 ι
1612 2192 1664 2220 ego

41 2223 83 2255 ἐγὼ
98 2225 126 2252 δὲ
147 2226 224 2262 λέγω
239 2227 304 2263 ὑμῖν
314 2227 395 2255 τάδε·
416 2237 425 2253 ι
442 2228 480 2254 υύ
496 2227 669 2264 μοιχεύσεις,
689 2237 700 2254 ι
718 2228 775 2263 ἐγὼ
790 2227 818 2255 δὲ

907 2218 1020 2257 ιιὸῗὰἰεο
1035 2229 1113 2256 vobis
1139 2218 1190 2257 sic,
1221 2238 1230 2255 ι
1244 2228 1303 2256 Non
1327 2229 1509 2257 tnmchaberis
1519 2229 1563 2263 ";
1579 2239 1589 2255 ι
1612 2237 1664 2264 ego

38 2269 98 2297 τάδε·
118 2281 127 2298 ι
153 2272 311 2309 Ὀφθαλμὸν
335 2273 396 2300 ἀντὶ
412 2273 571 2310 ὀφθαλμοῦ.
592 2283 603 2301 ι
623 2274 679 2309 ἐγὼ
693 2273 722 2300 δὲ
738 2273 818 2302 τάδε·

907 2282 939 2302 ro
954 2275 1017 2303 sic:
1036 2283 1045 2300 ι
1063 2273 1178 2302 Oculum
1204 2281 1254 2310 pro
1273 2275 1353 2302 oculo
1365 2275 1407 2308 “;
1427 2284 1437 2302 ›
1459 2282 1509 2310 ego
1527 2282 1591 2302 vero
1611 2275 1661 2302 sic.

39 2316 76 2342 καὶ
84 2317 117 2345 τὰ
128 2319 219 2355 μυρία
232 2319 325 2347 ὲκείνα
336 2319 355 2346 ἃ.
368 2319 437 2356 πρὸς
449 2319 499 2356 τὴν
508 2319 635 2347 ἀτέλειαν
647 2320 703 2347 τῶν
716 2321 820 2356 ἀκροα-

39 2362 82 2389 τῶν
100 2364 313 2401 ἑνενομοθέτητο
335 2365 420 2393 πάλαι
431 2385 438 2397 ,
453 2366 501 2393 ἐπὶ
521 2366 552 2393 τὸ
568 2366 691 2402 κρεῖττον
711 2366 769 2393 ἐστι
785 2367 818 2402 τῇ

39 2407 178 2447 Λεσπστικῇ
203 2411 342 2447 ἐπικρίσει
363 2411 431 2448 ὸρᾷν
445 2411 602 2447 ἀνηγμένα·
617 2410 665 2438 καὶ
679 2410 760 2438 τοῦτο
775 2411 821 2439 διά

38 2461 61 2479 τε
70 2455 133 2483 ἀλλα
149 2456 249 2493 μυρία,
264 2457 312 2484 καὶ
324 2457 392 2484 διότι
405 2457 460 2484 τῶν
474 2457 597 2485 παλαιῶν
611 2457 701 2493 νόμων
714 2458 820 2492 ἀμετα-

40 2501 143 2535 κινήτων
157 2501 302 2533 παντελῶς
319 2502 465 2537 μενόντων,
482 2503 530 2530 καὶ
546 2503 563 2538 ή
578 2502 702 2529 πολιτεία
718 2504 735 2538 ὴ
751 2502 820 2539 αὐτὴ

39 2543 104 2579 λόγον
125 2545 203 2582 εἶχεν
221 2548 371 2582 ἀναγκαῖον
386 2549 443 2581 τοῖς
458 2549 550 2584 νόμοις
568 2549 799 2582 συνδιασώζεσθαι
811 2558 819 2565 ·

38 2591 80 2626 ἠδὲ
88 2594 164 2621 οὐδὲν
172 2594 230 2621 τῶν
243 2595 392 2630 ὑπερφυῶν
402 2595 450 2622 καὶ
460 2594 604 2631 amp-bats
609 2603 654 2631 ρον
665 2595 822 2630 ὑπερὲλαμ-

38 2637 77 2670 (ἷκεν
98 2639 162 2667 οὔτε
185 2640 302 2676 δύναμιν
329 2641 455 2667 ἐπλούτει
479 2641 700 2677 παραδέξασθαι·
726 2641 820 2676 ὥσπερ

37 2684 86 2711 σειδὲ
98 2686 236 2721 πρότερον
261 2686 367 2722 μυρίων
388 2686 475 2723 αὐτὴν
490 2686 758 2726 παιὼγωγησάντων
777 2694 821 2714 νο-

38 2730 148 2764 μοθετῶν
161 2733 212 2759 καὶ
229 2732 379 2769 προφητῶν
395 2734 443 2761 καὶ
455 2732 561 2760 πολλῶν
576 2733 664 2761 ἄλλων
680 2732 762 2769 ἱερῶν
777 2732 820 2760 δι-

37 2775 186 2812 δαγμάτων,
208 2777 264 2805 οὔτ’
286 2779 320 2806 ἂν
344 2778 385 2810 εις
402 2778 478 2811 τέλος
503 2779 650 2815 προέϐαινε
675 2778 707 2805 τὸ
730 2778 821 2815 ἐγχεί-

872 2319 907 2348 Et
919 2320 973 2347 alia
985 2320 1113 2356 plurima,
1127 2328 1188 2355 quae
1203 2328 1265 2348 cum
1281 2320 1347 2348 olim
1365 2328 1414 2355 pro
1426 2320 1596 2348 audientium
1611 2321 1664 2348 im-

871 2366 1040 2401 perfectione
1058 2366 1161 2401 perlata
1176 2365 1305 2399 fuissent,
1325 2366 1438 2394 meliora
1453 2366 1516 2394 dein
1537 2374 1553 2393 a
1567 2366 1663 2394 Domi-

872 2411 942 2439 nicis
961 2411 1080 2440 decretis
1104 2411 1175 2439 facta
1200 2418 1263 2440 esse
1286 2411 1422 2439 videmus.
1441 2411 1467 2439 ld
1483 2416 1574 2439 autem
1598 2419 1662 2439 cum

871 2457 907 2485 ob
919 2457 988 2485 alias
1002 2457 1153 2492 permultas
1166 2465 1266 2485 causas
1282 2457 1434 2486 factitatum
1453 2462 1504 2490 est,
1521 2461 1578 2485 tum
1590 2465 1663 2493 prae-

871 2503 952 2538 cipue
963 2503 1028 2538 quia
1048 2503 1071 2531 si
1086 2503 1185 2539 prisca:
1204 2504 1278 2539 leges
1293 2503 1402 2531 intactae
1413 2511 1527 2539 prorsus
1542 2504 1662 2532 mansis-

870 2554 943 2583 sent,
964 2557 1043 2577 saera
1066 2557 1177 2585 quoque
1193 2550 1349 2585 respublica
1368 2550 1525 2577 necessario
1542 2545 1662 2578 cum'le-

871 2595 953 2629 gibus
975 2595 1165 2622 conservanda
1193 2594 1310 2629 fuisset;
1333 2603 1394 2630 quae
1416 2595 1563 2631 caateroqui
1587 2595 1661 2622 nulla

869 2641 896 2668 vi
912 2640 1031 2675 pollebat
1044 2642 1078 2668 ad
1094 2640 1252 2676 recipienda
1263 2641 1483 2676 supernaturalia
1495 2648 1556 2677 quae
1568 2645 1662 2676 postea

869 2686 1032 2714 effulserunt
1046 2686 1129 2714 bona.
1149 2685 1236 2714 Sicuti
1250 2694 1285 2715 ne
1301 2690 1381 2715 antea
1398 2687 1522 2722 quidem,
1541 2686 1663 2722 permul-

871 2733 906 2760 tis
928 2733 992 2761 licet
1009 2732 1199 2761 erudientibus
1223 2740 1283 2761 eam
1307 2733 1546 2770 iegumlatoribus,
1571 2737 1664 2760 orato-

870 2778 956 2808 ribus.
987 2783 1068 2814 atque
1096 2779 1249 2814 prophetis,
1275 2779 1393 2816 aliisque
1419 2779 1546 2816 pluribus
1575 2778 1664 2807 sacris

63 2864 83 2882 "
95 2868 154 2896 Acr.
173 2875 233 2902 xtv,
253 2867 294 2895 l0.
340 2868 362 2885 η
374 2867 471 2897 Matth.
486 2876 513 2903 v,
530 2868 577 2896 2f.
615 2868 638 2885 ⁸⁸
648 2867 716 2897 ibid.
732 2869 778 2896 27.
816 2868 840 2885 “
852 2868 920 2897 ibid.
937 2868 982 2896 38.
999 2869 1032 2885 δ’·
1049 2869 1058 2897 l
1077 2868 1152 2898 Petr.
1171 2877 1190 2903 I,
1207 2869 1250 2898 12.
