1863 3064
205 154 256 187 927

780 148 913 178 ΡΠΟΤΙΙ
931 148 1184 179 PATRIARCIIFE
1203 148 1257 178 (ΖΡ.

1785 147 1830 178 9'28

198 211 351 242 doctrinis,
384 209 521 237 institutio
548 212 638 235 tamen
673 207 705 234 ad
737 214 817 233 suum
849 214 990 242 nunquam

1079 215 1139 242 ,pa'
1162 207 1230 233 ἀλλὰ
1251 206 1350 242 μάτην,
1372 206 1451 241 εἴπερ
1465 207 1494 233 ἐν
1517 206 1574 237 τοῖς
1590 205 1681 237 αὐτοῖς
1701 205 1716 231 ὸ
1731 205 1828 242 ἀνθρώ-

200 259 306 294 apicem
337 255 421 282 venit.
449 254 635 287 Quamobrem
667 253 689 279 si
721 253 842 279 humana
879 253 934 279 vita
968 252 995 280 in

201 303 296 332 iisdem
313 302 413 329 ritibus
429 300 637 336 permansisset,
653 298 810 326 Servatoris
826 298 948 325 studium
967 303 995 325 et

200 347 397 376 sollicitudines
413 346 440 373 in
454 353 563 373 cassum
578 345 665 372 fuisse
679 348 918 378 coarguerentur;
932 343 995 377 quia

199 393 337 420 humanus
354 395 470 419 conatus
489 391 555 418 nihil
579 390 680 426 grande
695 389 831 417 conﬁcere
844 393 942 424 potest.
961 389 993 416 Et

199 439 308 474 quidem
330 437 422 465 Servili
441 442 574 464 creatura:
590 443 678 471 neque
694 435 824 470 possibile
844 439 885 463 est
905 442 994 469 nequc

200 485 327 520 impune,
344 483 483 511 Creatoris
500 491 531 509 ac
553 482 660 509 Domini
687 482 760 516 leges
783 481 811 508 in
837 481 918 508 aliam
943 480 994 507 for-

200 537 272 556 mam
288 534 444 564 pervertere
458 537 463 553 :
481 527 527 554 scd
540 527 564 553 ci
578 527 688 554 demum
704 527 767 561 quia
785 533 832 553 sua
847 526 991 553 clementia

201 579 357 602 commotus
377 579 510 601 creaturae.
535 573 649 600 salutent:
676 572 876 607 procurandum
899 580 993 600 susce-

201 619 250 654 pit,
271 618 474 646 Dominicarum
492 624 602 652 quoque
625 617 716 651 legum
743 616 903 644 rel'ormatio
926 625 993 644 eon-

200 665 297 697 venit,
325 665 493 691 Dominicam
519 663 624 691 scilicet
656 667 819 697 potestatem
845 671 860 689 a
887 667 995 690 suamet

1044 261 1120 284 πινος
1135 252 1243 288 διέμενε
1259 252 1326 287 βίος,
1341 253 1358 287 ὴ
1371 251 1421 287 τῆς
1435 252 1572 288 σωτηρίας
1587 251 1722 286 προϊοῦσα
1735 252 1828 287 σπουδὴ

1043 298 1090 325 καὶ
1112 298 1284 333 ἐπιχείρησις
1307 298 1482 333 διηλέγχετο,
1509 299 1559 333 τῆς
1585 297 1634 333 μέν
1659 297 1827 333 ὰνθρωπῖνης

1043 344 1197 378 φιλοτιμίας
1209 343 1464 378 οὐδέν’ὲξανυούσης
1478 343 1560 378 μέγα,
1576 344 1624 370 ἅτε
1639 343 1708 378 μήτε
1724 343 1830 369 δυνατὸν

1042 390 1092 426 τὴν
1102 390 1200 426 δούλην
1227 390 1316 417 κτίσιν
1336 389 1404 425 μηδὲ
1424 389 1527 424 τόλμης
1551 389 1708 421 ἀνεύθυνον,
1722 391 1770 416 τοῦ
1785 390 1830 424 Δη-

1048 436 1180 471 μιουργοῦ
1206 436 1254 463 καὶ
1271 436 1406 462 Δεσπότου
1436 436 1536 470 νόμους
1565 435 1750 470 μετακοσμεῖν
1776 435 1829 460 ἐπι-

1043 483 1160 517 χειρεῖν*
1186 482 1225 517 τῷ
1250 481 1342 516 μέντοι
1371 481 1422 516 τὴν
1441 500 1447 510 .
1464 481 1604 516 σωτηρίαν
1625 480 1671 507 διὰ
1695 479 1830 514 σπλάγχνα

1042 527 1136 559 ἐλέους
1151 527 1381 563 κατεργαζομένῳ
1392 527 1439 554 τοῦ
1457 527 1630 562 πλάσματος,
1645 526 1663 562 ἧ
1677 534 1708 552 τε
1721 525 1776 552 τῶν
1789 527 1830 551 Δε-

1044 574 1181 601 σποτικῶν
1197 574 1287 608 νόμων
1299 574 1505 609 μετακόσμησις
1517 573 1659 608 πρέπουσα
1673 571 1723 607 τὴν
1737 573 1832 598 Δεσπο-

1042 619 1121 655 τικὴν
1134 619 1258 652 ἐξουσίαν
1271 620 1342 647 κατὰ
1357 616 1437 655 (ῥύσιν
1453 620 1552 655 ἔχοντι,
1570 619 1617 646 καὶ
1631 619 1681 654 τῆς
1697 618 1831 648 πολιτείας

1047 666 1127 700 ῥᾳδία
1145 675 1175 693 τε
1187 667 1235 693 καὶ
1249 667 1377 702 ἁρμόδιος
1392 667 1409 702 ἡ
1426 667 1495 702 πρὸς
1509 666 1539 692 τὸ
1552 666 1656 701 βέλτιον
1673 665 1830 695 ἀνανέωσις.

203 717 303 740 natura
320 710 432 737 babenti
448 718 454 736 :
471 709 614 743 eidemque
628 707 767 742 perfacilis
780 711 823 735 est
855 712 882 734 et
910 715 1029 742 congrua
1052 710 1223 744 publicorum
1245 719 1389 739 sacrorum
1415 712 1449 739 ad
1468 711 1609 739 meliorem
1628 717 1728 739 statum
1748 716 1833 738 trans.

202 759 279 787 latio.

236 805 264 831 4.
285 802 359 830 Talis
378 802 488 836 insuper
510 801 633 834 tantique
657 799 759 827 amoris
780 800 992 830 demonstratio.

1081 801 1113 827 δ’.
1144 801 1204 827 Ἔτι
1233 809 1265 834 γε
1292 800 1344 836 μὴν
1367 795 1418 836 τῆς
1436 801 1572 836 τοσαύτης
1599 801 1647 828 καὶ
1671 801 1835 836 τηλικαύτης

201 849 355 884 cujusmodi
369 848 396 874 in
413 847 600 875 exinanitionc
619 846 679 881 ejus
693 853 773 880 quem
790 846 924 873 exinaniri
941 853 991 873 non

1079 849 1157 882 ’ἁπης
1173 848 1188 882 ἡ
1204 846 1328 879 ἔνδειξις,
1341 848 1374 883 ἣν
1389 847 1433 874 διὰ
1443 847 1473 873 τὸ
1490 847 1642 883 κενωθῆναι
1654 847 1688 874 δι’
1705 848 1781 882 ἡμᾶς
1794 848 1835 874 τὶν

202 901 284 930 posse
303 893 434 924 vidimus,
449 892 495 926 qui
512 891 569 918 tieri
586 895 695 926 poterat
712 895 741 917 nt
757 891 784 918 in
801 890 927 918 notitiam
947 899 996 917 no-

203 945 289 967 stram
304 938 420 971 veniret,
441 937 483 964 vel
501 941 530 964 ut
544 936 723 971 providentiae
740 943 805 971 erga
822 943 873 963 nos
888 936 996 971 magni-

203 984 326 1011 tudinem
340 989 582 1018 cognosceremus,
609 982 630 1009 si
647 981 719 1008 Deus
740 989 849 1016 operam
864 981 994 1014 dedisset,

202 1035 233 1057 ut
248 1030 282 1057 ab
297 1029 362 1062 alio,
379 1032 478 1063 prater
491 1035 530 1061 se,
559 1027 682 1062 quolibet
698 1034 872 1054 communem
888 1027 996 1062 generis

203 1076 320 1103 salutem
347 1074 577 1109 impetraremus?
602 1072 696 1108 Neque
719 1079 785 1100 sane
808 1072 850 1099 vel
868 1073 997 1107 angelica:

202 1121 255 1156 ipsi
273 1126 377 1148 naturae
393 1128 555 1148 concessum
573 1119 634 1152 fuit,
653 1124 683 1146 ut
704 1124 758 1146 tam
777 1119 878 1154 grande
894 1123 921 1147 et
935 1120 997 1146 uni-

202 1168 309 1195 versale
325 1167 486 1202 mysterium
505 1166 556 1193 sibi
572 1165 731 1193 vindicaret.
752 1164 819 1192 Nam
839 1166 890 1193 etsi
907 1166 996 1201 angeli

205 1215 273 1241 lines
287 1213 409 1248 gentium
427 1212 529 1247 singuli
553 1212 676 1246 singulos
691 1211 886 1239 custodiendos
907 1212 995 1239 sortiti

205 1266 279 1292 sunt,
306 1259 419 1285 minime
441 1263 532 1285 tamen
559 1257 678 1284 universi
702 1257 809 1292 generis
833 1257 996 1292 gubernatio

203 1305 245 1331 vel
264 1305 429 1332 instauratio
449 1303 607 1331 concredita
632 1303 727 1330 iisdem
753 1307 805 1330 est.
826 1302 910 1330 Multo
931 1310 996 1330 vero

206 1350 298 1377 minus
322 1349 440 1383 simplici
464 1348 569 1375 homini
593 1348 620 1376 id
645 1347 734 1375 facere
760 1347 848 1379 licuit,
871 1347 996 1381 quamvis

204 1395 354 1421 virtutibus
366 1395 437 1421 inter
453 1399 567 1421 caeteros
583 1392 764 1427 praefulgenli.
781 1392 909 1419 Videmus
923 1391 996 1418 enim

205 1441 247 1468 vel
267 1448 300 1467 ex
314 1440 355 1467 his
374 1440 569 1467 celeberrimos
582 1440 629 1465 uni
649 1446 720 1472 saepe
741 1438 824 1472 genti,
840 1442 867 1465 et
886 1437 995 1472 quidem

205 1495 260 1514 non
272 1487 385 1512 maximi
399 1487 517 1517 numeri,
531 1485 655 1520 regendae
666 1484 896 1518 iiistituendaaque
911 1483 996 1509 fuisse

206 1531 386 1567 praepositos;
403 1535 484 1564 atque
501 1530 553 1556 hoc
567 1529 628 1563 ipso
641 1536 754 1555 munere
772 1536 826 1555 non
847 1528 906 1554 sine
920 1527 995 1554 defe-

206 1583 253 1604 ctu
272 1577 365 1611 aliquo
389 1576 474 1603 fuisse
490 1574 647 1602 defunctos.
671 1574 772 1601 Mosem
796 1574 859 1600 licet
880 1574 994 1608 cogites,

206 1623 249 1650 vel
266 1623 349 1656 hujus
368 1629 558 1649 successorem
578 1620 702 1652 Josuam,
722 1620 764 1646 vel
781 1620 865 1646 alium
877 1619 996 1654 queruli-

206 1669 253 1696 bet
266 1677 300 1696 ex
317 1669 351 1696 iis
365 1663 412 1703 qui
427 1668 517 1703 gentis
537 1667 667 1694 ducatum
691 1668 906 1701 capessiverunt.
924 1664 995 1692 Prat-

205 1721 247 1744 ter
263 1724 345 1751 quam
361 1716 433 1750 quod
462 1722 504 1742 res
521 1721 629 1749 quoque
650 1713 780 1744 maxima,
805 1716 941 1747 quotquot
961 1719 993 1738 ex

205 1763 281 1790 omni
300 1770 359 1790 aevo
376 1763 452 1789 mira:
467 1761 590 1792 fuerunt,
605 1767 723 1794 vereque
738 1759 799 1794 plus
813 1766 895 1793 quam
912 1759 995 1786 mira-

205 1809 279 1842 bilis,
295 1809 362 1836 satis
380 1808 442 1836 vilis
458 1807 601 1840 evasisset,
626 1806 749 1841 nihilque
764 1805 906 1832 habuisset
919 1805 992 1840 quod

205 1856 303 1883 merito
313 1855 541 1889 ‘suspicercmus.
559 1853 627 1881 Nam
643 1853 667 1881 si
685 1856 809 1880 creatura
831 1859 893 1879 cum
915 1859 993 1879 crea-

204 1901 273 1928 turis
290 1905 426 1933 versetur,
438 1900 499 1927 etsi
513 1900 659 1935 quisquam
676 1905 811 1927 conservo
824 1905 875 1924 suo
891 1897 990 1931 faveat,

203 1947 271 1973 nihil
285 1946 349 1973 inde
363 1946 500 1973 inclfabile
514 1946 649 1980 sequitur,
664 1953 715 1973 nec
734 1944 808 1980 quod
823 1952 872 1972 sua
888 1943 991 1971 incom-

202 1992 381 2026 prehensibili
395 1992 498 2026 ditique
509 1992 653 2019 clementia
666 1991 874 2019 admirationem
891 1990 990 2024 pariat.

201 2037 258 2065 Cur
278 2039 352 2065 enim
373 2038 487 2070 mirum,
512 2038 554 2065 vel
576 2046 626 2065 cur
642 2035 920 2072 incomprehensibile
944 2035 989 2066 sit.

203 2084 237 2110 ab
252 2083 348 2117 angelo
366 2087 491 2110 naturam
507 2083 626 2111 hominis
642 2083 765 2111 assumi?
781 2081 899 2115 Uterque
917 2081 989 2108 enim

204 2134 356 2154 conservus
381 2131 434 2159 est,
464 2131 578 2162 uterque
603 2128 764 2155 mutationis
781 2133 888 2162 capax:
903 2134 990 2161 quan-

1047 892 1181 919 ᾰκένωτον
1192 891 1324 926 ἔγνωμεν,
1338 891 1421 918 πόθεν
1434 891 1467 918 ἂν
1478 894 1518 923 είς
1527 892 1629 926 γνῶσιν
1641 893 1716 927 ἡμᾶς
1728 893 1834 927 ἀφῖκτο,

1046 938 1062 972 ῆ
1079 937 1129 972 τῆς
1143 938 1214 972 Δπερὶ
1234 938 1308 972 ἡμᾶς
1323 937 1406 964 αὐτοῦ
1424 938 1552 972 προνοίας
1572 937 1603 964 τὸ
1618 937 1734 972 μέγεθος
1750 938 1836 972 ἐγνω-

1049 982 1170 1018 ρίζομεν,
1191 983 1215 1009 εἰ
1232 982 1266 1008 δι’
1287 982 1381 1018 ἐτέρου
1395 983 1467 1015 τινος
1487 983 1606 1009 ἐδικαίου
1620 983 1670 1018 τὴν
1682 983 1777 1019 κοινὴν
1793 983 1835 1010 τοῦ

1046 1028 1141 1062 γένους
1155 1028 1294 1064 σωτηρίαν
1318 1029 1392 1064 ἡμᾶς
1410 1028 1555 1061 δέξασθαι;
1571 1029 1608 1055 Οὐ
1627 1029 1720 1064 μέντοι
1736 1038 1771 1064 γε
1784 1028 1836 1056 οὐδ’

1046 1073 1195 1109 ἀγγελικῑκ
1211 1074 1318 1109 φύσεως
1337 1075 1458 1110 ἐνεργεῖν
1473 1074 1502 1101 τὸ
1518 1076 1590 1109 μέγα
1602 1075 1683 1102 τοῦτο
1698 1076 1746 1102 καὶ
1765 1084 1836 1109 παγ-

1047 1118 1161 1154 κόσμιον
1179 1119 1344 1154 μυστήριον·
1363 1119 1387 1145 οἳ
1402 1120 1472 1146 κατὰ
1495 1119 1529 1146 τὰ
1543 1120 1606 1154 ὅρια
1623 1119 1679 1146 τῶν
1690 1120 1778 1147 ἐθνῶν
1789 1121 1837 1148 ἀνὰ

1046 1165 1162 1196 ἕκαστος
1184 1165 1274 1192 αὐτῶν
1290 1165 1338 1201 τὴν
1363 1165 1524 1192 ἐπιστασίαν
1544 1165 1759 1201 ἐκληρώσαντο.
1782 1167 1838 1193 ἀλλ’

1046 1211 1106 1247 οὐχὶ
1123 1210 1169 1237 τοῦ
1188 1211 1288 1242 παντὸς
1308 1210 1404 1245 γένους
1419 1210 1469 1246 τὴν
1493 1210 1658 1246 κυῦέρνησιν
1672 1211 1729 1247 (Si)
1756 1212 1795 1247 μή
1813 1211 1838 1237 τί

1046 1245 1142 1292 γετὴν
1163 1257 1316 1284 ἀνάπλασιν
1332 1245 1543 1291 ἐπιστεύοησαν.
1567 1256 1606 1283 Οὐ
1627 1256 1681 1292 μὴν
1705 1245 1765 1283 311‘
1780 1245 1839 1284 οὐδὲ

1047 1303 1138 1339 πολλῷ
1154 1303 1254 1339 μᾶλλον
1271 1302 1414 1338 ἀνθρώπου
1431 1303 1509 1337 ψιλοῦ
1519 1324 1527 1336 ,
1548 1304 1572 1330 ει
1589 1303 1637 1330 καὶ
1650 1304 1711 1334 ταῖς
1727 1304 1839 1339 ἀρεταῖς

1046 1349 1115 1384 πρὸς
1138 1349 1201 1381 τοὺς
1229 1349 1325 1381 ἄλλους
1347 1349 1426 1385 φέρει
1449 1349 1480 1375 τὸ
1499 1349 1637 1385 διάφορον.
1677 1349 1764 1385 Ὁρᾷν
1788 1350 1840 1384 γὰρ

1047 1395 1123 1423 ἐστιν
1148 1396 1238 1423 αὐτῶν
1265 1396 1329 1428 τοὺς
1356 1396 1589 1430 ἐπιφανεστάτους
1615 1395 1749 1428 πολλάκις
1782 1397 1842 1426 ἐνὸς

1046 1441 1139 1472 ἔθνους
1149 1441 1209 1468 οὐδὲ
1221 1441 1350 1476 μεγίστου
1362 1442 1630 1474 καταπιστευϐέντας
1643 1442 1840 1477 παιδαγωγίαν

1048 1496 1082 1514 κα
1106 1489 1280 1523 κυϐέρνησιν,
1302 1487 1349 1514 καὶ
1371 1488 1433 1514 οὐδὲ
1454 1487 1556 1523 ταύτην
1577 1488 1732 1524 ἀμέμπτως
1756 1490 1842 1525 μέχρι

1047 1533 1140 1564 τέλους
1148 1533 1340 1565 ὲξανῦσαντας.
1350 1533 1450 1560 Μωσέα
1463 1535 1518 1566 τοῖς
1527 1534 1676 1569 λογισμοῖς,
1695 1534 1721 1560 εί
1736 1535 1843 1570 βούλει,

1048 1579 1113 1605 λάσε
1134 1580 1180 1605 καὶ
1198 1579 1244 1606 τὸν
1262 1580 1320 1614 μετ’
1340 1580 1442 1607 ἐκεῖνον
1475 1580 1588 1616 Ἰησοῦν,
1614 1581 1661 1607 καὶ
1684 1582 1743 1608 ὅσοι
1765 1582 1843 1609 ἄλλοι

1047 1625 1096 1660 τὴν
1111 1625 1274 1667 ἐπιστασίαν
1295 1625 1342 1652 τοῦ
1363 1626 1457 1658 ἔθνους
1487 1626 1719 1662 ὲνεχειρίσθησαν.
1740 1628 1799 1655 Ναὶ
1813 1629 1844 1664 δὴ

1048 1671 1116 1705 πρὸς
1136 1671 1240 1702 τούτοις
1255 1671 1302 1697 καὶ
1323 1671 1353 1698 τὸ
1377 1673 1507 1707 μέγιστον
1525 1673 1578 1699 τῶν
1603 1673 1655 1700 ἀνὰ
1681 1673 1776 1700 πάντα.
1799 1675 1846 1701 τὸν

1047 1717 1134 1743 αίῶνα
1156 1716 1322 1751 θαυμαστῶν
1335 1719 1384 1744 καὶ
1402 1720 1440 1750 ὡς
1462 1718 1570 1753 ἀληθῶς
1595 1719 1845 1755 ὺπερθαύμαστον,

1046 1765 1086 1796 είς
1114 1763 1251 1791 εὐτέλειαν
1281 1764 1315 1792 ἂν
1341 1765 1388 1792 καὶ¹
1417 1765 1494 1791 οὐδὲν
1523 1765 1616 1800 Θαῦμα
1644 1767 1846 1802 παρεχομένην

1046 1810 1145 1845 πρᾶξιν
1160 1811 1300 1843 ἐξέπιπτε.
1323 1811 1446 1843 Κτίσεως
1461 1811 1516 1847 γὰρ
1531 1812 1619 1838 κτίσει
1631 1812 1780 1848 συνιούσης
1797 1814 1846 1840 καὶ

1046 1856 1307 1893 προσλαμϐανούσης
1317 1857 1348 1884 τὺ
1358 1857 1512 1891 ὁμόδουλον,
1524 1858 1601 1884 οὐδὲν
1613 1857 1674 1885 οὔτε
1686 1859 1742 1886 τῶν
1752 1860 1847 1895 amp-1

1047 1904 1136 1938 ρήτων
1157 1903 1321 1939 παρέπεται,
1340 1902 1403 1930 οὔτε
1418 1904 1511 1938 οαῦμα
1525 1904 1565 1939 τῷ
1587 1904 1779 1940 ἀκαταλήπτῳ
1796 1906 1845 1932 καὶ

1044 1948 1083 1984 τῷ
1098 1948 1204 1984 πλούτῳ
1220 1949 1268 1984 τῆς
1283 1948 1490 1983 φιλανθρωπίας
1503 1949 1553 1985 τὴν
1570 1949 1704 1985 ἔκπληξιν
1718 1952 1846 1986 παρεχό-

1047 2004 1138 2031 μενον.
1162 1995 1195 2022 Τι
1211 1995 1266 2030 γὰρ
1289 1996 1406 2029 ἄγγελον
1431 1995 1598 2030 θαυμαστὸν,
1614 1996 1641 2022 τί
1653 1995 1682 2022 δὲ
1697 1996 1752 2023 τῶν
1769 1998 1843 2033 ἀλή-

1044 2050 1130 2074 πτων,
1142 2041 1287 2076 ἀνθρώπου
1300 2041 1381 2076 φύσιν
1392 2041 1674 2077 προσοικειώσασθαις
1688 2043 1845 2078 Κτίσματα

1043 2088 1097 2123 γὰρ
1113 2088 1196 2123 ἄμφω
1209 2087 1256 2114 καὶ
1272 2087 1413 2123 ὁμόδουλοι
1425 2088 1473 2114 καὶ
1486 2088 1591 2123 τροπῆς
1606 2088 1771 2123 μετέχοντες
1782 2097 1789 2104 ·
1817 2090 1842 2115 εξ

1043 2134 1091 2159 καὶ
1110 2133 1124 2159 ὁ
1146 2132 1195 2167 μὲν
1217 2132 1327 2167 μᾶλλον,
1343 2133 1358 2159 ὁ
1373 2132 1400 2159 δὲ
1417 2132 1612 2168 τετίμηται,τὸ
1629 2132 1797 2159 ἐπέλαττον·
1817 2135 1843 2160 ει

202 2180 284 2206 quam
296 2173 364 2200 alter
384 2173 500 2208 majore.
524 2173 593 2201 alter
609 2174 716 2201 minore
741 2173 859 2201 aﬂicitur
876 2173 988 2200 honore.

1085 2178 1200 2213 τρεπτδν
1213 2178 1353 2212 ἑκάτερος,
1370 2177 1467 2212 ἄδηλόν
1479 2178 1504 2212 γ’
1516 2178 1568 2209 ἕως
1583 2177 1633 2212 τῆς
1647 2177 1774 2209 ἐνώσεως
1790 2187 1842 2212 γε-

204 2217 299 2246 Utrum
319 2227 385 2247 vero
404 2224 521 2255 uterque
538 2220 724 2248 convertibilis
747 2220 793 2253 sit,
809 2220 904 2248 lateret
924 2228 1005 2247 sane.

202 2273 290 2300 usque
314 2265 346 2292 ad
367 2266 589 2301 coniunctionem
606 2270 758 2300 patratam;
787 2265 841 2294 nisi
859 2265 990 2294 adversus

201 2311 390 2346 prrevalcntem
414 2319 477 2346 pars
501 2312 616 2339 inferior
637 2312 724 2339 eidem
750 2311 866 2339 obnoxia
883 2311 987 2338 lancem

201 2357 362 2390 inclinaret;
388 2357 431 2384 vel
456 2357 509 2385 nisi
530 2357 657 2385 nobiliori
672 2357 742 2392 parti
764 2357 924 2392 praevaleret
937 2356 986 2384 de-

199 2402 296 2430 terior.
651 2423 656 2427 _

233 2447 261 2475 5.
291 2447 344 2475 Sed
369 2447 442 2474 enirn
475 2455 571 2482 parum
601 2446 688 2474 abfuit
721 2445 990 2482 quin'obliriscerer

198 2501 290 2522 causa!
306 2494 465 2529 potissimm,
481 2502 530 2522 cur
545 2494 567 2521 si
583 2494 695 2528 angelus
712 2498 760 2520 aut
775 2494 890 2528 simplex
907 2494 990 2523 homo

199 2547 364 2574 recuperare
387 2547 438 2567 nos
457 2548 472 2567 a
494 2541 571 2574 lapsu
592 2540 703 2567 molitus
718 2544 800 2570 esset.
819 2547 990 2574 nequaquam

198 2584 286 2611 salute
306 2584 358 2610 frui
376 2592 521 2619 possemus
538 2595 545 2612 :
570 2586 670 2620 quippe
687 2585 751 2618 quia
767 2585 950 2620 pulcherrima
965 2589 992 2612 et

1041 2224 1210 2259 γενημένηςο
1227 2224 1250 2250 εἰ
1265 2223 1303 2259 μὴ
1318 2223 1386 2259 πρὸς
1401 2223 1450 2258 τὴν
1463 2223 1665 2258 ἐπικρατοῦσαν
1685 2224 1794 2259 τροπὴν
1810 2226 1841 2251 τὸ

1041 2272 1187 2299 ἐπέλαττον
1198 2272 1283 2307 αὐτῆς
1300 2273 1434 2307 μετασχὸν
1451 2272 1528 2299 λάϐοι
1541 2273 1590 2308 τὴν
1603 2272 1700 2308 ῥοπὴν,
1718 2273 1735 2308 ἦ
1752 2273 1841 2308 εἰπερ

1040 2318 1221 2354 ἐπικρατήσω
1233 2318 1280 2345 τοῦ
1296 2319 1419 2351 πλείονος
1429 2318 1460 2346 τὸ
1475 2319 1635 2346 ἐπέλαττον.

1077 2450 1109 2474 ε’.
1136 2447 1216 2475 Ἀλλὰ
1235 2447 1290 2484 γὰρ
1305 2447 1404 2483 μικροῦ
1422 2456 1455 2483 με
1471 2448 1640 2484 παρῆλθε.νὴ
1658 2449 1734 2475 αίτία
1749 2449 1787 2475 δι’
1803 2450 1842 2485 ἣν

1042 2495 1161 2530 μάλιστα
1181 2494 1260 2530 εἴπερ
1285 2494 1400 2529 ἄγγελος
1421 2495 1438 2531 ἢ
1467 2495 1545 2530 ψιλὸς
1562 2496 1705 2530 ἄνθρωπος
1722 2497 1840 2523 ἀνασώ-

1041 2540 1137 2567 σασθαι
1152 2540 1227 2576 ἡμᾶς
1239 2539 1288 2567 τοῦ
1302 2540 1448 2575 πτῴματος
1464 2541 1657 2576 προεσέὸλητο,
1671 2542 1732 2577 οὐχὶ
1744 2551 1842 2578 σωτη-

1041 2586 1101 2621 ρίας
1125 2585 1227 2620 μᾶλλον
1248 2586 1439 2621 ἀπηλαύομεν,
1463 2586 1531 2613 ἀλλὰ
1549 2587 1597 2613 τοῦ
1613 2587 1757 2614 καλλίστου
1786 2591 1842 2617 καὶ

198 2629 397 2664 pretiosissima
419 2634 447 2658 et
469 2631 600 2658 inetl‘abili
625 2631 712 2666 gloria
733 2631 884 2658 hutnanum
900 2637 986 2666 genus

1079 2630 1205 2657 ιιωτάτου
1221 2631 1267 2657 καὶ
1281 2630 1329 2665 τῆς
1342 2630 1621 2666 ἁνεκφράστουλδόξης
1631 2632 1661 2658 τὸ
1673 2632 1750 2666 γένος
1763 2641 1842 2660 κατ-

197 2675 345 2703 excideret.
363 2676 506 2710 Quomodo
523 2677 548 2705 id
571 2678 612 2705 vel
626 2685 708 2713 quam
726 2677 761 2705 ob
773 2679 904 2705 causam?
919 2676 985 2712 quia

1040 2676 1150 2704 έπιπτε.
1174 2676 1237 2707 Πῶς
1253 2676 1282 2703 δὲ
1311 2676 1358 2703 καὶ
1372 2676 1416 2704 διὰ
1431 2677 1512 2704 ποίαν
1528 2677 1639 2710 αἰτίαν;
1667 2677 1761 2713 ὅτιπερ
1780 2680 1842 2706 οὐκ

197 2721 302 2749 scilicet
322 2729 356 2750 ne
370 2724 500 2752 accedere
519 2723 630 2760 quidem
654 2724 756 2752 nedum
776 2723 931 2758 pertingere
950 2722 985 2750 ad

1087 2723 1154 2757 ἡμῖν
1164 2717 1276 2750 δυνατὸν
1290 2722 1351 2750 οὐδὲ
1363 2723 1447 2757 ἐγγὺς
1460 2724 1552 2758 τυχεῖν
1564 2722 1606 2756 οἷς
1617 2723 1665 2750 νῦν
1682 2723 1730 2751 τοῦ
1740 2724 1842 2759 Λόγου

953 2798 1067 2831 NOTAE,
1781 2796 1802 2802 ’

235 2859 290 2894 (Si)
302 2859 424 2888 Notanda
438 2863 480 2886 est
492 2859 548 2885 hmc
559 2857 648 2885 Photii
659 2857 693 2885 de
703 2857 863 2886 custodibus
875 2858 980 2893 angelis
999 2858 1135 2887 doctrinm.
