1863 3064
80 117 132 149 (r29

536 112 586 141 AI)
613 111 906 141 AMPIIILUCIIIUNI
927 112 1098 147 QUESTIO
1117 113 1229 142 CXCII.

1649 113 1701 144 930

81 165 266 203 σαρκωθέντος
281 165 459 201 ὲντρυφῶμεν
473 166 520 192 καὶ
537 166 709 199 ἀπολαύομεν
729 166 782 191 τῶν
799 166 860 200 ὑπὲρ

950 175 963 192 a
988 166 1058 193 bona
1082 166 1188 199 liceret,
1207 167 1306 201 quibus
1329 173 1412 198 nunc,
1437 166 1526 193 Verbo
1548 166 1699 198 incarnato.

79 215 190 240 ἔννοιαν.
217 211 273 238 Ποῦ
288 211 343 246 γὰρ
358 211 374 247 ἦ
390 212 449 244 πῶς
465 212 497 238 ἂν
513 212 552 246 τῷ
570 213 696 247 ἡμετέρῳ
711 213 786 246 γένει
801 212 862 237 ἐκε-

81 259 200 293 χάριστο,
226 257 401 293 ἀνθρωπίνης
416 257 523 292 φύσεως
538 258 554 293 ἢ
573 258 722 292 ἀγγελικῆς
735 258 784 292 τὴν
802 259 865 293 περὶ

79 306 150 340 ἡμᾶς
171 305 329 340 οἰκονομίαν
346 305 551 340 ὺπερχομένης,
577 305 606 331 ὲν
623 305 697 339 δεξιᾷ
722 303 768 330 τοῦ
797 304 864 331 Θεοῦ

79 351 124 377 καὶ
143 351 250 385 Πατρδς
276 350 432 385 ἱδρυνθῆναι
460 351 507 378 καὶ
527 351 618 384 πάσης
642 351 791 386 ἀγγελικῆς
818 350 865 376 καὶ

77 398 256 432 άρχαγγέλων
284 396 463 432 χοροστασίας
491 397 618 431 ὑπεράνω
646 396 790 430 γενέσθαι,
817 396 864 423 καὶ

76 444 157 477 τιμῆς
168 443 215 468 καὶ
226 442 305 476 δόξης
316 441 471 468 ἀπολαῦσαι
481 441 614 476 τοσαύτης
627 442 674 467 καὶ
687 441 862 476 τηλικαύτης,

76 489 111 519 ὡς
130 487 178 514 καὶ
192 487 280 514 αὐτῶν
290 487 345 513 τῶν
357 487 413 513 ἀνω
426 487 565 522 δυνάμεων
582 487 629 514 καὶ
643 487 786 521 ἐγγυτάτω
796 486 864 513 Θεοῦ

76 533 243 568 ἑστηκότων,
253 532 457 567 ἐπιθυμούντων
465 532 514 565 μὲν
527 534 566 564 εἰς
573 533 624 567 τὴν
636 533 773 568 ἡμετέραν
785 533 864 565 δόξαν

75 578 107 615 ἦς
120 579 165 606 διὰ
184 579 231 605 τοῦ
247 579 408 614 φυράματος
422 579 594 613 ἀπολαύομεν
607 579 784 614 παρακύψαι,
802 580 863 614 μεί-

75 627 138 658 ζονα
157 625 186 651 δὲ
204 625 252 659 τὴν
269 625 411 659 ἐπιτυχίαν
428 626 477 659 τῆς
492 624 640 659 ἐπιθυμίας
662 625 860 658 εύρισκόντων;

75 671 182 706 Ταύτης
199 671 227 696 δέ
247 679 278 704 γε
298 671 348 705 τῆς
373 670 511 704 μακαρίας
532 671 578 697 καὶ
602 671 789 705 ἀνεκφράστου
815 671 863 697 καὶ

75 719 145 752 ὑπὲρ
170 718 275 744 ἔννοιαν
303 717 406 752 λήξεως
427 717 475 743 τοῦ
503 717 672 753 ἀνθρωπίνου
699 717 794 751 γένους
812 719 862 752 τὴν

74 765 204 799 στέρησιν
227 763 418 798 ὑπομένοντος,
438 764 486 790 ἅτε
508 763 540 798 δὴ
555 763 622 798 μηδὲ
640 763 686 790 τοῦ
701 764 862 798 φυράματος

72 810 152 843 ἡμῶν
167 809 200 836 δι’
213 810 386 844 ἀνθρωπίνης
398 810 414 843 ἢ
427 809 574 844 ἀγγελικῆς
585 808 708 840 ὲνώσεως
722 808 771 843 τῆς
782 808 861 844 δόξης

917 212 1088 240 abundamus
1104 219 1185 248 atque
1200 212 1365 247 perfrnimur
1379 220 1462 247 supra
1486 221 1569 247 quam
1588 214 1700 250 cogitari

916 262 1015 291 potest.
1031 258 1146 290 Quando
1167 259 1239 285 enim
1261 263 1308 285 aut
1326 258 1465 293 quomodo
1489 263 1583 286 nostro
1608 260 1700 295 generi

915 311 1075 329 concessum
1092 303 1203 336 fuisset,
1223 306 1246 330 si
1261 303 1379 330 humana
1397 308 1492 330 natura
1513 309 1560 330 aut
1579 304 1701 339 angelica

916 349 1128 383 redemptionem
1157 355 1278 377 nostram
1303 350 1502 384 procurandam
1526 351 1699 384 sumpsisset.

916 394 942 420 in
962 394 1006 421 Dei
1021 395 1164 430 Patrisque
1179 395 1291 423 dextera
1306 396 1444 428 collocari,
1458 403 1593 430 superque
1604 404 1701 424 omnes

915 440 1073 474 angelorum
1111 446 1193 475 atque
1230 441 1457 474 archangelorum
1495 441 1594 468 choros
1625 442 1700 468 exal-

916 486 966 513 tari
979 486 1002 501 “
1012 487 1030 519 ',
1056 486 1158 521 talique
1174 491 1201 513 et
1221 491 1294 513 tanta
1320 486 1404 521 gloria
1426 486 1492 519 frtri,
1516 491 1546 513 ut
1565 487 1629 521 ipsa:
1651 495 1701 513 su—

916 538 1007 564 perna:
1022 531 1136 558 virtutes
1151 539 1212 566 quae
1226 531 1310 558 Deum
1334 533 1456 566 proxime
1483 532 1700 564 circumsistunt,

918 575 1107 603 desiderarent
1124 577 1234 611 quidem
1257 577 1282 603 in
1308 581 1430 604 nostram
1444 577 1570 612 gloriam.
1595 585 1649 612 qua
1672 578 1699 604 in

916 630 998 649 carne
1015 623 1177 654 l'rueremur,
1200 623 1373 658 prospicere;
1390 624 1437 651 sed
1456 632 1512 650 rem
1529 629 1618 650 tamen
1637 629 1701 650 voto

914 676 964 695 suo
989 669 1157 702 superiorem
1189 676 1250 696 esse
1283 669 1433 696 seruirent?
1464 669 1521 703 Age
1553 676 1619 696 vero
1650 669 1702 696 hac

916 715 994 742 beata
1010 719 1036 740 et
1051 713 1180 741 ineffabili
1197 722 1278 749 supra
1296 722 1376 749 quam
1392 714 1505 749 Cogitari
1521 720 1611 750 potest
1627 721 1701 742 sorte

915 759 1064 786 humanum
1090 767 1176 794 genus
1203 760 1225 786 si
1249 759 1344 787 fuisset
1369 760 1528 793 exclusum;
1552 768 1650 794 nempe
1675 761 1698 787 si

916 812 981 831 caro
1002 810 1105 838 nostra,
1125 810 1235 840 propter
1250 805 1378 832 humanm
1395 805 1579 840 angeliczeque
1593 810 1700 834 naturae

73 857 100 881 ὲν
159 855 207 882 νῦν
226 856 360 890 ἐκλάμπει
385 855 434 889 τὴν
457 855 605 881 ἀπόλαυσιν
632 854 860 888 προσειληφότας,

951 850 1152 884 njunctionem,
1167 851 1280 884 gloriam
1296 851 1369 878 illam
1386 859 1439 886 qua
1454 859 1528 878 nunc
1544 851 1629 886 fulget
1645 859 1698 878 non

73 903 142 936 μηδὲ
160 902 230 936 πρὸς
251 901 300 937 τὴν
314 901 443 937 τοιαύτην
460 901 540 936 ἡμῶν
552 900 763 936 ἀναδραμόντων
784 901 862 935 ἰσχὺν

71 948 117 975 καὶ
135 947 232 983 ῥώμην
242 947 288 973 καὶ
299 947 347 981 τῆς
362 947 444 981 τιμῆς
459 946 488 972 τὸ
504 945 651 981 ἐξαίρετον,
667 946 727 972 τίνα
742 946 774 972 ἂν
788 954 861 982 παρ-

71 993 139 1028 ῆκεν
170 994 184 1019 ὁ
208 992 303 1027 ἐχθρὸς
325 991 386 1018 καθ’
412 991 490 1026 ἡμῶν
519 992 636 1027 τόλμαν;
664 991 740 1022 τίνας
766 991 787 1018 δ’
812 992 862 1018 οὐκ

71 1038 195 1066 ἀνεκίνει
226 1038 366 1073 μηχανὰς,
391 1037 426 1063 δι’
446 1033 483 1064 ὦν
501 1036 581 1062 πάλιν
607 1036 719 1068 ἐλπίδας
751 1036 863 1071 ἔτρεφεν

72 1084 228 1118 ὑποχείριον
243 1083 335 1109 λαϐεῖν
355 1083 386 1109 τὸ
403 1082 501 1116 γένος,
522 1082 569 1108 καὶ
593 1082 646 1108 ὑπὸ
671 1082 720 1118 τὴν
744 1082 863 1117 ἀρχαίαν

71 1128 156 1154 αὐτοῦ
180 1128 347 1154 καθελκύσαι
368 1127 532 1162 τυραννίδας
560 1127 630 1153 κατᾶ
658 1127 738 1154 τίνων
763 1127 810 1154 καὶ
832 1127 862 1154 τὸ

71 1173 175 1209 κράτος
192 1173 336 1199 ἀναλαϐεῖν
351 1172 401 1198 οὐκ
417 1172 544 1207 ἐπήρθης
565 1173 612 1199 καὶ
627 1173 656 1198 τὺ
670 1172 803 1207 φρύαγμα
815 1173 862 1198 τοῦ

71 1216 210 1252 προτέρου
225 1217 318 1251 μεῖζον
341 1217 391 1242 οὐκ
411 1217 606 1248 ὲναπεδείκνυ;
623 1217 670 1243 καὶ
685 1216 730 1243 τὸν
749 1217 862 1252 οὐρανὸν

71 1263 154 1289 αὑτὸν
172 1263 412 1296 πολυπραγμονεῖν
428 1261 477 1295 οὐχ
491 1261 584 1296 ἠγεῖτο
607 1261 723 1296 τόλμανς
739 1262 782 1288 διὰ.
797 1262 861 1296 γοῦν

70 1307 159 1334 ταῦτα
174 1307 222 1334 καὶ
234 1306 320 1332 πολλά
334 1306 457 1336 τοιαῦτα,
472 1306 608 1339 θεοσόφως
622 1307 675 1341 ἄρα
690 1308 737 1333 καὶ
750 1307 862 1341 θεοπρε-

70 1353 129 1384 πῶς
145 1354 159 1379 ὁ
173 1352 219 1378 τοῦ
237 1351 305 1378 Θεοῦ
322 1352 407 1385 Λόγος
426 1352 473 1377 καὶ
493 1351 552 1382 Υἱδς
567 1353 614 1378 καὶ
631 1352 696 1383 Θεὸς
719 1352 860 1387 ἀληθινὸς,

70 1400 116 1426 καὶ
132 1399 184 1433 οὐχ
198 1397 291 1432 ἕτερός
307 1405 348 1428 τις
366 1396 431 1431 παρ’
443 1397 525 1423 αὐτὸν
536 1416 543 1428 ,
559 1397 607 1431 τὴν
627 1398 762 1432 ἡμετέραν
781 1407 863 1433 προσ-

70 1441 193 1477 ειληφὼς
208 1442 297 1476 σάρκα
307 1440 355 1476 τὴν
373 1441 464 1475 κοινὴν
479 1439 526 1466 τοῦ
539 1441 632 1474 γένους
648 1443 785 1478 σωτηρίαν
803 1444 860 1478 alp-

69 1489 187 1521 γάσατο.

329 1545 497 1573 ΕΡΩΤΗΣΙΣ
523 1546 604 1579 Ριῐῑι.

72 1594 102 1620 Τί
113 1592 229 1627 δήποτε
239 1592 314 1620 κατὰ
323 1594 376 1619 τὸν
383 1593 535 1626 μέλλοντα
549 1592 641 1619 αἰῶνα
655 1591 758 1626 κριτὴς
765 1592 859 1626 μόνος

319 1628 469 1658 καθέζεται
487 1629 504 1654 ὀ
526 1627 611 1660 Υίός;

917 895 1014 923 fuisset
1039 896 1146 930 adepta,
1167 903 1255 930 neque
1278 896 1310 922 ad
1337 897 1385 923 bas
1409 896 1480 924 vires
1508 901 1590 932 atque
1616 897 1700 924 robur

915 942 1085 978 honorisque
1108 943 1215 969 culmen
1241 950 1290 969 nos
1313 950 1436 970 essemus
1460 945 1562 976 evecti;
1586 951 1699 970 curnam

915 988 1040 1015 diabolus
1064 988 1205 1014 audaciam
1222 995 1299 1015 suam
1316 988 1342 1014 in
1369 996 1420 1016 nos
1436 996 1489 1016 non
1512 989 1702 1023 expromeret?

915 1041 983 1068 quas
1000 1033 1141 1061 machinas
1157 1042 1209 1061 non
1227 1034 1366 1061 moveret?
1382 1042 1450 1069 quas
1465 1034 1554 1062 adhuc
1568 1043 1630 1069 spes
1646 1042 1703 1062 non

916 1081 1044 1112 nutriret,
1061 1081 1119 1107 fore
1138 1086 1165 1107 ut
1181 1081 1278 1107 iterum
1298 1089 1383 1115 genus
1400 1086 1522 1108 nostrum
1544 1081 1596 1108 sibi
1612 1080 1701 1116 subji—

916 1129 1000 1157 ceret,
1024 1125 1162 1159 veterique
1186 1125 1323 1160 tyrannidi
1348 1125 1520 1152 vindicaret?
1543 1133 1622 1160 quem
1646 1133 1699 1152 non

915 1170 1042 1204 potentiae
1052 1178 1108 1197 suae
1119 1171 1222 1198 viribus
1248 1171 1458 1206 attemperaret?
1473 1179 1527 1197 non
1543 1171 1700 1205 superbiam

916 1215 1008 1250 priore
1024 1215 1154 1250 majorem
1171 1217 1308 1243 sumeret?
1324 1225 1390 1260 sane
1412 1225 1461 1244 nec
1477 1218 1525 1252 ipsi
1543 1217 1611 1244 ctelo
1635 1217 1700 1245 insi-

915 1262 984 1288 diari
1010 1262 1185 1289 temerarium
1213 1263 1265 1290 sibi
1291 1263 1423 1290 crederet.
1449 1262 1489 1290 0b
1515 1263 1571 1290 haec
1596 1268 1624 1290 et
1648 1263 1699 1290 alia

915 1307 1102 1341 hujuscemodi
1130 1308 1257 1343 plurima,
1282 1309 1483 1343 sapientissime
1512 1310 1651 1336 enimvero
1674 1315 1700 1336 et

915 1353 1174 1380 convenientissima
1200 1353 1245 1381 Dei
1271 1353 1391 1380 Verbum
1420 1360 1447 1381 et
1471 1354 1556 1382 Filius
1578 1360 1605 1382 el.
1629 1355 1700 1382 Deus

915 1406 1008 1431 verus,
1027 1407 1079 1425 non
1096 1399 1166 1426 alius
1180 1400 1328 1434 quispiam,
1345 1409 1427 1428 carne
1441 1401 1492 1428 sibi
1506 1403 1698 1438 circumposita

914 1453 1089 1472 communem
1103 1447 1209 1481 generis
1223 1446 1337 1473 salutem
1356 1453 1484 1482 operatus
1497 1454 1547 1476 est.

911 1544 1076 1577 QUIESTIO
1095 1545 1186 1573 CXCII
1221 1545 1314 1581 {CoisL
1335 1546 1450 1573 CCXXI.
1479 1547 1560 1575 Taur.
1582 1549 1697 1584 CCXII].

913 1591 967 1618 Cur
982 1592 1010 1618 in
1022 1591 1114 1625 futuro
1129 1591 1225 1618 saeculo
1241 1592 1313 1619 solus
1333 1593 1418 1626 jndez
1436 1593 1524 1620 Filius
1548 1594 1637 1620 sedeat
1655 1595 1699 1621 “7

693 1681 762 1706 Edita
777 1689 790 1706 a
802 1681 864 1706 Maio
878 1682 906 1712 (ι.
919 1688 940 1706 c.
951 1681 998 1706 200
1008 1681 1083 1712 δρψ).

102 1734 234 1762 utilium
260 1735 309 1770 μὲν
334 1734 499 1769 δημιουργία
528 1734 575 1760 καὶ
601 1734 675 1760 πᾶσα
691 1733 801 1769 πρᾶξις,
826 1734 860 1768 ἣν

69 1781 194 1815 ἐνεργεῖν
204 1780 312 1813 λέγεται
325 1779 372 1814 μία
383 1779 438 1805 τῶν
445 1779 620 1806 ὺποστάσεων
631 1778 684 1804 τῶν
694 1778 857 1812 θεαρχικᾶ·ν,

69 1825 160 1852 κοινὸν
188 1825 267 1860 ἔργον
297 1825 356 1850 ἐστὶ
387 1825 434 1850 καὶ
459 1824 514 1850 τῶν
531 1824 636 1854 ἄλλων,
669 1824 720 1849 ὅσα
751 1831 783 1857 γε
818 1824 858 1854 είς

69 1870 117 1906 τὴν
142 1871 238 1904 ὁμοίαν
259 1870 387 1905 πρόνοιαν
409 1867 471 1905 ἧκε,
488 1870 535 1896 καὶ
558 1869 588 1896 τδ
602 1871 651 1904 τῆς
669 1869 793 1900 ἐξουσίας
809 1869 857 1895 καὶ

69 1916 239 1950 ἀγαθότητος
255 1915 465 1950 ἀπαράλλακτον
491 1915 539 1941 καὶ
558 1915 657 1941 ὲνιαῖον
680 1915 730 1949 τῆς
744 1915 857 1949 βουλῆς·

67 1962 105 1997 τῷ
120 1962 150 1988 δέ
177 1969 208 1996 γε
233 1961 290 1996 Υἱῷ
304 1961 353 1996 τῆς
378 1960 529 1995 μελλούσης
554 1960 671 1995 κρίσεως
699 1960 859 1995 ἀφορίζεται

66 2009 96 2035 τὸ
110 2007 223 2042 ἀξίωμα
243 2007 287 2033 διὰ
304 2006 404 2037 πολλάς
420 2006 469 2032 καὶ
494 2006 655 2040 θεοπρεπεῖς
683 2007 798 2039 ἐννοίας,
809 2007 858 2041 οὐχ

66 2055 103 2086 ὡς
121 2053 288 2088 ἀφεστώτων
310 2053 358 2079 τοῦ
377 2052 484 2087 Πατρδς
509 2052 526 2087 ἦ
552 2053 599 2079 τοῦ
621 2052 780 2087 Πνεύματος
807 2053 857 2088 τῆς

66 2100 224 2134 συνεργίας,
240 2099 287 2125 τὸν
306 2099 334 2125 δὲ
356 2099 420 2126 Υίὺν
435 2100 526 2133 κρίσιν
538 2099 737 2134 ἀναδεξάμενον
753 2099 855 2134 ταύτης

66 2146 141 2180 ἔχειν
155 2145 205 2180 τὴν
222 2145 385 2180 ἡγεμονίαν·
403 2145 512 2180 πρῶτον
530 2145 577 2179 μὲν
599 2145 667 2171 διότι
684 2145 854 2179 Δημιουργὸς

66 2192 114 2217 καὶ
129 2191 270 2224 οίκονόμος
282 2190 362 2221 αὐτὸς
377 2190 486 2224 λέγεται
500 2190 553 2216 τῶν
568 2199 597 2216 τε
607 2189 854 2224 δημιουργημάτων

64 2236 83 2264 ἃ.
106 2237 170 2263 κατ’
192 2237 280 2272 ἀρχὰς
298 2238 330 2262 ὲκ
355 2237 392 2271 μὴ
412 2236 496 2262 ὄντων
524 2236 638 2270 ὑπέστη,
655 2235 768 2269 καὶτῆς
785 2236 854 2270 μετὰ

64 2284 114 2318 τὴν
133 2284 279 2319 συντριῦὴν
300 2282 347 2309 τοῦ
371 2282 540 2317 ἀνθρωπίνου
564 2282 659 2315 γένους
681 2281 855 2312 ἁνανεώσεώς

64 2338 93 2355 τε
110 2330 159 2355 καὶ
178 2329 367 2360 ἀναπλάσεως.
381 2329 454 2354 Ἔδει
466 2328 494 2354 δὲ
509 2328 563 2364 ἄρα
573 2327 602 2358 ὃς
615 2327 665 2362 τὴν
673 2327 855 2362 δημιουργίαν

65 2374 113 2400 καὶ
128 2375 258 2407 πρόνοιαν
276 2375 326 2407 τῆς
351 2373 502 2408 ἀνθρώπων
517 2373 623 2407 φύσεως
642 2373 704 2399 καθ’
718 2374 855 2408 ἑκατέραν

65 2419 233 2455 προαγωγὴν
255 2420 417 2452 ἀνεδέξατο,
445 2419 538 2445 τοῦτον
567 2420 658 2450 αὐτοῖς
683 2419 730 2446 καὶ
759 2418 855 2454 κριτὴν

64 2466 242 2492 καθεττὰναι·
262 2466 404 2500 συνέχεται
432 2466 484 2501 γὰρ
504 2466 551 2492 καὶ
575 2464 798 2491 συνδιαπλέκεται
820 2466 854 2500 τῇ

62 2511 231 2546 δημιουργία
256 2511 305 2545 μὲν
328 2512 345 2545 ἡ
372 2511 495 2545 πρόνοια,
520 2511 553 2545 τῇ
577 2511 691 2546 προνοίᾳ
715 2511 742 2536 δὲ
763 2513 779 2546 ἡ
800 2511 854 2537 τῶν

63 2558 272 2592 προνοουμένων
288 2557 378 2591 χρίσις
395 2557 441 2582 καὶ
461 2556 593 2589 ἐξέτασις.
620 2558 721 2592 Διόπερ
737 2558 854 2592 εὐλόγως

63 2611 93 2628 τε
106 2603 153 2628 καὶ
167 2603 279 2633 δικαίως
327 2603 357 2628 τὸ
370 2602 475 2634 κτίζειν
490 2604 536 2629 καὶ
551 2603 738 2635 ἀνακαινίζειν
754 2603 853 2638 πρᾶξις

62 2649 172 2682 γέγονε,
190 2649 257 2684 πρὸς
281 2648 376 2675 τοῦτον
402 2650 448 2676 καὶ
461 2649 511 2684 τὴν
526 2650 616 2684 κρίσιν
628 2649 674 2675 τοῦ
694 2650 852 2684 πλάσματος

63 2694 248 2728 ἀναφέρεσθαι
262 2701 268 2708 ·
287 2693 413 2728 δεύτερον
427 2693 465 2725 δὲ,
480 2696 504 2720 εἰ
523 2694 667 2728 νομοθέτου
684 2695 802 2729 μάλιστα
820 2695 851 2722 τὸ

63 2739 166 2774 κρίνειν
178 2740 240 2770 τοὺς
247 2738 287 2771 οἷς
300 2740 369 2766 κατὰ
380 2739 460 2774 χάριν
469 2740 650 2775 ἐνομοθετήθη
663 2740 783 2768 πολιττύε
789 2741 850 2769 σθαι

100 2811 108 2819 ⁴
122 2808 142 2823 "'
158 2807 249 2836 IPelI'.
272 2815 290 2840 Ι,
309 2808 353 2834 12.
391 2807 413 2823 ⁵⁵
426 2808 485 2835 Act.
504 2816 528 2839 κ,
545 2809 589 2835 42.

221 2855 354 2884 ΡΑτιιοι,.
379 2854 435 2884 Gn.
461 2856 510 2886 Cl.

950 1733 976 1760 Ι.
1004 1733 1114 1760 Creatio
1131 1732 1223 1759 omnis
1248 1738 1330 1767 atque
1354 1734 1437 1767 actio,
1463 1742 1544 1768 quam
1571 1743 1697 1764 exserere

911 1779 1012 1806 dicitur
1025 1779 1178 1806 divinarum
1196 1787 1375 1813 persmaarum
1389 1788 1453 1811 una.
1469 1788 1613 1808 commune
1628 1791 1695 1817 opus

910 1830 1070 1851 cauerat-um
1097 1829 1149 1856 est,
1167 1824 1231 1858 quia
1257 1824 1383 1851 videlicet
1402 1825 1435 1851 ad
1455 1826 1580 1852 eamdem
1600 1828 1695 1861 provi-

909 1871 1031 1898 dentiam
1047 1874 1162 1903 spectat,
1179 1875 1260 1905 atque
1276 1878 1309 1897 ex
1326 1871 1420 1897 eodem
1440 1872 1594 1905 potestatis,
1616 1873 1694 1900 boni-

910 1916 974 1942 tatis
994 1920 1076 1950 atqne
1097 1915 1205 1942 consilii
1230 1920 1304 1942 certo
1327 1920 1354 1942 et
1373 1916 1455 1943 unico
1472 1917 1546 1944 fonte
1563 1918 1692 1951 procedit.

908 1959 1043 1986 Czeterum
1071 1959 1140 1987 Filio
1157 1959 1240 1986 futuri
1270 1960 1364 1994 judicli
1390 1961 1508 1997 dignitas
1533 1963 1632 1990 multas
1659 1963 1692 1990 oi:

910 2014 1008 2034 causas
1024 2013 1214 2042 congruasque
1229 2006 1368 2039 tribuitur,
1389 2015 1442 2034 non
1456 2012 1546 2035 tamen
1563 2009 1626 2043 quia
1641 2008 1694 2036 Pa-

907 2057 949 2080 ter
975 2057 1002 2079 et
1026 2051 1145 2086 Spiritus
1169 2060 1184 2079 a
1212 2053 1343 2080 societate
1366 2053 1458 2087 operis
1484 2053 1583 2083 absint.
1609 2053 1694 2083 Filius

909 2103 999 2125 autem
1031 2098 1213 2132 principaturu
1238 2098 1320 2133 hujus
1347 2089 1550 2133 operis‘tenet,
1574 2101 1692 2135 primum

908 2144 971 2179 quia
995 2143 1111 2171 Creator
1133 2144 1393 2178 administratorque
1420 2145 1517 2172 dicitur
1539 2152 1693 2173 creatarum

908 2198 1012 2222 rerum,
1025 2197 1094 2225 quas
1110 2190 1188 2217 initio
1201 2198 1216 2216 e
1232 2190 1317 2216 nihilo
1332 2190 1443 2223 eduxit;
1459 2191 1522 2218 item
1535 2192 1599 2226 quia
1612 2199 1694 2227 gene-

868 2249 894 2279 D
909 2237 946 2262 ris
966 2235 1078 2263 humani
1095 2241 1156 2270 post
1170 2236 1275 2270 lapsum
1295 2237 1442 2263 renovandi
1467 2237 1694 2272 iustaurandique

908 2287 1004 2309 auctor
1021 2281 1135 2309 exstitit.
1152 2281 1223 2316 Ergo
1245 2281 1398 2315 oportebat,
1416 2282 1462 2315 qui
1485 2282 1641 2309 Creatorem
1663 2290 1693 2310 se

904 2328 1145 2362 providentemque
1174 2328 1301 2354 humana:
1328 2332 1432 2354 naturae
1462 2331 1579 2363 utroque
1611 2335 1693 2363 opere

905 2375 1080 2407 exhibuerat,
1098 2371 1171 2402 hunc
1185 2374 1210 2401 ei
1224 2374 1343 2409 judicern
1368 2382 1476 2408 quoque
1495 2374 1565 2401 dari.
1583 2373 1690 2401 Etenim

904 2421 1037 2448 creationi
1060 2428 1153 2448 comes
1179 2425 1261 2455 atque
1284 2420 1415 2455 implicita
1439 2424 1480 2447 est
1495 2420 1663 2455 providentia
1683 2431 1689 2448 :

905 2466 1104 2501 providentiam
1129 2466 1307 2500 consequitur
1327 2466 1461 2500 judicatio
1486 2466 1691 2500 exploratioqne

906 2521 999 2540 earum
1015 2520 1105 2540 rerum
1121 2513 1221 2547 quibus
1236 2513 1403 2547 provide-tur.
1422 2512 1511 2545 Quare
1532 2517 1593 2547 apte
1606 2513 1691 2547 juste—

906 2566 958 2594 que
982 2559 1026 2586 cui
1055 2559 1157 2585 ereatio
1182 2559 1376 2591 renovatioque
1405 2563 1518 2593 accepta
1534 2558 1628 2590 fertur,
1657 2559 1690 2585 ad

905 2612 968 2632 eum
989 2604 1123 2638 judicium
1143 2611 1253 2638 quoque
1271 2604 1309 2630 rei
1328 2604 1405 2630 factae.
1427 2604 1552 2631 refertur.
1576 2603 1688 2636 Deinde,

907 2651 930 2678 si
947 2651 1113 2685 legislaloris
1130 2650 1248 2677 olliciom
1262 2654 1303 2676 est
1316 2650 1440 2684 judicare
1461 2658 1507 2677 eos
1527 2650 1629 2684 quibus
1647 2658 1686 2677 se-

906 2697 1025 2724 cundum
1044 2697 1156 2729 gratiam
1173 2696 1264 2722 vivere
1282 2695 1437 2723 mandatum
1457 2695 1508 2722 fuit
1523 2697 1621 2730 (genus
1645 2695 1688 2722 iu-

906 2743 996 2778 tcllige
1024 2741 1201 2775 humanum);
1221 2741 1358 2777 legislator
1379 2746 1469 2769 autem
1496 2743 1559 2770 novi
1581 2741 1688 2770 hederis

1505 2858 1545 2887 30
