1863 3064
189 127 239 159 931

763 127 894 158 PIIO'I‘II
907 127 1160 157 PATBIARCIL‘E
1180 127 1234 159 (ΣΡ.

1756 126 1805 158 932

189 183 342 217 praecipuus
360 181 444 209 Filius
457 186 508 214 est,
532 182 640 208 etiamsi
658 182 748 210 Patris
762 183 889 210 voluntas
911 190 960 209 cun

1056 182 1115 208 οὖτο
1126 182 1154 208 δέ
1167 182 1227 208 ἐστι
1240 182 1272 208 τδ
1280 182 1358 216 γένος
1373 182 1403 209 τὸ
1418 181 1612 218 ἀνθρώπινον),
1623 181 1768 217 νομοθέτης
1780 184 1805 209 δὲ

189 235 223 254 eo
240 231 378 262 operatur,
398 234 485 261 neque
507 227 596 254 sancti
613 227 731 262 Spiritus
748 228 865 255 societas
886 227 974 260 deest,

191 278 264 301 recte
279 272 364 300 Filius
379 272 606 300 demandatarum
626 280 718 300 rerum
734 273 817 308 judex
831 273 977 301 constitui-

191 325 246 346 tur.
269 318 383 353 Insuper
398 318 463 353 quia
484 320 605 345 humana
620 326 703 346 carne
725 320 777 347 sibi
797 319 975 352 circumdata,

190 365 407 399 experimentum
431 365 558 392 humana:
585 369 690 393 natura:
713 367 796 401 cepit.
820 366 978 402 duplicique

191 415 328 445 gestarum
348 417 441 437 rerum
466 410 561 437 notitia
578 418 607 438 se
631 410 738 437 imbuit.
765 410 810 438 Sic
827 411 883 439 fere
897 411 977 439 divus

191 455 320 484 Paulus“
329 455 439 488 clamat,
453 455 667 484 misericordiam
676 456 736 490 ejus
750 464 814 492 erga
825 464 875 484 nos
885 457 977 492 propi-

191 501 390 535 tiationemque
404 508 454 536 pro
473 501 553 528 nobis
569 500 763 529 commendans
779 511 786 529 ι
800 503 929 537 quoniam
950 503 976 529 iu

191 547 236 580 iis,
254 555 315 582 quae
336 547 392 582 ipse
408 555 506 582 passus
520 552 572 580 est,
589 553 720 580 tentatus,
737 555 814 583 opem
829 547 900 575 ferre
919 552 979 575 teu-

192 594 256 622 tatis
275 598 376 629 potest.
396 594 435 621 Ne
452 595 509 622 haec
531 595 653 630 quidem,
676 596 799 631 inquam,
818 595 887 623 ratio
904 603 918 623 a
934 596 978 631 pia

193 642 412 669 consideratione
427 641 565 669 abhorret.
591 642 643 669 Sed
660 649 747 676 neque
769 650 812 674 ea,
828 649 909 676 quam
931 641 978 668 ad-

193 686 268 717 dam,
289 686 405 712 fortasse
426 685 543 713 absm'da
562 686 681 721 cogitatu
708 686 844 714 videbitur
860 695 866 713 :
882 693 979 721 nempe

193 732 258 766 quia
280 739 310 759 se
325 732 410 759 Filius
425 732 458 758 ad
478 736 532 758 tam
556 731 718 759 ineﬁ‘abilem
744 729 978 767 inexplicabilem-

193 783 247 810 que
267 775 450 802 humilitatem
475 776 622 811 depressit,
646 777 711 804 dum
741 777 858 804 similem
880 782 980 804 nostrae

193 828 304 847 carnem
325 821 541 856 sanguiuemque
564 821 713 856 adoptavit,
738 821 841 848 idcirco
857 821 978 848 universi

1030 227 1148 262 μάλιστα
1155 228 1204 262 τῆς
1213 228 1317 263 Καινῆς
1327 227 1464 263 Διαθήκης
1470 229 1484 254 ό
1490 228 1564 261 Υἱὸς,
1573 229 1598 255 εί
1605 229 1652 255 καὶ
1663 228 1712 263 τῆς
1720 237 1807 264 πατρι-

1029 273 1081 308 κῆς
1089 273 1188 308 βουλῆς
1196 274 1243 300 καὶ
1251 274 1397 309 συνεργίας
1406 275 1452 301 καὶ
1458 274 1504 301 τοῦ
1516 275 1648 308 παναγίου
1659 275 1727 301 Πνεύ
1731 283 1807 310 ματος

1029 320 1045 353 ἡ
1061 318 1190 345 κοινωνία
1200 318 1237 353 μὴ
1251 319 1428 354 διασχίζοιτο,
1438 319 1548 351 είκότως
1558 321 1572 346 ὁ
1582 319 1646 351 Υἱὸς
1656 320 1750 354 κριτὴς
1760 320 1807 346 τῶν

1029 362 1267 398 νομοθετουμένων
1278 354 1463 391 ’καθίσταταμ
1484 365 1514 390 Et
1530 364 1557 391 δὲ
1573 364 1620 391 καὶ
1641 364 1708 391 διότι
1722 364 1751 390 τὸ
1764 365 1807 390 ἀνα

1031 409 1167 446 θρώπινον
1187 410 1301 445 φύραμα
1322 411 1517 446 προσελάϐετο,
1545 411 1588 438 διὰ
1605 411 1702 446 πείρας
1716 420 1745 437 τε
1765 413 1807 445 τῆς

1030 456 1205 492 ἀνθρωπίνης
1221 456 1328 491 φύσεως
1345 458 1475 493 κατέστη,
1499 456 1547 483 καὶ
1568 457 1666 492 διπλῆν
1688 457 1737 492 τὴν
1752 457 1808 492 περὶ

1030 501 1084 528 τῶν
1112 502 1282 537 κρινομένων
1303 503 1437 539 ἐκτήσατο
1463 504 1573 537 γνῶσιν·
1602 502 1640 535 ὥς
1663 512 1716 529 που
1735 503 1810 529 καὶό

1039 547 1108 579 θεῖος
1124 548 1230 580 Παῦλος
1317 549 1362 575 τὸν
1375 549 1439 584 περὶ
1448 550 1521 584 ἡμᾶς
1533 549 1606 576 ἔλεον
1616 549 1698 576 αὐτοῦ
1714 550 1760 576 καὶ
1771 549 1809 575 τὸν

1031 594 1101 629 ὑπὲρ
1116 595 1194 630 ἡμῶν
1210 595 1324 630 ίλασμὺν
1350 596 1507 631 ὑμνολογῶν
1522 597 1568 630 (ἐν
1585 592 1670 631 ᾦγὰρ
1683 595 1810 622 πέπονθεν

1032 640 1115 672 αὐτὸς
1131 640 1301 678 πειρασθεὶς,
1319 641 1431 668 δύναται
1460 644 1516 674 τοῖς
1534 642 1743 678 πειραζομένοις
1756 641 1811 676 βοη-

1033 685 1138 720 θῆσαι)·
1155 687 1217 713 οὐδὲ
1233 686 1310 714 τοῦτ’
1321 687 1354 714 ἂν
1369 688 1411 722 ετη
1427 688 1521 724 πόρρω
1532 687 1648 723 θεωρίας
1664 687 1810 719 85055606;-

1033 732 1097 764 ἴσως
1111 731 1134 758 δ’
1152 733 1202 759 οὐκ
1228 733 1342 765 ἀπεικὸς
1356 733 1404 760 καὶ
1419 733 1499 760 τοῦτο
1512 733 1680 768 λογίσασθαι,
1696 733 1734 765 ὡς
1746 735 1812 760 ἐπει-

1031 774 1120 812 δήπερ
1134 776 1318 805 ἐταπείνωσεν
1342 778 1438 806 ἐαυτὸν
1457 779 1471 805 ὁ
1490 771 1555 811 Υιδέ
1578 780 1619 810 εἰς
1633 779 1773 815 ἄφραστον
1786 788 1812 805 τε

1033 823 1081 850 καὶ
1094 822 1288 860 ἀνεκδιήγητον
1305 825 1480 857 ταπείνωσιν,
1503 824 1605 860 σαρκὸς
1619 825 1813 860 παραπλησίως

193 866 269 893 orbis
283 866 415 900 judicium
434 866 521 894 eidem
535 867 661 899 traditur,
675 874 731 902 quo
749 874 782 894 ex
800 867 845 894 illa
867 867 960 894 humili

1056 869 1097 904 αῖν
1120 868 1267 905 μετασχεῖν
1292 870 1342 896 καὶ
1363 871 1489 906 αἵματος,
1510 871 1527 906 ή
1543 871 1590 897 τοῦ
1615 870 1715 902 παντὸς
1731 871 1813 906 κρίσις

194 916 250 939 tate
271 917 347 939 tanta
371 912 517 944 exaltetur,
550 919 582 940 ac
604 912 754 940 divinitatis
776 912 837 947 ejus
861 912 979 947 dignitas

194 956 400 992 depraedicetur.
426 956 566 984 Prazdictis
589 957 706 991 denique
731 958 823 985 causis
840 957 914 984 haud
934 964 980 985 se-

194 1003 320 1037 quiorem
336 1002 401 1030 audi
426 1003 498 1030 hanc
515 1012 521 1030 :
537 1003 756 1038 quandoquidem
781 1003 809 1030 in
833 1002 980 1031 universali

195 1048 396 1076 resurrectione
424 1048 495 1075 haud
525 1048 604 1075 nuda:
624 1049 722 1075 animm
744 1049 790 1076 sed
817 1049 979 1083 corporibus

194 1095 252 1122 suis
268 1094 402 1129 copulatae
415 1099 569 1128 resurgent,
587 1100 668 1129 atque
680 1094 716 1121 ita
730 1094 857 1121 tribunali
871 1094 979 1129 judica-

195 1145 259 1167 turo
282 1140 428 1172 sistentur,
447 1144 529 1175 atque
547 1140 597 1166 hoc
615 1147 738 1174 persome
753 1140 847 1167 habitu
870 1145 979 1168 senten-

193 1186 259 1212 tiam
286 1185 381 1221 judicii
413 1185 553 1218 referent;
579 1193 691 1221 prorsus
717 1185 837 1220 oportuit
868 1186 978 1212 illarum

193 1239 302 1266 quoque
321 1231 441 1265 judicem
461 1232 487 1258 in
516 1232 567 1259 hac
592 1231 677 1268 ﬁgura
689 1231 735 1267 jus
759 1231 865 1265 dicere;
890 1232 927 1260 ita
950 1236 980 1259 ut

191 1276 305 1311 judicati
330 1277 457 1304 homines
476 1276 645 1311 judicantem
668 1284 780 1304 cernere
803 1277 926 1311 possint;
950 1281 980 1304 ut

193 1330 241 1356 per
262 1323 371 1357 cognita
394 1323 449 1350 illis
465 1323 547 1350 verba
564 1322 698 1358 judicium
723 1327 894 1355 exerceatur,
916 1330 979 1350 sen-

193 1369 339 1403 tentiaeque
357 1369 453 1396 notitia
470 1369 503 1396 ad
523 1369 697 1403 praesentium
717 1377 799 1397 aures
822 1374 979 1404 ruentesque

193 1413 345 1441 clarissima
359 1413 508 1441 deferatur.
528 1413 615 1441 Porro
631 1413 746 1449 tiguram
767 1418 890 1441 nostram
912 1414 979 1441 nulli

194 1459 347 1486 divinarum
369 1467 560 1495 personarum,
578 1465 677 1495 praeter
696 1467 777 1495 quam
800 1458 880 1492 Filio,
901 1467 978 1488 com-

194 1512 306 1532 munem
321 1512 383 1533 esse
395 1506 509 1533 scimus.

194 1685 358 1720 QUIESTIO
370 1685 472 1714 CXCIII
491 1684 585 1721 [CoixL
600 1676 743 1718 CCXXII,“
754 1683 836 1711 Taur.
852 1683 978 1720 CCXIII].

1030 914 1106 949 αὑτῷ
1129 915 1320 950 παρατίθεται,
1337 916 1386 952 τῆς
1415 916 1516 951 πολλῆς
1546 916 1654 951 ἐκείνης
1679 915 1814 951 ἀνυψοῦσι

1028 960 1238 993 ταπεινώσεως,
1263 961 1311 988 καὶ
1332 961 1364 988 τὸ
1389 962 1459 989 κατὰ
1477 962 1526 997 τὴν
1549 962 1662 998 θεότητα
1684 962 1813 997 λαμπρῶς
1843 978 1847 985 ι

1029 1004 1139 1041 ἀξίωμα
1157 1006 1363 1042 διαγγέλλουσα·
1384 1008 1432 1035 καὶ
1444 1008 1475 1035 τό
1490 1015 1522 1043 γε
1540 1009 1594 1035 τῶν
1607 1009 1761 1043 εἰρημένων
1774 1009 1814 1035 οὑ-

1029 1052 1105 1085 δενδς
1121 1050 1242 1084 ἔλαττον,
1256 1053 1406 1090 ἐπειδήπερ
1421 1054 1492 1081 κατὰ
1509 1054 1559 1090 τὴν
1572 1054 1745 1089 παγκόσμιον
1756 1053 1815 1080 ἀνά-

1031 1105 1125 1126 στασιν
1138 1099 1168 1125 οὑ
1180 1098 1265 1134 ψυχαὶ
1273 1100 1387 1135 γυμναὶ,
1398 1101 1590 1136 συνηνωμέναι
1602 1100 1630 1127 δὲ
1640 1102 1697 1132 τοῖς
1711 1100 1814 1131 οἰκείοις

1031 1145 1139 1180 σώμασι
1156 1145 1314 1173 κοινωνοῦσι
1337 1147 1388 1182 τῆς
1414 1147 1598 1178 ἀναστάσεως,
1619 1147 1667 1174 καὶ
1686 1147 1760 1174 οὕτω
1781 1147 1814 1181 τῷ

1029 1190 1079 1225 τῆς
1102 1191 1221 1226 κρίσεως
1238 1190 1421 1227 παρίστανται
1448 1192 1563 1229 βήματι,
1587 1193 1634 1220 καὶ
1656 1194 1685 1220 ὲν
1710 1193 1814 1228 τοιαύτῃ

1030 1237 1196 1264 καταστάσει
1218 1237 1265 1264 τοῦ
1291 1239 1480 1274 συγκρίματος
1495 1239 1544 1275 τὴν
1559 1238 1637 1273 δίκην
1660 1239 1815 1274 ὑπέχουσιν,

1030 1281 1083 1308 ἔδει
1097 1283 1205 1314 πάντως
1220 1282 1311 1311 αὐτῶν
1326 1285 1373 1312 καὶ
1386 1284 1432 1311 τὸν
1444 1286 1541 1322 κριτὴν
1559 1286 1586 1312 ἐν
1600 1286 1714 1324 τοιαύτῃ
1732 1287 1815 1321 μορφῇ

1030 1328 1260 1363 προκαθέζεσῡαι·
1289 1329 1328 1362 ὡς
1355 1330 1388 1358 ἃν
1417 1332 1466 1358 καὶ
1492 1333 1548 1362 τοῖς
1578 1332 1752 1367 κρινομένοις
1777 1331 1816 1365 είη

1030 1373 1161 1402 δύνασθαι
1184 1375 1230 1402 τὸν
1245 1377 1373 1411 κρίνοντα
1386 1378 1462 1413 ὸρᾷν,
1476 1379 1523 1404 καὶ
1538 1378 1587 1414 τὴν
1601 1378 1693 1413 κρίσιν
1707 1379 1753 1405 διὰ
1764 1378 1813 1405 τῶν

1030 1419 1212 1455 ἐγνωσμένων
1234 1423 1326 1454 αὐτοῖς
1346 1424 1478 1459 ῥημάτων
1501 1425 1548 1451 καὶ
1577 1425 1760 1460 προάγεσθαι,
1774 1425 1817 1451 καὶ

1030 1465 1078 1500 τὴν
1094 1465 1148 1493 τῶν
1163 1467 1304 1502 χριμάτων
1319 1468 1421 1502 γνῶσιν
1439 1470 1478 1501 εἰς
1493 1470 1524 1496 τὺ
1539 1471 1712 1505 σαφέστατον
1726 1471 1817 1502 ἀκοαῖς

1030 1519 1060 1536 τε
1073 1511 1119 1537 καὶ
1130 1513 1190 1543 ταῖς
1200 1512 1341 1546 διανοίαις·
1354 1514 1404 1549 τὴν
1417 1515 1445 1541 δέ
1460 1524 1492 1550 γε
1502 1516 1610 1551 μορφὴν
1620 1517 1670 1552 τὴν
1683 1517 1818 1553 ἡμετέραν

1029 1557 1144 1594 οὐδεμιᾷ
1168 1559 1222 1586 τῶν
1248 1560 1396 1595 ὑπερφυῶν
1418 1562 1595 1588 ὑποστάσεων
1610 1562 1704 1598 ἑτέρᾳ,
1727 1562 1817 1597 ἀλλ’ἢ

1031 1605 1064 1639 τῇ
1078 1604 1126 1631 τοῦ
1145 1605 1221 1638 Υίοῦ,
1236 1607 1337 1639 πάντες
1352 1608 1432 1643 ἴσμεν
1446 1608 1680 1644 ὲφαρμόττουσαν.

1294 1689 1462 1717 ararum
1480 1689 1559 1724 PLJ".

440 1743 511 1768 Edita
524 1751 537 1769 a
548 1744 697 1769 Montacullo
709 1744 761 1777 (ep.
773 1743 804 1768 54
815 1742 843 1768 ad
857 1743 928 1768 Joan.
939 1742 1024 1774 Chrys.
1037 1752 1060 1777 p.
1074 1746 1125 1779 95).
1135 1759 1166 1767 --
1178 1748 1214 1773 De
1224 1748 1344 1774 Trinitate
1356 1752 1383 1775 et
1394 1750 1574 1775 Incamatione.

230 1808 462 1842 Quemadmodum
483 1809 510 1835 in
526 1807 686 1843 Theologia,
702 1813 758 1835 tres
774 1805 896 1835 conﬁteri
912 1807 979 1834 sub-

193 1855 319 1887 stantias,
333 1855 434 1881 multos
449 1854 514 1882 deos
531 1854 646 1885 inducit.
666 1859 694 1881 et
709 1858 851 1888 propterea
878 1851 980 1880 atheis-

192 1908 278 1934 mum,
304 1901 339 1927 ita
355 1907 436 1927 uuam
464 1907 565 1935 ponere
578 1900 746 1935 hypostasin,
768 1904 814 1926 aut
827 1899 979 1926 subsisten-

193 1947 268 1978 tiam,
287 1946 457 1973 Judaismum
469 1946 563 1980 resipit
574 1950 602 1972 et
615 1945 865 1972 Sabelliauismum.
878 1944 979 1970 Eodem

192 1991 272 2017 modo
288 1997 314 2017 et
338 1991 365 2017 in
395 1990 594 2017 incarnationis
624 1988 844 2024 dispensatione,
870 1986 979 2013 unicam

191 2042 318 2063 naturam
342 2040 369 2062 et
400 2035 557 2071 hypostasiu
580 2035 746 2069 imaginari,
776 2033 978 2060 Maniehaicum

191 2081 310 2115 resipit:
330 2080 399 2107 duas
423 2085 533 2107 naturas
558 2084 584 2106 et
599 2079 762 2114 hypostases
783 2078 853 2105 duas
871 2077 980 2105 Paulin-

191 2126 276 2153 nistas
292 2124 396 2159 resipit,
428 2132 524 2152 osores
541 2124 657 2152 Christi.
676 2123 747 2157 Quid
767 2123 849 2158 igitur
872 2121 975 2149 facien-

191 2169 279 2197 dum?
297 2169 354 2198 lIoc
372 2177 491 2204 nempe:
516 2174 547 2197 ut
569 2170 686 2197 mediam
718 2169 788 2196 viam
817 2168 974 2196 insistentes

189 2216 319 2243 omnibus
334 2215 456 2250 vestigiis
471 2215 568 2251 dogma
584 2221 740 2250 premamus
754 2214 973 2242 ecclesiasticum

1065 1811 1170 1847 Ὥσπερ
1191 1813 1237 1839 ἐπὶ
1253 1813 1305 1848 τῆς
1322 1813 1479 1848 θεολογίας,
1503 1814 1550 1841 καὶ
1564 1813 1612 1847 τὸ,
1632 1814 1709 1848 τρεῖς
1723 1813 1817 1849 ὁμολο-

1029 1857 1087 1890 γεῖν
1104 1857 1208 1890 οὐσίας,
1224 1859 1366 1893 πολύθεον,
1391 1861 1438 1887 καὶ
1452 1860 1497 1887 διὰ
1510 1860 1590 1887 τοῦτο
1603 1860 1683 1888 ἄθεον
1693 1868 1701 1876 ·
1725 1863 1774 1888 καὶ
1790 1861 1818 1887 τὸ

1031 1901 1096 1935 μίαν
1113 1902 1201 1936 λέγειν
1227 1904 1388 1936 ὑπόστασιν,
1413 1905 1558 1932 Ἰουδαϊκὸν
1583 1905 1629 1932 καὶ
1655 1905 1818 1932 Σαεέλλιον·

1030 1946 1102 1974 οὕτω
1116 1948 1163 1974 καὶ
1182 1948 1231 1975 ἐπὶ
1246 1951 1294 1984 τῆς
1307 1951 1478 1985 οἰκονομίας,
1493 1951 1524 1977 τό
1537 1959 1567 1977 τε
1581 1951 1644 1986 μίαν
1658 1951 1742 1986 φύσιν
1757 1959 1819 1986 φροο

1030 1992 1096 2023 νεῖν,
1113 1993 1162 2019 καὶ
1184 1994 1248 2028 μίαν
1271 1995 1430 2029 ὑπόστασιν,
1448 1995 1617 2031 Μανιχαῑκδν
1633 1998 1679 2023 καὶ
1699 1996 1818 2030 eadem.

1028 2044 1091 2063 τον·
1107 2038 1155 2064 καὶ
1168 2039 1209 2071 τὺ,
1227 2040 1274 2066 δύο
1295 2040 1409 2074 φύσεις,
1424 2042 1471 2068 καὶ
1493 2042 1539 2068 δύο
1554 2042 1731 2075 ὑποστάσεις,
1748 2043 1818 2069 Παυ-

1027 2080 1174 2110 λιανιστῶν
1191 2085 1239 2112 καὶ
1256 2086 1442 2122 μισόχριστον.
1463 2087 1496 2113 Τί
1510 2085 1557 2114 οὖν
1569 2087 1622 2122 χρὴ
1642 2089 1749 2120 ποιείνς
1765 2087 1816 2121 Τὴν

1028 2128 1114 2163 μέσην
1142 2129 1189 2156 καὶ
1211 2131 1443 2167 ὲκκλησιαστικὴν
1465 2131 1544 2164 δόξαν
1571 2132 1738 2167 ίχνηλατείν,
1761 2133 1815 2167 ἤτις

1027 2173 1077 2209 τὴν
1090 2175 1259 2211 ἑκατέρωθεν
1275 2177 1458 2204 ἀποκλίνουσα
1466 2178 1515 2205 καὶ
1527 2179 1718 2214 ὲκτρεπομένη
1735 2178 1815 2213 βλασ-

1030 2220 1146 2254 φημίαν,
1164 2222 1229 2256 μίαν
1241 2222 1390 2249 ὑπόστασιν
1403 2223 1449 2249 ἐπὶ
1463 2222 1593 2258 Χριστοῦ,
1606 2223 1654 2250 δύο
1672 2223 1701 2250 δὲ
1725 2223 1816 2259 φύσεις

188 2263 263 2298 quod
292 2262 489 2297 blasphemiam
511 2270 544 2290 ex
572 2267 687 2296 utraque
704 2266 781 2296 parte
808 2261 960 2295 declinat,(

1056 2266 1182 2301 ίοφρόνως
1193 2267 1319 2302 ὁμολογεῖ
1335 2268 1547 2303 δογματίζουσα.

187 2311 300 2344 devitat,
316 2311 383 2338 illud
403 2316 493 2339 autem
508 2311 599 2343 docet,
621 2317 704 2338 uuam
721 2310 749 2337 in
764 2309 874 2338 Christo
907 2311 1076 2346 hypostasin,
1111 2319 1238 2342 naturam
1269 2315 1403 2351 duplicem
1427 2316 1578 2344 secundum
1611 2315 1735 2344 divinum
1759 2323 1816 2343 sen-

187 2363 249 2383 sum
266 2356 399 2391 proﬁteri.

222 2435 385 2470 ρυΑῖδτιο
412 2433 516 2463 cxcrv
546 2434 641 2470 (Cum.
675 2431 815 2469 CCXXIII,
845 2433 926 2464 Taur.

515 2480 641 2517 ccxw].

1293 2439 1459 2466 ΕΡΩΤΠΣῘΣ
1478 2440 1555 2474 Ρι,Δ’.

464 2538 535 2563 Edita
546 2545 560 2563 ι
570 2538 718 2563 Montacutto
734 2539 785 2570 (ep.
797 2538 828 2563 35
837 2538 867 2563 ad
877 2538 947 2563 Joan.
960 2536 1093 2567 Chrysoch.
1108 2542 1132 2567 p.
1143 2536 1184 2567 95,
1195 2537 1248 2569 96).
1263 2551 1294 2556 -
1304 2539 1341 2564 De
1360 2539 1539 2565 [near-natione.

220 2606 454 2639 Quemadmodum
471 2605 613 2635 Nestorius
625 2607 659 2635 de
675 2607 867 2634 contaminatis
883 2607 976 2634 calici-

186 2656 236 2679 bus
263 2651 340 2678 Pauli
361 2651 561 2680 Samosatensis
577 2653 683 2686 bibens,
713 2653 807 2680 ebrius
820 2653 906 2679 evasit
923 2652 975 2679 im-

186 2699 295 2732 pietate,
329 2699 364 2725 ita
379 2703 405 2726 et
418 2699 535 2734 propriae
547 2699 687 2734 religionis
704 2699 808 2726 semina
825 2697 971 2733 Eutyches,

184 2746 219 2771 de
233 2744 340 2772 acerbis
363 2744 478 2774 Manetis
510 2745 671 2781 parapbyasi
693 2745 845 2780 colligens,
869 2744 973 2772 doloris

221 2830 242 2845 “
255 2829 333 2858 Rom.
352 2838 393 2863 ιιι,
409 2830 454 2858 25.

1066 2607 1173 2639 ’Ὠσπερ
1197 2604 1342 2640 Νεστόριος
1357 2605 1412 2631 τῶν
1428 2604 1546 2640 θολερῶν
1564 2605 1694 2640 ναμάτων
1709 2605 1814 2635 σπάσας

1027 2650 1075 2677 τοῦ
1088 2649 1279 2684 Σαμωσατέως
1292 2649 1410 2684 Παύλου,
1422 2651 1463 2682 είς
1485 2650 1571 2685 μέθην
1583 2650 1711 2683 ἀσεϐείας
1722 2650 1814 2683 ὲξέπευ

1029 2704 1075 2723 σεν
1085 2705 1092 2710 ·
1106 2690 1192 2728 οὕτως
1209 2696 1331 2731 Εὐτυχὴς
1344 2696 1395 2731 τῆς
1408 2696 1512 2727 οίκείας
1524 2696 1671 2732 θρησκείας
1686 2696 1720 2724 τὰ
1734 2695 1814 2730 σπέρ-

1029 2752 1103 2779 ματα
1116 2745 1148 2780 ἐκ
1162 2744 1211 2782 τῆς
1222 2744 1315 2782 Μανοῦ
1331 2745 1434 2780 πικρᾶς
1446 2744 1624 2779 παραφυάδος
1635 2744 1813 2780 δρεψάμενος,
