1863 3064
86 99 138 131 933

476 95 525 125 AD
541 92 838 124 AMPHILOCIIIUM
857 91 1030 129 QUAESTIO
1049 91 1321 121 CXCIII‘CXCV‘II.

1653 93 1707 125 934

85 154 182 189 ὀδύνης
205 152 288 188 ἄρτον
308 151 354 179 καὶ
372 150 511 182 ἀπωλείας
535 149 625 185 ἐαυτῷ
641 149 689 176 καὶ
710 150 766 180 τοῖς
782 148 874 175 πειθο-

992 155 1088 183 panem
1106 152 1133 174 et
1147 146 1318 182 perditionis,
1334 153 1438 174 necnon
1464 147 1628 182 sequacibus
1649 149 1709 176 suis

87 198 190 234 μένοις,
203 196 413 232 κατειργάσατο·
427 196 441 221 ὁ
455 195 484 221 δὲ
498 194 552 221 τῶν
565 195 712 230 ὀρθοδόξων
726 194 816 229 χορὸς,
824 194 871 220 τὸν

85 244 235 279 κορυφαῖον
257 242 371 276 Πέτρον,
397 241 496 276 μᾶλλον
517 240 545 267 δὲ
560 240 605 266 τὸν
620 239 703 266 αὑτοῦ
722 239 770 266 καὶ
795 239 872 274 ἡμῶν

85 289 176 316 κοινὸν
194 288 332 323 Δεσπότην
356 288 402 314 καὶ
418 287 546 323 Ποιητὴν,
567 286 727 313 διδάσκαλον
752 293 873 320 προστη-

87 336 200 370 σάμενοι
218 335 246 369 (ι
267 335 362 370 ’Υμεῖς
376 334 442 369 γὰρ,
459 333 541 368 φησὶ,
562 333 598 367 μὴ
615 332 747 368 καλέσητε
763 332 810 358 ἐπὶ
823 332 873 366 τῆς

86 382 138 415 γῆς
165 380 277 407 Ῥαδϐί-
308 378 348 411 εἷς
371 379 426 414 γάρ
450 380 524 405 ἐστιν
545 379 560 405 ὁ
586 378 747 409 διδάσκαλος
767 378 844 412 ὑμῶν
859 379 873 404 ὁ

86 427 204 463 Χριστὸς
218 428 252 461 ι),
265 427 318 453 τῶν
334 426 379 452 δύο
394 426 501 460 φύσεων
516 427 544 452 ἐν
557 426 590 460 τῇ
605 426 653 460 μιᾷ
666 425 813 452 ὑποστάσει
827 424 874 451 τοῦ

87 475 187 508 Λόγου,
201 474 250 508 τῆς
263 482 293 499 τε
312 473 437 507 θεότητος
451 473 557 507 καὶτῆς
571 472 790 507 ἀνθρωπότητος,
803 471 874 506 λαμ-

86 521 166 556 πρῶς
186 520 381 556 ἀνομολογοῦσι
399 519 429 545 τὺ
444 519 606 554 ἀσὺγχυτον.
625 518 710 545 Τοῦτο
726 518 779 554 γὰρ
794 518 875 550 αὐτὸς

87 567 208 599 ἐδίδαξεν
238 568 255 602 ἡ
283 566 427 601 Ἀλήθεια·
451 566 516 592 Υὶὸν
539 566 594 601 γὰρ
615 565 759 599 ἀνθρώπου
778 564 875 591 ἑαυτὸν

87 612 220 646 ἀνειπὼν,
236 612 282 638 καὶ
297 611 372 646 παρὰ
388 610 435 638 τοῦ
452 610 599 645 κορυφαίου
617 610 738 644 Πέτρου,
749 609 813 641 Υἱὸς
829 609 875 635 τοῦ

89 659 192 691 ζῶντος
206 658 274 685 Θεοῦ
286 657 451 693 ἀναῤῥηθείς
461 666 469 673 ·
484 657 515 683 τδ
530 657 589 692 μὲν,
607 656 648 688 οἷς
663 656 743 687 αὐτὸς
754 654 831 682 εἷπε·
847 655 877 681 τδ

88 705 136 735 δὲ,
158 701 200 735 οἷς
219 702 385 736 ἀπεδέξατο,
406 702 571 729 ὲΰεὸαίωσε·
597 702 637 728 διὸ
659 701 707 728 καὶ
727 701 823 736 μισθὸν
837 701 876 736 τῷ

89 751 188 785 Ιιέτρῳ
199 749 249 783 τῆς
262 748 346 784 ὸρθῆς
360 748 504 783 ὁμολογίας
513 769 521 781 ,
537 747 587 779 τάς
600 755 629 774 τε
642 747 715 779 κλεῖς
732 747 780 782 τῆς
800 746 876 782 βασι-

89 795 168 826 λείας
186 795 351 830 ἐνεχείρισε,
371 795 418 821 καὶ
439 794 486 820 ἐπὶ
501 795 534 830 τῇ
548 793 630 820 αὐτοῦ
646 793 775 829 ὁμολογίᾳ
799 794 878 828 ἐστη-

91 841 186 876 ρίχθαι
209 840 259 876 τὴν
279 838 459 875 Ἐκκλησίαν
482 839 613 866 καὶκατὰ
633 838 726 865 πυλῶν
751 838 814 874 ᾅδου
832 839 878 865 καὶ

89 888 184 922 πάσης
198 886 340 922 αἰρετικῆς
355 885 556 922 ἀθυροστομίας
566 885 577 918 ,’
600 885 714 920 λαμπρὰ
734 885 828 920 φέρειν
843 885 878 911 τὰ

89 933 240 969 νικητήρια
252 931 448 969 ἐκραταίωσεν.

355 1076 523 1103 ΕΡΩΤΗΣΙΣ
541 1075 620 1109 ΡᾺΕἏ

922 193 1080 229 apparavit:
1095 193 1310 220 Orthodoxorum
1331 200 1394 220 vero
1419 193 1531 226 chorus,
1553 195 1640 222 ascito
1655 195 1708 222 sibi
1732 211 1736 217 -

923 239 1046 269 doctore,
1076 245 1131 265 non
1156 243 1212 265 tam
1239 237 1320 265 Petro
1350 237 1537 272 apostolorum
1559 240 1706 275 coryphzeo

923 292 1004 320 quam
1024 284 1082 319 ipso
1101 283 1218 311 Domino
1242 283 1392 314 communi,
1412 288 1439 311 et
1456 288 1592 316 creatore,
1619 293 1630 310 ι
1655 283 1710 313 Vos

923 329 1118 364 emm,inquit,
1140 336 1174 357 ne
1202 329 1230 356 in
1253 328 1334 356 terris
1358 329 1489 356 vocabitis
1512 328 1609 362 Babbi,
1638 337 1711 358 unus

924 376 995 403 enim
1012 376 1107 402 doctor
1120 379 1210 402 vester
1233 373 1360 402 Christus
1382 373 1478 406 estw,
1497 383 1506 400 ι
1529 375 1645 402 duarum
1660 382 1710 402 na-

925 427 1048 448 turarum
1061 421 1087 448 in
1102 428 1154 447 una
1171 420 1310 456 hypostasi
1319 420 1411 453 Verbi,
1422 424 1450 448 et
1459 421 1569 448 deitatis
1579 420 1710 447 nimirum

925 472 953 495 et
965 468 1152 498 humanitatis,
1164 466 1316 494 clarissime
1330 467 1490 501 prolitentur
1502 475 1509 499 ;
1523 467 1604 502 idque
1619 467 1712 494 incon-

928 513 1023 546 fusim,
1049 513 1085 540 ita
1098 513 1171 540 enim
1199 513 1315 547 ipsamet
1329 520 1379 540 nos
1390 514 1502 540 edocuit
1524 513 1644 540 veritas:
1667 512 1713 539 Fi—

926 559 993 586 lium
1026 559 1099 586 enim
1124 557 1245 585 hominis
1267 565 1295 584 se
1318 558 1468 593 appellans,
1485 562 1522 590 et,
1541 565 1588 593 per
1601 557 1711 585 Petrum

926 604 1096 639 coryphaeum
1114 604 1301 638 apostolorum
1326 604 1411 631 Filius
1437 603 1552 632 viventis
1576 604 1623 631 Dei
1640 605 1714 631 saln-

927 654 1010 681 tatus,
1035 655 1180 684 utrumque
1199 649 1374 677 conﬁrmavit
1391 658 1398 676 :
1413 650 1529 677 alterum
1547 650 1573 677 in
1590 657 1623 678 eo
1641 651 1713 684 quod

927 695 985 730 ipse
1011 695 1088 727 dixit,
1117 696 1232 722 alterum
1255 695 1329 730 quod
1354 695 1458 723 dictum
1481 696 1515 723 de
1539 703 1569 723 se
1594 695 1713 730 agnovit.

930 741 1066 774 Quocirca
1090 746 1171 769 recta:
1193 741 1383 769 confessionis
1400 742 1541 776 praemium
1562 740 1653 773 Petro,
1673 749 1716 768 re-

929 787 974 822 gni
990 787 1121 815 caelorum
1137 787 1228 814 claves
1240 787 1266 814 in
1283 795 1379 814 manus
1392 787 1483 820 dedit;
1495 791 1523 814 et
1537 787 1564 814 in
1577 787 1637 822 ejus
1651 794 1717 814 con-

893 823 914 851 Β
930 833 1050 861 fessione
1078 832 1228 860 Ecclesiam
1263 832 1349 861 fuisse
1381 833 1541 867 stabilitam,
1566 837 1594 861 et
1621 837 1716 861 contra

929 884 1026 915 portas
1051 878 1151 906 inferni
1180 880 1401 911 communitam,
1429 880 1497 907 adeo
1528 884 1559 907 ut
1582 879 1719 907 obturatis

930 923 1120 951 hereticorum
1147 923 1357 958 quibuscunque
1372 922 1461 954 labiis,
1477 923 1637 952 lemniscata
1653 923 1716 950 inde

931 975 1031 1004 tropaea
1062 969 1173 1002 tulerit,
1201 969 1286 996 multa
1323 969 1528 997 asseveratione
1571 969 1717 997 conﬁrma-

930 1021 979 1042 νιι.

931 1072 1095 1106 ρυΑςεΤιο
1109 1072 1213 1100 CXCV.
1230 1071 1328 1108 [ϐοἱιι.
1342 1071 1485 1107 CCXXIV,
1501 1072 1583 1101 Taur.
1603 1073 1718 1108 ωιτη

480 1132 552 1158 Edita
563 1139 577 1156 a
588 1131 737 1157 Montaeutio
747 1132 798 1164 (ep.
811 1130 842 1156 56
853 1131 944 1162 eidem,
955 1138 978 1163 p.
990 1131 1041 1162 96).
1052 1144 1083 1149 —-
1097 1131 1136 1156 De
1155 1131 1336 1156 lncarnatione.

128 1177 161 1204 Ei
177 1176 226 1212 μία
241 1174 322 1210 φύσις
336 1175 382 1202 ἐπὶ
395 1175 513 1210 Χριστοῦ
528 1174 691 1209 ὲγνωρίζετο
701 1194 709 1206 ,
735 1174 764 1201 ἓν
777 1174 811 1201 ἂν
831 1174 879 1200 καὶ

91 1222 124 1249 τὸ
139 1222 170 1254 ἐξ
187 1221 272 1256 αὐτῆς
287 1220 410 1255 ὲπήγαξε
423 1220 527 1256 θέλημα
537 1228 544 1235 ·
557 1220 618 1246 επεὶ
631 1220 660 1247 δὲ
672 1219 719 1247 δύο
729 1221 757 1247 αἱ
773 1219 878 1254 φύσεις,

92 1268 144 1295 καὶ
156 1268 202 1294 δύο
214 1267 267 1303 ἄρα
285 1265 498 1294 ωναναὸλύουσι
512 1265 546 1292 τὰ
568 1265 718 1301 θελήματα.
740 1266 772 1292 Εἰ
786 1265 814 1292 δὲ
831 1266 881 1292 οὐκ

93 1313 155 1340 ἔστι.
177 1313 258 1348 φύσις
280 1312 477 1347 ἀνενέργητος,
496 1312 543 1339 καὶ
560 1311 678 1348 ἑκατέρᾳ
692 1311 798 1343 πάντως
811 1312 828 1346 ἡ
840 1312 880 1338 ol-

94 1359 159 1386 κεὶα
178 1358 360 1392 συνανακὺψει
374 1358 509 1393 ἐνέργεια.
531 1358 635 1393 Ὠσπερ
650 1357 678 1384 δὲ
691 1359 707 1393 ή
723 1357 880 1393 ἀνθρωπίνη

95 1405 180 1439 φύσις
193 1406 226 1440 τῇ
242 1404 318 1440 Θεῖκῇ
333 1404 380 1430 τοῦ
392 1404 479 1438 Λόγου
507 1403 587 1438 φύσει
603 1403 754 1435 συνείπετο,
770 1403 817 1430 καὶ
831 1403 881 1430 ὐπ-

95 1451 198 1477 ἐκειτο⁸
210 1450 282 1476 οὕτω
292 1450 422 1486 δηλονότι,
440 1449 487 1476 καὶ
500 1449 530 1476 τὸ
543 1449 713 1484 ἀνθρώπινον
725 1449 831 1485 θέλημα
843 1449 882 1485 τῷ

96 1496 194 1532 θεῐκῷ,
206 1498 252 1523 καὶ
265 1497 298 1532 τῇ
312 1496 438 1532 ἐνεργείᾳ
449 1497 466 1531 ἡ
481 1495 617 1531 ἐνέργεια.

354 1644 521 1673 ΕΡοτιιειΣ
542 1645 629 1677 Ριπςι.

382 1690 450 1725 Περὶ
471 1690 604 1717 εἰκόνων.

967 1172 995 1200 Si
1024 1174 1052 1200 in
1075 1173 1186 1201 Christo
1209 1178 1305 1202 natura
1337 1175 1417 1202 unica
1447 1180 1658 1209 agnosceretur,
1693 1181 1721 1204 ct

931 1220 1009 1246 unica
1025 1219 1121 1246 exinde
1135 1220 1262 1247 voluntas
1274 1220 1396 1248 elllueret
1416 1229 1422 1248 :
1448 1221 1495 1249 sed
1510 1229 1572 1249 cum
1587 1222 1648 1250 dua:
1663 1223 1719 1250 sint

932 1269 1045 1297 naturae,
1069 1270 1096 1292 et
1119 1265 1217 1300 duplex
1240 1274 1350 1302 quoque
1374 1267 1498 1296 voluntas
1521 1268 1586 1296 hinc
1613 1269 1718 1297 ebullit.

931 1310 1008 1344 Quod
1032 1310 1054 1338 si
1075 1319 1128 1338 non
1149 1311 1185 1338 sit
1200 1316 1298 1339 natura
1316 1312 1475 1347 operatione
1502 1320 1599 1346 vacua,
1626 1315 1721 1349 utique

932 1356 1112 1390 proculdubio
1144 1357 1253 1392 propria
1279 1358 1402 1392 operatio
1424 1367 1477 1386 una
1500 1359 1644 1394 proditura
1666 1365 1718 1388 cst.

932 1401 1164 1434 Quemadmodum
1203 1411 1269 1431 vero
1306 1404 1425 1432 humana
1461 1409 1558 1433 natura
1599 1406 1720 1433 divinam

933 1448 1015 1475 Verbi
1041 1453 1168 1476 naturatn
1193 1450 1420 1485 consequebatur.
1438 1451 1581 1486 eidemque
1591 1452 1721 1487 subjaee-

934 1495 990 1526 bat,
1017 1494 1050 1521 ad
1066 1495 1193 1523 eumdem
1208 1496 1287 1530 plane
1299 1496 1410 1524 modum
1423 1501 1450 1525 ct
1465 1497 1584 1525 humana
1596 1499 1722 1526 voluntas

938 1540 1070 1567 voluntati
1107 1540 1216 1573 divinae,
1240 1545 1268 1569 et
1291 1544 1442 1578 operationi
1470 1543 1570 1572 divinae
1603 1545 1721 1572 humana

938 1587 1060 1621 operatio
1080 1587 1251 1622 subiacebat.

938 1642 1102 1676 QUESTIO
1113 1644 1218 1672 CXCVI
1242 1644 1335 1680 [σοῖσι.
1355 1645 1482 1680 CCXXV,
1497 1647 1577 1675 Taur.
1594 1647 1721 1684 CCXVI].

1218 1691 1257 1718 De
1271 1693 1441 1727 imaginibus.

677 1745 748 1770 Edita
759 1752 773 1769 a
785 1744 935 1770 Montacutio
947 1746 998 1777 (ep.
1010 1746 1050 1776 57,
1062 1748 1148 1778 p.96).

137 1793 270 1827 Ἕλληνες
284 1791 328 1817 τὸν
349 1789 467 1825 Χριστὸν
489 1788 537 1815 καὶ
551 1787 617 1814 Θεὸν
633 1787 711 1821 ἡμῶν
733 1786 887 1817 εἰκονίζειν,

102 1838 145 1865 ὅτι
159 1836 228 1872 μηδὲ
245 1836 407 1867 θειάζουσιν,
426 1834 477 1860 οὐκ
490 1833 640 1868 ἀνέχονται..
662 1831 794 1862 Ἰουδαῖοι,
808 1830 887 1856 πλέον

102 1883 227 1915 ἐκείνων,
249 1882 298 1916 τὴν
322 1879 382 1907 κατ’
397 1878 479 1906 αὑτοῦ
505 1878 604 1912 μανίαν
625 1878 804 1912 νοσήσαντες,
826 1875 888 1902 οὐδὲ

105 1929 188 1964 μέχρι
204 1928 285 1962 ψιλῆς
308 1927 393 1961 ἀκοῆς
414 1925 463 1961 τὴν
485 1925 585 1958 πρᾶξιν
604 1923 783 1958 ὑφίστανται·
799 1922 887 1956 ἕτεροι

101 1977 149 2008 δὲ,
177 1977 259 2010 μοῖρα
274 1974 380 2009 πονηρὰ
400 1976 446 2000 καὶ
463 1972 622 2006 ἐξάγιστος,
642 1971 666 1997 οἱ
688 1970 738 2005 μὲν
758 1970 840 1996 αὑτοῦ
854 1969 886 1995 τὸ

103 2021 185 2055 σῶμα
209 2017 428 2046 ὲναποτεθεῖσθαι
449 2017 487 2051 τῷ
507 2016 575 2052 ήλίῳ
595 2015 801 2051 τερατεύονται·
819 2014 844 2040 οι
858 2013 888 2040 δὲ

102 2068 145 2097 εἰς
157 2067 202 2098 τὰ,
220 2065 250 2097 ἐξ
261 2063 297 2091 ὧν
314 2065 379 2092 αὐτὸ
392 2063 554 2095 συνιστῶσι,
570 2062 737 2089 διαλύουσινι
755 2062 780 2087 οὶ
795 2061 817 2087 δ’
835 2059 888 2086 ἀπὸ

102 2112 210 2144 ﬂavo-3,
224 2111 279 2137 οὐδ’
293 2110 439 2137 ἀναλαϐεῖν
450 2109 530 2136 αὑτὸν
542 2109 609 2140 ὅλως
622 2108 701 2143 σῶμα
712 2107 742 2134 τὸ
755 2107 888 2142 ἡμέτερον

101 2157 279 2183 διατείνονται
289 2164 297 2171 ⁸
312 2153 352 2188 οἷς
365 2156 395 2188 ἐξ
408 2155 558 2189 ἀναγκαίου
577 2154 723 2182 ἀκόλουθον
741 2153 808 2188 μηδὲ
817 2153 887 2188 Χρι-

103 2203 166 2230 στὸν
185 2201 376 2233 εἰκονιζεσϐαι.
392 2201 581 2227 Σκοπείτωσαν
602 2199 691 2226 τοίνυν
706 2200 730 2225 οι
741 2198 791 2232 τῆς
802 2197 886 2224 πολυ-

102 2248 222 2280 πλανοῦς
234 2250 282 2275 καὶ
299 2247 430 2282 μοιχιδίου
446 2247 549 2282 σπορᾶς
565 2245 707 2278 ἀπόγονοι,
726 2244 760 2270 τὰ.
773 2243 820 2270 νέα
832 2243 887 2269 τῶν

101 2293 296 2328 Εἱκονομάχων
327 2292 398 2326 λέγω
421 2292 591 2326 γεννήματα,
607 2290 682 2322 τίνας
705 2289 810 2316 ἑαυτῶν
834 2297 888 2314 πα-

101 2339 186 2374 τέρας
209 2338 409 2373 ἐπιγράφουσι,
433 2337 480 2363 καὶ
508 2337 580 2368 τίνος
606 2335 714 2371 μερίδος
746 2334 887 2369 αἱροῦνται

101 2384 181 2418 παρὰ
195 2385 249 2414 τοῖς
262 2383 432 2418 Χριστιανοῖς
447 2382 578 2408 Θιασῶται
590 2381 637 2408 καὶ
654 2380 774 2416 μαθηταὶ
786 2379 886 2414 ὀνομά-

104 2429 212 2461 ζεσοαῑ.

367 2573 532 2602 ΕΡΩΤιιΣιΣ
551 2575 629 2608 Ριλθ.

389 2661 459 2694 Περὶ
472 2661 606 2687 εἰκόνων.

974 1786 1074 1821 Pagani
1107 1787 1247 1815 Christum
1270 1788 1415 1816 Dominum
1441 1794 1467 1817 ct
1488 1790 1572 1819 Deum
1599 1797 1721 1821 nostrum

937 1839 986 1865 per
1017 1832 1162 1866 imaginem
1188 1833 1316 1868 eﬂingere
1340 1834 1446 1868 nolunt,
1474 1835 1579 1863 Scilicet
1598 1843 1631 1864 eo
1647 1839 1720 1872 quod

938 1876 1009 1904 haud
1022 1879 1203 1912 proﬁteantur
1226 1879 1321 1906 Deum.
1335 1879 1432 1912 Judaei,
1454 1880 1502 1916 qui
1513 1881 1612 1916 majori
1627 1888 1722 1910 contra

937 1930 998 1950 eum
1015 1923 1128 1950 insanire
1150 1924 1244 1951 morbo
1268 1925 1403 1959 laborant,
1432 1934 1466 1953 ne
1480 1927 1514 1955 de
1530 1929 1602 1956 nudo
1613 1929 1722 1963 quidem

936 1968 1046 1995 nomine
1058 1976 1112 1995 rem
1129 1969 1287 1997 admittunt.
1301 1971 1370 1998 Sunt
1384 1972 1440 2004 alii,
1453 1980 1516 2008 pars
1527 1974 1607 2009 impia
1622 1975 1725 2003 etdiris

936 2014 1100 2046 devovenda,
1137 2015 1181 2049 qui
1199 2017 1241 2043 vel
1265 2017 1410 2053 insigniter
1429 2019 1592 2053 mentiendo,
1621 2028 1723 2056 corpus

937 2059 1025 2094 ipsius
1040 2060 1184 2088 includunt
1199 2062 1249 2089 soli
1267 2071 1273 2095 ;
1292 2063 1333 2090 vel
1351 2063 1377 2090 in
1399 2064 1443 2091 illa
1461 2065 1623 2093 dissolutum
1647 2071 1722 2098 eunt,

936 2113 952 2133 e
968 2106 1067 2141 quibus
1080 2107 1131 2141 ipsi
1146 2107 1344 2136 eoutlaverunt.
1369 2109 1546 2138 Contendunt
1571 2111 1616 2146 qui
1634 2111 1725 2140 Mane-

938 2156 991 2179 tem
1017 2157 1169 2188 sequuntur
1194 2154 1289 2182 ducem
1319 2155 1394 2183 nullo
1426 2159 1507 2184 modo
1531 2165 1593 2184 eum
1624 2166 1725 2192 corpus

938 2204 1061 2225 nostrum
1078 2200 1270 2234 assumpsisse,
1299 2201 1343 2228 cui
1361 2202 1485 2236 sequitur
1498 2203 1612 2230 omnino
1628 2211 1723 2232 neces-

939 2244 1022 2276 sario,
1039 2245 1178 2272 Christum
1195 2253 1249 2273 non
1265 2253 1326 2273 esse
1340 2255 1387 2282 per
1410 2247 1556 2282 imaginem
1570 2248 1726 2283 exprimen-

941 2289 1016 2316 dum.
1032 2288 1150 2316 Videant
1163 2297 1229 2324 ergo
1245 2292 1366 2326 prognati
1377 2299 1392 2318 a
1408 2292 1593 2326 multipliciter
1608 2293 1726 2320 erratico

939 2338 967 2360 et
991 2333 1142 2361 adulterino
1175 2335 1288 2367 semine,
1318 2341 1346 2364 et
1377 2336 1429 2364 sibi
1450 2341 1563 2364 caveant
1579 2337 1726 2373 (genimina

938 2379 1042 2406 novitia
1074 2379 1317 2408 Iconomachorum
1345 2382 1419 2416 dico)
1441 2390 1510 2416 quos
1528 2386 1554 2409 et
1568 2382 1663 2417 quales
1675 2383 1726 2410 sibi

939 2424 1079 2452 ascribant
1107 2426 1304 2461 progenitores,
1330 2433 1357 2454 et
1384 2428 1417 2454 de
1445 2435 1499 2462 qua
1534 2427 1652 2455 factione
1667 2436 1726 2463 my-

941 2475 991 2498 sta:
1017 2475 1045 2497 et
1070 2470 1196 2506 discipuli
1223 2473 1359 2500 voluerint
1381 2473 1452 2500 inter
1475 2473 1648 2501 Christianos
1665 2482 1728 2501 ccu-

941 2523 1005 2542 SCTL

991 2569 1154 2602 QUJ‘JSTIO
1177 2571 1291 2600 CXCVII
1323 2573 1418 2610 [σοῖσι.
1438 2574 1579 2608 CCXXVI,
1611 2575 1693 2603 Taur.

1262 2619 1401 2655 ccxvny

1225 2664 1264 2692 De
1278 2666 1448 2701 imaginibus.

687 2706 755 2731 Edita
767 2712 780 2731 a
793 2706 940 2734 Montacutio
951 2711 1002 2742 (ep.
1014 2711 1053 2740 58,
1065 2717 1088 2741 p.
1099 2708 1151 2741 97).

141 2761 234 2794 Σίμων
249 2760 263 2786 ὁ
278 2759 369 2795 Μάγος
385 2761 430 2786 καὶ
450 2761 614 2797 Καρποκρᾶς
629 2760 808 2789 ἐϐαπτίσαντο
819 2769 826 2777 ·
843 2762 887 2790 διὰ

144 2817 176 2832 “'
194 2816 288 2844 Matth.
304 2825 381 2848 χχιιι,
399 2816 475 2844 8-10.

979 2764 1073 2791 Simon
1084 2763 1176 2799 Magos
1184 2763 1369 2800 etCarpocras
1381 2764 1517 2800 baptismo
1532 2765 1727 2794 initiabantur:
