1874 3070
204 130 256 161 935

776 131 907 161 ΡΠΟΤΙΙ
926 131 1176 161 ΡΑΤΒῙΑΗΕΙΙᾸΞ
1191 132 1244 161 CP.

1765 131 1817 162 936

204 187 309 213 ohcam
326 192 435 213 causam
462 189 488 212 et
510 185 613 213 Christi
639 187 971 222 imagincmeircumgestz

1051 187 1122 214 τοῦτο
1149 187 1196 213 καὶ
1222 185 1342 222 Χριστοῦ
1368 186 1459 212 εἰκόνα
1481 185 1658 220 περιέφερον,
1689 185 1756 211 ἀλλὰ
1776 188 1820 221 τῆς

205 232 280 264 bant,
295 231 340 258 sed
367 239 382 258 a
403 232 515 267 magicis
542 232 717 261 illusionibus
745 239 772 260 et
793 234 904 260 lascivia
934 241 989 261 non

203 277 396 304 recedebant:
430 278 559 312 quocirca
589 283 616 305 ct
654 280 769 306 aliorum
803 280 988 314 quorumdatn

203 324 335 358 imagines
361 331 415 350 una
446 323 685 352 circumferebant.
713 324 820 352 Pudore
858 326 986 359 quocirra

202 369 394 396 sullundantur
415 367 656 396 Iconomachorum
685 369 830 403 primipili,
853 377 886 396 co
913 370 988 405 quod

202 414 332 441 insensati
347 415 433 448 magis
447 422 508 441 csse
520 415 728 446 convincantur,
756 423 836 450 quam
859 421 935 442 erant
949 415 987 442 illi

201 460 478 495 superstitiosissimi,
501 466 528 488 ct
551 465 603 488 tant
627 461 800 496 dogmatibus
823 469 906 497 quam
932 461 988 489 vita

200 510 227 532 et
241 506 448 533 conversatione
465 506 566 540 decepti
580 511 607 533 et
619 515 742 534 errones.

234 552 388 588 Interrogas
395 560 445 579 cur
456 552 590 580 haereticis
603 553 797 588 turpitudinem
813 553 985 588 exprobrem.

201 598 229 625 Si
241 606 294 626 non
310 603 336 626 te
350 599 487 626 turbarem
502 600 822 633 respouso,docerem'ab
833 600 986 635 insipienti-

199 645 250 672 bus
264 645 424 680 interrogari
443 645 482 672 sic
495 645 613 672 debere:
629 653 716 680 eoque
730 646 816 681 magis
831 647 902 680 quod
919 646 941 673 si
956 651 984 672 tu

199 690 321 726 patieris,
335 691 369 717 ab
385 691 459 717 omni
480 699 527 718 eos
559 698 641 718 sensu
666 698 720 718 non
745 692 835 718 minus
861 699 942 726 quam
968 699 984 718 a

197 738 298 772 pietate
310 741 417 764 emotos
433 736 639 764 demonsuaho.
661 736 689 763 In
702 744 735 764 co
746 736 816 771 ipso.
834 744 888 770 quo
904 744 985 763 scan—

197 783 259 809 tlalo
275 783 353 810 Iidem
371 782 552 809 orthodoxam
570 781 675 809 allicere
690 782 844 814 voluerunt,
862 786 983 809 vetusta-

197 833 251 855 tetn
271 828 457 862 depraedicant
474 828 624 862 imaginum
649 826 879 854 fabricandarum.
903 827 984 854 Certe

1044 232 1165 267 μαγικῆς
1183 232 1326 267 τερθρείας
1346 232 1393 257 καὶ
1413 231 1468 258 τῶν
1484 231 1578 259 παθῶν
1593 232 1643 258 οὐκ
1662 232 1819 266 ἀφίσταντο·

1040 279 1085 305 διὰ
1096 279 1174 305 τοῦτο
1188 279 1234 305 καὶ
1255 279 1357 314 ἐτέρων
1370 278 1452 304 τινῶν
1466 278 1574 310 είκόνας
1596 279 1818 314 συμπεριέφερον.

1040 326 1268 361 Αίσχυνέσϐωσαν
1287 325 1432 361 τοιγαροῦν
1445 325 1499 352 τῶν
1513 326 1703 361 Εἱκονομάχων
1718 326 1741 352 οί
1759 325 1819 360 πρό-

1041 380 1123 406 μαχοι
1133 392 1139 403 ,
1157 372 1198 398 ὅτι
1215 371 1330 398 καὶτῶν
1343 371 1630 406 δεισιδαιμονεστάτων
1647 372 1758 399 ἐκείνων
1778 373 1818 399 καὶ

1038 417 1101 452 δόξῃ
1111 418 1158 444 καὶ
1173 417 1224 453 βίῳ
1238 417 1455 453 πεπλανημένων
1463 418 1698 454 ἀγνωμονέστερα
1706 413 1817 452 ἀπελέγ-

1039 471 1144 498 χονται.

1079 551 1200 588 Ἐρωτᾷς
1211 552 1255 579 διὰ
1269 553 1294 578 τί
1307 552 1356 588 τὴν
1367 553 1499 588 αἰσχύνην
1512 553 1569 584 τοῖς
1584 552 1732 589 αἱρετικοϊς
1745 554 1818 589 ἐνηρ-

1038 597 1162 632 μόσαμεν
1173 607 1179 614 ”
1192 598 1248 633 ἐγὼ
1262 598 1301 631 δὲ,
1318 599 1342 625 εί
1355 600 1391 634 μή
1405 608 1433 625 σε
1450 599 1544 625 λυπεῖν
1558 599 1682 633 ἔμελλον,
1698 600 1817 634 ἀνοήτων

1036 644 1069 670 ἂν
1085 644 1215 677 ἀπέδειξα
1234 645 1264 670 τὸ
1289 645 1437 681 ἐρώτημα⁷
1455 646 1503 672 καὶ
1521 644 1658 678 τοσοῦτον,
1676 645 1718 671 ὅτι
1731 645 1777 672 καὶ
1791 645 1817 672 τὸ

1036 689 1198 725 ἀναίσθητον
1211 691 1318 723 αὐτοὺς,
1332 690 1365 717 ἂν
1378 691 1432 726 ἄρα
1447 690 1529 726 βούλῃ
1540 711 1548 722 ,
1566 691 1636 725 μετὰ
1648 690 1696 717 τοῦ
1708 690 1816 722 ἀσεϐοῦς

1035 736 1161 768 ἐπιδείξω
1186 737 1384 772 περιέποντας·
1406 737 1440 763 δι’
1467 733 1504 763 ὧν
1527 737 1583 772 γὰρ
1600 737 1756 771 δυσφημίαν
1772 745 1816 763 πε-

1036 782 1159 816 ριάπτειν
1174 783 1207 817 τῇ
1223 781 1362 818 όρθοδοείᾳ
1376 783 1554 817 ἐμελέτησαν,
1570 782 1614 809 διὰ
1624 783 1728 809 τούτων
1743 782 1816 817 μάλι-

1035 835 1084 854 στα
1099 828 1151 862 τῆς
1163 829 1349 864 εἰκονουργίας
1363 829 1412 864 τὴν
1427 829 1595 864 ἀρχαιότητα
1609 829 1815 864 μαρτυροῦντες,

197 882 251 902 non
268 874 423 908 intelligunt
448 881 504 900 rem
521 881 581 900 esse
597 872 808 899 Christianistno
821 873 971 908 centcmpo

1051 874 1063 900 ὑ
1081 874 1243 909 συνῄσθοντο
1264 875 1412 910 σύγχρονον
1435 875 1519 910 αὐτὴν
1544 875 1584 910 τῷ
1598 875 1814 911 Χριστιανισμῷ,

196 922 319 950 raucam,
332 923 359 945 et
372 918 525 953 baptismati
548 918 682 944 instituto.
700 917 756 945 Iloc
779 923 874 945 contra
891 918 987 945 volun-

197 970 280 992 tatem
294 965 372 992 nobis
384 965 538 991 conecduut
555 973 561 991 :
576 971 694 998 cumque
706 972 752 998 per
769 964 907 991 Simonem
928 963 985 990 Ma-

196 1020 259 1046 gum
284 1011 436 1045 baptizatos
460 1011 487 1037 iit
509 1010 700 1038 contumeliam
720 1009 869 1044 imaginum
887 1011 984 1037 subin-

1034 919 1080 944 καὶ
1095 918 1134 952 τῷ
1150 919 1318 954 βαπτίσματι
1329 940 1336 953 ,
1351 920 1397 947 καὶ
1417 920 1529 952 ἄκοντες
1547 921 1797 956 ἁνομολογήσαντες
1809 929 1815 935 ·

1032 963 1065 990 δι’
1082 961 1118 991 ὧν
1131 964 1159 990 δὲ
1178 965 1246 1001 μηδὲ
1263 966 1325 997 τοὺς
1346 966 1409 1001 περὶ
1424 966 1535 1001 Σίμωνα
1553 966 1655 1003 ταύτην
1681 967 1815 1001 ἐνυϐρίσαι

1032 1009 1230 1044 βαπτισθέντας
1242 1011 1467 1048 παρεισάγουσιν,
1484 1013 1597 1038 ἐκείνων
1613 1013 1693 1039 πλέον
1710 1013 1815 1043 ἑαυτοὺς

196 1057 356 1089 traducunt,
371 1057 497 1091 ignomnt
515 1055 674 1090 semctipsos
696 1060 891 1090 reprmsentare
910 1055 971 1082 ultr:

1051 1055 1199 1090 wﬁaavrac
1221 1056 1271 1091 τὴν
1291 1057 1490 1091 ἀγνωμοσύνην
1515 1058 1704 1093 παριστῶντες
1723 1058 1815 1085 ἐπελά-

195 1103 237 1130 vel
252 1110 299 1130 eos
314 1102 388 1137 ipsos
408 1101 583 1136 impudentia:
598 1101 692 1128 morbo
711 1101 875 1128 laborantes.

231 1157 394 1192 ρυιεδτιο
426 1157 554 1186 CXCVIII
578 1156 672 1193 [CoisL
692 1156 843 1190 CCXXVII,
861 1156 944 1183 Taur.

514 1204 664 1240 ccxvntj.

414 1261 453 1288 De
475 1261 653 1296 pugnantibus
669 1259 764 1287 verbis.

1035 1101 1122 1129 θοντο.

1283 1158 1452 1186 εΡΩΤΗΣιΣ
1479 1160 1561 1195 Ριιιιι.

1209 1261 1275 1293 Περὶ
1291 1261 1470 1295 μαχομένων
1483 1262 1594 1296 ῥητῶν.

563 1306 634 1331 Edita
648 1313 661 1330 δ
674 1305 823 1330 Moutaculio
835 1305 886 1335 (ep.
897 1305 926 1329 45
938 1305 967 1329 ad
979 1305 1056 1330 Leon.
1068 1313 1092 1337 p.
1105 1305 1156 1337 99).
1167 1318 1199 1324 -—
1209 1305 1236 1330 In
1249 1306 1333 1331 Matth.
1349 1313 1400 1336 xu,
1412 1307 1451 1332 21.

229 1359 318 1388 Grave
346 1360 415 1386 reris
439 1362 467 1386 et
497 1358 698 1385 tntoleranclum
725 1358 881 1384 mandatum
904 1357 982 1388 illud,

197 1415 206 1432 σ
227 1406 388 1440 Ὗρηιῑοιιυαι
403 1405 485 1431 habes
503 1410 530 1431 et
548 1406 580 1430 da
598 1404 773 1439 pauperibus.
787 1412 797 1428 ι
816 1403 872 1438 Ego
888 1408 980 1430 autem

194 1453 230 1479 ob
245 1453 296 1480 hoc
312 1451 400 1487 ipsum
413 1451 509 1486 jugum
531 1450 638 1477 Domini
671 1454 701 1476 ιιι
718 1449 852 1484 placidum
871 1454 898 1476 et
914 1457 983 1476 unus

193 1499 254 1527 leve
269 1498 425 1526 existimare
454 1502 481 1525 te
500 1504 638 1532 cuperem.
664 1495 744 1523 Jubct
760 1496 833 1523 enim
849 1504 919 1522 onus
935 1496 983 1522 de~

194 1551 296 1579 ponere
310 1542 452 1576 Dominus,
468 1548 495 1570 et
510 1550 636 1570 curarum
654 1546 771 1576 segetem
790 1546 871 1576 atque
895 1544 983 1567 tenta-

195 1591 300 1618 tionum
325 1593 464 1621 excutere,
484 1596 538 1616 non
556 1593 645 1615 autem
663 1588 785 1615 humeris
805 1595 877 1614 onus
893 1587 977 1621 impo-

195 1637 277 1665 situm
296 1641 414 1671 gestare.
437 1634 518 1662 lubet
533 1634 579 1661 illa
596 1634 782 1669 indigentibus
802 1633 978 1666 distribuere,

193 1687 222 1710 et
237 1682 273 1710 ob
290 1682 335 1709 illa
350 1681 445 1709 relicta
467 1681 598 1709 thesauro
614 1681 717 1708 cmlesti
736 1681 870 1708 ditescere
884 1680 979 1707 donat.

195 1729 261 1763 Quae
284 1729 308 1756 si
331 1736 386 1756 non
403 1728 614 1760 distribuantur,
636 1728 724 1755 otiosa
739 1732 766 1754 et
786 1727 891 1754 inutilia
916 1727 980 1754 huic

194 1774 321 1810 praesenti
333 1774 396 1802 vita:
413 1773 563 1801 redduntur
577 1773 783 1803 incumbentia;
798 1778 826 1799 et
840 1780 902 1799 cum
915 1772 980 1799 hinc

194 1819 400 1851 recesserimus,
421 1817 570 1845 destituent
586 1824 646 1844 nos.
670 1816 804 1850 Quocirca
834 1817 899 1843 mihi
915 1821 979 1843 ttota

193 1865 302 1892 Domini
331 1863 548 1892 miSericordiam
568 1868 595 1890 et
617 1862 817 1897 inexplicabilis
835 1862 980 1897 providen-

195 1911 237 1937 tia:
258 1910 416 1937 varietatem
437 1908 633 1943 multiplicem;
649 1908 724 1942 quod
745 1915 776 1935 ea
792 1914 914 1942 quantos
932 1915 980 1934 no:-

193 1956 315 1984 ccssario
326 1961 353 1983 et
365 1955 530 1982 reluctantes
545 1957 759 1988 consequentur,
773 1953 817 1980 illa
828 1952 979 1987 (voluntate

192 2005 298 2028 tantum
319 2000 474 2034 accedente)
495 2004 624 2034 tanquam
640 1999 764 2033 proprios
781 2005 844 2026 cum
873 1998 978 2025 labores

192 2052 248 2074 tum
260 2046 365 2073 fructus
391 2046 606 2080 amplectamur,
624 2050 652 2071 et
673 2049 803 2078 tanquam
817 2043 908 2070 omnia
935 2051 978 2070 re-

192 2092 316 2118 ctissime
336 2091 570 2123 administrantes,
585 2090 631 2126 qui
660 2089 834 2117 solummodo
852 2088 976 2123 proposi—

190 2141 249 2165 tum
258 2136 476 2167 adltihueritnus.
484 2137 512 2163 in
523 2144 634 2170 regnum
644 2135 746 2163 coeloru
752 2143 777 2162 m
787 2140 929 2168 susceptus
938 2135 978 2161 in-

191 2182 354 2210 troduxerit.
366 2191 376 2207 ι
392 2180 488 2208 Venite
503 2181 586 2216 (enim
604 2181 718 2215 inquiet)
732 2180 865 2207 benedicti
887 2179 977 2207 Patris

190 2227 253 2260 mei,
271 2227 408 2262 possidete
423 2235 535 2262 regnum
551 2225 627 2253 vobis
639 2225 825 2260 apparatum“
836 2227 882 2252 ".l

188 2294 354 2329 QUIESTIO
364 2294 467 2322 CXCIX
485 2293 579 2330 [CoisL
589 2291 749 2324 CCXXVIII,
758 2291 838 2318 Taur.
847 2291 977 2327 CXXIX}.

1069 1366 1079 1382 ‹
1100 1357 1229 1392 Πώλησόν
1244 1366 1291 1384 σου
1307 1359 1340 1386 τὰ
1353 1358 1510 1394 ὑπάρχοντα
1534 1359 1582 1386 καὶ
1605 1359 1648 1391 δὸς
1664 1361 1792 1395 πτωχοῖς,
1805 1367 1813 1382 ι

1034 1402 1104 1438 βαρὺ
1120 1403 1241 1438 νομίζεις
1254 1405 1301 1431 καὶ
1312 1404 1515 1432 δυσδάστακτον
1529 1406 1561 1432 τὸ
1578 1406 1732 1441 ἐπίταγμα.
1753 1406 1817 1440 Ἐγὼ

1032 1448 1060 1474 δέ
1079 1457 1109 1474 σε
1127 1449 1171 1476 διὰ
1187 1449 1284 1476 τούτου
1306 1451 1406 1486 μᾶλλον
1422 1452 1489 1487 ὁρᾷν
1513 1451 1583 1485 ἀξιῶ
1603 1452 1649 1478 τὸν
1664 1452 1748 1486 ζυγὸν
1763 1453 1815 1479 Κν-

1033 1495 1103 1530 ρίου,
1120 1496 1157 1527 ὡς
1170 1496 1278 1532 ἀληθῶς
1292 1497 1420 1533 χρηστὸν,
1438 1498 1486 1525 καὶ
1511 1498 1541 1525 τὸ
1555 1499 1664 1534 φορτίον
1688 1498 1812 1534 ἐλαφρόν.

1032 1540 1132 1576 Φόρτον
1146 1540 1200 1576 γὰρ
1210 1541 1370 1575 ἀποθέσθαι,
1389 1543 1436 1569 καὶ
1453 1543 1506 1570 τῶν
1525 1543 1672 1579 φροντίδων
1684 1544 1736 1570 καὶ
1762 1552 1817 1570 πει-

1033 1586 1146 1622 ρασμῶν
1168 1587 1235 1623 ὕλην
1261 1589 1486 1621 ἁποτινάξασθαι,
1511 1590 1569 1617 ἀλλ’
1585 1590 1636 1616 οὐκ
1662 1591 1816 1622 ἀναλαϐεῖν,

1031 1632 1218 1667 ὲγκελεύεταιο
1245 1635 1361 1661 κάκεῖνα
1386 1637 1442 1667 τοῖς
1477 1635 1611 1672 χρῄζουσι
1639 1637 1746 1672 νέμειν,
1775 1637 1818 1663 καὶ

1031 1678 1093 1705 ἀντὶ
1104 1678 1206 1705 τούτων
1223 1679 1359 1715 θησαυρὸν
1372 1681 1498 1708 πλουτεῖν
1512 1682 1558 1708 τὸν
1579 1682 1709 1716 οὐράνιον
1730 1683 1818 1718 ἐχαρί-

1031 1732 1097 1750 σατο
1107 1731 1116 1741 ⁸
1129 1724 1147 1751 ἃ
1161 1724 1207 1751 καὶ
1220 1725 1259 1760 μὴ
1275 1725 1460 1761 διανεμόντων
1475 1727 1549 1761 ἀργὰ
1569 1727 1619 1754 καὶ
1639 1728 1766 1762 ἄχρηστα
1782 1728 1818 1762 τῷ

1031 1770 1145 1805 παρόντι
1175 1770 1225 1807 βίῳ
1251 1772 1439 1805 ἑνατιόκειται,
1470 1774 1583 1800 κάκεῖσε
1610 1774 1817 1809 μεθισταμένων

1030 1815 1148 1843 ἐνταῦθα
1174 1817 1425 1852 καταλιμπάνεται·
1452 1819 1485 1846 δι’
1501 1819 1515 1846 ὃ
1532 1828 1578 1854 μοι
1600 1819 1699 1846 σκόπει
1721 1820 1817 1855 μᾶλλον

1030 1861 1080 1895 τὴν
1105 1863 1273 1903 Δεσποτικὴν
1307 1864 1530 1899 φιλανθρωπίαν,
1556 1865 1603 1891 καὶ
1634 1865 1685 1899 τῆς
1715 1865 1816 1900 ἁφάτου

1031 1907 1163 1942 Προνοίας
1176 1909 1206 1934 τὸ
1230 1909 1354 1937 ποικίλον
1375 1910 1421 1936 καὶ
1437 1910 1616 1945 πολύτροπον,
1637 1911 1678 1937 ὅτι
1702 1911 1775 1946 ἅπερ
1789 1910 1816 1943 ἐξ

1030 1953 1152 1989 ἀνάγκης
1175 1954 1223 1981 καὶ
1251 1956 1332 1991 ἡμῶν
1358 1956 1480 1983 ἀκόντων
1499 1957 1696 1984 ἐπακολουθεῖν
1724 1958 1814 1988 rimas.

1029 1999 1127 2032 ταῦτα,
1142 2000 1255 2036 γνώμης
1268 2001 1465 2037 προστεθείσης
1479 2003 1574 2037 μόνης,
1587 2002 1754 2036 ὡςοίκείους
1769 2003 1815 2030 πό-

1029 2051 1091 2075 νους
1105 2045 1151 2070 καὶ
1168 2046 1292 2080 καρποὺς
1307 2046 1498 2080 ἀποδέχεσθαι·
1519 2046 1567 2073 καὶ
1583 2047 1621 2078 ὡς
1635 2047 1666 2073 τὸ
1678 2048 1736 2074 πᾶν
1751 2056 1813 2074 κατ-

1029 2089 1202 2124 ωρθωκότας,
1222 2091 1286 2122 τοὺς
1317 2092 1400 2126 μόνην
1414 2092 1670 2126 συνεισενεγκόντας
1685 2093 1813 2128 προαίρε-

1030 2143 1072 2160 σιν
1104 2137 1143 2166 εἰς
1173 2136 1272 2171 κλῆρον
1297 2137 1347 2171 τῆς
1373 2136 1456 2163 αὑτοῦ
1483 2137 1620 2172 βασιλείας
1643 2138 1802 2173 ὑποδέχεται

1032 2189 1040 2205 ι
1061 2180 1142 2206 Δεῦτε
1155 2182 1220 2215 γὰρ,
1234 2187 1327 2215 φησιν,
1338 2183 1362 2214 οῖ
1372 2182 1554 2217 εὐλογημένοι
1565 2183 1612 2209 τοῦ
1627 2183 1737 2218 Πατρός
1751 2192 1809 2218 μου,

993 2236 1014 2263 D
1030 2225 1254 2261 κληρονομήσατε
1268 2228 1317 2262 τὴν
1331 2229 1539 2263 ἡτοιμασμένην
1556 2229 1620 2263 ὑμῖν
1636 2228 1785 2263 βασιλείαν.
1799 2237 1808 2253 ι

1289 2294 1458 2321 armum
1472 2294 1552 2329 mea

311 2353 383 2378 Edita
393 2361 406 2378 a
422 2352 572 2377 alontacutio
586 2352 636 2382 (ep.
649 2351 679 2376 50
689 2351 717 2375 ad
730 2350 853 2380 Sergium,
864 2357 887 2381 p.
901 2350 967 2380 105).
979 2362 1008 2368 ——
1021 2349 1058 2374 De
1069 2349 1193 2374 solutione
1205 2350 1268 2381 legis
1279 2357 1306 2375 ac
1319 2351 1350 2375 de
1363 2351 1444 2376 verbis
1458 2351 1542 2376 Matth.
1561 2358 1584 2382 ν,
1596 2351 1674 2377 1547.

222 2408 283 2436 Non
295 2413 337 2436 est
358 2407 495 2436 sideribus
514 2415 547 2435 ex
567 2407 694 2442 opposito
711 2406 764 2436 sol.
783 2413 836 2432 non
863 2410 974 2433 contra-

187 2457 274 2484 riatur
284 2456 336 2483 diei
353 2462 418 2488 nox,
440 2462 490 2482 nec
508 2454 613 2481 solares
634 2453 702 2480 radii
721 2452 859 2487 splenderi
884 2452 973 2486 ignis;

186 2502 233 2529 sed
249 2510 297 2528 nec
313 2500 478 2528 adolescendi
503 2500 643 2526 hominum
660 2504 766 2526 natura:
788 2498 933 2533 perfectior
944 2503 975 2535 ,ει

186 2547 273 2573 virilis
285 2552 361 2574 tetas.
374 2545 508 2580 Adjiciam
531 2545 553 2572 si
570 2545 656 2579 placet
671 2552 678 2576 ;
694 2544 741 2571 sed
755 2551 803 2571 nec
817 2544 973 2576 astringous

185 2594 316 2628 qualitas,
333 2599 395 2626 qua:
426 2591 459 2618 ad
475 2591 621 2617 tincturam
643 2590 800 2617 coccincam
818 2589 972 2622 subjectum

187 2643 310 2674 apparat.
331 2637 515 2664 contrariatur
531 2636 589 2663 [lori
615 2643 743 2671 purpura:
761 2644 767 2662 :
784 2635 830 2662 sed
848 2642 897 2661 nec
920 2634 973 2660 nti-

188 2690 244 2712 xtto
278 2685 413 2717 colorum,
444 2691 494 2710 nec
525 2682 687 2710 assintilatio
717 2680 877 2715 imaginum.
908 2684 971 2706 ante

223 2750 245 2766 “
259 2751 277 2759 "
290 2749 385 2778 Matth.
406 2757 468 2781 xxv,
483 2749 528 2776 54.

1062 2405 1120 2431 Οὐκ
1137 2405 1210 2432 ἔστιν
1226 2406 1346 2432 ἐναντίον
1360 2407 1493 2441 ἀστράσιν
1512 2407 1598 2442 ἥλιος,
1617 2407 1678 2433 οὐδὲ
1689 2408 1723 2443 τῇ
1739 2407 1810 2434 νυκτὶ

1026 2451 1126 2486 ήμέρα,
1137 2452 1198 2478 οὐδὲ
1213 2453 1298 2486 πυρὸς
1318 2452 1399 2487 αἴγλῃ
1414 2454 1442 2479 αἱ
1455 2454 1567 2488 ὴλιακαὶ
1578 2454 1687 2485 ἀκτῖνες
1697 2462 1704 2469 ⁸
1713 2455 1745 2480 οὺ
1761 2455 1809 2488 μὴν

1025 2497 1086 2522 οὐδὲ
1111 2497 1245 2532 νεαζούσῃ
1262 2497 1357 2531 φύσει,
1385 2498 1401 2532 ἡ
1428 2499 1489 2524 κατ’
1506 2499 1590 2532 ἄνδρα
1610 2498 1766 2533 τελειότης·
1788 2498 1809 2523 εἰ

1027 2541 1116 2577 βούλει
1128 2542 1165 2574 δὲ,
1181 2542 1243 2569 οὐδὲ
1258 2543 1274 2577 ἡ
1291 2542 1430 2577 στύφουσα
1449 2544 1570 2579 ποιότης,
1592 2544 1660 2579 πρὸς
1679 2543 1808 2579 ἁλουργὸν

1030 2588 1119 2623 βαφὴν
1126 2588 1324 2622 εὐτρεπίζουσα
1331 2590 1380 2625 τὴν
1396 2590 1423 2616 ῦλ
1429 2599 1472 2625 ην,
1487 2591 1554 2626 πρὸς
1563 2590 1593 2616 τ’)
1608 2591 1659 2624 τῆς
1669 2589 1809 2625 πορφύρας

1026 2634 1105 2666 ἄνθος
1114 2639 1154 2658 φτ
1165 2642 1172 2648 ·
1185 2634 1239 2661 οὐδ’
1251 2635 1267 2669 ὴ
1279 2634 1331 2661 τῶν
1347 2636 1500 2670 χρωμάτων
1517 2637 1625 2671 κρᾶσις,
1640 2637 1686 2662 καὶ
1703 2637 1810 2671 μόρφω-

1027 2687 1068 2710 σις
1083 2679 1138 2705 τῶν
1155 2680 1364 2716 είκονισμάτων,
1387 2683 1447 2713 ταῖς
1469 2682 1708 2717 προτυπωθείσιις
1723 2689 1807 2717 γραμ-

829 2792 945 2820 VARI/Ii
966 2791 1167 2821 LECTIONES.

219 2849 258 2869 ψ’
277 2841 342 2875 εἶδος
361 2843 392 2872 II.
