1874 3070
78 179 129 210 937

467 180 517 209 AD
534 178 831 209 AMPHILOCl-IIUM
848 179 1019 214 QU/ESTIO
1037 180 1190 216 CXCVIII,
1210 180 1332 210 CXCIX.

1651 178 1702 209 938

80 232 144 266 μαῖς
158 231 207 258 καὶ
223 232 382 267 χαράγματι
391 230 447 258 τῶν
463 232 650 266 σκιασμάτων.
659 232 692 258 Τί
704 232 731 258 δὲ
740 232 817 267 βούλε

959 233 1004 260 :tis
1031 233 1110 260 lineis
1147 238 1173 261 et
1201 233 1437 260 adumbrationnm
1469 231 1699 267 descriptionibus

79 278 95 313 ἡ
106 276 162 303 τῶν
173 277 325 304 δοκούντων
336 277 504 304 ἀντικεῖσθαι
517 278 678 313 παράθεσις,
694 277 742 313 τὴν
754 278 864 313 δόκησιν

78 323 127 357 τῆς
146 322 332 355 ἐναντιώσεως
350 324 379 357 ἐξ
402 325 485 359 αὐτῆς
502 325 692 359 ἀνατρέπουσα
708 330 719 344 ⁸
744 324 865 360 παραθέ-

80 377 166 403 aug;
181 369 248 402 οὐδ’,
269 370 338 406 ὅπερ
364 371 443 402 αὐτὸς
468 372 590 406 ἀπορεῖς,
606 370 660 397 οὐδ’
685 372 701 405 ή
725 371 805 406 χάρις
827 371 864 406 τῷ

79 415 156 450 νόμῳ
178 416 346 443 liv-rixatur
378 420 549 452 χειραγωγία
567 417 596 443 δὲ
621 418 668 444 καὶ
685 417 863 452 προάγγελος,

79 462 226 495 συμφωνία
249 470 279 488 τε
304 463 352 489 καὶ
368 463 588 498 προκατασκευὴ,
604 465 650 490 καὶ
673 463 731 495 ὁδὸς
748 464 865 499 ὑπάρχει

79 507 127 532 καὶ
153 508 327 543 παρασκευὴ,
347 508 443 535 καὶτὰ
457 509 524 535 ἄλλα
542 509 647 541 πάντα,
671 511 685 536 ὁ
709 510 791 545 νόμος
816 511 865 545 τῆς

79 551 205 586 χάριτος.
230 551 377 584 Τελείωσις
405 553 455 588 μὲν
472 553 527 588 γάρ
541 554 614 580 ἐστιν
636 554 652 588 ἡ
668 554 761 588 χάρις·
776 554 865 581 πάντα

78 597 116 630 δὲ,
132 597 186 624 ὅσα
206 598 256 633 τῆς
277 598 453 631 τελειώσεως,
470 599 677 635 προῦφέστηκεν
688 607 694 614 ·
711 600 864 635 ὑπηρετού-

79 651 163 677 μενος
182 644 293 678 ὀνόμος
324 645 432 680 ἐδείχθη
457 647 490 681 τῇ
514 647 620 682 χάριτι·
648 647 864 682 ἐχειραγώγησε,

78 689 263 724 προεκήρυξε,
277 690 482 725 προητοίμασεν
492 699 500 706 ·
517 692 576 723 ὁδὸς
593 692 641 718 καὶ
652 692 736 723 τύπος
745 693 863 726 ἐγένετο,

78 732 107 758 ἐν
122 733 215 768 ἑαυτῷ
235 735 412 769 σχηματίζων
427 736 475 763 καὶ
488 737 648 769 ὑποδεικνὺς
655 737 705 773 τὴν
720 738 863 774 ἀλήθειαν·

77 779 154 805 οὐδὲν
177 780 232 806 τῶν
264 782 583 817 προπαρασκευαξὸντων
603 784 762 819 ὑστέρησεν.
794 785 864 811 Ἀλλ’

75 822 161 860 ἦλθεν
175 826 193 861 ἡ
213 826 291 862 χάρις
305 835 313 843 ·
341 828 486 863 ἐσχόλασεν
509 829 621 861 εἰκότως
644 831 659 857 ό
672 831 769 865 νόμος·
785 831 864 865 φύσις

76 870 132 905 γὰρ
145 871 226 898 τοῦτο
249 873 427 907 προτελείων,
451 874 648 912 ὑπεξίστασθαι
665 876 711 903 καὶ
734 886 865 913 παραχω-

76 917 135 952 ρεῖν
154 919 189 952 τῇ
208 918 368 954 τελειότητι.
383 920 439 947 Καὶ
464 921 506 947 ἵνα
520 922 534 948 ό
547 921 586 956 τῷ
600 922 675 957 νόμῳ
688 923 864 958 προσανέχων

75 962 152 995 λαὸς,
168 963 215 990 τὸν
234 965 264 991 ὲν
278 966 312 1000 τῇ
330 965 421 1000 χάριτι
436 966 504 993 Θεὸν
518 967 633 1003 ἐπιγνῷ,
651 969 696 996 καὶ
707 969 765 1004 *τῆς
785 978 864 1005 νομο-

74 1007 172 1040 θεσίας
185 1008 250 1035 ὄντα
274 1009 382 1046 Κύριον
396 1011 420 1045 (σ
447 1011 601 1047 Exulem-te
619 1013 685 1049 γὰρ,
709 1015 786 1050 φησὶ,
817 1017 864 1044 καὶ

77 1053 179 1087 γνῶτε,
192 1055 232 1082 ὅτι
248 1055 303 1090 ἐγώ
313 1058 371 1093 εἰμι
385 1059 398 1085 ὁ
411 1058 489 1091 Θεὸς,
503 1059 550 1086 καὶ⁹
565 1060 746 1097 ὑψωθήσομαι
763 1062 793 1089 ὲν
806 1065 864 1096 τοῖς

74 1097 177 1137 ἔθνεσι,
193 1100 372 1136 ὑψωθήσομαι
387 1103 417 1129 ἐν
429 1104 461 1138 τῇ
473 1104 508 1139 γῇ
526 1103 562 1139 ι),
576 1102 657 1140 ἦλθεν
671 1106 687 1141 ἡ
702 1105 792 1141 χάρις,
810 1107 864 1134 ὑπ-

73 1144 220 1181 εχώρησεν
234 1147 248 1174 ὸ
260 1147 342 1182 νόμος
352 1155 360 1164 ’
375 1148 413 1180 ὡς
426 1149 552 1185 ἀστέρες,
567 1151 644 1186 ἡλίου
658 1152 808 1186 φαίνοντος·
825 1154 863 1186 ὡς

73 1194 134 1227 νὺξ,
146 1195 309 1232 τῆςὴμέρας
316 1196 549 1234 διαυγ[αζ]ούσης·
560 1199 597 1231 ὼς
610 1201 637 1226 αἱ
651 1200 696 1227 τοῦ
706 1201 791 1236 πυρὸς
800 1201 863 1236 φλό-

73 1249 134 1274 γες,
150 1240 180 1272 ἑξ
210 1241 327 1277 αἰθρίας,
351 1243 400 1270 καὶ
422 1244 451 1269 ὲν
473 1244 594 1280 σταθερᾷ
622 1246 793 1282 μεσημϐρίᾳ,
821 1246 861 1282 τῷ

71 1287 182 1323 ἡλιακῷ
214 1289 284 1322 φωτὶ
315 1289 539 1325 ἀμαυρούμεναι·
562 1291 600 1323 ὡς
626 1294 807 1327 καταργεῖται
832 1294 863 1321 τὺ

71 1333 183 1367 νήπιον,
202 1334 242 1365 εἰς
261 1334 344 1370 ἄνδρα
367 1335 416 1370 τῆς
441 1335 549 1370 ἡλικίας
573 1337 801 1374 ἀναδραμούσης·
824 1340 863 1372 ὡς

70 1379 89 1414 ἡ
109 1379 222 1415 ποιότης
248 1380 295 1407 τοῦ
316 1381 475 1416 στύφοντος,
505 1383 556 1418 τῆς
583 1385 749 1420 πορφυρίδος
773 1385 862 1421 βαφῆς

71 1424 320 1460 ι-ὶπικρατησόισης⁹
345 1427 384 1458 ὡς
412 1428 441 1454 αἱ
466 1429 595 1464 γραμμαὶ
622 1430 670 1455 καὶ
697 1429 730 1457 τὰ
756 1438 860 1465 προχα-

72 1470 217 1505 ράγματα,
243 1472 284 1503 εἰς
305 1473 492 1509 διαμόρφωσιν
507 1475 556 1509 τῆς
572 1475 676 1506 εἰκόνος
693 1484 862 1512 συναπαρτι-

72 1516 206 1552 σθείσης·
241 1517 356 1546 ἕκαστον
371 1521 425 1555 γὰρ
451 1520 506 1547 τῶν
521 1521 550 1547 ἐν
575 1521 694 1558 ἑκατέρᾳ.
719 1524 861 1558 συστοιχίᾳ.

914 278 1102 304 adversantur.
1119 278 1189 310 Quid
1202 286 1266 304 vero
1279 278 1331 304 sibi
1347 278 1402 304 vult
1425 285 1515 304 rerum
1533 285 1593 312 quae
1607 277 1702 304 viden-

916 329 959 352 tur
970 325 1003 351 ad
1020 325 1174 359 oppositum
1188 325 1307 356 collatio,
1324 331 1383 358 qua:
1395 323 1598 351 contrarietatis
1617 331 1702 359 appa-

915 371 1029 397 retttiam
1067 379 1114 404 per
1152 371 1238 405 ipsam
1280 370 1513 404 comparationem
1553 369 1704 397 subvertit?

915 416 1015 452 Nempe
1045 425 1098 444 non
1131 416 1372 452 (quemadmodum
1396 416 1443 443 tibi
1474 416 1598 444 dubitare
1614 416 1701 442 visum

915 465 966 497 eet)
980 464 1064 495 gratia
1093 463 1142 498 legi
1163 463 1357 491 contrariatur.
1371 462 1452 490 Certe
1467 463 1511 490 lex
1523 462 1702 489 manuduetio

916 510 1039 543 quaedam
1050 514 1102 542 est,
1117 509 1357 544 prteannuntialio,
1386 509 1577 541 consonantia,
1594 516 1698 543 praepa-

915 555 995 586 ratio,
1029 555 1069 582 via
1097 560 1123 582 et
1153 559 1308 590 apparatus,
1325 559 1352 582 et
1371 555 1395 582 si
1414 562 1475 589 quae
1502 554 1555 581 alia
1578 558 1652 587 sunt,
1668 554 1700 581 ad

915 602 1040 636 gratiam.
1055 601 1103 629 Est
1115 601 1186 628 enim
1201 601 1286 636 gratia
1304 601 1505 628 consummatio
1521 609 1527 626 :
1541 607 1603 635 quae
1618 601 1702 634 perti-

915 653 980 676 nent
994 648 1027 675 ad
1043 648 1317 679 consummationem,
1334 647 1426 674 omnia
1446 654 1558 674 necesse
1573 651 1615 673 est
1631 654 1701 680 prte-

915 695 1060 722 exstilisse.
1078 695 1283 721 Demonstratur
1296 694 1380 728 legem
1401 693 1555 720 subservire
1582 692 1700 727 gratiae:

916 740 1085 772 manuduxit,
1105 739 1342 775 przeannuntiavit,
1362 740 1433 766 viam
1449 739 1499 773 ipsi
1516 739 1629 772 stravit;
1645 739 1700 768 via.

915 786 1013 819 forma,
1031 791 1070 814 -et
1085 794 1212 821 expressa
1230 786 1319 822 imago
1346 785 1406 816 fuit,
1423 785 1511 820 seipsa
1541 786 1660 819 figurans
1674 789 1702 812 et

915 833 1091 860 subindicans
1116 833 1267 860 veritatem.
1300 831 1373 859 Nibil
1396 832 1479 866 plane
1505 831 1591 858 abfuit
1605 838 1699 858 eorum

915 887 976 914 qua:
997 880 1030 905 ad
1053 879 1278 913 praeparationem
1303 878 1474 913 spectabant.
1509 877 1590 905 Venit.
1604 878 1700 912 gratia,

918 925 1009 952 inanis
1023 924 1073 952 fuit
1098 925 1160 960 (nec
1177 925 1285 960 injuria)
1301 924 1354 952 lex.
1380 924 1427 951 Est
1440 924 1511 952 enim
1527 923 1700 959 congenitum

917 969 1107 997 antecedaneis
1118 969 1255 1002 omnibus,
1272 974 1301 996 ut
1319 970 1378 997 loco
1393 970 1501 1001 cedant,
1517 971 1700 997 submovean-

917 1019 1015 1050 turque
1028 1015 1197 1050 perfectioni.
1210 1014 1243 1042 Et
1261 1020 1290 1042 ut
1306 1015 1351 1042 ille
1367 1016 1483 1050 populus
1498 1016 1543 1050 qui
1564 1015 1597 1042 ad
1611 1015 1697 1050 legem

916 1061 1081 1092 attendebat,
1097 1061 1181 1089 Deum
1195 1067 1354 1097 agnosceret
1384 1062 1436 1089 sub
1464 1062 1550 1096 gratia
1567 1069 1700 1096 apparen-

916 1111 981 1139 tem,
1010 1111 1037 1134 et
1062 1106 1208 1134 Dominum
1225 1115 1333 1142 quoque
1363 1108 1430 1142 legis
1445 1108 1584 1136 exstitisse
1601 1118 1607 1135 :
1623 1118 1632 1134 ι
1650 1109 1698 1136 At-

915 1152 1018 1180 tendite
1031 1153 1115 1185 enim,
1141 1153 1239 1188 inquit,
1257 1157 1284 1180 et
1302 1153 1443 1188 intelligite
1461 1153 1533 1188 quod
1551 1160 1602 1188 ego
1627 1152 1700 1180 Deus

915 1199 978 1232 sim,
990 1205 1016 1227 et
1029 1200 1168 1227 exaltabor
1179 1200 1248 1227 inter
1260 1205 1362 1236 gentes,
1377 1200 1517 1228 exaltabor
1527 1200 1552 1227 in
1565 1204 1638 1228 terra
1646 1200 1696 1228 ⁸⁷.»

915 1246 1030 1274 Advenit
1053 1246 1149 1282 gratia.
1177 1247 1291 1275 secessit
1321 1247 1375 1274 lex.
1408 1248 1446 1274 lta
1463 1247 1547 1274 stellae
1565 1247 1699 1275 recedunt

915 1296 1043 1327 surgente
1061 1292 1128 1323 sole.
1143 1297 1166 1319 et
1184 1300 1237 1320 nox
1254 1293 1300 1320 ubi
1314 1292 1374 1321 dies
1387 1293 1541 1326 illucescit;
1556 1291 1699 1327 nt'ignitte

915 1339 1041 1371 flammat,
1056 1345 1103 1372 per
1117 1338 1214 1365 sudqu
1232 1339 1343 1371 malum,
1368 1342 1395 1366 et
1412 1339 1553 1366 meridiem
1569 1338 1697 1371 mediam,

915 1391 930 1411 ιι
947 1384 1081 1412 solaribus
1108 1384 1193 1412 radiis
1218 1385 1400 1412 obscurantur
1414 1393 1422 1416 ς
1447 1392 1501 1412 ηοη
1517 1373 1595 1412 ἇιίιειι
1611 1392 1695 1419 quam

915 1429 1047 1457 infantilis
1061 1437 1125 1457 tetas
1135 1438 1182 1465 per
1198 1430 1301 1457 virilem
1324 1430 1459 1463 aboletur,
1474 1438 1537 1457 eum
1556 1437 1700 1457 succreve-

915 1475 951 1502 rit
965 1484 972 1502 :
987 1480 1016 1502 ut
1029 1476 1146 1510 qualitas
1166 1476 1350 1511 astringentis,
1374 1475 1419 1503 ubi
1440 1476 1557 1503 tinctura
1571 1483 1699 1508 purpura:

914 1521 1076 1557 praevaluit:
1105 1525 1134 1548 ut
1161 1521 1240 1548 lineae
1261 1525 1287 1548 et
1300 1521 1551 1556 przedelineationcs
1565 1528 1613 1555 per
1628 1520 1698 1547 ima-

72 1562 247 1608 εἰρημένων,
274 1564 304 1591 τὺ
321 1564 371 1600 μὲν
398 1566 435 1598 ὼς
458 1566 552 1598 ἀτελὲς
579 1569 765 1604 προηγήσατο,
783 1570 812 1596 τδ

956 1568 984 1595 :is
1012 1566 1200 1594 formationem
1237 1567 1428 1594 absorbentur.
1465 1566 1578 1601 Singula
1607 1571 1696 1593 autem

71 1607 111 1638 ὡς
127 1608 233 1636 τέλειον
254 1610 401 1644 ἐπεγένετο
419 1612 442 1630 ι’
462 1612 508 1638 καὶ
522 1611 584 1639 οὔτε
599 1612 638 1648 τῷ
654 1614 860 1649 προϋπάρξαντι

72 1653 104 1680 τὸ
117 1654 279 1689 ὲπιγεγονὸς
298 1657 417 1692 ὑπάρχει
434 1658 578 1692 πολέμιον’
597 1659 699 1693 μᾶλλον
717 1666 730 1680 ιι
750 1661 800 1695 μὲν
815 1661 862 1688 οὖν

73 1700 162 1736 πολλὴ
172 1701 242 1737 πρὸς
252 1703 355 1738 ἄλληλα
365 1703 468 1730 τούτων
482 1705 627 1739 συμφωνία
640 1706 686 1733 καὶ
696 1707 840 1740 συγγένεια
853 1715 860 1722 ·

72 1745 138 1773 οὔτε
156 1747 231 1782 μένει
247 1748 283 1774 τὰ
300 1749 432 1785 πρότερα.
445 1750 500 1776 τῶν
517 1751 628 1778 τελείων
650 1752 860 1787 ἐπιγινομένων.

73 1791 204 1823 Τοιοῦτός
218 1793 292 1820 ἐστιν
304 1795 317 1820 ὀ
333 1795 414 1829 νόμος
433 1795 483 1830 τῆς
498 1795 617 1830 φύσεως,
630 1798 679 1832 τῆς
695 1797 862 1832 τελειότητος

72 1837 275 1875 ἐνεργουμένης
291 1841 387 1875 ἀργεῖν
399 1842 448 1868 ὃσα
465 1843 502 1873 είς
518 1843 567 1877 τὴν
586 1843 671 1878 αὐτῆς
690 1845 862 1880 κατασκευὴν

72 1883 120 1910 καὶ
137 1884 292 1912 συντέλειαν
307 1887 544 1921 παρελαμῦάνετο.
559 1889 639 1915 Ὥστε
656 1890 702 1916 καὶ
719 1891 861 1926 κατήργη-

70 1937 118 1955 ται
135 1929 151 1955 ὀ
174 1929 267 1965 νόμος⁹
283 1932 334 1966 τῆς
351 1932 462 1967 χάριτος
477 1934 637 1970 ἐπιστάσης,
651 1937 697 1961 καὶ
727 1936 757 1962 οὐ
776 1945 861 1963 κατα-

70 1975 202 2001 λέλυται²
220 1977 266 2002 καὶ⁵
291 1978 438 2010 πέπαυται,
468 1981 515 2006 καὶ
539 1981 569 2006 οὐ
597 1980 788 2016 διαϐέϐληται·
815 1982 862 2009 καὶ

71 2022 260 2057 πεπλήρωκεν
270 2024 351 2050 αὑτὸν
361 2025 497 2060 ὀΧριστὺς
510 2027 646 2062 μηδεμίαν
653 2029 766 2064 κεραίαν
778 2029 862 2062 λύσας

69 2066 104 2099 ἐξ
124 2067 226 2093 αὑτοῦ·
244 2069 292 2095 καὶ
307 2069 366 2095 ὅλον
380 2071 508 2105 ἠφάνισε,
526 2072 673 2104 τελειώσας
693 2075 775 2105 αὐτόν
787 2083 794 2090 ·
811 2076 861 2102 οὐκ

69 2112 133 2138 ἐστι
151 2116 165 2131 ν
182 2112 237 2148 γὰρ
261 2114 307 2140 τοῦ
325 2115 564 2150 παιδαγωγοῦντος
582 2119 676 2153 χρεία.
692 2119 775 2146 αὑτοῦ
790 2129 862 2156 παρ·

68 2159 151 2190 ὄντος
180 2159 228 2185 τοῦ
257 2160 432 2188 διδασκάλου·
467 2162 618 2189 καταλῦσαι
643 2165 692 2198 μὲν
714 2165 768 2200 γάρ
795 2167 853 2192 ἐστι

69 2206 121 2232 καὶ
138 2204 267 2240 διαϐολῆς
280 2205 371 2241 ἔνοχον
394 2207 512 2240 ἐλέγξαι,
538 2208 568 2234 τὸ
584 2209 616 2235 ὲκ
646 2209 754 2245 βάθρων
779 2211 860 2238 αὑτὸν

913 1621 1008 1641 eorum
1034 1621 1095 1647 qua:
1120 1613 1146 1639 in
1163 1618 1279 1647 utraque
1303 1612 1507 1648 comparatione
1527 1617 1591 1640 sunt
1605 1613 1698 1644 allata,

913 1657 952 1683 vel
966 1661 996 1683 ut
1011 1656 1167 1691 imperfecta
1178 1662 1384 1691 pratcesserunt,
1398 1657 1437 1683 vel
1454 1656 1616 1684 subinducta
1634 1662 1698 1684 sunt

913 1707 942 1729 ut
957 1702 1077 1736 perfecta
1093 1711 1100 1730 :
1117 1703 1162 1729 ubi
1177 1711 1265 1737 neque
1283 1703 1356 1737 quod
1378 1703 1613 1730 subintrodm-itur
1628 1711 1698 1738 prte-

911 1749 1051 1776 cxsistenti
1069 1749 1228 1776 adversatur
1248 1749 1350 1783 (potius
1373 1749 1465 1776 tnultis
1482 1749 1569 1776 modis
1584 1750 1653 1777 inter
1668 1758 1698 1777 se

912 1795 1070 1828 conspirant
1084 1799 1111 1822 et
1123 1794 1296 1828 copulantur)
1313 1803 1401 1829 neque
1418 1799 1507 1822 tamen
1524 1796 1613 1830 priora
1631 1797 1697 1823 sub-

912 1840 1014 1866 sistunt
1031 1838 1241 1874 perfectioribus
1257 1840 1484 1867 subintroductis.
1500 1839 1695 1874 Huiuscemodi

911 1890 953 1912 est
968 1889 1063 1911 natura
1083 1883 1148 1918 legis
1171 1891 1300 1918 operante
1326 1883 1511 1919 perfectione;
1527 1885 1617 1911 inania
1632 1890 1697 1912 sunt

911 1936 938 1958 et
952 1931 1061 1961 frustra.
1079 1938 1248 1965 quaecunque
1260 1931 1293 1958 ad
1312 1931 1398 1965 ipsius
1412 1936 1571 1966 apparatum
1590 1935 1617 1958 et
1632 1939 1697 1958 con‘

912 1978 1120 2004 stnnmationem
1137 1977 1356 2004 assumebantur.
1370 1978 1409 2004 Ad
1429 1978 1501 2005 hunc
1519 1978 1628 2005 modunt
1642 1978 1696 2009 lex,

912 2023 1074 2050 adventante
1089 2023 1185 2058 gratia,
1200 2028 1358 2057 evacuatur,
1378 2031 1426 2050 nec
1446 2023 1570 2050 aboletur
1586 2028 1696 2055 tamen;

912 2073 1010 2100 cessat,
1025 2068 1071 2095 sed
1087 2075 1140 2094 non
1157 2067 1336 2102 improbatur,
1361 2068 1519 2102 atlimplevit
1539 2076 1598 2096 eam
1618 2067 1697 2095 (Ebri-

913 2119 982 2146 stus,
997 2113 1042 2148 qui
1060 2121 1108 2140 nec
1122 2114 1225 2149 apicem
1247 2114 1320 2140 illius
1342 2113 1462 2146 violavit,
1478 2113 1525 2140 sed
1551 2117 1635 2140 totam
1652 2121 1698 2139 se-v

912 2159 1006 2192 mevit,
1034 2159 1078 2186 ubi
1102 2159 1260 2195 impleverat
1275 2167 1345 2186 eam.
1365 2158 1460 2193 Neque
1483 2159 1555 2186 enim
1572 2166 1641 2193 opus
1656 2162 1698 2186 es:

912 2205 1069 2240 paedagogo,
1085 2205 1131 2232 ubi
1147 2205 1261 2241 ipsemet
1274 2205 1382 2232 advenit
1399 2204 1571 2232 informator.
1587 2203 1698 2231 Solvere

68 2250 238 2286 ἀνατρέψαι,
252 2251 347 2286 μηδενί
360 2252 414 2279 τῶν
427 2253 510 2280 αὐτοῦ
521 2254 711 2289 δικαιωμάτων
722 2265 808 2292 προσχ

955 2250 1022 2277 idem
1039 2258 1109 2284 eam,
1126 2256 1152 2278 et
1168 2255 1296 2285 tanquam
1312 2250 1394 2286 justae
1406 2250 1550 2277 obnoxiam
1566 2250 1695 2276 crimina-

69 2297 211 2331 σὰμενον⁶
233 2297 335 2323 παῦσαι
350 2297 379 2324 δὲ
403 2298 450 2324 καὶ
466 2299 585 2334 ἀργῆσαι
604 2300 693 2335 μόνον,
720 2301 790 2335 μετὰ
812 2303 862 2337 τῆς

67 2342 236 2378 πρεπούσης
247 2341 386 2377 εὐφημίας
396 2350 402 2358 ·
416 2343 445 2369 τὸ
462 2343 617 2380 διακονῆσαι
630 2345 689 2379 μὲν,
703 2343 743 2377 οἷς
757 2348 860 2379 ἐκεῖνος

67 2386 242 2422 ἐνομοθέτει,
262 2387 412 2422 ὲπαγαγεῖν
433 2389 462 2415 δὲ
492 2389 542 2425 τὴν
565 2390 655 2426 χάριν,
674 2392 722 2418 καὶ
749 2392 794 2419 διὰ
814 2393 860 2420 τοῦ

67 2431 181 2458 τελείου
196 2431 226 2457 τὸ
252 2431 345 2464 ἀτελὲς
359 2433 570 2468 ἀποκρύψασθαι
580 2443 588 2450 ⁸
605 2436 652 2462 καὶ
676 2436 806 2464 καταλύει
820 2438 859 2470 δὲ,

66 2477 120 2511 οὺχ
138 2477 153 2502 ὁ
171 2476 209 2511 μὴ
225 2477 402 2511 παραϐαίνων
418 2479 482 2509 τοὺς
506 2479 552 2505 τοῦ
567 2480 649 2515 νόμου
670 2481 781 2516 νόμους,
802 2483 861 2509 ἀλλ’

67 2523 82 2548 ὁ
99 2521 291 2557 παραὸαίνων.
309 2523 477 2559 Παραόαίνει
498 2525 535 2557 δὲ,
557 2527 606 2561 οὐχ
621 2528 635 2553 ὁ
649 2527 791 2562 σχολάζειν
811 2529 861 2555 αὺ-

68 2568 136 2598 τοῠς
150 2568 199 2593 καὶ
213 2567 309 2603 ἀργεῖν
323 2568 480 2602 ὀφείλοντας
495 2571 587 2602 εἰδώς·
602 2571 659 2598 ἀλλ’
676 2573 690 2598 ὀ
703 2573 771 2607 μηδὲ
782 2574 861 2600 τοῦτο

67 2613 151 2645 elidi;
178 2613 187 2648 (
203 2614 293 2640 καίτοι
323 2614 457 2651 πολλαχοῦ
475 2616 522 2652 τὴν
541 2617 644 2644 οἰκείαν
660 2618 758 2653 ἀργίαν
773 2620 862 2646 αὐτῶν

68 2659 188 2685 ἐκείνων
203 2659 446 2696 διακεκραγότων),
464 2663 510 2688 καὶ
525 2663 574 2698 οὐχ
588 2663 602 2689 ὀ
616 2664 686 2698 μετὰ
695 2664 744 2699 τὴν
763 2665 862 2700 σχολὴν

109 2726 132 2742 ⁸⁷
149 2726 222 2754 Psal.
242 2735 302 2760 XLV,
318 2729 362 2757 11.

910 2296 977 2322 tioni
991 2295 1113 2323 funditus
1123 2304 1183 2323 eam
1196 2297 1339 2328 subruere,
1353 2301 1394 2324 est
1408 2296 1491 2328 illius,
1511 2295 1557 2330 qui
1574 2295 1647 2322 nulla
1663 2303 1696 2322 ex

909 2346 986 2376 parte
1014 2342 1072 2377 ejus
1109 2349 1175 2369 usus
1198 2341 1281 2369 fuerit
1304 2341 1558 2377 justiticationibus.
1595 2341 1697 2368 Facere

910 2391 999 2414 autent
1009 2392 1038 2415 ut
1055 2388 1260 2422 interquiescat,
1272 2392 1299 2415 et
1313 2388 1403 2415 inanis
1415 2388 1554 2420 reddatur,
1572 2394 1626 2414 non
1643 2386 1696 2414 nisi

910 2441 973 2461 cum
1002 2435 1162 2469 congruenti
1179 2434 1335 2462 laudatione
1357 2434 1414 2461 tieri
1435 2439 1534 2469 potest.
1560 2434 1697 2461 lnservire

911 2480 945 2508 iis
959 2488 1020 2515 qua:
1030 2481 1088 2516 lege
1099 2482 1270 2512 sanciuntur,
1285 2481 1400 2516 gratiam
1416 2481 1571 2508 subinferre
1593 2486 1695 2510 tamen.

912 2532 939 2553 et
957 2527 1146 2562 imperfectum
1165 2527 1236 2562 quod
1253 2531 1295 2554 cst
1310 2528 1360 2554 sub
1376 2528 1494 2562 perfecto
1518 2527 1695 2554 abscondere.

914 2574 1000 2602 Solvit
1027 2574 1153 2609 quidem,
1181 2582 1235 2601 non
1263 2574 1309 2608 qui
1330 2582 1501 2609 nequaquam
1528 2574 1596 2608 legis
1629 2574 1695 2598 srita

913 2621 1122 2655 transgreditur,
1138 2620 1184 2648 sed
1200 2621 1247 2654 qui
1263 2620 1470 2654 transgreditur.
1485 2619 1696 2653 Transgruditur

913 2673 1006 2700 porro,
1025 2673 1077 2692 non
1093 2665 1140 2700 qui
1167 2665 1241 2692 novit
1259 2669 1383 2699 oportere
1408 2664 1468 2691 illas
1485 2671 1592 2691 cessare
1609 2667 1636 2690 et
1650 2663 1699 2688 dc-

723 2821 840 2849 VARIIE
855 2821 1056 2850 LECTIONES.

114 2894 128 2909 '
149 2891 364 2927 παρατρέπονσα
380 2891 412 2920 ΙΙ.
455 2892 463 2911 ⁸
477 2893 622 2928 ἀπεγένετο
638 2893 670 2921 Η.
711 2900 721 2914 υ
734 2895 802 2930 μείω
819 2894 850 2923 Η,

900 2899 913 2914 ν
928 2895 1018 2922 οὐκέτι
1036 2895 1068 2923 H.
