1874 3070
183 179 235 211 939

755 177 887 207 I’HOTlI
909 177 1042 207 PATRIA
1048 178 1157 208 RCIH‘}
1179 180 1233 210 (ΣΡ.

1759 181 1808 213 940

181 241 319 266 suescere,
349 233 396 261 scd
419 233 465 268 qui
493 241 547 259 non
565 233 639 261 novit
664 233 735 260 istud
764 234 848 269 (certe
875 233 950 261 multi

1056 235 1070 260 ηὶ
1096 235 1147 271 τὴν
1171 237 1252 271 χάριν
1279 236 1434 272 ἀχρήστους
1460 237 1551 271 εἰδὼς,
1567 237 1624 265 ἁλλ¹
1651 239 1666 265 ὀ
1691 239 1746 274 πρὸ
1761 240 1808 274 τῆς

181 280 208 306 in
226 279 292 306 locis
310 278 447 313 propriam
462 278 641 312 ipsarmnmet
653 278 833 306 cessationem
849 279 915 312 ipsa:
931 279 969 306 le-

180 332 226 359 ges
240 324 408 360 proclamant
426 325 435 358 )
450 333 456 351 :
476 331 530 350 nou
559 323 604 357 qui
624 329 685 358 post
700 324 814 359 gratiam
832 330 860 352 et
877 332 968 352 cessa-

179 371 282 397 tionem
307 369 417 396 inutiles
434 369 568 404 agnoscit,
587 371 633 397 sed
661 371 707 405 qui
735 374 799 398 ante
810 370 904 405 gratiae
920 371 969 398 ad-

177 425 300 452 ventum,
315 418 380 446 dum
400 418 490 446 adhuc
509 418 664 445 obtinerent
678 417 863 451 operationem
878 424 967 449 suam,

178 471 308 501 tanquam
336 464 465 500 profanas
489 467 672 491 aversaretur.
698 462 800 490 Sancta
828 462 911 497 igitur
923 462 967 489 lex

177 516 229 545 est,
244 511 329 546 justa,
346 511 427 542 bona,
444 517 458 535 a
476 510 548 536 bono
564 508 693 535 nimirum
708 507 839 542 profecta,
858 515 966 535 summe

176 561 282 588 sancto.
297 561 325 584 et
338 556 522 583 omnimodam
532 555 666 589 justitiam
680 553 882 589 perfectissime
900 561 968 588 ope-

177 608 266 631 ranle.
299 602 407 630 Exstitit
432 602 596 636 prmuuutia,
628 606 656 628 at
681 608 754 628 nune
784 604 814 627 ut
848 600 967 632 inutilis,

175 650 293 685 quiescit
310 655 337 677 et
351 649 479 676 cessavit.
501 647 530 674 In
558 648 675 675 adventu
689 647 761 674 enim
781 646 888 674 Domini
906 653 969 681 pro-

175 697 312 724 curatoris
335 695 453 723 oﬂicium
474 702 582 722 cessare
611 694 701 721 debet.
717 693 772 720 Nec
789 697 849 728 post
865 693 967 719 contir-

174 748 276 770 matam
291 742 474 770 valetudinem
492 741 525 768 ad
543 741 690 775 pbarmaca
703 739 839 774 quispiam
853 746 883 766 se
899 746 967 766 con-

175 787 263 816 feret:
289 796 343 815 non
358 787 405 823 qui
421 787 483 815 cibo
499 787 538 814 uti
555 790 644 821 potest
659 785 778 818 fortiori,
806 785 840 812 de
859 785 967 812 nutrice

176 834 287 862 habebit
310 834 545 865 sollicitudinem;
575 840 628 859 non
649 832 696 866 qui
718 831 854 859 rhetorice
877 831 969 859 decla-

176 885 244 914 mat,
259 880 424 916 syllabarum
447 878 649 914 grammatistas
673 877 828 912 indaganda
841 881 965 912 quaeret;

176 933 259 953 nemo
274 926 320 961 qui
338 926 417 953 ducis
432 925 522 952 locum
535 924 682 952 obtinuerit
699 923 725 950 in
743 923 813 956 acie,
835 923 964 950 militari-
983 915 1003 943 Β

175 973 227 1001 lius
257 972 370 1000 inscribi
398 972 541 1000 ordinibus
569 971 680 1006 cupiet;
714 978 796 998 nemo
810 971 964 998 caelestium

174 1025 288 1052 compos
301 1016 400 1049 factus,
417 1017 487 1044 bona
502 1021 608 1043 terrena
629 1016 663 1044 iis
684 1016 808 1051 praeferet
829 1025 835 1043 :
855 1016 901 1043 sed
918 1024 967 1045 nec

175 1064 250 1098 regio
280 1067 378 1090 ornatu
397 1063 561 1094 instructus,
586 1062 721 1096 privatam
746 1061 877 1094 tunicam,
899 1062 966 1089 sub-

173 1110 309 1145 jectorum
324 1109 427 1141 locum,
446 1115 496 1143 pro
516 1112 588 1135 statu
613 1107 814 1142 superiorilatis
829 1115 860 1134 ac
877 1107 966 1135 domi-

175 1157 294 1184 nationis
329 1156 496 1184 immulabit.
521 1155 620 1189 Habes,
638 1157 665 1183 ni
689 1155 780 1189 fallor,
797 1161 827 1183 ut
842 1163 890 1191 per
908 1156 967 1190 epi-

176 1203 306 1231 stolarem
319 1201 448 1235 formam,
461 1202 551 1229 dubiae
569 1201 731 1236 qiurstionis
751 1209 854 1236 susque
879 1202 967 1236 deque

173 1250 291 1285 jactatat,
312 1254 339 1277 et
354 1249 450 1277 multis
463 1249 603 1276 multoties
616 1249 821 1276 inextricabiles
837 1249 968 1284 qumstio—

176 1304 225 1323 nes
242 1296 397 1323 exbibcntis
420 1295 571 1323 solutiones
589 1295 765 1322 sufficientes.
787 1295 856 1322 llinc
868 1294 964 1328 Judiei,

176 1342 286 1377 Pagani,
304 1341 450 1369 Marcionis
464 1342 632 1369 assertiones
668 1341 883 1371 confundentur,
902 1342 964 1376 qui-

176 1394 230 1421 que
244 1394 293 1421 per
306 1386 441 1422 ejusmodi
461 1386 664 1421 oppositionem
682 1386 857 1413 multifariam
871 1391 965 1414 (τοπιιή

176 1431 326 1460 Ecclesium
339 1431 419 1459 divisi
431 1432 653 1459 insurrexerunt.
666 1431 876 1459 Cousuuuuavit
888 1432 967 1459 Chri-

177 1482 249 1510 stus,
280 1486 334 1505 non
362 1479 489 1506 dissolvit
502 1478 589 1513 legem
605 1487 611 1504 :
627 1478 707 1505 otiari
731 1477 806 1509 fecit,
827 1486 882 1505 non
902 1486 967 1506 cou-

177 1524 341 1551 demnavit:
371 1524 531 1559 conspirant
557 1532 646 1558 usque
672 1523 740 1551 adeo
769 1524 853 1559 gratia
870 1530 898 1551 et
913 1524 966 1556 lex,

176 1577 231 1597 non
247 1573 377 1605 pugnant.
392 1569 420 1597 Si
433 1570 495 1605 quis
514 1574 620 1597 asserat
643 1569 788 1597 Dominum
806 1571 967 1599 dissolvisse
980 1583 1002 1612 α

175 1614 244 1650 legis
261 1616 391 1649 litteram,
409 1616 565 1652 implevisse
578 1621 670 1643 autem
687 1616 856 1651 spiritualem
869 1617 966 1652 legem,

176 1669 230 1689 non
246 1662 351 1689 abludit
361 1670 376 1690 a
391 1670 454 1690 vero
470 1663 542 1697 quod
551 1663 590 1690 sic
604 1662 764 1689 affirmatur.
784 1662 818 1690 At
830 1663 966 1691 aflirmare

1020 280 1141 315 χάριτος,
1163 282 1211 308 καὶ
1225 283 1255 310 ὲν
1277 282 1352 318 αὑτῷ
1368 284 1418 319 τῆς
1434 283 1574 318 ἐνεργείας
1595 284 1635 318 τῷ
1656 285 1756 320 καιρῷ,
1773 285 1808 317 ὡς

1020 325 1151 362 βεϐήλους
1171 327 1422 364 ἀποστρεφόμενος.
1438 329 1535 363 Ἀγιος
1550 327 1598 356 οὖν
1620 331 1635 356 ὁ
1655 330 1749 365 νόμος,
1764 331 1808 357 καὶ

1018 373 1132 406 δίκαιος,
1148 374 1196 401 καὶ
1209 374 1311 408 ἀγαθός
1322 382 1330 390 ”
1344 374 1449 408 ἀγαθοῦ
1468 375 1533 410 γὰρ,
1558 375 1598 407 ὡς
1621 376 1742 410 ἀληθῶς,
1763 378 1808 404 καὶ

1019 420 1183 455 ὑπεραγίου,
1198 420 1245 447 καὶ
1260 421 1351 447 πᾶσαν
1372 420 1549 456 δικαιοσύνην
1564 421 1714 456 ὑπερφυῶς
1733 423 1808 449 τελε-

1020 466 1136 501 σαμὲνου
1152 467 1258 502 ὑπῆρχε
1281 467 1450 501 προάγγελος
1460 475 1467 482 ·
1488 466 1624 502 ἄχρηστος
1635 467 1663 494 δὲ
1679 468 1728 494 καὶ
1747 478 1808 504 σχο-

1019 512 1096 544 λάζει
1118 513 1164 540 καὶ
1188 513 1335 539 πέπαυται.
1357 512 1526 547 Ἐφεστῶτος
1547 511 1603 548 γὰρ
1619 512 1667 539 τοῦ
1691 513 1809 549 Κυρίου,

1019 559 1166 595 ἡσυχάζειν
1191 559 1232 585 δεῖ
1243 558 1278 586 τὰ
1294 558 1341 585 τοῦ
1359 558 1509 594 ἐπιτράπω.)
1521 565 1528 572 ·
1554 558 1602 584 καὶ
1625 558 1715 590 οὐδεὶς
1741 560 1809 594 μετά

1019 603 1068 639 τὴν
1082 603 1205 639 καθαρὰν
1222 604 1331 638 ὑγίειαν
1356 604 1403 630 ἐπὶ
1413 605 1448 631 τὰ
1464 603 1598 639 φάρμακα
1623 605 1732 640 τρέχει·
1750 604 1809 632 οὐδὲ

1020 650 1242 685 στερεᾶςτροφῆς
1252 649 1409 682 ἀπολαύων,
1421 649 1471 685 τὴν
1480 648 1651 684 θηλάζουσαν
1661 651 1809 685 περιεργά-

1021 695 1114 727 ζεται’
1133 695 1194 722 οὐδὲ
1211 695 1379 731 ρητορεύων,
1395 695 1459 727 τοὺς
1484 695 1539 721 τῶν
1562 695 1704 722 συλλαϐῶν
1716 704 1807 731 γραμ-

1021 742 1154 778 ματιστὰς
1167 742 1255 777 ςητῶν
1265 742 1456 777 περιέρχεταιο
1471 742 1501 768 οὐ
1518 742 1573 777 μὴν
1587 741 1640 768 οὐδ’
1651 742 1691 772 είς
1707 750 1808 776 στρατ-

1018 788 1104 822 ηγοὺς
1128 787 1266 822 ἀναχθεὶς,
1289 787 1340 823 τὴν
1356 786 1409 814 τῶν
1422 787 1597 822 στρατιωτῶν
1621 787 1700 822 λῆξιν
1712 787 1810 814 ἐπιπο-

1020 833 1138 869 θήσειεν.
1153 833 1220 860 Οὐδὲ
1233 833 1296 864 τοὺς
1315 833 1449 867 οὐρανοὺς
1471 832 1573 865 λαϐὼν,
1591 832 1625 859 τὰ
1641 832 1734 867 ἀγαθά
1758 832 1806 867 τῆς

1019 879 1071 915 γῆς
1094 880 1306 914 προτιμήσειεν·
1332 878 1426 914 ὥσπερ
1443 878 1498 905 οὐδ’
1519 879 1532 904 ό
1556 878 1698 913 βασιλείαν
1720 878 1808 909 ἐνδὺς,

1017 926 1063 952 τὸν
1077 924 1185 960 ἰδιώτην
1202 924 1314 960 χιτῶνα,
1328 926 1376 951 καὶ
1389 924 1439 959 τὴν
1452 924 1573 959 ὑπήκοον
1582 922 1669 956 τάξιν,
1682 924 1746 951 ἀντὶ
1760 924 1808 959 τῆς

1018 971 1221 1006 ἐπιστατούσης
1234 972 1282 998 καὶ
1293 971 1402 1006 κυρίας,
1418 969 1573 1002 ἀλλάξαιτο.
1591 970 1684 1005 Ἔχεις
1697 969 1808 1002 ἱκανῶς,

1017 1018 1108 1054 οἶμαι,
1126 1019 1174 1045 καὶ
1191 1018 1324 1052 μάλιστα,
1336 1017 1373 1049 ὡς
1395 1018 1423 1043 ὲν
1438 1016 1586 1050 ἐπιστολῆς
1598 1016 1686 1051 τόπῳ,
1703 1016 1809 1051 ἀπορή-

1019 1072 1106 1099 ματος
1120 1063 1178 1090 ἄνω
1193 1063 1240 1089 καὶ
1253 1063 1329 1090 κάτω
1344 1062 1507 1097 φερομένου,
1527 1061 1577 1087 καὶ
1591 1060 1693 1095 πολλὴν
1710 1059 1809 1087 πολλά-

1018 1119 1062 1142 κις
1081 1109 1239 1145 ἀμηχανίαν
1254 1108 1476 1144 παρεσχημένου,
1490 1106 1539 1138 τὰς
1548 1106 1638 1138 λύσεις
1655 1106 1805 1141 ἀφθόνους·

1017 1157 1051 1184 δι’
1064 1154 1102 1184 ὦν
1119 1157 1167 1183 καὶ
1190 1155 1325 1188 Ἰουδαῖοι,
1341 1155 1389 1182 καὶ
1407 1154 1550 1188 Ἕλληνες,
1566 1153 1613 1180 καὶ
1632 1153 1657 1179 οἱ
1674 1153 1808 1188 Μαρκίω-

1018 1211 1063 1234 νος
1076 1202 1150 1236 λόγοι
1173 1201 1407 1237 συγχυθήσονται·
1428 1200 1505 1227 αὐτοὶ
1522 1198 1648 1232 δόξαντες
1668 1198 1810 1230 πολλάκις,

1018 1249 1063 1276 διὰ
1074 1249 1122 1284 τῆς
1139 1247 1268 1282 τοιαύτης
1282 1246 1473 1282 παρατάξεως,
1485 1246 1536 1280 τῆς
1559 1245 1727 1279 Ἐκκλησίας
1741 1253 1808 1271 κατε

1018 1294 1221 1327 εξανίστασθαι.
1246 1292 1404 1319 Ἐτελείωσε
1422 1291 1476 1325 γὰρ
1490 1292 1537 1317 τὸν
1548 1291 1631 1326 νόμον
1653 1291 1668 1316 ὁ
1681 1287 1810 1325 Χριστὸς,

1019 1341 1077 1368 ἀλλ’
1095 1341 1126 1367 οὑ
1144 1339 1276 1367 κατέλυσε
1288 1348 1295 1355 ·
1311 1339 1358 1365 καὶ
1375 1338 1505 1370 ἔπαυσεν,
1526 1337 1583 1363 ἀλλ’
1596 1337 1646 1364 οὑκ
1659 1336 1792 1371 ἀνέτρεψε
1803 1343 1810 1350 ·

1017 1387 1147 1418 καὶτέλος
1156 1386 1229 1413 ἐστὶν
1238 1385 1331 1416 αὑτοῦ,
1339 1384 1396 1411 ἀλλ’
1404 1385 1454 1411 οὐκ
1464 1383 1610 1418 ἀναίρεσις·
1619 1383 1811 1418 καὶῆργὴσεν,

1017 1433 1074 1461 ἀλλ’
1085 1433 1115 1460 οὐ
1127 1432 1261 1459 διέϐαλλε·
1273 1431 1320 1457 καὶ
1332 1429 1523 1466 συμφωνοῦσιν
1532 1431 1548 1464 ἠ
1560 1430 1639 1464 χάρις
1649 1429 1696 1455 καὶ
1707 1429 1722 1454 ὸ
1730 1429 1812 1463 νόμος

1018 1479 1075 1506 ἀλλ’
1089 1479 1120 1506 οὐ
1133 1479 1275 1513 μάχονται.
1287 1477 1319 1504 Εἰ
1334 1477 1363 1504 δέ
1377 1485 1419 1508 τις
1439 1476 1486 1503 καὶ
1504 1475 1583 1502 τοῦτο
1600 1475 1686 1509 λέγοι,
1698 1474 1746 1501 τδν
1762 1474 1812 1509 μὲν

1018 1526 1046 1552 ὲν
1056 1524 1096 1560 τῷ
1106 1525 1250 1560 γράμματι
1263 1524 1346 1560 νόμον
1365 1523 1506 1549 λελυκέναι
1518 1522 1562 1548 τὸν
1581 1521 1693 1556 Κύριον,
1707 1520 1815 1554 πεπλη-

1020 1571 1138 1606 ρωκέναι
1158 1570 1186 1597 δὲ
1210 1570 1256 1597 τὸν
1272 1570 1301 1597 ὲν
1324 1569 1470 1604 πνεύματι,
1498 1568 1574 1595 οὐδὲν
1588 1567 1643 1594 τῶν
1657 1566 1814 1593 ἀπεικότων

1016 1618 1084 1653 ὲρεϊ.
1096 1617 1133 1643 Τὺ
1145 1617 1174 1643 δὲ
1184 1616 1284 1651 λέγειν,
1296 1617 1336 1643 ὃτι
1347 1615 1393 1642 τδν
1408 1616 1457 1651 μὲν
1467 1615 1513 1650 τῆς
1525 1613 1716 1648 δευτερώσεως
1728 1612 1815 1647 νόμον

1017 1663 1113 1697 ἔλυσε,
1129 1663 1176 1690 τὸν
1199 1663 1228 1689 δὲ
1251 1663 1301 1697 τῆς
1327 1661 1439 1698 πρώτης
1464 1661 1624 1697 νομοθεσίας
1656 1659 1815 1695 ἐπλήρωσε,

175 1707 248 1742 quod
279 1707 346 1743 legis
386 1707 546 1735 deuterosin
579 1707 729 1738 dissolvit,
752 1707 841 1741 primo
872 1711 950 1734 auter

1056 1709 1171 1745 ρούντων
1189 1709 1274 1736 ἐστίν.

175 1753 309 1780 sancitanl
339 1753 427 1789 legem
451 1753 570 1789 implevit
586 1772 593 1785 ,
621 1752 763 1780 delirantis
785 1758 828 1780 est
856 1757 968 1780 senten-

175 1805 224 1826 lla.

223 1855 385 1890 QU.-’ESTIO
400 1856 443 1884 CC
457 1855 551 1891 [CoisL
564 1855 705 1886 CCXXIX.
720 1854 802 1882 Taur.
816 1854 930 1891 CCXX].

175 1902 242 1932 Cum
256 1903 384 1930 Dominus
397 1903 469 1929 dicat
485 1911 494 1929 :
512 1912 520 1927 ι
539 1902 628 1929 Nolite
648 1903 811 1937 margaritas
840 1902 968 1936 projicere

262 1939 361 1975 porcis,
378 1948 387 1963 ι
406 1937 536 1973 quomodo
551 1938 661 1964 docendi
679 1943 741 1964 sunt
755 1937 893 1971 inﬁdeles?

1307 1851 1477 1878 ΕΡΩΤΗΣῘΣ
1492 1850 1529 1876 Σ’.

1026 1898 1082 1934 Τοῦ
1096 1897 1207 1930 Κυρίου
1222 1896 1377 1934 λέχεοντος,
1397 1905 1407 1921 ‹
1420 1895 1467 1929 Μὴ
1479 1894 1613 1934 ,βάλλεξε
1628 1893 1820 1934 [ign-epitog-

1057 1926 1301 1967 ἐμπροσθενντῶν
1319 1926 1438 1966 χοίρων,
1461 1926 1517 1957 ἵκ.
1535 1929 1618 1964 ἑξῆς,
1628 1926 1693 1962 πῶς
1708 1928 1755 1955 δεῖ
1769 1926 1820 1953 δι-

1052 1966 1177 1995 δάσκειν
1189 1966 1260 2000 τοὺς
1270 1967 1436 1998 ἀπίστους;

513 2036 584 2063 Edita
595 2045 608 2062 a
621 2037 768 2062 Montaeutio
781 2037 832 2067 (ep.
846 2036 877 2061 5!
892 2037 921 2061 ad
933 2037 1058 2068 Sergium,
1070 2044 1094 2068 p.
1109 2035 1235 2067 107-110).
1248 2035 1279 2054 -ἰ
1291 2035 1377 2060 Matth.
1393 2041 1435 2065 vu,
1445 2034 1470 2059 6.

211 2087 311 2118 Sancta
326 2091 354 2114 et
363 2086 530 2122 margaritae,
545 2095 607 2114 cum
622 2087 707 2114 divini
721 2086 797 2114 verbi
815 2086 971 2121 pradicatio

175 2140 227 2166 est,
252 2139 309 2161 tum
334 2137 362 2161 ct
385 2141 487 2169 corpus
513 2133 686 2162 Dominicum
710 2137 737 2160 et
754 2133 970 2160 immaculatum.

175 2179 340 2216 Margaritze,
364 2187 397 2207 eo
415 2179 487 2214 quod
508 2179 627 2214 pretiosa
645 2180 710 2210 sint,
729 2183 755 2205 et
777 2178 850 2212 quod
865 2178 971 2214 fulgen-

176 2230 230 2253 tom
255 2226 351 2253 salutis
368 2225 540 2262 splendorem
561 2225 595 2251 ab
613 2225 646 2252 iis
667 2224 811 2257 emittunt,
835 2225 881 2259 qui
907 2232 969 2252 cum

1056 2087 1140 2121 Ἀγια
1153 2086 1201 2113 καὶ
1214 2088 1393 2122 μαργαρῖται,
1407 2086 1421 2113 ὃ
1440 2095 1469 2113 τε
1483 2085 1531 2113 τοῦ
1546 2086 1620 2113 θείου
1631 2086 1818 2121 κηρύγματος

1019 2132 1109 2166 λόγος,
1122 2132 1169 2158 καὶ
1193 2132 1223 2159 τὸ
1238 2132 1404 2159 Δεσποτικὸν
1418 2133 1466 2159 vati.
1486 2133 1621 2168 ἄχραντον
1644 2131 1816 2167 χρηματίζει

1020 2179 1117 2214 σῶμα¹
1135 2179 1305 2214 μαργαρῖται
1324 2179 1372 2213 μὲν
1386 2179 1427 2205 ὃτι
1449 2179 1540 2214 τίμια,
1556 2179 1602 2206 καὶ
1621 2178 1662 2205 ὅτι
1678 2178 1816 2214 λαμπρὰν

1019 2223 1069 2258 τῆς
1083 2223 1220 2258 σωτηρίας
1236 2223 1285 2258 τὴν
1295 2222 1393 2258 αἴγλην
1409 2224 1467 2255 τοῖς
1481 2223 1637 2258 εἰλικρινῶς
1651 2224 1817 2257 προσιοῦσιν

175 2274 283 2300 sincero
303 2273 398 2300 animo
418 2272 530 2301 adeunt.
550 2271 648 2298 Sancta
674 2277 774 2303 autem,
791 2271 861 2306 quod
879 2275 907 2298 et
920 2278 950 2298 ve

1056 2269 1212 2305 πέμπουσιν
1224 2277 1231 2283 ·
1248 2270 1314 2303 ἆγια
1332 2269 1372 2301 δὲ,
1386 2270 1427 2296 ὅτι
1445 2269 1479 2295 τὰ
1492 2274 1505 2288 ι
1526 2270 1613 2296 σεπτά
1644 2270 1692 2296 καὶ
1707 2270 1751 2296 ὅτι
1768 2270 1819 2303 τῆς

175 2319 308 2351 neranda,
326 2324 353 2346 et
372 2318 445 2354 quod
466 2325 586 2345 excusso
604 2324 698 2345 errore
719 2316 826 2344 veritati
850 2324 901 2344 nos
917 2324 967 2351 ap-

177 2364 308 2397 peuduut.
334 2363 423 2391 Canes
449 2367 513 2390 sunt
537 2366 564 2389 et
586 2362 704 2388 haeretici
728 2367 754 2388 et
775 2362 889 2398 pagani,
919 2361 967 2396 qui

175 2417 238 2437 cum
253 2417 324 2444 saepe
344 2409 484 2444 religionis
506 2409 660 2438 rudimenta
682 2408 768 2443 prima
784 2409 872 2436 infusa
888 2409 968 2435 audi-

176 2455 275 2485 verint.
297 2462 351 2481 non
369 2459 475 2482 tantum
491 2454 598 2482 meliori
615 2458 688 2481 statu
712 2461 764 2481 non
791 2458 864 2485 sunt,
881 2454 928 2481 sed
943 2459 972 2481 et

177 2501 280 2527 rabiem
302 2508 380 2527 suam
392 2500 510 2534 produnt
527 2501 613 2528 multo
632 2500 741 2535 quidem
757 2499 888 2527 furiosius
902 2508 971 2527 con-

178 2550 218 2572 tra
240 2552 346 2571 sacram
362 2548 389 2571 et
403 2549 525 2572 sanctam
543 2551 664 2573 nostram
681 2546 821 2581 pietatem,
838 2545 908 2572 ultra
924 2553 972 2572 ca—

181 2599 229 2619 nes
243 2591 414 2619 allati-antes.
435 2590 513 2618 Porci
529 2597 660 2619 vocantur
671 2612 678 2625 ,
699 2596 834 2629 quotquot
853 2599 933 2618 emno
944 2596 972 2618 et

178 2638 235 2665 luto
248 2636 407 2672 passionum
426 2631 593 2666 convolutati
604 2659 611 2670 .
632 2647 695 2674 erga
712 2639 912 2667 admonitiones
929 2639 971 2665 in-

178 2689 287 2711 seusate
311 2690 338 2711 et
361 2685 420 2712 sine
439 2685 625 2721 resipisccutia
644 2690 730 2713 semet
753 2689 859 2720 gerunt.
891 2684 972 2712 Hisce

179 2730 308 2760 omnibus
336 2738 390 2758 non
415 2738 477 2759 esse
502 2731 595 2759 divina
626 2731 805 2767 imperticnda
828 2730 961 2765 mysteria

1022 2315 1126 2350 πλάνης
1151 2315 1326 2350 ἀφορίζοντες
1343 2316 1377 2351 τῇ
1395 2315 1509 2350 ἀληθείᾳ
1525 2315 1705 2342 ἀνατιθέασι·
1734 2315 1819 2346 κύνες

1017 2362 1057 2394 δὲ,
1074 2362 1122 2389 καὶ
1136 2362 1191 2389 τῶν
1206 2362 1364 2396 αἱρετικῶν,
1388 2363 1436 2389 καὶ
1452 2363 1508 2389 τῶν
1526 2362 1659 2394 ἀπίστων,
1675 2362 1736 2388 ὅσοι
1751 2361 1819 2387 πολ-

1018 2407 1098 2439 λάκις
1111 2408 1156 2434 τὸν
1169 2408 1217 2442 τῆς
1226 2408 1367 2440 εὐσεῦείας
1375 2407 1576 2444 κατηχηθέντες
1586 2408 1676 2441 λόγον,
1686 2408 1719 2434 οὑ
1735 2409 1819 2443 μόνον

1019 2454 1096 2480 οὐδὲν
1121 2454 1232 2487 ἄμεινον
1260 2454 1433 2488 διετέθησαν,
1449 2453 1518 2481 ἀλλὰ
1556 2455 1604 2481 καὶ
1630 2454 1682 2490 τὴν
1710 2454 1819 2481 λύσσαν

1020 2500 1110 2526 αὐτῶν
1126 2500 1196 2526 κατὰ
1205 2501 1255 2535 τῆς
1265 2501 1341 2533 ἱερᾶς
1351 2501 1428 2537 ἡμῶν
1445 2500 1594 2537 θρησκείας
1606 2500 1820 2536 ἐμμανέστερον

1021 2546 1110 2573 κυνῶν
1135 2546 1323 2573 ὑλακτούντων
1343 2547 1526 2579 ἐπεδείξαντο·
1543 2548 1629 2582 χοῖροι
1645 2547 1685 2578 δὲ,
1700 2548 1761 2574 ὅσοι
1779 2547 1821 2581 τῷ

1022 2593 1145 2628 βορϐόρῳ
1171 2593 1226 2619 τῶν
1256 2593 1352 2620 παθῶν
1378 2593 1628 2629 ἐγκαλινδούμενοι,
1658 2595 1732 2629 πρὸς
1766 2594 1819 2623 τὰς

1022 2638 1197 2673 παραινέσεις
1214 2639 1385 2675 ἀναισθήτως
1399 2648 1429 2666 τε
1451 2640 1498 2666 καὶ
1512 2640 1720 2675 ἀνεπιστρόφως
1736 2639 1820 2674 ἔχου-

1023 2690 1074 2709 σιν.
1089 2679 1137 2714 Οἷς
1160 2683 1261 2710 ἅπασιν
1277 2685 1292 2710 ὁ
1310 2684 1381 2716 θεῖος
1407 2684 1588 2716 ἁποθεσπίζει
1614 2685 1756 2720 χρησμὸς,
1779 2685 1821 2718 μὴ

1023 2729 1178 2764 προτιθέναι
1191 2730 1225 2757 τὰ
1245 2730 1305 2758 θεῖα
1319 2731 1457 2767 μυστήρια
1469 2752 1477 2766 ,
1494 2731 1621 2765 ἀναξίους
1637 2731 1767 2763 ἑαυτοὺς,
1782 2729 1821 2756 δι’

832 2820 947 2849 VARIA'J
965 2820 1165 2850 LECTIONES.
