1874 3070
71 156 109 188 9ί1

526 158 575 188 ΑΙ)
587 159 884 190 AMPHILOCHIUM
903 161 1075 196 QUESTIO
1092 163 1145 193 CC.

1616 163 1669 195 942

71 208 100 238 ὧν
110 209 228 246 ἔπραξαν,
247 210 492 245 παρεσκευακότας
504 210 555 245 τῆς
568 211 726 246 ὑπερφυοῦς
739 220 811 247 σωτη

931 215 970 242 ina
987 216 1099 243 oracula
1123 217 1282 251 prodidere;
1307 217 1406 252 quippe
1424 218 1469 253 qui
1484 218 1541 253 jam
1559 219 1623 246 olitn
1642 226 1671 246 se

72 258 120 293 ρίας
132 257 171 283 καὶ
189 255 295 292 χάριτος
309 265 316 271 ·
341 256 399 283 ἀλλ’
426 257 450 283 εί
477 257 541 292 μηδ’
560 257 666 292 ἑτέροις
687 262 701 282 1
728 258 831 286 τούτων

71 303 152 333 δοτέον.
164 302 223 334 law;
239 302 272 329 ἄν
288 310 330 334 τις
345 302 533 338 διαπορήσειε,
554 302 625 329 τίσιν
643 303 712 335 ὅλως
724 304 829 338 δοτέον;

70 349 128 384 Φημὶ
138 348 286 384 τοιγαροῦν,
304 350 361 380 τοῖς
377 357 407 374 τε
421 349 527 381 πιστοῖς
540 349 588 376 καὶ
603 348 766 385 ὀρθοδόξοις,
784 351 831 377 καὶ

69 393 119 427 οἷςό
130 394 180 429 βίος
193 396 225 430 τῇ
251 394 341 421 πίστει
359 395 576 430 συμφθέγγεται.
607 395 688 422 Ἀλλὰ
706 397 754 422 καὶ
776 396 831 422 τῶν

69 440 181 472 ἀπίστων,
194 442 238 467 καὶ
260 440 292 476 δὴ
315 441 431 468 καὶτῶν
446 441 602 477 αὶρετικῶν,
627 443 675 468 καὶ
702 441 756 478 μὴν
783 442 831 469 καὶ

69 486 111 512 τῶν
122 486 183 520 πρὸς
197 486 372 523 καθαρότητα
387 487 524 520 πολιτείας
547 488 768 523 διαῦεϐλημένων
785 489 833 516 καὶ

69 531 153 566 ταύτης
164 531 376 565 ὁλισθαινόντων,
384 533 505 565 ἐκείνους
515 533 554 568 τῷ
567 533 638 569 λόγῳ
652 535 831 571 κατηχητέον,

70 575 106 603 καὶ
120 579 289 613 χειραγωγεῖν
304 577 495 613 προθυμητέον
506 587 514 594 ο
529 579 628 610 οἵτινές
648 580 717 606 εἰσιν
737 579 832 616 ὥσπερ

70 622 177 657 πρόϐατα
190 625 227 660 μὴ
242 624 338 661 ἔχοντα
353 624 480 660 ποιμένα,
495 624 544 662 καὶ
557 625 660 660 σφόδρα
669 625 774 652 δέονται
783 626 834 661 τῆς

70 671 234 706 ποιμαντικῆς
249 669 412 701 ἐπιστασίας
427 669 475 697 καὶ
487 671 674 706 κατηχήσεως.
702 671 763 698 Ἐπὶ
773 671 834 698 τού-

68 722 114 745 τοις
125 715 176 750 γὰρ
188 716 235 744 γα).
261 717 276 743 ό
302 714 406 751 Κύριος
429 715 653 751 σπλαγχνίζεται,
676 717 723 743 καὶ
738 717 834 753 τρέφει

69 759 156 793 τροφὴν
177 761 207 787 τό
231 770 261 788 τε
281 761 361 796 σῶμα
391 761 567 797 συνέχουσαν,
595 762 642 790 καὶ
671 764 721 799 τὴν
745 764 835 800 ψυχὴν

69 802 206 836 βελτιοῦσάν
223 814 252 832 τε
282 807 329 833 καὶ
347 807 550 841 στηρίζουσαν·
578 805 651 835 εἶεν·
684 808 752 836 ἀλλὰ
777 810 835 842 πῶς

70 848 193 883 ῥίπτουσιν
217 853 433 887 ἐπιστραφέντες
464 854 489 880 oi
516 854 601 889 χοῖροι
632 854 680 881 καὶ
703 856 727 882 ot
755 856 836 887 κόνις

69 895 128 927 τοὺς,
140 896 203 928 εἴτις
217 898 309 930 αὐτοῖς
325 898 439 934 προθείη
457 898 475 934 ᾇ
489 900 526 935 μὴ
551 899 648 935 θέμις;
663 900 679 935 ἥ
692 901 781 936 δῆλον,
799 901 836 933 ὡς

69 941 87 966 οἱ
99 942 142 976 μὲν
156 943 350 979 κωμῳδοῦντες
372 945 419 972 καὶ
433 946 615 980 ὲπιγελῶντες
629 948 677 974 καὶ
691 947 837 983 χλευάζον-

68 995 103 1017 τες
111 987 141 1014 τὰ
154 988 245 1024 πάσης
261 990 401 1026 εὐφημίας
413 992 562 1028 ὑπέρτερα,
580 993 605 1020 οἱ
619 994 659 1026 δὲ,
676 994 707 1021 τὸ
718 994 837 1029 καθαρὸν

68 1033 142 1061 αὐτῶν
152 1037 197 1061 καὶ
205 1036 416 1073 ὑπέρλαμπρον,
425 1038 469 1065 διὰ
478 1039 528 1074 τῆς
537 1040 641 1072 οἰκείας
652 1041 836 1078 ἀκαθαρσίας,

68 1079 107 1104 sui
128 1080 325 1117 ἀνεπιπρὸφου
349 1083 534 1120 φαυλότητος,
551 1085 731 1121 βείηλοῦντές
746 1096 776 1114 τε
791 1088 838 1115 καὶ

68 1127 332 1161 καταρῤυπαίνοντες.
345 1126 396 1156 Ὧν
410 1130 539 1165 ἑκάτερον
553 1132 702 1167 ἀνατρέχον
721 1134 761 1165 είς
775 1134 839 1166 τοὺς

68 1170 262 1207 ἀπερισκέπτως
285 1175 332 1201 καὶ
361 1176 446 1210 χωρὶς
463 1177 591 1211 προνοίας
606 1179 839 1214 οἰκονομήσαντας

68 1215 91 1241 τὸ
115 1219 272 1255 μυστήριον,
302 1220 405 1247 πτῶσιν
423 1221 514 1248 αὐτῶν
534 1222 658 1258 χαλεπὴν
686 1224 735 1251 καὶ
766 1225 838 1260 μέγα

67 1259 366 1311 ξνειδοςΠὰπεργάζεται.
383 1265 486 1301 Εῖησαν
503 1267 526 1293 δ’
547 1267 581 1294 ἂν
606 1270 774 1304 μαργαρῖται
791 1269 839 1296 καὶ

68 1309 131 1340 ἅγια,
144 1309 172 1334 οὗ
185 1310 219 1336 τὰ
236 1310 372 1346 εἰρημένα
389 1311 479 1347 μόνον,
495 1312 563 1339 ἀλλά
583 1321 615 1348 γε
638 1314 686 1341 καὶ
700 1315 754 1341 τῶν
774 1315 840 1343 θαυ-

69 1352 146 1386 μάτων
164 1355 198 1383 τὰ
211 1357 389 1393 χαρίσματαο
406 1359 454 1385 καὶ
476 1359 544 1395 πρὸς
566 1360 683 1392 τούτοις,
710 1361 781 1389 αὐτὰ
804 1363 839 1390 τὰ

68 1397 193 1434 θαύματα·
210 1402 260 1429 καὶ
275 1404 377 1439 τρίτον,
394 1405 418 1430 εί
441 1404 541 1439 βούλει,
557 1405 587 1432 τὸ
599 1406 778 1434 ἀποστολικὸν
791 1409 839 1436 καὶ

68 1443 127 1472 θεῖον
145 1447 264 1483 ἀξίωμα,
291 1449 305 1476 ὃ
320 1451 391 1477 κατὰ
407 1450 531 1486 διαδοχὴν
544 1451 575 1478 τὸ
596 1453 747 1488 ἀρχιερέων
762 1455 839 1488 γένος

68 1490 151 1536 ὁρᾶται
164 1494 362 1531 κληρούμενον.
380 1497 462 1524 Οὐδὲν
476 1498 531 1534 γὰρ
549 1498 662 1531 τούτων,
679 1500 710 1527 οὐ
732 1501 782 1536 μὲν
793 1500 840 1528 οὖν

883 261 1009 296 indignos
1024 267 1177 298 gesserunt,
1196 271 1244 298 per
1266 271 1348 298 opera
1376 271 1437 295 sua,
1457 265 1602 292 excellenti
1627 265 1671 293 illa

883 307 968 341 gratia
986 312 1012 334 et
1025 308 1122 335 salute.
1140 308 1217 341 Quod
1234 309 1256 336 si
1277 309 1381 336 neutris
1397 309 1510 337 istorum
1529 310 1587 337 hare
1598 318 1674 338 eom-

883 352 1049 379 municanda
1072 352 1137 383 sint,
1162 360 1216 380 non
1238 353 1356 381 absurde
1376 354 1511 388 quispiam
1531 353 1686 383 dubitave?

883 397 927 429 rit,
945 404 979 424 an
1005 397 1143 432 aliquibus
1157 397 1270 425 omnino
1295 398 1350 425 sint
1362 398 1590 425 communicanda
1609 407 1616 425 :
1633 403 1674 425 et-

884 442 917 475 si,
944 448 1000 470 tum
1027 443 1146 478 quibus?
1173 443 1222 470 llic
1252 443 1366 476 alIirmo,
1386 443 1511 470 ﬁdelibus
1533 449 1561 471 et
1580 444 1674 470 ortho-

883 489 978 522 doxis,
992 497 1108 524 quorum
1127 489 1182 516 vita
1209 489 1374 524 professioni
1397 490 1553 524 respondet.
1579 489 1632 517 Sed
1649 495 1676 516 et

885 534 1028 567 increduli,
1049 540 1076 567 et
1098 535 1230 567 haeretici,
1254 539 1282 562 ct
1299 535 1345 570 qui
1370 536 1426 562 vita
1449 543 1544 570 parum
1565 543 1633 570 pura
1650 541 1675 562 et

885 579 997 607 honesta
1022 580 1266 612 commendantur,
1298 581 1345 607 sed
1370 579 1493 608 defectus
1524 580 1675 615 patiuntur.

884 626 968 653 verbo
982 631 1046 654 sunt
1059 626 1232 658 instituendi,
1247 631 1275 653 et
1289 634 1371 653 manu
1388 626 1483 654 sedula
1498 626 1651 654 deducendi
1671 635 1676 651 :

885 676 948 699 sunt
962 673 1034 700 enim
1054 677 1183 708 tanquam
1209 680 1275 700 oves
1291 677 1425 708 pastorem
1447 681 1501 700 non
1527 673 1677 706 habentes,

885 718 986 752 quibus
1002 718 1076 745 omni
1094 717 1174 745 modo
1196 719 1265 753 onis
1279 722 1323 745 est
1348 718 1489 752 pastoritia
1505 718 1678 753 praesidentia

885 770 909 792 et
923 764 1128 791 informatione.
1145 764 1212 799 Erga
1232 764 1300 792 istos
1318 764 1514 791 misericordiae
1528 764 1679 792 visceribus

887 814 1011 838 movetur
1031 809 1162 837 Dominus
1178 819 1184 837 :
1200 810 1291 837 cibum
1306 809 1361 837 illis
1377 814 1502 844 apparat,
1518 810 1565 845 qui
1581 815 1608 837 et
1620 818 1680 838 cor-

887 865 938 891 pus
953 855 1116 888 consolidet,
1133 860 1159 883 et
1175 856 1294 883 animam
1311 857 1442 883 redditam
1462 857 1602 884 meliorem
1618 864 1681 884 con-

887 900 985 926 ﬁrmet.
1005 899 1057 926 Sed
1083 903 1142 926 esto
1165 904 1267 931 tamen.
1295 900 1434 935 quomodo
1461 901 1536 934 porci
1557 902 1680 928 conversi

888 945 1020 981 dejiciunt
1038 946 1094 977 illa,
1112 951 1139 972 et
1155 953 1237 973 canes
1261 946 1284 973 si
1311 946 1371 981 quis
1389 947 1423 973 iis
1439 947 1598 981 apposuerit
1621 955 1683 981 qua:

888 1000 943 1019 non
958 991 1146 1019 conveniunt?
1168 991 1209 1018 An
1236 982 1309 1026 patet
1333 992 1407 1027 quod
1432 992 1539 1020 comico
1560 993 1617 1020 sale
1634 992 1683 1019 fri-

888 1041 962 1070 cant,
982 1042 1009 1065 et
1026 1036 1145 1064 ludibrio
1156 1037 1266 1069 habent,
1278 1037 1440 1064 etlubentia:
1454 1042 1603 1072 exponunt,
1622 1045 1683 1072 qua:

889 1083 982 1111 omnia
1007 1082 1095 1110 laudis
1122 1083 1311 1118 cujuscunque
1328 1084 1463 1118 praenuia
1485 1088 1616 1117 superant
1637 1081 1683 1110 isti

890 1129 915 1156 id
932 1128 1003 1163 quod
1019 1127 1182 1156 defaecatum
1205 1133 1232 1155 et
1246 1129 1407 1163 pellucidum
1422 1133 1474 1161 est,
1491 1137 1539 1164 per
1561 1129 1683 1163 ipsorum

889 1176 1028 1209 propriam
1048 1175 1247 1202 imnmnditiem
1267 1179 1293 1202 et
1308 1175 1509 1209 improbitatem
1536 1174 1682 1209 incorrigi-

889 1221 982 1253 bilem,
995 1220 1171 1255 profanantes
1181 1220 1388 1249 etsordidantes
1401 1221 1559 1255 persistunt.
1571 1220 1685 1248 Utrum-

890 1275 943 1302 que
959 1275 1040 1302 porro
1058 1273 1200 1302 postquam
1219 1267 1351 1297 invaserit
1377 1275 1435 1300 eos,
1456 1268 1502 1302 qui
1527 1267 1684 1294 inconside-

890 1315 978 1342 ratius
994 1318 1021 1341 et
1035 1314 1094 1341 sine
1111 1314 1186 1341 omni
1202 1322 1268 1342 cttra
1288 1319 1315 1341 et
1334 1314 1503 1349 providentia
1524 1314 1683 1350 mysterium

890 1361 1059 1396 dispensant.
1082 1361 1188 1396 lapsum
1205 1361 1294 1396 ipsum
1308 1361 1420 1392 durum,
1435 1361 1644 1396 deplorandum,
1659 1365 1686 1387 et

891 1413 952 1432 cum
969 1406 1102 1433 dedecore
1128 1406 1305 1440 conjunctqu
1330 1410 1470 1440 procurat.
1494 1404 1558 1432 Esto
1581 1409 1685 1436 autem.

891 1452 946 1480 sint
959 1452 1115 1486 margarita:
1130 1459 1174 1479 res
1191 1459 1287 1484 sacra‘.
1304 1459 1354 1478 nec
1372 1458 1410 1478 em
1425 1451 1513 1478 solum
1527 1458 1596 1485 quas
1611 1457 1687 1477 com-

891 1499 1120 1530 memoravimus,
1153 1498 1201 1525 sed
1236 1502 1263 1526 et
1293 1497 1490 1525 miraculorum
1521 1497 1685 1524 charisma:

68 1535 119 1584 erat:
143 1540 205 1567 κυσὶ
232 1541 403 1576 προτιθέναι,
428 1542 488 1569 οὐδὲ
517 1545 573 1576 τοῖς
592 1546 694 1580 χοίροις
717 1546 808 1582 Θεμιτί

950 1553 974 1572 ιιι
991 1545 1049 1580 ipsa
1066 1544 1198 1572 miracula
1214 1551 1221 1571 :
1243 1547 1280 1576 et,
1299 1545 1322 1571 si
1339 1545 1374 1571 ita
1394 1544 1492 1578 placet,
1516 1542 1597 1570 tertio
1614 1542 1685 1574 loco.

69 1580 114 1608 Καὶ
127 1585 210 1617 κοινὸς
230 1586 281 1622 μὲν
305 1588 370 1623 περὶ
391 1588 502 1615 πάντων
518 1589 600 1625 νόμος
624 1580 808 1628 ήπροειρημέ

948 1592 1082 1619 stolorum
1096 1591 1206 1619 coalitus
1220 1591 1342 1618 instituta
1356 1590 1475 1624 dignitas
1491 1598 1497 1616 :
1514 1589 1594 1623 cujus
1605 1589 1687 1616 sortis

70 1628 107 1654 τοῦ
121 1631 257 1659 Δεσπότου
278 1633 367 1669 ψῆφος
380 1635 428 1661 καὶ
451 1636 599 1670 ἀπόφασις.
615 1637 697 1673 Εὖροι
718 1638 741 1664 δ’
756 1638 789 1665 ἄν
803 1647 845 1672 τις

70 1674 108 1700 καὶ
128 1678 189 1712 περὶ
205 1679 267 1710 ἑνὸς
281 1679 398 1707 ἑκάστου
415 1681 504 1708 αὐτῶν
522 1682 573 1714 τὰς
598 1683 753 1718 μαρτυρίας
767 1684 845 1710 οὐδὲν

70 1719 268 1760 ἐργωδέστερον.
294 1726 398 1758 Αὐτίκα
421 1727 487 1761 γοῦν
514 1729 570 1760 τοῖς
592 1729 682 1755 κυνῶν
693 1729 771 1764 δίκην
795 1729 845 1764 τὴν

70 1766 191 1796 ἀναίδειαν
213 1771 466 1808 προϐεϐλημένοις,
497 1774 544 1800 καὶ
571 1776 684 1810 σημεῖον
708 1776 843 1808 αἰτοῦσιν,

69 1812 134 1841 οὔπω
147 1817 240 1852 σχεδὸν
263 1818 312 1852 τῆς
327 1819 415 1854 ὅψεως
432 1820 523 1846 αὐτῶν
540 1820 595 1847 τῶν
611 1821 845 1856 προδεδειγμένων

70 1859 274 1897 ἀπαλλαγείσης,
290 1865 321 1891 οὐ
347 1865 428 1900 μόνον
450 1866 526 1893 οὐδὲν
545 1867 558 1893 ό
572 1866 617 1893 τοῦ
639 1867 734 1900 γένους
750 1867 845 1903 Σωτὴρ

69 1905 180 1943 οὐδαμῶς
191 1909 361 1942 ἐπεδείξατο,
373 1910 441 1938 ἀλλὰ
453 1912 500 1938 καὶ
508 1912 609 1940 ἀπεῖπε
623 1912 660 1947 μὴ
673 1912 845 1948 δοθήσεσθαι,

70 1951 109 1977 καὶ
129 1953 175 1988 τὴν
197 1954 292 1981 αἰτίαν
313 1955 360 1981 τοῦ
385 1956 422 1991 μὴ
449 1958 603 1992 παρασχεῖν
630 1957 845 1989 ἀποκαλύπτων.

70 1997 152 2029 γενεὰν
164 1999 267 2031 αὐτοὺς
288 2001 411 2036 πονηρὰν
426 2001 474 2028 καὶ
493 2002 636 2039 μοιχαλίδα
650 2004 791 2038 ὠνόμασε·
813 2004 846 2030 δι’

71 2043 188 2080 ἑκατέρου
204 2046 312 2079 πάθους
324 2048 516 2083 παραστήσας,
533 2049 575 2075 ὃτι
588 2049 678 2076 κυνῶν
690 2051 737 2077 καὶ
747 2050 848 2086 χοίρων

69 2089 132 2116 οὐδὲν
147 2091 279 2127 ἀμείνους
294 2092 452 2128 ἐτύγχανον.
473 2094 528 2120 Καὶ
552 2094 632 2122 πάλιν
644 2096 674 2122 ὲν
690 2097 723 2131 τῇ
739 2095 848 2131 πατρίδι

69 2135 139 2162 αὐτοῦ
149 2137 199 2164 οὒκ
207 2138 322 2173 ἐποίησε
333 2139 462 2175 δυνάμεις
478 2140 588 2173 πολλὰς,
599 2141 644 2168 διὰ
658 2142 708 2176 τὴν
719 2142 848 2168 ἀπιστίαν

69 2181 158 2209 αὐτῶν.
169 2184 226 2211 Καὶ
237 2184 374 2220 πολλαχοῦ
389 2185 515 2219 φαίνεται
531 2186 623 2213 πίστιν
639 2187 846 2222 προσαπαιτῶν,

897 1636 1095 1669 hereditatem,
1112 1636 1269 1671 pontillcale
1291 1641 1415 1662 nostrum
1432 1641 1517 1669 genus
1532 1633 1688 1669 agnoscitur

896 1681 1046 1717 possidere.
1061 1681 1135 1709 Nihil
1149 1682 1221 1709 enim
1237 1689 1269 1708 eo
1283 1686 1421 1716 spectans,
1439 1681 1479 1707 rel
1498 1680 1614 1706 canibus
1629 1686 1689 1715 pro-

893 1728 1042 1763 jicicndum
1057 1731 1107 1761 est,
1121 1727 1163 1755 vel
1179 1728 1260 1754 etiam
1282 1727 1381 1762 porcis.
1397 1726 1560 1753 Communis
1578 1725 1612 1752 de
1628 1725 1686 1752 istis

895 1774 1025 1801 omnibus
1047 1773 1102 1807 lex,
1119 1773 1266 1808 praedictus
1287 1772 1393 1800 Domini
1410 1772 1534 1799 calculus
1556 1777 1582 1798 et
1598 1771 1688 1798 deter-

896 1821 1011 1847 minatio
1024 1820 1060 1847 sit
1076 1830 1083 1847 :
1099 1827 1216 1854 quarum
1235 1827 1328 1846 rerum
1345 1819 1515 1854 singularum
1533 1818 1688 1845 testimonia

897 1867 977 1894 facile
996 1866 1085 1894 cuivis
1113 1866 1196 1893 fuerit
1224 1866 1356 1892 invenire.
1381 1864 1437 1893 lllis
1459 1865 1540 1900 igitur
1564 1865 1611 1899 qtti
1634 1872 1687 1891 non

897 1920 976 1940 secus
987 1920 1070 1948 quam
1086 1919 1168 1940 canes
1183 1920 1318 1939 summam
1337 1919 1392 1946 pne
1411 1919 1441 1938 se
1462 1911 1584 1938 ferebant
1599 1910 1689 1945 impuv

897 1959 1030 1992 dentiam,
1044 1959 1080 1986 ita
1095 1963 1125 1986 ut
1139 1959 1245 1993 signum
1263 1958 1316 1985 sibi
1335 1958 1391 1984 dari
1414 1957 1600 1992 postularent,
1626 1964 1688 1984 cum

897 2005 943 2031 vix
954 2005 980 2031 in
998 2007 1146 2038 conspectu
1165 2003 1288 2038 ipsorum
1305 2002 1419 2037 patratis
1443 2002 1582 2029 miraculis
1598 2008 1690 2028 move-

899 2053 1004 2081 rentur,
1039 2038 1147 2082 generis
1180 2047 1268 2074 nostri
1297 2046 1372 2074 salus
1407 2050 1433 2073 et
1458 2045 1604 2078 Servator,
1634 2051 1689 2072 non

899 2093 981 2122 modo
997 2093 1102 2121 nullum
1122 2093 1231 2127 signum
1247 2091 1440 2123 ntanit‘estavit,
1456 2092 1503 2118 sed
1526 2099 1555 2118 se
1577 2091 1689 2118 minime

899 2147 1095 2168 concessurum
1122 2138 1291 2174 respondet:
1313 2142 1340 2165 et
1363 2145 1475 2168 causam
1496 2137 1619 2167 indicans
1640 2145 1690 2163 cur

901 2187 1007 2214 nullum
1018 2185 1101 2213 vellet
1113 2184 1264 2212 concedere
1277 2184 1397 2219 signum,
1412 2183 1563 2218 improbam
1575 2187 1602 2210 et
1613 2182 1690 2209 adul-

69 2224 111 2254 εἶθ’
124 2229 208 2262 οὓτως
221 2230 308 2262 ἰάσεις
322 2231 465 2258 ἐπιτελῶν.
480 2232 562 2259 Ὥστε
573 2234 586 2260 ὁ
601 2233 786 2268 κυνογνώμων
801 2243 809 2261 ι

948 2239 986 2259 am
1003 2231 1206 2267 generationem
1220 2234 1317 2258 vocat:
1336 2237 1383 2265 per
1398 2234 1544 2264 utrumque
1563 2229 1688 2256 aﬂ'ectntn

68 2276 189 2312 χοιρώδης
211 2276 368 2312 ἄνθρωπος,
389 2277 500 2310 ἀνάξιός
513 2279 571 2305 ἐστι
587 2278 636 2311 τῆς
654 2279 708 2306 ἀπὸ
728 2280 783 2306 τῶν
799 2289 847 2315 ση-

70 2321 143 2354 μείων
168 2323 343 2358 εὐεργεσίας.
374 2325 406 2351 Εἰ
420 2325 449 2351 δὲ
463 2325 553 2358 τοῦτο,
571 2325 661 2361 πολλῷ
685 2326 785 2361 μᾶλλον
801 2328 848 2354 καὶ

69 2367 141 2396 αὑτοῦ
155 2370 203 2398 τοῦ
220 2372 251 2397 ὲν
265 2371 324 2402 τοῖς
334 2371 460 2406 σημείοις
476 2372 655 2407 χαρίσματος.
675 2372 756 2400 Ἀλλὰ
769 2373 850 2400 τοῦτο

71 2415 112 2448 μὲν
134 2418 182 2444 καὶ
197 2417 315 2444 αὐτόθεν
329 2418 424 2452 δῆλον·
449 2418 526 2445 οὐδὲν
544 2418 574 2445 δὲ
599 2417 682 2455 ἦττον
704 2420 779 2454 ὅμως
803 2421 850 2446 καὶ

70 2461 174 2497 Πέτρος,
190 2465 206 2490 ὁ
217 2463 275 2490 τῶν
293 2464 422 2499 μαθητῶν
435 2466 597 2500 κορυφαῖος,
614 2465 647 2492 δι’
667 2462 704 2492 ὧν
717 2467 848 2502 ἐπιτιμή-

70 2513 113 2537 σας
135 2508 307 2535 ἀπεσείσατο
331 2508 376 2535 τὸν
392 2508 578 2544 δεισιδαίμονα
597 2511 643 2536 καὶ
657 2510 776 2546 πονηρὸν
804 2511 852 2538 καὶ

71 2551 224 2589 φιλόχρυσον
232 2553 355 2589 Σίμωνα,
366 2554 566 2589 ἀκριϐεστάτην
575 2555 779 2590 παρέσχετοτὴν
786 2556 852 2582 ἁπό-

69 2597 140 2630 δειξιν
149 2608 156 2614 ·
167 2600 210 2626 ὃτι
224 2599 255 2626 δὲ
268 2600 323 2626 οὐδ’
337 2599 520 2636 ἀποστολικῆς
535 2600 614 2634 ἀξίας
630 2600 853 2637 ἣάρχιερατικῆς

69 2645 144 2680 τιμῆς
161 2645 254 2677 οὐδείς
276 2646 335 2672 ἐστι
352 2645 407 2672 τῶν
428 2646 557 2672 τοιούτων
582 2647 706 2681 μετέχειν
730 2647 851 2681 δίκαιος,

70 2690 141 2722 αὐτος
151 2691 238 2718 πάλιν
248 2691 263 2717 ό
275 2692 424 2727 Δεσπότης,
441 2692 515 2728 ἔργῳ
530 2693 577 2719 καὶ
586 2692 658 2728 λόγῳ
674 2693 850 2728 παρίστησιν,

70 2732 104 2766 οἷς
116 2736 160 2763 τὸν
173 2736 334 2765 ἀκολουθεῖν
348 2737 422 2772 αὐτῷ
435 2738 628 2773 αἰτησάμενον,
649 2737 696 2764 καὶ
709 2737 762 2764 τῶν
781 2738 851 2765 ἀπο-

72 2781 164 2808 στόλων
178 2781 308 2809 ὑπελθεῖν
332 2783 378 2810 τὸν
390 2783 489 2819 κλῆρον
499 2804 506 2816 ,
522 2783 608 2810 καὶτὸ
624 2783 772 2819 προνόμιον
794 2783 851 2810 δια-

72 2828 276 2864 μηχανώμενον,
284 2830 315 2856 οὑ
329 2829 410 2865 μόνον
422 2830 452 2856 οὺ
472 2829 671 2865 προσεδέξατο,
686 2829 754 2856 ἀλλὰ
767 2829 800 2856 δι’
815 2826 852 2857 ὦν

101 2889 113 2909 .'
128 2885 298 2922 μηδετέροις.

895 2279 1007 2310 docens,
1028 2277 1102 2313 quod
1123 2277 1210 2305 nihilo
1231 2277 1329 2304 melius
1353 2283 1435 2310 quam
1452 2282 1534 2302 canes
1559 2279 1586 2301 et
1610 2273 1688 2308 porci

896 2321 1122 2357 disponebantur.
1136 2320 1204 2348 Hinc
1221 2320 1323 2348 factum
1340 2319 1412 2355 quod
1431 2319 1458 2347 in
1475 2327 1524 2345 sua
1543 2318 1629 2353 ipsius
1645 2325 1690 2352 pa-

898 2369 950 2396 tria
973 2367 1060 2395 multa
1084 2367 1163 2402 signa
1188 2366 1260 2393 haud
1282 2365 1415 2397 ediderit,
1436 2369 1547 2399 propter
1568 2364 1690 2398 ipsorum

900 2413 1128 2441 incredulitatem.
1149 2412 1203 2439 Sed
1217 2416 1245 2440 et
1260 2411 1399 2446 plerisque
1419 2410 1447 2443 in
1461 2410 1528 2437 locis
1546 2410 1610 2437 licet
1632 2410 1692 2436 ani-

901 2459 1082 2491 madvertere,
1098 2459 1177 2486 [idem
1190 2459 1279 2494 ipsum
1295 2458 1370 2493 prius
1386 2457 1593 2492 pruerequirere,
1612 2461 1692 2490 atque

902 2506 939 2533 ita
953 2506 1064 2533 demum
1076 2505 1233 2532 curationes
1248 2504 1376 2531 edidisse.
1392 2503 1438 2530 Est
1453 2503 1537 2537 igitur
1552 2502 1596 2529 ille
1610 2501 1692 2528 homo

901 2553 948 2588 qui
975 2553 1071 2579 eodem
1100 2552 1182 2580 modo
1207 2551 1322 2578 adicitur
1344 2556 1426 2584 atque
1449 2557 1532 2577 canes
1552 2552 1579 2575 et
1604 2547 1691 2582 porci,

902 2599 1031 2634 indignus
1049 2599 1139 2634 plane,
1154 2597 1235 2633 cuius
1248 2597 1335 2633 gratia
1350 2596 1482 2623 miracula
1496 2595 1691 2630 procudautur.

903 2646 937 2673 Et
949 2650 1023 2673 certe
1036 2645 1059 2672 si
1076 2645 1118 2672 bis
1134 2645 1233 2680 dignus
1247 2651 1301 2671 non
1315 2643 1407 2675 luerit,
1426 2641 1513 2669 multo
1529 2641 1617 2667 minus
1631 2646 1693 2673 gra-

904 2689 942 2716 tia
958 2689 1002 2716 illa
1016 2694 1046 2718 ut
1064 2689 1211 2721 imbuatur,
1227 2695 1288 2723 qua:
1303 2687 1406 2715 relucet
1425 2686 1452 2713 in
1468 2690 1496 2713 et
1510 2693 1557 2720 per
1571 2684 1692 2711 miracu-

903 2735 940 2763 la.
956 2733 1013 2763 Hoc
1026 2742 1074 2771 per
1085 2742 1115 2762 se
1129 2735 1196 2762 satis
1217 2734 1290 2763 clare
1313 2738 1398 2769 patet.
1419 2731 1511 2759 Nihilo
1533 2737 1623 2759 tamen
1645 2729 1695 2758 mi-

905 2791 966 2814 nus.
983 2788 1010 2811 et
1032 2781 1128 2809 Petrus
1144 2780 1342 2816 discipulorum
1369 2779 1542 2814 coryplueus,
1561 2778 1606 2804 ubi
1630 2785 1692 2805 cum

905 2829 1056 2860 vehementi
1079 2828 1279 2863 increpatione,
1300 2826 1439 2854 Simonem
1459 2825 1534 2853 illum
1561 2823 1695 2860 supersti-
