1874 3070
215 175 267 206 943

790 177 920 207 ΡΗΟΤΙΙ
939 178 981 207 PA

1050 179 1194 208 [ARCIIZE
1207 178 1262 207 (ΣΡ.
1775 178 1816 209 9H

214 236 280 263 tiuni
309 235 445 268 deditum,
480 235 730 270 improbissimum.
766 239 792 262 et
815 236 873 263 auri
908 244 981 263 amor

1053 237 1250 272 ἑθριάμὸευσεν
1275 235 1357 262 αὑτοῦ
1377 235 1411 262 τὰ
1424 235 1472 269 τῆς
1481 234 1592 270 καρδίας
1610 235 1766 272 ἀπόρρητα,
1777 237 1815 269 τῆς

213 288 331 318 captum,
344 291 359 310 a
374 290 404 309 se
416 283 546 313 excussit,
561 281 782 309 manifestissime
798 282 867 309 idem
883 281 996 309 docuit:

214 330 340 357 nimirum
355 329 540 363 apostolorum
556 328 616 354 loco
632 327 772 361 indignum
785 335 845 354 esse
858 332 884 354 et
896 326 1001 361 episco-

212 376 266 411 pali
289 375 392 402 honore
412 375 488 401 illum
509 374 554 408 qui
578 373 641 400 talis
665 373 747 400 fuerit
765 373 901 400 inventus.
923 371 999 405 Quod

212 422 282 449 idem
300 421 428 448 Servatur
442 428 495 447 non
518 420 600 446 verbo
618 424 733 451 tantum,
750 420 796 446 sed
815 424 842 446 et
855 427 937 453 opere
952 419 1001 445 du-

211 467 289 493 cuit:
307 465 352 493 ubi
374 465 524 497 hominem,
540 464 586 499 qui
611 465 698 498 ipsum
716 464 791 499 sequi
806 472 836 491 se
855 465 922 491 velle
935 471 998 498 pro-

211 512 348 542 ﬁteretur,
372 515 398 538 et
427 510 492 536 sorti
519 517 548 536 se
576 513 656 543 atque
681 508 822 543 privilegio
849 508 998 543 apostolico

211 558 344 592 ingerere,
361 564 414 584 non
431 555 571 583 admisit“
587 563 595 582 :
611 563 660 583 nec
684 555 750 583 illud
766 559 882 587 tantum,
906 555 952 582 sed
971 555 998 582 in

210 606 312 640 quibus
339 605 427 632 adhuc
452 604 565 631 ulterius
591 603 625 630 de
651 604 764 630 secretis
792 603 877 637 ipsius
907 603 997 631 cordis

210 651 298 685 palam
315 649 488 677 enuntiandis
505 649 579 675 velut
602 648 770 682 triumphum
795 648 860 682 egit,
881 655 894 673 a
912 647 997 674 disci-

209 695 301 729 pulatu
319 693 443 721 semovit.
463 692 514 726 Qui
530 693 602 719 enittt
616 692 717 724 omnia,
730 691 887 726 priusquam
903 695 995 717 exsta-

209 739 284 770 bant,
305 739 478 770 intuebatur,
504 738 611 765 videbat
627 738 701 764 illum
728 744 789 764 esse
808 737 950 764 volucrum
970 740 997 762 et

209 785 329 819 vulpium
347 784 544 816 habitaculum,
564 789 644 818 atque
660 783 719 810 ideo
734 784 768 810 ab
785 783 830 810 illo
849 783 900 809 hoc
912 782 996 817 petie-

210 834 262 863 rat,
279 832 363 865 quod,
382 830 477 857 fraude
496 831 616 865 repletus
634 834 662 857 et
675 829 805 861 vanitate,
821 837 926 856 necnon
944 829 995 854 int—

209 876 338 911 pudentia
355 875 497 910 singulari,
517 875 637 902 avaritiae
651 879 779 909 prteterea
795 874 889 901 morbo
907 873 996 908 subja-

1054 282 1202 318 μαθητείας
1223 281 1353 308 ἀπώσατο
1365 289 1372 295 ·
1391 280 1500 315 πτηνῶν
1513 284 1566 315 γὰρ
1590 281 1670 308 αὐτὴν
1695 284 1740 309 καὶ
1757 283 1815 309 ἀλω-

1051 330 1153 361 πέκων,
1172 328 1187 354 ὁ
1204 327 1291 354 πάντα
1307 328 1354 353 καὶ
1367 326 1419 361 πρὸ
1431 326 1564 360 γενέσεως
1575 327 1664 359 εἰδὼς,
1676 329 1816 363 οἰκητήριον

1051 375 1124 409 ἐώρα
1143 375 1190 401 καὶ
1213 374 1429 408 κατασκήνωσιν,
1448 373 1495 399 καὶ
1505 373 1584 399 τοῦτο
1600 373 1666 399 αὐτὸ
1680 374 1815 409 αἰτησάμε-

1050 429 1094 452 νος
1107 426 1117 439 τ
1127 428 1133 435 ’
1148 421 1189 446 ὃτι
1198 420 1272 446 δόλου
1284 419 1375 453 γέμων
1389 418 1436 445 καὶ
1449 418 1615 453 κουφότητος
1624 419 1671 445 καὶ
1680 419 1812 451 ἀναιδείας,

1050 466 1096 492 καὶ
1110 465 1188 491 πάθει
1199 465 1375 500 προσανέχων
1389 464 1618 499 φιλοχρηματίας,
1630 465 1695 500 πρὶν
1711 465 1727 500 ἢ
1746 464 1816 490 ταῦτα

1048 512 1082 537 τὰ
1099 511 1180 546 θηρία
1193 510 1322 536 ἁπελοὶσει
1339 511 1388 544 τῆς
1402 509 1501 544 ψυχῆξ,
1519 510 1669 545 ἐτόλμησεν
1683 511 1772 537 ἑαυτὸν
1785 512 1816 541 εἷς

1048 558 1098 591 τὴν
1107 557 1160 583 τῶν
1172 555 1300 590 μαθητῶν
1313 556 1408 590 κλῆσιν
1418 556 1550 585 εἰσωθεῖν,
1562 557 1609 582 καὶ
1620 556 1673 582 τῶν
1685 556 1816 591 ὑπερφυῶν

1048 603 1160 629 ἐκείνων
1172 603 1219 629 καὶ
1230 603 1403 629 Δεσποτικῶν
1420 602 1597 638 χαρισμάτων
1613 601 1715 637 δοχεῖον
1730 602 1816 636 φαντά-

1048 649 1152 681 ζεσθαι,
1174 649 1211 680 ὡς
1226 648 1395 684 πορρωτάτω
1408 648 1457 683 τῆς
1467 648 1585 679 ἐλπίδος,
1597 649 1611 674 ὁ
1626 648 1730 679 πάντας
1744 647 1817 673 ἕλκων

1047 694 1115 728 πρὸς
1139 693 1254 725 ἑαυτὸν,
1289 693 1337 719 καὶ
1362 693 1466 723 πάντας
1492 692 1611 726 σωθῆναι
1639 691 1734 722 θέλων,
1772 691 1817 717 ἀπ-

1047 739 1199 774 επέμψατο.
1209 739 1264 765 Καὶ
1279 738 1308 765 τὸ
1318 738 1414 770 σκεῦος
1429 737 1457 765 δὲ
1469 738 1517 771 τῆς
1531 737 1656 772 ἐκλογῆς,
1668 738 1682 763 δ
1693 737 1738 763 τὸν
1750 737 1818 772 οὐρά-

1048 794 1102 811 νιον
1120 785 1201 811 πόλον
1225 785 1262 815 ὡς
1286 784 1406 817 ἐπίγειον
1424 783 1530 809 στάδιον
1547 783 1707 817 διατρέχων,
1725 783 1767 809 καὶ
1779 782 1818 816 τὴν

1046 830 1211 864 οἰκουμένην
1233 829 1380 857 σταδιεύων
1398 829 1438 864 τῷ
1458 829 1505 855 τοῦ
1525 828 1703 863 κηρύγματος
1727 828 1817 863 δρόμῳ,

1046 876 1163 907 καὶτοῖς
1181 875 1251 910 ὑπὲρ
1273 875 1415 905 εὐσεϐείας
1434 874 1578 908 παθήμασι
1597 874 1632 900 τὰ
1647 873 1718 900 αὐτὰ
1731 873 1766 908 τῷ
1784 873 1818 899 δι-

208 926 291 954 ceret,
315 927 459 956 antequam
477 923 542 949 istas
568 930 582 948 e
602 921 683 948 corde
697 925 855 948 excusserat
881 920 981 947 bestias

1050 921 1170 956 5ασκάλῳ
1185 921 1231 947 καὶ
1242 921 1376 955 Δεσπότῃ,
1395 920 1428 947 δι’
1449 917 1485 946 ὧν
1499 920 1623 955 Τιμοθέῳ
1633 919 1744 954 γράφει,
1761 928 1818 952 συμ-

207 975 293 995 ausus
310 966 397 994 fuerat
413 968 590 1001 semeptisunt
612 967 639 992 itt
658 965 854 1000 discipulorqu
875 966 994 992 vocatio-

208 1021 269 1039 nem
287 1012 449 1043 subinl'erre.
466 1020 549 1047 seque
564 1012 764 1047 receptaculum
786 1011 913 1038 idonetnn
930 1011 997 1036 ima-

206 1058 292 1094 gittari
308 1058 495 1086 excellentium
514 1059 620 1086 illorum
634 1063 660 1085 et
677 1057 896 1093 tnagisterialium
925 1056 990 1082 eba-

1048 967 1215 1001 φθέγγεται·
1238 976 1246 992 ι
1281 967 1381 1002 Χεῖρας
1407 965 1461 1000 γὰρ
1488 965 1608 1000 ταχέως,
1633 967 1712 1000 φησὶ.
1739 965 1818 1000 μηδενὶ

1049 1012 1182 1039 ἐπιτίθει’
1206 1011 1271 1046 μηδὲ
1300 1010 1423 1037 κοινώνει
1450 1010 1599 1045 ἁμαρτίαις
1623 1010 1817 1043 ἀλλοτρίαις-ο

1047 1059 1095 1085 καὶ
1110 1058 1194 1094 μυρία
1206 1057 1283 1084 ἄλλα.
1301 1057 1371 1083 Ἀλλ’
1381 1057 1427 1084 ἐπὶ
1437 1056 1564 1083 τοσοῦτον
1578 1057 1627 1091 μὲν
1643 1057 1708 1090 περὶ
1720 1056 1818 1083 τούτων.

208 1105 365 1133 rismatum.
381 1105 515 1139 Quocirca
532 1110 668 1133 seruolum
684 1105 762 1141 longe
781 1114 796 1133 a
812 1114 860 1133 sua
892 1106 936 1133 illa
971 1114 1028 1140 spe,
1048 1106 1081 1137 is.
1098 1105 1143 1140 qui
1162 1105 1282 1139 alioquin
1299 1112 1393 1132 otnnes
1409 1103 1444 1132 ad
1465 1111 1494 1131 se
1509 1104 1651 1135 trahebat,
1667 1108 1693 1130 et
1711 1102 1819 1137 singulas

204 1152 320 1180 'salutcm
336 1152 466 1187 consequi
484 1153 601 1184 volebat,
620 1152 733 1180 dimisit.
748 1152 799 1179 Sed
816 1158 842 1180 et
865 1152 930 1179 illud
946 1161 993 1180 vas
1013 1152 1166 1184 electionis,
1187 1151 1233 1186 qui
1251 1151 1376 1178 caelestes
1409 1150 1487 1185 polos
1517 1158 1571 1176 non
1588 1150 1665 1176 aliter
1681 1157 1762 1184 quam
1776 1155 1821 1176 ter-

205 1203 291 1226 restre
309 1199 424 1226 stadiutn
441 1199 611 1230 decurrebat,
626 1199 673 1233 qui
705 1198 836 1225 tuuudutu
866 1198 1022 1225 universum
1043 1206 1124 1226 cursu
1143 1197 1344 1232 praedicationis
1363 1196 1513 1228 trattsihat,
1533 1201 1559 1223 et
1587 1196 1633 1229 qui
1663 1195 1688 1221 itt
1713 1195 1747 1222 iis
1769 1203 1821 1230 qua:

206 1251 254 1278 pro
266 1244 366 1279 pietate
383 1251 483 1278 passus
496 1243 557 1276 fuit,
576 1243 690 1271 Domino
703 1248 729 1271 et
742 1244 845 1271 doctori
861 1251 911 1270 suo
923 1243 1137 1275 assimilabatttr,
1152 1242 1178 1270 in
1196 1243 1229 1270 iis
1253 1243 1352 1277 quibus
1384 1241 1557 1268 Timotheum
1591 1240 1689 1267 all‘atttr
1722 1241 1820 1275 scriptis

205 1290 342 1317 consentit
357 1297 364 1314 :
385 1299 394 1315 (
412 1289 508 1317 Manus
524 1290 674 1324 (inquiens)
692 1291 783 1317 subito
799 1290 899 1317 nemini
915 1290 1089 1324 imposneris,
1107 1297 1157 1316 nec
1173 1297 1234 1316 cutn
1253 1289 1369 1316 aliorum
1397 1288 1518 1323 peccatis
1551 1287 1743 1315 comtnunices
1769 1287 1818 1313 δ’..

205 1337 275 1363 Sunt
288 1339 315 1362 et
330 1335 383 1362 alia
397 1336 504 1370 generis
518 1336 631 1369 hujusce
646 1341 782 1363 sexcenta.
799 1336 889 1371 Atque
904 1337 1035 1364 hactenus
1050 1336 1084 1363 de
1104 1336 1189 1363 hisce.

241 1383 295 1418 ligo
312 1386 336 1409 te
353 1387 459 1414 autem,
475 1390 536 1409 cttm
558 1383 663 1409 videatn
682 1383 836 1410 istiusmodi
860 1383 981 1410 narratio

205 1435 254 1454 nes
270 1427 296 1453 in
313 1435 406 1454 amore
422 1427 480 1458 tibi,
503 1427 618 1458 deliciis,
645 1432 725 1462 atque
750 1427 802 1454 sub
826 1428 913 1454 oculis
931 1435 992 1454 esse

206 1474 323 1507 positas,
344 1473 378 1499 ad
403 1472 516 1499 alterius
533 1473 581 1504 rei,
602 1481 654 1499 non
672 1473 776 1505 alienae,
794 1473 991 1500 consideratio-

207 1526 267 1545 nem
281 1526 334 1544 nou
346 1519 479 1552 gravabor
490 1519 638 1551 deducere;
656 1524 794 1553 utcunque
807 1519 878 1553 leges
893 1519 992 1551 episto-

206 1563 273 1590 liras
289 1563 393 1590 videant
414 1572 457 1590 nte
481 1564 644 1591 invitissime
660 1573 693 1591 eo
714 1565 801 1599 sequi.
819 1565 842 1592 Is
857 1565 903 1599 qtti
920 1573 991 1592 mar-

206 1609 308 1643 garitas
321 1617 402 1643 puras
413 1615 439 1636 et
447 1609 590 1637 tleizecatas
599 1611 632 1638 de
643 1610 742 1637 virtute
751 1611 972 1638 ratiocinationes
982 1631 990 1644 ,

206 1660 298 1682 sancta
315 1662 424 1688 atttem,
450 1657 557 1691 piarum
580 1662 607 1684 et
621 1657 835 1685 ortltodoxarum
855 1658 990 1685 rationum

207 1701 394 1729 honorabilem
418 1707 444 1729 et
468 1704 652 1730 venerandum
677 1709 829 1739 respectum
848 1709 874 1731 ct
887 1705 992 1731 noverit

205 1753 232 1774 et
245 1749 399 1781 vocaverit,
425 1749 634 1784 haudquaquam
662 1751 800 1778 aberrahit
825 1759 839 1777 a
855 1752 989 1784 veritate;

205 1802 286 1821 ιεειηρε
302 1795 440 1829 alioquin,
461 1796 558 1830 impias
573 1801 599 1823 et
623 1796 765 1824 hmretiras
786 1798 967 1832 cogitationes
982 1807 988 1824 :

204 1846 313 1872 porcos,
344 1839 528 1874 voluptatibus
547 1840 662 1873 deditos,
685 1841 755 1868 tuale
773 1842 877 1869 olentes
904 1847 931 1869 et
949 1842 990 1869 af-

205 1882 289 1909 fectus
306 1891 403 1917 pravos
417 1889 592 1917 reputarent.
608 1885 741 1917 Quocirca
758 1886 913 1913 istiusmodi
927 1894 989 1921 por-

202 1926 242 1952 cis
255 1931 280 1953 et
294 1927 409 1955 canibus
423 1937 475 1955 non
495 1933 604 1963 oportet
622 1930 782 1963 margaritas
797 1935 824 1957 et
836 1936 929 1958 sancta
946 1931 988 1958 vel

202 1970 336 2004 projicere
357 1972 400 1998 vel
417 1980 577 2006 proponere,
604 1973 637 1999 ad
655 1973 842 2001 contentiones
859 1974 989 2002 fovendos

201 2020 228 2042 et
243 2016 415 2051 litigandum.
431 2017 506 2044 Multi
524 2018 598 2045 enittt
621 2019 678 2046 lucc
698 2020 754 2054 ipsa
772 2020 823 2047 illis
844 2020 908 2047 dunt
925 2028 987 2054 pro-

201 2066 317 2096 ponunt.
336 2067 363 2089 et
378 2062 441 2089 dum
459 2063 486 2089 itt
502 2064 626 2091 rationali
647 2073 703 2092 sua:
721 2066 818 2092 anima:
833 2071 908 2100 parte
926 2075 988 2093 cou-

203 2105 351 2133 tcntionem
368 2107 499 2139 excitant,
521 2113 550 2134 ιιι
566 2108 593 2135 iu
611 2117 692 2136 scena
713 2110 907 2142 introductam.
926 2112 987 2146 qni—

201 2152 252 2179 htts
266 2160 327 2179 cum
350 2159 460 2188 propter
476 2155 679 2183 inclinationem
701 2164 835 2183 summam
854 2158 885 2183 ad
902 2158 986 2185 animi

201 2197 355 2235 passiones,
368 2198 500 2232 judicium
517 2199 655 2226 sincerum
670 2208 841 2235 nequaquam
858 2201 984 2234 habeant,

201 2234 349 2275 improviso
368 2243 528 2278 semetipsos
552 2234 728 2276 suhrtterunt,
747 2234 774 2271 et
799 2246 874 2279 lapsu
892 2246 986 2272 formi-

199 2285 295 2313 doloso
320 2287 481 2321 praecipitati
511 2293 575 2314 sunt
592 2297 599 2314 :
618 2288 731 2316 devictis
755 2297 815 2322 qua:
840 2290 983 2317 meliorum

199 2334 276 2355 erant
290 2331 418 2364 partium,
434 2339 448 2358 a
464 2331 620 2366 peioribus;
639 2333 675 2359 ita
699 2338 727 2359 ut
741 2334 924 2367 spectaculum
939 2341 983 2361 sc—

198 2384 254 2406 met
280 2381 372 2414 potius
396 2382 544 2415 tragicum,
574 2391 655 2416 quam
686 2388 851 2418 spectatores
872 2385 980 2413 tandem

197 2425 464 2458 reprmsentaverint.
483 2425 560 2458 Quod
577 2427 599 2453 si
616 2427 650 2453 ab
667 2427 782 2454 invicem
797 2430 981 2463 pugnantibus

197 2467 424 2503 cogitationibus.
454 2474 481 2496 ct
503 2471 587 2497 animi
619 2471 794 2506 Opinionibtts
815 2474 981 2508 processeris

197 2512 230 2539 ad
258 2513 380 2540 actiones
407 2519 501 2541 mutuo
525 2515 682 2549 allidcntes,
709 2523 736 2544 ct
761 2517 881 2552 ipsorum
908 2519 979 2546 circa

196 2557 318 2592 actiones
331 2558 389 2586 illas
396 2559 600 2594 dispositiones,
616 2570 787 2597 progressum
803 2564 896 2591 eodem
910 2565 981 2591 ince-

195 2605 302 2631 dentem
327 2605 540 2635 animadvertes.
565 2607 627 2636 Vita
644 2610 776 2642 honesta,
799 2615 826 2638 et
851 2618 913 2638 cum
931 2611 983 2638 (ide

194 2649 347 2678 orthodoxa
361 2652 517 2687 conjuncta,
531 2654 557 2681 in
570 2662 629 2689 quae
645 2664 697 2683 non
711 2664 790 2683 secus
801 2664 882 2691 quam
895 2657 983 2684 solent

196 2696 349 2729 margaritae
364 2702 390 2723 et
413 2705 457 2725 res
473 2704 575 2726 sancta:
592 2700 683 2727 radios
705 2701 814 2732 emittit,
833 2709 886 2727 non
902 2701 983 2728 debet

194 2739 331 2772 haeretica,
349 2741 453 2774 faetida,
471 2744 580 2771 sordida
596 2746 802 2773 conversatione
813 2747 925 2780 versari,
936 2752 983 2774 aut

227 2807 250 2824 ⁸⁵
263 2809 329 2838 Luc.
346 2819 382 2844 tx,
404 2811 448 2839 58.
487 2813 509 2828 δ’
524 2814 531 2840 l
546 2813 616 2841 Tim.
634 2822 660 2841 v.
676 2814 720 2841 ‘2'}.

1081 1381 1151 1416 Ἐγὼ
1163 1381 1192 1408 δέ
1208 1390 1247 1408 σοι
1259 1383 1307 1408 καὶ
1321 1381 1388 1417 πρὸς
1400 1380 1496 1415 ἑτέραν
1513 1380 1640 1415 θεωρίαν,
1650 1379 1688 1406 ’ὲκ
1705 1380 1822 1414 γειτόνων

1039 1429 1094 1458 τοῖς
1111 1428 1264 1462 εἰρημένοις
1280 1427 1361 1454 οὖσαν
1374 1427 1445 1461 (ἐπει
1466 1436 1506 1453 σοι
1521 1427 1555 1453 τὰ
1567 1426 1678 1453 τοιαῦτα
1694 1427 1762 1462 ἔρως
1773 1426 1822 1452 ἐστὶ

1040 1475 1087 1500 καὶ
1103 1475 1192 1509 τρυφὴ
1213 1475 1260 1500 καὶ
1282 1473 1427 1508 θεάματα),
1443 1473 1492 1499 οὐκ
1505 1473 1652 1508 ὀκνήσαιμι
1666 1473 1821 1508 καθηγήσα-

1040 1518 1116 1544 σθαι·
1136 1519 1159 1544 εἰ
1177 1519 1225 1544 καὶ
1240 1518 1288 1552 τῆς
1299 1517 1442 1552 ἐπιστολῆς
1459 1518 1550 1552 ἡρέμα
1569 1526 1627 1549 πως
1647 1518 1713 1549 τοὺς
1733 1518 1823 1552 νόμους

1038 1565 1094 1599 ὁρῶ
1108 1563 1347 1598 διευλαϐουμένους
1363 1573 1408 1598 μοι
1429 1564 1556 1591 Ense-ear
1571 1564 1639 1590 ἀλλὰ
1649 1564 1705 1600 γὰρ
1721 1573 1822 1599 μαργα-

1041 1610 1116 1644 ρίτας
1128 1609 1187 1644 μὲν,
1198 1610 1245 1636 καὶ
1258 1610 1320 1641 τοὺς
1328 1611 1391 1644 περὶ
1400 1611 1500 1645 ἀρετῆς
1511 1610 1647 1644 καθαροὺς
1663 1609 1822 1645 λογισμούς·

1039 1654 1105 1688 ἆγια
1126 1655 1164 1686 δὲ,
1185 1655 1238 1681 τῶν
1261 1655 1380 1682 εὐσεϐῶν
1402 1656 1448 1681 καὶ
1476 1655 1622 1690 ὀρθοδὸξων
1638 1655 1778 1690 λογισμῶν
1799 1655 1825 1680 τὸ

1039 1700 1129 1735 τίμιον
1145 1701 1191 1727 καὶ
1203 1701 1312 1733 σεπτὸν,
1329 1701 1378 1727 οὐκ
1394 1701 1427 1728 ἄν
1445 1710 1487 1732 τις
1503 1701 1674 1736 ἀποσῳαλείη
1688 1703 1741 1735 τῆς
1762 1701 1825 1735 ἀλη-

1042 1746 1117 1777 θείας
1131 1747 1177 1772 καὶ
1193 1746 1272 1778 εἰδὼς
1287 1747 1334 1773 καὶ¹
1348 1747 1437 1773 καλῶν
1448 1755 1454 1761 ·
1469 1747 1564 1783 ῶσπερ
1579 1748 1663 1779 κύνας
1678 1748 1745 1779 τοὺς
1766 1748 1824 1773 δυσέ

1043 1791 1132 1822 σεὸεῐς
1161 1792 1208 1818 καὶ
1235 1791 1425 1826 αἱρετίζοντας
1452 1792 1618 1826 λογισμοὺς,
1649 1791 1698 1818 καὶ
1722 1792 1826 1827 χοίρους

1043 1837 1123 1863 πάλιν
1141 1837 1204 1868 τοὺς
1220 1836 1378 1872 φιληδόνους
1394 1837 1442 1863 καὶ
1464 1837 1593 1868 δυσώδεις
1612 1837 1660 1863 καὶ
1681 1837 1824 1871 ἐμπαθεῖς.

1041 1883 1078 1908 Οὐ
1093 1883 1133 1908 δεῖ
1149 1883 1296 1917 τοιγαροῦν
1313 1883 1418 1913 τούτοις
1432 1884 1486 1914 τοῖς
1504 1883 1607 1918 χοίροις
1622 1883 1683 1908 οὐδὲ
1698 1884 1758 1914 τοῖς
1769 1882 1826 1909 κυσὶ

1039 1929 1102 1960 τοὺς
1120 1929 1293 1964 μαργαρίτας
1308 1929 1357 1955 κοιλ¹
1366 1929 1400 1954 τὰ
1416 1928 1492 1961 ἆγια,
1507 1931 1546 1959 εἰς
1561 1928 1618 1962 ἔριν
1636 1928 1684 1954 καὶ
1706 1929 1826 1962 ζυγομα-

1040 1975 1112 2009 χίαν,
1129 1975 1236 2010 ῥίπτειν
1247 1975 1295 2001 καὶ
1310 1974 1518 2010 προϐάλλεσθαι.
1533 1974 1629 2007 Πολλοὶ
1640 1974 1695 2008 γὰρ
1714 1973 1826 2003 ἐκείνοις

1038 2021 1125 2047 ταῦτα
1148 2020 1304 2055 προθέντες,
1326 2021 1372 2047 καὶ
1400 2020 1448 2056 τὴν
1463 2020 1564 2047 τούτων
1580 2021 1608 2046 ὲν
1624 2020 1663 2055 τῷ
1678 2019 1825 2054 λογιστικῷ

1037 2066 1088 2100 τῆς
1098 2066 1186 2100 ψυχῆς
1206 2065 1334 2100 apud“,
1354 2065 1391 2098 ὠς
1411 2066 1543 2101 σκηνικὴν
1560 2066 1624 2093 θέαν
1648 2067 1824 2101 ποιούμενοι,

1038 2112 1084 2137 καὶ
1099 2111 1130 2145 δὴ
1147 2111 1193 2137 καὶ
1209 2111 1261 2137 ὑπὸ
1272 2110 1321 2145 τῆς
1342 2111 1406 2145 περὶ
1420 2111 1454 2137 τὰ
1477 2111 1551 2146 πάθη
1567 2111 1758 2146 προσπαθείας
1780 2110 1825 2144 τὴν

1037 2157 1129 2192 κρίσιν
1141 2157 1290 2183 ἀδέκαστον
1308 2157 1358 2183 οὐκ
1375 2157 1494 2192 ἔχοντες,
1518 2155 1612 2182 ἔλαθον
1628 2157 1745 2186 ἑαυτοὺς
1760 2156 1822 2183 dm:

1036 2201 1185 2235 τρέψαντες
1201 2201 1248 2227 καὶ
1262 2202 1389 2232 πεσόντες
1403 2201 1503 2236 πτῶμα
1520 2201 1647 2233 ἐξαίσιον,
1668 2201 1825 2235 ὲκνικηθέν-

1035 2252 1089 2270 των
1113 2244 1204 2275 αὐτοῖς
1228 2245 1281 2271 τῶν
1305 2244 1468 2280 κρειττόνων
1490 2246 1546 2280 ’τοῖς
1562 2244 1677 2279 χείροσι,
1694 2245 1743 2270 καὶ
1763 2244 1824 2270 θέαν

1037 2289 1137 2322 μᾶλλον
1148 2290 1283 2325 τραγικὴν
1297 2290 1412 2321 ἑαυτοὺς
1430 2290 1445 2325 ἢ
1463 2290 1563 2322 θεατὰς
1583 2290 1781 2324 ἐπιδείξαντες.
1795 2290 1824 2315 Εἰ

1035 2335 1062 2360 δὲ
1074 2335 1121 2361 καὶ
1132 2335 1186 2362 ἀπὸ
1201 2335 1255 2362 τῶν
1268 2336 1431 2370 μαχομένων
1446 2336 1555 2362 ἐννοιῶν
1575 2335 1622 2362 καὶ
1633 2336 1823 2370 ἐνθυμήσεων,

1035 2381 1079 2407 ἐπ’
1094 2381 1180 2412 αὑτὰς
1196 2381 1358 2416 προσέλθοις
1371 2381 1420 2413 τὰς
1431 2382 1623 2416 ἀντικειμένας
1639 2381 1768 2416 πράξεις,
1779 2381 1822 2406 καὶ

1035 2427 1098 2458 τοὺς
1109 2427 1178 2453 κατὰ
1199 2427 1248 2458 τὰς
1268 2428 1382 2462 πράξεις
1413 2428 1500 2459 αὐτὰς
1523 2427 1722 2460 διακειμένους,
1750 2426 1824 2452 οὐδὲν

1033 2471 1114 2508 ἦττον
1130 2473 1257 2508 εὑρήσεις
1280 2473 1331 2508 τὴν
1352 2473 1470 2509 θεωρίαν
1487 2474 1699 2509 προῦαίνουσαν.
1723 2473 1753 2499 ὀ
1772 2472 1822 2505 γὰρ

1035 2519 1180 2550 σπουδαῖος
1209 2520 1265 2554 βίος
1290 2520 1338 2546 καὶ
1377 2519 1535 2556 ὀρθόδοξος,
1565 2519 1748 2554 μαργαριτῶν
1777 2518 1822 2544 καὶ

1036 2567 1122 2600 ἁγίων
1135 2566 1212 2601 δίκην
1220 2566 1402 2596 ἀποστίλϐων,
1416 2566 1467 2592 οὐκ
1481 2565 1585 2600 ὀφείλει
1600 2566 1659 2595 ταῖς
1668 2564 1822 2597 αἰρετικαῖς

1033 2612 1080 2637 καὶ
1092 2611 1220 2638 δυσώδεσι
1233 2612 1280 2638 καὶ
1296 2611 1437 2646 ρυπώσαις
1450 2610 1598 2642 πολιτείαις
1616 2608 1822 2636 συνδιαιτᾶσθαι

1033 2657 1080 2683 καὶ
1108 2657 1354 2692 συναναφὺρεσθαι.
1373 2667 1383 2683 ‹
1414 2656 1552 2690 Ἐξέλθετε
1579 2656 1643 2690 γὰρ,
1664 2655 1766 2689 φησὶν,
1793 2654 1823 2678 ἐκ

1036 2703 1118 2736 μέσου
1156 2703 1245 2729 αὐτῶν
1274 2705 1323 2730 καὶ
1357 2703 1536 2738 ἀφορίσθητε,
1558 2712 1567 2728 ι
1599 2701 1674 2734 λέγει
1702 2699 1820 2734 Κύριος,

1034 2758 1044 2771 ‹
1064 2748 1141 2782 κάγὼ
1165 2749 1320 2785 εἰσδέξομαι
1348 2750 1430 2785 ὑμᾶς.
1461 2758 1471 2775 ›
1500 2748 1564 2782 Καὶ,
1588 2757 1597 2774 ι
1627 2746 1675 2778 Τίς
1693 2743 1821 2772 κοινωνία

804 2859 919 2888 YARIA'J
951 2860 1146 2890 LECTlONES.

229 2895 240 2909 ι
254 2893 446 2928 αἰτησάμενον.
