1874 3070
60 181 101 212 945

479 188 530 217 AD
547 189 844 220 AMPHILOCHIUM
865 191 1038 226 QU/ESTIO
1057 192 1232 222 CCI-CCIII.

1615 193 1669 225 946

60 238 116 272 φωτὶ
215 240 325 273 σκότοςῖ
345 251 354 267 ι
380 243 436 274 καὶ,
454 253 463 269 ι
494 244 624 280 Ἐξάρατε
637 246 683 273 τὸν
710 247 852 282 πονηρὺνί

914 249 1063 276 tnmisceri.
1087 259 1096 275 ι
1132 249 1299 285 Egredimini
1318 250 1411 286 (enim)
1428 250 1463 278 de
1486 251 1575 278 medio
1594 251 1668 286 ipso-

60 285 85 311 ὲκ
108 284 184 319 μέσου
208 286 299 320 ὑμῶν·
319 296 328 313 ι
350 290 407 322 καὶ,
432 299 441 315 ι
461 290 505 325 Τῷ
525 291 639 327 τοιούτῳ
664 293 732 328 μηδὲ
758 302 830 320 συν-

59 330 164 357 εσθίειν*
180 341 189 357 ι
214 334 258 359 καὶ
284 334 349 361 ἄλλο
373 335 473 370 πλῆθος
488 336 613 372 ἄπειρον.
636 338 717 365 Ἀλλὰ
743 338 831 366 ταῦτα

60 377 100 410 μὲν
113 377 158 413 σὴν
177 379 402 416 πεφιλοτιμήσοω
418 382 497 417 χάριν
508 391 516 399 ⁶
545 381 600 410 οἶδε
626 383 654 410 δὲ
670 384 718 410 καὶ
732 384 763 410 τὸ
778 386 829 420 τῆς

58 423 215 458 ἁναγωγικῆς
226 424 343 461 θεωρὲας
357 427 467 462 χωρίον,
483 429 522 464 τῷ
532 429 628 457 πλάτει
640 431 688 456 καὶ
700 431 733 465 τῇ
741 467 743 469 ι
751 430 829 464 εὐρέ-

58 476 91 494 σει
103 469 151 495 τῶν
166 469 352 506 Θεωρημάτων
368 473 633 507 ἐγκαλλωπίζεσθαι.

881 302 954 326 rum,
983 299 1011 322 et
1040 296 1235 330 separemini"
1260 306 1268 322 ι
1297 297 1346 333 (ait
1371 297 1525 332 Dominus);
1557 302 1594 330 et,
1619 307 1670 334 ego

880 340 1029 374 suscipiam
1042 349 1091 369 vos
1101 342 1134 374 5‘;
1150 347 1185 374 et,
1201 351 1210 368 ‹
1225 341 1291 376 Quae
1306 344 1463 370 comtnunio
1476 344 1595 371 tenebris
1608 352 1669 371 t‘llll]

880 385 941 413 luce
953 385 996 411 5'?
1012 395 1021 411 ›
1035 385 1078 418 Ει,
1091 385 1190 413 Tollite
1201 386 1315 422 impittm
1327 387 1360 414 de
1372 387 1461 414 medio
1476 392 1599 415 vestrum
1617 389 1667 415 ⁸³.»

879 428 923 461 Ει,
945 428 1052 456 (Nolite
1065 437 1127 456 cum
1148 430 1302 457 istiusmodi
1323 438 1420 465 panetu
1437 432 1611 459 comedere“
1630 442 1637 459 :
1659 442 1666 457 ι

878 478 905 501 et
919 474 1051 501 similium
1077 474 1173 508 ingens
1198 476 1354 503 multitudo.
1377 475 1430 503 Sed
1453 476 1509 503 haec
1532 477 1672 504 sufficiant

57 524 106 550 qua:
117 520 184 544 luant
199 519 313 552 gratiam
328 520 531 550 dentereantur.
544 523 624 551 Certe
639 523 774 551 familiare
788 527 830 551 est
849 527 879 550 ut
895 521 1059 556 anagogiccs
1082 522 1322 556 contemplationis
1345 531 1472 558 campus,
1505 524 1606 552 dilatus
1638 525 1672 551 ab

58 563 194 591 istiusmodi
215 565 420 595 inventionibus
441 574 469 596 et
488 570 723 604 speculationibus
753 571 914 598 eﬂlorescat.

308 623 476 652 ΕΡΩΤΠΣΙΣ
492 626 552 653 Σίν.

57 665 110 700 Πῶς
138 667 184 694 δεῖ
205 669 320 703 κρίνειν
353 671 389 696 τὰ
413 671 488 698 κατὰ
514 671 568 699 τὸν
597 673 672 705 ,βίον
698 673 825 708 συμϐαί-

374 714 467 733 νοντα
480 715 489 739 ;

909 623 1072 659 QUESTIO
1085 624 1139 652 CCI
1155 624 1248 660 [CoisL
1260 624 1389 657 CCXXX,
1414 625 1495 653 Taur.
1512 625 1640 663 CCXXI].

877 672 1016 706 Quomodo
1043 671 1222 706 judicundum
1311 672 1353 727 iis,
1372 679 1431 706 qua:
1459 672 1497 700 in
1530 673 1580 700 hac
1617 673 1672 700 vita

1207 715 1264 732 acct
1286 712 1347 732 unt.

1207 712 1347 735 αεειιιιιηιξ

223 761 292 786 Edita
302 769 316 786 ιι
327 761 476 787 Montaeutio
489 766 540 794 (ep.
551 763 582 788 58
593 763 622 787 ad
629 763 709 788 Leon.
723 771 747 795 p.
760 763 815 793 112,
828 763 894 794 115).
906 775 937 781 -
946 762 983 788 De
997 761 1165 787 retributione
1179 760 1299 786 bonorum
1315 764 1342 786 et
1357 762 1487 787 malorum.

86 813 226 849 ’Υπέχουσὶ
242 824 315 848 τινες
328 816 384 843 τῶν
400 817 577 852 ἀδικημάτων
594 819 672 850 δίκας
685 820 714 845 ἐν
727 819 765 855 τῷ
780 819 828 845 νῦν
844 823 852 850 1

914 817 1057 852 lnjustitize
1075 825 1171 853 poenas
1205 817 1316 852 quidam
1341 817 1367 844 itt
1384 818 1434 845 hac
1448 818 1504 845 vita
1519 818 1594 845 dant.
1619 817 1673 846 lla-

57 859 111 895 βίῳ·
124 861 192 896 ἔχεις
204 863 408 898 ἐναργεστάτην
428 863 566 897 ἀπόδειξιν
588 864 629 890 ὃτι
645 864 829 900 ἐστιΠρόνοια

56 906 180 939 ἐφεστῶσι
199 908 248 935 καὶ
262 908 444 943 λογουετοῦσα
471 910 517 936 καὶ
541 911 711 946 περιέπουσα
733 910 768 937 τὰ
786 911 829 938 ἐν-

56 951 138 979 ταῦθα.
152 953 211 979 Οὐκ
243 953 347 980 ἔδωκαν
373 955 467 982 πολλοὶ
487 955 566 987 δίκας
588 956 643 982 τῶν
665 956 829 992 ἀδικώτερον

56 998 276 1034 πολιτευσαμένων
287 1009 294 1015 -
311 1000 390 1026 τοῦτο
405 1001 507 1036 μείζων
532 1002 671 1034 ἀπόδειξις
683 1022 690 1034 ,
705 1003 746 1029 ὅτι
761 1002 829 1037 πρὸς

57 1044 137 1080 ἑτέραν
149 1045 208 1072 τινὰ
224 1046 393 1082 πικροτέραν
409 1048 456 1074 καὶ
472 1048 670 1084 χαλεπωτέραν
680 1050 830 1084 συνετηρή-

56 1089 127 1124 θησαν
153 1091 255 1127 κρίσιν.
273 1092 449 1127 Εὑδαιμόνως
471 1093 588 1120 ἐϐίωσαν
608 1094 701 1120 πολλοὶ
714 1094 769 1120 τῶν
784 1094 830 1120 δι-

56 1137 125 1163 καίων
134 1145 141 1153 ι
160 1134 238 1173 δέχου
253 1139 333 1166 πάλιν
341 1139 471 1175 προοίμια
480 1140 527 1165 καὶ
542 1140 664 1175 σύμῦολα
675 1141 726 1173 τῆς
740 1142 829 1167 ἐκεῖσε

57 1184 260 1217 μισθαποδοσίας.
270 1185 351 1212 Ἀλλὰ
367 1186 415 1212 καὶ
434 1185 527 1212 πολλοὶ
544 1186 656 1218 πολλαῖς
678 1187 829 1222 ἑνήθλησαν

55 1229 255 1265 ταλαιπωρίαις·
271 1232 352 1258 τοῦτο
375 1232 420 1258 καὶ
439 1232 502 1264 τοὺς
521 1232 581 1259 λίαν
598 1233 767 1268 ἐπιστομίζει
784 1242 830 1268 φι-

56 1275 186 1310 λονείκως,
203 1278 246 1304 ὅτι
259 1279 368 1310 πάντως
383 1279 461 1311 ἄλλος
477 1280 550 1314 ἡμᾶς
564 1279 693 1313 ἀναμένει
711 1278 767 1314 βίος
784 1279 830 1305 καὶ

55 1324 178 1359 κριτήριον
196 1325 271 1357 ἄλλο,
287 1326 316 1351 ἐν
329 1321 350 1359 ᾧ
365 1325 419 1351 τῶν
436 1326 497 1352 κατ’
511 1326 591 1358 ἀξίαν
602 1325 718 1356 ἕκαστος
733 1324 831 1359 βεῦιω-

56 1368 130 1402 μένων
145 1370 317 1406 ἀπολήψεται
331 1371 381 1406 τὴν
397 1371 584 1406 ἀντιμισθίαν.

311 1469 481 1496 ΕΡΩΤΗΣΙΣ
500 1470 557 1497 ΣΒ’.

55 1510 109 1544 Πῶς
118 1514 143 1540 οἱ
153 1514 320 1542 ἀπόστολοι
337 1515 448 1559 ἰδιῶται
466 1517 695 1552 ὄντεςρητόρων
709 1517 832 1546 πάντων

313 1559 539 1586 κατεκρατησαν
551 1561 560 1584 ;

883 865 931 892 hes
939 864 1155 892 ctiicacissimam
1165 863 1426 891 demonstrationem
1443 864 1513 891 hanc
1529 865 1674 899 providen.

883 912 948 938 tiam
965 910 1156 946 praesidentem
1172 910 1264 942 rebus,
1281 911 1402 937 rationes
1414 911 1564 943 inettntem,
1578 911 1674 938 sedulo

882 962 1022 985 curantem
1036 965 1098 991 qua:
1112 956 1156 983 hic
1175 960 1305 991 aguntur.
1328 957 1378 984 Ast
1401 957 1478 983 mttlti
1503 965 1599 992 poenas
1620 965 1674 984 non

882 1003 991 1035 dedere,
1008 1003 1055 1037 qui
1070 1003 1157 1038 magis
1173 1002 1306 1036 injuriose
1319 1003 1473 1030 conversati
1490 1009 1563 1030 sunt.
1585 1003 1674 1030 Etiam

882 1048 934 1075 hoc
957 1049 1045 1082 major
1064 1053 1106 1075 est.
1126 1048 1342 1080 demonstratio,
1371 1056 1468 1083 nempe
1494 1050 1589 1083 reponi
1614 1049 1675 1077 illos

882 1095 1064 1123 reservantlos
1079 1094 1184 1130 judicio
1205 1095 1339 1122 acerbiori
1362 1095 1469 1122 cuidam
1490 1100 1517 1122 ct
1543 1096 1674 1131 graviori.

881 1139 1014 1175 Prospere
1040 1141 1166 1167 vixerunt
1197 1141 1343 1176 proborttm
1372 1141 1459 1168 mulli.
1487 1141 1556 1169 Hinc
1585 1142 1675 1177 arripe

883 1186 979 1213 iterum
993 1179 1104 1221 praemia
1118 1191 1143 1213 et
1158 1191 1276 1214 tesseras
1291 1186 1480 1214 retributionis
1497 1187 1551 1214 illic
1565 1187 1674 1215 futurat.

882 1231 959 1259 Multi
984 1240 1046 1258 cutn
1067 1231 1160 1259 mttltis
1181 1231 1301 1259 miseriis
1326 1233 1466 1259 colluctati
1485 1237 1557 1260 sunt.
1576 1232 1607 1260 Et
1624 1233 1676 1260 hoc

882 1276 926 1303 vcl
947 1276 1151 1303 otluctantibus
1177 1276 1312 1310 imprimis
1336 1285 1367 1303 os
1391 1277 1509 1309 obturat,
1531 1282 1557 1304 et
1575 1277 1675 1304 contir-

882 1325 949 1352 mat,
966 1320 1047 1346 aliain
1071 1328 1121 1347 tios
1140 1324 1299 1354 exspectare
1327 1321 1408 1347 \itatn
1421 1341 1428 1352 ,
1446 1320 1563 1348 tribunal
1589 1321 1674 1352 aliud.

883 1366 915 1392 ad
941 1365 1014 1399 quod
1036 1364 1153 1399 quisque
1180 1371 1340 1399 recepturus
1355 1369 1397 1392 est
1425 1366 1578 1393 mercedem
1596 1366 1676 1393 retri-

883 1410 976 1436 butam
990 1410 1066 1444 juxta
1083 1417 1143 1444 qua:
1158 1409 1184 1436 in
1198 1410 1249 1436 hac
1263 1410 1318 1436 vita
1333 1410 1427 1445 gessit.

884 1467 1049 1502 QUIESTIO
1063 1467 1129 1495 CCll
1162 1467 1255 1504 [CoisL
1272 1466 1414 1499 CCXXXI,
1438 1467 1517 1495 Taur.
1534 1467 1674 1504 CCXXIII.

916 1515 1052 1548 Quomodo
1077 1514 1202 1549 apostoli,
1228 1523 1286 1540 cum
1302 1514 1393 1541 idiota:
1418 1521 1514 1549 essent,
1533 1515 1649 1543 rhetores

1135 1558 1223 1577 oumes
1251 1551 1431 1584 superarunt?

483 1627 554 1653 Edita
564 1636 577 1653 a
590 1629 738 1654 Montacutio
749 1629 802 1661 (ep.
812 1629 838 1653 6t
846 1647 852 1659 ,
863 1628 893 1653 ad
904 1627 995 1658 Georg.
1005 1625 1079 1656 diac.,
1092 1633 1116 1657 p.
1129 1626 1196 1658 114).

85 1665 111 1693 Εἰ
125 1668 184 1700 νοῦς
198 1669 250 1704 μὲν
260 1668 444 1704 γραμμάτων,
461 1670 507 1697 νοῦ
516 1671 544 1697 δὲ
555 1673 572 1707 ὴ
583 1672 643 1699 θεία
654 1673 733 1707 χάρις
743 1673 830 1706 ἀσυγ-

57 1713 127 1749 κρίτῳ
155 1715 249 1751 μέτρῳ
278 1716 447 1750 πλεονεκτεῖ,
479 1719 561 1752 μηδὲν
587 1718 749 1754 Θαυμάζῃς,
765 1720 790 1745 εἰ
808 1720 833 1745 οἱ

58 1757 194 1793 ἀπόστολοι,
219 1761 252 1788 τὺ
275 1762 355 1789 πλέον
382 1763 430 1789 καὶ
457 1764 587 1798 μέγιστον
614 1764 760 1797 λαϐόντες,
777 1765 832 1791 τῶν

59 1803 95 1829 ἐπὶ
104 1805 139 1840 τῷ
146 1806 280 1842 ἐλαχίστῳ
292 1809 363 1843 μέγα
377 1809 584 1844 φρονησάντων,
598 1811 732 1844 ρητόρων,
745 1810 828 1843 λέγω,

58 1850 96 1875 καὶ
111 1851 270 1889 φιλοσόςρων,
288 1854 358 1880 κατὰ
370 1855 472 1890 κράτος
488 1856 688 1890 περιεγένοντο.

319 1955 484 1982 ΕΡΩΤΗΣΙΣ
499 1956 557 1982 ΣΓ¹.

58 1996 99 2024 Διὰ
110 1999 137 2036 τί
149 2000 271 2033 Παῦλος
280 2001 448 2034 Ἀθηναίοις
461 2001 684 2036 διαλεγόμενος.
699 2002 758 2029 ἀπὸ
770 2001 830 2028 τῶν

109 2034 187 2061 ἰδίων
217 2036 397 2071 γραμμάτων
421 2034 524 2069 αὐτοῖς
552 2034 749 2072 dtulerunt;

918 1670 947 1697 Si
967 1678 1045 1697 mens
1062 1669 1132 1696 ultra
1152 1670 1267 1701 litteras,
1286 1670 1357 1696 ultra
1372 1674 1490 1696 tuentem
1508 1676 1572 1696 vero
1584 1669 1676 1696 divina

881 1717 978 1750 gratia.
998 1723 1061 1742 cum
1084 1723 1213 1743 tnensura
1240 1716 1449 1750 incomparabili
1467 1715 1606 1747 abundet;
1622 1716 1676 1742 noli

882 1762 984 1793 mirari,
1008 1761 1031 1788 si
1056 1761 1166 1796 quidem
1193 1761 1327 1796 apostoli,
1359 1762 1406 1795 qui
1431 1761 1617 1796 plenissimam
1649 1767 1676 1788 et

881 1808 1027 1834 maximam
1052 1815 1209 1835 mensuram
1236 1813 1411 1842 aet-cperunt,
1439 1808 1499 1834 illos
1515 1808 1675 1842 longissime

881 1853 1082 1887 superaverint,
1097 1854 1144 1888 qui
1156 1853 1189 1880 de
1207 1853 1321 1880 minimo
1334 1861 1448 1887 magnus
1465 1857 1580 1880 sumunt
1592 1853 1673 1888 spiri-

885 1905 947 1931 tus,
966 1899 1091 1926 rhetoras
1106 1907 1156 1934 ego
1176 1900 1296 1935 intelligo
1308 1905 1334 1927 et
1350 1900 1538 1934 philosophos.

887 1955 1049 1989 QUAssrto
1071 1955 1147 1983 σοιν
1166 1955 1259 1991 [emt
1270 1955 1422 1986 ccxxxn,
1434 1955 1676 1990 Tuur.CCXXl|l].

885 2003 940 2030 Cur
956 2002 1057 2029 Paulus
1073 2003 1107 2028 ad
1122 2003 1291 2030 Athenienses
1316 2002 1393 2028 verba
1409 2003 1507 2036 faciens
1522 2011 1538 2028 a
1561 2002 1677 2037 propriis

965 2046 1055 2065 eorum
1068 2039 1282 2072 inscriptionibus
1293 2044 1448 2073 argumenta
1460 2038 1597 2065 desumit?

508 2093 578 2117 Edita
588 2100 601 2117 a
611 2092 759 2117 Monlacutio
773 2095 824 2124 (ep.
835 2093 866 2116 6°.)
876 2093 905 2117 ad
917 2094 987 2118 Joau.
1002 2092 1094 2118 Philos.
1107 2100 1131 2123 ρ.
1145 2092 1210 2123 lli).

88 2146 150 2178 Τοὺς
167 2148 216 2182 μὲν
234 2148 332 2180 ἄλλους
352 2149 427 2181 εἰκός
443 2149 517 2176 ἐστιν
537 2149 670 2185 ἀπορεῖν,
688 2149 714 2175 τί
731 2149 832 2185 δήποτε
846 2149 852 2178 ]

923 2147 1075 2176 Verisimile
1088 2152 1130 2176 est
1145 2149 1213 2175 alios
1230 2148 1401 2179 addubitare.
1417 2156 1499 2183 quam
1518 2149 1553 2176 ob
1565 2156 1678 2176 causam

57 2190 214 2226 ὁθεσπέσιος
239 2193 355 2226 Παῦλος,
372 2195 386 2221 ὁ
408 2195 621 2229 πνευματικοῖς
645 2195 834 2227 πνευματικὰ

59 2240 200 2274 συγκρίνειν
214 2240 349 2267 διδάσκων
360 2249 367 2256 ·
381 2243 396 2268 ό
405 2242 452 2268 καὶ
464 2241 549 2277 αὐτὴν
562 2243 611 2276 τὴν
623 2243 774 2278 Μωσαῖκὴν
789 2251 835 2277 φι-

57 2282 179 2320 λοσοφίαν,
197 2287 268 2322 πρὸς
279 2289 329 2322 τὴν
338 2288 527 2323 ὑπερέχουσαν
543 2289 589 2315 τοῦ
600 2289 720 2324 Χριστοῦ
737 2289 834 2323 σοφίαν

57 2330 165 2359 σκύϐαλα
182 2333 346 2368 ἡγούμενος,
361 2334 388 2360 τί
403 2334 499 2370 δήποτ’
510 2334 557 2361 οὖν
574 2336 588 2361 ὁ
600 2335 713 2361 τοιαῦτα
728 2335 774 2362 καὶ
788 2336 833 2362 λέ-

57 2383 104 2405 γων
123 2379 170 2405 καὶ
196 2379 343 2409 διδάσκων,
362 2379 416 2405 ἀπὸ
447 2379 502 2406 τῶν
529 2380 751 2415 ἐπιγραμμάτων
776 2382 833 2412 τοῖς

57 2421 214 2458 Ἀθηναίοις,
236 2425 308 2463 sua
327 2425 498 2460 παράὐτοῖς
524 2426 719 2460 ἐπεγέγραπτο
738 2426 833 2462 βωμῷ,

58 2468 190 2504 διελέγετο·
205 2471 316 2504 ἀνάξιον
325 2473 380 2507 γὰρ
391 2472 440 2506 τῆς
450 2473 479 2498 ὲν
489 2472 587 2507 Παύλῳ
595 2471 670 2503 θείας
681 2472 835 2504 ἐπιπνοίας,

58 2514 83 2541 ἐκ
95 2517 183 2551 μύθων
204 2520 364 2554 συγκροτεῖν
380 2519 431 2553 τὴν
450 2519 593 2553 ἀλήθειαν.
616 2518 696 2545 Ἀλλὰ
708 2519 771 2550 τοὺς
788 2520 837 2554 μὲν

58 2560 140 2595 ἄλλους
156 2563 237 2590 τοῦτο
252 2564 451 2600 διαπορΟὓντας
461 2565 490 2591 οὺ
501 2565 562 2591 λίαν
578 2565 643 2596 [πως
665 2564 698 2591 ἂν
715 2565 835 2599 μεμφοί-

60 2615 112 2642 μην
127 2609 157 2636 σὲ
171 2610 201 2637 δὲ
219 2611 252 2637 ὲκ
264 2611 369 2646 μυρίων
386 2611 501 2646 γραφῶν
512 2620 540 2637 τε
551 2612 598 2638 καὶ
613 2612 752 2647 λογισμῶν
770 2611 839 2647 ἔχων

58 2653 178 2690 εὐθύνειν,
194 2657 241 2684 τὴν
255 2657 388 2693 διάπυρον
399 2658 449 2693 τῆς
459 2658 633 2693 διαλεκτικῆς
646 2658 775 2693 ἐραστὴν,
790 2659 839 2693 μά-

58 2697 124 2727 λιστα
136 2702 168 2729 ἂν
183 2703 214 2735 ἐξ
229 2703 289 2735 ἐνδς
301 2704 356 2730 τῶν
373 2703 427 2730 σῶν
437 2704 596 2731 δικαιότατα
609 2705 642 2732 ἂν
662 2706 833 2741 μεμψοίμην,

58 2743 88 2776 ὡς
104 2747 214 2775 κάκεῖνο
227 2749 441 2784 ἐπιλελησμένον
468 2750 604 2784 δήπουθεν
624 2750 655 2776 τὸ
680 2751 836 2785 σοφώτατον

59 2789 132 2832 αὑτῆς
144 2793 192 2819 καὶ
204 2795 413 2830 χρησιμώτατον
428 2795 603 2830 νομοθέτημα
615 2804 622 2810 ·
635 2797 666 2822 τὸ
680 2798 756 2823 ποῖον
770 2806 776 2830 ;
794 2798 836 2832 ἐφ’

58 2831 89 2861 ὦν
103 2839 183 2873 ἡτῶν
199 2840 343 2876 ἀκροατῶν
369 2841 506 2876 αἴσθησις,
533 2842 562 2874 ἐξ
583 2842 693 2868 οἰκείων
709 2843 755 2869 καὶ
768 2843 837 2878 ἀλη-

60 2879 104 2908 θῶν
126 2885 352 2922 ἐπιδεικνυμένην
376 2887 406 2912 οὺ
430 2886 609 2922 προσδέχεται
630 2888 678 2922 τὴν
696 2887 836 2924 ἀλήθειαν,

120 2931 323 2966 ἁποτυφλώττει
350 2933 417 2968 πρὸς
436 2933 485 2968 τὴν
502 2933 599 2970 αἴγλην
618 2934 714 2969 αὐτῆς,
740 2935 786 2962 καὶ
802 2935 832 2962 τὸ

888 2194 998 2220 divinus
1011 2193 1113 2221 Paulus
1141 2194 1188 2229 qui
1223 2194 1377 2228 spirituatia
1391 2195 1578 2229 spiritualilms
1606 2195 1677 2230 judi.

889 2247 953 2266 care
968 2240 1107 2274 praaeepit,
1121 2240 1167 2274 qui
1180 2244 1205 2267 et
1215 2239 1361 2267 Mosaicam
1379 2241 1450 2267 illam
1462 2241 1677 2276 philusopltiam,

887 2292 1015 2321 respectu
1030 2286 1187 2316 excellentis
1202 2287 1304 2314 Christi
1319 2287 1470 2321 sapientiae,
1485 2288 1678 2322 rejcclamcnta

889 2333 1064 2368 opinabatur,
1084 2341 1215 2367 quorsum
1237 2334 1371 2368 (inquam)
1389 2334 1422 2364 is,
1440 2334 1486 2368 qui
1505 2333 1556 2361 ista
1571 2338 1597 2360 ct
1611 2333 1681 2361 dixit

888 2384 916 2405 et
940 2378 1044 2410 docuit,
1073 2387 1136 2406 cntn
1163 2380 1234 2414 apud
1265 2381 1445 2407 Athenienses
1467 2380 1629 2410 dissereret,
1646 2380 1680 2406 ab

886 2425 1074 2459 inscriptione,
1108 2433 1169 2459 quae
1201 2426 1278 2452 altari
1309 2427 1380 2461 apud
1410 2427 1484 2460 ipsus
1509 2427 1677 2461 adigebatur,

886 2476 1077 2505 argumentum
1098 2473 1254 2504 sumpserit.
1284 2472 1427 2507 Indignum
1446 2473 1519 2499 enim
1533 2473 1618 2499 videri
1637 2472 1680 2499 di-

885 2516 949 2542 vina
974 2511 1019 2543 illa
1046 2516 1073 2542 in
1088 2516 1171 2543 Paulo
1203 2518 1380 2552 aspiratione,
1408 2524 1423 2545 a
1445 2518 1546 2545 fabulis
1569 2519 1680 2545 veritati

886 2570 1031 2589 assensum
1046 2571 1180 2598 qumrere.
1212 2562 1406 2591 Verumtamen
1425 2565 1504 2597 alios,
1517 2565 1563 2600 qui
1581 2565 1615 2592 de
1628 2565 1680 2592 hoc

886 2609 1058 2640 addubitant.
1074 2617 1127 2636 non
1144 2617 1193 2645 ego
1209 2611 1324 2637 multum
1343 2611 1514 2638 incusavcro.
1531 2611 1569 2638 Te
1587 2616 1678 2638 autem

886 2654 1026 2681 ardentem
1054 2655 1212 2682 dialectices
1240 2661 1403 2688 amatorem,
1435 2663 1498 2684 cum
1519 2663 1534 2683 e
1551 2656 1679 2691 plurimis

888 2702 1000 2736 scriptis
1015 2706 1040 2728 ct
1052 2702 1189 2728 rationum
1207 2703 1352 2730 momentis
1370 2703 1486 2738 dirigere
1499 2704 1614 2738 possim,
1625 2703 1678 2730 im-

885 2747 982 2782 primis
1009 2752 1096 2774 tamen
1122 2748 1157 2775 ab
1182 2755 1237 2775 uno
1263 2756 1296 2775 ex
1318 2749 1351 2776 iis
1367 2756 1430 2783 quae
1446 2754 1522 2777 tenes
1537 2750 1605 2785 ipse,
1625 2757 1679 2776 net:

886 2801 953 2820 sane
979 2793 1073 2820 intimo
1098 2794 1307 2828 reprehendam,
1331 2795 1377 2830 qui
1393 2796 1496 2823 oblitus
1508 2796 1568 2830 ejus
1578 2795 1678 2829 fueris,

887 2849 950 2868 cum
964 2846 989 2868 et
1001 2841 1233 2876 sapientissimum
1244 2843 1343 2869 scitum
1356 2843 1475 2871 fueritet
1486 2843 1678 2871 utilissimi-tn,

888 2887 1032 2920 Quodnam
1049 2888 1115 2916 illud
1131 2890 1240 2916 autem?
1269 2889 1402 2917 Nimirum
1427 2898 1488 2918 cum
1503 2890 1674 2918 audientium

888 2942 995 2968 sensus,
1014 2936 1155 2964 veritatem
1173 2944 1225 2965 non
1238 2937 1356 2965 admittit
1369 2937 1582 2965 demonstratam
1592 2944 1607 2964 e
1618 2937 1677 2964 suis
