1874 3070
225 167 278 198 947

802 174 934 205 ΡΠΟΤΙΙ
955 176 1205 209 ΡΛΤΒΙΑΠΟΗᾹΞ
1225 180 1278 210 CP.

1796 186 1842 217 948

226 221 352 257 propriis,
381 229 441 256 quze
455 227 530 256 sunt,
545 228 572 251 et
592 224 746 258 conjunctis
759 233 821 253 cum
833 234 863 254 re
879 227 948 262 ipsa,
962 236 990 256 se

1071 231 1181 266 ιαθαρὺν
1197 232 1245 258 τοῦ
1260 233 1407 268 νοήματος,
1420 234 1466 261 ἐπὶ
1481 235 1585 262 τούτων
1599 237 1630 269 ἐξ
1641 233 1679 265 ὧν
1694 239 1839 274 πεφύκασιν

224 268 259 294 ad
272 269 332 302 ejus
347 267 518 301 splendorem
538 274 565 296 et
581 270 727 304 puritatem
753 271 906 300 intellectus
923 281 1010 302 occa:-

225 317 314 344 catur,
344 314 425 340 etiam
442 315 467 340 in
484 315 517 341 iis
532 315 565 342 ad
581 323 641 350 qum
654 325 708 344 non
722 323 785 344 sunt
801 317 1011 353 impossibiliter

223 365 239 384 a
255 363 351 385 natura
365 360 505 387 constituti
527 370 533 387 ς
561 369 594 388 ex
613 362 646 389 iis
675 370 736 397 qua:
760 363 854 391 haberi
880 370 1007 399 possunt,

222 405 351 432 convenit
365 413 448 432 manu
466 407 633 441 apprehensa
649 407 759 440 ducere,
784 413 812 436 et
834 417 881 443 per
896 417 927 437 ea
942 418 1010 438 con-

222 451 335 479 stituere
344 454 496 486 veritatem,
512 459 538 480 et
546 462 592 489 per
604 455 725 490 ipsorum
734 456 923 491 cogitationes,
937 458 1009 485 veri-

221 498 286 526 tatis
305 499 456 527 claritatem
473 500 674 528 subillustrare.

257 565 422 600 ρυΑΞΒΤιο
450 567 529 596 CCIV
561 568 655 604 [σοῖσι.
684 569 859 604 CCXXXIII,
891 570 975 598 Taur.

537 612 694 650 ccxx1v1.

221 657 276 685 Cur
286 659 423 694 prophetia
441 660 559 686 obscuris
574 660 730 695 imaginibus
752 661 908 689 obumbrata
935 662 986 697 fuit
999 664 1011 691 7

1062 277 1113 304 οὐκ
1128 277 1254 305 ἀδύνατοι
1269 286 1275 292 ·
1292 280 1325 305 ὲκ
1346 279 1448 307 τούτων
1474 281 1524 308 ὅσα
1552 282 1699 318 ἐνδέχεται,
1726 287 1839 321 προσῆκε

1061 326 1243 359 χειραγωγεῖν
1256 326 1303 352 καὶ
1312 327 1529 360 κατασκευάζειν
1542 330 1635 362 αὐτοῖς
1646 331 1695 366 τὴν
1707 332 1837 367 ἀλήθειαν,

1061 370 1109 396 καὶ
1123 371 1182 402 ταῖς
1198 371 1288 399 αὐτῶν
1300 372 1431 405 διανοίαις
1440 374 1607 409 ὑπαυγάςειν
1620 377 1704 413 αὐτῆς
1715 379 1765 414 τὴν
1776 379 1840 415 λαμ-

1061 414 1195 451 πρότητα.

1331 575 1499 604 ΕΡΩΤΗΣΙΣ
1511 577 1568 605 24'.

1060 661 1112 687 Διὰ
1126 661 1154 688 τι
1164 661 1183 695 ἡ
1197 664 1363 697 προφητεία
1383 665 1446 698 τοῖς
1461 666 1529 703 ’τῆς
1554 667 1704 702 ἀσαφείας
1728 670 1839 703 τρόποις

1333 701 1556 727 συνεσκίασται
1568 711 1578 734 ;

469 745 540 771 Edita
552 753 565 770 a
581 746 729 773 Monlacutio
741 748 792 780 (ep.
806 748 837 773 65
847 749 876 774 ad
886 749 956 774 Joan.
967 749 1060 775 Philos.
1072 757 1096 782 p.
1111 751 1176 782 H5).
1190 765 1219 772 -
1230 753 1268 778 De
1281 753 1431 780 obscuritate
1443 757 1593 787 prophetiae.

255 796 297 825 Ad
324 798 563 834 interrogationem
589 801 663 828 illam
686 806 771 834 tuam,
798 810 930 838 quorsum
945 811 990 838 pro

1094 805 1242 842 Πυθομένῳ
1268 816 1319 840 σοι,
1340 808 1367 835 τι
1388 809 1488 844 δήποτε
1514 811 1531 846 ή
1554 812 1708 847 προφητεία
1726 814 1783 844 τοῖς
1795 814 1838 849 τῆς

221 843 312 878 phetia
328 844 502 873 obscuritatis
512 847 598 881 tropis
614 847 774 875 obvelatnr?
789 849 883 882 paucis
893 857 1006 884 respon.

221 890 273 916 deo
286 898 293 916 :
309 897 342 917 eo
357 891 429 925 quod
443 891 559 919 historia
573 900 626 919 non
642 898 683 920 est
695 895 845 929 prophetia.
855 895 1004 923 Historiam

219 939 304 967 certe,
333 935 357 963 si
379 944 439 971 qua:
467 937 517 964 alia
538 938 637 970 virtus,
662 941 844 973 commendat,
863 942 1006 976 perspicue

219 982 313 1008 omnia
326 983 481 1015 enuntiare,
509 992 559 1012 nec
586 985 733 1020 quidquam
750 987 841 1014 all'oris
855 988 1005 1022 cogitatum

222 1025 404 1054 introducere.
435 1027 517 1055 Docet
528 1030 599 1056 cnim
608 1039 669 1065 quae
686 1031 712 1058 in
732 1033 821 1060 medio
835 1034 927 1068 populi
946 1043 1006 1062 ver-

219 1077 328 1104 santur,
345 1080 460 1108 quaeque
473 1081 568 1101 omnes
582 1083 615 1102 ex
630 1084 719 1111 teque,
739 1077 828 1112 ignavi
844 1083 871 1106 et
885 1080 1005 1115 impigri,

220 1118 268 1152 qui
282 1117 307 1144 iu
323 1125 414 1145 rerum
430 1124 525 1147 natura
546 1126 699 1155 versantur,
725 1123 888 1158 intelligunt,
910 1133 960 1152 nec
973 1126 1006 1153 ab

218 1170 314 1190 eorum
345 1164 480 1191 intellectu
506 1173 578 1194 nunc
600 1167 682 1202 aliqui
700 1169 907 1198 submoventur.
940 1171 1004 1198 l'ro«

218 1208 311 1242 phetia
331 1214 421 1237 autem
438 1215 489 1242 est.
518 1211 597 1246 cujus
617 1221 685 1247 opus
698 1222 779 1249 quam
801 1217 1006 1244 convenientis-

221 1253 290 1281 sime
306 1256 460 1290 peragitur,
481 1257 600 1293 indignis
627 1260 775 1288 revelando
794 1269 854 1296 qua:
870 1269 935 1289 sunt
955 1264 1006 1290 oh-

217 1306 313 1334 scura,
339 1301 462 1336 profanis
486 1308 576 1332 autem
603 1304 733 1340 impervia
755 1313 885 1342 praestare
899 1309 1006 1342 eadem.

216 1345 349 1380 quocirca
380 1347 555 1377 adumbratas
581 1358 636 1383 res,
648 1355 675 1378 et
683 1351 853 1387 aanigmatice
865 1361 912 1388 per
929 1354 1007 1381 invo-

218 1392 297 1419 lucra
314 1394 449 1428 proponit.
477 1393 545 1424 Hinc
558 1397 622 1424 mihi
640 1397 746 1426 videtur
761 1403 813 1426 tum
830 1400 920 1427 dubize
933 1408 1008 1435 quaa—

1058 850 1191 885 ἀσαφείας
1206 853 1318 888 τρόποις
1334 856 1537 888 συνεσκίασται,
1562 857 1606 884 διὰ
1625 858 1751 894 βραχέων
1766 861 1838 894 ἀμεί-

1057 896 1139 931 ϐομαι
1152 905 1160 913 ·
1177 899 1249 924 Διότι
1264 899 1313 925 οὑκ
1329 899 1402 926 ἔστιν
1425 901 1530 936 ἱστορία
1553 903 1569 937 ὴ
1589 905 1755 938 προφητεία.
1770 905 1839 932 Ἰστο-

1059 941 1119 975 ρίας
1140 942 1192 978 μὲν
1220 943 1290 979 γὰρ,
1309 945 1389 980 εἴπερ
1401 954 1427 972 τι
1450 947 1524 980 ἀλλο,
1542 948 1638 983 ἀρετὴ,
1653 950 1748 984 σαφῶς
1762 959 1789 977 τε
1804 952 1838 977 ει-

1057 988 1128 1020 πείν,
1143 989 1191 1015 καὶ
1208 989 1291 1023 μηδὲν
1315 992 1538 1026 περινενοημένον
1568 993 1779 1028 ἐξεργάσασθαι.
1803 996 1839 1022 TI!

1056 1033 1110 1067 γὰρ
1131 1035 1159 1060 ὲν
1170 1033 1208 1069 τῷ
1221 1035 1296 1070 μέσῳ
1307 1037 1478 1072 γεγενημένα
1496 1038 1627 1070 διδάσκει,
1639 1041 1685 1066 καὶ
1701 1041 1817 1073 ἅπαντες
1826 1047 1838 1061 ι

1056 1078 1156 1112 ὁμοίως
1165 1080 1211 1106 καὶ
1219 1080 1358 1108 σπουδαῖοι
1369 1082 1415 1108 καὶ
1427 1082 1523 1116 φαῦλοι
1537 1085 1597 1111 κατ’
1607 1085 1695 1111 ἐκεῖνο
1706 1087 1817 1121 καιροὺς
1825 1086 1836 1105 δ

1057 1123 1219 1157 ἠπίσταντο,
1232 1125 1280 1151 καὶ
1291 1124 1340 1153 νῦν
1352 1125 1451 1154 ειδέναι
1465 1128 1516 1155 οὐκ
1527 1129 1706 1164 ἀπείργονται
1716 1139 1725 1146 ·
1740 1139 1837 1167 προφηι

1056 1168 1117 1194 τεία
1131 1169 1168 1202 δὲ,
1184 1167 1218 1205 ἧς
1235 1170 1316 1206 ἔργον
1331 1173 1387 1203 τοίς
1401 1172 1487 1205 ἀξίοις
1503 1174 1711 1202 ἀποκαλύπτειν
1729 1177 1764 1203 τὰ
1779 1177 1837 1210 ἁδη-

1056 1213 1099 1245 λα,
1113 1216 1169 1248 τοῖς
1182 1216 1211 1243 δὲ
1226 1217 1350 1252 βεϐήλοις
1360 1218 1448 1245 ἄϐατα
1469 1220 1568 1252 ποιεῖν,
1593 1221 1622 1247 τὸ
1643 1223 1836 1257 συνεσκιασμέ-

1057 1269 1101 1287 νον
1118 1262 1165 1288 καὶ
1180 1263 1387 1298 αἰνιγματῶδες,
1403 1265 1448 1291 καὶ
1464 1265 1494 1292 τὸ
1514 1266 1558 1292 διὰ
1581 1268 1836 1303 παραπετασμάτων

1057 1309 1300 1344 πρεπωδέστατον·
1313 1309 1343 1342 ἐξ
1357 1307 1404 1343 ὧν,
1420 1309 1508 1346 οἶμαι,
1529 1312 1658 1340 λελῦσθαι
1682 1322 1730 1340 σου
1757 1314 1802 1340 καὶ
1814 1315 1840 1340 τὸ

1056 1354 1170 1388 ἄπορον,
1190 1355 1227 1386 ὡς
1252 1355 1284 1382 Ει
1300 1355 1337 1391 μὴ
1361 1355 1414 1382 ἔδει
1431 1357 1536 1391 μαθεῖν,
1551 1358 1605 1384 οὐδ’
1617 1358 1685 1390 ὅλως
1709 1359 1793 1394 ἐχρῆν
1806 1361 1840 1385 εἰ-

1059 1400 1137 1426 πεῖν·
1154 1401 1178 1435 εξ
1197 1400 1219 1427 δ’
1231 1401 1328 1437 ἐκρίθη
1358 1403 1466 1436 μαθεῖν,
1490 1404 1540 1430 οὐκ
1566 1405 1681 1438 ἀσαφῶς
1702 1405 1775 1440 ἔχειν
1797 1406 1841 1439 τὴν

220 1437 303 1464 stioni
318 1439 504 1475 satisfactum,
530 1442 670 1477 nimirum,
696 1443 724 1471 Si
754 1445 929 1479 intelligenda
952 1454 987 1473 no

1071 1446 1237 1480 προφητείαν,
1248 1447 1295 1473 καὶ
1309 1447 1405 1479 ἐνίσως
1419 1453 1431 1468 ε
1444 1449 1546 1484 σχεδὸν,
1561 1450 1607 1476 τοῦ
1620 1437 1688 1486 μηδὲ
1705 1437 1838 1486 ε-ίρῆσθαι,

216 1488 308 1518 erant,
335 1484 407 1513 haud
427 1485 536 1514 fuerant
551 1495 678 1516 sermone
693 1490 861 1517 enuntianda
875 1499 882 1518 :
901 1491 942 1518 sin
958 1491 990 1518 ad

1181 1476 1300 1528 Διῃτήθη
1316 1493 1370 1529 γὰρ
1385 1476 1417 1521 ἐκ
1433 1476 1488 1522 τῶν
1503 1476 1669 1531 εἰρημένων,

221 1529 350 1558 discenda
361 1537 449 1566 erant,
467 1540 522 1560 non
538 1535 659 1568 oportuit
678 1535 846 1570 prophetiam
859 1537 990 1564 obscurat

1073 1537 1112 1562 ετν
1127 1536 1266 1572 προσῆκον
1288 1536 1338 1572 ἦν,
1354 1538 1401 1565 καὶ
1424 1529 1573 1574 ἀναγκαῖον
1593 1541 1630 1577 μὴ
1654 1540 1778 1577 pasam;
1797 1529 1843 1568 καὶ

219 1583 292 1608 esse.
306 1581 353 1604 aut
368 1585 446 1613 mque
458 1586 519 1606 esse
533 1588 565 1607 ac
579 1581 602 1607 si
616 1581 687 1609 edita
702 1589 756 1609 non
770 1582 876 1611 fuisset.
893 1583 959 1610 Nam
973 1591 988 1610 e

1071 1582 1153 1613 οινῶς
1169 1582 1257 1609 εἰπεῖν
1269 1590 1278 1598 ·
1294 1583 1363 1610 ἀλλὰ
1378 1585 1435 1617 τοῖς
1445 1585 1495 1620 μὲν
1511 1585 1628 1620 μύσταις
1646 1587 1777 1623 εἰρῆσθαι
1796 1596 1840 1614 σα-

220 1626 284 1648 aute
311 1621 390 1651 dictis
422 1629 555 1652 statutum
585 1631 637 1659 est,
669 1628 836 1656 conveniens
862 1628 948 1657 fuisse
976 1637 990 1657 u

1071 1627 1104 1662 πῆ,
1118 1628 1203 1655 ἄδυτα
1225 1628 1255 1655 δὲ
1269 1630 1325 1661 τοῖς
1342 1629 1475 1666 ἀμυήτοις
1493 1621 1712 1668 διατηρηθῆναι,
1739 1634 1787 1660 καὶ
1799 1633 1844 1660 οὐκ

216 1666 381 1703 disceretur,
398 1674 424 1697 et
437 1671 623 1699 necessarium
638 1677 668 1700 ιιι
676 1673 791 1707 profano
807 1676 1004 1703 auteonimuui
1054 1674 1167 1708 ὲφικτά.

220 1721 297 1740 more
311 1723 364 1742 non
380 1716 570 1745 enuntiaretur
587 1726 594 1746 :
608 1718 758 1754 sedmystis
773 1720 847 1748 clare
860 1725 890 1748 ut
900 1720 1008 1754 edatur,
1027 1721 1134 1748 occulta
1160 1726 1252 1748 autem
1273 1726 1300 1749 et
1324 1722 1438 1750 minime
1454 1723 1547 1758 pervia
1575 1724 1699 1752 nondum
1732 1724 1844 1752 initiatis

216 1766 406 1789 conservetur.

216 1815 383 1849 QUESTIO
397 1817 464 1847 CCV
481 1818 573 1856 [CoisL
583 1820 748 1856 CCXXXIV,
768 1821 850 1851 Taur.
865 1822 1005 1860 CCXXV].

218 1862 258 1890 De
268 1864 450 1899 t/ﬁguratione
463 1870 488 1893 et
507 1867 658 1895 charactere
677 1869 825 1904 imaginum
839 1874 1003 1897 sanctarum.

1341 1819 1507 1847 ΕΡΩἸῊΣΙΣ
1529 1821 1588 1849 ΣΕ’.

1059 1865 1129 1901 Περὶ
1148 1865 1380 1901 διαμορφώσεως
1402 1866 1670 1929 ξρέόὲιῗιρακτῆρυς
1683 1868 1747 1898 τῶν
1759 1869 1844 1906 ἁγίων

324 1952 396 1978 Edita
405 1960 418 1978 a
432 1952 580 1979 Honlacutlo
593 1954 646 1986 (ep.
661 1953 692 1979 θι
702 1955 733 1980 ad
742 1954 837 1980 Theod.
848 1955 950 1988 hegum.
963 1963 988 1988 p.
1001 1955 1069 1990 115).
1079 1969 1110 1975 -
1120 1957 1158 1982 De
1168 1957 1244 1982 forma
1256 1959 1282 1982 et
1292 1957 1436 1982 charactere
1448 1961 1587 1984 sanctarum
1597 1960 1743 1992 imaginum.

255 2006 437 2035 Sciscitantur
459 2007 572 2043 (inquis)
591 2008 637 2043 qui
657 2008 729 2036 inter
744 2008 940 2038 lconomachos
954 2018 1005 2038 au-

1091 2010 1290 2046 Προτείνουσιν,
1306 2010 1384 2046 ἔφης,
1393 2011 1447 2038 τῶν
1460 2012 1655 2048 Εἰκονομάχων
1670 2015 1730 2042 ὅσοι
1745 2015 1842 2052 θρασύ-

219 2053 343 2081 daciores
358 2058 422 2081 sunt
442 2058 469 2081 et
488 2054 660 2087 malelcriati,
687 2054 790 2090 quique
816 2055 990 2083 curiositaten

1073 2066 1130 2092 spot
1144 2057 1192 2084 καὶ
1205 2057 1377 2092 κακόσχολοι,
1392 2058 1440 2084 καὶ
1455 2057 1680 2102 σοφὸνιὴγοῦνται
1691 2061 1723 2087 τὸ
1735 2062 1843 2096 περίερ-

220 2099 380 2134 sapientiam
396 2099 565 2127 arbitrantur
577 2107 649 2133 esse,
674 2107 799 2135 quaenam
816 2102 852 2128 sit
872 2109 990 2136 germani

1074 2111 1112 2134 ον,
1129 2103 1194 2130 ποία
1206 2101 1262 2128 τῶν
1278 2102 1392 2129 εἰκόνων
1411 2099 1540 2138 Χριστοῦ
1553 2103 1656 2140 ἀληθὴς
1667 2125 1675 2137 ,
1694 2107 1809 2141 πότερον
1828 2107 1842 2140 ἡ

219 2146 322 2173 Christi
335 2145 445 2181 eiligies.
463 2150 554 2173 utrum
572 2146 615 2173 illa
628 2155 710 2182 quam
725 2147 863 2176 delineant
877 2148 1004 2181 Romani,

219 2199 254 2218 an
272 2199 354 2226 quam
368 2191 436 2225 Indi,
456 2199 491 2219 an
505 2199 587 2228 quam
603 2192 702 2224 Graeci.
736 2201 771 2220 an
787 2201 869 2228 quam
885 2193 1005 2229 Egyptti

221 2242 426 2272 repraesentant,
449 2245 511 2266 cum
535 2238 607 2266 inter
620 2246 650 2266 se
674 2238 855 2267 similitudine
869 2247 924 2267 non
938 2248 1006 2268 con-

221 2283 349 2311 sentiant.
364 2283 562 2320 Quamcunque
580 2285 694 2312 istarum
705 2286 852 2320 genuinam
865 2293 926 2314 esse
942 2286 1006 2321 quis

220 2328 331 2363 dixerit,
343 2329 454 2357 omnino
468 2330 513 2357 ille
534 2330 662 2365 reprobat
675 2337 771 2358 omnes
793 2331 922 2366 reliquas.
953 2330 1005 2359 Sed

221 2373 291 2402 hanc
303 2375 425 2410 ipsorum
445 2375 638 2410 objectionem,
669 2381 716 2403 aut
735 2376 900 2404 malitiosam
917 2377 1007 2412 potius

222 2420 451 2448 machinationem
467 2421 494 2456 (ο
508 2425 536 2448 tu
554 2421 684 2456 praeclara
697 2422 867 2450 orthodoxim
878 2422 969 2458 imago
980 2429 1008 2450 et

225 2466 449 2501 repraesentatio),
465 2466 558 2493 multis
571 2466 660 2494 modis
677 2467 791 2502 colapho
805 2466 907 2494 inﬂicto
917 2467 1007 2502 repel-

225 2509 281 2537 lere
291 2517 450 2545 possumus,
464 2515 492 2538 et
502 2511 642 2546 multiplici
663 2511 790 2539 refertam
808 2519 870 2539 cum
889 2512 1005 2540 stultitia

224 2559 281 2583 tum
298 2556 436 2591 impietate
449 2558 619 2585 convincere.
643 2557 676 2586 Et
688 2557 821 2593 imprimis
835 2558 868 2586 ad
892 2566 939 2587 eos
955 2559 1008 2586 hoc

221 2599 366 2627 dicendum
393 2604 454 2628 est:
488 2600 526 2628 Ex
539 2602 583 2629 illo
606 2603 665 2637 ipso
680 2603 751 2630 unde
769 2603 868 2630 bellum
889 2603 1009 2631 indicere

223 2645 373 2680 imaginum
403 2646 566 2676 confectioni
593 2649 792 2684 proposuistis,
831 2649 908 2676 inviti
932 2649 1007 2682 licet,

223 2695 314 2719 tamen
326 2691 447 2721 fatemini
458 2702 507 2730 per
525 2695 681 2723 universum
693 2695 798 2728 orbem,
816 2695 861 2723 ubi
878 2695 1010 2722 Chrislia-

224 2735 330 2765 nismus
341 2737 457 2773 exsistit,
485 2739 634 2776 imaginum
658 2741 845 2769 exsistentiam
866 2745 892 2768 et
905 2741 1008 2768 cultum

1055 2148 1132 2184 παρὰ
1150 2148 1296 2184 Ῥωμαίοις
1308 2168 1316 2181 ,
1330 2148 1347 2183 ἦ
1372 2148 1462 2184 ἤνπερ
1494 2149 1572 2176 Ἰνδοὶ
1602 2151 1775 2186 γράφουσιν,
1790 2153 1805 2188 ἢ
1828 2153 1842 2185 ὴ

1056 2195 1122 2230 παρ’
1138 2194 1267 2230 Ἕλλησιν
1280 2215 1287 2228 ,
1303 2194 1321 2230 ἢ
1334 2195 1351 2229 ἡ
1362 2195 1426 2230 παρ’
1437 2195 1607 2230 Αἰγυπτίοις,
1628 2197 1678 2232 οὐχ
1694 2197 1787 2233 ὅμοιαι
1801 2198 1843 2225 ἁλ-

1055 2240 1149 2276 λήλαις
1165 2241 1258 2273 αὑταὶ,
1274 2240 1322 2267 καὶ
1335 2240 1429 2268 ὁποίαν
1440 2241 1472 2268 ἄν
1485 2250 1528 2273 τις
1541 2241 1628 2269 αὐτῶν
1640 2243 1731 2279 ἀληθῆ
1741 2245 1841 2280 φήσειε,

1055 2286 1175 2321 δηλονότι
1199 2285 1414 2322 παραγράφεται
1439 2286 1490 2318 τὰς
1515 2286 1612 2318 λοιπάς
1626 2295 1633 2303 ·
1647 2287 1718 2315 ἀλλὰ
1747 2288 1842 2323 ταύτην

1056 2333 1148 2360 αὐτῶν
1171 2334 1221 2369 τὴν
1247 2333 1375 2368 ἀπορίαν,
1392 2333 1492 2368 μᾶλλον
1508 2333 1538 2360 δὲ
1563 2333 1614 2369 τὴν
1639 2334 1843 2369 κακομηχανίαν

1058 2375 1091 2414 (ὧ
1105 2378 1188 2405 καλὸν
1206 2377 1363 2413 ὁρθοδοξίας
1391 2378 1503 2413 ἄγαλμα
1533 2378 1578 2413 σὺ)
1604 2378 1751 2414 πολλαχῶς
1775 2379 1842 2406 ἔστιν

1057 2423 1250 2460 ἐπιρραπίσαι,
1269 2424 1315 2449 καὶ
1332 2423 1432 2458 πολλῆς
1452 2423 1591 2458 γέμουσαν
1627 2425 1780 2459 παρανοίας
1801 2423 1842 2450 καὶ

1057 2469 1215 2500 δυσσεϐείας
1227 2468 1386 2503 ἀπελέγξαι.
1400 2469 1454 2495 Καὶ
1468 2468 1576 2504 πρῶτον
1589 2468 1664 2496 ἐστιν
1672 2470 1763 2496 εἰπεῖν
1781 2468 1842 2504 πρὸς

1063 2515 1174 2547 αὐτοὺς,
1187 2515 1229 2542 ὃτι
1251 2515 1337 2547 Τέως,
1351 2515 1381 2547 ἐξ
1391 2511 1429 2541 ῶν
1449 2515 1550 2550 ἔγνωτε
1561 2517 1594 2551 τῇ
1611 2515 1786 2551 εἰκονουργία
1798 2515 1842 2550 μά-

1061 2562 1169 2596 χεσθαι,
1182 2562 1230 2588 καὶ
1246 2561 1360 2593 ἄκοντες
1371 2562 1455 2596 αὐτῆς
1465 2561 1659 2596 πανταχοῠτῆς
1673 2561 1841 2596 οἰκουμένης.

1059 2607 1124 2634 ἔνθα
1151 2607 1181 2634 τὸ
1195 2607 1366 2643 Χριστιανῶν
1391 2607 1469 2642 γένος
1487 2608 1538 2643 τὴν
1560 2607 1678 2642 ὕπαρξιν
1698 2609 1749 2634 καὶ
1763 2615 1842 2642 προσ-

1061 2653 1172 2688 κύνησιν
1202 2654 1426 2689 ἐμαρτυρήσατε·
1448 2653 1519 2681 ὥστε
1533 2654 1547 2681 ὃ
1569 2654 1714 2690 καθαιρεῖν
1746 2655 1843 2689 ἐπιχει-

1062 2699 1149 2734 ροῦσι,
1176 2699 1276 2734 μᾶλλον
1296 2700 1453 2732 συνιστῶσι,
1469 2700 1518 2727 καὶ
1542 2701 1598 2732 τοῖς
1616 2700 1729 2732 οἰκείοις
1753 2700 1841 2734 λόγοις

1061 2743 1227 2772 ἁλίσκονται.
1252 2744 1381 2781 Δεύτερον
1400 2746 1442 2772 ὅτι
1461 2745 1606 2782 λελήθασιν
1621 2745 1746 2779 ἑαυτοὺς,
1760 2746 1794 2773 δι’
1809 2741 1846 2772 ὦν·

858 2819 974 2847 VARI/IS
993 2820 1192 2851 LECTIONES.

259 2881 270 2895 ι
282 2873 299 2902 ἃ
317 2875 416 2908 πάντες
432 2876 541 2905 ΙΙωδειι.
576 2876 589 2897 Β
609 2877 656 2905 τοῦ
668 2877 762 2912 καιροῦ
776 2875 889 2906 ιιωδοιι.

938 2882 948 2896 ε
968 2877 1010 2905 ϊσ.
1026 2877 1054 2903 ἓν
1070 2878 1133 2911 ἴσως
1146 2879 1255 2908 ΙΙωδεΙι.
