1874 3070
55 189 94 221 94')
351 187 355 193 '
465 186 515 216 AD
529 182 828 216 AMPHILOCHIUM
841 181 1014 218 QUIESTIO
1026 182 1118 220 CCIV,
1135 181 1211 212 CCV.

1615 176 1666 209 950

57 243 127 270 ταῦτα
141 241 272 276 λέγουσιν,
284 241 325 272 εἱς
337 241 386 276 τὴν
401 240 454 267 τῶν
474 241 610 276 Ἐλλήνων
621 240 698 273 τάξιν
709 238 825 270 ἑαυτοὺς

877 239 981 266 haberi.
1004 239 1041 265 Ita
1055 239 1081 265 in
1094 246 1127 265 eo
1138 237 1210 273 quod
1224 235 1317 264 tollere
1326 234 1479 266 voluerunt,
1497 233 1583 268 magis
1597 240 1667 261 cono

56 288 205 318 ἑντάττοντες
214 295 222 302 ·
238 287 282 313 ἐπ’
299 286 359 321 ίσης
368 287 422 322 γάρ
435 287 494 313 ὲστι
504 287 538 313 τὰ
550 286 683 321 εἰρημένα
693 285 758 321 περλ⁵
771 284 825 311 τῶν

58 333 146 361 esva
155 332 264 359 εἰκόνων
275 332 361 358 εἰπεῖν
373 333 420 359 καὶ
431 340 466 358 πε
471 332 498 368 pl.
508 332 562 358 τῶν
569 332 656 359 ἄλλων
669 329 826 366 μυστηρίων

55 378 127 414 ἡμῶν.
142 378 236 408 Ποίους
248 377 304 413 γὰρ
320 377 417 410 λόγους
428 376 595 411 Εὐαγγελίου
612 376 823 407 θεοπνεύστους,

55 426 142 451 εἴποιεν
155 423 232 459 ima
260 422 328 454 ὅλως
352 423 519 457 Εὑαγγέλιον
551 423 627 449 ποῖον
652 421 824 457 ὀνομάζετε;

55 471 130 502 ἄλλοις
142 470 196 505 γὰρ
207 470 328 505 σχήμασι
342 470 389 496 καὶ
404 469 500 501 τύποις
513 469 686 505 γραμμάτων
703 469 734 496 τὸ
756 469 824 495 Ῥω-

54 517 137 553 μαῖκδν
146 537 154 550 ,
173 516 264 548 ἄλλοις
276 516 305 542 δὲ
320 516 351 542 τὸ
373 515 472 548 Ἰνδῶν,
489 516 536 542 καὶ
549 516 654 552 ἑτέροις
667 515 699 542 τὸ
713 515 824 550 Ἐὄραῖ-

55 564 101 594 κδν,
124 562 171 589 καὶ
200 561 291 593 ἄλλοις
305 561 335 588 τὸ
347 561 484 588 Αἰθιόπων
500 561 706 596 ἁπαρτίζονται.
725 561 780 588 Καὶ
792 560 823 587 οὑ

55 609 120 643 μόνον
130 607 225 639 τύποις
248 607 436 642 γραμμάτων,
457 608 504 634 καὶ
527 609 665 642 σχήμασιν
685 606 823 642 ἀνομοίοις

53 654 196 688 γράφονται,
212 652 281 679 ἀλλὰ
297 653 345 679 καὶ
367 653 506 688 ἁπηχήσει
523 654 571 679 καὶ
588 652 713 687 σημασία
730 653 822 688 φωνῆς

53 700 178 735 ἑτεροειδεϊ
206 709 237 727 τε
261 699 310 727 καὶ
334 699 538 735 ἀλλοτριωτάτῃ
557 698 822 734 προφέρονται-οὑκ

54 744 90 772 οὖν
106 747 179 780 φαῖεν
193 745 238 778 ἂν,
255 745 366 773 Μᾶλλον
385 745 414 772 δὲ
429 745 473 772 διὰ
487 745 514 772 τί
529 745 567 780 μὴ
590 745 695 779 λέγοιτε
718 743 755 776 ὡς
776 743 822 770 οὺ-

53 791 97 818 δενὶ
109 791 239 826 προσήκει
255 790 396 817 πείθεσθαι
407 790 422 826 ἦ
436 790 637 826 προσέρχεσθαι
649 789 820 824 Εὑαγγελίῳ,

53 838 85 864 ὅτι
96 837 229 873 ἀνομοίοις
250 837 297 864 καὶ
311 828 462 872 σχημάτων
473 836 569 868 τύποις
597 836 644 863 καὶ
656 836 753 871 φωνῶν
767 836 822 863 ἁπ-

54 884 152 919 ηχήσεσί
167 892 197 910 τε
209 884 257 911 καὶ
273 883 421 919 σημασίαις
432 884 666 919 ἀπαγγέλλονταις
681 883 741 910 Τῶν
752 883 821 918 ὑμε-

53 930 125 965 τέρων
141 930 195 966 γὰρ
222 929 424 966 ἐνθυμημάτων
444 930 493 957 καὶ
520 930 601 958 τοῦτο
623 929 654 956 τὸ
679 929 824 965 τόλμημα·
841 919 864 950 Β

54 977 104 1004 οὐδὲ
115 977 166 1013 γὰρ
177 977 233 1003 ουδ’
247 977 347 1011 Ἕλλην
361 986 401 1009 τις
413 977 479 1012 ἡμῖν
494 977 559 1012 ῥᾷον
575 975 610 1003 τὰ
634 975 746 1003 τοιαῦτα
761 983 829 1010 προ-

55 1023 163 1049 τείνειεν.
182 1022 274 1049 Πολλὰ
291 1023 346 1057 γὰρ
360 1022 407 1049 καὶ
422 1023 487 1056 παρ’
499 1022 592 1052 αὐτοῖς
603 1021 658 1047 τῶν
671 1020 828 1055 σεὸασμίων

56 1069 232 1104 παραπλήσια.
247 1069 302 1095 Καὶ
316 1068 411 1103 ὥσπερ
427 1067 500 1094 ἐστὶν
527 1068 619 1098 αὐτοῖς
643 1066 724 1102 φύσις
751 1066 828 1102 κοινὴ

55 1114 110 1149 πρὸς
125 1115 208 1150 ἡμᾶς,
222 1115 269 1141 καὶ
286 1115 364 1148 νοῦς,
379 1114 426 1140 καὶ
451 1113 540 1148 λόγος,
568 1113 615 1140 καὶ
643 1112 734 1148 ψυχῆς
759 1112 828 1147 πρὸς

57 1160 124 1194 σῶμα
139 1159 290 1195 σύγκρασις
304 1159 483 1195 ὁμοιότροπος
494 1159 541 1186 καὶ
554 1158 639 1194 μυρία
655 1158 740 1186 ἄλλα·
758 1157 829 1184 οὕτω

55 1205 93 1232 καὶ
107 1208 168 1242 περὶ
182 1205 234 1241 τὴν
247 1205 295 1233 τοῦ
312 1206 390 1233 Θείου
407 1206 546 1239 ὑπόνοιαν,
560 1205 611 1232 κᾶν
623 1206 679 1236 τοῖς
693 1204 829 1236 πλείστοὶς

55 1253 92 1277 καὶ
105 1252 283 1288 κυριωτάτοις
297 1252 449 1279 διίστανται
461 1261 467 1267 ·
483 1252 540 1278 ἀλλ’
553 1249 600 1278 οὖν
610 1251 684 1278 ἔστιν
698 1251 773 1286 ὅμως
788 1247 830 1282 οἷς

54 1298 90 1324 διὰ
111 1298 158 1334 τὴν
180 1300 327 1334 ἐνάργειαν
349 1299 402 1325 τῶν
423 1297 521 1325 κοινῶν
546 1297 666 1330 ἐννοιῶν,
684 1297 738 1324 οὐδ’
753 1297 830 1323 αὐτοὶ

54 1343 162 1378 τολμῶσι
193 1343 386 1379 διαμάχεσθαι.
413 1344 518 1371 Οὐκοῦν
535 1344 589 1370 οὐδ’
610 1343 711 1378 Ἕλλην
741 1343 828 1378 ἀμφικ

55 1390 206 1425 σῦητήσειεν
233 1391 300 1425 ἡμῖν
316 1390 381 1425 περὶ
392 1389 500 1421 τούτου,
515 1389 584 1416 ἀλλά
595 1398 638 1420 τις
660 1389 739 1425 ἄλλος
761 1389 830 1420 ὅλως

55 1420 180 1465 illapsu!
195 1420 396 1470 ἀθρῆσκευτος,
427 1435 497 1470 μήτε
514 1434 586 1461 θείου
618 1420 734 1468 ἔννοιαν,
761 1435 830 1469 μήτε

54 1478 170 1514 λατρείαν
192 1479 262 1511 ὅλως
284 1479 516 1515 παραδεξάμενος.
537 1479 637 1514 Τρίτον
662 1479 702 1512 δὲ,
718 1477 830 1505 καὶτοῦ

54 1524 168 1561 δευτέρου
187 1525 349 1560 σύστοιχον,
377 1527 452 1552 ποῖον
480 1525 597 1560 σταυρὸν
626 1523 830 1560 προσερήσεσθε

55 1571 151 1603 πάντως
161 1571 212 1598 τοῦ
229 1572 410 1607 πρωτοτύπου
428 1571 575 1606 νομιοῦμεν
598 1571 701 1606 ὅμοιον,
715 1571 743 1602 ὃς
759 1570 832 1606 μετὰ

55 1616 94 1642 τοῦ
121 1617 212 1643 τίτλου
228 1616 436 1651 σχηματίζεται,
451 1609 470 1652 ἧ
491 1617 521 1648 ὃς
537 1617 602 1644 ἄνευ
617 1617 721 1643 ἐκείνου
737 1617 829 1643 διατυ-

55 1662 140 1688 ποῦται
168 1663 218 1689 καὶ
243 1662 425 1698 διαγράφεται
438 1670 445 1695 ;
459 1660 511 1688 Ὠν
539 1662 594 1696 γὰρ
621 1662 655 1688 ἂν
669 1663 686 1698 ή
700 1662 829 1697 ὁμοιότης

56 1709 111 1742 ἡμῖν
128 1708 322 1745 ὁμολογηθείη,
339 1710 372 1735 ὲκ
392 1708 488 1736 τούτου
511 1708 592 1743 (κατὰ
617 1708 665 1735 τὸν
698 1708 830 1743 ὑμέτερον

57 1756 126 1789 σοφὸν
140 1755 334 1790 συλλογισμὸν)
347 1756 364 1791 ή
377 1755 431 1781 τῶν
443 1755 546 1781 λοιπῶν
562 1754 671 1790 ποίησις
687 1755 734 1781 καὶ
745 1762 830 1790 προσ-

56 1801 157 1836 κύνησις
184 1801 255 1838 (ἀλλ’
269 1802 333 1836 ὑμῖν
347 1810 379 1836 γε
391 1802 447 1833 τοῖς
457 1801 572 1828 τοιαῦτα
586 1800 649 1836 περὶ
662 1799 830 1835 τηλικούτων

54 1846 189 1882 τολμῶσιν)
215 1847 457 1883 ἀπαρνηθήσεταν
491 1846 508 1882 ἢ
531 1847 579 1873 καὶ
603 1846 654 1882 ήδη
668 1845 829 1881 ἑξήρνηται.

55 1892 190 1928 Τέταρτον,
205 1894 255 1928 τὴν
268 1893 399 1929 διαφορὰν
409 1893 476 1928 ἡμῖν
492 1893 539 1920 καὶ
551 1891 733 1928 ἀνομοιότητα
741 1892 790 1927 τὴν
802 1893 831 1918 ἐν

55 1939 106 1970 ταῖς
120 1940 266 1973 μυστικαῖς
279 1939 396 1971 θυσίαις,
410 1939 458 1966 καὶ
471 1939 531 1970 ταῖς
545 1938 639 1970 ἀλλαις
651 1938 828 1974 ίιρουργίαις,

55 1984 89 2016 είς
111 1985 237 2021 διαὸολὴν
267 1986 377 2020 ἁπάσης
417 1985 463 2012 καὶ
492 1985 647 2020 ἀνατροπὴν
673 1986 722 2020 τῆς
752 1984 832 2021 ἡμῶν

54 2030 178 2065 ἀχράντου
195 2031 308 2066 τελετῆς
323 2032 370 2058 καὶ
381 2031 510 2066 λατρείας
525 2030 720 2066 προκομιεῑσθε
731 2039 738 2046 ·
753 2031 782 2064 ἐξ
794 2028 832 2057 ὧν

55 2077 102 2111 γὰρ
117 2077 188 2104 κατὰ
195 2078 245 2112 τῆς
256 2076 378 2112 Χριστοῦ
389 2076 495 2108 εἰκόνος
509 2076 630 2112 πονηρὰν
645 2075 761 2112 μελέτην
773 2077 832 2107 ταῖς

55 2121 122 2157 ὑμῶν
133 2123 264 2154 διανοίαις
276 2122 470 2158 ὲμελετὴσατε,
481 2122 570 2148 πᾶσαν
580 2122 629 2158 τὴν
638 2121 692 2148 τῶν
702 2122 833 2157 Χριστια-

54 2168 100 2194 νῶν
115 2170 192 2207 ἱερὰν
213 2169 335 2204 τελετὴν,
351 2168 400 2195 καὶ
413 2169 449 2195 τὰ
461 2169 521 2195 θεῖα
537 2168 674 2204 μυστήρια
682 2168 714 2194 ὲκ
725 2167 833 2203 βάθρων

54 2215 135 2242 αὐτῶν
153 2215 307 2251 summa
332 2215 533 2245 κατασείοντες.
561 2214 688 2248 Πέμπτον
706 2213 803 2248 ῥητέον
818 2212 833 2238 ὃ

880 285 990 312 ﬁrmant
1003 285 1146 320 imagines,
1162 287 1189 312 et
1201 282 1320 319 propriis
1334 280 1431 309 irretili
1443 285 1569 307 tenemur
1582 279 1667 306 ratio-

879 333 969 360 ciniis.
1001 331 1138 364 Secundo,
1166 329 1312 370 dicendum
1340 327 1414 362 quod
1438 327 1503 354 dum
1524 326 1577 353 ista
1600 333 1667 360 pro—

879 378 980 410 ferunt,
1000 377 1075 405 inviti
1092 385 1121 404 se
1137 377 1164 404 in
1178 376 1301 403 ordinem
1319 381 1489 410 paganorum
1501 373 1664 400 inscribunt.

879 425 917 452 Ex
935 431 1013 459 aequo
1036 424 1108 451 enim
1136 422 1198 450 licet
1231 429 1262 449 ea
1285 428 1347 456 qua:
1375 425 1470 447 contra
1493 419 1666 446 venerandas

879 471 1014 506 imagines
1031 469 1191 501 aﬁ‘eruntur,
1219 474 1246 496 et
1271 471 1367 495 contra
1381 466 1486 500 reliqua
1498 469 1590 492 nostra
1604 472 1665 499 my-

879 517 963 544 steria
977 523 1085 551 urgere.
1113 513 1191 546 Nam,
1210 520 1314 549 quaeso,
1334 519 1402 547 quas
1419 511 1456 538 illi
1471 514 1563 545 partes
1575 508 1665 535 Evan-

878 562 941 598 gelii
958 562 1088 589 divinitus
1103 560 1250 596 inspiratas
1277 558 1377 587 dicturi
1404 557 1486 585 sunt?
1513 561 1562 583 aut
1575 555 1667 590 potius

878 609 1018 644 quodnam
1044 608 1223 643 Evangelium
1247 606 1359 634 nomine
1385 602 1552 638 suscipiant?
1589 601 1668 629 Certe

876 655 995 683 diversis
1006 654 1104 682 formis
1119 653 1247 689 etilguris
1260 652 1423 682 litterarum,
1435 649 1562 676 Latinum
1577 647 1666 673 Evan-

876 701 988 736 gelium,
1003 701 1064 729 aliis
1081 700 1221 731 ludorum,
1246 696 1466 732 discrepantibus
1491 693 1664 723 liebraicum,

878 751 907 774 et
920 746 1010 774 adhuc
1025 745 1086 773 aliis
1101 744 1286 780 Ethiopieum
1299 746 1437 770 exaratur.
1450 739 1542 775 Neque
1557 743 1664 766 tantum

875 793 1030 821 litterarum
1057 791 1253 819 diversimodis
1275 789 1369 824 ﬁguris
1388 792 1416 815 et
1435 784 1664 814 delineationibus

874 839 1067 867 describuntur
1079 838 1142 869 ista.
1154 837 1203 866 sed
1221 837 1332 871 insuper
1343 835 1420 863 sonis
1434 838 1461 862 et
1477 830 1656 868 signiﬁcatio-

876 886 959 914 nibus
983 885 1060 914 vocis
1072 885 1151 913 valde
1159 883 1423 919 diserepantibus,ct
1433 889 1448 909 a
1462 888 1491 908 se
1502 879 1652 908 dissentien

879 934 953 962 tibus
967 933 1155 960 enuntiantur.
1179 931 1314 964 Quocirca
1339 937 1393 956 non
1417 926 1535 955 absurde
1551 926 1665 953 dixero:

881 980 939 1008 Cur
954 987 1010 1007 non
1031 977 1180 1009 aﬁirmatis.
1194 976 1266 1012 quod
1286 975 1391 1003 nullum
1414 973 1559 1002 admittere
1577 971 1669 998 Evan-

880 1026 992 1062 gelium,
1007 1029 1056 1052 aut
1067 1024 1304 1057 illiobtemperarc
1318 1024 1451 1056 oporteat.
1463 1027 1496 1047 eo
1508 1018 1579 1053 quod
1589 1016 1670 1045 dissi-

880 1071 1002 1099 millimis
1031 1070 1179 1106 ﬁgurarum
1208 1067 1326 1100 formis,
1350 1073 1480 1094 sonorum
1500 1063 1612 1091 vocibus
1641 1067 1670 1089 es

880 1115 1126 1151 significationibus
1150 1114 1323 1149 publicantur
1338 1112 1350 1138 ?
1375 1108 1454 1137 Certe
1472 1107 1571 1136 vestris
1584 1107 1669 1134 ratio-

881 1162 1065 1190 cinationibus
1084 1161 1210 1196 congruit
1229 1160 1281 1187 hoc
1305 1158 1422 1185 facinus.
1452 1155 1571 1183 Omnino
1588 1153 1669 1182 nobis

880 1217 1002 1246 paganus
1016 1209 1151 1244 quispiam
1161 1207 1239 1235 facile
1255 1207 1318 1234 talia
1331 1205 1472 1238 obiiceret.
1500 1202 1569 1230 Sunt
1593 1201 1668 1229 enim

880 1255 952 1290 apud
967 1262 1015 1282 eos
1043 1255 1135 1281 multa:
1156 1251 1312 1287 hujusmodi
1337 1247 1524 1277 venerationis
1547 1246 1667 1281 species.

881 1301 914 1329 Et
940 1300 1168 1337 quemadmodum
1206 1299 1245 1326 illi
1275 1303 1400 1325 naturam
1426 1295 1570 1322 nobiscum
1592 1300 1670 1320 com-

880 1356 989 1377 munem
1004 1347 1114 1379 habent,
1124 1350 1253 1377 mentem,
1269 1344 1401 1371 rationem
1419 1341 1554 1371 eamdem,
1571 1339 1670 1366 anima:

882 1394 916 1421 ad
936 1400 1037 1427 corpus
1060 1391 1203 1427 syncrasin
1229 1388 1373 1424 aequalem,
1400 1390 1427 1413 et
1456 1388 1583 1413 sexcenta
1597 1383 1668 1410 alia:

882 1440 920 1468 ita
928 1443 1061 1474 quantum
1077 1437 1172 1465 attinet
1186 1436 1219 1463 ad
1240 1435 1363 1462 rationes
1375 1433 1409 1460 de
1424 1432 1489 1464 lleo,
1508 1431 1534 1457 in
1545 1429 1670 1465 plurimis

881 1490 908 1513 et
922 1483 1066 1520 praecipuis
1084 1481 1249 1510 dissentiunt
1280 1490 1287 1507 :
1321 1482 1364 1506 est
1378 1482 1468 1505 tamen
1485 1476 1542 1507 ubi.
1561 1478 1671 1509 propter

882 1531 1068 1560 communium
1081 1528 1276 1565 principiorum
1291 1524 1461 1552 manifestam
1471 1521 1669 1556 operationem,

883 1587 936 1606 non
949 1578 1050 1605 audent
1073 1584 1088 1602 a
1105 1575 1183 1602 nobis
1196 1573 1350 1601 dissentire.
1367 1570 1502 1604 Quocirca
1521 1576 1569 1595 nec
1586 1575 1670 1602 paga-

885 1632 936 1652 nus
952 1624 1094 1651 nohiscum
1110 1621 1143 1649 de
1160 1621 1220 1648 istis
1250 1622 1463 1650 contestaretur,
1491 1615 1538 1642 sed
1552 1614 1595 1641 ille
1609 1619 1670 1640 tan-

885 1671 1004 1704 tumqui
1032 1669 1111 1704 plane
1132 1667 1240 1698 atheus,
1253 1665 1318 1698 Lsine
1341 1664 1397 1691 ullo
1420 1661 1560 1696 religionis
1575 1660 1669 1687 cultu:

883 1715 930 1750 qui
948 1722 1036 1750 neque
1045 1713 1171 1741 Numinis
1186 1710 1400 1740 venerationem,
1419 1717 1451 1735 ne
1466 1708 1575 1742 quidem
1594 1707 1671 1740 cogi-

884 1763 1013 1789 tationem
1033 1760 1115 1787 ullam
1132 1758 1267 1786 admittet.
1294 1756 1385 1784 Tertia
1409 1754 1525 1790 obiectio
1544 1753 1672 1780 secumla:

884 1807 982 1835 similis
1005 1809 1046 1833 est
1063 1804 1230 1840 :Ecqualem
1249 1810 1359 1830 crucem
1381 1801 1506 1828 statuetis
1528 1803 1672 1834 prototypo

884 1852 996 1880 omnino
1007 1851 1136 1883 similem,
1152 1858 1186 1877 an
1204 1849 1346 1883 illamqure
1361 1854 1423 1874 cum
1434 1845 1513 1873 titulo
1524 1844 1669 1880 eﬁigiatur,

885 1903 932 1926 aut
940 1897 1030 1933 potius
1048 1904 1108 1932 qua:
1127 1896 1186 1923 sine
1205 1895 1252 1922 illo
1267 1894 1419 1921 delineatur
1445 1896 1471 1919 et
1490 1890 1673 1918 eﬁ'ormatur?

885 1943 970 1979 Cujus
984 1943 1056 1970 enim
1077 1949 1185 1976 cunque
1199 1939 1405 1968 similitudinem
1422 1936 1600 1968 conﬁtemini,
1624 1943 1673 1970 per

885 1989 958 2017 illam
980 1987 1038 2023 (qui
1059 1991 1148 2015 vester
1169 1991 1212 2013 est
1235 1985 1364 2020 praeclare
1387 1987 1531 2010 contextus
1560 1979 1672 2016 syllogi-

886 2036 973 2071 smus)
984 2035 1100 2062 aliarum
1118 2032 1276 2061 fabrefactio
1291 2037 1318 2060 et
1332 2030 1481 2061 veneratio,
1495 2037 1543 2064 per
1556 2028 1673 2063 vos,qui

886 2083 944 2110 hcce
956 2081 1019 2108 talia
1033 2080 1139 2108 audetis
1152 2079 1296 2111 afﬁrmare,
1315 2077 1427 2105 omnino
1445 2075 1599 2111 negabitur,
1627 2079 1674 2102 aut

886 2128 978 2163 potius
993 2128 1048 2161 jam
1063 2129 1186 2160 negatur.
1212 2125 1316 2158 Quarto
1331 2124 1390 2150 loco
1403 2122 1586 2149 differentiam
1599 2121 1673 2148 illam

885 2178 914 2201 et
926 2171 1178 2200 dissimilitudinem
1191 2177 1260 2205 quas
1273 2169 1301 2196 in
1318 2168 1439 2203 mysticis
1454 2167 1578 2194 videmus
1590 2166 1675 2194 sacri-

887 2219 957 2247 ﬁciis
972 2222 1000 2246 et
1022 2218 1082 2246 aliis
1096 2216 1264 2253 quibuslibet
1279 2214 1381 2242 sanctis
1397 2213 1502 2245 ciliciis,
1529 2213 1555 2239 in
1584 2219 1676 2246 repre-

54 2262 94 2288 καὶ
105 2262 165 2289 λίαν
177 2262 270 2289 αὐτῶν
284 2261 437 2297 στηλιτεὺει
447 2261 478 2287 τὸ
500 2260 628 2291 δυσσεϐὲς
643 2260 690 2286 καὶ
706 2259 827 2295 μισόχρι-

886 2266 1047 2294 hensioncm
1072 2268 1099 2292 et
1131 2262 1336 2291 subversionem
1370 2260 1453 2287 totius
1490 2258 1674 2286 immaculata:

55 2315 119 2334 στον’
129 2309 162 2336 Τί
179 2308 235 2344 γὰρ
251 2308 298 2335 ἐπὶ
308 2308 359 2343 τῆς
367 2307 471 2338 εἰκόνος
481 2306 603 2337 ἴστασθε,
616 2306 662 2332 καὶ
672 2305 735 2337 τοὺς
745 2305 833 2332 τοιού-

55 2363 110 2386 τους
135 2355 294 2390 φληνάφους
316 2354 491 2386 ἀνελίσσετε,
507 2353 567 2379 δέον
591 2352 660 2387 πρὸς
687 2351 769 2378 αὐτὸν
788 2351 835 2377 τὸν

54 2401 258 2436 εἰκονιζόμενον,
273 2400 287 2426 ὃ
301 2400 451 2434 κρύπτουσι
464 2399 544 2430 τέως.
557 2397 760 2431 ἀποδύσασθαι;
775 2397 835 2424 Ἵνα

54 2445 76 2471 τί
93 2446 146 2480 γὰρ
164 2445 180 2472 ὃ
195 2446 256 2477 ταῖς
271 2445 400 2477 διανοίαις
412 2444 489 2479 ὑμῶν
505 2444 626 2476 ὠδίνετε,
642 2443 687 2470 τὸν
700 2443 833 2470 ἄσπονδον

55 2490 118 2517 κατὰ
129 2490 249 2526 Χριστοῦ
265 2490 394 2525 πόλεμον,
410 2489 505 2516 τοῦτον
521 2488 559 2524 μὴ
581 2489 629 2514 καὶ
651 2489 708 2520 τοῖς
733 2488 835 2523 χείλεσι

55 2536 96 2562 καὶ
118 2535 217 2571 γυμνῷ
239 2535 279 2570 τῷ
304 2535 453 2571 προσώπῳ,
481 2534 540 2561 ἀλλ’
555 2534 608 2560 ὑπὸ
624 2533 789 2569 προσωπείῳ
801 2534 834 2568 τῇ

55 2582 143 2616 εἰκόνι,
166 2581 374 2613 ὲπιδείκνυσθες
405 2580 567 2615 Λεγέτωσαν
592 2580 662 2614 γὰρ,
680 2579 717 2611 ὠς
741 2579 836 2615 ἐπειδὴ

55 2627 180 2664 Ἕλληνες
201 2629 251 2663 μὲν
262 2628 354 2659 αὐτοῖς
362 2628 454 2662 ὅμοιον
462 2626 508 2653 ἐπὶ
518 2627 569 2661 γῆς
581 2627 697 2661 φανῆναι
711 2625 756 2652 τὸν
768 2626 833 2661 Χριυ

56 2675 110 2701 στὸν
126 2674 268 2709 νομίζουσι
277 2682 284 2688 ·
303 2673 434 2709 Ῥωμαῖοι
447 2673 475 2699 δὲ
488 2672 587 2708 μᾶλλον
597 2673 703 2704 ἑαυτοῖς
714 2673 834 2699 ἐοικότα·

59 2720 129 2747 Ἰνδοὶ
143 2721 172 2747 δὲ
188 2721 268 2747 πάλιν
282 2721 373 2756 μορφῇ
391 2721 424 2755 τῇ
440 2719 529 2746 αὐτῶν
543 2740 551 2751 ,
573 2719 620 2745 καὶ
637 2718 763 2750 Αἰθίοπες
787 2719 836 2752 δῆ-

55 2767 95 2794 λον
119 2768 157 2799 ὡς
182 2767 307 2798 ἑαυτοῖς·
326 2767 387 2793 ἐπεὶ
411 2767 508 2798 ταῦτα,
538 2766 579 2796 τίς
601 2766 675 2791 ἐστιν
702 2766 836 2801 ὁάληθὴς

57 2812 180 2848 Χριστκ,
194 2815 207 2840 ὁ
221 2813 298 2849 παρὰ
314 2813 368 2839 τίσι
382 2812 570 2848 νομιζόμενος,
584 2812 634 2838 οὐκ
648 2812 703 2847 ἄρα
718 2812 758 2838 δεῖ
768 2813 834 2847 ὁμο-

57 2859 139 2892 λογεῖν
165 2860 226 2886 οὐδὲ
251 2859 388 2885 πιστεύειν
419 2859 500 2893 σαρκὶ
522 2858 691 2893 ἐπιδημῆσαι
703 2859 748 2885 τὶν
767 2859 835 2894 Χρι-

58 2906 129 2938 στόν;
144 2905 228 2938 ὅντως
253 2905 307 2941 γὰρ
323 2906 411 2937 αὐτοῖς
424 2906 479 2937 τοῖς
504 2904 606 2936 ἀθλίοις
623 2904 678 2930 οὐδ’
693 2905 833 2940 ἐπεδήμη-

884 2311 1031 2340 oblationis
1048 2314 1148 2337 nostrae
1164 2313 1192 2336 et
1205 2308 1291 2335 lati-ia:
1305 2306 1480 2342 praatendetis
1494 2315 1501 2333 :
1523 2313 1584 2332 nam
1604 2305 1676 2332 unde

884 2358 1015 2385 adverSus
1043 2354 1144 2383 Christi
1167 2353 1326 2389 imaginem.
1357 2352 1470 2385 impiam
1500 2351 1527 2377 iu
1553 2350 1675 2377 animum

883 2408 1004 2431 vestrum
1046 2401 1239 2436 cogitationem
1276 2397 1482 2429 subintulistis.
1518 2396 1674 2424 universam

884 2448 1102 2476 Christianorum
1118 2450 1145 2474 et
1159 2449 1294 2472 sacratam
1314 2443 1466 2478 liturgiam,
1485 2443 1531 2470 sed
1545 2446 1572 2469 et
1586 2441 1676 2468 divina

885 2500 1056 2529 quaacunquc
1080 2493 1220 2527 mysteria,
1242 2490 1423 2518 fundamento
1439 2494 1518 2516 tenus
1530 2492 1678 2515 concutere

885 2537 1096 2566 convincemini.
1137 2536 1267 2569 Quintam
1296 2533 1479 2568 adjiciemus,
1513 2540 1572 2567 qua:
1600 2532 1678 2558 valde

886 2585 1006 2620 ipsorum
1017 2583 1194 2618 impietatem,
1209 2587 1236 2608 et
1247 2581 1273 2607 in
1287 2580 1430 2608 Christum
1440 2579 1533 2606 odium
1543 2578 1677 2613 propalat.

886 2630 953 2658 Nam
969 2637 1101 2666 quorsum
1118 2627 1269 2656 eonsistitis
1287 2627 1314 2653 in
1334 2626 1465 2661 imagine,
1479 2629 1506 2652 et
1520 2623 1678 2652 istiusmodi

887 2684 973 2712 nugas
984 2674 1178 2704 deblateratis?
1194 2677 1302 2708 oportet
1321 2678 1351 2700 ut
1365 2673 1391 2700 in
1414 2673 1502 2699 aciem
1522 2670 1678 2706 procedatis

886 2728 981 2752 contra
996 2730 1059 2750 eum
1076 2721 1123 2757 qui
1143 2720 1262 2755 imagine
1272 2723 1500 2755 repraesentetur,
1516 2717 1562 2753 qui
1587 2721 1677 2743 tamen

886 2770 975 2797 adhuc
989 2768 1088 2796 latetis.
1109 2767 1260 2801 Quorsum,
1277 2765 1451 2800 quodtacitis
1466 2762 1678 2799 cogitationibus

886 2815 956 2844 bella
976 2819 1071 2842 contra
1085 2813 1225 2841 Christum
1241 2812 1424 2845 meditamini,
1439 2811 1504 2838 illud
1518 2818 1572 2837 non
1584 2808 1674 2840 labiis.

886 2867 914 2888 et
933 2861 1033 2888 nudata
1046 2859 1126 2892 facie,
1146 2859 1192 2886 sed
1208 2864 1316 2886 tantum
1337 2857 1486 2893 personati,
1512 2864 1560 2892 per
1576 2855 1672 2889 imagir

888 2912 949 2933 nem
965 2903 1102 2932 indicitis?
1131 2903 1225 2931 Dicant
1247 2903 1331 2937 cuitu,
1346 2902 1567 2938 quandoquidem
1585 2900 1672 2929 (ιγπερὶ
