1874 3070
213 190 264 222 951

788 189 919 220 PHOTII
934 190 1187 220 PATRIARCHE
1204 190 1258 221 CP.

1783 191 1827 221 952

215 249 379 277 asseverant,
406 244 546 272 Christum
582 244 608 271 in
628 244 707 271 terris
723 244 774 271 sibi
792 245 910 272 similem
924 253 955 273 eo

1086 254 1105 273 ν.
1124 247 1156 272 '0
1174 245 1228 281 γὰρ
1238 245 1308 272 κατὰ
1323 245 1374 278 τῆς
1396 246 1499 278 εἰκόνος
1515 246 1744 281 ἐπονηρεὺσαντο,
1756 248 1826 274 τοῦτο

214 291 348 325 paruisse,
363 289 573 315 Romaniautem
584 288 636 315 sibi
648 288 749 322 potius,
761 288 817 315 ludi
832 288 920 323 ﬁgura
935 297 996 322 sua,

215 335 356 369 Ethiopes
372 342 421 362 sua
439 342 446 361 :
463 342 524 362 cum
540 334 598 361 haec
617 333 653 360 ita
669 334 804 365 dicantur,
820 341 875 360 non
891 338 999 361 constat

213 382 274 415 quis
291 389 340 416 pro
362 389 427 408 vero
445 380 563 412 Christo,
584 388 599 407 a
615 380 715 414 quibus
726 381 856 406 habeatur
873 389 880 412 ;
897 381 1000 408 idcirco

213 435 267 453 non
279 426 529 461 oportetconﬁteri,
559 433 613 452 non
631 426 752 455 credere,
776 426 848 460 quod
874 426 999 453 Christus

213 473 239 498 in
251 480 334 500 carne
344 476 468 499 versatus
479 472 514 498 sit
525 472 536 498 ?
547 471 625 498 Certe
635 471 706 506 apud
719 470 853 498 infaustos
863 472 931 498 istos
945 479 999 498 non

213 522 255 544 est
272 519 384 544 omnino
401 523 534 545 versatus.
562 517 591 544 In
609 525 664 552 quo
682 518 752 544 enim
770 518 887 552 improbi
904 523 998 545 contra

214 563 360 598 imaginem
374 564 547 596 exstiterunt,
558 563 584 590 in
596 563 648 590 hoc
662 563 720 598 ipso
737 563 813 597 prius
824 567 918 590 contra
933 564 1002 590 ima-

214 610 337 644 ginatnm
354 610 517 637 insolentius
531 610 637 644 opinati
653 610 905 644 deprehenduntur.
931 609 999 636 Nam

214 665 230 684 a
253 657 436 691 discrepantia
464 657 623 691 opinionum
646 656 824 689 concludunt,
848 657 999 684 tollendum

214 710 328 737 prorsus
338 710 399 729 eum
416 701 462 737 qui
482 702 658 737 opinionibus
682 701 813 736 subjaeet.
841 701 922 729 Vides
939 703 1001 736 quis

214 748 322 774 illorum
340 755 440 781 scopus
456 747 548 779 fuerit,
566 752 592 774 et
617 754 750 782 quorsum
761 752 864 781 spectet
880 747 1001 781 ipsorum

214 797 309 820 contra
324 793 470 827 imaginem
480 792 740 819 machinamentum.
767 792 818 820 Sed
837 792 951 820 ulterius
967 792 1001 819 ad

214 846 246 865 ea
267 846 328 873 qua:
343 838 416 865 dicta
432 842 506 870 sunt,
527 838 709 871 adjiciendum
722 837 788 865 illud
800 838 922 872 quidem,
947 846 1001 866 non

215 884 269 912 illis
290 884 365 919 (sunt
377 884 449 911 enim
466 883 591 918 indigni),
612 884 660 911 sed
674 884 798 911 ﬁdelibus
815 889 842 911 et
858 885 998 912 Christum

215 929 383 957 amantibus.
405 929 605 956 Dissimilitudo
624 937 685 964 quae
705 930 827 957 cernitur
849 930 921 957 inter
932 930 1000 957 ima-
1014 916 1037 945 Β

215 976 303 1011 gines,
323 983 377 1002 non
394 981 509 1002 evacuat
530 983 641 1010 prorsus
656 975 784 1011 imaginis
806 980 933 1003 naturam
953 980 1004 1004 aut

215 1021 368 1049 veritatem.
393 1021 453 1048 Non
471 1021 543 1048 enim
567 1026 671 1048 tantum
688 1029 736 1056 per
750 1023 874 1057 corporis
888 1022 1002 1058 ﬁguram

215 1072 242 1094 et
258 1068 379 1094 habitum
398 1067 536 1095 coloribus
552 1067 716 1102 exprimitur
744 1068 934 1102 imaginatum,
955 1068 1004 1095 sed

218 1113 335 1148 quadam
355 1112 399 1141 sui
413 1113 602 1148 dispositione,
631 1113 792 1148 congruenti
815 1114 906 1148 aliqua
919 1114 1005 1141 actio-

218 1167 263 1193 ne,
277 1160 436 1195 passionum
453 1161 589 1196 emphasi,
606 1165 632 1188 et
646 1161 673 1188 in
695 1161 762 1188 locis
777 1162 877 1189 sanctis
895 1162 1004 1189 dedica-

218 1206 301 1239 tione,
317 1206 524 1241 inscriptionum
537 1208 718 1242 expositione.
736 1207 830 1235 etaliis
838 1208 1002 1242 quibusdam

217 1252 412 1287 insignioribus
426 1253 568 1288 symbolis,
598 1261 660 1288 qua:
685 1254 728 1280 vel
746 1261 800 1280 non
816 1253 938 1285 omnino,
953 1258 1001 1281 aut

1051 291 1118 317 πολὺ
1132 291 1266 326 πρότερον
1277 291 1347 318 κατὰ
1362 291 1410 318 τοῦ
1432 291 1632 327 εἰκονιςομένου
1660 291 1827 327 πεῳώρανται

1051 336 1247 371 φρυαξάμενοι,
1271 337 1325 364 ἀπὸ
1350 337 1400 372 τῆς
1419 337 1474 364 τῶν
1500 337 1669 372 νομισάντων
1695 337 1826 372 διαφορᾶς,

1052 383 1193 418 ἀναίρεσιν
1216 383 1337 418 παντελῆ
1373 383 1420 409 τοῦ
1447 383 1619 417 νομισθέντος
1641 382 1826 418 ψηφισάμενοι.

1056 430 1139 465 Ὁρᾷς
1163 427 1219 461 οἷος
1243 429 1332 456 αὐτῶν
1346 431 1360 456 ὀ
1371 429 1473 460 σκοπὸς
1485 449 1493 462 ,
1509 429 1556 456 καὶ
1577 429 1617 460 εἰς
1633 427 1688 456 οἷον
1703 429 1790 460 αὐτοῖς
1802 429 1828 454 τὸ

1051 477 1121 502 κατὰ
1149 476 1200 510 τῆς
1227 475 1330 506 εἰκόνος
1355 475 1493 501 ἀπέϐλεπε
1521 475 1670 510 τέχνασμα.
1702 475 1772 501 Ἀλλ’
1789 476 1827 502 ἐπὶ

1051 523 1106 553 τοῖς
1128 522 1293 557 εἰρημένοις,
1323 522 1411 548 ἐκεῖνο
1429 521 1536 556 ῥητέον,
1558 521 1608 547 οὐκ
1629 521 1744 552 ἐκείνοις
1760 520 1827 556 (ἀνὰ-

1051 568 1103 601 ξιοι
1129 568 1183 603 γὰρ
1193 569 1213 602 ),
1231 568 1300 595 ἀλλὰ
1315 576 1347 602 γε
1372 569 1428 599 τοῖς
1451 568 1556 598 πιστοῖς
1585 567 1630 594 καὶ
1646 567 1826 602 φιλοχρίστοις,

1051 613 1147 648 ὅτιπερ
1157 613 1187 639 οὺ
1201 613 1311 645 πάντως
1339 613 1501 648 λυμαίνεται
1519 613 1574 640 τῶν
1597 614 1792 649 είκονισμάτων
1804 615 1828 641 τὺ

1052 659 1178 693 ἀνόμοιον
1192 659 1242 694 τὴν
1257 660 1307 694 τῆς
1322 659 1426 691 εἰκόνος
1442 659 1522 693 φύσιν
1551 658 1598 685 καὶ
1621 659 1670 694 τὴν
1698 659 1827 694 ἀλήθειαν.

1052 704 1090 730 Οὐ
1107 704 1162 739 γὰρ
1177 704 1250 739 μόνῳ
1275 705 1396 739 σχήματι
1412 704 1537 739 σώματος
1562 704 1608 730 καὶ
1622 705 1730 740 μορφῆς
1741 705 1829 732 εἰκονί-

1053 750 1128 782 ζεται
1145 750 1271 786 χρώματι
1292 751 1323 777 τὸ
1338 750 1552 785 είκονιζόμενον,
1567 750 1633 776 ἀλλὰ
1645 751 1692 777 καὶ
1705 751 1770 786 ποιᾷ
1778 751 1828 777 δια-

1053 795 1138 828 θέσει,
1152 796 1200 823 καὶ
1217 796 1397 832 παρεπομένῃ
1414 796 1524 830 πράξει,
1535 796 1583 823 καὶ
1603 796 1697 823 παθῶν
1712 797 1828 832 ἐμφάσει,

1053 843 1100 868 καὶ
1117 841 1206 868 τόπων
1223 842 1303 877 ιερῶν
1316 842 1452 875 ἀναθέσει,
1480 842 1528 870 καὶ
1547 842 1767 877 ἐπιγραμμάτων
1788 843 1828 876 ἑρ-

1056 889 1165 924 μηνείᾳ,
1181 889 1229 915 καὶ
1248 889 1393 923 συμϐόλοις
1422 888 1572 923 ἐξαιρέτοις
1591 889 1693 922 ἄλλοις,
1708 886 1746 916 ὧν
1758 889 1830 925 μηδὲν

1051 936 1190 970 παρεῖναι,
1209 934 1277 970 ἢμὴ
1296 934 1329 961 τὰ
1349 935 1460 961 πλείονα
1485 936 1544 966 ταῖς
1568 935 1642 971 παρὰ
1656 935 1713 962 τῶν
1737 935 1830 961 πιστῶν

1051 981 1153 1008 εἰκόσιν
1182 981 1326 1012 παντελῶς
1357 981 1498 1008 ἀδύνατον.
1515 982 1554 1007 Δι’
1566 977 1613 1014 ὧν,
1630 980 1707 1007 οὐδὲν
1719 981 1828 1012 ἔλαττον,

1051 1027 1069 1062 ἢ
1087 1027 1135 1054 καὶ
1149 1026 1239 1053 πάντα
1253 1027 1368 1062 προσῆν,
1387 1027 1427 1058 εἰς
1448 1026 1553 1053 ἔννοιαν
1578 1026 1625 1053 καὶ
1640 1027 1725 1061 τιμὴν
1741 1025 1784 1052 τοῦ
1797 1026 1829 1051 εί-

1053 1072 1234 1104 κονισθέντος,
1260 1073 1329 1107 ὅπερ
1356 1072 1414 1099 ἐστὶ
1437 1073 1486 1108 τῆς
1510 1073 1701 1107 εἰκονουργίας
1730 1072 1828 1102 σκοπὸς,

1055 1118 1225 1153 ἀναγόμεθα.
1247 1119 1328 1144 Ἀλλὰ
1353 1118 1440 1145 ταῦτα
1471 1119 1520 1153 μὲν
1545 1118 1776 1152 κατ’ὲπιδρομὴν,
1791 1117 1829 1143 καὶ

1055 1163 1092 1194 ὼς
1108 1163 1136 1189 ὲν
1152 1163 1295 1198 ἐπιστολῆς
1306 1163 1396 1198 τύπῳ.
1418 1164 1452 1190 Ἦ
1476 1164 1505 1190 δὲ
1529 1164 1578 1198 τῆς
1605 1163 1739 1199 ἐργασίας
1763 1163 1829 1197 ἀκρί-

1052 1209 1122 1240 ϐεια,
1137 1208 1205 1235 Θεοῦ
1218 1208 1362 1240 διδοῦντος,
1383 1210 1423 1241 εἰς
1447 1209 1496 1245 τὴν
1521 1209 1625 1236 οἰκείαν
1646 1209 1775 1236 ὑπόθεσιν
1790 1209 1830 1235 ἀν-

1049 1255 1210 1290 αχθήσεται.

216 1298 312 1325 saltem
332 1306 385 1325 non
402 1306 418 1325 e
437 1298 533 1332 majori
547 1303 634 1333 parte,
663 1306 678 1326 a
695 1299 814 1325 ﬁdelium
832 1299 997 1334 imaginibus
1017 1301 1112 1328 abesse
1146 1300 1246 1328 debent
1261 1309 1267 1326 :
1282 1307 1331 1335 per
1341 1308 1411 1335 quat,
1429 1308 1482 1327 non
1496 1300 1588 1328 minus
1598 1308 1682 1334 quam
1716 1300 1738 1328 si
1751 1301 1830 1327 omnia

215 1345 353 1377 adessent,
380 1345 407 1371 in
423 1340 583 1371 memoriam
597 1349 623 1372 et
642 1345 771 1372 honorem
790 1344 928 1380 imaginati
947 1345 1001 1381 (qui
1022 1346 1084 1373 ﬁnis
1099 1352 1140 1374 est
1154 1346 1287 1381 imagines
1305 1346 1509 1381 fabrefaciendi)
1544 1346 1724 1374 dedueemur.
1755 1347 1832 1379 Atque

217 1390 276 1417 ha‘c
306 1390 453 1422 succincte,
477 1395 504 1418 et
523 1391 550 1418 in
574 1391 714 1426 epistolari
746 1390 845 1417 ferina.
875 1390 1002 1418 Exactior
1022 1396 1112 1419 autem
1129 1393 1262 1427 operatio,
1278 1400 1340 1419 cum
1357 1392 1429 1419 bono
1445 1391 1512 1422 Deo,
1539 1391 1566 1419 in
1597 1392 1741 1427 proprium
1775 1391 1832 1418 sub‘

214 1438 319 1473 jeetnm
335 1438 495 1465 deducetur.

216 1494 466 1528 QUIESTIOCCVI
489 1495 582 1531 [σοῖσι.
593 1495 744 1526 CCXXXV,
757 1495 838 1522 Tuur.
849 1494 1003 1530 CCXXVI].

216 1541 273 1568 Cur
287 1542 380 1569 umbra
396 1546 420 1569 et
436 1542 567 1568 somniant
588 1547 611 1568 et
627 1541 713 1575 fumus
731 1546 755 1567 et
772 1543 874 1568 uanitas
889 1541 1004 1575 appella-

483 1582 526 1603 tur
546 1577 600 1603 vita
618 1577 757 1603 humana?

1321 1495 1488 1522 ΕΡΩἸἪΣΙΣ
1511 1495 1578 1528 ΣΦ.

1055 1540 1106 1567 Διὰ
1125 1540 1153 1567 τί
1165 1540 1246 1571 σκιὰ,
1264 1540 1312 1566 καὶ
1328 1540 1401 1573 ὄναρ
1415 1540 1464 1566 καὶ
1483 1540 1598 1573 καπνὸς
1620 1539 1667 1566 καὶ
1681 1540 1832 1574 ματαιότης

1196 1577 1211 1602 o'
1226 1575 1411 1608 ἀνθρώπινος
1429 1576 1499 1608 ,βίος
1515 1574 1685 1610 ὀνομάζεται
1694 1585 1704 1608 ;

293 1654 365 1680 Edita
377 1662 391 1679 a
404 1654 552 1679 Montacutio
568 1655 620 1686 (ep.
630 1654 662 1678 ’12
674 1654 703 1678 ad
716 1653 790 1685 Serg.
802 1661 827 1685 p.
842 1653 894 1682 12!,
909 1653 972 1683 122).
985 1666 1016 1671 -
1030 1652 1068 1677 De
1081 1654 1137 1678 vita!
1149 1653 1260 1677 humanas
1273 1652 1347 1677 variis
1365 1653 1391 1676 in
1409 1653 1485 1676 sacris
1499 1651 1602 1676 Litteris
1615 1651 1768 1676 nominibus.

252 1696 312 1725 Non
329 1698 468 1725 rhetorum
501 1705 577 1724 more
607 1702 702 1723 contra
720 1697 1002 1731 contemptibilitatem
1016 1697 1038 1728 C

218 1749 339 1772 nostram
359 1744 510 1771 declamant
523 1751 607 1771 sacrm
622 1743 740 1776 Litterat,
751 1751 810 1778 qua:
829 1744 966 1776 umbram,
978 1748 1004 1770 et

218 1799 356 1823 somnum,
372 1795 400 1818 ct
418 1790 533 1822 fumum,
551 1794 578 1817 et
593 1790 750 1822 vanitatem,
771 1794 797 1817 et
812 1790 946 1817 similibus
968 1790 1004 1816 ti-

219 1837 283 1864 tulis
297 1837 381 1863 vitam
395 1837 541 1863 humanam
555 1836 763 1871 insigniverunt.
785 1835 844 1869 Quo
859 1836 930 1863 enim
945 1836 1004 1862 loco

218 1882 361 1910 habiturus
375 1890 404 1909 es
423 1882 553 1917 puerilem
567 1881 702 1908 :etatulam
716 1882 727 1908 ?
746 1881 850 1916 Ecquid
872 1889 902 1908 ea
919 1881 1004 1915 magis

218 1936 330 1960 vanum,
349 1928 439 1960 inane,
455 1932 482 1954 et
499 1927 690 1954 iusensatum?
706 1927 761 1954 imo
777 1932 804 1953 et
831 1927 1004 1960 juventutem

219 1974 317 2010 ipsam,
338 1982 397 2007 quae
411 1973 462 2000 llos
476 1974 586 2008 quidam
604 1978 710 2000 naturae
728 1972 837 1999 videtur
855 1980 927 2003 esse,
958 1972 1004 1999 sed

218 2019 312 2046 multis
323 2019 442 2046 abundat
458 2018 665 2053 tempestatibus
681 2026 689 2051 ;
704 2018 750 2045 sed
765 2018 888 2044 levitates
902 2018 1004 2047 mult-ar,

217 2065 352 2091 vanitates
359 2069 384 2090 et
392 2064 574 2091 inconstantia
582 2064 608 2089 in
615 2063 707 2090 eadem
714 2067 793 2090 sunt:
804 2062 849 2089 sed
859 2063 934 2088 ocius
941 2070 1005 2096 quo-

218 2109 261 2135 vis
272 2108 407 2134 insomnio
418 2107 586 2142 praeterﬂuit,
596 2108 664 2134 nihil
679 2112 808 2142 praeterea
821 2107 895 2134 aliud
907 2107 1000 2141 largita

218 2154 259 2180 vel
269 2154 491 2186 subministrans,
501 2162 582 2189 quam
592 2154 665 2189 quod
676 2154 808 2180 tumultus
823 2154 965 2184 ﬂuctuum,
977 2158 1003 2180 et

217 2200 426 2226 exaestuationes
434 2200 591 2234 passionum
598 2204 691 2227 contra
700 2200 821 2226 animum
829 2200 1002 2233 concitando,

218 2245 337 2280 primum
353 2245 500 2281 incoeptum
518 2246 551 2273 ad
571 2246 679 2273 virtutis
704 2253 816 2273 cursum
849 2246 1004 2274 institutum

218 2292 345 2320 ﬂuctibus
365 2294 553 2321 submerserit.
574 2293 609 2320 De
622 2293 711 2320 medio
727 2293 814 2320 aetatis
829 2297 923 2320 tenore
938 2293 1003 2328 quid

217 2338 291 2365 aliud
310 2339 465 2370 dicendum,
481 2346 562 2373 quam
575 2338 647 2373 quod
666 2347 679 2364 a
699 2338 766 2365 fumi
789 2338 878 2365 volatu
906 2346 1002 2373 parum

217 2385 353 2411 dissidet?
371 2386 424 2411 huc
435 2385 506 2411 enim
524 2383 587 2411 illuc
602 2384 753 2411 exsiliendo
766 2385 891 2416 cursitat,
924 2385 1003 2419 plane

217 2433 308 2455 autent
325 2436 461 2463 nusquam
477 2428 612 2456 consistit.
627 2428 767 2464 Particcps
782 2429 854 2456 cnim
872 2431 1005 2464 quodam-

217 2475 299 2501 tnodo
318 2479 359 2501 est
374 2475 519 2501 levissima:
532 2479 559 2502 et
576 2475 736 2502 inordinata:
760 2475 833 2502 illius
865 2475 1003 2508 motionis,

217 2529 278 2556 qua:
291 2521 405 2555 juvenili
420 2522 490 2547 τοιοιί
505 2522 644 2554 convertit,
659 2529 710 2549 nec
737 2521 808 2548 cnim
826 2520 944 2556 periecte
957 2530 1005 2548 ex-

217 2567 320 2601 pedivit
333 2567 471 2594 hominent
486 2568 520 2594 ab
536 2568 588 2594 illis
618 2568 736 2596 tenebris
769 2571 796 2595 et
827 2569 1000 2596 tumultibus.

217 2613 285 2639 Cum
299 2620 363 2639 vero
382 2613 512 2640 senectuti
535 2613 623 2640 vicina
640 2614 732 2646 fuerit,
747 2614 887 2641 cineribus
901 2614 1001 2641 exinde

217 2657 323 2691 ejectis,
338 2658 444 2686 occulte
459 2662 485 2685 et
501 2659 602 2686 sensim
623 2659 682 2686 sine
698 2667 779 2687 sensu
797 2659 998 2694 subimplctnr;

219 2704 291 2730 unde
309 2704 502 2731 deﬂorescendi
528 2704 718 2740 delluendique
735 2704 899 2739 principium
920 2705 1004 2731 sorti-

220 2754 284 2776 tur:
301 2750 407 2778 videtur
421 2751 530 2786 quidem
545 2751 676 2778 remotior
692 2759 753 2778 esse
768 2758 783 2777 a
799 2751 872 2777 malo
902 2754 929 2776 et
956 2750 998 2776 dc-

220 2795 358 2829 trimcnto,
372 2796 445 2830 quod
459 2795 494 2824 ab
523 2796 653 2824 extremis
674 2796 801 2831 utrinque
825 2794 940 2822 infertur
959 2798 1005 2821 :et

1090 1697 1126 1722 Οὺ
1152 1694 1411 1731 καταρητορεύουσα
1436 1695 1485 1729 τῆς
1509 1695 1645 1729 ἡμετέρας
1665 1694 1799 1724 εὐτελείας
1820 1694 1833 1728 ἡ

1058 1743 1118 1769 θεία
1132 1742 1238 1778 Γραφὴ,
1253 1741 1347 1774 σκιὰν,
1373 1742 1420 1768 καὶ
1433 1741 1510 1775 ὗναρ,
1535 1741 1582 1767 καὶ
1600 1741 1715 1772 καπνὸν,
1731 1739 1777 1767 καὶ
1791 1748 1833 1774 μα-

1057 1787 1196 1821 ταιότητα,
1224 1786 1271 1813 καὶ
1299 1786 1410 1812 τοιαῦτα
1432 1785 1499 1812 ἄλλα
1522 1786 1568 1811 τὸν
1593 1784 1761 1819 ἀνθρώπινον
1785 1784 1834 1818 βίον

1058 1833 1182 1868 ὠνόμασε
1203 1832 1244 1867 (τί
1266 1831 1320 1866 γὰρ
1340 1831 1371 1858 ἂν
1387 1832 1476 1863 εἴποις
1489 1831 1537 1866 τὴν
1555 1832 1583 1857 ὲν
1602 1831 1696 1858 παισὶν
1712 1831 1832 1866 ἡλικίαν;

1058 1880 1106 1906 καὶ
1120 1878 1146 1905 τί
1160 1879 1253 1904 τούτου
1267 1877 1470 1912 ματαιότερονῆ
1486 1876 1716 1912 ἁναισθητότερον
1726 1876 1759 1911 ς),
1775 1876 1832 1902 ἀλλὰ

1057 1925 1107 1961 τὴν
1118 1926 1240 1959 νεότητα·
1257 1924 1270 1950 ὃ
1280 1924 1327 1950 καὶ
1341 1923 1420 1954 ἄνθος
1432 1923 1531 1953 δόξειεν
1540 1924 1572 1949 ἂν
1584 1921 1654 1949 εἶναι
1663 1924 1715 1958 τῆς
1727 1923 1831 1958 φύσεως.

1058 1972 1125 1998 ἀλλὰ
1141 1972 1220 2006 γέμει
1243 1970 1326 2005 ζάλης
1345 1978 1351 1985 ·
1375 1969 1443 1996 ἀλλὰ
1469 1969 1536 1995 πολὺ
1561 1969 1591 1995 τὸ
1606 1969 1708 2003 κοῦφον
1725 1970 1753 1995 ἐν
1774 1968 1831 2000 αὐτῇ

1058 2019 1105 2045 καὶ
1118 2018 1249 2045 ὑπόκενον
1266 2017 1312 2043 καὶ
1328 2015 1485 2051 εὑρίπιστον
1501 2023 1508 2030 ⁵
1533 2014 1602 2041 ἀλλὰ
1621 2015 1724 2046 παντὸς
1739 2013 1831 2048 ὀνείρου

1059 2064 1154 2090 θᾶττον
1170 2064 1345 2099 παρέρχεται,
1364 2062 1440 2088 οὐδὲν
1453 2061 1517 2088 ἄλλο
1529 2060 1701 2096 χαρισαμένη
1717 2061 1763 2087 καὶ
1777 2067 1832 2094 προ·

1061 2110 1204 2145 ξενήσασα.
1220 2110 1289 2144 πλὴν
1300 2109 1340 2135 ὅτι
1357 2108 1439 2134 πολὺν
1449 2107 1529 2134 σάλον
1545 2107 1594 2133 καὶ
1608 2107 1736 2134 κλύδωνα
1750 2105 1831 2132 παθῶν

1059 2157 1092 2190 τῇ
1115 2156 1187 2191 ψυχῇ
1220 2155 1422 2190 ὲττικυμήναδα,
1441 2153 1524 2188 αὐτὴν
1553 2153 1602 2187 τὴν
1625 2152 1738 2188 πρώτην
1755 2150 1830 2187 ὁρμὴν

1060 2202 1109 2237 τῆς
1123 2202 1166 2228 ἐπ’
1187 2201 1286 2236 ἀρετὴν
1307 2201 1457 2236 κινήσεως,
1479 2199 1553 2226 ἐστιν
1571 2196 1611 2230 οἷς
1630 2198 1758 2233 ἐποίησεν
1777 2198 1831 2222 ὑπο-

1059 2247 1179 2283 ϐρύχιον.
1202 2248 1234 2273 Τί
1255 2247 1283 2273 δὲ
1304 2249 1333 2273 τδ
1354 2247 1403 2282 τῆς
1418 2245 1525 2281 ἡλικίας
1551 2245 1696 2281 μεθόριον;
1715 2243 1779 2271 ἀλλὰ
1792 2241 1831 2268 καὶ

1058 2293 1136 2320 τοῦτο
1155 2292 1259 2320 καπνοῦ
1277 2293 1363 2328 φορᾶς
1383 2292 1459 2318 οὐδὲν
1478 2291 1647 2326 διενήνοχεν,
1661 2288 1714 2317 ὦδε
1732 2289 1830 2316 κακεῖσε

1058 2339 1174 2371 διᾶττον,
1189 2338 1236 2365 καὶ
1252 2339 1380 2374 καθαρῶς
1389 2337 1506 2372 οὐδαμοῦ
1522 2337 1734 2372 καθιστάμενον.
1748 2335 1830 2368 Τῆςτε

1018 2378 1042 2407 D
1055 2385 1110 2419 γὰρ
1135 2384 1205 2410 κατὰ
1218 2383 1267 2419 τὴν
1281 2383 1394 2418 νεότητα
1408 2382 1512 2418 κούφης
1537 2382 1586 2408 καὶ
1600 2382 1718 2408 ἀτάκτου
1734 2379 1828 2415 μετέχει

1055 2439 1114 2462 πως
1129 2431 1169 2457 ἐτι
1187 2431 1331 2466 κινήσεως,
1350 2429 1427 2456 οὔπω
1441 2429 1552 2460 τελείως
1568 2429 1617 2463 τῆς
1629 2427 1733 2455 ἐκεῖθεν
1745 2424 1829 2460 ἀχλύος

1054 2479 1102 2505 καὶ
1123 2478 1244 2512 ταραχῆς
1273 2476 1431 2508 ἀπαλλάξαν
1455 2475 1501 2503 τὸν
1532 2475 1676 2509 ἄνθρωπον
1701 2483 1709 2490 -
1732 2472 1777 2499 καὶ
1798 2469 1828 2504 τῷ

1053 2524 1122 2559 πρὸς
1143 2524 1174 2550 τὸ
1188 2523 1276 2558 γῆρας
1305 2522 1482 2556 γειτονὴματι
1507 2521 1558 2554 τῆς
1573 2520 1603 2552 ἐξ
1619 2519 1701 2546 αὐτοῦ
1719 2517 1827 2550 αίθάλης,

1054 2570 1145 2604 ἠρέμα
1156 2578 1214 2600 πως
1230 2569 1277 2595 καὶ
1291 2567 1497 2603 ἀνεπαισθήτως
1515 2565 1768 2600 ὑποπιμπλάμενον,
1786 2570 1827 2588 ιω-

1058 2616 1169 2650 ταῤῥείν
1198 2614 1287 2649 ἀρχὴν
1309 2614 1424 2649 παρέχει
1445 2613 1492 2639 καὶ
1509 2610 1743 2647 ὑπομαραίνεσθαι
1760 2617 1766 2625 ’
1791 2607 1829 2633 καὶ

1057 2661 1131 2687 δοκεῖ
1150 2661 1198 2695 μὲν
1221 2661 1270 2695 τῆς
1289 2661 1335 2694 ἀφ’
1348 2659 1478 2694 ἑκατέρου
1503 2658 1556 2684 τῶν
1581 2658 1674 2692 ἄκρων
1690 2655 1786 2691 βλάϐης
1804 2660 1827 2678 τε

1060 2705 1107 2731 καὶ
1120 2705 1218 2736 κακίας
1229 2705 1379 2739 ἀφεστάναι
1394 2712 1402 2720 '
1426 2704 1502 2730 οὐδὲν
1512 2703 1539 2730 δὲ
1549 2700 1629 2739 ἦττον
1645 2702 1692 2737 τῆς
1704 2702 1731 2727 ἐν
1741 2699 1828 2735 ἀμφοῖν

1060 2750 1251 2785 θεωρουμένης
1277 2749 1427 2784 μοχθηρίας
1459 2749 1583 2783 μετέχον,
1613 2748 1652 2780 είς
1676 2743 1827 2777 καπνὸν,ώς

1059 2794 1176 2827 ἀληθῶς,
1192 2794 1239 2820 καὶ
1258 2795 1297 2826 εἰς
1313 2793 1401 2829 ὗναριι
1413 2792 1564 2821 διαλύεται·
1582 2792 1648 2820 αὐτὸ
1662 2792 1688 2819 δὲ
1707 2791 1737 2818 τὸ
1751 2788 1826 2825 γῆρκ

854 2851 969 2879 VARl/E
991 2849 1194 2879 LECTIONES.

273 2899 286 2919 ιι
300 2898 330 2925 τὸ
348 2899 447 2934 γῆρας.
