1874 3070
35 125 80 158 953

461 124 510 153 AD
520 122 814 154 AMPHILOCIIIUM
831 121 1003 157 QU/ESTIO
1022 121 1115 158 CCVI,
1131 122 1240 152 CCVlI.

1611 126 1663 158 954

34 182 72 211 τί;
91 179 144 206 κᾶν
160 177 235 204 οὐδὲν
250 177 330 212 ἡμεῖς
351 175 479 211 ἐροῦμεν,
497 176 564 203 αὐτὸ
579 177 663 202 πᾶσιν
679 176 763 202 αὐτοῦ
788 176 823 203 τὰ
838 183 860 210 Α
878 179 932 201 tam

923 182 968 200 wn
987 175 1103 201 miserim
1117 182 1197 208 quam
1217 175 1345 209 utrinque
1361 175 1423 204 licet
1449 177 1663 212 deprehendere.

34 227 114 260 πάθη,
129 224 177 251 καὶ
191 224 222 249 τὸ
235 223 326 258 βάρος,
343 223 388 248 καὶ
399 222 448 256 τὴν
458 222 631 257 χαλεπότητα
642 222 818 256 διακέκραγε·

33 271 75 298 καὶ
103 271 146 297 ὅτι
167 270 214 296 καὶ
245 267 385 302 κονιορτοῦ
411 267 457 294 καὶ
476 267 580 294 καπνοῦ
602 267 649 293 καὶ
673 268 752 299 σκιᾶς
774 267 821 294 καὶ

33 318 148 352 ὀνείρου,
163 317 211 343 καὶ
227 315 335 342 πάντων
347 314 419 340 ἐστὶν
432 314 623 349 εὐτελέστερόν
640 322 669 340 τε
686 313 732 340 καὶ
749 314 821 348 ἀμυ-

33 364 169 398 δρότερον.
197 361 261 392 Πῶς
274 359 321 386 οὖν
338 360 395 386 ἐστι
407 361 503 394 φυγεῖν
514 360 547 386 τὰ
561 360 634 386 κακά
646 368 653 392 ;
666 359 744 386 Κατὰ
757 360 822 385 παῖ-

33 410 61 435 δα
91 409 156 443 μὲν,
177 407 287 442 ἀγωγῆς
314 407 427 441 τυχόντα
452 406 573 441 χρηστῆς
597 406 644 432 καὶ
676 405 823 440 σωφρόνων

34 451 216 484 παιδαγωγῶν
234 459 240 465 ·
259 451 328 485 ὅπερ
341 450 394 477 οὐδ’
409 451 437 476 ἐν
457 451 522 486 ἡμῖν
539 452 625 481 ἐστιν,
647 450 704 477 ἀλλ’
719 452 747 476 ἐν
762 451 822 481 ταῖς

32 498 81 524 τῶν
97 497 235 523 τεκόντων
251 497 268 531 ἢ
284 497 340 522 τῶν
358 497 516 531 ἐπιτρόπων
529 497 669 531 φροντίσιν
681 505 688 512 ·
710 497 739 522 ἐν
762 497 823 522 νεό-

32 552 90 578 τητι
104 543 146 574 δέ,
161 541 212 569 καί]
222 542 228 553 ’
241 543 274 578 ἦν
288 542 402 577 ἄρχεται
417 542 465 568 καὶ
479 542 510 568 τὸ
534 541 684 577 ἡμέτερον,
698 541 742 568 διὰ
756 550 822 576 σφο-

31 591 163 625 δροτάτου
182 589 292 625 χαλινοῦ
309 590 356 616 καὶ
375 588 577 624 ἀκριΰεστάτης
601 588 770 620 παιδεύσεώς
794 597 823 615 τε

32 638 76 663 καὶ
89 635 247 671 γυμνασίας
262 635 309 662 καὶ
321 635 515 670 συνασκήσεως
528 644 534 650 ·
548 636 619 662 κατὰ
630 635 659 661 δὲ
674 635 722 669 τὴν
737 635 824 669 μέσην

32 681 153 716 ἡλικίαν,
169 681 215 707 διά
230 689 258 706 τε
270 680 316 707 τοῦ
330 680 611 716 προκαταρτισθεντος
628 680 675 707 καὶ
693 688 825 716 προεντυ-

32 728 171 758 πωΘέντος
188 729 220 761 τῇ
238 726 309 761 ψυχῇ
325 726 402 758 ἐϐους
417 734 423 741 ·
442 727 456 752 ὃ
471 727 517 753 καὶ
532 726 665 761 μεγίστην
686 726 742 761 ἔχει
755 726 825 760 πρὸς

33 774 63 799 τὰ
80 773 149 808 ἐξῆς
163 773 364 809 κατορθώματα
378 773 428 807 τὴν
444 773 532 807 ἰσχὺν,
545 773 592 798 καὶ
606 772 649 798 διὰ
662 772 713 805 τῆς
730 772 825 806 ὁμοίας

33 819 155 853 σπουδῆς
167 819 214 845 καὶ
229 818 387 853 ἐπιμελείας
396 819 446 852 τῆς
462 818 521 844 κατ’
533 818 633 853 ἀρετὴν
647 817 822 848 τελειώσεως.

873 219 1008 254 particeps
1024 219 1063 250 lit,
1078 219 1165 245 donec
1194 219 1220 245 in
1237 225 1416 253 senectutem,
1445 221 1550 249 fumum
1568 227 1596 249 et
1621 224 1664 250 in-

873 265 1008 292 somnium
1024 272 1129 291 merum
1152 265 1327 293 dissolvatur.
1357 266 1424 293 Nam
1452 268 1518 302 qtlitl
1548 269 1664 304 (quaeso)

874 311 931 345 ipsa
947 316 1074 338 senectus
1097 311 1410 347 censenda?lltcnnque
1429 321 1479 340 nos
1499 314 1544 341 hic
1569 320 1664 341 tacue-

873 357 971 389 rimus,
991 357 1049 391 ipsa
1066 364 1113 390 per
1125 364 1154 383 se
1169 357 1284 391 singulis
1310 365 1376 385 suas
1401 360 1553 393 passiones,
1581 368 1664 395 grave

874 409 954 431 unus.
973 400 1145 427 dilllcnltates
1163 401 1364 435 proclamabit;
1380 410 1442 429 esse
1476 403 1563 437 ipsam
1583 403 1664 430 nimi-

874 455 935 473 rum
950 447 1069 481 pulvere,
1088 446 1173 478 fumo,
1189 447 1296 480 umbra,
1313 456 1419 481 somno,
1437 449 1565 477 omnibus
1581 451 1664 477 rebus

875 493 962 527 magis
997 492 1189 527 despirahilem
1229 498 1256 520 et
1290 494 1489 524 obscuriorem.
1522 496 1664 528 Quomodo

875 539 1010 572 possimus
1031 539 1115 574 igitur
1140 539 1211 565 mala
1238 539 1382 567 devitarc?
1405 539 1532 573 Omnino,
1561 541 1584 568 si
1617 549 1666 576 per

875 589 983 611 anatem
1001 585 1132 619 puerilem
1150 589 1224 612 recta
1256 590 1367 612 utamur
1398 586 1581 618 institutione,
1600 595 1666 622 pru-

874 631 970 658 dentes
991 631 1062 658 nacti
1081 631 1283 658 inl'ormatores.
1297 630 1356 658 Non
1369 636 1411 659 est
1437 633 1487 659 hoc
1519 633 1545 659 in
1573 639 1665 660 nostra

875 677 956 704 situm
971 682 1116 712 potestate,
1132 677 1178 704 sed
1196 683 1300 712 spectat
1319 678 1352 704 ad
1367 683 1493 712 parentes
1502 678 1545 705 vel
1561 683 1666 706 tutores

876 723 901 750 id
922 731 1028 749 curare.
1052 723 1102 750 Per
1128 723 1339 750 adolescentiam
1370 731 1445 754 vero,
1473 731 1534 750 cum
1563 729 1666 751 nostrae

875 774 966 803 partes
991 769 1034 804 agi
1061 770 1209 804 coapcrint,
1240 777 1286 804 per
1310 769 1469 796 adductiora
1495 769 1587 802 frena,
1617 778 1666 797 ex-

875 815 1041 841 actissittlam
1058 815 1273 846 institutionem.
1290 816 1451 842 esercitinm
1461 821 1487 842 et
1502 816 1608 843 aseesin
1619 823 1666 843 co-

34 866 75 901 Τῷ
101 866 124 891 δ’
141 865 213 892 οὕτω
236 865 329 892 λοιπον
351 865 562 899 οἰκονομήσαντι
583 864 630 890 καὶ
649 863 825 898 διακυϐερνή-
841 866 864 895 Β
880 868 932 887 eun

922 865 989 887 ulcm
1013 862 1085 887 :snb
1117 867 1194 888 a-tatc
1222 867 1339 893 matura,
1368 870 1415 896 per
1441 862 1611 896 compositos
1638 867 1668 890 et.

34 920 111 938 σαντι
123 911 170 937 τὸν
184 911 253 946 βίον,
265 911 346 946 λιμὴν
363 911 514 946 ἀπαντήσει
527 910 557 936 τὸ
569 910 668 945 γῆρας,
681 910 728 936 καὶ
738 909 828 935 πόνων

35 957 203 988 ἀνάπαυσις,
218 957 266 990 τῆς
277 957 348 982 κατὰ
361 956 450 991 ψυχὴν
465 956 571 990 ἡδονῆς,
583 956 630 982 καὶ
643 955 718 986 θείας
731 955 828 989 εὐφρο-

35 1004 120 1038 σύνης
135 1003 186 1034 τὰς
201 1003 257 1029 ἀπὸ
267 1002 315 1028 τοῦ
329 1002 455 1037 σώματος
471 1001 558 1033 λέπας
571 1001 785 1037 παρωθουμένης
798 1010 827 1027 τε

35 1050 80 1076 καὶ
97 1048 344 1084 ἀποκρυπτούσης.
360 1050 407 1075 καὶ
422 1049 567 1083 μακάριον,
581 1048 618 1079 ὡς
631 1047 748 1082 ἀληθῶς,
761 1048 829 1073 ἀπο-

35 1095 188 1130 φαινούσης
201 1094 246 1120 τὸν
263 1094 416 1129 ἄνθρωπον.
430 1094 466 1120 Σὺ
480 1093 508 1120 δέ
531 1103 586 1129 μοι,
603 1093 708 1125 τέκνον,
725 1093 761 1128 μὴ
776 1093 825 1128 μό-

33 1150 76 1167 νον
87 1140 106 1167 ἃ
118 1141 218 1175 γράφω
229 1139 375 1175 προθύμως
389 1140 570 1173 ἀναγίνωσκε,
586 1139 653 1166 ἀλλὰ
663 1139 708 1166 καὶ
721 1139 762 1166 διὰ
772 1139 825 1166 τῶν

33 1187 125 1220 ἔργων
145 1185 349 1221 προθυμότερον
366 1185 542 1218 ἐπιγίνωσκε.

878 913 1052 941 comparatos
1071 908 1155 941 pritts,
1172 913 1199 935 et
1218 909 1301 935 menti
1327 909 1535 943 prteinseulptos
1553 917 1641 936 mores
1657 918 1667 936 ε

877 953 949 980 unde
965 961 1071 980 summa
1087 959 1112 980 et
1129 954 1263 988 praecipua
1274 958 1394 989 poteSIas
1405 955 1536 982 accrescit
1550 956 1583 982 ad
1595 959 1670 983 recte

877 1000 1072 1035 Consequentia
1088 999 1296 1032 conformanda,
1317 1005 1345 1027 ut
1364 1001 1492 1028 nimirum
1509 1009 1557 1036 per
1573 1002 1666 1029 consi-

877 1048 940 1074 mile
952 1047 1071 1074 studintn
1084 1050 1110 1073 et
1123 1047 1291 1081 diligentiam
1310 1047 1471 1080 adhibitam,
1489 1049 1578 1076 virtus
1605 1052 1668 1076 lan-

878 1095 938 1120 dem
952 1099 1168 1121 constunmetur.
1188 1093 1216 1120 Ei
1232 1101 1324 1129 porro,
1339 1095 1385 1129 qui
1403 1095 1434 1122 ad
1453 1095 1527 1123 hunc
1555 1095 1669 1122 modum

880 1140 964 1166 Vitam
995 1147 1072 1167 suam
1107 1141 1292 1172 composuerit
1318 1145 1345 1167 et
1378 1141 1514 1173 direxerit,
1540 1141 1670 1168 olTerelur

881 1186 988 1212 tandem
1016 1193 1065 1220 pro
1087 1191 1164 1220 portu
1185 1191 1322 1219 senectus,
1337 1187 1459 1214 laborum
1473 1188 1593 1222 requies,
1606 1195 1670 1222 gau-

32 1234 67 1261 dii
84 1233 172 1269 (quod
184 1233 335 1261 secundum
360 1233 444 1260 Deum
460 1232 511 1269 est)
541 1234 747 1268 repositorium,
772 1241 827 1268 quo
848 1241 862 1260 ιι
877 1241 991 1268 corpore
1006 1234 1115 1262 dolores
1142 1234 1336 1265 amandanlur,
1359 1234 1540 1265 ocrultantur,
1553 1234 1670 1269 etplane

34 1285 132 1312 beatus
149 1282 231 1308 homo
247 1281 354 1308 tandem
372 1282 556 1310 renuntiatur.
579 1283 618 1310 Tn
637 1288 741 1314 autem,
769 1281 817 1313 illi,
840 1281 892 1314 fac,
913 1289 968 1308 non
1002 1286 1105 1309 tantum
1128 1286 1158 1309 ut
1183 1282 1321 1309 lubentius
1349 1282 1472 1316 perlegas
1490 1289 1552 1315 qua:
1584 1288 1599 1308 a
1626 1288 1670 1308 me

34 1330 219 1362 scribuntur;
235 1328 281 1356 sed
298 1328 384 1355 multo
395 1329 543 1356 studiosius
557 1330 652 1357 eadem
670 1337 717 1364 per
733 1329 907 1364 operationes
927 1328 1001 1362 ipsas
1016 1336 1191 1363 recognosce.

317 1395 485 1422 ΕΡΩΊἪΣΙΣ
497 1397 553 1424 ΣΖ’.

33 1462 107 1497 Περὶ
128 1462 200 1489 τοῖν
225 1472 234 1489 t
258 1463 313 1496 Θὲς
329 1463 387 1497 τὴν
402 1464 486 1498 χεᾷιιί
505 1472 563 1491 σου
583 1466 642 1492 ὑπὸ
664 1466 719 1493 τὸν
730 1467 827 1501 μηρόν

377 1508 447 1533 μου.
463 1509 472 1525 ι

221 1557 292 1581 Edita
305 1564 318 1582 a
327 1557 477 1582 Montacutlo
488 1559 539 1590 (ep.
551 1559 581 1584 74
591 1560 620 1583 ad
633 1559 744 1592 Eulamp.
763 1570 785 1593 p.
804 1564 935 1600 122,125).

75 1619 86 1635 ί
107 1610 158 1641 Θὲς
170 1612 220 1646 τὴν
236 1612 315 1646 χεῖρά
330 1618 376 1637 σου
387 1611 440 1638 ὑπὸ
457 1613 500 1639 τὸν
518 1615 605 1649 μηρόν
621 1623 682 1649 μου,
699 1625 707 1642 ι
721 1618 803 1652 φησὶν
816 1619 830 1645 ὁ
846 1616 866 1643 C

36 1657 212 1691 πατριάρχης
220 1656 346 1692 ’Δὸραάμ
358 1666 364 1672 ·
373 1657 419 1684 δύο
429 1659 514 1686 ταῦτα.
525 1661 687 1695 παραδηλῶν
695 1663 732 1698 τῷ
741 1673 832 1699 νυμφ⁴

39 1701 144 1736 αγωγῷ
163 1702 328 1736 προστάττει
349 1701 496 1737 Θεράποντι
512 1712 520 1720 υ
538 1704 566 1730 ἓν
588 1705 636 1739 μὲν
658 1707 706 1732 καὶ
722 1708 832 1742 πρόχει-

39 1755 99 1782 ρον,
116 1747 160 1773 τὸν
174 1748 257 1782 ὅρκον
271 1748 310 1779 εἰς
332 1748 362 1774 τὸ
374 1749 422 1782 τῆς
435 1750 585 1784 περιτομῆς
611 1752 759 1787 σεϐάσμιον
776 1754 832 1779 εἰσ-

38 1792 232 1828 πραττόμενος
242 1801 249 1808 ι
269 1792 395 1829 δεύτερον
414 1793 441 1819 δὲ
456 1794 503 1821 καὶ
516 1795 668 1829 νοούμενον,
693 1798 732 1828 εἰς
743 1797 788 1824 τὸν
803 1798 835 1831 ἐξ

38 1838 126 1865 αὑτοῦ
155 1838 359 1874 τεχθησόμενον
380 1839 497 1875 Χριστὸν
518 1841 564 1867 καὶ
582 1841 648 1868 Θεὸν
670 1843 749 1877 ἡμῶν
762 1853 768 1858 ·
791 1844 832 1870 δε-

39 1884 152 1918 σμεύων
162 1885 254 1916 αὐτὸν,
263 1886 309 1912 καὶ
324 1886 446 1922 εὐορκεῖν
456 1887 503 1913 ἐπὶ
515 1888 595 1914 πλέον
604 1889 830 1924 ἀσφαλιζόμενος,

38 1932 100 1965 ἅμα
123 1931 151 1957 δὲ
170 1933 217 1957 καὶ
237 1932 440 1968 προθυμότερον
456 1934 538 1960 αὑτὸν
557 1934 758 1969 ἐργαζόμενος,
784 1936 832 1963 ἆτε

37 1977 71 2010 δὴ
87 1977 187 2011 ἔφορον
199 1977 246 2003 καὶ
263 1978 389 2013 μάρτυρα
406 1979 459 2005 τῶν
471 1979 516 2005 ἐπὶ
529 1982 711 2016 νυμφαγωγὶᾳ
732 1982 831 2017 ὅρκων,

37 2023 89 2048 οὐκ
113 2023 195 2048 ἄλλον
216 2023 290 2058 αὑτῷ
311 2024 503 2058 ἐφιστάμενος,
525 2025 582 2052 ἀλλ’
603 2026 717 2059 ἐκεῖνον,
742 2027 772 2059 ὃς
786 2028 832 2054 καὶ

39 2068 253 2103 προϋπέσχετο,
280 2069 317 2101 ὡς
341 2070 375 2096 τὰ
407 2071 494 2106 ἄστρα
520 2072 567 2098 τοῦ
592 2072 718 2107 οὐρανοῦ,
755 2074 785 2100 τὸ
803 2075 833 2100 ἐν

45 2113 140 2141 Ἰσαὰκ
157 2114 241 2140 αὐτοῦ
257 2116 367 2151 σπέρμα
384 2115 620 2151 πληθυνθήσεσθαι
639 2126 646 2132 ·
665 2118 712 2144 καὶ
722 2119 832 2152 δυνατός

40 2161 98 2185 ἐστι
117 2159 206 2194 πέρας
221 2161 353 2187 ἐπιθεῖναι
368 2163 428 2193 ταῖς
443 2162 615 2197 ὑποσχέσεσι,
637 2164 682 2190 καὶ
694 2165 834 2200 ἀμεταμε-

38 2205 140 2240 λήτους
153 2203 208 2231 οἶδε
224 2206 272 2235 τὰς
294 2206 398 2241 δωρεὰς
418 2210 464 2234 καὶ
478 2209 526 2240 τὰς
540 2210 653 2244 χάριτας
666 2219 673 2225 ·
692 2211 832 2246 μονονουχὶ

39 2250 86 2276 καὶ
102 2250 280 2284 ἐννοούμενος
291 2252 338 2277 καὶ
355 2252 451 2285 λέγων,
468 2251 503 2278 Ὦ
518 2255 567 2279 παῖ
575 2253 620 2280 τοῦ
638 2254 704 2289 ἐμοῦ
720 2257 831 2289 γνησίου

40 2295 213 2328 νυμφαγωγέ
245 2295 358 2330 παιδὸς,
390 2297 600 2332 προθυμηθῆναι
617 2298 671 2324 δέοι
687 2301 766 2334 μόνον
797 2302 830 2335 τῇ

42 2340 196 2375 ὑπηρεσίᾳ,
217 2342 380 2376 προαίρεσιν
397 2343 543 2370 σπουδαίαν
570 2344 746 2377 εἰσενεγκεῖν,
765 2346 798 2372 τὰ
811 2346 833 2372 δ’

39 2387 106 2414 ἄλλα
130 2388 232 2422 ῥᾷστον
248 2388 341 2414 ἀνύσει
357 2389 371 2414 ὁ
396 2389 504 2423 καὶτῆς
518 2390 691 2424 ὁρκωμοσίας
713 2391 834 2425 ἐπόπτης
860 2386 867 2392 “

38 2433 84 2459 καὶ
97 2433 218 2467 μάρτυς,
232 2434 280 2459 καὶ
293 2435 342 2464 τὰς
357 2434 407 2468 τῆς
420 2434 598 2465 πολυπαιδίας
611 2436 771 2470 ὑποσχέσεις
785 2437 834 2464 δω-

40 2479 211 2513 ρησάμενος.
232 2479 287 2505 Καὶ
306 2480 355 2514 ὅρα
371 2479 408 2511 ὡς
432 2480 562 2514 φιλοϐέως
578 2480 636 2507 λίαν
655 2481 701 2507 καὶ
722 2482 834 2513 εἰκότως

38 2526 81 2550 τὶν
99 2526 150 2551 ἐπὶ
171 2524 330 2561 παιδογονίᾳ
353 2526 400 2552 τοῦ
417 2526 482 2552 Υίοῦ
497 2528 610 2562 μεσίτην
627 2527 765 2561 ἐσόμενον,
783 2527 833 2562 τῆς

38 2572 193 2606 σφραγῖῖος
208 2572 370 2606 ἁπτόμενον,
390 2572 423 2607 ἣν
444 2574 492 2608 τῆς
517 2574 545 2599 ἐν
565 2573 655 2599 πίστει
672 2572 833 2606 πολυγονίας

39 2619 157 2652 σημεῖον
175 2617 285 2650 ἐλαϐεν,
295 2618 406 2652 ὀμνύειν
420 2619 602 2654 προσέταττεν
616 2628 622 2634 ·
638 2619 682 2645 ἵνα
692 2620 782 2654 εἴπῃς,
803 2619 833 2645 '0

37 2663 99 2694 ἰούς
115 2672 165 2698 μοι
179 2663 230 2698 τὴν
247 2664 407 2698 περιτομὴν,
427 2665 507 2696 αὐτὸς
524 2665 608 2691 ἔδωκε
631 2665 661 2691 τὸ
679 2665 728 2700 μὲν
742 2665 833 2691 Χανα-

36 2713 113 2737 ναίον
129 2710 224 2745 γένος,
234 2710 302 2744 μεθ’
312 2706 348 2736 ὧν
360 2710 414 2744 ἐγὼ
430 2710 562 2745 παροικῶ,
577 2711 723 2746 ἐπάρατον,
737 2712 766 2737 ἐν
784 2711 830 2737 εὑ-

33 2755 183 2790 ὶογίαιςόὲ
197 2756 377 2791 τδήμέτερον.
387 2757 451 2783 Ἰδοὺ
465 2756 553 2782 τοίνυν
567 2757 617 2791 τῆς
630 2758 703 2788 Usta;
713 2756 831 2790 ἐφαπτό-

36 2810 119 2834 μενον
140 2801 302 2836 σφραγῖδος,
314 2801 359 2828 τὸν
373 2801 521 2836 νομοθέτην
539 2801 641 2836 ταύτης
654 2802 767 2836 ὀμνύναι
784 2810 830 2827 κε-

35 2847 120 2880 λεύω,
141 2847 179 2882 μὴ
194 2847 227 2873 ἂν
240 2846 328 2878 ἄλλως
343 2848 437 2879 ποιεῖν,
452 2847 468 2882 ἢ
479 2847 516 2878 ὡς
529 2847 624 2882 ἐκείνῳ
638 2847 677 2882 τῷ
690 2847 737 2882 τῆς
749 2847 831 2874 πολυ-

933 1394 1099 1428 ΩΗᾹΞΞΤΙΟ
1114 1395 1202 1423 CCVII
1217 1394 1310 1430 [CoixL
1342 1394 1507 1427 CCXXXVI,
1529 1395 1615 1423 Taur.

1190 1429 1329 1459 ccxxvu
1340 1430 1359 1466 1.

879 1475 918 1503 De
950 1475 1008 1503 loco
1035 1477 1093 1510 illo,
1118 1487 1126 1502 ι
1143 1477 1213 1504 [’one
1237 1485 1345 1504 mnuum
1378 1481 1450 1502 tuam
1478 1484 1556 1511 super
1583 1476 1671 1511 femur

1217 1521 1313 1538 meum.
1330 1522 1339 1538 Ι

946 1582 973 1587 -
983 1570 1130 1602 Explanath
1144 1571 1274 1596 verborum
1288 1571 1351 1596 Gen.
1364 1578 1432 1600 xxxv.
1445 1572 1469 1596 2.

922 1624 930 1639 t
947 1614 1020 1642 Pone
1039 1624 1148 1642 manum
1165 1620 1239 1642 tuam
1261 1617 1312 1643 sub
1338 1616 1439 1643 fortiore
1454 1623 1525 1647 meo,
1544 1624 1553 1640 ι
1582 1615 1671 1650 inquit

883 1659 1058 1688 Abrahamus
1075 1662 1229 1696 patriarcha
1248 1670 1254 1687 :
1273 1662 1328 1689 duo
1341 1663 1390 1689 ista
1418 1662 1595 1689 subimlicans
1617 1662 1670 1688 tui-

883 1705 970 1731 nistro
984 1706 1183 1740 nymphagogo,
1200 1706 1226 1732 in
1241 1706 1378 1734 mandalis
1390 1707 1436 1733 dat
1452 1715 1459 1733 :
1478 1707 1552 1741 prius
1563 1712 1615 1738 est.
1643 1711 1670 1734 et

884 1749 910 1775 in
930 1755 1068 1784 promptu,
1091 1751 1164 1785 quod
1177 1751 1369 1786 jusjurandum
1390 1752 1416 1778 in
1431 1751 1535 1778 honore
1550 1752 1669 1781 circum-

883 1795 995 1822 cisionis
1020 1795 1146 1829 inducit;
1165 1797 1314 1824 secundum
1339 1803 1379 1824 est
1398 1802 1425 1824 et
1438 1797 1668 1830 subintellectum,

883 1841 909 1868 id
925 1841 996 1876 quod
1011 1841 1044 1869 ad
1064 1849 1127 1869 eum
1148 1842 1263 1869 refertur
1275 1843 1321 1878 qui
1337 1851 1370 1870 ex
1383 1850 1413 1870 se
1429 1843 1584 1871 nasciturus
1599 1848 1669 1875 erat.

883 1886 1022 1914 Christum
1036 1886 1121 1914 Deum
1142 1895 1283 1922 nostrum;
1300 1889 1418 1916 vinculis
1445 1897 1508 1916 eum
1536 1889 1671 1916 constrin-

883 1939 960 1966 gens.
975 1936 1001 1959 et
1015 1936 1089 1959 recte
1102 1933 1221 1967 jurando
1241 1934 1406 1962 conﬁrmans
1423 1933 1512 1965 illum,
1529 1941 1562 1961 ac
1577 1935 1668 1968 ipsum

882 1977 998 2004 reddens
1010 1977 1205 2012 promptiorem
1222 1979 1255 2005 ad
1267 1979 1439 2013 exsequenda
1466 1979 1604 2012 mandata,
1628 1980 1669 2006 in-

883 2028 1035 2057 spectorem
1058 2028 1084 2050 et
1096 2027 1202 2056 testem,
1229 2025 1408 2052 concilianda:
1421 2025 1516 2052 uxoris
1543 2025 1569 2052 in
1586 2033 1670 2060 nego-

883 2069 932 2101 tio.
947 2069 1126 2104 jurisjurandi
1141 2077 1215 2103 eum,
1231 2070 1355 2104 inquam,
1372 2070 1563 2105 pratponendo,
1574 2075 1601 2098 et
1616 2078 1670 2098 non

884 2115 978 2148 alium,
995 2114 1042 2149 qui
1064 2115 1142 2150 prius
1172 2116 1337 2150 promiserat
1363 2116 1497 2149 futurum,
1528 2122 1557 2144 ut
1577 2125 1670 2145 semen

884 2160 970 2195 ipsius
985 2161 1018 2188 de
1053 2161 1147 2189 Isaaco
1180 2162 1408 2196 multiplicaretuv
1441 2163 1670 2197 quemadmodum

884 2207 945 2234 curii
971 2207 1085 2235 sidera:
1113 2208 1214 2243 quibus
1243 2208 1386 2243 promissis
1406 2208 1670 2235 consummationem

885 2253 1014 2281 inducere
1029 2259 1138 2288 poterat
1153 2255 1199 2289 qui
1217 2255 1288 2282 dona
1306 2262 1353 2281 sua
1371 2258 1453 2289 atque
1480 2254 1583 2288 gratias
1611 2255 1671 2282 sine

884 2300 1044 2334 pmnitentia
1063 2300 1205 2334 elargitur,
1224 2305 1327 2327 tantum
1346 2308 1399 2327 non
1414 2300 1580 2333 cogitatione
1595 2307 1670 2327 eum-

883 2346 978 2379 plexns
993 2349 1020 2372 et
1037 2345 1134 2372 ell'atus
1154 2346 1206 2372 ista
1221 2354 1228 2373 :
1244 2346 1264 2372 0
1289 2345 1391 2373 famule
1417 2345 1607 2380 nymphagoge
1622 2352 1670 2379 ge-

883 2391 959 2418 nuini
974 2391 1026 2418 tnei
1043 2391 1102 2424 lilii,
1116 2399 1184 2426 opus
1203 2396 1308 2418 tantum
1324 2391 1371 2419 tibi
1389 2396 1431 2418 est
1447 2395 1476 2418 ut
1491 2395 1616 2425 Prompto
1632 2392 1670 2418 sis

883 2436 975 2463 animo
990 2440 1017 2462 et
1033 2437 1204 2471 propositum
1222 2436 1346 2463 sedulum
1359 2436 1386 2463 in
1400 2435 1575 2470 exsequendo
1597 2443 1670 2469 pra:-

884 2488 938 2509 stes
954 2482 1114 2513 ministerio,
1138 2486 1234 2508 caetera
1252 2482 1301 2508 levi
1317 2482 1429 2509 brachio
1444 2481 1598 2515 perlicietis,
1623 2483 1669 2515 qtti

878 2527 1033 2562 jusjurandi
1051 2532 1161 2554 curator
1176 2532 1203 2554 et
1220 2528 1295 2554 testis
1321 2528 1474 2558 adhibetur,
1490 2527 1536 2562 qui
1555 2527 1587 2554 de
1600 2527 1670 2553 mul-

883 2573 1030 2606 tiplicanda
1046 2573 1122 2607 prole
1138 2573 1285 2606 stipulatus
1298 2579 1349 2599 est.
1368 2572 1476 2599 Videsis
1493 2578 1584 2599 autem
1602 2572 1668 2598 mihi

881 2624 985 2652 quanto
998 2626 1060 2645 eum
1076 2625 1169 2644 amore
1183 2616 1240 2650 Dei,
1254 2623 1280 2644 et
1293 2626 1374 2652 quam
1390 2618 1463 2652 jnste
1490 2617 1669 2644 niediatOrem

883 2663 1004 2690 futurum
1019 2664 1230 2698 multiplicandae
1256 2664 1281 2690 in
1298 2664 1352 2690 lilio
1386 2664 1469 2696 prolis
1501 2671 1549 2698 per
1572 2668 1677 2690 conta-‘

885 2715 958 2736 ctum
976 2710 1069 2744 sigilli,
1086 2709 1158 2745 quod
1178 2709 1307 2736 indicium
1325 2710 1462 2737 lidelilatis
1479 2710 1505 2736 in
1530 2709 1581 2737 [ide
1595 2709 1671 2745 poly-

885 2756 972 2789 gonia:
992 2759 1143 2790 acceperat,
1155 2755 1248 2789 jurare
1261 2755 1353 2788 jussit,
1383 2755 1460 2789 quasi
1476 2755 1578 2782 diceret
1593 2765 1600 2782 :
1618 2754 1670 2787 Qui

884 2801 958 2828 dedit
970 2801 1036 2828 mihi
1055 2801 1304 2833 circumcisionem.
1317 2801 1534 2828 Chanameorum
1564 2806 1672 2836 gentem

887 2847 959 2874 inter
987 2855 1057 2881 quos
1085 2847 1235 2882 inquilinus
1252 2854 1357 2880 versor,
1374 2852 1544 2875 exsecratum
1580 2847 1670 2878 habet,
