1874 3070
231 126 284 158 955

807 122 941 152 PHOTII
955 122 1209 153 PATRIARCH/E
1222 123 1276 154 (ΣΡ.

1792 126 1835 158 9543

231 188 353 211 nostram
372 188 436 208 vero
465 181 647 208 bencdictam.
665 179 734 208 Vide
749 179 841 215 igitur,
855 185 884 207 ut
898 184 923 208 te
933 180 986 207 divi

1075 181 1178 212 τεκνίας
1193 181 1296 216 δοτῆρι,
1319 180 1497 217 χαριούμεθα,
1509 181 1538 215 ἐξ
1549 181 1693 216 ὁμογενοῦς
1707 191 1837 219 νυμφαπω-

233 229 314 264 sigilli
344 231 471 254 conlactu
493 226 676 261 legislatorem
699 227 759 260 ejus
783 226 909 261 adjuvare
923 226 1016 261 jubeo.

232 281 257 303 te
271 283 324 302 non
340 275 420 301 aliter
440 273 576 301 facturum
599 280 682 308 quam
698 273 793 308 utipsi
817 274 901 308 prolis
925 273 1019 300 multi-

231 322 336 356 plicata:
353 320 475 354 largitori
491 323 599 354 gratum
614 323 641 346 et
671 323 812 354 acceptum
844 319 936 352 fuerit,
967 319 1020 346 hoc

230 372 282 398 est,
298 371 327 393 ut
341 366 373 393 de
392 366 555 399 cognatione
572 365 689 399 puellam
705 372 764 392 meo
783 364 838 391 ﬁlio
872 368 1018 399 nupturam

231 412 375 439 concilies.
390 410 418 437 In
438 410 489 437 hoc
504 415 596 436 autem
623 410 682 444 ipso
709 409 736 436 id
758 414 886 444 praestare
915 409 1020 436 videtur

231 458 309 489 mihi,
325 457 398 491 quod
413 456 446 487 is,
460 457 506 490 qui
525 455 620 483 eodem
646 455 727 482 modo
740 455 868 490 pietatem
891 455 917 481 in
935 453 1019 481 Deum

232 505 307 535 colit,
324 504 375 531 sub
394 503 479 538 gratia
497 503 602 534 vivens,
625 506 734 528 curaret
755 501 908 535 diligenter,
922 507 1020 534 nempe

232 551 259 577 in
279 549 398 576 medium
419 547 571 582 producens
585 547 670 574 divini
686 550 713 573 et
734 546 863 574 salutaris
891 545 1019 580 baptismi

233 595 359 629 insignia,
377 598 403 620 ct
414 593 545 629 symbola.
563 593 613 619 hoc
627 596 680 624 est,
700 592 797 619 stolam
809 591 944 624 albam,et
959 598 1020 625 qua:

231 644 328 666 caetera
352 643 476 673 spectant
491 638 524 664 ad
537 637 603 664 illud
627 637 741 669 donum,
767 643 799 663 ac
823 635 951 670 deinceps
978 636 1019 663 his

231 684 365 712 contactis
377 684 486 718 juberet
502 692 564 710 eum
580 683 628 718 qui
642 682 815 717 proﬁteretur
837 689 867 709 se
883 681 1018 708 facturum

232 732 304 766 quod
331 731 501 759 mandaverit
525 731 666 765 conceptis
691 729 781 757 verbis
802 729 906 764 jurare.
932 729 1019 756 Habes

232 777 281 810 ita,
298 778 407 811 opinor,
427 784 474 811 per
497 775 640 810 epistolam
674 775 860 810 praescriptam
878 782 960 809 quam
977 782 1021 801 se-

1066 227 1149 263 γῆσαι
1168 228 1253 263 κόρην
1266 226 1305 263 τῷ
1319 227 1406 254 παιδί.
1421 228 1548 254 Τοιοῦτόν
1563 229 1591 255 τί
1611 237 1657 264 μοι
1670 229 1792 265 πράττειν
1803 232 1837 257 ὀο-

1067 274 1135 306 κῶν,
1147 274 1240 300 ὁποῖόν
1264 283 1291 301 τι
1309 274 1365 301 τῶν
1378 274 1490 309 ὁμοίων,
1512 275 1628 311 εὐσεϐὴς
1644 275 1724 311 ἀνὴρ.
1742 277 1837 304 καὶτῶν

1068 319 1097 345 ἐν
1112 321 1145 354 τῇ
1162 320 1263 355 χάριτι,
1279 320 1480 356 διαπραχθῆναι
1495 321 1659 356 ποιούμενος
1683 322 1836 358 σπούδασμιι,

1069 365 1139 392 αὐτά
1169 374 1220 392 που
1252 366 1420 401 προθέμενος
1442 367 1477 393 τὰ
1500 367 1547 394 τοῦ
1569 367 1642 394 θείου
1657 367 1705 394 καὶ
1722 370 1838 403 σωτηρίου

1071 411 1259 446 βαπτίσματος
1277 413 1411 448 σύμϐολα,
1427 414 1477 449 τήν
1492 423 1523 440 τε
1543 414 1644 450 λευκήν
1657 423 1729 450 φημι
1749 416 1838 451 στολὴν,

1070 456 1116 482 καὶ
1139 457 1174 484 τὰ
1197 458 1279 484 λοιπὰ
1301 458 1348 484 τοῦ
1376 457 1463 493 δώρου
1493 460 1656 494 παράσημα,
1672 458 1732 486 εἶτα
1754 460 1838 486 τούτων

1072 503 1235 538 ἁπτόμενον,
1253 504 1293 535 εἰς
1306 503 1376 530 αὐτὰ
1386 504 1432 531 τὸν
1446 505 1527 540 ὅρκον
1539 506 1650 540 ὑπέχειν
1661 506 1785 541 ἀπαιτοίη
1805 507 1840 532 τὸν

1070 547 1259 582 ὑπεσχημένον
1281 548 1503 584 ὑπηρετήσασθαι
1525 550 1564 586 τῷ
1585 550 1744 586 βουλήματι.
1765 551 1840 587 Ἔχεις

1068 594 1224 629 τοιγαροῦν,
1237 595 1297 621 κατ’
1307 595 1462 630 ἐπιστολὴν,
1474 597 1506 623 ἐκ
1522 596 1576 623 τῶν
1586 597 1749 632 εἰρημένων,
1763 595 1840 632 οἶμαι,

1073 639 1103 665 τό
1124 649 1154 666 τε
1168 639 1279 672 εὔλογον
1303 642 1351 667 καὶ
1365 641 1512 668 ἀκόλουθον
1535 643 1583 669 καὶ
1611 642 1734 677 Θεοφιλὲς
1744 643 1789 677 τῆς
1804 642 1842 668 τοῦ

1073 687 1168 712 πιστοῦ
1190 687 1315 723 Ἀϐραὰμ
1329 688 1447 719 διανοίας
1461 690 1508 716 καὶ
1522 689 1648 725 πράξεως
1662 699 1669 705 ·
1684 689 1718 716 δι’
1732 687 1768 717 ὧν
1781 690 1842 722 λογι-

1074 731 1141 766 σμὸς
1156 731 1228 763 ἄπας
1242 733 1351 768 χυδαῐος
1367 735 1414 761 καὶ
1427 736 1621 770 πεπατημένος
1640 735 1686 762 καὶ
1701 734 1844 770 ἀντικείμε-

1073 783 1117 806 νος
1130 775 1321 806 ἀπελαύνεται.

232 826 352 851 cumtum
369 831 470 852 rectam
481 825 625 856 rationem,
661 831 743 858 quam
776 823 877 858 justam
913 823 1135 857 consequentiam
1161 830 1185 852 et
1207 826 1334 860 pietatem
1361 826 1387 853 in
1409 826 1493 854 Dcum
1522 827 1611 855 tidelis
1635 827 1781 860 Abraham,
1797 826 1845 854 haec

233 871 377 899 meditatus
409 876 437 898 et
470 874 599 906 operatus
621 869 737 897 fuerat:
765 877 830 904 ergo
861 870 993 905 cogitatio
1021 871 1111 898 omnis
1137 871 1215 905 vilis,
1236 873 1353 908 projecta
1370 893 1378 906 ,
1410 877 1437 900 et
1469 872 1598 908 adversa.
1616 874 1725 900 veritati
1766 873 1844 900 exclu-

232 918 323 944 datur.

268 973 431 1008 QUIESTIO
458 973 558 1001 CCVIII
586 973 680 1010 [CoisL
707 973 984 1008 CCXXXVII,Taur.

524 1019 678 1047 ccxxvm
693 1020 713 1056 ].

1341 974 1509 1002 ΕΡΩΤΗΣΙΣ
1530 975 1593 1001 ΣΙΓ.

517 1084 589 1110 Edita
598 1093 611 1110 a
625 1085 773 1110 Montacutio
786 1086 838 1118 (ep.
854 1087 884 1111 75
896 1087 926 1111 ad
938 1087 986 1112 Eus

1082 1093 1107 1118 ι).
1123 1086 1188 1117 tu).
1199 1098 1230 1104 -
1242 1086 1270 1111 In
1284 1086 1470 1118 Mare.vm,15,
1487 1087 1577 1117 17,18.

269 1129 341 1164 Quid
356 1135 396 1158 est
412 1130 482 1166 quod
498 1135 638 1165 tantopere
651 1130 759 1158 miraris
781 1130 977 1166 discipulorum
988 1131 1020 1158 de
1035 1134 1058 1163 Β

234 1178 350 1213 panibus
362 1177 580 1208 obdurationem,
592 1181 622 1204 ut
631 1177 764 1210 dicas,An
774 1184 827 1204 non
836 1177 977 1205 viderant?
986 1186 1020 1204 an

235 1232 288 1251 non
305 1224 423 1258 ipsorum
438 1223 508 1250 oculi
522 1229 546 1250 ct
561 1231 658 1250 manus
673 1223 863 1250 ministrabant
877 1223 1026 1250 miraculo?

236 1278 368 1304 quorsum
386 1269 438 1297 illis
453 1278 507 1296 non
523 1268 659 1296 credunt?
671 1269 807 1303 quomodo
819 1277 873 1296 non
892 1269 1024 1304 intellige-

236 1315 319 1342 bant?
333 1315 470 1350 quomodo
493 1315 568 1342 obliti
581 1320 643 1342 sunt
654 1314 664 1341 ἲ
676 1314 754 1342 Certe
772 1319 870 1349 potest,
887 1314 950 1341 licet
967 1322 1021 1342 non

238 1367 387 1395 tantopere,
399 1361 562 1391 addubitari,
574 1361 619 1387 sed
632 1360 721 1395 potius
730 1361 780 1387 rite
790 1361 852 1387 huic
860 1360 1022 1387 dnbilattoni

237 1407 446 1434 occurrendum.
472 1406 537 1439 Qum
570 1407 733 1441 gerebantur
755 1407 882 1434 videbant
907 1407 1023 1441 propriis

236 1453 323 1480 oculis
335 1457 360 1479 et
372 1452 497 1479 manibus
507 1453 720 1485 contreetabant,
731 1460 780 1479 nec
793 1452 955 1488 difﬁdebant,
973 1460 1024 1480 nec

237 1504 332 1526 contra
340 1499 510 1532 pugnabant;
522 1505 579 1524 rem
590 1502 691 1532 gestam
705 1498 888 1530 intuebantur,
897 1503 924 1524 et
936 1498 1022 1525 visam

237 1544 436 1577 obstupebant,
454 1551 517 1570 nam
535 1551 588 1570 non
613 1543 750 1578 quomodo
762 1544 931 1578 insipientes,
945 1543 1023 1570 oblu-

238 1594 357 1620 ctantes,
378 1589 548 1623 impudentes
571 1589 598 1615 in
611 1589 738 1615 omnibus
751 1582 836 1616 Judaai
850 1594 877 1616 et
892 1589 942 1624 ipsi
963 1589 1024 1616 ani-

237 1635 304 1662 mati
315 1640 403 1668 erant,
425 1643 519 1662 verum
532 1642 585 1662 non
601 1635 634 1662 ad
659 1635 833 1670 perfectionis
859 1636 972 1670 gradum
995 1644 1025 1663 a-

238 1682 411 1713 scenderant,
427 1682 474 1709 sed
490 1681 566 1708 illum
584 1681 723 1716 quomodo
736 1689 751 1709 e
766 1681 868 1709 sanctis
883 1683 947 1708 olim
963 1689 1024 1716 pro-

239 1729 328 1763 phetis
350 1728 460 1763 quidam
479 1728 526 1754 ubi
541 1733 567 1754 et
585 1728 695 1762 quando
712 1727 802 1754 divina
814 1728 900 1763 gratia
915 1727 1023 1756 albave-

1109 1130 1140 1156 Τί
1159 1129 1308 1164 Θαυμάζεις
1321 1129 1382 1156 λίαν
1394 1132 1444 1164 τὴν
1460 1131 1505 1156 ἐπὶ
1524 1132 1582 1162 τοῖς
1597 1130 1691 1165 ἄρτοις
1701 1130 1757 1158 τῶν
1770 1131 1846 1167 p.an-

1072 1176 1126 1203 τῶν
1141 1176 1280 1210 πώρωσιν,
1292 1177 1338 1202 καὶ
1355 1175 1452 1210 λέγεις,
1470 1174 1543 1211 *Λρα
1553 1177 1608 1212 γὰρ
1618 1177 1667 1212 οὑχ
1683 1177 1791 1213 ὲώρων;
1803 1177 1847 1213 ἄρα.

1073 1224 1126 1258 γὰρ
1138 1224 1193 1252 τοῖς
1217 1223 1328 1253 οἰκείοις
1340 1222 1489 1256 όψθαλμοῖς
1503 1223 1550 1250 καὶ
1566 1224 1625 1255 ταῖς
1647 1225 1743 1258 χερσὶν
1759 1225 1848 1258 ὑπηρε-

1072 1269 1217 1305 τουμέναις
1233 1269 1364 1303 ἠπίστουν
1381 1268 1420 1304 τῷ
1433 1269 1569 1304 θαύματι;
1588 1269 1646 1301 πῶς
1658 1271 1689 1296 οὐ
1707 1270 1847 1306 συνῄεσανς

1074 1313 1133 1346 πῶς
1149 1313 1330 1346 ὲπε).άοοντο;
1353 1313 1430 1340 Ἐστι
1444 1314 1494 1348 μὲν
1507 1313 1573 1348 γὰρ,
1587 1315 1611 1340 εί
1623 1315 1670 1340 καὶ
1683 1315 1722 1350 μὴ
1740 1316 1784 1342 ἐπὶ
1796 1323 1848 1340 τοσ‹

1073 1359 1161 1388 οὖτον.
1179 1359 1291 1394 ἀπορεῖν
1306 1367 1314 1374 ·
1342 1359 1399 1385 ἀλλ’
1411 1359 1469 1385 ἐστι
1485 1358 1565 1385 πλέον
1575 1359 1663 1394 ὀρθῶς
1674 1360 1723 1386 καὶ
1738 1360 1850 1393 ἐννοῆσαι

1074 1405 1123 1432 καὶ
1144 1404 1334 1436 ἐπιλύσασθαι,
1355 1405 1396 1432 ὅτι
1411 1406 1459 1432 καὶ
1479 1405 1515 1432 τὰ
1537 1406 1715 1441 πραττόμενα
1737 1406 1850 1436 ἔϐλεπον,

1075 1450 1121 1477 καί
1137 1450 1199 1476 οὔτε
1209 1451 1265 1481 τοῖς
1279 1450 1410 1485 δμμασιν,
1421 1449 1481 1477 οὔτε
1492 1452 1553 1481 ταῖς
1568 1450 1683 1481 οἰκείαις
1695 1451 1775 1486 χιρσὶ
1784 1451 1853 1485 διημ-

1075 1496 1223 1531 φισϐήτουν
1248 1495 1295 1522 καὶ
1317 1496 1511 1530 ἀπεμάχοντο·
1536 1495 1605 1522 ἀλλὰ
1637 1495 1728 1522 ταῦτα.
1752 1495 1800 1531 μὲν
1816 1495 1854 1520 καὶ

1075 1540 1180 1576 ἐώρων,
1191 1540 1238 1566 καὶ
1251 1539 1370 1575 ᾔδεισαν,
1383 1539 1430 1566 καὶ
1443 1539 1608 1574 ἐθαύμαζον.
1630 1539 1698 1566 Οὔτε
1712 1540 1771 1575 γὰρ
1783 1538 1854 1573 ἀνοή-

1074 1595 1141 1618 τοις,
1155 1584 1217 1612 οὔτε
1231 1585 1350 1619 τυφλοῖς,
1365 1584 1427 1611 οὔτε
1434 1586 1490 1616 τοῖς
1498 1585 1566 1620 πρὸς
1577 1585 1685 1612 ἅπαντα
1697 1586 1854 1621 μαχομένοις

1076 1632 1123 1659 καὶ
1136 1631 1359 1666 ἀναισχυντοῦσιν
1367 1631 1503 1662 Ἰουδαίοις
1515 1631 1710 1666 παραπλησίως
1723 1632 1853 1659 διέκειντο,

1081 1677 1151 1704 Ἀλλ’
1166 1676 1242 1703 οὔπω
1256 1677 1323 1712 πρὸς
1337 1677 1367 1702 τὸ
1383 1670 1485 1702 τέλειον
1501 1676 1701 1712 ἀναϐεϐηκότες
1710 1697 1722 1709 ,
1742 1677 1803 1703 καθ’
1817 1676 1856 1702 ἕνα

1075 1722 1137 1749 τινὰ
1147 1722 1201 1749 τῶν
1215 1722 1300 1748 πάλαι
1313 1722 1396 1756 ἁγίων
1410 1722 1457 1749 καὶ
1472 1722 1630 1757 προφητῶν,
1648 1722 1694 1748 καὶ
1708 1723 1788 1749 ὁπότ’
1802 1722 1832 1748 ἂν
1844 1722 1855 1753 ἡ

240 1775 286 1806 rit,
304 1781 357 1801 non
379 1778 507 1808 tauquam
533 1773 618 1800 Deum
646 1773 849 1800 arbitrabantur
866 1775 986 1809 magistri

1076 1769 1178 1796 ἄνωθεν
1195 1768 1275 1803 χάρις
1287 1768 1427 1804 ἐπινεύσῃ,
1445 1767 1503 1794 ἀλλ’
1519 1768 1567 1802 οὐχ
1580 1767 1617 1799 ὠς
1631 1767 1708 1800 Θεὸν,
1733 1768 1782 1794 καὶ
1797 1767 1858 1794 κατὰ

238 1826 316 1846 suum
333 1826 394 1846 cum
410 1818 483 1844 omni
505 1823 638 1852 potestate
652 1823 678 1845 et
691 1819 813 1846 dominio
827 1819 918 1846 divina
947 1819 1024 1854 signa

238 1864 530 1898 patrarezquocirca,
563 1871 624 1890 cum
655 1864 765 1891 unicum
796 1869 900 1891 tantum
932 1872 1024 1892 secum

239 1917 336 1943 panem
362 1910 520 1941 attulerant,
554 1910 599 1935 ubi
623 1916 685 1936 eum
706 1909 846 1936 audissent
867 1910 1023 1940 dicentem:

241 1963 251 1980 ε
267 1954 399 1980 Cavereut
414 1961 428 1980 a
441 1953 576 1980 fermento
592 1953 803 1986 Pharismorum,
824 1963 834 1980 ι
848 1962 910 1981 cum
929 1955 1026 1989 nequi-

240 2005 310 2032 rent,
330 2000 401 2034 quod
413 1999 544 2030 diximus,
559 2006 667 2034 capere,
686 2000 758 2034 quod
773 2007 806 2026 ex
817 1999 907 2034 Seipso
919 2007 1026 2034 semper

239 2053 288 2080 pro
312 2052 418 2072 summa
447 2049 581 2079 potestate
610 2050 713 2079 poterat
735 2045 828 2072 omnia
857 2052 918 2079 qua:
939 2046 1026 2072 voluit

239 2091 339 2123 facere,
357 2090 382 2116 in
400 2090 620 2124 disquisitionem
635 2091 708 2117 illam
721 2090 856 2117 devenere
870 2091 942 2118 unde
966 2092 1024 2118 ale-

240 2139 342 2161 rentur.
357 2133 414 2161 IIoc
429 2134 555 2162 incusato
568 2135 700 2163 Delninus
716 2143 770 2162 non
785 2135 884 2169 injuria
897 2136 1024 2163 duritiem

199 2203 201 2206 .
240 2180 293 2207 illis
319 2180 446 2215 imputat,
469 2181 541 2215 quod
564 2181 686 2207 nomium
711 2180 808 2208 divina:
828 2186 931 2209 natura:
959 2190 1026 2210 con-

239 2234 335 2260 gruam
366 2231 393 2253 et
417 2226 568 2253 humanum
597 2225 738 2253 modulum
764 2231 961 2263 transgressam
991 2230 1025 2257 de

239 2279 298 2307 ipso
309 2272 465 2306 opinionem
483 2277 637 2299 tuerentur.

273 2319 438 2352 Quassno
457 2318 536 2346 cctx
563 2317 881 2355 lggjgttecxxxvui,
905 2320 988 2349 Taur.

552 2353 704 2390 ecxxuq.

289 2400 383 2428 Eidem
401 2400 548 2432 dubitanti,
569 2401 618 2426 (Αι
636 2401 686 2434 ἰρεὶ
699 2410 750 2428 non
766 2402 959 2430 intellexerunt.
978 2413 986 2429 ι

1076 1816 1166 1841 πᾶσαν
1174 1814 1299 1847 ἐξουσίαν
1313 1813 1361 1840 καὶ
1369 1813 1528 1849 κυριότητα,
1541 1815 1587 1840 τὸν
1601 1813 1764 1840 διδάσκαλον
1779 1814 1857 1839 αὐτῶν

1075 1860 1209 1887 ἐπιτελεῖν
1222 1860 1271 1891 τὰς
1287 1859 1460 1894 θεοσημεεας,
1480 1858 1605 1894 ἐνόμιζον
1621 1867 1628 1874 ·
1651 1858 1685 1885 δι’
1697 1859 1714 1885 ὃ
1735 1860 1785 1886 καὶ
1799 1858 1858 1893 πλὴν

1076 1908 1135 1938 ἑνὸς
1162 1906 1200 1942 μὴ
1227 1907 1453 1941 συνεπιφέροντες
1481 1906 1588 1937 ἑαυτοῖς
1615 1905 1728 1941 ἄρτους,
1752 1907 1858 1938 ἐπείπερ

1075 1953 1193 1988 ἥκουσαν
1215 1953 1281 1987 παρ’
1297 1952 1391 1984 αὐτοῦ,
1407 1952 1550 1987 προσέχειν
1561 1951 1615 1978 ἀπὸ
1627 1951 1677 1986 τῆς
1699 1952 1792 1987 ζύμης
1813 1951 1859 1977 τῶν

1074 1997 1239 2032 Φαρισαίων,
1265 1998 1314 2024 οὐκ
1338 1997 1456 2032 ἔχοντες,
1472 1998 1541 2033 ὅπερ
1566 1997 1691 2032 ἔφημεν,
1708 1998 1748 2029 ὼς
1775 1997 1804 2029 ἐξ
1819 1998 1858 2022 αι-

1075 2043 1134 2075 τοῦ,
1150 2044 1198 2071 καὶ
1209 2044 1262 2077 ἀεὶ,
1289 2044 1337 2070 καὶ
1353 2043 1497 2075 αὐθεντίας
1519 2044 1615 2079 κράτει
1632 2044 1749 2076 δυνατός
1762 2046 1832 2071 ἐστιν
1845 2044 1859 2068 ἃ

1076 2089 1199 2125 βούλεται
1216 2090 1357 2125 πράττειν,
1372 2091 1411 2121 εἰς
1422 2089 1614 2125 διαλογισμοὺς
1635 2089 1682 2116 τοῦ
1695 2090 1757 2122 πῶς
1771 2091 1803 2116 ἂν
1813 2089 1856 2115 δια·

1075 2137 1204 2171 τραφεῖεν
1225 2136 1417 2172 ἀπηνέχθησαν
1434 2144 1441 2151 ·
1469 2137 1518 2163 καὶ
1539 2136 1619 2163 τοῦτο
1641 2136 1859 2171 αἱτιασάμενοςό

1075 2182 1224 2216 Δεσπότης,
1240 2181 1280 2207 ὅτι
1296 2183 1333 2216 μὴ
1349 2191 1392 2208 πω
1404 2182 1542 2217 θεοπρεπῆ
1562 2183 1609 2208 καὶ
1622 2183 1674 2209 τῶν
1686 2182 1859 2218 ἀνθρωπίνων

1075 2227 1294 2262 ὑπερανέχουσαν
1307 2227 1424 2264 μέτρων,
1446 2229 1495 2264 τὴν
1512 2231 1576 2264 περὶ
1591 2228 1674 2256 αὑτοῦ
1688 2229 1772 2262 δόξαν
1786 2229 1858 2261 ἐκτή-

1076 2280 1167 2306 σαντο,
1190 2272 1302 2303 εἰκότως
1321 2272 1414 2303 αὐτοῖς
1448 2273 1497 2308 τὴν
1519 2273 1648 2308 πώρωσιν
1683 2274 1859 2300 ἐπεκάλεσεν.

1353 2319 1520 2345 ΕΡΩἸῊΣΙΣ
1533 2319 1592 2347 216’.

1078 2405 1120 2438 Τῷ
1139 2407 1219 2440 αὐτῷ
1229 2407 1392 2441 ἀποροῦντι
1404 2415 1410 2422 ·
1429 2417 1438 2432 ‹
1457 2407 1511 2435 Καὶ
1522 2408 1607 2435 αὐτοὶ
1621 2409 1657 2435 οὺ
1671 2409 1833 2436 συνίεσαν.
1851 2416 1858 2431 ι

576 2457 647 2482 Edita
658 2465 670 2482 a
683 2457 831 2484 Montaeutio
843 2460 894 2491 (ep.
908 2459 937 2485 76
949 2460 977 2484 ad
990 2460 1119 2487 Euschem.
1132 2469 1157 2493 p.
1170 2463 1235 2494 135).
1246 2476 1275 2481 -—-
1286 2463 1314 2488 In
1329 2463 1388 2489 Luc.
1400 2470 1466 2494 xvni,
1485 2464 1525 2488 δι.

273 2512 373 2540 lterum
389 2507 509 2544 dubitas,
525 2519 552 2539 et
566 2513 728 2548 interrogas,
746 2513 822 2542 Unde
841 2515 932 2548 ﬁebat,
950 2516 1022 2550 quod
1036 2521 1063 2550 D

1117 2517 1242 2553 Ἀπορεῑς
1261 2517 1342 2545 πάλιν
1361 2519 1407 2545 καὶ
1427 2519 1567 2554 διερωτᾷς,
1586 2518 1646 2550 πῶς
1662 2518 1712 2546 τοῦ
1729 2520 1864 2546 Δεσπὸτνιυ

236 2565 298 2585 eum
316 2557 449 2585 Dominus
474 2558 555 2593 plane
574 2562 601 2586 et
623 2560 764 2594 perspicue
782 2561 924 2595 discipulis
943 2569 986 2588 en:

1075 2563 1176 2598 τρανῶς
1206 2564 1253 2590 καὶ
1268 2565 1360 2598 σαφῶς
1383 2566 1438 2595 τοῖς
1454 2565 1589 2600 μαθηταῖς
1619 2566 1864 2599 προαγγέλλοντος.

238 2607 278 2629 ret
291 2604 470 2631 contumelias
494 2611 563 2639 quas
583 2605 616 2631 ab
632 2605 787 2633 hominibus
808 2614 939 2641 passurus
954 2612 1023 2641 erat,

237 2648 341 2683 plagas,
353 2656 472 2682 erucem,
490 2655 616 2683 mortem,
636 2651 688 2686 ipsi
706 2656 795 2679 tamen
815 2661 869 2680 non
886 2654 1026 2682 intellexe-

237 2693 318 2720 runt?
337 2694 375 2721 Ita
390 2695 461 2722 enim
479 2695 583 2730 inquit:
604 2705 614 2721 ί
628 2696 662 2724 At
683 2697 733 2732 ipsi
754 2706 808 2725 non
829 2699 1024 2735 intelligi-bant,

236 2743 263 2767 et
287 2746 347 2767 erat
373 2741 424 2768 hoc
441 2742 553 2769 verbum
570 2743 604 2770 ab
622 2743 688 2778 ipsis
704 2745 880 2779 occultatum,
898 2754 948 2774 nec
963 2754 1024 2781 quae

237 2786 396 2814 dicebantur
413 2789 610 2824 percipiebaut.
627 2799 636 2816 ι
656 2789 696 2816 Tu
708 2796 797 2818 autem
815 2791 880 2818 illud
896 2792 964 2819 mihi
977 2801 1023 2819 co-

236 2831 330 2865 gitato,
350 2832 422 2866 quod
437 2831 566 2860 Servatur
581 2838 608 2860 ut
630 2833 751 2862 redderet
779 2836 914 2863 acutiores
939 2836 1023 2864 disci-

1073 2610 1121 2640 τὰς
1139 2608 1168 2641 ἐξ
1178 2609 1329 2645 ἀνθρώπων
1352 2609 1455 2644 ὕϐρεις,
1472 2610 1520 2637 καὶ
1542 2610 1592 2641 τὰς
1611 2610 1737 2646 πληγὰς,
1759 2612 1807 2637 καὶ
1823 2611 1864 2636 τὺν

1075 2655 1203 2690 σταυρὸν,
1218 2656 1266 2682 καὶ
1280 2655 1327 2682 τὸν
1345 2655 1470 2689 θάνατον,
1491 2656 1568 2683 αὐτοὶ
1591 2656 1622 2682 οὺ
1638 2655 1779 2691 συνῄεσαν
1795 2665 1803 2672 ·
1823 2655 1864 2682 καὶ

1074 2702 1128 2737 γάρ
1155 2710 1233 2737 φησι,
1257 2712 1266 2728 ε
1297 2703 1352 2728 Καὶ
1381 2703 1458 2729 αὐτοὶ
1481 2703 1512 2729 οὺ
1544 2703 1664 2738 συνῆκαν
1678 2711 1686 2718 ·
1709 2703 1763 2730 καὶ
1783 2701 1817 2738 ἦν
1840 2702 1864 2727 τὸ

1079 2747 1154 2782 ῥῆμα
1168 2747 1248 2774 τοῦτο
1275 2748 1465 2782 κεκρυμμένον
1482 2748 1530 2775 ἀπ’
1543 2748 1644 2781 αὐτῶν,
1671 2748 1722 2774 καὶ
1745 2749 1798 2775 οὐχ
1815 2747 1864 2782 ὲῖί-

1077 2801 1181 2823 νωσκον
1194 2793 1229 2820 τὰ
1245 2793 1388 2828 λεγόμενα,
1413 2803 1422 2818 ι
1449 2794 1520 2820 Ἀλλ’
1535 2794 1623 2820 ἐκεῖνό
1640 2803 1684 2829 μοι
1709 2795 1812 2826 ἐννόει,
1831 2795 1864 2820 ὁτι

1077 2839 1124 2865 καὶ
1141 2839 1204 2870 τοὺς
1222 2838 1346 2873 μαθητὰς
1365 2840 1379 2866 ὁ
1394 2839 1489 2875 Σωτὴρ
1502 2839 1644 2875 ὀξυτέρους
1660 2840 1764 2874 ποιῶν,
1777 2840 1862 2867 πολλα
