1874 3070
48 111 95 142 957

454 113 503 142 AD
525 113 822 144 AMPIIILOCHIUM
842 114 1015 150 QUZESTIO
1032 115 1242 146 CCVIII-CCX.

1614 121 1667 154 958

48 176 88 198 κις
115 166 205 198 αὐτοῖς
226 166 256 192 ὲν
275 164 445 201 παραϐολαῖς
473 165 572 193 ἐλάλει,
601 167 655 193 Kal.
677 167 718 192 ὅτι
737 167 783 193 καὶ
798 167 826 193 τὺ

914 167 971 199 llos,
989 167 1160 202 frequentius
1179 169 1252 203 ipsos
1272 169 1300 196 in
1316 169 1454 204 parabolis
1468 171 1667 208 alloquebatur,

48 213 156 248 πρᾶγμα
174 209 209 247 ἦν
229 211 316 243 ἄλλως
337 211 498 246 παράδοξον,
511 212 624 247 νεκροὺς
636 212 764 247 ἐγείρειν,
779 213 828 239 καὶ

47 257 178 292 βασιλείαν
206 257 293 283 ἀΐδιον
325 256 520 290 ἐπαγγέλλειν,
545 256 593 282 καὶ
623 257 737 284 θάνατον
765 257 829 283 [διον

47 302 246 337 προαγγέλλειν.
276 302 314 328 Οὐ
329 302 410 337 μόνον
423 301 463 335 δὲ,
477 301 534 328 ἀλλ’
551 302 591 328 ὄτι
606 303 693 329 καὶτὸ
704 303 772 338 πρὸς
782 303 829 330 τὸν

45 347 197 374 διδάσκαλον
222 348 279 378 τοῖς
300 347 435 382 μαθηταῖς
463 347 584 383 φίλτρον,
600 348 639 383 τῷ
661 348 750 383 χρόνῳ
776 349 828 384 ἤδη

46 393 192 430 ὲρῤὠννυτο
204 393 252 420 καὶ
263 392 400 428 ὲνήκμαζε
414 393 460 420 καὶ
476 393 564 420 δεινὸν
578 394 673 420 παθεῖν
687 394 763 420 οὐδὲν
778 394 828 421 αὑ-

43 442 86 467 τὸν
100 440 202 475 seum.
233 440 265 466 Ὀ
277 440 305 466 δέ
319 448 360 471 τις
374 440 404 466 οὐ
421 439 557 475 βούλεται,
574 440 652 476 μόλις
676 441 721 467 καὶ
741 441 828 476 παρὸν

44 485 219 520 ἐφεστηκέναι
232 485 397 512 συντίθεται.
428 485 477 511 Διὰ
493 485 578 512 ταῦτα
591 485 690 518 πάντα,
705 487 827 520 παραδο-

43 532 91 567 λήν
104 539 174 563 τινα,
195 531 241 557 καὶ
253 531 282 557 οὺ
295 531 351 557 τῶν
365 531 505 566 δυσχερῶν
527 532 639 558 ἐκείνων
656 532 828 568 προαγόρευ-

44 585 95 609 σιν,
105 577 140 603 τὰ
149 576 214 611 περὶ
226 576 272 603 τοῦ
286 577 389 609 πάθους
404 577 530 612 ἐνόμιζον
547 578 572 604 oi
599 578 763 611 ἀπόστολοι,
779 579 828 605 καὶ

42 622 83 648 διὰ
98 621 176 648 τοῦτο
196 621 325 654 συνιέναι,
337 623 390 648 κᾶν
408 623 495 654 ἄλλως
511 624 584 657 σαφῆ
600 624 646 650 καὶ
663 624 767 659 φανερὰ
780 622 825 660 ἦν,

41 669 90 694 οὐκ
102 667 242 703 ἠδύναντο,
255 668 354 703 μᾶλλον
367 669 393 695 δὲ
407 669 457 696 οὐκ
472 669 622 701 ἐϐούλοντο,
635 670 669 697 τὰ
682 670 825 705 λεγόμενα.

42 716 72 742 El
83 715 110 742 δὲ
123 715 170 741 καὶ
180 714 211 741 τὸ
229 715 278 749 τῆς
292 714 427 749 ὲγὲρσεως
442 715 533 747 αὐτοῖς
548 717 738 750 προσεπινοεῖν
768 716 827 742 ἐθε-

41 762 143 796 λήσεις,
156 761 272 796 πρᾶγμα
289 761 381 796 μεῖζον
393 761 442 796 μὲν
460 761 587 794 πίστεως,
600 762 646 788 καὶ
667 762 728 788 καθ’
746 762 827 789 ἑαυτὸ

42 807 281 841 ὂιασκοποὺμενον,
295 806 402 842 ἔγερσις
416 807 638 843 αὐτουργουμένη
655 808 693 842 τῷ
700 808 825 844 τελευτή-

880 217 937 239 tunt
953 213 1025 248 quod
1043 214 1211 248 paradoxum
1227 219 1295 248 erat,
1314 220 1437 244 mortuos
1451 219 1624 252 resuscitare,
1641 227 1669 248 et

879 266 992 293 regnum
1008 259 1140 287 emiorum
1155 261 1289 295 polliceri,
1305 265 1332 288 et
1343 263 1480 297 propriam
1492 263 1578 299 ipsius
1592 273 1668 294 mor-

879 308 934 331 tem
952 306 1112 340 praedicare.
1129 305 1183 334 Nec
1205 306 1257 334 ista
1273 312 1378 335 tantum
1392 328 1399 340 ,
1419 309 1466 336 sed
1493 317 1554 337 cum
1583 311 1666 339 etiam

879 351 950 385 apud
966 351 1114 386 discipulos
1128 358 1207 379 amor
1228 359 1292 388 erga
1313 353 1472 388 magistrum
1497 362 1575 382 suum
1601 364 1667 391 pro-

879 404 974 432 gressu
991 398 1120 433 temporis
1135 398 1330 433 roboraretur,
1356 405 1383 428 et
1408 400 1527 435 ﬂoreret,
1546 407 1574 430 ut
1598 403 1667 430 nihil

879 441 955 469 illum
971 450 1053 477 grave
1077 443 1181 478 perpeti
1199 444 1309 473 Vellent.
1326 444 1404 478 Quod
1420 453 1485 473 vero
1501 447 1564 481 quis
1587 449 1666 480 nolit,

878 486 923 514 vix
940 487 1022 514 etiam
1041 495 1103 515 cum
1121 488 1255 516 incumbit
1275 489 1410 517 instanter
1436 491 1593 518 adfuturum
1617 500 1667 527 ap<

878 534 1047 568 prehendere
1064 538 1164 569 potest.
1183 535 1246 562 Ideo
1269 536 1426 570 parabolam
1451 537 1609 571 quamdam,
1642 543 1669 564 ιιι

878 587 932 610 non
952 581 1244 614 praedenuntiationem
1260 581 1395 608 malorum
1418 584 1599 615 quorumdam
1627 585 1669 610 it.-

878 627 1095 657 toleraudorum.
1126 635 1186 662 qua:
1214 628 1370 662 passionem
1397 628 1482 661 ipsius
1511 630 1666 664 tangebam,

878 672 1007 699 rebantur
1026 673 1155 707 apostoli.
1169 673 1303 706 Quocirca
1320 674 1364 700 ilia
1380 674 1529 710 intelligere
1545 684 1597 703 non
1619 684 1668 710 po-

878 721 977 750 terant,
995 719 1057 746 licet
1071 719 1133 746 aliis
1148 723 1240 753 aperta
1258 724 1352 747 essent
1374 724 1399 747 et
1425 721 1570 755 perspicua
1582 741 1590 754 ,
1619 727 1667 750 aut

877 763 969 798 potius
984 763 1029 790 illa
1044 763 1194 798 intelligere
1210 764 1349 791 nolebant.
1365 764 1442 797 Quod
1460 767 1482 792 si
1513 766 1555 794 his
1570 768 1668 803 adjun-

879 816 941 842 gere
959 808 1078 836 volueris
1100 809 1320 844 resuscitationis
1343 811 1502 845 negotium,
1534 820 1591 839 rem
1615 813 1668 840 [ide

42 862 117 880 σαντι
129 861 137 868 ’
152 853 269 888 μάλιστα
279 853 308 880 δὲ
328 853 398 887 μετὰ
415 853 470 879 τῶν
487 853 575 880 ἄλλων
592 853 763 889 σκυθρωπῶν
781 854 826 881 καὶ

914 853 1023 888 tjorem,
1043 862 1090 889 per
1113 855 1232 889 seipsam
1253 855 1467 890 consideratam,
1488 857 1667 884 resurrectio-

46 900 77 925 ὲκ
112 899 260 934 διαμέτρου
290 899 453 934 μαχομένων
487 899 758 935 συμπαρατιθέμενον
783 900 826 926 καὶ

916 906 942 925 ιιι
956 899 991 926 ab
1010 899 1126 934 ipsumet
1146 900 1275 927 defuncto
1296 905 1488 935 procuratam,
1515 910 1666 937 agnosces;

40 943 303 978 προαγγελλόμενον,
316 943 408 971 οὐκέτι
437 943 504 970 διότι
530 944 567 978 μὴ
591 942 739 979 συνῄεσαν,
761 943 826 976 ὅλως

914 944 967 980 agis
980 949 1070 972 autent
1087 945 1108 972 si
1134 949 1320 979 comparatum
1344 953 1407 973 cum
1428 946 1490 974 aliis
1504 947 1667 981 quibusdam

40 989 202 1024 ἀπορήσεις.

320 1089 487 1116 ΕΡΩἸἩΣΙΣ
497 1089 546 1116 ΣΡ.

879 990 1017 1021 tristibus,
1038 994 1064 1017 et
1081 997 1096 1017 e
1112 990 1246 1017 diametro
1263 992 1448 1026 pugnantibus
1465 994 1668 1027 praeamtuutie-

876 1039 932 1067 tur.
950 1043 1121 1071 nequaquam
1139 1036 1295 1064 dimteberis
1310 1044 1356 1064 eos
1375 1038 1526 1072 ignorasse.

879 1092 1041 1126 QUASSTIO
1053 1093 1120 1121 CCX
1135 1093 1229 1129 [Cois].
1242 1093 1406 1127 CCXXXIX,
1428 1094 1502 1122 Taur
1522 1095 1665 1133 CCXXX].

184 1160 255 1186 Edita
271 1168 284 1185 a
296 1160 444 1186 Montacutio
455 1164 505 1192 (ep.
519 1160 559 1191 77,
575 1160 605 1185 ad
618 1160 746 1192 lgnatium,
758 1168 783 1192 p.
794 1161 848 1192 125,
861 1162 926 1193 126).
939 1175 970 1181 -
981 1163 1008 1188 ln
1017 1162 1092 1188 verba
1101 1163 1185 1188 Matth.
1198 1170 1238 1192 ιιι,
1254 1163 1284 1193 9;
1300 1162 1358 1188 Luc.
1371 1170 1409 1193 ut,
1419 1163 1435 1187 8
1448 1162 1519 1194 (ετ).

70 1214 119 1246 Τὸ,
152 1223 161 1240 ι
179 1214 298 1242 Δύναται
321 1215 335 1241 ὁ
348 1215 414 1247 Θεὸς
431 1217 477 1243 καὶ
498 1217 530 1243 ὲκ
546 1215 601 1243 τῶν
627 1215 709 1242 λίθων
723 1215 826 1242 τούτων

33 1260 143 1295 ἐγεῖραι
162 1260 244 1286 τέκνα
253 1260 293 1296 τῷ
312 1260 451 1297 Ἀδραὰμ,
470 1271 479 1287 ι
499 1263 524 1288 οἰ
539 1262 587 1297 μὲν
601 1262 656 1298 πρὸ
669 1262 747 1297 ἡμῶν
763 1261 827 1295 τοὺς

33 1306 63 1338 ἐξ
76 1305 164 1332 ἐθνῶν
183 1308 397 1339 πεπιστευκότας
412 1307 598 1343 ὲξειλήφασιν,
619 1308 643 1334 οἳ
671 1309 718 1334 καὶ
732 1328 739 1340 ,
756 1308 827 1334 κατὰ

33 1352 129 1383 λίθους
151 1353 200 1379 καὶ
221 1355 335 1388 πέτρας,
366 1355 574 1389 πεπωρωμένην
596 1355 642 1381 καὶ
664 1354 828 1388 ἀναίσθητον

33 1400 85 1434 τὴν
104 1399 220 1433 καρδίαν
241 1399 350 1435 ἔχοντες
367 1399 404 1435 (τί
421 1401 473 1434 γὰρ
492 1400 551 1433 τοῦ⁷
566 1400 650 1431 λίθοις
666 1402 714 1427 καὶ
735 1400 823 1432 ξύλοις

33 1447 213 1480 προσκυνεῖν,
227 1447 268 1477 εις
285 1445 415 1481 πώρωσιν
428 1447 474 1472 καὶ
489 1447 669 1481 ἀναισθησίαν
687 1446 828 1473 ἀτοπώτε-

34 1500 83 1526 ρον
96 1493 129 1525 ;),
151 1492 237 1527 ὅμως,
256 1492 362 1518 ἐκεῖθεν
378 1493 582 1529 διιρραγέντες,
597 1494 638 1523 εἰς
658 1493 769 1528 σπέρμα
790 1492 830 1528 τῷ

39 1536 172 1571 Ἀϐραὰμ
198 1536 242 1563 διὰ
257 1537 307 1572 τῆς
320 1537 438 1569 πίστεως
466 1538 664 1569 ἐξανίστανται.
691 1538 722 1564 Εἰ
738 1537 766 1564 δὲ
783 1538 829 1564 καὶ

33 1584 84 1618 τῆς
105 1582 206 1615 λέξεως
228 1585 316 1610 εἰπεῖν
335 1584 445 1619 καὶτῆς
466 1584 586 1618 ἱστορίας
610 1583 758 1619 ἐγγύτερον
780 1585 829 1610 οὑκ

914 1217 981 1245 Illud
992 1237 1000 1249 ,
1020 1226 1029 1243 ι
1044 1217 1138 1245 Potest
1154 1218 1225 1245 Deus
1243 1217 1286 1244 vel
1302 1224 1318 1244 e
1334 1216 1470 1252 lapidibus
1489 1217 1550 1244 istis
1566 1216 1667 1243 liberos

878 1263 1034 1291 Abraltamo
1052 1263 1185 1291 suscitare
1198 1283 1205 1295 ,
1224 1272 1232 1288 ι
1251 1267 1317 1290 sunt
1331 1271 1363 1290 ex
1378 1263 1498 1297 antiquis
1519 1262 1602 1296 aliqui
1619 1263 1667 1296 qui

879 1309 1032 1336 retulerunt
1047 1309 1081 1336 ad
1094 1308 1236 1336 credentes
1252 1316 1268 1336 e
1281 1309 1419 1344 gentibus,
1436 1308 1483 1343 qui
1500 1316 1628 1335 saxorum
1640 1313 1668 1336 et

878 1357 1017 1388 petrarum
1046 1361 1121 1381 more
1146 1354 1229 1381 corda
1258 1354 1395 1381 habebant
1420 1354 1564 1381 obdurata.
1596 1353 1666 1386 Quid

878 1399 951 1426 enim
965 1396 1052 1434 magis
1068 1399 1228 1432 absurdum,
1243 1408 1326 1434 quam
1341 1400 1483 1427 obﬁrmate
1498 1405 1525 1427 et
1544 1400 1602 1427 sine
1618 1407 1668 1434 pu-

878 1445 956 1476 dore.
976 1445 1080 1480 lapides
1104 1450 1131 1472 et
1151 1445 1224 1481 ligna
1254 1445 1386 1472 adorare?
1400 1444 1433 1472 Et
1448 1450 1537 1472 tamen
1563 1446 1597 1473 ab
1616 1446 1669 1473 hac

877 1490 1075 1519 consuetudine
1091 1491 1221 1518 abstracti
1241 1499 1288 1526 per
1304 1491 1396 1522 ﬁdem,
1411 1491 1437 1518 in
1449 1499 1542 1518 semen
1552 1491 1668 1518 Abraha:

878 1540 1048 1572 consurgunt
1062 1537 1187 1564 homines
1198 1546 1205 1563 :
1218 1536 1260 1564 sin
1274 1541 1364 1564 autern
1380 1544 1432 1564 non
1448 1542 1489 1563 est
1508 1537 1668 1571 improban-

878 1582 943 1609 dum
962 1582 1055 1615 aliud,
1079 1583 1152 1617 quod
1169 1590 1231 1609 cum
1251 1582 1342 1610 verbis
1361 1586 1388 1609 et
1403 1582 1533 1610 historica
1555 1582 1668 1609 veritate

34 1627 177 1662 ἀδόκιμον,
192 1628 245 1654 οὐδ’
259 1630 348 1654 ἐκεῖνο
361 1630 524 1664 παροπτέον,
552 1629 592 1655 ὅτι
604 1629 635 1655 τὸ
648 1629 768 1665 ἄρρητον
779 1630 826 1656 καὶ

914 1629 988 1663 opius
999 1634 1040 1656 est
1051 1628 1112 1664 conj
1117 1633 1238 1661 unctttm,
1247 1629 1366 1661 edicere,
1378 1636 1430 1655 non
1441 1633 1482 1656 est
1494 1629 1606 1663 insuper
1618 1629 1668 1665 ha_-

36 1674 179 1708 ὑπερφυὲς
209 1675 256 1700 καὶ
281 1675 452 1709 παντουργὸν
477 1675 525 1701 καὶ
552 1674 754 1710 παντοδύναμον
778 1675 828 1710 τῆς

35 1719 305 1754 Θείαςιβουλήσεως,
336 1720 350 1746 ὁ
377 1720 535 1755 Βαπτιστὴς
565 1721 742 1756 παραστῆσαι
763 1721 826 1756 βου-

36 1766 162 1800 λόμενος,
185 1765 273 1792 ταῦτα
295 1766 447 1800 ἐφθέγξατο
472 1774 479 1781 ·
497 1767 585 1792 ἐκεῖνο
606 1766 762 1800 ὑποδηλῶν,
786 1767 827 1793 ὃτι

34 1813 132 1847 ὥσπερ
155 1813 305 1847 καταρχὰς,
325 1813 465 1847 βουληθεὶς
485 1813 499 1839 ὁ
520 1812 602 1844 Θεὸς,
632 1813 664 1838 ἐκ
681 1811 766 1847 πηλοῦ
782 1812 827 1838 τὸν

34 1860 182 1894 ἄνθρωπον
195 1859 367 1892 διεπλάσατο,
376 1859 448 1885 οὕτω
462 1859 509 1885 καὶ
521 1858 570 1885 νῦν
581 1859 613 1885 ὲκ
622 1859 675 1885 τῶν
688 1858 827 1892 συγγενῶν

34 1904 118 1930 λίθων
132 1903 182 1930 καὶ
212 1904 378 1938 όμοστοίχων
389 1903 429 1939 τῷ
454 1903 542 1938 πηλῷ,
561 1904 635 1939 ῥᾷον,
659 1905 682 1930 εί
707 1903 827 1940 βούλοιτο

36 1949 231 1984 μεταπλάσας,
244 1951 283 1981 εἰς
296 1951 405 1986 σπέρμα
415 1950 462 1976 καὶ
470 1951 551 1976 τέκνα
559 1950 598 1985 τῷ
611 1950 746 1986 Ἀϐραὰμ,
760 1951 826 1977 ἀνα-

36 1997 160 2032 στήσειε.
181 1997 217 2023 Συ
235 1996 263 2023 δέ
285 2006 330 2032 μοι
358 1997 406 2023 καὶ
426 1997 516 2031 τρίτον
531 1998 627 2030 ἐννόει,
642 1997 696 2025 τῶν
712 1997 827 2032 εἰρημέ-

35 2051 100 2073 νων,
117 2042 163 2068 ἵνα
184 2042 222 2076 μὴ
241 2042 313 2075 λέγω
327 2042 484 2077 ἐγγύτερον,
498 2042 553 2068 οὐδ’
571 2043 664 2077 ἐτέρου
692 2043 761 2073 τέως
776 2051 826 2077 μα-

33 2087 186 2122 κρότερον·
202 2087 239 2119 ὼς
254 2086 284 2119 ἐξ
296 2088 408 2114 ἐκείνων
423 2087 477 2114 τῶν
507 2087 599 2120 λίθων,
624 2088 670 2120 οὒς
682 2089 695 2114 ὁ
709 2088 826 2124 Πρόδρο-

33 2142 84 2169 μος
107 2134 278 2166 ὑποδεικνὺς
294 2133 382 2168 ἔλεγε,
404 2143 414 2160 ι
439 2134 555 2161 Δύναται
570 2136 584 2161 ό
597 2134 664 2166 Θεὸς
682 2135 714 2161 ὲκ
724 2134 827 2160 τούτων

32 2182 143 2215 ἐγεῖραι
156 2181 241 2208 τέκνα
255 2180 294 2216 τῷ
312 2180 446 2216 Ἀϐραὰμ,
463 2190 472 2206 ι
492 2181 536 2207 ἐπ’
556 2181 649 2212 αὐτοῖς
662 2180 755 2216 ἔργοις
768 2180 826 2207 ἔστι

31 2226 199 2259 θεάσασθαι,
223 2227 272 2253 καὶ
286 2227 373 2253 τέκνα
385 2227 424 2262 τῷ
445 2227 572 2262 ’Δὸραὰμ
586 2226 764 2261 ἀνιστάμενα,
779 2227 826 2253 καὶ

29 2273 245 2308 περατουμένην
261 2272 311 2308 τὴν
324 2274 488 2309 πρόρρησιν.
513 2273 576 2299 Ὅτε
588 2272 642 2308 γὰρ
662 2272 692 2299 τὸ
713 2272 760 2299 τοῦ
781 2273 826 2298 κός

31 2326 102 2353 σμου
120 2319 259 2354 σωτήριον
276 2319 393 2346 ἐτελεῖτο
408 2319 502 2350 πάθος,
516 2319 577 2345 τότε
589 2318 643 2345 τῶν
656 2318 738 2344 λίθων
755 2318 827 2344 ὲκεί-

29 2374 81 2391 mw
98 2364 152 2392 καὶ
166 2363 285 2400 πετρῶν,
301 2365 370 2400 μετὰ
384 2365 438 2391 τῶν
449 2364 552 2398 ἄλλων,
568 2364 745 2400 σχιζομένων,
761 2364 824 2390 πολ-

29 2410 68 2436 "to".
81 2412 134 2437 καὶ
151 2410 206 2437 τῶν
220 2410 334 2437 ὲθνικῶν
346 2411 458 2437 καὶτῶν
473 2411 617 2442 Ἰουδαίων,
636 2410 720 2445 μέσας
738 2409 823 2440 αὑτάς

27 2465 78 2484 που
102 2457 159 2488 τὰς
188 2457 396 2492 πεπωρωμένας
424 2456 536 2491 καρδίας
562 2455 758 2491 διαρῤαγέντες
784 2454 823 2489 τῷ

28 2503 168 2538 Θαύματι,
184 2503 224 2535 είς
239 2503 288 2538 τὴν
296 2502 344 2529 τοῦ
355 2502 475 2538 Χριστοῦ
487 2502 579 2528 πίστιν
592 2500 824 2536 ἐθεμελιώθησαν,

27 2550 75 2576 καὶ
102 2550 164 2576 τῶν
181 2549 287 2575 τέκνων
305 2548 353 2575 τοῦ
375 2548 511 2584 Ἀϐραὰμ,
526 2548 565 2582 τῷ
578 2555 607 2573 τε
621 2547 694 2581 γένει
710 2547 756 2573 καὶ
770 2548 826 2578 τοῖς

27 2595 147 2630 κλήροις
170 2595 413 2629 ὲναπεγράςρησαν.
441 2593 579 2628 Προῆκταί
609 2601 650 2618 σοι
666 2592 772 2624 τοίνυν,
788 2592 826 2623 ὡς

25 2643 103 2677 ὁρᾷς,
120 2643 198 2668 κατὰ
208 2650 238 2668 τε
258 2641 374 2676 θεωρίαν
389 2641 436 2666 καὶ
449 2639 580 2675 ἱστορίαν,
595 2639 611 2674 ή
628 2639 769 2674 ἐρμηνεία’
783 2638 824 2664 δι-

25 2689 99 2724 πλῆν
114 2689 148 2716 δὲ
162 2689 215 2723 τὴν
236 2688 369 2723 ἱστορίαν,
386 2687 436 2722 τὴν
455 2687 505 2721 μὲν
521 2685 761 2721 προγεγενημένην
775 2685 824 2719 τὴν

878 1675 996 1702 bendum
1009 1674 1081 1708 quod
1092 1675 1221 1707 divinam,
1232 1674 1454 1707 ineuarrabilem,
1471 1678 1666 1709 superuatura-

878 1720 941 1751 lem,
961 1720 1053 1747 omnia
1070 1725 1236 1754 operantem,
1260 1724 1287 1746 et
1300 1719 1391 1746 omnia
1408 1724 1547 1754 potentem
1566 1719 1666 1746 volun-

879 1770 974 1798 tatem,
988 1765 1111 1799 Baptista
1126 1773 1188 1792 cum
1204 1765 1284 1791 vellet
1300 1764 1495 1797 insinuare,ita
1509 1765 1666 1799 prolocutus

877 1815 929 1838 est.
943 1810 1011 1838 Illud
1027 1810 1156 1836 nimirum
1179 1809 1370 1841 subiudicaus,
1389 1808 1462 1844 qttod
1488 1808 1667 1843 quemadmo-

878 1857 942 1882 dum
957 1855 991 1882 ab
1005 1855 1084 1881 initio
1100 1854 1157 1881 sola
1172 1861 1221 1881 sua
1236 1854 1388 1886 voluntate,
1413 1861 1428 1881 e
1453 1853 1510 1880 luto
1527 1854 1665 1880 hominem

878 1900 1041 1932 eﬂ'ormavit,
1057 1900 1096 1927 ita
1112 1904 1139 1926 et
1154 1907 1226 1926 nunc
1241 1900 1323 1926 etiam
1344 1906 1359 1926 e
1377 1898 1577 1934 congelteribus
1591 1899 1667 1925 saxis

877 1951 905 1973 et
916 1946 958 1973 his
972 1945 1147 1980 coaequandis
1162 1944 1252 1976 facile,
1268 1944 1348 1971 tnodo
1362 1942 1525 1974 voluerit,iu
1535 1950 1627 1970 semen
1638 1947 1666 1970 et

878 1992 979 2020 liberos
994 1992 1149 2019 Abraltamo
1175 1991 1328 2018 suscitabit.
1363 1989 1404 2017 Tu
1429 1994 1519 2017 autent
1539 1989 1665 2016 conside-

880 2038 953 2066 rabis
968 2043 994 2065 et
1010 2038 1117 2065 tertiam
1132 2037 1330 2072 expositionem
1346 2043 1380 2064 tte
1390 2036 1478 2063 dicam
1497 2036 1664 2070 proprioreut

879 2084 913 2112 iis
931 2091 991 2119 quae
1006 2088 1068 2110 ante
1084 2083 1166 2110 dicta:
1186 2087 1261 2114 sunt,
1285 2087 1357 2109 certe
1374 2086 1464 2109 tamen
1485 2081 1559 2108 nulla
1580 2081 1665 2108 altera

878 2130 1072 2161 remotiorem;
1089 2129 1160 2164 quod
1176 2135 1192 2155 e
1209 2128 1345 2162 lapidibus
1359 2127 1412 2155 illis
1425 2135 1493 2162 quos
1510 2127 1665 2154 Praecursor

877 2177 961 2211 digito
976 2175 1147 2203 monstrabat
1160 2175 1252 2202 dicens
1263 2195 1270 2207 ,
1297 2183 1306 2200 ι
1320 2173 1395 2201 Potis
1419 2179 1461 2201 est
1481 2173 1552 2200 Deus
1575 2173 1616 2199 vel
1631 2180 1664 2199 ex

878 2223 939 2250 istis
952 2222 1089 2257 lapidibus
1106 2222 1240 2248 suscitare
1253 2221 1355 2248 liberos
1366 2220 1537 2251 Abrahamo,
1556 2227 1565 2244 ι
1583 2226 1665 2252 opere

879 2270 970 2296 videre
983 2269 1046 2296 licet
1059 2268 1246 2303 adimpletum,
1259 2267 1360 2294 liberos
1379 2265 1535 2293 Abrahauto
1547 2264 1664 2292 suscita-

883 2320 924 2343 tos
939 2319 965 2342 et
982 2314 1186 2349 praedictionem
1208 2313 1262 2339 ﬁne
1285 2311 1469 2346 adimpletum.
1498 2309 1567 2337 Cum
1590 2309 1662 2336 enim

877 2361 969 2396 passio
981 2361 1026 2387 illa
1041 2361 1143 2387 mundo
1157 2358 1298 2386 salutifera
1311 2357 1502 2392 compleretur,
1514 2361 1570 2382 tum
1587 2355 1663 2381 saxis

877 2408 931 2435 illis
945 2413 972 2434 et
984 2406 1085 2442 petris,
1113 2413 1167 2432 una
1192 2412 1255 2432 cum
1276 2404 1338 2431 aliis
1362 2403 1490 2438 diruptis,
1516 2401 1593 2429 multi
1607 2407 1634 2428 et
1648 2409 1664 2428 ο

874 2453 1000 2488 gentibus
1015 2457 1043 2479 et
1065 2451 1182 2483 Judmis,
1199 2450 1329 2477 habentes
1344 2449 1425 2477 corda
1442 2456 1491 2476 sua
1511 2448 1589 2482 prius
1613 2447 1662 2474 ob-

874 2500 981 2530 durata,
1001 2505 1049 2532 per
1061 2497 1180 2524 medium
1194 2496 1302 2523 divulsa
1320 2495 1368 2522 illo
1384 2494 1527 2525 miraculo,
1539 2494 1566 2520 in
1582 2491 1663 2520 Chri-

875 2547 909 2573 sti
925 2546 1004 2572 titlem
1021 2545 1100 2579 quasi
1116 2545 1142 2571 in
1155 2544 1362 2570 fundamentum
1375 2541 1546 2572 locabantur,
1560 2545 1587 2567 et
1599 2539 1663 2566 tiliis

875 2592 1001 2624 Abrahae,
1025 2599 1088 2619 cum
1105 2598 1204 2626 genere
1220 2595 1275 2616 tum
1303 2594 1376 2617 sorte
1400 2587 1662 2615 aunumerabautur.

879 2638 917 2665 lta
934 2638 1009 2665 vides
1023 2645 1166 2673 quousque
1179 2637 1226 2664 tibi
1247 2637 1378 2672 producta
1398 2638 1440 2662 est
1464 2632 1662 2667 interpretatio,

879 2688 906 2710 et
932 2682 1022 2719 quoad
1048 2683 1317 2719 contemplationem,
1335 2686 1362 2710 et
1386 2679 1476 2716 quoad
1498 2678 1662 2710 historiam;

789 2751 907 2780 ΝΟΤΑΕ.

77 2828 158 2864 (82°)
176 2826 305 2862 Ejusdem
318 2826 469 2862 argumenti
486 2824 663 2860 quaestionem
679 2831 759 2859 supra
776 2831 803 2850 ιι.
824 2822 909 2850 XXXI
923 2823 996 2851 dedit
1014 2821 1139 2850 Photius.
