1874 3070
50 151 97 184 961

538 154 587 182 AD
604 152 897 183 AMPHILOCHIUM
915 152 1086 190 QUIESTIO
1095 155 1192 184 CCXI.

1628 155 1679 186 969.

50 211 157 238 καὶτοῦ
176 210 254 244 φίλου
275 210 391 244 Φήλικος
404 211 444 242 εἰς
457 211 549 245 κρίσιν
573 211 811 246 προκαοεςομένου
830 218 836 224 '

943 210 1156 245 nihilejusmodi
1174 211 1214 237 ιρι
1229 211 1319 237 dicere
1338 215 1474 245 poterant,
1485 217 1531 237 aut
1544 211 1681 239 audebant

50 259 106 285 ἀλλ’
131 258 219 289 οὕτως
236 255 270 292 ἦν
297 258 416 293 ἐναργὴς
443 257 489 283 καὶ
513 258 573 289 ταῖς
596 257 725 283 ἁπάντων
748 255 838 289 δόξαις

51 304 190 341 κρατοῦσα
201 306 219 340 ἡ
243 304 349 331 Παύλου
365 303 490 339 ἀλήθεια,
506 304 543 335 ὡς
561 304 608 331 καὶ
622 304 678 330 τῶν
689 303 837 338 ἀναισχύν-

49 360 102 377 των
120 350 256 377 Ἰουδαίων
271 371 279 383 ,
298 349 346 377 καὶ
363 350 450 376 πάντα
458 349 548 384 λέγειν
571 351 610 380 εἰς
624 349 654 376 τὸ
668 354 681 373 ε
707 350 839 384 πράττειν

49 396 279 430 ἀποτολμώντων.
308 396 446 431 ἐμφράξαι
469 396 504 423 τὰ
530 396 652 431 στόματα
671 404 678 410 ·
697 395 768 422 οὕτω
789 396 838 430 μὲν

49 443 95 470 οὖν
108 442 274 477 πολλαχόθεν
303 440 481 476 ψευδολογίας
495 442 585 476 πάσης
599 441 734 477 ἀνώσερος
747 461 754 473 ,
773 441 840 468 Ῥω-

51 490 131 522 μαῖον
141 487 237 514 ἑαυτὸν
248 486 332 513 εἰπὼν
343 487 358 513 ὁ
369 486 512 518 θεσπέσιος
520 486 712 512 ἀποδείκνυται
722 485 839 516 Παῦλος.

49 534 123 561 ‘AD.’
137 535 162 561 ei
181 533 315 567 Ῥωμαῖος
328 531 381 568 ἦν,
400 533 477 568 φησὶ,
492 533 552 564 πῶς
568 532 649 564 αὐτὸς
659 533 689 559 ἐν
701 531 791 563 ἄλλοις
809 539 840 558 τε

49 581 98 608 καὶ
113 582 143 607 ἐν
165 581 197 616 τῇ
211 580 279 615 αὐτῇ
296 579 463 615 δημηγορίᾳ,
496 579 620 610 Ἰουδαῖός
642 586 672 605 τε
698 577 776 609 εἶναι.
793 577 842 605 καὶ

49 627 176 661 Τάρσους
200 625 273 660 ἔχειν
297 624 426 660 πατρίδα,
443 625 632 660 διισχυρίσατο
652 624 748 658 λέγων.
768 623 842 658 Ἐγὼ

51 671 102 706 μέν
128 672 188 706 εἰμι
207 671 347 703 Ἰουδαῖος,
369 669 495 706 Ταρσεὺς
513 671 526 690 h
551 670 602 705 τῆς
630 670 768 700 Κιλικίας,
792 671 842 696 οὐκ

47 719 159 753 ἀσήμου
185 718 298 750 πόλεως,
318 718 448 752 πολίτης
462 717 525 749 Πῶς
544 717 591 744 οὖν
602 717 675 744 ἐστιν
698 717 842 751 ἀμφότερα

49 765 227 800 συνδραμεῖν,
249 765 295 791 καὶ
326 764 460 799 Ῥωμαῖον
481 764 529 790 καὶ
552 764 680 790 Ἰουδαῖον
695 763 741 790 τὸν
761 763 843 790 αὑτὸν

49 811 239 847 χρηματίσαι;
256 811 328 846 Πρὸς
341 811 356 837 ὅ
369 818 471 845 φαμεν,
486 811 527 838 ὅτι
542 810 642 837 ἄτοπον
657 809 734 836 οὐδέν
746 817 754 825 ·
770 809 843 842 γένει

49 858 101 892 μὲν
128 857 194 892 γὰρ,
208 858 256 883 καὶ
266 857 297 892 τῇ
313 857 373 883 κατ’
387 857 467 883 αὑτὸν
478 857 625 883 Μωσαῐκὸν
640 855 721 890 νόμον
736 856 842 890 ἀγωγῇ,

892 264 1033 289 accusare,
1049 265 1104 284 non
1121 257 1151 284 in
1172 258 1309 292 praesenti,
1330 263 1383 284 non
1404 257 1542 291 deinceps,
1561 265 1610 285 nec
1623 264 1680 285 tum

892 309 954 329 cum
975 302 1122 330 tribunalia
1138 306 1263 338 paterent
1274 303 1307 330 iis
1321 303 1441 333 demum,
1454 307 1480 329 et
1489 302 1562 330 Felix
1577 303 1684 330 amicus

892 354 942 381 pro
957 347 1086 375 tribunali
1105 348 1222 380 sederet,
1240 352 1294 375 tam
1321 351 1413 383 aperte
1428 347 1602 375 manifestum
1624 349 1685 375 eral

894 393 1008 420 Paulum
1024 393 1170 428 protulisse
1186 394 1340 426 veritatem,
1358 398 1385 420 et
1409 394 1480 428 apud
1501 401 1596 421 omnes
1617 395 1686 421 adeo

895 439 941 466 illa
952 439 1092 466 obtinebat
1103 439 1206 474 opinio,
1216 439 1408 467 utJudaaorum
1420 447 1468 467 ora
1478 439 1687 480 obturarentur,

895 484 959 511 licet
983 489 1076 511 essent
1091 484 1271 518 impudentes,
1294 489 1320 511 et
1346 485 1379 511 ad
1401 484 1516 519 quodvis
1532 484 1685 511 audendum

898 531 1033 566 projecti:
1051 536 1133 566 atque
1145 532 1182 558 ita
1199 531 1299 558 Paulus
1316 531 1360 557 ille
1373 531 1492 563 divinus,
1504 531 1568 558 dum
1583 538 1613 558 se
1624 538 1687 565 pro-

897 575 989 603 ﬁtetur
1004 575 1174 608 Romanum,
1192 575 1349 611 longissime
1368 583 1382 602 a
1399 576 1543 602 mendacio
1567 575 1688 603 abfuisse

896 626 1076 649 monstratur.
1089 622 1123 648 At
1135 621 1158 648 si
1172 621 1312 647 Romanus
1332 625 1402 653 erat,
1419 620 1536 651 dicetur,
1547 619 1690 653 Quomodo

896 675 960 695 cum
978 668 1053 700 alibi,
1071 673 1127 694 tum
1141 667 1168 694 in
1182 667 1240 701 ipsa
1254 667 1357 694 illamet
1373 668 1506 694 concione
1517 666 1642 694 Judaeum
1658 673 1689 694 se

897 717 1056 750 pronuntiat
1066 735 1073 747 ,
1102 719 1129 741 et
1144 714 1259 750 patriam
1274 715 1325 741 sibi
1339 714 1455 741 Tarsum
1468 713 1613 748 proﬁtetur
1624 714 1635 740 ?
1648 714 1689 740 ait

897 762 968 788 enim
982 769 989 788 :
1007 760 1063 796 Ego
1076 760 1187 796 quidem
1202 768 1263 787 sum
1280 759 1401 791 Jltdwus,
1424 760 1523 792 Tarsi,
1546 767 1607 795 quae
1622 760 1687 786 uris

897 811 940 834 est
953 814 1003 834 nec
1019 807 1156 841 ignobilis,
1172 806 1275 833 Cilicia;
1289 807 1366 833 civis.
1380 806 1440 839 Qua
1454 806 1561 833 ratione
1571 814 1688 833 concur-

899 859 958 879 rere
974 852 1031 879 haec
1048 856 1164 886 utraque
1179 855 1309 886 possunt,
1337 857 1367 878 ut
1388 858 1450 878 cum
1470 850 1609 878 Romanus
1629 856 1687 878 tum

48 904 180 935 Ἰουδαῖος
197 903 379 938 ἐχρημάτιζε,
397 903 516 938 πατρίδα
537 901 662 937 Τάρσους
677 901 757 936 ἔχων,
780 902 809 927 ἐν

932 898 1006 925 decus
1023 899 1176 926 habeatur?
1191 898 1312 925 Dicimus
1326 898 1369 924 hic
1381 898 1418 924 nil
1429 897 1543 925 subesse
1554 898 1665 926 absurdi
1679 906 1688 930 ;

47 950 98 981 τὰς
122 950 260 984 μητρικὰς
277 949 358 981 αὐτὸς
374 949 468 975 ἔλυσεν
488 948 601 980 ὠδῖνας·
618 947 694 983 τῷδὲ
712 949 719 968 'I
736 948 782 974 τὸν
795 948 843 973 αὺ-

47 996 229 1032 τοῦπατέρα
251 996 392 1031 Ῥωμαϊκῇ
415 995 567 1031 φιλοτιμίᾳ.
592 995 608 1030 ἢ
633 995 681 1021 καὶ
708 994 842 1030 χρήμασι,

52 1039 194 1076 Ῥωμαῖον
206 1041 390 1076 ἐγγραφῆναι,
421 1041 557 1076 Ῥωμαῖος
571 1041 617 1067 καὶ
629 1040 709 1072 αὐτὸς
721 1039 845 1066 ἐκαλεῖτό

48 1096 79 1114 τε
97 1088 146 1114 καὶ
158 1087 314 1122 ἐτύγχανεν.

86 1211 127 1238 Δι’
142 1211 246 1244 ὃὶ,καὶ
257 1211 306 1238 τοῦ
322 1211 423 1239 Λυσίου
447 1211 516 1247 πρὸς
530 1212 611 1239 αὑτὸν
627 1212 763 1244 εἰπόντος,
773 1212 845 1246 Ἐγὼ

46 1258 78 1285 δὲ
98 1257 200 1284 πολλοῦ
217 1257 368 1292 κεφαλαίου
382 1257 433 1292 τὴν
450 1257 590 1285 πολιτείαν
605 1257 709 1293 ταύτην
729 1257 845 1293 ἐκτησά-

51 1313 120 1339 μην,
135 1303 218 1335 αὑτὸς
230 1304 382 1338 ἐπήγαγεν,
401 1303 473 1338 Ἐγὼ
487 1303 516 1330 δὲ
538 1304 584 1330 καὶ
596 1303 763 1339 γεγέννημαι
773 1311 780 1319 ’
796 1304 846 1330 οὐκ

49 1352 80 1376 ἐν
93 1351 129 1384 τῇ
150 1348 245 1384 Ῥώμῃ
269 1349 410 1384 δηλονότι·
430 1349 493 1376 οὐδὲ
514 1349 570 1385 γὰρ
592 1350 648 1376 οὐδ’
659 1350 674 1376 ὁ
693 1351 796 1382 Λυσίας
818 1351 846 1376 ἐν

48 1395 143 1431 ταύτῃ
152 1395 317 1431 γεννηθῆναι
331 1395 532 1431 ἐμεγαληγόρει
556 1396 604 1422 καὶ
617 1396 772 1428 διετείνετο,
787 1396 845 1422 ἀλλ’

49 1443 82 1468 ἐν
97 1441 188 1477 ταύτῃ
202 1442 235 1476 τῇ
258 1441 398 1477 Ῥωμαϊκῇ
424 1441 520 1477 κλήσει
536 1442 583 1468 καὶ
608 1443 641 1476 τῇ
668 1442 801 1477 πολιτείᾳ,
817 1443 846 1468 ἐν

47 1484 68 1523 ᾖ
83 1488 212 1518 κάκεῖνος
224 1487 312 1514 τελεῖν
325 1486 543 1521 ἀπεσεμνύνετο.
558 1487 628 1522 Πρὺς
641 1487 671 1514 ὃν
688 1488 735 1514 καὶ
747 1489 762 1514 ὁ
776 1487 847 1519 θεῖος

50 1532 162 1564 Παῦλος
177 1533 385 1568 ἀποτεινόμενος
405 1532 482 1567 ἔλεγε
501 1533 643 1569 μονονουχὶ
659 1533 781 1569 φάσκων,
798 1533 846 1561 καὶ

49 1578 196 1613 καθαιρῶν
206 1578 289 1605 αὑτοῦ
304 1578 335 1605 τὺ
354 1578 494 1614 φρόνημα,
513 1579 555 1605 ὄτι
569 1579 605 1606 Σὺ
631 1579 681 1615 μὲν
693 1580 849 1615 πρόσφατον

51 1624 103 1651 καὶ
118 1624 174 1651 ἀπὸ
190 1624 236 1651 σοῦ
255 1624 379 1660 προϊέναι
404 1623 588 1658 ἀπαγγέλλεις
602 1623 634 1651 τὸ
652 1625 773 1660 ἀξίωμα,
787 1626 850 1660 ἐμοὶ

51 1670 82 1697 δὲ
95 1669 202 1697 ἄνωθεν
212 1670 398 1705 ἐρῤιζωμένον
418 1671 465 1698 καὶ
479 1671 511 1697 ἐκ
535 1671 637 1706 πατρὸς
662 1672 849 1707 καταγόμενον

51 1715 106 1750 τῆς
120 1714 203 1750 δόξης
215 1715 318 1750 ταύτης
338 1717 385 1742 καὶ
404 1715 454 1749 τῆς
467 1715 653 1750 προσηγορίας
664 1715 807 1751 ἐκληρώθη
818 1716 849 1742 τὸ

52 1761 215 1797 προνόμιον.
225 1761 276 1788 Διά
283 1770 324 1788 τοι
329 1761 408 1788 τοῦτο
418 1762 543 1793 κάκεῖνος
551 1762 618 1789 ἀκού
623 1770 672 1793 σας
683 1763 729 1788 καὶ
738 1762 849 1796 βεὸαιω-

52 1808 134 1840 θεὶς,
163 1808 205 1834 ὃτι
232 1807 367 1842 Ῥωμαῖον
401 1807 466 1834 δντα
499 1807 611 1835 τύπτειν
636 1808 784 1843 ἐπεχείρει,
809 1809 849 1840 είς

50 1853 159 1880 δειλίαν
173 1853 222 1880 καὶ
237 1853 320 1887 φάὃον
335 1854 365 1879 τὺ
388 1853 487 1888 θράσος
501 1853 548 1880 καὶ
562 1853 611 1889 τὴν
624 1853 709 1890 ὀργὴν
722 1853 848 1885 διαλύων,

53 1899 259 1927 συνεστέλλετο.
279 1899 368 1935 Τιμῆς
384 1900 438 1935 γὰρ
459 1900 600 1936 ἀπήλαυω
611 1900 671 1927 κατ’
687 1901 774 1927 ἐκεῖνο
787 1909 848 1927 και-

53 1946 116 1981 ροῦ,
131 1946 183 1981 οὐχ
193 1946 251 1972 ὅσοι
267 1945 347 1980 μόνον
357 1945 490 1980 ίθαγενιῖς
502 1947 552 1982 τῆς
567 1946 676 1982 Ῥώμης
689 1947 847 1983 ἐτύγχανον,

52 1992 124 2018 ἀλλὰ
139 1991 187 2019 καὶ
197 1992 270 2023 ὅσοις
283 1992 355 2027 αὐτὴ
377 1993 394 2028 ἡ
416 1992 513 2027 κλῆσις
526 1992 601 2028 νόμῳ
614 1994 733 2029 χαρίτων
747 1994 763 2029 ἢ
778 2003 847 2029 χρη-

53 2039 164 2073 μάτων,
192 2038 385 2065 ἐπολιτεύετο·
413 2038 489 2065 οὐδὲν
521 2037 568 2066 οὖν
588 2040 717 2067 δύσκολον
740 2041 848 2068 καὶτὸν

50 2084 128 2111 θεῖον
144 2084 251 2111 Παῦλον
271 2084 396 2111 Ἰουδαῖον
412 2083 490 2117 ὄντα,
513 2085 561 2111 καὶ
581 2085 717 2121 Ῥωμαῖον
737 2095 847 2122 χρημα-

51 2132 142 2160 τίσαι.
158 2133 215 2159 Καὶ
231 2132 285 2167 γὰρ
296 2132 343 2159 καὶ
355 2133 415 2159 κατ’
432 2133 527 2168 ἄνδρα,
543 2133 638 2169 ὥσπερ
649 2135 663 2161 ὁ
677 2135 789 2167 Λυσίας,
800 2136 848 2163 καὶ

52 2178 150 2210 πόλεις
164 2178 318 2214 ὁλόκληροι,
330 2179 380 2214 τὴν
401 2179 546 2214 Ῥωμαίων
564 2180 670 2215 κλῆσιν,
694 2180 848 2215 summ;

895 944 1074 979 ortuquidem
1088 945 1205 980 generis,
1223 949 1250 972 et
1261 945 1329 978 legis
1342 944 1469 972 Mosaicae
1486 945 1636 972 secundum
1648 944 1689 971 in-

896 991 1082 1023 stitutionem,
1094 990 1205 1018 Judaats
1215 990 1267 1017 fuit
1279 999 1286 1023 ;
1309 990 1425 1018 Tarsum
1438 991 1554 1018 habebat
1562 991 1686 1025 patriam,

898 1037 945 1064 ubi
961 1042 1051 1064 mater
1074 1042 1172 1072 partus
1191 1037 1334 1064 doloribus
1350 1038 1469 1064 relevata
1483 1045 1547 1065 eum
1561 1037 1687 1072 peperit;

895 1087 1001 1116 patrem
1015 1082 1121 1109 civibus
1135 1077 1269 1110 Roinanis
1279 1083 1441 1118 ascriptum,
1453 1083 1688 1110 velRomanorum

896 1127 1067 1162 indulgentia
1097 1126 1140 1154 vel
1168 1127 1272 1154 nummi
1301 1128 1436 1155 numerati
1463 1128 1590 1162 edidere;
1626 1128 1689 1155 hinc

897 1172 1037 1200 Romanus
1047 1173 1108 1208 ipse
1119 1173 1272 1208 dicebatur,
1288 1178 1316 1201 et
1327 1179 1396 1202 erat.

932 1218 1068 1252 Quocirca
1081 1227 1143 1246 cum
1156 1219 1190 1246 ad
1205 1227 1267 1247 eum
1280 1220 1376 1255 Lysias
1399 1221 1513 1252 diceret,
1528 1221 1623 1256 Magna
1638 1229 1689 1256 ego

897 1266 1012 1301 pecunia
1023 1266 1181 1293 civilitatem
1197 1266 1267 1294 hanc
1274 1266 1341 1299 emi,
1358 1267 1517 1302 respondit:
1528 1268 1584 1302 Ego
1597 1272 1688 1295 autem

896 1320 924 1340 et
943 1317 1023 1340 natus
1041 1320 1122 1344 sum;
1154 1320 1210 1340 nou
1241 1317 1334 1340 autem
1353 1313 1448 1341 Romae
1461 1321 1491 1341 se
1504 1319 1598 1341 natum
1614 1315 1689 1347 vult;

897 1365 950 1386 non
964 1359 1037 1386 enim
1049 1366 1079 1386 se
1092 1358 1188 1394 Lysias
1213 1359 1312 1386 ibidem
1328 1363 1423 1386 natum
1435 1359 1615 1394 gloriabatur,
1644 1365 1692 1387 aut

897 1406 1088 1437 contendebat.
1116 1405 1164 1432 sed
1198 1405 1226 1432 in
1262 1406 1313 1432 hac
1342 1405 1466 1432 Romana
1495 1406 1690 1441 appellatione,

897 1456 924 1478 et
943 1451 1017 1478 civili
1044 1451 1105 1486 ejus
1131 1456 1216 1484 statu,
1248 1451 1275 1478 in
1302 1459 1356 1487 qua
1379 1456 1407 1479 et
1421 1454 1479 1487 ipse
1495 1459 1527 1480 se
1541 1453 1692 1480 consistere

900 1505 956 1532 pra:
978 1504 1007 1524 se
1027 1497 1141 1525 ferebat.
1165 1498 1215 1525 Cui
1230 1498 1341 1526 divinus
1354 1498 1454 1526 Paulus
1467 1499 1571 1527 directo
1586 1506 1692 1527 sermo-

901 1552 935 1572 ne
950 1545 997 1576 ait,
1025 1548 1130 1572 tantum
1160 1552 1214 1572 non
1239 1545 1298 1580 ejus
1316 1545 1431 1580 spiritus
1448 1545 1608 1581 deprimens
1626 1556 1633 1574 :
1649 1545 1689 1573 Tu

901 1590 1011 1625 quidem
1041 1591 1107 1617 mihi
1138 1591 1269 1618 novitiam
1299 1599 1397 1618 narras
1424 1592 1604 1625 nobilitatem,
1638 1598 1692 1620 cta

902 1636 1044 1670 temetipso
1058 1641 1192 1669 exortam,
1209 1641 1236 1665 at
1251 1637 1317 1664 mihi
1335 1638 1406 1665 cedit
1420 1638 1478 1665 haec
1496 1639 1690 1674 praerogativa,

900 1687 916 1707 a
930 1680 1081 1714 majoribus
1098 1679 1222 1714 fundata,
1245 1685 1272 1708 et
1289 1688 1337 1716 per
1350 1685 1491 1716 paternam
1506 1682 1621 1716 gloriam
1640 1690 1690 1710 no-

901 1725 1002 1752 minata
1024 1726 1056 1752 ad
1069 1733 1113 1753 me
1128 1726 1262 1753 derivata.
1280 1726 1337 1754 Hoc
1353 1727 1398 1754 ille
1413 1728 1520 1760 audito,
1536 1732 1563 1755 et
1580 1735 1693 1763 persua-

901 1777 949 1797 sus
963 1771 1036 1805 quod
1051 1771 1194 1799 Romanus
1209 1775 1278 1803 erat,
1309 1778 1455 1807 propterea
1477 1773 1549 1807 quod
1570 1773 1693 1800 verberi-

900 1814 951 1841 bus
975 1814 1138 1847 cecidisset,
1174 1815 1203 1842 in
1221 1816 1350 1842 timorem
1379 1821 1408 1843 et
1437 1816 1692 1851 pusillanimitatem

900 1866 1038 1888 conversa
1076 1860 1228 1894 iracundia,
1262 1862 1468 1895 cearctabatur;
1497 1870 1559 1889 nam
1583 1871 1631 1898 per
1647 1864 1692 1891 illa

899 1914 1022 1943 tempora
1051 1908 1226 1936 deferebatur
1259 1909 1348 1937 honor
1375 1909 1545 1938 non‘solurn
1562 1910 1693 1939 Romanis

900 1955 1046 1989 indigenis,
1074 1955 1121 1982 sed
1141 1959 1170 1982 et
1193 1955 1227 1982 iis
1258 1956 1359 1990 quibus
1395 1956 1440 1984 illa
1475 1957 1620 1992 appellatio
1649 1959 1691 1986 vel

898 2009 948 2036 per
963 2001 1091 2037 gratiam,
1107 2001 1150 2029 vel
1168 2008 1217 2036 per
1234 2002 1378 2036 pecuniam
1403 2011 1418 2031 e
1432 2003 1490 2039 lege
1507 2003 1632 2039 cederet;
1647 2007 1690 2033 ni-

899 2048 938 2075 hil
960 2055 1025 2082 ergo
1053 2048 1163 2080 obstat,
1196 2048 1321 2076 divinum
1349 2050 1476 2082 Paulum,
1491 2057 1554 2077 cum
1581 2049 1692 2080 Judzeus

897 2099 982 2127 esset,
995 2093 1151 2121 Romanum
1175 2095 1334 2123 nominari:
1359 2103 1422 2122 nam
1438 2101 1466 2124 et
1484 2096 1586 2124 viritim
1604 2097 1691 2129 multi,

900 2146 930 2167 ut
966 2139 1073 2176 Lysias,
1106 2146 1134 2168 et
1160 2141 1273 2177 integrae
1301 2142 1446 2170 confertim
1479 2143 1605 2171 civitates
1629 2151 1693 2171 cum

898 2190 1035 2214 extraneaa
1047 2193 1151 2220 essent,
1172 2187 1282 2215 titulum
1297 2188 1487 2216 Romanorum
1502 2189 1602 2217 civium
1622 2190 1648 2217 in
1663 2198 1694 2218 se

50 2224 146 2258 οὖσαι,
156 2226 199 2257 εἰς
212 2226 312 2258 ἑαυτὰς
323 2226 528 2261 ἐφειλκύσαντο,
546 2228 600 2254 Καὶ
616 2227 659 2254 ἵνα
672 2227 719 2254 νῦν
733 2228 768 2254 τὰ
781 2228 845 2255 ἄλλα

935 2233 1070 2260 rivarunt.
1086 2232 1122 2260 Ut
1135 2239 1233 2261 caetera
1252 2235 1472 2269 pragtermittam,
1499 2236 1564 2263 audi
1588 2235 1693 2271 Philip-

53 2272 148 2308 πειρῶ,
164 2273 283 2300 ἄκουσον
292 2272 491 2308 Φιλιππησίους
498 2274 572 2305 ὅπως
580 2274 693 2306 ἑαυτοὺς
700 2275 851 2310 Ῥωμαίους

53 2319 300 2354 ἁτεοσεμνύνουσιν.
337 2319 433 2346 Ἠνίκα
456 2319 512 2354 γὰρ
538 2319 643 2352 Παῦλος
668 2321 698 2347 τὸ
724 2321 850 2353 Πυθῶνος

52 2363 168 2399 πνεῦμα
188 2365 239 2399 τῆς
258 2364 404 2400 παιδίσκης
427 2364 560 2400 ἀπήλασε,
588 2365 636 2393 καὶ
661 2366 729 2402 πρὸς
753 2366 847 2402 ὀργὴν,

53 2410 144 2445 αὐτῆς
154 2410 179 2436 οι
195 2410 297 2445 κύριοι,
308 2410 367 2437 δέον
378 2410 560 2445 εὐχαριστεῖν,
573 2410 788 2447 ἀνεφλέχθησαν,
802 2412 848 2439 καὶ

54 2458 120 2489 τοὺς
139 2457 289 2492 εὐεργέτας
310 2457 351 2488 εἰς
374 2456 423 2492 τὴν
443 2456 547 2490 ἀγορὰν
563 2457 611 2484 ἐπὶ
630 2457 693 2490 τοὺς
714 2458 848 2494 ἄρχοντας

55 2503 176 2535 εῖλκυον,
196 2503 270 2530 οὕτω
288 2503 381 2537 φασίν·
407 2500 487 2530 Οὗτοι
507 2503 532 2529 ei
554 2503 693 2539 ἄνθρωποι
715 2504 852 2540 ἐκταράσ-

55 2558 149 2576 σουσιν
166 2549 246 2584 ἡμῶν
269 2548 318 2584 τὴν
332 2549 420 2582 πόλιν,
440 2549 564 2576 Ἰουδαῖοι
580 2549 757 2585 ὑπάρχοντες.
780 2549 848 2578 Εἶτα

55 2596 102 2623 καὶ
121 2596 356 2630 καταγγέλλουσιν
375 2596 424 2631 ἔθη
442 2596 460 2623 ἆ
481 2596 533 2623 οὐκ
556 2596 660 2630 ἔξεστιν
676 2598 742 2633 ἡμῖν
757 2607 849 2634 παρα-

55 2642 182 2678 δέχεσθαι
201 2642 262 2669 οὑδὲ
281 2643 380 2676 ποιεῖν,
402 2643 548 2679 Ῥωμαίοις
565 2641 650 2671 οὖσιν.
681 2644 762 2680 Ὁρᾷς
776 2646 850 2678 ὃπως

56 2689 79 2715 οἱ
98 2689 280 2724 Φιλιππήσιοι
302 2689 431 2724 Ῥωμαῖοί
445 2697 475 2715 τε
499 2690 694 2725 ἐχρημάτιζον,
707 2691 756 2718 καὶ
778 2691 846 2718 Ῥω-

84 2774 107 2790 ³⁸
124 2773 187 2801 Act.
201 2779 279 2804 uni,
293 2772 337 2799 27.

901 2286 1008 2313 penses,
1025 2283 1056 2306 ut
1075 2287 1104 2307 se
1119 2279 1191 2307 cives
1203 2281 1343 2308 Romanos
1361 2281 1531 2316 gloriantur:
1545 2289 1605 2308 cum
1619 2283 1692 2309 enim

900 2323 1002 2352 Paulus
1013 2325 1036 2340 "
1051 2325 1178 2360 spiritum
1193 2325 1376 2361 Pythonicum
1395 2335 1411 2354 e
1434 2327 1525 2362 puclla
1543 2327 1694 2362 expulisset

899 2371 1029 2406 illiusque
1046 2371 1174 2399 dominus
1192 2372 1239 2406 qui
1261 2372 1365 2407 gratias
1379 2373 1504 2406 debebat,
1518 2373 1552 2400 ob
1563 2381 1622 2400 eam
1636 2381 1692 2401 rem

898 2415 939 2443 ira
954 2415 1138 2444 inflammatus
1160 2416 1349 2446 benefactores
1367 2418 1395 2446 in
1421 2418 1512 2446 forum
1539 2419 1573 2446 ad
1593 2419 1693 2454 magis-

902 2466 1003 2490 tratum
1036 2463 1185 2496 adductos,
1216 2463 1348 2491 tribunali
1375 2465 1501 2492 sisteret:
1519 2465 1579 2498 Isti,
1593 2465 1692 2500 inquit,

902 2509 1038 2542 homines,
1066 2516 1128 2536 cum
1155 2509 1320 2543 sintJudmi,
1347 2511 1482 2539 civitatem
1499 2517 1621 2540 nostram
1636 2517 1694 2540 tur-

900 2554 985 2587 bant;
1009 2554 1176 2582 annuntiant
1200 2555 1272 2582 enim
1298 2564 1369 2584 nova
1387 2557 1468 2585 nobis
1494 2557 1618 2586 instituta
1632 2565 1694 2593 qure

900 2600 1049 2629 admittere
1064 2608 1120 2629 non
1135 2601 1210 2635 licet,
1243 2609 1306 2631 cum
1338 2603 1455 2630 Romani
1480 2603 1578 2632 simus.
1595 2604 1692 2635 Audis.

897 2652 929 2674 ut
961 2647 1151 2684 Philippenses
1180 2649 1296 2677 Romani
1326 2649 1500 2684 dicebantur,
1533 2656 1560 2678 et
1585 2651 1636 2687 ipsi
1663 2659 1693 2678 se

897 2692 1036 2721 Romanos
1063 2695 1221 2730 nominant;
1247 2694 1435 2732 Philippenscs
1461 2704 1475 2724 a
1503 2697 1592 2732 patria
1617 2698 1694 2726 dicc-

689 2828 806 2856 VARl/E
821 2828 1028 2858 LECTIONES.

90 2877 102 2897 ⁸
117 2877 174 2904 καί.
214 2875 226 2894 ¹²
240 2875 357 2909 Τάρσου.
399 2874 407 2894 ὶ
423 2874 467 2901 τὸν
481 2873 521 2901 δέ.
563 2873 569 2898 i
588 2873 657 2902 ὅθεν.

235 2923 369 2952 Ριιτιιοι..
389 2923 446 2952 Gtt.
464 2921 514 2951 Cl.
