1874 3070
217 148 270 181 963

216 208 325 240 bantur,
333 206 447 234 Romani
456 213 505 241 per
513 205 662 234 decretum.
672 204 742 238 Quid
755 205 868 240 impedit
877 213 953 241 ergo,
963 213 1010 241 po-

216 252 270 279 tius
284 252 354 278 unde
368 258 421 278 non
430 251 504 278 clare
518 254 636 283 eonstat,
651 250 761 278 beatum
771 249 884 278 Paulum
896 252 942 285 qui
958 250 1008 278 Ju-

215 297 288 323 daeus
295 299 365 328 erat,
374 295 563 323 etRomanum
572 294 679 323 fuisse?
689 295 787 330 Liquet
797 297 868 323 enim
875 303 929 323 non
944 296 1009 324 t'uis-

215 350 245 370 se
253 343 433 377 imposturam
443 342 632 370 autmendacii
641 347 814 377 praetextum,
822 343 895 378 quod
908 343 1007 371 Paulus

215 389 331 416 Romani
347 389 456 416 titulum
481 389 533 417 sibi
548 389 706 416 vindicarit.
719 388 750 415 Si
765 388 904 416 nonnullis
918 396 947 416 se
961 390 1009 416 .Iu-

213 434 302 462 dmum
335 435 519 470 proﬁteretur,
552 435 616 462 aliis
647 443 678 462 se
705 439 815 462 vocaret
839 435 1005 467 Romanum,

215 481 288 508 ﬁctio
305 481 351 508 illa
382 481 416 508 de
443 481 601 516 deceptione
628 481 749 516 aliquam
771 481 887 515 speciem
903 489 958 516 prae
976 489 1006 508 se

215 527 326 554 ferret:
356 527 427 562 quod
455 527 477 554 si
490 527 561 561 apud
587 527 698 554 eosdem
729 532 879 561 utrumque
895 535 924 555 se
942 535 1005 555 esse

216 573 372 606 contendat,
391 577 465 600 certe
491 574 567 600 valde
589 574 703 600 stultum
731 573 802 601 foret
833 573 1003 607 existimare,

215 620 290 655 quod
306 619 478 647 mendacium
519 620 675 655 meditatus,
696 621 762 648 illud
782 620 917 656 imprimis
940 628 1004 656 pro-

214 669 336 699 poneret,
351 669 378 691 et
392 656 456 692 ante
471 665 525 692 alia
541 665 684 698 fateretur,
702 666 774 693 unde
791 674 874 702 quam
889 666 1004 702 expedi-

214 710 323 738 tissime
347 710 410 738 ﬁcta
435 710 557 745 proferre
581 711 801 739 convinceretur.
822 712 908 748 Magis
923 712 1005 748 perti-

214 758 306 790 nebat,
337 757 372 784 ad
400 758 538 785 hominem
560 758 623 793 jure
653 758 836 786 conﬁdentem
852 759 1003 787 secundum

214 801 253 829 rei
267 805 405 834 naturam,
421 806 448 829 et
464 802 606 829 veritatem
622 802 725 835 dicere,
737 811 797 838 quae
810 805 886 831 omni
900 804 1004 832 calum-

215 847 272 879 nia,
288 848 455 882 suspicione,
470 847 589 875 falsitate
602 847 740 876 eﬂicacior
753 853 806 885 est_
813 855 841 877 et
857 850 1001 882 illustrior,

215 893 287 928 apud
309 893 383 928 ipsos
404 894 556 928 praesertim
580 894 606 921 in
623 894 705 929 pleno
722 902 852 923 consessu
880 895 1003 927 Iudaeos,

218 947 249 968 se
260 939 383 967 Judaeum
401 941 550 973 declarare,
580 945 606 968 et
621 942 695 976 quod
708 940 851 969 Tarsensis
864 942 963 977 patria,
978 947 1005 970 et

216 986 253 1014 ita
280 986 390 1014 demum
423 987 497 1022 quod
520 987 661 1015 Romanus
686 993 765 1015 erat:
789 995 881 1023 eoque
912 989 1004 1023 potius

217 1032 289 1068 quod
302 1040 356 1060 non
377 1033 472 1064 semel,
495 1041 544 1060 nec
567 1034 673 1061 occulte
686 1042 715 1061 se
737 1032 890 1061 Romanum
920 1035 1002 1069 proti-

216 1083 332 1110 teretur.
357 1079 404 1106 sed
430 1079 472 1106 bis
494 1084 568 1106 terve
595 1079 737 1106 tribunum
756 1079 942 1113 terrelaciens,
958 1080 1006 1115 qui

216 1125 328 1152 omnino
339 1125 366 1152 in
382 1124 502 1153 furorem
520 1133 670 1153 conversus
687 1126 795 1160 fuisset,
816 1126 838 1153 si
857 1125 1004 1154 falsitatem

217 1176 279 1206 post
294 1175 451 1199 accuratam
465 1171 655 1207 quaestionem,
683 1173 716 1200 ad
732 1180 815 1208 quam
840 1173 1006 1200 incitabatur

218 1225 269 1253 per
283 1219 358 1246 illam
376 1218 595 1250 allirmationem,
616 1219 775 1253 reperisset.
791 1218 883 1246 Facile
902 1219 1005 1247 idcirco

219 1264 344 1292 ediscere
357 1264 509 1299 poterimus
527 1272 543 1291 ο
566 1264 660 1291 multis
682 1265 868 1298 praeostensis,
895 1265 1004 1292 beatum

218 1309 332 1337 Paulum
361 1310 515 1337 ltomanum
531 1310 693 1343 exstitisse;
720 1310 855 1345 imprimis
882 1312 916 1339 ab
940 1311 1006 1338 insi-

215 1356 296 1383 dente
313 1355 365 1389 ipsi
381 1356 503 1387 veritate,
521 1355 600 1390 cujus
618 1362 706 1390 prch
721 1358 934 1390 agnoscebatur,
948 1362 1004 1384 tum

215 1401 289 1437 quod
319 1408 380 1428 cum
411 1400 516 1428 sistitur
544 1401 686 1434 tribunali,
705 1402 824 1436 seipSum
852 1401 1005 1430 Romanum

216 1446 378 1481 proclamat.
397 1445 488 1473 Tertio
504 1446 577 1481 quod
598 1453 661 1472 cum
681 1446 715 1473 de
741 1446 893 1481 impostura
913 1453 940 1475 et
955 1447 1006 1475 fal-

216 1492 294 1519 laciis
307 1491 501 1526 postularetur,
520 1499 574 1518 non
590 1491 642 1518 nisi
661 1491 777 1519 ridicule
789 1497 817 1519 et
831 1493 1006 1527 impudenter

794 147 928 178 PHOTII
944 148 1198 180 PATRIARCHA".
1211 150 1265 180 GP.

1024 212 1047 236 Α
1061 208 1158 242 μαίους
1173 208 1286 239 ἑαυτοὺς
1303 206 1496 243 έξονομάζουσι
1506 216 1513 224 ·
1528 208 1560 236 τὸ
1571 208 1622 244 μὲν
1633 209 1736 245 ἔχοντες
1746 211 1775 238 ὲκ
1783 222 1825 239 πα.

1059 253 1159 288 τρίδος,
1182 253 1212 279 τὸ
1230 253 1269 285 δὲ,
1292 253 1346 280 ἀπὺ
1372 253 1566 288 ψηφισμάτων.
1581 253 1615 280 Τί
1635 253 1680 282 οὖν
1703 257 1824 291 summ;

1059 297 1160 334 μᾶλλον
1175 298 1214 330 δὲ,
1234 298 1293 330 πῶς
1305 299 1335 325 οὺ
1353 299 1499 334 γεγένηται
1517 300 1645 335 φανερὸν,
1661 303 1708 328 καὶ
1730 303 1771 329 τδν
1784 312 1825 338 μα-

1057 344 1152 379 κάριον
1167 344 1271 370 Παῦλον
1294 344 1417 370 Ἰουδαῖον
1436 345 1511 378 ὄντα,
1527 347 1574 372 καὶ
1597 346 1729 381 Ῥωμαῖον
1750 346 1823 381 εῐναις

1059 390 1140 423 Δῆλον
1155 389 1182 415 δὲ
1203 389 1359 421 κάντεῦθεν,
1373 389 1411 422 ὡς
1433 391 1484 417 οὐκ
1498 391 1605 426 nam,
1632 390 1667 427 ἦν
1688 393 1703 428 ἤ
1730 394 1824 427 ψεύδους

1055 435 1205 469 πρόσχημα
1230 435 1269 470 τῷ
1299 435 1407 470 Παύλῳ,
1435 437 1484 471 τῆς
1505 437 1663 474 Ῥωμαῖκῆς
1688 440 1823 476 κλήσεωςή

1056 481 1203 513 οἰκείωσις.
1220 482 1251 508 Et
1265 482 1320 517 γάρ
1335 483 1402 518 πρὸς
1422 483 1519 515 ἀλλους
1536 484 1585 519 μὲν
1608 485 1731 512 Ἰουδαῖον
1747 487 1826 513 tau-th

1056 527 1159 560 ἐκάλει,
1182 528 1319 563 Ῥωμαῖον
1340 528 1369 555 δὲ
1388 528 1457 563 πρὸς
1479 530 1600 565 ἑτέρους,
1622 529 1694 566 εἶχεν
1709 532 1740 559 ἂν
1760 533 1826 567 ήτῆς

1055 574 1165 609 ἀπάτης
1179 575 1265 610 σκηνή
1285 583 1347 601 τινα
1362 575 1451 609 λόγον.
1471 576 1502 602 El
1525 576 1554 602 δὲ
1570 576 1639 612 πρὸς
1662 577 1727 610 τοὺς
1746 579 1827 610 αὐτοὺς

1055 619 1197 656 ἀμφότερα
1218 620 1372 653 διετείνετο,
1395 620 1454 653 πῶς
1466 621 1497 648 οὐ
1517 621 1578 648 λίαν
1590 621 1688 657 εὔηθες
1710 623 1826 656 ὑπονοεῖν,

1055 663 1097 690 ὅτι
1110 663 1206 697 ψεῦδος
1220 665 1307 691 εἰπεῖν
1330 665 1493 700 μελετήσας,
1519 666 1608 693 ἐκεῖνο
1636 666 1771 702 προῦθηκε
1790 669 1827 694 καὶ

1055 709 1339 746 προδιωμολογήσατο,
1356 710 1390 737 δι’
1399 709 1430 738 οὗ
1447 712 1548 746 μᾶλλον
1564 712 1598 739 ἄν
1612 721 1655 744 τις
1666 713 1828 749 πεπλασμένα

1054 753 1142 790 λέγων
1163 755 1351 791 ἐξελέγχοντος
1367 756 1540 793 Θαρροῦντος
1557 758 1613 794 γὰρ
1634 759 1735 794 μᾶλλον
1754 758 1786 795 ἦν
1799 761 1829 792 ὡς

1054 800 1162 836 άληθῶς
1180 802 1214 837 τῇ
1227 801 1282 828 τῶν
1300 803 1472 838 πραγμάτων
1483 803 1572 838 φύσει,
1592 805 1640 831 καὶ
1653 806 1705 840 τὴν
1716 805 1829 840 ἀλήθειαν

1054 847 1172 881 ἔχοντος,
1187 847 1313 884 διαϐολῆς
1328 849 1438 885 ἀπάσης
1451 849 1499 876 καὶ
1518 850 1645 883 ὑπονοίας
1665 853 1713 878 καὶ
1732 851 1828 887 ψεύδους

1019 887 1040 914 Β
1055 893 1255 929 ἐναργεστέραν
1276 903 1307 921 τε
1328 896 1375 922 καὶ
1402 895 1608 932 λαμπροτέραν,
1632 897 1662 924 τὺ
1689 898 1757 933 πρὸς
1777 899 1830 929 τοὺς

1055 939 1166 972 αὐτοὺς,
1193 940 1241 967 καὶ
1265 939 1295 966 ὲν
1320 940 1462 976 ὁλοκλήρῳ
1480 941 1570 976 δήμῳ,
1597 941 1726 969 Ἰουδαῖον
1747 943 1829 969 ἑαυτὸν

1055 986 1213 1018 άνειπόντα,
1228 986 1274 1013 καὶ
1292 986 1342 1022 τὴν
1359 987 1478 1022 πατρίδα
1491 986 1532 1013 ὅτι
1551 986 1688 1022 Ταρσεὺς,
1709 987 1829 1022 Ῥωμαί.ν

1056 1031 1154 1066 ἐφεξῆς
1168 1032 1360 1066 ἀποφήνασθαι
1370 1040 1378 1048 ο
1392 1033 1439 1059 καὶ
1455 1032 1573 1067 μάλιστά
1590 1040 1632 1066 γε,
1654 1032 1698 1059 ὅτι
1712 1032 1759 1067 οὐχ
1770 1030 1831 1063 imi

1055 1077 1116 1104 οὐδὲ
1123 1077 1198 1104 ὥσπε
1202 1086 1217 1114 ρ
1225 1077 1373 1112 λανθάνων,
1384 1079 1426 1111 τὺ,
1441 1078 1593 1113 Ῥωμαῖος,
1603 1079 1765 1115 ἐπήνεγκεν·
1775 1078 1830 1105 ἀλλὰ

1055 1123 1103 1150 καὶ
1115 1123 1166 1155 δὶς,
1183 1124 1279 1155 και·είς
1292 1123 1392 1160 τρίτον,
1411 1124 1457 1150 καὶ
1471 1124 1518 1151 τὸν
1532 1123 1671 1160 χιλίαρχον
1693 1124 1830 1158 δεδιττόμε-

1055 1177 1101 1200 νος
1110 1176 1117 1183 ·
1135 1168 1150 1195 ὃ
1165 1168 1283 1202 μάλιστα
1297 1168 1344 1196 καὶ
1357 1169 1397 1200 είς
1407 1169 1491 1204 ὀργὴν
1511 1168 1618 1195 ἐκκαίει
1628 1168 1675 1194 καὶ
1686 1168 1755 1203 πρὸς
1763 1168 1831 1202 ἀκρι-

1056 1214 1199 1250 ϐεστέραν,
1212 1215 1261 1241 καὶ
1276 1215 1339 1246 τούς
1355 1224 1387 1249 γε
1403 1215 1440 1250 μὴ
1458 1215 1647 1250 βουλομένους,
1668 1215 1787 1241 ἀνακινεῖ
1795 1212 1833 1239 καὶ

1057 1260 1223 1296 διανίστησιν
1233 1261 1357 1296 ἔρευναν.
1373 1261 1451 1287 Ἐστι
1461 1260 1551 1287 τοίνυν
1562 1260 1608 1286 τὸν
1619 1260 1761 1286 θεσπέσιον
1771 1257 1833 1285 Παῦ-

1057 1306 1112 1338 λον,
1124 1306 1167 1333 διὰ
1178 1306 1308 1333 πλειόνων
1318 1306 1355 1337 ὡς
1366 1306 1484 1340 ἐδείχθη,
1500 1306 1634 1340 Ῥωμαῖον
1641 1302 1714 1333 εἶναι
1726 1312 1835 1338 καταμα-

1057 1351 1122 1378 θεῖν·
1132 1351 1240 1386 πρῶτον
1255 1352 1304 1386 μὲν
1315 1351 1370 1378 ἀπὸ
1381 1351 1434 1387 *τῆς
1451 1351 1604 1386 προσούσης
1614 1351 1690 1386 αὐτῷ
1705 1350 1834 1386 ἀληθείας·

1056 1397 1103 1424 καὶ
1124 1397 1164 1424 δτι
1180 1397 1266 1432 κήρυξ
1282 1397 1367 1432 αὐτῆς
1382 1397 1554 1431 ὲγνωρίζετο.
1577 1397 1722 1433 Δεύτερον,
1745 1397 1783 1423 ὅτι
1797 1395 1835 1422 καὶ

1056 1443 1189 1478 κριτηρίῳ
1206 1444 1387 1478 παρεστηκὼς
1400 1444 1495 1470 ἑαυτὸν
1510 1444 1644 1479 Ῥωμαῖον
1667 1444 1835 1478 άνεκήρυττε.

1057 1489 1109 1515 Kal
1118 1489 1217 1524 τρίτον,
1228 1490 1268 1515 ὅτι
1275 1490 1315 1520 εἰς
1322 1489 1429 1524 ἀπάτην
1437 1488 1485 1515 καὶ
1491 1489 1659 1525 κακουργίαν
1667 1487 1837 1522 συκοφαντού-

217 1539 326 1567 mentiri
341 1543 446 1573 poterat
461 1547 468 1566 :
486 1543 513 1566 et
526 1539 597 1573 quod
615 1545 680 1571 non.
698 1544 727 1566 ut
743 1539 782 1571 tit,
801 1539 915 1568 fortuito
931 1541 957 1567 ill

1097 1543 1149 1565 νος.
1159 1535 1187 1562 ὲν
1195 1531 1216 1568 ᾦ
1223 1535 1284 1562 οὐδὲ
1293 1535 1338 1562 τὸν
1349 1535 1409 1562 λίαν
1418 1535 1503 1570 εὐήθη
1512 1535 1559 1562 καὶ
1565 1535 1662 1569 ἀναιδῆ
1672 1533 1837 1569 ὲνῆνδιαψεύ-

217 1592 311 1612 vocem
323 1584 473 1616 emittebat,
492 1588 540 1611 aut
552 1584 669 1618 joculari
691 1585 809 1619 quadam
830 1586 1007 1614 simulatione

219 1638 295 1664 usus,
311 1630 384 1666 quod
402 1632 467 1666 quis
481 1630 617 1665 suspicari
635 1631 730 1665 possit,
747 1631 794 1658 sed
807 1635 837 1658 ut
860 1639 890 1659 se
905 1632 1009 1659 exime-

218 1681 260 1704 ret
279 1684 294 1704 a
309 1677 463 1708 tormentis,
490 1681 517 1704 et
545 1676 704 1711 pra-fectum
722 1676 908 1704 terrefareret.
924 1677 1008 1705 Porro

218 1720 292 1756 quod
308 1720 417 1756 Lysiam
434 1721 462 1748 in
476 1728 542 1749 suas
555 1725 646 1756 partes
671 1721 814 1756 pertraxit,
835 1727 865 1749 ut
877 1730 894 1750 a
908 1727 1008 1750 contu-

218 1767 300 1794 melia
313 1766 453 1794 inferenda
466 1767 616 1794 abstineret
630 1776 637 1800 ;
661 1771 689 1794 et
704 1767 777 1802 quod
797 1767 893 1804 Lysias
904 1769 938 1796 ad
953 1768 1007 1796 Fe-

219 1812 299 1840 licem
315 1812 435 1848 scripsit,
450 1820 481 1840 se
498 1813 612 1842 Paulum
635 1812 789 1840 Romanum
804 1814 891 1841 civem
914 1822 930 1841 a
957 1813 1007 1842 Ju-

218 1859 338 1886 daeorum
365 1858 516 1894 sanguineo
532 1858 626 1886 furore
641 1859 788 1886 exemisse.
803 1859 837 1886 Et
849 1864 922 1887 certe
932 1859 1009 1888 Felix

220 1903 282 1931 licet
296 1904 414 1931 voluerit
436 1903 540 1932 Judwis
553 1903 712 1939 gratiﬁcari,
732 1905 765 1931 de
789 1905 835 1931 tali
853 1905 1010 1940 suspicione

219 1957 255 1977 ne
281 1950 419 1985 cogitabat
434 1950 544 1985 quidem
567 1959 576 1978 :
603 1950 737 1984 imprimis
756 1950 843 1978 refelli
854 1959 908 1978 non
921 1955 1010 1986 potest

220 1995 296 2028 illud,
314 1996 388 2030 quod
407 2003 475 2030 gens
485 1995 641 2024 Judazorum
657 2000 713 2024 turn
726 2004 858 2032 praesens,
873 2001 900 2025 et
915 2002 1009 2026 contra

220 2048 284 2068 eum
302 2041 403 2068 caedem
418 2041 539 2075 spirans,
555 2048 582 2068 et
606 2042 643 2068 nil
658 2049 712 2068 non
730 2049 841 2074 ausura,
856 2050 910 2070 non
926 2044 1010 2070 audc-

222 2087 288 2114 bant
315 2087 355 2114 illi
379 2087 467 2114 dicam
504 2087 659 2115 istiusmodi
683 2087 818 2115 mendacii
846 2088 1007 2116 inscribere.

220 2131 334 2159 Accedit
360 2132 434 2167 quod
461 2132 531 2167 apud
556 2133 666 2160 eosdem
698 2137 846 2167 utrumque
869 2133 1009 2168 professus

221 2177 314 2210 fuerit,
330 2185 427 2213 nempe
448 2179 521 2213 quod
534 2177 646 2205 Judaaus
658 2182 686 2205 et
698 2179 771 2212 quod
789 2179 927 2206 Romanus
938 2183 1007 2212 erat;

222 2224 294 2259 quod
314 2232 393 2252 nemo
407 2225 492 2252 libere
506 2225 627 2259 proﬁteri
645 2224 735 2256 vellet,
760 2225 811 2251 nisi
828 2226 874 2259 qui
902 2225 1010 2252 veritati

221 2278 396 2306 summopere
405 2271 573 2303 conﬁderet;
594 2278 644 2297 nec
657 2270 819 2305 simpliciter
831 2275 948 2304 tantum,
961 2272 1009 2299 sed

221 2317 294 2352 quod
313 2324 375 2345 cum
392 2317 593 2345 asseveratione
610 2316 785 2344 immanendo
805 2317 880 2344 illum
898 2317 1008 2345 titulum

222 2372 279 2400 pra:
289 2371 322 2391 se
352 2363 446 2391 ferret.
462 2362 491 2389 Si
504 2363 594 2390 adhuc
607 2362 703 2397 placet,
721 2367 748 2389 et
762 2362 839 2394 illud,
856 2363 928 2397 quod
945 2363 1009 2390 viri-

223 2409 273 2436 tim
290 2413 318 2437 et
340 2408 460 2435 urbatim
471 2426 479 2439 ,
496 2406 648 2434 Romanum
662 2406 780 2438 titulum,
797 2406 843 2440 qui
860 2413 913 2433 non
930 2413 1008 2433 eam-

219 2454 281 2482 dem
302 2453 418 2488 patriam
436 2452 620 2480 sortiebantur
640 2459 688 2487 per
703 2451 887 2486 psepliismata
908 2458 1008 2479 conse-

220 2500 381 2534 quebantur.
397 2498 486 2533 Atque
500 2498 538 2525 ita
566 2497 751 2530 manifestum,
780 2501 807 2524 et
834 2498 894 2524 sine
926 2497 1009 2524 dubio

219 2551 348 2573 constare
367 2544 495 2577 arbitror,
513 2544 585 2579 quod
599 2543 714 2576 Paulus,
728 2543 752 2570 si
767 2543 830 2578 quis
848 2543 919 2571 alius
934 2543 962 2570 in
979 2551 1008 2570 re

219 2591 322 2626 aliqua,
349 2590 376 2617 iu
392 2595 507 2625 utroque
533 2597 627 2617 verum
646 2589 725 2619 dixit.
745 2589 792 2624 qui
820 2597 850 2617 se
878 2596 942 2617 cum
957 2588 1007 2616 Ju-

218 2638 308 2666 daeum
323 2637 442 2671 prodidit
455 2642 511 2664 tum
527 2636 692 2664 Romanum.
714 2638 751 2662 At
765 2635 831 2670 quid
844 2656 852 2667 ,
870 2635 1005 2669 iuquient,

218 2691 310 2711 nonne
321 2683 494 2711 Christianus
508 2682 580 2710 fuit?
601 2681 718 2710 Omnino
742 2681 803 2708 fuit.
824 2680 895 2714 Quid
912 2681 1007 2715 igitur,

218 2738 272 2757 non
290 2737 337 2765 per
349 2730 403 2758 hoc
418 2737 518 2758 nomen
529 2737 560 2758 se
573 2727 744 2758 nominavit?
759 2727 878 2760 Scilicet,
894 2728 922 2755 in
942 2734 1012 2761 prae-

1060 1580 1166 1607 σασθαι.
1174 1581 1228 1607 Καὶ
1235 1581 1276 1607 ὅτι
1284 1581 1332 1615 οὐχ
1338 1581 1431 1612 ἀπλῶς
1439 1581 1528 1616 ἀφῆκε
1535 1580 1638 1616 ταύτην
1644 1580 1697 1615 τὴν
1706 1579 1794 1614 φωνὴν
1799 1577 1838 1604 καὶ

1059 1627 1256 1662 θρυπτόμενος,
1268 1627 1336 1662 ὅπερ
1350 1627 1383 1654 ἄν
1394 1635 1436 1658 τις
1450 1627 1514 1658 ἴσως
1529 1627 1577 1653 καὶ
1590 1626 1765 1661 ὑπερόψοιτο,
1780 1625 1838 1651 ἀλλὰ

1060 1672 1184 1707 βασάνων
1197 1673 1293 1698 ἑαυτὸν
1308 1671 1500 1708 ἐξαιρούμενος
1511 1672 1559 1699 καὶ
1570 1672 1617 1698 τὸν
1631 1672 1753 1707 ἄρχοντα
1765 1671 1839 1698 δεδιτ-

1058 1718 1181 1753 τόμενος.
1199 1717 1258 1744 Ἔτι
1271 1718 1299 1744 δὲ
1313 1718 1361 1744 καὶ
1380 1717 1409 1750 ἑξ
1424 1717 1506 1744 αὐτοῦ
1525 1716 1572 1743 τοῦ
1586 1717 1735 1744 πεπεῖσθαι
1749 1716 1839 1743 Λυσίαν

1058 1764 1107 1790 καὶ
1124 1763 1293 1799 ἀποσχέσθαι
1306 1765 1354 1800 τῆς
1365 1763 1479 1798 ῢὸρεως,
1494 1763 1541 1790 καὶ
1555 1764 1587 1790 ὲκ
1601 1763 1648 1790 τοῦ
1662 1764 1734 1799 πρὸς
1747 1762 1840 1798 Φήλιγσι

1058 1811 1087 1839 δι
1106 1811 1300 1844 διατείνασθαι,
1317 1812 1360 1839 ὃτι
1381 1810 1516 1847 Ῥωμαῖον
1529 1811 1594 1837 ὄντα
1607 1811 1653 1837 τὸν
1669 1810 1788 1841 Παῦλον,
1799 1809 1839 1842 τῆς

1065 1857 1213 1893 Ἰουδαϊκῆς
1229 1857 1385 1892 μιαιφονίας
1399 1857 1532 1890 ἐξείλατο.
1545 1857 1583 1883 οὺ
1601 1856 1655 1892 μὴν
1673 1856 1745 1883 ἀλλὰ
1763 1856 1806 1883 καὶ
1816 1855 1839 1887 ἐξ

1058 1900 1096 1932 ὧν
1110 1903 1208 1939 Φήλικι
1222 1904 1284 1939 μηδ’
1295 1904 1334 1935 είς
1347 1903 1470 1935 ἐξέτασιν
1481 1902 1569 1930 ἐλθεῖν
1581 1903 1713 1938 τοιαύτης
1725 1903 1840 1933 ὑπονοίας

1056 1949 1217 1984 ἐξεγένετο,
1247 1949 1336 1976 καίτοι
1356 1948 1516 1984 χαρίζεσθαι
1539 1948 1679 1979 Ἰουδαίοις
1704 1956 1840 1984 προαιρου-

1061 1994 1134 2030 μένῳ
1148 1994 1195 2020 καὶ
1221 1993 1377 2020 σπεύδοντιο
1391 1993 1439 2020 καὶ
1462 1993 1492 2019 τὸ
1514 1992 1617 2028 σφόδρα
1640 1994 1840 2028 ἀναντίρρητον,

1059 2040 1101 2066 ὅτι
1115 2040 1175 2067 οὐδὲ
1184 2039 1239 2066 τῶν
1264 2039 1400 2066 Ἰουδαίων
1412 2040 1426 2066 ὁ
1439 2040 1525 2074 δῆμος
1539 2038 1634 2074 παρὼν
1649 2039 1700 2066 καὶ
1716 2039 1808 2073 φωνῶν
1820 2039 1838 2067 ι.

1059 2087 1108 2112 καὶ
1119 2086 1208 2113 πάντα
1220 2085 1337 2121 τολμῶν,
1348 2085 1404 2112 οὐδ’
1418 2086 1521 2116 ἐκεῖνος
1539 2085 1688 2120 ἐτόλμησεν
1704 2086 1753 2112 ἐπὶ
1765 2084 1840 2119 τούτῳ

1058 2131 1234 2167 ψευδολογίας
1258 2131 1342 2158 αὐτὸν
1359 2130 1526 2166 γράψασθαι.
1544 2131 1617 2165 Πρὸς
1641 2131 1671 2158 δέ
1695 2139 1730 2165 γε
1749 2130 1840 2160 τούτοις

1058 2177 1103 2204 ὅτι
1122 2177 1170 2204 καὶ
1183 2177 1251 2212 προς
1265 2177 1363 2208 αὐτοὺς
1374 2177 1457 2211 ἄμφω
1473 2176 1536 2211 ἔφη,
1552 2176 1591 2209 ὡς
1614 2176 1743 2208 Ἰουδαῖός
1759 2185 1788 2203 τε
1801 2176 1840 2202 καὶ

1023 2215 1050 2244 D
1068 2224 1204 2258 Ῥωμαῖος
1217 2223 1259 2259 εἴη
1269 2232 1277 2239 ·
1291 2223 1359 2259 ὅπερ
1373 2224 1424 2250 οὐκ
1435 2224 1468 2251 ἄν
1479 2233 1522 2255 τις
1539 2223 1576 2259 μὴ
1592 2223 1651 2250 λίαν
1667 2223 1803 2254 πεποιθὼς
1812 2222 1840 2256 τῇ

1057 2269 1183 2305 ἀληθείᾳ,
1199 2269 1416 2305 παρρησιάσοιτο
1428 2277 1435 2284 ·
1453 2270 1501 2296 καὶ
1521 2270 1563 2296 ὄτι
1587 2270 1789 2304 διατεινόμενος
1801 2270 1840 2294 καὶ

1058 2315 1197 2350 ἐπιμένων
1207 2314 1256 2350 τὴν
1270 2315 1456 2349 προσηγορίαν
1466 2315 1663 2351 προύϐάλλετο
1672 2316 1698 2341 εί
1709 2315 1797 2350 βούλει
1806 2312 1840 2342 δὲ»

1059 2362 1100 2388 ὅτι
1113 2361 1160 2388 καὶ
1185 2363 1245 2388 κατ’
1264 2361 1349 2397 ἀνδρα
1363 2363 1411 2388 καὶ
1438 2362 1507 2389 κατὰ
1523 2361 1614 2394 πόλεις
1628 2361 1682 2397 ετὴν
1705 2361 1840 2396 Ῥωμαίων

1059 2406 1166 2441 κλῆσιν,
1180 2407 1211 2433 οὐ
1228 2406 1330 2441 ταύτην
1349 2406 1478 2442 λαχόντες
1501 2407 1629 2442 πατρίδα,
1653 2406 1751 2433 πολλοὶ
1763 2405 1840 2441 ψηφί-

1060 2461 1161 2488 σμασιν
1189 2452 1389 2488 ἐκληρώσαντο.
1419 2453 1462 2486 Ἐξ
1485 2450 1523 2480 ὧν
1555 2451 1632 2488 οἶμαι
1660 2453 1780 2488 φανερὸν
1802 2451 1842 2477 καὶ

1057 2497 1300 2533 ἀναμφισϐήτητον
1312 2498 1487 2530 καθεστάναι,
1498 2499 1536 2530 ὡς
1546 2499 1576 2525 ὲν
1588 2499 1690 2533 ἀμφοῖν
1706 2500 1722 2525 ὀ
1733 2497 1841 2527 Παῦλος,

1056 2544 1136 2579 εἴπερ
1150 2542 1296 2576 τιςάλλος,
1310 2542 1438 2578 ἡλήθευε,
1461 2543 1597 2579 Ῥωμαῖον
1609 2543 1706 2570 ἑαυτὸν
1720 2543 1769 2570 καὶ
1784 2543 1842 2569 *1ου-

1055 2589 1129 2616 δαῖον
1143 2589 1372 2624 ἀποφαινόμενος.
1386 2589 1418 2615 Τί
1427 2589 1485 2621 οὖν,
1501 2590 1594 2624 φησὶν,
1606 2590 1657 2616 οὐκ
1669 2587 1706 2624 ἣν
1721 2590 1842 2624 Χριστιαι

1055 2635 1114 2667 νὸς;
1132 2635 1188 2662 Kal.
1201 2635 1318 2670 μάλιστά
1331 2643 1372 2670 γε.
1389 2635 1452 2667 Πῶς
1463 2635 1509 2662 οὖν
1519 2635 1569 2662 οὐκ
1584 2636 1675 2663 ἐκάλει
1691 2635 1789 2662 ἑαυτὸν
1801 2634 1842 2660 καὶ

1054 2681 1143 2717 τούτῳ
1159 2681 1198 2717 τῷ
1213 2682 1343 2717 ὀνόματις
1358 2682 1492 2710 Ἐνταῦθα
1506 2683 1632 2718 περιττὸν
1646 2680 1696 2718 ἦν·
1714 2683 1786 2717 ὑπὲρ
1794 2683 1842 2716 γὰρ

1053 2727 1157 2763 ταύτης
1171 2729 1220 2763 τῆς
1245 2728 1393 2764 θρησκείας
1407 2729 1454 2756 καὶ
1474 2728 1524 2764 τῆς
1540 2729 1663 2765 κλήσεως
1686 2729 1781 2757 πάντα
1795 2728 1842 2754 πά-

830 2828 948 2857 ἻΑΚΙΕ
963 2827 1166 2856 LECTIONES.

260 2876 274 2896 “
289 2878 341 2914 leg.
356 2877 457 2913 φονῶν.
