1874 3070
58 169 112 202 $5

515 172 566 202 AD
594 172 892 205 AMPHILOCHIUM
922 174 1096 211 QUIESTIO
1124 175 1237 206 CCXII.

1641 179 1693 211 966

60 233 135 261 σχων
149 223 199 252 καὶ
228 224 359 258 ὲναθλῶν,
376 225 546 262 διεκαρτέρει
561 227 609 254 καὶ
623 227 733 264 ἔχαιρεν
745 236 752 244 ο
772 228 853 260 αὐτός
868 233 890 261 Α
905 235 964 258 sent

933 230 975 258 πηιί
990 238 1044 258 non
1061 235 1121 258 erat
1136 238 1226 266 opus;
1244 238 1306 259 nam
1325 236 1435 267 propter
1447 233 1521 262 istud
1537 243 1647 273 nomen,
1664 245 1692 267 et

58 281 89 299 τε
102 269 137 308 ἦν
145 272 160 298 ό
171 271 367 304 διδασκαλίαις,
379 271 428 298 καὶ
442 272 544 305 πόνοις,
561 273 609 299 καὶ
622 273 728 308 ἱδρῶσι,
738 273 850 309 πρώτην

58 318 174 345 ἀπασῶν
184 317 290 345 πόλεων
303 317 353 353 τὴν
372 318 550 354 Ἀντιόχειαν,
565 321 599 355 τῇ
615 319 669 346 τῶν
680 320 851 355 Χριστιανῶν

58 365 157 399 κλήσει
171 364 387 398 παρασκευάσας
401 365 665 400 ἐγκαλλωπίζεσθαι.
682 367 714 393 Εἰ
728 366 757 393 δὲ
772 367 813 393 δεῖ
825 375 851 393 τι

58 411 106 437 καὶ
135 410 257 445 ἱστορίας
283 410 454 444 ἐπακοῦσαι,
483 410 593 446 λέγεται
619 421 660 444 τις
684 414 724 444 εἰς
752 413 852 448 πολλὴν

58 456 231 490 ἀρχαιότητα
245 456 414 491 ἀνηγμένος·
427 456 465 489 ὡς
481 458 497 492 ή
514 457 561 484 τοῦ
581 457 712 493 Βενιαμὶν
734 458 805 494 φυλὴ
822 459 852 484 ὲν

59 501 229 539 Παλαιστίνῃ
243 502 400 537 ῥιζωθεϊσα,
423 502 505 538 μέχρι
519 503 576 530 τῶν
599 505 650 540 τῆς
671 504 786 536 Ἰταλίας
802 513 852 540 με·

59 546 116 582 ρῶν
125 548 177 579 τὰς
193 547 311 582 βλάστας
323 548 506 582 ὑπιξέτεινεν,
521 549 596 585 αὐτῷ
610 550 684 585 γένει
707 550 851 585 Ῥωμαίων

58 593 108 619 καὶ
121 593 192 629 αὐτῇ
216 593 309 630 Ῥώμῃ
327 595 498 631 χαρισαμένη
510 595 619 630 γένεσίν
635 604 667 622 τε
686 596 735 622 καὶ
753 595 849 630 ὄνομα.

64 638 111 671 ἐξ
124 635 191 666 duo
209 639 281 672 θεῖος
308 640 414 672 Παῦλος
436 641 478 673 είς
501 641 532 668 τὺ
552 640 599 668 τοῦ
623 641 755 676 Βενιαμὶν
779 638 852 676 αἷμα

57 685 243 720 ἀναγόμενος,
272 685 409 721 Ῥωμαῖος
437 687 471 713 ἂν
497 687 610 720 εἰκότως
637 687 849 723 χρηματίσειεν·

56 731 187 766 ἐγένοντο
210 732 266 768 γὰρ
289 733 420 766 ἀπόγονοι
433 732 474 768 τῷ
500 733 641 769 Βενιαμὶν,
665 733 739 760 ἄλλοι
757 741 787 760 τε
800 733 851 760 οὐκ

56 777 156 811 ὀλίγοι,
172 777 201 811 ἐξ
217 774 256 805 ὦν
270 779 386 814 ’Δραδός
397 787 427 806 τε
449 779 495 806 καὶ
508 779 599 811 πόλεις
612 779 691 807 ἀλλαι
704 779 751 806 καὶ
762 779 851 815 χῶραι

55 823 108 854 τὰς
121 824 282 860 ὶπωνυμίας
297 825 489 861 ἐκληρώσαντο
500 833 508 841 ·
531 826 580 853 καὶ
592 825 625 862 δὴ
643 826 690 853 καὶ
715 826 787 861 ἀνήρ
807 834 851 858 τις

55 869 146 905 δνομα
165 869 243 903 Ῥῶς,
263 870 292 902 ὃς
312 872 360 897 ἐπὶ
373 871 409 898 τὰ
418 871 470 907 τῆς
490 872 605 904 Ἰταλίας
618 872 690 908 μέρη
709 869 849 908 χωρήσας,

55 916 106 942 καὶ
128 915 243 948 πολλοὺς
264 917 355 943 ἐκεῖσε
378 916 426 944 τοῦ
447 917 606 953 σπέρματος
627 917 726 952 φύσας,
742 918 790 944 καὶ
804 918 850 945 ἐπὶ

57 961 132 996 μέγα
143 961 223 996 δόξης
238 963 287 989 καὶ
302 961 394 997 ἰσχύος
405 962 527 990 ἀνελθὼν
547 962 659 998 Ῥώμην
688 971 720 989 τε
735 963 784 998 τὴν
799 964 850 990 ἔπ-

54 1006 185 1042 ωνυμίαν
206 1006 298 1034 ἕλκειν
313 1008 344 1040 ἐξ
362 1007 472 1040 ἑαυτοῦ,
495 1009 542 1035 καὶ
560 1008 592 1035 τὸ
613 1009 747 1044 Ῥωμαῖον
760 1009 849 1044 γένος,

55 1053 162 1080 ἔδωκε’
179 1053 228 1085 τὰς
241 1054 297 1089 γὰρ
315 1053 449 1090 Ἐλλήνων
461 1054 505 1081 ἐπ’
522 1055 592 1090 αὐτῇ
612 1054 712 1087 αίτίας,
732 1055 816 1087 πολάς
836 1054 846 1075 ι

54 1107 86 1125 τε
108 1098 159 1125 καὶ
176 1098 237 1125 οὐδὲ
261 1098 331 1134 πρὸς
354 1099 474 1135 ἀλλήλας
493 1100 704 1136 συμφωνούσας,
721 1101 746 1127 oi
763 1100 850 1128 ταῦτα

54 1144 184 1178 λέγοντες
209 1143 265 1171 οὐδ’
280 1144 436 1172 ἀκούουσιν.
457 1145 488 1172 '0
508 1145 599 1173 τοίνυν
619 1146 688 1177 Ῥὦς
713 1147 847 1181 ἀπόγονος

55 1190 108 1224 μὲν
133 1189 267 1225 ὑπάρχων
288 1190 336 1217 τοῦ
361 1191 500 1227 Βενιαμὶν,
523 1193 656 1228 πρόγονος
677 1192 706 1219 δὲ
730 1193 848 1226 Παύλου,

53 1235 171 1266 εἰκότως
192 1235 238 1262 τὺν
261 1236 346 1271 ἀνδρα
374 1237 511 1272 Ῥωμαῖον
536 1238 688 1273 ἀπέφηνεν,
710 1238 740 1272 ἐξ
763 1238 848 1266 αὑτοῦ

55 1281 119 1316 μὲν,
133 1281 184 1317 τὴν
197 1281 244 1309 τοῦ
268 1283 446 1319 πορρωτέρω
465 1284 561 1319 γένους
575 1284 676 1317 αἰτίαν,
693 1285 726 1312 ὲκ
749 1285 779 1312 δὲ
801 1285 848 1312 τοῦ

57 1327 222 1362 Ῥωμαῖκοῦ
235 1330 409 1364 συστήματος
423 1329 472 1365 τὴν
482 1330 624 1366 ἐγγυτέρω
634 1329 761 1366 φέροντα.
779 1331 848 1358 Ἀλλ’

52 1372 128 1409 αὕτη
146 1373 196 1409 μὲν
209 1374 226 1410 ἡ
240 1374 357 1410 ἱστορία,
372 1375 438 1411 ἡδὺς
456 1376 506 1411 μὲν
529 1377 646 1404 ἀκοῦσαι
659 1377 706 1404 καὶ
727 1378 848 1414 ἐπαφρό-

50 1419 141 1451 διτος,
155 1420 186 1446 οὐ
200 1421 255 1455 μήν
270 1429 303 1456 γε
318 1422 387 1456 μετά
402 1421 452 1448 τοῦ
466 1422 618 1458 χαρίεντος,
637 1424 684 1450 καὶ
699 1423 748 1460 τὴν
761 1423 849 1451 πειθὼ

52 1465 226 1500 ἐπιφέρουσα
236 1474 243 1482 ·
261 1466 360 1493 πολλοῦ
372 1467 427 1503 γὰρ
440 1467 474 1495 ἂν
484 1467 573 1503 ἔγωγε
585 1469 634 1504 τῆς
644 1469 770 1504 ἀπαρχῆς
781 1470 836 1496 ἀπο

51 1511 204 1547 δεδομένης
220 1521 265 1548 μοι
290 1513 380 1545 αἰτίας
396 1513 498 1550 ταύτην
518 1514 667 1550 προέταξα,
687 1515 712 1541 εἰ
735 1515 772 1551 μὴ
788 1515 849 1543 λίαν

52 1558 161 1594 ἀρχαία
176 1567 207 1585 τε
223 1555 257 1594 ἦν
272 1561 319 1586 καὶ
335 1559 489 1596 πολιωτέρα
502 1560 519 1596 ἢ
536 1560 733 1594 πιστεύεσθαι,
749 1561 779 1588 οὐ
791 1563 847 1593 tot;
861 1581 883 1596 ι,

54 1604 104 1632 νῦν
120 1604 213 1640 μόνον,
230 1605 298 1633 ἀλλά
313 1606 362 1633 καὶ
374 1608 430 1639 τοῖς
445 1607 507 1634 τότε
518 1606 675 1643 ἀνθρώποις
686 1627 694 1640 ,
711 1607 758 1635 καὶ
772 1607 848 1635 οὐδὲν

54 1652 190 1687 ἐχέγγυον
202 1652 302 1687 ἔχουσα
316 1653 386 1689 πρὸς
407 1653 439 1680 τὺ
462 1653 603 1686 ἐξελέσθαι
620 1653 727 1681 Παῦλον
741 1652 788 1681 τοῦ
803 1653 851 1680 τύ-

53 1697 185 1726 πτεσθαι.
200 1698 312 1730 Τούτοις
325 1696 373 1726 οὖν
394 1698 524 1731 διαλύσας
540 1707 587 1726 σου
608 1699 658 1732 τὰς
671 1699 758 1732 καλὰς
779 1699 847 1726 ἀπο-

55 1743 119 1777 ρίας
130 1742 224 1778 (καλαὶ
232 1743 298 1779 γὰρ,
307 1744 349 1770 ὄτι
362 1744 417 1771 ἀπὸ
425 1743 511 1780 καλῆς
524 1745 573 1772 καὶ
584 1744 730 1779 φιλοπόνου
739 1743 852 1779 γνώμης

55 1789 104 1814 καὶ
121 1788 246 1823 φιλοθέου
258 1789 460 1825 βλαστάνουσι),
476 1789 524 1817 καὶ
538 1790 565 1817 εῐ
582 1799 609 1817 τι
624 1789 689 1817 ἄλλο
703 1799 745 1817 σοι
758 1798 850 1826 παρα-

55 1835 120 1869 στῇ,
147 1833 257 1871 Θαρρῶν
278 1835 329 1870 οὺχ
352 1836 418 1871 ἡμῖν
433 1835 501 1863 ἀλλὰ
524 1836 624 1872 Παύλῳ
648 1837 694 1864 καὶ
711 1835 751 1872 τῷ
765 1835 847 1871 κοινῷ

52 1880 209 1916 διδασκάλῳ
231 1881 338 1909 Παύλου
364 1883 412 1909 καὶ
431 1882 511 1918 ¹ἡμῶν
534 1883 646 1919 Χριστῷ
672 1882 712 1918 τῷ
727 1880 848 1918 ἀληθινῷ

52 1926 116 1963 Θεῷ
133 1926 212 1963 ἡμῶν
224 1927 363 1964 ἐπερώτα,
379 1929 426 1955 καὶ
440 1928 556 1965 ἔρρωσο.

323 2033 492 2060 ΕΡΩΤΗΣΙΣ
509 2033 581 2061 Σ1Β’,

90 2080 146 2106 Δια
161 2079 191 2106 τί
204 2080 237 2106 τὸ
258 2079 473 2114 καταπέτασμα
488 2079 542 2106 τοῦ
559 2079 636 2106 ναοῦ
655 2079 787 2115 ἐσχίσθη
799 2089 809 2112 ;

903 276 974 304 hanc
995 276 1195 311 professionem
1216 277 1307 304 omnia
1323 278 1388 313 pati,
1402 287 1464 307 cum
1480 282 1608 311 omnibus
1624 292 1692 312 con-

903 322 1000 349 ﬂictari
1037 322 1145 350 fortiter
1176 323 1357 358 persistebat;
1387 325 1521 360 gaudebat
1543 332 1635 356 autem
1657 337 1692 358 eo

903 367 992 400 l‘itulo,
1008 375 1089 402 quem
1107 367 1235 403 princeps
1253 368 1479 398 Antiochensium
1498 372 1595 401 civitas
1611 383 1692 402 usur-

901 418 990 449 parat,
1018 419 1047 442 et
1068 415 1202 448 doctrina,
1224 415 1376 450 laboribus,
1393 418 1539 448 sudoribus
1557 428 1691 455 procura-

902 460 959 487 bat.
975 460 1054 494 Quod
1070 461 1092 489 si
1111 461 1238 489 historias
1253 463 1349 490 audire
1380 463 1456 497 libet,
1474 470 1603 494 narratur
1615 475 1692 503 quiec

902 506 965 534 dam
979 507 1058 535 valde
1069 508 1195 543 antiqua;
1223 508 1296 543 quod
1321 509 1410 537 tribus
1423 510 1574 546 Benjamini
1592 513 1620 541 in
1640 513 1692 543 Pa-

902 552 1008 580 laestina
1015 553 1147 587 radicata,
1163 562 1251 590 usque
1264 555 1298 582 ad
1310 561 1403 590 partes
1415 556 1499 585 Italize
1512 561 1692 594 germinando

902 605 933 626 se
958 598 1106 632 diffuderit,
1135 600 1200 628 dum
1221 605 1249 628 et
1265 602 1338 634 genti
1357 601 1544 632 Romanorum
1558 606 1691 641 originem

901 648 929 672 et
947 643 1042 673 Romae
1057 653 1157 673 nomen
1183 651 1210 674 et
1229 647 1439 682 appellationem
1471 649 1601 685 impertit.
1615 651 1693 680 Unde

902 691 1014 720 divinus
1033 691 1135 721 Paulus
1149 693 1196 728 qui
1211 693 1244 721 de
1259 693 1303 721 illa
1329 694 1402 722 tribu
1417 694 1569 730 Benjamini
1582 697 1692 726 deriva-

902 738 950 766 bat
967 739 1141 774 sanguinem,
1172 739 1313 768 Romanus
1327 748 1378 768 nec
1392 741 1496 776 injuria
1525 743 1690 773 dicebatur:

901 784 935 813 de
951 784 1105 820 Benjamini
1134 786 1263 821 progenie
1276 787 1519 822 disseminabatur,
1541 790 1594 818 alia
1609 797 1692 826 atque

902 831 1001 864 altera,
1016 839 1032 859 a
1046 831 1147 867 quibus
1159 832 1276 867 Aradus,
1294 833 1410 870 aliaeque
1429 836 1510 864 urbes
1523 841 1550 864 et
1567 837 1627 866 loca
1640 846 1691 866 no-

903 878 1088 906 menclaturas
1114 879 1321 913 sortiebantur;
1336 884 1364 908 et
1392 881 1463 909 inter
1477 883 1555 917 alios,
1568 884 1613 912 vir
1629 885 1691 920 qui-

901 924 963 952 dam
976 924 1033 953 Rus
1046 925 1145 958 dictus,
1158 926 1205 961 qui
1219 926 1246 953 in
1260 931 1350 962 partes
1362 926 1446 956 Italia:
1459 930 1611 966 profectus,
1626 941 1690 961 cum

901 969 1004 997 multo:
1020 970 1052 998 de
1065 971 1171 999 semine
1184 979 1237 999 suo
1248 979 1430 1008 procreasset,
1448 980 1476 1003 et
1491 984 1617 1012 magnam
1632 980 1691 1007 exi-

900 1015 1087 1044 stimationem
1110 1017 1316 1054 potentiamque
1344 1027 1511 1050 consecutus
1534 1029 1618 1057 esset,
1634 1024 1690 1053 Ro-

900 1068 973 1088 mam
987 1061 1022 1089 ab
1033 1070 1066 1090 eo
1083 1063 1287 1092 denominatam
1301 1065 1388 1098 dedit,
1408 1071 1436 1094 et
1452 1067 1606 1097 Romanum
1619 1079 1690 1106 quo-

901 1114 954 1142 que
983 1114 1069 1142 genus
1092 1113 1268 1143 procreatum
1284 1119 1291 1138 :
1315 1110 1471 1140 Graecorum
1489 1115 1562 1142 enim
1577 1121 1690 1144 senten-

901 1153 964 1185 tias,
992 1161 1053 1189 qua:
1078 1154 1202 1188 plurima:
1226 1160 1291 1183 sunt
1304 1161 1332 1184 et
1358 1157 1563 1195 diversissimae,
1587 1161 1625 1188 illi
1641 1163 1690 1197 qui

900 1197 972 1226 hanc
999 1198 1142 1227 historiam
1161 1207 1285 1234 narrant,
1300 1209 1355 1230 non
1378 1203 1537 1233 admittunt.
1553 1206 1689 1240 Quocirca

900 1243 957 1272 Ras
985 1244 1137 1280 Benjamini
1164 1247 1321 1282 progenies,
1351 1248 1423 1276 inter
1452 1251 1572 1284 majores
1598 1253 1688 1287 Pauli,

899 1294 973 1318 recte
991 1290 1068 1318 illum
1092 1291 1247 1320 Romanum
1267 1301 1329 1322 esse
1346 1294 1436 1328 docet,
1448 1300 1475 1324 et
1491 1297 1625 1334 originem
1640 1308 1690 1328 an-

899 1336 1004 1371 tiquam
1024 1336 1171 1372 imprimis,
1187 1338 1317 1374 deinceps
1334 1340 1472 1368 civitatem
1490 1342 1581 1371 datam
1594 1344 1688 1381 largiri

899 1381 1020 1410 titulum.
1044 1381 1144 1410 Verum
1161 1383 1282 1419 jucunda
1306 1390 1419 1414 narratu
1431 1392 1474 1415 est
1488 1388 1546 1416 haec
1562 1389 1687 1423 historia,

898 1425 946 1454 sed
970 1434 1025 1454 non
1051 1427 1164 1462 perinde
1179 1430 1337 1464 persuadet,
1363 1436 1445 1466 atque
1463 1432 1597 1469 delectat;
1614 1440 1690 1465 certe

898 1479 949 1507 ego
960 1472 1096 1508 imprimis
1111 1473 1183 1502 hanc
1196 1482 1309 1503 causam
1329 1484 1558 1506 annumerassem
1574 1479 1609 1508 iis
1625 1489 1688 1516 quae

898 1518 1030 1553 pratmisi,
1057 1519 1082 1548 si
1108 1527 1161 1547 non
1180 1521 1248 1549 adeo
1270 1521 1394 1557 antiqua,
1415 1527 1444 1551 et
1459 1524 1559 1552 canitie
1577 1533 1690 1561 aspersa

901 1561 971 1589 foret
987 1562 1111 1596 historia,
1129 1567 1160 1591 ut
1174 1563 1253 1592 ﬁdem
1266 1571 1392 1600 superet;
1409 1575 1460 1595 nec
1477 1568 1548 1603 apud
1565 1577 1616 1598 nos
1628 1575 1690 1599 tan-

900 1613 958 1636 tum
973 1609 1021 1645 qui
1033 1617 1108 1638 nunc
1121 1610 1248 1645 vivimus,
1269 1613 1316 1640 sed
1339 1617 1367 1641 et
1383 1614 1454 1649 apud
1468 1615 1531 1643 illos
1550 1616 1690 1652 antiquio-

899 1662 944 1683 res
956 1675 963 1687 ,
977 1663 1066 1691 neque
1088 1663 1250 1690 sponsorem
1267 1658 1380 1690 invenit,
1400 1660 1447 1693 qui
1466 1660 1500 1688 de
1515 1662 1628 1690 veritate
1638 1663 1690 1692 sti-

898 1701 1050 1736 pularetur,
1082 1701 1197 1730 Paulum
1224 1704 1286 1731 inde
1308 1712 1323 1732 a
1345 1705 1434 1741 plagis
1461 1712 1617 1743 exemptum
1643 1710 1689 1739 iri.

900 1746 989 1782 Atque
1000 1747 1036 1774 ita
1052 1755 1114 1775 eum
1131 1748 1319 1783 responderim
1334 1752 1474 1785 praeclaris
1487 1753 1542 1781 tuis
1557 1754 1690 1788 objectio-

901 1792 982 1820 nibus
1010 1792 1095 1826 (certe
1111 1793 1257 1827 prmclaraa,
1284 1795 1358 1830 quod
1373 1796 1502 1830 profecta:
1515 1798 1550 1825 ab
1565 1799 1688 1834 honesto,

898 1837 1031 1873 diligenti,
1047 1842 1075 1865 et
1089 1837 1173 1866 Deum
1191 1846 1300 1868 amante
1315 1842 1458 1877 animo),si
1475 1843 1522 1871 tibi
1537 1845 1601 1880 quid
1616 1847 1690 1875 aliud

897 1888 1036 1918 occurrat,
1064 1885 1204 1913 conﬁdens
1222 1894 1277 1914 non
1295 1887 1373 1921 mihi,
1399 1889 1447 1916 sed
1461 1889 1557 1922 Paulo,
1570 1895 1597 1918 et
1610 1899 1688 1919 com-

898 1930 974 1957 muni
998 1932 1157 1966 praeceptori
1172 1939 1235 1959 cum
1253 1937 1360 1967 nostro,
1377 1939 1435 1962 tum
1462 1935 1551 1969 Pauli,
1567 1936 1687 1972 Christo,

897 1985 964 2005 vero
984 1977 1046 2010 Deo,
1063 1977 1212 2013 interroga,
1229 1985 1257 2006 et
1276 1980 1345 2008 vale.

900 2019 1066 2066 QUAES'I'IO
1078 2032 1170 2061 CCXII
1185 2033 1280 2069 [CaisL
1297 2035 1410 2064 CCXLI.
1425 2035 1507 2064 Taur.
1522 2038 1687 2077 CCXXXII].

1064 2078 1119 2106 Cur
1132 2079 1216 2106 velum
1237 2080 1329 2115 templi
1340 2081 1451 2108 scissum
1469 2082 1528 2109 est?

308 2135 380 2161 Edita
391 2143 403 2161 ι
416 2135 567 2162 Montacutio
583 2136 635 2167 (ep.
651 2136 704 2167 125,
717 2136 746 2161 ad
759 2137 839 2168 Ignat.
850 2142 875 2168 p.
889 2135 954 2167 liii).
969 2135 1086 2161 —Matth
1108 2142 1184 2167 xxv",
1200 2136 1309 2167 51;Luc.
1319 2144 1388 2169 χχιιι,
1399 2138 1439 2164 45.

93 2190 242 2226 Ῥήγνυται
268 2190 300 2218 τὸ
318 2191 520 2226 καταπέτασμα
539 2190 587 2218 τοῦ
603 2190 679 2225 ναοῦ,
704 2191 774 2226 ξύλῳ
796 2190 846 2218 τοῦ

51 2237 192 2264 Δεστοότου
205 2237 391 2274 κρεμαμένου,
408 2237 452 2264 διά
461 2237 571 2270 πολλὰς,
586 2235 675 2273 οἶμαι,
685 2237 734 2269 τὰς
744 2237 844 2269 αίτίσ-ς.

51 2286 91 2312 Τὸ
107 2284 158 2320 μὲν
169 2285 224 2320 γὰρ
237 2283 287 2319 τὴν
303 2284 366 2320 γῆν,
378 2284 439 2311 κατ’
455 2284 546 2311 ἐκεῖνο
556 2283 587 2311 τὸ
600 2285 733 2319 σωτήριον
748 2284 845 2315 πάθος,

50 2331 141 2367 κλόνῳ
151 2331 200 2358 καὶ
213 2331 318 2366 τρόμῳ,
332 2329 431 2366 μικροῦ
445 2330 501 2357 δεῖν
524 2330 782 2365 συγκατενεχθῆναι,
799 2329 848 2356 δυ-

50 2378 134 2405 νατόν
147 2378 207 2404 ἐστι
225 2379 281 2409 τοῖς
306 2377 494 2412 ἀγνωμονοῦσι
505 2377 554 2404 καὶ
574 2377 614 2408 είς
631 2377 666 2404 τά
679 2377 750 2403 κατά
763 2377 844 2411 φύσιν
855 2390 884 2420 D

51 2425 131 2458 ἄγειν
144 2423 199 2450 τῶν
221 2424 363 2460 στοιχείων
379 2423 452 2460 πάθη
463 2431 471 2439 ο
483 2424 514 2450 τὸ
533 2423 563 2450 δὲ
583 2423 701 2459 ῥαγῆναι
724 2422 846 2450 καταπέ-

50 2477 159 2505 τασμα,
186 2469 303 2504 μηδενὸς
326 2469 445 2504 μάλιστα
469 2468 651 2501 διασπῶντος,
666 2469 722 2496 ἀπὸ
742 2469 846 2496 ἄνωθεν

50 2515 104 2548 ἓως
125 2515 213 2548 κάτω,
231 2515 301 2551 μήτε
316 2515 393 2550 πρὶν,
408 2516 479 2551 μήτε
502 2516 572 2551 μετά
585 2515 672 2543 ταῦτα
688 2515 768 2550 φύσιν
785 2516 846 2550 ἔχον

51 2560 274 2597 ἐπιτελεσθῆναι,
301 2560 432 2596 οὐδεμίαν
456 2560 631 2596 ἀναχώρησιν
651 2560 770 2592 δίδωσιν,
784 2560 846 2587 οὐδὲ

50 2608 108 2638 τοῖς
126 2606 190 2633 λίαν
214 2606 412 2642 κακουργοῦσι,
425 2605 457 2633 τδ
471 2606 509 2642 μὴ
530 2606 592 2642 οὐχὶ
611 2606 757 2642 θεομηνίαν
773 2603 844 2633 εἶναι

49 2651 80 2676 τὺ
94 2650 189 2686 τέρας,
202 2651 249 2678 καὶ
263 2651 313 2686 τῆς
336 2651 484 2687 Ἰουδαϊκῆς
509 2651 667 2686 μιαιφονίας
683 2652 845 2688 ἀπαράγρα-

50 2704 119 2722 πτον
131 2695 244 2731 ἔλεγχον
256 2696 287 2724 τὸ
300 2697 497 2733 γεγενημένον.
513 2697 649 2734 Δευτέραν
663 2697 685 2723 δ’
699 2698 732 2725 ἀν
745 2706 786 2729 τις
803 2699 846 2724 αι-

49 2742 112 2769 τίαν
128 2741 255 2778 ἀποδοίη,
273 2742 408 2779 σύμὸολον
426 2742 493 2770 αὐτὸ
511 2743 559 2771 καὶ
574 2743 744 2779 προμήνυμα
766 2742 844 2777 γενέ-

51 2787 116 2815 σθαι
130 2788 230 2823 λέγων,
247 2788 296 2824 τῆς
317 2789 378 2826 μεθ’
399 2789 450 2820 ὅσα
474 2789 522 2826 ἐτη
536 2789 729 2827 καταστροφῆς
744 2797 774 2815 τε
798 2788 846 2815 καὶ

933 2190 1105 2225 Dirumpitur
1119 2191 1210 2219 velum
1230 2191 1342 2226 templi,
1371 2192 1504 2221 Dominus
1532 2194 1559 2221 in
1584 2194 1687 2230 lignum

895 2243 958 2264 cum
972 2236 1142 2265 attolleretur
1154 2246 1161 2269 ;
1174 2237 1256 2273 idque
1271 2238 1362 2273 plures
1379 2246 1441 2266 reor
1453 2245 1564 2275 propter
1576 2249 1684 2269 causas.

896 2282 993 2316 Terra,
1009 2290 1072 2311 cum
1085 2288 1224 2319 pateretur
1239 2284 1375 2318 Salvator,
1396 2287 1573 2315 succussione
1585 2293 1612 2315 et
1631 2293 1688 2316 tre-

897 2337 972 2357 more
984 2330 1018 2358 de
1032 2330 1094 2358 loco
1109 2330 1212 2358 moveri
1235 2331 1358 2365 potuisse
1372 2332 1523 2360 concedant
1543 2334 1625 2360 etiam
1643 2334 1686 2360 in-

898 2376 1055 2411 fideles,qui
1064 2377 1091 2404 in
1104 2382 1229 2404 naturam
1242 2378 1376 2406 reducunt
1385 2378 1581 2406 elementorum
1592 2380 1685 2408 labes:

896 2427 925 2450 at
933 2422 1023 2450 velum
1033 2423 1286 2459 utdisciuderetur,
1300 2432 1363 2452 cum
1380 2431 1396 2452 a
1413 2424 1489 2452 nullo
1504 2425 1531 2452 in
1547 2426 1685 2454 diversum

897 2468 1106 2503 distraheretur,
1123 2477 1138 2496 a
1154 2477 1265 2498 summo
1281 2478 1366 2506 usque
1384 2472 1417 2498 ad
1432 2472 1530 2504 imum,
1548 2472 1622 2507 quod
1637 2481 1687 2500 nec

898 2514 976 2549 prius
996 2521 1047 2542 nec
1060 2514 1191 2550 deinceps
1205 2515 1307 2543 factum
1319 2516 1380 2548 fuit,
1395 2524 1446 2544 nec
1456 2517 1489 2544 ad
1501 2517 1527 2545 id
1541 2525 1588 2552 per
1602 2518 1685 2545 ullam

897 2560 1049 2588 naturalem
1071 2561 1279 2596 propensionem
1298 2562 1423 2596 inclinal,
1446 2571 1479 2590 ne
1497 2565 1607 2598 quidem
1632 2565 1685 2591 im-

898 2606 1073 2641 probissimis
1088 2607 1223 2642 refugium
1239 2608 1375 2639 concedit,
1394 2613 1425 2635 ut
1441 2609 1615 2641 cavillentur,
1631 2618 1685 2638 non

896 2651 982 2680 fuisse
1001 2653 1053 2681 hoc
1067 2654 1220 2689 prodigium
1235 2661 1250 2681 a
1273 2654 1366 2682 divino
1383 2654 1477 2683 furore
1497 2663 1560 2691 erga
1577 2654 1686 2684 Iudaeos

897 2698 1064 2734 profectum,
1080 2703 1110 2726 ut
1126 2705 1199 2728 esset
1213 2699 1239 2728 id
1255 2705 1350 2728 contra
1372 2701 1495 2736 ipsorum
1509 2702 1687 2730 homicidium

897 2744 1050 2773 indelebilis
1066 2745 1212 2774 convictio.
1238 2744 1392 2774 Secundam
1419 2747 1560 2783 assignare
1576 2756 1686 2776 causata

898 2789 973 2823 licet,
989 2794 1016 2817 et
1036 2790 1127 2821 dicere
1140 2790 1295 2827 symbolum
1309 2796 1337 2820 et
1351 2791 1624 2827 praedesigualionem
1639 2799 1688 2820 ex-

697 2844 817 2875 VARLE
832 2845 1034 2875 LEGTIONES.

88 2892 99 2913 ι
116 2892 161 2921 ισ.
176 2892 288 2926 πολλάς.

1102 2957 1107 2961 .
1121 2947 1151 2962 ιε.
