1874 3070
150 162 239 192 ’96Ἷ

189 217 290 244 stitiSse
307 215 378 241 illius
399 213 494 246 ruinae,
518 213 705 242 subversionis
735 218 762 241 et
779 214 968 245 desulationis,
984 215 1006 242 Δ

187 271 248 298 qua:
272 270 325 290 non
348 265 408 296 post
424 263 524 288 multos
541 268 628 288 annos
644 261 889 289 celebratissimum
908 260 974 288 illud

189 308 330 343 templum,
345 311 372 334 et
392 315 454 341 qua:
476 306 503 333 in
523 307 624 341 templo
640 310 720 333 erant
736 314 814 334 sacra
829 306 973 339 solemnia,

187 355 262 390 orgia
283 353 416 386 Iudaica,
443 353 625 388 sequebatur;
643 361 760 388 quorum
786 361 884 388 magna
910 361 974 388 pars

187 407 295 427 summo
309 400 402 427 studio
419 400 488 426 intra
508 399 596 425 velum
615 399 678 425 illud
707 399 843 426 celebrata
863 407 974 434 perage~

187 447 298 479 batttur,
315 451 346 473 ut
361 445 465 472 nemini
480 454 495 472 e
516 445 671 480 promiscua
690 445 863 472 mttltitudine
881 452 974 472 cerne-

187 497 301 525 rentur;
327 495 410 526 atque
433 491 493 518 ideo
518 491 713 518 extendebatur
737 490 803 517 illud
826 491 927 523 velum,
947 494 974 517 ut

187 538 342 566 veneranda
357 538 403 565 illa
416 537 544 572 mysteria
567 545 581 563 a
600 537 670 571 vulgi
693 537 780 564 oculis
803 541 908 564 remota
925 544 973 564 cu-

188 583 365 615 stodirentur,
381 587 408 609 et
424 583 490 610 solis
506 581 619 609 videnda
631 586 753 616 paterent
766 581 972 609 sacerdotibus:

188 628 250 655 velo
268 633 359 654 autem
378 628 507 662 dirupto.
533 627 655 662 patuisse
679 634 712 654 ea
735 627 856 654 omnium
875 627 972 659 oculis,

189 674 293 701 clarum
309 677 360 706 est,
375 678 403 700 et
417 673 489 708 quod
510 677 575 699 tunc
598 673 753 700 communia
770 672 841 699 facta
862 672 973 704 fuerint,

188 727 250 755 quae
267 727 351 754 usque
363 727 396 747 eo
412 723 505 747 sancta
520 723 548 746 et
565 726 642 746 sacra
661 719 780 750 luerunt,
804 719 832 746 in
851 719 972 746 omnium

189 769 321 803 producta
346 772 524 800 conspectum
544 770 571 793 et
599 766 834 801 profanationem;
862 770 890 792 et
917 766 975 792 lucc

189 814 268 849 quasi
284 814 416 849 prommia
433 813 499 848 ipsis
524 813 697 847 contigerunt
717 811 877 838 universalis
901 811 974 838 illius

189 859 362 891 sublationis,
383 867 443 893 quae
459 858 532 893 leges
548 858 681 892 ipsorum,
697 862 724 884 et
742 857 852 892 legalem
871 857 972 885 cultum

190 912 299 933 cessare
312 904 375 932 fecit
395 905 421 930 in
446 910 588 931 aeternum.
611 903 663 930 Sed
687 908 714 930 et
735 904 841 931 tertiam
865 911 974 938 quoque

192 951 325 978 rationem
339 950 479 977 advertere
497 950 569 983 licet,
585 957 646 984 quae
660 957 721 976 cutn
737 950 871 976 contraria
885 951 974 976 videa-

191 1001 235 1023 tur
249 995 420 1029 praecedenti,
441 995 474 1021 ab
489 995 534 1022 illa
551 999 640 1021 tamen
665 1002 743 1021 suum
758 999 847 1022 ortum
862 994 975 1021 sortitur

190 1046 216 1069 et
233 1040 376 1076 originem.
394 1040 522 1073 Quaenam
540 1040 584 1066 illa
598 1040 709 1067 autem?
724 1039 856 1066 Nimirum
869 1038 976 1067 Iudico-

191 1094 250 1114 runt
267 1086 301 1113 de
324 1085 379 1112 Deo
404 1085 538 1120 cognitio,
558 1089 586 1113 et
608 1085 709 1119 coguili
732 1085 853 1112 numinis
873 1085 974 1118 cultus,

191 1133 339 1160 conclusus
351 1136 410 1159 erat
432 1132 492 1159 loco
515 1132 734 1166 circumscripto,
752 1132 803 1159 hoc
821 1136 863 1159 est
877 1132 977 1159 Iudaeae

192 1179 291 1206 linibus
299 1183 325 1206 et
335 1177 541 1214 Hierosolymis,
557 1185 617 1212 quae
631 1181 719 1204 tamen
737 1177 829 1204 omnia
848 1181 976 1212 typorum

191 1229 218 1252 et
246 1223 521 1259 praadesiguationum
558 1223 651 1258 gratia:
684 1222 773 1248 locum
806 1221 974 1248 obtinebant.

192 1269 335 1304 Quocirca,
351 1276 413 1296 cum
431 1268 459 1295 in
477 1272 622 1302 angustum
642 1267 771 1294 conclusa
790 1267 833 1294 illa
859 1266 977 1301 cognitio

191 1323 219 1345 et
234 1317 280 1344 Dei
297 1316 398 1345 cultus.
414 1322 524 1342 cessare
542 1318 708 1349 oportercnt,
731 1313 775 1340 illa
791 1318 882 1340 autem
897 1313 977 1340 latria

192 1372 253 1399 qua:
274 1370 322 1398 per
337 1362 427 1390 crucis
446 1361 603 1396 passionem
627 1359 780 1386 Senatoris
797 1363 856 1386 erat
872 1357 978 1393 patefa-

192 1409 299 1439 cienda,
315 1411 340 1434 et
357 1414 444 1441 usque
458 1406 491 1432 ad
514 1405 647 1432 terminos
667 1404 742 1432 orbis
763 1403 977 1436 dissctninauda,

193 1459 219 1481 et
234 1454 260 1481 in
275 1460 370 1480 eorum
387 1452 473 1478 vicem
491 1450 759 1483 subintroduccnda;
779 1450 813 1476 ob
834 1456 893 1476 eant
913 1456 978 1475 cau-

194 1505 251 1526 sam
265 1495 430 1530 dirumpitur
445 1496 497 1522 hoc
510 1515 518 1527 ,
546 1494 619 1521 velut
641 1493 722 1521 fronti
742 1494 977 1528 superintluctum,

193 1543 295 1574 velum.
311 1550 359 1577 per
372 1541 444 1576 quod
461 1540 560 1567 Sancta
574 1540 618 1567 illa
632 1545 802 1571 sanctorum,
818 1539 845 1566 in
861 1539 978 1566 obscuro
990 1555 1014 1585 C

194 1593 222 1615 et
237 1588 338 1614 intacto
353 1587 414 1614 loco
428 1586 659 1614 concludebantur
674 1594 681 1612 :
697 1585 732 1612 ita
747 1589 777 1611 ut
797 1589 901 1611 tantum
923 1592 978 1611 nott

192 1634 267 1662 Clara
279 1641 344 1660 voce
355 1632 546 1667 pronuntietur
560 1639 608 1666 per
627 1631 685 1666 ipsa
704 1638 795 1665 opera,
812 1629 908 1657 Venite
921 1637 979 1656 om-

195 1687 244 1706 nes
259 1686 307 1706 νος
323 1678 355 1705 ad
373 1677 487 1705 videnda
498 1677 659 1710 invisibilia,
669 1677 701 1703 ad
718 1676 838 1703 divinum
851 1675 978 1703 intuitum

194 1729 221 1752 et
239 1725 440 1760 cognitionem,
466 1731 515 1751 nec
531 1723 621 1751 adhuc
638 1727 667 1750 ut
682 1722 746 1749 olim
764 1727 839 1757 parle
861 1722 979 1757 quadam

194 1770 270 1797 urbis
285 1774 365 1796 terra:
380 1773 406 1796 et
420 1776 473 1796 una
484 1769 595 1796 natione
607 1775 660 1795 non
676 1768 712 1794 ita
723 1775 878 1799 numerosa,
890 1767 980 1795 cultus

195 1815 304 1842 divinus
320 1813 509 1845 concludetur,
525 1813 571 1840 sed
587 1816 681 1849 gentes
695 1812 846 1844 universae,
872 1811 980 1839 termini

196 1865 274 1886 terrae
295 1858 349 1886 illis
371 1858 495 1886 fruentur
521 1857 605 1884 libere
620 1877 628 1890 ,
654 1865 714 1892 quae
729 1856 807 1889 adiri,
825 1864 875 1884 nec
889 1855 981 1884 aeeedi

195 1913 210 1932 a
229 1905 329 1932 ludatis
351 1905 417 1940 ipsis
428 1909 564 1939 poterant.
577 1904 612 1931 At
624 1908 652 1931 tu
665 1903 728 1930 hinc
742 1903 857 1930 ulterius
868 1910 981 1938 progre-

195 1951 269 1984 dere,
287 1955 314 1978 et
326 1950 436 1978 adverte
450 1950 503 1977 ista
519 1959 525 1977 :
544 1957 620 1982 arca,
641 1954 668 1977 et
687 1957 748 1984 qua:
772 1949 982 1977 continebantur

196 1997 223 2024 in
238 2004 302 2024 arca
319 1997 346 2023 in
364 2002 455 2031 typum
472 1995 534 2023 coeli
548 1995 688 2027 cedebant,
703 2000 730 2021 et
745 2002 839 2021 eorum
853 2002 914 2029 quae
930 1993 982 2021 sub

196 2043 265 2070 cmlo
289 2045 378 2068 sunt:
398 2050 407 2066 t
421 2041 498 2073 Vide,
518 2040 591 2068 enim
606 2040 714 2075 inquit,
735 2045 764 2067 ut
785 2039 870 2068 facias
891 2040 982 2067 omnia

194 2094 272 2128 juxta
287 2091 402 2127 ﬁguram
418 2098 477 2125 quat
495 2090 542 2117 tibi
566 2090 759 2118 ostendebatur
776 2090 802 2116 in
814 2094 908 2118 monte
918 2090 951 2117 "’.
970 2099 980 2116 ι

197 2136 261 2164 lltec
275 2137 332 2171 ipsa
349 2143 411 2162 area
427 2142 480 2162 una
497 2142 559 2162 cum
573 2135 635 2162 aliis
652 2134 813 2167 occultatis,
832 2135 860 2162 in
882 2135 984 2170 templo

197 2181 427 2213 abscondebatur,
444 2180 504 2207 velo
520 2179 672 2207 interdueto
684 2180 807 2213 exclusa,
831 2187 921 2215 neque
935 2189 983 2209 ac-

198 2233 294 2255 cessus
308 2226 436 2261 cuiquam
448 2231 630 2261 praeterquam
643 2225 832 2253 sacerdotibus
842 2227 983 2261 permitte«
997 2225 1020 2253 Ι)

199 2275 290 2300 batur.
309 2272 467 2301 Declarabat
488 2272 572 2302 istud.
586 2275 612 2298 et
629 2271 783 2299 delineabat
796 2280 939 2301 ascensum
955 2275 983 2302 in

199 2318 284 2346 caelos
299 2318 459 2346 hominibus
474 2317 637 2351 impervium
649 2317 815 2344 custoditum
825 2317 921 2350 fuisse,
934 2326 985 2346 nec

198 2371 363 2399 quemquam
377 2371 411 2391 ex
427 2363 460 2390 iis
475 2362 522 2397 qui
540 2362 636 2397 legalis
652 2363 743 2391 cultus
762 2368 912 2393 sectatores
925 2365 984 2393 fue-

199 2414 261 2438 rant
275 2410 309 2437 ad
320 2411 391 2436 hanc
404 2408 563 2443 dignitatem
577 2408 663 2436 fuisse
671 2409 830 2438 admissum.
848 2411 983 2444 Quocirca

199 2456 336 2491 rumpitur
353 2455 405 2482 hoc
414 2454 586 2483 obstaculum
597 2455 728 2483 (ιτυοὶίίιο
737 2455 862 2490 Domino,
877 2462 904 2485 et
918 2458 983 2486 tuba

760 159 891 190 ΡΗΟΤΠ
907 159 952 188 PA
959 158 1162 188 ΤΠῙΛΒΟΠίΕ
1181 159 1234 189 CP.

1022 212 1218 248 ἐξερημώσεως
1242 212 1290 240 τοῦ
1303 221 1332 240 τε
1350 213 1523 249 περιωνύμου
1545 213 1620 246 ναοῦ,
1641 215 1683 241 ια’
1705 214 1759 242 τῶν
1784 216 1815 241 ta

1024 259 1098 294 αύτῷ
1120 258 1273 286 Ἰουδαϊκῶν
1296 258 1413 286 τελετῶν
1427 267 1458 285 τε
1484 259 1532 285 καὶ
1551 258 1653 294 ὀργίων
1666 268 1674 275 ·
1688 256 1726 286 ὧν
1742 260 1815 294 μέγα

1023 313 1054 331 τε
1066 305 1113 332 καὶ
1125 304 1171 331 διὰ
1186 304 1315 340 σπουδῆς,
1327 304 1358 331 τὸ
1373 304 1471 339 μηδενὶ
1483 304 1539 330 τῶν
1555 304 1672 337 πολλῶν,
1688 304 1724 331 τὰ
1739 305 1814 331 ἑνδω

1023 350 1071 377 τοῦ
1085 351 1341 386 καταπετάσματος,
1357 350 1474 386 ὀφθῆναι
1486 358 1493 366 ·
1508 350 1553 377 διὰ
1567 350 1648 377 τοῦτο
1658 351 1706 378 καὶ
1720 351 1815 378 διεπε-

1022 396 1137 423 τάννυτο
1151 396 1181 422 τὺ
1201 395 1326 431 ὕφασμα,
1345 395 1416 423 ὥστε
1431 396 1533 422 ἀθέατα
1548 396 1598 431 μὲν
1621 396 1766 431 φυλάττειν
1781 398 1815 424 τὰ

1023 442 1101 477 τίμια
1113 442 1152 477 τῷ
1166 442 1234 477 λαῷ,
1255 443 1347 477 μόνοις
1367 442 1396 468 δὲ
1408 443 1466 474 τοῖς
1484 441 1602 478 ἱερεῦσιν
1619 440 1690 469 εἶναι
1709 444 1813 479 ὁρατά-

1023 484 1054 514 οὖ
1072 487 1105 523 δὴ
1119 488 1351 523 περιρραγέντος,
1373 488 1544 523 ἀνεπετὰσθη
1569 487 1619 523 μὲν
1652 488 1778 524 δηλονότι
1795 494 1816 508 ιι

1025 534 1108 560 πᾶσιν
1123 535 1139 568 ἡ
1165 534 1226 568 ὄψις
1242 534 1341 565 αὐτῶν,
1363 534 1441 560 κοινὰ
1459 534 1488 561 δὲ
1509 534 1632 568 γέγονεν,
1653 535 1695 566 εἰς
1720 536 1816 570 κοινὴν

1024 579 1208 613 ἀπενεχθέντα
1226 579 1290 605 θέαν
1305 580 1352 606 καὶ
1370 579 1532 614 βεϐήλωσιν,
1548 579 1582 606 τὰ
1595 580 1664 612 τέως
1679 580 1746 614 am
1768 582 1818 608 καὶ

1024 625 1143 660 opimi“
1159 621 1244 651 δ;“ὦν
1266 625 1450 662 πρωιμιάσοη
1477 625 1591 652 καὶτῶν
1613 626 1701 652 ἄλλων
1722 626 1818 658 αὐτοῖς

1025 671 1151 697 ἁπάντων
1172 671 1292 706 θεσμῶν,
1306 671 1420 706 καὶτῆς
1436 672 1552 707 νομικῆς
1568 672 1697 707 λατρείας
1714 673 1731 707 ἡ
1745 682 1818 699 παν-

1024 717 1104 750 τελὴς
1119 716 1259 751 ἀναίρεσις
1279 718 1327 744 καὶ
1344 717 1438 753 σχολή.
1453 718 1531 744 Ἐστι
1547 717 1576 744 δὲ
1595 718 1643 744 καὶ
1663 720 1761 753 τρίτην
1773 720 1818 745 αἰ-

1024 762 1085 789 τίαν
1096 762 1222 795 συνιδεῖν,
1232 763 1363 794 ἐναντίως
1378 763 1427 798 μὲν
1441 762 1509 798 πρὸς
1523 763 1572 797 τὴν
1582 763 1731 799 εἰρημένην
1742 764 1818 800 ἔχειν

1024 807 1166 840 δοκοῦσαν,
1190 808 1219 841 ἐξ
1239 809 1324 843 αὐτῆς
1344 808 1371 834 δὲ
1392 808 1493 844 μᾶλλον
1517 809 1691 845 τικτομένην.
1709 810 1758 841 Τίς
1770 808 1818 837 οὗν

1025 853 1094 888 αὕτη
1107 862 1115 885 ς
1129 854 1190 880 Ὅτι
1214 854 1268 881 τῶν
1291 854 1423 881 Ἰουδαίων
1439 856 1456 890 ἡ
1474 855 1540 890 περὶ
1563 855 1594 882 τὸ
1619 855 1698 883 Θεῖον
1714 856 1820 890 γνῶσις

1026 901 1071 926 καὶ
1084 899 1206 935 λατρεία,
1218 900 1432 936 εὐπεριγρέιπτῳ
1448 901 1497 936 μὲν
1515 901 1601 938 τόπῳ,
1613 903 1646 937 τῇ
1662 910 1692 928 τε
1699 901 1819 937 Ἰουδαία

1025 946 1138 978 καὶτοῖς
1152 946 1284 982 Ἰεροσολύ
1289 956 1361 982 μοις,
1374 947 1564 974 ἑναπεκλείετο
1573 956 1579 962 ·
1592 947 1686 974 τύπων
1696 948 1725 974 δὲ
1740 948 1818 983 ὅμως

1026 992 1074 1018 καὶ
1087 993 1328 1027 προχαραγμάτων
1346 993 1424 1026 τάξιν
1442 993 1596 1028 ἀνεπλήρου
1620 995 1670 1028 τῆς
1691 993 1816 1028 χάριτος.

1031 1038 1108 1064 Ἐπεὶ
1115 1035 1161 1064 οὖν
1170 1038 1223 1064 ἔδει
1236 1038 1286 1073 τὴν
1295 1039 1336 1070 εἰς
1344 1038 1437 1065 στενὸν
1446 1038 1542 1074 κομιδῇ
1553 1039 1819 1074 περιγεγραμμένην

1026 1082 1154 1118 λατρείαν
1166 1084 1214 1110 καὶ
1230 1083 1342 1118 γνῶσιν,
1351 1084 1482 1119 ἀργῆσαι,
1497 1084 1546 1120 τὴν
1563 1085 1646 1116 είςτά
1665 1084 1774 1119 πέρατα
1789 1085 1819 1111 δὲ

1025 1129 1075 1164 τῆς
1083 1130 1247 1165 οἰκουμένης
1256 1130 1298 1156 διὰ
1307 1129 1353 1156 τοῦ
1363 1130 1497 1166 σωτηρίου
1507 1130 1610 1162 πάθους
1621 1129 1818 1164 ἐξαπλοῦσοαι.

1028 1175 1175 1210 μέλλουσαν
1184 1176 1223 1208 είς
1234 1177 1321 1212 ἀρχὴν
1332 1176 1512 1211 καταστῆναι,
1523 1176 1567 1203 διὰ
1583 1176 1663 1204 τοῦτο
1672 1176 1706 1212 δὴ
1714 1176 1819 1212 [τυῦτο]

1028 1222 1159 1256 ρήγνυται
1181 1222 1212 1248 τὸ
1232 1222 1453 1258 προμετωπίδιον
1471 1222 1586 1257 ὕφασμα
1610 1223 1711 1255 έκεῖνο,
1735 1222 1770 1249 δι’
1786 1219 1819 1249 οὗ

1027 1266 1060 1293 τὰ
1075 1266 1130 1293 τῶν
1150 1267 1234 1301 ἀγὶων
1249 1267 1343 1302 Ἅγια,
1360 1267 1398 1300 ὼς
1413 1268 1443 1294 ὲν
1462 1268 1612 1304 ἀπορρήτῳ
1628 1268 1676 1294 καὶ
1685 1267 1822 1302 ἀψαύστῳ

1027 1313 1233 1348 περιεστέλλετο
1242 1313 1344 1349 χωρίῳ,
1362 1315 1504 1349 μονονουχὶ
1516 1315 1572 1345 τοῖς
1582 1313 1674 1348 ἔργοις
1689 1313 1760 1348 βοῶν
1772 1313 1823 1340 καὶ

1028 1358 1251 1394 προκαλούμενον
1269 1359 1392 1391 ἅπαντας
1413 1360 1454 1391 εἰς
1475 1360 1524 1395 τὴν
1539 1359 1594 1386 τῶν
1609 1359 1732 1387 ἀθεάτων
1746 1359 1823 1395 [καὶ]

1029 1404 1104 1431 θείαν
1121 1408 1135 1422 η
1153 1404 1271 1438 ὲποψίαν
1292 1414 1322 1431 τε
1340 1405 1388 1431 καὶ
1411 1406 1571 1440 ἐπίγνωσιν,
1593 1406 1640 1432 καὶ
1663 1405 1702 1436 ὡς
1726 1405 1825 1432 οὐκέτι

1029 1450 1107 1486 μέρει
1121 1451 1174 1477 τινὶ
1186 1451 1236 1485 τῆς
1247 1451 1408 1486 οἰκουμένης
1421 1452 1469 1478 καὶ
1476 1451 1653 1488 εὐαριθμήτῳ
1661 1451 1732 1478 ἔθνει
1745 1451 1763 1485 ἡ
1775 1451 1825 1477 εὐ-

1029 1496 1121 1523 σέϐεια
1136 1497 1390 1532 συγκλεισθήσεται,
1403 1498 1461 1525 ἀλλ’
1475 1499 1585 1525 ἅπαντα
1595 1499 1630 1525 τὰ
1644 1498 1709 1532 ἔθνη
1724 1498 1772 1524 καὶ
1787 1498 1826 1524 τὰ

1029 1542 1135 1578 πέρατα
1147 1542 1198 1577 τῆς
1208 1544 1381 1579 οἰκουμένης,
1405 1543 1458 1571 τῶν
1474 1546 1531 1576 τοῖς
1550 1544 1687 1576 Ἰουδαίοις
1703 1539 1828 1580 ἀπροσίο

1029 1595 1083 1614 των
1102 1587 1149 1615 καὶ
1170 1588 1323 1623 ἀνεφίκτων
1340 1589 1369 1615 ἐν
1387 1589 1537 1616 ἀπολαύσει
1554 1590 1714 1625 γενήσεται.
1739 1589 1827 1616 Ἀλλὰ

1031 1631 1063 1658 σύ
1080 1641 1125 1667 μοι
1140 1632 1187 1658 καὶ
1199 1633 1268 1668 πρὸς
1278 1634 1326 1668 τὴν
1339 1634 1472 1670 ἐχομένην
1482 1633 1585 1668 ταύτης
1602 1634 1763 1668 μετάϐαινε,
1775 1635 1829 1660 καὶ

1031 1677 1128 1705 σκόπει
1142 1675 1194 1704 ὦδε
1206 1687 1213 1693 ·
1230 1679 1385 1714 ήκιὸωτὸς,
1402 1680 1450 1706 καὶ
1469 1680 1503 1706 τὰ
1519 1681 1547 1707 ὲν
1565 1681 1597 1715 τῇ
1615 1679 1734 1714 κιὸωτῷ,
1751 1681 1828 1706 κατὰ

1030 1724 1075 1750 τὸν
1089 1724 1174 1751 τύπον
1190 1725 1285 1759 γέγονε
1308 1725 1355 1752 τοῦ
1373 1725 1489 1761 οὐρανοῦ
1507 1735 1537 1753 τε
1560 1727 1608 1752 καὶ
1632 1726 1687 1752 τῶν
1708 1726 1762 1752 ὑπὸ
1777 1726 1829 1752 τὸν

1030 1768 1154 1804 οὐρανόν.
1168 1779 1177 1796 r
1189 1769 1264 1805 Ὅρα
1274 1769 1340 1805 γὰρ,
1354 1770 1435 1804 φησὶ,
1448 1771 1572 1806 ποιήσεις
1588 1770 1677 1796 πάντα
1691 1769 1763 1797 κατά
1777 1770 1829 1796 τὸν

1030 1814 1114 1842 τύπον
1124 1814 1264 1850 δειχθέντα
1278 1824 1319 1842 σοι
1333 1817 1362 1842 ὲν
1371 1815 1411 1851 τῷ
1424 1816 1492 1853 ὄρει.
1508 1826 1517 1842 ι
1530 1816 1604 1852 Αὖτη
1620 1816 1668 1842 οὖν
1682 1815 1752 1851 μετά
1767 1816 1828 1841 τῶν

1031 1861 1118 1889 ἄλλων
1129 1862 1304 1898 ἀπορρήτων,
1321 1863 1350 1889 ὲν
1362 1862 1401 1899 τῷ
1412 1862 1470 1898 ναῷ
1485 1863 1687 1898 ἀπεκρύπτετο,
1704 1862 1828 1896 διειργο-

1033 1909 1101 1943 μένη
1112 1908 1151 1943 τῷ
1169 1909 1407 1944 καταπετάσματι,
1429 1909 1476 1936 καὶ
1493 1909 1623 1945 πρόσοδον
1643 1907 1734 1942 αὐτῆς
1752 1907 1829 1943 πλὴν

1032 1955 1082 1982 ὅσα
1099 1956 1157 1987 τοῖς
1180 1954 1310 1990 ἱερεῦσιν,
1336 1955 1426 1981 οὐδενὶ
1444 1955 1595 1990 ἀνθρώπιον
1615 1953 1827 1989 ὲμπσρέχουαα.

1039 2003 1149 2038 Ἐδήλου
1163 2003 1192 2029 δὲ
1206 2003 1261 2038 ἄρα
1273 2003 1353 2030 τοῦτο
1366 2003 1414 2030 καὶ
1428 2003 1599 2038 ὑπέγραφεν,
1620 2002 1670 2037 τὴν
1686 2002 1726 2034 είς
1739 2002 1827 2037 ούρα-

1033 2048 1077 2074 νὺν
1094 2048 1206 2080 εἴσοδον,
1219 2047 1377 2084 ἀνθρώποις
1392 2048 1494 2075 ἄϐατον
1508 2047 1725 2084 συντετηρῆσθαι
1740 2047 1825 2079 τέως,

1032 2094 1081 2120 καὶ
1106 2093 1175 2129 μηδέ
1188 2103 1250 2121 τινα
1266 2094 1333 2129 μηδὲ
1347 2094 1401 2121 τῶν
1412 2094 1462 2130 τῆς
1477 2096 1592 2131 νομικῆς
1611 2094 1740 2129 λατρείας
1761 2094 1827 2128 ὲραρ

1035 2140 1116 2172 στῶν,
1128 2140 1230 2176 ταύτης
1243 2141 1392 2177 ἀξιωθῆναι
1407 2141 1458 2176 τῆς
1472 2141 1586 2176 λήξεως.
1605 2141 1753 2176 Ῥὴγνυται
1775 2138 1825 2167 οὖν

1034 2179 1185 2218 τοῦτοίτοῦ
1196 2187 1330 2213 Δεσπότου
1348 2186 1560 2222 σταυρουμένου,
1574 2186 1625 2220 τὴν
1637 2185 1679 2217 ei;
1689 2185 1825 2220 οὐρανοὺς

1033 2232 1135 2259 εἴσοδον
1152 2233 1236 2260 πᾶσιν
1249 2234 1316 2268 ἡμῖν
1335 2231 1521 2265 ὑποσαλπίεον
1542 2233 1589 2259 καὶ
1607 2231 1825 2266 εὐαγγελιζόμε-

1033 2287 1087 2306 νον.
1108 2279 1162 2305 Καὶ
1187 2279 1242 2314 γὰρ
1256 2279 1288 2315 δὴ
1305 2279 1349 2306 διὰ
1370 2279 1417 2306 τοῦ
1440 2279 1572 2311 ζωοποιοῦ
1594 2278 1710 2305 θανάτου
1725 2278 1823 2311 αὐτοῦ,

1032 2324 1083 2358 τὴν
1098 2325 1138 2356 εἰς
1152 2325 1284 2361 οὐρανοὺς
1304 2325 1418 2358 εἴσοδον,
1435 2326 1518 2352 παντὶ¹
1539 2324 1578 2360 τῷ
1593 2324 1760 2360 ἀνθρωπίνῳ
1775 2325 1823 2358 γέ-

1032 2378 1084 2401 νει,
1100 2370 1267 2398 ἐνεκαίνισεν
1291 2373 1305 2398 ὁ
1325 2372 1370 2398 διὰ
1386 2371 1466 2399 τοῦτο
1491 2371 1632 2404 κενωθεὶς,
1656 2371 1707 2397 καὶ
1733 2370 1825 2404 σάρκα

1031 2416 1082 2450 τὴν
1098 2417 1237 2452 ἡμετέραν
1259 2417 1436 2453 προσλαϐὼν,
1456 2418 1504 2445 καὶ
1527 2418 1616 2444 πάντα
1629 2415 1734 2452 ¹παθὼν
1754 2416 1826 2450 ὑπὲρ

1035 2461 1125 2496 ἡμῶν,
1142 2462 1259 2497 Χριστὸς
1272 2463 1288 2489 ὁ
1300 2462 1366 2495 Θεὸς
1381 2463 1471 2499 ήμῶν.

198 2501 301 2530 clarius
313 2500 479 2535 signiﬁcatur
494 2504 522 2528 et
536 2500 708 2536 praedicatur,
727 2501 869 2530 introitutn
883 2504 910 2532 in
925 2506 1009 2534 cados
1021 2507 1099 2535 nobis
1113 2507 1229 2543 singulis
1261 2513 1365 2543 patere.
1385 2509 1465 2537 Certe
1476 2509 1548 2536 enim
1581 2509 1605 2536 is
1623 2508 1671 2544 qui
1702 2508 1740 2536 ab
1775 2507 1826 2535 hoc

200 2549 290 2584 ipsum
304 2552 454 2576 evacuatus
469 2547 531 2582 fuit,
549 2553 576 2576 et
585 2556 695 2577 carnem
708 2555 830 2578 nostram
847 2551 873 2579 in
894 2561 924 2580 se
943 2555 1103 2590 assumpsit,
1121 2560 1148 2583 et
1182 2556 1272 2584 omnia
1299 2564 1398 2592 passus
1427 2562 1470 2585 est
1502 2565 1552 2592 pro
1575 2557 1673 2589 nobis,
1697 2556 1827 2585 Christus

201 2595 246 2623 ille
273 2594 344 2622 Deus
370 2598 481 2629 noster,
504 2602 553 2631 per
566 2600 683 2624 mortem
701 2605 781 2626 suam
803 2598 988 2629 viviﬁcantem
1024 2602 1154 2630 universo
1180 2603 1340 2631 mortalium
1367 2604 1464 2638 generi
1512 2604 1667 2639 ingressum
1690 2603 1719 2631 in
1741 2603 1827 2632 caelos

199 2639 371 2669 itstauravit.

235 2719 258 2734 ⁸⁷
273 2718 354 2748 Num.
365 2726 424 2751 \‘ttl,
441 2719 468 2746 4.

839 2799 956 2827 VARle
977 2798 1178 2832 LECTIONES,

237 2891 256 2905 π·
271 2895 315 2919 γρ.
331 2885 410 2920 δῆλον
422 2885 474 2912 ὅτι.
513 2890 525 2904 ο
539 2886 582 2913 ῖσ.
595 2886 683 2914 θεέων.
