1874 3070
319 218 386 238 un
394 221 403 237 ι
411 210 488 237 ηΣΙΣ
511 211 582 237 EH".

526 155 576 184 ΑΙ)
594 154 892 185 AMPIIILOCHIUM
922 154 1095 190 QUHESTIO
1121 154 1251 184 CCXIII.

1641 154 1693 186 970

955 209 1118 244 ρυίεδτιο
1139 209 1242 237 CCXIII
1264 209 1365 246 [CoisL
1391 209 1525 242 CCXL“,
1557 210 1638 238 Taur.

1203 255 1378 292 ccxxxm].

123 313 190 340 Edita
202 319 214 337 ι
228 312 379 338 lontacutto
396 313 447 344 (ep.
461 312 505 337 127
515 312 544 338 ad
561 311 1112 369 Eulamlpﬁcp.xilfi7—110(i9ki;cD:lbgjpge‘mia
1128 318 1153 341 in
1169 316 1288 348 Spiritum
1299 319 1418 340 sanetum.
1433 316 1518 341 Matth.
1538 323 1579 346 xu,
1592 315 1632 345 δίς

661 351 693 370 uc
715 349 758 373 xu,
778 344 820 374 10;
838 344 911 369 Marc.
926 352 962 375 In,
977 344 1089 376 iit—(8t).

106 396 210 433 Ἐπειδὴ
223 396 293 433 πρὸς
303 397 367 428 ταῖς
377 395 549 431 ἑρμηνείαις,
559 396 593 428 ἃς
603 396 638 430 ζοί
649 396 717 423 Odor.
728 396 849 431 ηατέρες
865 398 888 425 Α

67 444 142 481 ἡμῶν
155 443 226 470 κατὰ
240 443 354 476 πλείους
368 443 386 478 ἢ
400 443 549 478 τέσσαρας,
561 441 650 478 οἶμαι,
668 443 788 474 διανοίας
804 443 850 468 ὲκ-

66 489 216 521 δεδώκασιν,
233 489 275 519 είς
292 488 333 520 τὸ,
351 497 360 513 ι
380 487 459 514 Πᾶσα
474 487 595 523 ἁμαρτία
621 488 670 514 καὶ
691 487 850 522 βλασφημία

65 535 224 570 ἀφεθήσεται
232 535 290 566 τοῖς
298 534 465 569 ἀνθρώποις,
473 534 491 569 ἡ
504 534 532 560 δὲ
540 533 588 560 τοῦ
598 533 668 561 Πνεύ
673 542 758 568 ματος
767 533 850 568 βλασ-

66 581 151 618 φημία
173 582 222 608 οὐκ
244 580 430 615 ἀφεθήσεταιν
448 590 457 606 ι
488 580 547 613 καὶ,
568 589 578 606 ι
600 581 649 612 ⁸ος
669 580 703 607 ἂν
726 579 791 615 εἴπῃ
807 579 850 606 λό-

65 636 112 661 γον
123 627 191 654 κατὰ
204 625 252 653 τοῦ
270 626 336 653 Υίοῦ
352 626 398 653 τοῦ
408 625 564 661 ἀνθρώπου,
574 626 744 661 ἀφεθήσεται
754 625 829 660 αὺτῷ
841 634 849 641 '

67 674 95 704 ὃς
107 673 130 699 δ’
144 673 176 699 ἂν
187 673 252 708 ειπῃ
271 671 344 699 κατὰ
364 671 413 699 τοῦ
442 671 600 707 Πνεύματος
616 672 664 699 τοῦ
692 672 783 706 ἁγίου,
800 672 851 699 οὐκ

66 717 227 753 ἀφεθήσεται
239 716 326 750 αὐτῷ.
343 716 406 743 οὕτε
420 717 451 743 ὲν
461 715 502 752 τῷ
521 716 570 743 νῦν
584 717 673 748 αἰῶνι,
689 717 750 743 οὒτε
767 718 798 743 ὲν
812 717 852 752 τῷ

71 763 189 799 μέλλοντι
202 772 209 778 ·
229 772 239 790 ι
260 763 322 790 ἐπεὶ
338 762 385 789 οὖν
405 764 454 790 καὶ
469 762 567 798 ἑτέραν
581 763 651 798 πρὸς
661 764 722 794 ταῖς
736 763 852 799 εἰρημέ-

66 819 124 842 ναις
135 809 262 843 ὲκείναις,
274 809 364 836 καίτοι
379 809 526 841 τοσαύταις
539 807 644 841 οὗσαις,
657 809 707 836 οὐκ
721 807 782 836 οἴδα
792 808 851 836 ἀνθ’

66 858 127 883 ὅτου
155 856 295 891 ἐπιζητεῖς
315 856 422 892 (ἱκαναὶ
435 855 491 890 γὰρ
507 856 610 882 ἐκεῖναι
629 855 720 890 ψυχὴν
733 855 851 890 φιλομα-

65 902 128 934 θοῦς
138 901 277 937 ἐμπλῆσαι
291 901 342 936 τῆς
350 901 522 937 ἑπιθυμίας)-
533 901 609 927 οὐδὲν
622 901 714 936 χεῖρον
724 900 789 932 ἴσως
801 901 852 927 χά-

65 950 138 975 κιίνο
156 948 270 975 συνιδεῐν
286 947 417 982 πλείστην
442 947 508 982 ὅσην
540 947 590 981 τὴν
618 947 667 973 ἀπ’
687 947 777 974 αὐτῶν
797 946 853 974 τῶν

65 994 233 1030 πραγμάτων
248 993 309 1028 ἔχον
332 993 509 1028 συμφωνίαν·
525 994 600 1019 ποῖον
623 991 655 1028 δὴ
676 992 774 1024 mino;
791 993 853 1019 ’Ότι

64 1043 80 1068 ὁ
92 1041 141 1074 μὶν
167 1040 345 1076 προσπταίων
363 1039 403 1074 τῷ
421 1039 534 1075 Χριστῷ
555 1040 602 1066 καὶ
617 1039 677 1074 Θεῷ
692 1039 781 1074 ἡμῶν,
799 1039 853 1066 ἀπὸ

65 1073 118 1114 τῶν
129 1073 305 1122 ἀνθρωπίνων
318 1073 478 1118 ἐνδείξεων·
494 1073 550 1112 οἷον
566 1086 607 1112 ὅτι
618 1073 770 1120 ἢσθιείκαὶ
785 1086 853 1120 μετὰ
869 1073 890 1100 Β

65 1132 186 1160 τελωνῶν
209 1131 258 1159 καὶ
275 1131 448 1168 ἁμαρτωλῶν
460 1140 468 1147 ’
489 1132 530 1158 ὅτι
550 1131 698 1158 ἐκάθευδεν
710 1138 718 1146 '
730 1132 771 1158 ὅτι
792 1133 854 1158 ἐκο-

64 1180 124 1206 πία·
133 1179 184 1210 ὅτι,
198 1188 208 1204 ι
219 1178 373 1214 Περίλυπός
382 1179 468 1210 ἐστιν,
481 1187 490 1203 ι
505 1177 608 1210 ἔλεγεν,
624 1187 632 1202 ι
646 1177 662 1212 ἡ
676 1177 750 1212 ψυχή
763 1185 827 1212 μου·
841 1186 850 1202 ι

64 1227 110 1253 καὶ
126 1225 152 1252 εῐ
169 1234 194 1251 τι
220 1223 340 1251 τοιοῦτον
351 1232 358 1239 ·
376 1220 541 1251 ῶνέκαστον
569 1225 610 1255 είς
635 1223 781 1258 βεϐαίωσιν
807 1224 854 1250 καὶ

64 1272 235 1306 παράστασιν
260 1270 363 1306 εναργῆ
389 1270 439 1305 τῆς
465 1270 710 1306 ὲνανθρωπήσεως,
726 1270 740 1295 ό
766 1270 855 1296 πάντα

63 1318 152 1352 σοφῶς
175 1316 352 1353 πρυτανεύων
363 1337 370 1350 ,
395 1316 572 1352 διεπράττετο
586 1317 682 1350 Λόγος.
697 1317 729 1342 Οί
743 1316 808 1349 γοῦν
822 1316 855 1342 ὲκ

61 1364 116 1390 τῶν
144 1363 273 1390 τοιούτων
294 1362 532 1398 προσεπταιχὸτες
547 1362 674 1398 Χριστῷ,
692 1362 800 1398 ῥᾳδίαν,
815 1361 854 1394 ὡς

63 1411 146 1442 είχὺς,
158 1409 287 1436 δύνανται
297 1409 349 1444 τὴν
359 1409 501 1444 διόρθωσιν
514 1409 597 1444 εχειν.
609 1409 715 1444 Τρὸπον
727 1409 781 1444 γάρ
794 1417 856 1436 τινα

63 1457 156 1488 αὐτοῖς
171 1457 201 1489 ὲξ
215 1457 325 1490 ἀγνοίας
338 1455 511 1488 διεξὲπιπτεν
523 1457 540 1492 ἡ
561 1455 731 1491 βλασφημία,
757 1456 787 1482 οὑ
812 1455 857 1482 δυ-

63 1503 190 1538 ναμένοις
203 1502 335 1537 διακύψαι
361 1502 429 1538 πρὸς
455 1502 486 1529 τὸ
509 1502 590 1537 βάθος
609 1502 660 1537 τῆς
689 1502 856 1536 οίκονομίας,

64 1549 111 1574 καὶ
125 1547 175 1583 τὴν
190 1547 313 1584 ἄρρητον
334 1547 551 1582 ωγκατάὸασιν.
565 1548 606 1574 Δι’
621 1547 634 1574 ὃ
655 1548 687 1574 ὲκ
712 1547 767 1574 τῶν
787 1547 858 1574 θειο-

65 1595 152 1631 τέρων
162 1594 246 1621 αὐτοῦ
261 1595 351 1629 ἔργων
359 1595 406 1620 καὶ
418 1594 557 1629 πράξεων,
571 1593 703 1628 ταχίστην
715 1593 765 1629 τὴν
779 1601 858 1629 μετα-

65 1642 147 1677 ϐολὴν
180 1642 363 1674 ἐπιδείξουσιν
376 1638 460 1673 οὗτοι,
475 1641 524 1668 καὶ
548 1641 744 1676 παραπλησίαν
767 1641 859 1673 ἕξουσι

66 1690 115 1724 τὴν
135 1688 180 1723 ἐφ’
195 1685 236 1719 οἷς
262 1688 420 1724 ἡμάρτανον
443 1687 552 1722 ἄφεσιν.
571 1686 649 1713 Οὕτω
674 1686 780 1718 Παῦλος
797 1687 860 1713 διώ-

938 398 1166 434 Quandoquidem
1179 403 1278 434 praeter
1289 398 1476 432 expositiones
1495 399 1556 426 illas
1570 407 1638 434 quas
1650 400 1693 427 di-

900 445 956 471 vini
971 445 1064 472 Patres
1079 445 1171 480 plures
1190 452 1272 479 quam
1288 449 1436 479 quaternas
1447 444 1525 471 nobis
1542 452 1693 480 proposue-

900 495 966 518 runt
979 491 1051 518 illius
1060 491 1136 523 dicti,
1150 501 1160 516 ι
1174 491 1261 518 Omne
1274 495 1416 526 peceatum
1427 495 1454 518 et
1462 491 1632 526 blasphemia
1648 499 1692 518 re~

901 538 1024 565 mittetur
1036 538 1204 570 hominibus,
1224 537 1393 572 blasphemia
1407 542 1497 565 autem
1520 537 1547 565 in
1563 537 1694 573 Spiritum

901 589 1028 612 sanctum
1043 592 1096 611 non
1114 584 1285 617 remittetur;
1298 593 1308 609 ι
1325 587 1362 617 et,
1384 592 1393 609 ι
1408 583 1460 616 Qui
1473 583 1620 618 protulerit
1633 590 1695 609 ver-

901 630 966 658 bum
980 629 1008 657 in
1022 629 1155 664 Spiritum
1171 634 1307 662 sanctum,
1323 637 1378 657 non
1389 629 1543 657 remittetur
1557 630 1592 661 ei,
1608 637 1696 664 neque

902 675 929 703 in
945 675 998 703 hoc
1016 676 1127 707 saeculo,
1149 683 1236 710 neque
1254 675 1280 702 in
1297 674 1412 707 futuro;
1434 679 1462 702 at
1476 674 1631 702 remittetur
1647 675 1693 710 qui

902 722 1016 749 verbum
1031 722 1058 749 in
1072 721 1172 749 Filium
1189 722 1304 754 dixerit;
1323 731 1331 747 ι
1358 721 1579 757 quandoquidem
1607 725 1634 748 tu
1660 720 1694 748 ab

903 768 965 796 istis
981 769 1062 797 dictis
1077 769 1159 796 aliam
1179 768 1314 804 requiris,
1341 775 1403 795 cum
1421 772 1462 794 tot
1476 767 1529 794 illa:
1546 767 1600 794 sint
1611 787 1618 798 ,
1645 775 1695 794 cur

903 819 994 842 autem
1009 815 1060 847 sic,
1077 814 1193 846 nescio;
1211 815 1284 849 (nam
1301 813 1440 841 suiiiciunt
1467 812 1519 841 illae
1547 811 1634 839 allatae
1661 812 1694 839 ad

904 861 1072 896 implendum
1090 861 1173 889 animi
1195 861 1361 888 desiderium
1377 859 1499 887 discendi
1519 860 1562 887 vel
1576 859 1696 894 cupidis-

903 909 989 944 simi),
1000 910 1068 936 nihil
1079 908 1148 936 forle
1155 909 1282 942 obstabit,
1294 912 1321 936 et
1333 908 1500 936 illamaliam
1511 905 1697 942 contemplare

904 963 965 990 quae
981 964 1042 983 cum
1060 956 1143 983 rebus
1157 955 1224 990 ipsis
1238 963 1374 983 summam
1398 953 1517 982 admittit
1539 961 1697 981 consonan-

907 1001 975 1028 tiam
993 1011 1000 1028 :
1018 1006 1047 1029 at
1063 1009 1188 1036 quamam
1202 1001 1271 1028 illa?
1285 999 1421 1028 Nimirum
1437 999 1509 1035 quod
1535 999 1559 1027 is
1576 999 1623 1034 qui
1648 999 1697 1025 im-

905 1048 1009 1082 pegerit
1024 1048 1050 1074 in
1069 1048 1208 1075 Christum
1222 1047 1305 1075 Deum
1316 1051 1453 1080 nostrum,
1472 1050 1584 1082 propter
1600 1046 1697 1072 Imma—

906 1095 1000 1122 nitatis
1020 1094 1307 1126 demonstrationem;
1338 1097 1369 1120 ut
1393 1098 1458 1127 puta
1480 1093 1552 1127 quod
1572 1091 1698 1119 comede—

906 1140 962 1169 bat.
978 1139 1060 1173 idque
1081 1147 1143 1166 cum
1170 1137 1326 1174 publicanis
1339 1141 1366 1165 et
1390 1137 1582 1172 peccatoribus
1599 1145 1605 1162 :
1625 1137 1697 1170 quod

905 1186 1080 1213 dormiebat:
1101 1185 1172 1220 quod
1191 1183 1356 1212 lassitudine
1379 1184 1523 1212 tenebatur
1540 1193 1546 1210 :
1561 1183 1633 1218 quod
1658 1182 1698 1209 di-

906 1233 986 1264 xerit,
1007 1241 1016 1257 ι
1030 1231 1129 1259 Tristis
1145 1237 1185 1259 est
1201 1232 1292 1258 anima
1309 1238 1367 1258 mea
1383 1238 1471 1266 usque
1482 1230 1516 1257 ad
1530 1237 1645 1256 mortem
1662 1237 1668 1255 :
1688 1238 1696 1251 ι

905 1282 933 1305 et
958 1285 1019 1312 quae
1036 1282 1098 1304 sunt
1119 1277 1178 1310 eius
1205 1276 1336 1311 generis:
1353 1283 1413 1311 quae
1441 1276 1534 1303 omnia
1569 1274 1700 1308 Verbum,

906 1324 979 1359 quod
996 1323 1086 1350 omnia
1105 1323 1244 1359 sapienter
1257 1322 1480 1355 administrabat,
1498 1322 1532 1349 ad
1552 1323 1699 1350 continua-

907 1370 1009 1397 tionem
1020 1374 1047 1396 et
1057 1369 1211 1396 evidentem
1221 1368 1436 1396 declarationem
1451 1374 1600 1404 assumpta:
1609 1369 1700 1396 carnis

907 1416 1093 1452 perpetrabat.
1111 1415 1164 1449 Qui
1178 1415 1260 1450 igitur
1272 1419 1384 1450 propter
1400 1416 1452 1443 ista
1469 1415 1657 1456 impingebant
1672 1415 1698 1443 in

908 1462 1061 1493 Christum.
1075 1461 1235 1488 facillimam
1250 1462 1403 1496 acquirent,
1428 1466 1458 1489 ut
1471 1461 1590 1494 videtur,
1609 1469 1700 1488 emen—

908 1509 1047 1536 dationem
1063 1517 1069 1535 ε
1084 1515 1146 1534 nam
1162 1507 1196 1535 ab
1208 1508 1362 1543 ignorantia
1379 1507 1583 1543 quodammodo
1596 1507 1702 1535 excide-

909 1560 951 1583 rat
966 1553 1145 1589 blasphemia,
1160 1561 1221 1581 cum
1235 1561 1288 1580 non
1301 1558 1412 1588 possent
1423 1553 1451 1580 in
1464 1552 1642 1588 profundum.
1658 1553 1700 1580 vel

909 1607 958 1635 per
974 1599 1114 1630 rimulam,
1132 1597 1346 1632 dispensationis
1363 1601 1517 1632 penetrare,
1527 1597 1567 1625 vel
1590 1597 1700 1625 inenar-

910 1647 1024 1674 rabilem
1056 1645 1208 1679 perspicere
1235 1644 1497 1672 condescensionem
1513 1654 1519 1671 :
1536 1648 1702 1679 quapropter

912 1701 960 1728 per
974 1692 1067 1719 divina
1085 1691 1172 1725 ipsius
1190 1698 1272 1725 opera
1289 1690 1406 1723 inducti,
1426 1690 1573 1725 proclivem
1595 1690 1632 1717 illi
1653 1690 1699 1716 acl-

67 1743 144 1770 κτηε,
171 1734 288 1769 σταυρὸν
311 1734 420 1761 ἀκούων
444 1734 492 1760 καὶ
506 1733 633 1765 Θάνατον,
654 1734 702 1760 καὶ
722 1733 763 1759 ὅτι
774 1733 859 1767 ἔφαγε
874 1741 895 1770 C
913 1739 1022 1765 minem
1036 1738 1251 1764 immumuone"

943 1739 1022 1765 ittent
1036 1738 1270 1769 immutationem,
1289 1741 1316 1763 et
1337 1736 1508 1763 Consimiiem
1529 1736 1563 1764 de
1586 1735 1704 1770 peccatis

67 1782 114 1807 καὶ
141 1781 213 1814 ἔπιε,
234 1781 282 1807 καὶ
305 1781 355 1807 ὅσα
366 1780 435 1807 ἄλλα
448 1781 506 1812 τοῖς
530 1779 669 1810 Ἰουδαίοις
681 1779 721 1810 εἰς
732 1779 861 1814 διαϐολὴν

66 1827 114 1854 τοῦ
140 1828 279 1854 Δεσπότου
300 1824 469 1861 προεφέρετο
483 1834 490 1840 ⁸
508 1819 574 1852 Emi.
590 1826 618 1852 δὲ
629 1825 770 1860 θειοτέρας
781 1825 861 1861 ἔτυχε

68 1874 168 1909 πείρας
183 1874 231 1900 καὶ
255 1873 305 1908 τῆς
324 1873 428 1900 ἀνωθεν
451 1873 596 1904 ὀπτασίας,
610 1872 710 1899 αὐτίκα
725 1873 814 1899 πάντα
828 1872 861 1899 τὰ

67 1920 219 1955 βλάσφημα
235 1919 317 1956 ῥίψας
331 1920 432 1951 ἐκεῖνα,
450 1918 539 1954 κήρυξ
549 1917 596 1944 τοῦ
612 1918 778 1953 διωκομένου
790 1919 863 1952 γίνε-

65 1975 121 1993 ται.
137 1966 217 1992 Οὕτω
236 1965 318 1992 πάλιν
334 1965 478 2000 τρισχίλιοι
492 1964 562 2000 ἅμα,
575 1965 623 1991 καὶ
643 1964 748 1991 τούτων
763 1964 862 1999 ἑφεξῆς

66 2013 191 2044 πλείους,
206 2011 267 2039 εἶτα
282 2012 330 2039 καὶ
339 2011 404 2042 λαὸς
419 2010 520 2046 μείζων
532 2010 720 2046 ἀριθμεῖσθαι,
732 2012 792 2042 ταῖς
805 2011 863 2037 θεον

67 2059 199 2094 σημείαις
213 2057 418 2094 μετατεθέντες,
444 2056 546 2091 σπουδῇ
576 2057 641 2091 πρὶν
656 2056 694 2091 τῷ
709 2057 755 2082 ὑπ’
773 2056 863 2083 αὐτῶν

65 2105 268 2139 πολεμουμένῳ
293 2103 445 2138 προσῆλθον
472 2101 633 2137 κηρύγματι
646 2110 653 2117 ν
669 2103 750 2137 δῆλον
771 2102 817 2129 οὖν
832 2104 864 2129 ὲκ

64 2151 119 2177 τῶν
134 2150 290 2186 εἰρημένων
308 2150 383 2182 ὅπως
396 2151 454 2182 τοῖς
469 2151 510 2181 είς
524 2149 569 2177 τὸν
580 2149 643 2176 Υίὺν
658 2149 705 2175 τοῦ
717 2148 863 2184 ἀνθρώπου

65 2196 280 2232 βλασφημοῦσιν
295 2198 312 2232 ὴ
329 2196 426 2231 ἄφεσις
439 2196 551 2228 δίδοται,
566 2195 606 2222 ὅτι
617 2195 657 2230 τῷ
665 2194 750 2230 ρᾳδίῳ
757 2195 806 2229 τῆς
817 2203 865 2230 με-

62 2245 185 2280 τιϐολῆς
199 2243 281 2270 καὶτὸ
291 2243 490 2279 πρόχειροντῆς
499 2242 664 2277 συγγνώμης
676 2241 864 2268 ἓπεται.”οσοι

62 2291 91 2316 δὲ
107 2291 166 2317 τῶν
186 2289 432 2324 θαυμασιωτέρων,
451 2288 499 2315 καὶ
517 2288 535 2315 ἃ
548 2288 633 2323 μόνης
645 2288 704 2313 ἐστὶ
722 2288 772 2322 τῆς
788 2287 864 2318 Θείας

60 2336 210 2370 δυνάμεως
224 2334 323 2369 ὒποψιν
333 2339 346 2352 η
364 2335 472 2369 ἔχοντες
487 2333 537 2369 τὴν
560 2333 701 2368 ἐνέργειαν
713 2340 721 2348 ·
735 2333 864 2368 δαίμονας

61 2382 263 2416 διωκομένους,
280 2381 375 2412 νόσους
389 2380 583 2415 ὲλαυνομένας,
599 2379 711 2413 τυφλοῖς
728 2380 778 2410 τὰς
787 2379 864 2413 ὄψεις

61 2429 172 2463 ῥήματι
190 2427 447 2462 δημιουργουμένας
460 2434 466 2441 ·
482 2426 516 2451 τὰ
530 2425 657 2460 ὑπερφυῆ
665 2425 713 2451 καὶ
723 2425 864 2460 παράδοξα

60 2476 160 2502 ἐκεῖνα
173 2483 182 2490 ”
197 2475 265 2509 πρὸς
275 2474 352 2500 οὐδὲν
369 2474 472 2500 τούτων
484 2473 624 2499 ἐθέλουσιν
636 2473 862 2508 ἐπιστρέφεσθαι,

60 2521 99 2552 ὡς
118 2520 234 2552 ἑκόντες
247 2521 315 2556 πρὸς
327 2519 362 2547 τὰ
372 2520 420 2546 τοῦ
435 2519 595 2554 Πνεύματος
614 2518 684 2554 ἔργα
702 2519 791 2545 καὶτὸ
806 2518 864 2552 φῶς

59 2566 340 2601 ἀποτυφλάπτοντες,
351 2561 425 2592 οὗτοι
436 2566 558 2601 χαλεπὴν
568 2565 585 2600 ἢ
595 2564 643 2591 καὶ
655 2564 786 2591 ἀδύνατον
800 2573 865 2590 παν-

59 2612 152 2645 τελῶς
182 2612 234 2647 τὴν
262 2611 446 2647 μεταμέλειαν
477 2609 639 2646 ἕχουσιν,ἐξ
665 2606 752 2646 οὗπερ
772 2609 864 2640 αὐτοῖς

59 2660 231 2695 ἀφαιρεῖται
246 2658 296 2685 καὶ
310 2659 327 2694 ἡ
338 2658 446 2693 ἄφεσις.
463 2657 522 2684 Τίνι
536 2656 591 2691 γὰρ
605 2656 638 2682 ἂν
660 2656 708 2682 καὶ
731 2663 863 2690 μεταπει-

59 2706 157 2732 σΘεῖεν
173 2701 249 2732 οὗτοι
265 2704 333 2740 πρὸς
345 2705 380 2731 τὰ
391 2703 462 2730 οὕτω
478 2703 559 2730 καινὰ
572 2702 620 2728 καὶ
639 2701 730 2736 πολλῷ
744 2701 795 2736 τῆς
811 2700 863 2735 φύ-

59 2761 137 2785 tam;
169 2751 314 2787 κρείττονα
339 2750 533 2786 πωρωθέντες,
545 2749 592 2776 καὶ
607 2748 669 2784 μηδ’
682 2748 734 2774 ὑπό
749 2756 802 2774 τινι
814 2748 864 2774 αὺ-

913 1788 1119 1817 consequentur
1132 1784 1250 1810 veniam.
1264 1782 1302 1810 Ita
1313 1782 1417 1810 exstitit
1425 1781 1525 1809 Paulus
1534 1787 1703 1816 persecutor,

912 1837 974 1857 cum
988 1837 1096 1856 crucem
1116 1833 1143 1855 et
1159 1834 1273 1856 mortem
1286 1828 1411 1860 audiret;
1427 1833 1454 1856 et
1470 1835 1532 1855 cum
1548 1829 1650 1859 ederet.
1664 1828 1705 1856 bi-

913 1875 999 1907 heret,
1009 1879 1036 1902 et
1056 1874 1160 1908 reliqua
1172 1873 1283 1906 faceret,
1294 1882 1354 1908 quae
1369 1874 1395 1901 in
1413 1874 1580 1901 calumniam
1597 1873 1703 1901 Domini

913 1921 998 1948 Judaei
1016 1920 1204 1956 proferebant.
1220 1920 1289 1948 Cum
1304 1929 1369 1948 vero
1381 1921 1465 1948 semel
1478 1921 1640 1948 diviniorem
1657 1929 1705 1948 cx-

914 1967 1074 2002 perientiam
1092 1974 1140 1996 per
1153 1967 1291 1994 caelestem
1313 1967 1449 1994 visionem
1474 1967 1704 2001 consequebatur.

915 2013 1045 2041 continuo
1064 2013 1174 2048 rejectis
1198 2021 1260 2048 qme
1283 2013 1441 2048 blaspheme
1465 2013 1574 2041 locutus
1600 2017 1660 2041 erat
1679 2019 1706 2041 et

915 2059 1027 2092 fecerat.
1044 2067 1134 2094 praeco
1162 2059 1262 2094 prodiit
1289 2060 1362 2087 illius
1381 2068 1462 2095 quem
1480 2060 1706 2095 persequebatur.

915 2106 955 2133 Ad
970 2106 1095 2133 eumdem
1108 2105 1220 2132 modum
1237 2110 1277 2132 ter
1289 2106 1364 2133 mille
1378 2106 1522 2140 imprimis,
1540 2110 1567 2132 et
1579 2106 1707 2140 deinceps

917 2152 992 2179 hisce
1015 2151 1118 2186 plures,
1142 2156 1168 2178 et
1190 2156 1285 2186 postea
1303 2152 1476 2178 numerosior
1494 2152 1651 2184 multitudo,
1661 2159 1708 2186 per

916 2197 992 2232 signa
1012 2197 1105 2224 divina
1125 2197 1274 2230 immutati,
1291 2205 1353 2224 cum
1369 2196 1544 2224 festinatione
1560 2197 1592 2225 ad
1610 2197 1707 2232 ρεπυᾱὶ-

916 2243 1051 2270 cationetn
1071 2244 1131 2278 ejus
1155 2251 1236 2278 quem
1253 2243 1488 2278 persequebantur
1513 2248 1704 2270 accurrernnt.

916 2289 993 2316 Patet
1014 2296 1080 2323 ergo
1095 2288 1150 2323 jam
1167 2288 1259 2320 dielis,
1276 2288 1365 2323 qualis
1380 2288 1458 2314 venia
1481 2287 1640 2314 conceditur
1655 2286 1709 2313 illis

916 2336 962 2370 qui
977 2335 1004 2362 in
1024 2334 1124 2362 Filium
1139 2334 1258 2362 hominis
1274 2334 1480 2369 blasphemant;
1495 2333 1625 2360 nimirum
1642 2332 1708 2359 fari-

916 2382 1020 2409 litalem
1046 2381 1209 2409 mutationis
1225 2381 1406 2415 consequitur
1423 2380 1540 2408 facilitas
1568 2379 1710 2415 indulgen-

879 2417 903 2446 υ
917 2430 970 2456 tiae.
987 2427 1081 2462 Atqui
1096 2435 1140 2454 res
1157 2428 1243 2462 magis
1268 2427 1462 2459 admirabiles,
1478 2431 1505 2454 et
1521 2434 1582 2461 qua:
1597 2425 1647 2453 soli
1666 2425 1708 2452 tli-

913 2475 985 2502 vinze
1013 2473 1142 2509 potentia:
1168 2473 1327 2509 subiacent.
1355 2473 1407 2500 sub
1434 2477 1574 2507 aspectum
1605 2471 1708 2500 habent

915 2520 1093 2548 manifestum
1111 2527 1118 2546 :
1135 2519 1276 2547 dmmonas
1293 2519 1426 2546 nimirum
1441 2519 1581 2554 expulsos,
1595 2518 1709 2545 morbos

915 2569 1040 2600 abactos,
1057 2567 1138 2595 czecis
1154 2567 1243 2594 visum
1255 2566 1413 2594 restitutum
1433 2567 1490 2594 solo
1507 2565 1608 2593 verbo:
1622 2569 1649 2591 et
1661 2572 1710 2591 cat-

914 2617 973 2640 tera
990 2618 1118 2640 naturam
1134 2611 1305 2644 excedentia,
1323 2611 1457 2646 planeque
1480 2611 1612 2645 stupenda
1626 2617 1633 2642 ;
1661 2617 1711 2636 nec

918 2661 952 2688 ad
967 2659 1064 2686 horum
1080 2658 1171 2693 aliqua
1186 2659 1306 2685 converti
1323 2657 1427 2688 volunt,
1439 2656 1486 2684 sed
1503 2656 1656 2683 voluntarie
1676 2655 1708 2682 ad

919 2705 1040 2740 Spiritus
1056 2710 1139 2738 opera
1155 2707 1183 2730 et
1196 2703 1429 2730 illuminationem
1443 2702 1624 2729 oheaecanlur
1643 2710 1650 2728 :
1665 2701 1708 2727 isti

919 2752 1074 2783 diiiiculter,
1091 2750 1114 2778 si
1132 2749 1247 2778 omnino
1262 2754 1364 2781 tamen,
1386 2750 1562 2784 resipiscam,
1575 2752 1657 2782 atque
1673 2747 1710 2774 ita

726 2797 845 2826 VARI/EI
863 2798 1067 2828 LECTlONES.

119 2853 135 2865 ι’
154 2847 203 2874 ὑπ¹
232 2847 304 2881 ὄψιν.

835 2881 901 2908 ΝΟΤ

117 2931 182 2963 (Si)
203 2929 274 2956 idem
291 2910 402 2956 TilUiIuL:
416 2923 496 2963 supra
513 2937 535 2962 ιι.
556 2927 648 2954 XLIX.

905 2881 949 2912 xli,
