1874 3070
194 151 246 186 971

195 207 394 244 indulgentiam
414 209 487 238 haud
507 210 665 247 impertitur
682 212 716 240 iis
729 212 812 241 Deus.
828 213 889 247 Quo
909 214 983 242 enim
999 218 1022 245 Δ

195 255 251 283 alio
263 263 393 290 persuasu
406 256 584 291 resipiscam,
598 258 646 293 qui
661 258 695 286 ad
707 262 762 286 tam
781 267 850 286 nova
865 264 890 294 et
903 264 984 287 natu-

194 307 253 327 ram
272 300 310 327 ita
322 300 482 328 excedentia
495 302 679 336 obdurantur,
699 311 749 332 nec
771 305 806 332 ab
833 305 926 340 aliquo
943 306 986 334 in-

195 345 258 374 duci
282 350 400 381 possunt
423 352 453 374 ut
474 348 685 377 conversionem
702 358 780 378 suam
803 352 987 380 meditemur?

193 391 256 420 Non
271 392 357 428 igitur
372 393 523 427 immerito,
535 395 596 422 sine
608 396 688 423 venia
701 397 752 424 hoc
766 397 873 425 illorum
888 406 987 433 pecca-

194 441 266 471 tum,
281 443 309 466 et
321 438 493 473 blasphemia
514 439 710 474 indulgentiam
723 443 842 470 excedit.
855 443 987 478 Exempla

195 486 477 518 apponantnrAnnas,
488 484 669 522 Caiaphas,et
680 489 834 523 complures
845 497 859 516 e
867 488 986 521 ludatis;

194 528 224 555 hi
241 536 304 556 cum
326 530 462 558 daemonia
475 531 630 566 ejicientem
648 538 803 565 cernerent,
818 542 880 562 cum
903 534 988 562 debe-

196 578 258 601 rent
273 576 397 602 venerari
415 576 630 610 benefactorem,
646 579 706 605 ausi
730 584 794 606 sunt
815 587 872 607 rem
896 580 988 615 impu-

195 620 317 648 dentiam
330 629 438 648 omnem
453 623 628 651 excedentem
639 624 779 659 proloqui,
794 629 822 652 et
834 633 882 661 per
894 626 989 653 convi-

196 666 234 694 tia
256 667 367 698 dicere,
395 675 457 695 eum
482 668 618 696 dmmonia
642 669 741 704 ejicere
763 678 811 705 per
836 671 988 706 principem

195 713 415 748 daemoniorum;
429 722 492 742 cum
512 722 604 743 caecos
616 716 790 744 intuerentur
800 717 903 750 videre,
919 718 989 745 lecto

195 759 295 788 aitlxos
310 767 359 795 per
369 768 483 788 cursum
494 766 521 789 et
534 762 729 797 bajulationem
742 763 887 791 sanitatem
901 768 988 792 ratam

194 804 482 838 facientes,dixeruut
496 812 599 841 tamen,
618 808 693 836 «Non
714 814 783 837 esta
797 810 853 837 Deo
866 810 918 838 iste
938 811 989 838 hu-

196 859 276 885 mop
295 857 323 880 et
333 861 381 888 per
394 852 531 882 Lazarum
546 860 685 882 mortuum
701 856 919 891 quadriduanum
930 857 990 885 vita:

198 899 368 933 restitutum,
385 901 418 928 ad
435 901 567 936 majorem
586 901 717 930 invidiam
737 902 988 931 inﬂammabantur.
1004 896 1028 926 Β

201 953 212 970 ο
226 943 390 978 Ωιιετειηιηι
410 946 497 979 enim,
525 947 572 980 ait,
609 951 639 974 ut
656 952 684 975 et
699 947 834 975 Lazarum
851 949 991 978 interime-

196 995 267 1019 rent.
283 1001 294 1018 ι
308 991 342 1020 Ει
358 997 504 1028 postquam
523 994 686 1021 resciverint
701 996 896 1028 resurrexisse,
915 996 989 1024 illam

197 1038 425 1065 resurrectionem
437 1039 586 1072 occultare,
601 1039 665 1067 data
677 1040 804 1075 pecunia,
816 1044 843 1068 et
855 1049 904 1076 per
915 1050 992 1070 men-

198 1083 309 1112 dacium
328 1084 498 1113 nitebantur.
514 1086 620 1113 Etcum
641 1087 768 1122 discipuli
786 1087 887 1123 linguis
904 1088 991 1123 igneis

198 1135 401 1158 exacuerentur
413 1152 420 1165 ,
450 1136 478 1159 et
506 1132 643 1166 magnalia
661 1132 708 1160 Dei
724 1133 816 1162 verbis
838 1135 991 1169 peregrinis

197 1176 425 1211 depraadicarent,
458 1181 485 1205 et
510 1186 606 1213 magna
625 1178 770 1211 hominum
794 1181 942 1209 multitudo
956 1182 990 1209 ad

198 1221 327 1257 pietatem
346 1223 479 1251 miraculo
493 1224 699 1259 inducerentur,
715 1227 773 1254 sine
785 1227 861 1254 omni
875 1227 990 1263 pudore,

198 1268 324 1296 miraculi
339 1274 485 1305 augustum
500 1275 528 1298 et
542 1272 729 1300 venerandum
751 1271 867 1306 factum,
878 1273 912 1300 ad
928 1282 990 1301 mu-

198 1317 272 1341 stum
301 1314 451 1342 transferre
489 1320 516 1343 et
544 1317 704 1345 ebrietatem
735 1318 913 1353 satagebant;
940 1327 991 1347 nec

198 1360 364 1387 verebantur
375 1360 538 1395 nequissimi
554 1362 706 1394 alastores,
738 1370 773 1391 ne
796 1363 832 1391 ab
856 1364 917 1399 igne
943 1365 991 1393 illo

198 1406 368 1434 miraculoso
383 1406 607 1435 absumerentur.
625 1409 664 1436 ita
690 1409 758 1436 nihil
773 1417 886 1445 prorsus
901 1419 991 1447 quau-

198 1451 301 1478 tumvis
318 1455 446 1479 natnram
469 1458 658 1487 exsuperaret,
677 1454 710 1481 ad
727 1455 890 1482 mutandum
916 1455 991 1491 ipso-

198 1503 262 1524 rum
277 1504 393 1532 nequam
415 1503 442 1526 et
467 1498 615 1526 absurdam
643 1499 799 1534 opinionem
824 1500 991 1533 sufﬁciebat.

198 1547 345 1578 postquam
360 1544 445 1571 semel
461 1550 556 1572 contra
576 1546 712 1580 przecipua
725 1546 845 1581 Spiritus
859 1547 949 1575 sancti
964 1552 991 1575 et

200 1588 293 1616 divina
305 1597 387 1624 opera
404 1591 465 1618 sine
478 1592 557 1618 omni
571 1591 703 1619 modestia
721 1596 748 1619 et
763 1592 868 1628 pudore
890 1601 920 1621 se
934 1594 991 1621 dis—

199 1640 361 1670 posuerant,
384 1636 418 1664 ad
433 1637 602 1666 audendum.
629 1637 784 1671 Quocirca,
808 1646 858 1667 nec
879 1638 991 1674 injuria,

200 1681 347 1710 manifeste
369 1684 587 1718 pronuntiatur:
605 1693 614 1710 ι
634 1684 686 1718 Qui
708 1685 823 1712 verbum
845 1685 992 1720 protulerit

198 1732 295 1755 eontra
312 1727 412 1756 Filium
429 1730 563 1764 hominis,
579 1731 736 1759 remittetur
747 1731 804 1760 illi:
824 1737 851 1759 at
868 1732 915 1766 qui
927 1740 993 1759 cou-

199 1776 243 1800 Ira
257 1772 389 1808 Spiritum
403 1781 530 1803 sanctum
546 1776 691 1811 protulerit
709 1784 763 1803 non
787 1777 942 1804 remittetur
954 1777 991 1809 ei,

200 1827 252 1848 nec
271 1820 298 1847 in
320 1821 373 1848 hoc
396 1822 516 1855 saeculo,
544 1830 632 1858 neque
657 1823 684 1850 in
702 1822 794 1850 futuro
811 1831 915 1852 :tcum
940 1823 988 1858 qui

1003 1572 1026 1604 C

771 158 903 190 ΡΗΟἸῚῙ
921 159 1176 192 ΡΑΤΒΙΑΒΟΗΛΞ
1198 160 1252 193 CF.

1035 215 1090 242 τῶν
1113 216 1182 251 πρὸς
1197 214 1365 251 ἐπιστροφὴν
1377 214 1441 242 ἰδεῖν
1462 215 1693 250 δυσωπηθέντεςς
1713 216 1781 242 Δι’δ
1794 217 1835 243 δι-

1035 260 1122 293 καίως
1136 260 1227 288 αὐτῶν
1237 260 1285 287 καὶ
1312 260 1487 296 σύγγνωστον
1503 264 1516 278 °
1529 261 1560 288 τὺ
1575 260 1778 297 πλημμέλημα,
1787 262 1837 289 καὶ

1038 306 1139 342 μείζων
1148 307 1165 342 ή
1179 306 1338 342 βλασφημία
1351 307 1400 342 τῆς
1413 306 1548 341 ἀφέσεως.
1558 306 1773 342 Παραδείγματα
1787 307 1836 334 τοῦ

1036 350 1126 384 λόγουε
1139 350 1239 382 Ἄννας
1246 351 1294 377 καὶ
1302 351 1431 386 Καϊάφας
1438 351 1486 378 καὶ
1497 351 1649 386 πολλοὶετῶν
1656 351 1803 386 Ἰουδαίων,
1810 353 1836 380 οι

1036 395 1166 432 δαίμονας
1180 395 1367 424 ἀπελαύνοντα
1390 396 1502 429 ἰδόντες,
1517 396 1577 424 δέον
1599 397 1766 432 προσκυνεῖν
1784 397 1834 424 τὸν

1036 442 1196 478 εὐεργέτην,
1211 442 1240 470 έν
1254 442 1295 478 τῷ
1321 443 1437 478 ἄρχοντι
1466 442 1522 469 τῶν
1546 442 1695 477 δαιμονίων
1706 444 1837 478 (πρᾶγμα

1037 487 1130 523 πάσης
1142 486 1338 522 ἀναισχυντίας
1352 486 1510 522 τολμῶντες
1531 486 1674 521 ἐπέκεινα)
1691 486 1838 513 ἐκϐάλλειν

1038 533 1120 561 αὑτὸν
1140 533 1296 569 ἐλοιδόρουν
1325 532 1360 560 τά
1384 533 1528 568 δαιμόνια·
1547 533 1664 567 τυφλοὺς
1685 532 1838 568 βλέποντας

1038 578 1166 613 ὁρῶντες.
1183 580 1232 606 καὶ
1246 578 1387 614 κλινήρεις
1398 578 1492 614 δρόμῳ
1507 578 1557 605 καὶ
1570 579 1674 614 φορτίῳ
1696 579 1748 614 τὴν
1766 580 1839 606 ἴασιν

1040 625 1229 661 βεϐαιοῦντας·
1242 625 1316 652 «Οὐκ
1329 625 1403 652 ἔστιν
1413 625 1427 652 ό
1435 625 1578 660 ἄνθρωπος
1585 622 1673 657 οὗτος,
1689 624 1795 659 ἔλεγον,
1806 627 1840 653 ὲκ

1040 671 1087 698 τοῦ
1103 670 1171 698 Θεοῦ
1181 679 1188 686 '
1203 680 1212 697 I
1226 671 1272 698 τὸν
1281 670 1406 707 Λάζαρον
1424 671 1605 705 ἀνιστάμενον
1621 672 1784 706 τεταρταῖον
1798 673 1840 703 εἰς

1040 717 1151 744 πλείονα
1163 716 1243 752 φόνον
1254 719 1280 736 θ’
1290 717 1479 751 ἀνεφλέγοντο,
1494 725 1503 742 ι
1514 716 1643 753 Ἐζήτουν
1664 716 1730 752 γὰρ,
1742 717 1839 751 φησὶν,

1041 763 1086 790 ἵνα
1098 762 1203 790 καὶτὸν
1215 761 1343 797 Λάζαρον
1354 761 1564 789 ἀποκτείνωσιν.
1579 770 1589 787 ›
1600 758 1668 788 Εἶτα
1679 761 1841 788 ἀναστάντα

1042 809 1245 845 μεμαθηκότες,
1271 809 1397 844 χρήμασι
1410 809 1458 836 καὶ
1468 807 1562 844 ψεύδει
1571 808 1778 843 κατακρύπτειν
1788 809 1839 835 ἑπ-

1041 856 1167 892 εχείρουν
1193 855 1244 891 τὴν
1270 856 1429 883 ἀνάστασιν.
1448 855 1502 882 Καὶ
1524 855 1556 891 δὴ
1569 855 1617 882 καὶ
1635 855 1691 882 τῶν
1707 855 1841 890 μαθητῶν

1042 902 1171 938 πυρίναις
1187 901 1326 937 γλώσσαις
1348 901 1555 938 στομωϐέντων,
1573 902 1622 928 καὶ
1647 902 1682 928 τά
1703 902 1841 936 μεγαλεῖα

1041 948 1089 976 τοῦ
1101 948 1169 975 Θεοῦ
1183 948 1269 981 ξένοις
1288 949 1410 984 ῥήμασιν
1430 948 1687 984 ἀνακηρυττόντων,
1705 949 1754 975 καὶ
1769 949 1842 983 πλῆ-

1042 995 1088 1027 θος
1100 995 1215 1030 ἄπειρον
1227 995 1268 1030 τῷ
1282 995 1402 1031 Θαύματι
1420 995 1488 1031 πρὸς
1504 996 1554 1031 τὴν
1564 995 1707 1023 εὐσέϐειαν
1722 995 1839 1029 ἐναγόν-

1041 1050 1108 1073 των,
1138 1042 1180 1073 είς
1210 1041 1326 1076 γλεῦκος
1351 1038 1426 1068 οὗτοι
1442 1042 1489 1068 καὶ
1511 1041 1598 1076 μέθην
1612 1040 1643 1068 τὸ
1656 1041 1774 1077 φρικτὸν
1789 1041 1838 1068 τοῦ

1042 1087 1184 1123 Θαύματος
1204 1087 1344 1124 διασύρειν
1360 1087 1411 1115 οὐκ
1425 1087 1584 1123 ᾐσχύνοντο,
1597 1087 1652 1114 οὐδ’
1678 1087 1830 1121 ἐφοϐοῦντο

1043 1134 1082 1170 μὴ
1099 1133 1137 1170 τῷ
1160 1133 1228 1169 ξένῳ
1245 1134 1314 1169 πυρὶ
1328 1133 1594 1168 καταδαπανηθῶσιν
1624 1133 1649 1159 oi
1675 1133 1838 1168 ἀλάστορες.

1042 1180 1137 1213 Οὕτως
1148 1180 1225 1207 οὐδὲν
1233 1181 1326 1213 αὐτοῖς
1338 1180 1393 1207 τῶν
1402 1179 1550 1215 ὑπερφυῶν
1565 1180 1606 1211 εἰς
1622 1179 1777 1215 μεταϐολὴν
1790 1180 1841 1215 τῆς

1044 1226 1186 1262 μοχθηρᾶς
1202 1227 1250 1253 καὶ
1264 1226 1366 1253 ἀτόπου
1381 1226 1495 1261 γνώμης
1512 1225 1672 1260 ἐξήρκεσεν,
1685 1225 1760 1258 ἅπαξ
1770 1225 1840 1260 πρὸς

1041 1272 1077 1298 τὰ
1090 1272 1189 1307 πρῶτα
1215 1270 1269 1298 τῶν
1284 1270 1480 1307 πνευματικῶν
1494 1270 1543 1298 καὶ
1558 1270 1639 1297 Θείων
1659 1269 1750 1305 ἔργων
1760 1270 1842 1297 ἀναι-

1044 1317 1171 1351 σχυντεῖν
1190 1315 1307 1348 ἑαυτοὺς
1330 1315 1554 1351 παρεσκευακόσι
1577 1315 1625 1342 καὶ
1649 1315 1843 1351 ἀποθρασύνε-

1043 1361 1117 1389 σθαι.
1134 1361 1254 1394 Δικαίως
1262 1361 1315 1398 ἀρα
1329 1360 1390 1388 λίαν
1398 1361 1446 1388 καὶ
1467 1360 1558 1396 σοφῶς
1571 1360 1741 1397 εἴρηται,ὃτι
1762 1370 1773 1387 τ
1791 1362 1844 1391 Ὃς

1042 1407 1076 1434 ἂν
1089 1407 1155 1443 εῑπῃ
1172 1407 1253 1441 λόγον
1269 1406 1341 1433 κατὰ
1350 1406 1397 1433 τοῦ
1413 1405 1480 1433 rio-3
1497 1406 1544 1433 τοῦ
1558 1405 1704 1441 ἀνθρώπου
1714 1426 1722 1438 ,
1737 1406 1844 1441 ἀφεθὴ-

1043 1461 1120 1480 σεται
1137 1453 1227 1488 αύτῷ-
1241 1452 1270 1484 ὂς
1283 1452 1305 1479 δ’
1318 1452 1353 1479 ἃν
1370 1453 1436 1488 εῐπῃ
1450 1451 1521 1479 κατὰ
1535 1451 1582 1478 τοῦ
1600 1452 1773 1487 Πνεύματος,
1788 1452 1844 1478 οὑκ

1042 1499 1211 1536 ἀφεθήσεται
1225 1498 1312 1534 αὐτῷ.
1329 1497 1392 1525 οὔτε
1407 1498 1437 1525 ὲν
1452 1497 1492 1533 τῷ
1506 1497 1554 1524 νῦν
1566 1497 1655 1530 αίῶνι,
1679 1497 1741 1524 οὔτε
1756 1497 1786 1523 ὲν
1801 1498 1844 1533 τῷ

1044 1546 1180 1582 μέλλοντι,
1200 1554 1210 1571 ι
1223 1545 1286 1577 Τοῖς
1304 1544 1353 1580 μὲν
1367 1545 1422 1580 γὰρ
1437 1543 1492 1571 ἀπὺ
1506 1544 1560 1571 τῶν
1583 1543 1845 1579 άνθρωπικωτέρων

1043 1592 1091 1619 καὶ
1105 1591 1305 1626 ταπεινοτέρων
1323 1589 1561 1617 σκινδαλισθετσιν
1590 1590 1638 1616 ἐπὶ
1656 1589 1696 1624 τῷ
1715 1589 1847 1625 Δεσπότῃ

1041 1637 1163 1674 Χριστῷ,
1180 1636 1259 1673 ῥᾳδία
1275 1637 1291 1672 ἡ
1313 1636 1357 1663 διὰ
1368 1635 1423 1663 τῶν
1442 1636 1574 1671 μειζόνων
1594 1636 1642 1663 καὶ
1661 1635 1843 1671 ὑψηλοτέρων

1045 1682 1184 1719 μεταϐολὴ
1197 1682 1245 1709 καὶ
1261 1682 1278 1717 ἡ
1290 1682 1398 1716 ἄφεσις.
1412 1681 1475 1713 Τοῖς
1487 1681 1516 1707 δὲ
1530 1681 1600 1716 πρὸς
1617 1682 1651 1707 τὰ
1665 1682 1847 1715 πνευματικά

1043 1728 1092 1756 καὶ
1111 1729 1242 1764 ὑπερφυῆ
1259 1727 1308 1754 καὶ
1333 1726 1393 1753 θεῖα
1416 1727 1602 1762 ἀπονοηθεῖσι,
1621 1726 1807 1761 παγχάλεπος
1828 1728 1845 1763 ἢ

1044 1775 1092 1802 καὶ
1108 1774 1237 1806 ἀδύνατος
1247 1774 1263 1807 ἡ
1277 1773 1431 1809 διόρθωσις.
1451 1773 1501 1799 Διὰ
1510 1773 1589 1800 τοῦτο
1602 1773 1648 1799 xui.
1657 1773 1774 1807 οὐδεμία
1783 1773 1844 1800 τῶν

1047 1820 1300 1856 πλημμεληθέντων
1312 1820 1465 1855 ἀπαντήσει
1479 1819 1587 1853 ἄφεσις.

201 1869 314 1900 propter
334 1866 470 1895 humanas
503 1873 531 1895 et
555 1868 718 1897 humilitatis
747 1870 891 1906 passiOnes
926 1867 1186 1897 scaudalizabantur
1221 1866 1248 1893 in
1271 1865 1388 1893 Domino
1409 1864 1539 1898 Christo,
1557 1865 1706 1900 proclivem
1724 1863 1847 1892 habeon!

198 1919 249 1947 per
263 1919 290 1940 et
303 1919 413 1949 propter
432 1915 535 1950 majora
553 1921 580 1944 et
596 1917 758 1946 sublimiora
791 1918 970 1945 mutationem
1006 1921 1034 1944 et

1050 1914 1243 1944 remissionem
1260 1923 1267 1941 :
1286 1918 1314 1941 at
1327 1913 1375 1949 qui
1389 1914 1416 1940 in
1431 1913 1514 1941 rebus
1529 1913 1730 1949 spiritualibus,
1744 1920 1848 1948 super-

199 1960 372 1988 naturalibus
385 1964 413 1988 et
423 1960 524 1988 divinis
536 1961 594 1989 sine
606 1963 715 1991 ratione
731 1964 883 1996 insaniunt,
897 1962 1050 1989 admodum
1062 1959 1220 1993 dilIicutter,
1247 1964 1296 1987 aut
1329 1967 1384 1987 non
1418 1959 1543 1993 omnino,
1580 1959 1698 1987 redeunt
1732 1959 1770 1986 ad
1786 1967 1848 1987 me-

199 2007 299 2035 liorem
314 2007 432 2043 irugem.
451 2008 568 2044 Ideoque
584 2010 796 2046 haudquaquam
818 2014 992 2045 peccatorum
1013 2009 1138 2045 obtinget
1151 2007 1332 2044 indulgentia.

201 2052 367 2087 QUESTIO
373 2053 478 2082 ccxnv
488 2055 713 2092 [CoisLICCXLIL
725 2057 807 2084 Taur.
817 2056 995 2093 ccxxxw].

1310 2053 1481 2081 ΕΡΩΤΗΣΙΣ
1506 2053 1575 2079 Σ1Δ’.

339 2098 410 2124 Edita
424 2106 438 2124 a
454 2100 606 2127 lloutacutio
624 2103 675 2135 (ep.
690 2103 747 2134 129,
761 2104 791 2129 ad
806 2104 947 2136 Chrlsloph.
964 2110 988 2135 p.
1006 2102 1061 2133 170,
1077 2102 1178 2134 171).-
1194 2102 1231 2128 De
1245 2103 1372 2133 praecepto
1387 2100 1491 2131 Christi,
1507 2099 1594 2124 Matth-
1611 2105 1644 2130 VI,
1661 2099 1701 2124 17.

235 2141 306 2170 Cum
320 2147 403 2178 caput
417 2143 548 2179 inungere
561 2151 588 2173 et
601 2145 698 2174 faciem
714 2147 817 2178 lavare.
833 2147 867 2175 de
882 2151 990 2175 vetusta
1003 2147 1030 2177 D

200 2189 321 2224 quadam
343 2189 554 2224 consuetudine,
573 2191 609 2219 ab
623 2192 657 2219 iis
668 2193 715 2228 qui
741 2193 842 2228 gaudio
857 2199 885 2221 et
898 2193 993 2221 laetitia

199 2233 401 2269 aiﬁeiebantur,
428 2241 590 2272 usurpetur,
615 2245 677 2273 qua:
694 2239 787 2274 gaudii
810 2243 838 2267 et
866 2240 991 2268 oblecta-

200 2282 286 2312 tionis
302 2283 430 2320 symbola
442 2283 568 2319 quaedam
584 2283 828 2317 erant;Dominus
846 2284 995 2320 dejejuuio

199 2329 290 2366 legem
305 2334 465 2366 rogaturus,
479 2338 562 2365 quam
583 2337 634 2358 nos
650 2330 776 2359 lubentes
788 2331 874 2359 voluit
885 2336 913 2359 et
929 2339 995 2366 gau-

201 2375 299 2405 dentes
315 2377 476 2412 adimplero,
494 2386 503 2402 ι
515 2377 605 2412 Caput
632 2381 725 2411 tuum,
743 2378 793 2411 ait,
816 2378 954 2413 inungito,
967 2381 996 2405 et

199 2422 292 2451 κενοιο
308 2422 406 2450 faciem
421 2432 428 2450 :
443 2432 453 2449 ›
473 2430 526 2450 non
537 2423 610 2458 quod
622 2423 801 2452 volebatoleo
809 2423 996 2459 eaputmolle-

199 2467 302 2502 facere,
324 2474 372 2496 aut
389 2468 486 2497 faciem
504 2477 575 2505 aqua
597 2470 754 2506 abstergere
768 2478 850 2505 ;cum
863 2478 913 2498 nec
926 2471 995 2506 ipse,

201 2515 250 2551 qui
267 2520 340 2543 totos
348 2515 531 2551 quadraginta
541 2516 600 2545 dies
613 2516 769 2552 jejunabat,
783 2517 844 2545 istis
853 2520 977 2544 uteretur
987 2526 995 2544 :

200 2569 253 2590 nec
271 2561 371 2590 intueri
387 2562 451 2590 licet
465 2563 684 2591 emolumentum
707 2564 816 2598 aliquod
830 2563 864 2591 iis
888 2564 998 2592 contin-

201 2615 276 2643 gere,
292 2608 340 2643 qui
353 2613 479 2637 utuntur.
503 2609 640 2643 Quocirca
653 2617 704 2638 nec
719 2610 827 2646 inungi,
848 2617 900 2638 nec
920 2609 997 2638 ablui

201 2654 265 2683 istis
287 2655 438 2688 mandavit,
463 2657 510 2685 sed
524 2664 573 2692 per
599 2657 724 2693 symbola
739 2656 831 2692 gaudii
846 2661 874 2684 et
896 2656 998 2684 laetitia:

200 2700 289 2728 voluit
299 2705 326 2729 et
342 2702 493 2735 mandavit,
514 2707 544 2730 ut
557 2703 690 2738 jejunium
704 2711 767 2731 cum
780 2702 883 2738 gaudio
898 2707 926 2730 et
947 2710 997 2730 vo-

204 2746 308 2782 luptate
334 2755 459 2784 agamus.
480 2749 522 2777 Ad
547 2750 621 2777 hunc
638 2749 752 2778 modum
780 2749 804 2777 si
822 2756 872 2776 nos
882 2755 996 2784 compo-

203 2801 303 2823 namus
317 2799 344 2823 et
352 2803 531 2829 exat-nemus,
547 2803 611 2824 eum
622 2796 692 2824 alios
707 2795 792 2824 latere
807 2795 927 2831 poterint
936 2802 998 2830 qua!

205 2841 340 2876 iacimus,
358 2847 386 2871 et
401 2842 501 2879 jejunii
525 2846 664 2871 certamen
681 2842 755 2870 haud
770 2842 904 2878 gravatim
917 2841 998 2870 subi-

1084 2145 1194 2181 Ἐπειδὴ
1211 2147 1243 2172 τὸ
1255 2143 1416 2178 ἀλείφεσθαι
1433 2143 1484 2178 τὴν
1499 2138 1632 2177 κεφαλὴν,
1647 2142 1695 2169 καὶ
1704 2141 1737 2168 τδ
1753 2141 1844 2178 πρόσ-

1045 2200 1121 2219 ωπον
1139 2190 1283 2218 νίπτεσθαι
1303 2191 1361 2222 τοῖς
1379 2188 1609 2225 εὐφραινομένους
1638 2187 1685 2215 καὶ
1704 2187 1843 2223 χαίρουσι,

1046 2239 1117 2266 κατά
1149 2247 1176 2265 τι
1202 2237 1318 2264 παλαιὸν
1345 2235 1525 2272 ἐπετηδεύετο
1554 2234 1626 2267 ἔθος,
1647 2235 1695 2262 καὶ
1720 2234 1845 2270 σύμϐολα

1045 2285 1134 2313 ταῦτα
1150 2285 1238 2320 χαρᾶς
1267 2282 1410 2318 ἐνομίζετο
1430 2282 1478 2309 καὶ
1497 2280 1688 2316 εὐφροσύνης·
1703 2281 1718 2307 ὸ
1737 2281 1844 2307 Assam-

1046 2340 1096 2367 της
1111 2331 1156 2358 τὸν
1167 2331 1233 2366 περὶ
1248 2330 1377 2365 νηστείας
1390 2328 1473 2364 νόμον
1497 2327 1632 2362 εἰσάγων,
1647 2327 1696 2354 καὶ
1711 2326 1847 2362 βουλόμε-

1047 2386 1092 2410 νος
1105 2378 1179 2413 ἡμᾶς
1196 2376 1266 2412 μετά
1276 2376 1364 2411 χαρᾶς
1377 2375 1426 2402 καὶ
1441 2373 1616 2410 εὐφροσύνης
1632 2373 1736 2409 ταύτην
1751 2374 1846 2400 ἐπιτε-

1047 2424 1122 2457 λεῖν,
1140 2433 1149 2450 ι
1173 2423 1300 2458 Ἀλειψαί
1328 2430 1387 2455 σου,
1418 2421 1497 2457 φησὶ,
1513 2421 1565 2456 τὴν
1589 2420 1724 2456 κεφαλὴν,
1741 2421 1791 2447 καὶ
1805 2420 1844 2446 νί-

1046 2470 1097 2505 ψαι
1110 2469 1141 2496 τὸ
1158 2468 1305 2504 πρόσωπον
1317 2475 1341 2493 Ἴ
1360 2466 1391 2492 οὐ
1403 2466 1482 2493 τοῦτο
1496 2465 1595 2500 λέγων,
1610 2464 1694 2498 ἐλαίῳ
1705 2463 1844 2490 λιπαίνειν

1047 2515 1098 2551 τὴν
1112 2513 1245 2549 κεφαλὴν,
1265 2513 1282 2548 ἢ
1299 2512 1331 2539 τδ
1349 2512 1496 2548 πρόσωπον
1511 2509 1658 2537 ὲκπλύνειν
1669 2509 1749 2536 ὕδατι
1760 2516 1767 2524 ’
1783 2509 1843 2535 οὐδὲ

1048 2561 1103 2597 γὰρ
1117 2560 1200 2592 αὐτὸς
1211 2559 1364 2595 νηστεύσας
1380 2558 1424 2593 ἐφ’
1433 2558 1497 2589 ὅλας
1517 2557 1625 2592 ἡμέρας
1634 2556 1846 2590 τεσσαράκοντα

1048 2607 1155 2639 τούτοις
1169 2606 1322 2643 ἐχρήσατοο
1338 2604 1400 2632 ούδέ
1416 2613 1444 2632 τι
1464 2604 1561 2639 κέρδος
1583 2604 1617 2630 ὲκ
1634 2602 1751 2635 τούτων,
1769 2603 1847 2633 εἴτις

1049 2655 1141 2686 αὐτοῖς
1151 2653 1252 2690 χρῷτο,
1268 2653 1334 2688 όρᾷν
1351 2651 1409 2679 ἐστι
1425 2650 1630 2686 παρεπόμενον.
1643 2649 1701 2676 Οὐκ
1711 2647 1762 2676 οὖν
1775 2648 1847 2676 ἀλεί-

1050 2701 1149 2736 φεσθαι
1164 2700 1212 2727 καὶ
1228 2698 1372 2726 νίπτεσθαι
1382 2698 1458 2733 ἡμᾶς
1475 2696 1521 2724 διὰ
1537 2696 1640 2723 τούτων
1655 2695 1844 2730 ἑγκελεύεται,

1051 2746 1109 2775 ἀλλ’
1123 2745 1171 2774 ἀπ’
1188 2746 1279 2773 αὐτῶν
1300 2744 1355 2772 τῶν
1381 2743 1525 2779 συμϐόλων
1550 2742 1600 2778 τῆς
1629 2742 1719 2778 χαρᾶς
1733 2741 1782 2768 καὶ
1797 2742 1846 2774 τῆς

1052 2792 1232 2830 εὐφροσύνης,
1249 2792 1358 2828 χαίρειν
1371 2791 1446 2827 ἡμᾶς
1467 2789 1515 2817 καὶ
1542 2788 1740 2824 εὐφραίνεσθαι
1761 2788 1792 2814 ἑν
1806 2786 1846 2821 τῷ

1052 2838 1194 2874 νηστεύειν
1206 2837 1373 2875 νομοθετῶν,
1390 2836 1479 2864 ταῦτα
1489 2835 1602 2871 ἔφησεν.
1616 2834 1696 2862 Οὕτω
1712 2834 1768 2870 γάρ
1787 2833 1847 2860 ἑαυ-

857 2887 976 2918 VARUE
996 2886 1198 2916 LECTIONES.

260 2938 329 2967 ἰσ.
344 2937 548 2973 ἀσύγγνωοτον.
582 2938 605 2955 °'
627 2936 744 2972 φθόνον]
