1874 3070
61 161 115 195 973

468 165 519 196 AD
534 166 829 200 AMPHILOCHIUM
855 170 1029 206 QUIES'I‘IO
1050 171 1172 209 CCXIV,
1188 172 1293 205 CCXV.

1647 178 1699 208 974

61 217 324 266 ροὺςδιαμεκέντες
331 220 380 248 καὶ
385 220 629 258 διακοσμήσαντες,
639 224 703 257 τούς
708 234 738 252 τε
745 225 851 258 ἄλλους¹

937 235 1008 255 mus.
1029 227 1098 255 Nam
1111 227 1158 255 ubi
1181 232 1294 264 paratus
1307 228 1413 256 accedit
1429 230 1492 264 quis
1507 237 1571 258 cum
1584 231 1699 266 gaudio,

61 264 91 291 ὲν
106 261 149 297 οἷς
164 266 335 301 πράττομεν,-
346 266 439 294 λαθεῖν
463 268 647 305 δυνησόμεθα.
675 271 723 297 καὶ
747 272 856 304 ἑαυτοῖς

61 311 207 346 ἀνεπαχθῆ
221 312 266 338 τὸν
291 313 340 348 τῆς
352 314 480 349 νηστείας
507 316 601 349 ἀγῶνα
627 317 854 353 ἁπεργασόμεθα.

62 357 151 384 ἐνθά
163 358 220 394 γὰρ
234 359 376 394 προθυμία
397 360 446 388 καὶ
475 363 560 397 χαρὰ,
577 363 637 389 ἐκεῖ
648 363 750 397 κοῦφον
764 365 812 391 καὶ
824 365 855 391 τὸ

60 403 194 430 ἐπίπονον
203 412 211 419 ·
227 403 323 441 ὥσπερ
337 405 402 433 ἔνθα
414 407 445 433 τὸ
459 407 582 443 ῥᾴθυμον
591 409 640 436 καὶ
650 409 681 436 τὸ
695 409 788 445 ἀηδὲς,
797 411 856 437 ἐκεῖ

61 449 112 476 καὶ
129 449 162 476 τὸ
191 451 292 486 ῥᾷστον
305 451 530 488 δυσχερέστατον.
549 454 678 489 ’Λλειψαι
697 455 787 483 τοίνυν
807 457 855 484 καὶ

60 495 144 527 αὐτὸς
168 496 220 532 τὴν
243 497 376 533 κεφαλὴν,
391 499 440 525 καὶ
455 499 487 526 τὸ
508 500 654 535 πρόσωπον
669 501 745 536 νίψαι
762 510 769 516 ·
784 502 855 538 ὅπερ

62 542 162 577 μαθεῖν
190 543 374 580 ὲπηρώτησας
393 553 401 560 ·
417 545 531 582 φαιδρὸν
559 547 673 573 σεαυτὸν
695 548 743 574 καὶ
763 547 854 583 ίλαρὸν

59 589 116 616 ἀπὸ
130 590 180 625 τῆς
191 591 221 616 ὲν
236 592 269 627 τῇ
286 591 386 628 καρδίᾳ
398 592 532 628 εὐθυμίας
546 594 594 620 καὶ
610 594 809 628 ἀγαλλιάσεως,
823 596 854 622 ἐν

58 635 98 670 τῷ
113 636 267 671 νηστεύειν,
279 638 509 673 παρασκευάζων,
526 639 574 666 καὶ
589 641 672 667 παντὶ
695 641 789 676 τρόπῳ
803 641 854 668 λα-

58 682 118 708 θεῖν
136 683 305 718 ὲπιιι-ηδεύων
317 686 374 717 τοῖς
390 685 545 721 ἀνθρώποις
560 685 591 713 τδ
606 686 774 722 κατόρθωμα
785 708 793 721 ,
809 687 854 714 ἵνα

59 727 264 765 μισθαποδότην
279 730 345 766 ἔχῃς
360 731 407 758 τδν
423 731 520 766 ἔφορον
545 733 600 759 τῶν
621 733 746 768 κρυφίων
774 733 853 762 Θεὸν.

58 775 91 801 Εἰ
106 774 136 802 δὲ
151 777 199 802 καὶ
213 777 362 812 νηστεύων,
383 778 468 813 ἐλαίῳ
491 779 619 811 εὐποιίας
634 779 665 806 τὸ
677 781 707 806 ἓν
719 781 752 816 τῇ
765 788 853 815 κεφα-

57 820 91 856 λῇ
111 821 233 856 δαψιλῶς
257 823 357 856 πιάνας
379 825 554 860 ἡγεμονικὸν,
570 825 676 852 ἐκεῖθέν
700 834 731 852 τε
757 826 853 862 ὥσπερ

57 869 114 895 ἀπό
134 877 208 901 τινος
234 870 327 905 πηγῆς
339 871 446 907 νοερᾶς,
461 871 522 898 ὅλον
535 872 648 900 σεαυτδν
663 873 711 899 καὶ
720 873 751 900 τδ
766 863 852 908 πρόσ-

56 923 134 942 ωπον
143 915 281 948 ἑκπλύνας
295 916 408 953 φαιδρὸν
419 917 565 954 ἀπεργάσῃ
577 918 624 944 καὶ
632 918 751 954 καθαρὸν
763 918 853 954 (ὲλεη-

58 960 193 997 μοσὺναις
203 962 268 998 γὰρ,
281 963 375 997 φησιν,
393 964 626 999 ἁποκαθαίρονται
638 965 796 1001 ἁμαρτίαι),
810 965 851 997 είς

56 1008 87 1034 τὸ
103 1007 315 1044 χρησιμώτατόν
330 1018 372 1037 σοι
391 1010 491 1043 δείξεις
506 1010 562 1038 τῶν
575 1010 656 1038 θείων
677 1010 784 1045 Λογίων
800 1009 851 1046 τὴν

56 1054 209 1087 ἀνάπτυξιν
223 1055 466 1091 προσεληλυθέναι.

325 1112 496 1140 ΕΡΩἸἮΣΙΣ
510 1113 580 1140 Σ1Ε’.

907 273 946 301 ibi
961 273 1033 308 quod
1049 274 1217 302 laboriosum
1231 279 1286 308 est,
1307 275 1365 302 leve
1380 275 1426 303 ﬁet
1440 285 1447 309 ;
1469 283 1485 303 e
1499 281 1607 309 contra,
1623 279 1697 312 quod

905 319 986 348 facile
1008 320 1048 351 ﬁt,
1066 320 1255 348 diﬂicillimum
1279 321 1401 350 redditur
1415 323 1463 350 ubi
1488 323 1635 351 intervenit
1649 333 1697 352 so-

905 366 1010 400 cordia,
1023 366 1171 396 etadversa
1183 367 1319 396 voluntas.
1331 368 1433 404 inunge
1459 373 1486 396 tu
1515 376 1581 405 ergo
1602 374 1696 404 caput,

905 418 933 441 et
955 413 1052 441 iaciem
1068 414 1128 441 lava
1145 422 1154 448 ;
1175 414 1202 442 id
1231 415 1304 450 quod
1330 414 1460 449 cupiebas
1484 414 1550 450 quid
1566 415 1697 442 essetin-

906 460 1039 495 telligere,
1072 459 1125 487 hoc
1141 464 1200 488 est:
1222 460 1261 488 Te
1281 468 1380 488 sereno
1396 464 1423 488 et
1439 460 1520 487 hilari
1535 461 1611 488 vultu
1628 468 1696 495 pne-

904 505 992 534 ditum
1005 505 1113 538 exhibe,
1142 511 1251 541 propter
1265 507 1392 542 gaudium
1407 507 1491 534 animi
1511 506 1549 533 tui
1565 511 1593 533 et
1604 506 1696 533 exsul-

905 552 1036 580 tationem
1052 553 1199 587 repositam
1213 553 1240 580 in
1265 553 1438 588 jejunando;
1466 553 1574 580 enitere
1602 557 1693 579 autem

904 603 931 626 et
938 606 1049 633 operam
1059 599 1092 626 da
1107 599 1293 626 omnimodam
1304 604 1334 627 ut
1350 599 1402 627 hoc
1413 599 1575 634 praeclarum
1587 598 1695 626 facinus

904 647 1017 679 celetur,
1037 650 1068 674 ut
1082 647 1122 674 sic
1141 646 1227 674 Deum
1247 647 1295 682 qui
1314 652 1419 675 secreta
1447 646 1540 674 omnia
1557 646 1693 678 intuetur,

904 691 1008 719 habeas
1022 692 1229 720 retributorem.
1245 692 1324 725 Quod
1344 692 1367 720 si
1383 700 1466 726 porro
1492 699 1556 719 cum
1568 690 1690 726 jejunas,

903 738 964 766 oleo
983 738 1171 766 beneﬁcentia:
1180 743 1264 774 caput
1278 737 1382 765 affatim
1405 737 1512 772 irrigas,
1532 736 1593 764 etin
1605 735 1695 770 capite

903 789 1008 820 partem
1024 785 1206 820 principatum
1221 785 1403 817 obtinentem,
1424 784 1461 811 ita
1479 787 1509 811 ut
1541 782 1606 810 inde
1633 786 1696 809 tan-

903 839 985 866 quam
997 831 1031 859 de
1046 830 1121 859 fonte
1147 831 1336 863 iutellectuali,
1366 835 1392 858 te
1406 835 1507 862 totum,
1523 837 1574 857 nec
1601 829 1691 856 solum

903 877 1000 905 faciem
1015 877 1120 910 abluas,
1130 882 1158 905 et
1169 877 1285 905 mundes
1301 877 1375 912 (nam
1385 876 1527 909 emundat,
1542 879 1573 902 ut
1582 874 1693 907 dicitur,

904 923 1079 960 eleemosyna
1097 925 1263 959 peccatum),
1296 923 1386 959 palam
1423 922 1507 950 facies
1535 921 1693 949 divinorum

903 969 1081 997 oraculorum
1119 970 1331 1005 explicationem
1367 969 1416 997 tibi
1460 968 1602 997 exstitisse
1635 968 1694 995 fru-

903 1019 1042 1044 ctuosam.

904 1111 1067 1145 ρυΑῖδτιο
1074 1113 1164 1142 CCXV
1172 1113 1267 1150 [CoisL
1280 1113 1419 1148 CCXXlV,
1431 1114 1513 1141 Taur.
1523 1111 1691 1149 CCXXXV].

246 1168 317 1194 Edita
331 1175 345 1193 a
361 1169 511 1194 Montacutio
521 1169 581 1200 ,(ep.
599 1169 653 1199 152,
668 1169 698 1194 ad
713 1169 797 1194 Taras.
815 1174 839 1199 p.

935 1167 982 1199 75).
992 1181 1023 1186 -
1038 1168 1125 1194 Matth.
1141 1175 1185 1200 ιιι,
1200 1168 1244 1199 48;
1262 1168 1335 1193 Marc.
1352 1175 1388 1197 tu,
1398 1169 1428 1192 35
1444 1167 1508 1199 (85).

91 1211 185 1246 ὀπερ
206 1210 310 1246 ἔφησεν
328 1212 358 1237 ὲν
370 1212 426 1243 τοῖς
436 1211 614 1246 Εὑαγγελίοις
627 1212 642 1237 6
655 1212 761 1247 Σωτὴρ,
773 1220 782 1237 ι
801 1210 851 1241 Τίς

54 1258 133 1286 ἐστιν
157 1258 175 1292 ἡ
208 1257 300 1293 μήτηρ
328 1265 392 1293 μου,
408 1257 456 1284 καὶ
488 1257 562 1290 τίνες
590 1257 660 1284 είσὶν
683 1259 709 1284 οἱ
738 1257 850 1292 ἀδελφοί

56 1312 131 1339 μου;
151 1313 161 1329 ι
180 1303 230 1339 οὐχ
241 1303 279 1336 ὠς
295 1303 329 1331 ἄν
347 1313 390 1336 τις
403 1304 530 1340 ἀφρόνως
556 1304 672 1340 οἰηθείη,
687 1304 850 1339 ὲπαισχυνό-

55 1358 138 1384 μενος
151 1349 251 1381 ὠδῖνας
263 1349 312 1380 τὰς
328 1349 476 1385 μητρυιὰς,
488 1349 505 1385 ἢ
516 1349 566 1384 τὴν
585 1349 693 1385 μητέρα
708 1348 848 1376 ἐκϐάλλων

53 1394 102 1421 τοῦ
132 1394 268 1430 μητρικοῦ
298 1394 395 1426 κλέους
409 1400 423 1420 Ρ
438 1395 484 1422 καὶ
511 1395 566 1422 τῶν
581 1395 750 1431 προνομίων,
769 1394 848 1421 τοῦτό

54 1449 136 1476 (φησι.
160 1441 224 1472 Πῶς
244 1441 308 1476 γὰρ,
328 1441 342 1467 ὂ
357 1449 391 1476 γε
406 1441 454 1467 καὶ
476 1440 530 1476 πρὸ
552 1440 649 1476 καιροῦ
670 1440 725 1467 τῶν
742 1440 848 1476 θαυμά-

53 1496 121 1519 των,
138 1487 183 1514 διὰ
193 1489 243 1522 τὴν
257 1487 325 1522 πρὸς
347 1487 433 1523 αὐτὴν
454 1487 533 1520 αἰδὼ,
549 1488 590 1519 εἰς
604 1485 676 1514 οῐνον
704 1495 847 1522 μεταστοι-

54 1533 174 1569 χειώσας
202 1534 231 1560 τὸ
256 1534 338 1570 ὕδωρ,
355 1534 403 1561 καὶ
424 1534 486 1561 κατ’
503 1534 585 1560 αὑτὸν
608 1533 656 1560 τοῦ
683 1534 786 1566 πάθους
803 1533 848 1560 τὸν

55 1579 164 1615 καιρὸν,
177 1580 221 1606 ὅτε
246 1579 399 1615 τραύμασι,
412 1580 460 1606 καὶ
478 1580 576 1616 λόγχῃ,
591 1581 638 1606 καὶ
662 1579 784 1615 σταυρῷ,
800 1580 848 1606 καὶ

935 1209 1014 1243 Quod
1040 1211 1067 1238 in
1091 1211 1240 1246 Evangelio
1270 1211 1341 1238 dixit
1370 1210 1509 1242 Servator,
1529 1220 1539 1236 ι
1559 1210 1625 1243 Qua:
1649 1215 1693 1238 est

899 1261 987 1284 mater
1001 1265 1072 1290 mea,
1094 1262 1121 1285 et
1141 1258 1254 1293 quinam
1270 1262 1335 1285 sunt
1345 1257 1446 1285 fratres
1470 1257 1560 1285 mei?)
1587 1265 1640 1284 non
1653 1257 1691 1286 ita

898 1303 1023 1338 protulit,
1046 1308 1075 1330 ut
1093 1302 1254 1339 imprudens
1284 1302 1355 1330 forte
1371 1303 1473 1339 aliquis
1496 1302 1626 1330 arbitrari
1641 1311 1692 1339 po-

899 1350 972 1382 terit,
986 1350 1067 1385 quasi
1080 1351 1195 1377 materni
1206 1354 1302 1385 partus
1313 1349 1423 1377 dolores
1436 1350 1669 1377 verecundaretur
1683 1359 1691 1378 :

899 1400 946 1423 aut
959 1403 992 1423 eo
1005 1395 1068 1423 .ﬁne
1085 1400 1115 1422 ut
1137 1401 1253 1423 matrem
1283 1400 1409 1423 materno
1429 1395 1535 1423 honore
1560 1395 1691 1430 privaret.

900 1441 952 1475 Qui
974 1441 1047 1468 enim
1066 1440 1133 1469 illud
1165 1441 1332 1474 admitteret,
1355 1442 1399 1481 is,_
1417 1441 1465 1476 qui
1490 1445 1554 1469 ante
1585 1446 1693 1477 tempus

900 1487 1030 1522 operandi
1048 1487 1192 1520 miracula,
1210 1487 1246 1515 ob
1263 1495 1323 1514 eam
1339 1495 1421 1522 quam
1435 1495 1500 1522 erga
1517 1487 1592 1514 illam
1613 1495 1691 1515 reve-

900 1534 1017 1561 rentiam
1044 1533 1173 1566 habebat,
1192 1540 1292 1569 aquam
1322 1534 1349 1561 in
1371 1533 1466 1561 vinum
1490 1534 1691 1562 commutavit:

900 1583 927 1606 et
938 1579 985 1614 qui
1004 1578 1056 1606 sub
1069 1579 1130 1614 ipso
1146 1580 1285 1614 passionis
1298 1584 1420 1614 tempore
1435 1587 1498 1607 cum
1512 1580 1689 1612 vulneribus,

55 1625 131 1660 ῆλοις
158 1625 344 1658 κατετείνετο,
362 1625 494 1660 πλείστην
521 1625 587 1660 ὅσην
604 1626 669 1660 περὶ
693 1625 780 1659 αὐτῆς
800 1624 850 1660 τὴν

935 1632 1007 1658 acea,
1022 1632 1116 1657 cruce,
1139 1625 1224 1653 clavis
1251 1625 1462 1656 extendebatur,
1489 1630 1580 1652 tamen
1607 1626 1691 1653 etiam

56 1669 186 1705 φροντίδα
211 1670 453 1705 ἐπιδεδειγμένος·
468 1671 516 1697 καὶ
544 1670 598 1705 πρό
623 1679 657 1704 γε
678 1672 784 1697 τούτων
797 1670 848 1697 οὒκ

935 1677 960 1696 m
986 1677 1124 1697 summam
1149 1677 1180 1697 se
1200 1670 1276 1697 illius
1301 1678 1397 1698 curam
1423 1676 1518 1705 gerere
1538 1670 1690 1704 patefecit:

55 1717 124 1751 αὐτῇ
142 1715 224 1750 μόνον
239 1717 273 1751 τῇ
299 1716 494 1752 γεννησαμένη
511 1715 709 1751 ἁληθῶς,ἀλλὰ
736 1716 784 1743 καὶ
809 1715 849 1751 τῷ

935 1715 1002 1751 ique
1025 1720 1088 1743 ante
1110 1715 1170 1744 huic
1197 1716 1302 1749 omnia,
1331 1715 1542 1750 subjiciebatur,
1569 1723 1622 1743 non
1651 1715 1691 1742 illi

55 1762 212 1797 νομισθέντι
233 1762 453 1798 ὑποτασσόμενος
473 1762 577 1797 πατρίς
602 1772 611 1789 ι
628 1761 682 1789 Ἦν
701 1762 766 1798 γὰρ,
793 1770 847 1797 φη-

935 1762 1091 1790 utummodo
1099 1770 1161 1797 quae
1173 1763 1264 1798 ipsum
1285 1771 1348 1791 vere
1360 1768 1504 1798 genuerat.
1523 1763 1570 1790 sed
1580 1767 1607 1789 et
1621 1763 1691 1798 patri

57 1809 108 1840 σὶν,
123 1808 345 1844 ὑποτασσόμενος
360 1808 453 1840 αὐτοῖς
466 1818 474 1842 ;
489 1818 498 1834 ι
520 1808 601 1835 ’Δλλὰ
613 1808 639 1835 τί
650 1808 738 1835 ταῦτα
751 1808 823 1842 λέγω
840 1816 848 1841 ;

935 1815 1009 1842 ,oque
1025 1808 1164 1843 putativo:
1177 1808 1245 1836 Nam
1262 1818 1271 1835 ι
1284 1814 1353 1841 erat,
1369 1809 1408 1836 ait
1424 1809 1579 1844 Scriplura,
1597 1808 1692 1836 subdi-

63 1855 91 1881 Ὀ
114 1856 223 1891 μήτραν
239 1855 352 1891 οἰκῆσαι
369 1856 408 1891 μὴ
431 1855 636 1890 ὲπαισχυνθεὶς,
656 1856 704 1882 καὶ
716 1855 748 1881 τδ
765 1855 847 1890 ἔργον

935 1854 1030 1882 sillis?
1044 1863 1053 1880 ι
1085 1853 1156 1887 Quid
1174 1858 1266 1882 autem
1287 1855 1345 1882 haec
1365 1855 1476 1890 allego?
1500 1855 1552 1888 Qui
1578 1861 1689 1882 uterum

55 1901 126 1928 ἑκὼν
145 1901 282 1935 ὑπελθὼν,
298 1901 358 1934 πῶς
383 1902 417 1929 ἂν
443 1901 500 1937 ἔχοι
519 1902 598 1936 λόγον
613 1902 663 1937 τὴν
686 1901 784 1936 κλῆσιν
807 1902 850 1928 al-

57 1947 218 1982 σχὺιιεσθαις
236 1947 284 1974 καὶ
297 1948 312 1974 6
323 1948 407 1984 τιμᾷν
421 1948 525 1982 γονεῖς,
537 1948 608 1982 μετά
622 1955 654 1981 γε
667 1947 696 1973 τὸ
709 1947 787 1973 Θείον
801 1946 847 1973 εὐ-

56 1993 114 2026 θὺς,
129 1994 298 2029 νομοθετῶν,
311 1994 371 2026 πῶς
386 1993 419 2021 ἂν
436 1994 517 2026 αὐτὸς
531 1993 682 2026 ὑπεύθυνος
691 1993 787 2028 ὀφθείη
800 2002 849 2030 μη-

54 2041 152 2077 τρικῆς
166 2041 416 2077 καταφρονήσεωςς
432 2041 490 2068 Οὐκ
511 2040 570 2068 ἐστι
590 2040 690 2073 τοίνυν,
711 2041 761 2068 οὐκ
774 2040 848 2067 ἐστιν

55 2087 154 2119 ειπεῖν,
169 2087 212 2113 ὅτι
223 2087 274 2123 τὴν
293 2087 404 2122 μητέρα
415 2088 444 2114 ἐν
457 2086 574 2124 αἰσχύνῃ
585 2086 746 2121 ποιούμενος
760 2087 774 2114 6
790 2094 847 2113 xor-

899 1902 1020 1930 ineolere
1034 1909 1089 1929 non
1108 1902 1228 1935 erubuit,
1244 1902 1292 1938 qui
1307 1909 1377 1938 opus
1385 1908 1412 1930 et
1424 1911 1482 1930 rem
1496 1903 1582 1938 ipsam
1594 1908 1691 1938 sponte

898 1947 1010 1981 subivit,
1024 1948 1163 1983 quomodo
1175 1955 1305 1976 sermone
1327 1948 1546 1977 nominationem
1575 1956 1690 1976 aversa-

899 1998 975 2022 retur
988 1994 1001 2020 ’ί
1016 1994 1063 2030 qui
1084 1999 1214 2029 parentes
1231 1998 1294 2030 post
1309 1994 1396 2022 Deum
1411 1995 1537 2027 sancivit,
1551 1995 1691 2030 quomodo

899 2039 1025 2068 reusille
1054 2039 1139 2068 fuerit
1169 2045 1302 2069 maternae
1339 2040 1455 2076 alicujus
1481 2041 1691 2069 viliiicationis?

898 2084 959 2113 Non
974 2089 1016 2113 cst
1032 2093 1098 2121 ergo
1125 2086 1289 2119 dicendum,
1320 2087 1434 2114 omnino
1452 2094 1506 2114 non
1531 2092 1583 2120 est,
1615 2087 1691 2123 quod

54 2133 98 2164 νδς
120 2133 249 2168 Πλάστης
270 2133 348 2169 ἡμῶν
363 2133 380 2168 ἢ
406 2132 562 2168 ὑπερορῶν,
576 2133 608 2160 τὸ
630 2142 640 2158 ι
657 2133 705 2165 Τίς
734 2133 809 2159 ἐστιν
829 2132 846 2169 ὴ

935 2137 1015 2160 ιιι-ειη
1032 2140 1183 2168 agnoscere
1196 2133 1374 2162 erubesceret
1397 2134 1445 2169 qui
1467 2134 1623 2162 communis
1640 2141 1691 2161 no-

56 2181 148 2215 μητηρ
171 2187 245 2215 μου;
267 2179 316 2206 καὶ
340 2180 414 2211 τίνες
449 2179 520 2206 εἰσὶν
546 2179 579 2210 οἱ,
600 2179 712 2213 ἀδελφοί
741 2187 792 2214 μου
807 2187 815 2212 ;
833 2188 843 2205 ι

935 2188 986 2207 ’ωη
1005 2180 1129 2207 omnium
1147 2179 1290 2214 Conditor,
1313 2185 1361 2208 aut
1376 2181 1545 2216 contemptui
1566 2181 1689 2213 haberet,

54 2227 156 2261 ἔφησεν
172 2233 181 2241 ο
199 2225 268 2252 ἀλλὰ
281 2225 325 2252 διὰ
341 2225 397 2252 τῶν
417 2225 547 2261 ῥημάτων
560 2225 663 2252 τούτων
680 2224 763 2260 ἕτερά
785 2233 847 2251 τινα

936 2235 962 2254 m
988 2226 1069 2260 dixit,
1096 2235 1106 2252 ι
1122 2226 1189 2259 Qua:
1210 2231 1252 2254 est
1277 2232 1367 2254 mater
1385 2227 1470 2254 mea?
1487 2227 1599 2262 quinam
1626 2230 1691 2255 sunt

54 2273 266 2307 διοικονομεῖται
294 2272 406 2306 μείζονα
420 2280 428 2288 ο
451 2272 498 2299 καὶ
525 2271 580 2308 γὰρ
595 2272 609 2298 6
630 2272 679 2306 τὴν
707 2271 846 2308 σωτηρίαν

935 2277 997 2301 ιιι-εδ
1011 2273 1086 2300 mei?
1101 2282 1110 2298 ι
1126 2272 1245 2300 Omnino
1261 2280 1308 2308 per
1315 2271 1373 2300 hare
1383 2272 1465 2299 verba
1476 2272 1550 2299 aliud
1558 2272 1689 2307 quiddam

54 2319 101 2353 τῆς
118 2319 221 2354 ψυχῆς,
234 2319 288 2345 τῶν
303 2319 391 2346 ἄλλων
404 2319 533 2346 ἁπάντων
551 2318 687 2354 πολλαχοῦ
710 2318 845 2345 διδάσκων

935 2319 1019 2347 imius
1050 2319 1252 2354 dispensatur;
1270 2319 1316 2354 qui
1338 2326 1393 2345 non
1422 2326 1477 2345 una
1497 2318 1557 2346 vice
1581 2318 1687 2351 docuit,

54 2365 226 2400 προτιθέναι,
243 2366 291 2392 καὶ
316 2366 384 2401 μήτε
409 2365 527 2400 πατέρα,
543 2365 611 2401 μήτε
635 2365 752 2400 μητέρα.
778 2365 848 2400 μήτε

936 2366 998 2392 ima:
1009 2364 1124 2392 salutem
1136 2365 1217 2392 rebus
1230 2364 1295 2392 aliis
1309 2364 1438 2391 omnibus
1451 2363 1686 2398 anteponendam.

53 2412 149 2443 τέκνα,
163 2412 234 2447 μήτε
257 2411 389 2446 ἀδελφοὺς
412 2412 498 2447 αὐτῆς
518 2411 674 2446 προτιμᾷν,
691 2411 758 2437 ἀλλὰ
779 2410 847 2446 μηδὲ

935 2435 936 2438 η
956 2417 1054 2439 utnec
1076 2416 1193 2446 patrem,
1224 2416 1353 2444 matrem,
1379 2410 1621 2444 liberos,fratres,
1647 2409 1688 2436 illi

53 2457 136 2483 αὐτὸν
152 2456 301 2492 σύμπαντα
316 2457 363 2483 τδν
375 2456 487 2491 κόσμον,
503 2456 551 2483 νῦν
565 2456 609 2482 διὰ
624 2456 679 2483 τῶν
694 2456 782 2491 ἔργων
801 2455 847 2482 αὐ-

935 2459 1086 2491 eferamus,
1110 2459 1166 2486 imo
1182 2465 1216 2486 ne
1235 2458 1370 2486 mundum
1382 2463 1457 2486 certe
1477 2459 1649 2489 universum,
1663 2456 1688 2484 is

53 2502 107 2529 τῶν
122 2502 190 2529 αὐτὸ
210 2502 290 2529 τοῦτο
303 2502 461 2538 περιφανῶς
482 2502 675 2530 ἐπιδείκνυσιν.
697 2502 774 2529 Ἐπεὶ
790 2502 844 2537 γὰρ

940 2505 1069 2541 praesenti
1084 2505 1138 2533 hoe
1161 2505 1232 2532 idem
1257 2512 1339 2540 opere
1353 2504 1514 2532 declaravit.
1532 2503 1603 2531 Nam
1624 2510 1688 2531 cum

52 2549 225 2581 διδάσκοντος
255 2549 338 2576 αὑτοῦ
352 2549 416 2580 τοὺς
439 2548 544 2584 ὄχλους,
557 2549 605 2575 καὶ
628 2548 674 2574 τὸν
689 2549 738 2583 τῆς
755 2557 844 2583 σωτη-

935 2550 1099 2578 iltitudlnem
1109 2550 1294 2585 promiscuam
1308 2549 1431 2583 doceret,
1441 2555 1468 2577 et
1481 2549 1580 2578 salutis
1593 2556 1689 2577 semen

55 2594 114 2629 ρὶας
140 2593 221 2628 λόγον
235 2595 296 2627 ταῖς
318 2595 431 2622 ἐκείνων
452 2595 552 2629 ψυχαῖς
566 2593 843 2628 ὲγκατασπείροντος,

935 2597 1026 2625 rdibus
1051 2597 1175 2630 ipsorum
1204 2596 1397 2629 inseminaret,
1420 2595 1536 2623 aderant
1551 2601 1638 2623 mater
1661 2599 1689 2622 et

53 2640 208 2676 ἐπέστησαν
224 2640 242 2675 ἡ
260 2641 352 2676 μήτηρ
366 2641 414 2667 καὶ⁵
429 2641 454 2667 oi
465 2640 575 2675 ἀδελφοὶ
587 2639 656 2675 πρὸς
671 2640 786 2672 ἑαυτοὺς
799 2639 846 2666 τὸν

935 2649 998 2672 tres
1014 2644 1112 2679 ipsius,
1123 2643 1171 2678 qui
1187 2650 1364 2671 communem
1385 2643 1511 2670 omnium
1528 2641 1688 2670 benefacto-

53 2686 203 2723 εὐεργέτην
232 2687 280 2714 καὶ
303 2687 392 2714 κοινὸν
407 2687 522 2723 Σωτῆρα
539 2685 785 2723 μετακαλούμενοι,
805 2686 845 2713 εί-

938 2695 954 2715 η
976 2691 1004 2715 et
1025 2688 1202 2716 Scrvatorcm
1221 2688 1255 2716 ad
1272 2695 1303 2717 se
1321 2688 1471 2722 vocabant;
1499 2688 1544 2717 cui
1563 2686 1690 2716 citationi

708 2744 827 2774 VARUS
844 2744 1046 2774 LECTIONES.

86 2795 102 2816 Ρ
123 2791 237 2827 κλήρου.

811 2843 930 2877 NOTAE,

89 2886 146 2921 (85)
163 2885 293 2922 Ejusdem
310 2888 464 2924 argumenti
483 2894 527 2917 est
540 2897 567 2924 q.
584 2888 665 2917 XLV.
