  <div class='ocr_page' id='page_1' title='image "/cluster/home/n/w/nwhite01/storage/ocr_20150623/101/njp.32101077772877/581.png"; bbox 0 0 1874 3070; ppageno 0'>
   <div class='ocr_carea' id='block_1_1' title="bbox 205 149 258 180">
    <p class='ocr_par' dir='ltr' id='par_1_1' title="bbox 205 149 258 180">
     <span class='ocr_line' id='line_1_1' title="bbox 205 149 258 180; baseline -0.019 0"><span class='ocrx_word' id='word_1_1' title='bbox 205 149 258 180; x_wconf 82' lang='grc'><strong>975</strong></span> 
     </span>
    </p>
   </div>
   <div class='ocr_carea' id='block_1_2' title="bbox 780 146 1262 178">
    <p class='ocr_par' dir='ltr' id='par_1_2' title="bbox 780 146 1262 178">
     <span class='ocr_line' id='line_1_2' title="bbox 780 146 1262 178; baseline 0.002 -2"><span class='ocrx_word' id='word_1_2' title='bbox 780 146 914 176; x_wconf 83' lang='lat' dir='ltr'><strong>PHOTII</strong></span> <span class='ocrx_word' id='word_1_3' title='bbox 938 146 1191 178; x_wconf 77' lang='lat' dir='ltr'><strong>PATRIARCH/E</strong></span> <span class='ocrx_word' id='word_1_4' title='bbox 1208 146 1262 177; x_wconf 75' lang='grc' dir='ltr'><strong>ΕΡ.</strong></span> 
     </span>
    </p>
   </div>
   <div class='ocr_carea' id='block_1_3' title="bbox 1778 152 1821 185">
    <p class='ocr_par' dir='ltr' id='par_1_3' title="bbox 1778 152 1821 185">
     <span class='ocr_line' id='line_1_3' title="bbox 1778 152 1821 185; baseline 0 0"><span class='ocrx_word' id='word_1_5' title='bbox 1778 152 1821 185; x_wconf 77' lang='grc'><strong>976</strong></span> 
     </span>
    </p>
   </div>
   <div class='ocr_carea' id='block_1_4' title="bbox 206 199 946 240">
    <p class='ocr_par' dir='ltr' id='par_1_4' title="bbox 206 200 945 236">
     <span class='ocr_line' id='line_1_4' title="bbox 206 200 945 236; baseline -0.007 -4"><span class='ocrx_word' id='word_1_6' title='bbox 206 213 261 233; x_wconf 89' lang='lat' dir='ltr'><strong>non</strong></span> <span class='ocrx_word' id='word_1_7' title='bbox 288 202 419 233; x_wconf 85' lang='lat' dir='ltr'><strong>obedivit.</strong></span> <span class='ocrx_word' id='word_1_8' title='bbox 440 209 490 229; x_wconf 91' lang='lat' dir='ltr'><strong>nec</strong></span> <span class='ocrx_word' id='word_1_9' title='bbox 518 200 630 236; x_wconf 85' lang='lat' dir='ltr'><strong>injuria,</strong></span> <span class='ocrx_word' id='word_1_10' title='bbox 656 207 746 236; x_wconf 90' lang='lat' dir='ltr'><strong>neque</strong></span> <span class='ocrx_word' id='word_1_11' title='bbox 774 200 847 228; x_wconf 90' lang='lat' dir='ltr'><strong>enim</strong></span> <span class='ocrx_word' id='word_1_12' title='bbox 878 201 945 228; x_wconf 83' lang='lat' dir='ltr'><strong>doce</strong></span> 
     </span>
    </p>
   </div>
   <div class='ocr_carea' id='block_1_5' title="bbox 1077 199 1817 240">
    <p class='ocr_par' dir='ltr' id='par_1_5' title="bbox 1078 201 1817 240">
     <span class='ocr_line' id='line_1_5' title="bbox 1078 201 1817 240; baseline 0.008 -14"><span class='ocrx_word' id='word_1_13' title='bbox 1078 209 1132 232; x_wconf 87' lang='grc' dir='ltr'><strong>τως</strong></span> <span class='ocrx_word' id='word_1_14' title='bbox 1157 201 1207 229; x_wconf 83' lang='grc' dir='ltr'>οὑκ</span> <span class='ocrx_word' id='word_1_15' title='bbox 1231 201 1393 238; x_wconf 72' lang='grc' dir='ltr'><strong>ἐπεστράφη</strong></span> <span class='ocrx_word' id='word_1_16' title='bbox 1412 202 1446 238; x_wconf 79' lang='grc' dir='ltr'>τῇ</span> <span class='ocrx_word' id='word_1_17' title='bbox 1470 201 1578 237; x_wconf 80' lang='grc' dir='ltr'>κλήσει,</span> <span class='ocrx_word' id='word_1_18' title='bbox 1595 203 1655 230; x_wconf 78' lang='grc' dir='ltr'>οὐδὲ</span> <span class='ocrx_word' id='word_1_19' title='bbox 1670 204 1817 240; x_wconf 79' lang='grc' dir='ltr'>ὐπήκουσεν,</span> 
     </span>
    </p>
   </div>
   <div class='ocr_carea' id='block_1_6' title="bbox 204 247 997 282">
    <p class='ocr_par' dir='ltr' id='par_1_6' title="bbox 204 247 997 282">
     <span class='ocr_line' id='line_1_6' title="bbox 204 247 997 282; baseline -0.009 -1"><span class='ocrx_word' id='word_1_20' title='bbox 204 252 374 281; x_wconf 83' lang='lat' dir='ltr'><strong>functionem</strong></span> <span class='ocrx_word' id='word_1_21' title='bbox 397 249 530 281; x_wconf 87' lang='lat' dir='ltr'><strong>deseruit,</strong></span> <span class='ocrx_word' id='word_1_22' title='bbox 543 255 598 276; x_wconf 92' lang='lat' dir='ltr'><strong>non</strong></span> <span class='ocrx_word' id='word_1_23' title='bbox 613 247 868 282; x_wconf 79' lang='lat' dir='ltr'><strong>comperendinavit</strong></span> <span class='ocrx_word' id='word_1_24' title='bbox 890 247 997 277; x_wconf 80' lang='lat' dir='ltr'><strong>audito-</strong></span> 
     </span>
    </p>
   </div>
   <div class='ocr_carea' id='block_1_7' title="bbox 206 293 996 330">
    <p class='ocr_par' dir='ltr' id='par_1_7' title="bbox 206 293 996 330">
     <span class='ocr_line' id='line_1_7' title="bbox 206 293 996 330; baseline -0.008 -4"><span class='ocrx_word' id='word_1_25' title='bbox 206 307 266 327; x_wconf 92' lang='lat' dir='ltr'><strong>rum</strong></span> <span class='ocrx_word' id='word_1_26' title='bbox 280 298 408 328; x_wconf 84' lang='lat' dir='ltr'><strong>salutem,</strong></span> <span class='ocrx_word' id='word_1_27' title='bbox 419 300 466 323; x_wconf 87' lang='lat' dir='ltr'><strong>aut</strong></span> <span class='ocrx_word' id='word_1_28' title='bbox 478 299 630 324; x_wconf 84' lang='lat' dir='ltr'><strong>maternam</strong></span> <span class='ocrx_word' id='word_1_29' title='bbox 647 293 767 330; x_wconf 57' lang='lat' dir='ltr'><strong>praetulit</strong></span> <span class='ocrx_word' id='word_1_30' title='bbox 782 293 974 321; x_wconf 90' lang='lat' dir='ltr'><strong>salutationem</strong></span> <span class='ocrx_word' id='word_1_31' title='bbox 988 301 996 326; x_wconf 88' lang='lat'><strong>;</strong></span> 
     </span>
    </p>
   </div>
   <div class='ocr_carea' id='block_1_8' title="bbox 205 339 996 379">
    <p class='ocr_par' dir='ltr' id='par_1_8' title="bbox 205 339 996 379">
     <span class='ocr_line' id='line_1_8' title="bbox 205 339 996 379; baseline -0.008 -7"><span class='ocrx_word' id='word_1_32' title='bbox 205 346 242 372; x_wconf 90' lang='lat' dir='ltr'><strong>ita</strong></span> <span class='ocrx_word' id='word_1_33' title='bbox 256 344 345 379; x_wconf 83' lang='lat' dir='ltr'><strong>reipsa</strong></span> <span class='ocrx_word' id='word_1_34' title='bbox 357 342 452 372; x_wconf 90' lang='lat' dir='ltr'><strong>docuit</strong></span> <span class='ocrx_word' id='word_1_35' title='bbox 476 341 549 377; x_wconf 94' lang='lat' dir='ltr'><strong>quod</strong></span> <span class='ocrx_word' id='word_1_36' title='bbox 561 348 622 369; x_wconf 89' lang='lat' dir='ltr'><strong>cum</strong></span> <span class='ocrx_word' id='word_1_37' title='bbox 637 339 700 375; x_wconf 85' lang='lat' dir='ltr'><strong>quis</strong></span> <span class='ocrx_word' id='word_1_38' title='bbox 712 340 828 369; x_wconf 75' lang='lat' dir='ltr'><strong>salutem</strong></span> <span class='ocrx_word' id='word_1_39' title='bbox 843 340 996 367; x_wconf 84' lang='lat' dir='ltr'><strong>animarum</strong></span> 
     </span>
    </p>
   </div>
   <div class='ocr_carea' id='block_1_9' title="bbox 205 386 999 426">
    <p class='ocr_par' dir='ltr' id='par_1_9' title="bbox 205 386 999 426">
     <span class='ocr_line' id='line_1_9' title="bbox 205 386 999 426; baseline -0.006 -8"><span class='ocrx_word' id='word_1_40' title='bbox 205 391 279 418; x_wconf 77' lang='lat' dir='ltr'><strong>velut</strong></span> <span class='ocrx_word' id='word_1_41' title='bbox 289 397 386 426; x_wconf 81' lang='lat' dir='ltr'><strong>agrum</strong></span> <span class='ocrx_word' id='word_1_42' title='bbox 409 388 556 418; x_wconf 89' lang='lat' dir='ltr'><strong>colendum</strong></span> <span class='ocrx_word' id='word_1_43' title='bbox 571 387 697 423; x_wconf 79' lang='lat' dir='ltr'><strong>suscipit,</strong></span> <span class='ocrx_word' id='word_1_44' title='bbox 738 387 765 417; x_wconf 91' lang='lat' dir='ltr'><strong>id</strong></span> <span class='ocrx_word' id='word_1_45' title='bbox 782 386 930 422; x_wconf 79' lang='lat' dir='ltr'><strong>agricolam</strong></span> <span class='ocrx_word' id='word_1_46' title='bbox 946 387 999 414; x_wconf 90' lang='lat' dir='ltr'><strong>im-</strong></span> 
     </span>
    </p>
   </div>
   <div class='ocr_carea' id='block_1_10' title="bbox 204 431 997 472">
    <p class='ocr_par' dir='ltr' id='par_1_10' title="bbox 204 431 997 472">
     <span class='ocr_line' id='line_1_10' title="bbox 204 431 997 472; baseline -0.006 -9"><span class='ocrx_word' id='word_1_47' title='bbox 204 436 302 472; x_wconf 86' lang='lat' dir='ltr'><strong>primis</strong></span> <span class='ocrx_word' id='word_1_48' title='bbox 316 435 464 464; x_wconf 88' lang='lat' dir='ltr'><strong>sollicitum</strong></span> <span class='ocrx_word' id='word_1_49' title='bbox 477 433 579 462; x_wconf 88' lang='lat' dir='ltr'><strong>habere</strong></span> <span class='ocrx_word' id='word_1_50' title='bbox 592 433 700 466; x_wconf 78' lang='lat' dir='ltr'><strong>debeat,</strong></span> <span class='ocrx_word' id='word_1_51' title='bbox 713 437 745 462; x_wconf 88' lang='lat' dir='ltr'><strong>ut</strong></span> <span class='ocrx_word' id='word_1_52' title='bbox 759 440 812 460; x_wconf 90' lang='lat' dir='ltr'><strong>nec</strong></span> <span class='ocrx_word' id='word_1_53' title='bbox 824 431 903 468; x_wconf 79' lang='lat' dir='ltr'><strong>juxta</strong></span> <span class='ocrx_word' id='word_1_54' title='bbox 925 431 997 458; x_wconf 84' lang='lat' dir='ltr'><strong>viam</strong></span> 
     </span>
    </p>
   </div>
   <div class='ocr_carea' id='block_1_11' title="bbox 207 478 998 516">
    <p class='ocr_par' dir='ltr' id='par_1_11' title="bbox 207 478 998 516">
     <span class='ocr_line' id='line_1_11' title="bbox 207 478 998 516; baseline -0.006 -7"><span class='ocrx_word' id='word_1_55' title='bbox 207 483 310 514; x_wconf 82' lang='lat' dir='ltr'><strong>tritam,</strong></span> <span class='ocrx_word' id='word_1_56' title='bbox 329 487 420 516; x_wconf 86' lang='lat' dir='ltr'><strong>neque</strong></span> <span class='ocrx_word' id='word_1_57' title='bbox 434 480 506 508; x_wconf 89' lang='lat' dir='ltr'><strong>inter</strong></span> <span class='ocrx_word' id='word_1_58' title='bbox 531 479 637 515; x_wconf 86' lang='lat' dir='ltr'><strong>spinas,</strong></span> <span class='ocrx_word' id='word_1_59' title='bbox 652 487 741 515; x_wconf 87' lang='lat' dir='ltr'><strong>neque</strong></span> <span class='ocrx_word' id='word_1_60' title='bbox 766 478 794 506; x_wconf 94' lang='lat' dir='ltr'><strong>in</strong></span> <span class='ocrx_word' id='word_1_61' title='bbox 814 483 892 513; x_wconf 82' lang='lat' dir='ltr'><strong>petra</strong></span> <span class='ocrx_word' id='word_1_62' title='bbox 905 484 998 505; x_wconf 86' lang='lat' dir='ltr'><strong>semen</strong></span> 
     </span>
    </p>
   </div>
   <div class='ocr_carea' id='block_1_12' title="bbox 208 525 1000 564">
    <p class='ocr_par' dir='ltr' id='par_1_12' title="bbox 208 525 1000 564">
     <span class='ocr_line' id='line_1_12' title="bbox 208 525 1000 564; baseline -0.008 -8"><span class='ocrx_word' id='word_1_63' title='bbox 208 533 320 564; x_wconf 79' lang='lat' dir='ltr'><strong>spargat</strong></span> <span class='ocrx_word' id='word_1_64' title='bbox 333 537 340 555; x_wconf 88' lang='lat'><strong>:</strong></span> <span class='ocrx_word' id='word_1_65' title='bbox 364 527 460 555; x_wconf 92' lang='lat' dir='ltr'><strong>eodem</strong></span> <span class='ocrx_word' id='word_1_66' title='bbox 476 526 560 554; x_wconf 93' lang='lat' dir='ltr'><strong>modo</strong></span> <span class='ocrx_word' id='word_1_67' title='bbox 571 531 599 554; x_wconf 92' lang='lat' dir='ltr'><strong>et</strong></span> <span class='ocrx_word' id='word_1_68' title='bbox 613 525 766 562; x_wconf 86' lang='lat' dir='ltr'><strong>spiritualis</strong></span> <span class='ocrx_word' id='word_1_69' title='bbox 783 525 905 561; x_wconf 73' lang='lat' dir='ltr'><strong>agricola</strong></span> <span class='ocrx_word' id='word_1_70' title='bbox 918 531 948 551; x_wconf 89' lang='lat' dir='ltr'><strong>se</strong></span> <span class='ocrx_word' id='word_1_71' title='bbox 961 528 1000 551; x_wconf 82' lang='lat' dir='ltr'><strong>to-</strong></span> 
     </span>
    </p>
   </div>
   <div class='ocr_carea' id='block_1_13' title="bbox 207 571 996 608">
    <p class='ocr_par' dir='ltr' id='par_1_13' title="bbox 207 571 996 608">
     <span class='ocr_line' id='line_1_13' title="bbox 207 571 996 608; baseline -0.008 -6"><span class='ocrx_word' id='word_1_72' title='bbox 207 579 266 602; x_wconf 90' lang='lat' dir='ltr'><strong>tum</strong></span> <span class='ocrx_word' id='word_1_73' title='bbox 280 574 366 602; x_wconf 88' lang='lat' dir='ltr'><strong>labori</strong></span> <span class='ocrx_word' id='word_1_74' title='bbox 379 577 407 601; x_wconf 89' lang='lat' dir='ltr'><strong>et</strong></span> <span class='ocrx_word' id='word_1_75' title='bbox 428 572 604 608; x_wconf 61' lang='lat' dir='ltr'><strong>agriculture</strong></span> <span class='ocrx_word' id='word_1_76' title='bbox 617 571 777 606; x_wconf 87' lang='lat' dir='ltr'><strong>impendere</strong></span> <span class='ocrx_word' id='word_1_77' title='bbox 804 574 925 602; x_wconf 80' lang='lat' dir='ltr'><strong>tenetur,</strong></span> <span class='ocrx_word' id='word_1_78' title='bbox 945 576 996 596; x_wconf 91' lang='lat' dir='ltr'><strong>nec</strong></span> 
     </span>
    </p>
   </div>
   <div class='ocr_carea' id='block_1_14' title="bbox 209 613 999 652">
    <p class='ocr_par' dir='ltr' id='par_1_14' title="bbox 209 613 999 652">
     <span class='ocr_line' id='line_1_14' title="bbox 209 613 999 652; baseline -0.009 -5"><span class='ocrx_word' id='word_1_79' title='bbox 209 620 237 647; x_wconf 87' lang='lat' dir='ltr'><strong>in</strong></span> <span class='ocrx_word' id='word_1_80' title='bbox 254 619 323 647; x_wconf 85' lang='lat' dir='ltr'><strong>alias</strong></span> <span class='ocrx_word' id='word_1_81' title='bbox 341 626 424 646; x_wconf 91' lang='lat' dir='ltr'><strong>curas</strong></span> <span class='ocrx_word' id='word_1_82' title='bbox 442 622 469 646; x_wconf 90' lang='lat' dir='ltr'><strong>et</strong></span> <span class='ocrx_word' id='word_1_83' title='bbox 490 616 671 652; x_wconf 77' lang='lat' dir='ltr'><strong>cogitationes</strong></span> <span class='ocrx_word' id='word_1_84' title='bbox 692 623 722 643; x_wconf 90' lang='lat' dir='ltr'><strong>se</strong></span> <span class='ocrx_word' id='word_1_85' title='bbox 733 614 872 643; x_wconf 79' lang='lat' dir='ltr'><strong>dividere:</strong></span> <span class='ocrx_word' id='word_1_86' title='bbox 891 622 925 641; x_wconf 90' lang='lat' dir='ltr'><strong>ne</strong></span> <span class='ocrx_word' id='word_1_87' title='bbox 937 613 999 649; x_wconf 90' lang='lat' dir='ltr'><strong>qui-</strong></span> 
     </span>
    </p>
   </div>
   <div class='ocr_carea' id='block_1_15' title="bbox 209 659 998 699">
    <p class='ocr_par' dir='ltr' id='par_1_15' title="bbox 209 659 998 699">
     <span class='ocr_line' id='line_1_15' title="bbox 209 659 998 699; baseline -0.005 -6"><span class='ocrx_word' id='word_1_88' title='bbox 209 667 272 694; x_wconf 86' lang='lat' dir='ltr'><strong>dem</strong></span> <span class='ocrx_word' id='word_1_89' title='bbox 301 665 325 692; x_wconf 97' lang='lat' dir='ltr'><strong>si</strong></span> <span class='ocrx_word' id='word_1_90' title='bbox 340 670 428 692; x_wconf 86' lang='lat' dir='ltr'><strong>mater</strong></span> <span class='ocrx_word' id='word_1_91' title='bbox 449 668 498 692; x_wconf 87' lang='lat' dir='ltr'><strong>aut</strong></span> <span class='ocrx_word' id='word_1_92' title='bbox 523 663 739 699; x_wconf 82' lang='lat' dir='ltr'><strong>propinquorum</strong></span> <span class='ocrx_word' id='word_1_93' title='bbox 767 661 867 695; x_wconf 86' lang='lat' dir='ltr'><strong>aliquis</strong></span> <span class='ocrx_word' id='word_1_94' title='bbox 885 661 930 692; x_wconf 87' lang='lat' dir='ltr'><strong>sit,</strong></span> <span class='ocrx_word' id='word_1_95' title='bbox 950 659 998 694; x_wconf 91' lang='lat' dir='ltr'><strong>qui</strong></span> 
     </span>
    </p>
   </div>
   <div class='ocr_carea' id='block_1_16' title="bbox 209 706 1000 747">
    <p class='ocr_par' dir='ltr' id='par_1_16' title="bbox 209 706 1000 747">
     <span class='ocr_line' id='line_1_16' title="bbox 209 706 1000 747; baseline -0.009 -7"><span class='ocrx_word' id='word_1_96' title='bbox 209 712 273 740; x_wconf 82' lang='lat' dir='ltr'><strong>inde</strong></span> <span class='ocrx_word' id='word_1_97' title='bbox 288 711 376 747; x_wconf 88' lang='lat' dir='ltr'><strong>ipsum</strong></span> <span class='ocrx_word' id='word_1_98' title='bbox 388 717 504 738; x_wconf 85' lang='lat' dir='ltr'><strong>avocare</strong></span> <span class='ocrx_word' id='word_1_99' title='bbox 516 714 564 737; x_wconf 85' lang='lat' dir='ltr'><strong>aut</strong></span> <span class='ocrx_word' id='word_1_100' title='bbox 577 709 713 736; x_wconf 89' lang='lat' dir='ltr'><strong>abducere</strong></span> <span class='ocrx_word' id='word_1_101' title='bbox 727 707 804 736; x_wconf 81' lang='lat' dir='ltr'><strong>velit.</strong></span> <span class='ocrx_word' id='word_1_102' title='bbox 823 706 880 734; x_wconf 86' lang='lat' dir='ltr'><strong>Nec</strong></span> <span class='ocrx_word' id='word_1_103' title='bbox 900 712 942 734; x_wconf 87' lang='lat' dir='ltr'><strong>est</strong></span> <span class='ocrx_word' id='word_1_104' title='bbox 955 706 1000 733; x_wconf 88' lang='lat' dir='ltr'><strong>hic</strong></span> 
     </span>
    </p>
   </div>
   <div class='ocr_carea' id='block_1_17' title="bbox 210 751 1001 790">
    <p class='ocr_par' dir='ltr' id='par_1_17' title="bbox 210 751 1001 790">
     <span class='ocr_line' id='line_1_17' title="bbox 210 751 1001 790; baseline -0.009 -6"><span class='ocrx_word' id='word_1_105' title='bbox 210 761 352 784; x_wconf 89' lang='lat' dir='ltr'><strong>maternus</strong></span> <span class='ocrx_word' id='word_1_106' title='bbox 364 755 464 790; x_wconf 84' lang='lat' dir='ltr'><strong>aliquis</strong></span> <span class='ocrx_word' id='word_1_107' title='bbox 477 757 663 788; x_wconf 83' lang='lat' dir='ltr'><strong>contemptus.</strong></span> <span class='ocrx_word' id='word_1_108' title='bbox 688 752 736 780; x_wconf 87' lang='lat' dir='ltr'><strong>sed</strong></span> <span class='ocrx_word' id='word_1_109' title='bbox 762 759 870 779; x_wconf 90' lang='lat' dir='ltr'><strong>summa</strong></span> <span class='ocrx_word' id='word_1_110' title='bbox 887 751 1001 786; x_wconf 85' lang='lat' dir='ltr'><strong>provida</strong></span> 
     </span>
    </p>
   </div>
   <div class='ocr_carea' id='block_1_18' title="bbox 211 797 1002 832">
    <p class='ocr_par' dir='ltr' id='par_1_18' title="bbox 211 797 1002 832">
     <span class='ocr_line' id='line_1_18' title="bbox 211 797 1002 832; baseline -0.01 -1"><span class='ocrx_word' id='word_1_111' title='bbox 211 810 278 832; x_wconf 84' lang='lat' dir='ltr'><strong>cura</strong></span> <span class='ocrx_word' id='word_1_112' title='bbox 288 806 315 830; x_wconf 92' lang='lat' dir='ltr'><strong>et</strong></span> <span class='ocrx_word' id='word_1_113' title='bbox 329 800 487 831; x_wconf 89' lang='lat' dir='ltr'><strong>sollicitudo</strong></span> <span class='ocrx_word' id='word_1_114' title='bbox 503 800 537 828; x_wconf 91' lang='lat' dir='ltr'><strong>de</strong></span> <span class='ocrx_word' id='word_1_115' title='bbox 552 799 640 827; x_wconf 88' lang='lat' dir='ltr'><strong>salute</strong></span> <span class='ocrx_word' id='word_1_116' title='bbox 655 799 852 827; x_wconf 84' lang='lat' dir='ltr'><strong>salvandorum</strong></span> <span class='ocrx_word' id='word_1_117' title='bbox 867 807 873 824; x_wconf 94' lang='lat'>:</span> <span class='ocrx_word' id='word_1_118' title='bbox 889 797 936 826; x_wconf 90' lang='lat' dir='ltr'><strong>sed</strong></span> <span class='ocrx_word' id='word_1_119' title='bbox 952 805 1002 824; x_wconf 90' lang='lat' dir='ltr'><strong>nec</strong></span> 
     </span>
    </p>
   </div>
   <div class='ocr_carea' id='block_1_19' title="bbox 212 843 1001 884">
    <p class='ocr_par' dir='ltr' id='par_1_19' title="bbox 212 843 1001 884">
     <span class='ocr_line' id='line_1_19' title="bbox 212 843 1001 884; baseline -0.01 -7"><span class='ocrx_word' id='word_1_120' title='bbox 212 855 320 884; x_wconf 85' lang='lat' dir='ltr'><strong>tempus</strong></span> <span class='ocrx_word' id='word_1_121' title='bbox 338 847 461 874; x_wconf 87' lang='lat' dir='ltr'><strong>docendo</strong></span> <span class='ocrx_word' id='word_1_122' title='bbox 475 846 645 881; x_wconf 86' lang='lat' dir='ltr'><strong>assignatum</strong></span> <span class='ocrx_word' id='word_1_123' title='bbox 659 845 686 872; x_wconf 88' lang='lat' dir='ltr'><strong>in</strong></span> <span class='ocrx_word' id='word_1_124' title='bbox 708 843 872 879; x_wconf 83' lang='lat' dir='ltr'><strong>obsequium</strong></span> <span class='ocrx_word' id='word_1_125' title='bbox 888 843 1001 878; x_wconf 84' lang='lat' dir='ltr'><strong>propin-</strong></span> 
     </span>
    </p>
   </div>
   <div class='ocr_carea' id='block_1_20' title="bbox 1046 244 1820 284">
    <p class='ocr_par' dir='ltr' id='par_1_20' title="bbox 1046 244 1820 284">
     <span class='ocr_line' id='line_1_20' title="bbox 1046 244 1820 284; baseline 0.008 -13"><span class='ocrx_word' id='word_1_126' title='bbox 1046 244 1107 271; x_wconf 77' lang='grc' dir='ltr'>οὐδὲ</span> <span class='ocrx_word' id='word_1_127' title='bbox 1138 245 1297 273; x_wconf 86' lang='grc' dir='ltr'>καταλιπὼν</span> <span class='ocrx_word' id='word_1_128' title='bbox 1322 247 1372 281; x_wconf 81' lang='grc' dir='ltr'>τὴν</span> <span class='ocrx_word' id='word_1_129' title='bbox 1405 246 1595 280; x_wconf 75' lang='grc' dir='ltr'><strong>διδασκαλίαν,</strong></span> <span class='ocrx_word' id='word_1_130' title='bbox 1630 249 1676 275; x_wconf 72' lang='grc' dir='ltr'>καὶ</span> <span class='ocrx_word' id='word_1_131' title='bbox 1701 249 1748 284; x_wconf 79' lang='grc' dir='ltr'>τὴν</span> <span class='ocrx_word' id='word_1_132' title='bbox 1776 252 1820 280; x_wconf 76' lang='grc' dir='ltr'>τῶν</span> 
     </span>
    </p>
   </div>
   <div class='ocr_carea' id='block_1_21' title="bbox 1046 291 1820 330">
    <p class='ocr_par' dir='ltr' id='par_1_21' title="bbox 1046 291 1820 330">
     <span class='ocr_line' id='line_1_21' title="bbox 1046 291 1820 330; baseline 0.006 -12"><span class='ocrx_word' id='word_1_133' title='bbox 1046 291 1190 327; x_wconf 80' lang='grc' dir='ltr'><strong>ἀκροατῶν</strong></span> <span class='ocrx_word' id='word_1_134' title='bbox 1213 291 1349 328; x_wconf 87' lang='grc' dir='ltr'>ὑπεριδὼν</span> <span class='ocrx_word' id='word_1_135' title='bbox 1371 293 1509 329; x_wconf 76' lang='grc' dir='ltr'><strong>σωτηρίαν</strong></span> <span class='ocrx_word' id='word_1_136' title='bbox 1521 315 1530 326; x_wconf 86' lang='grc'><strong>,</strong></span> <span class='ocrx_word' id='word_1_137' title='bbox 1541 294 1592 329; x_wconf 80' lang='grc' dir='ltr'>τὴν</span> <span class='ocrx_word' id='word_1_138' title='bbox 1606 296 1738 330; x_wconf 81' lang='grc' dir='ltr'>μητρικὴν</span> <span class='ocrx_word' id='word_1_139' title='bbox 1756 298 1820 323; x_wconf 81' lang='grc' dir='ltr'>ὲντν-</span> 
     </span>
    </p>
   </div>
   <div class='ocr_carea' id='block_1_22' title="bbox 1047 337 1820 376">
    <p class='ocr_par' dir='ltr' id='par_1_22' title="bbox 1047 337 1820 376">
     <span class='ocr_line' id='line_1_22' title="bbox 1047 337 1820 376; baseline 0.008 -13"><span class='ocrx_word' id='word_1_140' title='bbox 1047 337 1109 374; x_wconf 84' lang='grc' dir='ltr'>χίαν</span> <span class='ocrx_word' id='word_1_141' title='bbox 1122 337 1310 374; x_wconf 80' lang='grc' dir='ltr'>προὺτίμησεν</span> <span class='ocrx_word' id='word_1_142' title='bbox 1326 346 1333 353; x_wconf 91' lang='grc'><strong>·</strong></span> <span class='ocrx_word' id='word_1_143' title='bbox 1348 338 1421 374; x_wconf 82' lang='grc' dir='ltr'><strong>ἔργῳ</strong></span> <span class='ocrx_word' id='word_1_144' title='bbox 1437 339 1584 372; x_wconf 79' lang='grc' dir='ltr'><strong>παιδεύων,</strong></span> <span class='ocrx_word' id='word_1_145' title='bbox 1598 340 1635 372; x_wconf 85' lang='grc' dir='ltr'>ὼς</span> <span class='ocrx_word' id='word_1_146' title='bbox 1651 342 1734 368; x_wconf 64' lang='grc' dir='ltr'>ἐπειιῖ</span> <span class='ocrx_word' id='word_1_147' title='bbox 1749 343 1777 372; x_wconf 83' lang='grc' dir='ltr'>ἄν</span> <span class='ocrx_word' id='word_1_148' title='bbox 1787 352 1820 376; x_wconf 83' lang='grc' dir='ltr'><strong>τις</strong></span> 
     </span>
    </p>
   </div>
   <div class='ocr_carea' id='block_1_23' title="bbox 1047 383 1821 424">
    <p class='ocr_par' dir='ltr' id='par_1_23' title="bbox 1047 383 1821 424">
     <span class='ocr_line' id='line_1_23' title="bbox 1047 383 1821 424; baseline 0.01 -15"><span class='ocrx_word' id='word_1_149' title='bbox 1047 385 1158 420; x_wconf 82' lang='grc' dir='ltr'><strong>γεωργῇ</strong></span> <span class='ocrx_word' id='word_1_150' title='bbox 1189 383 1312 420; x_wconf 76' lang='grc' dir='ltr'>ψυχικὴν</span> <span class='ocrx_word' id='word_1_151' title='bbox 1346 385 1504 421; x_wconf 77' lang='grc' dir='ltr'><strong>σωτηρίαν,</strong></span> <span class='ocrx_word' id='word_1_152' title='bbox 1531 386 1629 422; x_wconf 82' lang='grc' dir='ltr'>ὥσπερ</span> <span class='ocrx_word' id='word_1_153' title='bbox 1657 388 1672 414; x_wconf 76' lang='grc' dir='ltr'>ὁ</span> <span class='ocrx_word' id='word_1_154' title='bbox 1700 389 1821 424; x_wconf 78' lang='grc' dir='ltr'>γεωργού-</span> 
     </span>
    </p>
   </div>
   <div class='ocr_carea' id='block_1_24' title="bbox 1049 431 1822 471">
    <p class='ocr_par' dir='ltr' id='par_1_24' title="bbox 1049 431 1822 471">
     <span class='ocr_line' id='line_1_24' title="bbox 1049 431 1822 471; baseline 0.006 -14"><span class='ocrx_word' id='word_1_155' title='bbox 1049 439 1130 465; x_wconf 82' lang='grc' dir='ltr'><strong>μενος</strong></span> <span class='ocrx_word' id='word_1_156' title='bbox 1161 431 1235 466; x_wconf 87' lang='grc' dir='ltr'>μόνῳ</span> <span class='ocrx_word' id='word_1_157' title='bbox 1253 431 1396 467; x_wconf 73' lang='grc' dir='ltr'><strong>προσέχειν</strong></span> <span class='ocrx_word' id='word_1_158' title='bbox 1418 432 1522 467; x_wconf 77' lang='grc' dir='ltr'><strong>ὀφείλει</strong></span> <span class='ocrx_word' id='word_1_159' title='bbox 1540 433 1579 469; x_wconf 85' lang='grc' dir='ltr'>τῷ</span> <span class='ocrx_word' id='word_1_160' title='bbox 1597 435 1721 469; x_wconf 82' lang='grc' dir='ltr'>γεωργῷ,</span> <span class='ocrx_word' id='word_1_161' title='bbox 1737 435 1767 464; x_wconf 77' lang='grc' dir='ltr'>ἂν</span> <span class='ocrx_word' id='word_1_162' title='bbox 1793 436 1822 471; x_wconf 87' lang='grc' dir='ltr'>μὴ</span> 
     </span>
    </p>
   </div>
   <div class='ocr_carea' id='block_1_25' title="bbox 1048 476 1822 516">
    <p class='ocr_par' dir='ltr' id='par_1_25' title="bbox 1048 476 1822 516">
     <span class='ocr_line' id='line_1_25' title="bbox 1048 476 1822 516; baseline 0.006 -13"><span class='ocrx_word' id='word_1_163' title='bbox 1048 476 1104 511; x_wconf 81' lang='grc' dir='ltr'>ἄρα</span> <span class='ocrx_word' id='word_1_164' title='bbox 1130 477 1206 512; x_wconf 84' lang='grc' dir='ltr'><strong>παρά</strong></span> <span class='ocrx_word' id='word_1_165' title='bbox 1231 477 1281 512; x_wconf 84' lang='grc' dir='ltr'>τὴν</span> <span class='ocrx_word' id='word_1_166' title='bbox 1310 477 1380 510; x_wconf 75' lang='grc' dir='ltr'>ὁδον,</span> <span class='ocrx_word' id='word_1_167' title='bbox 1396 478 1413 513; x_wconf 78' lang='grc' dir='ltr'><strong>ἢ</strong></span> <span class='ocrx_word' id='word_1_168' title='bbox 1440 478 1484 505; x_wconf 72' lang='grc' dir='ltr'><strong>ἐπ’</strong></span> <span class='ocrx_word' id='word_1_169' title='bbox 1516 479 1660 513; x_wconf 79' lang='grc' dir='ltr'>ἀκάνθαις,</span> <span class='ocrx_word' id='word_1_170' title='bbox 1684 480 1702 515; x_wconf 77' lang='grc' dir='ltr'><strong>ἢ</strong></span> <span class='ocrx_word' id='word_1_171' title='bbox 1725 481 1822 516; x_wconf 72' lang='grc' dir='ltr'>πέτραις</span> 
     </span>
    </p>
   </div>
   <div class='ocr_carea' id='block_1_26' title="bbox 1049 523 1823 562">
    <p class='ocr_par' dir='ltr' id='par_1_26' title="bbox 1049 523 1823 562">
     <span class='ocr_line' id='line_1_26' title="bbox 1049 523 1823 562; baseline 0.005 -12"><span class='ocrx_word' id='word_1_172' title='bbox 1049 523 1228 560; x_wconf 72' lang='grc' dir='ltr'>ὑποδέχεσθαι</span> <span class='ocrx_word' id='word_1_173' title='bbox 1245 524 1340 559; x_wconf 83' lang='grc' dir='ltr'><strong>μέλλοι</strong></span> <span class='ocrx_word' id='word_1_174' title='bbox 1353 525 1402 559; x_wconf 81' lang='grc' dir='ltr'>τὴν</span> <span class='ocrx_word' id='word_1_175' title='bbox 1419 526 1608 562; x_wconf 77' lang='grc' dir='ltr'>κατασποράνο</span> <span class='ocrx_word' id='word_1_176' title='bbox 1624 526 1696 553; x_wconf 78' lang='grc' dir='ltr'>οὕτω</span> <span class='ocrx_word' id='word_1_177' title='bbox 1711 527 1751 562; x_wconf 83' lang='grc' dir='ltr'><strong>δὴ.</strong></span> <span class='ocrx_word' id='word_1_178' title='bbox 1765 528 1823 555; x_wconf 79' lang='grc' dir='ltr'>οὕτω</span> 
     </span>
    </p>
   </div>
   <div class='ocr_carea' id='block_1_27' title="bbox 1049 568 1822 606">
    <p class='ocr_par' dir='ltr' id='par_1_27' title="bbox 1049 568 1822 606">
     <span class='ocr_line' id='line_1_27' title="bbox 1049 568 1822 606; baseline 0.005 -11"><span class='ocrx_word' id='word_1_179' title='bbox 1049 568 1097 595; x_wconf 83' lang='grc' dir='ltr'>καὶ</span> <span class='ocrx_word' id='word_1_180' title='bbox 1115 569 1129 596; x_wconf 85' lang='grc' dir='ltr'><strong>ὁ</strong></span> <span class='ocrx_word' id='word_1_181' title='bbox 1148 568 1346 605; x_wconf 79' lang='grc' dir='ltr'>[πνευματικὸς</span> <span class='ocrx_word' id='word_1_182' title='bbox 1360 569 1387 606; x_wconf 65' lang='grc' dir='ltr'><strong>ει]</strong></span> <span class='ocrx_word' id='word_1_183' title='bbox 1404 571 1528 606; x_wconf 77' lang='grc' dir='ltr'>γεωργὸς</span> <span class='ocrx_word' id='word_1_184' title='bbox 1544 591 1552 605; x_wconf 93' lang='grc'><strong>,</strong></span> <span class='ocrx_word' id='word_1_185' title='bbox 1567 571 1628 599; x_wconf 77' lang='grc' dir='ltr'>ὅλον</span> <span class='ocrx_word' id='word_1_186' title='bbox 1643 572 1737 599; x_wconf 75' lang='grc' dir='ltr'>ἑαυτὸν</span> <span class='ocrx_word' id='word_1_187' title='bbox 1750 573 1822 600; x_wconf 70' lang='grc' dir='ltr'>ἐπιδι-</span> 
     </span>
    </p>
   </div>
   <div class='ocr_carea' id='block_1_28' title="bbox 1049 614 1823 655">
    <p class='ocr_par' dir='ltr' id='par_1_28' title="bbox 1049 614 1823 655">
     <span class='ocr_line' id='line_1_28' title="bbox 1049 614 1823 655; baseline 0.006 -14"><span class='ocrx_word' id='word_1_188' title='bbox 1049 614 1125 642; x_wconf 87' lang='grc' dir='ltr'>δόναι</span> <span class='ocrx_word' id='word_1_189' title='bbox 1139 614 1178 650; x_wconf 84' lang='grc' dir='ltr'>τῷ</span> <span class='ocrx_word' id='word_1_190' title='bbox 1195 615 1269 651; x_wconf 83' lang='grc' dir='ltr'>πόνῳ</span> <span class='ocrx_word' id='word_1_191' title='bbox 1286 616 1335 644; x_wconf 75' lang='grc' dir='ltr'>καὶ</span> <span class='ocrx_word' id='word_1_192' title='bbox 1353 618 1388 652; x_wconf 78' lang='grc' dir='ltr'>τῇ</span> <span class='ocrx_word' id='word_1_193' title='bbox 1418 617 1542 653; x_wconf 78' lang='grc' dir='ltr'><strong>γεωργίᾳ</strong></span> <span class='ocrx_word' id='word_1_194' title='bbox 1570 620 1720 654; x_wconf 83' lang='grc' dir='ltr'>χρεωστεῖ,</span> <span class='ocrx_word' id='word_1_195' title='bbox 1734 620 1777 646; x_wconf 81' lang='grc' dir='ltr'>καὶ</span> <span class='ocrx_word' id='word_1_196' title='bbox 1793 619 1823 655; x_wconf 77' lang='grc' dir='ltr'>μὴ</span> 
     </span>
    </p>
   </div>
   <div class='ocr_carea' id='block_1_29' title="bbox 1054 660 1823 702">
    <p class='ocr_par' dir='ltr' id='par_1_29' title="bbox 1054 660 1823 702">
     <span class='ocr_line' id='line_1_29' title="bbox 1054 660 1823 702; baseline 0.007 -15"><span class='ocrx_word' id='word_1_197' title='bbox 1054 661 1124 696; x_wconf 81' lang='grc' dir='ltr'>πρὸς</span> <span class='ocrx_word' id='word_1_198' title='bbox 1143 660 1249 696; x_wconf 81' lang='grc' dir='ltr'>πέτρας</span> <span class='ocrx_word' id='word_1_199' title='bbox 1260 667 1270 680; x_wconf 70' lang='grc' dir='ltr'><em>ι</em></span> <span class='ocrx_word' id='word_1_200' title='bbox 1287 662 1519 699; x_wconf 76' lang='grc' dir='ltr'>καταμερίζεσθαι</span> <span class='ocrx_word' id='word_1_201' title='bbox 1533 664 1583 697; x_wconf 77' lang='grc' dir='ltr'><strong>τὰς</strong></span> <span class='ocrx_word' id='word_1_202' title='bbox 1598 665 1740 700; x_wconf 76' lang='grc' dir='ltr'>φροντίδας</span> <span class='ocrx_word' id='word_1_203' title='bbox 1754 675 1760 682; x_wconf 90' lang='grc'><strong>·</strong></span> <span class='ocrx_word' id='word_1_204' title='bbox 1774 666 1823 702; x_wconf 72' lang='grc' dir='ltr'>μηδ’</span> 
     </span>
    </p>
   </div>
   <div class='ocr_carea' id='block_1_30' title="bbox 1052 707 1825 747">
    <p class='ocr_par' dir='ltr' id='par_1_30' title="bbox 1052 707 1825 747">
     <span class='ocr_line' id='line_1_30' title="bbox 1052 707 1825 747; baseline 0.004 -12"><span class='ocrx_word' id='word_1_205' title='bbox 1052 707 1086 735; x_wconf 80' lang='grc' dir='ltr'>ἂν</span> <span class='ocrx_word' id='word_1_206' title='bbox 1111 709 1214 744; x_wconf 79' lang='grc' dir='ltr'>μήτηρ,</span> <span class='ocrx_word' id='word_1_207' title='bbox 1235 709 1253 744; x_wconf 79' lang='grc' dir='ltr'>ἦ</span> <span class='ocrx_word' id='word_1_208' title='bbox 1275 718 1318 741; x_wconf 88' lang='grc' dir='ltr'><strong>τις</strong></span> <span class='ocrx_word' id='word_1_209' title='bbox 1338 707 1445 747; x_wconf 75' lang='grc' dir='ltr'>ἄλλοςῇ</span> <span class='ocrx_word' id='word_1_210' title='bbox 1466 710 1523 737; x_wconf 86' lang='grc' dir='ltr'>τῶν</span> <span class='ocrx_word' id='word_1_211' title='bbox 1545 711 1691 745; x_wconf 77' lang='grc' dir='ltr'><strong>ἐγγυτάτω</strong></span> <span class='ocrx_word' id='word_1_212' title='bbox 1712 712 1796 746; x_wconf 78' lang='grc' dir='ltr'>γένους</span> <span class='ocrx_word' id='word_1_213' title='bbox 1814 713 1825 738; x_wconf 78' lang='grc' dir='ltr'><strong><em>ὁ</em></strong></span> 
     </span>
    </p>
   </div>
   <div class='ocr_carea' id='block_1_31' title="bbox 1052 755 1821 792">
    <p class='ocr_par' dir='ltr' id='par_1_31' title="bbox 1052 755 1821 792">
     <span class='ocr_line' id='line_1_31' title="bbox 1052 755 1821 792; baseline 0.005 -11"><span class='ocrx_word' id='word_1_214' title='bbox 1052 755 1121 791; x_wconf 75' lang='grc' dir='ltr'>πρὸς</span> <span class='ocrx_word' id='word_1_215' title='bbox 1135 755 1233 783; x_wconf 81' lang='grc' dir='ltr'>ἑαυτὸν</span> <span class='ocrx_word' id='word_1_216' title='bbox 1248 755 1353 784; x_wconf 82' lang='grc' dir='ltr'>ἐκεῖθεν</span> <span class='ocrx_word' id='word_1_217' title='bbox 1366 756 1607 792; x_wconf 81' lang='grc' dir='ltr'><strong>μετακαλούμενος</strong></span> <span class='ocrx_word' id='word_1_218' title='bbox 1620 759 1669 785; x_wconf 81' lang='grc' dir='ltr'>καὶ</span> <span class='ocrx_word' id='word_1_219' title='bbox 1689 758 1821 792; x_wconf 77' lang='grc' dir='ltr'>μεθέλχων.</span> 
     </span>
    </p>
   </div>
   <div class='ocr_carea' id='block_1_32' title="bbox 1052 800 1825 838">
    <p class='ocr_par' dir='ltr' id='par_1_32' title="bbox 1052 800 1825 838">
     <span class='ocr_line' id='line_1_32' title="bbox 1052 800 1825 838; baseline -0.001 -9"><span class='ocrx_word' id='word_1_220' title='bbox 1052 800 1139 829; x_wconf 81' lang='grc' dir='ltr'>Τοῦτο</span> <span class='ocrx_word' id='word_1_221' title='bbox 1164 800 1193 829; x_wconf 75' lang='grc' dir='ltr'>δὲ</span> <span class='ocrx_word' id='word_1_222' title='bbox 1222 801 1273 830; x_wconf 80' lang='grc' dir='ltr'>οὐκ</span> <span class='ocrx_word' id='word_1_223' title='bbox 1295 801 1353 829; x_wconf 77' lang='grc' dir='ltr'>ἔστι</span> <span class='ocrx_word' id='word_1_224' title='bbox 1374 801 1528 838; x_wconf 75' lang='grc' dir='ltr'>παρόρασις</span> <span class='ocrx_word' id='word_1_225' title='bbox 1550 803 1665 838; x_wconf 79' lang='grc' dir='ltr'>μητρὸς,</span> <span class='ocrx_word' id='word_1_226' title='bbox 1682 803 1746 830; x_wconf 81' lang='grc' dir='ltr'>ἀλλὰ</span> <span class='ocrx_word' id='word_1_227' title='bbox 1756 803 1825 837; x_wconf 75' lang='grc' dir='ltr'>πολλὴ</span> 
     </span>
    </p>
   </div>
   <div class='ocr_carea' id='block_1_33' title="bbox 1053 846 1826 885">
    <p class='ocr_par' dir='ltr' id='par_1_33' title="bbox 1053 846 1826 885">
     <span class='ocr_line' id='line_1_33' title="bbox 1053 846 1826 885; baseline 0.001 -12"><span class='ocrx_word' id='word_1_228' title='bbox 1053 847 1168 884; x_wconf 75' lang='grc' dir='ltr'>πρθνοια</span> <span class='ocrx_word' id='word_1_229' title='bbox 1178 847 1227 874; x_wconf 75' lang='grc' dir='ltr'>καὶ</span> <span class='ocrx_word' id='word_1_230' title='bbox 1242 846 1343 882; x_wconf 86' lang='grc' dir='ltr'>σπουδὴ</span> <span class='ocrx_word' id='word_1_231' title='bbox 1356 847 1410 875; x_wconf 85' lang='grc' dir='ltr'>τῶν</span> <span class='ocrx_word' id='word_1_232' title='bbox 1427 847 1591 882; x_wconf 76' lang='grc' dir='ltr'><strong>σωζομένων</strong></span> <span class='ocrx_word' id='word_1_233' title='bbox 1603 856 1611 864; x_wconf 88' lang='grc'><strong>·</strong></span> <span class='ocrx_word' id='word_1_234' title='bbox 1627 848 1688 876; x_wconf 77' lang='grc' dir='ltr'>οὐδὲ</span> <span class='ocrx_word' id='word_1_235' title='bbox 1701 848 1764 885; x_wconf 77' lang='grc' dir='ltr'>γὰρ,</span> <span class='ocrx_word' id='word_1_236' title='bbox 1776 848 1826 875; x_wconf 75' lang='grc' dir='ltr'>οὐδὲ</span> 
     </span>
    </p>
   </div>
   <div class='ocr_carea' id='block_1_34' title="bbox 212 889 952 930">
    <p class='ocr_par' dir='ltr' id='par_1_34' title="bbox 212 889 952 928">
     <span class='ocr_line' id='line_1_34' title="bbox 212 889 952 928; baseline -0.008 -7"><span class='ocrx_word' id='word_1_237' title='bbox 212 901 331 928; x_wconf 87' lang='lat' dir='ltr'><strong>quorum</strong></span> <span class='ocrx_word' id='word_1_238' title='bbox 344 892 464 927; x_wconf 88' lang='lat' dir='ltr'><strong>impendi</strong></span> <span class='ocrx_word' id='word_1_239' title='bbox 484 891 574 919; x_wconf 84' lang='lat' dir='ltr'><strong>debet.</strong></span> <span class='ocrx_word' id='word_1_240' title='bbox 590 891 684 925; x_wconf 84' lang='lat' dir='ltr'><strong>Itaque</strong></span> <span class='ocrx_word' id='word_1_241' title='bbox 699 890 850 924; x_wconf 84' lang='lat' dir='ltr'><strong>discipulos</strong></span> <span class='ocrx_word' id='word_1_242' title='bbox 869 889 921 916; x_wconf 86' lang='lat' dir='ltr'><strong>sibi</strong></span> <span class='ocrx_word' id='word_1_243' title='bbox 937 897 952 915; x_wconf 89' lang='grc' dir='ltr'><strong>ιι</strong></span> 
     </span>
    </p>
   </div>
   <div class='ocr_carea' id='block_1_35' title="bbox 1084 889 1824 930">
    <p class='ocr_par' dir='ltr' id='par_1_35' title="bbox 1084 893 1824 930">
     <span class='ocr_line' id='line_1_35' title="bbox 1084 893 1824 930; baseline -0.001 -9"><span class='ocrx_word' id='word_1_244' title='bbox 1084 902 1098 921; x_wconf 95' lang='grc' dir='ltr'><strong>ν</strong></span> <span class='ocrx_word' id='word_1_245' title='bbox 1110 894 1159 929; x_wconf 82' lang='grc' dir='ltr'>τῆς</span> <span class='ocrx_word' id='word_1_246' title='bbox 1170 893 1344 925; x_wconf 77' lang='grc' dir='ltr'><strong>διδασκαλίας</strong></span> <span class='ocrx_word' id='word_1_247' title='bbox 1352 893 1459 929; x_wconf 71' lang='grc' dir='ltr'>καιρὸν,</span> <span class='ocrx_word' id='word_1_248' title='bbox 1467 895 1506 926; x_wconf 81' lang='grc' dir='ltr'><strong>είς</strong></span> <span class='ocrx_word' id='word_1_249' title='bbox 1516 894 1565 930; x_wconf 82' lang='grc' dir='ltr'>τὴν</span> <span class='ocrx_word' id='word_1_250' title='bbox 1574 894 1629 922; x_wconf 85' lang='grc' dir='ltr'><strong>τῶν</strong></span> <span class='ocrx_word' id='word_1_251' title='bbox 1640 894 1773 929; x_wconf 79' lang='grc' dir='ltr'>συγγενῶν</span> <span class='ocrx_word' id='word_1_252' title='bbox 1782 894 1824 929; x_wconf 77' lang='grc' dir='ltr'>χρὴ</span> 
     </span>
    </p>
   </div>
   <div class='ocr_carea' id='block_1_36' title="bbox 214 934 1003 976">
    <p class='ocr_par' dir='ltr' id='par_1_36' title="bbox 214 934 1003 976">
     <span class='ocr_line' id='line_1_36' title="bbox 214 934 1003 976; baseline -0.008 -9"><span class='ocrx_word' id='word_1_253' title='bbox 214 941 256 976; x_wconf 72' lang='lat' dir='ltr'><strong>gis</strong></span> <span class='ocrx_word' id='word_1_254' title='bbox 276 939 438 974; x_wconf 71' lang='lat' dir='ltr'><strong>coniunctos</strong></span> <span class='ocrx_word' id='word_1_255' title='bbox 457 937 580 972; x_wconf 90' lang='lat' dir='ltr'><strong>cupiens,</strong></span> <span class='ocrx_word' id='word_1_256' title='bbox 597 936 723 963; x_wconf 70' lang='lat' dir='ltr'><strong>Salvator</strong></span> <span class='ocrx_word' id='word_1_257' title='bbox 736 936 784 967; x_wconf 84' lang='lat' dir='ltr'><strong>ait,</strong></span> <span class='ocrx_word' id='word_1_258' title='bbox 800 945 810 961; x_wconf 75' lang='grc' dir='ltr'><strong>ι</strong></span> <span class='ocrx_word' id='word_1_259' title='bbox 825 934 896 962; x_wconf 85' lang='lat' dir='ltr'><strong>Ecce</strong></span> <span class='ocrx_word' id='word_1_260' title='bbox 915 939 1003 961; x_wconf 90' lang='lat' dir='ltr'><strong>mater</strong></span> 
     </span>
    </p>
   </div>
   <div class='ocr_carea' id='block_1_37' title="bbox 215 979 1005 1017">
    <p class='ocr_par' dir='ltr' id='par_1_37' title="bbox 215 979 1005 1017">
     <span class='ocr_line' id='line_1_37' title="bbox 215 979 1005 1017; baseline -0.006 -6"><span class='ocrx_word' id='word_1_261' title='bbox 215 992 287 1017; x_wconf 83' lang='lat' dir='ltr'><strong>mea,</strong></span> <span class='ocrx_word' id='word_1_262' title='bbox 303 989 330 1011; x_wconf 91' lang='lat' dir='ltr'><strong>et</strong></span> <span class='ocrx_word' id='word_1_263' title='bbox 340 983 440 1011; x_wconf 82' lang='lat' dir='ltr'><strong>fratres</strong></span> <span class='ocrx_word' id='word_1_264' title='bbox 459 982 523 1014; x_wconf 83' lang='lat' dir='ltr'><strong>mei,</strong></span> <span class='ocrx_word' id='word_1_265' title='bbox 535 992 544 1007; x_wconf 77' lang='grc' dir='ltr'><strong>ι</strong></span> <span class='ocrx_word' id='word_1_266' title='bbox 564 982 591 1009; x_wconf 91' lang='lat' dir='ltr'><strong>id</strong></span> <span class='ocrx_word' id='word_1_267' title='bbox 608 987 659 1015; x_wconf 88' lang='lat' dir='ltr'><strong>est,</strong></span> <span class='ocrx_word' id='word_1_268' title='bbox 678 981 722 1008; x_wconf 86' lang='lat' dir='ltr'><strong>isti</strong></span> <span class='ocrx_word' id='word_1_269' title='bbox 738 980 826 1008; x_wconf 82' lang='lat' dir='ltr'><strong>Patris</strong></span> <span class='ocrx_word' id='word_1_270' title='bbox 838 980 892 1007; x_wconf 89' lang='lat' dir='ltr'><strong>mei</strong></span> <span class='ocrx_word' id='word_1_271' title='bbox 904 979 1005 1007; x_wconf 89' lang='lat' dir='ltr'><strong>doctri-</strong></span> 
     </span>
    </p>
   </div>
   <div class='ocr_carea' id='block_1_38' title="bbox 216 1025 1003 1060">
    <p class='ocr_par' dir='ltr' id='par_1_38' title="bbox 216 1025 1003 1060">
     <span class='ocr_line' id='line_1_38' title="bbox 216 1025 1003 1060; baseline -0.008 -2"><span class='ocrx_word' id='word_1_272' title='bbox 216 1038 279 1058; x_wconf 85' lang='lat' dir='ltr'><strong>nam</strong></span> <span class='ocrx_word' id='word_1_273' title='bbox 309 1034 339 1057; x_wconf 93' lang='lat' dir='ltr'><strong>ut</strong></span> <span class='ocrx_word' id='word_1_274' title='bbox 354 1036 447 1057; x_wconf 88' lang='lat' dir='ltr'><strong>semen</strong></span> <span class='ocrx_word' id='word_1_275' title='bbox 462 1029 490 1056; x_wconf 90' lang='lat' dir='ltr'><strong>in</strong></span> <span class='ocrx_word' id='word_1_276' title='bbox 509 1027 599 1055; x_wconf 86' lang='lat' dir='ltr'><strong>sinum</strong></span> <span class='ocrx_word' id='word_1_277' title='bbox 624 1027 779 1054; x_wconf 88' lang='lat' dir='ltr'><strong>animarum</strong></span> <span class='ocrx_word' id='word_1_278' title='bbox 811 1025 1003 1060; x_wconf 79' lang='lat' dir='ltr'><strong>suscipientes,</strong></span> 
     </span>
    </p>
   </div>
   <div class='ocr_carea' id='block_1_39' title="bbox 215 1073 1005 1107">
    <p class='ocr_par' dir='ltr' id='par_1_39' title="bbox 215 1073 1005 1107">
     <span class='ocr_line' id='line_1_39' title="bbox 215 1073 1005 1107; baseline -0.008 -2"><span class='ocrx_word' id='word_1_279' title='bbox 215 1077 276 1104; x_wconf 85' lang='lat' dir='ltr'><strong>loco</strong></span> <span class='ocrx_word' id='word_1_280' title='bbox 297 1076 393 1105; x_wconf 84' lang='lat' dir='ltr'><strong>matris</strong></span> <span class='ocrx_word' id='word_1_281' title='bbox 422 1082 489 1103; x_wconf 68' lang='lat' dir='ltr'><strong>meae</strong></span> <span class='ocrx_word' id='word_1_282' title='bbox 511 1079 538 1102; x_wconf 88' lang='lat' dir='ltr'><strong>et</strong></span> <span class='ocrx_word' id='word_1_283' title='bbox 559 1073 676 1101; x_wconf 73' lang='lat' dir='ltr'><strong>fratrum</strong></span> <span class='ocrx_word' id='word_1_284' title='bbox 698 1081 820 1100; x_wconf 89' lang='lat' dir='ltr'><strong>meorum</strong></span> <span class='ocrx_word' id='word_1_285' title='bbox 839 1073 906 1100; x_wconf 88' lang='lat' dir='ltr'><strong>mihi</strong></span> <span class='ocrx_word' id='word_1_286' title='bbox 924 1079 1005 1107; x_wconf 90' lang='lat' dir='ltr'><strong>repn-</strong></span> 
     </span>
    </p>
   </div>
   <div class='ocr_carea' id='block_1_40' title="bbox 215 1119 1006 1156">
    <p class='ocr_par' dir='ltr' id='par_1_40' title="bbox 215 1119 1006 1156">
     <span class='ocr_line' id='line_1_40' title="bbox 215 1119 1006 1156; baseline -0.006 -7"><span class='ocrx_word' id='word_1_287' title='bbox 215 1126 322 1150; x_wconf 84' lang='lat' dir='ltr'><strong>tantur.</strong></span> <span class='ocrx_word' id='word_1_288' title='bbox 337 1121 378 1148; x_wconf 90' lang='lat' dir='ltr'><strong>lta</strong></span> <span class='ocrx_word' id='word_1_289' title='bbox 398 1125 473 1156; x_wconf 89' lang='lat' dir='ltr'><strong>patet</strong></span> <span class='ocrx_word' id='word_1_290' title='bbox 497 1126 674 1155; x_wconf 83' lang='lat' dir='ltr'><strong>nequaquam</strong></span> <span class='ocrx_word' id='word_1_291' title='bbox 692 1119 745 1146; x_wconf 87' lang='lat' dir='ltr'><strong>hoc</strong></span> <span class='ocrx_word' id='word_1_292' title='bbox 764 1119 878 1150; x_wconf 83' lang='lat' dir='ltr'><strong>dictum,</strong></span> <span class='ocrx_word' id='word_1_293' title='bbox 892 1123 922 1145; x_wconf 91' lang='lat' dir='ltr'><strong>ut</strong></span> <span class='ocrx_word' id='word_1_294' title='bbox 947 1125 1006 1144; x_wconf 92' lang='lat' dir='ltr'><strong>ma-</strong></span> 
     </span>
    </p>
   </div>
   <div class='ocr_carea' id='block_1_41' title="bbox 216 1165 1007 1201">
    <p class='ocr_par' dir='ltr' id='par_1_41' title="bbox 216 1165 1007 1201">
     <span class='ocr_line' id='line_1_41' title="bbox 216 1165 1007 1201; baseline -0.008 -4"><span class='ocrx_word' id='word_1_295' title='bbox 216 1175 287 1197; x_wconf 84' lang='lat' dir='ltr'><strong>trem</strong></span> <span class='ocrx_word' id='word_1_296' title='bbox 301 1168 381 1196; x_wconf 83' lang='lat' dir='ltr'><strong>vilem</strong></span> <span class='ocrx_word' id='word_1_297' title='bbox 395 1168 509 1195; x_wconf 78' lang='lat' dir='ltr'><strong>haberet</strong></span> <span class='ocrx_word' id='word_1_298' title='bbox 522 1175 530 1200; x_wconf 90' lang='lat'><strong>;</strong></span> <span class='ocrx_word' id='word_1_299' title='bbox 545 1173 635 1201; x_wconf 86' lang='lat' dir='ltr'><strong>neque</strong></span> <span class='ocrx_word' id='word_1_300' title='bbox 651 1165 724 1193; x_wconf 92' lang='lat' dir='ltr'><strong>enim</strong></span> <span class='ocrx_word' id='word_1_301' title='bbox 739 1165 807 1193; x_wconf 73' lang='lat' dir='ltr'><strong>tales</strong></span> <span class='ocrx_word' id='word_1_302' title='bbox 819 1165 916 1200; x_wconf 81' lang='lat' dir='ltr'><strong>quales</strong></span> <span class='ocrx_word' id='word_1_303' title='bbox 927 1169 1007 1192; x_wconf 80' lang='lat' dir='ltr'><strong>erant</strong></span> 
     </span>
    </p>
   </div>
   <div class='ocr_carea' id='block_1_42' title="bbox 216 1211 1006 1250">
    <p class='ocr_par' dir='ltr' id='par_1_42' title="bbox 216 1211 1006 1250">
     <span class='ocr_line' id='line_1_42' title="bbox 216 1211 1006 1250; baseline -0.008 -7"><span class='ocrx_word' id='word_1_304' title='bbox 216 1215 355 1250; x_wconf 82' lang='lat' dir='ltr'><strong>discipuli.</strong></span> <span class='ocrx_word' id='word_1_305' title='bbox 388 1215 416 1242; x_wconf 90' lang='lat' dir='ltr'><strong>in</strong></span> <span class='ocrx_word' id='word_1_306' title='bbox 443 1219 545 1241; x_wconf 88' lang='lat' dir='ltr'><strong>sortem</strong></span> <span class='ocrx_word' id='word_1_307' title='bbox 572 1217 726 1240; x_wconf 83' lang='lat' dir='ltr'><strong>maternam</strong></span> <span class='ocrx_word' id='word_1_308' title='bbox 764 1211 927 1240; x_wconf 77' lang='lat' dir='ltr'><strong>extulisset:</strong></span> <span class='ocrx_word' id='word_1_309' title='bbox 959 1211 1006 1238; x_wconf 85' lang='lat' dir='ltr'><strong>sed</strong></span> 
     </span>
    </p>
   </div>
   <div class='ocr_carea' id='block_1_43' title="bbox 216 1259 1007 1296">
    <p class='ocr_par' dir='ltr' id='par_1_43' title="bbox 216 1259 1007 1296">
     <span class='ocr_line' id='line_1_43' title="bbox 216 1259 1007 1296; baseline -0.006 -7"><span class='ocrx_word' id='word_1_310' title='bbox 216 1261 304 1289; x_wconf 90' lang='lat' dir='ltr'><strong>multo</strong></span> <span class='ocrx_word' id='word_1_311' title='bbox 318 1260 405 1296; x_wconf 85' lang='lat' dir='ltr'><strong>magis</strong></span> <span class='ocrx_word' id='word_1_312' title='bbox 426 1265 457 1287; x_wconf 91' lang='lat' dir='ltr'><strong>ut</strong></span> <span class='ocrx_word' id='word_1_313' title='bbox 467 1267 528 1287; x_wconf 88' lang='lat' dir='ltr'><strong>eam</strong></span> <span class='ocrx_word' id='word_1_314' title='bbox 543 1259 722 1286; x_wconf 81' lang='lat' dir='ltr'><strong>veneratione</strong></span> <span class='ocrx_word' id='word_1_315' title='bbox 734 1263 762 1286; x_wconf 90' lang='lat' dir='ltr'><strong>et</strong></span> <span class='ocrx_word' id='word_1_316' title='bbox 783 1259 887 1285; x_wconf 86' lang='lat' dir='ltr'><strong>honore</strong></span> <span class='ocrx_word' id='word_1_317' title='bbox 911 1264 1007 1292; x_wconf 85' lang='lat' dir='ltr'><strong>prose-</strong></span> 
     </span>
    </p>
   </div>
   <div class='ocr_carea' id='block_1_44' title="bbox 218 1303 1007 1342">
    <p class='ocr_par' dir='ltr' id='par_1_44' title="bbox 218 1303 1007 1342">
     <span class='ocr_line' id='line_1_44' title="bbox 218 1303 1007 1342; baseline -0.008 -6"><span class='ocrx_word' id='word_1_318' title='bbox 218 1312 359 1342; x_wconf 85' lang='lat' dir='ltr'><strong>queretur.</strong></span> <span class='ocrx_word' id='word_1_319' title='bbox 381 1306 426 1334; x_wconf 82' lang='lat' dir='ltr'><strong>Ait</strong></span> <span class='ocrx_word' id='word_1_320' title='bbox 438 1306 521 1339; x_wconf 80' lang='lat' dir='ltr'><strong>enim.</strong></span> <span class='ocrx_word' id='word_1_321' title='bbox 534 1305 643 1340; x_wconf 84' lang='lat' dir='ltr'><strong>qualem</strong></span> <span class='ocrx_word' id='word_1_322' title='bbox 653 1304 764 1332; x_wconf 88' lang='lat' dir='ltr'><strong>demum</strong></span> <span class='ocrx_word' id='word_1_323' title='bbox 779 1311 888 1339; x_wconf 88' lang='lat' dir='ltr'><strong>cunque</strong></span> <span class='ocrx_word' id='word_1_324' title='bbox 898 1303 1007 1331; x_wconf 84' lang='lat' dir='ltr'><strong>tilialem</strong></span> 
     </span>
    </p>
   </div>
   <div class='ocr_carea' id='block_1_45' title="bbox 219 1350 1008 1387">
    <p class='ocr_par' dir='ltr' id='par_1_45' title="bbox 219 1350 1008 1387">
     <span class='ocr_line' id='line_1_45' title="bbox 219 1350 1008 1387; baseline -0.006 -5"><span class='ocrx_word' id='word_1_325' title='bbox 219 1362 342 1382; x_wconf 83' lang='lat' dir='ltr'><strong>amorem</strong></span> <span class='ocrx_word' id='word_1_326' title='bbox 358 1354 385 1380; x_wconf 92' lang='lat' dir='ltr'><strong>in</strong></span> <span class='ocrx_word' id='word_1_327' title='bbox 409 1358 525 1380; x_wconf 88' lang='lat' dir='ltr'><strong>matrem</strong></span> <span class='ocrx_word' id='word_1_328' title='bbox 542 1353 614 1387; x_wconf 84' lang='lat' dir='ltr'><strong>quis,</strong></span> <span class='ocrx_word' id='word_1_329' title='bbox 627 1357 675 1380; x_wconf 90' lang='lat' dir='ltr'><strong>aut</strong></span> <span class='ocrx_word' id='word_1_330' title='bbox 698 1359 780 1387; x_wconf 84' lang='lat' dir='ltr'><strong>quem</strong></span> <span class='ocrx_word' id='word_1_331' title='bbox 798 1351 825 1378; x_wconf 91' lang='lat' dir='ltr'><strong>in</strong></span> <span class='ocrx_word' id='word_1_332' title='bbox 852 1350 954 1378; x_wconf 78' lang='lat' dir='ltr'><strong>fratres</strong></span> <span class='ocrx_word' id='word_1_333' title='bbox 969 1355 1008 1378; x_wconf 89' lang='lat' dir='ltr'><strong>te-</strong></span> 
     </span>
    </p>
   </div>
   <div class='ocr_carea' id='block_1_46' title="bbox 220 1397 1008 1432">
    <p class='ocr_par' dir='ltr' id='par_1_46' title="bbox 220 1397 1008 1432">
     <span class='ocr_line' id='line_1_46' title="bbox 220 1397 1008 1432; baseline -0.004 -6"><span class='ocrx_word' id='word_1_334' title='bbox 220 1404 300 1427; x_wconf 87' lang='lat' dir='ltr'><strong>netur</strong></span> <span class='ocrx_word' id='word_1_335' title='bbox 324 1399 435 1430; x_wconf 82' lang='lat' dir='ltr'><strong>habere.</strong></span> <span class='ocrx_word' id='word_1_336' title='bbox 463 1399 510 1425; x_wconf 89' lang='lat' dir='ltr'><strong>tali</strong></span> <span class='ocrx_word' id='word_1_337' title='bbox 536 1398 650 1425; x_wconf 89' lang='lat' dir='ltr'><strong>omnino</strong></span> <span class='ocrx_word' id='word_1_338' title='bbox 673 1397 749 1432; x_wconf 81' lang='lat' dir='ltr'><strong>digni</strong></span> <span class='ocrx_word' id='word_1_339' title='bbox 770 1402 933 1432; x_wconf 86' lang='lat' dir='ltr'><strong>repntanlur</strong></span> <span class='ocrx_word' id='word_1_340' title='bbox 958 1397 1008 1429; x_wconf 84' lang='lat' dir='ltr'><strong>illi,</strong></span> 
     </span>
    </p>
   </div>
   <div class='ocr_carea' id='block_1_47' title="bbox 220 1443 1009 1481">
    <p class='ocr_par' dir='ltr' id='par_1_47' title="bbox 220 1443 1009 1481">
     <span class='ocr_line' id='line_1_47' title="bbox 220 1443 1009 1481; baseline -0.003 -8"><span class='ocrx_word' id='word_1_341' title='bbox 220 1446 267 1481; x_wconf 89' lang='lat' dir='ltr'><strong>qni</strong></span> <span class='ocrx_word' id='word_1_342' title='bbox 277 1446 430 1473; x_wconf 83' lang='lat' dir='ltr'><strong>doctrinam</strong></span> <span class='ocrx_word' id='word_1_343' title='bbox 445 1445 605 1478; x_wconf 77' lang='lat' dir='ltr'><strong>observant,</strong></span> <span class='ocrx_word' id='word_1_344' title='bbox 623 1449 650 1472; x_wconf 92' lang='lat' dir='ltr'><strong>et</strong></span> <span class='ocrx_word' id='word_1_345' title='bbox 664 1444 735 1471; x_wconf 89' lang='lat' dir='ltr'><strong>bona</strong></span> <span class='ocrx_word' id='word_1_346' title='bbox 747 1443 810 1471; x_wconf 88' lang='lat' dir='ltr'><strong>inde</strong></span> <span class='ocrx_word' id='word_1_347' title='bbox 820 1444 1009 1479; x_wconf 89' lang='lat' dir='ltr'><strong>promanantia</strong></span> 
     </span>
    </p>
   </div>
   <div class='ocr_carea' id='block_1_48' title="bbox 220 1490 1011 1528">
    <p class='ocr_par' dir='ltr' id='par_1_48' title="bbox 220 1490 1011 1528">
     <span class='ocr_line' id='line_1_48' title="bbox 220 1490 1011 1528; baseline -0.004 -8"><span class='ocrx_word' id='word_1_348' title='bbox 220 1499 302 1527; x_wconf 87' lang='lat' dir='ltr'><strong>opera</strong></span> <span class='ocrx_word' id='word_1_349' title='bbox 318 1492 441 1528; x_wconf 74' lang='lat' dir='ltr'><strong>gignunt.</strong></span> <span class='ocrx_word' id='word_1_350' title='bbox 459 1491 597 1519; x_wconf 83' lang='lat' dir='ltr'><strong>Attendito</strong></span> <span class='ocrx_word' id='word_1_351' title='bbox 619 1495 710 1518; x_wconf 89' lang='lat' dir='ltr'><strong>autem</strong></span> <span class='ocrx_word' id='word_1_352' title='bbox 726 1494 753 1518; x_wconf 85' lang='lat' dir='ltr'><strong>et</strong></span> <span class='ocrx_word' id='word_1_353' title='bbox 767 1490 845 1522; x_wconf 81' lang='lat' dir='ltr'><strong>illud,</strong></span> <span class='ocrx_word' id='word_1_354' title='bbox 861 1498 924 1518; x_wconf 85' lang='lat' dir='ltr'><strong>cum</strong></span> <span class='ocrx_word' id='word_1_355' title='bbox 941 1498 1011 1525; x_wconf 78' lang='lat' dir='ltr'><strong>prae-</strong></span> 
     </span>
    </p>
   </div>
   <div class='ocr_carea' id='block_1_49' title="bbox 221 1537 1010 1573">
    <p class='ocr_par' dir='ltr' id='par_1_49' title="bbox 221 1537 1010 1573">
     <span class='ocr_line' id='line_1_49' title="bbox 221 1537 1010 1573; baseline -0.004 -7"><span class='ocrx_word' id='word_1_356' title='bbox 221 1539 345 1571; x_wconf 88' lang='lat' dir='ltr'><strong>miserat,</strong></span> <span class='ocrx_word' id='word_1_357' title='bbox 374 1538 451 1571; x_wconf 68' lang='lat' dir='ltr'><strong>«Qui</strong></span> <span class='ocrx_word' id='word_1_358' title='bbox 472 1538 563 1573; x_wconf 88' lang='lat' dir='ltr'><strong>diligit</strong></span> <span class='ocrx_word' id='word_1_359' title='bbox 594 1542 699 1573; x_wconf 84' lang='lat' dir='ltr'><strong>patrem</strong></span> <span class='ocrx_word' id='word_1_360' title='bbox 730 1537 774 1564; x_wconf 85' lang='lat' dir='ltr'><strong>vel</strong></span> <span class='ocrx_word' id='word_1_361' title='bbox 801 1541 917 1564; x_wconf 86' lang='lat' dir='ltr'><strong>matrem</strong></span> <span class='ocrx_word' id='word_1_362' title='bbox 946 1537 1010 1571; x_wconf 90' lang='lat' dir='ltr'><strong>plus</strong></span> 
     </span>
    </p>
   </div>
   <div class='ocr_carea' id='block_1_50' title="bbox 221 1567 1048 1620">
    <p class='ocr_par' dir='ltr' id='par_1_50' title="bbox 221 1567 1048 1620">
     <span class='ocr_line' id='line_1_50' title="bbox 221 1567 1048 1620; baseline -0.002 -8"><span class='ocrx_word' id='word_1_363' title='bbox 221 1593 304 1620; x_wconf 86' lang='lat' dir='ltr'><strong>quam</strong></span> <span class='ocrx_word' id='word_1_364' title='bbox 322 1567 374 1616; x_wconf 79' lang='lat' dir='ltr'><strong>me,</strong></span> <span class='ocrx_word' id='word_1_365' title='bbox 393 1567 447 1612; x_wconf 56' lang='lat' dir='ltr'><strong>non</strong></span> <span class='ocrx_word' id='word_1_366' title='bbox 461 1589 504 1611; x_wconf 88' lang='lat' dir='ltr'><strong>est</strong></span> <span class='ocrx_word' id='word_1_367' title='bbox 518 1567 562 1611; x_wconf 60' lang='lat' dir='ltr'><strong>me</strong></span> <span class='ocrx_word' id='word_1_368' title='bbox 581 1567 682 1619; x_wconf 79' lang='lat' dir='ltr'><strong>dignus</strong></span> <span class='ocrx_word' id='word_1_369' title='bbox 695 1584 728 1615; x_wconf 81' lang='lat'><strong>&quot;,</strong></span> <span class='ocrx_word' id='word_1_370' title='bbox 745 1592 754 1608; x_wconf 74' lang='grc' dir='ltr'><strong>ι</strong></span> <span class='ocrx_word' id='word_1_371' title='bbox 773 1590 806 1610; x_wconf 91' lang='lat' dir='ltr'><strong>ne</strong></span> <span class='ocrx_word' id='word_1_372' title='bbox 822 1583 932 1618; x_wconf 75' lang='lat' dir='ltr'><strong>gravius</strong></span> <span class='ocrx_word' id='word_1_373' title='bbox 944 1567 1009 1617; x_wconf 78' lang='lat' dir='ltr'><strong>quid</strong></span> <span class='ocrx_word' id='word_1_374' title='bbox 1024 1567 1048 1598; x_wconf 75' lang='lat' dir='ltr'>c</span> 
     </span>
    </p>
   </div>
   <div class='ocr_carea' id='block_1_51' title="bbox 222 1627 1012 1663">
    <p class='ocr_par' dir='ltr' id='par_1_51' title="bbox 222 1627 1012 1663">
     <span class='ocr_line' id='line_1_51' title="bbox 222 1627 1012 1663; baseline -0.004 -6"><span class='ocrx_word' id='word_1_375' title='bbox 222 1635 249 1657; x_wconf 74' lang='lat' dir='ltr'><strong>et</strong></span> <span class='ocrx_word' id='word_1_376' title='bbox 273 1629 412 1657; x_wconf 81' lang='lat' dir='ltr'><strong>diﬂicilius</strong></span> <span class='ocrx_word' id='word_1_377' title='bbox 436 1629 463 1656; x_wconf 91' lang='lat' dir='ltr'><strong>in</strong></span> <span class='ocrx_word' id='word_1_378' title='bbox 477 1628 614 1656; x_wconf 91' lang='lat' dir='ltr'><strong>mandatis</strong></span> <span class='ocrx_word' id='word_1_379' title='bbox 639 1627 749 1656; x_wconf 86' lang='lat' dir='ltr'><strong>dedisse</strong></span> <span class='ocrx_word' id='word_1_380' title='bbox 778 1627 929 1660; x_wconf 81' lang='lat' dir='ltr'><strong>videretur,</strong></span> <span class='ocrx_word' id='word_1_381' title='bbox 954 1630 1012 1663; x_wconf 85' lang='lat' dir='ltr'><strong>ipse</strong></span> 
     </span>
    </p>
   </div>
   <div class='ocr_carea' id='block_1_52' title="bbox 222 1672 1011 1710">
    <p class='ocr_par' dir='ltr' id='par_1_52' title="bbox 222 1672 1011 1710">
     <span class='ocr_line' id='line_1_52' title="bbox 222 1672 1011 1710; baseline -0.004 -7"><span class='ocrx_word' id='word_1_382' title='bbox 222 1675 288 1703; x_wconf 88' lang='lat' dir='ltr'><strong>illud</strong></span> <span class='ocrx_word' id='word_1_383' title='bbox 303 1675 438 1710; x_wconf 88' lang='lat' dir='ltr'><strong>imprimis</strong></span> <span class='ocrx_word' id='word_1_384' title='bbox 463 1675 577 1710; x_wconf 73' lang='lat' dir='ltr'><strong>proprio</strong></span> <span class='ocrx_word' id='word_1_385' title='bbox 601 1674 728 1708; x_wconf 74' lang='lat' dir='ltr'><strong>exemplo</strong></span> <span class='ocrx_word' id='word_1_386' title='bbox 750 1672 927 1708; x_wconf 87' lang='lat' dir='ltr'><strong>adimpletum</strong></span> <span class='ocrx_word' id='word_1_387' title='bbox 954 1673 1011 1705; x_wconf 88' lang='lat' dir='ltr'><strong>dat,</strong></span> 
     </span>
    </p>
   </div>
   <div class='ocr_carea' id='block_1_53' title="bbox 222 1719 1013 1754">
    <p class='ocr_par' dir='ltr' id='par_1_53' title="bbox 222 1719 1013 1754">
     <span class='ocr_line' id='line_1_53' title="bbox 222 1719 1013 1754; baseline -0.005 -4"><span class='ocrx_word' id='word_1_388' title='bbox 222 1722 360 1750; x_wconf 76' lang='lat' dir='ltr'><strong>facilitatis</strong></span> <span class='ocrx_word' id='word_1_389' title='bbox 376 1722 412 1749; x_wconf 90' lang='lat' dir='ltr'><strong>ita</strong></span> <span class='ocrx_word' id='word_1_390' title='bbox 429 1721 624 1752; x_wconf 84' lang='lat' dir='ltr'><strong>imitationem,</strong></span> <span class='ocrx_word' id='word_1_391' title='bbox 655 1725 780 1748; x_wconf 85' lang='lat' dir='ltr'><strong>materno</strong></span> <span class='ocrx_word' id='word_1_392' title='bbox 794 1720 927 1754; x_wconf 85' lang='lat' dir='ltr'><strong>obsequio</strong></span> <span class='ocrx_word' id='word_1_393' title='bbox 941 1719 1013 1746; x_wconf 87' lang='lat' dir='ltr'><strong>utili-</strong></span> 
     </span>
    </p>
   </div>
   <div class='ocr_carea' id='block_1_54' title="bbox 223 1766 1012 1801">
    <p class='ocr_par' dir='ltr' id='par_1_54' title="bbox 223 1766 1012 1801">
     <span class='ocr_line' id='line_1_54' title="bbox 223 1766 1012 1801; baseline -0.005 -6"><span class='ocrx_word' id='word_1_394' title='bbox 223 1773 307 1795; x_wconf 83' lang='lat' dir='ltr'><strong>tatem</strong></span> <span class='ocrx_word' id='word_1_395' title='bbox 333 1772 361 1795; x_wconf 94' lang='lat' dir='ltr'><strong>et</strong></span> <span class='ocrx_word' id='word_1_396' title='bbox 387 1768 502 1794; x_wconf 90' lang='lat' dir='ltr'><strong>salutem</strong></span> <span class='ocrx_word' id='word_1_397' title='bbox 518 1766 668 1794; x_wconf 89' lang='lat' dir='ltr'><strong>multorum</strong></span> <span class='ocrx_word' id='word_1_398' title='bbox 698 1773 884 1801; x_wconf 71' lang='lat' dir='ltr'><strong>prmponens;</strong></span> <span class='ocrx_word' id='word_1_399' title='bbox 916 1772 1012 1792; x_wconf 83' lang='lat' dir='ltr'><strong>vocem</strong></span> 
     </span>
    </p>
   </div>
   <div class='ocr_carea' id='block_1_55' title="bbox 222 1811 1013 1849">
    <p class='ocr_par' dir='ltr' id='par_1_55' title="bbox 222 1811 1013 1849">
     <span class='ocr_line' id='line_1_55' title="bbox 222 1811 1013 1849; baseline -0.005 -7"><span class='ocrx_word' id='word_1_400' title='bbox 222 1814 296 1842; x_wconf 89' lang='lat' dir='ltr'><strong>hanc</strong></span> <span class='ocrx_word' id='word_1_401' title='bbox 318 1821 401 1849; x_wconf 89' lang='lat' dir='ltr'><strong>opere</strong></span> <span class='ocrx_word' id='word_1_402' title='bbox 431 1813 490 1848; x_wconf 89' lang='lat' dir='ltr'><strong>ipso</strong></span> <span class='ocrx_word' id='word_1_403' title='bbox 503 1817 610 1840; x_wconf 80' lang='lat' dir='ltr'><strong>tantum</strong></span> <span class='ocrx_word' id='word_1_404' title='bbox 627 1820 682 1839; x_wconf 91' lang='lat' dir='ltr'><strong>non</strong></span> <span class='ocrx_word' id='word_1_405' title='bbox 710 1811 917 1840; x_wconf 76' lang='lat' dir='ltr'><strong>edenszNolite</strong></span> <span class='ocrx_word' id='word_1_406' title='bbox 940 1811 1013 1838; x_wconf 91' lang='lat' dir='ltr'><strong>arbi-</strong></span> 
     </span>
    </p>
   </div>
   <div class='ocr_carea' id='block_1_56' title="bbox 223 1857 1014 1894">
    <p class='ocr_par' dir='ltr' id='par_1_56' title="bbox 223 1857 1014 1894">
     <span class='ocr_line' id='line_1_56' title="bbox 223 1857 1014 1894; baseline -0.001 -8"><span class='ocrx_word' id='word_1_407' title='bbox 223 1859 290 1887; x_wconf 87' lang='lat' dir='ltr'><strong>trari</strong></span> <span class='ocrx_word' id='word_1_408' title='bbox 306 1867 397 1887; x_wconf 89' lang='lat' dir='ltr'><strong>meum</strong></span> <span class='ocrx_word' id='word_1_409' title='bbox 411 1859 570 1887; x_wconf 85' lang='lat' dir='ltr'><strong>mandatum</strong></span> <span class='ocrx_word' id='word_1_410' title='bbox 592 1866 674 1894; x_wconf 79' lang='lat' dir='ltr'><strong>grave</strong></span> <span class='ocrx_word' id='word_1_411' title='bbox 693 1858 757 1893; x_wconf 85' lang='lat' dir='ltr'><strong>quid</strong></span> <span class='ocrx_word' id='word_1_412' title='bbox 778 1865 839 1886; x_wconf 88' lang='lat' dir='ltr'><strong>esse</strong></span> <span class='ocrx_word' id='word_1_413' title='bbox 850 1858 891 1885; x_wconf 75' lang='lat' dir='ltr'><strong>vel</strong></span> <span class='ocrx_word' id='word_1_414' title='bbox 902 1857 1014 1885; x_wconf 81' lang='lat' dir='ltr'><strong>difﬁcul-</strong></span> 
     </span>
    </p>
   </div>
   <div class='ocr_carea' id='block_1_57' title="bbox 225 1904 1013 1941">
    <p class='ocr_par' dir='ltr' id='par_1_57' title="bbox 225 1904 1013 1941">
     <span class='ocr_line' id='line_1_57' title="bbox 225 1904 1013 1941; baseline -0.004 -8"><span class='ocrx_word' id='word_1_415' title='bbox 225 1911 268 1933; x_wconf 90' lang='lat' dir='ltr'><strong>ter</strong></span> <span class='ocrx_word' id='word_1_416' title='bbox 287 1905 465 1939; x_wconf 88' lang='lat' dir='ltr'><strong>obeundum;</strong></span> <span class='ocrx_word' id='word_1_417' title='bbox 492 1912 543 1941; x_wconf 84' lang='lat' dir='ltr'><strong>ego</strong></span> <span class='ocrx_word' id='word_1_418' title='bbox 569 1905 644 1932; x_wconf 88' lang='lat' dir='ltr'><strong>enim</strong></span> <span class='ocrx_word' id='word_1_419' title='bbox 661 1905 707 1939; x_wconf 84' lang='lat' dir='ltr'><strong>qui</strong></span> <span class='ocrx_word' id='word_1_420' title='bbox 733 1905 799 1932; x_wconf 88' lang='lat' dir='ltr'><strong>nulli</strong></span> <span class='ocrx_word' id='word_1_421' title='bbox 814 1904 926 1932; x_wconf 78' lang='lat' dir='ltr'><strong>debitor</strong></span> <span class='ocrx_word' id='word_1_422' title='bbox 940 1911 1013 1937; x_wconf 89' lang='lat' dir='ltr'><strong>sum,</strong></span> 
     </span>
    </p>
   </div>
   <div class='ocr_carea' id='block_1_58' title="bbox 224 1949 1015 1987">
    <p class='ocr_par' dir='ltr' id='par_1_58' title="bbox 224 1949 1015 1987">
     <span class='ocr_line' id='line_1_58' title="bbox 224 1949 1015 1987; baseline -0.004 -8"><span class='ocrx_word' id='word_1_423' title='bbox 224 1959 282 1980; x_wconf 83' lang='lat' dir='ltr'><strong>rem</strong></span> <span class='ocrx_word' id='word_1_424' title='bbox 308 1952 393 1987; x_wconf 80' lang='lat' dir='ltr'><strong>ipsam</strong></span> <span class='ocrx_word' id='word_1_425' title='bbox 407 1952 533 1987; x_wconf 83' lang='lat' dir='ltr'><strong>princeps</strong></span> <span class='ocrx_word' id='word_1_426' title='bbox 548 1951 688 1984; x_wconf 79' lang='lat' dir='ltr'><strong>exordiar,</strong></span> <span class='ocrx_word' id='word_1_427' title='bbox 704 1956 732 1978; x_wconf 88' lang='lat' dir='ltr'><strong>et</strong></span> <span class='ocrx_word' id='word_1_428' title='bbox 756 1955 819 1978; x_wconf 90' lang='lat' dir='ltr'><strong>ante</strong></span> <span class='ocrx_word' id='word_1_429' title='bbox 838 1949 933 1977; x_wconf 75' lang='lat' dir='ltr'><strong>Matris</strong></span> <span class='ocrx_word' id='word_1_430' title='bbox 947 1958 1015 1977; x_wconf 79' lang='lat' dir='ltr'><strong>mea:</strong></span> 
     </span>
    </p>
   </div>
   <div class='ocr_carea' id='block_1_59' title="bbox 225 1997 1016 2031">
    <p class='ocr_par' dir='ltr' id='par_1_59' title="bbox 225 1997 1016 2031">
     <span class='ocr_line' id='line_1_59' title="bbox 225 1997 1016 2031; baseline -0.005 -6"><span class='ocrx_word' id='word_1_431' title='bbox 225 1998 339 2030; x_wconf 75' lang='lat' dir='ltr'><strong>cultum,</strong></span> <span class='ocrx_word' id='word_1_432' title='bbox 351 2003 382 2025; x_wconf 89' lang='lat' dir='ltr'><strong>ut</strong></span> <span class='ocrx_word' id='word_1_433' title='bbox 395 1998 495 2025; x_wconf 84' lang='lat' dir='ltr'><strong>intueri</strong></span> <span class='ocrx_word' id='word_1_434' title='bbox 510 1997 599 2024; x_wconf 86' lang='lat' dir='ltr'><strong>oculis</strong></span> <span class='ocrx_word' id='word_1_435' title='bbox 611 1997 735 2031; x_wconf 83' lang='lat' dir='ltr'><strong>potestis,</strong></span> <span class='ocrx_word' id='word_1_436' title='bbox 754 2001 875 2022; x_wconf 70' lang='lat' dir='ltr'><strong>vestram</strong></span> <span class='ocrx_word' id='word_1_437' title='bbox 892 2003 963 2030; x_wconf 83' lang='lat' dir='ltr'><strong>pono</strong></span> <span class='ocrx_word' id='word_1_438' title='bbox 975 2003 1016 2022; x_wconf 78' lang='lat' dir='ltr'><strong>sa-</strong></span> 
     </span>
    </p>
   </div>
   <div class='ocr_carea' id='block_1_60' title="bbox 225 2042 1015 2078">
    <p class='ocr_par' dir='ltr' id='par_1_60' title="bbox 225 2042 1015 2078">
     <span class='ocr_line' id='line_1_60' title="bbox 225 2042 1015 2078; baseline -0.004 -8"><span class='ocrx_word' id='word_1_439' title='bbox 225 2044 320 2072; x_wconf 88' lang='lat' dir='ltr'><strong>lutem.</strong></span> <span class='ocrx_word' id='word_1_440' title='bbox 338 2044 387 2071; x_wconf 86' lang='lat' dir='ltr'><strong>Ubi</strong></span> <span class='ocrx_word' id='word_1_441' title='bbox 396 2051 462 2071; x_wconf 79' lang='lat' dir='ltr'><strong>vero</strong></span> <span class='ocrx_word' id='word_1_442' title='bbox 473 2044 597 2071; x_wconf 89' lang='lat' dir='ltr'><strong>omnium</strong></span> <span class='ocrx_word' id='word_1_443' title='bbox 613 2043 672 2070; x_wconf 81' lang='lat' dir='ltr'><strong>Rex</strong></span> <span class='ocrx_word' id='word_1_444' title='bbox 689 2050 740 2078; x_wconf 83' lang='lat' dir='ltr'><strong>ego</strong></span> <span class='ocrx_word' id='word_1_445' title='bbox 759 2044 806 2077; x_wconf 89' lang='lat' dir='ltr'><strong>qtti</strong></span> <span class='ocrx_word' id='word_1_446' title='bbox 823 2049 885 2068; x_wconf 89' lang='lat' dir='ltr'><strong>sum</strong></span> <span class='ocrx_word' id='word_1_447' title='bbox 913 2046 940 2068; x_wconf 83' lang='lat' dir='ltr'><strong>et</strong></span> <span class='ocrx_word' id='word_1_448' title='bbox 962 2042 1015 2068; x_wconf 85' lang='lat' dir='ltr'><strong>Do-</strong></span> 
     </span>
    </p>
   </div>
   <div class='ocr_carea' id='block_1_61' title="bbox 225 2089 1015 2123">
    <p class='ocr_par' dir='ltr' id='par_1_61' title="bbox 225 2089 1015 2123">
     <span class='ocr_line' id='line_1_61' title="bbox 225 2089 1015 2123; baseline -0.001 -7"><span class='ocrx_word' id='word_1_449' title='bbox 225 2089 318 2117; x_wconf 89' lang='lat' dir='ltr'><strong>minus</strong></span> <span class='ocrx_word' id='word_1_450' title='bbox 331 2095 358 2117; x_wconf 88' lang='lat' dir='ltr'><strong>et</strong></span> <span class='ocrx_word' id='word_1_451' title='bbox 380 2090 525 2121; x_wconf 82' lang='lat' dir='ltr'><strong>Conditor,</strong></span> <span class='ocrx_word' id='word_1_452' title='bbox 541 2089 614 2117; x_wconf 89' lang='lat' dir='ltr'><strong>haud</strong></span> <span class='ocrx_word' id='word_1_453' title='bbox 630 2097 690 2117; x_wconf 86' lang='lat' dir='ltr'><strong>sum</strong></span> <span class='ocrx_word' id='word_1_454' title='bbox 714 2089 751 2116; x_wconf 79' lang='lat' dir='ltr'><strong>ita</strong></span> <span class='ocrx_word' id='word_1_455' title='bbox 765 2095 860 2123; x_wconf 78' lang='lat' dir='ltr'><strong>gerere</strong></span> <span class='ocrx_word' id='word_1_456' title='bbox 887 2095 930 2115; x_wconf 89' lang='lat' dir='ltr'><strong>me</strong></span> <span class='ocrx_word' id='word_1_457' title='bbox 950 2095 1015 2122; x_wconf 77' lang='lat' dir='ltr'><strong>erga</strong></span> 
     </span>
    </p>
   </div>
   <div class='ocr_carea' id='block_1_62' title="bbox 225 2134 1015 2171">
    <p class='ocr_par' dir='ltr' id='par_1_62' title="bbox 225 2134 1015 2171">
     <span class='ocr_line' id='line_1_62' title="bbox 225 2134 1015 2171; baseline -0.003 -8"><span class='ocrx_word' id='word_1_458' title='bbox 225 2142 276 2163; x_wconf 80' lang='lat' dir='ltr'><strong>vos</strong></span> <span class='ocrx_word' id='word_1_459' title='bbox 302 2136 475 2171; x_wconf 82' lang='lat' dir='ltr'><strong>dedignatus,</strong></span> <span class='ocrx_word' id='word_1_460' title='bbox 506 2141 536 2163; x_wconf 92' lang='lat' dir='ltr'><strong>ut</strong></span> <span class='ocrx_word' id='word_1_461' title='bbox 551 2141 670 2164; x_wconf 81' lang='lat' dir='ltr'><strong>vestram</strong></span> <span class='ocrx_word' id='word_1_462' title='bbox 701 2135 817 2163; x_wconf 90' lang='lat' dir='ltr'><strong>salutem</strong></span> <span class='ocrx_word' id='word_1_463' title='bbox 842 2134 954 2162; x_wconf 66' lang='lat' dir='ltr'><strong>aHectui</strong></span> <span class='ocrx_word' id='word_1_464' title='bbox 988 2139 1015 2162; x_wconf 89' lang='lat' dir='ltr'><strong>et</strong></span> 
     </span>
    </p>
   </div>
   <div class='ocr_carea' id='block_1_63' title="bbox 227 2182 1016 2218">
    <p class='ocr_par' dir='ltr' id='par_1_63' title="bbox 227 2182 1016 2218">
     <span class='ocr_line' id='line_1_63' title="bbox 227 2182 1016 2218; baseline -0.003 -7"><span class='ocrx_word' id='word_1_465' title='bbox 227 2184 315 2211; x_wconf 89' lang='lat' dir='ltr'><strong>amori</strong></span> <span class='ocrx_word' id='word_1_466' title='bbox 329 2189 453 2210; x_wconf 89' lang='lat' dir='ltr'><strong>materno</strong></span> <span class='ocrx_word' id='word_1_467' title='bbox 473 2183 653 2218; x_wconf 61' lang='lat' dir='ltr'><strong>praetulerim,</strong></span> <span class='ocrx_word' id='word_1_468' title='bbox 667 2186 742 2210; x_wconf 85' lang='lat' dir='ltr'><strong>certe</strong></span> <span class='ocrx_word' id='word_1_469' title='bbox 757 2182 843 2209; x_wconf 88' lang='lat' dir='ltr'><strong>nmlto</strong></span> <span class='ocrx_word' id='word_1_470' title='bbox 862 2189 912 2208; x_wconf 88' lang='lat' dir='ltr'><strong>vos</strong></span> <span class='ocrx_word' id='word_1_471' title='bbox 929 2182 1016 2216; x_wconf 84' lang='lat' dir='ltr'><strong>magis</strong></span> 
     </span>
    </p>
   </div>
   <div class='ocr_carea' id='block_1_64' title="bbox 226 2228 1054 2268">
    <p class='ocr_par' dir='ltr' id='par_1_64' title="bbox 226 2228 1054 2268">
     <span class='ocr_line' id='line_1_64' title="bbox 226 2228 1054 2268; baseline -0.005 -11"><span class='ocrx_word' id='word_1_472' title='bbox 226 2229 359 2257; x_wconf 84' lang='lat' dir='ltr'><strong>tenemini</strong></span> <span class='ocrx_word' id='word_1_473' title='bbox 373 2229 500 2257; x_wconf 88' lang='lat' dir='ltr'><strong>similiter</strong></span> <span class='ocrx_word' id='word_1_474' title='bbox 513 2235 706 2264; x_wconf 84' lang='lat' dir='ltr'><strong>compensare,</strong></span> <span class='ocrx_word' id='word_1_475' title='bbox 726 2232 754 2255; x_wconf 87' lang='lat' dir='ltr'><strong>et</strong></span> <span class='ocrx_word' id='word_1_476' title='bbox 767 2235 823 2262; x_wconf 63' lang='lat' dir='ltr'><strong>prie</strong></span> <span class='ocrx_word' id='word_1_477' title='bbox 835 2228 943 2255; x_wconf 66' lang='lat' dir='ltr'><strong>caeteris</strong></span> <span class='ocrx_word' id='word_1_478' title='bbox 953 2235 1013 2254; x_wconf 84' lang='lat' dir='ltr'><strong>om—</strong></span> <span class='ocrx_word' id='word_1_479' title='bbox 1032 2240 1054 2268; x_wconf 68' lang='grc' dir='ltr'>ο</span> 
     </span>
    </p>
   </div>
   <div class='ocr_carea' id='block_1_65' title="bbox 226 2273 1016 2306">
    <p class='ocr_par' dir='ltr' id='par_1_65' title="bbox 226 2273 1016 2306">
     <span class='ocr_line' id='line_1_65' title="bbox 226 2273 1016 2306; baseline -0.004 -3"><span class='ocrx_word' id='word_1_480' title='bbox 226 2276 309 2304; x_wconf 85' lang='lat' dir='ltr'><strong>nibus</strong></span> <span class='ocrx_word' id='word_1_481' title='bbox 326 2275 397 2303; x_wconf 78' lang='lat' dir='ltr'><strong>ferre</strong></span> <span class='ocrx_word' id='word_1_482' title='bbox 418 2275 569 2303; x_wconf 77' lang='lat' dir='ltr'><strong>amicitiam</strong></span> <span class='ocrx_word' id='word_1_483' title='bbox 584 2281 687 2306; x_wconf 69' lang='lat' dir='ltr'><strong>meum,</strong></span> <span class='ocrx_word' id='word_1_484' title='bbox 714 2279 741 2301; x_wconf 91' lang='lat' dir='ltr'><strong>et</strong></span> <span class='ocrx_word' id='word_1_485' title='bbox 757 2274 783 2300; x_wconf 88' lang='lat' dir='ltr'><strong>in</strong></span> <span class='ocrx_word' id='word_1_486' title='bbox 797 2282 841 2300; x_wconf 81' lang='lat' dir='ltr'><strong>me</strong></span> <span class='ocrx_word' id='word_1_487' title='bbox 852 2273 1016 2301; x_wconf 83' lang='lat' dir='ltr'><strong>benevolen-</strong></span> 
     </span>
    </p>
   </div>
   <div class='ocr_carea' id='block_1_66' title="bbox 229 2319 1019 2356">
    <p class='ocr_par' dir='ltr' id='par_1_66' title="bbox 229 2319 1019 2356">
     <span class='ocr_line' id='line_1_66' title="bbox 229 2319 1019 2356; baseline -0.005 -7"><span class='ocrx_word' id='word_1_488' title='bbox 229 2323 317 2349; x_wconf 89' lang='lat' dir='ltr'><strong>tiam:</strong></span> <span class='ocrx_word' id='word_1_489' title='bbox 335 2330 386 2349; x_wconf 89' lang='lat' dir='ltr'><strong>nec</strong></span> <span class='ocrx_word' id='word_1_490' title='bbox 402 2322 437 2349; x_wconf 88' lang='lat' dir='ltr'><strong>ob</strong></span> <span class='ocrx_word' id='word_1_491' title='bbox 461 2321 574 2356; x_wconf 86' lang='lat' dir='ltr'><strong>aliquod</strong></span> <span class='ocrx_word' id='word_1_492' title='bbox 602 2327 692 2347; x_wconf 89' lang='lat' dir='ltr'><strong>meum</strong></span> <span class='ocrx_word' id='word_1_493' title='bbox 711 2320 762 2346; x_wconf 90' lang='lat' dir='ltr'><strong>hoc</strong></span> <span class='ocrx_word' id='word_1_494' title='bbox 785 2319 1019 2351; x_wconf 83' lang='lat' dir='ltr'><strong>emolumentum;</strong></span> 
     </span>
    </p>
   </div>
   <div class='ocr_carea' id='block_1_67' title="bbox 227 2364 1022 2399">
    <p class='ocr_par' dir='ltr' id='par_1_67' title="bbox 227 2364 1022 2399">
     <span class='ocr_line' id='line_1_67' title="bbox 227 2364 1022 2399; baseline -0.005 -5"><span class='ocrx_word' id='word_1_495' title='bbox 227 2375 306 2394; x_wconf 84' lang='lat' dir='ltr'><strong>amor</strong></span> <span class='ocrx_word' id='word_1_496' title='bbox 339 2367 413 2394; x_wconf 89' lang='lat' dir='ltr'><strong>enim</strong></span> <span class='ocrx_word' id='word_1_497' title='bbox 430 2367 569 2393; x_wconf 91' lang='lat' dir='ltr'><strong>humanus</strong></span> <span class='ocrx_word' id='word_1_498' title='bbox 589 2370 616 2393; x_wconf 89' lang='lat' dir='ltr'><strong>et</strong></span> <span class='ocrx_word' id='word_1_499' title='bbox 627 2365 804 2397; x_wconf 85' lang='lat' dir='ltr'><strong>desiderium,</strong></span> <span class='ocrx_word' id='word_1_500' title='bbox 822 2364 887 2399; x_wconf 90' lang='lat' dir='ltr'><strong>quid</strong></span> <span class='ocrx_word' id='word_1_501' title='bbox 900 2364 1022 2398; x_wconf 81' lang='lat' dir='ltr'><strong>proderit.</strong></span> 
     </span>
    </p>
   </div>
   <div class='ocr_carea' id='block_1_68' title="bbox 227 2410 1021 2448">
    <p class='ocr_par' dir='ltr' id='par_1_68' title="bbox 227 2410 1021 2448">
     <span class='ocr_line' id='line_1_68' title="bbox 227 2410 1021 2448; baseline -0.006 -7"><span class='ocrx_word' id='word_1_502' title='bbox 227 2413 253 2441; x_wconf 89' lang='lat' dir='ltr'><strong>ci</strong></span> <span class='ocrx_word' id='word_1_503' title='bbox 273 2413 321 2448; x_wconf 82' lang='lat' dir='ltr'><strong>qui</strong></span> <span class='ocrx_word' id='word_1_504' title='bbox 337 2418 436 2440; x_wconf 81' lang='lat' dir='ltr'><strong>cuncta</strong></span> <span class='ocrx_word' id='word_1_505' title='bbox 446 2413 487 2440; x_wconf 79' lang='lat' dir='ltr'><strong>vel</strong></span> <span class='ocrx_word' id='word_1_506' title='bbox 504 2417 572 2439; x_wconf 86' lang='lat' dir='ltr'><strong>nutu</strong></span> <span class='ocrx_word' id='word_1_507' title='bbox 584 2411 772 2443; x_wconf 85' lang='lat' dir='ltr'><strong>circumrotat,</strong></span> <span class='ocrx_word' id='word_1_508' title='bbox 784 2411 862 2446; x_wconf 86' lang='lat' dir='ltr'><strong>cujus</strong></span> <span class='ocrx_word' id='word_1_509' title='bbox 877 2418 946 2445; x_wconf 87' lang='lat' dir='ltr'><strong>opus</strong></span> <span class='ocrx_word' id='word_1_510' title='bbox 954 2410 1021 2445; x_wconf 80' lang='lat' dir='ltr'><strong>digi~</strong></span> 
     </span>
    </p>
   </div>
   <div class='ocr_carea' id='block_1_69' title="bbox 227 2459 1017 2493">
    <p class='ocr_par' dir='ltr' id='par_1_69' title="bbox 227 2459 1017 2493">
     <span class='ocr_line' id='line_1_69' title="bbox 227 2459 1017 2493; baseline -0.004 -6"><span class='ocrx_word' id='word_1_511' title='bbox 227 2465 318 2487; x_wconf 85' lang='lat' dir='ltr'><strong>torum</strong></span> <span class='ocrx_word' id='word_1_512' title='bbox 333 2459 474 2487; x_wconf 89' lang='lat' dir='ltr'><strong>hominum</strong></span> <span class='ocrx_word' id='word_1_513' title='bbox 487 2464 643 2489; x_wconf 84' lang='lat' dir='ltr'><strong>estnatura.</strong></span> <span class='ocrx_word' id='word_1_514' title='bbox 656 2459 758 2487; x_wconf 71' lang='lat' dir='ltr'><strong>cmlum</strong></span> <span class='ocrx_word' id='word_1_515' title='bbox 772 2464 867 2493; x_wconf 82' lang='lat' dir='ltr'><strong>etqme</strong></span> <span class='ocrx_word' id='word_1_516' title='bbox 877 2459 1017 2486; x_wconf 74' lang='lat' dir='ltr'><strong>exsistunt</strong></span> 
     </span>
    </p>
   </div>
   <div class='ocr_carea' id='block_1_70' title="bbox 229 2503 1020 2539">
    <p class='ocr_par' dir='ltr' id='par_1_70' title="bbox 229 2503 1020 2539">
     <span class='ocr_line' id='line_1_70' title="bbox 229 2503 1020 2539; baseline -0.003 -7"><span class='ocrx_word' id='word_1_517' title='bbox 229 2505 368 2532; x_wconf 83' lang='lat' dir='ltr'><strong>universa.</strong></span> <span class='ocrx_word' id='word_1_518' title='bbox 385 2503 448 2532; x_wconf 68' lang='lat' dir='ltr'><strong>Hanc</strong></span> <span class='ocrx_word' id='word_1_519' title='bbox 461 2512 512 2539; x_wconf 77' lang='lat' dir='ltr'><strong>ego</strong></span> <span class='ocrx_word' id='word_1_520' title='bbox 525 2505 595 2539; x_wconf 89' lang='lat' dir='ltr'><strong>ipsa,</strong></span> <span class='ocrx_word' id='word_1_521' title='bbox 611 2508 641 2531; x_wconf 88' lang='lat' dir='ltr'><strong>ut</strong></span> <span class='ocrx_word' id='word_1_522' title='bbox 651 2510 678 2532; x_wconf 90' lang='lat' dir='ltr'><strong>et</strong></span> <span class='ocrx_word' id='word_1_523' title='bbox 695 2504 760 2536; x_wconf 84' lang='lat' dir='ltr'><strong>alia,</strong></span> <span class='ocrx_word' id='word_1_524' title='bbox 773 2505 809 2532; x_wconf 90' lang='lat' dir='ltr'><strong>ob</strong></span> <span class='ocrx_word' id='word_1_525' title='bbox 834 2509 951 2531; x_wconf 84' lang='lat' dir='ltr'><strong>vestram</strong></span> <span class='ocrx_word' id='word_1_526' title='bbox 969 2504 1020 2531; x_wconf 83' lang='lat' dir='ltr'><strong>de-</strong></span> 
     </span>
    </p>
   </div>
   <div class='ocr_carea' id='block_1_71' title="bbox 229 2550 1018 2585">
    <p class='ocr_par' dir='ltr' id='par_1_71' title="bbox 229 2550 1018 2585">
     <span class='ocr_line' id='line_1_71' title="bbox 229 2550 1018 2585; baseline -0.004 -6"><span class='ocrx_word' id='word_1_527' title='bbox 229 2551 321 2579; x_wconf 81' lang='lat' dir='ltr'><strong>sidem</strong></span> <span class='ocrx_word' id='word_1_528' title='bbox 349 2551 478 2578; x_wconf 86' lang='lat' dir='ltr'><strong>salutem.</strong></span> <span class='ocrx_word' id='word_1_529' title='bbox 507 2550 562 2579; x_wconf 85' lang='lat' dir='ltr'><strong>Nec</strong></span> <span class='ocrx_word' id='word_1_530' title='bbox 584 2551 678 2578; x_wconf 87' lang='lat' dir='ltr'><strong>mirari</strong></span> <span class='ocrx_word' id='word_1_531' title='bbox 711 2554 828 2585; x_wconf 82' lang='lat' dir='ltr'><strong>oportet,</strong></span> <span class='ocrx_word' id='word_1_532' title='bbox 852 2551 874 2577; x_wconf 85' lang='lat' dir='ltr'><strong>si</strong></span> <span class='ocrx_word' id='word_1_533' title='bbox 905 2550 1018 2577; x_wconf 86' lang='lat' dir='ltr'><strong>Matrem</strong></span> 
     </span>
    </p>
   </div>
   <div class='ocr_carea' id='block_1_72' title="bbox 229 2596 1020 2631">
    <p class='ocr_par' dir='ltr' id='par_1_72' title="bbox 229 2596 1020 2631">
     <span class='ocr_line' id='line_1_72' title="bbox 229 2596 1020 2631; baseline -0.001 -8"><span class='ocrx_word' id='word_1_534' title='bbox 229 2597 370 2628; x_wconf 80' lang='lat' dir='ltr'><strong>Christus,</strong></span> <span class='ocrx_word' id='word_1_535' title='bbox 379 2601 409 2623; x_wconf 88' lang='lat' dir='ltr'><strong>ut</strong></span> <span class='ocrx_word' id='word_1_536' title='bbox 421 2596 554 2631; x_wconf 87' lang='lat' dir='ltr'><strong>oportuit,</strong></span> <span class='ocrx_word' id='word_1_537' title='bbox 570 2597 721 2630; x_wconf 82' lang='lat' dir='ltr'><strong>honorans,</strong></span> <span class='ocrx_word' id='word_1_538' title='bbox 738 2597 810 2624; x_wconf 86' lang='lat' dir='ltr'><strong>illam</strong></span> <span class='ocrx_word' id='word_1_539' title='bbox 820 2596 893 2623; x_wconf 81' lang='lat' dir='ltr'><strong>haud</strong></span> <span class='ocrx_word' id='word_1_540' title='bbox 903 2596 1020 2631; x_wconf 72' lang='lat' dir='ltr'><strong>praetulit</strong></span> 
     </span>
    </p>
   </div>
   <div class='ocr_carea' id='block_1_73' title="bbox 231 2643 1020 2677">
    <p class='ocr_par' dir='ltr' id='par_1_73' title="bbox 231 2643 1020 2677">
     <span class='ocr_line' id='line_1_73' title="bbox 231 2643 1020 2677; baseline -0.001 -8"><span class='ocrx_word' id='word_1_541' title='bbox 231 2643 312 2670; x_wconf 73' lang='lat' dir='ltr'><strong>saluti</strong></span> <span class='ocrx_word' id='word_1_542' title='bbox 330 2643 472 2670; x_wconf 90' lang='lat' dir='ltr'><strong>hominum</strong></span> <span class='ocrx_word' id='word_1_543' title='bbox 488 2652 494 2670; x_wconf 94' lang='lat'>:</span> <span class='ocrx_word' id='word_1_544' title='bbox 511 2651 575 2671; x_wconf 90' lang='lat' dir='ltr'><strong>nam</strong></span> <span class='ocrx_word' id='word_1_545' title='bbox 598 2648 714 2671; x_wconf 81' lang='lat' dir='ltr'><strong>matrem</strong></span> <span class='ocrx_word' id='word_1_546' title='bbox 741 2643 816 2670; x_wconf 84' lang='lat' dir='ltr'><strong>illam</strong></span> <span class='ocrx_word' id='word_1_547' title='bbox 839 2646 951 2677; x_wconf 88' lang='lat' dir='ltr'><strong>propter</strong></span> <span class='ocrx_word' id='word_1_548' title='bbox 969 2649 1020 2668; x_wconf 89' lang='lat' dir='ltr'><strong>nos</strong></span> 
     </span>
    </p>
   </div>
   <div class='ocr_carea' id='block_1_74' title="bbox 231 2687 1022 2724">
    <p class='ocr_par' dir='ltr' id='par_1_74' title="bbox 231 2687 1022 2724">
     <span class='ocr_line' id='line_1_74' title="bbox 231 2687 1022 2724; baseline 0 -10"><span class='ocrx_word' id='word_1_549' title='bbox 231 2695 257 2714; x_wconf 68' lang='lat' dir='ltr'><strong>et</strong></span> <span class='ocrx_word' id='word_1_550' title='bbox 275 2693 396 2717; x_wconf 82' lang='lat' dir='ltr'><strong>nostram</strong></span> <span class='ocrx_word' id='word_1_551' title='bbox 413 2689 531 2720; x_wconf 80' lang='lat' dir='ltr'><strong>salutem</strong></span> <span class='ocrx_word' id='word_1_552' title='bbox 552 2689 713 2724; x_wconf 85' lang='lat' dir='ltr'><strong>assumpsit,</strong></span> <span class='ocrx_word' id='word_1_553' title='bbox 726 2693 757 2716; x_wconf 94' lang='lat' dir='ltr'><strong>ut</strong></span> <span class='ocrx_word' id='word_1_554' title='bbox 775 2696 950 2724; x_wconf 87' lang='lat' dir='ltr'><strong>nequaquam</strong></span> <span class='ocrx_word' id='word_1_555' title='bbox 967 2687 1022 2715; x_wconf 86' lang='lat' dir='ltr'><strong>sibi</strong></span> 
     </span>
    </p>
   </div>
   <div class='ocr_carea' id='block_1_75' title="bbox 267 2758 538 2792">
    <p class='ocr_par' dir='ltr' id='par_1_75' title="bbox 267 2758 538 2792">
     <span class='ocr_line' id='line_1_75' title="bbox 267 2758 538 2792; baseline 0.007 -7"><span class='ocrx_word' id='word_1_556' title='bbox 267 2758 289 2775; x_wconf 77' lang='lat'><strong>”</strong></span> <span class='ocrx_word' id='word_1_557' title='bbox 307 2758 400 2786; x_wconf 81' lang='lat' dir='ltr'><strong>Matth.</strong></span> <span class='ocrx_word' id='word_1_558' title='bbox 418 2767 483 2792; x_wconf 84' lang='lat' dir='ltr'><strong>xvu,</strong></span> <span class='ocrx_word' id='word_1_559' title='bbox 495 2759 538 2787; x_wconf 81' lang='lat'><strong>58.</strong></span> 
     </span>
    </p>
   </div>
   <div class='ocr_carea' id='block_1_76' title="bbox 1055 937 1827 974">
    <p class='ocr_par' dir='ltr' id='par_1_76' title="bbox 1055 937 1827 974">
     <span class='ocr_line' id='line_1_76' title="bbox 1055 937 1827 974; baseline -0.003 -9"><span class='ocrx_word' id='word_1_560' title='bbox 1055 938 1254 965; x_wconf 87' lang='grc' dir='ltr'>καταναλίσκεν</span> <span class='ocrx_word' id='word_1_561' title='bbox 1269 937 1427 973; x_wconf 87' lang='grc' dir='ltr'>θεραπείαν.</span> <span class='ocrx_word' id='word_1_562' title='bbox 1442 938 1491 964; x_wconf 79' lang='grc' dir='ltr'>Διὰ</span> <span class='ocrx_word' id='word_1_563' title='bbox 1499 939 1578 966; x_wconf 74' lang='grc' dir='ltr'>τοῦτο</span> <span class='ocrx_word' id='word_1_564' title='bbox 1590 940 1654 971; x_wconf 76' lang='grc' dir='ltr'>τοὺς</span> <span class='ocrx_word' id='word_1_565' title='bbox 1667 938 1782 974; x_wconf 76' lang='grc' dir='ltr'>μαθητὰς</span> <span class='ocrx_word' id='word_1_566' title='bbox 1791 938 1827 964; x_wconf 74' lang='grc' dir='ltr'><strong>ἐπὶ</strong></span> 
     </span>
    </p>
   </div>
   <div class='ocr_carea' id='block_1_77' title="bbox 1055 981 1827 1020">
    <p class='ocr_par' dir='ltr' id='par_1_77' title="bbox 1055 981 1827 1020">
     <span class='ocr_line' id='line_1_77' title="bbox 1055 981 1827 1020; baseline -0.001 -10"><span class='ocrx_word' id='word_1_567' title='bbox 1055 982 1138 1010; x_wconf 79' lang='grc' dir='ltr'>πλέον</span> <span class='ocrx_word' id='word_1_568' title='bbox 1163 981 1349 1018; x_wconf 78' lang='grc' dir='ltr'>οἰκειούμενος</span> <span class='ocrx_word' id='word_1_569' title='bbox 1372 984 1386 1010; x_wconf 82' lang='grc' dir='ltr'>ὁ</span> <span class='ocrx_word' id='word_1_570' title='bbox 1403 984 1510 1019; x_wconf 84' lang='grc' dir='ltr'>Σωτὴρ,</span> <span class='ocrx_word' id='word_1_571' title='bbox 1528 993 1538 1010; x_wconf 76' lang='grc' dir='ltr'><strong>ι</strong></span> <span class='ocrx_word' id='word_1_572' title='bbox 1559 984 1626 1011; x_wconf 78' lang='grc' dir='ltr'>Ἰδοὺ</span> <span class='ocrx_word' id='word_1_573' title='bbox 1638 985 1658 1020; x_wconf 72' lang='grc' dir='ltr'><strong>ἡ</strong></span> <span class='ocrx_word' id='word_1_574' title='bbox 1676 986 1762 1020; x_wconf 75' lang='grc' dir='ltr'>μήτηρ</span> <span class='ocrx_word' id='word_1_575' title='bbox 1776 993 1827 1019; x_wconf 84' lang='grc' dir='ltr'>μου,</span> 
     </span>
    </p>
   </div>
   <div class='ocr_carea' id='block_1_78' title="bbox 1056 1027 1827 1064">
    <p class='ocr_par' dir='ltr' id='par_1_78' title="bbox 1056 1027 1827 1064">
     <span class='ocr_line' id='line_1_78' title="bbox 1056 1027 1827 1064; baseline 0.003 -10"><span class='ocrx_word' id='word_1_576' title='bbox 1056 1027 1149 1063; x_wconf 77' lang='grc' dir='ltr'>φησὶν,</span> <span class='ocrx_word' id='word_1_577' title='bbox 1165 1028 1213 1054; x_wconf 79' lang='grc' dir='ltr'>καὶ</span> <span class='ocrx_word' id='word_1_578' title='bbox 1228 1028 1254 1054; x_wconf 82' lang='grc' dir='ltr'>οἱ</span> <span class='ocrx_word' id='word_1_579' title='bbox 1282 1027 1392 1062; x_wconf 83' lang='grc' dir='ltr'>ἀδελφοί</span> <span class='ocrx_word' id='word_1_580' title='bbox 1415 1037 1477 1064; x_wconf 85' lang='grc' dir='ltr'>μου.</span> <span class='ocrx_word' id='word_1_581' title='bbox 1499 1038 1510 1055; x_wconf 70' lang='grc' dir='ltr'><strong>ι</strong></span> <span class='ocrx_word' id='word_1_582' title='bbox 1527 1029 1687 1062; x_wconf 79' lang='grc' dir='ltr'>Τουτέστιν,</span> <span class='ocrx_word' id='word_1_583' title='bbox 1710 1027 1827 1063; x_wconf 55' lang='lat' dir='ltr'><strong>obtorti},</strong></span> 
     </span>
    </p>
   </div>
   <div class='ocr_carea' id='block_1_79' title="bbox 1055 1070 1828 1110">
    <p class='ocr_par' dir='ltr' id='par_1_79' title="bbox 1055 1070 1828 1110">
     <span class='ocr_line' id='line_1_79' title="bbox 1055 1070 1828 1110; baseline 0.001 -11"><span class='ocrx_word' id='word_1_584' title='bbox 1055 1070 1140 1105; x_wconf 79' lang='grc' dir='ltr'>οὗτοι,</span> <span class='ocrx_word' id='word_1_585' title='bbox 1155 1073 1200 1100; x_wconf 80' lang='grc' dir='ltr'>τὸν</span> <span class='ocrx_word' id='word_1_586' title='bbox 1216 1074 1348 1107; x_wconf 70' lang='grc' dir='ltr'>πατρικὸν</span> <span class='ocrx_word' id='word_1_587' title='bbox 1361 1074 1410 1110; x_wconf 84' lang='grc' dir='ltr'>τῆς</span> <span class='ocrx_word' id='word_1_588' title='bbox 1424 1074 1599 1106; x_wconf 76' lang='grc' dir='ltr'>διδασκαλίας</span> <span class='ocrx_word' id='word_1_589' title='bbox 1614 1076 1716 1110; x_wconf 71' lang='grc' dir='ltr'>σπόρον</span> <span class='ocrx_word' id='word_1_590' title='bbox 1727 1077 1776 1106; x_wconf 78' lang='grc' dir='ltr'>τοῖς</span> <span class='ocrx_word' id='word_1_591' title='bbox 1789 1075 1828 1108; x_wconf 67' lang='grc' dir='ltr'><strong>ψυ-</strong></span> 
     </span>
    </p>
   </div>
   <div class='ocr_carea' id='block_1_80' title="bbox 1056 1120 1828 1157">
    <p class='ocr_par' dir='ltr' id='par_1_80' title="bbox 1056 1120 1828 1157">
     <span class='ocr_line' id='line_1_80' title="bbox 1056 1120 1828 1157; baseline 0 -10"><span class='ocrx_word' id='word_1_592' title='bbox 1056 1121 1144 1156; x_wconf 82' lang='grc' dir='ltr'>χικοῖς</span> <span class='ocrx_word' id='word_1_593' title='bbox 1173 1120 1365 1156; x_wconf 82' lang='grc' dir='ltr'>ὑποδεχόμενοι</span> <span class='ocrx_word' id='word_1_594' title='bbox 1395 1121 1520 1154; x_wconf 84' lang='grc' dir='ltr'>κόλποις,</span> <span class='ocrx_word' id='word_1_595' title='bbox 1533 1121 1579 1148; x_wconf 77' lang='grc' dir='ltr'>τὸν</span> <span class='ocrx_word' id='word_1_596' title='bbox 1607 1122 1739 1157; x_wconf 67' lang='grc' dir='ltr'>μητρικὸν</span> <span class='ocrx_word' id='word_1_597' title='bbox 1762 1121 1828 1148; x_wconf 82' lang='grc' dir='ltr'>τόπον</span> 
     </span>
    </p>
   </div>
   <div class='ocr_carea' id='block_1_81' title="bbox 1057 1165 1829 1203">
    <p class='ocr_par' dir='ltr' id='par_1_81' title="bbox 1057 1165 1829 1203">
     <span class='ocr_line' id='line_1_81' title="bbox 1057 1165 1829 1203; baseline 0 -11"><span class='ocrx_word' id='word_1_598' title='bbox 1057 1166 1105 1193; x_wconf 74' lang='grc' dir='ltr'>καὶ</span> <span class='ocrx_word' id='word_1_599' title='bbox 1129 1165 1274 1200; x_wconf 73' lang='grc' dir='ltr'>ἀδελφικὸν</span> <span class='ocrx_word' id='word_1_600' title='bbox 1300 1167 1506 1203; x_wconf 78' lang='grc' dir='ltr'>ἀναπληροῦσιν</span> <span class='ocrx_word' id='word_1_601' title='bbox 1519 1168 1592 1203; x_wconf 79' lang='grc' dir='ltr'>ὲμοί.</span> <span class='ocrx_word' id='word_1_602' title='bbox 1609 1167 1700 1195; x_wconf 82' lang='grc' dir='ltr'>Τοῦτο</span> <span class='ocrx_word' id='word_1_603' title='bbox 1713 1167 1741 1194; x_wconf 86' lang='grc' dir='ltr'>δὲ</span> <span class='ocrx_word' id='word_1_604' title='bbox 1756 1168 1829 1201; x_wconf 70' lang='grc' dir='ltr'>δῆλον,</span> 
     </span>
    </p>
   </div>
   <div class='ocr_carea' id='block_1_82' title="bbox 1056 1211 1831 1249">
    <p class='ocr_par' dir='ltr' id='par_1_82' title="bbox 1056 1211 1831 1249">
     <span class='ocr_line' id='line_1_82' title="bbox 1056 1211 1831 1249; baseline 0 -11"><span class='ocrx_word' id='word_1_605' title='bbox 1056 1212 1095 1243; x_wconf 84' lang='grc' dir='ltr'>ὡς</span> <span class='ocrx_word' id='word_1_606' title='bbox 1108 1212 1139 1239; x_wconf 83' lang='grc' dir='ltr'>οὐ</span> <span class='ocrx_word' id='word_1_607' title='bbox 1154 1212 1332 1247; x_wconf 83' lang='grc' dir='ltr'>φαυλίζοντός</span> <span class='ocrx_word' id='word_1_608' title='bbox 1358 1213 1417 1239; x_wconf 70' lang='grc' dir='ltr'>ἔστι</span> <span class='ocrx_word' id='word_1_609' title='bbox 1440 1213 1491 1248; x_wconf 78' lang='grc' dir='ltr'>τὴν</span> <span class='ocrx_word' id='word_1_610' title='bbox 1505 1213 1640 1240; x_wconf 76' lang='grc' dir='ltr'>τεκοῦσαν</span> <span class='ocrx_word' id='word_1_611' title='bbox 1661 1213 1732 1249; x_wconf 78' lang='grc' dir='ltr'>(πῶς</span> <span class='ocrx_word' id='word_1_612' title='bbox 1747 1213 1793 1248; x_wconf 80' lang='grc' dir='ltr'><strong>γὰρ</strong></span> <span class='ocrx_word' id='word_1_613' title='bbox 1805 1211 1831 1238; x_wconf 77' lang='grc' dir='ltr'>ἂν</span> 
     </span>
    </p>
   </div>
   <div class='ocr_carea' id='block_1_83' title="bbox 1057 1257 1832 1293">
    <p class='ocr_par' dir='ltr' id='par_1_83' title="bbox 1057 1257 1832 1293">
     <span class='ocr_line' id='line_1_83' title="bbox 1057 1257 1832 1293; baseline -0.003 -9"><span class='ocrx_word' id='word_1_614' title='bbox 1057 1258 1122 1290; x_wconf 78' lang='grc' dir='ltr'>τοὺς</span> <span class='ocrx_word' id='word_1_615' title='bbox 1143 1257 1293 1290; x_wconf 81' lang='grc' dir='ltr'>τοιούτους,</span> <span class='ocrx_word' id='word_1_616' title='bbox 1307 1259 1346 1290; x_wconf 84' lang='grc' dir='ltr'>ὠς</span> <span class='ocrx_word' id='word_1_617' title='bbox 1358 1259 1399 1289; x_wconf 77' lang='grc' dir='ltr'><strong>είς</strong></span> <span class='ocrx_word' id='word_1_618' title='bbox 1413 1258 1486 1293; x_wconf 82' lang='grc' dir='ltr'>μέγα</span> <span class='ocrx_word' id='word_1_619' title='bbox 1502 1258 1591 1291; x_wconf 79' lang='grc' dir='ltr'>κλέος,</span> <span class='ocrx_word' id='word_1_620' title='bbox 1605 1259 1646 1290; x_wconf 86' lang='grc' dir='ltr'><strong>είς</strong></span> <span class='ocrx_word' id='word_1_621' title='bbox 1666 1258 1712 1285; x_wconf 70' lang='grc' dir='ltr'><strong>τὸν</strong></span> <span class='ocrx_word' id='word_1_622' title='bbox 1725 1257 1832 1293; x_wconf 78' lang='grc' dir='ltr'>μητρῷον</span> 
     </span>
    </p>
   </div>
   <div class='ocr_carea' id='block_1_84' title="bbox 1059 1302 1833 1341">
    <p class='ocr_par' dir='ltr' id='par_1_84' title="bbox 1059 1302 1833 1341">
     <span class='ocr_line' id='line_1_84' title="bbox 1059 1302 1833 1341; baseline -0.003 -9"><span class='ocrx_word' id='word_1_623' title='bbox 1059 1305 1175 1341; x_wconf 77' lang='grc' dir='ltr'>ἀνέφερε</span> <span class='ocrx_word' id='word_1_624' title='bbox 1192 1306 1293 1340; x_wconf 84' lang='grc' dir='ltr'>κλῆρον</span> <span class='ocrx_word' id='word_1_625' title='bbox 1305 1305 1336 1339; x_wconf 72' lang='grc' dir='ltr'><strong>ς),</strong></span> <span class='ocrx_word' id='word_1_626' title='bbox 1353 1302 1421 1332; x_wconf 82' lang='grc' dir='ltr'>ἀλλὰ</span> <span class='ocrx_word' id='word_1_627' title='bbox 1437 1305 1540 1340; x_wconf 76' lang='grc' dir='ltr'>μᾶλλον</span> <span class='ocrx_word' id='word_1_628' title='bbox 1567 1305 1652 1337; x_wconf 78' lang='grc' dir='ltr'>ἀξίως</span> <span class='ocrx_word' id='word_1_629' title='bbox 1675 1304 1833 1340; x_wconf 78' lang='grc' dir='ltr'>σεμνύνοντος</span> 
     </span>
    </p>
   </div>
   <div class='ocr_carea' id='block_1_85' title="bbox 1059 1351 1834 1389">
    <p class='ocr_par' dir='ltr' id='par_1_85' title="bbox 1059 1351 1834 1389">
     <span class='ocr_line' id='line_1_85' title="bbox 1059 1351 1834 1389; baseline -0.004 -10"><span class='ocrx_word' id='word_1_630' title='bbox 1059 1353 1108 1380; x_wconf 72' lang='grc' dir='ltr'><strong>καὶ</strong></span> <span class='ocrx_word' id='word_1_631' title='bbox 1130 1352 1262 1388; x_wconf 81' lang='grc' dir='ltr'>τιμῶντος</span> <span class='ocrx_word' id='word_1_632' title='bbox 1276 1352 1372 1387; x_wconf 83' lang='grc' dir='ltr'>αὑτήν.</span> <span class='ocrx_word' id='word_1_633' title='bbox 1391 1353 1443 1379; x_wconf 83' lang='grc' dir='ltr'>Ἦν</span> <span class='ocrx_word' id='word_1_634' title='bbox 1464 1351 1533 1387; x_wconf 81' lang='grc' dir='ltr'>γὰρ,</span> <span class='ocrx_word' id='word_1_635' title='bbox 1548 1353 1627 1389; x_wconf 69' lang='grc' dir='ltr'>φησὶ.</span> <span class='ocrx_word' id='word_1_636' title='bbox 1655 1352 1724 1388; x_wconf 80' lang='grc' dir='ltr'>πρὸς</span> <span class='ocrx_word' id='word_1_637' title='bbox 1745 1351 1834 1386; x_wconf 69' lang='grc' dir='ltr'>μητέρα</span> 
     </span>
    </p>
   </div>
   <div class='ocr_carea' id='block_1_86' title="bbox 1059 1396 1834 1434">
    <p class='ocr_par' dir='ltr' id='par_1_86' title="bbox 1059 1396 1834 1434">
     <span class='ocr_line' id='line_1_86' title="bbox 1059 1396 1834 1434; baseline -0.001 -9"><span class='ocrx_word' id='word_1_638' title='bbox 1059 1399 1108 1426; x_wconf 73' lang='grc' dir='ltr'>καὶ</span> <span class='ocrx_word' id='word_1_639' title='bbox 1122 1398 1253 1433; x_wconf 85' lang='grc' dir='ltr'>ἀδελφοὺς</span> <span class='ocrx_word' id='word_1_640' title='bbox 1266 1399 1383 1434; x_wconf 82' lang='grc' dir='ltr'>στοργὴν</span> <span class='ocrx_word' id='word_1_641' title='bbox 1398 1399 1444 1425; x_wconf 79' lang='grc' dir='ltr'>καὶ</span> <span class='ocrx_word' id='word_1_642' title='bbox 1454 1397 1575 1425; x_wconf 79' lang='grc' dir='ltr'>διάθεσιν</span> <span class='ocrx_word' id='word_1_643' title='bbox 1583 1398 1689 1433; x_wconf 75' lang='grc' dir='ltr'>ὀφείλει</span> <span class='ocrx_word' id='word_1_644' title='bbox 1702 1407 1742 1429; x_wconf 85' lang='grc' dir='ltr'><strong>τις</strong></span> <span class='ocrx_word' id='word_1_645' title='bbox 1751 1396 1834 1426; x_wconf 79' lang='grc' dir='ltr'>κεκτῆ-</span> 
     </span>
    </p>
   </div>
   <div class='ocr_carea' id='block_1_87' title="bbox 1062 1442 1836 1480">
    <p class='ocr_par' dir='ltr' id='par_1_87' title="bbox 1062 1442 1836 1480">
     <span class='ocr_line' id='line_1_87' title="bbox 1062 1442 1836 1480; baseline 0 -8"><span class='ocrx_word' id='word_1_646' title='bbox 1062 1446 1136 1478; x_wconf 85' lang='grc' dir='ltr'>σθαι,</span> <span class='ocrx_word' id='word_1_647' title='bbox 1154 1445 1205 1476; x_wconf 76' lang='grc' dir='ltr'>τῆς</span> <span class='ocrx_word' id='word_1_648' title='bbox 1219 1445 1304 1480; x_wconf 82' lang='grc' dir='ltr'>αὐτῆς</span> <span class='ocrx_word' id='word_1_649' title='bbox 1320 1444 1459 1477; x_wconf 82' lang='grc' dir='ltr'>ἀξιοῦνται</span> <span class='ocrx_word' id='word_1_650' title='bbox 1476 1445 1524 1472; x_wconf 78' lang='grc' dir='ltr'>καὶ</span> <span class='ocrx_word' id='word_1_651' title='bbox 1545 1442 1629 1476; x_wconf 74' lang='grc' dir='ltr'>οὖτοι,</span> <span class='ocrx_word' id='word_1_652' title='bbox 1642 1444 1781 1480; x_wconf 83' lang='grc' dir='ltr'>πληρωταὶ</span> <span class='ocrx_word' id='word_1_653' title='bbox 1797 1442 1836 1477; x_wconf 77' lang='grc' dir='ltr'><strong>τῆς</strong></span> 
     </span>
    </p>
   </div>
   <div class='ocr_carea' id='block_1_88' title="bbox 1061 1487 1836 1525">
    <p class='ocr_par' dir='ltr' id='par_1_88' title="bbox 1061 1487 1836 1525">
     <span class='ocr_line' id='line_1_88' title="bbox 1061 1487 1836 1525; baseline -0.005 -7"><span class='ocrx_word' id='word_1_654' title='bbox 1061 1490 1234 1522; x_wconf 83' lang='grc' dir='ltr'>διδασκαλίας</span> <span class='ocrx_word' id='word_1_655' title='bbox 1257 1491 1305 1517; x_wconf 77' lang='grc' dir='ltr'>καὶ</span> <span class='ocrx_word' id='word_1_656' title='bbox 1329 1490 1487 1525; x_wconf 76' lang='grc' dir='ltr'>γεννητικοὶ</span> <span class='ocrx_word' id='word_1_657' title='bbox 1509 1489 1566 1517; x_wconf 88' lang='grc' dir='ltr'><strong>τῶν</strong></span> <span class='ocrx_word' id='word_1_658' title='bbox 1595 1490 1624 1523; x_wconf 78' lang='grc' dir='ltr'><strong>ἐξ</strong></span> <span class='ocrx_word' id='word_1_659' title='bbox 1646 1490 1733 1525; x_wconf 84' lang='grc' dir='ltr'>αὐτῆς</span> <span class='ocrx_word' id='word_1_660' title='bbox 1751 1487 1836 1524; x_wconf 75' lang='grc' dir='ltr'>φυομέ-</span> 
     </span>
    </p>
   </div>
   <div class='ocr_carea' id='block_1_89' title="bbox 1062 1534 1838 1572">
    <p class='ocr_par' dir='ltr' id='par_1_89' title="bbox 1062 1534 1838 1572">
     <span class='ocr_line' id='line_1_89' title="bbox 1062 1534 1838 1572; baseline -0.006 -8"><span class='ocrx_word' id='word_1_661' title='bbox 1062 1546 1117 1564; x_wconf 90' lang='grc' dir='ltr'>νων</span> <span class='ocrx_word' id='word_1_662' title='bbox 1140 1537 1250 1571; x_wconf 81' lang='grc' dir='ltr'>ἀγαθῶν</span> <span class='ocrx_word' id='word_1_663' title='bbox 1279 1536 1369 1572; x_wconf 81' lang='grc' dir='ltr'>ἔργων</span> <span class='ocrx_word' id='word_1_664' title='bbox 1396 1536 1545 1572; x_wconf 85' lang='grc' dir='ltr'>γινόμενοι.</span> <span class='ocrx_word' id='word_1_665' title='bbox 1575 1536 1679 1562; x_wconf 84' lang='grc' dir='ltr'>Σκόπει</span> <span class='ocrx_word' id='word_1_666' title='bbox 1708 1536 1735 1562; x_wconf 77' lang='grc' dir='ltr'>δὲ</span> <span class='ocrx_word' id='word_1_667' title='bbox 1759 1534 1838 1561; x_wconf 71' lang='grc' dir='ltr'>κάκεῖ-</span> 
     </span>
    </p>
   </div>
   <div class='ocr_carea' id='block_1_90' title="bbox 1062 1580 1838 1618">
    <p class='ocr_par' dir='ltr' id='par_1_90' title="bbox 1062 1580 1838 1618">
     <span class='ocr_line' id='line_1_90' title="bbox 1062 1580 1838 1618; baseline -0.001 -9"><span class='ocrx_word' id='word_1_668' title='bbox 1062 1591 1102 1614; x_wconf 88' lang='grc' dir='ltr'><strong>νο,</strong></span> <span class='ocrx_word' id='word_1_669' title='bbox 1117 1582 1155 1614; x_wconf 85' lang='grc' dir='ltr'>ὠς</span> <span class='ocrx_word' id='word_1_670' title='bbox 1171 1582 1265 1617; x_wconf 78' lang='grc' dir='ltr'>ἐπειδὴ</span> <span class='ocrx_word' id='word_1_671' title='bbox 1279 1582 1420 1618; x_wconf 81' lang='grc' dir='ltr'>προεῖπεν,</span> <span class='ocrx_word' id='word_1_672' title='bbox 1445 1589 1456 1607; x_wconf 71' lang='grc' dir='ltr'><strong>ε</strong></span> <span class='ocrx_word' id='word_1_673' title='bbox 1477 1581 1508 1608; x_wconf 81' lang='lat'><strong>&#39;0</strong></span> <span class='ocrx_word' id='word_1_674' title='bbox 1524 1581 1610 1615; x_wconf 83' lang='grc' dir='ltr'>φιλῶν</span> <span class='ocrx_word' id='word_1_675' title='bbox 1630 1581 1739 1616; x_wconf 80' lang='grc' dir='ltr'>πατέρα</span> <span class='ocrx_word' id='word_1_676' title='bbox 1761 1580 1776 1615; x_wconf 80' lang='grc' dir='ltr'>ἢ</span> <span class='ocrx_word' id='word_1_677' title='bbox 1796 1586 1838 1613; x_wconf 82' lang='grc' dir='ltr'>μη-</span> 
     </span>
    </p>
   </div>
   <div class='ocr_carea' id='block_1_91' title="bbox 1061 1626 1839 1664">
    <p class='ocr_par' dir='ltr' id='par_1_91' title="bbox 1061 1626 1839 1664">
     <span class='ocr_line' id='line_1_91' title="bbox 1061 1626 1839 1664; baseline -0.003 -10"><span class='ocrx_word' id='word_1_678' title='bbox 1061 1628 1129 1662; x_wconf 79' lang='grc' dir='ltr'>τέρα</span> <span class='ocrx_word' id='word_1_679' title='bbox 1150 1628 1220 1664; x_wconf 75' lang='grc' dir='ltr'>ὑπὲρ</span> <span class='ocrx_word' id='word_1_680' title='bbox 1236 1627 1298 1662; x_wconf 72' lang='grc' dir='ltr'>ἐμὲ,</span> <span class='ocrx_word' id='word_1_681' title='bbox 1313 1628 1364 1654; x_wconf 80' lang='grc' dir='ltr'>οὐκ</span> <span class='ocrx_word' id='word_1_682' title='bbox 1385 1627 1442 1655; x_wconf 77' lang='grc' dir='ltr'>ἔστι</span> <span class='ocrx_word' id='word_1_683' title='bbox 1467 1637 1520 1664; x_wconf 72' lang='grc' dir='ltr'>μου</span> <span class='ocrx_word' id='word_1_684' title='bbox 1534 1629 1620 1662; x_wconf 74' lang='grc' dir='ltr'>ἄξιος,</span> <span class='ocrx_word' id='word_1_685' title='bbox 1639 1637 1649 1655; x_wconf 77' lang='grc' dir='ltr'><strong>ι</strong></span> <span class='ocrx_word' id='word_1_686' title='bbox 1680 1627 1724 1656; x_wconf 73' lang='grc' dir='ltr'><strong>ἴνα</strong></span> <span class='ocrx_word' id='word_1_687' title='bbox 1742 1627 1776 1663; x_wconf 86' lang='grc' dir='ltr'>μὴ</span> <span class='ocrx_word' id='word_1_688' title='bbox 1788 1626 1839 1660; x_wconf 75' lang='grc' dir='ltr'>δόξῃ</span> 
     </span>
    </p>
   </div>
   <div class='ocr_carea' id='block_1_92' title="bbox 1064 1671 1840 1710">
    <p class='ocr_par' dir='ltr' id='par_1_92' title="bbox 1064 1671 1840 1710">
     <span class='ocr_line' id='line_1_92' title="bbox 1064 1671 1840 1710; baseline 0.001 -9"><span class='ocrx_word' id='word_1_689' title='bbox 1064 1673 1134 1710; x_wconf 77' lang='grc' dir='ltr'>βαρὺ</span> <span class='ocrx_word' id='word_1_690' title='bbox 1162 1674 1210 1701; x_wconf 79' lang='grc' dir='ltr'>καὶ</span> <span class='ocrx_word' id='word_1_691' title='bbox 1234 1674 1363 1701; x_wconf 85' lang='grc' dir='ltr'>δύσκολον</span> <span class='ocrx_word' id='word_1_692' title='bbox 1383 1675 1544 1702; x_wconf 75' lang='grc' dir='ltr'>ἐπιτάσσειν</span> <span class='ocrx_word' id='word_1_693' title='bbox 1568 1675 1750 1710; x_wconf 76' lang='grc' dir='ltr'>πρόσταγμα,</span> <span class='ocrx_word' id='word_1_694' title='bbox 1774 1671 1840 1702; x_wconf 67' lang='grc' dir='ltr'>αὑτδς</span> 
     </span>
    </p>
   </div>
   <div class='ocr_carea' id='block_1_93' title="bbox 1063 1719 1841 1757">
    <p class='ocr_par' dir='ltr' id='par_1_93' title="bbox 1063 1719 1841 1757">
     <span class='ocr_line' id='line_1_93' title="bbox 1063 1719 1841 1757; baseline 0 -11"><span class='ocrx_word' id='word_1_695' title='bbox 1063 1719 1143 1746; x_wconf 81' lang='grc' dir='ltr'>τοῦτο</span> <span class='ocrx_word' id='word_1_696' title='bbox 1166 1719 1273 1756; x_wconf 77' lang='grc' dir='ltr'>πρῶτος</span> <span class='ocrx_word' id='word_1_697' title='bbox 1299 1721 1435 1756; x_wconf 80' lang='grc' dir='ltr'>ἐκπληροῖ</span> <span class='ocrx_word' id='word_1_698' title='bbox 1454 1721 1494 1757; x_wconf 84' lang='grc' dir='ltr'>τῷ</span> <span class='ocrx_word' id='word_1_699' title='bbox 1521 1721 1583 1748; x_wconf 81' lang='grc' dir='ltr'>καθ’</span> <span class='ocrx_word' id='word_1_700' title='bbox 1609 1721 1706 1748; x_wconf 74' lang='grc' dir='ltr'>ἑαυτὸν</span> <span class='ocrx_word' id='word_1_701' title='bbox 1732 1719 1841 1752; x_wconf 64' lang='lat' dir='ltr'><strong>6x06257-</strong></span> 
     </span>
    </p>
   </div>
   <div class='ocr_carea' id='block_1_94' title="bbox 1065 1765 1841 1803">
    <p class='ocr_par' dir='ltr' id='par_1_94' title="bbox 1065 1765 1841 1803">
     <span class='ocr_line' id='line_1_94' title="bbox 1065 1765 1841 1803; baseline 0.001 -10"><span class='ocrx_word' id='word_1_702' title='bbox 1065 1775 1132 1802; x_wconf 82' lang='grc' dir='ltr'>ματι</span> <span class='ocrx_word' id='word_1_703' title='bbox 1152 1767 1245 1803; x_wconf 76' lang='grc' dir='ltr'>ῥᾳδίαν</span> <span class='ocrx_word' id='word_1_704' title='bbox 1269 1766 1488 1800; x_wconf 76' lang='grc' dir='ltr'>παρασκευάζων</span> <span class='ocrx_word' id='word_1_705' title='bbox 1511 1768 1561 1803; x_wconf 80' lang='grc' dir='ltr'>τὴν</span> <span class='ocrx_word' id='word_1_706' title='bbox 1583 1768 1712 1803; x_wconf 77' lang='grc' dir='ltr'>μίμησιν,</span> <span class='ocrx_word' id='word_1_707' title='bbox 1734 1766 1779 1794; x_wconf 70' lang='grc' dir='ltr'>καὶ</span> <span class='ocrx_word' id='word_1_708' title='bbox 1802 1765 1841 1798; x_wconf 76' lang='grc' dir='ltr'><strong>τῆς</strong></span> 
     </span>
    </p>
   </div>
   <div class='ocr_carea' id='block_1_95' title="bbox 1066 1812 1841 1850">
    <p class='ocr_par' dir='ltr' id='par_1_95' title="bbox 1066 1812 1841 1850">
     <span class='ocr_line' id='line_1_95' title="bbox 1066 1812 1841 1850; baseline -0.008 -9"><span class='ocrx_word' id='word_1_709' title='bbox 1066 1813 1206 1850; x_wconf 84' lang='grc' dir='ltr'>μητρικῆς</span> <span class='ocrx_word' id='word_1_710' title='bbox 1243 1813 1392 1849; x_wconf 84' lang='grc' dir='ltr'>θεραπείας</span> <span class='ocrx_word' id='word_1_711' title='bbox 1444 1813 1590 1849; x_wconf 83' lang='grc' dir='ltr'>προτίθησι</span> <span class='ocrx_word' id='word_1_712' title='bbox 1631 1815 1684 1848; x_wconf 77' lang='grc' dir='ltr'>τὴν</span> <span class='ocrx_word' id='word_1_713' title='bbox 1724 1812 1841 1846; x_wconf 69' lang='grc' dir='ltr'>ὠφέλειαν</span> 
     </span>
    </p>
   </div>
   <div class='ocr_carea' id='block_1_96' title="bbox 1065 1857 1842 1895">
    <p class='ocr_par' dir='ltr' id='par_1_96' title="bbox 1065 1857 1842 1895">
     <span class='ocr_line' id='line_1_96' title="bbox 1065 1857 1842 1895; baseline 0 -9"><span class='ocrx_word' id='word_1_714' title='bbox 1065 1860 1113 1886; x_wconf 70' lang='grc' dir='ltr'>καὶ</span> <span class='ocrx_word' id='word_1_715' title='bbox 1143 1859 1280 1895; x_wconf 83' lang='grc' dir='ltr'>σωτηρίαν</span> <span class='ocrx_word' id='word_1_716' title='bbox 1297 1859 1352 1886; x_wconf 86' lang='grc' dir='ltr'>τῶν</span> <span class='ocrx_word' id='word_1_717' title='bbox 1375 1859 1501 1886; x_wconf 71' lang='grc' dir='ltr'>πολλῶνν</span> <span class='ocrx_word' id='word_1_718' title='bbox 1521 1860 1665 1894; x_wconf 76' lang='grc' dir='ltr'>μονονουχὶ</span> <span class='ocrx_word' id='word_1_719' title='bbox 1688 1860 1744 1889; x_wconf 73' lang='grc' dir='ltr'>τοῖς</span> <span class='ocrx_word' id='word_1_720' title='bbox 1766 1857 1842 1893; x_wconf 74' lang='grc' dir='ltr'>ἔργοις</span> 
     </span>
    </p>
   </div>
   <div class='ocr_carea' id='block_1_97' title="bbox 1066 1902 1843 1942">
    <p class='ocr_par' dir='ltr' id='par_1_97' title="bbox 1066 1902 1843 1942">
     <span class='ocr_line' id='line_1_97' title="bbox 1066 1902 1843 1942; baseline -0.003 -11"><span class='ocrx_word' id='word_1_721' title='bbox 1066 1906 1158 1941; x_wconf 81' lang='grc' dir='ltr'>φωνὴν</span> <span class='ocrx_word' id='word_1_722' title='bbox 1171 1906 1272 1939; x_wconf 68' lang='grc' dir='ltr'>ἀφιείς·</span> <span class='ocrx_word' id='word_1_723' title='bbox 1282 1905 1328 1941; x_wconf 84' lang='grc' dir='ltr'><strong>Μὴ</strong></span> <span class='ocrx_word' id='word_1_724' title='bbox 1342 1906 1487 1940; x_wconf 79' lang='grc' dir='ltr'>νομίσηται</span> <span class='ocrx_word' id='word_1_725' title='bbox 1495 1908 1534 1926; x_wconf 72' lang='grc' dir='ltr'>ἰι</span> <span class='ocrx_word' id='word_1_726' title='bbox 1549 1906 1600 1942; x_wconf 82' lang='grc' dir='ltr'>τὴν</span> <span class='ocrx_word' id='word_1_727' title='bbox 1609 1905 1680 1940; x_wconf 82' lang='grc' dir='ltr'>ὲμὴν</span> <span class='ocrx_word' id='word_1_728' title='bbox 1690 1904 1795 1938; x_wconf 76' lang='grc' dir='ltr'>ἐντολὴν</span> <span class='ocrx_word' id='word_1_729' title='bbox 1806 1902 1843 1937; x_wconf 72' lang='grc' dir='ltr'><strong>βα-</strong></span> 
     </span>
    </p>
   </div>
   <div class='ocr_carea' id='block_1_98' title="bbox 1068 1949 1843 1987">
    <p class='ocr_par' dir='ltr' id='par_1_98' title="bbox 1068 1949 1843 1987">
     <span class='ocr_line' id='line_1_98' title="bbox 1068 1949 1843 1987; baseline -0.003 -10"><span class='ocrx_word' id='word_1_730' title='bbox 1068 1953 1143 1986; x_wconf 87' lang='grc' dir='ltr'>ρεῖαν</span> <span class='ocrx_word' id='word_1_731' title='bbox 1157 1949 1227 1978; x_wconf 75' lang='grc' dir='ltr'>εἶναι</span> <span class='ocrx_word' id='word_1_732' title='bbox 1239 1951 1286 1978; x_wconf 71' lang='grc' dir='ltr'>καὶ</span> <span class='ocrx_word' id='word_1_733' title='bbox 1301 1952 1498 1984; x_wconf 76' lang='grc' dir='ltr'>δυσεξάνυστον</span> <span class='ocrx_word' id='word_1_734' title='bbox 1510 1961 1517 1967; x_wconf 85' lang='grc'>·</span> <span class='ocrx_word' id='word_1_735' title='bbox 1531 1951 1605 1987; x_wconf 72' lang='grc' dir='ltr'>ἔργῳ</span> <span class='ocrx_word' id='word_1_736' title='bbox 1619 1952 1673 1986; x_wconf 86' lang='grc' dir='ltr'><strong>γὰρ</strong></span> <span class='ocrx_word' id='word_1_737' title='bbox 1690 1950 1786 1987; x_wconf 66' lang='lat' dir='ltr'><strong>Op.le</strong></span> <span class='ocrx_word' id='word_1_738' title='bbox 1803 1957 1843 1983; x_wconf 76' lang='grc' dir='ltr'>μη·</span> 
     </span>
    </p>
   </div>
   <div class='ocr_carea' id='block_1_99' title="bbox 1066 1993 1843 2032">
    <p class='ocr_par' dir='ltr' id='par_1_99' title="bbox 1066 1993 1843 2032">
     <span class='ocr_line' id='line_1_99' title="bbox 1066 1993 1843 2032; baseline -0.004 -9"><span class='ocrx_word' id='word_1_739' title='bbox 1066 1997 1124 2023; x_wconf 83' lang='grc' dir='ltr'>δενὶ</span> <span class='ocrx_word' id='word_1_740' title='bbox 1138 1996 1280 2031; x_wconf 74' lang='grc' dir='ltr'>τυγχάνων</span> <span class='ocrx_word' id='word_1_741' title='bbox 1294 1997 1448 2032; x_wconf 80' lang='grc' dir='ltr'>ὑπόχρεως,</span> <span class='ocrx_word' id='word_1_742' title='bbox 1471 1997 1581 2031; x_wconf 77' lang='grc' dir='ltr'>πρῶτος</span> <span class='ocrx_word' id='word_1_743' title='bbox 1598 1996 1645 2023; x_wconf 83' lang='grc' dir='ltr'>τοῦ</span> <span class='ocrx_word' id='word_1_744' title='bbox 1665 1996 1748 2031; x_wconf 72' lang='grc' dir='ltr'>ἔργου</span> <span class='ocrx_word' id='word_1_745' title='bbox 1767 1993 1843 2027; x_wconf 74' lang='grc' dir='ltr'>ἀπᾶρ-</span> 
     </span>
    </p>
   </div>
   <div class='ocr_carea' id='block_1_100' title="bbox 1067 2040 1842 2079">
    <p class='ocr_par' dir='ltr' id='par_1_100' title="bbox 1067 2040 1842 2079">
     <span class='ocr_line' id='line_1_100' title="bbox 1067 2040 1842 2079; baseline -0.004 -10"><span class='ocrx_word' id='word_1_746' title='bbox 1067 2051 1160 2078; x_wconf 83' lang='grc' dir='ltr'>χομαι,</span> <span class='ocrx_word' id='word_1_747' title='bbox 1178 2042 1226 2069; x_wconf 75' lang='grc' dir='ltr'>καὶ</span> <span class='ocrx_word' id='word_1_748' title='bbox 1243 2043 1294 2078; x_wconf 84' lang='grc' dir='ltr'>τῆς</span> <span class='ocrx_word' id='word_1_749' title='bbox 1319 2043 1460 2079; x_wconf 84' lang='grc' dir='ltr'>μητρικῆς</span> <span class='ocrx_word' id='word_1_750' title='bbox 1475 2043 1637 2078; x_wconf 80' lang='grc' dir='ltr'>θεραπείας,</span> <span class='ocrx_word' id='word_1_751' title='bbox 1655 2043 1696 2074; x_wconf 82' lang='grc' dir='ltr'>ὼς</span> <span class='ocrx_word' id='word_1_752' title='bbox 1710 2043 1774 2076; x_wconf 83' lang='grc' dir='ltr'>ὑμῖν</span> <span class='ocrx_word' id='word_1_753' title='bbox 1789 2040 1842 2075; x_wconf 76' lang='grc' dir='ltr'><strong>ὀρᾷν</strong></span> 
     </span>
    </p>
   </div>
   <div class='ocr_carea' id='block_1_101' title="bbox 1068 2082 1843 2124">
    <p class='ocr_par' dir='ltr' id='par_1_101' title="bbox 1068 2082 1843 2124">
     <span class='ocr_line' id='line_1_101' title="bbox 1068 2082 1843 2124; baseline -0.003 -9"><span class='ocrx_word' id='word_1_754' title='bbox 1068 2089 1195 2124; x_wconf 84' lang='grc' dir='ltr'>πάρεστι,</span> <span class='ocrx_word' id='word_1_755' title='bbox 1216 2087 1264 2123; x_wconf 81' lang='grc' dir='ltr'>τὴν</span> <span class='ocrx_word' id='word_1_756' title='bbox 1285 2087 1363 2123; x_wconf 82' lang='grc' dir='ltr'>ὑμῶν</span> <span class='ocrx_word' id='word_1_757' title='bbox 1388 2089 1529 2124; x_wconf 81' lang='grc' dir='ltr'>προκρίνω</span> <span class='ocrx_word' id='word_1_758' title='bbox 1553 2087 1704 2123; x_wconf 80' lang='grc' dir='ltr'>σωτηρίαν.</span> <span class='ocrx_word' id='word_1_759' title='bbox 1721 2087 1802 2113; x_wconf 78' lang='grc' dir='ltr'>Ὅπου</span> 
     </span>
    </p>
   </div>
   <div class='ocr_carea' id='block_1_102' title="bbox 1067 2130 1844 2170">
    <p class='ocr_par' dir='ltr' id='par_1_102' title="bbox 1067 2130 1844 2170">
     <span class='ocr_line' id='line_1_102' title="bbox 1067 2130 1844 2170; baseline -0.005 -9"><span class='ocrx_word' id='word_1_760' title='bbox 1067 2135 1177 2162; x_wconf 68' lang='grc' dir='ltr'>πάντων</span> <span class='ocrx_word' id='word_1_761' title='bbox 1200 2135 1339 2170; x_wconf 72' lang='grc' dir='ltr'>Δεσπότης</span> <span class='ocrx_word' id='word_1_762' title='bbox 1354 2135 1487 2170; x_wconf 83' lang='grc' dir='ltr'>ὑπάρχων</span> <span class='ocrx_word' id='word_1_763' title='bbox 1503 2135 1553 2161; x_wconf 77' lang='grc' dir='ltr'>καὶ</span> <span class='ocrx_word' id='word_1_764' title='bbox 1580 2134 1766 2170; x_wconf 80' lang='grc' dir='ltr'>Δημιουργὸς,</span> <span class='ocrx_word' id='word_1_765' title='bbox 1778 2130 1844 2158; x_wconf 55' lang='grc' dir='ltr'>τοῦτο</span> 
     </span>
    </p>
   </div>
   <div class='ocr_carea' id='block_1_103' title="bbox 1068 2177 1843 2217">
    <p class='ocr_par' dir='ltr' id='par_1_103' title="bbox 1068 2177 1843 2217">
     <span class='ocr_line' id='line_1_103' title="bbox 1068 2177 1843 2217; baseline -0.005 -9"><span class='ocrx_word' id='word_1_766' title='bbox 1068 2182 1133 2217; x_wconf 62' lang='grc' dir='ltr'>τερ).</span> <span class='ocrx_word' id='word_1_767' title='bbox 1157 2181 1230 2216; x_wconf 80' lang='grc' dir='ltr'>ὑμᾶς</span> <span class='ocrx_word' id='word_1_768' title='bbox 1256 2181 1356 2213; x_wconf 77' lang='grc' dir='ltr'>αὐτοὺς</span> <span class='ocrx_word' id='word_1_769' title='bbox 1372 2181 1423 2207; x_wconf 77' lang='grc' dir='ltr'>οὐκ</span> <span class='ocrx_word' id='word_1_770' title='bbox 1437 2180 1551 2215; x_wconf 78' lang='grc' dir='ltr'>ὤκνησα</span> <span class='ocrx_word' id='word_1_771' title='bbox 1572 2180 1774 2213; x_wconf 74' lang='grc' dir='ltr'>ἐπιδείξασθαι,</span> <span class='ocrx_word' id='word_1_772' title='bbox 1789 2177 1843 2206; x_wconf 63' lang='grc' dir='ltr'>ἀλλα</span> 
     </span>
    </p>
   </div>
   <div class='ocr_carea' id='block_1_104' title="bbox 1069 2222 1845 2262">
    <p class='ocr_par' dir='ltr' id='par_1_104' title="bbox 1069 2222 1845 2262">
     <span class='ocr_line' id='line_1_104' title="bbox 1069 2222 1845 2262; baseline -0.003 -8"><span class='ocrx_word' id='word_1_773' title='bbox 1069 2227 1116 2254; x_wconf 76' lang='grc' dir='ltr'>καὶ</span> <span class='ocrx_word' id='word_1_774' title='bbox 1134 2226 1266 2262; x_wconf 80' lang='grc' dir='ltr'>μητρῴας</span> <span class='ocrx_word' id='word_1_775' title='bbox 1281 2226 1402 2262; x_wconf 85' lang='grc' dir='ltr'>στοργῆς</span> <span class='ocrx_word' id='word_1_776' title='bbox 1419 2225 1470 2261; x_wconf 81' lang='grc' dir='ltr'>τὴν</span> <span class='ocrx_word' id='word_1_777' title='bbox 1487 2227 1528 2258; x_wconf 80' lang='grc' dir='ltr'>εἰς</span> <span class='ocrx_word' id='word_1_778' title='bbox 1543 2226 1617 2262; x_wconf 84' lang='grc' dir='ltr'>ὑμᾶς</span> <span class='ocrx_word' id='word_1_779' title='bbox 1631 2226 1752 2261; x_wconf 85' lang='grc' dir='ltr'>σπουδὴν</span> <span class='ocrx_word' id='word_1_780' title='bbox 1765 2222 1845 2259; x_wconf 67' lang='grc' dir='ltr'>προτέ-</span> 
     </span>
    </p>
   </div>
   <div class='ocr_carea' id='block_1_105' title="bbox 1072 2270 1843 2309">
    <p class='ocr_par' dir='ltr' id='par_1_105' title="bbox 1072 2270 1843 2309">
     <span class='ocr_line' id='line_1_105' title="bbox 1072 2270 1843 2309; baseline -0.001 -10"><span class='ocrx_word' id='word_1_781' title='bbox 1072 2273 1140 2309; x_wconf 82' lang='grc' dir='ltr'>Θημι</span> <span class='ocrx_word' id='word_1_782' title='bbox 1155 2273 1202 2300; x_wconf 76' lang='grc' dir='ltr'>καὶ</span> <span class='ocrx_word' id='word_1_783' title='bbox 1219 2273 1356 2300; x_wconf 76' lang='grc' dir='ltr'>διάθεσιν·</span> <span class='ocrx_word' id='word_1_784' title='bbox 1371 2274 1431 2305; x_wconf 81' lang='grc' dir='ltr'>πῶς</span> <span class='ocrx_word' id='word_1_785' title='bbox 1448 2273 1498 2299; x_wconf 82' lang='grc' dir='ltr'>οὐκ</span> <span class='ocrx_word' id='word_1_786' title='bbox 1510 2273 1588 2300; x_wconf 78' lang='grc' dir='ltr'>αὐτοὶ</span> <span class='ocrx_word' id='word_1_787' title='bbox 1603 2273 1708 2308; x_wconf 73' lang='grc' dir='ltr'>μᾶλλον</span> <span class='ocrx_word' id='word_1_788' title='bbox 1722 2270 1843 2307; x_wconf 69' lang='grc' dir='ltr'>ὀφειλέται</span> 
     </span>
    </p>
   </div>
   <div class='ocr_carea' id='block_1_106' title="bbox 1071 2319 1843 2356">
    <p class='ocr_par' dir='ltr' id='par_1_106' title="bbox 1071 2319 1843 2356">
     <span class='ocr_line' id='line_1_106' title="bbox 1071 2319 1843 2356; baseline -0.001 -10"><span class='ocrx_word' id='word_1_789' title='bbox 1071 2320 1270 2355; x_wconf 81' lang='grc' dir='ltr'>καθεστήκατε.</span> <span class='ocrx_word' id='word_1_790' title='bbox 1285 2321 1342 2352; x_wconf 81' lang='grc' dir='ltr'>τοῖς</span> <span class='ocrx_word' id='word_1_791' title='bbox 1364 2320 1469 2356; x_wconf 82' lang='grc' dir='ltr'>ὁμοίοις</span> <span class='ocrx_word' id='word_1_792' title='bbox 1482 2320 1644 2355; x_wconf 81' lang='grc' dir='ltr'>ἀμείϐεσθαι</span> <span class='ocrx_word' id='word_1_793' title='bbox 1656 2340 1664 2353; x_wconf 88' lang='grc'><strong>,</strong></span> <span class='ocrx_word' id='word_1_794' title='bbox 1681 2320 1730 2346; x_wconf 74' lang='grc' dir='ltr'>καὶ</span> <span class='ocrx_word' id='word_1_795' title='bbox 1750 2319 1843 2345; x_wconf 75' lang='grc' dir='ltr'>πάντων</span> 
     </span>
    </p>
   </div>
   <div class='ocr_carea' id='block_1_107' title="bbox 1070 2363 1844 2402">
    <p class='ocr_par' dir='ltr' id='par_1_107' title="bbox 1070 2363 1844 2402">
     <span class='ocr_line' id='line_1_107' title="bbox 1070 2363 1844 2402; baseline -0.004 -9"><span class='ocrx_word' id='word_1_796' title='bbox 1070 2366 1226 2402; x_wconf 82' lang='grc' dir='ltr'>ἔμπροσθεν</span> <span class='ocrx_word' id='word_1_797' title='bbox 1241 2366 1318 2400; x_wconf 85' lang='grc' dir='ltr'>ἄγειν</span> <span class='ocrx_word' id='word_1_798' title='bbox 1334 2366 1384 2401; x_wconf 83' lang='grc' dir='ltr'>τὴν</span> <span class='ocrx_word' id='word_1_799' title='bbox 1397 2367 1461 2402; x_wconf 80' lang='grc' dir='ltr'>περὶ</span> <span class='ocrx_word' id='word_1_800' title='bbox 1474 2366 1525 2401; x_wconf 81' lang='grc' dir='ltr'><strong>ἐμὲ</strong></span> <span class='ocrx_word' id='word_1_801' title='bbox 1535 2366 1582 2393; x_wconf 84' lang='grc' dir='ltr'>τὸν</span> <span class='ocrx_word' id='word_1_802' title='bbox 1599 2366 1750 2402; x_wconf 76' lang='grc' dir='ltr'>εὐεργέτην</span> <span class='ocrx_word' id='word_1_803' title='bbox 1767 2363 1844 2398; x_wconf 81' lang='grc' dir='ltr'>φιλίαν</span> 
     </span>
    </p>
   </div>
   <div class='ocr_carea' id='block_1_108' title="bbox 1070 2409 1845 2447">
    <p class='ocr_par' dir='ltr' id='par_1_108' title="bbox 1070 2409 1845 2447">
     <span class='ocr_line' id='line_1_108' title="bbox 1070 2409 1845 2447; baseline -0.004 -8"><span class='ocrx_word' id='word_1_804' title='bbox 1070 2413 1118 2439; x_wconf 68' lang='grc' dir='ltr'>καὶ</span> <span class='ocrx_word' id='word_1_805' title='bbox 1143 2412 1267 2445; x_wconf 82' lang='grc' dir='ltr'>εὖνοιαν;</span> <span class='ocrx_word' id='word_1_806' title='bbox 1296 2411 1384 2438; x_wconf 83' lang='grc' dir='ltr'>καίτοι</span> <span class='ocrx_word' id='word_1_807' title='bbox 1405 2412 1467 2438; x_wconf 70' lang='grc' dir='ltr'>οὐδὲ</span> <span class='ocrx_word' id='word_1_808' title='bbox 1490 2412 1578 2439; x_wconf 79' lang='grc' dir='ltr'>ταῦτα</span> <span class='ocrx_word' id='word_1_809' title='bbox 1603 2412 1637 2438; x_wconf 79' lang='grc' dir='ltr'>δι’</span> <span class='ocrx_word' id='word_1_810' title='bbox 1660 2411 1727 2447; x_wconf 73' lang='grc' dir='ltr'><strong>ἑμέ-</strong></span> <span class='ocrx_word' id='word_1_811' title='bbox 1755 2410 1780 2437; x_wconf 68' lang='lat' dir='ltr'><strong>si</strong></span> <span class='ocrx_word' id='word_1_812' title='bbox 1801 2409 1845 2442; x_wconf 68' lang='grc' dir='ltr'>γὰρ</span> 
     </span>
    </p>
   </div>
   <div class='ocr_carea' id='block_1_109' title="bbox 1070 2454 1845 2492">
    <p class='ocr_par' dir='ltr' id='par_1_109' title="bbox 1070 2454 1845 2492">
     <span class='ocr_line' id='line_1_109' title="bbox 1070 2454 1845 2492; baseline -0.006 -8"><span class='ocrx_word' id='word_1_813' title='bbox 1070 2457 1182 2484; x_wconf 77' lang='grc' dir='ltr'>εἰσοίσει</span> <span class='ocrx_word' id='word_1_814' title='bbox 1208 2456 1290 2488; x_wconf 75' lang='grc' dir='ltr'>πόθος</span> <span class='ocrx_word' id='word_1_815' title='bbox 1326 2457 1498 2492; x_wconf 86' lang='grc' dir='ltr'>ἀνθρώπινος</span> <span class='ocrx_word' id='word_1_816' title='bbox 1538 2457 1578 2492; x_wconf 89' lang='grc' dir='ltr'>τῷ</span> <span class='ocrx_word' id='word_1_817' title='bbox 1612 2456 1703 2484; x_wconf 78' lang='grc' dir='ltr'>πάντα</span> <span class='ocrx_word' id='word_1_818' title='bbox 1745 2454 1845 2488; x_wconf 76' lang='grc' dir='ltr'>νεύματι</span> 
     </span>
    </p>
   </div>
   <div class='ocr_carea' id='block_1_110' title="bbox 1071 2499 1845 2540">
    <p class='ocr_par' dir='ltr' id='par_1_110' title="bbox 1071 2499 1845 2540">
     <span class='ocr_line' id='line_1_110' title="bbox 1071 2499 1845 2540; baseline -0.004 -10"><span class='ocrx_word' id='word_1_819' title='bbox 1071 2504 1243 2540; x_wconf 76' lang='grc' dir='ltr'>περιάγοντι,</span> <span class='ocrx_word' id='word_1_820' title='bbox 1260 2503 1308 2530; x_wconf 72' lang='grc' dir='ltr'>καὶ</span> <span class='ocrx_word' id='word_1_821' title='bbox 1321 2499 1351 2530; x_wconf 76' lang='grc' dir='ltr'><strong>οὗ</strong></span> <span class='ocrx_word' id='word_1_822' title='bbox 1364 2503 1506 2530; x_wconf 83' lang='grc' dir='ltr'>δακτύλων</span> <span class='ocrx_word' id='word_1_823' title='bbox 1519 2503 1609 2538; x_wconf 74' lang='grc' dir='ltr'>ἔργον,</span> <span class='ocrx_word' id='word_1_824' title='bbox 1621 2503 1692 2538; x_wconf 80' lang='grc' dir='ltr'>αὑτὴ</span> <span class='ocrx_word' id='word_1_825' title='bbox 1716 2501 1793 2537; x_wconf 80' lang='grc' dir='ltr'>φύσις</span> <span class='ocrx_word' id='word_1_826' title='bbox 1806 2499 1845 2525; x_wconf 77' lang='grc' dir='ltr'>ἀν·</span> 
     </span>
    </p>
   </div>
   <div class='ocr_carea' id='block_1_111' title="bbox 1070 2542 1846 2585">
    <p class='ocr_par' dir='ltr' id='par_1_111' title="bbox 1070 2542 1846 2585">
     <span class='ocr_line' id='line_1_111' title="bbox 1070 2542 1846 2585; baseline -0.009 -9"><span class='ocrx_word' id='word_1_827' title='bbox 1070 2549 1198 2585; x_wconf 85' lang='grc' dir='ltr'>θρώπων,</span> <span class='ocrx_word' id='word_1_828' title='bbox 1215 2549 1262 2576; x_wconf 74' lang='grc' dir='ltr'><strong>καὶ</strong></span> <span class='ocrx_word' id='word_1_829' title='bbox 1278 2549 1404 2584; x_wconf 75' lang='grc' dir='ltr'>οὐρανὸς,</span> <span class='ocrx_word' id='word_1_830' title='bbox 1430 2549 1478 2575; x_wconf 77' lang='grc' dir='ltr'>καὶ</span> <span class='ocrx_word' id='word_1_831' title='bbox 1494 2548 1529 2575; x_wconf 82' lang='grc' dir='ltr'>τὰ</span> <span class='ocrx_word' id='word_1_832' title='bbox 1555 2547 1713 2583; x_wconf 82' lang='grc' dir='ltr'>σύμπαντα,</span> <span class='ocrx_word' id='word_1_833' title='bbox 1729 2545 1794 2573; x_wconf 66' lang='grc' dir='ltr'>ἀλλὰ</span> <span class='ocrx_word' id='word_1_834' title='bbox 1807 2542 1846 2569; x_wconf 67' lang='grc' dir='ltr'>καὶ</span> 
     </span>
    </p>
   </div>
   <div class='ocr_carea' id='block_1_112' title="bbox 1070 2588 1847 2630">
    <p class='ocr_par' dir='ltr' id='par_1_112' title="bbox 1070 2588 1847 2630">
     <span class='ocr_line' id='line_1_112' title="bbox 1070 2588 1847 2630; baseline -0.005 -8"><span class='ocrx_word' id='word_1_835' title='bbox 1070 2595 1158 2622; x_wconf 85' lang='grc' dir='ltr'>ταῦτα</span> <span class='ocrx_word' id='word_1_836' title='bbox 1173 2615 1180 2626; x_wconf 87' lang='grc'><strong>,</strong></span> <span class='ocrx_word' id='word_1_837' title='bbox 1209 2595 1305 2630; x_wconf 80' lang='grc' dir='ltr'>ὥσπερ</span> <span class='ocrx_word' id='word_1_838' title='bbox 1332 2595 1380 2622; x_wconf 73' lang='grc' dir='ltr'>καὶ</span> <span class='ocrx_word' id='word_1_839' title='bbox 1405 2595 1500 2628; x_wconf 76' lang='grc' dir='ltr'>τᾶλλα,</span> <span class='ocrx_word' id='word_1_840' title='bbox 1526 2594 1572 2621; x_wconf 83' lang='grc' dir='ltr'><strong>διὰ</strong></span> <span class='ocrx_word' id='word_1_841' title='bbox 1591 2595 1641 2630; x_wconf 74' lang='grc' dir='ltr'>τὴν</span> <span class='ocrx_word' id='word_1_842' title='bbox 1668 2593 1747 2629; x_wconf 85' lang='grc' dir='ltr'>ὑμῶν</span> <span class='ocrx_word' id='word_1_843' title='bbox 1770 2588 1847 2618; x_wconf 74' lang='grc' dir='ltr'>αὐτῶν</span> 
     </span>
    </p>
   </div>
   <div class='ocr_carea' id='block_1_113' title="bbox 1068 2634 1845 2677">
    <p class='ocr_par' dir='ltr' id='par_1_113' title="bbox 1068 2634 1845 2677">
     <span class='ocr_line' id='line_1_113' title="bbox 1068 2634 1845 2677; baseline -0.006 -9"><span class='ocrx_word' id='word_1_844' title='bbox 1068 2641 1191 2675; x_wconf 74' lang='grc' dir='ltr'>ἐπιζητῶ</span> <span class='ocrx_word' id='word_1_845' title='bbox 1219 2641 1367 2676; x_wconf 80' lang='grc' dir='ltr'>σωτηρίαν.</span> <span class='ocrx_word' id='word_1_846' title='bbox 1383 2641 1420 2668; x_wconf 51' lang='lat' dir='ltr'><strong>Ut)</strong></span> <span class='ocrx_word' id='word_1_847' title='bbox 1443 2642 1495 2677; x_wconf 82' lang='grc' dir='ltr'><strong>χρὴ</strong></span> <span class='ocrx_word' id='word_1_848' title='bbox 1513 2641 1545 2677; x_wconf 83' lang='grc' dir='ltr'>δὴ</span> <span class='ocrx_word' id='word_1_849' title='bbox 1560 2645 1574 2662; x_wconf 77' lang='grc' dir='ltr'><strong>ιι</strong></span> <span class='ocrx_word' id='word_1_850' title='bbox 1590 2640 1753 2676; x_wconf 75' lang='grc' dir='ltr'>Θαυμάζειν.</span> <span class='ocrx_word' id='word_1_851' title='bbox 1769 2637 1791 2663; x_wconf 84' lang='grc' dir='ltr'>εἱ</span> <span class='ocrx_word' id='word_1_852' title='bbox 1805 2634 1845 2667; x_wconf 75' lang='grc' dir='ltr'>τὴν</span> 
     </span>
    </p>
   </div>
   <div class='ocr_carea' id='block_1_114' title="bbox 1072 2680 1846 2723">
    <p class='ocr_par' dir='ltr' id='par_1_114' title="bbox 1072 2680 1846 2723">
     <span class='ocr_line' id='line_1_114' title="bbox 1072 2680 1846 2723; baseline -0.001 -9"><span class='ocrx_word' id='word_1_853' title='bbox 1072 2687 1178 2722; x_wconf 80' lang='grc' dir='ltr'>μητέρα</span> <span class='ocrx_word' id='word_1_854' title='bbox 1198 2687 1286 2722; x_wconf 73' lang='grc' dir='ltr'>τιμῶν</span> <span class='ocrx_word' id='word_1_855' title='bbox 1301 2688 1316 2713; x_wconf 82' lang='grc' dir='ltr'>ὁ</span> <span class='ocrx_word' id='word_1_856' title='bbox 1332 2687 1460 2722; x_wconf 82' lang='grc' dir='ltr'>Χριστὸς,</span> <span class='ocrx_word' id='word_1_857' title='bbox 1477 2687 1515 2718; x_wconf 83' lang='grc' dir='ltr'>ὡς</span> <span class='ocrx_word' id='word_1_858' title='bbox 1528 2687 1680 2723; x_wconf 80' lang='grc' dir='ltr'>προσῆκεν,</span> <span class='ocrx_word' id='word_1_859' title='bbox 1694 2686 1769 2720; x_wconf 74' lang='grc' dir='ltr'>ὅμως</span> <span class='ocrx_word' id='word_1_860' title='bbox 1797 2680 1846 2708; x_wconf 57' lang='grc' dir='ltr'><strong>οὖδῖ</strong></span> 
     </span>
    </p>
   </div>
   <div class='ocr_carea' id='block_1_115' title="bbox 845 2810 1194 2841">
    <p class='ocr_par' dir='ltr' id='par_1_115' title="bbox 845 2810 1194 2841">
     <span class='ocr_line' id='line_1_115' title="bbox 845 2810 1194 2841; baseline -0.006 -1"><span class='ocrx_word' id='word_1_861' title='bbox 845 2813 962 2841; x_wconf 71' lang='lat' dir='ltr'><strong>VARI/ﬁ</strong></span> <span class='ocrx_word' id='word_1_862' title='bbox 982 2810 1175 2840; x_wconf 78' lang='lat' dir='ltr'><strong>LECTIONES</strong></span> <span class='ocrx_word' id='word_1_863' title='bbox 1188 2833 1194 2839; x_wconf 87' lang='lat'><strong>.</strong></span> 
     </span>
    </p>
   </div>
   <div class='ocr_carea' id='block_1_116' title="bbox 271 2871 1013 2908">
    <p class='ocr_par' dir='ltr' id='par_1_116' title="bbox 271 2871 1013 2908">
     <span class='ocr_line' id='line_1_116' title="bbox 271 2871 1013 2908; baseline -0.005 -7"><span class='ocrx_word' id='word_1_864' title='bbox 271 2877 284 2898; x_wconf 68' lang='grc' dir='ltr'><strong>τι</strong></span> <span class='ocrx_word' id='word_1_865' title='bbox 299 2874 330 2901; x_wconf 69' lang='lat' dir='ltr'><strong>ll.</strong></span> <span class='ocrx_word' id='word_1_866' title='bbox 357 2874 392 2902; x_wconf 79' lang='grc' dir='ltr'>Μ.</span> <span class='ocrx_word' id='word_1_867' title='bbox 420 2874 602 2908; x_wconf 72' lang='grc' dir='ltr'>πνευματικὸς</span> <span class='ocrx_word' id='word_1_868' title='bbox 620 2872 707 2900; x_wconf 67' lang='lat' dir='ltr'><strong>dccsl.</strong></span> <span class='ocrx_word' id='word_1_869' title='bbox 748 2877 757 2891; x_wconf 74' lang='lat'><em>&#39;</em></span> <span class='ocrx_word' id='word_1_870' title='bbox 772 2872 852 2900; x_wconf 64' lang='lat'>(2.31.</span> <span class='ocrx_word' id='word_1_871' title='bbox 873 2877 945 2899; x_wconf 76' lang='lat' dir='ltr'><strong>recte</strong></span> <span class='ocrx_word' id='word_1_872' title='bbox 972 2871 1013 2898; x_wconf 74' lang='grc' dir='ltr'><strong>ἑτέ</strong></span> 
     </span>
    </p>
   </div>
   <div class='ocr_carea' id='block_1_117' title="bbox 1018 2879 1077 2907">
    <p class='ocr_par' dir='ltr' id='par_1_117' title="bbox 1018 2879 1077 2907">
     <span class='ocr_line' id='line_1_117' title="bbox 1018 2879 1077 2907; baseline -0.017 -9"><span class='ocrx_word' id='word_1_873' title='bbox 1018 2879 1077 2907; x_wconf 81' lang='grc' dir='ltr'>ρας.</span> 
     </span>
    </p>
   </div>
   <div class='ocr_carea' id='block_1_118' title="bbox 1118 2868 1498 2908">
    <p class='ocr_par' dir='ltr' id='par_1_118' title="bbox 1118 2868 1498 2908">
     <span class='ocr_line' id='line_1_118' title="bbox 1118 2868 1498 2908; baseline -0.011 -8"><span class='ocrx_word' id='word_1_874' title='bbox 1118 2873 1152 2889; x_wconf 76' lang='grc' dir='ltr'><strong>⁵·ι</strong></span> <span class='ocrx_word' id='word_1_875' title='bbox 1170 2872 1309 2908; x_wconf 74' lang='grc' dir='ltr'>νομὶσητε.</span> <span class='ocrx_word' id='word_1_876' title='bbox 1329 2875 1341 2889; x_wconf 58' lang='grc' dir='ltr'>η</span> <span class='ocrx_word' id='word_1_877' title='bbox 1361 2869 1391 2896; x_wconf 72' lang='grc' dir='ltr'>α.</span> <span class='ocrx_word' id='word_1_878' title='bbox 1409 2869 1445 2896; x_wconf 81' lang='grc' dir='ltr'><strong>Μ.</strong></span> <span class='ocrx_word' id='word_1_879' title='bbox 1459 2868 1498 2896; x_wconf 79' lang='grc' dir='ltr'><strong>δέ.</strong></span> 
     </span>
    </p>
   </div>
  </div>
