1874 3070
70 155 121 187 977

534 159 585 189 AD
617 159 918 191 AMPHILOCHIUM
941 160 1115 196 QUIESTIO
1143 160 1246 190 CCXV.

1647 161 1701 193 978

68 213 175 247 ταύτην
190 212 241 249 τῆς
253 211 333 248 ἡμῶν
348 212 510 249 ὑπερτίθησι
524 213 662 248 σωτηρίας
677 221 685 230 ’
698 214 745 240 καὶ
758 213 808 249 γὰρ

958 222 1036 247 cens,
1050 220 1145 242 nostra
1155 221 1239 242 causa
1253 214 1331 249 longe
1341 213 1394 242 alia
1404 217 1432 242 et
1449 213 1592 243 innumera
1604 222 1698 250 passus

70 261 119 286 καὶ
135 258 245 295 μητέρα
259 259 329 290 ὅλως
342 259 376 285 δι’
391 259 476 294 ἡμᾶς,
492 259 540 286 καὶ
554 259 598 286 διὰ
609 259 660 294 τὴν
683 260 763 295 ήμῶν
776 261 860 296 ἐκτή-

71 314 138 333 σατο
163 304 310 340 σωτηρίαν,
328 304 387 333 ἀλλ’
400 305 470 332 ὥστε
498 305 528 332 δὲ
553 306 663 334 αὑτοῦν
695 307 860 342 φεισάμενος

71 352 144 388 ὑπὲρ
152 351 242 387 ἡμῶν,
255 352 322 379 ἀλλὰ
338 352 452 378 κάκεῖνα
463 353 495 379 τὰ
507 352 590 388 μυρία
601 352 674 389 πάθη
680 353 800 385 ὑποστὰς
813 354 862 381 καὶ

70 398 116 426 τὸν
132 397 314 426 ἐπονείδιστον
329 399 432 425 ἐκεῖνον
444 399 491 425 καὶ
506 398 593 434 βίαιον
613 399 739 432 θάνατον,
754 400 788 427 't'v‘
800 401 861 429 ἀντὶ

71 445 202 478 Θανάτου,
213 445 287 480 ζωῆς
298 445 371 480 ἡμᾶς
379 445 515 472 ἀθανάτου
524 445 598 481 δείξῃ
606 446 800 481 κληρονόμους,
809 447 860 473 οὐκ

71 492 105 518 ἂν
121 491 278 523 ἀπεικότως
304 492 353 518 καὶ
376 492 426 527 τῆς
450 492 588 527 μητρυιῆς
608 492 780 528 συμπαθείας
810 492 860 528 τὴν

70 537 151 572 ἡμῶν
172 538 295 572 ἡγήσατο
321 537 523 572 προτιμοτέραν
554 538 703 573 σωτηρίαν.
716 539 749 565 El
768 537 859 573 βούλει

68 584 99 610 δὲ
124 584 236 611 κάκεῖνο
246 585 365 610 ,σκοπεῖν
380 591 393 605 κ
411 585 421 618 (
436 584 572 619 πολύχους
594 585 677 620 γὰρὴ
697 585 753 612 τῶν
778 584 859 613 Θείων

71 629 191 665 Γραφῶν
207 629 398 666 γεωργία,καὶ
414 631 514 666 πολλὴν
528 631 690 659 ἀναδιδοῦσα
708 633 765 663 τοῖς
782 631 860 666 φιλο-

69 678 185 706 πονοῦσι
200 679 252 710 τὴν
264 679 423 713 ὠφέλειαν),
433 679 540 711 οὐδενὸς
551 679 605 706 τῶν
617 679 704 707 ἄλλων
719 679 859 707 ἐνδεέστε-

70 734 119 760 ρον
130 725 293 761 δψῃ,ὃτιτδ,
304 735 314 752 ι
329 725 378 758 Τίς
392 726 467 752 ἐστιν
479 727 495 761 ἠ
510 726 602 761 μήτηρ
615 735 666 761 μου
680 726 728 754 καὶ
742 727 767 754 οί
778 725 858 753 ἀδελ-

70 771 116 804 φοί
131 779 183 806 μου
198 779 205 803 ;
225 780 234 796 ι
252 770 284 797 οὐ
307 770 377 806 πρὸς
398 771 447 805 τὴν
459 771 573 805 Μητέρα
596 771 806 806 ἀποτεινόμενος
820 772 859 799 εί-

69 825 158 850 ρηκεν
175 817 190 843 ό
220 817 332 852 Σωτήρο
345 817 438 851 ἐκείνη
453 817 507 851 γὰρ
521 818 537 852 ὴ
556 817 680 852 μακαρία
707 817 856 852 Παρθένος,

70 862 272 896 πμνοπρεπῶς
288 870 317 888 τε
335 863 381 888 καὶ
398 863 447 889 σὺν
469 863 599 897 εὺλαόείᾳ
615 863 667 896 ἔξω
681 863 784 896 ἵστατο,
797 863 858 890 οὐδὲ

914 264 966 287 est.
983 259 1121 294 Imprimis
1147 259 1375 287 contumeliosam
1395 259 1470 286 illam
1497 264 1524 286 et
1551 259 1699 287 violentam

913 310 1029 335 mortem
1049 306 1153 337 crucis,
1168 311 1198 333 ut
1212 305 1272 333 vitae
1293 308 1355 333 “nos
1372 310 1481 333 aeternze
1506 306 1638 337 haeredes,
1652 306 1701 341 qui

914 353 1009 380 mortis
1038 352 1188 382 fueramus.
1213 351 1336 380 faceret:
1367 360 1423 380 non
1453 357 1494 380 est
1521 353 1700 388 improbabile

914 399 989 425 illum
1005 402 1127 426 nostram
1142 399 1258 426 salutem
1272 399 1474 434 antiquiorem,
1498 406 1580 433 quam
1596 404 1699 426 mater-

914 453 975 472 nam
992 445 1121 473 habuisse
1135 445 1353 473 observantiam.
1371 444 1398 472 Si
1413 445 1503 473 adhuc
1518 445 1583 473 libet
1593 450 1620 473 et
1634 446 1700 473 illud

913 491 980 518 mihi
990 496 1063 524 nota,
1074 491 1227 519 divinarum
1238 491 1442 526 Scripturarum
1454 491 1610 526 agricolatio
1628 493 1700 518 mnl-

913 538 1052 573 tiplicibus
1067 538 1151 573 spicis
1177 538 1310 570 abundat,
1325 542 1352 565 et
1377 537 1528 572 plurimum
1555 538 1700 565 industriis

913 584 1087 611 commodum
1116 584 1256 616 concedit,
1285 591 1340 611 non
1362 584 1507 611 minimum
1528 583 1607 616 illud,
1626 584 1699 619 quod

913 631 957 658 illa
978 641 987 657 ι
1002 631 1068 663 Quze
1084 636 1126 658 est
1148 635 1236 658 mater
1258 638 1330 663 mea,
1351 634 1379 657 et
1402 630 1450 664 qui
1477 629 1578 658 fratres
1595 631 1648 658 mei
1662 631 1673 657 ’ί
1687 639 1698 656 ι

913 683 967 703 non
981 676 1007 702 in
1023 675 1135 702 Matrem
1149 675 1254 703 directa
1267 675 1380 710 protulit
1404 674 1535 702 Servatur
1554 676 1611 710 (illa
1625 676 1699 703 enim

912 722 990 749 beata
1006 721 1089 756 Virgo
1120 721 1243 749 modeste
1262 727 1292 748 ut
1312 721 1434 756 oportuit
1459 721 1533 749 foras
1563 723 1698 756 constitit,

913 777 962 795 nec
986 768 1098 796 liberam
1114 768 1230 795 adeundi
1245 768 1343 795 Filium
1359 768 1497 795 licentiam
1522 769 1698 803 vindicavit),

912 815 959 842 sed
975 822 1025 841 nec
1040 814 1153 842 docendi
1169 822 1280 842 cursum
1295 815 1495 849 interrumpere
1514 815 1633 846 volebat.
1651 816 1698 843 sed

914 861 1002 895 ipsum
1027 861 1215 888 tantummodo
1243 861 1378 896 gestiebat
1403 861 1534 889 salutare.
1559 862 1601 889 Ad
1615 870 1696 896 quem

67 908 118 942 τὴν
133 907 203 942 πρὸς
214 908 261 934 τὸν
275 908 340 934 Υίὸν
356 908 598 945 παρρησιαζομένη
619 909 719 936 είσοδον
732 917 739 924 ·
762 910 807 943 odi.

958 914 994 933 ,ur
1013 907 1140 941 dirigitur
1171 915 1265 934 sermo
1281 906 1443 935 Dominicus
1455 908 1467 934 ?
1481 912 1556 943 patet
1576 909 1647 944 quod
1664 909 1698 937 ad

67 954 116 980 οὖν
141 954 203 981 οὐδὲ
220 954 270 989 τὴν
293 954 471 982 διδασκαλίαν
499 957 712 990 περικόπτουσα,
731 955 813 982 αὐτὸν
827 955 856 982 δὲ

68 1000 152 1034 μόνον
167 1000 233 1027 ίδεϊν
250 1000 429 1028 ἑπιποθοῢσα,
440 1001 511 1035 Πρὸς
529 1001 588 1028 τίνα
602 1000 696 1028 λοιπὸν
707 1002 721 1027 ὁ
734 1002 861 1029 Δεσποτι-

67 1044 116 1076 κὸς
131 1044 212 1078 λόγος
224 1044 293 1080 ὁρᾷς
306 1044 385 1080 δῆλον
397 1049 423 1076 1,
437 1044 475 1076 ὡς
490 1044 556 1080 πρὸς
573 1045 685 1076 ἐκεῖνον,
705 1043 751 1070 τὸν
767 1044 818 1071 οὐκ
828 1045 856 1071 ὲν

68 1090 160 1126 καιρῷ
182 1091 229 1116 καὶ
255 1090 379 1126 θρασέως
402 1089 592 1124 ὲπιφωνοῦντα
617 1090 664 1116 καὶ
690 1089 859 1124 ἅνακράζον·

64 1144 113 1168 τα,
133 1145 143 1161 ι
168 1136 201 1162 Ἦ
218 1137 311 1172 μήτηρ
325 1144 372 1163 σου
388 1136 436 1163 καὶ
450 1137 476 1162 ot
496 1135 606 1170 ἀδελφοί
626 1144 674 1163 σου
688 1135 742 1168 ἔξω
760 1133 858 1170 ζητοῦ-

66 1182 94 1208 σί
110 1190 153 1212 σε.
168 1191 178 1208 ι
203 1182 322 1214 Ἐκεῖνος
338 1182 395 1217 γὰρ
417 1182 431 1208 ὁ
452 1181 577 1214 Ἰουδαῖος
594 1181 672 1216 (οὐδὲ
687 1181 743 1217 γὰρ
760 1180 858 1216 ἔχομεν

65 1227 164 1254 τούτου
192 1227 359 1263 κυριώτερον
382 1228 414 1255 ὲκ
430 1227 485 1254 τῶν
500 1227 676 1262 Εὑαγγελίων
689 1227 775 1262 ὄνομα
790 1229 798 1259 )
813 1227 858 1253 ὅτε

64 1273 105 1309 τῷ
132 1274 256 1310 Δεσπότῃ
279 1273 467 1310 προσεφώνει,
489 1274 565 1301 οὐδὲν
580 1274 610 1301 οὑ
636 1273 716 1308 μόνον
737 1274 858 1308 συνῆπτε

64 1320 144 1353 ῥῆμα
161 1318 385 1355 σεσασμιότητος,
400 1319 459 1346 ἀλλ’
478 1319 538 1346 οὐδὲ
563 1319 609 1345 τὸν
631 1319 772 1354 πρέποντα
794 1327 857 1345 και-

65 1365 112 1400 ρὸν
129 1364 291 1399 ἀναμείνας,
305 1364 374 1391 ἀλλά
394 1365 442 1392 καὶ
461 1365 510 1400 τὴν
536 1365 712 1392 διδασκαλίαν
736 1365 857 1400 περικό-

62 1419 154 1443 πτων,
164 1411 213 1437 καὶ
223 1410 307 1447 πολλῇ
318 1411 459 1446 χρώμενος
471 1412 504 1446 τῇ
517 1410 649 1445 αὐθαδείᾳ
661 1411 708 1438 καὶ
719 1410 856 1446 θρασύτη-

61 1465 101 1488 τι,
119 1457 163 1490 τδ,
176 1465 185 1482 ι
207 1457 238 1483 'H
251 1457 344 1492 μήτηρ
359 1465 408 1483 σου
421 1457 468 1484 καὶ
485 1457 510 1483 οί
524 1456 633 1490 ἀδελφοί
655 1465 716 1488 σου,
735 1456 854 1492 προσέρ-

63 1505 185 1539 ριπτεν.
211 1502 264 1535 ἔξω
291 1503 404 1538 ζητοῠσί
427 1511 469 1530 σε.
490 1512 499 1529 ι
514 1501 597 1537 Οἶμαι
618 1502 647 1529 δὲ
671 1502 753 1528 αὑτὸν
775 1502 855 1529 τοῦτο

62 1550 236 1587 δεδρακέναι,
247 1550 349 1577 ὡσανεὶ
359 1550 407 1590 καὶ
422 1549 477 1576 ἀπὸ
486 1548 534 1576 τοῦ
552 1549 648 1583 γένους
665 1548 853 1576 ἐπισκώπτειν

61 1595 108 1622 τὸν
122 1596 215 1622 κοινὸν
228 1595 276 1622 τοῦ
291 1595 389 1630 γένους
404 1595 521 1630 Σωτῆρα
543 1594 799 1629 διαμηχανώμενον.
816 1594 853 1621 Οὐ

59 1642 116 1678 γὰρ
134 1641 170 1669 ἂν
186 1641 258 1669 οὕτω
271 1641 408 1677 θρασέως,
429 1641 477 1668 καὶΙ
491 1643 531 1674 είς
550 1641 670 1677 ὑπήκοον
684 1647 696 1660 ι
711 1641 765 1669 τῶν
779 1641 854 1668 διδα-

61 1688 216 1723 σκομένων,
238 1688 285 1715 τὸν
310 1688 461 1723 ὀνειδισμὸν
482 1688 647 1722 οἰκειότερον
670 1688 788 1724 εἰπεῖνῆ
804 1688 853 1723 τὴν

59 1734 214 1770 πρόκλησιν
228 1734 275 1760 τοῦ
292 1734 428 1760 Δεσπότου
457 1733 606 1769 ἐπεποίητο
619 1742 626 1749 ·
642 1734 690 1760 καὶ
705 1733 794 1760 ταῦτα
811 1734 852 1760 δι-

59 1781 219 1816 εμηχανᾶτο
228 1781 275 1807 καὶ
288 1780 511 1812 συνεσκευάζετο,
525 1779 728 1816 ῥᾳθυμοτέρως
742 1789 772 1807 τε
788 1780 853 1815 περὶ

59 1826 109 1861 τὴν
132 1826 277 1861 ἀκρόασιν,
296 1826 327 1853 τό
352 1834 384 1860 γε
400 1826 460 1853 καθ’
474 1826 580 1858 ἑαυτὸν,
602 1827 633 1852 τὸ
648 1826 750 1861 πλῆθος
765 1827 852 1862 ἀπερ-

58 1871 223 1907 γαζόμενος,
241 1872 289 1898 καὶ
305 1872 337 1898 τὸ
359 1871 515 1904 ἀξιόπιστον
539 1872 587 1899 τοῦ
611 1872 785 1905 διδασκάλου,
798 1872 852 1898 ἀπό

57 1923 90 1948 γε
122 1914 172 1950 τῆς
192 1915 362 1949 συγγενείας,
377 1915 415 1947 ὡς
446 1916 772 1951 ὲνόμιζεν,ἐξευτελίξων
803 1917 850 1944 καὶ

58 1961 290 1996 ὑποτεμνόμενος.
304 1962 360 1988 Καὶ
384 1961 439 1997 γὰρ
469 1962 517 1989 καὶ
534 1962 652 1997 ἀλλαχοῦ
669 1963 795 1998 φαίνεται
821 1963 851 1990 τὸ

63 2006 191 2033 Ἰουδαῖον
209 2006 296 2040 ἔθνος,
309 2007 358 2034 καὶ
376 2008 493 2044 μάλιστα
507 2009 578 2036 κατά
592 2009 638 2035 τὸν
651 2009 747 2044 καιρὸν
760 2011 810 2044 τῆς
820 2018 850 2036 τε

56 2051 245 2084 διδασκαλίας,
261 2053 308 2079 καί
334 2062 366 2087 γε
393 2054 442 2081 καὶ
466 2054 516 2089 τῆς
544 2054 778 2090 θαυματουργίαξ.
812 2055 850 2090 τῷ

56 2097 147 2132 φθόνῳ
160 2097 469 2133 διαπιμπράμενον,’καὶ
483 2099 550 2134 πρὸς
562 2099 687 2132 διαϐολὰς
699 2102 744 2127 καὶ
757 2100 850 2136 ὕϐρεις

54 2142 101 2169 τοῦ
117 2143 256 2171 Δεσπότου
271 2144 395 2177 ἐκτόπως
420 2145 653 2181 ἀναερλεγὸμενον.
671 2156 681 2172 ε
700 2148 756 2182 Οὐχ
770 2145 849 2179 οὗτος

55 2189 110 2223 γάρ
118 2189 188 2221 ἐστι,
198 2190 290 2224 φησὶν,
299 2190 365 2217 ὁτοῦ
374 2191 499 2222 τέκτονος
508 2191 577 2225 vide;
595 2203 604 2218 ι
619 2192 666 2218 καὶ
677 2193 770 2225 πάλιν,
780 2203 789 2219 ‹
801 2193 850 2220 Οἴ-

54 2234 141 2269 δαμεν
148 2234 194 2261 τὺν
205 2235 310 2270 πατέρα
320 2236 403 2263 αὑτοῦ
414 2237 462 2263 καὶ
472 2236 522 2273 τὴν
532 2238 639 2273 μητέρα
650 2246 656 2252 ’
669 2247 678 2263 ι
694 2239 751 2270 καὶ,
767 2248 776 2264 ι
795 2235 849 2266 Οὗ-

53 2288 100 2312 τος
107 2281 159 2307 οὐκ
175 2281 286 2315 οἴδαμεν
298 2282 379 2309 πόθεν
392 2282 465 2309 ἐστίν
478 2291 485 2316 ;
500 2292 510 2308 ›
528 2283 586 2316 καὶ,
602 2294 611 2310 ι
628 2284 696 2319 Οὐχὶ
704 2285 846 2320 παρ’ήμίν

53 2327 126 2352 είσιν
144 2326 170 2352 οἱ
187 2327 298 2361 ἀδελφοὶ
310 2328 392 2354 αὐτοῦ
413 2328 460 2355 καὶ
474 2329 503 2355 αί
521 2329 636 2364 ἀδελφαὶ
644 2330 726 2357 αὑτοῦ
745 2339 753 2364 ;
774 2341 783 2356 ι
800 2332 848 2359 καὶ

53 2371 141 2400 πολλά
151 2372 265 2399 τοιαῦτα
274 2373 422 2408 βασκανίας
434 2375 468 2410 ῥή
474 2384 557 2410 ματα.
569 2377 614 2403 Διὸ
625 2377 672 2403 καὶ
681 2378 695 2404 ό
706 2377 845 2412 Δεσπότης

52 2418 172 2453 Χριστὸς
183 2419 303 2455 ἐλέγχων
310 2420 393 2447 αὑτοῦ
405 2421 454 2456 τὴν
467 2423 653 2457 παρανομίαν,
663 2423 711 2449 καὶ
720 2424 753 2450 δι’
761 2423 844 2451 αὐτοῦ

52 2464 107 2490 τῶν
123 2465 285 2501 ὀμοφρόνων
302 2465 333 2492 τὸ
345 2465 485 2502 σύστημα,
504 2468 544 2499 είς
558 2468 687 2504 τοιαύτην
700 2469 762 2496 τινὰ
786 2469 844 2497 διάη

52 2518 129 2537 νοιαν
145 2511 192 2537 τὸν
209 2510 288 2545 λόγον
306 2513 481 2548 σχηματίζων
494 2514 545 2548 τῆς
555 2514 740 2548 ἀποκρίσεως,
765 2524 774 2540 ι
794 2515 844 2549 Τίς

52 2557 224 2591 ὲστι,φησὶν,
234 2559 251 2593 ἡ
266 2559 359 2594 μήτηρ
374 2568 437 2594 μου,
453 2560 499 2586 καὶ
510 2561 535 2586 oi
548 2561 658 2595 ἀδελφοί
673 2570 723 2596 μου
735 2571 742 2595 ;
756 2561 845 2588 Τουτσ-

51 2602 120 2635 ἐστι,
135 2603 169 2629 Τί
193 2603 244 2640 τὴν
260 2605 376 2640 μητέρα,
391 2606 438 2632 καὶ
460 2607 523 2638 τοὺς
541 2606 675 2641 ἀδελφοὺς
691 2608 731 2639 είς
745 2607 842 2635 ὀνειδι-

53 2649 121 2682 σμὸν
138 2650 290 2685 προφέρειν
307 2651 478 2687 ὲμελέτησας
492 2660 500 2684 ;
515 2652 605 2688 μάτην
619 2661 659 2680 σοι
673 2653 841 2690 διεμηχανή-

52 2693 84 2729 θη
98 2695 128 2721 τὸ
152 2697 347 2733 κακούργημα,
367 2698 407 2729 είς
421 2698 576 2725 τούναντίον
594 2707 636 2726 σοι
663 2701 839 2735 περιτραπή-

88 2761 110 2776 ⁶⁰
122 2762 219 2790 Matth.
233 2772 280 2797 xu,
290 2765 335 2792 47.

393 2766 413 2781 ⁸³
445 2766 540 2794 Matth.
559 2775 619 2800 xm,
648 2768 693 2795 55.
733 2769 755 2784 δ’
770 2768 956 2802 Joan.vt,42.

909 960 984 984 eum,
1007 954 1054 988 qui
1072 953 1140 980 satis
1155 953 1346 988 intempestive
1375 953 1555 982 vociferando
1566 960 1593 982 et
1606 956 1695 983 incla—

909 999 1011 1026 mando
1024 999 1143 1031 dicebat,
1163 1008 1172 1025 ι
1189 998 1274 1026 Mater
1289 1005 1336 1026 tua
1355 1004 1384 1027 et
1398 1000 1496 1028 fratres
1511 1001 1551 1028 tui
1573 1006 1599 1028 te
1623 1001 1698 1029 foras

907 1048 1033 1078 quaerunt
1040 1043 1072 1070 ‘°.
1083 1053 1093 1070 ι
1106 1043 1178 1079 Erat,
1189 1044 1234 1072 ille
1249 1043 1371 1077 Iudaeus,
1384 1053 1434 1072 nec
1447 1045 1501 1073 alio
1518 1047 1629 1081 proprio
1647 1054 1696 1073 no-

908 1090 983 1118 mine
1005 1090 1108 1118 dictum
1125 1091 1258 1118 habemus
1271 1091 1297 1117 in
1312 1090 1470 1127 Evangelio.
1495 1091 1543 1120 Ille
1559 1100 1621 1121 cum
1644 1093 1698 1120 Do-

908 1138 1012 1165 minum
1027 1137 1224 1172 alloqueretur,
1238 1145 1291 1165 non
1300 1138 1382 1165 modo
1399 1138 1504 1165 nullum
1519 1139 1632 1167 verbum
1651 1149 1696 1167 re-

908 1184 1033 1210 verentiae
1042 1183 1166 1216 evolavit,
1181 1183 1229 1211 sed
1239 1191 1289 1211 nec
1302 1188 1410 1218 tempus
1417 1185 1588 1219 praestolatus
1596 1193 1697 1221 oppor-

907 1233 1004 1255 tunum
1019 1229 1132 1256 docendi
1157 1236 1268 1256 cursum
1297 1229 1452 1264 interrupit,
1469 1235 1497 1257 et
1524 1238 1588 1258 cum
1611 1231 1695 1258 multa

908 1274 1021 1302 audacia
1038 1279 1066 1301 et
1090 1275 1242 1309 supercilio
1259 1275 1462 1310 projecitillnd,
1482 1286 1491 1302 ι
1511 1276 1595 1304 Mater
1612 1281 1656 1304 tua
1668 1283 1696 1304 ot

907 1319 1006 1348 fratres
1021 1320 1058 1346 tui
1073 1323 1099 1345 te
1120 1320 1187 1347 foris
1207 1325 1345 1355 qumrunt.
1362 1330 1372 1347 ι
1394 1320 1468 1349 Reor
1482 1327 1572 1349 autem
1595 1330 1627 1349 eo
1642 1324 1695 1349 line

907 1364 1002 1392 hocab
1017 1365 1063 1392 illo
1077 1365 1239 1398 factitatum,
1250 1371 1279 1393 ut
1290 1367 1336 1401 qui
1351 1367 1467 1395 voluerit
1483 1369 1556 1395 omni
1571 1369 1693 1396 machina

906 1410 1026 1437 adhibita
1049 1411 1158 1446 generis
1180 1412 1267 1438 nostri
1287 1412 1435 1440 Auctorem
1455 1413 1489 1440 ab
1507 1413 1626 1441 humana
1644 1422 1693 1441 sua

907 1457 1081 1491 generatione
1093 1457 1256 1485 traducere:
1275 1466 1330 1485 non
1347 1459 1421 1485 enim
1439 1464 1492 1486 tam
1503 1461 1656 1494 petulanter
1667 1461 1693 1488 in

906 1502 1018 1529 auribus
1048 1502 1204 1531 auditorum
1229 1505 1466 1539 exprobrationem
1500 1506 1592 1541 potius
1611 1514 1694 1542 quam

905 1549 1091 1576 evocationem
1104 1549 1233 1577 adbibere
1256 1550 1377 1583 Volebat,
1394 1551 1448 1579 nisi
1464 1551 1491 1579 id
1515 1553 1615 1586 agebat
1634 1560 1693 1579 ma.

906 1594 1052 1627 cbinando,
1082 1599 1114 1622 ut
1140 1595 1295 1630 ignaviores
1324 1596 1450 1625 redderet
1481 1597 1631 1626 auditores.
1653 1598 1692 1626 ιιι

906 1645 1039 1676 quantum
1053 1642 1080 1668 in
1098 1642 1157 1676 ipso
1170 1648 1229 1670 erat
1243 1643 1356 1671 abduxit
1369 1644 1403 1671 ab
1416 1643 1552 1672 audiendo
1568 1645 1694 1672 multitu-

905 1688 1008 1721 dinem,
1021 1694 1048 1715 et
1062 1689 1182 1717 dortoris
1197 1690 1380 1718 reverentiam
1395 1691 1574 1719 imminuendi
1589 1691 1692 1724 animo,

904 1742 953 1768 per
971 1734 1174 1762 vilificationem
1195 1736 1331 1770 prosapiei
1356 1737 1542 1771 interrumpit.
1573 1739 1694 1772 Apparet

904 1781 975 1807 enim
994 1785 1021 1808 et
1049 1781 1112 1808 alibi
1130 1781 1274 1809 Judaicam
1301 1787 1409 1817 gentem
1435 1790 1498 1810 cum
1523 1783 1603 1815 alias,
1634 1789 1691 1810 tum

903 1826 1039 1860 praecipue
1066 1835 1128 1854 cum
1149 1828 1260 1855 doceret
1274 1833 1323 1855 aut
1337 1829 1468 1856 miracula
1484 1829 1570 1861 daret,
1589 1830 1692 1859 invidia

902 1880 1076 1904 succensum,
1102 1878 1129 1900 et
1151 1875 1183 1901 ad
1217 1875 1404 1902 accusandum
1427 1876 1691 1911 convitiandumque

903 1918 1047 1949 Dominum
1062 1920 1159 1947 insano
1175 1921 1257 1947 modo
1274 1922 1481 1948 inflammatam.
1498 1922 1536 1948 [ta
1550 1923 1689 1956 inquiunt,

904 1973 915 1990 ι
931 1965 1027 1991 Annon
1044 1965 1088 1992 hic
1104 1970 1146 1993 est
1164 1966 1233 1993 fabri
1254 1967 1326 1994 [ilius
1334 1967 1376 1994 “‘2
1389 1977 1398 1994 ι
1413 1973 1450 2001 et,
1474 1978 1483 1994 ι
1496 1968 1627 1997 Novimus
1642 1977 1690 2004 pa-

903 2016 970 2037 trem
992 2011 1051 2045 ejus
1077 2019 1109 2038 ac
1138 2018 1252 2039 matrem
1277 2014 1338 2047 ejus
1349 2014 1372 2030 ⁵³
1388 2021 1396 2040 :
1417 2023 1427 2040 ι
1446 2018 1483 2047 et,
1498 2023 1507 2040 ι
1521 2015 1619 2042 Annon
1638 2023 1687 2042 nos

902 2056 1006 2085 scimus
1028 2057 1099 2084 unde
1126 2057 1178 2085 iste
1201 2059 1317 2086 est“?i
1334 2064 1370 2092 et,
1400 2069 1409 2085 ι
1428 2060 1523 2088 Nonne
1546 2061 1617 2096 apud
1639 2069 1690 2088 nos

902 2107 967 2130 sunt
989 2102 1127 2131 fratreset
1158 2111 1268 2131 sorores
1297 2106 1457 2139 ipsius"?i
1476 2112 1503 2134 et
1527 2108 1611 2134 multa
1636 2109 1689 2135 alia

902 2150 1098 2178 malevolentiae
1121 2151 1204 2178 verba
1237 2152 1375 2186 ingerunt.
1403 2152 1536 2186 Quocirca
1562 2154 1690 2182 Christus

901 2195 1033 2224 Dominus
1043 2196 1229 2224 incivilitatem
1241 2197 1315 2226 illius
1327 2199 1502 2234 redarguens,
1514 2205 1540 2227 et
1553 2209 1600 2234 per
1612 2201 1686 2228 illum

901 2246 1064 2271 conventum
1079 2250 1173 2270 eorum
1192 2244 1236 2278 qui
1253 2244 1349 2271 eodem
1371 2246 1463 2273 animo
1491 2247 1582 2274 affecti
1598 2252 1686 2280 erant,

899 2287 934 2315 ad
948 2287 1127 2322 cogitationes
1140 2289 1295 2316 istiusmodi
1311 2292 1501 2320 accommodat
1512 2300 1686 2327 responsum.

897 2337 924 2361 et
939 2333 1037 2368 inquit,
1056 2343 1065 2360 ι
1077 2334 1145 2367 Quae
1158 2340 1200 2362 est
1210 2340 1296 2363 mater
1315 2344 1373 2363 mea
1386 2337 1397 2362 ?
1409 2337 1457 2372 qui
1470 2339 1522 2364 mei
1542 2338 1661 2366 fratres?
1673 2347 1684 2364 ι

896 2380 975 2414 quasi
1000 2379 1124 2408 diceret:
1154 2381 1223 2414 Quid
1251 2382 1317 2409 mihi
1346 2388 1460 2410 matrem
1488 2388 1517 2411 et
1530 2383 1630 2412 fratres
1655 2384 1684 2411 in

895 2425 1073 2459 opprobrium
1091 2426 1215 2461 ingeris?
1228 2427 1329 2455 frustra
1345 2429 1391 2456 tibi
1409 2429 1463 2456 hoc
1476 2430 1559 2457 cessit
1581 2430 1685 2458 machi-

897 2479 1067 2506 namentum,
1082 2474 1110 2501 in
1118 2475 1288 2503 contrarium
1301 2481 1475 2504 convertetur
1487 2477 1617 2504 insidiosa
1629 2477 1686 2504 hac

895 2524 941 2547 tua
958 2519 1118 2555 satagentia.
1131 2519 1247 2548 Tantum
1259 2522 1331 2549 enim
1351 2523 1429 2549 abest
1445 2527 1476 2550 ut
1486 2531 1529 2550 me
1542 2527 1682 2557 parentum

894 2573 1019 2594 meorum
1041 2566 1180 2594 tenuitatis
1199 2567 1312 2601 pudeat,
1345 2572 1374 2595 ut
1393 2577 1446 2596 non
1462 2569 1551 2597 solum
1569 2574 1676 2596 matren

893 2619 955 2644 qua:
977 2619 1021 2640 me
1040 2612 1211 2641 incarnatum
1232 2621 1296 2641 vere
1319 2615 1434 2649 peperit,
1462 2623 1621 2650 agnoscam,
1636 2615 1683 2643 sed

895 2658 1008 2692 insuper
1019 2662 1046 2686 et
1061 2658 1129 2686 istos
1152 2667 1222 2694 quos
1249 2660 1317 2688 viles
1340 2661 1456 2688 intueris
1483 2667 1509 2688 et
1527 2663 1682 2696 despectos,

894 2703 953 2730 sine
970 2704 1037 2732 urbe
1049 2709 1077 2732 et
1090 2705 1151 2733 loco
1162 2713 1308 2740 pauperes,
1329 2706 1393 2734 licet
1401 2707 1475 2734 nulla
1490 2714 1534 2735 me
1545 2708 1682 2743 attingant

1016 2771 1039 2787 ⁸³
1053 2770 1132 2799 Joan.
1150 2772 1244 2805 ix,29.
1283 2773 1306 2789 ⁸³
1322 2772 1404 2801 Marc.
1421 2780 1457 2806 vr,
1470 2773 1496 2800 5.

690 2825 803 2852 VARle
821 2826 1025 2856 LEGTIONES.

89 2880 102 2894 '
119 2876 205 2910 ἄλλως
217 2878 247 2905 τέ
259 2887 290 2913 γε
307 2879 355 2915 οὐχ
371 2881 477 2908 ἑαυτοῦ.
528 2886 539 2900 ³
573 2883 678 2910 σκόπει.

715 2888 729 2908 r
747 2885 778 2912 c.
797 2885 831 2912 ιι.
845 2885 862 2920 ἦ
876 2885 965 2921 δῆλον.

1008 2892 1018 2906 κ
1036 2887 1166 2923 ἐπήκοον.
