1874 3070
172 144 229 178 979

174 204 314 236 aliinitate,
326 210 379 231 non
401 202 517 238 abnego,
541 201 587 229 sed
603 201 670 229 miltl
697 202 824 236 proprius
839 208 961 233 assumo,
975 201 1002 232 Α

175 251 273 278 matris
295 255 322 277 et
339 249 454 276 fratrum
484 249 551 276 mihi
576 248 667 276 locum
695 248 868 281 impleturus,
884 247 964 274 modo

175 305 224 332 per
237 304 322 324 int-am
334 295 486 323 doctrinam
501 295 616 328 inducti,
626 295 717 321 Patris
731 294 783 321 mei
798 294 964 328 adimpleant

175 343 352 369 voluntatem.
371 339 607 373 Quemadmodum
623 340 695 366 enim
713 339 798 371 illam,
831 339 905 365 nulla
921 345 965 365 me

174 387 415 422 consanguinitate
430 387 606 420 attingentem
618 384 767 420 (namquid
781 385 863 412 habet
874 392 961 419 genus

176 434 325 460 humanum
351 440 414 459 eum
429 432 533 459 Deitate
545 432 717 467 commune?)
743 431 778 459 de
794 435 908 466 paterna
921 435 963 458 ta-

176 487 237 506 men
254 479 395 506 voluntate
420 479 579 505 incarnatus
602 486 635 505 ex
663 477 719 509 illa,
744 483 857 504 tuatrem
883 485 964 503 tuon-

176 525 272 558 stravi,
290 530 317 552 et
331 525 422 551 omnia
441 529 563 551 materna
581 523 731 558 privilegia,
751 532 803 550 una
819 530 881 550 cum
908 524 963 549 vir-

177 573 290 607 ginitate
308 571 410 598 illibata
422 575 495 598 sarta
513 570 550 596 illi
566 575 635 597 tecta
651 569 755 597 servavi
773 578 780 602 ;
799 569 836 596 ita
855 576 965 603 quoque

176 622 204 644 et
214 617 281 645 istos
298 617 346 652 qui
362 616 466 643 nullum
483 616 589 650 justum
607 615 716 642 titulum
739 615 815 641 adire
838 618 966 649 possunt,

178 672 233 699 quo
259 664 326 691 mihi
354 671 402 698 per
414 671 525 691 carnem
555 662 761 697 conjungantnr
787 667 834 688 aut
855 661 966 693 tribum,

179 709 260 736 iuodo
272 709 454 743 adimplentes
474 715 573 742 cepero
587 707 740 734 doctrinam
771 715 858 734 meam
875 712 902 734 et
919 714 966 734 vo-

178 755 311 782 luntatem
332 754 432 787 Patris,
451 754 477 780 in
492 759 593 780 sortem
605 756 632 780 et
647 752 804 787 dignitatem
819 752 968 779 fraternam

180 805 389 835 maternumque
407 807 560 827 assumam.
577 799 667 834 Atque
682 799 730 830 ita,
749 803 779 825 ut
794 806 845 833 ego
860 799 969 833 opinor,

180 854 196 873 e
210 846 291 873 dlctis
303 846 353 872 tibi
370 849 445 880 patet
459 850 487 872 et
502 844 610 877 satisﬁt,
629 844 702 879 quod
717 849 827 880 propter
848 844 913 871 illud
927 844 970 872 di—

180 896 266 923 ctum,
282 900 291 915 ε
307 889 373 923 Quae
389 895 431 917 est
452 894 538 917 mater
554 897 624 922 mea,
642 898 651 915 ι
668 895 696 917 et
709 896 771 924 qua:
788 895 945 924 sequuntur
959 897 967 922 ;
982 884 1007 914 Β

177 937 336 964 nullatenus
358 935 490 964 Dominus
505 940 532 962 et
559 935 684 963 Salvator
700 938 795 963 noster
808 942 871 962 reus
892 939 969 962 tene-

181 982 263 1009 batur
276 982 394 1016 alicujus
419 985 593 1016 contemptus
607 985 655 1009 aut
675 981 821 1016 despectus
832 989 897 1017 erga
908 988 969 1008 ma-

183 1034 270 1061 trem;
288 1029 335 1057 sed
351 1032 459 1060 contra,
487 1034 542 1056 tant
566 1036 615 1064 per
637 1028 689 1056 ista
700 1036 784 1064 quam
810 1028 864 1056 alia
877 1028 968 1056 omnia

181 1075 230 1103 Dei
250 1082 333 1110 opera
342 1075 506 1105 ostenditur,
520 1075 652 1103 maternis
663 1074 814 1110 privilegiis
833 1079 860 1102 et
880 1075 967 1102 Itono-

182 1122 270 1155 ribus,
291 1121 373 1157 idque
395 1121 587 1154 meritissimo,
612 1122 684 1157 apud
707 1128 769 1149 eum
788 1129 868 1157 quem
887 1129 971 1158 pepe-

181 1173 266 1201 rerat,
283 1167 399 1196 fructam
420 1171 447 1195 et
459 1168 580 1202 gavisam
593 1166 690 1195 fuisse.

753 143 887 174 PHO’I‘II
897 142 1151 174 PATRIARCHA!
1167 143 1222 174 CP.

1754 143 1816 176 980

1014 210 1090 228 σεται
1104 201 1135 227 τὺ
1152 200 1331 237 σκευώρημα.
1350 200 1421 236 Ἐγὼ
1432 200 1488 237 γὰρ
1505 201 1632 229 τοσοῦτον
1642 202 1742 239 ἀπέχω
1759 203 1812 230 τοῦ

1013 248 1047 282 τῇ
1062 247 1186 283 εὐτελείᾳ
1202 247 1258 274 τῶν
1271 247 1411 281 συγγενῶν
1436 247 1660 283 ἐπαισχύνεσθαι,
1673 248 1750 276 ὥστε
1778 250 1813 277 οὗ

1016 293 1097 330 μόνον
1109 294 1160 330 τὴν
1170 294 1243 321 κατά
1258 294 1349 330 σάρκα
1363 295 1570 330 γεννησαμένην
1585 295 1705 331 ἀληθῶς,
1719 296 1814 331 μητέ-

1017 349 1051 376 ρα
1064 341 1264 376 ὲπιγράφομαι,
1279 341 1347 368 ἀλλὰ
1363 341 1395 376 δὴ
1407 342 1455 368 καὶ
1464 341 1577 372 τούτους
1594 342 1661 377 ὁρᾷς
1677 342 1745 374 τοὺς
1765 342 1815 369 εὕρ

1014 387 1101 419 τελεῖς
1114 388 1162 414 καὶ
1174 387 1315 420 ἀπόλιδας,
1329 388 1392 419 τοὺς
1408 388 1517 419 ἀοίκους
1531 387 1578 414 καὶ
1599 388 1731 423 πένητας,
1747 389 1814 415 καί·

1015 442 1057 460 τοι
1076 433 1159 469 μηδὲν
1183 434 1254 461 κατὰ
1277 434 1357 469 γένος
1378 434 1578 469 προσήκοντας,
1598 433 1629 460 οὐ
1652 435 1812 469 παραιτοῦ-

1018 488 1067 515 μαι
1080 479 1118 512 ὼς
1136 480 1242 515 μητέρα
1266 480 1315 507 καὶ
1336 480 1467 514 ἀδελφοὺς
1488 480 1756 514 οἰκειοποιήσασθαι,
1779 479 1817 506 ἂν

1016 522 1068 552 ὦσι
1086 525 1167 560 μόνον
1182 525 1213 552 τὸ
1236 526 1381 561 πατρικὸν,
1396 525 1439 552 διὰ
1453 525 1506 552 τῶν
1522 525 1597 560 ἐμῶν
1620 525 1814 561 διδατμάτων,

1016 571 1219 606 ἐκπληροῦντες
1247 571 1365 606 θέλημα.
1383 572 1490 605 Ὥσπερ
1514 571 1569 606 γὰρ
1594 571 1704 606 ἐκείνην
1725 572 1817 607 μηδὲν

1017 618 1050 652 τῇ
1068 616 1128 652 θείᾳ
1147 617 1226 651 φύσει
1253 618 1445 653 προσήκουσαν
1458 617 1496 652 (τί
1517 617 1571 652 γὰρ
1595 617 1685 644 κοινὸν
1701 617 1815 652 ἀνθρω-

1018 663 1088 699 πίνῳ
1110 663 1184 698 γένει
1207 664 1255 691 καὶ
1274 664 1420 699 θεότητις),
1439 664 1513 699 ὅμως
1528 663 1662 698 θελήματι
1679 663 1817 699 πατρικῷ

1019 710 1172 746 σαρκωθεὶς
1194 710 1225 742 ὲξ
1248 710 1343 745 αὐτῆς,
1361 710 1470 746 μητέρα
1493 709 1627 742 ἁνέδειξα,
1642 709 1690 736 καὶ
1720 709 1818 737 πάντα

1018 756 1053 784 τὰ
1078 756 1199 792 μητρικά
1212 756 1359 791 προνόμια,
1376 756 1446 790 μετά
1469 764 1502 790 γε
1519 755 1568 790 τῆς
1594 755 1748 790 παρθενίας
1769 756 1820 781 αὑ-

1019 802 1079 838 τῆς,
1092 802 1266 837 συνετήρησα
1281 811 1287 817 ·
1302 801 1375 828 οὕτω
1387 801 1431 836 δὴ,
1447 801 1518 827 οὕτω
1531 801 1580 827 καὶ
1598 800 1711 833 τοὺ-τους
1728 800 1820 835 μηδὲν

1023 847 1092 884 μηδὲ
1105 849 1138 874 ὲκ
1153 848 1203 883 τῆς
1228 847 1299 874 κατὰ
1316 847 1406 882 σάρκα
1422 846 1575 882 προσεχοῦς
1591 846 1679 881 φυλῆς
1693 847 1760 882 ἐμοὶ
1775 846 1819 873 δι-

1020 894 1132 929 καίωμα
1160 892 1361 925 διασώζοντας,
1385 893 1419 919 ἂν
1447 893 1528 928 μόνον
1557 892 1632 920 λάϐω
1664 893 1821 928 πληρωτὰς

1020 941 1070 975 τῆς
1083 939 1154 974 ὲμῆς
1169 938 1344 970 διδασκαλίας
1360 937 1467 965 καὶτοῦ
1483 937 1625 973 πατρικοῦ
1640 937 1799 973 θελήματος
1810 956 1819 969 ,

1021 986 1062 1017 είς
1075 984 1121 1012 τὸν
1136 984 1191 1011 τῶν
1204 983 1329 1018 ἀδελφῶν
1351 983 1398 1010 καὶ
1417 983 1544 1019 μητέρων
1563 982 1723 1016 ἀναῦιὸἀζω
1751 982 1821 1017 κλῆ-

1022 1040 1070 1068 ρον
1084 1031 1133 1059 καὶ
1152 1031 1184 1057 τὸ
1203 1030 1323 1066 ἀξίωμα.
1343 1030 1391 1057 Ἐκ
1410 1030 1500 1057 τοίνυν
1527 1029 1582 1056 τῶν
1606 1029 1766 1065 εἰρημένων
1782 1026 1822 1054 οἷ-

1023 1078 1072 1113 μαί
1087 1085 1128 1104 σοι
1142 1077 1236 1111 σαφῶς
1255 1075 1468 1111 ἐπιγνωσθῆναι,
1482 1075 1520 1107 ὡς
1537 1075 1598 1102 οὐδὲ
1613 1076 1659 1102 διὰ
1672 1074 1734 1107 τοῦ,
1749 1084 1760 1101 ‹
1771 1075 1822 1106 Τίς

1025 1123 1100 1150 ἔστιν
1115 1123 1132 1159 ἡ
1150 1122 1242 1158 μήτηρ
1266 1130 1317 1158 μου
1333 1130 1341 1154 ;
1359 1131 1368 1147 ι
1389 1121 1435 1148 καὶ
1454 1121 1509 1148 τῶν
1533 1121 1651 1156 ἑφεξῆς,
1662 1120 1792 1156 οὐδαμῶς
1806 1121 1822 1147 ό

1025 1170 1164 1205 Δεσπότης
1184 1169 1263 1205 ἡμῶν
1280 1168 1328 1195 καὶ
1344 1168 1442 1204 Σωτὴρ
1468 1168 1606 1204 μητρικῆς
1620 1168 1789 1203 ὑπεροψίας,
1804 1168 1822 1202 ἦ

182 1222 255 1246 τινος
287 1213 444 1250 ὀλιγωρίας,
460 1213 568 1248 ἐγένετο
583 1213 674 1248 ἔνοχος
685 1221 693 1230 ο
708 1213 778 1241 ἀλλά
794 1213 843 1241 καὶ
862 1213 906 1242 διὰ
930 1215 1043 1250 τούτων,
1057 1216 1096 1249 ὼς
1112 1216 1160 1243 καὶ
1175 1215 1219 1242 διὰ
1231 1215 1342 1242 πάντων
1352 1214 1408 1241 τῶν
1423 1213 1525 1246 ἄλλων,
1541 1214 1559 1249 ἡ
1575 1213 1708 1246 Θεοτόκος
1729 1212 1824 1240 ἑπιδέ-

184 1260 291 1287 δεικται
316 1261 370 1287 τῶν
398 1260 541 1295 μητρικῶν
573 1261 664 1295 γερῶν
684 1260 769 1293 ἀξίως
784 1261 862 1297 παρὰ
877 1262 924 1288 τοῦ
940 1263 1084 1298 τεχθέντος
1097 1262 1127 1296 έξ
1141 1261 1228 1297 αὐτῆς
1244 1261 1432 1289 ἀπολαύουσα.

238 1305 403 1340 ρυιιΕδΤιο
428 1305 531 1334 coxvr
560 1306 660 1342 [CoisL
686 1306 812 1342 ocXLv,
831 1307 914 1335 Tuur.

485 1353 640 1381 ccxxxw
654 1354 674 1390 ι.

216 1420 288 1446 Edita
306 1427 320 1445 a
336 1422 484 1446 Montacutio
502 1422 554 1453 (ep.
572 1421 625 1452 155,
643 1421 673 1446 ad
690 1422 815 1453 Michael.,
832 1429 858 1454 p.
877 1423 1034 1478 175L177).—

941 1461 978 1478 uc.
992 1460 1027 1478 Itl.

941 1461 978 1478 uc.
992 1460 1027 1483 ιιι,

223 1494 360 1521 Pneconis
372 1494 447 1522 illius
462 1501 555 1522 vocem
587 1503 641 1530 qua
668 1495 855 1530 proﬁtebatur,
889 1505 898 1521 ‹
917 1495 975 1522 Non
989 1497 1012 1528 ς,

187 1548 248 1568 sum
262 1540 360 1575 dignus
374 1540 420 1575 qui
432 1540 536 1567 solvam
548 1539 693 1576 corrigiam
707 1541 790 1568 calcei
799 1541 868 1575 ejus,
886 1550 896 1566 ι
907 1541 979 1575 quod

189 1593 205 1613 ε
223 1591 249 1613 te
264 1585 409 1621 quaesitum
423 1589 475 1618 est,
487 1585 637 1613 secundum
651 1586 772 1613 diversas
783 1586 981 1613 considerantiu-

191 1640 240 1660 nes
253 1632 406 1666 expositqu
421 1631 577 1667 invenimus
593 1641 600 1659 :
612 1637 677 1659 sunt
691 1632 738 1667 qui
751 1639 803 1658 non
816 1632 902 1658 soluat
915 1639 979 1666 pro-

188 1678 252 1713 pius
259 1678 293 1705 ad
302 1685 424 1712 scopum,
435 1683 517 1712 utego
526 1677 848 1710 arbitror,accedunt,sed
856 1683 882 1705 et
891 1678 924 1704 ad
935 1685 982 1704 vo-

189 1732 229 1752 cis
245 1724 448 1759 proprietatem,
461 1725 582 1752 calceum
596 1729 623 1752 et
635 1724 794 1760 corrigiam,
805 1724 832 1751 hi
844 1731 898 1751 non
908 1723 982 1751 aliud

191 1771 345 1806 intelligunt
357 1778 439 1805 quam
454 1778 515 1805 quae
530 1771 711 1798 communiter
725 1771 752 1797 in
772 1770 911 1798 communi
931 1778 982 1797 usu

189 1817 278 1852 posita
291 1824 351 1844 esse
359 1817 450 1844 sciunt
460 1826 468 1844 :
480 1822 506 1844 et
516 1816 630 1851 perillas
642 1823 721 1844 voces
733 1816 826 1844 volunt
835 1816 982 1851 Baptistam

190 1862 340 1898 intelligere
350 1863 478 1898 haptizati
498 1863 571 1890 illius
580 1863 779 1896 excellentiam,
802 1864 863 1890 sine
871 1870 984 1897 compa-

189 1909 297 1936 ratione
309 1909 556 1936 transcendentem.
572 1909 636 1937 Scio
646 1910 731 1939 enim.
739 1909 838 1944 inquit,
847 1909 923 1936 illum
934 1915 984 1944 ego

191 1958 246 1982 tam
269 1954 413 1982 excellenti
425 1962 487 1983 esse
503 1955 636 1989 dignitate
652 1956 795 1990 praeditum
823 1963 906 1991 supra
926 1962 986 1982 me-

191 1999 358 2034 ipsum,nou
379 1999 405 2026 in
418 2004 550 2028 quantum
566 2007 662 2027 servus
673 2007 687 2026 a
701 1999 813 2026 domino
827 1998 922 2031 di'stat,
938 1998 985 2027 sed

191 2045 217 2073 si
228 2053 289 2079 quae
305 2045 358 2072 alia
367 2048 409 2072 est
418 2044 571 2072 diﬁerentia
590 2048 617 2071 et
627 2044 768 2077 distantia,
777 2051 838 2079 quae
849 2052 863 2071 a
874 2044 947 2071 nulla
957 2051 987 2071 re

193 2091 246 2119 alia
255 2097 410 2126 superetur,
420 2098 507 2125 neque
521 2095 594 2118 certe
603 2098 653 2125 ego
666 2097 709 2117 me
722 2090 749 2117 in
762 2097 857 2117 eorum
871 2096 986 2117 numero

194 2145 336 2172 reponam,
351 2137 397 2171 qui
416 2136 491 2164 illum
503 2137 595 2164 inlima
608 2137 771 2172 contingunt
790 2136 940 2170 servitute;
961 2137 986 2164 itl

195 2184 267 2211 enim
280 2183 407 2216 iudicatu
424 2183 537 2211 Solvere
545 2184 692 2219 corrigiam
705 2183 985 2212 calceamentiJSunt
1001 2172 1026 2202 θ

196 2229 243 2264 qui
256 2230 342 2264 magis
355 2229 444 2257 adhuc
458 2229 609 2257 secundum
624 2236 774 2264 anagogen,
786 2229 866 2256 calcei
876 2229 986 2257 nomine

197 2276 329 2303 mundum
343 2281 501 2312 supponunt
514 2284 522 2309 ;
537 2275 681 2310 corrigiam
701 2280 791 2303 autem
803 2276 987 2311 interpretan-

197 2328 242 2351 tur
257 2323 459 2358 speculationes
474 2324 500 2350 iu
515 2322 618 2350 mundo
640 2321 714 2349 illius
729 2322 801 2350 modi
817 2329 878 2357 qua:
891 2329 989 2357 appre-

199 2370 360 2398 hensionem
379 2370 478 2397 habent
511 2369 583 2396 haud
613 2368 692 2396 facile
709 2369 910 2401 inveniendam,
941 2368 989 2395 sed

199 2418 308 2445 vinculo
325 2417 486 2452 ignorantiae
503 2416 644 2444 insolubili
659 2416 897 2451 constringuntur.
911 2413 990 2441 Hune

199 2464 261 2492 Ji-su
279 2465 400 2492 calceum
414 2468 570 2498 supponunt
582 2471 653 2495 esse,
679 2466 822 2498 propterea
850 2461 933 2497 quod,
950 2461 994 2488 itt-

201 2512 310 2546 qttittnt,
327 2510 495 2537 Providentia
509 2510 596 2545 ipsius
610 2510 703 2537 omnia
722 2514 851 2545 permeet,
865 2513 894 2536 et
905 2513 992 2536 totum

203 2557 335 2584 mundum
350 2557 530 2591 amplectatur
545 2560 573 2584 et
598 2556 746 2584 contineat.
776 2555 870 2582 Potius
902 2558 993 2582 autem

205 2603 316 2637 proprio
333 2602 420 2638 ipsius
436 2603 503 2638 pede
517 2603 622 2638 regulat
638 2607 665 2630 et
679 2602 735 2637 agit
753 2609 815 2629 cum
832 2608 936 2628 summa
950 2607 995 2627 sa-

205 2649 323 2683 pientia;
341 2656 395 2675 non
412 2654 473 2684 eget
487 2649 523 2676 ob
539 2649 564 2676 id
579 2649 679 2683 ipsum,
697 2647 814 2675 consilio
844 2647 931 2673 multo
943 2650 991 2672 aut

206 2693 320 2728 provida
333 2701 410 2728 cura,
423 2694 470 2722 sed
485 2701 533 2730 per
544 2698 696 2722 extremam
715 2697 742 2720 et
762 2692 884 2720 ultitnam
898 2692 991 2726 inspe-

1288 1307 1458 1335 ΕΡοΤιιΣιΣ
1472 1307 1551 1341 Σιςσ.

1041 1422 1072 1478 {te
1085 1421 1159 1447 verba
1175 1422 1246 1447 Joan.
1266 1421 1392 1452 Baptista,
1410 1420 1495 1445 Matth.
1513 1427 1547 1451 Ill,
1566 1419 1591 1444 11
1607 1427 1614 1450 ;
1631 1420 1705 1445 Mare.
1724 1426 1741 1451 ι,
1758 1420 1793 1451 7;

1064 1494 1119 1530 Τὴν
1135 1493 1182 1520 τοῦ
1202 1494 1324 1530 κήρυκος
1336 1493 1439 1528 φωνὴν,
1456 1493 1517 1520 καθ’
1537 1493 1570 1528 ἣν
1585 1493 1688 1524 ἐκεῖνος
1707 1492 1826 1528 ἐκήρυτο

1030 1550 1085 1574 τεν,
1103 1550 1113 1566 t
1132 1541 1190 1567 Οὐκ
1204 1540 1262 1574 εἰμὶ
1279 1539 1372 1571 ἱκανὸς
1386 1539 1465 1566 λῦσαι
1482 1539 1527 1566 τὸν
1552 1539 1653 1574 ίμάντα
1680 1538 1727 1566 τοῦ
1757 1540 1824 1566 ὐπο-

1030 1587 1150 1622 δήματος
1158 1585 1249 1618 αὑτοῦ,
1257 1595 1266 1611 ι
1278 1586 1346 1621 ὅπερ
1361 1585 1442 1617 αὐτὸς
1450 1585 1632 1621 διηρώτησας,
1645 1585 1718 1611 κατὰ
1730 1585 1824 1619 διαφό-

1033 1641 1096 1669 ρους
1110 1633 1226 1668 θεωρίας
1238 1632 1446 1668 ὑπειλημμένην
1454 1631 1629 1667 εὑρίσκομεν.
1645 1632 1676 1658 υἱ
1695 1631 1746 1666 μὲν
1759 1632 1824 1667 γὰρ,

1031 1679 1062 1706 οὐ
1094 1679 1174 1714 μόνον
1190 1678 1349 1713 ἐγγύτερον,
1364 1675 1454 1712 οἶμαι,
1471 1677 1518 1704 τοῦ
1549 1676 1662 1708 σκοποῦ,
1683 1676 1753 1703 ἀλλὰ
1778 1678 1825 1703 καὶ

1032 1726 1140 1757 οἰκείως
1154 1725 1204 1760 τῆς
1219 1724 1330 1758 λέξεως,
1349 1723 1478 1758 ὑπόδημα
1488 1724 1535 1750 καὶ
1548 1723 1649 1758 ἱμάντα
1668 1723 1718 1758 οὐχ
1731 1723 1824 1757 ἕτερόν

1033 1780 1060 1798 τι
1075 1771 1141 1807 παρ’
1156 1771 1171 1798 ὃ
1198 1771 1270 1798 κατά
1283 1769 1376 1806 κοινὴν
1398 1770 1494 1805 χρῆσιν
1511 1769 1628 1802 ἅπαντες
1650 1770 1751 1801 ἴσασιν,
1769 1769 1826 1795 ἀλλ’

1033 1819 1103 1845 αὐτὰ
1134 1818 1230 1845 ἐκεῖνα
1256 1818 1416 1852 νενομίκασι
1433 1817 1505 1843 ·-καὶ
1529 1816 1574 1843 τδν
1598 1816 1756 1851 Βαπτιστὴν
1781 1815 1826 1842 διὰ

1034 1863 1136 1890 τούτων
1147 1862 1347 1897 ἀποφαίνεσθαι
1367 1862 1398 1889 τὸ
1408 1862 1470 1889 καθ’
1487 1862 1625 1898 ὑπεροχὴν
1637 1861 1684 1888 τοῦ
1695 1861 1825 1896 βαπτιζο-

1037 1909 1117 1945 μένου
1128 1909 1304 1945 ἀσύγκριτον.
1318 1908 1452 1935 Τοσοῦτον
1468 1908 1523 1944 γὰρ
1543 1909 1660 1940 ἐκεῖνον,
1672 1908 1750 1942 φησὶ,
1762 1916 1825 1934 συν-

1035 1954 1185 1989 επίσταμαι
1198 1955 1229 1980 ὲν
1241 1954 1364 1989 ὑπεροχῇ
1379 1953 1512 1988 μεγέθους
1533 1953 1581 1980 καὶ
1597 1952 1765 1987 ἀξιώματος,
1777 1953 1827 1988 οὐχ

1036 2001 1098 2027 ὅσον
1107 2001 1166 2027 ἐστὶ
1174 2000 1204 2027 τὸ
1213 2000 1295 2035 μέσον
1304 1999 1412 2026 δοῦλονι
1420 1999 1619 2031 καὶΔεσπότου,
1627 1998 1696 2025 ἀλλὰ
1704 1999 1828 2030 καὶεῐτις

1036 2047 1104 2082 ἄλλη
1119 2046 1235 2083 διαφορὰ
1254 2047 1303 2073 καὶ
1316 2045 1457 2077 διάστασις
1467 2045 1561 2081 μηδενὶ
1573 2045 1660 2080 ἑτέρῳ
1677 2044 1829 2080 ὑπερδολὴν

1037 2091 1233 2119 ἀπολείπουσα·
1249 2091 1310 2118 οὐδὲ
1321 2091 1387 2127 γὰρ,
1402 2090 1456 2117 οὐδ’
1472 2091 1513 2122 εἰς
1524 2090 1572 2126 τὴν
1586 2090 1701 2117 ἀπασῶν
1714 2090 1829 2125 ἐσχάτην

1038 2138 1161 2165 δουλείαν
1180 2137 1254 2170 ἄξιον
1270 2138 1389 2173 ἐμαυτὸν
1405 2136 1551 2169 έτάζεσθαι
1575 2136 1672 2172 τίθημι
1683 2145 1689 2151 ·
1709 2137 1828 2164 τοιοῦτον

1037 2184 1092 2219 γὰρ
1116 2183 1158 2216 τὸ,
1178 2192 1188 2209 ‹
1208 2183 1291 2210 Λύειν
1317 2183 1417 2218 ῑμάντα
1443 2181 1490 2208 τοῦ
1517 2181 1702 2216 ὑποδήματος.
1723 2191 1731 2207 ι
1750 2181 1781 2208 οι
1801 2180 1828 2208 δὲ

1037 2229 1283 2264 ἀναγωγικώτερον
1312 2228 1388 2260 τσως,
1407 2228 1551 2262 ὑπόδημα
1576 2227 1626 2262 μὲν
1652 2227 1699 2254 τὸν
1729 2227 1829 2262 κόσμον

1039 2275 1224 2308 ὑποτίθενται,
1243 2274 1351 2310 Latina
1366 2275 1394 2302 δὲ
1418 2274 1472 2301 τῶν
1493 2275 1522 2300 ἐν
1546 2274 1621 2309 αὑτῷ
1644 2273 1829 2309 θεωρημάτων

1039 2321 1089 2348 ὅσα
1117 2320 1281 2355 δυσεύρετον
1302 2320 1361 2355 ἔχει
1388 2319 1438 2354 τὴν
1459 2319 1623 2353 κατάληψιν,
1639 2318 1687 2345 καὶ
1714 2319 1761 2345 τὸν
1784 2319 1829 2353 τῆς

1041 2367 1154 2402 ἀγνοίας
1183 2366 1282 2401 δεσμὸν
1302 2366 1419 2392 ἀλυτον’
1444 2365 1474 2392 ὃν
1500 2365 1628 2400 ὑπόδημα
1650 2363 1759 2390 ποιοῦσι
1785 2362 1829 2390 τοῦ

1047 2412 1145 2448 Ἰησοῦ,
1161 2412 1202 2439 ὅτι
1217 2411 1363 2442 διαπαντὸς
1380 2410 1474 2442 αὐτοῦ,
1485 2410 1582 2445 φασὶν,
1600 2410 1617 2444 ὴ
1637 2408 1758 2444 Πρόνοια
1774 2409 1827 2435 δια-

1041 2459 1192 2494 πεφοίτηκε
1207 2478 1215 2491 ,
1241 2459 1290 2485 καὶ
1316 2458 1376 2485 ὅλον
1400 2457 1482 2484 αὑτὸν
1507 2457 1564 2492 ἔχει
1590 2454 1748 2490 περιλαϐὼν
1786 2454 1828 2481 καὶ

1043 2504 1164 2540 συνέχων
1180 2513 1188 2520 ·
1216 2504 1317 2539 μᾶλλον
1340 2504 1370 2531 δὲ
1393 2503 1455 2530 ποδὶ
1476 2503 1515 2538 τῷ
1543 2502 1635 2537 οἰκείῳ
1650 2500 1764 2528 διιθύνει
1786 2500 1831 2526 καὶ

1044 2553 1124 2588 φέρει
1141 2551 1289 2586 πανσόφως
1307 2559 1313 2565 ·
1331 2550 1482 2581 τουτέστιν,
1492 2549 1554 2575 οὐδὲ
1574 2547 1675 2582 πολλῆς
1689 2547 1830 2582 δεῖταιτῆς

1043 2598 1087 2624 ἐπ’
1098 2596 1173 2632 αὐτῷ
1190 2596 1288 2632 βουλῆς
1301 2595 1349 2622 καὶ
1363 2595 1501 2630 προνοίας,
1511 2593 1579 2621 ἀλλὰ
1591 2593 1636 2620 διὰ
1648 2593 1697 2628 τῆς
1720 2593 1830 2627 ἐσχάτης

1045 2645 1092 2672 καὶ
1109 2644 1268 2675 τελευταίας
1280 2643 1436 2678 ἐπισκοπῆς
1444 2642 1475 2669 τὸ
1492 2641 1651 2676 τηλικοῦτον
1677 2641 1724 2667 καὶ
1740 2639 1829 2666 τοσοῦ-

1045 2699 1091 2718 τον
1104 2691 1233 2725 συντηρεῖ
1247 2698 1277 2717 τε
1291 2690 1340 2717 καὶ
1352 2689 1496 2725 διακοσμεῖ
1511 2687 1707 2723 φίλοτέχνημα.
1720 2685 1794 2722 Δῦτη
1805 2685 1829 2712 δὲ

862 2778 980 2808 ΥΑΒΙᾹΞ
1001 2778 1207 2808 LECTIONES.

257 2861 269 2876 ⁸
279 2864 311 2892 C.
328 2864 364 2892 Μ.
377 2864 430 2892 555
442 2864 461 2891 ί.
473 2863 507 2891 οἷ
520 2862 626 2890 δούλου.
