1874 3070
68 165 118 200 981

566 165 616 194 AD
632 160 930 194 AMPHILOCHIUM
943 159 1116 198 ΟΗιΕΞΤΙΟ
1129 158 1251 190 CCXVI.

65 235 130 261 ὅσον
153 231 275 267 κομψείᾳ
302 233 355 258 τινὶ
376 230 592 266 διεσχηματίσθη
617 231 634 266 ἡ
660 229 795 266 περίνοια,

953 234 1037 259 mem,
1057 233 1126 261 opus
1139 225 1242 260 optimo
1255 225 1346 253 studio
1373 225 1408 252 ab
1431 225 1492 260 ipso
1513 226 1693 259 elaboratum.

66 278 206 310 τοσοῦτον,
219 276 307 313 οἶμαι,
317 277 366 312 τῆς
379 276 496 311 ἀληθοῦς
511 276 614 308 ἐννοίας
620 275 858 310 διέστηκεν.Ἕτε-

68 333 111 359 pot
124 324 153 351 δέ
168 333 240 355 τινες
254 323 395 357 ὑπόδημα
418 323 467 358 μὲν
482 322 531 357 τὴν
554 322 654 356 σάρκα
677 321 859 356 σημαίνεσθαι

68 369 184 405 (ταύτην
207 370 262 404 γὰρ
279 369 293 395 ό
319 370 415 403 Λόγος
432 368 530 400 ὑπέδυ,
559 368 654 403 φασιν)
673 377 679 384 ·
697 367 804 402 ιμάντα
829 367 859 393 δὲ

66 415 256 451 γεγενημένην
273 416 327 442 τῶν
351 415 459 450 φύσεων
473 415 541 450 πρὸς
557 415 674 449 ἀλλήλας
700 414 857 447 συνάφειαν,

65 463 100 497 ἢν
115 463 130 488 ὁ
146 461 303 497 Πρόδρομος
318 462 368 488 οὐκ
392 461 534 496 ἀπετόλμα
553 461 639 492 λύειν¹
662 460 716 486 οὐδ’
731 460 789 486 ὅσοι
809 459 858 493 τῆς

67 508 175 534 ἐκείνου
187 507 361 538 διδασκαλίας
374 507 516 542 κατήκοοι.
532 506 598 533 οὐδὲ
616 506 680 541 γιῖιρ⁹
704 505 765 532 οὐδὲ
779 505 858 539 θεμι-

66 553 114 580 τὸν
129 548 240 585 ἀτόποις
264 553 380 584 ἐννοίαις
401 554 462 580 κατ’
492 552 561 579 ἰδίαν
579 551 681 587 σχίζειν
707 551 857 578 ὑπόστασιν

67 599 122 625 ἀπὺ
138 598 185 625 τοῦ
195 599 292 633 Λόῃου
305 598 337 624 τὸ
351 598 530 633 πρόσλημμα.
551 598 644 624 Ἄλλοι
660 597 688 623 δὲ
702 596 778 631 παρὰ
793 595 857 622 τού-

66 653 144 677 τους,
163 645 213 680 οὺχ
229 644 322 676 ἁπλῶς
351 645 401 679 τὴν
418 644 594 678 σιίρκα,ἀλλ“
615 643 700 679 αὐτὴν
714 643 763 679 τὴν
783 642 858 677 σάρ-

66 696 175 722 κωσιν,
191 689 238 716 καὶ
251 690 299 725 τήν
312 689 551 724 ἐνανθρώπησιν,
573 689 714 724 ὑπόδημα
727 690 858 724 νενοήκα-

68 743 112 762 σιν
126 743 134 750 ⁸
155 735 277 770 ’Ῑμάντα
292 735 330 766 δὲ,
348 735 379 761 οὺ
405 735 555 769 συνάφειαν
577 734 696 769 φύσεων,
714 733 783 760 ἀλλὰ
802 733 858 760 τῶν

67 781 135 817 περὶ
149 781 198 814 τὴν
219 781 358 816 σάρκωσιν
372 781 420 807 καὶ
443 781 493 816 τὴν
511 780 719 816 ἑνανθρώπησιν
735 780 856 816 ἀπόρων,

67 827 116 854 καὶ
139 827 287 862 λογισμοὺς
311 826 499 862 ἀνθρωπίνους
525 825 756 862 ὑπερδεδηκότων
774 847 782 859 ,
810 825 857 853 τὸν

68 872 221 907 σύνδεσμον
236 880 244 889 ·
254 870 290 899 ῶν
301 871 351 907 τὴν
366 872 491 898 ἐπίλυσιν
511 872 560 898 καὶ
575 872 737 907 σαφήνειαν,
752 871 802 907 οὐχ
817 871 857 899 ὃτι

911 273 964 300 tale
983 280 1045 299 cum
1061 272 1096 299 sit
1108 276 1135 299 et
1145 276 1262 304 tantum,
1290 275 1434 298 conservat
1445 275 1472 298 et
1486 276 1612 298 exornat.
1632 271 1696 300 Haec

909 323 998 346 autem
1012 317 1158 352 expositio,
1185 324 1240 352 quo
1259 317 1346 350 magis
1370 321 1469 344 ornatu
1495 318 1612 352 quodam
1639 318 1695 345 eili-

909 364 1007 399 giatur,
1021 370 1064 396 eo,
1077 361 1299 397 opinor,recedit
1315 360 1421 396 longius
1441 368 1455 387 a
1472 362 1596 389 veritatis
1607 362 1695 389 inten-

909 410 993 436 tione.
1009 408 1060 435 Alii
1079 412 1144 435 sunt
1160 407 1206 442 qui
1221 415 1270 442 per
1295 406 1422 439 calceum,
1451 407 1603 442 intelligunl
1637 417 1695 434 car-

909 463 967 482 nem
981 454 1137 489 signiﬁcari,
1151 461 1232 487 quam
1249 453 1378 480 nimirum
1393 453 1444 480 sibi
1459 453 1546 481 induit
1565 453 1673 480 Verbum
1686 463 1695 485 ,-

910 500 1053 535 corrigiam
1071 505 1160 526 autem
1181 503 1340 525 naturarum
1368 497 1520 525 adinvicem
1548 499 1695 525 connexio-
1751 498 1757 505 ‘

909 554 983 579 nem,
998 554 1079 581 quam
1097 552 1269 580 nequaquam
1286 543 1331 571 ille
1345 543 1502 571 Praecursor
1516 544 1622 571 solvere
1646 553 1696 571 au-

909 592 999 624 debat,
1026 591 1126 619 nedum
1152 591 1283 617 doctrinae
1308 590 1396 624 ipsius
1425 590 1576 618 auditores.
1604 590 1697 625 Neque

909 638 981 666 enim
995 637 1035 665 fas
1067 637 1222 671 cuicunque
1245 635 1297 662 fuit
1321 643 1367 670 per
1392 636 1524 663 absurdas
1555 636 1697 671 opiniones

909 683 1046 719 quaslibet
1078 682 1187 717 propria
1207 681 1367 709 auctoritate
1403 681 1508 708 solvere
1536 681 1696 716 hypostasin

909 730 983 758 illam
1003 737 1084 764 quam
1099 727 1247 762 assumpsit
1261 727 1311 754 sibi
1332 726 1451 754 Verbum.
1469 726 1560 761 Aliqui
1583 728 1616 754 ab
1636 728 1697 755 istis

913 777 959 804 alii
971 785 1025 804 non
1041 775 1204 810 simpliciter
1227 781 1342 805 carnem,
1357 773 1403 800 sed
1418 773 1505 807 ipsam
1523 777 1550 800 et
1569 773 1696 800 incarna-

911 821 1018 852 tionem,
1039 822 1065 846 et
1079 817 1275 845 humanitatem
1292 821 1447 851 susceptam
1473 817 1590 843 calceum
1610 817 1696 844 inter-

911 870 1053 902 pretantur
1075 874 1082 892 :
1113 865 1265 899 corrigiam,
1292 870 1347 890 non
1369 867 1528 890 naturarum
1555 863 1695 894 unionem,

66 919 145 950 τινὰς
154 919 209 946 τῶν
220 919 326 945 πολλῶν
335 919 442 950 ἑαυτοῖς
458 918 616 954 ἐπιτρέπειν
628 918 680 954 χρὴ
691 919 738 945 καὶ
748 927 806 954 περι

955 911 1150 947 lquaestionum
1169 911 1278 938 illarum
1293 913 1320 937 et
1346 909 1502 941 dubiorum,
1532 916 1593 943 quae
1623 909 1695 936 circa

67 964 214 999 γάζεσθαι,
230 965 288 992 ἀλλ’
303 964 425 999 ἀκριϐῶς
453 965 563 991 κάκεῖνο
580 963 806 998 συνεπίστασθαι,
818 964 857 995 ὡς

67 1010 129 1037 οὐδὲ
142 1011 198 1041 τοῖς
210 1010 282 1037 κατὰ
302 1009 440 1045 Ἰωάννην,
458 1009 487 1036 ἐν
500 1018 530 1036 τε
555 1009 654 1046 πράξει
669 1010 717 1036 καὶ
743 1009 855 1045 θεωρίᾳ,

67 1054 98 1082 τὺ
123 1054 226 1090 ὑψηλὸν
247 1057 293 1082 καὶ
309 1055 446 1091 μετέωρον
468 1055 586 1090 ἔχουσιν,
600 1057 631 1082 οὑ
651 1056 701 1091 μὲν
723 1053 770 1083 οὖν
796 1056 856 1082 οὐδὲ

67 1100 186 1132 τούτοις,
197 1100 252 1126 τῶν
279 1101 443 1136 ἀπορρήτων
455 1100 470 1120 ὶι
485 1100 596 1128 ἐκείνων
619 1101 650 1127 ἰδ
669 1100 784 1136 κρύφιον
808 1100 857 1127 καὶ

66 1146 296 1181 δυσκατάληπτον
321 1147 362 1178 εἰς
385 1146 487 1181 γνῶσιν
517 1147 654 1181 ἀφίκοιτο.
675 1147 762 1179 Αὐτὸς
790 1147 856 1182 γὰρ,

67 1192 82 1219 ὖ
101 1200 112 1218 ι
130 1190 240 1223 Μείζων
254 1192 284 1218 ἐν
300 1193 438 1227 γεννητοῖς
454 1191 603 1226 γυναικῶν,
620 1201 631 1218 ι
648 1192 682 1219 δι’
699 1190 736 1219 ὧν
753 1191 790 1228 μὴ
809 1192 856 1218 δύ-

67 1237 167 1265 νασθαι
192 1239 279 1265 λύειν
304 1238 359 1266 τὸν
378 1238 486 1273 ἱμάντα
510 1238 681 1274 ὡμολόγησε,
694 1239 758 1275 μηδ’
775 1238 857 1266 αὐτὸν

68 1284 163 1311 ἰκανὸν
175 1284 209 1311 ἂν
223 1284 350 1318 γενέσθαι
367 1285 533 1320 παρίστησιν
550 1285 585 1312 τὰ
600 1284 714 1312 τοιαῦτα
725 1285 778 1312 τῶν
790 1286 857 1311 ἀπο-

68 1327 202 1363 ρημάτων
226 1328 418 1356 ἐπιλύσασθαι.
434 1329 500 1355 Τίνα
524 1329 553 1355 δέ
573 1329 631 1355 ἐστι
645 1328 750 1361 ταῦτα;
767 1328 816 1361 Τίς
837 1330 855 1364 ή

67 1374 225 1408 τοῡ⁴Λότου
252 1374 386 1408 κένωσις;
415 1375 474 1406 πῶς
498 1376 512 1401 ὀ
535 1375 663 1410 Πλάστης
685 1375 792 1402 ἑνοῦται
819 1375 857 1410 τῷ

68 1419 227 1453 amicitur;
240 1419 377 1455 Παρθένος
396 1420 424 1446 δὲ
440 1421 499 1452 πῶς
511 1420 544 1447 ἂν
560 1421 646 1453 τέκοι,
661 1421 710 1447 καὶ
733 1421 782 1458 τὴν
801 1422 856 1448 τῶν

68 1464 173 1491 ὠδίνων
186 1465 262 1492 λύσιν
277 1466 414 1501 σφραγῖδα
438 1466 488 1502 τῆς
504 1467 669 1501 παρθενείας
692 1468 855 1503 ποιήσαιτο;

69 1510 128 1542 πῶς
140 1510 223 1545 ὄγκον
236 1511 306 1547 ἔχων
324 1513 338 1539 ὁ
352 1512 447 1548 Σωτὴρ
461 1513 508 1539 καὶ
525 1513 615 1548 σῶμα,
635 1513 772 1548 θαλάσσης
785 1513 857 1541 νῶτα

67 1556 209 1592 διέτρεχε;
224 1557 281 1589 πῶς
296 1557 325 1584 δὲ
344 1559 422 1594 τάφῳ
445 1559 492 1585 καὶ
505 1559 638 1595 κλείθροις
656 1560 702 1586 κα)⁴
727 1562 857 1596 σφραγῖσι

69 1603 228 1638 περιέχεται
245 1604 367 1637 ςτούτων
382 1606 410 1631 δὲ
430 1605 510 1633 πάλιν
524 1606 662 1641 ἀκινήτων
686 1606 857 1642 φυλαττομέ-

69 1657 123 1676 νων
144 1649 251 1676 ἑκεῖθεν
281 1651 462 1686 προέρχεται;
485 1648 543 1677 εἶτα
568 1651 597 1677 δὲ
614 1651 661 1678 καὶ
689 1651 744 1678 τῶν
769 1652 858 1687 θυρῶν

69 1695 274 1730 κεκλεισμένων
296 1697 336 1728 είς
353 1696 452 1732 μέσους
475 1697 538 1728 τοὺς
561 1696 698 1732 μαθητὰς,
717 1698 786 1732 μετά
810 1697 857 1724 τοῦ

69 1742 154 1769 αὐτοῦ
171 1743 308 1778 σώματος,
324 1744 514 1779 ὲπιφαίνεται;
531 1745 578 1770 καὶ
598 1743 706 1779 πληγὰς
727 1744 773 1770 καὶ
786 1743 858 1779 τρώ-

71 1798 128 1821 σεις
139 1789 187 1816 τοῦ
199 1789 322 1822 ἀπαθοῦς
335 1791 382 1817 καὶ
395 1790 535 1826 ἀφθάρτου
545 1790 620 1825 ὄψεις
635 1790 798 1825 ἐξερευνῶσι
811 1790 858 1816 καὶ

70 1836 215 1869 δάκτυλοις
231 1835 333 1871 βρῶσις
356 1836 385 1862 δὲ
406 1836 454 1862 καὶ
479 1836 558 1868 πόσις
578 1835 616 1870 τῷ
639 1835 785 1871 ἀπροσδεεῖ
811 1836 859 1862 καὶ

71 1881 217 1917 ἀρεύστῳο
233 1882 290 1914 πῶς
303 1882 336 1909 ἀν
350 1891 392 1914 τις
402 1881 721 1918 ὲξείποιίδιαπράττεσθαι
733 1880 857 1916 σώματι;

71 1928 181 1955 Τούτων
206 1925 252 1954 οὖν
279 1928 325 1955 καὶ
349 1928 404 1955 τῶν
424 1928 553 1955 τοιούτων
582 1928 690 1964 δεσμῶν
714 1928 764 1954 οὐκ
785 1927 859 1954 ἐστιν

70 1974 144 2006 ὅστις
165 1973 215 2009 οὐχ
230 1974 271 2000 ὃτι
288 1973 343 2000 τῶν
368 1974 474 2001 πολλῶν
495 1975 542 2001 καὶ
565 1975 711 2010 τυχόντων,
728 1973 785 2001 ἀλλ’
802 1974 858 2001 οὐδ’

71 2019 97 2046 εἴ
107 2029 149 2052 τις
159 2020 200 2051 είς
214 2020 264 2055 τὴν
282 2019 330 2046 τοῦ
350 2020 508 2056 Προδρόμου
528 2020 604 2056 διέὸη
619 2019 770 2051 τελείωσιν,
783 2019 860 2047 οὐδὲν

71 2066 166 2101 σαφῶς
187 2066 236 2093 καὶ
260 2066 388 2101 καθαρῶς
416 2067 585 2094 ἐπιλύσεται.
609 2066 678 2093 Ἀλλ’
696 2066 788 2101 ἕτερος
811 2066 860 2101 μὲν

72 2113 136 2144 ἴσως
152 2112 247 2147 ἐτέρου
270 2114 326 2144 τοῖς
355 2113 503 2148 ἀκροαταῖς
517 2113 575 2148 ἐρεῖ
588 2121 615 2139 τι
627 2111 861 2147 ψυχαγωγικώτε-

73 2167 130 2193 ρον,
146 2158 250 2194 καὶτῆς
266 2158 367 2193 πολλῆς
377 2159 495 2195 ἀπορίας
506 2158 681 2195 παραμύθιον
689 2166 696 2174 ·
707 2159 724 2194 ή
735 2157 763 2184 δὲ
775 2156 861 2192 χωρὶς

71 2204 214 2239 ἐσόπτρων
229 2203 278 2230 καὶ
288 2204 458 2238 αἰνιγμάτων
479 2205 509 2230 ἐν
535 2203 642 2235 τούτοις
665 2203 789 2237 ἀλήθεια,
806 2201 860 2227 τῶν

71 2251 100 2278 ὲν
116 2251 168 2286 βίῳ
183 2251 293 2278 πάντων
307 2250 408 2286 ὁμοίως
429 2249 653 2285 ἀποκεχώρηκεν.
676 2247 757 2275 Ἀλλά
773 2247 860 2274 ταῦτα

73 2297 122 2332 μέν
136 2305 178 2323 σοι
191 2297 245 2323 τῶν
259 2297 329 2323 κατά
344 2297 455 2332 μνήμην
469 2296 629 2331 σωζομένων
643 2293 720 2330 οἶμαι
737 2294 773 2320 τὰ
788 2293 859 2325 ἀξιο-

70 2344 203 2380 λογὸτερα
221 2343 328 2379 ἔγραψα
340 2351 347 2358 ·
371 2344 404 2370 σὺ
418 2343 441 2369 δ’
451 2342 594 2378 ἐπικρίνας
606 2341 731 2377 στέργοις
739 2340 769 2366 τὸ
780 2340 860 2374 ἄμει-

71 2399 126 2418 νον.
148 2389 180 2417 Εἰ
193 2390 216 2417 δ’
229 2389 358 2425 ἐρυθριᾷς
372 2388 421 2425 τὴν
435 2388 537 2423 κρίσιν,
564 2387 620 2422 ἐγώ
637 2395 678 2414 σοι
701 2387 733 2413 τὸ
751 2385 860 2421 πρῶτον

71 2437 120 2464 καὶ
141 2436 175 2463 τὸ
189 2436 343 2463 τελευταῖον
361 2435 415 2462 τῶν
437 2436 466 2461 ἐν
481 2434 555 2469 μέσῳ
576 2433 737 2469 προτίθημι.
759 2432 796 2458 To
811 2431 860 2467 μὲν

71 2482 126 2517 γὰρ
141 2481 253 2516 καὶτῆς
274 2480 427 2511 ὑποθέσεως
445 2481 493 2506 καὶ
511 2479 565 2505 τῶν
582 2478 712 2514 ῥημάτων
723 2477 796 2503 ἐστὶν
820 2477 860 2504 οι-

73 2529 234 2554 κειότατον”
261 2527 292 2554 τὸ
318 2527 347 2554 δὲ
376 2526 532 2553 τελευταῖον
558 2525 613 2551 τῶν
639 2525 708 2551 κατὰ
744 2523 862 2559 θεωρίαν

73 2574 201 2609 εὑρήσεις
213 2573 424 2608 ἁναλογώτερον.
444 2573 580 2607 "Eppium.

908 959 1105 986 humanitatem
1123 957 1150 984 in
1164 963 1246 984 carne
1263 960 1428 990 susceptam,
1449 955 1599 990 agitantur,
1634 955 1696 982 vin-

908 1005 998 1033 culum
1014 1008 1040 1031 et
1059 1002 1249 1034 annexionem,
1265 1009 1325 1036 qua:
1339 1005 1456 1028 mentem
1470 1008 1580 1027 omnem
1594 999 1695 1027 huma—

907 1057 970 1076 nam
984 1049 1063 1083 longe
1079 1053 1208 1083 superent
1225 1056 1232 1074 :
1246 1055 1360 1082 quarum
1377 1046 1559 1081 quaestionum
1583 1045 1698 1073 solutio-

907 1103 970 1123 nem
985 1099 1012 1123 et
1026 1094 1245 1129 explicationem,
1261 1100 1314 1120 non
1333 1091 1417 1126 aliqui
1431 1099 1446 1120 e
1461 1091 1542 1127 vulgo
1557 1091 1608 1119 sibi
1620 1098 1697 1118 arro-

907 1149 972 1177 gare
1002 1140 1120 1172 debent,
1146 1144 1194 1166 aut
1219 1138 1356 1166 curiosius
1382 1137 1456 1165 circa
1500 1137 1610 1165 easdem
1637 1144 1697 1164 ver-

907 1188 962 1218 sari
979 1207 987 1221 ,
1016 1187 1063 1216 sed
1086 1186 1153 1214 illud
1177 1185 1313 1220 exquisite
1346 1183 1483 1219 imprimis
1510 1189 1696 1218 cognoscere,

906 1235 979 1271 quod
1003 1242 1054 1262 nec
1076 1232 1189 1260 Joannis
1221 1236 1378 1262 sectatores,
1414 1230 1461 1265 qui
1490 1229 1517 1256 in
1543 1229 1651 1256 actione
1667 1231 1696 1254 et

907 1281 1133 1316 contemplatione
1166 1278 1282 1306 sublime
1315 1277 1379 1313 quid
1409 1280 1436 1303 et
1455 1275 1594 1303 excelsum
1617 1273 1696 1301 habe-

908 1327 983 1360 bant,
1000 1326 1158 1354 abscondita
1169 1326 1226 1352 lucc
1240 1328 1267 1352 et
1282 1323 1327 1350 vix
1342 1321 1612 1356 comprehensibilia,
1622 1323 1696 1347 certe

907 1373 1117 1408 inexplicabilia.
1135 1370 1329 1405 iutelligebant.
1348 1368 1408 1402 Ipse
1425 1377 1434 1393 ι
1454 1367 1541 1402 Major
1555 1366 1627 1393 inter
1635 1372 1695 1392 om-

907 1426 956 1446 nes
969 1425 985 1445 e
998 1417 1158 1445 mulieribus
1173 1420 1262 1448 natos,
1279 1423 1288 1440 I
1308 1421 1370 1441 cum
1385 1413 1526 1448 proﬁtetur
1543 1419 1572 1439 se
1587 1411 1696 1438 solvere

907 1464 1046 1499 indignum
1061 1471 1122 1490 esse
1135 1462 1277 1496 corrigiam
1295 1459 1386 1492 calcei,
1406 1458 1501 1486 eodem
1517 1462 1580 1485 actu
1610 1463 1696 1491 agno-

908 1511 960 1539 scit
977 1517 1031 1537 non
1046 1516 1127 1544 posse
1144 1515 1173 1535 se
1207 1506 1341 1542 ejusmodi
1369 1505 1466 1532 dubias
1493 1503 1597 1530 solvere
1622 1499 1715 1536 quae?

909 1557 1020 1584 stiones.
1040 1556 1071 1582 At
1087 1560 1212 1589 quaenam
1229 1552 1282 1580 illa:
1301 1549 1527 1582 sunt?Qu:enam
1541 1547 1624 1575 Verbi
1636 1547 1695 1574 exi-

910 1600 1040 1630 nanitio?
1054 1600 1155 1627 Rerum
1171 1598 1304 1626 Conditor
1325 1602 1380 1630 quo
1411 1599 1490 1629 pacto
1517 1593 1556 1620 rei
1580 1591 1697 1620 c0ndita:

909 1647 1057 1675 adunitur?
1076 1654 1130 1682 quo
1155 1649 1235 1680 pacto
1254 1642 1388 1678 pepererit
1421 1640 1514 1675 Virgo,
1542 1644 1569 1665 et
1595 1643 1691 1673 partus

909 1693 1033 1720 dolorum
1050 1691 1224 1722 solutionem,
1234 1688 1352 1723 sigillum
1369 1686 1492 1713 adhibuit
1507 1682 1694 1717 virginitatis?

908 1738 1045 1775 quomodo
1071 1737 1208 1767 Servator,
1225 1735 1272 1770 qui
1301 1733 1408 1768 pondus
1427 1735 1454 1758 et
1470 1737 1569 1764 corpus
1591 1727 1696 1775 habuit,

910 1773 992 1812 maris
1009 1789 1115 1818 tergora
1138 1789 1220 1809 cursu
1249 1777 1423 1815 peragravit?
1447 1776 1583 1811 quomodo
1608 1773 1697 1808 sepul-

909 1839 967 1863 cro,
978 1829 1105 1857 claustris
1113 1832 1140 1855 et
1147 1826 1242 1861 sigillis
1254 1825 1397 1852 tenebatur
1410 1820 1585 1849 inclusus?et
1599 1819 1694 1846 iisdem
1744 1825 1751 1836 ι

909 1876 976 1912 ipsis
995 1874 1115 1902 immotis
1133 1871 1285 1902 custoditis,
1303 1869 1365 1896 inde
1383 1865 1545 1903 egreditur?
1559 1864 1696 1899 quomodo

909 1910 1006 1950 deinde
1020 1920 1098 1948 ostiis
1114 1918 1216 1946 clausis
1230 1917 1257 1943 in
1281 1914 1400 1943 medium
1414 1912 1546 1947 processit
1572 1910 1695 1945 discipu~

909 1967 1009 1998 lorum.
1021 1972 1083 1993 cum
1100 1965 1194 1992 eodem
1211 1960 1347 1996 corpore?
1371 1957 1510 1994 quomodo
1527 1956 1630 1991 plagas,
1652 1955 1695 1982 in-

909 2012 981 2040 ﬂicta
998 2011 1111 2039 vulnera
1137 2006 1316 2043 impassibilis
1335 2004 1461 2039 corporis
1479 2006 1507 2030 et
1533 2000 1696 2035 incorrupti-

910 2057 984 2092 bilis,
1000 2056 1071 2084 oculi
1092 2059 1120 2083 et
1133 2054 1210 2089 digiti
1236 2050 1465 2088 pcrscrutantur?
1492 2047 1635 2082 Quomodo
1660 2046 1698 2074 ci-

910 2104 962 2131 bus
976 2108 1003 2131 et
1017 2106 1096 2138 potus
1111 2095 1253 2128 conferent
1290 2105 1344 2125 non
1372 2096 1514 2131 indigenti,
1530 2101 1581 2121 nec
1608 2092 1693 2120 ﬂuido

910 2148 1029 2185 corpori,
1044 2147 1108 2183 quis
1137 2150 1227 2174 autem
1241 2143 1439 2178 ell'aripotest?
1460 2141 1523 2168 Haec
1548 2143 1638 2167 autem
1668 2141 1696 2165 et

912 2184 1010 2224 similia
1025 2193 1144 2226 vincula,
1158 2199 1250 2223 nemo,
1272 2198 1326 2218 non
1345 2189 1438 2216 dixero
1454 2196 1469 2216 e
1497 2186 1578 2221 vulgo
1609 2184 1697 2212 homi-

876 2251 898 2279 υ
912 2250 978 2270 num
994 2248 1021 2269 et
1036 2241 1102 2268 lzece
1122 2238 1288 2274 promiscua,
1306 2235 1352 2263 sed
1367 2243 1400 2262 ne
1416 2233 1526 2269 quidem
1543 2232 1566 2259 si
1579 2232 1612 2258 ad
1626 2230 1698 2257 Prae-

912 2286 1034 2316 cursoris
1061 2284 1254 2321 perfectionem
1285 2280 1437 2309 ascenderit
1464 2279 1583 2312 aliquis,
1607 2276 1696 2311 plane,

913 2334 995 2366 clare,
1008 2337 1034 2359 et
1048 2331 1190 2367 perspicue
1208 2329 1320 2356 solverit
1337 2336 1344 2354 :
1363 2325 1420 2353 ﬁeri
1435 2330 1525 2352 autem
1550 2327 1650 2358 potest,
1666 2326 1696 2348 ut

914 2386 984 2406 unus
995 2377 1091 2410 altero,
1109 2377 1179 2411 apud
1196 2375 1345 2406 auditores,
1359 2371 1424 2408 quid
1448 2370 1535 2405 magis
1549 2369 1583 2396 ad
1600 2369 1698 2395 animae

914 2426 1046 2456 solamen,
1061 2423 1170 2455 dixerit,
1186 2423 1251 2450 etin
1267 2419 1433 2448 ditlicultatis
1462 2414 1621 2450 multiplicis
1648 2421 1698 2441 ex-

914 2471 1077 2507 peditionem
1093 2478 1100 2496 :
1116 2469 1216 2496 veritas
1229 2472 1318 2495 autem
1336 2466 1362 2493 in
1374 2464 1434 2492 istis
1455 2463 1513 2490 sine
1529 2459 1646 2495 speculis
1671 2462 1699 2485 et

915 2516 1068 2551 aenigmatis
1085 2516 1155 2542 ultra
1171 2515 1256 2549 ipsius
1286 2513 1348 2539 vitae
1375 2510 1507 2537 terminos
1533 2511 1697 2534 removetur.
1750 2527 1755 2533 .

915 2564 1004 2599 Atque
1022 2563 1057 2590 ita
1087 2561 1134 2589 tibi
1153 2567 1246 2588 carum
1261 2557 1462 2593 expositionum
1487 2562 1548 2589 quae
1568 2553 1701 2580 mandan-

916 2615 961 2636 tur
975 2608 1123 2640 memorize,
1148 2606 1297 2641 przecipuas
1318 2603 1452 2630 enarravi.
1474 2601 1526 2634 ’Iu,
1551 2600 1622 2627 facta
1634 2598 1693 2626 dis-

74 2661 213 2693 cussione,
231 2662 361 2696 optimam
378 2661 552 2696 amplectere.
567 2659 644 2692 Quod
676 2659 699 2687 si
726 2654 862 2693 judicium
889 2656 1061 2690 interponere
1095 2651 1298 2683 verecunderis,
1314 2657 1364 2685 ego
1379 2649 1497 2684 primam
1516 2651 1598 2681 atque
1631 2644 1694 2671 ulti-

75 2718 148 2737 mam
170 2709 275 2735 cecteris
290 2715 428 2742 praepono.
453 2706 520 2734 Nam
531 2713 626 2733 earum
660 2708 714 2732 u'na
742 2711 804 2731 cum
834 2705 995 2736 argumento
1014 2700 1149 2735 subjecto,
1182 2702 1294 2725 etcum
1329 2696 1418 2722 verbis
1450 2694 1582 2730 majorem
1617 2691 1698 2718 habet

76 2755 255 2785 afﬁnitatem;
279 2740 444 2786 postremam
459 2752 577 2788 reperies
594 2750 680 2786 magis
691 2749 725 2777 ad
737 2747 977 2782 contemplationis
994 2745 1150 2780 analogiam
1167 2743 1324 2772 facientem.
1345 2740 1418 2769 \alc.

732 2825 848 2855 VARl/E
862 2822 1062 2851 LECTIONES.

111 2891 126 2912 δ
139 2890 173 2924 ο,
193 2889 228 2919 Μ.
243 2889 464 2926 ἀπορρηθέντων.
505 2893 516 2908 ε
536 2886 586 2924 leg.
603 2884 755 2922 ἀρῤεύστῳ.
772 2882 804 2911 C.
815 2881 852 2911 M.
871 2881 1020 2917 ἒναρέστῳ.
