1874 3070
216 157 268 188 983

270 215 433 248 QUIESTIO
457 215 571 243 CCXVII
590 215 695 252 ['Coisl.
709 216 830 244 CCXLVI
842 239 849 250 ,
867 217 948 245 Taur.

506 262 671 289 ccxxxvu
690 263 706 298 |.

406 308 444 334 De
471 308 620 342 (li/Ieremia
650 309 804 343 imaginum.

791 161 922 191 ΡΠΟΤΙΙ
947 162 1197 193 PATRIARCll/E
1212 163 1266 193 (ΣΡ.

1772 163 1814 196 984

1310 218 1476 244 ΕΡΩΤΠΣΙΣ
1496 216 1566 246 Σ1Ζ’.

1247 306 1316 340 Περὶ
1341 306 1484 341 διαφορᾶς
1498 307 1632 334 εἰκόνων.

645 365 716 390 Edita
728 374 741 390 a
754 366 904 391 Montacutio
917 366 969 398 (ep.
988 365 1042 397 154,
1055 367 1084 391 ad
1099 366 1169 391 Joan.
1181 366 1305 397 Spatium,
1320 373 1344 398 ρ.
1356 367 1408 396 178,
1424 367 1488 396 180).

250 419 307 446 Non
320 420 440 448 detrahit
455 421 559 457 aliquid
589 421 691 449 Christi
721 422 843 458 imagini,
871 424 894 451 si
913 422 995 451 Filius

1086 421 1168 448 οὐδὲν
1182 423 1338 457 λυμαίνεται
1353 423 1385 458 τῇ
1407 422 1491 449 εικόνι
1507 421 1624 457 Χριστοῦ
1635 442 1644 454 ,
1664 422 1694 449 τὸ
1706 423 1812 458 λέγεσθαι

215 467 321 494 dicatur
344 474 407 494 vera
418 467 510 495 Patris
524 468 624 503 imago,
646 473 704 500 aut,
719 469 800 496 homo
824 477 888 497 vere
912 469 1000 497 factus

215 512 248 538 ad
267 513 409 547 imaginem
426 513 495 540 Dei:
515 522 549 541 ne
561 518 618 542 tum
643 515 667 542 si
696 515 861 543 aﬂirmamus
885 523 933 543 eos
955 516 1001 550 qui

217 557 366 584 secundum
386 558 513 585 virtutem
537 559 639 592 vivunt,
654 560 687 587 ad
703 568 794 588 veram
814 560 915 588 Christi
935 561 1003 587 ima-

217 603 307 635 ginem
323 601 500 630 conformari.
515 603 573 631 Non
589 604 662 632 enim
677 610 706 631 ut
719 607 876 633 traducatur
903 605 1002 639 imagi-

217 647 260 673 nis
269 647 422 681 artiﬁcium,
431 649 482 676 hoc
490 649 605 681 dicitur;
619 655 708 677 nonut
717 651 885 678 mendacium
895 651 1004 685 imagini

215 693 361 721 all‘ricetur:
371 695 417 722 sed
426 700 453 721 ut
461 695 504 722 illa
513 704 573 730 quae
581 696 870 724 interceditdirersitas
877 697 1006 732 intelliga-

216 743 270 765 tur.
277 738 334 766 Non
340 740 412 767 enim
420 748 482 768 cum
494 741 591 768 Filium
602 750 692 770 veram
700 742 860 777 sapientiam
873 743 1000 769 nomina-

216 792 287 817 mus,
301 785 462 820 sapientiam
477 794 492 813 a
508 787 608 814 divinis
618 788 736 815 oraculis
750 788 939 821 eliminamus;
951 788 998 816 sed

216 838 267 857 nec
279 838 342 858 cum
356 831 443 859 lucem
462 840 566 864 veram.
583 834 666 861 vitam
680 841 784 867 veram,
799 834 927 866 dicimus,
953 833 998 860 lu-

217 883 277 902 men
292 877 381 904 solare
393 882 441 905 aut
457 878 538 905 vitam
561 879 606 907 hic
639 884 770 911 nostram,
797 880 882 906 multo
907 879 998 906 minus

218 921 291 948 illam
309 921 438 956 futuram,
454 923 571 951 falsarize
585 925 767 952 subsistentia:
782 925 860 952 inniti
874 925 996 952 insinua-

217 973 290 992 mus.
304 966 406 994 Eodem
425 968 506 996 modo
518 974 545 996 et
559 976 620 996 cum
644 969 741 997 Filium
773 971 931 1005 proﬁtemur
953 977 998 997 ve-
1011 962 1035 991 Β

215 1018 274 1038 ram
287 1011 443 1048 imaginem,
457 1021 510 1041 non
527 1014 586 1041 illas
599 1014 740 1050 imagines,
751 1023 811 1049 qua:
819 1022 898 1042 suum
908 1019 997 1042 ortum

217 1058 252 1084 ab
278 1059 430 1086 imitatione
458 1061 621 1094 sortiuntur,
645 1061 672 1087 in
699 1061 903 1088 mendaciorum
928 1061 1000 1089 ordi-

217 1112 278 1130 nem
303 1105 463 1139 rejicimus;
482 1108 670 1135 tantummodo
708 1107 886 1136 dillerentiam
917 1116 998 1144 quam

217 1149 261 1176 illa
282 1151 314 1178 ad
334 1151 401 1179 istas
418 1152 498 1179 habet
513 1161 560 1186 per
568 1161 710 1181 excessum
721 1154 917 1188 signiﬁcamus.
929 1155 999 1182 Audi

217 1195 299 1230 igitur
334 1197 418 1224 ﬁlium
453 1199 586 1232 tonitrus,
613 1199 840 1234 quemadmodum
876 1200 941 1234 ille,
965 1200 1000 1227 de

216 1242 286 1268 cmlo
300 1242 437 1275 intonans,
452 1244 530 1272 nobis
547 1245 627 1272 talem
641 1245 785 1273 verborum
800 1253 911 1273 sensum
935 1253 1000 1281 sug-

217 1288 295 1323 gerit.
308 1287 461 1324 Utrumque
483 1295 567 1323 certe,
586 1291 613 1318 in
628 1299 671 1323 eo,
709 1301 719 1317 ι
736 1293 849 1327 gratiam
862 1299 912 1327 pro
940 1300 1001 1328 gra-

217 1334 254 1361 tia
266 1335 300 1367 ⁶⁵,
320 1345 329 1361 ι
350 1343 449 1363 novum
467 1341 493 1364 et
508 1342 604 1370 vetus;
620 1345 675 1365 uno
686 1339 782 1366 eodem
802 1339 896 1374 gratia:
922 1339 1000 1366 titulo

217 1381 372 1414 appellans:
397 1382 472 1409 addit
504 1383 602 1410 deinde
626 1384 814 1417 eminentiam,
843 1385 888 1412 ubi
917 1394 999 1412 unum

217 1433 278 1452 cum
296 1427 382 1454 altero
398 1433 547 1462 comparat,
563 1438 572 1454 ι
596 1428 663 1461 Lex,
679 1429 806 1465 inquiens
827 1438 874 1465 per
889 1431 999 1466 Moysen

217 1471 344 1504 dabatur,
365 1472 450 1507 gratia
465 1478 554 1499 autem
570 1477 597 1500 et
612 1474 712 1501 veritas
736 1482 783 1509 per
799 1474 893 1502 Jesum
921 1475 1001 1502 Chri-

218 1520 290 1543 stum
308 1517 340 1544 “.
356 1526 366 1541 ι
382 1517 524 1545 Manifesle
550 1523 633 1553 patet.
664 1519 736 1554 quod
767 1528 828 1547 cum
854 1521 889 1547 ita
917 1520 999 1554 dicat,

217 1569 268 1589 nec
280 1562 394 1597 gratiam
408 1571 457 1590 uec
470 1564 609 1591 veritatem
626 1572 642 1592 a
658 1564 776 1592 Mosaica
790 1566 847 1600 lege
863 1566 998 1599 absciditf,

218 1607 275 1642 ipse
296 1609 368 1636 enim
387 1609 432 1636 ille
451 1609 501 1636 fuit
535 1611 582 1645 qui
608 1611 689 1646 paulo
719 1612 794 1645 prius
819 1612 1000 1647 appellatione

217 1654 310 1687 gratia:
324 1654 409 1688 ipsam
431 1655 600 1690 insignierat.
620 1656 672 1684 Sed
688 1665 736 1685 uec
761 1658 931 1686 mendacium
960 1659 998 1685 illi

218 1700 342 1735 imputat.
360 1700 419 1730 Non
444 1703 516 1729 enim
535 1704 561 1730 in
593 1705 786 1733 contumeliam
819 1711 866 1734 aut
893 1707 998 1733 crimen

218 1745 285 1779 legis
300 1746 401 1773 dictum
419 1747 494 1778 illud,
511 1758 520 1774 ι
537 1747 631 1776 Gratia
653 1755 745 1777 autent
774 1755 799 1778 et
824 1751 925 1779 veritas
953 1759 1001 1786 per

217 1789 308 1818 Iesum
323 1791 461 1819 Christum
478 1793 539 1825 fuit,
556 1803 565 1819 ε
581 1795 751 1831 Evangelicis
764 1797 877 1824 sancitis
890 1797 1002 1832 adapta—

218 1837 296 1864 batur
318 1838 477 1871 (lleracleon
502 1840 538 1867 ita
555 1841 667 1874 diceret,
682 1847 709 1869 et
729 1842 905 1870 Heracleonis
928 1843 998 1878 ﬁlii),

217 1883 263 1910 sed
279 1884 402 1917 proiecto
419 1885 505 1919 magis
517 1885 650 1913 illustrem
665 1891 692 1914 et
719 1888 866 1922 perfectam
891 1888 998 1916 Domini

220 1929 448 1966 uiagniﬁcentiaut
463 1931 605 1959 ostendere
618 1931 709 1959 volcns
729 1941 810 1967 quam
836 1933 929 1960 habuit
946 1934 998 1961 Lex

215 1981 264 2008 per
283 1973 392 2009 Moysen
413 1975 486 2008 data,
500 1977 617 2011 generali
635 1977 681 2004 illo
709 1978 819 2004 nomine
847 1977 947 2005 Gratia:
973 1983 1000 2006 ct

215 2020 333 2048 veritati:
359 2022 516 2054 complexus
531 2026 581 2049 est.
607 2023 678 2056 Quin
705 2028 732 2050 et
763 2024 873 2051 divinus
898 2023 999 2051 Paulus

216 2073 278 2091 cum
302 2066 377 2098 dixit,
399 2075 408 2091 ι
427 2065 554 2093 Umbram
574 2067 677 2095 habens
700 2068 743 2095 lex
767 2068 924 2096 futurorum
951 2069 1000 2096 bo-

212 2117 326 2143 norum,
344 2110 406 2145 noni
422 2111 507 2146 ipsam
531 2113 676 2147 imaginem
704 2121 805 2146 rerum,
823 2123 832 2139 ι
851 2114 936 2148 legem
957 2119 999 2150 ly-

218 2164 282 2190 pum
303 2162 329 2183 et
345 2156 490 2191 imaginem
510 2165 571 2186 esse
593 2158 746 2186 futurorum
776 2160 920 2193 honorum,
944 2169 998 2188 non

217 2203 392 2237 praedicavit;
419 2204 464 2230 sed
491 2204 623 2238 imprimis
649 2212 695 2239 per
720 2205 863 2232 verborum
892 2206 998 2232 illorum

218 2254 351 2281 tenorem,
378 2249 474 2276 docere
501 2250 588 2277 voluit
604 2250 695 2284 potius
714 2251 838 2285 gratiam,
859 2259 940 2286 quam
960 2252 999 2279 le-

1053 468 1100 495 τὸν
1118 468 1181 495 Υίὺν
1201 469 1329 505 ἀληθινὴν
1363 469 1455 496 εἰκόνα
1480 468 1527 496 τοῦ
1544 469 1660 504 Πατρδς,
1679 469 1752 505 ἦτον
1776 471 1813 497 ἂν·

1056 513 1164 548 θρωπον
1177 513 1284 549 ἀληθῶς
1299 514 1359 540 κατ’
1384 514 1475 541 εἰκόνα
1497 513 1661 549 γεγενῆσθαι
1688 513 1750 540 Θεοῦ
1765 522 1772 530 ·
1790 516 1814 541 οὐ

1054 559 1107 594 μὴν
1122 559 1176 586 οὐδ’
1187 559 1311 586 ὲπειδ⁹ἂν
1324 559 1457 594 λέγωμεν,
1474 559 1536 591 τοὺς
1551 560 1611 586 κατ’
1622 559 1722 596 ἀρετὴν
1737 560 1814 595 βεϐιω-

1052 604 1135 636 κότας
1157 604 1206 640 τὴν
1223 604 1310 640 ἀληθῆ
1334 604 1503 640 μορφοῦσθαι
1524 605 1617 632 εἰκόνα
1646 606 1767 641 Χριστοῦ.
1783 607 1813 632 Οὐ

1054 650 1109 685 γὰρ
1133 651 1178 677 ἐπὶ
1205 650 1314 686 διαϐολῇ
1344 651 1394 686 τῆς
1422 651 1554 686 τεχνητῆς
1574 650 1590 671 ἀ
1617 651 1720 683 εἰκόνος
1745 651 1814 678 ταῦτα

1053 696 1172 730 λέγεται,
1189 696 1244 723 οὐδ’
1260 696 1304 724 ίνα
1319 696 1414 731 ψεῦδος
1428 696 1496 731 αὐτῇ
1513 696 1692 732 ἐπιγράφοιτο
1706 704 1714 712 ’
1724 696 1814 727 ἀλλ’ὡς

1055 742 1088 769 ἂν
1111 741 1199 770 αὐτῶν
1219 742 1236 777 ὴ
1271 741 1338 777 πρὸς
1364 741 1465 777 ἄλληλα
1475 743 1592 778 διαφορὰ
1616 742 1813 777 ἐπιγινώσκοιτο.

1052 788 1118 815 Οὐδὲ
1137 788 1201 824 γὰρ,
1215 788 1271 814 οὐδ’
1282 788 1346 815 ὅταν
1366 788 1412 814 τὸν
1428 788 1492 815 Υἱὶν
1502 788 1631 824 ἀληθινὴν
1647 788 1738 823 σοφίαν
1747 797 1813 823 προσ-

1049 834 1234 870 αγορεύωμεν,
1240 835 1290 870 τὴν
1298 835 1329 861 ἐκ
1337 834 1390 860 τῶν
1398 834 1478 861 θείων
1488 834 1602 871 Γραφῶν
1611 834 1754 870 σοφίαντῆς
1761 835 1813 869 ἀλη-

1049 880 1122 912 θείας
1132 880 1289 915 ἐξορίζομεν
1300 889 1307 895 ·
1319 880 1373 907 οὐδ’
1384 880 1467 907 ἐπειδ¹
1479 880 1512 907 ἂν
1529 880 1587 914 φῶς
1600 880 1683 908 αὑτὸν
1697 880 1812 915 ἀληθινὸν,

1049 926 1066 962 ἤ
1084 926 1155 962 ζωὴν
1172 925 1300 961 ἀληθινὴν
1312 925 1501 961 ὀνομάζωμεν,
1514 925 1545 952 τὺ
1554 925 1669 960 ἡλιακὸν
1679 925 1742 960 φῶς,
1751 925 1765 960 ἢ
1775 925 1813 960 τὴν

1049 973 1186 1008 ἡμετέραν
1193 971 1307 999 ἐνταῦθα
1314 972 1397 1007 ζωὴν,
1411 972 1454 999 ἵνα
1462 971 1499 1007 μὴ
1509 971 1582 1006 λέγω
1589 971 1639 1008 τὴν
1647 972 1753 1005 ἐκεῖθεν,
1762 971 1812 1006 ψειμ

1049 1017 1228 1044 δοῦπόστατον
1244 1016 1429 1051 ἁποφαίνυμεν
1438 1023 1444 1031 ·
1453 1015 1539 1048 οὕτως
1549 1016 1603 1044 οὐδ’
1615 1016 1732 1052 ὁπηνίκα
1740 1016 1812 1050 φαμὲν

1049 1061 1178 1096 ἀληθινὴν
1194 1061 1285 1088 εἰκόνα
1297 1061 1341 1087 τὸν
1350 1061 1422 1094 Υἱὺν,
1437 1061 1552 1096 οὐχὶτὰς
1565 1061 1717 1093 εἰκόνας,α”ί
1729 1061 1771 1096 τὴν
1779 1061 1813 1093 γέ-

1049 1106 1122 1133 νεσίν
1134 1108 1202 1133 εἰσιν
1216 1106 1346 1142 λαχοῦσαι
1361 1106 1405 1133 διὰ
1419 1107 1571 1142 μιμήσεως,
1587 1108 1628 1139 είς
1643 1106 1737 1142 ψεῦδος
1753 1105 1813 1132 ἐλαύ-

1049 1161 1141 1187 νομεν,
1158 1152 1226 1179 ἀλλὰ
1249 1152 1280 1178 τδ
1299 1152 1366 1188 πρὸς
1383 1152 1468 1184 αὑτὰς
1487 1153 1595 1188 ἐκείνης
1618 1152 1680 1180 καθ’
1700 1151 1813 1186 ὑπεροχὴί

1050 1199 1183 1234 δηλοῦμεν
1207 1198 1344 1234 διάφορον.
1370 1199 1502 1226 ΙἌκουσον
1522 1199 1612 1226 τοίνυν
1640 1199 1686 1226 τὸν
1707 1199 1759 1225 υἱὸν
1776 1199 1813 1231 τῆς

1051 1243 1174 1279 βροντῆς,
1197 1243 1272 1275 ὅπως
1300 1244 1365 1279 ἡμῖν
1385 1243 1488 1271 ἄνωθεν
1519 1244 1651 1280 βροντῶν,
1672 1244 1720 1280 τὴν
1740 1243 1814 1270 τοιαύ-

1050 1299 1100 1325 την
1134 1291 1230 1326 χρῆσιν
1255 1290 1310 1317 τῶν
1333 1291 1420 1325 λόγων
1445 1287 1545 1318 ἐννοεῖν
1583 1291 1701 1319 δίδωσιν.
1733 1291 1815 1326 ’Λμςω

1050 1338 1105 1372 γὰρ
1120 1337 1148 1364 ἐν
1164 1337 1203 1372 τῷ
1214 1337 1311 1370 είτιεεῖν⁹
1329 1346 1338 1363 ι
1355 1338 1402 1364 καὶ
1412 1337 1491 1373 χάριν
1499 1338 1560 1364 ἀντί
1575 1338 1697 1373 χάριτος,
1716 1347 1725 1364 ι
1738 1337 1780 1372 τήν
1794 1344 1816 1361 τε

1051 1382 1171 1409 Παλαιὰν
1183 1383 1230 1409 καὶ
1243 1383 1291 1418 τὴν
1314 1382 1398 1415 Νέαν,
1409 1383 1448 1418 τῷ
1470 1383 1521 1418 τῆς
1535 1384 1647 1419 χάριτος
1671 1383 1816 1418 ἐξονομάσας

1051 1429 1245 1465 προσρήματι·
1282 1427 1341 1456 εἶτα
1376 1429 1408 1456 τὺ
1435 1429 1657 1466 ὕπερανεστηκδς
1680 1429 1785 1464 θάττερα
1807 1433 1815 1446 ε

1051 1475 1120 1510 πρὸς
1139 1475 1187 1510 τὴν
1202 1474 1298 1510 ἑτέραν
1322 1475 1475 1510 παριστῶν,
1497 1485 1507 1501 ί
1537 1476 1567 1502 '0
1587 1477 1680 1511 νόμος,
1698 1476 1768 1511 φησὶ,
1783 1473 1817 1501 διὰ

1051 1520 1172 1551 Μωσέως
1187 1519 1274 1554 ἐδόθη,
1285 1521 1302 1555 ἡ
1317 1520 1396 1556 χάρις
1410 1520 1497 1547 δὲκαὶ
1512 1521 1529 1556 ή
1543 1521 1660 1556 ἀλήθεια
1686 1521 1727 1548 δια
1745 1518 1817 1554 ’1ησοῦ

1051 1565 1168 1600 Χριστοῦ
1200 1565 1318 1598 ἐγένετο.
1344 1574 1354 1591 ι
1371 1566 1455 1600 Δῆλον
1483 1566 1537 1602 γὰρ
1564 1567 1602 1598 ὡς
1623 1566 1709 1593 ταῦτα
1736 1566 1816 1599 λέγων,

1052 1612 1112 1646 οὐχὶ
1122 1611 1171 1646 τὴν
1185 1611 1341 1647 ἀλήθειαν-ἦ
1359 1613 1409 1648 τὴν
1429 1612 1508 1650 χάριν
1527 1612 1574 1639 τοῦ
1591 1611 1736 1640 Μωσαῖκοῦ
1750 1612 1818 1647 νόμον

1051 1655 1212 1691 περιέκοψεν
1222 1665 1229 1671 ·
1241 1657 1321 1688 αὐτὸς
1331 1657 1385 1693 γὰρ
1403 1655 1438 1692 ἦν
1459 1659 1473 1684 ό
1492 1658 1583 1694 μικρῴ
1605 1659 1722 1694 πρόσθεν
1735 1657 1770 1693 τῷ
1777 1657 1818 1691 τῆς

1050 1703 1171 1737 χάριτος
1192 1703 1273 1729 αὐτὸν
1298 1703 1488 1738 ἀποσεμνύνας
1504 1705 1628 1738 ὀνόματι.
1648 1705 1685 1731 Οὐ
1707 1706 1756 1740 μὴν
1769 1702 1818 1730 οὐδὲ

1049 1747 1146 1782 ψεῦδος
1161 1747 1243 1774 αὑτοῦ
1259 1748 1446 1784 κατηγόρησεν
1457 1756 1465 1763 ·
1480 1749 1540 1775 οὐδὲ
1554 1749 1608 1784 γὰρ
1633 1750 1677 1783 ἐφ’
1693 1749 1764 1784 ῦὸρει
1781 1748 1818 1774 καὶ

1049 1793 1158 1829 διαϐολῇ
1170 1793 1218 1820 τοῦ
1233 1794 1314 1829 νόμου
1330 1794 1370 1825 τὸ,
1389 1803 1398 1819 ι
1417 1795 1453 1820 'H
1467 1794 1545 1830 χάρις
1563 1795 1591 1821 δὲ
1611 1796 1659 1821 καὶ
1681 1795 1782 1830 ἀλήθεια
1792 1793 1818 1819 δι’

1055 1839 1143 1874 Ἰησοῦ
1170 1839 1288 1874 Χριστοῦ
1310 1839 1428 1873 ἐγένετο,
1451 1850 1460 1866 ι
1486 1841 1541 1872 τοῖς
1573 1840 1756 1875 εὖαγγελικοῖς
1783 1839 1816 1865 θε-

1052 1886 1131 1920 σμοῖς
1152 1887 1337 1921 περιήρμοσεν
1352 1886 1525 1921 (Ἡρακλέων
1537 1887 1590 1922 γὰρ
1604 1887 1638 1913 ἂν
1653 1887 1735 1918 οὕτως
1749 1886 1816 1914 εἴποι.

1051 1930 1098 1956 καὶ
1112 1931 1135 1957 οἱ
1152 1931 1245 1962 παῖδες
1259 1931 1470 1967 Ἡρακλέωνος),
1489 1931 1546 1958 ἀλλ’
1563 1933 1761 1967 ἐπισημοτέραν
1778 1930 1816 1964 δη-

1050 1976 1136 2004 λονότι
1152 1978 1198 2004 καὶ
1215 1978 1385 2013 τελειοτέραν
1404 1978 1454 2012 τὴν
1468 1978 1513 2004 τοῦ
1528 1978 1664 2004 Δεσπότου
1680 1976 1817 2012 φιλοτιμίαν

1049 2025 1098 2058 τῆς
1121 2024 1272 2058 Μωσαῖκῆς
1288 2023 1447 2059 νομοθεσίας
1466 2023 1643 2058 παραστῆσαι
1662 2023 1815 2059 βουλόμενος,

1049 2069 1104 2104 τῆς
1127 2069 1247 2104 χάριτος
1263 2069 1346 2106 αὐτὴν
1364 2070 1411 2096 καὶ
1426 2070 1568 2104 ἀληθείας
1587 2071 1619 2104 τῇ
1648 2071 1721 2104 κοινῇ
1747 2075 1815 2102 προσ-

1049 2117 1148 2152 ηγορίᾳ
1157 2117 1326 2153 περιέλαϐεν.
1345 2117 1424 2143 Ἀλλὰ
1437 2117 1483 2143 καὶ
1499 2116 1603 2148 Παῦλος
1618 2117 1631 2142 6
1643 2117 1722 2148 θεῖος,
1734 2115 1814 2141 (Σκιὲν

1049 2162 1117 2196 ἔχων
1131 2163 1144 2188 6
1156 2163 1236 2197 νόμος
1248 2162 1302 2188 τῶν
1319 2162 1469 2197 μελλόντων
1484 2161 1603 2196 ἀγαθῶν,
1619 2162 1670 2188 οὐκ
1682 2161 1759 2196 αὐτὴν
1775 2159 1814 2194 τὴν

1049 2207 1139 2234 εἰκόνα
1154 2208 1207 2234 τῶν
1222 2208 1417 2243 πραγμάτων,›
1432 2208 1662 2242 ἀποφαινόμενος,
1673 2209 1702 2234 οὐ
1715 2208 1742 2233 τὸ
1757 2204 1813 2232 εἶναι

1049 2254 1094 2281 τὸν
1110 2255 1190 2288 νόμον
1206 2255 1290 2282 τύπον
1307 2256 1354 2282 καὶ
1365 2256 1456 2282 εἰκόνα
1469 2255 1522 2282 τῶν
1540 2255 1690 2289 μελλόντων
1709 2253 1812 2288 ἀγαθῶν.

217 2302 291 2330 gem.
319 2295 454 2323 bonorum
483 2296 638 2323 futurorum
668 2295 824 2324 iruitionem
847 2305 995 2333 repraesen-

1051 2300 1222 2335 ἀπεκήρυξεν
1237 2308 1244 2315 ·
1267 2301 1335 2327 ἀλλὰ
1350 2301 1393 2327 διὰ
1406 2301 1459 2327 τῶν
1473 2301 1603 2336 ῥημάτων
1617 2300 1718 2328 τούτων
1730 2297 1812 2327 ἐνεδεί-

219 2346 243 2368 ta
248 2349 286 2369 re.

252 2430 323 2463 Quin
352 2435 380 2458 et
408 2432 566 2458 decantatus
585 2430 612 2457 in
627 2431 795 2466 explicandis
817 2438 843 2461 et
867 2434 997 2462 docendis

216 2475 314 2502 tlirinis
330 2474 449 2509 Litteris,
474 2475 592 2504 Joannes
618 2476 837 2513 Chrysostomus,
855 2481 949 2508 multis
969 2482 996 2509 in

217 2520 284 2547 locis
309 2520 358 2547 hac
387 2520 471 2555 ﬁgura
494 2522 620 2549 dictionis
649 2531 713 2550 usus
742 2531 803 2551 esse
827 2526 994 2560 agnoscitur.

217 2565 311 2592 Divina
326 2566 434 2592 oracula
449 2568 653 2594 commentariis
665 2569 825 2603 cxplauans,
835 2575 862 2597 ct
877 2571 996 2606 linguam

217 2611 245 2638 in
259 2612 292 2639 iis
308 2612 457 2639 enodandis
472 2613 682 2649 adliibens,qua:
699 2623 761 2643 cum
777 2615 923 2644 Nicodemo
939 2617 996 2645 dis-

250 2712 273 2726 "
288 2711 366 2739 .loan.
381 2721 399 2746 I,
420 2712 460 2739 l6.
499 2713 521 2728 “
539 2713 606 2740 ibid.
624 2713 667 2740 l7.

1051 2345 1124 2378 ξατο,
1140 2346 1238 2381 μᾶλλον
1248 2347 1296 2380 τὴν
1310 2347 1388 2382 χάριν
1403 2347 1419 2382 ἦ
1434 2347 1478 2373 τὸν
1495 2348 1587 2382 νόμον,
1607 2347 1660 2373 τῶν
1683 2347 1813 2383 μελλόντων

1057 2391 1167 2425 ἀγαθῶν
1182 2393 1325 2424 είκονίζειν
1341 2393 1390 2428 τὴν
1406 2392 1564 2419 ἀπόλαυσιν.

1094 2437 1150 2463 Ναὶ
1163 2437 1194 2472 δὴ
1209 2439 1254 2464 καὶ
1270 2439 1284 2464 ὁ
1294 2438 1377 2470 πολὺς
1395 2440 1424 2465 ἐν
1437 2440 1470 2474 τῇ
1487 2439 1540 2465 τῶν
1550 2439 1629 2466 θείων
1643 2439 1753 2475 Γραφῶν
1762 2437 1814 2465 ἀναρ

1048 2482 1144 2514 πτύξει
1172 2483 1219 2509 καὶ
1241 2483 1400 2519 διδασκαλίᾳ
1431 2484 1558 2520 Ἰωάννης
1586 2485 1600 2511 6
1624 2484 1808 2520 Χρυσόπομοςι

1047 2528 1182 2563 πολλαχοῦ
1196 2529 1365 2564 κεχρημένος
1383 2532 1422 2565 τῷ
1437 2530 1551 2566 τοιούτῳ
1577 2531 1694 2566 σχήματι
1712 2530 1760 2556 τῶν
1776 2526 1812 2553 λό-

1048 2582 1104 2608 γων
1127 2574 1273 2602 δείκνυται.
1299 2576 1368 2607 Τοὺς
1396 2577 1449 2612 γὰρ
1476 2577 1566 2609 θείους
1601 2574 1812 2612 ὺπομνηματίζων

1049 2620 1200 2655 χρησμοὺς,
1219 2621 1265 2648 καὶ
1279 2622 1318 2654 είς
1327 2622 1362 2648 τὰ
1378 2623 1445 2658 πρὸς
1469 2623 1514 2649 τὸν
1533 2624 1686 2660 Νικόδημον
1700 2620 1812 2658 εἰρημένα

848 2804 963 2831 νλιιιΑε
984 2804 1187 2831 LECTIONICS.

246 2863 258 2881 α
272 2863 405 2898 τεχνικῆς.
447 2869 457 2882 ε
477 2864 518 2890 ἴσ.
533 2864 659 2898 θατέρας.
