  <div class='ocr_page' id='page_1' title='image "/cluster/home/n/w/nwhite01/storage/ocr_20150623/101/njp.32101077772877/588.png"; bbox 0 0 1874 3070; ppageno 0'>
   <div class='ocr_carea' id='block_1_1' title="bbox 59 162 117 194">
    <p class='ocr_par' dir='ltr' id='par_1_1' title="bbox 59 162 117 194">
     <span class='ocr_line' id='line_1_1' title="bbox 59 162 117 194; baseline 0 0"><span class='ocrx_word' id='word_1_1' title='bbox 59 162 117 194; x_wconf 76' lang='lat'><strong>989</strong></span> 
     </span>
    </p>
   </div>
   <div class='ocr_carea' id='block_1_2' title="bbox 510 159 1252 196">
    <p class='ocr_par' dir='ltr' id='par_1_2' title="bbox 510 159 1252 196">
     <span class='ocr_line' id='line_1_2' title="bbox 510 159 1252 196; baseline -0.005 -2"><span class='ocrx_word' id='word_1_2' title='bbox 510 163 561 194; x_wconf 74' lang='lat' dir='ltr'><strong>AD</strong></span> <span class='ocrx_word' id='word_1_3' title='bbox 579 159 877 192; x_wconf 77' lang='lat' dir='ltr'><strong>AMPIIILOCHIUM</strong></span> <span class='ocrx_word' id='word_1_4' title='bbox 896 159 1068 196; x_wconf 65' lang='lat' dir='ltr'><strong>QUIESTIO</strong></span> <span class='ocrx_word' id='word_1_5' title='bbox 1095 159 1252 191; x_wconf 85' lang='lat' dir='ltr'><strong>CCXVIII.</strong></span> 
     </span>
    </p>
   </div>
   <div class='ocr_carea' id='block_1_3' title="bbox 1644 160 1698 192">
    <p class='ocr_par' dir='ltr' id='par_1_3' title="bbox 1644 160 1698 192">
     <span class='ocr_line' id='line_1_3' title="bbox 1644 160 1698 192; baseline 0 0"><span class='ocrx_word' id='word_1_6' title='bbox 1644 160 1698 192; x_wconf 83' lang='lat'><strong>990</strong></span> 
     </span>
    </p>
   </div>
   <div class='ocr_carea' id='block_1_4' title="bbox 59 206 799 247">
    <p class='ocr_par' dir='ltr' id='par_1_4' title="bbox 59 208 799 247">
     <span class='ocr_line' id='line_1_4' title="bbox 59 208 799 247; baseline -0.003 -11"><span class='ocrx_word' id='word_1_7' title='bbox 59 208 255 245; x_wconf 71' lang='grc' dir='ltr'>τελειωμέναις</span> <span class='ocrx_word' id='word_1_8' title='bbox 270 209 318 238; x_wconf 74' lang='grc' dir='ltr'>καὶ</span> <span class='ocrx_word' id='word_1_9' title='bbox 328 210 409 247; x_wconf 82' lang='grc' dir='ltr'>φρεσὶ</span> <span class='ocrx_word' id='word_1_10' title='bbox 420 209 469 237; x_wconf 77' lang='grc' dir='ltr'>καὶ</span> <span class='ocrx_word' id='word_1_11' title='bbox 480 209 576 245; x_wconf 78' lang='grc' dir='ltr'>χερσὶν</span> <span class='ocrx_word' id='word_1_12' title='bbox 587 208 697 244; x_wconf 79' lang='grc' dir='ltr'>ὲφίησιν</span> <span class='ocrx_word' id='word_1_13' title='bbox 707 209 799 235; x_wconf 57' lang='grc' dir='ltr'>ᾰπτεσί</span> 
     </span>
    </p>
   </div>
   <div class='ocr_carea' id='block_1_5' title="bbox 955 206 1695 247">
    <p class='ocr_par' dir='ltr' id='par_1_5' title="bbox 955 206 1695 244">
     <span class='ocr_line' id='line_1_5' title="bbox 955 206 1695 244; baseline 0.004 -11"><span class='ocrx_word' id='word_1_14' title='bbox 955 210 1094 239; x_wconf 61' lang='lat' dir='ltr'><strong>messem,</strong></span> <span class='ocrx_word' id='word_1_15' title='bbox 1119 206 1307 234; x_wconf 85' lang='lat' dir='ltr'><strong>immaculatos</strong></span> <span class='ocrx_word' id='word_1_16' title='bbox 1324 207 1406 242; x_wconf 86' lang='lat' dir='ltr'><strong>pedes</strong></span> <span class='ocrx_word' id='word_1_17' title='bbox 1422 207 1582 244; x_wconf 82' lang='lat' dir='ltr'><strong>contingere</strong></span> <span class='ocrx_word' id='word_1_18' title='bbox 1595 211 1695 244; x_wconf 76' lang='lat' dir='ltr'><strong>perml-</strong></span> 
     </span>
    </p>
   </div>
   <div class='ocr_carea' id='block_1_6' title="bbox 66 253 852 291">
    <p class='ocr_par' dir='ltr' id='par_1_6' title="bbox 66 253 852 291">
     <span class='ocr_line' id='line_1_6' title="bbox 66 253 852 291; baseline -0.004 -9"><span class='ocrx_word' id='word_1_19' title='bbox 66 254 145 282; x_wconf 77' lang='grc' dir='ltr'>Ἐπεὶ</span> <span class='ocrx_word' id='word_1_20' title='bbox 155 255 184 282; x_wconf 83' lang='grc' dir='ltr'>δὲ</span> <span class='ocrx_word' id='word_1_21' title='bbox 194 255 264 288; x_wconf 80' lang='grc' dir='ltr'>τέως</span> <span class='ocrx_word' id='word_1_22' title='bbox 277 256 445 291; x_wconf 71' lang='grc' dir='ltr'><strong>ἐφάπτεσθαι</strong></span> <span class='ocrx_word' id='word_1_23' title='bbox 456 255 487 282; x_wconf 85' lang='grc' dir='ltr'><strong>τδ</strong></span> <span class='ocrx_word' id='word_1_24' title='bbox 497 255 608 290; x_wconf 88' lang='grc' dir='ltr'>γύναιον</span> <span class='ocrx_word' id='word_1_25' title='bbox 633 253 796 285; x_wconf 75' lang='grc' dir='ltr'>ἐκεκώλυτο,</span> <span class='ocrx_word' id='word_1_26' title='bbox 808 253 852 280; x_wconf 88' lang='grc' dir='ltr'><strong>ῐνα</strong></span> 
     </span>
    </p>
   </div>
   <div class='ocr_carea' id='block_1_7' title="bbox 59 300 852 339">
    <p class='ocr_par' dir='ltr' id='par_1_7' title="bbox 59 300 852 339">
     <span class='ocr_line' id='line_1_7' title="bbox 59 300 852 339; baseline -0.005 -9"><span class='ocrx_word' id='word_1_27' title='bbox 59 302 98 338; x_wconf 73' lang='grc' dir='ltr'>μὴ</span> <span class='ocrx_word' id='word_1_28' title='bbox 120 302 311 338; x_wconf 84' lang='grc' dir='ltr'>διαμαρτοῦσα</span> <span class='ocrx_word' id='word_1_29' title='bbox 324 305 375 339; x_wconf 83' lang='grc' dir='ltr'>τῆς</span> <span class='ocrx_word' id='word_1_30' title='bbox 396 303 524 338; x_wconf 85' lang='grc' dir='ltr'>σπουδῆς,</span> <span class='ocrx_word' id='word_1_31' title='bbox 537 303 578 334; x_wconf 79' lang='grc' dir='ltr'>εἰς</span> <span class='ocrx_word' id='word_1_32' title='bbox 595 301 684 335; x_wconf 81' lang='grc' dir='ltr'><strong>λύπην</strong></span> <span class='ocrx_word' id='word_1_33' title='bbox 697 301 744 327; x_wconf 82' lang='grc' dir='ltr'><strong>καὶ</strong></span> <span class='ocrx_word' id='word_1_34' title='bbox 760 300 852 334; x_wconf 72' lang='grc' dir='ltr'>λογισς</span> 
     </span>
    </p>
   </div>
   <div class='ocr_carea' id='block_1_8' title="bbox 60 346 852 385">
    <p class='ocr_par' dir='ltr' id='par_1_8' title="bbox 60 346 852 385">
     <span class='ocr_line' id='line_1_8' title="bbox 60 346 852 385; baseline -0.004 -9"><span class='ocrx_word' id='word_1_35' title='bbox 60 349 129 384; x_wconf 70' lang='lat' dir='ltr'><strong>pob;</strong></span> <span class='ocrx_word' id='word_1_36' title='bbox 140 349 260 385; x_wconf 67' lang='grc' dir='ltr'>ἑμπέστγ</span> <span class='ocrx_word' id='word_1_37' title='bbox 271 349 382 376; x_wconf 77' lang='grc' dir='ltr'>εὔκολον</span> <span class='ocrx_word' id='word_1_38' title='bbox 392 349 447 385; x_wconf 84' lang='grc' dir='ltr'>γὰρ</span> <span class='ocrx_word' id='word_1_39' title='bbox 461 349 492 375; x_wconf 86' lang='grc' dir='ltr'><strong>τὺ</strong></span> <span class='ocrx_word' id='word_1_40' title='bbox 504 348 583 383; x_wconf 81' lang='grc' dir='ltr'>γένος</span> <span class='ocrx_word' id='word_1_41' title='bbox 597 347 665 383; x_wconf 76' lang='grc' dir='ltr'>πρὸς</span> <span class='ocrx_word' id='word_1_42' title='bbox 678 346 852 382; x_wconf 81' lang='grc' dir='ltr'>ὀλιγοψυχίαν</span> 
     </span>
    </p>
   </div>
   <div class='ocr_carea' id='block_1_9' title="bbox 58 392 853 431">
    <p class='ocr_par' dir='ltr' id='par_1_9' title="bbox 58 392 853 431">
     <span class='ocr_line' id='line_1_9' title="bbox 58 392 853 431; baseline -0.004 -10"><span class='ocrx_word' id='word_1_43' title='bbox 58 395 107 422; x_wconf 81' lang='grc' dir='ltr'><strong>καὶ</strong></span> <span class='ocrx_word' id='word_1_44' title='bbox 118 395 258 423; x_wconf 80' lang='grc' dir='ltr'>ὑπόνοιαν·</span> <span class='ocrx_word' id='word_1_45' title='bbox 267 396 310 427; x_wconf 82' lang='grc' dir='ltr'>Ὠς</span> <span class='ocrx_word' id='word_1_46' title='bbox 316 395 499 431; x_wconf 86' lang='grc' dir='ltr'>παρεώραμαι</span> <span class='ocrx_word' id='word_1_47' title='bbox 511 396 517 422; x_wconf 88' lang='lat'><strong>!</strong></span> <span class='ocrx_word' id='word_1_48' title='bbox 527 394 564 426; x_wconf 80' lang='grc' dir='ltr'><strong>ὡς</strong></span> <span class='ocrx_word' id='word_1_49' title='bbox 573 393 768 428; x_wconf 80' lang='grc' dir='ltr'>ὲξουθένημαιί</span> <span class='ocrx_word' id='word_1_50' title='bbox 779 392 853 427; x_wconf 86' lang='grc' dir='ltr'>οίμοι</span> 
     </span>
    </p>
   </div>
   <div class='ocr_carea' id='block_1_10' title="bbox 57 439 851 477">
    <p class='ocr_par' dir='ltr' id='par_1_10' title="bbox 57 439 851 477">
     <span class='ocr_line' id='line_1_10' title="bbox 57 439 851 477; baseline -0.005 -9"><span class='ocrx_word' id='word_1_51' title='bbox 57 442 164 474; x_wconf 77' lang='grc' dir='ltr'>λοιπὸν,</span> <span class='ocrx_word' id='word_1_52' title='bbox 176 442 217 473; x_wconf 90' lang='grc' dir='ltr'><strong>τίς</strong></span> <span class='ocrx_word' id='word_1_53' title='bbox 228 442 366 477; x_wconf 79' lang='grc' dir='ltr'>γένωμαις</span> <span class='ocrx_word' id='word_1_54' title='bbox 394 441 453 468; x_wconf 85' lang='grc' dir='ltr'>ἰνα</span> <span class='ocrx_word' id='word_1_55' title='bbox 466 439 512 468; x_wconf 82' lang='grc' dir='ltr'>οὖν</span> <span class='ocrx_word' id='word_1_56' title='bbox 524 440 562 476; x_wconf 82' lang='grc' dir='ltr'>μὴ</span> <span class='ocrx_word' id='word_1_57' title='bbox 573 439 641 475; x_wconf 80' lang='grc' dir='ltr'>πρὸς</span> <span class='ocrx_word' id='word_1_58' title='bbox 649 439 737 466; x_wconf 82' lang='grc' dir='ltr'>ταῦτα</span> <span class='ocrx_word' id='word_1_59' title='bbox 750 439 851 474; x_wconf 81' lang='grc' dir='ltr'><strong>δράμῃ,</strong></span> 
     </span>
    </p>
   </div>
   <div class='ocr_carea' id='block_1_11' title="bbox 58 484 850 522">
    <p class='ocr_par' dir='ltr' id='par_1_11' title="bbox 58 484 850 522">
     <span class='ocr_line' id='line_1_11' title="bbox 58 484 850 522; baseline -0.005 -8"><span class='ocrx_word' id='word_1_60' title='bbox 58 486 206 522; x_wconf 87' lang='grc' dir='ltr'>προλαϐὼν</span> <span class='ocrx_word' id='word_1_61' title='bbox 217 486 302 522; x_wconf 83' lang='grc' dir='ltr'>αὐτὴν</span> <span class='ocrx_word' id='word_1_62' title='bbox 312 486 440 521; x_wconf 79' lang='grc' dir='ltr'>όΣωτὴρ,</span> <span class='ocrx_word' id='word_1_63' title='bbox 449 485 617 521; x_wconf 73' lang='grc' dir='ltr'><strong>ψυχαγωγεῖ·</strong></span> <span class='ocrx_word' id='word_1_64' title='bbox 628 486 685 519; x_wconf 75' lang='grc' dir='ltr'>καὶ,</span> <span class='ocrx_word' id='word_1_65' title='bbox 697 495 708 511; x_wconf 68' lang='grc' dir='ltr'><strong>ι</strong></span> <span class='ocrx_word' id='word_1_66' title='bbox 720 484 850 520; x_wconf 83' lang='grc' dir='ltr'><strong>Πορεύου,</strong></span> 
     </span>
    </p>
   </div>
   <div class='ocr_carea' id='block_1_12' title="bbox 57 530 849 567">
    <p class='ocr_par' dir='ltr' id='par_1_12' title="bbox 57 530 849 567">
     <span class='ocr_line' id='line_1_12' title="bbox 57 530 849 567; baseline -0.004 -9"><span class='ocrx_word' id='word_1_67' title='bbox 57 532 140 566; x_wconf 77' lang='grc' dir='ltr'>φησὶ,</span> <span class='ocrx_word' id='word_1_68' title='bbox 156 531 226 567; x_wconf 78' lang='grc' dir='ltr'>πρὸς</span> <span class='ocrx_word' id='word_1_69' title='bbox 241 532 305 563; x_wconf 85' lang='grc' dir='ltr'>τοὺς</span> <span class='ocrx_word' id='word_1_70' title='bbox 331 530 462 565; x_wconf 82' lang='grc' dir='ltr'>ἀδελφούς</span> <span class='ocrx_word' id='word_1_71' title='bbox 484 540 546 566; x_wconf 88' lang='grc' dir='ltr'>μου,</span> <span class='ocrx_word' id='word_1_72' title='bbox 575 531 621 557; x_wconf 74' lang='grc' dir='ltr'>καὶ</span> <span class='ocrx_word' id='word_1_73' title='bbox 644 531 704 557; x_wconf 81' lang='grc' dir='ltr'>είπὲ</span> <span class='ocrx_word' id='word_1_74' title='bbox 721 530 824 561; x_wconf 78' lang='grc' dir='ltr'>αὐτοῖς·</span> <span class='ocrx_word' id='word_1_75' title='bbox 840 539 849 554; x_wconf 73' lang='grc' dir='ltr'><strong>ι</strong></span> 
     </span>
    </p>
   </div>
   <div class='ocr_carea' id='block_1_13' title="bbox 56 575 850 613">
    <p class='ocr_par' dir='ltr' id='par_1_13' title="bbox 56 575 850 613">
     <span class='ocr_line' id='line_1_13' title="bbox 56 575 850 613; baseline -0.004 -8"><span class='ocrx_word' id='word_1_76' title='bbox 56 578 120 605; x_wconf 71' lang='grc' dir='ltr'>δυσὶ</span> <span class='ocrx_word' id='word_1_77' title='bbox 149 577 274 613; x_wconf 85' lang='grc' dir='ltr'>τρόποις,</span> <span class='ocrx_word' id='word_1_78' title='bbox 300 577 344 604; x_wconf 70' lang='grc' dir='ltr'><strong>διὰ</strong></span> <span class='ocrx_word' id='word_1_79' title='bbox 372 576 426 604; x_wconf 85' lang='grc' dir='ltr'><strong>τῶν</strong></span> <span class='ocrx_word' id='word_1_80' title='bbox 450 577 582 612; x_wconf 77' lang='grc' dir='ltr'><strong>ῥημάτων</strong></span> <span class='ocrx_word' id='word_1_81' title='bbox 606 576 719 608; x_wconf 85' lang='grc' dir='ltr'>τούτων,</span> <span class='ocrx_word' id='word_1_82' title='bbox 731 576 776 602; x_wconf 90' lang='grc' dir='ltr'>τὺν</span> <span class='ocrx_word' id='word_1_83' title='bbox 802 575 850 602; x_wconf 80' lang='grc' dir='ltr'><strong>τά-</strong></span> 
     </span>
    </p>
   </div>
   <div class='ocr_carea' id='block_1_14' title="bbox 58 622 851 659">
    <p class='ocr_par' dir='ltr' id='par_1_14' title="bbox 58 622 851 659">
     <span class='ocr_line' id='line_1_14' title="bbox 58 622 851 659; baseline -0.001 -9"><span class='ocrx_word' id='word_1_84' title='bbox 58 632 144 659; x_wconf 85' lang='grc' dir='ltr'>ραχον</span> <span class='ocrx_word' id='word_1_85' title='bbox 169 623 331 650; x_wconf 75' lang='grc' dir='ltr'><strong>ἀπελαύνων</strong></span> <span class='ocrx_word' id='word_1_86' title='bbox 349 623 404 650; x_wconf 88' lang='grc' dir='ltr'><strong>τῶν</strong></span> <span class='ocrx_word' id='word_1_87' title='bbox 414 623 564 658; x_wconf 79' lang='grc' dir='ltr'><strong>λογισμῶν,</strong></span> <span class='ocrx_word' id='word_1_88' title='bbox 578 624 625 650; x_wconf 79' lang='grc' dir='ltr'>καὶ</span> <span class='ocrx_word' id='word_1_89' title='bbox 639 622 708 658; x_wconf 81' lang='grc' dir='ltr'>πρὸς</span> <span class='ocrx_word' id='word_1_90' title='bbox 718 622 851 658; x_wconf 76' lang='grc' dir='ltr'>εὐθυμίαν</span> 
     </span>
    </p>
   </div>
   <div class='ocr_carea' id='block_1_15' title="bbox 56 668 850 705">
    <p class='ocr_par' dir='ltr' id='par_1_15' title="bbox 56 668 850 705">
     <span class='ocr_line' id='line_1_15' title="bbox 56 668 850 705; baseline -0.004 -9"><span class='ocrx_word' id='word_1_91' title='bbox 56 670 145 705; x_wconf 78' lang='grc' dir='ltr'>αὐτὴν</span> <span class='ocrx_word' id='word_1_92' title='bbox 169 669 337 705; x_wconf 72' lang='grc' dir='ltr'><strong>παρακαλῶν</strong></span> <span class='ocrx_word' id='word_1_93' title='bbox 349 678 356 685; x_wconf 88' lang='grc'><strong>·</strong></span> <span class='ocrx_word' id='word_1_94' title='bbox 371 669 413 696; x_wconf 78' lang='grc' dir='ltr'>ένὶ</span> <span class='ocrx_word' id='word_1_95' title='bbox 438 669 498 704; x_wconf 75' lang='grc' dir='ltr'>μὲν,</span> <span class='ocrx_word' id='word_1_96' title='bbox 513 669 609 705; x_wconf 78' lang='grc' dir='ltr'><strong>ὅτιπερ</strong></span> <span class='ocrx_word' id='word_1_97' title='bbox 627 669 712 704; x_wconf 79' lang='grc' dir='ltr'>αὐτὴν</span> <span class='ocrx_word' id='word_1_98' title='bbox 733 668 850 702; x_wconf 84' lang='grc' dir='ltr'>εὐαγγε-</span> 
     </span>
    </p>
   </div>
   <div class='ocr_carea' id='block_1_16' title="bbox 57 713 850 751">
    <p class='ocr_par' dir='ltr' id='par_1_16' title="bbox 57 713 850 751">
     <span class='ocr_line' id='line_1_16' title="bbox 57 713 850 751; baseline -0.003 -9"><span class='ocrx_word' id='word_1_99' title='bbox 57 715 185 751; x_wconf 76' lang='grc' dir='ltr'>λίστριαν</span> <span class='ocrx_word' id='word_1_100' title='bbox 200 716 364 751; x_wconf 69' lang='grc' dir='ltr'><strong>ἐχειροτόνει</strong></span> <span class='ocrx_word' id='word_1_101' title='bbox 376 715 426 750; x_wconf 83' lang='grc' dir='ltr'>τῆς</span> <span class='ocrx_word' id='word_1_102' title='bbox 442 715 618 746; x_wconf 79' lang='grc' dir='ltr'><strong>ἀναστάσεως</strong></span> <span class='ocrx_word' id='word_1_103' title='bbox 634 723 642 730; x_wconf 87' lang='grc'><strong>·</strong></span> <span class='ocrx_word' id='word_1_104' title='bbox 659 715 746 750; x_wconf 79' lang='grc' dir='ltr'>ἑτέρῳ</span> <span class='ocrx_word' id='word_1_105' title='bbox 760 714 800 746; x_wconf 82' lang='grc' dir='ltr'>δὲ,</span> <span class='ocrx_word' id='word_1_106' title='bbox 815 713 850 740; x_wconf 83' lang='grc' dir='ltr'><strong>δι’</strong></span> 
     </span>
    </p>
   </div>
   <div class='ocr_carea' id='block_1_17' title="bbox 56 759 851 798">
    <p class='ocr_par' dir='ltr' id='par_1_17' title="bbox 56 759 851 798">
     <span class='ocr_line' id='line_1_17' title="bbox 56 759 851 798; baseline -0.003 -9"><span class='ocrx_word' id='word_1_107' title='bbox 56 759 96 789; x_wconf 81' lang='grc' dir='ltr'>ὦν</span> <span class='ocrx_word' id='word_1_108' title='bbox 106 762 143 788; x_wconf 76' lang='grc' dir='ltr'>τὰ</span> <span class='ocrx_word' id='word_1_109' title='bbox 156 762 203 788; x_wconf 86' lang='grc' dir='ltr'><strong>ῐσα</strong></span> <span class='ocrx_word' id='word_1_110' title='bbox 218 762 265 788; x_wconf 78' lang='grc' dir='ltr'>καὶ</span> <span class='ocrx_word' id='word_1_111' title='bbox 279 762 336 793; x_wconf 84' lang='grc' dir='ltr'>τοῖς</span> <span class='ocrx_word' id='word_1_112' title='bbox 349 761 494 797; x_wconf 76' lang='grc' dir='ltr'><strong>μαθηταῖς,</strong></span> <span class='ocrx_word' id='word_1_113' title='bbox 503 761 537 788; x_wconf 81' lang='grc' dir='ltr'>δι’</span> <span class='ocrx_word' id='word_1_114' title='bbox 547 761 631 796; x_wconf 81' lang='grc' dir='ltr'>αὐτῆς</span> <span class='ocrx_word' id='word_1_115' title='bbox 644 762 763 795; x_wconf 74' lang='grc' dir='ltr'>ἐκείνης,</span> <span class='ocrx_word' id='word_1_116' title='bbox 780 769 851 798; x_wconf 87' lang='grc' dir='ltr'>παρ-</span> 
     </span>
    </p>
   </div>
   <div class='ocr_carea' id='block_1_18' title="bbox 56 807 849 843">
    <p class='ocr_par' dir='ltr' id='par_1_18' title="bbox 56 807 849 843">
     <span class='ocr_line' id='line_1_18' title="bbox 56 807 849 843; baseline -0.003 -8"><span class='ocrx_word' id='word_1_117' title='bbox 56 807 212 835; x_wconf 75' lang='grc' dir='ltr'>εκελεύετο.</span> <span class='ocrx_word' id='word_1_118' title='bbox 229 808 286 835; x_wconf 77' lang='grc' dir='ltr'><strong>Καὶ</strong></span> <span class='ocrx_word' id='word_1_119' title='bbox 299 808 354 843; x_wconf 80' lang='grc' dir='ltr'>γάρ</span> <span class='ocrx_word' id='word_1_120' title='bbox 368 815 436 842; x_wconf 81' lang='grc' dir='ltr'>φησι</span> <span class='ocrx_word' id='word_1_121' title='bbox 450 816 459 824; x_wconf 75' lang='grc' dir='ltr'><strong>ο</strong></span> <span class='ocrx_word' id='word_1_122' title='bbox 478 817 487 833; x_wconf 76' lang='grc' dir='ltr'><strong>ι</strong></span> <span class='ocrx_word' id='word_1_123' title='bbox 508 807 563 834; x_wconf 83' lang='grc' dir='ltr'><strong>Καὶ</strong></span> <span class='ocrx_word' id='word_1_124' title='bbox 580 807 640 834; x_wconf 75' lang='grc' dir='ltr'>εἰπὲ</span> <span class='ocrx_word' id='word_1_125' title='bbox 654 807 757 839; x_wconf 83' lang='grc' dir='ltr'>αὐτοῖς,</span> <span class='ocrx_word' id='word_1_126' title='bbox 771 808 849 834; x_wconf 64' lang='grc' dir='ltr'>Ἃναυ</span> 
     </span>
    </p>
   </div>
   <div class='ocr_carea' id='block_1_19' title="bbox 57 853 847 890">
    <p class='ocr_par' dir='ltr' id='par_1_19' title="bbox 57 853 847 890">
     <span class='ocr_line' id='line_1_19' title="bbox 57 853 847 890; baseline -0.003 -8"><span class='ocrx_word' id='word_1_127' title='bbox 57 854 145 882; x_wconf 81' lang='grc' dir='ltr'>ϐαίνω</span> <span class='ocrx_word' id='word_1_128' title='bbox 161 854 230 889; x_wconf 79' lang='grc' dir='ltr'>πρὸς</span> <span class='ocrx_word' id='word_1_129' title='bbox 242 854 289 880; x_wconf 85' lang='grc' dir='ltr'><strong>τὺν</strong></span> <span class='ocrx_word' id='word_1_130' title='bbox 304 853 418 890; x_wconf 77' lang='grc' dir='ltr'>Πατέρα</span> <span class='ocrx_word' id='word_1_131' title='bbox 432 863 485 888; x_wconf 88' lang='grc' dir='ltr'><strong>μου</strong></span> <span class='ocrx_word' id='word_1_132' title='bbox 500 861 508 870; x_wconf 78' lang='grc'><strong><em>⁸</em></strong></span> <span class='ocrx_word' id='word_1_133' title='bbox 530 862 540 880; x_wconf 85' lang='grc'><strong>›</strong></span> <span class='ocrx_word' id='word_1_134' title='bbox 556 853 601 880; x_wconf 87' lang='grc' dir='ltr'>ἴνα</span> <span class='ocrx_word' id='word_1_135' title='bbox 615 853 696 889; x_wconf 83' lang='grc' dir='ltr'>εῐπῃς</span> <span class='ocrx_word' id='word_1_136' title='bbox 708 859 729 873; x_wconf 68' lang='grc' dir='ltr'><strong>ιη</strong></span> <span class='ocrx_word' id='word_1_137' title='bbox 739 874 746 885; x_wconf 85' lang='grc'><strong>,</strong></span> <span class='ocrx_word' id='word_1_138' title='bbox 760 853 805 888; x_wconf 89' lang='grc' dir='ltr'><strong>Μή</strong></span> <span class='ocrx_word' id='word_1_139' title='bbox 817 861 847 880; x_wconf 81' lang='grc' dir='ltr'>σι</span> 
     </span>
    </p>
   </div>
   <div class='ocr_carea' id='block_1_20' title="bbox 55 898 847 936">
    <p class='ocr_par' dir='ltr' id='par_1_20' title="bbox 55 898 847 936">
     <span class='ocr_line' id='line_1_20' title="bbox 55 898 847 936; baseline -0.003 -9"><span class='ocrx_word' id='word_1_140' title='bbox 55 899 189 933; x_wconf 77' lang='grc' dir='ltr'><strong>λυπείτω,</strong></span> <span class='ocrx_word' id='word_1_141' title='bbox 204 900 245 927; x_wconf 79' lang='grc' dir='ltr'>ὅτι</span> <span class='ocrx_word' id='word_1_142' title='bbox 268 900 475 936; x_wconf 76' lang='grc' dir='ltr'><strong>προσάπτεσθαι</strong></span> <span class='ocrx_word' id='word_1_143' title='bbox 490 908 542 935; x_wconf 89' lang='grc' dir='ltr'><strong>μου</strong></span> <span class='ocrx_word' id='word_1_144' title='bbox 556 898 708 926; x_wconf 78' lang='grc' dir='ltr'>διεκώλυσα</span> <span class='ocrx_word' id='word_1_145' title='bbox 723 907 731 915; x_wconf 69' lang='grc' dir='ltr'><em>υ</em></span> <span class='ocrx_word' id='word_1_146' title='bbox 747 899 777 925; x_wconf 87' lang='grc' dir='ltr'>οὺ</span> <span class='ocrx_word' id='word_1_147' title='bbox 793 900 847 933; x_wconf 80' lang='grc' dir='ltr'>γὰρ</span> 
     </span>
    </p>
   </div>
   <div class='ocr_carea' id='block_1_21' title="bbox 58 944 848 982">
    <p class='ocr_par' dir='ltr' id='par_1_21' title="bbox 58 944 848 982">
     <span class='ocr_line' id='line_1_21' title="bbox 58 944 848 982; baseline -0.001 -10"><span class='ocrx_word' id='word_1_148' title='bbox 58 946 203 982; x_wconf 82' lang='grc' dir='ltr'>παρορῶν,</span> <span class='ocrx_word' id='word_1_149' title='bbox 220 945 238 981; x_wconf 82' lang='grc' dir='ltr'>ἢ</span> <span class='ocrx_word' id='word_1_150' title='bbox 250 945 419 982; x_wconf 71' lang='grc' dir='ltr'>ἐνυϐρίζων,</span> <span class='ocrx_word' id='word_1_151' title='bbox 435 946 514 973; x_wconf 82' lang='grc' dir='ltr'>τοῦτο</span> <span class='ocrx_word' id='word_1_152' title='bbox 530 944 637 981; x_wconf 75' lang='grc' dir='ltr'>ἔπραξα</span> <span class='ocrx_word' id='word_1_153' title='bbox 649 953 655 960; x_wconf 94' lang='grc'><strong>·</strong></span> <span class='ocrx_word' id='word_1_154' title='bbox 676 945 734 972; x_wconf 82' lang='grc' dir='ltr'>ἀλλ’</span> <span class='ocrx_word' id='word_1_155' title='bbox 751 946 767 980; x_wconf 85' lang='grc' dir='ltr'><strong>ή</strong></span> <span class='ocrx_word' id='word_1_156' title='bbox 792 945 848 972; x_wconf 90' lang='grc' dir='ltr'><strong>τῶν</strong></span> 
     </span>
    </p>
   </div>
   <div class='ocr_carea' id='block_1_22' title="bbox 56 991 850 1028">
    <p class='ocr_par' dir='ltr' id='par_1_22' title="bbox 56 991 850 1028">
     <span class='ocr_line' id='line_1_22' title="bbox 56 991 850 1028; baseline -0.001 -9"><span class='ocrx_word' id='word_1_157' title='bbox 56 992 232 1028; x_wconf 72' lang='grc' dir='ltr'>πραγμάτων</span> <span class='ocrx_word' id='word_1_158' title='bbox 247 992 339 1027; x_wconf 81' lang='grc' dir='ltr'><strong>φύσις,</strong></span> <span class='ocrx_word' id='word_1_159' title='bbox 352 993 399 1020; x_wconf 79' lang='grc' dir='ltr'>καὶ</span> <span class='ocrx_word' id='word_1_160' title='bbox 416 994 465 1028; x_wconf 83' lang='grc' dir='ltr'>τῆς</span> <span class='ocrx_word' id='word_1_161' title='bbox 481 992 550 1028; x_wconf 72' lang='grc' dir='ltr'>ἐμῆς</span> <span class='ocrx_word' id='word_1_162' title='bbox 565 992 694 1028; x_wconf 78' lang='grc' dir='ltr'>προνοίας</span> <span class='ocrx_word' id='word_1_163' title='bbox 710 992 758 1018; x_wconf 77' lang='grc' dir='ltr'>καὶ</span> <span class='ocrx_word' id='word_1_164' title='bbox 776 991 850 1018; x_wconf 73' lang='lat' dir='ltr'><strong>obto-</strong></span> 
     </span>
    </p>
   </div>
   <div class='ocr_carea' id='block_1_23' title="bbox 58 1038 848 1074">
    <p class='ocr_par' dir='ltr' id='par_1_23' title="bbox 58 1038 848 1074">
     <span class='ocr_line' id='line_1_23' title="bbox 58 1038 848 1074; baseline 0.001 -10"><span class='ocrx_word' id='word_1_165' title='bbox 58 1038 159 1074; x_wconf 86' lang='grc' dir='ltr'>νομίας</span> <span class='ocrx_word' id='word_1_166' title='bbox 175 1039 190 1065; x_wconf 84' lang='grc' dir='ltr'><strong>ό</strong></span> <span class='ocrx_word' id='word_1_167' title='bbox 204 1039 326 1074; x_wconf 81' lang='grc' dir='ltr'>ἇῤῥητος</span> <span class='ocrx_word' id='word_1_168' title='bbox 341 1038 452 1074; x_wconf 73' lang='grc' dir='ltr'>θεσμὸς,</span> <span class='ocrx_word' id='word_1_169' title='bbox 468 1040 548 1066; x_wconf 79' lang='grc' dir='ltr'>τοῦτο</span> <span class='ocrx_word' id='word_1_170' title='bbox 555 1039 668 1074; x_wconf 78' lang='grc' dir='ltr'>κρατεῖν</span> <span class='ocrx_word' id='word_1_171' title='bbox 683 1038 730 1064; x_wconf 74' lang='grc' dir='ltr'>ἐπὶ</span> <span class='ocrx_word' id='word_1_172' title='bbox 740 1039 848 1066; x_wconf 85' lang='grc' dir='ltr'>πάντων</span> 
     </span>
    </p>
   </div>
   <div class='ocr_carea' id='block_1_24' title="bbox 57 1083 847 1119">
    <p class='ocr_par' dir='ltr' id='par_1_24' title="bbox 57 1083 847 1119">
     <span class='ocr_line' id='line_1_24' title="bbox 57 1083 847 1119; baseline 0.001 -10"><span class='ocrx_word' id='word_1_173' title='bbox 57 1083 184 1118; x_wconf 87' lang='grc' dir='ltr'>βούλεται</span> <span class='ocrx_word' id='word_1_174' title='bbox 197 1091 204 1098; x_wconf 87' lang='grc'>·</span> <span class='ocrx_word' id='word_1_175' title='bbox 220 1084 266 1110; x_wconf 83' lang='grc' dir='ltr'>καὶ</span> <span class='ocrx_word' id='word_1_176' title='bbox 279 1084 356 1111; x_wconf 81' lang='grc' dir='ltr'>οὐδὲν</span> <span class='ocrx_word' id='word_1_177' title='bbox 373 1083 446 1116; x_wconf 74' lang='grc' dir='ltr'>ἕξεις</span> <span class='ocrx_word' id='word_1_178' title='bbox 463 1083 584 1117; x_wconf 73' lang='grc' dir='ltr'>ἔλαττον,</span> <span class='ocrx_word' id='word_1_179' title='bbox 600 1084 625 1110; x_wconf 81' lang='grc' dir='ltr'>εἰ</span> <span class='ocrx_word' id='word_1_180' title='bbox 639 1084 676 1119; x_wconf 85' lang='grc' dir='ltr'>μὴ</span> <span class='ocrx_word' id='word_1_181' title='bbox 691 1084 740 1110; x_wconf 82' lang='grc' dir='ltr'>καὶ</span> <span class='ocrx_word' id='word_1_182' title='bbox 754 1084 847 1116; x_wconf 86' lang='grc' dir='ltr'>πλέον,</span> 
     </span>
    </p>
   </div>
   <div class='ocr_carea' id='block_1_25' title="bbox 56 1129 848 1166">
    <p class='ocr_par' dir='ltr' id='par_1_25' title="bbox 56 1129 848 1166">
     <span class='ocr_line' id='line_1_25' title="bbox 56 1129 848 1166; baseline 0.003 -11"><span class='ocrx_word' id='word_1_183' title='bbox 56 1129 106 1164; x_wconf 86' lang='grc' dir='ltr'>τῆς</span> <span class='ocrx_word' id='word_1_184' title='bbox 122 1129 173 1163; x_wconf 85' lang='grc' dir='ltr'>σῆς</span> <span class='ocrx_word' id='word_1_185' title='bbox 187 1129 305 1164; x_wconf 72' lang='grc' dir='ltr'>σπουδῆς</span> <span class='ocrx_word' id='word_1_186' title='bbox 327 1130 357 1156; x_wconf 83' lang='grc' dir='ltr'>οὐ</span> <span class='ocrx_word' id='word_1_187' title='bbox 374 1129 590 1165; x_wconf 83' lang='grc' dir='ltr'>συντελεσθήσης</span> <span class='ocrx_word' id='word_1_188' title='bbox 604 1133 629 1159; x_wconf 66' lang='lat' dir='ltr'><strong>ﬂ.</strong></span> <span class='ocrx_word' id='word_1_189' title='bbox 652 1130 717 1157; x_wconf 77' lang='grc' dir='ltr'>Ἰδοὺ</span> <span class='ocrx_word' id='word_1_190' title='bbox 737 1130 792 1166; x_wconf 80' lang='grc' dir='ltr'>γάρ</span> <span class='ocrx_word' id='word_1_191' title='bbox 817 1138 848 1157; x_wconf 89' lang='grc' dir='ltr'><strong>σε</strong></span> 
     </span>
    </p>
   </div>
   <div class='ocr_carea' id='block_1_26' title="bbox 56 1173 847 1211">
    <p class='ocr_par' dir='ltr' id='par_1_26' title="bbox 56 1173 847 1211">
     <span class='ocr_line' id='line_1_26' title="bbox 56 1173 847 1211; baseline 0.003 -11"><span class='ocrx_word' id='word_1_192' title='bbox 56 1173 105 1200; x_wconf 80' lang='grc' dir='ltr'><strong>καὶ</strong></span> <span class='ocrx_word' id='word_1_193' title='bbox 130 1176 242 1210; x_wconf 84' lang='grc' dir='ltr'>κήρυκα</span> <span class='ocrx_word' id='word_1_194' title='bbox 258 1175 370 1210; x_wconf 80' lang='grc' dir='ltr'><strong>πέμπω,</strong></span> <span class='ocrx_word' id='word_1_195' title='bbox 389 1176 444 1206; x_wconf 82' lang='grc' dir='ltr'>τοῖς</span> <span class='ocrx_word' id='word_1_196' title='bbox 460 1175 606 1210; x_wconf 79' lang='grc' dir='ltr'>μαθηταῖς,</span> <span class='ocrx_word' id='word_1_197' title='bbox 620 1176 671 1211; x_wconf 86' lang='grc' dir='ltr'>τῆς</span> <span class='ocrx_word' id='word_1_198' title='bbox 689 1175 760 1211; x_wconf 77' lang='grc' dir='ltr'>ἐμῆς</span> <span class='ocrx_word' id='word_1_199' title='bbox 780 1176 847 1202; x_wconf 83' lang='grc' dir='ltr'>ἀνα-</span> 
     </span>
    </p>
   </div>
   <div class='ocr_carea' id='block_1_27' title="bbox 57 1218 847 1257">
    <p class='ocr_par' dir='ltr' id='par_1_27' title="bbox 57 1218 847 1257">
     <span class='ocr_line' id='line_1_27' title="bbox 57 1218 847 1257; baseline 0.005 -13"><span class='ocrx_word' id='word_1_200' title='bbox 57 1218 181 1251; x_wconf 80' lang='grc' dir='ltr'>στάσεως</span> <span class='ocrx_word' id='word_1_201' title='bbox 199 1227 207 1235; x_wconf 85' lang='grc'><strong>·</strong></span> <span class='ocrx_word' id='word_1_202' title='bbox 225 1220 365 1251; x_wconf 80' lang='grc' dir='ltr'>κάκείνοις</span> <span class='ocrx_word' id='word_1_203' title='bbox 382 1220 422 1252; x_wconf 79' lang='grc' dir='ltr'>δὲ,</span> <span class='ocrx_word' id='word_1_204' title='bbox 440 1220 474 1247; x_wconf 83' lang='grc' dir='ltr'>τὰ</span> <span class='ocrx_word' id='word_1_205' title='bbox 488 1220 558 1247; x_wconf 84' lang='grc' dir='ltr'>αὐτά</span> <span class='ocrx_word' id='word_1_206' title='bbox 575 1229 627 1255; x_wconf 84' lang='grc' dir='ltr'>σοι,</span> <span class='ocrx_word' id='word_1_207' title='bbox 643 1221 847 1257; x_wconf 84' lang='grc' dir='ltr'>διακελεύομαι,</span> 
     </span>
    </p>
   </div>
   <div class='ocr_carea' id='block_1_28' title="bbox 56 1263 849 1303">
    <p class='ocr_par' dir='ltr' id='par_1_28' title="bbox 56 1263 849 1303">
     <span class='ocr_line' id='line_1_28' title="bbox 56 1263 849 1303; baseline 0.003 -13"><span class='ocrx_word' id='word_1_208' title='bbox 56 1263 169 1303; x_wconf 69' lang='grc' dir='ltr'>εἰδέναι,</span> <span class='ocrx_word' id='word_1_209' title='bbox 192 1265 261 1301; x_wconf 78' lang='grc' dir='ltr'>πρὸς</span> <span class='ocrx_word' id='word_1_210' title='bbox 276 1265 322 1292; x_wconf 78' lang='grc' dir='ltr'><strong>τδν</strong></span> <span class='ocrx_word' id='word_1_211' title='bbox 338 1265 450 1301; x_wconf 79' lang='grc' dir='ltr'>Πατέρα</span> <span class='ocrx_word' id='word_1_212' title='bbox 464 1274 498 1301; x_wconf 88' lang='grc' dir='ltr'><strong>με</strong></span> <span class='ocrx_word' id='word_1_213' title='bbox 514 1265 706 1300; x_wconf 82' lang='grc' dir='ltr'>ἀναϐαίνοντα,</span> <span class='ocrx_word' id='word_1_214' title='bbox 725 1267 773 1293; x_wconf 82' lang='grc' dir='ltr'>καὶ</span> <span class='ocrx_word' id='word_1_215' title='bbox 796 1275 849 1302; x_wconf 86' lang='grc' dir='ltr'>μη-</span> 
     </span>
    </p>
   </div>
   <div class='ocr_carea' id='block_1_29' title="bbox 56 1310 849 1347">
    <p class='ocr_par' dir='ltr' id='par_1_29' title="bbox 56 1310 849 1347">
     <span class='ocr_line' id='line_1_29' title="bbox 56 1310 849 1347; baseline 0.004 -11"><span class='ocrx_word' id='word_1_216' title='bbox 56 1310 117 1336; x_wconf 79' lang='grc' dir='ltr'>κέτι</span> <span class='ocrx_word' id='word_1_217' title='bbox 134 1312 196 1342; x_wconf 85' lang='grc' dir='ltr'>ταῖς</span> <span class='ocrx_word' id='word_1_218' title='bbox 219 1311 368 1347; x_wconf 84' lang='grc' dir='ltr'>προτέραις</span> <span class='ocrx_word' id='word_1_219' title='bbox 395 1311 485 1345; x_wconf 81' lang='grc' dir='ltr'>δόξαις</span> <span class='ocrx_word' id='word_1_220' title='bbox 514 1312 711 1347; x_wconf 79' lang='grc' dir='ltr'>ὑποφέρεσθαι,</span> <span class='ocrx_word' id='word_1_221' title='bbox 731 1313 849 1340; x_wconf 80' lang='grc' dir='ltr'>ταπεινὰ</span> 
     </span>
    </p>
   </div>
   <div class='ocr_carea' id='block_1_30' title="bbox 57 1356 849 1394">
    <p class='ocr_par' dir='ltr' id='par_1_30' title="bbox 57 1356 849 1394">
     <span class='ocr_line' id='line_1_30' title="bbox 57 1356 849 1394; baseline 0.004 -11"><span class='ocrx_word' id='word_1_222' title='bbox 57 1356 284 1392; x_wconf 73' lang='grc' dir='ltr'>φανταζομένους</span> <span class='ocrx_word' id='word_1_223' title='bbox 301 1358 366 1394; x_wconf 73' lang='grc' dir='ltr'>περὶ</span> <span class='ocrx_word' id='word_1_224' title='bbox 385 1358 453 1394; x_wconf 75' lang='grc' dir='ltr'>ἐμοῦ</span> <span class='ocrx_word' id='word_1_225' title='bbox 469 1359 516 1385; x_wconf 76' lang='grc' dir='ltr'>καὶ</span> <span class='ocrx_word' id='word_1_226' title='bbox 537 1358 707 1393; x_wconf 77' lang='grc' dir='ltr'>ἀνθρώπινα,</span> <span class='ocrx_word' id='word_1_227' title='bbox 731 1359 849 1386; x_wconf 86' lang='grc' dir='ltr'>συνοδοι-</span> 
     </span>
    </p>
   </div>
   <div class='ocr_carea' id='block_1_31' title="bbox 57 1404 849 1440">
    <p class='ocr_par' dir='ltr' id='par_1_31' title="bbox 57 1404 849 1440">
     <span class='ocr_line' id='line_1_31' title="bbox 57 1404 849 1440; baseline 0.005 -11"><span class='ocrx_word' id='word_1_228' title='bbox 57 1404 153 1438; x_wconf 80' lang='grc' dir='ltr'>πορεῖν</span> <span class='ocrx_word' id='word_1_229' title='bbox 167 1404 248 1430; x_wconf 75' lang='grc' dir='ltr'>πάλιν</span> <span class='ocrx_word' id='word_1_230' title='bbox 266 1407 290 1436; x_wconf 84' lang='grc' dir='ltr'>ο,</span> <span class='ocrx_word' id='word_1_231' title='bbox 309 1405 346 1436; x_wconf 83' lang='grc' dir='ltr'>ὡς</span> <span class='ocrx_word' id='word_1_232' title='bbox 359 1405 390 1431; x_wconf 70' lang='grc' dir='ltr'>τὸ</span> <span class='ocrx_word' id='word_1_233' title='bbox 408 1406 473 1440; x_wconf 81' lang='grc' dir='ltr'>πρὶν</span> <span class='ocrx_word' id='word_1_234' title='bbox 486 1425 493 1437; x_wconf 86' lang='grc'><strong>,</strong></span> <span class='ocrx_word' id='word_1_235' title='bbox 511 1405 558 1432; x_wconf 76' lang='grc' dir='ltr'>καὶ</span> <span class='ocrx_word' id='word_1_236' title='bbox 584 1405 773 1440; x_wconf 81' lang='grc' dir='ltr'>συνδιαφέρειν</span> <span class='ocrx_word' id='word_1_237' title='bbox 799 1405 849 1432; x_wconf 75' lang='grc' dir='ltr'>πό-</span> 
     </span>
    </p>
   </div>
   <div class='ocr_carea' id='block_1_32' title="bbox 56 1449 848 1487">
    <p class='ocr_par' dir='ltr' id='par_1_32' title="bbox 56 1449 848 1487">
     <span class='ocr_line' id='line_1_32' title="bbox 56 1449 848 1487; baseline 0.004 -13"><span class='ocrx_word' id='word_1_238' title='bbox 56 1456 120 1479; x_wconf 75' lang='grc' dir='ltr'>νους</span> <span class='ocrx_word' id='word_1_239' title='bbox 137 1449 186 1475; x_wconf 71' lang='grc' dir='ltr'>καὶ</span> <span class='ocrx_word' id='word_1_240' title='bbox 199 1449 287 1481; x_wconf 81' lang='grc' dir='ltr'>λύπας</span> <span class='ocrx_word' id='word_1_241' title='bbox 298 1470 307 1482; x_wconf 85' lang='grc'><strong>,</strong></span> <span class='ocrx_word' id='word_1_242' title='bbox 322 1449 444 1485; x_wconf 85' lang='grc' dir='ltr'>συνεχῶς</span> <span class='ocrx_word' id='word_1_243' title='bbox 456 1459 485 1477; x_wconf 86' lang='grc' dir='ltr'><strong>τε</strong></span> <span class='ocrx_word' id='word_1_244' title='bbox 504 1450 700 1487; x_wconf 80' lang='grc' dir='ltr'>ἐπιχωριάζειν</span> <span class='ocrx_word' id='word_1_245' title='bbox 718 1450 766 1477; x_wconf 80' lang='grc' dir='ltr'>καὶ</span> <span class='ocrx_word' id='word_1_246' title='bbox 782 1459 848 1477; x_wconf 91' lang='grc' dir='ltr'>συν-</span> 
     </span>
    </p>
   </div>
   <div class='ocr_carea' id='block_1_33' title="bbox 57 1495 846 1531">
    <p class='ocr_par' dir='ltr' id='par_1_33' title="bbox 57 1495 846 1531">
     <span class='ocr_line' id='line_1_33' title="bbox 57 1495 846 1531; baseline 0.003 -9"><span class='ocrx_word' id='word_1_247' title='bbox 57 1495 208 1528; x_wconf 75' lang='grc' dir='ltr'>αλίζεσθαι.</span> <span class='ocrx_word' id='word_1_248' title='bbox 223 1496 258 1523; x_wconf 81' lang='grc' dir='ltr'><strong>Σὺ</strong></span> <span class='ocrx_word' id='word_1_249' title='bbox 281 1496 309 1523; x_wconf 82' lang='grc' dir='ltr'><strong>δέ</strong></span> <span class='ocrx_word' id='word_1_250' title='bbox 338 1505 383 1531; x_wconf 87' lang='grc' dir='ltr'><strong>μοι</strong></span> <span class='ocrx_word' id='word_1_251' title='bbox 406 1496 513 1528; x_wconf 80' lang='grc' dir='ltr'>σκόπει,</span> <span class='ocrx_word' id='word_1_252' title='bbox 531 1497 606 1528; x_wconf 79' lang='grc' dir='ltr'>ὅπως</span> <span class='ocrx_word' id='word_1_253' title='bbox 623 1497 670 1524; x_wconf 77' lang='grc' dir='ltr'>καὶ</span> <span class='ocrx_word' id='word_1_254' title='bbox 683 1496 846 1531; x_wconf 75' lang='grc' dir='ltr'>ἀδελφοὺς,</span> 
     </span>
    </p>
   </div>
   <div class='ocr_carea' id='block_1_34' title="bbox 903 251 1695 290">
    <p class='ocr_par' dir='ltr' id='par_1_34' title="bbox 903 251 1695 290">
     <span class='ocr_line' id='line_1_34' title="bbox 903 251 1695 290; baseline 0.005 -12"><span class='ocrx_word' id='word_1_255' title='bbox 903 251 949 278; x_wconf 88' lang='lat' dir='ltr'><strong>sit.</strong></span> <span class='ocrx_word' id='word_1_256' title='bbox 962 251 996 278; x_wconf 81' lang='lat' dir='ltr'><strong>At</strong></span> <span class='ocrx_word' id='word_1_257' title='bbox 1012 252 1234 286; x_wconf 79' lang='lat' dir='ltr'><strong>quandoquidem</strong></span> <span class='ocrx_word' id='word_1_258' title='bbox 1248 253 1346 280; x_wconf 84' lang='lat' dir='ltr'><strong>mulier</strong></span> <span class='ocrx_word' id='word_1_259' title='bbox 1362 254 1521 290; x_wconf 86' lang='lat' dir='ltr'><strong>contingere</strong></span> <span class='ocrx_word' id='word_1_260' title='bbox 1537 255 1618 282; x_wconf 88' lang='lat' dir='ltr'><strong>vetita</strong></span> <span class='ocrx_word' id='word_1_261' title='bbox 1634 254 1695 288; x_wconf 80' lang='lat' dir='ltr'><strong>fuit,</strong></span> 
     </span>
    </p>
   </div>
   <div class='ocr_carea' id='block_1_35' title="bbox 902 297 1695 333">
    <p class='ocr_par' dir='ltr' id='par_1_35' title="bbox 902 297 1695 333">
     <span class='ocr_line' id='line_1_35' title="bbox 902 297 1695 333; baseline 0.005 -9"><span class='ocrx_word' id='word_1_262' title='bbox 902 305 937 325; x_wconf 89' lang='lat' dir='ltr'><strong>ne</strong></span> <span class='ocrx_word' id='word_1_263' title='bbox 949 305 980 324; x_wconf 87' lang='lat' dir='ltr'><strong>ex</strong></span> <span class='ocrx_word' id='word_1_264' title='bbox 996 297 1120 325; x_wconf 89' lang='lat' dir='ltr'><strong>studioso</strong></span> <span class='ocrx_word' id='word_1_265' title='bbox 1132 298 1269 325; x_wconf 78' lang='lat' dir='ltr'><strong>desiderio</strong></span> <span class='ocrx_word' id='word_1_266' title='bbox 1284 299 1385 333; x_wconf 89' lang='lat' dir='ltr'><strong>rejecto</strong></span> <span class='ocrx_word' id='word_1_267' title='bbox 1396 300 1525 327; x_wconf 65' lang='lat' dir='ltr'><strong>maestitia</strong></span> <span class='ocrx_word' id='word_1_268' title='bbox 1540 300 1695 328; x_wconf 71' lang='lat' dir='ltr'><strong>adiceretur</strong></span> 
     </span>
    </p>
   </div>
   <div class='ocr_carea' id='block_1_36' title="bbox 902 343 1697 382">
    <p class='ocr_par' dir='ltr' id='par_1_36' title="bbox 902 343 1697 382">
     <span class='ocr_line' id='line_1_36' title="bbox 902 343 1697 382; baseline 0.005 -12"><span class='ocrx_word' id='word_1_269' title='bbox 902 343 1034 380; x_wconf 85' lang='lat' dir='ltr'><strong>(proclive</strong></span> <span class='ocrx_word' id='word_1_270' title='bbox 1045 344 1180 378; x_wconf 85' lang='lat' dir='ltr'><strong>siquidem</strong></span> <span class='ocrx_word' id='word_1_271' title='bbox 1193 349 1234 372; x_wconf 85' lang='lat' dir='ltr'><strong>est</strong></span> <span class='ocrx_word' id='word_1_272' title='bbox 1244 346 1377 374; x_wconf 88' lang='lat' dir='ltr'><strong>muliebre</strong></span> <span class='ocrx_word' id='word_1_273' title='bbox 1384 355 1469 381; x_wconf 89' lang='lat' dir='ltr'><strong>genus</strong></span> <span class='ocrx_word' id='word_1_274' title='bbox 1480 347 1506 374; x_wconf 91' lang='lat' dir='ltr'><strong>in</strong></span> <span class='ocrx_word' id='word_1_275' title='bbox 1516 347 1697 382; x_wconf 86' lang='lat' dir='ltr'><strong>pusillanimi-</strong></span> 
     </span>
    </p>
   </div>
   <div class='ocr_carea' id='block_1_37' title="bbox 901 391 1696 428">
    <p class='ocr_par' dir='ltr' id='par_1_37' title="bbox 901 391 1696 428">
     <span class='ocr_line' id='line_1_37' title="bbox 901 391 1696 428; baseline 0.004 -10"><span class='ocrx_word' id='word_1_276' title='bbox 901 396 984 418; x_wconf 81' lang='lat' dir='ltr'><strong>tatem</strong></span> <span class='ocrx_word' id='word_1_277' title='bbox 998 396 1024 418; x_wconf 91' lang='lat' dir='ltr'><strong>et</strong></span> <span class='ocrx_word' id='word_1_278' title='bbox 1037 391 1222 426; x_wconf 86' lang='lat' dir='ltr'><strong>suspicionem</strong></span> <span class='ocrx_word' id='word_1_279' title='bbox 1234 396 1407 427; x_wconf 87' lang='lat' dir='ltr'><strong>contemptus</strong></span> <span class='ocrx_word' id='word_1_280' title='bbox 1429 399 1455 420; x_wconf 90' lang='lat' dir='ltr'><strong>et</strong></span> <span class='ocrx_word' id='word_1_281' title='bbox 1466 393 1625 428; x_wconf 87' lang='lat' dir='ltr'><strong>despectus;</strong></span> <span class='ocrx_word' id='word_1_282' title='bbox 1642 402 1696 421; x_wconf 90' lang='lat' dir='ltr'><strong>un—</strong></span> 
     </span>
    </p>
   </div>
   <div class='ocr_carea' id='block_1_38' title="bbox 902 437 1697 474">
    <p class='ocr_par' dir='ltr' id='par_1_38' title="bbox 902 437 1697 474">
     <span class='ocr_line' id='line_1_38' title="bbox 902 437 1697 474; baseline 0.005 -10"><span class='ocrx_word' id='word_1_283' title='bbox 902 437 946 470; x_wconf 77' lang='lat' dir='ltr'><strong>de,</strong></span> <span class='ocrx_word' id='word_1_284' title='bbox 959 437 1007 464; x_wconf 91' lang='lat' dir='ltr'><strong>llei</strong></span> <span class='ocrx_word' id='word_1_285' title='bbox 1020 437 1098 470; x_wconf 88' lang='lat' dir='ltr'><strong>mihi,</strong></span> <span class='ocrx_word' id='word_1_286' title='bbox 1111 445 1236 472; x_wconf 69' lang='lat' dir='ltr'><strong>qumnam</strong></span> <span class='ocrx_word' id='word_1_287' title='bbox 1248 445 1298 473; x_wconf 80' lang='lat' dir='ltr'><strong>ego</strong></span> <span class='ocrx_word' id='word_1_288' title='bbox 1314 446 1375 465; x_wconf 88' lang='lat' dir='ltr'><strong>sum</strong></span> <span class='ocrx_word' id='word_1_289' title='bbox 1386 439 1407 472; x_wconf 68' lang='grc' dir='ltr'><strong>ἒν)</strong></span> <span class='ocrx_word' id='word_1_290' title='bbox 1420 438 1459 466; x_wconf 86' lang='lat' dir='ltr'><strong>Ne</strong></span> <span class='ocrx_word' id='word_1_291' title='bbox 1471 439 1581 474; x_wconf 82' lang='lat' dir='ltr'><strong>inquam</strong></span> <span class='ocrx_word' id='word_1_292' title='bbox 1594 441 1628 468; x_wconf 88' lang='lat' dir='ltr'><strong>ad</strong></span> <span class='ocrx_word' id='word_1_293' title='bbox 1645 440 1697 467; x_wconf 88' lang='lat' dir='ltr'><strong>hu-</strong></span> 
     </span>
    </p>
   </div>
   <div class='ocr_carea' id='block_1_39' title="bbox 900 484 1695 520">
    <p class='ocr_par' dir='ltr' id='par_1_39' title="bbox 900 484 1695 520">
     <span class='ocr_line' id='line_1_39' title="bbox 900 484 1695 520; baseline 0.004 -9"><span class='ocrx_word' id='word_1_294' title='bbox 900 484 1023 519; x_wconf 87' lang='lat' dir='ltr'><strong>jusmodi</strong></span> <span class='ocrx_word' id='word_1_295' title='bbox 1037 489 1192 512; x_wconf 88' lang='lat' dir='ltr'><strong>recurreret</strong></span> <span class='ocrx_word' id='word_1_296' title='bbox 1205 504 1213 517; x_wconf 83' lang='lat'><strong>,</strong></span> <span class='ocrx_word' id='word_1_297' title='bbox 1230 485 1362 520; x_wconf 78' lang='lat' dir='ltr'><strong>prawenit</strong></span> <span class='ocrx_word' id='word_1_298' title='bbox 1374 492 1435 512; x_wconf 87' lang='lat' dir='ltr'><strong>eam</strong></span> <span class='ocrx_word' id='word_1_299' title='bbox 1460 484 1585 513; x_wconf 75' lang='lat' dir='ltr'><strong>Salvator</strong></span> <span class='ocrx_word' id='word_1_300' title='bbox 1596 494 1695 514; x_wconf 87' lang='lat' dir='ltr'><strong>conso-</strong></span> 
     </span>
    </p>
   </div>
   <div class='ocr_carea' id='block_1_40' title="bbox 903 530 1693 564">
    <p class='ocr_par' dir='ltr' id='par_1_40' title="bbox 903 530 1693 564">
     <span class='ocr_line' id='line_1_40' title="bbox 903 530 1693 564; baseline 0.001 -7"><span class='ocrx_word' id='word_1_301' title='bbox 903 530 995 561; x_wconf 86' lang='lat' dir='ltr'><strong>lando.</strong></span> <span class='ocrx_word' id='word_1_302' title='bbox 1009 535 1047 564; x_wconf 85' lang='lat' dir='ltr'><strong>et,</strong></span> <span class='ocrx_word' id='word_1_303' title='bbox 1066 539 1075 556; x_wconf 83' lang='grc' dir='ltr'><strong>ι</strong></span> <span class='ocrx_word' id='word_1_304' title='bbox 1092 530 1174 563; x_wconf 83' lang='lat' dir='ltr'><strong>Vade.</strong></span> <span class='ocrx_word' id='word_1_305' title='bbox 1185 532 1233 564; x_wconf 91' lang='lat' dir='ltr'><strong>ait,</strong></span> <span class='ocrx_word' id='word_1_306' title='bbox 1245 531 1280 558; x_wconf 87' lang='lat' dir='ltr'><strong>ad</strong></span> <span class='ocrx_word' id='word_1_307' title='bbox 1299 530 1399 558; x_wconf 80' lang='lat' dir='ltr'><strong>fratres</strong></span> <span class='ocrx_word' id='word_1_308' title='bbox 1413 539 1499 564; x_wconf 90' lang='lat' dir='ltr'><strong>meos,</strong></span> <span class='ocrx_word' id='word_1_309' title='bbox 1513 532 1592 559; x_wconf 83' lang='lat' dir='ltr'><strong>etdie</strong></span> <span class='ocrx_word' id='word_1_310' title='bbox 1602 532 1666 560; x_wconf 89' lang='lat' dir='ltr'><strong>illis.</strong></span> <span class='ocrx_word' id='word_1_311' title='bbox 1683 541 1693 558; x_wconf 72' lang='grc' dir='ltr'><strong>ι</strong></span> 
     </span>
    </p>
   </div>
   <div class='ocr_carea' id='block_1_41' title="bbox 902 575 1697 612">
    <p class='ocr_par' dir='ltr' id='par_1_41' title="bbox 902 575 1697 612">
     <span class='ocr_line' id='line_1_41' title="bbox 902 575 1697 612; baseline 0.003 -9"><span class='ocrx_word' id='word_1_312' title='bbox 902 575 1016 604; x_wconf 89' lang='lat' dir='ltr'><strong>Duobus</strong></span> <span class='ocrx_word' id='word_1_313' title='bbox 1042 577 1130 604; x_wconf 78' lang='lat' dir='ltr'><strong>modis</strong></span> <span class='ocrx_word' id='word_1_314' title='bbox 1149 585 1197 612; x_wconf 90' lang='lat' dir='ltr'><strong>per</strong></span> <span class='ocrx_word' id='word_1_315' title='bbox 1224 577 1305 604; x_wconf 82' lang='lat' dir='ltr'><strong>verba</strong></span> <span class='ocrx_word' id='word_1_316' title='bbox 1333 577 1385 604; x_wconf 87' lang='lat' dir='ltr'><strong>ista</strong></span> <span class='ocrx_word' id='word_1_317' title='bbox 1407 578 1604 605; x_wconf 85' lang='lat' dir='ltr'><strong>tumultuantes</strong></span> <span class='ocrx_word' id='word_1_318' title='bbox 1621 578 1697 606; x_wconf 87' lang='lat' dir='ltr'><strong>able-</strong></span> 
     </span>
    </p>
   </div>
   <div class='ocr_carea' id='block_1_42' title="bbox 901 622 1694 658">
    <p class='ocr_par' dir='ltr' id='par_1_42' title="bbox 901 622 1694 658">
     <span class='ocr_line' id='line_1_42' title="bbox 901 622 1694 658; baseline 0.001 -9"><span class='ocrx_word' id='word_1_319' title='bbox 901 622 977 658; x_wconf 87' lang='lat' dir='ltr'><strong>gavit</strong></span> <span class='ocrx_word' id='word_1_320' title='bbox 1002 623 1192 658; x_wconf 85' lang='lat' dir='ltr'><strong>cogitationes,</strong></span> <span class='ocrx_word' id='word_1_321' title='bbox 1218 627 1245 650; x_wconf 82' lang='lat' dir='ltr'><strong>et</strong></span> <span class='ocrx_word' id='word_1_322' title='bbox 1259 623 1292 650; x_wconf 89' lang='lat' dir='ltr'><strong>ad</strong></span> <span class='ocrx_word' id='word_1_323' title='bbox 1309 623 1378 650; x_wconf 84' lang='lat' dir='ltr'><strong>bene</strong></span> <span class='ocrx_word' id='word_1_324' title='bbox 1395 623 1543 650; x_wconf 87' lang='lat' dir='ltr'><strong>animatam</strong></span> <span class='ocrx_word' id='word_1_325' title='bbox 1558 630 1620 651; x_wconf 84' lang='lat' dir='ltr'><strong>esse</strong></span> <span class='ocrx_word' id='word_1_326' title='bbox 1632 631 1694 650; x_wconf 84' lang='lat' dir='ltr'><strong>eam</strong></span> 
     </span>
    </p>
   </div>
   <div class='ocr_carea' id='block_1_43' title="bbox 900 667 1692 704">
    <p class='ocr_par' dir='ltr' id='par_1_43' title="bbox 900 667 1692 704">
     <span class='ocr_line' id='line_1_43' title="bbox 900 667 1692 704; baseline -0.001 -8"><span class='ocrx_word' id='word_1_327' title='bbox 900 668 1024 696; x_wconf 83' lang='lat' dir='ltr'><strong>devocat.</strong></span> <span class='ocrx_word' id='word_1_328' title='bbox 1060 667 1141 695; x_wconf 84' lang='lat' dir='ltr'><strong>Prior</strong></span> <span class='ocrx_word' id='word_1_329' title='bbox 1162 673 1215 700; x_wconf 81' lang='lat' dir='ltr'><strong>cst,</strong></span> <span class='ocrx_word' id='word_1_330' title='bbox 1232 668 1304 704; x_wconf 82' lang='lat' dir='ltr'><strong>quod</strong></span> <span class='ocrx_word' id='word_1_331' title='bbox 1324 668 1548 704; x_wconf 85' lang='lat' dir='ltr'><strong>evangelistriam</strong></span> <span class='ocrx_word' id='word_1_332' title='bbox 1564 676 1692 696; x_wconf 82' lang='lat' dir='ltr'><strong>resurre-</strong></span> 
     </span>
    </p>
   </div>
   <div class='ocr_carea' id='block_1_44' title="bbox 899 713 1693 748">
    <p class='ocr_par' dir='ltr' id='par_1_44' title="bbox 899 713 1693 748">
     <span class='ocr_line' id='line_1_44' title="bbox 899 713 1693 748; baseline 0 -7"><span class='ocrx_word' id='word_1_333' title='bbox 899 713 1000 741; x_wconf 83' lang='lat' dir='ltr'><strong>ctionis</strong></span> <span class='ocrx_word' id='word_1_334' title='bbox 1014 720 1070 740; x_wconf 70' lang='lat' dir='ltr'><strong>suae</strong></span> <span class='ocrx_word' id='word_1_335' title='bbox 1084 721 1144 740; x_wconf 90' lang='lat' dir='ltr'><strong>eam</strong></span> <span class='ocrx_word' id='word_1_336' title='bbox 1160 713 1224 740; x_wconf 81' lang='lat' dir='ltr'><strong>facit</strong></span> <span class='ocrx_word' id='word_1_337' title='bbox 1241 723 1248 741; x_wconf 89' lang='lat'><strong>:</strong></span> <span class='ocrx_word' id='word_1_338' title='bbox 1264 713 1411 748; x_wconf 80' lang='lat' dir='ltr'><strong>posterior,</strong></span> <span class='ocrx_word' id='word_1_339' title='bbox 1435 714 1508 748; x_wconf 87' lang='lat' dir='ltr'><strong>quod</strong></span> <span class='ocrx_word' id='word_1_340' title='bbox 1526 713 1585 748; x_wconf 89' lang='lat' dir='ltr'><strong>ipsa</strong></span> <span class='ocrx_word' id='word_1_341' title='bbox 1599 721 1648 748; x_wconf 90' lang='lat' dir='ltr'><strong>per</strong></span> <span class='ocrx_word' id='word_1_342' title='bbox 1662 721 1693 742; x_wconf 89' lang='lat' dir='ltr'><strong>se</strong></span> 
     </span>
    </p>
   </div>
   <div class='ocr_carea' id='block_1_45' title="bbox 898 759 1694 795">
    <p class='ocr_par' dir='ltr' id='par_1_45' title="bbox 898 759 1694 795">
     <span class='ocr_line' id='line_1_45' title="bbox 898 759 1694 795; baseline 0 -9"><span class='ocrx_word' id='word_1_343' title='bbox 898 759 1011 794; x_wconf 76' lang='lat' dir='ltr'><strong>iubetur</strong></span> <span class='ocrx_word' id='word_1_344' title='bbox 1037 759 1220 794; x_wconf 61' lang='lat' dir='ltr'><strong>aequalitatem</strong></span> <span class='ocrx_word' id='word_1_345' title='bbox 1236 759 1337 786; x_wconf 88' lang='lat' dir='ltr'><strong>habere</strong></span> <span class='ocrx_word' id='word_1_346' title='bbox 1360 766 1423 786; x_wconf 87' lang='lat' dir='ltr'><strong>cum</strong></span> <span class='ocrx_word' id='word_1_347' title='bbox 1437 759 1602 795; x_wconf 84' lang='lat' dir='ltr'><strong>discipulis;</strong></span> <span class='ocrx_word' id='word_1_348' title='bbox 1616 759 1694 787; x_wconf 91' lang='lat' dir='ltr'><strong>addit</strong></span> 
     </span>
    </p>
   </div>
   <div class='ocr_carea' id='block_1_46' title="bbox 899 804 1689 839">
    <p class='ocr_par' dir='ltr' id='par_1_46' title="bbox 899 804 1689 839">
     <span class='ocr_line' id='line_1_46' title="bbox 899 804 1689 839; baseline -0.001 -6"><span class='ocrx_word' id='word_1_349' title='bbox 899 806 984 837; x_wconf 88' lang='lat' dir='ltr'><strong>enim,</strong></span> <span class='ocrx_word' id='word_1_350' title='bbox 995 814 1004 831; x_wconf 80' lang='grc' dir='ltr'><strong>ι</strong></span> <span class='ocrx_word' id='word_1_351' title='bbox 1019 804 1052 832; x_wconf 83' lang='grc' dir='ltr'>Ει</span> <span class='ocrx_word' id='word_1_352' title='bbox 1066 804 1119 832; x_wconf 81' lang='lat' dir='ltr'><strong>illis</strong></span> <span class='ocrx_word' id='word_1_353' title='bbox 1132 805 1226 839; x_wconf 85' lang='lat' dir='ltr'><strong>dicito,</strong></span> <span class='ocrx_word' id='word_1_354' title='bbox 1239 805 1365 833; x_wconf 84' lang='lat' dir='ltr'><strong>Ascendo</strong></span> <span class='ocrx_word' id='word_1_355' title='bbox 1376 805 1410 833; x_wconf 88' lang='lat' dir='ltr'><strong>ad</strong></span> <span class='ocrx_word' id='word_1_356' title='bbox 1420 805 1530 833; x_wconf 79' lang='lat' dir='ltr'><strong>Patrem</strong></span> <span class='ocrx_word' id='word_1_357' title='bbox 1549 813 1639 833; x_wconf 91' lang='lat' dir='ltr'><strong>meum</strong></span> <span class='ocrx_word' id='word_1_358' title='bbox 1652 814 1660 833; x_wconf 91' lang='lat'><strong>:</strong></span> <span class='ocrx_word' id='word_1_359' title='bbox 1678 814 1689 832; x_wconf 74' lang='grc' dir='ltr'><strong>ι</strong></span> 
     </span>
    </p>
   </div>
   <div class='ocr_carea' id='block_1_47' title="bbox 900 851 1692 887">
    <p class='ocr_par' dir='ltr' id='par_1_47' title="bbox 900 851 1692 887">
     <span class='ocr_line' id='line_1_47' title="bbox 900 851 1692 887; baseline 0.003 -10"><span class='ocrx_word' id='word_1_360' title='bbox 900 852 979 887; x_wconf 84' lang='lat' dir='ltr'><strong>quasi</strong></span> <span class='ocrx_word' id='word_1_361' title='bbox 995 851 1097 880; x_wconf 86' lang='lat' dir='ltr'><strong>diceret</strong></span> <span class='ocrx_word' id='word_1_362' title='bbox 1114 861 1120 878; x_wconf 96' lang='lat'><strong>:</strong></span> <span class='ocrx_word' id='word_1_363' title='bbox 1137 851 1196 878; x_wconf 83' lang='lat' dir='ltr'><strong>Noli</strong></span> <span class='ocrx_word' id='word_1_364' title='bbox 1225 851 1328 879; x_wconf 87' lang='lat' dir='ltr'><strong>tristari</strong></span> <span class='ocrx_word' id='word_1_365' title='bbox 1348 852 1422 887; x_wconf 89' lang='lat' dir='ltr'><strong>quod</strong></span> <span class='ocrx_word' id='word_1_366' title='bbox 1442 859 1485 879; x_wconf 93' lang='lat' dir='ltr'><strong>me</strong></span> <span class='ocrx_word' id='word_1_367' title='bbox 1501 856 1611 886; x_wconf 78' lang='lat' dir='ltr'><strong>tangere</strong></span> <span class='ocrx_word' id='word_1_368' title='bbox 1635 859 1692 879; x_wconf 92' lang='lat' dir='ltr'><strong>non</strong></span> 
     </span>
    </p>
   </div>
   <div class='ocr_carea' id='block_1_48' title="bbox 900 897 1693 933">
    <p class='ocr_par' dir='ltr' id='par_1_48' title="bbox 900 897 1693 933">
     <span class='ocr_line' id='line_1_48' title="bbox 900 897 1693 933; baseline -0.001 -8"><span class='ocrx_word' id='word_1_369' title='bbox 900 898 1088 933; x_wconf 87' lang='lat' dir='ltr'><strong>permiserim;</strong></span> <span class='ocrx_word' id='word_1_370' title='bbox 1106 905 1194 933; x_wconf 90' lang='lat' dir='ltr'><strong>neque</strong></span> <span class='ocrx_word' id='word_1_371' title='bbox 1208 898 1282 925; x_wconf 90' lang='lat' dir='ltr'><strong>enim</strong></span> <span class='ocrx_word' id='word_1_372' title='bbox 1293 897 1458 932; x_wconf 81' lang='lat' dir='ltr'><strong>despiciens,</strong></span> <span class='ocrx_word' id='word_1_373' title='bbox 1472 903 1519 924; x_wconf 90' lang='lat' dir='ltr'><strong>aut</strong></span> <span class='ocrx_word' id='word_1_374' title='bbox 1538 901 1565 925; x_wconf 90' lang='lat' dir='ltr'><strong>te</strong></span> <span class='ocrx_word' id='word_1_375' title='bbox 1579 897 1693 932; x_wconf 86' lang='lat' dir='ltr'><strong>insuper</strong></span> 
     </span>
    </p>
   </div>
   <div class='ocr_carea' id='block_1_49' title="bbox 899 943 1682 979">
    <p class='ocr_par' dir='ltr' id='par_1_49' title="bbox 899 943 1682 979">
     <span class='ocr_line' id='line_1_49' title="bbox 899 943 1682 979; baseline 0 -8"><span class='ocrx_word' id='word_1_376' title='bbox 899 943 1004 971; x_wconf 77' lang='lat' dir='ltr'><strong>habens</strong></span> <span class='ocrx_word' id='word_1_377' title='bbox 1015 943 1082 971; x_wconf 90' lang='lat' dir='ltr'><strong>illud</strong></span> <span class='ocrx_word' id='word_1_378' title='bbox 1099 943 1159 979; x_wconf 86' lang='lat' dir='ltr'><strong>egi;</strong></span> <span class='ocrx_word' id='word_1_379' title='bbox 1177 943 1224 971; x_wconf 87' lang='lat' dir='ltr'><strong>sed</strong></span> <span class='ocrx_word' id='word_1_380' title='bbox 1241 943 1463 978; x_wconf 83' lang='lat' dir='ltr'><strong>rerumipsarum</strong></span> <span class='ocrx_word' id='word_1_381' title='bbox 1479 947 1576 975; x_wconf 81' lang='lat' dir='ltr'><strong>status,</strong></span> <span class='ocrx_word' id='word_1_382' title='bbox 1590 948 1618 970; x_wconf 87' lang='lat' dir='ltr'><strong>et</strong></span> <span class='ocrx_word' id='word_1_383' title='bbox 1632 951 1682 971; x_wconf 82' lang='lat' dir='ltr'><strong>na-</strong></span> 
     </span>
    </p>
   </div>
   <div class='ocr_carea' id='block_1_50' title="bbox 899 989 1692 1024">
    <p class='ocr_par' dir='ltr' id='par_1_50' title="bbox 899 989 1692 1024">
     <span class='ocr_line' id='line_1_50' title="bbox 899 989 1692 1024; baseline 0.001 -8"><span class='ocrx_word' id='word_1_384' title='bbox 899 994 972 1022; x_wconf 80' lang='lat' dir='ltr'><strong>tura,</strong></span> <span class='ocrx_word' id='word_1_385' title='bbox 997 994 1024 1017; x_wconf 89' lang='lat' dir='ltr'><strong>et</strong></span> <span class='ocrx_word' id='word_1_386' title='bbox 1049 989 1092 1017; x_wconf 74' lang='lat' dir='ltr'><strong>les</strong></span> <span class='ocrx_word' id='word_1_387' title='bbox 1119 996 1187 1017; x_wconf 69' lang='lat' dir='ltr'><strong>mea:</strong></span> <span class='ocrx_word' id='word_1_388' title='bbox 1213 989 1391 1024; x_wconf 72' lang='lat' dir='ltr'><strong>pr0videntize</strong></span> <span class='ocrx_word' id='word_1_389' title='bbox 1424 993 1452 1016; x_wconf 90' lang='lat' dir='ltr'><strong>et</strong></span> <span class='ocrx_word' id='word_1_390' title='bbox 1476 989 1692 1024; x_wconf 83' lang='lat' dir='ltr'><strong>dispensationis</strong></span> 
     </span>
    </p>
   </div>
   <div class='ocr_carea' id='block_1_51' title="bbox 899 1034 1692 1070">
    <p class='ocr_par' dir='ltr' id='par_1_51' title="bbox 899 1034 1692 1070">
     <span class='ocr_line' id='line_1_51' title="bbox 899 1034 1692 1070; baseline 0.001 -8"><span class='ocrx_word' id='word_1_391' title='bbox 899 1034 1058 1066; x_wconf 74' lang='lat' dir='ltr'><strong>ineﬂabilis,</strong></span> <span class='ocrx_word' id='word_1_392' title='bbox 1087 1035 1113 1061; x_wconf 92' lang='lat' dir='ltr'><strong>id</strong></span> <span class='ocrx_word' id='word_1_393' title='bbox 1143 1034 1181 1061; x_wconf 90' lang='lat' dir='ltr'><strong>ita</strong></span> <span class='ocrx_word' id='word_1_394' title='bbox 1202 1034 1261 1062; x_wconf 87' lang='lat' dir='ltr'><strong>vult</strong></span> <span class='ocrx_word' id='word_1_395' title='bbox 1277 1035 1413 1068; x_wconf 87' lang='lat' dir='ltr'><strong>imprimis</strong></span> <span class='ocrx_word' id='word_1_396' title='bbox 1435 1035 1561 1062; x_wconf 86' lang='lat' dir='ltr'><strong>obtinere</strong></span> <span class='ocrx_word' id='word_1_397' title='bbox 1579 1044 1586 1062; x_wconf 90' lang='lat'><strong><em>:</em></strong></span> <span class='ocrx_word' id='word_1_398' title='bbox 1603 1043 1692 1070; x_wconf 83' lang='lat' dir='ltr'><strong>neque</strong></span> 
     </span>
    </p>
   </div>
   <div class='ocr_carea' id='block_1_52' title="bbox 899 1081 1689 1116">
    <p class='ocr_par' dir='ltr' id='par_1_52' title="bbox 899 1081 1689 1116">
     <span class='ocr_line' id='line_1_52' title="bbox 899 1081 1689 1116; baseline 0.001 -8"><span class='ocrx_word' id='word_1_399' title='bbox 899 1081 991 1108; x_wconf 87' lang='lat' dir='ltr'><strong>minus</strong></span> <span class='ocrx_word' id='word_1_400' title='bbox 1007 1081 1055 1108; x_wconf 82' lang='lat' dir='ltr'><strong>tibi</strong></span> <span class='ocrx_word' id='word_1_401' title='bbox 1076 1081 1139 1114; x_wconf 88' lang='lat' dir='ltr'><strong>erit,</strong></span> <span class='ocrx_word' id='word_1_402' title='bbox 1156 1081 1178 1108; x_wconf 88' lang='lat' dir='ltr'><strong>si</strong></span> <span class='ocrx_word' id='word_1_403' title='bbox 1193 1088 1247 1108; x_wconf 88' lang='lat' dir='ltr'><strong>non</strong></span> <span class='ocrx_word' id='word_1_404' title='bbox 1265 1088 1291 1108; x_wconf 90' lang='lat' dir='ltr'><strong>et</strong></span> <span class='ocrx_word' id='word_1_405' title='bbox 1307 1081 1407 1116; x_wconf 88' lang='lat' dir='ltr'><strong>majus,</strong></span> <span class='ocrx_word' id='word_1_406' title='bbox 1438 1081 1462 1109; x_wconf 85' lang='lat' dir='ltr'><strong>si</strong></span> <span class='ocrx_word' id='word_1_407' title='bbox 1501 1081 1555 1108; x_wconf 89' lang='lat' dir='ltr'><strong>hoc</strong></span> <span class='ocrx_word' id='word_1_408' title='bbox 1577 1081 1689 1109; x_wconf 54' lang='lat' dir='ltr'><strong>deside.</strong></span> 
     </span>
    </p>
   </div>
   <div class='ocr_carea' id='block_1_53' title="bbox 899 1118 1692 1163">
    <p class='ocr_par' dir='ltr' id='par_1_53' title="bbox 899 1118 1692 1163">
     <span class='ocr_line' id='line_1_53' title="bbox 899 1118 1692 1163; baseline 0.001 -9"><span class='ocrx_word' id='word_1_409' title='bbox 899 1127 969 1154; x_wconf 83' lang='lat' dir='ltr'><strong>rium</strong></span> <span class='ocrx_word' id='word_1_410' title='bbox 984 1132 1060 1154; x_wconf 89' lang='lat' dir='ltr'><strong>tuum</strong></span> <span class='ocrx_word' id='word_1_411' title='bbox 1081 1118 1134 1154; x_wconf 78' lang='lat' dir='ltr'><strong>non</strong></span> <span class='ocrx_word' id='word_1_412' title='bbox 1145 1127 1336 1162; x_wconf 84' lang='lat' dir='ltr'><strong>adimplcatur.</strong></span> <span class='ocrx_word' id='word_1_413' title='bbox 1354 1129 1423 1154; x_wconf 79' lang='lat' dir='ltr'><strong>Ecce</strong></span> <span class='ocrx_word' id='word_1_414' title='bbox 1442 1135 1493 1163; x_wconf 88' lang='lat' dir='ltr'><strong>ego</strong></span> <span class='ocrx_word' id='word_1_415' title='bbox 1521 1128 1648 1155; x_wconf 88' lang='lat' dir='ltr'><strong>nuntium</strong></span> <span class='ocrx_word' id='word_1_416' title='bbox 1666 1133 1692 1155; x_wconf 80' lang='lat' dir='ltr'><strong>te</strong></span> 
     </span>
    </p>
   </div>
   <div class='ocr_carea' id='block_1_54' title="bbox 899 1174 1693 1209">
    <p class='ocr_par' dir='ltr' id='par_1_54' title="bbox 899 1174 1693 1209">
     <span class='ocr_line' id='line_1_54' title="bbox 899 1174 1693 1209; baseline 0.003 -9"><span class='ocrx_word' id='word_1_417' title='bbox 899 1175 1109 1201; x_wconf 83' lang='lat' dir='ltr'><strong>resurrectionis</strong></span> <span class='ocrx_word' id='word_1_418' title='bbox 1138 1181 1206 1201; x_wconf 61' lang='lat' dir='ltr'><strong>meae</strong></span> <span class='ocrx_word' id='word_1_419' title='bbox 1236 1174 1268 1200; x_wconf 91' lang='lat' dir='ltr'><strong>ad</strong></span> <span class='ocrx_word' id='word_1_420' title='bbox 1294 1174 1446 1208; x_wconf 85' lang='lat' dir='ltr'><strong>discipulos</strong></span> <span class='ocrx_word' id='word_1_421' title='bbox 1474 1174 1570 1209; x_wconf 80' lang='lat' dir='ltr'><strong>ablego</strong></span> <span class='ocrx_word' id='word_1_422' title='bbox 1586 1184 1593 1202; x_wconf 92' lang='lat'><strong>:</strong></span> <span class='ocrx_word' id='word_1_423' title='bbox 1610 1178 1637 1202; x_wconf 92' lang='lat' dir='ltr'><strong>et</strong></span> <span class='ocrx_word' id='word_1_424' title='bbox 1658 1183 1693 1202; x_wconf 76' lang='lat' dir='ltr'><strong>ea</strong></span> 
     </span>
    </p>
   </div>
   <div class='ocr_carea' id='block_1_55' title="bbox 899 1219 1693 1255">
    <p class='ocr_par' dir='ltr' id='par_1_55' title="bbox 899 1219 1693 1255">
     <span class='ocr_line' id='line_1_55' title="bbox 899 1219 1693 1255; baseline 0 -9"><span class='ocrx_word' id='word_1_425' title='bbox 899 1228 960 1255; x_wconf 74' lang='lat' dir='ltr'><strong>quae</strong></span> <span class='ocrx_word' id='word_1_426' title='bbox 989 1220 1043 1248; x_wconf 86' lang='lat' dir='ltr'><strong>illis</strong></span> <span class='ocrx_word' id='word_1_427' title='bbox 1069 1220 1116 1247; x_wconf 85' lang='lat' dir='ltr'><strong>tibi</strong></span> <span class='ocrx_word' id='word_1_428' title='bbox 1142 1220 1224 1247; x_wconf 84' lang='lat' dir='ltr'><strong>etiam</strong></span> <span class='ocrx_word' id='word_1_429' title='bbox 1253 1219 1387 1247; x_wconf 88' lang='lat' dir='ltr'><strong>annuntio</strong></span> <span class='ocrx_word' id='word_1_430' title='bbox 1422 1220 1596 1255; x_wconf 85' lang='lat' dir='ltr'><strong>intelligenda</strong></span> <span class='ocrx_word' id='word_1_431' title='bbox 1618 1229 1624 1246; x_wconf 89' lang='lat'>:</span> <span class='ocrx_word' id='word_1_432' title='bbox 1649 1219 1693 1247; x_wconf 80' lang='lat' dir='ltr'><strong>Me</strong></span> 
     </span>
    </p>
   </div>
   <div class='ocr_carea' id='block_1_56' title="bbox 899 1265 1692 1301">
    <p class='ocr_par' dir='ltr' id='par_1_56' title="bbox 899 1265 1692 1301">
     <span class='ocr_line' id='line_1_56' title="bbox 899 1265 1692 1301; baseline -0.001 -7"><span class='ocrx_word' id='word_1_433' title='bbox 899 1267 1048 1294; x_wconf 84' lang='lat' dir='ltr'><strong>ascendere</strong></span> <span class='ocrx_word' id='word_1_434' title='bbox 1071 1267 1105 1294; x_wconf 83' lang='lat' dir='ltr'><strong>ad</strong></span> <span class='ocrx_word' id='word_1_435' title='bbox 1125 1265 1254 1299; x_wconf 88' lang='lat' dir='ltr'><strong>Patrem;</strong></span> <span class='ocrx_word' id='word_1_436' title='bbox 1275 1274 1325 1294; x_wconf 77' lang='lat' dir='ltr'><strong>nec</strong></span> <span class='ocrx_word' id='word_1_437' title='bbox 1354 1270 1384 1294; x_wconf 90' lang='lat' dir='ltr'><strong>ut</strong></span> <span class='ocrx_word' id='word_1_438' title='bbox 1410 1266 1477 1293; x_wconf 90' lang='lat' dir='ltr'><strong>olim</strong></span> <span class='ocrx_word' id='word_1_439' title='bbox 1508 1266 1692 1301; x_wconf 88' lang='lat' dir='ltr'><strong>imaginentur</strong></span> 
     </span>
    </p>
   </div>
   <div class='ocr_carea' id='block_1_57' title="bbox 899 1312 1694 1347">
    <p class='ocr_par' dir='ltr' id='par_1_57' title="bbox 899 1312 1694 1347">
     <span class='ocr_line' id='line_1_57' title="bbox 899 1312 1694 1347; baseline 0.001 -8"><span class='ocrx_word' id='word_1_440' title='bbox 899 1312 1020 1340; x_wconf 85' lang='lat' dir='ltr'><strong>humano</strong></span> <span class='ocrx_word' id='word_1_441' title='bbox 1032 1320 1108 1340; x_wconf 87' lang='lat' dir='ltr'><strong>more</strong></span> <span class='ocrx_word' id='word_1_442' title='bbox 1122 1316 1149 1340; x_wconf 91' lang='lat' dir='ltr'><strong>et</strong></span> <span class='ocrx_word' id='word_1_443' title='bbox 1167 1312 1284 1347; x_wconf 76' lang='lat' dir='ltr'><strong>abiecto,</strong></span> <span class='ocrx_word' id='word_1_444' title='bbox 1311 1320 1356 1340; x_wconf 88' lang='lat' dir='ltr'><strong>me</strong></span> <span class='ocrx_word' id='word_1_445' title='bbox 1369 1313 1474 1340; x_wconf 86' lang='lat' dir='ltr'><strong>scilicet</strong></span> <span class='ocrx_word' id='word_1_446' title='bbox 1490 1321 1544 1340; x_wconf 92' lang='lat' dir='ltr'><strong>una</strong></span> <span class='ocrx_word' id='word_1_447' title='bbox 1559 1320 1622 1340; x_wconf 89' lang='lat' dir='ltr'><strong>cum</strong></span> <span class='ocrx_word' id='word_1_448' title='bbox 1638 1314 1694 1341; x_wconf 81' lang='lat' dir='ltr'><strong>illis</strong></span> 
     </span>
    </p>
   </div>
   <div class='ocr_carea' id='block_1_58' title="bbox 899 1359 1692 1390">
    <p class='ocr_par' dir='ltr' id='par_1_58' title="bbox 899 1359 1692 1390">
     <span class='ocr_line' id='line_1_58' title="bbox 899 1359 1692 1390; baseline 0.003 -5"><span class='ocrx_word' id='word_1_449' title='bbox 899 1359 1113 1390; x_wconf 81' lang='lat' dir='ltr'><strong>ambulaturum,</strong></span> <span class='ocrx_word' id='word_1_450' title='bbox 1141 1363 1190 1386; x_wconf 86' lang='lat' dir='ltr'><strong>aut</strong></span> <span class='ocrx_word' id='word_1_451' title='bbox 1218 1359 1326 1387; x_wconf 85' lang='lat' dir='ltr'><strong>labores</strong></span> <span class='ocrx_word' id='word_1_452' title='bbox 1351 1364 1399 1386; x_wconf 89' lang='lat' dir='ltr'><strong>aut</strong></span> <span class='ocrx_word' id='word_1_453' title='bbox 1415 1359 1555 1387; x_wconf 89' lang='lat' dir='ltr'><strong>molestias</strong></span> <span class='ocrx_word' id='word_1_454' title='bbox 1575 1360 1692 1388; x_wconf 84' lang='lat' dir='ltr'><strong>ulterius</strong></span> 
     </span>
    </p>
   </div>
   <div class='ocr_carea' id='block_1_59' title="bbox 899 1405 1692 1440">
    <p class='ocr_par' dir='ltr' id='par_1_59' title="bbox 899 1405 1692 1440">
     <span class='ocr_line' id='line_1_59' title="bbox 899 1405 1692 1440; baseline 0.003 -8"><span class='ocrx_word' id='word_1_455' title='bbox 899 1405 1090 1438; x_wconf 86' lang='lat' dir='ltr'><strong>toleraturum,</strong></span> <span class='ocrx_word' id='word_1_456' title='bbox 1119 1406 1275 1440; x_wconf 83' lang='lat' dir='ltr'><strong>frequenter</strong></span> <span class='ocrx_word' id='word_1_457' title='bbox 1298 1406 1332 1432; x_wconf 90' lang='lat' dir='ltr'><strong>de</strong></span> <span class='ocrx_word' id='word_1_458' title='bbox 1347 1406 1408 1433; x_wconf 88' lang='lat' dir='ltr'><strong>loco</strong></span> <span class='ocrx_word' id='word_1_459' title='bbox 1428 1406 1454 1433; x_wconf 90' lang='lat' dir='ltr'><strong>in</strong></span> <span class='ocrx_word' id='word_1_460' title='bbox 1471 1406 1562 1434; x_wconf 90' lang='lat' dir='ltr'><strong>locum</strong></span> <span class='ocrx_word' id='word_1_461' title='bbox 1576 1407 1692 1440; x_wconf 78' lang='lat' dir='ltr'><strong>iturum,</strong></span> 
     </span>
    </p>
   </div>
   <div class='ocr_carea' id='block_1_60' title="bbox 898 1452 1691 1487">
    <p class='ocr_par' dir='ltr' id='par_1_60' title="bbox 898 1452 1691 1487">
     <span class='ocr_line' id='line_1_60' title="bbox 898 1452 1691 1487; baseline 0 -7"><span class='ocrx_word' id='word_1_462' title='bbox 898 1456 946 1480; x_wconf 85' lang='lat' dir='ltr'><strong>aut</strong></span> <span class='ocrx_word' id='word_1_463' title='bbox 960 1459 1062 1479; x_wconf 68' lang='lat' dir='ltr'><strong>mensa:</strong></span> <span class='ocrx_word' id='word_1_464' title='bbox 1075 1452 1277 1479; x_wconf 87' lang='lat' dir='ltr'><strong>accubiturnm.</strong></span> <span class='ocrx_word' id='word_1_465' title='bbox 1292 1452 1409 1480; x_wconf 77' lang='lat' dir='ltr'><strong>Attende</strong></span> <span class='ocrx_word' id='word_1_466' title='bbox 1432 1453 1514 1480; x_wconf 87' lang='lat' dir='ltr'><strong>etiam</strong></span> <span class='ocrx_word' id='word_1_467' title='bbox 1531 1453 1606 1487; x_wconf 88' lang='lat' dir='ltr'><strong>quod</strong></span> <span class='ocrx_word' id='word_1_468' title='bbox 1631 1461 1691 1480; x_wconf 85' lang='lat' dir='ltr'><strong>ser-</strong></span> 
     </span>
    </p>
   </div>
   <div class='ocr_carea' id='block_1_61' title="bbox 899 1498 1692 1534">
    <p class='ocr_par' dir='ltr' id='par_1_61' title="bbox 899 1498 1692 1534">
     <span class='ocr_line' id='line_1_61' title="bbox 899 1498 1692 1534; baseline 0.003 -10"><span class='ocrx_word' id='word_1_469' title='bbox 899 1505 995 1524; x_wconf 89' lang='lat' dir='ltr'><strong>mones</strong></span> <span class='ocrx_word' id='word_1_470' title='bbox 1015 1505 1108 1525; x_wconf 84' lang='lat' dir='ltr'><strong>serens</strong></span> <span class='ocrx_word' id='word_1_471' title='bbox 1133 1505 1195 1525; x_wconf 92' lang='lat' dir='ltr'><strong>cum</strong></span> <span class='ocrx_word' id='word_1_472' title='bbox 1213 1498 1339 1530; x_wconf 87' lang='lat' dir='ltr'><strong>muliere,</strong></span> <span class='ocrx_word' id='word_1_473' title='bbox 1360 1498 1458 1532; x_wconf 73' lang='lat' dir='ltr'><strong>fratrea</strong></span> <span class='ocrx_word' id='word_1_474' title='bbox 1473 1500 1591 1534; x_wconf 80' lang='lat' dir='ltr'><strong>appellet</strong></span> <span class='ocrx_word' id='word_1_475' title='bbox 1605 1499 1692 1526; x_wconf 77' lang='lat' dir='ltr'><strong>disci-</strong></span> 
     </span>
    </p>
   </div>
   <div class='ocr_carea' id='block_1_62' title="bbox 57 1541 797 1580">
    <p class='ocr_par' dir='ltr' id='par_1_62' title="bbox 57 1541 797 1578">
     <span class='ocr_line' id='line_1_62' title="bbox 57 1541 797 1578; baseline 0.004 -11"><span class='ocrx_word' id='word_1_476' title='bbox 57 1541 86 1567; x_wconf 78' lang='grc' dir='ltr'>ὲν</span> <span class='ocrx_word' id='word_1_477' title='bbox 101 1542 159 1573; x_wconf 85' lang='grc' dir='ltr'>τοῖς</span> <span class='ocrx_word' id='word_1_478' title='bbox 187 1541 257 1576; x_wconf 83' lang='grc' dir='ltr'>πρὸς</span> <span class='ocrx_word' id='word_1_479' title='bbox 279 1541 330 1577; x_wconf 81' lang='grc' dir='ltr'>τὴν</span> <span class='ocrx_word' id='word_1_480' title='bbox 357 1543 474 1576; x_wconf 83' lang='grc' dir='ltr'>γυναῖκα</span> <span class='ocrx_word' id='word_1_481' title='bbox 498 1542 630 1577; x_wconf 76' lang='grc' dir='ltr'>ῥήμασιν,</span> <span class='ocrx_word' id='word_1_482' title='bbox 645 1543 709 1574; x_wconf 74' lang='grc' dir='ltr'>τοὺς</span> <span class='ocrx_word' id='word_1_483' title='bbox 724 1543 797 1578; x_wconf 84' lang='grc' dir='ltr'>μαθη</span> 
     </span>
    </p>
   </div>
   <div class='ocr_carea' id='block_1_63' title="bbox 951 1541 1691 1580">
    <p class='ocr_par' dir='ltr' id='par_1_63' title="bbox 951 1545 1691 1574">
     <span class='ocr_line' id='line_1_63' title="bbox 951 1545 1691 1574; baseline 0.005 -4"><span class='ocrx_word' id='word_1_484' title='bbox 951 1551 979 1571; x_wconf 89' lang='lat' dir='ltr'><strong>os</strong></span> <span class='ocrx_word' id='word_1_485' title='bbox 1009 1551 1075 1571; x_wconf 81' lang='lat' dir='ltr'><strong>suos</strong></span> <span class='ocrx_word' id='word_1_486' title='bbox 1094 1552 1102 1570; x_wconf 87' lang='lat'>:</span> <span class='ocrx_word' id='word_1_487' title='bbox 1119 1545 1157 1571; x_wconf 87' lang='lat' dir='ltr'><strong>ita</strong></span> <span class='ocrx_word' id='word_1_488' title='bbox 1172 1545 1285 1572; x_wconf 88' lang='lat' dir='ltr'><strong>omnino</strong></span> <span class='ocrx_word' id='word_1_489' title='bbox 1300 1545 1481 1573; x_wconf 80' lang='lat' dir='ltr'><strong>conﬁdentem</strong></span> <span class='ocrx_word' id='word_1_490' title='bbox 1496 1553 1556 1573; x_wconf 89' lang='lat' dir='ltr'><strong>cam</strong></span> <span class='ocrx_word' id='word_1_491' title='bbox 1579 1547 1691 1574; x_wconf 76' lang='lat' dir='ltr'><strong>reddere</strong></span> 
     </span>
    </p>
   </div>
   <div class='ocr_carea' id='block_1_64' title="bbox 57 1588 848 1625">
    <p class='ocr_par' dir='ltr' id='par_1_64' title="bbox 57 1588 848 1625">
     <span class='ocr_line' id='line_1_64' title="bbox 57 1588 848 1625; baseline 0 -9"><span class='ocrx_word' id='word_1_492' title='bbox 57 1589 234 1624; x_wconf 69' lang='grc' dir='ltr'>ἐπωνόμασε,</span> <span class='ocrx_word' id='word_1_493' title='bbox 246 1588 358 1624; x_wconf 63' lang='grc' dir='ltr'>θαρρεῖν</span> <span class='ocrx_word' id='word_1_494' title='bbox 372 1588 457 1624; x_wconf 78' lang='grc' dir='ltr'>αὐτὴν</span> <span class='ocrx_word' id='word_1_495' title='bbox 479 1588 523 1615; x_wconf 85' lang='grc' dir='ltr'><strong>διὰ</strong></span> <span class='ocrx_word' id='word_1_496' title='bbox 542 1589 652 1616; x_wconf 80' lang='grc' dir='ltr'>πάντων</span> <span class='ocrx_word' id='word_1_497' title='bbox 668 1589 848 1625; x_wconf 79' lang='grc' dir='ltr'>παρασκευά-</span> 
     </span>
    </p>
   </div>
   <div class='ocr_carea' id='block_1_65' title="bbox 57 1633 849 1669">
    <p class='ocr_par' dir='ltr' id='par_1_65' title="bbox 57 1633 849 1669">
     <span class='ocr_line' id='line_1_65' title="bbox 57 1633 849 1669; baseline 0 -8"><span class='ocrx_word' id='word_1_498' title='bbox 57 1635 122 1668; x_wconf 77' lang='grc' dir='ltr'>ζων,</span> <span class='ocrx_word' id='word_1_499' title='bbox 135 1634 184 1661; x_wconf 80' lang='grc' dir='ltr'>καὶ</span> <span class='ocrx_word' id='word_1_500' title='bbox 211 1633 294 1669; x_wconf 79' lang='grc' dir='ltr'>μηδὲν</span> <span class='ocrx_word' id='word_1_501' title='bbox 320 1633 442 1669; x_wconf 77' lang='grc' dir='ltr'>λυπηρὸν</span> <span class='ocrx_word' id='word_1_502' title='bbox 463 1633 652 1669; x_wconf 77' lang='grc' dir='ltr'>ὑποδέχεσθαι.</span> <span class='ocrx_word' id='word_1_503' title='bbox 672 1635 701 1662; x_wconf 91' lang='lat'><strong>&#39;0</strong></span> <span class='ocrx_word' id='word_1_504' title='bbox 715 1634 770 1669; x_wconf 80' lang='grc' dir='ltr'><strong>γὰρ</strong></span> <span class='ocrx_word' id='word_1_505' title='bbox 793 1633 849 1661; x_wconf 89' lang='grc' dir='ltr'><strong>τῶν</strong></span> 
     </span>
    </p>
   </div>
   <div class='ocr_carea' id='block_1_66' title="bbox 57 1679 848 1716">
    <p class='ocr_par' dir='ltr' id='par_1_66' title="bbox 57 1679 848 1716">
     <span class='ocr_line' id='line_1_66' title="bbox 57 1679 848 1716; baseline 0 -9"><span class='ocrx_word' id='word_1_506' title='bbox 57 1680 181 1716; x_wconf 75' lang='grc' dir='ltr'>ἀδελφῶν</span> <span class='ocrx_word' id='word_1_507' title='bbox 194 1680 244 1716; x_wconf 84' lang='grc' dir='ltr'>τὴν</span> <span class='ocrx_word' id='word_1_508' title='bbox 256 1679 352 1715; x_wconf 81' lang='grc' dir='ltr'>κλῆσιν</span> <span class='ocrx_word' id='word_1_509' title='bbox 361 1681 418 1712; x_wconf 86' lang='grc' dir='ltr'>τοῖς</span> <span class='ocrx_word' id='word_1_510' title='bbox 435 1679 570 1715; x_wconf 83' lang='grc' dir='ltr'>μαθηταῖς</span> <span class='ocrx_word' id='word_1_511' title='bbox 582 1679 773 1716; x_wconf 74' lang='grc' dir='ltr'>χαριζόμενος.</span> <span class='ocrx_word' id='word_1_512' title='bbox 787 1679 848 1708; x_wconf 79' lang='grc' dir='ltr'>εἶτα</span> 
     </span>
    </p>
   </div>
   <div class='ocr_carea' id='block_1_67' title="bbox 56 1725 847 1762">
    <p class='ocr_par' dir='ltr' id='par_1_67' title="bbox 56 1725 847 1762">
     <span class='ocr_line' id='line_1_67' title="bbox 56 1725 847 1762; baseline -0.001 -8"><span class='ocrx_word' id='word_1_513' title='bbox 56 1727 159 1762; x_wconf 72' lang='grc' dir='ltr'>ταύτην</span> <span class='ocrx_word' id='word_1_514' title='bbox 185 1726 300 1757; x_wconf 68' lang='grc' dir='ltr'>ἐκείνοις</span> <span class='ocrx_word' id='word_1_515' title='bbox 324 1725 511 1761; x_wconf 82' lang='grc' dir='ltr'>συναριθμῶν,</span> <span class='ocrx_word' id='word_1_516' title='bbox 526 1726 573 1752; x_wconf 80' lang='grc' dir='ltr'>καὶ</span> <span class='ocrx_word' id='word_1_517' title='bbox 590 1726 646 1753; x_wconf 89' lang='grc' dir='ltr'><strong>τῶν</strong></span> <span class='ocrx_word' id='word_1_518' title='bbox 665 1726 731 1753; x_wconf 88' lang='grc' dir='ltr'>ίσων</span> <span class='ocrx_word' id='word_1_519' title='bbox 753 1726 847 1760; x_wconf 77' lang='grc' dir='ltr'>ἀξιῶν,</span> 
     </span>
    </p>
   </div>
   <div class='ocr_carea' id='block_1_68' title="bbox 58 1770 845 1808">
    <p class='ocr_par' dir='ltr' id='par_1_68' title="bbox 58 1770 845 1808">
     <span class='ocr_line' id='line_1_68' title="bbox 58 1770 845 1808; baseline -0.001 -8"><span class='ocrx_word' id='word_1_520' title='bbox 58 1773 148 1800; x_wconf 79' lang='grc' dir='ltr'>πᾶσαν</span> <span class='ocrx_word' id='word_1_521' title='bbox 173 1772 260 1808; x_wconf 86' lang='grc' dir='ltr'>αὐτῆς</span> <span class='ocrx_word' id='word_1_522' title='bbox 281 1771 380 1807; x_wconf 87' lang='grc' dir='ltr'>λύπην,</span> <span class='ocrx_word' id='word_1_523' title='bbox 391 1771 438 1799; x_wconf 78' lang='grc' dir='ltr'>καὶ</span> <span class='ocrx_word' id='word_1_524' title='bbox 459 1771 577 1806; x_wconf 80' lang='grc' dir='ltr'>ὑποψίας</span> <span class='ocrx_word' id='word_1_525' title='bbox 590 1770 701 1804; x_wconf 64' lang='grc' dir='ltr'>ἐξέϐαλε</span> <span class='ocrx_word' id='word_1_526' title='bbox 722 1771 845 1807; x_wconf 82' lang='grc' dir='ltr'>θόρυϐον.</span> 
     </span>
    </p>
   </div>
   <div class='ocr_carea' id='block_1_69' title="bbox 57 1817 847 1854">
    <p class='ocr_par' dir='ltr' id='par_1_69' title="bbox 57 1817 847 1854">
     <span class='ocr_line' id='line_1_69' title="bbox 57 1817 847 1854; baseline -0.001 -9"><span class='ocrx_word' id='word_1_527' title='bbox 57 1819 151 1854; x_wconf 77' lang='grc' dir='ltr'>Σοφῶς</span> <span class='ocrx_word' id='word_1_528' title='bbox 167 1818 198 1845; x_wconf 81' lang='grc' dir='ltr'>δὲ</span> <span class='ocrx_word' id='word_1_529' title='bbox 221 1818 291 1851; x_wconf 85' lang='grc' dir='ltr'>λίαν,</span> <span class='ocrx_word' id='word_1_530' title='bbox 309 1819 356 1845; x_wconf 74' lang='grc' dir='ltr'>καὶ</span> <span class='ocrx_word' id='word_1_531' title='bbox 373 1817 543 1853; x_wconf 82' lang='grc' dir='ltr'>θεοπρεπῶς,</span> <span class='ocrx_word' id='word_1_532' title='bbox 560 1818 606 1844; x_wconf 73' lang='grc' dir='ltr'>καὶ</span> <span class='ocrx_word' id='word_1_533' title='bbox 621 1818 661 1850; x_wconf 76' lang='grc' dir='ltr'>τὸ,</span> <span class='ocrx_word' id='word_1_534' title='bbox 679 1827 689 1844; x_wconf 73' lang='grc' dir='ltr'><strong>ι</strong></span> <span class='ocrx_word' id='word_1_535' title='bbox 714 1818 786 1854; x_wconf 77' lang='grc' dir='ltr'>Πρὸς</span> <span class='ocrx_word' id='word_1_536' title='bbox 801 1817 847 1845; x_wconf 80' lang='grc' dir='ltr'><strong>τὸν</strong></span> 
     </span>
    </p>
   </div>
   <div class='ocr_carea' id='block_1_70' title="bbox 58 1863 847 1902">
    <p class='ocr_par' dir='ltr' id='par_1_70' title="bbox 58 1863 847 1902">
     <span class='ocr_line' id='line_1_70' title="bbox 58 1863 847 1902; baseline -0.003 -10"><span class='ocrx_word' id='word_1_537' title='bbox 58 1865 167 1902; x_wconf 80' lang='grc' dir='ltr'>Πατέρα</span> <span class='ocrx_word' id='word_1_538' title='bbox 184 1873 254 1900; x_wconf 86' lang='grc' dir='ltr'>μου,</span> <span class='ocrx_word' id='word_1_539' title='bbox 268 1868 314 1891; x_wconf 69' lang='grc' dir='ltr'><strong>λαὶ</strong></span> <span class='ocrx_word' id='word_1_540' title='bbox 342 1864 452 1899; x_wconf 82' lang='grc' dir='ltr'>Πατέρα</span> <span class='ocrx_word' id='word_1_541' title='bbox 468 1864 560 1899; x_wconf 79' lang='grc' dir='ltr'>ὑμῶν,</span> <span class='ocrx_word' id='word_1_542' title='bbox 579 1873 589 1890; x_wconf 67' lang='grc' dir='ltr'><strong><em>ι</em></strong></span> <span class='ocrx_word' id='word_1_543' title='bbox 610 1863 681 1890; x_wconf 77' lang='grc' dir='ltr'>κατὰ</span> <span class='ocrx_word' id='word_1_544' title='bbox 704 1863 847 1899; x_wconf 80' lang='grc' dir='ltr'>διαστολὴν</span> 
     </span>
    </p>
   </div>
   <div class='ocr_carea' id='block_1_71' title="bbox 57 1909 848 1948">
    <p class='ocr_par' dir='ltr' id='par_1_71' title="bbox 57 1909 848 1948">
     <span class='ocr_line' id='line_1_71' title="bbox 57 1909 848 1948; baseline -0.004 -10"><span class='ocrx_word' id='word_1_545' title='bbox 57 1911 212 1948; x_wconf 78' lang='grc' dir='ltr'>προηνέχθη</span> <span class='ocrx_word' id='word_1_546' title='bbox 236 1913 282 1938; x_wconf 72' lang='grc' dir='ltr'>καὶ</span> <span class='ocrx_word' id='word_1_547' title='bbox 306 1910 446 1938; x_wconf 79' lang='grc' dir='ltr'>διάστασιν</span> <span class='ocrx_word' id='word_1_548' title='bbox 459 1918 468 1927; x_wconf 90' lang='grc'><strong>·</strong></span> <span class='ocrx_word' id='word_1_549' title='bbox 485 1909 540 1937; x_wconf 85' lang='grc' dir='ltr'><strong>τῶν</strong></span> <span class='ocrx_word' id='word_1_550' title='bbox 565 1909 707 1936; x_wconf 84' lang='grc' dir='ltr'>συλλαϐῶν</span> <span class='ocrx_word' id='word_1_551' title='bbox 727 1909 767 1945; x_wconf 83' lang='grc' dir='ltr'>τῷ</span> <span class='ocrx_word' id='word_1_552' title='bbox 787 1917 848 1936; x_wconf 87' lang='grc' dir='ltr'>συν-</span> 
     </span>
    </p>
   </div>
   <div class='ocr_carea' id='block_1_72' title="bbox 56 1955 847 1994">
    <p class='ocr_par' dir='ltr' id='par_1_72' title="bbox 56 1955 847 1994">
     <span class='ocr_line' id='line_1_72' title="bbox 56 1955 847 1994; baseline -0.003 -10"><span class='ocrx_word' id='word_1_553' title='bbox 56 1958 147 1994; x_wconf 69' lang='grc' dir='ltr'>δέσμῳ</span> <span class='ocrx_word' id='word_1_554' title='bbox 156 1978 164 1990; x_wconf 91' lang='grc'><strong>,</strong></span> <span class='ocrx_word' id='word_1_555' title='bbox 178 1958 228 1992; x_wconf 84' lang='grc' dir='ltr'>τῆς</span> <span class='ocrx_word' id='word_1_556' title='bbox 241 1957 296 1983; x_wconf 91' lang='grc' dir='ltr'><strong>τῶν</strong></span> <span class='ocrx_word' id='word_1_557' title='bbox 315 1956 489 1992; x_wconf 79' lang='grc' dir='ltr'>πραγμάτων</span> <span class='ocrx_word' id='word_1_558' title='bbox 500 1955 632 1991; x_wconf 77' lang='grc' dir='ltr'>διαφορᾶς</span> <span class='ocrx_word' id='word_1_559' title='bbox 656 1956 703 1982; x_wconf 80' lang='grc' dir='ltr'>καὶ</span> <span class='ocrx_word' id='word_1_560' title='bbox 719 1956 847 1992; x_wconf 72' lang='grc' dir='ltr'>ἑτερότη-</span> 
     </span>
    </p>
   </div>
   <div class='ocr_carea' id='block_1_73' title="bbox 55 2001 846 2039">
    <p class='ocr_par' dir='ltr' id='par_1_73' title="bbox 55 2001 846 2039">
     <span class='ocr_line' id='line_1_73' title="bbox 55 2001 846 2039; baseline -0.004 -8"><span class='ocrx_word' id='word_1_561' title='bbox 55 2013 100 2037; x_wconf 78' lang='grc' dir='ltr'><strong>τος</strong></span> <span class='ocrx_word' id='word_1_562' title='bbox 118 2004 365 2039; x_wconf 76' lang='grc' dir='ltr'>ὲπιτρανουμένης.</span> <span class='ocrx_word' id='word_1_563' title='bbox 383 2002 430 2037; x_wconf 84' lang='grc' dir='ltr'>Τῷ</span> <span class='ocrx_word' id='word_1_564' title='bbox 447 2003 496 2037; x_wconf 79' lang='grc' dir='ltr'>μὲν</span> <span class='ocrx_word' id='word_1_565' title='bbox 513 2001 716 2038; x_wconf 81' lang='grc' dir='ltr'>γάρίδιάζοντι,</span> <span class='ocrx_word' id='word_1_566' title='bbox 730 2001 781 2037; x_wconf 87' lang='grc' dir='ltr'><strong>τὴν</strong></span> <span class='ocrx_word' id='word_1_567' title='bbox 793 2002 846 2037; x_wconf 81' lang='grc' dir='ltr'><strong>φύ-</strong></span> 
     </span>
    </p>
   </div>
   <div class='ocr_carea' id='block_1_74' title="bbox 56 2048 846 2084">
    <p class='ocr_par' dir='ltr' id='par_1_74' title="bbox 56 2048 846 2084">
     <span class='ocr_line' id='line_1_74' title="bbox 56 2048 846 2084; baseline -0.004 -6"><span class='ocrx_word' id='word_1_568' title='bbox 56 2059 97 2078; x_wconf 86' lang='grc' dir='ltr'><strong>σιν</strong></span> <span class='ocrx_word' id='word_1_569' title='bbox 110 2050 214 2082; x_wconf 74' lang='grc' dir='ltr'>Εδειξε-</span> <span class='ocrx_word' id='word_1_570' title='bbox 227 2049 267 2084; x_wconf 82' lang='grc' dir='ltr'>τῷ</span> <span class='ocrx_word' id='word_1_571' title='bbox 283 2049 311 2075; x_wconf 79' lang='grc' dir='ltr'>δὲ</span> <span class='ocrx_word' id='word_1_572' title='bbox 322 2048 416 2084; x_wconf 80' lang='grc' dir='ltr'>κοινῷ.</span> <span class='ocrx_word' id='word_1_573' title='bbox 435 2048 485 2084; x_wconf 82' lang='grc' dir='ltr'>τὴν</span> <span class='ocrx_word' id='word_1_574' title='bbox 500 2048 581 2083; x_wconf 86' lang='grc' dir='ltr'>χάριν</span> <span class='ocrx_word' id='word_1_575' title='bbox 599 2049 745 2084; x_wconf 80' lang='grc' dir='ltr'>ἐμήνυσεν.</span> <span class='ocrx_word' id='word_1_576' title='bbox 763 2048 846 2075; x_wconf 85' lang='grc' dir='ltr'>ὀσον</span> 
     </span>
    </p>
   </div>
   <div class='ocr_carea' id='block_1_75' title="bbox 54 2093 846 2132">
    <p class='ocr_par' dir='ltr' id='par_1_75' title="bbox 54 2093 846 2132">
     <span class='ocr_line' id='line_1_75' title="bbox 54 2093 846 2132; baseline -0.004 -8"><span class='ocrx_word' id='word_1_577' title='bbox 54 2097 82 2124; x_wconf 75' lang='grc' dir='ltr'><strong>δι</strong></span> <span class='ocrx_word' id='word_1_578' title='bbox 94 2097 190 2132; x_wconf 80' lang='grc' dir='ltr'>φύσις,</span> <span class='ocrx_word' id='word_1_579' title='bbox 206 2096 316 2131; x_wconf 83' lang='grc' dir='ltr'>χάριτος</span> <span class='ocrx_word' id='word_1_580' title='bbox 332 2095 379 2121; x_wconf 80' lang='grc' dir='ltr'>καὶ</span> <span class='ocrx_word' id='word_1_581' title='bbox 394 2093 532 2125; x_wconf 81' lang='grc' dir='ltr'>υἱοθεσίας</span> <span class='ocrx_word' id='word_1_582' title='bbox 550 2094 704 2130; x_wconf 83' lang='grc' dir='ltr'>διενήνοχεν</span> <span class='ocrx_word' id='word_1_583' title='bbox 716 2102 724 2110; x_wconf 77' lang='grc' dir='ltr'><strong>ο</strong></span> <span class='ocrx_word' id='word_1_584' title='bbox 740 2094 770 2120; x_wconf 83' lang='grc' dir='ltr'>έν</span> <span class='ocrx_word' id='word_1_585' title='bbox 782 2103 846 2121; x_wconf 62' lang='grc' dir='ltr'>τοσυ</span> 
     </span>
    </p>
   </div>
   <div class='ocr_carea' id='block_1_76' title="bbox 55 2139 845 2177">
    <p class='ocr_par' dir='ltr' id='par_1_76' title="bbox 55 2139 845 2177">
     <span class='ocr_line' id='line_1_76' title="bbox 55 2139 845 2177; baseline -0.004 -7"><span class='ocrx_word' id='word_1_586' title='bbox 55 2142 126 2176; x_wconf 88' lang='grc' dir='ltr'>ούτῳ</span> <span class='ocrx_word' id='word_1_587' title='bbox 143 2142 237 2177; x_wconf 82' lang='grc' dir='ltr'>μέτρῳ</span> <span class='ocrx_word' id='word_1_588' title='bbox 255 2140 304 2175; x_wconf 88' lang='grc' dir='ltr'>τῆς</span> <span class='ocrx_word' id='word_1_589' title='bbox 322 2139 470 2175; x_wconf 85' lang='grc' dir='ltr'>ὑπεροχῆς,</span> <span class='ocrx_word' id='word_1_590' title='bbox 488 2139 536 2165; x_wconf 76' lang='grc' dir='ltr'>καὶ</span> <span class='ocrx_word' id='word_1_591' title='bbox 550 2140 567 2174; x_wconf 86' lang='grc' dir='ltr'>ἡ</span> <span class='ocrx_word' id='word_1_592' title='bbox 585 2139 654 2175; x_wconf 81' lang='grc' dir='ltr'>πρὸς</span> <span class='ocrx_word' id='word_1_593' title='bbox 665 2139 711 2166; x_wconf 78' lang='grc' dir='ltr'><strong>τὸν</strong></span> <span class='ocrx_word' id='word_1_594' title='bbox 725 2140 774 2166; x_wconf 70' lang='lat' dir='ltr'><strong>Eva</strong></span> <span class='ocrx_word' id='word_1_595' title='bbox 797 2140 845 2168; x_wconf 78' lang='grc' dir='ltr'>καὶ</span> 
     </span>
    </p>
   </div>
   <div class='ocr_carea' id='block_1_77' title="bbox 57 2185 844 2224">
    <p class='ocr_par' dir='ltr' id='par_1_77' title="bbox 57 2185 844 2224">
     <span class='ocr_line' id='line_1_77' title="bbox 57 2185 844 2224; baseline -0.004 -9"><span class='ocrx_word' id='word_1_596' title='bbox 57 2187 191 2224; x_wconf 82' lang='grc' dir='ltr'>μονογενῆ</span> <span class='ocrx_word' id='word_1_597' title='bbox 212 2186 259 2213; x_wconf 83' lang='grc' dir='ltr'>τοῦ</span> <span class='ocrx_word' id='word_1_598' title='bbox 283 2186 388 2221; x_wconf 82' lang='grc' dir='ltr'>Πατρὸς</span> <span class='ocrx_word' id='word_1_599' title='bbox 411 2185 471 2212; x_wconf 80' lang='grc' dir='ltr'>κατ’</span> <span class='ocrx_word' id='word_1_600' title='bbox 494 2185 589 2212; x_wconf 81' lang='grc' dir='ltr'>οὐσίαν</span> <span class='ocrx_word' id='word_1_601' title='bbox 610 2185 713 2220; x_wconf 76' lang='grc' dir='ltr'>σχέσις,</span> <span class='ocrx_word' id='word_1_602' title='bbox 736 2187 786 2221; x_wconf 81' lang='grc' dir='ltr'><strong>τῆς</strong></span> <span class='ocrx_word' id='word_1_603' title='bbox 811 2188 844 2213; x_wconf 75' lang='grc' dir='ltr'>ὲκ</span> 
     </span>
    </p>
   </div>
   <div class='ocr_carea' id='block_1_78' title="bbox 56 2231 844 2269">
    <p class='ocr_par' dir='ltr' id='par_1_78' title="bbox 56 2231 844 2269">
     <span class='ocr_line' id='line_1_78' title="bbox 56 2231 844 2269; baseline -0.004 -9"><span class='ocrx_word' id='word_1_604' title='bbox 56 2232 264 2269; x_wconf 71' lang='grc' dir='ltr'>φιλανθρωπίας</span> <span class='ocrx_word' id='word_1_605' title='bbox 272 2231 320 2259; x_wconf 73' lang='grc' dir='ltr'>καὶ</span> <span class='ocrx_word' id='word_1_606' title='bbox 331 2232 436 2263; x_wconf 81' lang='grc' dir='ltr'>οἴκτου,</span> <span class='ocrx_word' id='word_1_607' title='bbox 449 2231 517 2266; x_wconf 73' lang='grc' dir='ltr'>πρὸς</span> <span class='ocrx_word' id='word_1_608' title='bbox 531 2231 595 2263; x_wconf 78' lang='grc' dir='ltr'>τοὺς</span> <span class='ocrx_word' id='word_1_609' title='bbox 614 2231 710 2263; x_wconf 74' lang='grc' dir='ltr'>ἄλλους</span> <span class='ocrx_word' id='word_1_610' title='bbox 724 2232 844 2267; x_wconf 85' lang='grc' dir='ltr'>σχέσεως</span> 
     </span>
    </p>
   </div>
   <div class='ocr_carea' id='block_1_79' title="bbox 56 2277 844 2316">
    <p class='ocr_par' dir='ltr' id='par_1_79' title="bbox 56 2277 844 2316">
     <span class='ocr_line' id='line_1_79' title="bbox 56 2277 844 2316; baseline -0.001 -10"><span class='ocrx_word' id='word_1_611' title='bbox 56 2279 238 2316; x_wconf 79' lang='grc' dir='ltr'>ὑπερανέχει·</span> <span class='ocrx_word' id='word_1_612' title='bbox 253 2277 301 2304; x_wconf 67' lang='grc' dir='ltr'><strong>καλ¹</strong></span> <span class='ocrx_word' id='word_1_613' title='bbox 325 2277 504 2312; x_wconf 83' lang='grc' dir='ltr'>ὑπερίδρυται</span> <span class='ocrx_word' id='word_1_614' title='bbox 530 2277 606 2303; x_wconf 83' lang='grc' dir='ltr'>καὶὸ</span> <span class='ocrx_word' id='word_1_615' title='bbox 634 2278 783 2312; x_wconf 84' lang='grc' dir='ltr'>μονογενὴς</span> <span class='ocrx_word' id='word_1_616' title='bbox 804 2278 844 2311; x_wconf 86' lang='grc' dir='ltr'>δὲ,</span> 
     </span>
    </p>
   </div>
   <div class='ocr_carea' id='block_1_80' title="bbox 56 2320 846 2359">
    <p class='ocr_par' dir='ltr' id='par_1_80' title="bbox 56 2320 846 2359">
     <span class='ocr_line' id='line_1_80' title="bbox 56 2320 846 2359; baseline -0.004 -8"><span class='ocrx_word' id='word_1_617' title='bbox 56 2324 132 2359; x_wconf 79' lang='grc' dir='ltr'>δῆλον</span> <span class='ocrx_word' id='word_1_618' title='bbox 145 2324 199 2354; x_wconf 85' lang='grc' dir='ltr'>ὃτι,</span> <span class='ocrx_word' id='word_1_619' title='bbox 214 2321 269 2349; x_wconf 88' lang='grc' dir='ltr'><strong>τῶν</strong></span> <span class='ocrx_word' id='word_1_620' title='bbox 285 2321 389 2348; x_wconf 86' lang='grc' dir='ltr'>πολλῶν</span> <span class='ocrx_word' id='word_1_621' title='bbox 401 2321 478 2352; x_wconf 88' lang='grc' dir='ltr'>υίῶν,</span> <span class='ocrx_word' id='word_1_622' title='bbox 489 2320 560 2357; x_wconf 77' lang='grc' dir='ltr'>[καὶ]</span> <span class='ocrx_word' id='word_1_623' title='bbox 574 2321 621 2352; x_wconf 84' lang='grc' dir='ltr'>οὓς</span> <span class='ocrx_word' id='word_1_624' title='bbox 635 2322 651 2357; x_wconf 78' lang='grc' dir='ltr'><strong>ἡ</strong></span> <span class='ocrx_word' id='word_1_625' title='bbox 670 2323 750 2358; x_wconf 87' lang='grc' dir='ltr'>χάρις</span> <span class='ocrx_word' id='word_1_626' title='bbox 767 2323 846 2350; x_wconf 79' lang='grc' dir='ltr'>ὲκυο-</span> 
     </span>
    </p>
   </div>
   <div class='ocr_carea' id='block_1_81' title="bbox 56 2366 846 2405">
    <p class='ocr_par' dir='ltr' id='par_1_81' title="bbox 56 2366 846 2405">
     <span class='ocr_line' id='line_1_81' title="bbox 56 2366 846 2405; baseline -0.001 -9"><span class='ocrx_word' id='word_1_627' title='bbox 56 2370 170 2405; x_wconf 73' lang='grc' dir='ltr'>φόρησεο</span> <span class='ocrx_word' id='word_1_628' title='bbox 179 2368 230 2402; x_wconf 85' lang='grc' dir='ltr'>διδ,</span> <span class='ocrx_word' id='word_1_629' title='bbox 241 2366 356 2401; x_wconf 78' lang='grc' dir='ltr'>Πατέρα</span> <span class='ocrx_word' id='word_1_630' title='bbox 369 2375 440 2401; x_wconf 81' lang='grc' dir='ltr'>μου,</span> <span class='ocrx_word' id='word_1_631' title='bbox 450 2366 547 2399; x_wconf 84' lang='grc' dir='ltr'>εἰπὼν,</span> <span class='ocrx_word' id='word_1_632' title='bbox 562 2368 620 2399; x_wconf 81' lang='grc' dir='ltr'>καὶ,</span> <span class='ocrx_word' id='word_1_633' title='bbox 632 2368 662 2394; x_wconf 81' lang='grc' dir='ltr'>τὸ</span> <span class='ocrx_word' id='word_1_634' title='bbox 673 2370 785 2402; x_wconf 86' lang='grc' dir='ltr'>γνήσιον</span> <span class='ocrx_word' id='word_1_635' title='bbox 794 2369 846 2404; x_wconf 83' lang='grc' dir='ltr'>τῆς</span> 
     </span>
    </p>
   </div>
   <div class='ocr_carea' id='block_1_82' title="bbox 57 2412 845 2450">
    <p class='ocr_par' dir='ltr' id='par_1_82' title="bbox 57 2412 845 2450">
     <span class='ocr_line' id='line_1_82' title="bbox 57 2412 845 2450; baseline 0 -8"><span class='ocrx_word' id='word_1_636' title='bbox 57 2416 175 2450; x_wconf 82' lang='grc' dir='ltr'>φύσεως,</span> <span class='ocrx_word' id='word_1_637' title='bbox 191 2413 230 2449; x_wconf 83' lang='grc' dir='ltr'>τῷ</span> <span class='ocrx_word' id='word_1_638' title='bbox 243 2412 371 2445; x_wconf 76' lang='grc' dir='ltr'>ίδιάζοντι</span> <span class='ocrx_word' id='word_1_639' title='bbox 388 2412 533 2448; x_wconf 84' lang='grc' dir='ltr'>ἀφορίσας,</span> <span class='ocrx_word' id='word_1_640' title='bbox 546 2413 603 2446; x_wconf 79' lang='grc' dir='ltr'>καὶ,</span> <span class='ocrx_word' id='word_1_641' title='bbox 620 2413 735 2448; x_wconf 82' lang='grc' dir='ltr'>Πατέρα</span> <span class='ocrx_word' id='word_1_642' title='bbox 749 2414 845 2449; x_wconf 80' lang='grc' dir='ltr'>ὑμῶν,</span> 
     </span>
    </p>
   </div>
   <div class='ocr_carea' id='block_1_83' title="bbox 56 2458 844 2497">
    <p class='ocr_par' dir='ltr' id='par_1_83' title="bbox 56 2458 844 2497">
     <span class='ocr_line' id='line_1_83' title="bbox 56 2458 844 2497; baseline -0.001 -8"><span class='ocrx_word' id='word_1_643' title='bbox 56 2462 205 2497; x_wconf 76' lang='grc' dir='ltr'>ιπενήνοχε</span> <span class='ocrx_word' id='word_1_644' title='bbox 216 2480 224 2493; x_wconf 91' lang='grc'><strong>,</strong></span> <span class='ocrx_word' id='word_1_645' title='bbox 237 2460 287 2494; x_wconf 83' lang='grc' dir='ltr'>τὴν</span> <span class='ocrx_word' id='word_1_646' title='bbox 312 2461 344 2486; x_wconf 84' lang='grc' dir='ltr'>ὲκ</span> <span class='ocrx_word' id='word_1_647' title='bbox 361 2459 518 2494; x_wconf 85' lang='grc' dir='ltr'>φιλοτιμίας</span> <span class='ocrx_word' id='word_1_648' title='bbox 534 2458 609 2486; x_wconf 87' lang='grc' dir='ltr'>θέσιν</span> <span class='ocrx_word' id='word_1_649' title='bbox 623 2461 671 2486; x_wconf 82' lang='grc' dir='ltr'>καὶ</span> <span class='ocrx_word' id='word_1_650' title='bbox 692 2460 844 2497; x_wconf 84' lang='grc' dir='ltr'>εἰσποίησιν</span> 
     </span>
    </p>
   </div>
   <div class='ocr_carea' id='block_1_84' title="bbox 55 2504 845 2540">
    <p class='ocr_par' dir='ltr' id='par_1_84' title="bbox 55 2504 845 2540">
     <span class='ocr_line' id='line_1_84' title="bbox 55 2504 845 2540; baseline -0.001 -5"><span class='ocrx_word' id='word_1_651' title='bbox 55 2508 108 2535; x_wconf 85' lang='grc' dir='ltr'><strong>τῶν</strong></span> <span class='ocrx_word' id='word_1_652' title='bbox 144 2506 302 2535; x_wconf 77' lang='grc' dir='ltr'>ἀποστόλων</span> <span class='ocrx_word' id='word_1_653' title='bbox 332 2504 599 2540; x_wconf 78' lang='grc' dir='ltr'>παραστησάμενος’</span> <span class='ocrx_word' id='word_1_654' title='bbox 626 2505 741 2538; x_wconf 79' lang='grc' dir='ltr'>καὶτὸ,</span> <span class='ocrx_word' id='word_1_655' title='bbox 770 2507 845 2534; x_wconf 80' lang='grc' dir='ltr'>Θεόν</span> 
     </span>
    </p>
   </div>
   <div class='ocr_carea' id='block_1_85' title="bbox 54 2550 846 2588">
    <p class='ocr_par' dir='ltr' id='par_1_85' title="bbox 54 2550 846 2588">
     <span class='ocr_line' id='line_1_85' title="bbox 54 2550 846 2588; baseline 0 -8"><span class='ocrx_word' id='word_1_656' title='bbox 54 2562 112 2588; x_wconf 84' lang='grc' dir='ltr'>μου</span> <span class='ocrx_word' id='word_1_657' title='bbox 123 2574 131 2587; x_wconf 86' lang='lat'><strong>,</strong></span> <span class='ocrx_word' id='word_1_658' title='bbox 146 2553 176 2580; x_wconf 80' lang='grc' dir='ltr'>δὲ</span> <span class='ocrx_word' id='word_1_659' title='bbox 198 2553 247 2580; x_wconf 80' lang='grc' dir='ltr'>καὶ</span> <span class='ocrx_word' id='word_1_660' title='bbox 258 2572 266 2584; x_wconf 92' lang='grc'><strong>,</strong></span> <span class='ocrx_word' id='word_1_661' title='bbox 293 2552 367 2579; x_wconf 80' lang='grc' dir='ltr'><strong>Θεὸν</strong></span> <span class='ocrx_word' id='word_1_662' title='bbox 382 2550 477 2586; x_wconf 81' lang='grc' dir='ltr'>ὑμῶν,</span> <span class='ocrx_word' id='word_1_663' title='bbox 495 2551 563 2587; x_wconf 79' lang='grc' dir='ltr'>πρὸς</span> <span class='ocrx_word' id='word_1_664' title='bbox 580 2550 630 2587; x_wconf 81' lang='grc' dir='ltr'>τὴν</span> <span class='ocrx_word' id='word_1_665' title='bbox 646 2551 731 2587; x_wconf 85' lang='grc' dir='ltr'>αὐτὴν</span> <span class='ocrx_word' id='word_1_666' title='bbox 750 2552 846 2587; x_wconf 81' lang='grc' dir='ltr'>βλέπει</span> 
     </span>
    </p>
   </div>
   <div class='ocr_carea' id='block_1_86' title="bbox 56 2595 843 2633">
    <p class='ocr_par' dir='ltr' id='par_1_86' title="bbox 56 2595 843 2633">
     <span class='ocr_line' id='line_1_86' title="bbox 56 2595 843 2633; baseline -0.003 -6"><span class='ocrx_word' id='word_1_667' title='bbox 56 2600 187 2631; x_wconf 81' lang='grc' dir='ltr'>διάνοιαν,</span> <span class='ocrx_word' id='word_1_668' title='bbox 200 2599 249 2625; x_wconf 83' lang='grc' dir='ltr'>καὶ</span> <span class='ocrx_word' id='word_1_669' title='bbox 267 2598 317 2633; x_wconf 81' lang='grc' dir='ltr'>τῆς</span> <span class='ocrx_word' id='word_1_670' title='bbox 335 2597 418 2632; x_wconf 83' lang='grc' dir='ltr'>αὐτῆς</span> <span class='ocrx_word' id='word_1_671' title='bbox 437 2595 552 2632; x_wconf 78' lang='grc' dir='ltr'>γνώμης</span> <span class='ocrx_word' id='word_1_672' title='bbox 572 2597 672 2632; x_wconf 76' lang='grc' dir='ltr'>ᾕρηται</span> <span class='ocrx_word' id='word_1_673' title='bbox 689 2603 712 2623; x_wconf 77' lang='grc' dir='ltr'>ν.</span> <span class='ocrx_word' id='word_1_674' title='bbox 728 2597 777 2624; x_wconf 82' lang='grc' dir='ltr'><strong>Διὰ</strong></span> <span class='ocrx_word' id='word_1_675' title='bbox 793 2599 843 2633; x_wconf 79' lang='grc' dir='ltr'><strong>μὲν</strong></span> 
     </span>
    </p>
   </div>
   <div class='ocr_carea' id='block_1_87' title="bbox 56 2641 844 2681">
    <p class='ocr_par' dir='ltr' id='par_1_87' title="bbox 56 2641 844 2681">
     <span class='ocr_line' id='line_1_87' title="bbox 56 2641 844 2681; baseline -0.003 -9"><span class='ocrx_word' id='word_1_676' title='bbox 56 2646 109 2681; x_wconf 89' lang='grc' dir='ltr'><strong>γὰρ</strong></span> <span class='ocrx_word' id='word_1_677' title='bbox 118 2645 179 2678; x_wconf 86' lang='grc' dir='ltr'>τοῦ,</span> <span class='ocrx_word' id='word_1_678' title='bbox 190 2644 266 2671; x_wconf 81' lang='grc' dir='ltr'>Θεόν</span> <span class='ocrx_word' id='word_1_679' title='bbox 279 2652 349 2678; x_wconf 83' lang='grc' dir='ltr'>μου,</span> <span class='ocrx_word' id='word_1_680' title='bbox 360 2642 390 2669; x_wconf 83' lang='grc' dir='ltr'>τὸ</span> <span class='ocrx_word' id='word_1_681' title='bbox 399 2641 528 2676; x_wconf 83' lang='grc' dir='ltr'>συγγενὲς</span> <span class='ocrx_word' id='word_1_682' title='bbox 543 2641 590 2668; x_wconf 81' lang='grc' dir='ltr'>τοῦ</span> <span class='ocrx_word' id='word_1_683' title='bbox 604 2642 664 2674; x_wconf 78' lang='grc' dir='ltr'>ἑνὸς</span> <span class='ocrx_word' id='word_1_684' title='bbox 685 2643 732 2670; x_wconf 79' lang='grc' dir='ltr'>καὶ</span> <span class='ocrx_word' id='word_1_685' title='bbox 744 2644 844 2671; x_wconf 84' lang='grc' dir='ltr'>οίκεῖον</span> 
     </span>
    </p>
   </div>
   <div class='ocr_carea' id='block_1_88' title="bbox 57 2687 842 2728">
    <p class='ocr_par' dir='ltr' id='par_1_88' title="bbox 57 2687 842 2728">
     <span class='ocr_line' id='line_1_88' title="bbox 57 2687 842 2728; baseline -0.003 -10"><span class='ocrx_word' id='word_1_686' title='bbox 57 2689 330 2728; x_wconf 79' lang='grc' dir='ltr'>περιλαμϐανόμενον</span> <span class='ocrx_word' id='word_1_687' title='bbox 362 2687 581 2724; x_wconf 78' lang='grc' dir='ltr'>ἀνακηρύττεται</span> <span class='ocrx_word' id='word_1_688' title='bbox 597 2696 604 2703; x_wconf 91' lang='grc'><strong>·</strong></span> <span class='ocrx_word' id='word_1_689' title='bbox 637 2688 681 2715; x_wconf 83' lang='grc' dir='ltr'>διὰ</span> <span class='ocrx_word' id='word_1_690' title='bbox 708 2688 738 2716; x_wconf 79' lang='grc' dir='ltr'>δὲ</span> <span class='ocrx_word' id='word_1_691' title='bbox 770 2689 818 2716; x_wconf 81' lang='grc' dir='ltr'>τοῦ</span> <span class='ocrx_word' id='word_1_692' title='bbox 833 2711 842 2723; x_wconf 87' lang='grc'><strong>,</strong></span> 
     </span>
    </p>
   </div>
   <div class='ocr_carea' id='block_1_89' title="bbox 899 1587 1692 1623">
    <p class='ocr_par' dir='ltr' id='par_1_89' title="bbox 899 1587 1692 1623">
     <span class='ocr_line' id='line_1_89' title="bbox 899 1587 1692 1623; baseline 0.008 -10"><span class='ocrx_word' id='word_1_693' title='bbox 899 1587 1017 1618; x_wconf 81' lang='lat' dir='ltr'><strong>volebat,</strong></span> <span class='ocrx_word' id='word_1_694' title='bbox 1034 1595 1084 1614; x_wconf 90' lang='lat' dir='ltr'><strong>nec</strong></span> <span class='ocrx_word' id='word_1_695' title='bbox 1097 1588 1248 1623; x_wconf 85' lang='lat' dir='ltr'><strong>quidquam</strong></span> <span class='ocrx_word' id='word_1_696' title='bbox 1268 1589 1361 1616; x_wconf 86' lang='lat' dir='ltr'><strong>animo</strong></span> <span class='ocrx_word' id='word_1_697' title='bbox 1384 1589 1572 1618; x_wconf 84' lang='lat' dir='ltr'><strong>molestiarum</strong></span> <span class='ocrx_word' id='word_1_698' title='bbox 1590 1591 1692 1618; x_wconf 80' lang='lat' dir='ltr'><strong>admit—</strong></span> 
     </span>
    </p>
   </div>
   <div class='ocr_carea' id='block_1_90' title="bbox 899 1634 1690 1672">
    <p class='ocr_par' dir='ltr' id='par_1_90' title="bbox 899 1634 1690 1672">
     <span class='ocr_line' id='line_1_90' title="bbox 899 1634 1690 1672; baseline 0.006 -11"><span class='ocrx_word' id='word_1_699' title='bbox 899 1638 968 1662; x_wconf 83' lang='lat' dir='ltr'><strong>tere.</strong></span> <span class='ocrx_word' id='word_1_700' title='bbox 986 1634 1038 1667; x_wconf 75' lang='grc' dir='ltr'><strong>ριιί</strong></span> <span class='ocrx_word' id='word_1_701' title='bbox 1055 1634 1128 1662; x_wconf 88' lang='lat' dir='ltr'><strong>enim</strong></span> <span class='ocrx_word' id='word_1_702' title='bbox 1145 1634 1262 1663; x_wconf 80' lang='lat' dir='ltr'><strong>fratrum</strong></span> <span class='ocrx_word' id='word_1_703' title='bbox 1278 1636 1371 1664; x_wconf 85' lang='lat' dir='ltr'><strong>titulos</strong></span> <span class='ocrx_word' id='word_1_704' title='bbox 1387 1637 1531 1672; x_wconf 84' lang='lat' dir='ltr'><strong>discipulis</strong></span> <span class='ocrx_word' id='word_1_705' title='bbox 1555 1638 1690 1670; x_wconf 81' lang='lat' dir='ltr'><strong>attribuit.</strong></span> 
     </span>
    </p>
   </div>
   <div class='ocr_carea' id='block_1_91' title="bbox 898 1679 1689 1718">
    <p class='ocr_par' dir='ltr' id='par_1_91' title="bbox 898 1679 1689 1718">
     <span class='ocr_line' id='line_1_91' title="bbox 898 1679 1689 1718; baseline 0.006 -12"><span class='ocrx_word' id='word_1_706' title='bbox 898 1683 926 1706; x_wconf 92' lang='lat' dir='ltr'><strong>et</strong></span> <span class='ocrx_word' id='word_1_707' title='bbox 940 1679 967 1706; x_wconf 93' lang='lat' dir='ltr'><strong>in</strong></span> <span class='ocrx_word' id='word_1_708' title='bbox 983 1680 1079 1710; x_wconf 79' lang='lat' dir='ltr'><strong>eodem</strong></span> <span class='ocrx_word' id='word_1_709' title='bbox 1096 1687 1214 1708; x_wconf 89' lang='lat' dir='ltr'><strong>numero</strong></span> <span class='ocrx_word' id='word_1_710' title='bbox 1227 1688 1290 1708; x_wconf 88' lang='lat' dir='ltr'><strong>cum</strong></span> <span class='ocrx_word' id='word_1_711' title='bbox 1306 1681 1360 1709; x_wconf 87' lang='lat' dir='ltr'><strong>illis</strong></span> <span class='ocrx_word' id='word_1_712' title='bbox 1383 1689 1413 1709; x_wconf 82' lang='lat' dir='ltr'><strong>se</strong></span> <span class='ocrx_word' id='word_1_713' title='bbox 1429 1682 1534 1714; x_wconf 79' lang='lat' dir='ltr'><strong>habuit.</strong></span> <span class='ocrx_word' id='word_1_714' title='bbox 1558 1685 1616 1718; x_wconf 82' lang='lat' dir='ltr'><strong>pari</strong></span> <span class='ocrx_word' id='word_1_715' title='bbox 1642 1684 1689 1711; x_wconf 83' lang='lat' dir='ltr'><strong>ho-</strong></span> 
     </span>
    </p>
   </div>
   <div class='ocr_carea' id='block_1_92' title="bbox 898 1724 1691 1760">
    <p class='ocr_par' dir='ltr' id='par_1_92' title="bbox 898 1724 1691 1760">
     <span class='ocr_line' id='line_1_92' title="bbox 898 1724 1691 1760; baseline 0.006 -9"><span class='ocrx_word' id='word_1_716' title='bbox 898 1730 965 1751; x_wconf 89' lang='lat' dir='ltr'><strong>nore</strong></span> <span class='ocrx_word' id='word_1_717' title='bbox 993 1724 1132 1760; x_wconf 81' lang='lat' dir='ltr'><strong>dignatus,</strong></span> <span class='ocrx_word' id='word_1_718' title='bbox 1162 1729 1236 1752; x_wconf 86' lang='lat' dir='ltr'><strong>certe</strong></span> <span class='ocrx_word' id='word_1_719' title='bbox 1266 1733 1376 1753; x_wconf 90' lang='lat' dir='ltr'><strong>omnem</strong></span> <span class='ocrx_word' id='word_1_720' title='bbox 1402 1726 1437 1754; x_wconf 84' lang='lat' dir='ltr'><strong>ab</strong></span> <span class='ocrx_word' id='word_1_721' title='bbox 1453 1735 1484 1754; x_wconf 88' lang='lat' dir='ltr'><strong>ea</strong></span> <span class='ocrx_word' id='word_1_722' title='bbox 1501 1728 1642 1756; x_wconf 73' lang='lat' dir='ltr'><strong>tristitiam</strong></span> <span class='ocrx_word' id='word_1_723' title='bbox 1663 1735 1691 1757; x_wconf 86' lang='lat' dir='ltr'><strong>et</strong></span> 
     </span>
    </p>
   </div>
   <div class='ocr_carea' id='block_1_93' title="bbox 898 1769 1692 1809">
    <p class='ocr_par' dir='ltr' id='par_1_93' title="bbox 898 1769 1692 1809">
     <span class='ocr_line' id='line_1_93' title="bbox 898 1769 1692 1809; baseline 0.008 -13"><span class='ocrx_word' id='word_1_724' title='bbox 898 1769 1067 1804; x_wconf 81' lang='lat' dir='ltr'><strong>suspicionis</strong></span> <span class='ocrx_word' id='word_1_725' title='bbox 1081 1771 1230 1798; x_wconf 92' lang='lat' dir='ltr'><strong>tumultum</strong></span> <span class='ocrx_word' id='word_1_726' title='bbox 1243 1773 1357 1799; x_wconf 80' lang='lat' dir='ltr'><strong>exemit.</strong></span> <span class='ocrx_word' id='word_1_727' title='bbox 1371 1771 1613 1808; x_wconf 72' lang='lat' dir='ltr'><strong>Valiiequinetiam</strong></span> <span class='ocrx_word' id='word_1_728' title='bbox 1626 1782 1692 1809; x_wconf 84' lang='lat' dir='ltr'><strong>pru-</strong></span> 
     </span>
    </p>
   </div>
   <div class='ocr_carea' id='block_1_94' title="bbox 897 1814 1687 1852">
    <p class='ocr_par' dir='ltr' id='par_1_94' title="bbox 897 1814 1687 1852">
     <span class='ocr_line' id='line_1_94' title="bbox 897 1814 1687 1852; baseline 0.006 -11"><span class='ocrx_word' id='word_1_729' title='bbox 897 1815 992 1842; x_wconf 81' lang='lat' dir='ltr'><strong>denter</strong></span> <span class='ocrx_word' id='word_1_730' title='bbox 1005 1819 1032 1842; x_wconf 88' lang='lat' dir='ltr'><strong>et</strong></span> <span class='ocrx_word' id='word_1_731' title='bbox 1049 1814 1144 1843; x_wconf 88' lang='lat' dir='ltr'><strong>divino</strong></span> <span class='ocrx_word' id='word_1_732' title='bbox 1170 1823 1254 1848; x_wconf 79' lang='lat' dir='ltr'><strong>more,</strong></span> <span class='ocrx_word' id='word_1_733' title='bbox 1277 1816 1334 1849; x_wconf 89' lang='lat' dir='ltr'><strong>illa,</strong></span> <span class='ocrx_word' id='word_1_734' title='bbox 1355 1825 1364 1842; x_wconf 79' lang='grc' dir='ltr'><strong>ι</strong></span> <span class='ocrx_word' id='word_1_735' title='bbox 1389 1817 1429 1844; x_wconf 80' lang='lat' dir='ltr'><strong>Ad</strong></span> <span class='ocrx_word' id='word_1_736' title='bbox 1451 1816 1560 1845; x_wconf 82' lang='lat' dir='ltr'><strong>Patrem</strong></span> <span class='ocrx_word' id='word_1_737' title='bbox 1582 1826 1687 1852; x_wconf 85' lang='lat' dir='ltr'><strong>meum,</strong></span> 
     </span>
    </p>
   </div>
   <div class='ocr_carea' id='block_1_95' title="bbox 897 1859 1689 1898">
    <p class='ocr_par' dir='ltr' id='par_1_95' title="bbox 897 1859 1689 1898">
     <span class='ocr_line' id='line_1_95' title="bbox 897 1859 1689 1898; baseline 0.005 -10"><span class='ocrx_word' id='word_1_738' title='bbox 897 1864 925 1888; x_wconf 90' lang='lat' dir='ltr'><strong>et</strong></span> <span class='ocrx_word' id='word_1_739' title='bbox 953 1859 1060 1888; x_wconf 85' lang='lat' dir='ltr'><strong>Patrem</strong></span> <span class='ocrx_word' id='word_1_740' title='bbox 1088 1865 1220 1894; x_wconf 83' lang='lat' dir='ltr'><strong>vestrum,</strong></span> <span class='ocrx_word' id='word_1_741' title='bbox 1239 1870 1249 1888; x_wconf 85' lang='grc'><strong>›</strong></span> <span class='ocrx_word' id='word_1_742' title='bbox 1267 1869 1315 1897; x_wconf 87' lang='lat' dir='ltr'><strong>per</strong></span> <span class='ocrx_word' id='word_1_743' title='bbox 1328 1862 1543 1898; x_wconf 77' lang='lat' dir='ltr'><strong>discrepantiam</strong></span> <span class='ocrx_word' id='word_1_744' title='bbox 1567 1863 1689 1892; x_wconf 73' lang='lat' dir='ltr'><strong>ederun-</strong></span> 
     </span>
    </p>
   </div>
   <div class='ocr_carea' id='block_1_96' title="bbox 897 1909 1688 1948">
    <p class='ocr_par' dir='ltr' id='par_1_96' title="bbox 897 1909 1688 1948">
     <span class='ocr_line' id='line_1_96' title="bbox 897 1909 1688 1948; baseline 0.008 -12"><span class='ocrx_word' id='word_1_745' title='bbox 897 1913 953 1942; x_wconf 88' lang='lat' dir='ltr'><strong>tur,</strong></span> <span class='ocrx_word' id='word_1_746' title='bbox 978 1914 1006 1937; x_wconf 85' lang='lat' dir='ltr'><strong>et</strong></span> <span class='ocrx_word' id='word_1_747' title='bbox 1023 1909 1205 1944; x_wconf 77' lang='lat' dir='ltr'><strong>distantiam;</strong></span> <span class='ocrx_word' id='word_1_748' title='bbox 1225 1911 1291 1938; x_wconf 89' lang='lat' dir='ltr'><strong>dum</strong></span> <span class='ocrx_word' id='word_1_749' title='bbox 1316 1912 1483 1948; x_wconf 85' lang='lat' dir='ltr'><strong>syllabarum</strong></span> <span class='ocrx_word' id='word_1_750' title='bbox 1500 1914 1688 1948; x_wconf 82' lang='lat' dir='ltr'><strong>copulatione,</strong></span> 
     </span>
    </p>
   </div>
   <div class='ocr_carea' id='block_1_97' title="bbox 897 1956 1688 1988">
    <p class='ocr_par' dir='ltr' id='par_1_97' title="bbox 897 1956 1688 1988">
     <span class='ocr_line' id='line_1_97' title="bbox 897 1956 1688 1988; baseline 0.008 -6"><span class='ocrx_word' id='word_1_751' title='bbox 897 1963 989 1983; x_wconf 90' lang='lat' dir='ltr'><strong>rerum</strong></span> <span class='ocrx_word' id='word_1_752' title='bbox 1009 1956 1156 1984; x_wconf 82' lang='lat' dir='ltr'><strong>diversitas</strong></span> <span class='ocrx_word' id='word_1_753' title='bbox 1172 1962 1200 1984; x_wconf 88' lang='lat' dir='ltr'><strong>ct</strong></span> <span class='ocrx_word' id='word_1_754' title='bbox 1228 1957 1367 1986; x_wconf 87' lang='lat' dir='ltr'><strong>altereitas</strong></span> <span class='ocrx_word' id='word_1_755' title='bbox 1381 1959 1503 1987; x_wconf 76' lang='lat' dir='ltr'><strong>en‘ertur.</strong></span> <span class='ocrx_word' id='word_1_756' title='bbox 1519 1959 1603 1988; x_wconf 78' lang='lat' dir='ltr'><strong>Plane</strong></span> <span class='ocrx_word' id='word_1_757' title='bbox 1614 1962 1688 1988; x_wconf 87' lang='lat' dir='ltr'><strong>enim</strong></span> 
     </span>
    </p>
   </div>
   <div class='ocr_carea' id='block_1_98' title="bbox 896 1998 1688 2041">
    <p class='ocr_par' dir='ltr' id='par_1_98' title="bbox 896 1998 1688 2041">
     <span class='ocr_line' id='line_1_98' title="bbox 896 1998 1688 2041; baseline 0.006 -13"><span class='ocrx_word' id='word_1_758' title='bbox 896 2009 946 2037; x_wconf 88' lang='lat' dir='ltr'><strong>per</strong></span> <span class='ocrx_word' id='word_1_759' title='bbox 956 1998 988 2029; x_wconf 71' lang='lat' dir='ltr'><strong>&#39;id</strong></span> <span class='ocrx_word' id='word_1_760' title='bbox 1005 2002 1078 2037; x_wconf 85' lang='lat' dir='ltr'><strong>quod</strong></span> <span class='ocrx_word' id='word_1_761' title='bbox 1095 2003 1236 2037; x_wconf 89' lang='lat' dir='ltr'><strong>proprium</strong></span> <span class='ocrx_word' id='word_1_762' title='bbox 1261 2009 1314 2035; x_wconf 90' lang='lat' dir='ltr'><strong>est,</strong></span> <span class='ocrx_word' id='word_1_763' title='bbox 1332 2009 1458 2032; x_wconf 87' lang='lat' dir='ltr'><strong>naturam</strong></span> <span class='ocrx_word' id='word_1_764' title='bbox 1475 2005 1594 2033; x_wconf 84' lang='lat' dir='ltr'><strong>ostendit</strong></span> <span class='ocrx_word' id='word_1_765' title='bbox 1610 2015 1617 2033; x_wconf 88' lang='lat'><strong>:</strong></span> <span class='ocrx_word' id='word_1_766' title='bbox 1640 2014 1688 2041; x_wconf 89' lang='lat' dir='ltr'><strong>per</strong></span> 
     </span>
    </p>
   </div>
   <div class='ocr_carea' id='block_1_99' title="bbox 896 2048 1686 2086">
    <p class='ocr_par' dir='ltr' id='par_1_99' title="bbox 896 2048 1686 2086">
     <span class='ocr_line' id='line_1_99' title="bbox 896 2048 1686 2086; baseline 0.005 -11"><span class='ocrx_word' id='word_1_767' title='bbox 896 2048 922 2076; x_wconf 90' lang='lat' dir='ltr'><strong>id</strong></span> <span class='ocrx_word' id='word_1_768' title='bbox 938 2048 1011 2084; x_wconf 91' lang='lat' dir='ltr'><strong>quod</strong></span> <span class='ocrx_word' id='word_1_769' title='bbox 1038 2056 1195 2080; x_wconf 89' lang='lat' dir='ltr'><strong>commune,</strong></span> <span class='ocrx_word' id='word_1_770' title='bbox 1216 2049 1337 2076; x_wconf 84' lang='lat' dir='ltr'><strong>declarat</strong></span> <span class='ocrx_word' id='word_1_771' title='bbox 1363 2050 1493 2084; x_wconf 76' lang='lat' dir='ltr'><strong>gratiam.</strong></span> <span class='ocrx_word' id='word_1_772' title='bbox 1510 2052 1538 2078; x_wconf 91' lang='lat' dir='ltr'><strong>In</strong></span> <span class='ocrx_word' id='word_1_773' title='bbox 1553 2058 1686 2086; x_wconf 90' lang='lat' dir='ltr'><strong>quantum</strong></span> 
     </span>
    </p>
   </div>
   <div class='ocr_carea' id='block_1_100' title="bbox 895 2095 1688 2132">
    <p class='ocr_par' dir='ltr' id='par_1_100' title="bbox 895 2095 1688 2132">
     <span class='ocr_line' id='line_1_100' title="bbox 895 2095 1688 2132; baseline 0.005 -10"><span class='ocrx_word' id='word_1_774' title='bbox 895 2100 992 2122; x_wconf 88' lang='lat' dir='ltr'><strong>natura</strong></span> <span class='ocrx_word' id='word_1_775' title='bbox 1019 2095 1175 2130; x_wconf 85' lang='lat' dir='ltr'><strong>disparatur</strong></span> <span class='ocrx_word' id='word_1_776' title='bbox 1203 2102 1217 2122; x_wconf 89' lang='lat' dir='ltr'><strong>a</strong></span> <span class='ocrx_word' id='word_1_777' title='bbox 1246 2096 1345 2131; x_wconf 87' lang='lat' dir='ltr'><strong>gratia,</strong></span> <span class='ocrx_word' id='word_1_778' title='bbox 1368 2096 1394 2123; x_wconf 92' lang='lat' dir='ltr'><strong>in</strong></span> <span class='ocrx_word' id='word_1_779' title='bbox 1410 2101 1516 2124; x_wconf 89' lang='lat' dir='ltr'><strong>tantum</strong></span> <span class='ocrx_word' id='word_1_780' title='bbox 1535 2105 1583 2132; x_wconf 90' lang='lat' dir='ltr'><strong>per</strong></span> <span class='ocrx_word' id='word_1_781' title='bbox 1597 2099 1688 2126; x_wconf 75' lang='lat' dir='ltr'><strong>excel-</strong></span> 
     </span>
    </p>
   </div>
   <div class='ocr_carea' id='block_1_101' title="bbox 895 2141 1686 2177">
    <p class='ocr_par' dir='ltr' id='par_1_101' title="bbox 895 2141 1686 2177">
     <span class='ocr_line' id='line_1_101' title="bbox 895 2141 1686 2177; baseline 0.006 -9"><span class='ocrx_word' id='word_1_782' title='bbox 895 2141 986 2169; x_wconf 68' lang='lat' dir='ltr'><strong>lentiae</strong></span> <span class='ocrx_word' id='word_1_783' title='bbox 1002 2143 1122 2174; x_wconf 86' lang='lat' dir='ltr'><strong>modum,</strong></span> <span class='ocrx_word' id='word_1_784' title='bbox 1145 2141 1407 2175; x_wconf 83' lang='lat' dir='ltr'><strong>Patris,secundum</strong></span> <span class='ocrx_word' id='word_1_785' title='bbox 1425 2145 1585 2177; x_wconf 78' lang='lat' dir='ltr'><strong>essentiam.</strong></span> <span class='ocrx_word' id='word_1_786' title='bbox 1606 2146 1686 2173; x_wconf 85' lang='lat' dir='ltr'><strong>habi-</strong></span> 
     </span>
    </p>
   </div>
   <div class='ocr_carea' id='block_1_102' title="bbox 896 2187 1685 2223">
    <p class='ocr_par' dir='ltr' id='par_1_102' title="bbox 896 2187 1685 2223">
     <span class='ocr_line' id='line_1_102' title="bbox 896 2187 1685 2223; baseline 0.005 -8"><span class='ocrx_word' id='word_1_787' title='bbox 896 2187 972 2220; x_wconf 85' lang='lat' dir='ltr'><strong>tudo,</strong></span> <span class='ocrx_word' id='word_1_788' title='bbox 988 2188 1022 2215; x_wconf 89' lang='lat' dir='ltr'><strong>ad</strong></span> <span class='ocrx_word' id='word_1_789' title='bbox 1038 2188 1149 2216; x_wconf 88' lang='lat' dir='ltr'><strong>unicum</strong></span> <span class='ocrx_word' id='word_1_790' title='bbox 1168 2193 1194 2215; x_wconf 89' lang='lat' dir='ltr'><strong>et</strong></span> <span class='ocrx_word' id='word_1_791' title='bbox 1212 2189 1382 2223; x_wconf 87' lang='lat' dir='ltr'><strong>unigenitum</strong></span> <span class='ocrx_word' id='word_1_792' title='bbox 1400 2188 1510 2222; x_wconf 76' lang='lat' dir='ltr'><strong>Filium.</strong></span> <span class='ocrx_word' id='word_1_793' title='bbox 1543 2196 1685 2220; x_wconf 83' lang='lat' dir='ltr'><strong>transcen-</strong></span> 
     </span>
    </p>
   </div>
   <div class='ocr_carea' id='block_1_103' title="bbox 860 2222 1682 2270">
    <p class='ocr_par' dir='ltr' id='par_1_103' title="bbox 860 2222 1682 2270">
     <span class='ocr_line' id='line_1_103' title="bbox 860 2222 1682 2270; baseline 0.006 -10"><span class='ocrx_word' id='word_1_794' title='bbox 860 2222 882 2249; x_wconf 71' lang='grc' dir='ltr'><strong>θ</strong></span> <span class='ocrx_word' id='word_1_795' title='bbox 893 2235 933 2261; x_wconf 90' lang='lat' dir='ltr'><strong>dit</strong></span> <span class='ocrx_word' id='word_1_796' title='bbox 951 2234 1072 2261; x_wconf 84' lang='lat' dir='ltr'><strong>habitum</strong></span> <span class='ocrx_word' id='word_1_797' title='bbox 1085 2242 1148 2270; x_wconf 84' lang='lat' dir='ltr'><strong>erga</strong></span> <span class='ocrx_word' id='word_1_798' title='bbox 1165 2234 1234 2262; x_wconf 88' lang='lat' dir='ltr'><strong>alios</strong></span> <span class='ocrx_word' id='word_1_799' title='bbox 1249 2234 1398 2266; x_wconf 84' lang='lat' dir='ltr'><strong>ﬁliatiunis.</strong></span> <span class='ocrx_word' id='word_1_800' title='bbox 1414 2243 1475 2270; x_wconf 76' lang='lat' dir='ltr'><strong>quae</strong></span> <span class='ocrx_word' id='word_1_801' title='bbox 1491 2237 1526 2264; x_wconf 91' lang='lat' dir='ltr'><strong>ab</strong></span> <span class='ocrx_word' id='word_1_802' title='bbox 1539 2237 1682 2266; x_wconf 87' lang='lat' dir='ltr'><strong>hominum</strong></span> 
     </span>
    </p>
   </div>
   <div class='ocr_carea' id='block_1_104' title="bbox 893 2281 1683 2318">
    <p class='ocr_par' dir='ltr' id='par_1_104' title="bbox 893 2281 1683 2318">
     <span class='ocr_line' id='line_1_104' title="bbox 893 2281 1683 2318; baseline 0.004 -10"><span class='ocrx_word' id='word_1_803' title='bbox 893 2288 987 2308; x_wconf 90' lang='lat' dir='ltr'><strong>amore</strong></span> <span class='ocrx_word' id='word_1_804' title='bbox 1001 2286 1027 2308; x_wconf 91' lang='lat' dir='ltr'><strong>et</strong></span> <span class='ocrx_word' id='word_1_805' title='bbox 1043 2281 1218 2308; x_wconf 77' lang='lat' dir='ltr'><strong>miseratione</strong></span> <span class='ocrx_word' id='word_1_806' title='bbox 1243 2281 1331 2308; x_wconf 87' lang='lat' dir='ltr'><strong>oritur</strong></span> <span class='ocrx_word' id='word_1_807' title='bbox 1347 2289 1354 2308; x_wconf 90' lang='lat'>:</span> <span class='ocrx_word' id='word_1_808' title='bbox 1378 2282 1524 2314; x_wconf 79' lang='lat' dir='ltr'><strong>exaltatur,</strong></span> <span class='ocrx_word' id='word_1_809' title='bbox 1545 2284 1618 2318; x_wconf 85' lang='lat' dir='ltr'><strong>quod</strong></span> <span class='ocrx_word' id='word_1_810' title='bbox 1633 2291 1683 2318; x_wconf 83' lang='lat' dir='ltr'><strong>ap-</strong></span> 
     </span>
    </p>
   </div>
   <div class='ocr_carea' id='block_1_105' title="bbox 894 2327 1683 2365">
    <p class='ocr_par' dir='ltr' id='par_1_105' title="bbox 894 2327 1683 2365">
     <span class='ocr_line' id='line_1_105' title="bbox 894 2327 1683 2365; baseline 0.006 -12"><span class='ocrx_word' id='word_1_811' title='bbox 894 2331 978 2362; x_wconf 84' lang='lat' dir='ltr'><strong>paret,</strong></span> <span class='ocrx_word' id='word_1_812' title='bbox 997 2327 1155 2361; x_wconf 79' lang='lat' dir='ltr'><strong>unigenitus</strong></span> <span class='ocrx_word' id='word_1_813' title='bbox 1170 2334 1252 2362; x_wconf 86' lang='lat' dir='ltr'><strong>super</strong></span> <span class='ocrx_word' id='word_1_814' title='bbox 1267 2327 1370 2355; x_wconf 89' lang='lat' dir='ltr'><strong>multos</strong></span> <span class='ocrx_word' id='word_1_815' title='bbox 1396 2328 1468 2356; x_wconf 88' lang='lat' dir='ltr'><strong>ﬁlios</strong></span> <span class='ocrx_word' id='word_1_816' title='bbox 1488 2337 1558 2364; x_wconf 85' lang='lat' dir='ltr'><strong>quos</strong></span> <span class='ocrx_word' id='word_1_817' title='bbox 1577 2331 1683 2365; x_wconf 85' lang='lat' dir='ltr'><strong>peperit</strong></span> 
     </span>
    </p>
   </div>
   <div class='ocr_carea' id='block_1_106' title="bbox 892 2374 1680 2410">
    <p class='ocr_par' dir='ltr' id='par_1_106' title="bbox 892 2374 1680 2410">
     <span class='ocr_line' id='line_1_106' title="bbox 892 2374 1680 2410; baseline 0.003 -8"><span class='ocrx_word' id='word_1_818' title='bbox 892 2378 919 2402; x_wconf 88' lang='lat' dir='ltr'><strong>et</strong></span> <span class='ocrx_word' id='word_1_819' title='bbox 933 2374 1078 2409; x_wconf 90' lang='lat' dir='ltr'><strong>parturivit</strong></span> <span class='ocrx_word' id='word_1_820' title='bbox 1091 2375 1199 2409; x_wconf 84' lang='lat' dir='ltr'><strong>gratia;</strong></span> <span class='ocrx_word' id='word_1_821' title='bbox 1226 2374 1335 2402; x_wconf 75' lang='lat' dir='ltr'><strong>Patrem</strong></span> <span class='ocrx_word' id='word_1_822' title='bbox 1350 2383 1435 2402; x_wconf 80' lang='lat' dir='ltr'><strong>meum</strong></span> <span class='ocrx_word' id='word_1_823' title='bbox 1456 2376 1558 2404; x_wconf 86' lang='lat' dir='ltr'><strong>idcirco</strong></span> <span class='ocrx_word' id='word_1_824' title='bbox 1575 2377 1680 2410; x_wconf 86' lang='lat' dir='ltr'><strong>dicens,</strong></span> 
     </span>
    </p>
   </div>
   <div class='ocr_carea' id='block_1_107' title="bbox 892 2419 1680 2456">
    <p class='ocr_par' dir='ltr' id='par_1_107' title="bbox 892 2419 1680 2456">
     <span class='ocr_line' id='line_1_107' title="bbox 892 2419 1680 2456; baseline 0.004 -10"><span class='ocrx_word' id='word_1_825' title='bbox 892 2427 942 2454; x_wconf 90' lang='lat' dir='ltr'><strong>per</strong></span> <span class='ocrx_word' id='word_1_826' title='bbox 958 2419 984 2446; x_wconf 88' lang='lat' dir='ltr'><strong>id</strong></span> <span class='ocrx_word' id='word_1_827' title='bbox 1000 2419 1074 2454; x_wconf 89' lang='lat' dir='ltr'><strong>quod</strong></span> <span class='ocrx_word' id='word_1_828' title='bbox 1102 2420 1242 2455; x_wconf 90' lang='lat' dir='ltr'><strong>proprium</strong></span> <span class='ocrx_word' id='word_1_829' title='bbox 1273 2424 1326 2453; x_wconf 88' lang='lat' dir='ltr'><strong>est,</strong></span> <span class='ocrx_word' id='word_1_830' title='bbox 1358 2426 1461 2448; x_wconf 59' lang='lat' dir='ltr'><strong>natura:</strong></span> <span class='ocrx_word' id='word_1_831' title='bbox 1473 2422 1680 2456; x_wconf 80' lang='lat' dir='ltr'><strong>germanitatem</strong></span> 
     </span>
    </p>
   </div>
   <div class='ocr_carea' id='block_1_108' title="bbox 893 2465 1680 2499">
    <p class='ocr_par' dir='ltr' id='par_1_108' title="bbox 893 2465 1680 2499">
     <span class='ocr_line' id='line_1_108' title="bbox 893 2465 1680 2499; baseline 0.001 -7"><span class='ocrx_word' id='word_1_832' title='bbox 893 2472 1034 2499; x_wconf 84' lang='lat' dir='ltr'><strong>separans,</strong></span> <span class='ocrx_word' id='word_1_833' title='bbox 1050 2465 1167 2496; x_wconf 85' lang='lat' dir='ltr'><strong>addidit,</strong></span> <span class='ocrx_word' id='word_1_834' title='bbox 1180 2469 1205 2492; x_wconf 83' lang='lat' dir='ltr'><strong>et</strong></span> <span class='ocrx_word' id='word_1_835' title='bbox 1221 2465 1330 2492; x_wconf 83' lang='lat' dir='ltr'><strong>Patrem</strong></span> <span class='ocrx_word' id='word_1_836' title='bbox 1353 2470 1478 2497; x_wconf 66' lang='lat' dir='ltr'><strong>vestrum,</strong></span> <span class='ocrx_word' id='word_1_837' title='bbox 1496 2466 1612 2494; x_wconf 85' lang='lat' dir='ltr'><strong>innuens</strong></span> <span class='ocrx_word' id='word_1_838' title='bbox 1637 2467 1680 2493; x_wconf 93' lang='lat' dir='ltr'><strong>ni-</strong></span> 
     </span>
    </p>
   </div>
   <div class='ocr_carea' id='block_1_109' title="bbox 892 2511 1680 2547">
    <p class='ocr_par' dir='ltr' id='par_1_109' title="bbox 892 2511 1680 2547">
     <span class='ocr_line' id='line_1_109' title="bbox 892 2511 1680 2547; baseline 0.004 -10"><span class='ocrx_word' id='word_1_839' title='bbox 892 2511 992 2537; x_wconf 91' lang='lat' dir='ltr'><strong>mirum</strong></span> <span class='ocrx_word' id='word_1_840' title='bbox 1007 2511 1182 2546; x_wconf 82' lang='lat' dir='ltr'><strong>adoptionem</strong></span> <span class='ocrx_word' id='word_1_841' title='bbox 1204 2515 1232 2539; x_wconf 91' lang='lat' dir='ltr'><strong>et</strong></span> <span class='ocrx_word' id='word_1_842' title='bbox 1247 2512 1418 2540; x_wconf 88' lang='lat' dir='ltr'><strong>allectionem</strong></span> <span class='ocrx_word' id='word_1_843' title='bbox 1446 2513 1631 2547; x_wconf 73' lang='lat' dir='ltr'><strong>apostolm&#39;um</strong></span> <span class='ocrx_word' id='word_1_844' title='bbox 1648 2522 1680 2541; x_wconf 76' lang='lat' dir='ltr'><strong>ex</strong></span> 
     </span>
    </p>
   </div>
   <div class='ocr_carea' id='block_1_110' title="bbox 891 2556 1681 2591">
    <p class='ocr_par' dir='ltr' id='par_1_110' title="bbox 891 2556 1681 2591">
     <span class='ocr_line' id='line_1_110' title="bbox 891 2556 1681 2591; baseline 0.004 -9"><span class='ocrx_word' id='word_1_845' title='bbox 891 2556 996 2583; x_wconf 83' lang='lat' dir='ltr'><strong>amoris</strong></span> <span class='ocrx_word' id='word_1_846' title='bbox 1007 2556 1176 2584; x_wconf 83' lang='lat' dir='ltr'><strong>vehementia</strong></span> <span class='ocrx_word' id='word_1_847' title='bbox 1192 2565 1199 2583; x_wconf 88' lang='lat'><strong>:</strong></span> <span class='ocrx_word' id='word_1_848' title='bbox 1225 2557 1308 2584; x_wconf 89' lang='lat' dir='ltr'><strong>etiam</strong></span> <span class='ocrx_word' id='word_1_849' title='bbox 1326 2557 1405 2590; x_wconf 84' lang='lat' dir='ltr'><strong>illud,</strong></span> <span class='ocrx_word' id='word_1_850' title='bbox 1431 2557 1515 2584; x_wconf 79' lang='lat' dir='ltr'><strong>Deum</strong></span> <span class='ocrx_word' id='word_1_851' title='bbox 1545 2566 1642 2591; x_wconf 66' lang='lat' dir='ltr'><strong>meatu,</strong></span> <span class='ocrx_word' id='word_1_852' title='bbox 1656 2564 1681 2586; x_wconf 78' lang='lat' dir='ltr'><strong>et</strong></span> 
     </span>
    </p>
   </div>
   <div class='ocr_carea' id='block_1_111' title="bbox 892 2601 1682 2638">
    <p class='ocr_par' dir='ltr' id='par_1_111' title="bbox 892 2601 1682 2638">
     <span class='ocr_line' id='line_1_111' title="bbox 892 2601 1682 2638; baseline 0.004 -10"><span class='ocrx_word' id='word_1_853' title='bbox 892 2601 976 2628; x_wconf 84' lang='lat' dir='ltr'><strong>Deum</strong></span> <span class='ocrx_word' id='word_1_854' title='bbox 990 2608 1115 2634; x_wconf 72' lang='lat' dir='ltr'><strong>vestrum,</strong></span> <span class='ocrx_word' id='word_1_855' title='bbox 1133 2602 1256 2630; x_wconf 88' lang='lat' dir='ltr'><strong>eamdem</strong></span> <span class='ocrx_word' id='word_1_856' title='bbox 1277 2604 1443 2630; x_wconf 89' lang='lat' dir='ltr'><strong>sententiam</strong></span> <span class='ocrx_word' id='word_1_857' title='bbox 1467 2604 1587 2638; x_wconf 87' lang='lat' dir='ltr'><strong>respicit,</strong></span> <span class='ocrx_word' id='word_1_858' title='bbox 1603 2609 1631 2631; x_wconf 87' lang='lat' dir='ltr'><strong>et</strong></span> <span class='ocrx_word' id='word_1_859' title='bbox 1647 2606 1682 2632; x_wconf 86' lang='lat' dir='ltr'><strong>ab</strong></span> 
     </span>
    </p>
   </div>
   <div class='ocr_carea' id='block_1_112' title="bbox 892 2648 1682 2684">
    <p class='ocr_par' dir='ltr' id='par_1_112' title="bbox 892 2648 1682 2684">
     <span class='ocr_line' id='line_1_112' title="bbox 892 2648 1682 2684; baseline 0.003 -9"><span class='ocrx_word' id='word_1_860' title='bbox 892 2648 987 2675; x_wconf 85' lang='lat' dir='ltr'><strong>eodem</strong></span> <span class='ocrx_word' id='word_1_861' title='bbox 1003 2657 1086 2677; x_wconf 89' lang='lat' dir='ltr'><strong>sensu</strong></span> <span class='ocrx_word' id='word_1_862' title='bbox 1113 2649 1215 2676; x_wconf 87' lang='lat' dir='ltr'><strong>dicitur</strong></span> <span class='ocrx_word' id='word_1_863' title='bbox 1233 2658 1241 2676; x_wconf 90' lang='lat'>:</span> <span class='ocrx_word' id='word_1_864' title='bbox 1258 2657 1321 2676; x_wconf 85' lang='lat' dir='ltr'><strong>nam</strong></span> <span class='ocrx_word' id='word_1_865' title='bbox 1339 2657 1386 2684; x_wconf 88' lang='lat' dir='ltr'><strong>per</strong></span> <span class='ocrx_word' id='word_1_866' title='bbox 1399 2649 1485 2676; x_wconf 76' lang='lat' dir='ltr'><strong>Deum</strong></span> <span class='ocrx_word' id='word_1_867' title='bbox 1501 2658 1598 2681; x_wconf 81' lang='lat' dir='ltr'><strong>meum.</strong></span> <span class='ocrx_word' id='word_1_868' title='bbox 1615 2658 1682 2677; x_wconf 82' lang='lat' dir='ltr'><strong>con-</strong></span> 
     </span>
    </p>
   </div>
   <div class='ocr_carea' id='block_1_113' title="bbox 893 2695 1682 2732">
    <p class='ocr_par' dir='ltr' id='par_1_113' title="bbox 893 2695 1682 2732">
     <span class='ocr_line' id='line_1_113' title="bbox 893 2695 1682 2732; baseline 0.005 -12"><span class='ocrx_word' id='word_1_869' title='bbox 893 2702 1024 2729; x_wconf 78' lang='lat' dir='ltr'><strong>generum</strong></span> <span class='ocrx_word' id='word_1_870' title='bbox 1039 2695 1122 2724; x_wconf 88' lang='lat' dir='ltr'><strong>unius</strong></span> <span class='ocrx_word' id='word_1_871' title='bbox 1134 2699 1162 2724; x_wconf 90' lang='lat' dir='ltr'><strong>et</strong></span> <span class='ocrx_word' id='word_1_872' title='bbox 1176 2695 1324 2730; x_wconf 86' lang='lat' dir='ltr'><strong>peculiare,</strong></span> <span class='ocrx_word' id='word_1_873' title='bbox 1342 2695 1593 2731; x_wconf 86' lang='lat' dir='ltr'><strong>circumscriptum,</strong></span> <span class='ocrx_word' id='word_1_874' title='bbox 1613 2703 1682 2732; x_wconf 66' lang='lat' dir='ltr'><strong>prat-</strong></span> 
     </span>
    </p>
   </div>
   <div class='ocr_carea' id='block_1_114' title="bbox 705 2795 1042 2825">
    <p class='ocr_par' dir='ltr' id='par_1_114' title="bbox 705 2795 1042 2825">
     <span class='ocr_line' id='line_1_114' title="bbox 705 2795 1042 2825; baseline 0.006 -3"><span class='ocrx_word' id='word_1_875' title='bbox 705 2795 823 2825; x_wconf 65' lang='lat' dir='ltr'><strong>VARIE</strong></span> <span class='ocrx_word' id='word_1_876' title='bbox 837 2795 1042 2825; x_wconf 78' lang='lat' dir='ltr'><strong>LECTIONES.</strong></span> 
     </span>
    </p>
   </div>
   <div class='ocr_carea' id='block_1_115' title="bbox 106 2880 225 2916">
    <p class='ocr_par' dir='ltr' id='par_1_115' title="bbox 106 2880 225 2916">
     <span class='ocr_line' id='line_1_115' title="bbox 106 2880 225 2916; baseline 0.008 -9"><span class='ocrx_word' id='word_1_877' title='bbox 106 2886 130 2902; x_wconf 71' lang='lat' dir='ltr'><strong>ll</strong></span> <span class='ocrx_word' id='word_1_878' title='bbox 148 2880 225 2916; x_wconf 75' lang='grc' dir='ltr'>εἴπῃ.</span> 
     </span>
    </p>
   </div>
   <div class='ocr_carea' id='block_1_116' title="bbox 279 2875 1443 2916">
    <p class='ocr_par' dir='ltr' id='par_1_116' title="bbox 279 2875 1443 2916">
     <span class='ocr_line' id='line_1_116' title="bbox 279 2875 1443 2916; baseline -0.005 -7"><span class='ocrx_word' id='word_1_879' title='bbox 279 2884 294 2899; x_wconf 83' lang='grc'><strong>¹¹</strong></span> <span class='ocrx_word' id='word_1_880' title='bbox 308 2880 340 2909; x_wconf 81' lang='lat' dir='ltr'><strong>C.</strong></span> <span class='ocrx_word' id='word_1_881' title='bbox 352 2879 388 2908; x_wconf 79' lang='grc' dir='ltr'><strong>Μ.</strong></span> <span class='ocrx_word' id='word_1_882' title='bbox 400 2879 633 2916; x_wconf 84' lang='grc' dir='ltr'>συντελεσθείσης.</span> <span class='ocrx_word' id='word_1_883' title='bbox 672 2882 685 2898; x_wconf 91' lang='lat'><strong><em>°</em></strong></span> <span class='ocrx_word' id='word_1_884' title='bbox 695 2877 726 2906; x_wconf 89' lang='lat' dir='ltr'><strong>C.</strong></span> <span class='ocrx_word' id='word_1_885' title='bbox 741 2877 776 2906; x_wconf 85' lang='lat' dir='ltr'><strong>M.</strong></span> <span class='ocrx_word' id='word_1_886' title='bbox 790 2877 852 2914; x_wconf 74' lang='grc' dir='ltr'>ἐμοὶ</span> <span class='ocrx_word' id='word_1_887' title='bbox 864 2876 950 2906; x_wconf 78' lang='lat' dir='ltr'><strong>deest.</strong></span> <span class='ocrx_word' id='word_1_888' title='bbox 990 2878 1005 2899; x_wconf 79' lang='grc' dir='ltr'><strong>ν</strong></span> <span class='ocrx_word' id='word_1_889' title='bbox 1020 2877 1064 2905; x_wconf 79' lang='grc' dir='ltr'>ίσ.</span> <span class='ocrx_word' id='word_1_890' title='bbox 1080 2876 1209 2913; x_wconf 73' lang='grc' dir='ltr'>ἢρτηται.</span> <span class='ocrx_word' id='word_1_891' title='bbox 1224 2876 1255 2905; x_wconf 90' lang='lat' dir='ltr'><strong>C.</strong></span> <span class='ocrx_word' id='word_1_892' title='bbox 1272 2875 1308 2904; x_wconf 75' lang='grc' dir='ltr'><strong>Μ.</strong></span> <span class='ocrx_word' id='word_1_893' title='bbox 1325 2875 1443 2912; x_wconf 75' lang='grc' dir='ltr'>εἴρηται.</span> 
     </span>
    </p>
   </div>
  </div>
