1874 3070
138 2637 152 2660 λ.

204 157 254 188 991

791 157 923 188 PIIOTII
942 157 1194 189 PATRIARCHJE
1213 158 1269 190 CP.

1788 162 1840 193 992

202 213 310 240 dicatur
329 222 335 239 :
353 220 401 247 per
413 212 491 246 illud,
509 212 593 240 Deum
614 219 740 243 uestrum,
766 213 915 240 multorum
934 219 959 239 se

1049 213 1125 238 Θεὸν
1137 212 1230 247 ὑμῶν,
1247 213 1303 239 τῶν
1318 212 1423 239 πολλῶν
1446 213 1476 239 τὸ
1488 212 1580 240 casm
1596 215 1642 240 καὶ
1654 215 1779 250 ὑπήκοον
1794 225 1840 245 και

199 259 263 286 vilis
275 258 405 290 conditio,
421 264 448 285 ct
460 259 605 294 subjectio,
620 264 647 286 ct
664 259 736 294 quod
750 266 897 286 commune
910 258 991 293 quid-

196 304 259 332 dam
275 309 326 336 est,
345 305 490 339 productio
500 309 682 333 monstratur.
697 304 776 332 Patet
786 304 859 331 enim
876 303 990 331 omnino

195 357 312 383 cunctis.
331 353 404 387 quod
420 356 450 379 ut
476 352 612 379 interdum
632 352 657 378 id
682 351 754 387 quod
780 350 937 385 subjicitur,
963 353 991 377 et

193 389 265 435 quod
287 399 460 432 immutatur,
477 404 525 426 aut
540 399 668 434 superius
684 399 801 430 exsistit,
817 406 866 433 per
881 405 987 429 vocem,

193 454 290 478 meum,
307 447 450 473 intimatur
463 454 471 479 ;
488 445 524 473 ita
539 453 646 477 rursus,
659 445 775 479 arquale,
790 450 986 479 congenerum,

191 497 219 518 et
239 491 359 518 maxime
389 490 551 526 genuinum,
570 498 618 525 pcr
638 489 762 517 eamdem
789 489 878 523 ipsam
894 494 987 515 vocem

193 539 339 566 indicatur.
368 538 431 566 Haec
458 546 508 573 ego
542 537 589 564 tibi
617 536 644 563 in
670 535 811 569 exemplar
841 533 987 567 delineavi,

193 584 278 611 inulto
292 583 422 611 humilius
439 590 520 618 quam
537 582 694 618 postulabat
707 586 910 617 argumentum,
928 587 988 607 om-

192 630 258 657 nino
271 635 361 656 t:uucn
376 638 430 656 non
446 629 556 662 exilius,
568 629 590 656 si
607 629 731 664 epistola:
745 635 813 655 ustis
828 626 988 655 considere-

193 682 245 703 lur.

243 734 407 767 QUA‘ISTIO
441 735 543 762 CCXIX
579 734 674 771 [Cois-1.
703 732 820 765 CLXIV,
848 731 932 758 Taur.

524 781 626 808 chnl
631 780 650 816 1.

1046 258 1075 285 τὸ
1099 258 1350 294 δεδημιουργῆσϐαι
1379 261 1615 295 κοινοποιούμενον
1639 261 1837 291 ἐπιδείκνυται,

1044 304 1129 340 Δῆλον
1142 305 1208 340 γὰρ,
1222 305 1301 340 δῆλον
1316 306 1430 338 ἅπασιν,
1444 305 1497 339 ὅτι,
1513 305 1609 342 ὥσπερ
1623 307 1710 333 ἐνίοτε
1725 308 1758 334 τὸ
1774 307 1839 335 ὐπο-

1044 349 1162 385 6ε6ηκὺς
1177 352 1224 377 καὶ
1243 351 1471 387 παρηλλαγμένον
1481 371 1489 384 ,
1504 353 1521 387 ἢ
1535 351 1566 379 τὸ
1581 353 1727 388 ὑπερέχων
1739 358 1754 379 ιι
1767 374 1776 385 ,
1793 355 1837 381 δή

1044 397 1093 433 τῆς
1120 397 1179 429 τοῦ,
1195 397 1279 432 ἐμοῦ,
1300 398 1394 434 φωνῆς
1422 399 1619 434 ἐνσημαίνεται
1632 407 1639 414 ·
1656 399 1731 426 οὕτω
1742 401 1834 432 πάλιν,

1043 443 1090 469 καὶ
1106 443 1136 470 τὸ
1153 443 1210 470 ἴσον
1228 444 1277 471 καὶ
1294 444 1426 478 συγγενὲς
1440 445 1488 471 καὶ
1511 445 1710 480 γνησιώτατον,
1725 446 1772 473 διὰ
1787 447 1834 481 τῆς

1041 488 1128 524 αὐτῆς
1141 489 1375 526 χαρακτηρίζεται
1390 489 1499 523 λέξεως.
1524 491 1605 518 Ἀλλὰ
1620 491 1710 518 ταῦτα
1725 493 1780 526 μέν
1794 501 1834 519 σοι

1041 535 1110 571 πρ³ις
1121 535 1298 562 ὑποτύπωσιν
1310 535 1469 572 διεχάραξα,
1484 537 1533 571 τῆς
1545 537 1594 572 μὲν
1615 537 1774 570 ὑποθέσεως
1788 547 1834 564 τα-

1041 583 1209 616 πεινότερον,
1222 581 1272 617 τῆς
1288 582 1317 608 δὲ
1337 581 1399 608 κατ’
1411 582 1558 618 ἐπιστολὴν
1572 583 1666 618 χρείας
1676 603 1684 616 ,
1701 584 1769 616 ζσως
1784 585 1832 611 οὐκ

1039 627 1224 663 ἐνδεέστερον.

1304 728 1474 756 ΕΡΩἸῊΣΙΣ
1488 728 1560 756 Σιθυ.

282 839 353 864 Edita
362 846 376 864 a
386 839 538 864 Montacuuo
552 840 602 871 (ep.
618 839 672 869 158,
689 839 719 863 ad
731 838 897 866 Theotimum,
910 844 935 868 p.
954 835 1007 865 195,
1024 834 1125 864 194).--
1135 833 1173 858 De
1187 832 1277 858 Christi
1289 833 1380 857 sudore
1389 833 1535 864 sanguineo.
1552 832 1613 857 Luc.
1627 840 1687 864 xxn,
1699 834 1737 858 Η.

227 882 402 910 Prnverbium
433 887 581 917 usurpatur
601 884 633 910 de
661 883 738 909 valde
764 882 931 916 lugentibus,
958 895 959 901 ι

1071 877 1210 912 Παροιμία
1238 876 1360 911 λέγεται,
1383 875 1500 902 ἐπὶτῶν
1526 876 1627 912 σφόδρα
1650 877 1829 911 λυπουμένων

190 936 304 963 agonem
333 929 510 964 patientibus,
529 928 692 963 Sanguinem
720 928 847 959 sudarit;
869 933 937 954 utet
951 927 986 954 de

192 975 224 1002 iis
244 975 290 1009 qui
316 976 413 1002 acerbe
442 976 638 1008 lamentantur,
652 975 812 1010 Sanguinem
833 974 932 1008 plorat.
954 973 986 1001 Si

190 1021 253 1055 quis
264 1020 298 1047 ad
315 1021 441 1048 eumdem
474 1021 587 1048 modum
619 1021 767 1048 arbitretur
792 1019 939 1047 deductum
957 1011 985 1047 et

191 1072 352 1101 usurpatum
369 1067 433 1094 illud
451 1068 523 1103 apud
539 1069 649 1094 beatum
667 1067 781 1100 Lucam,
796 1066 897 1103 (neque
908 1066 984 1094 enim

191 1114 232 1140 vir
245 1113 300 1146 ille,
317 1114 466 1142 illiusmodi
481 1114 614 1142 doctrinae
645 1114 739 1142 leviter
753 1115 874 1142 imbutus
895 1115 957 1150 fuit)
971 1123 980 1143 :

192 1167 202 1184 ‹
221 1158 315 1186 Fiebat
329 1164 420 1187 autem
436 1161 520 1187 sudor
534 1159 594 1194 ejus
609 1164 739 1195 tanquam
755 1161 898 1195 sanguinis
913 1169 982 1196 gru-

189 1205 226 1231 mi
243 1213 250 1231 :
267 1214 277 1230 ι
296 1205 381 1233 habes
399 1205 425 1232 id
439 1206 512 1240 quod
526 1206 679 1241 quaerebas.
694 1205 773 1238 Quod
789 1207 813 1233 si
826 1207 873 1233 tibi
890 1206 981 1234 visum

189 1251 325 1279 curiosius
351 1252 385 1279 de
400 1252 452 1279 hoc
467 1252 543 1280 dicto
558 1242 734 1280 inventiones
751 1252 879 1287 adjicere,
905 1258 981 1281 certe

188 1304 237 1331 per
261 1297 382 1332 selpsum
412 1297 492 1325 facile
517 1297 671 1333 expeditur,
704 1298 778 1332 quod
793 1305 855 1324 cum
869 1297 981 1330 dixerit,

191 1352 200 1368 ι
219 1343 297 1376 quasi
314 1344 403 1378 grumi
418 1344 575 1380 sanguinis,
597 1354 607 1370 ι
635 1352 690 1372 non
715 1345 848 1372 indicavit
864 1345 981 1373 sudasse

189 1390 266 1416 illum
279 1390 424 1424 sanguinis
442 1398 555 1425 grumos
569 1399 576 1418 :
599 1398 690 1425 neque
703 1392 777 1419 enim
797 1391 833 1419 ad
848 1391 979 1418 similitu-

188 1435 280 1462 dinem
300 1443 396 1463 eorum
411 1437 527 1465 dixisset
545 1437 661 1466 sudores
686 1438 826 1465 exstitisse
841 1447 847 1464 :
863 1444 891 1465 at
917 1443 980 1464 tan-

188 1488 269 1515 quam
288 1482 386 1516 grumt‘,
408 1482 462 1509 hoc.
473 1483 561 1518 ipsum
575 1483 711 1518 praecipue
726 1483 825 1510 docet:
838 1487 912 1510 certe
929 1490 979 1510 vo-

188 1525 239 1552 luit
251 1526 278 1552 id
295 1526 483 1558 subiudicare,
497 1528 570 1562 quod
586 1535 640 1555 non
657 1528 758 1562 exiguo
773 1527 894 1562 quodam
912 1534 975 1555 rore

187 1570 380 1599 edundebatur
408 1580 508 1607 corpus
532 1574 650 1606 Domini,
679 1573 712 1600 ad
738 1573 856 1608 speciem
870 1578 976 1600 tantum

188 1619 415 1652 apparente;sed
431 1619 504 1653 quod
521 1620 656 1647 veraciter
673 1620 700 1647 iu
713 1627 817 1647 morem
831 1620 976 1655 grandium

187 1668 324 1698 guttarqu
352 1665 545 1692 distillantium
560 1685 570 1698 ,
593 1667 750 1694 universum
791 1666 851 1700 ejus
874 1673 977 1700 corpus

185 1709 336 1742 dillluebnt,
354 1714 382 1738 et
397 1711 423 1737 id
441 1716 470 1738 ut
483 1712 604 1745 doceret,
621 1713 655 1740 ad
669 1713 817 1748 imaginem
835 1713 874 1740 rei
890 1717 976 1748 gesta

184 1755 402 1789 exprimendam.
419 1758 560 1793 sanguinis
586 1767 699 1792 grumos
726 1759 876 1794 assumpsit
890 1758 917 1786 in
935 1758 974 1786 si-

184 1800 377 1828 militudinem.
403 1801 586 1831 Mauil‘estavit
608 1809 711 1837 autem.
737 1805 972 1839 quemadmodum

183 1852 232 1880 per
243 1847 430 1874 continuatam
439 1849 592 1876 orationem
604 1854 631 1876 et
642 1848 819 1876 multifariam
831 1849 973 1884 agonium,

183 1892 220 1920 ita
245 1900 293 1928 per
325 1894 435 1922 sudoris
464 1896 507 1922 sui
534 1895 757 1928 crassitudinem,
789 1897 862 1930 quod
881 1901 907 1923 et
923 1903 973 1931 per

183 1943 309 1966 naturam
324 1946 352 1967 et
368 1941 519 1969 secundum
536 1943 690 1975 veritatem,
718 1951 772 1970 non
795 1950 843 1977 per
861 1950 972 1970 remon-

181 1991 340 2014 stratmnem
354 1992 381 2014 et
394 1989 593 2022 apparentiam,
617 1990 709 2020 homo,
738 1989 868 2016 Servatur
897 1987 973 2016 dice-

181 2030 280 2058 batur:
295 2033 426 2067 quodque
443 2034 613 2061 naturalibus
639 2034 781 2061 hominum
802 2039 829 2061 et
848 2034 972 2068 inculpa-

181 2075 217 2103 tis
241 2076 384 2104 atl‘cctibus
416 2078 591 2107 inscrviebat.
616 2079 673 2107 Hoc
688 2088 751 2107 cum
779 2081 869 2115 reipsa
889 2088 971 2107 mon-

180 2127 269 2150 strare
300 2123 380 2150 vellet
408 2123 552 2158 Dominus,
584 2130 610 2153 et
634 2126 707 2160 quod
726 2126 799 2153 haud
817 2126 969 2154 secundum

179 2170 299 2197 divinam
318 2175 454 2204 naturam,
467 2170 516 2198 sed
533 2171 560 2199 in
578 2171 707 2203 humana,
733 2171 886 2206 passionem
903 2173 969 2200 sub-

180 2216 242 2248 iret,
273 2216 375 2248 oravit,
392 2217 420 2243 in
446 2217 546 2252 agonia
572 2222 753 2244 versaretur:
779 2225 888 2246 crassos
905 2219 967 2247 illos

179 2267 206 2288 et
232 2263 387 2291 condensos
413 2264 530 2291 sudores
565 2263 720 2296 exsudavit,
737 2264 785 2298 qui
809 2265 968 2300 sanguineis

177 2310 282 2342 grumis
309 2310 545 2338 assimilabantur.
577 2309 659 2337 Nullo
686 2311 767 2338 modo
799 2316 967 2346 quapropter

176 2355 250 2389 apud
269 2360 296 2382 te
312 2356 356 2383 hic
371 2356 448 2383 locus
464 2356 602 2391 Evangelii
616 2356 782 2387 rescidatur,
800 2356 872 2384 haud
886 2361 928 2384 est
938 2356 965 2384 id

175 2409 343 2436 congruum;
365 2407 513 2436 utcunque,
529 2402 603 2437 quod
616 2401 745 2434 aiIirmas,
760 2402 837 2437 Syris
850 2403 965 2436 quibus-

175 2448 240 2474 dam
254 2449 288 2474 ita
301 2448 390 2476 visum
404 2454 447 2476 est
464 2457 471 2475 :
488 2448 536 2475 sed
550 2453 680 2483 tanquam
696 2448 765 2475 nihil
782 2449 961 2483 impossibile,

1037 924 1085 951 ml.
1099 923 1291 958 ἀγωνιώντων,
1303 922 1409 957 Αἵματι
1421 922 1550 955 ἵδρωσεν
1561 930 1567 936 ·
1583 921 1677 958 ὥσπερ
1710 923 1758 949 καὶ
1785 925 1829 950 ἐπὶ

1035 969 1091 996 τῶν
1106 968 1212 1004 πικρῶς
1227 967 1409 1004 ὀδυρομένων,
1421 967 1528 1001 Αἵματι
1542 968 1649 993 κλαίει.
1664 967 1695 993 Et
1712 967 1762 1002 μὲν
1783 967 1828 994 οὖν

1035 1016 1107 1043 κατὰ
1126 1015 1222 1042 τοῦτόν
1234 1023 1276 1046 τις
1298 1012 1515 1048 πεπαρῳδῆσθαι
1536 1013 1644 1047 νομίσοι
1660 1013 1707 1039 τὴν
1728 1015 1828 1048 τρόπον

1034 1060 1108 1095 (οὐδὲ
1138 1060 1193 1095 γὰρ
1216 1059 1271 1085 τῶν
1305 1058 1436 1085 τοιούτων
1460 1057 1628 1093 μαθημάτων
1655 1058 1670 1084 ὸ
1690 1058 1763 1094 ἀνὴρ
1785 1059 1829 1085 ἁν-

1034 1106 1138 1143 ήκοος),
1154 1105 1244 1132 καὶτὸ
1258 1105 1334 1140 παρὰ
1349 1104 1387 1140 τῷ
1407 1103 1544 1138 θεσπεσίῳ
1560 1104 1652 1140 Λουκᾷ
1669 1105 1827 1139 εἰρημένον,

1039 1161 1049 1179 t
1070 1153 1194 1187 Ἐγένετο
1206 1152 1234 1178 δὲ
1245 1152 1259 1178 ὁ
1273 1150 1354 1186 ἱδρὼς
1366 1150 1459 1183 αὑτοῦ,
1475 1150 1540 1176 ὡσεὶ
1555 1150 1669 1186 Θρόμσοι
1681 1151 1824 1186 αἵματος-ι

1031 1198 1105 1234 ἔχεις
1116 1198 1146 1225 τὸ
1154 1198 1274 1233 ζήτημα.
1283 1197 1314 1223 Et
1324 1197 1352 1224 δὲ
1362 1195 1574 1232 περιεργότερον
1582 1197 1778 1232 ὲπινενοῆσθαί
1787 1206 1825 1224 σοι

1030 1245 1109 1273 τοῦτο
1125 1244 1196 1276 δόξει
1211 1251 1218 1259 ’
1231 1244 1289 1271 ἀλλ’
1304 1242 1352 1270 οὖν
1366 1244 1454 1270 ὶκείνο
1464 1241 1579 1269 αὐτόθεν
1590 1242 1647 1278 ἔχει
1658 1243 1688 1269 τὺ
1702 1243 1824 1277 εὖχολον,

1029 1291 1082 1323 ὅτι,
1105 1300 1115 1316 ι
1138 1291 1212 1317 Ὣσεὶ
1226 1289 1340 1326 θρόμόοι
1358 1290 1499 1325 αῖματος,»
1518 1288 1620 1321 εἰπὼν,
1634 1289 1665 1316 οὐ
1688 1290 1825 1325 θρόμῆονς

1031 1337 1143 1373 ἱδρῶσαι
1156 1337 1313 1372 ἀπεφήνατο
1333 1336 1450 1371 αἵματος
1481 1335 1522 1371 (οὑ
1537 1335 1592 1371 γὰρ
1612 1336 1644 1362 ἂν
1661 1335 1723 1362 καθ’
1734 1336 1823 1371 ὁμοιὸ-

1028 1393 1098 1419 τητα
1133 1384 1236 1411 τούτων
1278 1384 1385 1419 εἰρήκει
1424 1382 1550 1417 γενέσθαι
1582 1383 1645 1414 τοὺς
1683 1382 1822 1417 ἱδρῶταςε

1027 1432 1108 1460 τοῦτο
1131 1432 1186 1468 γὰρ
1217 1431 1311 1467 σαφῶς
1335 1431 1468 1467 δηλονότι,
1496 1430 1531 1461 ,τὺ
1557 1431 1644 1457 «ὡσεὶ
1665 1431 1794 1466 Θρόμῦοι,
1812 1441 1821 1456 ι

1027 1480 1187 1516 παρίστησι)
1199 1488 1207 1495 ·
1223 1479 1307 1506 Θέλων
1322 1478 1351 1505 δὲ
1378 1478 1479 1514 μᾶλλον
1498 1477 1630 1513 δηλῶσαι,
1642 1477 1680 1508 ὡς
1701 1478 1764 1513 οὐχὶ
1779 1479 1822 1504 λε-

1031 1528 1112 1558 πταῖς
1126 1534 1180 1552 τισι
1190 1526 1286 1558 νοτισι,
1302 1524 1350 1551 καὶ
1358 1522 1415 1550 οἷον
1428 1524 1567 1557 ἐνδείξεως
1581 1524 1661 1559 χάριν
1678 1524 1822 1558 ἐπιφαινο-

989 1561 1011 1591 C
1030 1572 1135 1607 μέναις,
1149 1572 1180 1598 τὸ
1189 1571 1353 1598 Δεσποτιχδν
1364 1569 1500 1602 ὲνοτίζετο
1515 1570 1604 1604 σῶμα,
1625 1569 1683 1596 ἀλλ’
1702 1571 1740 1602 ὡς
1753 1570 1820 1604 ἀλη-

1026 1618 1080 1650 θῶς
1095 1619 1184 1654 ἁδρῶν
1198 1617 1336 1652 σταγόνων
1346 1616 1436 1651 δίκην,
1456 1616 1518 1643 ὅλον
1546 1617 1603 1647 τοῖς
1623 1615 1716 1652 ἱδρῶσι
1741 1625 1821 1652 περι·

1024 1664 1170 1696 εστάζετο·
1183 1664 1247 1695 τοὺς
1271 1663 1327 1690 τῶν
1349 1663 1474 1698 αἱμάτων
1490 1661 1637 1697 θρόμϐους,
1667 1663 1707 1693 εἰς
1727 1663 1820 1689 εἰκόνα

1023 1709 1070 1737 τοῦ
1102 1709 1286 1745 γεγενημένου
1317 1709 1498 1744 παρείληφεν.
1533 1708 1643 1744 Ἐδήλου
1673 1708 1702 1734 δὲ
1738 1709 1812 1743 ἄρα,

1024 1755 1119 1791 ὥσπερ
1138 1755 1188 1783 καὶ
1199 1755 1243 1782 διὰ
1254 1755 1304 1790 τῆς
1321 1755 1503 1788 ἑντεταμένης
1517 1753 1685 1789 προσευχῆς,
1699 1753 1747 1779 καὶ
1769 1753 1819 1788 τῆς

1023 1801 1124 1834 πολλῆς
1150 1800 1281 1835 ἀγωνίας,
1300 1798 1372 1826 οὕτω
1401 1799 1449 1826 καὶ
1481 1799 1526 1825 διὰ
1551 1798 1601 1833 τῆς
1619 1798 1674 1824 τῶν
1695 1796 1820 1833 ἱδρώτων

1023 1848 1190 1884 παχύτητος,
1207 1846 1245 1879 ὠς
1264 1846 1343 1880 φύσει
1359 1846 1405 1872 καλ
1424 1844 1544 1880 ἀληθῶς,
1558 1844 1617 1871 ἀλλ’
1632 1845 1683 1871 οὐκ
1707 1844 1812 1871 ἐπιδεε-

1023 1895 1064 1929 εει
1079 1894 1128 1921 καὶ
1142 1893 1289 1929 φαντασίᾳ,
1305 1891 1448 1928 ἄνθρωπός
1465 1900 1495 1918 τε
1518 1891 1705 1926 ἐχρημάτισεν
1718 1891 1734 1918 ὁ
1757 1890 1815 1917 Sm-

1020 1941 1083 1976 τὴρ,
1111 1940 1158 1967 καὶ
1187 1941 1243 1971 τοῖς
1267 1939 1392 1973 φυσικοῖς
1416 1938 1471 1964 τῶν
1487 1937 1641 1973 ἀνθρώπων
1668 1937 1716 1964 καὶ
1738 1938 1817 1964 ἀδια-

1022 1989 1131 2024 6λήτοις
1145 1989 1338 2023 ὑπηρετήσατο
1355 1986 1466 2013 πάθεσι.
1487 1986 1573 2013 Τοῦτο
1588 1986 1642 2020 γὰρ
1657 1985 1725 2012 αὐτὸ
1740 1987 1789 2012 καὶ
1803 1985 1817 2011 ό

1020 2033 1159 2068 Δεσπότης
1171 2033 1262 2068 ἔργοις
1280 2032 1428 2067 παριστὰς,
1444 2032 1491 2058 καὶ
1512 2031 1550 2064 ὡς
1573 2031 1634 2067 οὐχὶ
1650 2032 1722 2058 κατὰ
1742 2030 1817 2058 θεία-ι

1020 2079 1112 2114 φύσιν,
1129 2078 1186 2105 ἀλλ’
1198 2079 1227 2105 ὲν
1288 2078 1448 2114 ἀνθρωπίνῃ
1464 2078 1494 2105 τὸ
1511 2078 1598 2110 πάθος
1621 2078 1733 2111 ἐδέξατο
1743 2097 1751 2109 ,
1768 2078 1816 2104 καὶ

1019 2123 1204 2159 προσηύξατο,
1218 2124 1265 2150 καὶ
1278 2123 1434 2158 ὴγωνίασε,
1453 2123 1501 2149 καὶ
1519 2123 1582 2155 τοὺς
1618 2124 1717 2158 παχεῖς
1739 2123 1811 2149 ὲκεί-

1019 2179 1081 2201 νους
1104 2171 1151 2197 καὶ
1170 2170 1379 2205 παραπλησίους
1394 2169 1511 2205 αἵματος
1531 2170 1680 2205 θρόμϐους,
1697 2169 1815 2205 ἱδρῶτας

1020 2217 1175 2253 ἐξιὸρωσεν.
1193 2216 1300 2252 Μηκέτι
1326 2216 1372 2243 οὖν
1393 2225 1435 2243 σοι
1448 2216 1496 2244 τοῦ
1520 2216 1690 2251 Εὑαγγελίου
1712 2216 1815 2243 τόδετὸ

1020 2264 1121 2299 χωρίον
1138 2262 1346 2299 περικεκόφθαι,
1359 2263 1410 2290 κᾶν
1421 2271 1477 2290 τισι
1495 2263 1550 2290 τῶν
1565 2263 1670 2298 Σύρων,
1682 2263 1720 2294 ὡς
1734 2264 1812 2298 ἔφης,

1019 2311 1103 2343 δοκεῖ,
1119 2310 1257 2345 εὐπρεπὲς
1283 2309 1378 2345 νόμιζε
1396 2318 1402 2325 ·
1421 2310 1480 2337 ἀλλ’
1497 2310 1535 2341 ὡς
1563 2309 1640 2336 οὐδὲν
1666 2309 1811 2341 ἀδύνατον,

1021 2356 1120 2392 μᾶλλον
1136 2355 1166 2382 δὲ
1180 2356 1229 2382 καὶ
1251 2355 1311 2382 λίαν
1326 2356 1483 2389 ἀκόλουθον,
1499 2357 1527 2382 ὲν
1550 2354 1624 2390 αὐτῷ
1645 2356 1813 2390 περιεχόμε-

1018 2411 1075 2436 νον,
1090 2402 1181 2435 καλῶς
1209 2403 1349 2436 ἐπιγνοὺς,
1366 2404 1423 2434 τοῖς
1449 2402 1540 2434 ἄλλοις
1555 2402 1717 2428 συντάσσων
1730 2401 1812 2432 θείοις

1017 2450 1162 2485 χρησμοῖς,
1177 2448 1356 2484 ἀναμφιὸὀλῳ
1370 2449 1467 2484 γνώμῃ
1482 2447 1703 2482 συναναγίνωσκε
1717 2453 1742 2474 ι’.

176 2502 271 2522 verum
289 2495 369 2522 facile
385 2495 594 2527 adnutteudum,
620 2495 666 2522 illo
683 2500 757 2522 textu
791 2496 977 2528 contineatur,
1000 2495 1038 2523 ita
1076 2495 1161 2531 probe
1187 2496 1311 2531 recipito,
1335 2503 1399 2523 cum
1434 2494 1548 2529 reliquis
1565 2494 1666 2522 divinis
1691 2492 1810 2521 oraculis

174 2546 374 2572 attnumerato,
397 2545 424 2568 et
451 2541 512 2568 sine
537 2540 706 2568 dubitatione
731 2542 805 2568 omni
828 2549 894 2568 cura
925 2541 1021 2576 legito.

226 2595 391 2632 ρυΑῑδτιο
417 2598 652 2671 σακξιᾶρερι.
687 2598 781 2627 CLXV
826 2600 908 2629 Taur.

1287 2599 1454 2626 ΕΡΩΤΗΣΙΣ
1469 2599 1531 2626 ΣΚ’.

447 2693 517 2719 Edita
529 2702 544 2719 α
554 2693 703 2719 Monmouth
715 2695 766 2726 (ep.
779 2693 834 2725 159,
848 2696 879 2720 ad
892 2696 1060 2729 Theodnru'm,
1072 2703 1097 2729 ρ.
1112 2699 1238 2732 itit-198).
1252 2713 1281 2718 —
1295 2699 1322 2724 in
1340 2699 1427 2725 Matth.
1441 2706 1465 2731 ν,
1476 2701 1515 2725 28.

208 2745 277 2774 Cum
298 2748 383 2776 multa
405 2749 470 2777 mihi
494 2750 669 2785 suppeditant
685 2751 812 2784 dicenda,
840 2752 959 2781 undeli-

1054 2754 1143 2781 Πολλὰ
1157 2754 1207 2790 μὲν
1218 2756 1304 2783 εἰπεῖν
1313 2758 1384 2784 bva
1411 2753 1488 2784 δι’ὦν
1500 2756 1559 2782 ἔστι
1576 2755 1670 2790 σαφῶς
1687 2755 1806 2790 ἓπιτνιῖν-

817 2834 859 2862 VA
865 2834 935 2863 ΒΙΛΞ
949 2833 1152 2864 LECTIONES.

207 2890 277 2918 ιιτσ.
293 2891 436 2926 ὑπερέχον.
478 2895 487 2909 τ
505 2890 535 2918 C.
553 2890 588 2916 Μ.
605 2890 784 2924 ἀναγίνωσκε.
