1874 3070
69 159 128 193 993

556 162 606 192 AD
616 159 912 191 AMPHILOCIIIUM
936 160 1108 196 ΟΗΑΞΞΤΙΟ
1126 159 1234 190 CCXX.

1652 151 1706 184 994

69 227 130 250 ναι,
147 218 186 250 ὡς
201 218 263 254 οὐχὶ
275 217 361 254 βαρὺς
376 218 437 245 οὐδὲ
449 218 590 251 ἀδύνατος,
608 219 677 246 ἀλλά
691 218 739 246 καὶ
762 218 809 245 κοῦ

1014 217 1144 254 cognosci
1162 216 1272 253 poterit,
1299 215 1372 251 quod
1391 213 1606 249 haudquaquam
1625 219 1708 246 grave
1742 235 1745 237 .

69 265 122 291 καὶ
134 263 264 299 χρηστὸς,
275 265 290 291 6
301 264 467 296 Δεσποτικὸς
479 265 581 297 ἐκεῖνος
593 264 727 301 χρησμδς,
741 265 755 291 6
769 263 867 298 λέγων,

73 320 83 337 ι
109 311 168 341 Πᾶς
183 310 197 336 ὁ
210 309 318 345 βλέπων
325 311 443 344 γυναῖκα
457 310 526 343 πρὸς
537 310 568 336 τὸ
579 310 749 346 ἔπιθυμῆσαι
762 309 848 345 αὐτὴν
859 330 867 343 ,

69 356 126 390 ἠδη
144 355 305 391 ὲμοίχευσεν
323 356 409 391 αὐτὴν
425 356 455 382 ὲν
465 357 499 391 τῇ
515 356 615 392 καρδίᾳ
630 355 723 383 αὐτοῦ’
740 366 750 382 ι
777 356 869 383 ἐκεῖνα

70 401 147 432 τέως
165 401 225 427 κατ’
240 400 386 436 ἐπιστολήν
401 400 467 437 [σοι]
484 401 541 436 ὲ.ρῶ
557 409 564 416 ·
592 401 633 428 ὅτι
647 401 767 437 πρῶτον,
781 410 868 437 χρεω-

72 447 198 482 στοῦμεν
222 447 248 474 οί
270 447 319 482 τῆς
343 447 466 482 χάριτος,
482 447 563 474 πλέον
576 447 677 480 τι,τῶν
691 448 720 474 ὲν
734 448 810 484 νόμῳ
825 447 870 484 βε-

72 492 236 526 διωκίτων,
271 493 434 527 κατορθοῦν.
456 493 512 520 Καὶ
540 494 590 529 οὐχ
616 493 719 528 ὁμοίως
746 494 869 528 πέφυκεν

72 539 204 574 ἑκατέρῳ
222 539 302 574 μέρει
324 539 413 575 βαρὺς
435 538 485 574 τῆς
505 540 668 574 νομοθεσίας
684 541 701 575 ἡ
716 539 844 575 ἀκρίϐεια
860 548 868 556 ⁶

72 584 149 611 ἀλλὰ
171 584 204 611 τὸ
229 584 345 616 ἐκεινοις
370 585 435 616 ἴσως
461 584 542 617 δόξαν
568 584 654 620 βαρὺ,
669 586 735 620 ἡμῖν
761 585 870 620 σύμμι-

71 639 143 666 τρον
159 631 208 657 καὶ
229 631 367 666 ἐλαφρόν⁹
388 632 436 658 καὶ
462 631 493 657 τὸ
520 632 586 667 ἡμῖν
613 631 743 664 τοιοῦτον,
756 632 870 665 ἐκείνοις

71 680 106 704 οὐ
123 678 256 705 τοιοῦτον.
269 678 332 709 Τοῖς
348 677 398 713 μὲν
411 677 466 714 γὰρ
480 678 559 714 μόνον
576 678 733 714 ἀπέτρεπεν
749 679 764 705 6
776 679 869 714 νόμος,

71 725 92 751 ἃ
114 724 154 760 μὴ
168 724 249 758 θέμις
263 725 352 751 ποιεῖν
368 732 377 740 ·
392 724 509 759 δύναμιν
526 724 555 751 δὲ
571 724 700 759 οὐδεμίαν
715 724 867 760 ἐχαρίζετο,

73 771 150 807 πρὸς
166 771 217 806 τὴν
231 770 287 796 τῶν
313 770 550 806 νομοθετηθέντων
579 770 762 806 ἐκπλήρωσιν.
790 770 870 806 Ἡμῖν

71 817 104 844 δὲ
124 817 230 852 μεγάλη
248 816 361 851 γέγονεν
378 817 394 851 ἡ
409 816 454 842 διὰ
466 815 514 843 τοῦ
531 816 722 851 βαπτίσματος
746 816 796 843 καὶ
815 817 870 843 τῶν

71 863 169 890 ἄλλων
178 863 287 898 δωρεῶν
309 863 465 898 ιπικουρία,
491 862 659 897 κουφίζουσα
681 863 774 897 σχεδὸν
796 862 870 889 ἆπαν

919 265 956 292 sit
970 269 1018 292 aut
1030 263 1210 299 impossibile,
1225 263 1292 298 quin
1308 266 1402 290 contra
1415 261 1473 288 leve
1486 265 1513 288 et
1529 259 1706 290 c0nveniens,

919 311 1028 339 Domini
1047 310 1157 338 eﬂ‘atum
1180 310 1258 343 illud,
1276 319 1286 335 ι
1302 308 1398 336 Omnis
1426 307 1473 342 qui
1500 306 1645 333 mulierem
1663 305 1708 332 in-

919 363 1025 391 tuetur,
1054 358 1089 385 ad
1112 357 1187 385 illam
1218 354 1477 390 concupiscendam,
1505 352 1561 388 jam
1578 352 1604 379 in
1624 351 1708 379 corde

919 413 970 432 suo
981 404 1171 439 constupravit
1189 403 1262 430 illam
1279 411 1285 428 :
1303 411 1312 428 ι
1329 401 1374 427 illa
1390 407 1438 435 per
1457 403 1621 434 praesentem
1648 397 1705 431 epi-

920 448 1018 476 stolam
1037 448 1085 475 tibi
1106 454 1262 483 suggeram.
1279 445 1381 479 Nempe
1407 443 1435 471 in
1456 443 1553 478 primis
1569 441 1641 476 quod
1657 448 1708 469 nos

920 492 968 526 qui
991 492 1044 519 sub
1058 492 1144 526 gratia
1167 491 1296 523 vivimusl
1313 490 1405 517 debito
1433 493 1556 516 tenemur
1573 487 1708 518 obstricti,

920 537 1007 565 multo
1033 537 1110 572 plura
1141 537 1212 564 bona
1241 535 1383 571 operandi,
1409 542 1492 568 quam
1525 533 1571 568 qui
1586 533 1637 560 sub
1651 532 1709 567 lege

920 584 1111 612 versabantur.
1140 583 1195 610 Nec
1218 582 1344 609 alterutri
1369 582 1441 615 parti
1467 588 1501 607 ex
1525 587 1604 614 aequo
1619 578 1710 613 gravis

919 635 961 657 est
986 633 1081 657 exacta
1112 628 1179 664 legis
1204 627 1386 662 promulgatio
1407 635 1414 653 :
1437 633 1530 653 verum
1565 625 1637 659 quod
1657 623 1710 650 illis

919 675 1037 704 fortasse
1059 683 1141 711 grave
1174 674 1327 706 videbatur,
1339 673 1418 701 nobis
1429 671 1540 707 perinde
1557 677 1710 705 congruum

920 728 948 749 et
961 722 1117 757 expeditum
1136 721 1272 748 videbitur
1289 729 1295 747 :
1328 724 1410 754 atque
1426 719 1452 746 id
1473 718 1545 752 quod
1576 717 1655 744 nobis
1671 721 1712 743 ta-

920 768 1049 796 liusmodi
1066 767 1161 800 fuerit,
1177 767 1249 794 haud
1274 766 1311 793 ita
1329 760 1383 793 illis
1402 764 1581 799 comparebit.
1601 762 1656 790 Illis
1683 762 1710 789 id
1766 787 1772 792 ,

921 815 1009 842 solum
1031 814 1173 841 interdixit
1196 814 1250 843 lex.
1281 812 1353 847 quod
1375 816 1485 847 patrare
1509 810 1549 837 fas
1564 817 1617 836 non
1636 808 1708 835 fuit:

922 860 969 887 sed
985 859 1086 886 nullam
1110 858 1301 893 superaddidit
1317 857 1473 885 facultatem
1497 855 1626 889 implendi
1650 861 1712 889 quae

71 910 106 936 τδ
121 908 262 944 δυσχερὲς,
280 909 327 935 καὶ
351 909 406 935 τῶν
429 908 557 944 πονηρῶν
584 908 749 944 πνευμάτων
762 908 811 943 τὴν

971 913 983 933 e
995 905 1173 940 jubebantur.
1187 903 1270 931 Nobis
1286 903 1351 938 quid
1369 903 1471 938 grande
1497 900 1648 936 adjumenti
1666 907 1711 926 ac-

74 952 135 987 μὴν
165 953 216 978 οὑκ
240 952 314 978 ὲῶσα
337 953 477 988 τυραννίδι
503 952 566 980 καθ’
588 953 666 987 ἡμῶν
689 952 870 986 ἐπιτίθεσθαι,

75 998 152 1035 μόνῃ
176 998 204 1025 δὲ
220 1000 254 1034 τῇ
279 999 400 1035 ἡμετέρᾳ
424 999 559 1036 ῥᾳστώνῃ,
576 1000 623 1026 καὶ
650 997 706 1026 οἷον
734 999 872 1027 ὑποκατα-

74 1044 181 1078 κλίσει,
197 1045 402 1080 παραχωροῦντα
419 1045 533 1082 [αὐτοῖς]
568 1045 617 1080 τὴν
635 1045 768 1073 ἐπίθεσιν.
791 1046 872 1072 Ὥστε

73 1092 100 1116 εἰ
117 1091 156 1126 μή
168 1099 194 1117 τι
204 1091 400 1127 ἀκρισέστερον
411 1092 488 1126 ἡμῖν,
507 1093 580 1127 ἥπερ
594 1093 709 1124 ἐκείνοις
725 1092 873 1128 [ὲ]νενομο-

74 1136 190 1171 θέτητο,
208 1137 248 1168 είς
258 1137 414 1163 τουναιηίον
430 1137 491 1173 ἇνή
507 1137 554 1164 τοῦ
569 1137 637 1165 Θεοῦ
655 1138 813 1175 δικαιοσύνη
825 1139 874 1166 καὶ

74 1182 236 1217 χρηστότης
260 1183 464 1218 περιέστραπτο
475 1189 485 1202 ι
499 1203 507 1216 ,
528 1183 544 1218 ὴ
550 1183 608 1218 μῶν
624 1192 654 1210 τε
675 1184 730 1210 τῶν
742 1184 874 1220 μεγίστης

75 1228 244 1264 ἐπικουρίας
283 1229 442 1263 ¹ιυχάντων“,
479 1230 613 1256 κάκείνων
648 1231 704 1256 τῶν
738 1230 873 1265 μηδεμιᾶς

75 1273 212 1308 τοιαύτης
226 1273 462 1305 ἀπολελαυκότων,
479 1274 528 1309 τὴν
547 1275 631 1311 αὐτὴν
656 1275 811 1311 ἀκρίϐειαν,
827 1276 874 1303 καὶ

76 1319 112 1345 τὸ
121 1320 173 1354 τῆς
181 1318 320 1351 πολιτείας
330 1319 532 1355 παραπλήσιον,
550 1321 770 1356 ἀπαιτουμένων
784 1321 832 1348 καὶ
845 1322 875 1348 ὲν

76 1365 121 1400 τῷ
135 1365 221 1400 ἀνίσῳ
229 1366 278 1400 τῆς
287 1365 428 1400 δυνάμεως
439 1368 488 1402 τῆς
500 1367 561 1402 ἴσης
575 1367 791 1402 ἐπιζητουμένης
805 1367 876 1403 πρά-

79 1410 273 1445 ξεως.Ὧσπερ
287 1410 342 1445 γὰρ
353 1410 446 1438 ἄδικόν
457 1419 488 1436 τε
499 1410 567 1446 όμοῦ
589 1411 635 1438 καὶ
649 1411 812 1446 βαρύτατον,
829 1411 875 1438 τὸν

79 1455 131 1482 δύο
146 1455 267 1482 τάλαντα
274 1455 404 1491 εἰληφότα
416 1456 464 1483 ἐπὶ
473 1458 506 1492 τῇ
520 1456 661 1493 συντελείᾳ
669 1458 719 1492 τῆς
740 1458 876 1493 ἐργασίας

79 1502 152 1529 δέκα
165 1503 307 1529 ἀπαιτεῖν·
320 1502 407 1535 οὕτως
423 1503 558 1538 ὀλίγωρον
569 1523 577 1536 ,
598 1503 659 1536 καὶ,
671 1505 704 1530 ὲκ
721 1503 769 1530 τοῦ
797 1504 875 1532 ὲναν-

80 1548 157 1581 ¹τίου,
180 1547 350 1584 παράνομον,
365 1549 411 1576 τὸν
434 1549 517 1577 πέντε
538 1550 657 1577 τάλαντα
681 1550 808 1583 λαϐόντα,
835 1551 876 1583 είς

81 1595 208 1630 τέσσαρα
220 1596 269 1631 τὴν
281 1596 346 1631 ὃλην
358 1595 458 1632 πρᾶξιν
471 1596 797 1632 συγκεφαλαιωσάμενον,
807 1598 876 1624 ἀπο-

82 1640 228 1675 δέχεσθαι·
249 1641 307 1667 ἀλλ’
325 1641 440 1669 ἕκαστον
460 1642 511 1675 δεῖ,
537 1643 677 1677 ἀναλόγως
689 1645 722 1679 τῇ
739 1644 812 1679 ἰσχύϊ
831 1643 878 1670 καὶ

83 1687 126 1722 τῷ
143 1687 344 1723 καταίλῃθέντι
359 1689 521 1724 χαρίσματι,
537 1689 585 1725 τὴν
599 1690 731 1725 ἐργασίαν
745 1690 878 1725 εἰσπράτ-

82 1732 192 1759 τεσθαι.
209 1733 336 1759 Τοιοῦτον
351 1735 405 1768 γὰρ
420 1734 469 1769 τῆς
487 1734 620 1769 ἰσότητος,
637 1735 686 1761 καὶ
709 1735 759 1770 τῆς
777 1735 878 1762 ἀδεκά-

85 1787 152 1805 στου
165 1778 290 1814 γνώμης,
307 1780 353 1806 καὶ
366 1780 492 1816 κρίσεως,
508 1780 523 1806 ὸ
539 1779 648 1813 θεσμός.
665 1780 748 1815 Δῆλον
765 1789 878 1816 τοιγαρ-

84 1824 135 1850 οὖν
156 1825 189 1850 ὲκ
211 1825 266 1851 τῶν
278 1825 444 1861 εἰρημένων,
463 1826 501 1857 ὡς
515 1825 636 1853 τοιοῦτον
651 1826 716 1861 παρ’
726 1827 792 1861 ἡμῖν
804 1827 878 1861 ὀφεί-

85 1871 128 1897 λει
145 1870 304 1906 νομίζεσθαι
317 1891 324 1902 ,
349 1871 380 1898 τὸ
409 1871 476 1906 μηδὲ
501 1871 636 1907 ἑμδλέψαι
653 1873 770 1906 γυναῖκα
782 1892 789 1903 .
809 1872 878 1907 πρὸς

84 1917 116 1943 τὸ
133 1917 302 1952 ἐπιθυμῆσαι
327 1917 421 1953 αὐτὴν,
441 1915 498 1944 οἷον
514 1917 590 1952 παρὰ
605 1919 660 1949 τοῖς
687 1918 715 1943 ἐν
730 1917 770 1952 τῷ
784 1917 859 1953 νόμῳ
869 1938 877 1950 ,

84 1963 117 1988 τὸ
144 1962 183 1998 μὴ
208 1962 361 1998 μοιχεῦσαι.
384 1963 440 1989 Καὶ
460 1963 520 1997 οὐχὶ
545 1962 599 1989 τῶν
628 1962 715 1997 λόγων
735 1964 758 1982 ι’
774 1962 804 1989 τὸ
824 1963 878 1997 ἀψ-

84 2007 165 2039 ευδὲς
188 2007 235 2034 καὶ
268 2008 414 2035 ἀκόλουθον
439 2009 658 2044 ἐπιμαρτύρεται
682 2008 762 2036 τοῦτο
777 2016 784 2024 ·
810 2009 879 2036 ἀλλὰ

85 2054 134 2080 καὶ
163 2053 209 2080 διὰ
239 2053 293 2081 τῶν
322 2053 412 2089 ἔργων
438 2053 530 2082 αὐτῶν
562 2054 686 2090 ἐναργῶς
715 2055 823 2090 ὁρᾶται.
841 2055 878 2081 Οὐ

85 2099 199 2132 πλείους
215 2100 270 2136 γὰρ
287 2100 360 2127 ἐστιν
373 2100 437 2127 ἰδεῖν
456 2100 511 2128 τῶν
523 2101 691 2133 Μωσαῖκῶν,
705 2101 755 2137 τὴν
779 2101 879 2136 πρᾶξιν

85 2145 271 2179 πεφευγότας,
285 2145 301 2180 ἢ
315 2146 379 2176 τοὺς
392 2145 421 2172 ὲν
438 2146 472 2181 τῇ
489 2145 580 2180 χάριτι
593 2145 662 2181 [καὶ]
672 2145 726 2172 τῶν
745 2147 814 2182 πρὸς
830 2144 879 2181 τὴν

85 2191 189 2226 πρᾶξιν
203 2190 345 2218 ὠθούντων
361 2188 620 2227 ἀνακεχωρηκότας.
640 2192 727 2218 Ὀπου
747 2200 780 2225 γε
803 2191 880 2218 πλεῖ-

922 952 1007 980 cessit
1021 951 1254 986 perbaptismum,
1269 955 1295 977 et
1305 950 1358 977 alia
1382 949 1505 984 quaedam
1531 949 1613 980 dona,
1640 949 1712 974 unde

923 998 951 1025 id
967 998 1040 1032 quod
1055 997 1164 1024 dilIicile
1188 997 1265 1032 prius
1284 996 1335 1024 fuit
1367 987 1564 1027 alleviabatur;
1588 1000 1638 1020 nec
1654 1000 1712 1019 ma—

924 1044 1013 1071 lorum
1031 1043 1178 1078 spirituum
1195 1043 1385 1078 impetuositas
1410 1046 1570 1076 potestatem
1588 1047 1647 1067 eam
1663 1039 1713 1066 ha-

925 1091 979 1122 bet,
995 1090 1165 1125 tyrannidem
1181 1090 1208 1117 in
1224 1097 1285 1121 nos,
1302 1093 1433 1124 tanquam
1445 1095 1461 1115 e
1481 1088 1542 1114 loco
1559 1086 1711 1122 superiore,

923 1145 1076 1165 exercere:
1106 1136 1298 1164 ιαιιιυιηῐηοιιο
1329 1141 1421 1163 autem
1455 1139 1566 1169 proliter
1589 1138 1712 1160 nostram

925 1184 1078 1212 socordiam
1103 1184 1150 1219 qui
1178 1187 1276 1218 sponte
1302 1182 1486 1216 nosmetipsos
1516 1185 1622 1208 tantum
1657 1187 1712 1208 non

925 1229 1097 1264 subjicimus,
1117 1229 1282 1264 permittitur
1301 1228 1334 1255 iis
1355 1227 1435 1254 nobis
1457 1232 1563 1254 struere
1587 1225 1712 1259 insidias,

924 1283 976 1304 nos
994 1276 1106 1304 adoriri.
1137 1276 1226 1309 Certe,
1245 1275 1268 1303 si
1287 1282 1342 1302 non
1376 1274 1464 1309 magis
1493 1278 1617 1301 exactam
1635 1272 1715 1300 nobis

926 1322 1013 1357 legem
1045 1321 1223 1357 praescripsit,
1252 1328 1334 1356 quam
1365 1320 1429 1352 illis,
1448 1319 1539 1346 divina
1563 1319 1672 1346 bonitas
1687 1321 1716 1345 et

924 1368 1032 1403 iustitia
1051 1368 1078 1395 in
1095 1367 1263 1395 contrarium
1296 1370 1464 1398 verteretur;
1480 1370 1507 1393 et
1528 1372 1543 1391 a
1565 1363 1644 1391 nobis
1667 1364 1716 1398 qui

927 1414 1070 1448 multiplici
1086 1413 1204 1441 fruimur
1218 1413 1387 1447 adiumento,
1403 1416 1431 1439 et
1454 1411 1488 1438 ab
1501 1410 1556 1439 illis
1570 1410 1645 1438 nullo
1669 1409 1717 1437 tali

927 1460 1044 1488 sull'ultis
1071 1459 1184 1491 auxilio,
1212 1458 1306 1486 eadem
1331 1465 1379 1492 per
1411 1456 1504 1484 omnia
1531 1454 1716 1486 conversatio,

928 1505 1011 1540 idque
1027 1505 1212 1536 exactissima,
1225 1504 1412 1538 requireretur
1424 1511 1432 1535 ;
1446 1507 1473 1530 et
1492 1502 1537 1530 ubi
1554 1502 1642 1536 impar
1658 1505 1718 1528 erat

929 1551 1057 1584 facultas,
1073 1550 1171 1586 agendi
1195 1550 1299 1585 paritas
1323 1549 1520 1584 requireretur.
1543 1547 1631 1575 Veluti
1645 1546 1718 1574 enim

929 1597 1122 1631 gravissimum
1137 1600 1190 1627 est,
1204 1601 1230 1622 et
1245 1603 1307 1623 cum
1324 1594 1460 1629 injustitia
1475 1594 1664 1628 conjunctum.
1683 1592 1718 1619 ab

930 1644 978 1670 illo
993 1644 1040 1679 qui
1058 1648 1163 1670 tantum
1189 1643 1244 1670 duo
1274 1643 1378 1677 accepit
1396 1643 1508 1673 talenta,
1525 1645 1718 1668 consummato

929 1697 1022 1726 opere,
1036 1690 1129 1717 decem
1153 1689 1284 1724 exigere:
1309 1688 1347 1715 ita
1378 1687 1570 1723 negligentiam
1589 1686 1670 1721 sapit,
1693 1689 1720 1712 et

930 1741 1064 1772 repugnat
1078 1743 1111 1763 ex
1127 1735 1244 1763 adverso
1261 1735 1312 1769 legi
1327 1755 1335 1767 ,
1358 1742 1420 1762 cum
1448 1734 1569 1768 quinque
1592 1732 1655 1767 quis
1681 1736 1720 1759 ta-

930 1784 1001 1811 lenta
1016 1783 1132 1817 accepit,
1149 1782 1293 1809 deductam
1311 1781 1344 1807 ad
1362 1784 1481 1815 quatuor
1497 1786 1633 1806 summam
1650 1778 1720 1805 reci-

929 1837 1004 1865 pere.
1021 1829 1146 1856 Profecto
1163 1835 1214 1863 par
1230 1832 1257 1854 et
1270 1834 1380 1862 aequum
1394 1830 1445 1856 est,
1464 1830 1492 1852 ut
1507 1825 1625 1859 quisque
1641 1824 1720 1858 juxta

929 1875 1029 1902 virium
1058 1875 1261 1910 proportionem
1278 1877 1305 1900 et
1318 1872 1382 1899 doni
1402 1871 1495 1898 collati
1522 1870 1719 1902 conditionem,

929 1921 1115 1958 operationem
1129 1928 1207 1948 suam
1223 1919 1354 1955 perﬁciat.
1370 1918 1398 1945 ld
1410 1918 1483 1945 enim
1503 1917 1622 1952 postulat
1636 1916 1721 1951 aequi-

931 1969 995 1996 tatis
1011 1973 1038 1995 ct
1062 1975 1117 1994 non
1135 1966 1253 2001 coempti
1273 1965 1395 2000 suffragii
1415 1964 1457 1992 vel
1478 1963 1575 1999 iudicii
1600 1963 1718 1990 sanctio.

929 2015 1008 2042 Patet
1032 2014 1115 2049 igitur
1133 2014 1167 2040 ab
1193 2013 1338 2041 antedictis
1366 2011 1488 2043 dictum,
1510 2009 1569 2037 Non
1594 2014 1722 2044 oportere

931 2062 1074 2089 mulierem
1101 2060 1202 2088 intueri
1232 2059 1266 2086 ad
1292 2057 1541 2093 concupiscendum
1571 2056 1658 2089 illam,
1687 2063 1721 2083 eo

931 2107 991 2134 loco
1020 2106 1091 2142 apud
1107 2113 1157 2133 nos
1175 2105 1341 2137 habendum,
1361 2111 1429 2139 quo.
1448 2113 1457 2130 ι
1476 2103 1536 2131 Non
1561 2102 1719 2130 matchabe—

931 2153 980 2185 ris,
1000 2161 1009 2178 ι
1027 2151 1098 2186 apud
1111 2151 1164 2179 sub
1193 2150 1251 2186 lege
1264 2151 1397 2178 viventes.
1422 2148 1478 2177 Nec
1494 2148 1642 2176 verborum
1658 2152 1720 2174 tan-

932 2198 1077 2226 tummodo
1110 2197 1211 2224 veritas
1237 2201 1265 2225 et
1289 2195 1486 2231 consequentia
1506 2195 1558 2221 hoc
1574 2198 1719 2226 testantur,

87 2247 144 2264 στοι
162 2239 230 2272 ὅσοι,
244 2238 298 2264 τῶν
325 2237 390 2273 παρ’
404 2239 481 2273 ἡμῖν,
494 2237 526 2264 οὐ
547 2238 628 2273 μόνον
654 2238 817 2274 περιέργους

995 2243 1148 2271 clarissime
1177 2250 1226 2278 per
1250 2249 1333 2277 opera
1350 2241 1471 2268 discerni
1485 2245 1584 2275 potest.
1600 2239 1721 2267 Cernere

84 2285 259 2321 ἑρωτιώντας
273 2285 440 2320 ὀφθαλμοὺς,
456 2285 542 2318 ξένοις
565 2285 694 2312 κάλλεσιν
714 2286 764 2312 οὐκ
777 2285 880 2312 ἐπέϐα-

85 2332 132 2358 λον
148 2339 156 2347 ·
172 2331 229 2358 ἀλλ’
250 2331 311 2357 οὐδὲ
323 2332 363 2362 είς
376 2331 438 2365 ὄψιν
452 2331 546 2363 ἁπλῶς
560 2331 690 2366 γυναικὸς
703 2331 861 2367 ὲνητένισαν
870 2339 878 2348 ·

86 2378 170 2413 μέχρι
194 2377 275 2413 ψιλῆς
295 2377 359 2409 θέας
371 2378 477 2409 ἑαυτοῖς
490 2377 520 2404 τὸ
534 2379 632 2412 σεμνὸν
645 2378 876 2413 συντηρήσιντες.

84 2424 219 2458 Δεύτερον
237 2423 277 2455 δὲ,
294 2424 403 2454 ὃτιτοῖς
418 2424 467 2458 μὲν
479 2423 531 2450 ὑπὸ
546 2423 584 2458 τῷ
600 2424 674 2459 νόμῳ
688 2424 878 2458 παιδαγωγου-

86 2470 191 2506 μένοις,
211 2470 246 2497 τὰ
267 2470 497 2506 προστεταγμένα
515 2470 706 2506 κατορθοῦσιν,
727 2471 762 2498 τὰ
782 2471 879 2505 ἀγαθὰ

84 2517 142 2550 τῆς
165 2516 238 2552 γῆς,
252 2514 334 2543 ἆθλον
357 2516 543 2552 προύτείνετο.
577 2517 660 2552 Ἡμῖν
681 2517 710 2543 δὲ
733 2517 880 2549 ,βασιλεία

86 2561 235 2597 οὐρανῶν,
253 2562 300 2588 καὶ
312 2562 330 2589 ἃ
347 2571 357 2588 ι
378 2562 533 2598 ὀφθαλμὸς
561 2563 612 2589 οὐκ
630 2562 695 2596 εἶδε,
709 2564 756 2590 καὶ
769 2561 815 2595 οὖς
830 2563 881 2590 οὐκ

86 2611 200 2646 ignauos,
219 2610 268 2636 καὶ
283 2610 330 2636 ἐπὶ
344 2609 460 2645 καρδίαν
483 2610 630 2645 ἀνθρώπου
660 2611 712 2637 οὐκ
741 2610 880 2646 ἀναϐέὸη-

86 2665 146 2683 κεν.
168 2665 178 2681 ι
194 2656 276 2682 Ὥστε
304 2656 352 2682 καὶ
374 2657 406 2682 ἐκ
428 2655 479 2691 τῆς
509 2656 564 2682 τῶν
596 2656 721 2683 ἐπάθλων
748 2656 880 2692 διαφορᾶς

87 2702 117 2728 τὸ
143 2703 244 2738 ῥᾷστον
266 2702 312 2729 καὶ
337 2702 455 2737 χρηστὸν
477 2703 526 2737 τῆς
562 2703 744 2737 εὑαγγελικῆς
771 2702 880 2738 ἐντολῆς

87 2749 287 2783 ἐπιδείκνυται.
306 2749 343 2775 Οὑ
366 2750 421 2784 γὰρ
441 2749 542 2784 ὁμοίως
569 2749 716 2783 ἐπίπονον,
741 2749 881 2785 δραμόντα

930 2292 1004 2319 enim
1019 2295 1078 2318 erat
1105 2291 1248 2326 pauciores
1273 2296 1319 2324 per
1343 2287 1462 2315 Mosaica
1489 2291 1612 2321 tempora
1629 2291 1719 2313 actum

931 2337 1021 2372 ipsum
1036 2340 1205 2368 aversantes,
1221 2342 1303 2370 quam
1317 2333 1375 2368 qni,
1391 2340 1465 2360 nunc
1486 2332 1538 2359 sub
1564 2331 1660 2366 gratia.
1676 2338 1720 2358 re-

930 2386 1073 2410 cesserunt
1100 2382 1208 2416 longius
1221 2381 1256 2408 ab
1279 2380 1333 2407 illis
1346 2380 1438 2411 rebus,
1461 2386 1522 2414 quae
1539 2377 1721 2412 perpetratio-

931 2429 959 2455 ni
974 2428 1076 2455 dabant
1086 2427 1269 2454 occasionem.
1290 2426 1385 2453 Plures
1401 2430 1465 2452 sunt
1485 2423 1557 2459 apud
1582 2431 1646 2456 nos,
1666 2430 1720 2450 non

931 2473 1024 2504 modo,
1042 2477 1197 2507 satagentes
1208 2471 1304 2498 oculos
1318 2475 1346 2497 et
1369 2470 1566 2498 amaturientes
1598 2468 1721 2503 peregri'

931 2526 1030 2546 narum
1045 2517 1294 2553 pulcliritudinnm.
1309 2516 1356 2551 qui
1375 2524 1429 2544 non
1456 2516 1622 2543 addixerunt
1639 2515 1721 2549 cupi-

930 2565 1063 2593 ditatibus
1074 2564 1146 2597 illis;
1174 2563 1222 2591 sed
1241 2563 1301 2597 qui,
1318 2569 1353 2589 ne
1380 2561 1490 2598 quidem
1507 2562 1533 2588 in
1551 2561 1644 2588 vultus
1658 2568 1717 2586 mu-

930 2611 1029 2639 liebres
1044 2610 1144 2638 intueri
1157 2610 1271 2643 volunt;
1300 2609 1403 2644 quique
1430 2608 1589 2644 gravitatem
1613 2613 1721 2634 morum

932 2658 1065 2685 illibatam
1079 2657 1161 2684 etiam
1178 2657 1212 2683 ab
1238 2656 1339 2683 intuitu
1361 2655 1557 2683 cohibuerunt.
1575 2654 1604 2681 In
1624 2661 1722 2681 secun-

934 2704 989 2736 dis,
1014 2704 1062 2739 qui
1077 2704 1154 2738 juxta
1183 2703 1268 2738 lcgem
1292 2709 1354 2738 quae
1380 2702 1550 2730 scribebatur
1569 2705 1641 2728 recte
1659 2707 1724 2735 ege-

935 2755 1008 2778 rant.
1031 2750 1100 2777 bona
1125 2755 1212 2783 (errat,
1228 2750 1289 2778 loco
1311 2749 1416 2784 praemii
1430 2747 1552 2777 exhibita
1566 2747 1722 2783 capiebant.

727 2831 846 2860 VARIA‘I
861 2830 1066 2859 LECTIONES.

137 2898 149 2913 ι
166 2893 210 2921 ισ.
232 2893 442 2929 περιετράπετο.
472 2895 496 2912 ι·
508 2893 552 2920 ῖσ.
570 2894 635 2921 add.
657 2893 755 2930 μόνων·
771 2893 853 2922 habet
867 2893 939 2921 Mon.
956 2893 1016 2921 sine
1036 2893 1136 2928 μόνων.

250 2940 387 2971 Panos.
403 2940 462 2971 Gn.
481 2940 529 2971 Cl.
