1874 3070
183 147 237 179 995

762 145 893 176 ΡΗΟΤΙΙ
912 145 1164 177 ΡΛΤΒῙΑΒΟΗΕ
1178 145 1234 176 CP.

1749 145 1791 177 996

182 203 237 230 Sed
256 202 397 229 nobiseum
426 202 573 236 stipulatur
603 209 711 237 regnum
738 202 840 229 caeleste
854 209 864 228 :
886 206 913 229 et

1051 202 1141 235 τάδιον,
1153 202 1246 237 τυχεῖν
1275 200 1381 228 κοτίνου
1400 209 1407 216 ·
1428 200 1476 227 καὶ
1506 199 1552 227 δύο
1581 200 1691 234 στάδια,
1706 202 1791 236 χρυσοῦ

183 257 256 283 quat,
288 257 297 274 ι
312 247 366 275 Nec
388 248 486 275 oculus
515 247 600 280 vidit,
633 256 684 275 nec
707 248 782 274 auris
797 248 911 280 audivit,
926 255 976 275 nec

183 294 304 327 ascendit
331 294 358 320 in
388 301 435 321 cor
455 294 573 321 hominis
603 294 724 329 cogitare
743 293 777 320 “3.
811 302 821 319 ι
849 293 888 320 lta
904 293 976 321 vclc

183 341 364 375 discrepantia
393 340 568 376 praemiorum
594 340 750 375 evangelica
780 340 919 372 mandata.
947 345 974 367 et

182 387 283 422 optima
295 387 457 422 judicantur
471 393 498 414 et
513 386 655 414 facillima.
682 386 740 413 Non
759 394 837 422 asque
851 387 974 422 profecto

183 435 352 466 laborarunt,
370 433 393 460 is
407 433 454 468 qui
468 433 586 460 stadium
602 433 735 465 cucurrit.
751 438 781 460 ut
801 433 969 468 oieagineam

184 487 313 506 coronam
332 485 538 514 consequatur;
556 487 588 507 ac
604 480 674 507 alius
685 481 732 514 qui
753 481 809 507 duo
823 480 910 508 stadia
925 487 973 507 cu—

181 527 278 557 currit,
297 530 326 552 ut
352 533 453 552 corona
487 534 569 553 aurea
595 526 768 562 insigniatur.
791 527 871 554 Certe
888 527 974 554 levior

181 573 234 599 erit
244 573 361 598 duorum
379 572 531 600 stadiorum
545 573 682 605 decursio,
704 581 786 608 quam
805 573 897 605 unius,
910 581 972 600 cum

184 615 254 642 inter
275 616 385 650 praemia
400 617 474 643 nulla
487 617 522 644 sit
539 618 719 652 comparatio,
743 618 791 645 sed
814 618 973 652 praesnti-tia

182 662 346 695 etsplendor
367 662 457 695 unius,
489 663 612 690 laborem
643 664 762 694 alleviet.
790 671 840 691 nec
860 672 972 691 sensum

183 707 310 734 admittat
328 709 398 743 apud
417 709 587 736 laborantem
605 710 750 744 geminata:
772 710 974 745 tlefatigationis

182 759 209 781 et
239 755 357 782 sudoris.
374 755 496 787 Accedit,
512 756 586 790 quod
612 763 786 790 nequaquam
811 756 974 790 simpliciter

182 801 251 827 dixit
265 801 428 828 adulterium
444 808 505 828 esse
531 801 605 827 illam
632 808 681 835 per
693 802 790 828 oculos
823 801 975 836 capulatio-

185 854 262 878 ncm;
288 846 334 873 sed
353 854 415 874 cum
434 846 557 874 nominet
573 846 737 874 adulterium
765 846 866 879 cordis,
889 846 973 874 vehe-

184 896 302 918 mentem
323 896 350 918 et
375 891 432 919 fere
456 892 621 926 praacipitem
637 892 851 925 accusationem,
869 899 919 927 per
937 893 976 919 le-

182 944 242 970 gem
259 936 458 970 compassionis
473 936 617 964 inell'abilis
639 937 810 972 amputavit;
828 937 857 964 ln
881 937 973 970 corde,

184 981 323 1015 inquiens,
348 981 476 1009 consistit
492 982 657 1010 adulterium
675 991 682 1010 :
707 982 772 1010 illud
788 990 884 1018 nempe
903 983 975 1018 quod

185 1029 302 1063 patravit
331 1035 379 1063 per
406 1029 502 1056 oculos
531 1029 661 1058 stimulus
691 1034 718 1057 et
737 1030 859 1065 prurigo.
873 1029 975 1065 Ecquis

184 1075 288 1110 aliquid
306 1075 410 1110 majore
426 1083 489 1103 cum
511 1077 712 1111 compassione.
729 1084 812 1110 quam
829 1081 871 1104 est
885 1077 974 1110 istud,

184 1121 278 1148 dicat?
293 1120 485 1149 Fornicantem
502 1121 612 1149 oculum
639 1122 666 1149 in
684 1121 780 1150 faciem
804 1123 900 1150 aliena}
911 1131 976 1150 mu-

184 1168 259 1195 Heris
285 1168 439 1203 proiecisti.
470 1173 497 1196 et
517 1168 591 1203 quod
607 1169 681 1196 haud
700 1169 819 1202 licuerit,
835 1169 976 1205 impudico

184 1218 212 1242 et
226 1215 370 1250 peregrino
385 1215 486 1242 intuitu
502 1215 685 1242 oblectabaris
701 1223 708 1242 :
725 1222 774 1250 per
789 1215 879 1242 visum
894 1214 977 1250 liqui-

185 1260 301 1292 diorem,
321 1260 434 1288 aﬂ‘ectus
451 1268 586 1288 venenum
607 1260 743 1287 mollibus
759 1260 899 1288 instillasti
916 1268 978 1288 cor-

184 1306 288 1333 dibus:
317 1306 416 1333 exinde
443 1305 581 1332 ﬂammata
610 1305 820 1333 luculentiorem
846 1310 873 1333 et
888 1307 977 1342 magis

185 1351 333 1377 violentam
358 1351 385 1377 in
398 1350 564 1385 cogitatione
577 1350 726 1378 accendisli
745 1360 753 1378 :
773 1351 807 1378 ad
830 1358 879 1378 cor
892 1359 978 1386 usque

187 1397 320 1430 processit
334 1396 491 1424 incendium
509 1406 516 1424 :
536 1404 568 1424 ac
583 1396 640 1424 sola
654 1397 847 1432 opportunitas
859 1405 920 1425 com
926 1405 976 1432 pe-

187 1444 314 1471 rendinat
326 1449 418 1471 actum
435 1452 442 1471 :
473 1448 501 1471 et
519 1444 660 1478 quomodo
678 1451 732 1471 non
760 1444 787 1471 in
802 1444 884 1472 corde
899 1445 978 1472 adul-

187 1490 283 1517 terasti
298 1497 357 1517 eam
369 1490 380 1517 Ἰ
393 1489 492 1517 Procul
507 1490 601 1523 dubio,
617 1490 719 1517 diceret
737 1489 818 1524 alius,
845 1490 868 1518 si
890 1495 916 1518 te
927 1491 980 1518 hoc

188 1541 278 1570 ipsum
302 1536 328 1562 in
353 1543 402 1562 sua
432 1542 518 1562 uxore
539 1535 643 1562 videret
661 1539 822 1568 attentasse,
849 1543 980 1564 consum-

1027 250 1161 282 στεφάνου
1188 247 1349 282 ἀξιωθῆναι.
1363 246 1449 282 Δῆλον
1470 246 1536 282 γὰρ,
1561 246 1598 277 ὥς
1621 246 1794 282 κουφότεροςὸ

1025 294 1080 320 τῶν
1094 293 1142 320 δύο
1159 293 1273 320 σταδίων
1288 293 1381 327 πόνος,
1394 294 1410 329 ἦ
1432 294 1447 320 ὁ
1462 293 1510 320 τοῦ
1536 293 1606 325 ἑνὸς,
1620 294 1653 328 τῇ
1679 293 1795 328 ἀσυγκρί-

1025 348 1064 375 τῳ
1077 339 1124 366 τοῦ
1138 339 1256 366 ἐπάθλου
1273 339 1396 374 ὑπεροχῇ
1416 339 1464 365 καὶ¹
1489 338 1679 374 λαμπρότητι,
1691 339 1737 374 τῆς
1756 348 1794 365 τα-

1025 385 1180 420 λαιπωρίας
1198 384 1411 420 κουφιζομένης,
1426 385 1475 411 καὶ
1495 385 1556 420 μηδ’
1573 385 1700 420 αῐσοησιν
1719 386 1794 418 ἐπιγί-

1025 432 1118 458 νεσθαι
1139 431 1358 466 συγχωροῦντος,
1369 432 1419 465 τῆς
1448 430 1546 465 διπλῆς
1579 430 1732 466 συντριϐῆς,
1758 433 1796 456 καὶ

1024 478 1078 504 τῶν
1089 477 1189 503 διπλῶν
1206 476 1336 512 ἱδρώτων,
1352 476 1391 511 τῷ
1407 475 1549 510 κάμνοντι.
1572 476 1634 502 Ἐπὶ
1648 476 1747 506 τούτοις
1764 476 1795 507 δὲ,

1024 523 1085 550 οὐδὲ
1102 521 1224 557 μοιχείαν
1239 521 1342 554 ἁπλῶς,
1357 522 1407 557 τὴν
1425 521 1554 557 τοιαύτην
1572 521 1617 548 διὰ
1635 521 1690 547 τῶν
1705 521 1798 556 ὀφθαλ-

1026 571 1084 606 μῶν
1117 572 1301 607 συμπλοκὴν,
1327 571 1492 607 διωρίσατο·
1521 571 1589 597 ἀλλὰ
1627 570 1746 605 μοιχείαν
1766 570 1797 596 εί-

1027 618 1103 649 πὼν,
1138 619 1167 644 ὲν
1203 619 1311 654 καρδίᾳ,
1345 618 1391 645 καὶ
1423 617 1454 644 τδ
1491 617 1586 644 δοκοῦν
1619 616 1730 650 σφοδρὸν
1758 616 1798 651 τῆς

1025 663 1202 697 ἀποφάσεως,
1224 665 1270 690 καὶ
1293 663 1440 698 ἀπότομον,
1456 663 1532 698 νόμῳ
1557 662 1728 697 συμπαθείας
1741 663 1799 695 ἀψά-

1023 717 1071 735 του
1103 709 1231 736 ἐκόλασεν
1250 711 1280 736 ⁸.
1305 710 1350 736 Ἑν
1375 709 1473 745 καρδίᾳ
1488 729 1496 741 ,
1527 710 1632 744 φησὶν,
1660 709 1676 743 ἠ
1707 708 1798 742 μοιχεία

1025 753 1193 789 συνέστη,ἣν
1207 755 1220 781 6
1237 754 1281 781 διὰ
1296 755 1350 781 τῶν
1365 755 1497 790 ὀμμάτων
1507 753 1615 790 οἶστρος
1625 754 1671 780 καὶ
1684 752 1800 788 γαργαλι-

1026 799 1094 833 σμὸς
1107 801 1309 836 κατειργάσατο
1322 809 1329 816 ·
1347 801 1421 832 ὅπως
1434 801 1468 828 ἄν
1485 809 1528 832 τις
1543 800 1799 835 φιλανθρωπότερον,

1024 845 1041 881 ἢ
1058 844 1144 876 οὕτως
1159 845 1249 878 εῖποι;
1267 845 1403 881 Ἐρῤιψας
1419 846 1496 881 ὖμμα
1512 845 1646 880 πορνικὸν
1663 845 1709 871 ἐπὶ
1729 845 1800 880 πρόσ-

994 892 1014 920 Β
1028 900 1104 918 ωπον
1129 891 1259 926 γυναικὸς
1281 892 1425 927 ἀλλοτρίας
1436 900 1444 908 ·
1462 893 1664 928 ἐνετρύφησας,
1682 892 1730 918 οὐχ
1741 891 1800 923 ἐξὸν,

1025 937 1137 971 ἀσελγεῖ
1161 939 1209 964 καὶ
1233 939 1302 974 ξένῳ
1325 939 1462 973 οεάματι·
1483 939 1639 974 βλέμμασιν
1660 938 1801 974 ὑγροτέροις

1025 983 1075 1010 τὸν
1086 985 1125 1010 ἰὸν
1139 984 1187 1011 τοῦ
1209 985 1312 1016 πάῦους
1327 986 1426 1021 ψυχαῖς
1449 985 1597 1017 ἔνέσταξας
1614 984 1800 1020 ἀπαλωτέραις·

1026 1030 1135 1065 ἀνῆψας
1153 1031 1268 1062 ἐκεῖθεν,
1291 1032 1474 1067 σφοδροτέραν
1489 1032 1583 1058 λοιπὸν
1594 1031 1644 1058 καὶ
1656 1030 1802 1062 ἀκάθεκτον,

1026 1075 1056 1102 έν
1072 1076 1126 1106 τοῖς
1141 1075 1285 1111 λογισμοῖς
1300 1077 1349 1112 τὴν
1366 1077 1454 1111 φλόγα
1467 1084 1476 1093 ·
1496 1077 1578 1112 μέχρι
1595 1076 1711 1112 καρδίας
1724 1077 1740 1111 ὴ
1758 1075 1802 1101 πύ-

1028 1129 1111 1156 ρωσις
1129 1121 1237 1157 διῆλθεν
1250 1130 1257 1138 ·
1274 1123 1402 1158 εὐκαιρία
1414 1123 1482 1158 μόνη
1496 1123 1564 1158 πρὸς
1583 1123 1635 1158 τὴν
1652 1123 1747 1158 πρᾶξιν
1758 1121 1803 1148 λεί-

1027 1175 1074 1193 πει
1086 1175 1094 1183 ·
1111 1167 1169 1199 πῶς
1183 1167 1233 1194 οὐκ
1249 1168 1412 1203 ἐμοίχευσας
1433 1169 1463 1196 ὲν
1477 1169 1587 1204 καρδίας
1602 1169 1673 1195 Ἀλλ’
1691 1167 1748 1194 εἷπε
1763 1167 1804 1203 μὲν

1029 1212 1094 1244 ῐσως
1109 1213 1187 1244 ἄλλος
1198 1213 1231 1240 ἄν
1241 1222 1293 1246 τις,
1307 1214 1344 1246 ὡς
1363 1215 1411 1241 καὶ
1421 1215 1544 1250 μοιχείαν
1559 1215 1671 1242 τελείαν
1688 1214 1805 1249 εἰργάσω,

1027 1258 1062 1285 ἂν
1076 1259 1116 1290 είς
1128 1258 1176 1293 τὴν
1192 1259 1290 1286 ἑαυτοῦ
1303 1268 1332 1286 σε
1345 1260 1462 1295 μάλιστα
1475 1260 1626 1296 συνῄσθετο
1637 1260 1716 1286 τοῦτο
1724 1259 1805 1294 5:69a-

1028 1306 1107 1333 κότα.
1130 1307 1206 1333 Φιλεῖ
1221 1308 1274 1342 γὰρ
1287 1307 1412 1342 ἕκαστος,
1431 1309 1536 1344 ὥσπερ,
1553 1310 1603 1335 ὅσα
1620 1309 1672 1344 μὲν
1688 1308 1762 1339 αὐτὸς
1774 1308 1807 1338 είς
1834 1335 1839 1342 1

1029 1353 1126 1385 ἄλλους
1143 1354 1263 1390 ἥμαρτε,
1283 1356 1381 1391 μέτρια
1394 1358 1493 1389 ποιεῖν,
1512 1356 1559 1384 καὶ
1573 1356 1737 1392 βραδύτερον
1755 1357 1807 1381 ἑπι-

1031 1401 1160 1431 σκοπεῖν,
1181 1400 1268 1432 οὕτως
1297 1401 1434 1435 ὀξύτερον,
1451 1402 1482 1429 τὺ
1510 1402 1551 1434 είς
1574 1403 1674 1429 ἑαυτὸν
1700 1402 1810 1436 ἀδίκημα

1031 1445 1152 1480 βλέπειν,
1170 1447 1218 1473 καὶ
1243 1446 1304 1474 τότε
1319 1448 1444 1483 γενέσθαι
1469 1449 1517 1475 τοῦ
1541 1449 1729 1484 ἀκροδικαίου.
1753 1447 1809 1474 Ἐπ-

1031 1491 1128 1523 έὸαλες
1140 1493 1296 1528 ὀφθαλμοὺς
1307 1494 1402 1529 ὕψεσιν
1413 1495 1578 1529 ἀλλοτρίαις,
1589 1495 1722 1530 πορνικὰς
1729 1494 1760 1521 δι’
1770 1493 1811 1520 αὑ-

1031 1537 1086 1563 τὼν
1104 1538 1255 1573 ἐκπέμπων
1272 1540 1384 1571 ἀκτῖνας
1399 1548 1407 1555 ⁸
1424 1540 1685 1575 ἀντανεκλάσοησάν
1708 1548 1747 1566 σοι
1765 1538 1810 1564 πά-

188 1588 280 1608 masse
305 1588 367 1607 cum
386 1580 431 1606 illa
461 1580 639 1607 adulterium.
658 1581 738 1607 Amat
762 1580 834 1607 enim
850 1581 928 1615 quilil

1070 1591 1074 1605 ι
1091 1565 1198 1610 ἐκεῖθέν
1213 1565 1385 1621 amputat}
1400 1565 1669 1622 paeggisa,‘g;
1683 1565 1810 1621 μέσηςδε-

187 1626 321 1662 quidquid
354 1626 382 1653 in
412 1625 481 1654 alios
504 1626 563 1661 ipse
588 1626 765 1658 commiserit,
779 1630 807 1653 et
819 1626 925 1655 tardius

1072 1628 1142 1664 ήσας
1169 1630 1295 1664 καρδίας,
1310 1632 1485 1667 αἰχμάλωτον
1509 1631 1599 1664 ἕλκεις
1613 1631 1646 1658 τὸ
1676 1631 1752 1664 ζῶον,
1763 1631 1811 1661 τοῖς

189 1673 306 1704 dere,.et
317 1671 484 1700 moderatius
501 1679 630 1699 censere:
643 1671 690 1699 sed
701 1672 774 1707 quod
790 1671 818 1699 in
834 1672 929 1707 ipsumi

1070 1676 1124 1707 τοῖς
1142 1675 1341 1712 ἀνθελκόμενος
1366 1678 1476 1714 βρόχοις
1490 1687 1498 1695 ·
1515 1678 1656 1714 ἐτρώθης,
1677 1678 1793 1714 ἔτρωσας
1803 1683 1810 1691 '

189 1718 340 1746 admissum
349 1723 401 1750 est,
417 1718 524 1744 acutius
539 1724 660 1749 cernere.
676 1721 703 1744 et
718 1725 856 1745 summum
868 1719 895 1745 in
906 1718 929 1753 jt

657 1738 660 1749 ,
676 1721 703 1744 et
718 1725 856 1745 summum
868 1719 895 1745 in
906 1718 981 1753 judi-
1035 1721 1220 1757 κατεδλήθης,
1239 1724 1397 1756 κατέσαλες.

189 1764 276 1792 cando
291 1764 407 1798 rigorem
418 1769 554 1790 exercere.
565 1763 677 1796 OCulos,
689 1763 785 1792 alienis
793 1764 881 1792 oculis
889 1764 1013 1800 adiecisti
1028 1775 1035 1793 :
1047 1774 1096 1802 per
1104 1769 1215 1796 eosdem
1227 1769 1392 1798 lornicantes
1413 1770 1529 1798 emisisti
1545 1771 1639 1799 radios
1661 1782 1668 1799 :
1685 1770 1787 1802 abindc,
1800 1775 1813 1796 ο

190 1811 344 1838 conversini
358 1809 556 1844 ejaculationes
567 1810 594 1837 in
609 1815 635 1837 te
650 1810 828 1839 reﬂectunlur
839 1812 1033 1847 improbiores.
1047 1813 1157 1847 Totum,
1171 1823 1186 1843 e
1199 1816 1289 1844 medio
1301 1817 1383 1844 corde
1397 1817 1569 1849 innodatum,
1591 1817 1713 1845 vinctum
1728 1821 1754 1844 et
1770 1822 1812 1843 ca-

189 1860 294 1896 ptivum
307 1858 408 1888 animal
421 1858 546 1891 abducis,
557 1858 615 1893 ipse
625 1866 671 1893 per
679 1859 789 1887 eosdem
798 1859 877 1887 funes
891 1865 1024 1889 ettmctus
1032 1871 1040 1889 :
1048 1862 1206 1891 vulneratus
1217 1871 1247 1892 es
1256 1864 1402 1892 vulnerasti
1414 1870 1583 1900 :prosuatus
1589 1871 1619 1892 es
1627 1863 1812 1899 prostravisiti.

225 1906 259 1934 Et
276 1906 373 1942 quidni
403 1906 546 1941 perspicue
559 1906 610 1934 hoc
627 1906 663 1934 sit
681 1907 865 1935 adulterium?
879 1907 965 1936 Verum

1072 1910 1132 1942 [ιὼς
1144 1911 1206 1946 οὒχὶ
1221 1913 1310 1948 σαφὴς
1324 1913 1403 1940 τοῦτο
1418 1913 1527 1948 μοιχεία
1539 1922 1547 1946 ;
1560 1912 1633 1940 Ἀλλ’
1646 1913 1696 1948 οὑχ
1705 1913 1719 1939 ὁ
1730 1911 1812 1947 φιλάν-

190 1953 347 1981 miscricors
363 1951 434 1978 Deus
447 1959 500 1978 non
520 1951 547 1979 id
565 1951 601 1979 ita
621 1957 728 1986 reputat
745 1961 753 1980 :
778 1953 929 1982 circumscr

1073 1965 1140 1989 υπος
1158 1958 1237 1993 ἡμῶν
1251 1958 1317 1989 Θεὸς
1333 1959 1420 1990 οὕτως
1430 1967 1437 1974 ·
1452 1958 1521 1986 ἀλλὰ
1543 1958 1625 1994 μέχρι
1647 1959 1775 1996 καρδίας,
1789 1958 1813 1984 ιν

190 2000 380 2033 peccatnm.et
395 1997 471 2023 cordi
483 1995 576 2031 alItgit,
597 1996 642 2024 ubi
659 1997 751 2031 passio
768 1998 930 2032 producebal

1071 2002 1113 2028 καὶ
1131 2002 1163 2028 τὺ
1177 2002 1262 2034 πάθος
1280 2004 1400 2038 ὑπέστη,
1423 2004 1590 2039 περιγράφει
1606 2003 1657 2039 τὴν
1672 1995 1811 2039 ἀμιρτὶαν.

190 2044 236 2071 Ait
251 2043 346 2071 enim:
369 2051 379 2068 Ι
398 2041 427 2069 ln
451 2043 532 2070 corde
555 2042 714 2070 adulterasti
740 2050 813 2070 eum.
826 2053 835 2070 ι
856 2043 930 2072 Videt

1078 2047 1256 2083 Ἐμοίχευσας
1282 2049 1346 2085 γὰρ,
1372 2050 1471 2085 φησὶν,
1498 2051 1527 2077 ὲν
1553 2050 1664 2086 καρδίᾳ.
1696 2059 1706 2077 ι
1742 2049 1813 2085 Ὁρᾷς

191 2090 238 2124 qui
249 2089 369 2124 optimus
388 2093 441 2120 est,
459 2088 575 2123 benigne
590 2093 697 2123 reputet
707 2096 769 2124 quae
783 2089 889 2122 deﬁnit.
902 2098 931 2118 nt

1072 2102 1109 2125 ως
1128 2094 1271 2129 χρηστῶς,
1288 2096 1361 2126 ὅπως
1382 2095 1501 2130 κούφως,
1518 2096 1608 2123 πάντα
1632 2095 1812 2131 γνωματεύει·

192 2134 325 2170 parcens?
359 2133 411 2160 Sed
431 2139 529 2168 praeter
543 2134 598 2168 jam
618 2134 699 2161 allata
710 2135 775 2162 illud
793 2135 893 2170 cogita.
923 2136 981 2165 Hoc

192 2181 238 2208 ille
253 2180 353 2208 scitum
380 2179 506 2214 protulit,
522 2187 577 2206 non
600 2184 630 2207 ut
644 2180 791 2208 meditatus
806 2180 832 2207 in
854 2189 902 2210 nos
915 2189 981 2217 sup-

191 2227 316 2262 plicium,
345 2225 391 2254 sed
410 2230 439 2253 ut
465 2226 588 2252 eximens
605 2232 657 2253 nos
681 2233 696 2253 a
721 2226 864 2261 supplicio.
892 2227 981 2262 Certe,

1035 2139 1109 2171 ὅπως
1122 2140 1200 2176 ἡμῶν
1209 2141 1344 2175 (gaias-tat;
1358 2142 1431 2177 Πρὸς
1443 2142 1472 2168 δὲ
1483 2143 1537 2174 τοῖς
1549 2142 1705 2177 εἰρημένοις
1716 2142 1815 2169 κάκεῖνο

1034 2184 1141 2219 λογίζου
1152 2193 1159 2201 ·
1179 2187 1220 2213 ὅτι
1238 2187 1298 2223 οὐχὶ
1317 2189 1452 2223 τιμωρίαν
1469 2189 1534 2223 ἡμῖν
1555 2189 1689 2221 ἐπινοῶν,
1705 2187 1770 2215 ἀλλὰ
1781 2195 1815 2213 τι-

1037 2233 1149 2268 μωριῶν
1174 2233 1379 2270 ἐξαιρούμενος,
1395 2235 1497 2270 ταύτην
1517 2235 1612 2262 ἀνεῖπε
1633 2235 1685 2271 τὴν
1700 2234 1814 2270 γνώμην.

191 2274 239 2308 qui
256 2273 370 2301 libenter
380 2277 406 2299 et
418 2280 479 2300 cum
496 2271 595 2299 allectu
614 2271 732 2306 quodam
755 2273 850 2306 animi,
867 2277 922 2301 tam

1091 2278 1144 2314 γὰρ
1163 2280 1218 2311 τοῖς
1232 2280 1365 2312 τοιούτοις
1382 2281 1579 2316 ὲμφιλοχωρῶν
1593 2281 1707 2313 ἀτόποις
1719 2281 1813 2315 θεάμα-

191 2321 322 2355 congruis
334 2319 498 2354 spectaculis
513 2319 688 2351 immoratur,
706 2325 739 2346 eo
750 2326 818 2354 pene
837 2321 980 2355 processit,

192 2369 223 2391 ut
237 2365 325 2399 ipsum
342 2372 372 2391 se
390 2368 452 2391 actu
468 2367 554 2390 totum
570 2363 690 2398 proluat.
715 2362 862 2397 Quocirca,
890 2370 920 2393 ut
931 2373 982 2394 nos

178 2419 207 2456 ia
221 2409 505 2445 suppliciolibcrarei,
535 2414 636 2437 causes
659 2417 754 2437 omnes
776 2416 898 2438 removet
912 2413 982 2440 unde

179 2463 245 2486 .nos
264 2456 344 2484 nobis
364 2462 459 2490 pinnas
487 2455 665 2482 acccrsimus.
698 2455 775 2487 QUOd
791 2456 814 2482 Si
839 2457 906 2489 velis
923 2465 981 2484 rem

193 2502 326 2530 intentius
351 2506 441 2528 tuente
465 2501 595 2533 recolere,
623 2501 715 2528 videre
743 2502 790 2528 tibi
808 2502 882 2535 licet,
908 2503 982 2538 quod

194 2557 241 2584 per
270 2549 323 2576 hoc
350 2552 516 2582 praeceptum
546 2547 761 2575 consolationem
805 2549 984 2578 humanitatis

1036 2332 1095 2355 σιν,
1113 2324 1198 2358 ἐγγύς
1220 2325 1278 2351 ἐστι
1304 2326 1352 2352 καὶ
1369 2325 1439 2361 πρὸς
1460 2325 1546 2362 αὐτὴν
1568 2326 1618 2361 τὴν
1636 2326 1737 2361 πρᾶξιν
1755 2326 1816 2354 ὅλως

1037 2368 1232 2404 βαπτισθῆναι,
1251 2370 1310 2397 Ἱνα
1325 2370 1372 2398 οὖν
1394 2371 1468 2406 ἡμᾶς
1485 2371 1610 2407 ἐξέληται
1628 2371 1676 2399 τοῦ
1694 2370 1815 2404 κολασοῆ-

1036 2423 1092 2446 ναι,
1105 2415 1317 2450 προαναστέλλει
1332 2416 1381 2449 τὰς
1393 2417 1482 2448 αἰτίας
1504 2416 1569 2450 τῶν,
1584 2416 1628 2451 ἐφ’
1642 2414 1683 2450 οἷς
1697 2418 1817 2451 είσπρατ-

1035 2461 1140 2496 τόμεοα
1159 2462 1209 2493 τὰς
1229 2462 1374 2498 τιμωρίας.
1399 2463 1479 2495 Ίδοις
1499 2463 1521 2490 δ’
1542 2463 1575 2490 ἂν
1597 2463 1697 2498 μᾶλλον
1714 2464 1816 2490 ἐπισκο-

1035 2507 1182 2543 πούμενος,
1193 2507 1232 2540 ὡς
1241 2508 1301 2543 οὑχ).
1312 2508 1407 2544 ποινὴν
1418 2509 1594 2545 ἀδυσώπητον
1603 2517 1610 2524 ·
1622 2509 1681 2536 οὐδὲ
1692 2507 1817 2544 τιμωρίαν

1036 2553 1231 2589 ἀλογοοέτητον
1243 2563 1250 2570 ⁸
1265 2555 1447 2589 ψυχαγωγίαν
1459 2555 1487 2581 δὲ
1502 2555 1601 2589 μᾶλλον
1619 2555 1816 2590 φιλάνθρωπον,

194 2595 301 2630 plenam
332 2593 465 2629 suggerit,
499 2597 526 2620 et
550 2594 790 2621 manuductionem
805 2595 839 2622 ad
856 2596 984 2629 salutem,

195 2647 249 2667 non
262 2644 353 2666 autem
369 2638 533 2674 suppicium
550 2639 686 2666 construit
713 2639 906 2674 implacabilis,
929 2649 984 2668 non

196 2693 303 2721 pmnam
322 2685 398 2714 nullo
412 2685 494 2714 modo
512 2686 710 2714 redimendam.
737 2686 806 2714 Cum
823 2687 906 2720 enim,
924 2695 985 2722 quae

231 2756 253 2771 ⁸⁸
268 2755 276 2782 Ι
290 2756 353 2782 (lor.
371 2764 400 2788 ιι,
414 2756 439 2782 9.

1035 2601 1083 2627 καὶ
1108 2601 1292 2635 χειραγωγίαν
1320 2602 1470 2636 σωτήριον,
1496 2601 1540 2628 διὰ
1562 2602 1664 2636 ταύτης
1689 2601 1753 2636 ἡμῖν
1773 2598 1818 2632 τῆς

1035 2645 1146 2680 ἐντολῆς
1168 2645 1317 2681 μεθοδεύει.
1338 2647 1419 2678 Πῶςς
1444 2647 1522 2674 Ἐπεὶ
1544 2647 1608 2682 γὰρ,
1629 2644 1673 2673 οἷα
1688 2645 1770 2673 πολλὰ
1787 2643 1818 2669 τὰ

1035 2689 1206 2724 ἀνθρώπινα,
1224 2691 1272 2718 καὶ
1292 2691 1377 2728 χωρὶς
1396 2692 1512 2728 μελέτης
1531 2692 1579 2719 καὶ
1601 2691 1769 2728 περιεργίας,
1783 2688 1818 2720 εἱς

851 2816 969 2844 VARI/ﬁ
999 2815 1204 2845 LECTIONES.

253 2861 262 2879 ι
278 2861 384 2896 :mtw
397 2861 525 2888 ἑκόλαΰεν
538 2861 619 2889 habet
637 2867 663 2889 ct
678 2861 740 2889 Mon
