1874 3070
67 165 118 198 99'!

530 166 580 196 AD
599 166 896 197 AMPHILOCHIUM
916 164 1092 202 QUESTIO
1109 164 1235 195 CCXXI.

1641 163 1694 196 ΜΒ

63 220 181 252 ἀτόπους
203 219 377 255 ἔκφερόμεθα
399 219 533 255 πράξεις·
558 219 603 246 ἵνα
631 220 742 246 ἐπειδὰν
768 228 803 254 μη

967 224 1062 246 rerum
1077 218 1199 246 condilio
1217 218 1410 250 humanarum,
1421 218 1504 246 etiam
1521 218 1625 254 absque
1642 220 1692 248 ali-

63 266 354 301 προμεμελετηκότες,
379 266 449 301 μηδὲ
473 266 529 298 τοῖς
553 266 695 300 λογισμοῖς
717 265 747 291 τὸ
765 264 851 296 πάθος

63 311 262 346 στηλώσαντες,
283 311 354 338 κατά
372 320 432 337 τινα
448 311 477 338 δὲ
492 311 563 346 βίαν,
587 311 603 346 ἧ
620 310 810 345 συναρπαγὴν,
834 309 851 344 ἢ

60 356 146 389 δόλον,
163 357 203 388 εἰς
224 355 355 391 τοιαύτην
375 356 618 392 παρολισθήσωμεν
648 356 759 391 πρᾶξιν,
777 364 853 390 τηνι-

59 403 150 428 καῦτα
174 402 213 438 μὴ
239 402 441 438 καταπέσωμεν
467 402 618 434 παντελῶς.
638 402 699 437 μηδ’
724 403 764 433 εἰς
780 402 850 428 ἀπό-

59 456 162 481 γνωσιν
181 449 296 480 ἑαυτοὺς
313 449 521 484 ἀπορρίψωμεν.
545 448 614 475 Ἀλλ’
629 447 795 479 ἐννοοῦντες,
810 448 851 474 ὅτι

61 497 130 528 μήτε
149 494 274 530 μελέτης,
292 495 360 530 μήτε
378 495 509 529 σπουδῆς,
527 496 596 530 μήτε
616 494 767 529 λογισμῶν,
784 502 852 527 συγ-

59 540 235 571 καταθέσεως
253 541 503 575 προηγησαμένης,
524 540 561 574 τῷ
582 540 710 575 πτώματι
730 539 852 574 παρεού-

61 594 151 621 ρημεν
161 605 169 617 ,
187 586 284 612 θᾶττόν
294 595 323 612 τε
339 587 438 617 αὐτοὺς
452 587 558 613 ἐκεῖθεν
572 586 772 621 ἀναστήσωμεν
782 607 790 619 ,
805 585 853 612 καὶ

58 632 131 666 προς
159 632 302 666 μετάνοιαν
330 632 494 667 δράμωμεν,
523 633 645 667 μεγάλην
668 632 854 667 ὲφευρηκότες

59 678 190 713 ἀφορμὴν
218 678 402 714 συγγνώμης,
421 679 452 705 τὸ
470 679 507 714 μὴ
527 678 597 714 μετὰ
619 678 733 714 γνώμης
748 679 852 705 πεσεῖν.

61 726 124 751 Ἴνα
137 723 185 751 οὖν
199 724 303 757 τούτοις
314 727 371 756 τοῖς
385 725 536 760 λογισμοῖς,
549 725 632 751 ἐπειῖ
654 725 689 751 ἂν
705 724 736 757 ὲξ
748 725 854 760 ἐπιδρο-

62 771 134 806 μῆς,
152 770 169 806 ἢ
196 771 293 806 τέχνης
316 771 413 803 τινδςιι
432 770 449 806 ἢ
477 771 525 797 κα)⁸
543 770 703 806 τυραννίδος
723 769 852 805 ἁλῶμεν,

59 818 238 852 ψυχαγωγεῖν
266 817 373 852 ἔχωμεν
401 817 530 849 ἑαυτοὺς,
569 816 615 843 καὶ
650 816 853 854 προθυμότερον

60 863 133 898 πρὸς
145 863 196 898 τὴν
211 863 354 898 διόρθωσιν
371 862 595 898 εὑϐυδρομῶμεν,
614 863 716 898 ταύτην
731 864 745 889 ὁ
758 862 853 897 Σωτὴρ

904 274 959 300 qua
973 265 1151 294 meditatione
1164 270 1211 293 aut
1229 265 1399 298 curiositate,
1423 265 1449 292 in
1479 265 1613 293 absurdus
1643 266 1694 294 de»

904 312 1020 339 ferimur
1029 312 1169 346 actiones;
1182 312 1253 344 ideo.
1274 311 1301 338 in
1318 319 1380 339 eum
1400 311 1492 343 llnem,
1512 316 1552 344 ut,
1569 319 1632 339 cum
1647 320 1695 340 ne-

903 365 957 392 que
967 358 1057 385 dedita
1070 365 1163 392 opera,
1178 365 1229 386 nec
1239 358 1399 392 cogitationi
1417 357 1525 393 penitus
1543 358 1695 386 inhaerente

903 404 1015 436 atl'ectu,
1028 404 1074 431 sed
1089 411 1137 438 per
1147 404 1214 435 vim,
1230 411 1278 438 per
1298 403 1435 437 rapinam,
1454 410 1501 438 per
1513 402 1635 430 fraudem
1655 403 1696 430 in-

904 449 990 483 ducti,
1007 450 1034 476 in
1049 448 1184 484 ejusmodi
1205 454 1298 476 actum
1315 449 1546 482 exorbitavimus;
1573 453 1640 481 tum,
1666 453 1696 476 ut
1727 458 1730 463 ι

905 507 939 526 ne
959 499 1066 534 penitus
1086 497 1273 527 concidamus,
1292 500 1339 524 aut
1363 496 1525 531 abjiciamus
1543 504 1593 523 nos
1606 497 1631 522 in
1647 496 1695 522 de-

905 545 1104 579 sperationem;
1135 543 1183 571 sed
1210 547 1382 578 reputantes,
1407 543 1480 577 quod
1495 550 1545 569 nec
1556 543 1587 569 de
1608 541 1695 569 mcdir

905 592 1019 623 latione,
1051 598 1103 618 nec
1131 589 1232 622 studio,
1259 597 1311 617 nec
1332 589 1552 621 ratiocinatione,
1579 588 1694 616 condes-

904 637 1034 666 censione
1057 636 1239 672 praacedenlc,
1270 637 1297 664 in
1321 636 1522 671 prolapsionem
1557 635 1692 663 subtracti

905 684 1008 712 fuimus
1030 683 1147 712 celerius
1164 687 1272 711 nosmet
1292 682 1529 714 resnscitabimus,
1554 682 1587 709 ad
1605 682 1693 717 paeni-

904 731 1017 758 tentiam
1029 737 1216 764 accurremus,
1230 730 1345 765 primam
1357 737 1495 764 quamque
1506 729 1591 756 venia:
1602 728 1692 756 indul-

904 777 998 811 gendaa
1026 777 1199 804 occasionem
1223 777 1401 811 arripientes,
1433 776 1547 803 minime
1569 783 1630 807 nos,
1659 776 1694 803 de

905 821 989 848 animi
1007 822 1148 849 sententia
1169 822 1312 857 prolapsos
1330 829 1402 850 esse.
1424 821 1570 855 Quocirca,
1583 821 1692 856 quoties

906 867 940 895 ab
952 868 1075 900 incursu,
1100 868 1142 895 vel
1172 875 1220 902 per
1241 868 1351 903 aliquod
1377 867 1535 900 artiﬁcium,
1564 873 1610 895 aut
1637 867 1693 894 vim

60 909 224 944 ἀπεφήνατο
238 909 288 943 τὴν
310 908 438 944 γνώμην·
459 909 489 935 ὲν
504 910 537 944 τῇ
557 908 612 934 τῶν
626 908 756 944 χειρόνων
777 909 800 934 α1

951 913 1044 940 annice
1062 912 1211 940 adhibitam
1236 920 1415 947 occupamur,
1449 912 1605 939 istiusmodi
1619 912 1691 939 sola-

62 964 117 988 σει,
132 955 180 981 καὶ
190 955 245 982 τῶν
261 955 401 990 λογισμῶν
414 956 447 990 τῇ
461 955 671 989 συγκαταθέσει,
687 955 747 982 ἀλλ’
758 955 808 982 οὐκ
824 955 853 982 ὲν

60 1003 95 1036 τῇ
113 1001 212 1036 πράξει
225 1001 303 1037 μόνῃ,
315 1001 346 1028 τὸ
357 1002 407 1036 τῆς
422 1002 559 1037 ἁμαρτίας
573 1002 751 1037 περιστήσας.
768 1000 853 1027 Τοῦτο

61 1048 90 1074 δὲ
105 1048 136 1075 οὐ
155 1048 316 1083 βαρύνοντος
337 1048 406 1080 ἐστι,
422 1048 486 1083 δίχα
502 1048 593 1082 λόγου,
609 1049 640 1075 τὸ
663 1049 781 1080 συνειδὸς
798 1047 853 1074 τῶν

60 1095 276 1130 ἁμαρτανόντων
292 1115 300 1128 ,
329 1094 397 1122 ἀλλὰ
426 1094 636 1130 βεϐαρημένην,
665 1094 720 1121 τῶν
746 1094 796 1121 οὐκ
820 1095 854 1121 ὲκ

63 1140 182 1174 μελέτης
196 1139 331 1177 ᾁλόντων,
357 1139 588 1174 ἀνακουφίζοντος
610 1139 660 1175 τὴν
682 1139 852 1176 συνείδησιν,

61 1185 111 1211 καὶ
133 1179 365 1220 παρηγοροῦντος.
393 1185 500 1220 Ὥσπερ
524 1185 579 1220 γὰρ
602 1186 658 1217 τοῖς
683 1186 718 1212 δι’
740 1186 853 1213 ἐκείνων

62 1230 226 1265 προελθοῦσι
249 1231 303 1257 τῶν
321 1231 519 1267 ἐρεθισμάτων,
549 1232 620 1266 μέγα
643 1233 689 1258 καὶ
713 1231 852 1260 δύσοιστον

61 1276 93 1303 τὸ
104 1276 274 1312 κατάκριμα.
291 1277 345 1312 (Τί
361 1277 416 1312 γὰρ
433 1277 584 1312 ἑμελέταςς
601 1277 628 1304 τί
647 1277 669 1303 δ’
690 1278 853 1314 ἅνηρέθιξες

60 1323 97 1348 τὰ
117 1321 211 1356 πάθη;
231 1322 279 1349 καὶ
303 1323 353 1358 τῆς
370 1322 478 1358 φαύλης
503 1323 639 1358 αἱρέσεως
658 1323 718 1350 ὅλον
738 1324 852 1351 σεαυτὸν

62 1367 186 1399 ἐποίεις,
205 1367 275 1394 ἑκὼν
303 1368 424 1398 ἀποστὰς
440 1368 495 1395 τῶν
518 1369 696 1404 κρειττόνων,
715 1369 802 1396 καίτοι
823 1369 853 1396 τὺ

64 1412 152 1439 Θέλειν
173 1416 208 1439 τα
225 1414 330 1449 ἀμείνω
355 1415 435 1450 ρᾷονς
453 1424 462 1441 ι
483 1415 652 1451 Παράκειται
675 1416 731 1452 γὰρ
751 1417 799 1443 καὶ
822 1417 853 1443 ὲν

63 1461 166 1496 ἑτοίμῳ
189 1462 288 1495 πᾶσιν,
311 1462 349 1494 ὡς
375 1463 421 1489 καὶ
445 1463 551 1495 Παῦλος
576 1463 640 1499 βοᾷ,
667 1464 744 1490 τὸτὰ
761 1464 852 1499 ἀγαθά

63 1507 163 1539 θέλειν,
185 1517 196 1534 ι
213 1508 259 1535 καὶ¹
273 1509 349 1535 οὐδὲν
361 1509 480 1545 ἐργῶδες
493 1511 584 1544 μισεῖν
595 1510 751 1544 τάναντία.)
773 1510 853 1537 ’Δλλὰ

62 1555 116 1589 γὰρ
129 1553 224 1589 ὥσπερ
239 1555 294 1586 τοῖς
310 1555 442 1587 τοιούτοις
456 1556 486 1582 τὸ
501 1556 551 1591 τῆς
566 1557 756 1592 κατακρίσεως
772 1556 853 1591 χαλε-

63 1601 130 1626 πὸνν
155 1599 227 1626 οὓτω
249 1602 306 1633 τοῖς
331 1601 369 1637 μὴ
385 1602 430 1628 διὰ
451 1602 506 1628 τῶν
529 1602 631 1637 ὁμοίων
650 1603 852 1638 παρενεχοεῖσι,

63 1645 216 1681 προφθάνει
241 1649 291 1683 τῆς
318 1648 454 1683 τιμωρίας
483 1649 499 1684 ἡ
525 1647 737 1683 φιλανθρωπία,
766 1649 795 1673 ὲν
818 1648 852 1682 τῇ

63 1695 160 1729 ταχινῇ
178 1694 362 1730 μεταμελείᾳ,
378 1695 473 1730 ῥᾳδίαν
486 1695 536 1730 τὴν
554 1694 719 1730 συγγνώμην
742 1695 789 1721 καὶ
803 1693 853 1729 τὴν

63 1739 189 1766 ὰθώωσιν
204 1741 382 1776 χαριζομένη.
399 1741 454 1768 Καὶ
473 1741 558 1768 ταῦτα
576 1741 626 1776 μὲν
645 1741 691 1767 ἐπὶ
712 1740 850 1767 τοσοῦτον.

64 1786 100 1812 Σὺ
112 1785 142 1812 δέ
157 1795 203 1821 μοι
219 1787 267 1813 καὶ
280 1788 393 1822 πράξεις
407 1788 524 1821 ἀτόπους
537 1789 681 1824 ἑκτρέπου,
694 1788 741 1814 καὶ
754 1787 851 1814 εἴδωλα

63 1832 120 1862 τοῖς
136 1832 288 1867 λογισμοῖς,
306 1833 350 1860 διὰ
363 1834 511 1870 περιέργου
529 1834 576 1860 καὶ
595 1834 735 1869 ἐμπαοοῦς
751 1832 850 1868 ὅψεως,

64 1878 177 1911 ανιστᾷν
197 1878 311 1913 ἀπέχου,
346 1878 390 1905 ἵνα
406 1887 447 1905 σοι
462 1879 508 1905 καὶ
531 1880 587 1910 τοῖς
608 1878 738 1909 τοιούτοις
761 1877 851 1911 λόγοις

64 1923 171 1957 τρυφᾷν
185 1928 207 1956 ν,
223 1923 291 1950 ἀλλὰ
307 1923 345 1959 μὴ
358 1924 551 1960 δυσχεραίνειν,
567 1924 744 1959 περιγίνοιτο.

906 958 1026 985 tionibus
1041 965 1093 986 nos
1107 957 1219 985 reﬁcere
1235 962 1262 985 et
1285 957 1377 985 fovere
1402 965 1566 993 possumus;
1599 962 1629 985 ut
1653 957 1694 985 sic

904 1004 1031 1031 alacriori
1058 1012 1141 1032 cursu
1166 1004 1284 1032 feramur
1307 1004 1341 1031 ad
1356 1004 1586 1032 emendationem.
1616 1003 1693 1031 Hanc

904 1052 1067 1079 sententiam
1085 1049 1215 1078 Servator
1227 1051 1349 1085 protulit,
1372 1055 1401 1077 ut
1413 1051 1439 1078 in
1450 1050 1618 1078 deteriorum
1638 1049 1692 1077 ele-

908 1095 1010 1128 ctione,
1031 1099 1058 1122 et
1079 1095 1194 1123 rationis
1217 1103 1363 1129 consensu,
1391 1096 1494 1131 peccati
1512 1100 1649 1126 naturam.
1665 1100 1694 1124 et

904 1148 959 1169 non
972 1141 998 1167 in
1015 1141 1075 1169 solo
1086 1147 1159 1174 actu,
1175 1142 1396 1170 circumscribat.
1425 1141 1480 1169 Nec
1495 1146 1537 1169 est
1554 1142 1606 1170 hoc
1625 1149 1692 1170 one-

904 1187 991 1214 rantis
1013 1187 1073 1215 sine
1097 1187 1204 1214 ratione
1233 1188 1427 1215 conscientiam
1459 1187 1692 1222 delinquentium;

904 1233 952 1260 sed
972 1233 1125 1261 alleviantis
1139 1234 1231 1268 potius
1251 1238 1278 1261 et
1301 1233 1472 1261 consolantis
1493 1233 1691 1261 conscientiam

904 1283 1110 1313 praegravatam,
1146 1287 1253 1312 eorum,
1281 1280 1328 1315 qui
1357 1287 1410 1308 non
1432 1287 1448 1307 e
1464 1285 1538 1307 certo
1550 1279 1691 1314 proposito

903 1326 1087 1360 abripiuntur.
1107 1326 1341 1360 Quemadmodum
1357 1328 1429 1354 enim
1443 1327 1497 1355 illis
1511 1327 1558 1362 qui
1570 1327 1604 1354 ab
1619 1327 1693 1361 ipso-

905 1364 964 1398 rum
993 1373 1204 1400 excitationibus
1239 1373 1352 1407 profecti
1376 1378 1458 1406 sunt,
1498 1374 1692 1401 condemnatio

904 1419 1004 1446 accidit
1019 1419 1093 1454 justa
1108 1424 1135 1447 et
1156 1420 1341 1454 importabilis
1370 1420 1446 1456 (quid
1471 1421 1544 1448 enim
1571 1420 1694 1448 studiose

905 1464 1052 1493 meditatus
1065 1466 1115 1493 es?
1127 1473 1259 1501 quersum
1276 1466 1389 1494 an‘ectus
1406 1468 1446 1494 sic
1460 1466 1573 1494 irritasti
1584 1466 1596 1493 ?
1608 1474 1693 1502 quare

904 1516 930 1538 te
942 1516 1028 1539 totum
1043 1513 1186 1547 componis
1209 1513 1240 1540 ad
1257 1513 1459 1547 improbitatem
1473 1513 1691 1547 amplexandam,

905 1563 1001 1593 sponte
1019 1559 1161 1586 declinans
1185 1563 1213 1586 et
1239 1559 1369 1586 recedens
1389 1567 1404 1586 a
1428 1559 1597 1591 melioribus,
1630 1567 1692 1587 cum

905 1608 997 1631 tamen
1015 1604 1095 1632 facile
1108 1604 1196 1632 fuerat
1218 1610 1246 1633 ut
1260 1610 1401 1640 appeteres
1414 1605 1545 1633 meliora?
1557 1615 1568 1631 ‹
1582 1605 1694 1640 Adiacet

906 1649 978 1676 cnim
996 1650 1104 1684 cuique,
1122 1650 1161 1676 uti
1181 1650 1283 1677 Paulus
1298 1651 1345 1682 ait,
1364 1650 1432 1678 velle
1446 1649 1577 1677 bonum“
1595 1659 1602 1677 :
1617 1659 1626 1675 ι
1643 1657 1694 1677 nec

906 1699 949 1722 est
966 1703 1113 1723 onerosum
1129 1696 1221 1723 odisse
1238 1696 1330 1730 mala).
1349 1695 1384 1723 Ut
1399 1696 1459 1723 istis
1486 1695 1584 1722 durum
1599 1702 1639 1722 est
1661 1702 1694 1722 ac

905 1741 1075 1769 intolerabile
1091 1742 1283 1775 condemnari;
1314 1742 1350 1770 ita
1369 1750 1427 1773 eos,
1455 1742 1501 1777 qui
1519 1750 1573 1771 non
1593 1749 1640 1776 per
1655 1741 1694 1768 si-

905 1787 980 1814 milkt
1001 1788 1189 1822 abripiuntur,
1218 1788 1360 1823 suppliciis
1389 1791 1543 1823 exemptos,
1561 1787 1694 1822 praevenit

905 1833 1108 1867 misericordia;
1139 1840 1166 1861 et
1186 1835 1213 1861 in
1238 1835 1354 1862 eelerala
1381 1834 1540 1869 pmnitentia
1552 1842 1605 1861 non
1624 1833 1694 1860 diili-

904 1879 992 1906 culter
1000 1880 1084 1907 donat
1097 1880 1304 1915 indulgentiam,
1321 1886 1349 1908 et
1359 1889 1373 1907 a
1390 1885 1466 1908 reatu
1480 1880 1691 1908 absolutionem.

907 1924 939 1952 Et
959 1925 1015 1952 hzec
1025 1926 1134 1960 quidem
1149 1926 1293 1954 hactenus.
1312 1925 1353 1953 Tu
1365 1930 1455 1953 autem
1471 1928 1593 1953 actiones
1608 1933 1694 1961 quas-

65 1970 131 1999 libet
147 1972 281 2000 absurdas
300 1978 456 2005 aversatur;
472 1977 499 2000 et
510 1974 582 2001 idola
603 1974 725 2009 quaadam
738 1981 785 2008 per
810 1972 1002 2007 cOgitationem
1023 1973 1132 2001 curioso
1154 1979 1181 2001 ct
1204 1974 1352 2001 all‘ectuoso
1378 1973 1477 2000 intuitu
1508 1973 1614 2007 erigere
1645 1972 1694 1999 ab-

65 2018 152 2051 sistis,
167 2023 198 2045 ut
214 2018 254 2046 sic
266 2019 376 2047 demum
395 2021 480 2047 laetari
497 2020 598 2055 possis,
615 2026 642 2048 et
661 2021 740 2055 quasi
754 2019 898 2052 luxuriari,
916 2027 965 2046 nec
979 2020 1035 2047 ullo
1049 2021 1130 2047 modo
1142 2020 1209 2048 allici
1225 2021 1325 2048 talibus
1341 2019 1516 2048 sermonibus
1524 2019 1567 2046 vel
1579 2019 1692 2047 offendi.

324 2067 490 2094 ΕΡΩἹῊΣΙΣ
509 2067 595 2094 ΣΚΑ¹.

116 2113 211 2146 Ποίας
224 2113 364 2147 αἱρέσεως
379 2114 419 2148 ἦν
433 2115 578 2147 Εὐσέϐιος
591 2115 606 2141 ό
621 2114 797 2148 Παμφίλσυξ

905 2065 1071 2099 ΟυλΕδΤΙΟ
1088 2066 1194 2094 CCXXI
1217 2066 1310 2102 [CoisL
1337 2065 1452 2098 CLXVI,
1478 2064 1559 2092 Taur.
1576 2063 1691 2100 CLXV].

997 2111 1079 2147 Cujus
1099 2113 1206 2139 Itwresis
1226 2118 1282 2140 erat
1298 2112 1428 2139 Eusebius
1446 2111 1605 2147 Pamphili?

206 2169 276 2194 Edita
287 2177 300 2195 a
315 2170 465 2195 Montacutio
477 2170 529 2202 (ep.
543 2170 597 2202 ιιι,
609 2171 639 2196 ad
655 2170 782 2196 Constant.
795 2177 820 2202 p.
831 2170 889 2202 901)
900 2173 927 2195 et
939 2178 953 2196 a
966 2171 994 2196 B.
1007 2170 1039 2194 de
1055 2169 1211 2194 Montfaucon
1229 2167 1355 2200 (Biblioth.
1369 2168 1443 2195 Coisl.
1457 2177 1482 2201 p.
1495 2168 1561 2201 548).

99 2224 241 2257 Εὺσὲὃιος,
253 2225 268 2251 ὁ
278 2224 325 2251 τοῦ
339 2225 482 2260 Παμφίλου
490 2225 545 2252 εἴτε
553 2225 646 2257 δοῦλος
656 2226 712 2252 εἴτε
723 2225 839 2260 συνήθης

953 2225 1101 2258 Eusebium,
1137 2224 1273 2258 Pamphili
1302 2224 1360 2251 sive
1393 2230 1502 2251 servum
1529 2222 1587 2250 sive
1613 2221 1693 2249 fami-

65 2270 107 2296 ὅτι
131 2269 183 2304 μὲν
205 2269 387 2305 Ἀρειανισμῷ
409 2270 497 2302 ἑάλω,
526 2270 609 2305 βοῶσι
637 2271 686 2306 μὲν
719 2271 802 2297 αὑτοῦ
821 2271 856 2298 τὰ.

66 2317 168 2351 βιϐλία.
183 2317 239 2342 Καὶ
252 2317 333 2348 αὐτὸς
349 2317 378 2344 δὲ
394 2317 614 2353 μεταμελόμενος
627 2317 707 2352 δῆθεν
721 2319 768 2344 καὶ
780 2318 855 2345 ἄκων

64 2362 115 2398 τὴν
130 2363 210 2389 νόσον
225 2363 403 2398 ἀνομολογεῖ,
417 2364 468 2390 κάν
477 2364 510 2398 τῇ
525 2364 692 2399 μεταμελείᾳ
705 2364 733 2390 δὲ
749 2364 852 2399 μᾶλλον

64 2409 163 2435 ἑαυτὸν
182 2409 317 2436 δείκνυσιν
332 2410 549 2445 ἀμεταμέλητον.
563 2411 600 2437 Οὐ
621 2409 675 2445 γὰρ
695 2410 792 2437 ἑαυτὸν
809 2411 855 2436 ὲκ-

65 2455 162 2489 στῆναι
176 2456 226 2490 τῆς
245 2456 381 2491 προτέρας
397 2455 559 2488 κακοδοξίας
578 2456 612 2482 δι’
627 2452 665 2482 ὧν
681 2455 770 2488 ἔδοξεν
785 2456 854 2482 ἀπο-

64 2500 204 2534 λογεῖσθαι
220 2501 388 2538 συνίστησιν,
407 2502 467 2528 οὐδὲ
482 2503 515 2536 τῇ
531 2501 596 2537 ἁγίᾳ
610 2502 657 2528 καὶ
676 2502 853 2537 οἰκουμενικῇ

99 2560 122 2576 *ο
139 2560 219 2587 Rom.
232 2568 280 2593 vn,
294 2560 337 2588 l8.

903 2271 1011 2302 liarem,
1028 2271 1187 2298 Arianismo
1205 2270 1291 2298 fuisse
1315 2269 1532 2304 correptumﬂ),
1553 2269 1615 2303 ejus
1627 2268 1691 2296 libri

903 2318 1032 2345 clamant.
1049 2317 1107 2352 Ipse
1135 2325 1200 2344 vero
1219 2316 1380 2352 poenitentia
1401 2316 1499 2343 ductus
1526 2315 1569 2342 vel
1590 2315 1694 2342 invitus

904 2364 1030 2390 morbum
1045 2363 1190 2390 confessus
1205 2367 1257 2395 est,
1272 2362 1380 2390 etiamsi
1399 2362 1441 2389 vel
1458 2362 1515 2396 ipsa
1535 2360 1693 2393 paenitentia

904 2409 994 2444 ipsum
1022 2409 1097 2436 nullo
1111 2410 1194 2436 modo
1205 2409 1370 2443 pceuituisse
1393 2407 1523 2435 declaret.
1541 2407 1602 2435 Non
1618 2407 1693 2434 enim

903 2463 933 2483 se
952 2463 966 2482 a
989 2463 1072 2490 prava
1099 2455 1237 2482 sententia
1269 2455 1401 2482 desistere
1423 2461 1471 2488 per
1493 2454 1578 2486 illam,
1608 2461 1693 2488 quam

903 2506 982 2536 parat
1004 2502 1169 2536 apologiam,
1186 2501 1340 2535 profitetur,
1369 2508 1457 2535 neque
1472 2507 1535 2528 cum
1558 2505 1653 2527 sancta
1667 2505 1695 2527 α

658 2605 779 2634 VARIIE
795 2606 999 2634 LECTIONES.

100 2662 115 2676 ι
135 2657 292 2692 διαϐολικῆς
304 2657 380 2684 deest
398 2656 424 2683 in
438 2655 565 2684 Monach.
578 2663 697 2691 quoque.

754 2659 767 2674 ν
780 2655 822 2682 to.
839 2655 988 2691 ὲντρυφᾷν.
999 2655 1105 2692 τρυφᾷν
1132 2654 1214 2682 habet
1224 2660 1253 2682 et
1265 2653 1382 2682 Monach

819 2699 923 2728 NOTAE
930 2723 936 2729 .

100 2751 139 2787 (Ι)
155 2751 195 2779 De
209 2751 319 2778 Eusebii
337 2751 492 2787 Arianisuto
515 2749 574 2776 fuse
599 2749 807 2787 disputavimus
823 2749 850 2787 in

67 2784 354 2815 Animadversionibus
370 2787 396 2812 in
414 2785 500 2812 Vitam
517 2789 544 2810 et
555 2784 655 2816 scripta
669 2784 809 2810 Athanasii
823 2784 851 2810 in

67 2824 154 2850 Ironte
170 2822 339 2849 Collectionis
356 2829 427 2847 nova:
443 2820 492 2847 SS.
514 2819 568 2846 I’P.
592 2819 676 2845 Nobis
689 2819 853 2853 astipulatnr

66 2858 190 2888 Pliotius,
208 2857 252 2892 qui
266 2865 326 2884 eum
343 2857 431 2891 palam
447 2856 579 2892 Arianum
603 2855 733 2892 declarat.
760 2853 855 2892 Quoad

67 2889 278 2928 Origenianismi
295 2889 397 2925 notam,
412 2898 493 2926 quam
513 2890 551 2917 illi
574 2890 659 2917 inurit
673 2890 755 2922 idem,
787 2889 857 2916 nihil

905 2749 986 2777 nobis
1003 2749 1197 2784 proferendum
1218 2748 1338 2784 suppetit
1354 2757 1360 2775 :
1377 2747 1486 2782 eritque
1504 2747 1541 2779 id,
1560 2748 1587 2775 ni
1602 2747 1692 2781 fallor,

907 2793 1008 2812 novum
1040 2785 1110 2811 inter
1127 2785 1223 2811 doctos
1253 2784 1448 2812 controversia:
1478 2789 1692 2818 argumentum:

908 2827 1067 2854 quanquam
1089 2827 1142 2846 non
1159 2819 1316 2847 defuerunt.
1346 2819 1392 2853 qui
1416 2819 1473 2853 jam
1491 2819 1578 2853 ipsum
1590 2827 1622 2846 ex
1639 2818 1693 2845 fre-

910 2853 1003 2889 quenti
1029 2854 1156 2890 Origenis
1181 2861 1294 2889 operum
1312 2854 1435 2890 lectione
1456 2854 1483 2880 in
1509 2853 1693 2890 Urigenianos

911 2888 1044 2925 Quosdam
1063 2888 1172 2918 ci'rorcs
1184 2888 1290 2925 lapsum
1306 2889 1438 2924 suspicati
1455 2890 1519 2917 sitit.
1537 2888 1645 2916 Mons.
