1874 3070
194 174 249 205 999

193 232 364 261 ωουιηειιίετι
378 231 483 268 synodo
504 238 535 259 se
551 230 709 258 consentire
726 230 839 264 indicat,
856 229 902 257 sed
919 236 981 255 con-
996 230 1018 257 Α

168 268 173 275 ’
192 278 380 306 substantialis
408 283 539 312 patronos
568 283 664 304 secum
684 276 819 303 sententia
835 280 863 302 et
887 280 981 302 mente

193 324 338 351 convenire
351 328 507 358 portentose
522 323 608 357 lingit.
622 322 699 355 Quod
715 326 771 348 tum
787 322 838 348 alia
851 321 978 356 plurimo,

193 374 248 396 ttnn
263 369 390 404 epistola,
406 376 489 404 quam
501 368 717 395 (izesariensibus
731 368 851 402 scripsit,
867 367 981 394 demon-

190 421 269 443 strat.
287 416 386 443 Verum
404 416 478 450 quod
506 415 540 442 ab
566 415 645 442 initio
669 415 801 441 Arianam
819 414 979 449 opinionem

190 459 300 493 foverit,
313 466 339 487 et
357 469 444 495 usque
460 461 487 488 in
501 460 582 487 liuent
599 460 633 487 ab
650 468 682 487 ea
702 459 802 486 luenda
824 467 877 486 non
893 459 980 486 desti—

191 506 265 537 terit,
277 507 354 533 multi
367 506 452 541 probe
465 507 565 538 sciunt,
581 511 606 533 et
621 505 714 532 multis
723 513 755 531 ex
768 505 892 539 partibus
903 504 980 539 argui

190 550 270 577 lacile
283 555 382 585 potest.
401 550 478 583 Quod
496 556 587 577 autent
606 550 733 585 Origenis
748 550 854 583 morbo,
871 557 926 585 quo
938 550 982 577 ille

189 597 262 623 circa
278 603 453 624 communem
478 602 599 624 nostram
623 597 853 624 resurrectionem
868 596 981 623 ιιίΥοειιιε

190 647 260 675 erat,
280 643 422 676 laborarit,
446 643 555 671 tametsi
573 643 652 670 multi
674 645 822 679 ignorant;
844 643 867 670 si
889 647 979 670 tamen

189 697 251 715 cum
276 689 404 716 examine
425 689 485 722 ejus
503 689 588 716 libros
611 690 759 721 CVOIVCl'iS,
787 696 854 715 sane
873 688 979 716 videbis

189 742 252 762 eum
276 743 330 762 non
344 735 436 762 minus
451 735 505 762 hoc
531 735 686 770 pernicioso
704 736 800 762 morbo
827 735 978 768 laborasse,

189 789 271 816 quam
289 780 419 808 Arianico
435 780 528 808 furore
543 785 701 815 eorreptunt
714 781 810 808 fuisse.

188 879 351 913 QUIESTIO
362 878 477 906 CCXXII
493 878 590 915 [CoisL
604 878 732 913 CLXVII,
751 879 834 907 Taur.
850 879 978 917 CLXVI].

207 927 276 959 Quid
292 932 329 953 est
348 925 415 952 illud
430 933 438 952 :
457 935 466 952 I
479 925 531 958 Qui
543 923 630 953 minor
641 932 679 953 est
695 927 722 953 in
740 935 819 961 regno
836 927 961 954 caelorum

449 962 537 995 major
549 966 587 988 est
605 961 650 988 ἱίίο
663 963 701 988 7°?
721 971 730 987 ι
995 962 1019 991 Β

628 1007 699 1032 Edita
711 1014 725 1033 ει
737 1007 885 1033 Monlacutio
900 1010 951 1041 (ep.
965 1010 1017 1042 155,

224 1049 301 1083 Quod
332 1057 381 1085 per
402 1050 583 1085 quaestionem
612 1049 639 1077 in
665 1050 848 1078 Praecursoris
870 1051 979 1079 laudem

188 1095 289 1124 dicitur
313 1105 320 1124 :
349 1106 358 1122 ι
377 1097 472 1132 Atqui
489 1096 620 1124 minimus
634 1101 675 1124 est
687 1096 715 1124 in
737 1104 821 1132 regno
833 1098 977 1131 caelorum,

189 1144 277 1178 major
293 1143 339 1170 illo
359 1147 419 1176 est;
433 1151 441 1168 ι
464 1143 521 1170 scio
536 1142 669 1177 plurimos
686 1150 717 1169 ex
740 1142 774 1169 iis
788 1143 834 1177 qui
851 1151 895 1170 me
909 1151 979 1178 prae-

189 1195 344 1222 cesserunt,
376 1190 504 1217 arbitrari
523 1188 697 1217 Servatorem
725 1189 763 1217 ita
780 1190 936 1225 protulisse,
951 1195 981 1217 ut

189 1236 292 1271 proprii
311 1235 395 1262 animi
412 1243 522 1263 sensum
532 1235 690 1270 explicaret.
707 1234 852 1262 lntcrillos
867 1235 979 1270 quidam

190 1286 356 1310 connectunt
374 1281 455 1315 illud,
482 1283 621 1314 minimus,
640 1289 703 1308 cum
719 1282 773 1308 illis
792 1282 817 1307 in
829 1289 907 1316 regno
927 1289 979 1308 ιω-

189 1330 287 1362 larunt,
308 1333 335 1355 et
351 1327 438 1362 ὑφ’ἒν,
455 1333 502 1355 aut
524 1332 655 1363 tanquam
691 1328 801 1354 unicam
824 1328 978 1362 periodum,

189 1377 369 1410 promuttiant
394 1383 402 1401 :
428 1379 512 1409 atque
542 1373 619 1401 illum
653 1373 699 1408 qui
725 1374 752 1400 in
766 1373 813 1400 illo
824 1381 908 1408 regno
919 1374 981 1402 aliis

191 1423 281 1448 minor
296 1425 339 1448 est
359 1420 497 1451 omnibus,
527 1419 658 1454 majorem
689 1419 849 1446 existimant
864 1418 979 1447 Joanne.

191 1468 309 1503 Regnum
327 1469 366 1496 illi
385 1469 428 1496 hic
446 1469 672 1503 interpretantur,
688 1471 795 1502 tempus
813 1467 980 1495 destinatutn

191 1521 254 1551 post
274 1515 442 1543 Dominicam
470 1514 703 1542 resurrectionem
728 1521 735 1540 :
766 1521 820 1548 quo
850 1514 981 1549 temporis

192 1562 340 1594 curriculo,
360 1569 404 1588 res
417 1561 477 1588 lidei
494 1569 542 1595 per
560 1568 681 1591 crucem.
705 1560 883 1594 baptismum,
900 1560 982 1595 spiri-

192 1614 261 1642 tum,
281 1607 475 1643 perfectionem
492 1612 519 1634 et
535 1607 618 1634 robur
626 1607 816 1641 acquirebant.
840 1605 982 1633 Minimum

192 1655 221 1681 in
236 1661 279 1685 eo,
290 1657 455 1688 postremum
468 1651 538 1679 inter
548 1659 595 1679 eos
613 1651 716 1684 volunt,
728 1652 775 1686 qui
791 1652 817 1678 in
833 1652 877 1678 illa
888 1652 982 1686 polilia

191 1704 400 1732 conversantur;
424 1699 471 1734 qui
497 1703 636 1733 utcunque
674 1706 756 1733 quant
781 1698 872 1726 caueri
890 1699 981 1726 minus
996 1699 1019 1729 C

191 1744 324 1780 possidet,
349 1744 435 1778 magis
451 1749 542 1771 tamen
556 1742 662 1770 Joanne
686 1743 874 1779 consequitur.
905 1744 981 1772 Prae-

191 1798 289 1819 cursor
305 1790 389 1822 enim,
407 1790 494 1822 aiunt,
520 1790 572 1817 sub
595 1789 663 1824 legis
677 1789 767 1817 adhuc
779 1789 925 1825 disciplina
944 1790 983 1817 vi-

194 1845 271 1869 vcns,
284 1838 356 1864 inter
371 1842 446 1864 natos
466 1841 593 1863 censetur
608 1836 642 1863 de
657 1836 824 1868 mulieribus,
845 1841 872 1863 et
887 1841 980 1863 contra

193 1883 255 1910 illos
271 1889 368 1910 onmes
383 1882 567 1917 principatum
590 1880 694 1908 retulit.
719 1877 818 1916 Διιιυὶ
830 1881 882 1908 sub
893 1881 982 1916 gratia

192 1929 270 1962 vivit,
287 1929 359 1956 inter
372 1933 448 1955 natos
464 1932 506 1955 est
521 1927 555 1954 de
571 1926 685 1961 Spiritu,
699 1931 726 1954 et
737 1927 771 1954 de
783 1934 895 1954 sursum
908 1934 982 1962 rege-

194 1981 320 2008 neratos;
348 1985 357 2000 ι
375 1974 453 2002 Dedit
480 1974 553 2001 enim
580 1974 647 2009 ipsis
670 1976 834 2008 potestatem
846 1972 919 2000 ﬁlios
935 1972 981 2011 Dei

192 2029 264 2055 esse,
281 2021 327 2056 qui
339 2021 365 2048 in
376 2027 475 2047 nomen
489 2020 575 2055 ipsius
591 2020 716 2051 credunt,
734 2019 781 2054 qui
797 2026 851 2045 non
863 2026 896 2046 ex
917 2026 982 2046 san-

193 2068 335 2104 guinibus,
359 2074 410 2094 nec
426 2066 460 2093 de
476 2065 616 2093 voluntate
625 2065 727 2096 carnis,
745 2064 793 2092 sed
807 2072 841 2092 ex
857 2064 913 2092 Deo
925 2065 981 2092 nati

192 2114 314 2142 suut"°'.
331 2113 439 2147 ijAtque
456 2112 530 2139 nullo
545 2113 660 2139 istorum
673 2111 811 2146 inquiunt,
825 2111 982 2139 Preeursor

194 2161 282 2196 major
293 2165 344 2192 est,
361 2159 485 2194 quinimo
505 2158 546 2185 vel
565 2158 680 2185 tninimo
697 2165 793 2185 eorum
803 2157 980 2192 indigentior.

193 2207 283 2242 Atque
310 2207 441 2234 hactenus
464 2206 511 2233 illi.
532 2206 596 2237 Alii,
617 2204 777 2239 Baptistam,
797 2203 911 2239 opinor,
931 2211 982 2232 nec

193 2254 341 2286 innnerilo,
356 2252 477 2286 reveriti,
494 2260 528 2280 ne
548 2252 629 2280 talem
644 2255 806 2286 tantumque
817 2251 904 2278 virum
918 2259 980 2279 eum

192 2302 268 2330 nullo
282 2309 377 2330 eorum
393 2301 439 2336 qui
456 2308 502 2335 per
514 2299 631 2334 gratiam
643 2298 982 2334 eonsunnnantur,‘mqui-

191 2349 343 2384 parandum
377 2351 509 2378 statuant,
533 2345 581 2373 sed
598 2344 640 2372 vel
655 2345 769 2372 minimo
784 2345 871 2380 magis
881 2346 977 2374 vilem:

192 2396 220 2423 in
240 2395 337 2431 primis
352 2394 427 2426 illud,
449 2403 459 2418 ι
475 2393 499 2420 Is
511 2392 558 2427 qni
573 2391 702 2419 minimus
717 2395 770 2425 est,
784 2400 793 2417 ι
810 2399 858 2426 per
871 2392 979 2426 disjun-

192 2442 311 2469 etioncm
334 2448 350 2467 a
373 2439 566 2475 sequentibus,
599 2438 667 2473 «qui
692 2439 719 2465 in
740 2445 825 2473 regno
846 2439 978 2466 ccelornm

192 2494 248 2522 est,
264 2498 274 2515 ›
295 2488 389 2523 legunt
413 2495 422 2513 :
452 2486 584 2519 secundo,
603 2495 612 2512 ι
630 2493 677 2521 per
691 2493 805 2521 regnum
820 2486 954 2513 emioruni
967 2495 976 2513 I

192 2534 348 2569 expeditius
357 2532 507 2560 secundum
519 2531 625 2559 Domini
635 2532 780 2559 adventum
792 2532 919 2567 cupiunt;
935 2533 982 2559 mi-

194 2580 296 2606 nimum
304 2577 355 2604 diei
366 2576 461 2603 volunt
469 2575 558 2610 ipsum
571 2577 712 2604 Dominum
723 2576 816 2605 Jesuni
829 2577 980 2610 Christum,

192 2625 238 2660 qui
249 2623 421 2658 utcunquein
435 2623 514 2658 primi
524 2623 564 2650 sui
577 2624 708 2651 adventus
724 2628 856 2660 tempore,
869 2625 902 2652 de
914 2625 983 2651 ntul-

193 2674 284 2697 torum
304 2669 434 2704 opinione
457 2677 512 2697 non
537 2670 695 2705 eratmajor
714 2678 796 2705 quam
811 2670 983 2705 Praeeursor;

194 2721 259 2744 tunc
274 2720 364 2744 tamen
380 2716 511 2752 temporis
521 2716 555 2744 ab
568 2717 707 2748 omnibus.
724 2717 805 2744 etiam
822 2725 875 2744 non
892 2717 986 2744 volen-

195 2762 267 2790 tibus
279 2770 340 2790 eum
362 2763 426 2790 olim
444 2771 591 2799 agnoscere
601 2767 628 2790 et
645 2762 776 2797 proﬁteri,
794 2770 856 2789 cum
873 2764 987 2790 horren-

229 2823 251 2839 "
266 2823 332 2852 Luc.
345 2832 393 2858 vn,
406 2823 458 2859 28;
475 2823 571 2851 Matth.
589 2832 627 2857 xi,
644 2824 688 2850 ll.

994 2377 1017 2405 ῐ)

247 2923 270 2940 "
283 2920 325 2948 vel
339 2919 540 2956 συμφρονῆσαι.
597 2923 610 2937 ι
627 2919 688 2947 add.
709 2920 814 2955 καιρόν.
869 2923 884 2944 1
900 2919 961 2947 add.
975 2919 1025 2946 ἔτι.

773 172 906 204 ΡΗΟΤΙΙ
925 171 1178 202 PATRIARCILE
1194 171 1247 201 Ci’.

1033 227 1214 262 συμφωνῆσαι
1229 228 1254 245 ν·
1270 225 1373 261 συνόδῳ
1386 233 1392 240 ·
1410 225 1479 253 ἀλλὰ
1507 225 1570 256 τοὺς
1597 224 1644 251 τοῦ
1662 225 1824 259 ὀμοουσίοιι

1033 272 1207 308 πίιεεῦευτὰς
1221 271 1305 298 αὐτοῦ
1319 271 1457 298 συνελθεῖν
1473 271 1512 306 τῷ
1527 271 1683 306 φρονήματι
1699 272 1746 297 καὶ
1761 280 1824 297 συν-

1032 318 1188 353 διατεοῆναι
1214 319 1248 353 τῇ
1272 318 1387 354 γνώμῃ,
1405 317 1593 353 τερατεύεται.
1612 318 1666 344 Καὶ
1685 318 1766 345 τοῦτο
1781 327 1827 345 σα-

1033 364 1092 398 φῶς
1107 364 1175 390 ἄλλα
1191 373 1221 390 τε
1244 363 1356 390 πλείονα
1368 363 1535 398 παριστῶσι,
1550 366 1595 390 καὶ
1612 364 1630 399 ἡ
1651 366 1707 396 τοῖς
1721 366 1826 391 Καισα-

1034 410 1128 446 ρεῦσιν
1143 411 1217 446 αὐτῷ
1233 412 1370 446 γραφεῖσα
1388 411 1530 446 ἐπιστολή.
1563 411 1633 437 Ἀλλ’
1657 411 1698 437 ὅτι
1715 412 1765 446 μὲν
1779 413 1825 437 ἀπ’

1031 457 1119 491 ἀρχῆς
1135 457 1184 488 τὰς
1208 456 1381 492 Ἀρειανικὰς
1398 457 1476 490 δόξας
1496 456 1662 489 ὑπέθαλπεν,
1679 457 1727 483 καὶ
1746 457 1824 492 μέχρι

1031 505 1124 534 τέλους
1137 504 1166 530 οὺ
1181 504 1284 530 διέλιπε
1298 504 1449 539 περιέπων,
1460 503 1551 530 πολλοί
1561 512 1590 530 τε
1606 505 1826 535 συνεπίστανται,

1032 551 1078 577 καὶ
1094 551 1159 586 ῥᾷόν
1173 551 1232 577 ἐστι
1259 550 1352 577 λαϐεῖν
1377 550 1554 585 πολλαχόθεν.
1581 550 1642 576 "Uti.
1667 550 1695 576 δὲ
1712 551 1761 577 καὶ
1778 551 1824 585 τῆξ

1037 596 1190 631 Ὡριγὲνους
1205 596 1284 622 νόσου
1301 596 1443 630 μετέσχεν,
1459 596 1491 631 ἢν
1506 594 1576 621 κατὰ
1584 595 1632 630 τῆς
1645 596 1738 630 κοινῆς
1747 596 1826 630 ἡμῶν

1034 643 1138 672 ἐκεῖνος
1154 642 1282 678 ἐνόσησεν
1308 641 1484 673 ἀναστάσεως
1495 661 1502 674 ,
1519 643 1544 668 εί
1566 643 1614 668 καὶ
1629 642 1692 673 τοὺς
1710 642 1825 672 πολλοὺς

1035 687 1214 714 ὑπολανθάνει
1229 696 1238 704 ⁸
1256 687 1313 714 ἀλλ’
1328 685 1375 714 οὖν
1393 687 1476 719 αὐτὸς
1491 687 1540 713 σὺν
1560 687 1657 723 ἐρεύνῃ
1677 688 1741 718 τοὺς
1756 688 1825 713 ὲκεί-

1034 742 1082 759 νου
1106 733 1204 767 λόγους
1226 734 1436 769 ἀναλεγόμενος,
1462 733 1539 759 οὐδὲν
1556 733 1666 760 ἔλαττον
1681 733 1766 760 αὑτὸν
1788 732 1826 767 τῷ

1032 779 1148 815 ὀλεθρίῳ
1172 779 1260 815 τούτῳ
1281 780 1481 815 ἀρρωστήματι
1497 778 1537 815 [ἢ]
1561 780 1621 810 ταῖς
1644 779 1827 813 Ἀρειανικαίς

1035 827 1147 862 μανίαις
1163 827 1369 861 κεκρατημένον
1384 826 1456 860 ὕψει.
1771 825 1783 837 ⁸

1292 883 1461 910 ΕΡΩΤΗΣΙΣ
1480 883 1566 911 ΣΚΒ’.

1036 930 1066 957 Τί
1090 929 1196 968 ἐστιν·
1222 938 1231 968 ι
1256 929 1351 968 Ὀ-δὲ
1371 930 1543 968 μικρότερος
1563 929 1603 968 ἐν
1622 928 1661 966 τῇ
1685 934 1828 968 βασιλέι)

1123 964 1183 991 τῶν
1197 964 1343 998 οὐρανῶν,
1357 964 1466 998 μείζων
1481 965 1579 994 αὑτοῦ
1596 964 1694 1001 ἑσέὶνξ
1715 979 1725 995 ο

1027 1011 1056 1035 ad
1066 1011 1217 1036 Constantio.
1236 1017 1261 1040 p.
1278 1010 1402 1040 180-189).

1066 1053 1103 1079 Τὸ
1117 1053 1182 1087 περὶ
1194 1052 1242 1079 τοῦ
1264 1053 1424 1088 Προδρόμου
1442 1052 1472 1080 ὲν
1488 1055 1594 1090 ἐπαίνῳ
1619 1058 1666 1082 καὶ
1683 1058 1744 1083 κατ’
1764 1058 1828 1092 ἐρώ-

1031 1108 1110 1134 τησιν
1127 1099 1284 1135 εἰρημένον,
1305 1109 1314 1125 ι
1337 1099 1367 1126 ὐ
1383 1100 1411 1126 δξ
1436 1101 1599 1136 μικρότερος
1611 1103 1639 1128 ἐν
1656 1105 1688 1138 τῇ
1704 1104 1828 1139 βασιλείᾳ

1031 1145 1086 1171 τῶν
1102 1144 1235 1180 οὐρανῶν,
1250 1145 1351 1180 μείζων
1366 1146 1451 1172 αὐτοῦ
1464 1147 1556 1173 ἐστιν·
1576 1158 1585 1173 ι
1604 1149 1666 1180 τοὺς
1687 1150 1829 1182 πλείστους

1031 1190 1086 1216 τῶν
1105 1191 1157 1225 πρὸ
1172 1191 1261 1226 ἡμῶν,
1278 1191 1500 1227 ἀποφαινόμενον
1515 1194 1605 1220 εἰπεῖν
1618 1194 1662 1221 τὸν
1676 1196 1827 1231 Δεσπότην,

1032 1237 1080 1263 καὶ
1099 1237 1189 1272 ψῆφον
1202 1237 1307 1263 οἰκείαν
1321 1238 1428 1273 φέρειν,
1449 1238 1634 1273 ὑπειληφότας
1653 1241 1827 1276 ἐγνώκαμεν.

1032 1283 1142 1309 Totiva
1155 1283 1194 1316 δὲ,
1211 1285 1235 1309 οι
1254 1284 1303 1318 μὲν
1321 1285 1505 1316 συνάπτοντες
1519 1286 1561 1318 τὸ,
1577 1288 1765 1321 μικρότερος,
1784 1290 1829 1315 καὶ

1031 1329 1077 1362 τὸ,
1102 1329 1136 1356 ἑν
1150 1329 1187 1364 τῇ
1198 1330 1347 1363 βασιλείᾳ
1372 1330 1444 1358 τὼνι
1457 1333 1603 1366 οὐρανιῖιν,
1623 1334 1668 1368 ὑφ’
1687 1335 1717 1360 ἓν
1731 1335 1829 1369 ἀναγι-

1031 1377 1168 1403 νώσκουσι
1180 1384 1187 1391 ⁸
1213 1376 1260 1402 καὶ
1274 1376 1320 1402 τὸν
1339 1377 1368 1403 ὲν
1393 1377 1463 1413 αὐτῇ
1478 1379 1532 1405 τῶν
1549 1379 1636 1406 ἄλλων
1653 1381 1829 1417 μικρότερον,

1031 1422 1079 1447 τοῦ
1104 1421 1227 1447 Ἰωάννου
1252 1421 1359 1448 τιθέασι
1387 1422 1515 1458 μείζοναθ
1534 1423 1701 1454 ,βασιλείαν
1719 1424 1773 1459 μὲν
1789 1425 1830 1450 ἐν-

1033 1466 1132 1499 ταῦθει,
1155 1466 1202 1493 τὸν
1227 1467 1298 1501 μετὰ
1320 1469 1370 1504 τὴν
1396 1469 1565 1505 Δεσποτικὴν
1585 1469 1735 1496 ἀνάστασιν
1752 1476 1766 1491 ι
1787 1470 1830 1502 ἑξ-

1033 1513 1188 1544 ακούοντες·
1199 1513 1260 1539 καθ’
1268 1513 1298 1540 ὃν
1313 1514 1432 1549 μάλιστα
1443 1515 1482 1550 τῷ
1491 1515 1610 1550 σταυρῷ,
1622 1517 1668 1542 καὶ
1677 1515 1717 1551 τῷ
1730 1516 1831 1552 βαπτί-

1034 1569 1127 1595 σματι,
1143 1561 1191 1588 καὶ
1211 1561 1250 1596 τῷ
1262 1562 1414 1598 Πνεύματι,
1428 1563 1579 1589 ἐτελειοῦτο
1595 1564 1643 1590 καὶ
1661 1564 1831 1599 ἐκρατύνετο

1032 1608 1068 1634 τὰ
1082 1608 1131 1643 τῆς
1150 1608 1268 1639 πίστεως
1279 1617 1285 1624 ·
1304 1612 1481 1643 μικρότερον
1495 1608 1534 1642 δὲ,
1553 1609 1609 1635 τῶν
1624 1610 1653 1636 ὲν
1668 1611 1739 1645 αὐτῇ
1750 1611 1830 1637 πολι-

1033 1655 1199 1690 τευομένων,
1215 1655 1261 1681 τὸν
1275 1655 1409 1682 ἐλάσσονα
1419 1662 1427 1670 ·
1449 1655 1477 1687 ὃς
1492 1658 1516 1683 εί
1533 1657 1581 1683 καὶ
1597 1657 1650 1683 τῶν
1665 1657 1757 1684 ἄλλων
1775 1657 1831 1693 ἔχει

1034 1700 1064 1726 τὸ
1077 1700 1198 1734 ἔλαττον,
1216 1701 1274 1727 ἀλλ’
1288 1699 1334 1728 οὖν
1347 1702 1394 1728 τοῦ
1415 1702 1538 1729 Ἰωάννου
1558 1703 1588 1729 τὸ
1609 1705 1702 1739 μεῖζον
1725 1706 1832 1740 ἁποφέ-

1035 1757 1123 1784 ρεται.
1140 1750 1196 1776 Καὶ
1210 1750 1265 1785 γὰρ
1279 1751 1293 1776 ὁ
1307 1750 1356 1785 μὲν
1370 1751 1529 1786 Πρόδρομος
1541 1751 1594 1785 ἔτι,
1613 1753 1707 1787 φασιν,
1722 1753 1779 1780 ὑπὸ
1793 1755 1831 1790 τῷ

1032 1795 1108 1830 νόμῳ
1122 1795 1340 1831 πολιτευόμενος,
1363 1797 1392 1823 ὲν
1409 1797 1562 1832 γεννητοῖς
1586 1799 1644 1824 ἐστι
1664 1799 1830 1833 γυναικῶν,

1033 1841 1094 1867 καθ’
1109 1837 1146 1868 ὧν
1158 1842 1295 1875 ἁπάντων,
1308 1844 1356 1870 καὶ
1370 1842 1403 1870 τὰ
1415 1844 1550 1878 πρεσῦεἰα
1562 1844 1698 1878 ἠνέγκατο
1707 1853 1714 1860 ·
1729 1846 1745 1871 ὁ
1761 1846 1791 1872 δε
1803 1846 1831 1872 ἐν

1032 1887 1066 1922 τῇ
1083 1887 1184 1922 χάριτι,
1206 1889 1254 1914 καὶ
1268 1889 1298 1914 ὲν
1315 1889 1471 1924 γεννητοῖς
1494 1889 1554 1916 ἐστι
1582 1891 1758 1925 Πνεῦματος,
1784 1893 1831 1920 καὶ

1032 1933 1286 1969 ἁναγετεννημένος
1316 1935 1430 1963 ἀνωθεν.
1466 1945 1476 1962 ι
1512 1937 1615 1963 Ἔδωκε
1645 1938 1699 1971 γὰρ
1735 1938 1832 1970 autat;

1034 1979 1159 2014 ἐξουσίαν
1173 1981 1256 2008 τέκνα
1277 1982 1345 2008 Θεοῦ
1362 1982 1502 2016 γενέσθαι,
1517 1984 1574 2015 τοῖς
1594 1983 1774 2011 πιστεύουσιν
1791 1986 1831 2016 εἰς

1032 2027 1063 2053 τὸ
1085 2027 1171 2062 ὄνομα
1186 2027 1280 2060 αὑτοῦ,
1302 2028 1327 2055 οἳ
1342 2029 1392 2055 οὐκ
1409 2027 1438 2061 ἐξ
1452 2029 1589 2064 αἱμάτων,
1608 2030 1670 2056 οὐδὲ
1685 2031 1719 2057 ὲκ
1745 2031 1830 2066 Θελή-

1035 2080 1120 2107 ματος
1147 2073 1258 2107 σαρκὸς,
1283 2073 1343 2099 οὐδὲ
1368 2075 1401 2100 ἐκ
1416 2074 1568 2110 θελήματος
1585 2076 1700 2111 ἀνδρὸς,
1717 2076 1779 2103 ἀλλ’
1797 2078 1831 2103 ἐκ

1033 2119 1102 2146 Θεοῦ
1130 2120 1333 2156 ἐγεννήθησαν·
1354 2131 1363 2147 ι
1379 2118 1416 2148 ὦν
1431 2122 1445 2148 ὁ
1461 2122 1618 2157 Πρόδρομος
1639 2123 1759 2156 οὐδενὸς,
1777 2133 1830 2159 φα-

1034 2167 1091 2199 σιν,
1116 2168 1165 2203 οὐχ
1189 2168 1230 2195 ὅτι
1260 2169 1371 2204 μείζων,
1393 2170 1462 2197 ἀλλὰ
1491 2171 1539 2197 καὶ
1557 2171 1605 2198 τοῦ
1633 2174 1828 2208 μικροτέρουῑ

1033 2213 1214 2250 ἐνδεέστερος.
1236 2214 1307 2242 Ἀλλ’
1330 2216 1354 2241 οἱ
1373 2215 1423 2250 μὲν
1437 2215 1533 2247 οὕτως.
1555 2218 1586 2244 οἱ
1604 2217 1633 2244 δὲ
1652 2217 1699 2244 τὸν
1721 2218 1827 2245 Βαπτι-

1033 2259 1112 2295 στῆν,
1137 2258 1226 2296 οἶμαι,
1252 2263 1299 2288 καὶ
1324 2260 1437 2293 δικαίως
1453 2262 1672 2298 δυσωπούμενοι,
1694 2265 1720 2290 εξ
1744 2265 1826 2300 τηλι-

1033 2305 1129 2333 κοῦτον
1140 2306 1215 2339 ὄντα,
1232 2307 1346 2341 μηδενὸς
1356 2306 1410 2333 τῶν
1425 2308 1454 2334 ὲν
1464 2308 1498 2343 τῇ
1513 2307 1610 2343 χάριτι
1624 2309 1826 2336 τελειωθέντων

1035 2351 1206 2384 ἰσοστάσιον,
1233 2351 1302 2378 ἀλλὰ
1326 2351 1373 2378 καὶ
1395 2351 1443 2378 τοῦ
1473 2352 1639 2387 μικροτέρου
1670 2353 1826 2388 ποιήσωσιν

1030 2397 1238 2433 εὐτελέστερον·
1255 2397 1365 2433 πρῶτον
1378 2397 1428 2432 μὲν
1441 2398 1483 2430 τὸ,
1503 2406 1512 2423 ι
1535 2399 1549 2424 ό
1568 2399 1597 2424 δὲ
1615 2399 1793 2434 μικρότερος,
1814 2409 1823 2426 r

1030 2444 1100 2470 κατὰ
1114 2444 1256 2479 διαστολὴν
1266 2444 1323 2476 τοῦ,
1342 2453 1353 2471 ε
1366 2446 1396 2471 ὲν
1408 2446 1442 2480 τῇ
1454 2444 1581 2480 βασιλείᾳ
1590 2445 1645 2471 τῶν
1658 2445 1796 2480 οὐρανῶν,
1813 2455 1822 2472 ι

1029 2488 1275 2523 ἀναγινώσκουσιν.
1306 2490 1433 2523 Ἔπειτα,
1453 2499 1463 2516 ι
1489 2490 1630 2525 βασιλείαν
1648 2490 1788 2525 οὐρανῶν,
1812 2500 1822 2517 ι

1030 2534 1203 2570 ἑτοιμότερον
1215 2535 1265 2570 τὴν
1278 2536 1448 2571 Δεσποτικὴν
1465 2536 1514 2563 καὶ
1526 2536 1656 2571 δευτέραν
1668 2537 1825 2572 παρουσίαν

1030 2580 1191 2613 ὲξακούουσι
1201 2589 1208 2596 ·
1219 2583 1396 2616 μικρότερον
1411 2582 1450 2615 δὲ,
1468 2583 1549 2609 αὑτὸν
1564 2583 1610 2610 τὸν
1626 2584 1728 2619 Κύριον
1744 2583 1825 2619 ἡμῶν

1038 2627 1141 2663 Ἰησοῦν
1156 2629 1275 2664 Χριστόν
1285 2637 1291 2645 ·
1308 2629 1349 2662 ὃς,
1366 2630 1390 2656 εί
1405 2630 1452 2657 καὶ
1469 2630 1507 2666 μὴ
1522 2630 1592 2657 κατὰ
1604 2631 1649 2657 τὸν
1664 2631 1761 2666 καιρδν
1772 2630 1825 2665 τῆς

1033 2675 1145 2710 πρώτης
1169 2675 1252 2702 αὑτοῦ
1271 2676 1439 2711 παρουσίας,
1462 2677 1565 2712 μείζων
1591 2677 1639 2704 τοῦ
1664 2677 1826 2713 Πρώρὸμου

1033 2722 1090 2751 τοῖς
1127 2721 1235 2753 πολλοῖς
1261 2722 1423 2757 ἑνομίζετο²
1449 2723 1507 2750 ἀλλ’
1531 2721 1578 2750 οὖν
1595 2724 1725 2759 τηνικάδε
1745 2724 1825 2753 πᾶσι,

1033 2766 1082 2792 καὶ
1105 2768 1162 2798 τοῖς
1190 2768 1228 2803 μὴ
1254 2767 1423 2804 βουληθεῖσιν
1449 2768 1598 2804 ἐπιγνῶναι
1625 2769 1728 2802 πάλαι,
1755 2768 1828 2803 μετὰ

743 2823 778 2840 ’(⁸⁸
791 2823 871 2851 Joan.
888 2831 908 2855 ι,
924 2823 969 2856 12,
988 2824 1032 2852 15.

826 2871 945 2901 ἾΑΙῖΙίΕ
968 2870 1174 2900 LECTIONES.
