1874 3070
82 145 145 179 1001

541 144 592 174 AD
610 141 907 174 AMPHILOCHIUM
926 141 1100 178 QUESTIO
1117 142 1259 174 CCXXII.

1646 147 1716 179 1002

77 203 197 239 φιὸερᾶς
219 201 267 229 καὶ
289 201 442 237 φρικώδους
462 200 703 236 ἐπιγνωσθήσεται
728 199 778 234 τῆς
796 199 817 225 al

974 203 1001 227 et
1018 199 1143 227 horribili
1159 206 1270 233 aspectu
1286 202 1465 236 agnoscetnr,
1482 203 1564 237 jndex
1586 205 1711 232 nimirunI

79 256 158 279 σιως,
181 247 278 281 κριτὴς
295 247 404 274 πάντων
424 246 471 273 καὶ
487 246 615 281 βασιλεὺς
634 246 869 280 παραγενόμενος.

83 294 166 320 Ἀλλὰ
179 294 227 321 καὶ
250 290 336 324 οὗτοι,
351 295 529 328 μικρότερον
551 292 681 327 εἰρῆσθαι
700 291 745 318 τὸν
768 291 871 326 Κύριον

76 340 157 376 ἡμῶν
174 340 279 376 Ἰησοῦν
292 339 424 375 Χριστὸν,
441 340 472 366 οὑ
491 340 562 366 κατὰ
578 339 642 374 μίαν
657 338 705 365 καὶ
717 338 767 374 τὴν
784 338 871 371 αὐτὴν

75 386 264 421 παρεδέξαντο
288 386 395 412 ἔννοιαν
408 394 416 401 ·
437 385 496 412 ἀλλ’
524 386 548 412 οἱ
578 385 628 420 μὲν
645 385 685 419 τῷ
707 385 797 420 χρόνῳ
821 385 871 419 τῆς

75 433 148 460 κατὰ
161 433 252 468 σάρκα
266 433 422 466 γεννήσεως
446 433 527 468 (μησὶ
539 432 594 467 γὰρ
609 432 681 464 ὅλοις
693 431 722 465 ἒξ
737 433 751 458 ὁ
768 433 871 458 Δεσπο·

73 480 153 510 uno;
167 480 248 510 τόκος
274 479 322 505 τοῦ
345 479 505 514 Προδρόμου
525 478 699 512 ὑπελείπετο)
711 487 720 495 ·
732 479 757 504 ot
777 478 816 510 δὲ,
832 477 872 513 τῷ

76 526 163 560 μήκει
182 526 232 560 τῆς
254 525 360 560 ἡλικίας
375 532 383 541 ·
405 525 552 559 ὑπερέχειν
567 525 623 560 γὰρ
639 525 687 551 τοῦ
714 525 851 551 Δεσπότου
862 545 870 557 ,

74 572 124 598 καὶ
139 573 173 606 τῇ
185 571 232 598 τοῦ
247 570 375 606 σώματος
387 571 539 607 ἅναδρομῇ,
555 571 601 598 τὸν
614 571 772 606 Βαπτιστὴν
783 579 872 606 παρα-

73 616 182 644 δέδοται
192 626 200 632 ⁸
213 617 287 644 ἄλλοι
300 618 329 644 δὲ
358 617 388 644 τὸ
399 618 575 652 μικρότερος
597 618 726 653 εἰρῆσθαι
739 618 808 652 πρὸς
818 618 869 652 τὴν

73 663 132 690 τῶν
148 663 256 690 πολλῶν
275 664 410 699 ὑπόληψιν
426 664 605 700 ὲξειλήφασιν
617 672 624 679 '
647 665 800 699 ὑπείληπτο
816 665 872 700 γὰρ

75 709 182 744 μείζων
217 710 232 735 ὁ
259 709 398 745 Ἰωάννης,
417 709 466 737 ἅτε
481 710 513 746 δὴ
530 710 590 745 Θεῷ
608 711 641 737 ὲκ
661 710 780 746 βρέφους
790 711 870 745 ,ἀνεισ

75 755 173 788 μένος.
194 754 243 781 καὶ
259 753 316 789 βίον
331 754 449 782 ἄσκευον
462 760 474 774 ι
490 756 522 782 ὲκ
538 756 705 791 σπαργάνων
721 756 811 783 αὐτῶν
824 756 872 784 καὶ

73 798 213 833 ὲρημιιιὺν
232 799 458 835 ἐπανῃρημένος·
485 800 533 827 καὶ
548 800 615 827 διότι
639 800 685 827 τδν
707 801 872 836 βαπτίζοντα

73 844 124 871 τοῦ
153 844 366 880 βαπτιζομένου,
396 846 411 872 ὁ
437 845 583 881 πρόχειρος
608 845 763 881 λόγισμοςι
782 846 870 873 ἐθέλει

73 890 301 927 σεὸασμιώτερον
314 900 320 907 ·
332 891 391 918 ἀλλ’
413 888 487 919 οὗτοι
507 892 567 928 μὲν,
587 892 640 919 κᾶν
654 893 702 919 ἐπὶ
719 893 865 928 διαφόρους

72 939 177 972 αἰτίας,
193 939 357 975 μικρότερον
368 939 416 967 τοῦ
432 939 592 975 Πῳδρὸμου
605 939 651 966 τὸν
659 939 866 975 κηρυσσόμενω

71 986 133 1016 τοῖς
161 985 269 1018 πολλοῖς
294 986 458 1020 νομισθῆναι
484 985 696 1020 συγκατέθεντο,
713 984 785 1020 πλὴν
808 984 866 1011 ἀλλ’

71 1031 227 1067 ὁμοφώνως
240 1031 432 1067 ἀναρρηθῆναι
453 1031 566 1067 μείζονα
576 1031 626 1059 τοῦ
641 1031 738 1058 δούλου
753 1031 799 1057 τὸν
817 1032 867 1056 Δε-

71 1078 200 1114 σπότην,
229 1078 301 1105 κατὰ
319 1079 368 1113 τὴν
393 1079 522 1114 οὐράνιον
547 1077 657 1113 ἐκείνην
679 1078 726 1105 καὶ
749 1077 867 1112 φρικτὴν

73 1124 235 1159 βασιλείαν,
264 1125 451 1160 ἀπεφήναντο.
482 1123 553 1159 Ἐγὼ
575 1124 604 1151 δὲ
630 1123 737 1156 τούτοις
762 1124 868 1159 διαιτᾷν

71 1170 195 1206 ἐμαυτὸν
218 1170 338 1203 ἐξιστὰς,
354 1171 402 1198 καὶ
418 1171 466 1197 τὸν
480 1170 592 1205 ἄμεινον
609 1170 722 1197 εἰπόντα
741 1169 869 1205 φυλοκρι-

72 1217 132 1242 νεῖν
152 1216 167 1237 δ
187 1216 218 1243 οὑ
244 1216 364 1252 νομίζων
389 1216 476 1250 ἐμόν·
503 1216 560 1243 οὐδ’
583 1216 623 1247 ὡς
653 1215 809 1243 ἀντείποιεν
842 1216 868 1242 οἱ

72 1262 272 1298 ἐπικληθέντες
298 1262 346 1289 τοῦ
375 1261 531 1289 Βαπτιστοῦ
563 1262 665 1295 πολλὴν
693 1261 869 1296 καταγνῶναι

71 1311 272 1345 ταπεινότητα,
294 1311 392 1346 ὅτιπερ
408 1311 469 1338 οὐδὲ
489 1311 546 1343 τοῖς
572 1309 780 1345 αἱτιασαμένοις
805 1309 869 1344 ὑμῖν

74 1360 151 1396 μέγα
163 1367 190 1386 τι
203 1359 385 1395 διανενόηται,
400 1359 513 1394 μείζονα
531 1357 580 1385 τοῦ
595 1357 689 1384 δούλου
700 1357 745 1383 τὸν
759 1356 870 1383 Δεσπό-

73 1414 126 1441 την
141 1405 311 1440 ἁποφήνασι.
328 1405 420 1439 (Ποῖον
445 1404 499 1439 γὰρ
523 1403 604 1435 κλέος
618 1403 758 1439 Δεσπότην
772 1403 869 1430 δούλου

74 1451 191 1487 μείζονα
213 1450 376 1485 φαίνεσθαι·
404 1449 452 1476 καὶ
472 1449 533 1476 τότε
562 1449 635 1475 κατὰ
657 1449 706 1484 τὴν
728 1448 869 1484 ἄφραστον

74 1498 186 1533 ἐκείνην
206 1497 253 1524 καὶ
267 1496 384 1532 φρικτὴν
397 1496 552 1532 παρουσίαν
562 1495 583 1531 ς)
600 1495 686 1523 Οὐδὲν
699 1493 746 1522 οὖν
765 1495 870 1522 τούτων

74 1545 184 1579 λέγειν,
209 1543 277 1579 ἐμὸν
299 1541 369 1570 εῐναι
392 1542 551 1576 δικαιώσας,
577 1541 646 1568 ἀλλὰ
668 1542 714 1569 καὶ
737 1541 800 1573 τοὺς
822 1541 870 1568 ἇν-
883 1562 905 1593 C

74 1592 144 1628 δρας
164 1592 305 1628 ἀρχιερεῖς
329 1591 409 1622 ὕντας
428 1591 559 1627 μάλιστα,
583 1590 632 1617 καὶ
649 1589 710 1625 Θεῷ
736 1589 870 1625 θεράπον-

74 1648 136 1672 τας,
165 1639 301 1675 στέργων,
318 1639 367 1665 καὶ
384 1639 465 1674 χάριν
487 1637 610 1673 μεγάλην
628 1636 700 1673 ὑπὲρ
719 1633 758 1663 ὧν
783 1634 870 1668 εἷπον,

75 1685 220 1720 ὁμολογῶν
247 1684 289 1721 (οὑ
308 1684 363 1720 γὰρ
375 1684 426 1710 ὅσα
441 1685 501 1715 ταῖς
515 1683 617 1718 ἐτέρων
630 1682 762 1714 διανοίαις
776 1681 872 1708 ἐνστα-

78 1739 122 1758 σιν
136 1731 222 1764 ποιεῖ,
236 1730 324 1757 ταῦτα
336 1730 451 1760 καὶτοῖς
462 1729 581 1764 ὲξαρχῆς
591 1728 698 1755 είποῦσι
710 1727 797 1763 λαϐήν
811 1736 872 1754 τινα

75 1777 222 1814 προξενεῖ·
243 1776 387 1811 ἀγαπητὸν
412 1775 462 1811 μὲν
486 1775 513 1801 sl
526 1783 569 1807 τις
590 1774 744 1810 ἀρχόμενος
766 1773 872 1808 ὑψηλῆς

75 1832 150 1855 τινος
166 1823 296 1858 Θεωρίας,
311 1822 358 1849 ἐπὶ
371 1822 455 1848 ποσόν
473 1830 501 1848 τι
520 1821 572 1855 τῆς
590 1821 722 1856 ἀληθείας
731 1820 869 1854 ἐφίκοιτο·

74 1870 100 1897 οἱ
116 1869 147 1896 δέ
164 1877 198 1904 γε
213 1869 315 1895 κλεινοὶ
329 1868 384 1895 τῶν
397 1868 530 1903 Πατέρων
547 1866 637 1903 ἡμῶν,
653 1867 700 1893 ἐπί
713 1875 745 1901 γε
759 1866 790 1892 τὸ
797 1866 873 1892 πλεῖ-

76 1925 152 1949 στον,
180 1916 228 1943 καὶ
254 1917 294 1948 είς
323 1915 469 1951 ἀκρίϐειαν
493 1915 544 1950 τὴν
560 1915 615 1942 τῶν
635 1914 717 1941 οεῐων
737 1913 872 1949 χρησμῶν

75 1962 198 1991 διάνοιαν
223 1961 432 1997 ἀπεκάλυψαν),
456 1960 527 1997 πλήν
547 1969 580 1996 γε
597 1961 630 1997 δὴ
642 1960 705 1992 τοὺς
721 1960 821 1996 ἄνδρας
843 1960 872 1986 ὲν

74 2010 134 2042 τοῖς
158 2008 277 2044 μάλιστα
293 2009 381 2044 τιμῶν
396 2009 444 2035 καὶ
466 2007 627 2043 θαυμάζων,
650 2007 705 2034 οὐδ’
725 2007 794 2042 ὅπερ
810 2006 873 2041 ἐμοὶ

75 2054 216 2090 παρέστη,
234 2054 393 2090 σιγήσομαι.
417 2053 490 2089 Ὀρῶ
504 2053 650 2088 τοιγαροῦν
668 2052 787 2079 ἐνταῦθα
807 2060 872 2079 σκο-

75 2099 128 2126 πὸν
138 2098 179 2134 τῷ
195 2099 328 2135 Δεσπότῃ,
345 2098 395 2134 οὐχ
417 2098 517 2125 ἑαυτοῦ
531 2098 577 2125 τὸν
593 2098 749 2133 Βαπτιστὴν
770 2097 872 2124 ὑποϐε-

75 2145 184 2181 6ηκότα
195 2145 293 2178 δεῖξαι,
306 2144 360 2172 οὐδ’
373 2144 454 2172 eum
466 2144 540 2176 τινὸς
554 2146 562 2177 ί
567 2144 605 2180 μὴ
617 2145 659 2171 ὅτι
672 2153 704 2179 γε
718 2144 765 2171 τοῦ
779 2153 873 2180 μικρο-

75 2192 158 2227 τέρου
183 2190 294 2218 πάντων
326 2190 511 2226 ἀτιμότερον),
533 2190 602 2218 ἀλλὰ
617 2191 665 2217 καὶ
681 2191 736 2217 πᾶν
759 2191 873 2218 τούναν-

924 245 951 272 in
974 247 1093 273 adventu
1119 247 1167 273 ilio
1191 252 1218 274 et
1241 256 1286 275 rex
1310 256 1445 283 apparens
1473 259 1481 278 :
1502 251 1549 278 sed
1564 255 1653 278 tamen
1669 252 1714 279 isu

923 290 1069 319 Dominum
1085 297 1211 320 nostrum
1228 293 1322 321 Jesum
1333 295 1487 328 Christum,
1502 296 1641 323 minimum
1659 298 1712 324 diei

922 338 1103 371 arbitrantur,
1132 348 1186 367 non
1215 341 1365 370 secundum
1392 349 1475 368 unam
1490 344 1653 370 etcamdem
1672 344 1714 370 ih-

922 385 1109 421 telligentiam.
1136 387 1253 421 Quidam
1280 387 1403 416 referunt
1422 389 1456 417 ad
1472 393 1579 425 tempus
1605 391 1712 417 nativi-

924 432 989 460 tatis
1003 432 1030 459 in
1039 440 1140 465 carne;
1156 442 1217 461 nam
1235 442 1282 469 per
1295 442 1343 463 sex
1359 439 1429 463 totos
1440 443 1561 470 menses,
1583 437 1710 464 nativitas

923 478 1117 512 Praecursoris,
1135 481 1252 514 Domini,
1275 483 1473 510 antevertebat.
1494 483 1546 510 Alii
1570 484 1603 510 ad
1624 484 1714 511 astatis

923 523 1111 551 extensionem
1133 529 1161 551 et
1184 525 1244 552 vita:
1269 533 1426 553 mensuram
1454 536 1460 554 :
1487 527 1621 554 traditum
1640 529 1713 554 enim

923 573 981 603 est,
1016 570 1214 599 Praecursorem
1260 571 1404 600 Dominum
1437 573 1591 601 excessisse
1630 581 1715 600 cursu

923 618 1059 652 corporali
1081 626 1142 646 suo.
1171 618 1222 645 Alii
1245 619 1311 647 illud
1330 619 1457 646 minimus
1475 620 1625 650 secundmn
1642 621 1714 647 mul-

924 668 1014 690 torum
1041 664 1199 698 opinionem
1224 665 1326 691 dictum
1359 665 1546 697 arbitrantur;
1575 665 1715 693 ferebatur

923 710 997 737 enim
1013 710 1102 745 major
1116 709 1244 742 Joannes,
1272 714 1367 745 utpote
1384 710 1440 738 Deo
1461 711 1496 738 ab
1509 710 1626 738 infantia
1644 719 1714 738 con-

923 760 1057 787 secratus,
1068 755 1171 790 quique
1189 756 1272 783 vitam
1290 757 1436 784 asceticam
1453 760 1480 784 et
1493 756 1667 784 eremicolam
1680 757 1714 784 ab

924 803 991 838 ipsis
1003 804 1159 838 crepundiis
1181 804 1338 831 sectabatur
1370 813 1376 831 :
1407 808 1464 831 tum
1482 803 1555 838 quod
1572 803 1712 830 communi

924 851 1029 878 etlrito
1050 858 1188 882 sermone.
1215 851 1239 878 is
1261 851 1306 886 qui
1334 851 1456 886 baptizat
1482 850 1571 885 major
1598 849 1713 877 habetur

924 896 1063 930 baptizato
1075 900 1103 923 et
1123 896 1315 924 venerabilior.
1346 896 1473 924 Attamen
1495 896 1552 927 isti,
1574 900 1715 930 utcunque

920 946 1031 976 propter
1053 942 1176 971 diversas
1203 950 1313 975 causas,
1347 950 1410 969 eum
1431 942 1478 977 qui
1495 941 1710 977 praedicabatur,

921 987 1054 1015 minorem
1081 987 1255 1016 Praecursore
1278 995 1293 1015 a
1322 989 1416 1016 nmltis
1443 989 1630 1016 existimatum
1649 994 1715 1015 con"

921 1034 1049 1067 sentiant,
1059 1033 1237 1062 nihilominus
1250 1033 1372 1060 unanimi
1387 1034 1588 1069 conspiratione
1604 1035 1713 1067 docent,

921 1079 1067 1108 Dominum
1088 1088 1139 1108 suo
1157 1089 1238 1108 servo
1256 1081 1388 1115 majorem
1413 1081 1558 1115 prmdicari
1584 1080 1612 1106 in
1629 1088 1713 1114 regno

922 1126 969 1154 illo
980 1126 1096 1158 cmlesti.
1116 1131 1144 1154 et
1157 1127 1307 1154 adorando.
1341 1126 1397 1161 Ego
1411 1134 1452 1154 ine
1468 1126 1542 1153 hisce
1558 1126 1711 1153 concilian-

921 1171 964 1198 dis
978 1179 1031 1199 non
1049 1172 1200 1202 immisceo.
1229 1180 1278 1199 nee
1300 1172 1367 1198 mihi
1383 1179 1482 1207 arrogo
1500 1172 1657 1199 facultatem
1669 1171 1712 1198 die

919 1216 1080 1252 judicandi,
1117 1219 1229 1252 quinam
1257 1226 1291 1245 ex
1318 1218 1372 1245 illis
1398 1219 1532 1252 potiorem
1560 1223 1713 1252 sequantur

922 1263 1100 1296 sententiam;
1128 1272 1178 1291 nec
1205 1268 1301 1291 contra
1330 1265 1499 1291 contendent
1531 1264 1569 1291 illi
1584 1265 1620 1291 ob
1643 1266 1714 1292 hanc

922 1315 1046 1342 causam,
1072 1310 1119 1344 qui
1146 1310 1276 1337 dicuntur
1297 1316 1448 1337 extremam
1470 1311 1598 1345 Baptista:
1619 1310 1712 1337 humi-

923 1355 1026 1382 litatem
1039 1356 1223 1390 exprobrare;
1254 1357 1299 1384 sed
1317 1364 1366 1384 nec
1384 1365 1432 1384 ros
1455 1357 1502 1391 qui
1519 1358 1627 1392 queruli
1654 1358 1713 1385 enl-

922 1401 1004 1435 patis.
1023 1401 1102 1436 quasi
1115 1409 1243 1436 magnum
1260 1403 1352 1430 nescio
1361 1403 1425 1437 quid
1438 1403 1605 1438 cogitaretur
1626 1403 1654 1430 in
1667 1411 1712 1436 eo.

923 1447 997 1481 quod
1023 1448 1110 1483 major
1138 1456 1198 1476 esse
1213 1456 1293 1476 servo
1310 1456 1360 1476 suo
1388 1450 1552 1484 pra-dicatur
1580 1450 1713 1477 Dominus

925 1494 1070 1529 (quantum
1085 1494 1170 1527 enim,
1180 1503 1284 1529 qna-so,
1299 1496 1410 1523 accedet
1425 1496 1528 1531 εισι-ἰαί,
1543 1497 1564 1523 si
1582 1497 1713 1523 Dominus

924 1547 1003 1567 servo
1021 1539 1110 1575 major
1123 1546 1262 1576 appareat,
1280 1542 1399 1569 maxime
1412 1551 1460 1577 per
1477 1542 1624 1569 adventum
1637 1542 1712 1568 ἰιιιιιιι

923 1585 1088 1614 ineﬂ‘abilem
1112 1592 1140 1615 et
1161 1587 1394 1623 formidabilem);
1411 1589 1478 1616 nihil
1498 1589 1581 1624 igitur
1597 1589 1712 1616 istorum

922 1632 1058 1660 aflirmare
1072 1641 1133 1660 cum
1147 1634 1180 1660 ad
1198 1642 1241 1661 me
1257 1639 1375 1662 statuam
1397 1635 1524 1667 attinere,
1547 1635 1594 1662 sed
1620 1639 1714 1662 aucto-

922 1684 978 1708 res,
1003 1684 1067 1704 eum
1092 1683 1185 1705 essent
1210 1679 1335 1706 homines
1353 1680 1512 1714 episcopatu
1537 1681 1654 1715 praediti,
1671 1681 1714 1706 di-

923 1723 1040 1751 lectione
1060 1731 1242 1760 proseqncns,
1261 1730 1290 1753 et
1311 1727 1393 1753 simul
1411 1727 1478 1761 ipsis
1492 1727 1594 1761 gratias
1613 1727 1714 1754 multas

923 1769 1023 1797 debere
1033 1777 1187 1804 agnoscens
1201 1779 1250 1805 pro
1259 1771 1370 1806 scriptis
1384 1773 1442 1800 suis
1460 1774 1522 1808 (nec
1536 1774 1608 1799 enim
1619 1773 1713 1800 eadem

922 1823 984 1850 qua:
1011 1817 1174 1844 evidentiam
1199 1818 1314 1845 aliorum
1347 1819 1446 1846 animis
1477 1819 1649 1853 imprimunt,
1681 1820 1714 1847 iis

922 1862 969 1896 qui
990 1862 1125 1897 principes
1155 1863 1201 1890 illa
1231 1864 1416 1898 prazdicarant
1449 1865 1532 1892 verba
1564 1865 1714 1900 Scriptura:

923 1916 1018 1936 ansam
1038 1910 1235 1944 cxporrigunt;
1263 1916 1337 1938 certe
1351 1910 1505 1938 habendum
1519 1917 1561 1939 est
1576 1912 1602 1939 in
1618 1920 1715 1939 nume-

922 1959 994 1987 rato,
1022 1955 1045 1983 si
1061 1955 1125 1990 quis
1151 1964 1267 1984 exorsus
1295 1957 1440 1984 sublimem
1453 1958 1573 1993 aliquam
1591 1958 1715 1993 specula-

923 2002 1026 2030 tionem
1045 2003 1237 2038 quadantenus
1251 2004 1424 2039 progreditur
1437 2004 1464 2032 in
1486 2004 1714 2039 apprehendenda

921 2048 1053 2076 veritate:
1069 2049 1192 2084 praeclari
1202 2054 1275 2077 certe
1288 2050 1380 2078 Patres
1393 2050 1429 2078 illi
1443 2052 1540 2083 nostri,
1551 2052 1713 2087 plermnqne

922 2102 1063 2122 sacrarum
1082 2095 1247 2123 Litterarum
1275 2097 1388 2124 intimos
1407 2105 1506 2125 Sensus
1525 2098 1647 2126 exactius
1664 2106 1714 2125 ex-

921 2142 1067 2176 pressere),
1079 2147 1169 2169 tamen
1180 2150 1243 2170 eum
1253 2142 1313 2170 illos
1322 2151 1430 2170 summo
1441 2144 1544 2171 honore
1553 2152 1713 2180 prosequar,

923 2195 978 2215 non
993 2195 1043 2223 ego
1066 2188 1216 2216 subtacebo
1238 2189 1312 2223 quod
1332 2190 1398 2216 mihi
1411 2190 1499 2217 visum
1514 2195 1566 2218 est.
1583 2191 1714 2217 Animad-

75 2237 135 2265 τίον
159 2237 282 2269 ἐπαίνοις
296 2236 405 2269 δοξάσαι
418 2245 425 2252 ·
444 2237 492 2264 καὶ
507 2236 560 2272 γὰρ
576 2237 632 2264 τῶν
649 2237 815 2273 προειρημέν

972 2239 999 2261 to
1013 2235 1085 2262 enim
1103 2236 1155 2264 hoc
1177 2236 1204 2263 in
1229 2236 1301 2269 loco,
1332 2236 1476 2263 Dominum
1501 2237 1711 2273 haudquaquam

75 2284 107 2310 τὸ
124 2283 175 2318 μὲν
198 2283 357 2319 ἀσύμφορον
371 2284 448 2316 ῑσως,
465 2283 497 2309 τὺ
513 2283 542 2310 δὲ
555 2284 684 2310 ταπεινόν
696 2292 703 2300 ’
720 2283 753 2311 ἄν
770 2292 800 2310 τε
817 2276 871 2320 γᾶρ

75 2330 122 2357 τὸν
146 2330 258 2365 κήρυκα
271 2331 311 2361 εἰς
332 2329 465 2365 ἐσχάτους
479 2329 612 2363 ὲλαύνοις,
628 2329 688 2357 οὐδὲ
703 2329 751 2356 τοῦ
764 2339 870 2365 κηρυσ-

77 2375 196 2411 σομένου
223 2375 253 2402 τὸ
270 2375 372 2411 ὑψηλὸν
386 2375 545 2408 διασώσεις·
562 2377 611 2403 καὶ
631 2376 662 2403 τὸ
677 2375 772 2403 δοῦλον
789 2376 871 2403 ὲλατ-

75 2421 176 2453 τῶσαι,
191 2420 309 2455 μάλιστα
323 2421 382 2447 νυνὶ
397 2421 547 2456 παρέλκον,
559 2421 607 2447 καὶ
621 2421 801 2456 μικρολογίαν
821 2421 872 2449 οὐκ

75 2467 223 2502 ἐκφεύγει·
238 2467 297 2494 ἀλλ’
310 2468 324 2494 ὅ
336 2476 369 2502 γε
383 2468 397 2494 ό
407 2467 574 2499 Δεσποτικὺς
588 2468 690 2500 σκοπὸς
703 2468 783 2503 δῆλός
795 2469 870 2495 ἐστιν

75 2514 118 2545 εἰς
137 2514 250 2540 ἔπαινον
274 2514 398 2549 ἀφορῶν,
426 2514 474 2541 καὶ
494 2514 569 2549 μάλα
593 2514 717 2547 δικαίως,
737 2514 784 2541 τοῦ
801 2514 874 2550 Προ‹

75 2559 200 2594 δρόμου”
215 2559 282 2594 ᾤκει
299 2560 349 2594 μὲν
374 2560 429 2595 γὰρ
444 2561 459 2587 ὁ
484 2560 572 2596 μέγας
594 2561 698 2592 ὲκεῖνος
718 2560 872 2596 ἄνθρωπος,

77 2605 148 2640 ὑπὲρ
171 2604 253 2631 θείων
277 2606 367 2641 νόμων
383 2606 413 2633 τὸ
438 2606 627 2642 δεσμωτήριον
642 2614 649 2619 ⁸
666 2605 735 2633 ἀλλὰ
753 2606 806 2633 τῶν
824 2606 874 2641 μὲν

77 2651 183 2683 κακῶν,
203 2648 244 2683 οἷς
259 2652 400 2688 συνείχετο
418 2652 565 2689 ὑπερεώρα
578 2659 584 2666 ·
604 2652 700 2679 ἐδεδίει
711 2658 722 2672 ε
743 2652 798 2687 ἄρα
812 2653 873 2688 οὐχὶ

75 2696 106 2723 τὸ
121 2695 211 2732 ξίφος,
232 2697 294 2725 οὐδὲ
310 2698 362 2735 τὴν
382 2699 506 2735 σφαγήν·
533 2699 602 2726 ἀλλὰ
621 2698 669 2735 μὴ,
689 2701 735 2727 τὸν
755 2699 872 2727 θάνατον

922 2282 949 2308 id
973 2282 1125 2315 intendere,
1158 2287 1188 2310 ut
1209 2290 1239 2310 se
1254 2283 1403 2318 Baptistam
1423 2284 1651 2318 snperambulare
1666 2284 1715 2311 de-

923 2333 1100 2361 monstraret,
1127 2337 1161 2357 ne
1178 2329 1289 2365 quidem
1304 2329 1331 2357 in
1344 2330 1435 2364 aliqua
1447 2338 1475 2357 re
1488 2330 1600 2365 (nedum
1618 2335 1648 2357 nt
1667 2338 1715 2364 per

922 2375 990 2402 illud
1014 2376 1141 2402 mitn'mus
1162 2376 1286 2403 omnium
1312 2376 1453 2403 hominum
1476 2381 1590 2411 poneret
1612 2376 1714 2403 vilissi-

924 2422 1022 2456 mum),
1040 2422 1088 2450 sed
1118 2423 1198 2457 plane
1230 2423 1415 2456 contrarium,
1443 2423 1564 2450 voluisse
1585 2422 1714 2450 laudibus

921 2469 1071 2496 illustrare.
1089 2469 1168 2497 Certe
1179 2469 1414 2504 prreallegatarum
1431 2469 1638 2502 sententiarum,
1660 2478 1715 2496 una

924 2513 1098 2541 incommoda
1122 2519 1165 2542 est
1194 2514 1331 2547 fortassis,
1352 2514 1438 2541 altera
1456 2515 1583 2548 humilis;
1613 2523 1674 2542 nam
1692 2516 1714 2542 si

923 2567 1076 2594 prteconem
1092 2560 1119 2587 in
1135 2561 1188 2587 ima
1203 2560 1332 2588 subsellia
1350 2560 1490 2595 rejeceris,
1505 2561 1578 2588 haud
1594 2561 1716 2588 tueberis

924 2606 1062 2640 przedicati
1076 2605 1269 2633 sublimitatem
1281 2614 1288 2638 ;
1299 2609 1327 2632 ct
1339 2613 1450 2633 servant
1462 2606 1637 2633 imminutum
1651 2607 1716 2634 dare

924 2652 1049 2687 inprimis
1063 2659 1298 2687 supervacaneum
1317 2656 1369 2685 est,
1385 2660 1435 2680 nec
1453 2661 1506 2680 non
1517 2653 1615 2688 abjecti
1631 2654 1715 2680 animi

922 2698 1134 2727 existimabitnr.
1169 2699 1275 2734 Scopus
1302 2699 1411 2727 Domini
1427 2700 1572 2728 manifeste
1595 2700 1718 2728 collimet

718 2809 836 2838 VARIA‘I
853 2809 1055 2838 LECTIONES.

134 2894 146 2909 ³
158 2890 319 2927 ἀσκητικόν.
375 2897 388 2913 ι
400 2891 467 2921 Cod.
490 2891 561 2921 Men.
583 2898 657 2922 recte
673 2893 759 2920 ποιεῖν
774 2891 871 2921 ἐθέλει.

928 2893 942 2914 1)
958 2893 987 2921 C.
1010 2892 1044 2920 Μ.
1059 2897 1131 2922 recte
1148 2893 1325 2929 φιλοκριικίν.
1365 2900 1375 2913 ε
1391 2893 1422 2922 C.
1444 2893 1478 2922 Μ.
1495 2894 1558 2921 add.
1578 2893 1617 2920 δέ.
