  <div class='ocr_page' id='page_1' title='image "/cluster/home/n/w/nwhite01/storage/ocr_20150623/101/njp.32101077772877/595.png"; bbox 0 0 1874 3070; ppageno 0'>
   <div class='ocr_carea' id='block_1_1' title="bbox 183 137 253 180">
    <p class='ocr_par' dir='ltr' id='par_1_1' title="bbox 183 137 253 180">
     <span class='ocr_line' id='line_1_1' title="bbox 183 137 253 180; baseline 0 -11"><span class='ocrx_word' id='word_1_1' title='bbox 183 137 253 180; x_wconf 72' lang='lat'><strong>1003</strong></span> 
     </span>
    </p>
   </div>
   <div class='ocr_carea' id='block_1_2' title="bbox 756 141 1227 172">
    <p class='ocr_par' dir='ltr' id='par_1_2' title="bbox 756 141 1227 172">
     <span class='ocr_line' id='line_1_2' title="bbox 756 141 1227 172; baseline 0.004 -2"><span class='ocrx_word' id='word_1_2' title='bbox 756 141 891 171; x_wconf 82' lang='grc' dir='ltr'><strong>ΡῙῙΟΤΙΙ</strong></span> <span class='ocrx_word' id='word_1_3' title='bbox 907 142 1159 172; x_wconf 79' lang='lat' dir='ltr'><strong>PATRIARCH/E</strong></span> <span class='ocrx_word' id='word_1_4' title='bbox 1173 142 1227 172; x_wconf 75' lang='grc' dir='ltr'><strong>(ΖΡ.</strong></span> 
     </span>
    </p>
   </div>
   <div class='ocr_carea' id='block_1_3' title="bbox 1737 138 1814 172">
    <p class='ocr_par' dir='ltr' id='par_1_3' title="bbox 1737 138 1814 172">
     <span class='ocr_line' id='line_1_3' title="bbox 1737 138 1814 172; baseline 0.013 -1"><span class='ocrx_word' id='word_1_5' title='bbox 1737 138 1814 172; x_wconf 63' lang='grc'>1004</span> 
     </span>
    </p>
   </div>
   <div class='ocr_carea' id='block_1_4' title="bbox 179 192 957 233">
    <p class='ocr_par' dir='ltr' id='par_1_4' title="bbox 179 192 957 231">
     <span class='ocr_line' id='line_1_4' title="bbox 179 192 957 231; baseline 0.005 -11"><span class='ocrx_word' id='word_1_6' title='bbox 179 192 287 222; x_wconf 78' lang='lat' dir='ltr'><strong>Iaudem</strong></span> <span class='ocrx_word' id='word_1_7' title='bbox 302 194 482 223; x_wconf 71' lang='lat' dir='ltr'><strong>Pmursori’s</strong></span> <span class='ocrx_word' id='word_1_8' title='bbox 497 194 560 231; x_wconf 89' lang='lat' dir='ltr'><strong>(nec</strong></span> <span class='ocrx_word' id='word_1_9' title='bbox 575 195 738 230; x_wconf 81' lang='lat' dir='ltr'><strong>immerito),</strong></span> <span class='ocrx_word' id='word_1_10' title='bbox 748 197 874 231; x_wconf 81' lang='lat' dir='ltr'><strong>egregius</strong></span> <span class='ocrx_word' id='word_1_11' title='bbox 892 197 957 224; x_wconf 85' lang='lat' dir='ltr'><strong>enin</strong></span> 
     </span>
    </p>
   </div>
   <div class='ocr_carea' id='block_1_5' title="bbox 1028 192 1814 233">
    <p class='ocr_par' dir='ltr' id='par_1_5' title="bbox 1028 196 1814 233">
     <span class='ocr_line' id='line_1_5' title="bbox 1028 196 1814 233; baseline -0.003 -9"><span class='ocrx_word' id='word_1_12' title='bbox 1028 198 1222 233; x_wconf 62' lang='lat' dir='ltr'><strong>mepxoosvoc,</strong></span> <span class='ocrx_word' id='word_1_13' title='bbox 1238 196 1359 232; x_wconf 78' lang='grc' dir='ltr'><strong>ὀλέθριον</strong></span> <span class='ocrx_word' id='word_1_14' title='bbox 1381 196 1469 231; x_wconf 81' lang='grc' dir='ltr'>δόγμα</span> <span class='ocrx_word' id='word_1_15' title='bbox 1487 196 1658 223; x_wconf 84' lang='grc' dir='ltr'><strong>ὑπολείποιτο</strong></span> <span class='ocrx_word' id='word_1_16' title='bbox 1669 196 1710 232; x_wconf 86' lang='grc' dir='ltr'><strong>τῷ</strong></span> <span class='ocrx_word' id='word_1_17' title='bbox 1736 196 1794 232; x_wconf 84' lang='grc' dir='ltr'><strong>βίῳ</strong></span> <span class='ocrx_word' id='word_1_18' title='bbox 1804 205 1814 212; x_wconf 94' lang='grc'><strong>·</strong></span> 
     </span>
    </p>
   </div>
   <div class='ocr_carea' id='block_1_6' title="bbox 182 241 966 278">
    <p class='ocr_par' dir='ltr' id='par_1_6' title="bbox 182 241 966 278">
     <span class='ocr_line' id='line_1_6' title="bbox 182 241 966 278; baseline 0.005 -10"><span class='ocrx_word' id='word_1_19' title='bbox 182 241 226 269; x_wconf 82' lang='lat' dir='ltr'><strong>ille</strong></span> <span class='ocrx_word' id='word_1_20' title='bbox 249 242 291 269; x_wconf 92' lang='lat' dir='ltr'><strong>vir</strong></span> <span class='ocrx_word' id='word_1_21' title='bbox 304 250 352 277; x_wconf 88' lang='lat' dir='ltr'><strong>pro</strong></span> <span class='ocrx_word' id='word_1_22' title='bbox 365 242 425 278; x_wconf 85' lang='lat' dir='ltr'><strong>lege</strong></span> <span class='ocrx_word' id='word_1_23' title='bbox 446 247 512 271; x_wconf 88' lang='lat' dir='ltr'><strong>tunc</strong></span> <span class='ocrx_word' id='word_1_24' title='bbox 533 244 623 271; x_wconf 85' lang='lat' dir='ltr'><strong>divina</strong></span> <span class='ocrx_word' id='word_1_25' title='bbox 639 243 829 272; x_wconf 86' lang='lat' dir='ltr'><strong>includebatur</strong></span> <span class='ocrx_word' id='word_1_26' title='bbox 844 245 966 278; x_wconf 90' lang='lat' dir='ltr'><strong>carceri;</strong></span> 
     </span>
    </p>
   </div>
   <div class='ocr_carea' id='block_1_7' title="bbox 183 289 966 325">
    <p class='ocr_par' dir='ltr' id='par_1_7' title="bbox 183 289 966 325">
     <span class='ocr_line' id='line_1_7' title="bbox 183 289 966 325; baseline 0.001 -9"><span class='ocrx_word' id='word_1_27' title='bbox 183 289 252 316; x_wconf 88' lang='lat' dir='ltr'><strong>mala</strong></span> <span class='ocrx_word' id='word_1_28' title='bbox 265 289 365 324; x_wconf 84' lang='lat' dir='ltr'><strong>quibus</strong></span> <span class='ocrx_word' id='word_1_29' title='bbox 382 290 569 325; x_wconf 84' lang='lat' dir='ltr'><strong>stringebatur</strong></span> <span class='ocrx_word' id='word_1_30' title='bbox 593 290 663 317; x_wconf 73' lang='lat' dir='ltr'><strong>inira</strong></span> <span class='ocrx_word' id='word_1_31' title='bbox 683 297 712 317; x_wconf 87' lang='lat' dir='ltr'><strong>se</strong></span> <span class='ocrx_word' id='word_1_32' title='bbox 729 290 817 324; x_wconf 89' lang='lat' dir='ltr'><strong>posita</strong></span> <span class='ocrx_word' id='word_1_33' title='bbox 834 290 966 323; x_wconf 94' lang='lat' dir='ltr'><strong>ducebat;</strong></span> 
     </span>
    </p>
   </div>
   <div class='ocr_carea' id='block_1_8' title="bbox 183 335 967 370">
    <p class='ocr_par' dir='ltr' id='par_1_8' title="bbox 183 335 967 370">
     <span class='ocr_line' id='line_1_8' title="bbox 183 335 967 370; baseline 0 -8"><span class='ocrx_word' id='word_1_34' title='bbox 183 342 233 362; x_wconf 89' lang='lat' dir='ltr'><strong>nec</strong></span> <span class='ocrx_word' id='word_1_35' title='bbox 261 335 399 362; x_wconf 87' lang='lat' dir='ltr'><strong>metuebat</strong></span> <span class='ocrx_word' id='word_1_36' title='bbox 428 335 566 370; x_wconf 82' lang='lat' dir='ltr'><strong>gladium,</strong></span> <span class='ocrx_word' id='word_1_37' title='bbox 611 343 666 363; x_wconf 91' lang='lat' dir='ltr'><strong>non</strong></span> <span class='ocrx_word' id='word_1_38' title='bbox 700 335 882 368; x_wconf 84' lang='lat' dir='ltr'><strong>occisionem;</strong></span> <span class='ocrx_word' id='word_1_39' title='bbox 920 336 967 363; x_wconf 87' lang='lat' dir='ltr'><strong>sed</strong></span> 
     </span>
    </p>
   </div>
   <div class='ocr_carea' id='block_1_9' title="bbox 182 382 969 417">
    <p class='ocr_par' dir='ltr' id='par_1_9' title="bbox 182 382 969 417">
     <span class='ocr_line' id='line_1_9' title="bbox 182 382 969 417; baseline 0 -9"><span class='ocrx_word' id='word_1_40' title='bbox 182 388 216 408; x_wconf 86' lang='lat' dir='ltr'><strong>ne</strong></span> <span class='ocrx_word' id='word_1_41' title='bbox 242 389 305 408; x_wconf 81' lang='lat' dir='ltr'><strong>cum</strong></span> <span class='ocrx_word' id='word_1_42' title='bbox 331 387 447 409; x_wconf 83' lang='lat' dir='ltr'><strong>mortem</strong></span> <span class='ocrx_word' id='word_1_43' title='bbox 477 387 635 416; x_wconf 86' lang='lat' dir='ltr'><strong>superasset</strong></span> <span class='ocrx_word' id='word_1_44' title='bbox 657 383 844 417; x_wconf 85' lang='lat' dir='ltr'><strong>perniciosum</strong></span> <span class='ocrx_word' id='word_1_45' title='bbox 869 382 969 417; x_wconf 80' lang='lat' dir='ltr'><strong>dogma</strong></span> 
     </span>
    </p>
   </div>
   <div class='ocr_carea' id='block_1_10' title="bbox 181 426 969 463">
    <p class='ocr_par' dir='ltr' id='par_1_10' title="bbox 181 426 969 463">
     <span class='ocr_line' id='line_1_10' title="bbox 181 426 969 463; baseline 0 -9"><span class='ocrx_word' id='word_1_46' title='bbox 181 426 419 455; x_wconf 85' lang='lat' dir='ltr'><strong>subintroduclum</strong></span> <span class='ocrx_word' id='word_1_47' title='bbox 431 427 503 463; x_wconf 89' lang='lat' dir='ltr'><strong>apud</strong></span> <span class='ocrx_word' id='word_1_48' title='bbox 514 427 637 455; x_wconf 84' lang='lat' dir='ltr'><strong>homines</strong></span> <span class='ocrx_word' id='word_1_49' title='bbox 651 428 809 462; x_wconf 89' lang='lat' dir='ltr'><strong>deponeret,</strong></span> <span class='ocrx_word' id='word_1_50' title='bbox 819 432 846 455; x_wconf 89' lang='lat' dir='ltr'><strong>et</strong></span> <span class='ocrx_word' id='word_1_51' title='bbox 860 427 969 455; x_wconf 86' lang='lat' dir='ltr'><strong>Domini</strong></span> 
     </span>
    </p>
   </div>
   <div class='ocr_carea' id='block_1_11' title="bbox 182 474 967 510">
    <p class='ocr_par' dir='ltr' id='par_1_11' title="bbox 182 474 967 510">
     <span class='ocr_line' id='line_1_11' title="bbox 182 474 967 510; baseline 0.001 -10"><span class='ocrx_word' id='word_1_52' title='bbox 182 474 318 509; x_wconf 83' lang='lat' dir='ltr'><strong>magnalia</strong></span> <span class='ocrx_word' id='word_1_53' title='bbox 333 481 379 509; x_wconf 84' lang='lat' dir='ltr'><strong>per</strong></span> <span class='ocrx_word' id='word_1_54' title='bbox 395 474 549 501; x_wconf 84' lang='lat' dir='ltr'><strong>socordiam</strong></span> <span class='ocrx_word' id='word_1_55' title='bbox 563 482 651 509; x_wconf 86' lang='lat' dir='ltr'><strong>neque</strong></span> <span class='ocrx_word' id='word_1_56' title='bbox 663 474 772 510; x_wconf 87' lang='lat' dir='ltr'><strong>quidem</strong></span> <span class='ocrx_word' id='word_1_57' title='bbox 796 474 894 502; x_wconf 86' lang='lat' dir='ltr'><strong>leviter</strong></span> <span class='ocrx_word' id='word_1_58' title='bbox 904 474 967 501; x_wconf 91' lang='lat' dir='ltr'><strong>vili-</strong></span> 
     </span>
    </p>
   </div>
   <div class='ocr_carea' id='block_1_12' title="bbox 181 518 969 554">
    <p class='ocr_par' dir='ltr' id='par_1_12' title="bbox 181 518 969 554">
     <span class='ocr_line' id='line_1_12' title="bbox 181 518 969 554; baseline 0.001 -9"><span class='ocrx_word' id='word_1_59' title='bbox 181 518 291 551; x_wconf 82' lang='lat' dir='ltr'><strong>licaret;</strong></span> <span class='ocrx_word' id='word_1_60' title='bbox 309 519 419 553; x_wconf 89' lang='lat' dir='ltr'><strong>plurimi</strong></span> <span class='ocrx_word' id='word_1_61' title='bbox 430 519 502 548; x_wconf 88' lang='lat' dir='ltr'><strong>enim</strong></span> <span class='ocrx_word' id='word_1_62' title='bbox 512 519 759 554; x_wconf 68' lang='lat' dir='ltr'><strong>praeconcmipsum</strong></span> <span class='ocrx_word' id='word_1_63' title='bbox 786 519 969 553; x_wconf 61' lang='lat' dir='ltr'><strong>praeconizato</strong></span> 
     </span>
    </p>
   </div>
   <div class='ocr_carea' id='block_1_13' title="bbox 182 563 969 600">
    <p class='ocr_par' dir='ltr' id='par_1_13' title="bbox 182 563 969 600">
     <span class='ocr_line' id='line_1_13' title="bbox 182 563 969 600; baseline 0.001 -10"><span class='ocrx_word' id='word_1_64' title='bbox 182 563 315 598; x_wconf 84' lang='lat' dir='ltr'><strong>majorem</strong></span> <span class='ocrx_word' id='word_1_65' title='bbox 333 564 554 592; x_wconf 83' lang='lat' dir='ltr'><strong>arbitrabantur:</strong></span> <span class='ocrx_word' id='word_1_66' title='bbox 565 572 682 600; x_wconf 89' lang='lat' dir='ltr'><strong>quorum</strong></span> <span class='ocrx_word' id='word_1_67' title='bbox 697 573 713 592; x_wconf 89' lang='lat' dir='ltr'><strong>e</strong></span> <span class='ocrx_word' id='word_1_68' title='bbox 722 573 835 592; x_wconf 90' lang='lat' dir='ltr'><strong>numero</strong></span> <span class='ocrx_word' id='word_1_69' title='bbox 847 569 924 592; x_wconf 91' lang='lat' dir='ltr'><strong>crant</strong></span> <span class='ocrx_word' id='word_1_70' title='bbox 935 573 969 592; x_wconf 77' lang='lat' dir='ltr'><strong>ex</strong></span> 
     </span>
    </p>
   </div>
   <div class='ocr_carea' id='block_1_14' title="bbox 182 609 970 646">
    <p class='ocr_par' dir='ltr' id='par_1_14' title="bbox 182 609 970 646">
     <span class='ocr_line' id='line_1_14' title="bbox 182 609 970 646; baseline 0.001 -10"><span class='ocrx_word' id='word_1_71' title='bbox 182 609 243 644; x_wconf 86' lang='lat' dir='ltr'><strong>ejus</strong></span> <span class='ocrx_word' id='word_1_72' title='bbox 258 610 398 645; x_wconf 85' lang='lat' dir='ltr'><strong>discipulis</strong></span> <span class='ocrx_word' id='word_1_73' title='bbox 412 610 507 646; x_wconf 87' lang='lat' dir='ltr'><strong>aliqui,</strong></span> <span class='ocrx_word' id='word_1_74' title='bbox 529 618 577 645; x_wconf 89' lang='lat' dir='ltr'><strong>per</strong></span> <span class='ocrx_word' id='word_1_75' title='bbox 604 611 780 638; x_wconf 83' lang='lat' dir='ltr'><strong>ambitionem</strong></span> <span class='ocrx_word' id='word_1_76' title='bbox 799 610 850 637; x_wconf 87' lang='lat' dir='ltr'><strong>hoc</strong></span> <span class='ocrx_word' id='word_1_77' title='bbox 873 610 970 637; x_wconf 89' lang='lat' dir='ltr'><strong>morbo</strong></span> 
     </span>
    </p>
   </div>
   <div class='ocr_carea' id='block_1_15' title="bbox 183 655 967 691">
    <p class='ocr_par' dir='ltr' id='par_1_15' title="bbox 183 655 967 691">
     <span class='ocr_line' id='line_1_15' title="bbox 183 655 967 691; baseline 0 -9"><span class='ocrx_word' id='word_1_78' title='bbox 183 655 347 688; x_wconf 82' lang='lat' dir='ltr'><strong>laborantes,</strong></span> <span class='ocrx_word' id='word_1_79' title='bbox 378 656 500 691; x_wconf 80' lang='lat' dir='ltr'><strong>magistri</strong></span> <span class='ocrx_word' id='word_1_80' title='bbox 526 656 569 684; x_wconf 86' lang='lat' dir='ltr'><strong>sui</strong></span> <span class='ocrx_word' id='word_1_81' title='bbox 591 656 777 691; x_wconf 65' lang='lat' dir='ltr'><strong>praestantiam</strong></span> <span class='ocrx_word' id='word_1_82' title='bbox 792 656 825 683; x_wconf 89' lang='lat' dir='ltr'><strong>ad</strong></span> <span class='ocrx_word' id='word_1_83' title='bbox 847 656 967 691; x_wconf 87' lang='lat' dir='ltr'><strong>ipsorum</strong></span> 
     </span>
    </p>
   </div>
   <div class='ocr_carea' id='block_1_16' title="bbox 184 700 968 737">
    <p class='ocr_par' dir='ltr' id='par_1_16' title="bbox 184 700 968 737">
     <span class='ocr_line' id='line_1_16' title="bbox 184 700 968 737; baseline -0.001 -9"><span class='ocrx_word' id='word_1_84' title='bbox 184 702 322 737; x_wconf 84' lang='lat' dir='ltr'><strong>propriam</strong></span> <span class='ocrx_word' id='word_1_85' title='bbox 338 702 566 730; x_wconf 85' lang='lat' dir='ltr'><strong>existimationem</strong></span> <span class='ocrx_word' id='word_1_86' title='bbox 580 702 731 737; x_wconf 80' lang='lat' dir='ltr'><strong>augendam</strong></span> <span class='ocrx_word' id='word_1_87' title='bbox 745 702 892 728; x_wconf 84' lang='lat' dir='ltr'><strong>trahentes.</strong></span> <span class='ocrx_word' id='word_1_88' title='bbox 911 700 968 728; x_wconf 83' lang='lat' dir='ltr'><strong>Hoc</strong></span> 
     </span>
    </p>
   </div>
   <div class='ocr_carea' id='block_1_17' title="bbox 183 745 969 780">
    <p class='ocr_par' dir='ltr' id='par_1_17' title="bbox 183 745 969 780">
     <span class='ocr_line' id='line_1_17' title="bbox 183 745 969 780; baseline -0.003 -6"><span class='ocrx_word' id='word_1_89' title='bbox 183 753 245 774; x_wconf 90' lang='lat' dir='ltr'><strong>cum</strong></span> <span class='ocrx_word' id='word_1_90' title='bbox 258 747 302 774; x_wconf 87' lang='lat' dir='ltr'><strong>ille</strong></span> <span class='ocrx_word' id='word_1_91' title='bbox 317 747 480 779; x_wconf 76' lang='lat' dir='ltr'><strong>adverteret,</strong></span> <span class='ocrx_word' id='word_1_92' title='bbox 499 747 638 779; x_wconf 90' lang='lat' dir='ltr'><strong>urebatur,</strong></span> <span class='ocrx_word' id='word_1_93' title='bbox 654 751 681 773; x_wconf 91' lang='lat' dir='ltr'><strong>et</strong></span> <span class='ocrx_word' id='word_1_94' title='bbox 695 750 724 773; x_wconf 91' lang='lat' dir='ltr'><strong>ut</strong></span> <span class='ocrx_word' id='word_1_95' title='bbox 737 746 888 780; x_wconf 82' lang='lat' dir='ltr'><strong>improbam</strong></span> <span class='ocrx_word' id='word_1_96' title='bbox 899 745 969 772; x_wconf 88' lang='lat' dir='ltr'><strong>hanc</strong></span> 
     </span>
    </p>
   </div>
   <div class='ocr_carea' id='block_1_18' title="bbox 182 793 971 829">
    <p class='ocr_par' dir='ltr' id='par_1_18' title="bbox 182 793 971 829">
     <span class='ocr_line' id='line_1_18' title="bbox 182 793 971 829; baseline -0.001 -8"><span class='ocrx_word' id='word_1_97' title='bbox 182 793 309 821; x_wconf 85' lang='lat' dir='ltr'><strong>evelleret</strong></span> <span class='ocrx_word' id='word_1_98' title='bbox 321 795 489 829; x_wconf 87' lang='lat' dir='ltr'><strong>opinionem,</strong></span> <span class='ocrx_word' id='word_1_99' title='bbox 509 793 548 820; x_wconf 93' lang='lat' dir='ltr'><strong>nil</strong></span> <span class='ocrx_word' id='word_1_100' title='bbox 571 801 626 820; x_wconf 92' lang='lat' dir='ltr'><strong>non</strong></span> <span class='ocrx_word' id='word_1_101' title='bbox 639 793 770 826; x_wconf 82' lang='lat' dir='ltr'><strong>tentavit;</strong></span> <span class='ocrx_word' id='word_1_102' title='bbox 794 801 866 828; x_wconf 57' lang='lat' dir='ltr'><strong>saepe</strong></span> <span class='ocrx_word' id='word_1_103' title='bbox 880 793 971 820; x_wconf 80' lang='lat' dir='ltr'><strong>varios</strong></span> 
     </span>
    </p>
   </div>
   <div class='ocr_carea' id='block_1_19' title="bbox 1017 244 1816 280">
    <p class='ocr_par' dir='ltr' id='par_1_19' title="bbox 1017 244 1816 280">
     <span class='ocr_line' id='line_1_19' title="bbox 1017 244 1816 280; baseline 0 -8"><span class='ocrx_word' id='word_1_104' title='bbox 1017 246 1064 272; x_wconf 75' lang='lat' dir='ltr'><strong>ml</strong></span> <span class='ocrx_word' id='word_1_105' title='bbox 1079 245 1109 271; x_wconf 72' lang='grc' dir='ltr'><strong>τὸ</strong></span> <span class='ocrx_word' id='word_1_106' title='bbox 1127 244 1174 272; x_wconf 78' lang='grc' dir='ltr'><strong>τοῦ</strong></span> <span class='ocrx_word' id='word_1_107' title='bbox 1188 244 1324 271; x_wconf 81' lang='grc' dir='ltr'><strong>Δεσπότου</strong></span> <span class='ocrx_word' id='word_1_108' title='bbox 1341 244 1495 279; x_wconf 85' lang='grc' dir='ltr'><strong>μεγαλεῖον,</strong></span> <span class='ocrx_word' id='word_1_109' title='bbox 1513 244 1553 278; x_wconf 80' lang='grc' dir='ltr'><strong>τῷ</strong></span> <span class='ocrx_word' id='word_1_110' title='bbox 1568 244 1629 271; x_wconf 87' lang='grc' dir='ltr'><strong>καθ’</strong></span> <span class='ocrx_word' id='word_1_111' title='bbox 1644 245 1745 272; x_wconf 81' lang='grc' dir='ltr'><strong>ἑαυτὸν</strong></span> <span class='ocrx_word' id='word_1_112' title='bbox 1763 246 1816 280; x_wconf 76' lang='grc' dir='ltr'><strong>ρᾳ-</strong></span> 
     </span>
    </p>
   </div>
   <div class='ocr_carea' id='block_1_20' title="bbox 1018 289 1816 326">
    <p class='ocr_par' dir='ltr' id='par_1_20' title="bbox 1018 289 1816 326">
     <span class='ocr_line' id='line_1_20' title="bbox 1018 289 1816 326; baseline -0.003 -8"><span class='ocrx_word' id='word_1_113' title='bbox 1018 291 1108 326; x_wconf 81' lang='grc' dir='ltr'><strong>θύμῳ,</strong></span> <span class='ocrx_word' id='word_1_114' title='bbox 1124 291 1174 317; x_wconf 80' lang='grc' dir='ltr'><strong>οὐκ</strong></span> <span class='ocrx_word' id='word_1_115' title='bbox 1187 291 1216 316; x_wconf 84' lang='grc' dir='ltr'><strong>ὲν</strong></span> <span class='ocrx_word' id='word_1_116' title='bbox 1233 291 1341 325; x_wconf 82' lang='grc' dir='ltr'><strong>μικροῖς</strong></span> <span class='ocrx_word' id='word_1_117' title='bbox 1354 290 1518 316; x_wconf 80' lang='grc' dir='ltr'><strong>ταπεινώσει</strong></span> <span class='ocrx_word' id='word_1_118' title='bbox 1529 289 1543 309; x_wconf 72' lang='grc' dir='ltr'><em>ά</em></span> <span class='ocrx_word' id='word_1_119' title='bbox 1555 298 1562 305; x_wconf 91' lang='grc'>·</span> <span class='ocrx_word' id='word_1_120' title='bbox 1575 289 1668 316; x_wconf 79' lang='grc' dir='ltr'><strong>πολλοὶ</strong></span> <span class='ocrx_word' id='word_1_121' title='bbox 1679 289 1738 325; x_wconf 82' lang='grc' dir='ltr'><strong>γὰρ</strong></span> <span class='ocrx_word' id='word_1_122' title='bbox 1754 290 1816 324; x_wconf 83' lang='grc' dir='ltr'><strong>μεί-</strong></span> 
     </span>
    </p>
   </div>
   <div class='ocr_carea' id='block_1_21' title="bbox 1017 335 1815 372">
    <p class='ocr_par' dir='ltr' id='par_1_21' title="bbox 1017 335 1815 372">
     <span class='ocr_line' id='line_1_21' title="bbox 1017 335 1815 372; baseline 0.001 -10"><span class='ocrx_word' id='word_1_123' title='bbox 1017 335 1083 368; x_wconf 81' lang='grc' dir='ltr'><strong>ζονα</strong></span> <span class='ocrx_word' id='word_1_124' title='bbox 1097 335 1145 362; x_wconf 84' lang='grc' dir='ltr'><strong>τοῦ</strong></span> <span class='ocrx_word' id='word_1_125' title='bbox 1167 336 1373 371; x_wconf 82' lang='grc' dir='ltr'><strong>κηρυσσομὲνου</strong></span> <span class='ocrx_word' id='word_1_126' title='bbox 1401 337 1447 363; x_wconf 80' lang='grc' dir='ltr'><strong>τὸν</strong></span> <span class='ocrx_word' id='word_1_127' title='bbox 1473 337 1582 372; x_wconf 79' lang='grc' dir='ltr'><strong>κήρυκα</strong></span> <span class='ocrx_word' id='word_1_128' title='bbox 1597 337 1742 364; x_wconf 82' lang='grc' dir='ltr'><strong>ὑπενόουν.</strong></span> <span class='ocrx_word' id='word_1_129' title='bbox 1766 337 1815 369; x_wconf 78' lang='grc' dir='ltr'><strong>ἘΞ</strong></span> 
     </span>
    </p>
   </div>
   <div class='ocr_carea' id='block_1_22' title="bbox 1017 377 1814 416">
    <p class='ocr_par' dir='ltr' id='par_1_22' title="bbox 1017 377 1814 416">
     <span class='ocr_line' id='line_1_22' title="bbox 1017 377 1814 416; baseline 0 -10"><span class='ocrx_word' id='word_1_130' title='bbox 1017 377 1055 407; x_wconf 82' lang='grc' dir='ltr'><strong>ὧν</strong></span> <span class='ocrx_word' id='word_1_131' title='bbox 1080 388 1152 412; x_wconf 89' lang='grc' dir='ltr'><strong>τινες</strong></span> <span class='ocrx_word' id='word_1_132' title='bbox 1177 381 1225 406; x_wconf 77' lang='grc' dir='ltr'><strong>καὶ</strong></span> <span class='ocrx_word' id='word_1_133' title='bbox 1250 380 1303 407; x_wconf 82' lang='grc' dir='ltr'><strong>τῶν</strong></span> <span class='ocrx_word' id='word_1_134' title='bbox 1328 380 1412 407; x_wconf 77' lang='grc' dir='ltr'><strong>αὑτοῦ</strong></span> <span class='ocrx_word' id='word_1_135' title='bbox 1439 380 1566 416; x_wconf 81' lang='grc' dir='ltr'><strong>μαθητῶν</strong></span> <span class='ocrx_word' id='word_1_136' title='bbox 1584 380 1636 407; x_wconf 72' lang='grc' dir='ltr'><strong>ὑπὸ</strong></span> <span class='ocrx_word' id='word_1_137' title='bbox 1661 380 1814 414; x_wconf 79' lang='grc' dir='ltr'><strong>φιλαυτίας</strong></span> 
     </span>
    </p>
   </div>
   <div class='ocr_carea' id='block_1_23' title="bbox 1017 425 1816 461">
    <p class='ocr_par' dir='ltr' id='par_1_23' title="bbox 1017 425 1816 461">
     <span class='ocr_line' id='line_1_23' title="bbox 1017 425 1816 461; baseline 0 -10"><span class='ocrx_word' id='word_1_138' title='bbox 1017 425 1097 454; x_wconf 71' lang='grc' dir='ltr'><strong>τοῦτο</strong></span> <span class='ocrx_word' id='word_1_139' title='bbox 1121 425 1250 460; x_wconf 74' lang='grc' dir='ltr'><strong>ἔπασχον,</strong></span> <span class='ocrx_word' id='word_1_140' title='bbox 1274 426 1324 460; x_wconf 80' lang='grc' dir='ltr'><strong>τὴν</strong></span> <span class='ocrx_word' id='word_1_141' title='bbox 1350 425 1487 461; x_wconf 81' lang='grc' dir='ltr'><strong>ὑπεροχὴν</strong></span> <span class='ocrx_word' id='word_1_142' title='bbox 1508 425 1555 452; x_wconf 85' lang='grc' dir='ltr'>τοῦ</span> <span class='ocrx_word' id='word_1_143' title='bbox 1570 425 1738 452; x_wconf 71' lang='grc' dir='ltr'><strong>διδασκάλω</strong></span> <span class='ocrx_word' id='word_1_144' title='bbox 1774 426 1816 456; x_wconf 79' lang='grc' dir='ltr'><strong>είς</strong></span> 
     </span>
    </p>
   </div>
   <div class='ocr_carea' id='block_1_24' title="bbox 1019 469 1815 506">
    <p class='ocr_par' dir='ltr' id='par_1_24' title="bbox 1019 469 1815 506">
     <span class='ocr_line' id='line_1_24' title="bbox 1019 469 1815 506; baseline -0.001 -9"><span class='ocrx_word' id='word_1_145' title='bbox 1019 469 1132 505; x_wconf 76' lang='grc' dir='ltr'><strong>αὔξησιν</strong></span> <span class='ocrx_word' id='word_1_146' title='bbox 1159 470 1263 501; x_wconf 76' lang='grc' dir='ltr'><strong>οἰκείας</strong></span> <span class='ocrx_word' id='word_1_147' title='bbox 1287 470 1474 506; x_wconf 80' lang='grc' dir='ltr'><strong>ἐπισπώμενοι</strong></span> <span class='ocrx_word' id='word_1_148' title='bbox 1499 471 1590 506; x_wconf 80' lang='grc' dir='ltr'><strong>δόξης.</strong></span> <span class='ocrx_word' id='word_1_149' title='bbox 1616 471 1708 506; x_wconf 81' lang='grc' dir='ltr'><strong>’Δπερ</strong></span> <span class='ocrx_word' id='word_1_150' title='bbox 1738 471 1815 505; x_wconf 83' lang='grc' dir='ltr'><strong>ὁρῶν</strong></span> 
     </span>
    </p>
   </div>
   <div class='ocr_carea' id='block_1_25' title="bbox 1019 515 1815 552">
    <p class='ocr_par' dir='ltr' id='par_1_25' title="bbox 1019 515 1815 552">
     <span class='ocr_line' id='line_1_25' title="bbox 1019 515 1815 552; baseline 0.001 -10"><span class='ocrx_word' id='word_1_151' title='bbox 1019 517 1139 548; x_wconf 77' lang='grc' dir='ltr'><strong>ἐκεῖνος,</strong></span> <span class='ocrx_word' id='word_1_152' title='bbox 1157 515 1218 548; x_wconf 79' lang='grc' dir='ltr'><strong>ὅλος</strong></span> <span class='ocrx_word' id='word_1_153' title='bbox 1241 515 1388 550; x_wconf 77' lang='grc' dir='ltr'><strong>ἐφλέγετο,</strong></span> <span class='ocrx_word' id='word_1_154' title='bbox 1412 517 1461 543; x_wconf 76' lang='grc' dir='ltr'><strong>καὶ</strong></span> <span class='ocrx_word' id='word_1_155' title='bbox 1484 517 1534 552; x_wconf 81' lang='grc' dir='ltr'><strong>τὴν</strong></span> <span class='ocrx_word' id='word_1_156' title='bbox 1558 516 1680 552; x_wconf 79' lang='grc' dir='ltr'><strong>πονηρὰν</strong></span> <span class='ocrx_word' id='word_1_157' title='bbox 1704 515 1815 551; x_wconf 83' lang='grc' dir='ltr'><strong>ταύτην</strong></span> 
     </span>
    </p>
   </div>
   <div class='ocr_carea' id='block_1_26' title="bbox 1020 561 1815 597">
    <p class='ocr_par' dir='ltr' id='par_1_26' title="bbox 1020 561 1815 597">
     <span class='ocr_line' id='line_1_26' title="bbox 1020 561 1815 597; baseline -0.001 -9"><span class='ocrx_word' id='word_1_158' title='bbox 1020 561 1147 588; x_wconf 81' lang='grc' dir='ltr'><strong>ὑπόνοιαν</strong></span> <span class='ocrx_word' id='word_1_159' title='bbox 1167 561 1238 587; x_wconf 82' lang='grc' dir='ltr'><strong>ὥστε</strong></span> <span class='ocrx_word' id='word_1_160' title='bbox 1265 561 1387 588; x_wconf 81' lang='grc' dir='ltr'><strong>καθελεῖν</strong></span> <span class='ocrx_word' id='word_1_161' title='bbox 1397 582 1405 594; x_wconf 92' lang='grc'><strong>,</strong></span> <span class='ocrx_word' id='word_1_162' title='bbox 1421 562 1511 589; x_wconf 81' lang='grc' dir='ltr'><strong>πάντα</strong></span> <span class='ocrx_word' id='word_1_163' title='bbox 1527 562 1663 597; x_wconf 75' lang='grc' dir='ltr'><strong>ἔπραττε·</strong></span> <span class='ocrx_word' id='word_1_164' title='bbox 1679 561 1730 589; x_wconf 80' lang='grc' dir='ltr'><strong>καὶ</strong></span> <span class='ocrx_word' id='word_1_165' title='bbox 1746 561 1815 588; x_wconf 72' lang='grc' dir='ltr'><strong>πολ-</strong></span> 
     </span>
    </p>
   </div>
   <div class='ocr_carea' id='block_1_27' title="bbox 1019 606 1814 643">
    <p class='ocr_par' dir='ltr' id='par_1_27' title="bbox 1019 606 1814 643">
     <span class='ocr_line' id='line_1_27' title="bbox 1019 606 1814 643; baseline 0 -10"><span class='ocrx_word' id='word_1_166' title='bbox 1019 607 1098 638; x_wconf 85' lang='grc' dir='ltr'><strong>λάκις</strong></span> <span class='ocrx_word' id='word_1_167' title='bbox 1114 606 1164 642; x_wconf 83' lang='grc' dir='ltr'><strong>μὲν</strong></span> <span class='ocrx_word' id='word_1_168' title='bbox 1173 607 1238 638; x_wconf 86' lang='grc' dir='ltr'><strong>τοὺς</strong></span> <span class='ocrx_word' id='word_1_169' title='bbox 1249 606 1374 642; x_wconf 86' lang='grc' dir='ltr'><strong>μαθητὰς</strong></span> <span class='ocrx_word' id='word_1_170' title='bbox 1385 607 1502 642; x_wconf 83' lang='grc' dir='ltr'><strong>ἀπάγειν</strong></span> <span class='ocrx_word' id='word_1_171' title='bbox 1514 607 1663 643; x_wconf 68' lang='grc' dir='ltr'><strong>ἐπεχείρει,</strong></span> <span class='ocrx_word' id='word_1_172' title='bbox 1673 607 1814 638; x_wconf 76' lang='grc' dir='ltr'><strong>ποικίλοις</strong></span> 
     </span>
    </p>
   </div>
   <div class='ocr_carea' id='block_1_28' title="bbox 1021 654 1815 690">
    <p class='ocr_par' dir='ltr' id='par_1_28' title="bbox 1021 654 1815 690">
     <span class='ocr_line' id='line_1_28' title="bbox 1021 654 1815 690; baseline -0.001 -9"><span class='ocrx_word' id='word_1_173' title='bbox 1021 654 1122 689; x_wconf 84' lang='grc' dir='ltr'><strong>λόγοις.</strong></span> <span class='ocrx_word' id='word_1_174' title='bbox 1142 660 1154 674; x_wconf 78' lang='grc' dir='ltr'><strong>ε</strong></span> <span class='ocrx_word' id='word_1_175' title='bbox 1168 654 1218 689; x_wconf 84' lang='grc' dir='ltr'><strong>τῆς</strong></span> <span class='ocrx_word' id='word_1_176' title='bbox 1233 654 1395 690; x_wconf 80' lang='grc' dir='ltr'><strong>ὑπολήψεως</strong></span> <span class='ocrx_word' id='word_1_177' title='bbox 1405 663 1412 670; x_wconf 88' lang='grc'><strong>·</strong></span> <span class='ocrx_word' id='word_1_178' title='bbox 1430 655 1491 682; x_wconf 64' lang='grc' dir='ltr'><strong>ἐπεὶ</strong></span> <span class='ocrx_word' id='word_1_179' title='bbox 1505 655 1534 682; x_wconf 80' lang='grc' dir='ltr'><strong>δὲ</strong></span> <span class='ocrx_word' id='word_1_180' title='bbox 1547 655 1611 687; x_wconf 78' lang='grc' dir='ltr'><strong>τοὺς</strong></span> <span class='ocrx_word' id='word_1_181' title='bbox 1624 655 1722 689; x_wconf 83' lang='grc' dir='ltr'><strong>λόγους</strong></span> <span class='ocrx_word' id='word_1_182' title='bbox 1738 654 1815 690; x_wconf 77' lang='grc' dir='ltr'><strong>ἑώρα</strong></span> 
     </span>
    </p>
   </div>
   <div class='ocr_carea' id='block_1_29' title="bbox 1022 698 1814 735">
    <p class='ocr_par' dir='ltr' id='par_1_29' title="bbox 1022 698 1814 735">
     <span class='ocr_line' id='line_1_29' title="bbox 1022 698 1814 735; baseline 0 -10"><span class='ocrx_word' id='word_1_183' title='bbox 1022 700 1072 735; x_wconf 82' lang='grc' dir='ltr'><strong>τῆς</strong></span> <span class='ocrx_word' id='word_1_184' title='bbox 1083 698 1194 726; x_wconf 79' lang='grc' dir='ltr'><strong>ἐκείνων</strong></span> <span class='ocrx_word' id='word_1_185' title='bbox 1213 698 1327 734; x_wconf 87' lang='grc' dir='ltr'><strong>γνώμης</strong></span> <span class='ocrx_word' id='word_1_186' title='bbox 1341 699 1524 734; x_wconf 78' lang='grc' dir='ltr'><strong>ἡττωμένους,</strong></span> <span class='ocrx_word' id='word_1_187' title='bbox 1541 699 1637 726; x_wconf 79' lang='grc' dir='ltr'><strong>καὶτὰ</strong></span> <span class='ocrx_word' id='word_1_188' title='bbox 1658 699 1710 734; x_wconf 87' lang='grc' dir='ltr'><strong>τῆς</strong></span> <span class='ocrx_word' id='word_1_189' title='bbox 1734 698 1814 733; x_wconf 79' lang='grc' dir='ltr'><strong>φιλο-</strong></span> 
     </span>
    </p>
   </div>
   <div class='ocr_carea' id='block_1_30' title="bbox 1022 743 1815 780">
    <p class='ocr_par' dir='ltr' id='par_1_30' title="bbox 1022 743 1815 780">
     <span class='ocr_line' id='line_1_30' title="bbox 1022 743 1815 780; baseline -0.003 -9"><span class='ocrx_word' id='word_1_190' title='bbox 1022 744 1127 776; x_wconf 89' lang='grc' dir='ltr'><strong>νεικίας</strong></span> <span class='ocrx_word' id='word_1_191' title='bbox 1150 744 1386 780; x_wconf 68' lang='grc' dir='ltr'><strong>ιπικρατέστερα,</strong></span> <span class='ocrx_word' id='word_1_192' title='bbox 1419 745 1463 771; x_wconf 80' lang='grc' dir='ltr'><strong>ἐπ’</strong></span> <span class='ocrx_word' id='word_1_193' title='bbox 1482 744 1566 780; x_wconf 79' lang='grc' dir='ltr'><strong>ἀλλην</strong></span> <span class='ocrx_word' id='word_1_194' title='bbox 1586 745 1641 772; x_wconf 85' lang='grc' dir='ltr'><strong>ίδεν</strong></span> <span class='ocrx_word' id='word_1_195' title='bbox 1664 744 1726 771; x_wconf 76' lang='grc' dir='ltr'><strong>ὁδὸν</strong></span> <span class='ocrx_word' id='word_1_196' title='bbox 1738 764 1746 776; x_wconf 89' lang='grc'><strong>,</strong></span> <span class='ocrx_word' id='word_1_197' title='bbox 1765 743 1815 770; x_wconf 79' lang='grc' dir='ltr'><strong>καὶ</strong></span> 
     </span>
    </p>
   </div>
   <div class='ocr_carea' id='block_1_31' title="bbox 1023 789 1814 826">
    <p class='ocr_par' dir='ltr' id='par_1_31' title="bbox 1023 789 1814 826">
     <span class='ocr_line' id='line_1_31' title="bbox 1023 789 1814 826; baseline -0.003 -8"><span class='ocrx_word' id='word_1_198' title='bbox 1023 791 1073 826; x_wconf 84' lang='grc' dir='ltr'><strong>τὴν</strong></span> <span class='ocrx_word' id='word_1_199' title='bbox 1085 790 1119 817; x_wconf 83' lang='grc' dir='ltr'><strong>δι’</strong></span> <span class='ocrx_word' id='word_1_200' title='bbox 1132 790 1263 824; x_wconf 79' lang='grc' dir='ltr'><strong>αὖτοψῐας</strong></span> <span class='ocrx_word' id='word_1_201' title='bbox 1275 789 1362 816; x_wconf 86' lang='grc' dir='ltr'><strong>πειθὼ</strong></span> <span class='ocrx_word' id='word_1_202' title='bbox 1372 790 1521 825; x_wconf 73' lang='grc' dir='ltr'><strong>προσάγειν</strong></span> <span class='ocrx_word' id='word_1_203' title='bbox 1540 790 1632 822; x_wconf 79' lang='grc' dir='ltr'><strong>αὐτοῖς</strong></span> <span class='ocrx_word' id='word_1_204' title='bbox 1648 789 1814 824; x_wconf 69' lang='grc' dir='ltr'><strong>ἐμελέτησε.</strong></span> 
     </span>
    </p>
   </div>
   <div class='ocr_carea' id='block_1_32' title="bbox 184 836 1813 874">
    <p class='ocr_par' dir='ltr' id='par_1_32' title="bbox 184 836 1813 874">
     <span class='ocr_line' id='line_1_32' title="bbox 184 836 1813 874; baseline -0.003 -5"><span class='ocrx_word' id='word_1_205' title='bbox 184 841 325 869; x_wconf 83' lang='lat' dir='ltr'><strong>miscendo</strong></span> <span class='ocrx_word' id='word_1_206' title='bbox 342 847 485 868; x_wconf 83' lang='lat' dir='ltr'><strong>sermones</strong></span> <span class='ocrx_word' id='word_1_207' title='bbox 501 839 650 874; x_wconf 83' lang='lat' dir='ltr'><strong>discipulos</strong></span> <span class='ocrx_word' id='word_1_208' title='bbox 666 839 728 867; x_wconf 87' lang='lat' dir='ltr'><strong>inde</strong></span> <span class='ocrx_word' id='word_1_209' title='bbox 749 839 883 867; x_wconf 84' lang='lat' dir='ltr'><strong>abducere</strong></span> <span class='ocrx_word' id='word_1_210' title='bbox 916 838 1067 870; x_wconf 85' lang='lat' dir='ltr'><strong>nitebatur;</strong></span> <span class='ocrx_word' id='word_1_211' title='bbox 1097 843 1168 872; x_wconf 86' lang='lat' dir='ltr'><strong>quos</strong></span> <span class='ocrx_word' id='word_1_212' title='bbox 1196 843 1258 864; x_wconf 89' lang='lat' dir='ltr'><strong>cum</strong></span> <span class='ocrx_word' id='word_1_213' title='bbox 1288 836 1390 863; x_wconf 80' lang='lat' dir='ltr'><strong>videret</strong></span> <span class='ocrx_word' id='word_1_214' title='bbox 1414 837 1486 864; x_wconf 84' lang='lat' dir='ltr'><strong>haud</strong></span> <span class='ocrx_word' id='word_1_215' title='bbox 1501 836 1673 870; x_wconf 75' lang='lat' dir='ltr'><strong>suliieienter,</strong></span> <span class='ocrx_word' id='word_1_216' title='bbox 1689 843 1813 864; x_wconf 71' lang='lat' dir='ltr'><strong>movere.</strong></span> 
     </span>
    </p>
   </div>
   <div class='ocr_carea' id='block_1_33' title="bbox 183 881 1814 923">
    <p class='ocr_par' dir='ltr' id='par_1_33' title="bbox 183 881 1814 923">
     <span class='ocr_line' id='line_1_33' title="bbox 183 881 1814 923; baseline -0.003 -9"><span class='ocrx_word' id='word_1_217' title='bbox 183 887 250 923; x_wconf 88' lang='lat' dir='ltr'><strong>quin</strong></span> <span class='ocrx_word' id='word_1_218' title='bbox 269 886 358 921; x_wconf 80' lang='lat' dir='ltr'><strong>potius</strong></span> <span class='ocrx_word' id='word_1_219' title='bbox 382 891 412 913; x_wconf 91' lang='lat' dir='ltr'><strong>ut</strong></span> <span class='ocrx_word' id='word_1_220' title='bbox 433 885 524 913; x_wconf 84' lang='lat' dir='ltr'><strong>acrius</strong></span> <span class='ocrx_word' id='word_1_221' title='bbox 537 890 674 913; x_wconf 87' lang='lat' dir='ltr'><strong>certamen</strong></span> <span class='ocrx_word' id='word_1_222' title='bbox 686 885 795 918; x_wconf 87' lang='lat' dir='ltr'><strong>inirent,</strong></span> <span class='ocrx_word' id='word_1_223' title='bbox 811 886 892 913; x_wconf 86' lang='lat' dir='ltr'><strong>aliam</strong></span> <span class='ocrx_word' id='word_1_224' title='bbox 919 885 998 912; x_wconf 79' lang='lat' dir='ltr'><strong>inivit</strong></span> <span class='ocrx_word' id='word_1_225' title='bbox 1028 883 1172 916; x_wconf 83' lang='lat' dir='ltr'><strong>rationem,</strong></span> <span class='ocrx_word' id='word_1_226' title='bbox 1209 886 1236 909; x_wconf 88' lang='lat' dir='ltr'><strong>et</strong></span> <span class='ocrx_word' id='word_1_227' title='bbox 1266 882 1300 909; x_wconf 87' lang='lat' dir='ltr'><strong>ab</strong></span> <span class='ocrx_word' id='word_1_228' title='bbox 1329 882 1388 918; x_wconf 89' lang='lat' dir='ltr'><strong>ipso</strong></span> <span class='ocrx_word' id='word_1_229' title='bbox 1414 883 1556 910; x_wconf 82' lang='lat' dir='ltr'><strong>oculomm</strong></span> <span class='ocrx_word' id='word_1_230' title='bbox 1582 882 1681 910; x_wconf 85' lang='lat' dir='ltr'><strong>intuitu</strong></span> <span class='ocrx_word' id='word_1_231' title='bbox 1705 881 1814 917; x_wconf 79' lang='lat' dir='ltr'><strong>cogita-</strong></span> 
     </span>
    </p>
   </div>
   <div class='ocr_carea' id='block_1_34' title="bbox 185 931 500 967">
    <p class='ocr_par' dir='ltr' id='par_1_34' title="bbox 185 931 500 967">
     <span class='ocr_line' id='line_1_34' title="bbox 185 931 500 967; baseline -0.003 -8"><span class='ocrx_word' id='word_1_232' title='bbox 185 933 224 959; x_wconf 90' lang='lat' dir='ltr'><strong>vit</strong></span> <span class='ocrx_word' id='word_1_233' title='bbox 235 933 262 960; x_wconf 92' lang='lat' dir='ltr'><strong>id</strong></span> <span class='ocrx_word' id='word_1_234' title='bbox 275 933 309 960; x_wconf 88' lang='lat' dir='ltr'><strong>iis</strong></span> <span class='ocrx_word' id='word_1_235' title='bbox 326 931 500 967; x_wconf 82' lang='lat' dir='ltr'><strong>persuadere.</strong></span> 
     </span>
    </p>
   </div>
   <div class='ocr_carea' id='block_1_35' title="bbox 219 958 957 1013">
    <p class='ocr_par' dir='ltr' id='par_1_35' title="bbox 219 958 957 1012">
     <span class='ocr_line' id='line_1_35' title="bbox 219 958 957 1012; baseline -0.001 -7"><span class='ocrx_word' id='word_1_236' title='bbox 219 977 287 1005; x_wconf 79' lang='lat' dir='ltr'><strong>Vide</strong></span> <span class='ocrx_word' id='word_1_237' title='bbox 303 958 370 1005; x_wconf 65' lang='lat' dir='ltr'><strong>mihi</strong></span> <span class='ocrx_word' id='word_1_238' title='bbox 393 978 432 1005; x_wconf 86' lang='lat' dir='ltr'><strong>sis</strong></span> <span class='ocrx_word' id='word_1_239' title='bbox 446 982 536 1004; x_wconf 83' lang='lat' dir='ltr'><strong>autem</strong></span> <span class='ocrx_word' id='word_1_240' title='bbox 559 985 640 1012; x_wconf 88' lang='lat' dir='ltr'><strong>quam</strong></span> <span class='ocrx_word' id='word_1_241' title='bbox 656 977 804 1012; x_wconf 85' lang='lat' dir='ltr'><strong>prudenter</strong></span> <span class='ocrx_word' id='word_1_242' title='bbox 812 977 863 1004; x_wconf 92' lang='lat' dir='ltr'><strong>hoc</strong></span> <span class='ocrx_word' id='word_1_243' title='bbox 876 981 957 1004; x_wconf 85' lang='lat' dir='ltr'><strong>tracta</strong></span> 
     </span>
    </p>
   </div>
   <div class='ocr_carea' id='block_1_36' title="bbox 1028 958 1813 1013">
    <p class='ocr_par' dir='ltr' id='par_1_36' title="bbox 1059 958 1813 1013">
     <span class='ocr_line' id='line_1_36' title="bbox 1059 958 1813 1013; baseline -0.007 -9"><span class='ocrx_word' id='word_1_244' title='bbox 1059 977 1115 1004; x_wconf 78' lang='lat' dir='ltr'><strong>Kal</strong></span> <span class='ocrx_word' id='word_1_245' title='bbox 1127 977 1178 1013; x_wconf 79' lang='grc' dir='ltr'><strong>ὅρα</strong></span> <span class='ocrx_word' id='word_1_246' title='bbox 1197 958 1273 1008; x_wconf 74' lang='grc' dir='ltr'><strong>ὅπως</strong></span> <span class='ocrx_word' id='word_1_247' title='bbox 1287 975 1430 1012; x_wconf 70' lang='grc' dir='ltr'><strong>ἐμφρόνως</strong></span> <span class='ocrx_word' id='word_1_248' title='bbox 1446 972 1664 1010; x_wconf 71' lang='grc' dir='ltr'><strong>μεταχειρίζεται</strong></span> <span class='ocrx_word' id='word_1_249' title='bbox 1679 972 1731 1008; x_wconf 80' lang='grc' dir='ltr'><strong>τὴν</strong></span> <span class='ocrx_word' id='word_1_250' title='bbox 1746 973 1813 1000; x_wconf 79' lang='grc' dir='ltr'><strong>ὑπό-</strong></span> 
     </span>
    </p>
   </div>
   <div class='ocr_carea' id='block_1_37' title="bbox 184 1022 969 1058">
    <p class='ocr_par' dir='ltr' id='par_1_37' title="bbox 184 1022 969 1058">
     <span class='ocr_line' id='line_1_37' title="bbox 184 1022 969 1058; baseline -0.003 -8"><span class='ocrx_word' id='word_1_251' title='bbox 184 1028 385 1058; x_wconf 81' lang='lat' dir='ltr'><strong>argumentum.</strong></span> <span class='ocrx_word' id='word_1_252' title='bbox 403 1022 481 1049; x_wconf 83' lang='lat' dir='ltr'><strong>Mittit</strong></span> <span class='ocrx_word' id='word_1_253' title='bbox 493 1022 642 1057; x_wconf 83' lang='lat' dir='ltr'><strong>discipulos</strong></span> <span class='ocrx_word' id='word_1_254' title='bbox 662 1023 695 1050; x_wconf 92' lang='lat' dir='ltr'><strong>ad</strong></span> <span class='ocrx_word' id='word_1_255' title='bbox 711 1030 772 1049; x_wconf 88' lang='lat' dir='ltr'><strong>eum</strong></span> <span class='ocrx_word' id='word_1_256' title='bbox 791 1023 870 1057; x_wconf 86' lang='lat' dir='ltr'><strong>cujus</strong></span> <span class='ocrx_word' id='word_1_257' title='bbox 883 1030 969 1050; x_wconf 80' lang='lat' dir='ltr'><strong>:cmu-</strong></span> 
     </span>
    </p>
   </div>
   <div class='ocr_carea' id='block_1_38' title="bbox 185 1067 969 1103">
    <p class='ocr_par' dir='ltr' id='par_1_38' title="bbox 185 1067 969 1103">
     <span class='ocr_line' id='line_1_38' title="bbox 185 1067 969 1103; baseline -0.001 -8"><span class='ocrx_word' id='word_1_258' title='bbox 185 1069 284 1096; x_wconf 86' lang='lat' dir='ltr'><strong>latioue</strong></span> <span class='ocrx_word' id='word_1_259' title='bbox 309 1068 496 1103; x_wconf 71' lang='lat' dir='ltr'><strong>capiebantur,</strong></span> <span class='ocrx_word' id='word_1_260' title='bbox 519 1072 546 1095; x_wconf 85' lang='lat' dir='ltr'><strong>ct</strong></span> <span class='ocrx_word' id='word_1_261' title='bbox 573 1068 732 1103; x_wconf 57' lang='lat' dir='ltr'><strong>quaestionis</strong></span> <span class='ocrx_word' id='word_1_262' title='bbox 757 1067 871 1095; x_wconf 83' lang='lat' dir='ltr'><strong>formam</strong></span> <span class='ocrx_word' id='word_1_263' title='bbox 900 1075 969 1102; x_wconf 76' lang='lat' dir='ltr'><strong>prae-</strong></span> 
     </span>
    </p>
   </div>
   <div class='ocr_carea' id='block_1_39' title="bbox 184 1114 970 1149">
    <p class='ocr_par' dir='ltr' id='par_1_39' title="bbox 184 1114 970 1149">
     <span class='ocr_line' id='line_1_39' title="bbox 184 1114 970 1149; baseline -0.003 -7"><span class='ocrx_word' id='word_1_264' title='bbox 184 1114 328 1142; x_wconf 87' lang='lat' dir='ltr'><strong>scribendo</strong></span> <span class='ocrx_word' id='word_1_265' title='bbox 359 1114 384 1141; x_wconf 84' lang='lat' dir='ltr'><strong>id</strong></span> <span class='ocrx_word' id='word_1_266' title='bbox 407 1114 471 1149; x_wconf 85' lang='lat' dir='ltr'><strong>agit,</strong></span> <span class='ocrx_word' id='word_1_267' title='bbox 497 1118 528 1141; x_wconf 91' lang='lat' dir='ltr'><strong>ut</strong></span> <span class='ocrx_word' id='word_1_268' title='bbox 552 1121 599 1149; x_wconf 83' lang='lat' dir='ltr'><strong>per</strong></span> <span class='ocrx_word' id='word_1_269' title='bbox 625 1121 656 1141; x_wconf 85' lang='lat' dir='ltr'><strong>ea</strong></span> <span class='ocrx_word' id='word_1_270' title='bbox 671 1122 732 1149; x_wconf 60' lang='lat' dir='ltr'><strong>«tua:</strong></span> <span class='ocrx_word' id='word_1_271' title='bbox 747 1114 835 1142; x_wconf 78' lang='lat' dir='ltr'><strong>oculis</strong></span> <span class='ocrx_word' id='word_1_272' title='bbox 854 1121 970 1148; x_wconf 89' lang='lat' dir='ltr'><strong>usurpa-</strong></span> 
     </span>
    </p>
   </div>
   <div class='ocr_carea' id='block_1_40' title="bbox 184 1159 971 1194">
    <p class='ocr_par' dir='ltr' id='par_1_40' title="bbox 184 1159 971 1194">
     <span class='ocr_line' id='line_1_40' title="bbox 184 1159 971 1194; baseline -0.001 -7"><span class='ocrx_word' id='word_1_273' title='bbox 184 1160 251 1187; x_wconf 84' lang='lat' dir='ltr'><strong>bant</strong></span> <span class='ocrx_word' id='word_1_274' title='bbox 264 1160 378 1187; x_wconf 90' lang='lat' dir='ltr'><strong>salutem</strong></span> <span class='ocrx_word' id='word_1_275' title='bbox 396 1160 517 1194; x_wconf 85' lang='lat' dir='ltr'><strong>ipsorum</strong></span> <span class='ocrx_word' id='word_1_276' title='bbox 533 1165 702 1194; x_wconf 88' lang='lat' dir='ltr'><strong>procuraret,</strong></span> <span class='ocrx_word' id='word_1_277' title='bbox 734 1164 816 1193; x_wconf 88' lang='lat' dir='ltr'><strong>atque</strong></span> <span class='ocrx_word' id='word_1_278' title='bbox 832 1167 908 1187; x_wconf 86' lang='lat' dir='ltr'><strong>error</strong></span> <span class='ocrx_word' id='word_1_279' title='bbox 926 1159 971 1186; x_wconf 91' lang='lat' dir='ltr'><strong>ille</strong></span> 
     </span>
    </p>
   </div>
   <div class='ocr_carea' id='block_1_41' title="bbox 185 1204 969 1240">
    <p class='ocr_par' dir='ltr' id='par_1_41' title="bbox 185 1204 969 1240">
     <span class='ocr_line' id='line_1_41' title="bbox 185 1204 969 1240; baseline 0 -8"><span class='ocrx_word' id='word_1_280' title='bbox 185 1205 325 1240; x_wconf 84' lang='lat' dir='ltr'><strong>antiquior</strong></span> <span class='ocrx_word' id='word_1_281' title='bbox 354 1212 402 1240; x_wconf 87' lang='lat' dir='ltr'><strong>per</strong></span> <span class='ocrx_word' id='word_1_282' title='bbox 425 1205 625 1240; x_wconf 87' lang='lat' dir='ltr'><strong>discipulorum</strong></span> <span class='ocrx_word' id='word_1_283' title='bbox 646 1204 866 1232; x_wconf 81' lang='lat' dir='ltr'><strong>emendationem</strong></span> <span class='ocrx_word' id='word_1_284' title='bbox 886 1205 969 1232; x_wconf 89' lang='lat' dir='ltr'><strong>etiam</strong></span> 
     </span>
    </p>
   </div>
   <div class='ocr_carea' id='block_1_42' title="bbox 185 1251 970 1287">
    <p class='ocr_par' dir='ltr' id='par_1_42' title="bbox 185 1251 970 1287">
     <span class='ocr_line' id='line_1_42' title="bbox 185 1251 970 1287; baseline -0.001 -8"><span class='ocrx_word' id='word_1_285' title='bbox 185 1253 257 1287; x_wconf 83' lang='lat' dir='ltr'><strong>apud</strong></span> <span class='ocrx_word' id='word_1_286' title='bbox 271 1252 341 1280; x_wconf 88' lang='lat' dir='ltr'><strong>alios</strong></span> <span class='ocrx_word' id='word_1_287' title='bbox 359 1257 543 1283; x_wconf 82' lang='lat' dir='ltr'><strong>excuteretur,</strong></span> <span class='ocrx_word' id='word_1_288' title='bbox 562 1256 589 1279; x_wconf 90' lang='lat' dir='ltr'><strong>et</strong></span> <span class='ocrx_word' id='word_1_289' title='bbox 603 1251 629 1278; x_wconf 93' lang='lat' dir='ltr'><strong>in</strong></span> <span class='ocrx_word' id='word_1_290' title='bbox 648 1256 704 1279; x_wconf 92' lang='lat' dir='ltr'><strong>toto</strong></span> <span class='ocrx_word' id='word_1_291' title='bbox 715 1252 866 1284; x_wconf 82' lang='lat' dir='ltr'><strong>difﬂueret;</strong></span> <span class='ocrx_word' id='word_1_292' title='bbox 879 1251 970 1286; x_wconf 86' lang='lat' dir='ltr'><strong>itaque</strong></span> 
     </span>
    </p>
   </div>
   <div class='ocr_carea' id='block_1_43' title="bbox 187 1297 970 1332">
    <p class='ocr_par' dir='ltr' id='par_1_43' title="bbox 187 1297 970 1332">
     <span class='ocr_line' id='line_1_43' title="bbox 187 1297 970 1332; baseline 0 -7"><span class='ocrx_word' id='word_1_293' title='bbox 187 1297 232 1325; x_wconf 90' lang='lat' dir='ltr'><strong>ubi</strong></span> <span class='ocrx_word' id='word_1_294' title='bbox 250 1299 417 1325; x_wconf 88' lang='lat' dir='ltr'><strong>advenerant</strong></span> <span class='ocrx_word' id='word_1_295' title='bbox 437 1297 472 1332; x_wconf 87' lang='lat' dir='ltr'><strong>(is</strong></span> <span class='ocrx_word' id='word_1_296' title='bbox 492 1297 538 1332; x_wconf 91' lang='lat' dir='ltr'><strong>qui</strong></span> <span class='ocrx_word' id='word_1_297' title='bbox 566 1297 694 1332; x_wconf 70' lang='lat' dir='ltr'><strong>Baptista:</strong></span> <span class='ocrx_word' id='word_1_298' title='bbox 723 1297 875 1325; x_wconf 91' lang='lat' dir='ltr'><strong>immiserat</strong></span> <span class='ocrx_word' id='word_1_299' title='bbox 893 1297 970 1332; x_wconf 83' lang='lat' dir='ltr'><strong>cogi-</strong></span> 
     </span>
    </p>
   </div>
   <div class='ocr_carea' id='block_1_44' title="bbox 186 1343 969 1378">
    <p class='ocr_par' dir='ltr' id='par_1_44' title="bbox 186 1343 969 1378">
     <span class='ocr_line' id='line_1_44' title="bbox 186 1343 969 1378; baseline 0 -8"><span class='ocrx_word' id='word_1_300' title='bbox 186 1343 314 1371; x_wconf 88' lang='lat' dir='ltr'><strong>tationem</strong></span> <span class='ocrx_word' id='word_1_301' title='bbox 327 1344 398 1370; x_wconf 87' lang='lat' dir='ltr'><strong>illam</strong></span> <span class='ocrx_word' id='word_1_302' title='bbox 412 1343 433 1378; x_wconf 86' lang='lat'><strong>),</strong></span> <span class='ocrx_word' id='word_1_303' title='bbox 444 1343 534 1371; x_wconf 86' lang='lat' dir='ltr'><strong>verbis</strong></span> <span class='ocrx_word' id='word_1_304' title='bbox 553 1343 586 1370; x_wconf 93' lang='lat' dir='ltr'><strong>ad</strong></span> <span class='ocrx_word' id='word_1_305' title='bbox 602 1343 714 1378; x_wconf 69' lang='lat' dir='ltr'><strong>qumsita</strong></span> <span class='ocrx_word' id='word_1_306' title='bbox 731 1343 797 1371; x_wconf 89' lang='lat' dir='ltr'><strong>nihil</strong></span> <span class='ocrx_word' id='word_1_307' title='bbox 810 1344 969 1378; x_wconf 84' lang='lat' dir='ltr'><strong>respondet;</strong></span> 
     </span>
    </p>
   </div>
   <div class='ocr_carea' id='block_1_45' title="bbox 185 1388 972 1423">
    <p class='ocr_par' dir='ltr' id='par_1_45' title="bbox 185 1388 972 1423">
     <span class='ocr_line' id='line_1_45' title="bbox 185 1388 972 1423; baseline 0 -7"><span class='ocrx_word' id='word_1_308' title='bbox 185 1389 288 1416; x_wconf 80' lang='lat' dir='ltr'><strong>sciebat</strong></span> <span class='ocrx_word' id='word_1_309' title='bbox 299 1388 371 1416; x_wconf 90' lang='lat' dir='ltr'><strong>enim</strong></span> <span class='ocrx_word' id='word_1_310' title='bbox 390 1393 417 1416; x_wconf 88' lang='lat' dir='ltr'><strong>ct</strong></span> <span class='ocrx_word' id='word_1_311' title='bbox 431 1396 588 1423; x_wconf 76' lang='lat' dir='ltr'><strong>persuasum</strong></span> <span class='ocrx_word' id='word_1_312' title='bbox 610 1389 736 1420; x_wconf 86' lang='lat' dir='ltr'><strong>habebat,</strong></span> <span class='ocrx_word' id='word_1_313' title='bbox 761 1397 823 1415; x_wconf 90' lang='lat' dir='ltr'><strong>eum</strong></span> <span class='ocrx_word' id='word_1_314' title='bbox 848 1389 895 1423; x_wconf 88' lang='lat' dir='ltr'><strong>qui</strong></span> <span class='ocrx_word' id='word_1_315' title='bbox 924 1397 972 1423; x_wconf 86' lang='lat' dir='ltr'><strong>per</strong></span> 
     </span>
    </p>
   </div>
   <div class='ocr_carea' id='block_1_46' title="bbox 187 1433 969 1468">
    <p class='ocr_par' dir='ltr' id='par_1_46' title="bbox 187 1433 969 1468">
     <span class='ocr_line' id='line_1_46' title="bbox 187 1433 969 1468; baseline 0 -8"><span class='ocrx_word' id='word_1_316' title='bbox 187 1433 396 1460; x_wconf 76' lang='lat' dir='ltr'><strong>exsultationem</strong></span> <span class='ocrx_word' id='word_1_317' title='bbox 414 1433 439 1459; x_wconf 92' lang='lat' dir='ltr'><strong>iu</strong></span> <span class='ocrx_word' id='word_1_318' title='bbox 457 1437 535 1460; x_wconf 91' lang='lat' dir='ltr'><strong>utero</strong></span> <span class='ocrx_word' id='word_1_319' title='bbox 550 1438 684 1465; x_wconf 85' lang='lat' dir='ltr'><strong>materno,</strong></span> <span class='ocrx_word' id='word_1_320' title='bbox 697 1434 742 1468; x_wconf 88' lang='lat' dir='ltr'><strong>qui</strong></span> <span class='ocrx_word' id='word_1_321' title='bbox 758 1441 805 1468; x_wconf 88' lang='lat' dir='ltr'><strong>per</strong></span> <span class='ocrx_word' id='word_1_322' title='bbox 818 1438 969 1460; x_wconf 80' lang='lat' dir='ltr'><strong>maternam</strong></span> 
     </span>
    </p>
   </div>
   <div class='ocr_carea' id='block_1_47' title="bbox 187 1478 971 1514">
    <p class='ocr_par' dir='ltr' id='par_1_47' title="bbox 187 1478 971 1514">
     <span class='ocr_line' id='line_1_47' title="bbox 187 1478 971 1514; baseline 0.004 -10"><span class='ocrx_word' id='word_1_323' title='bbox 187 1478 305 1513; x_wconf 80' lang='lat' dir='ltr'><strong>linguam</strong></span> <span class='ocrx_word' id='word_1_324' title='bbox 335 1479 423 1513; x_wconf 78' lang='lat' dir='ltr'><strong>ipsum</strong></span> <span class='ocrx_word' id='word_1_325' title='bbox 456 1479 669 1513; x_wconf 67' lang='lat' dir='ltr'><strong>praedicaverat,</strong></span> <span class='ocrx_word' id='word_1_326' title='bbox 707 1487 813 1506; x_wconf 83' lang='lat' dir='ltr'><strong>necnon</strong></span> <span class='ocrx_word' id='word_1_327' title='bbox 846 1480 971 1514; x_wconf 90' lang='lat' dir='ltr'><strong>plurimis</strong></span> 
     </span>
    </p>
   </div>
   <div class='ocr_carea' id='block_1_48' title="bbox 187 1511 1006 1558">
    <p class='ocr_par' dir='ltr' id='par_1_48' title="bbox 187 1511 1006 1558">
     <span class='ocr_line' id='line_1_48' title="bbox 187 1511 1006 1558; baseline 0.002 -8"><span class='ocrx_word' id='word_1_328' title='bbox 187 1522 316 1558; x_wconf 86' lang='lat' dir='ltr'><strong>deinceps</strong></span> <span class='ocrx_word' id='word_1_329' title='bbox 335 1523 528 1551; x_wconf 84' lang='lat' dir='ltr'><strong>illustrissimis</strong></span> <span class='ocrx_word' id='word_1_330' title='bbox 545 1523 709 1551; x_wconf 86' lang='lat' dir='ltr'><strong>testimoniis</strong></span> <span class='ocrx_word' id='word_1_331' title='bbox 728 1529 755 1551; x_wconf 89' lang='lat' dir='ltr'><strong>et</strong></span> <span class='ocrx_word' id='word_1_332' title='bbox 770 1525 869 1552; x_wconf 87' lang='lat' dir='ltr'><strong>divinis</strong></span> <span class='ocrx_word' id='word_1_333' title='bbox 882 1532 971 1552; x_wconf 89' lang='lat' dir='ltr'><strong>euun-</strong></span> <span class='ocrx_word' id='word_1_334' title='bbox 985 1511 1006 1539; x_wconf 65' lang='grc' dir='ltr'><strong>Ο</strong></span> 
     </span>
    </p>
   </div>
   <div class='ocr_carea' id='block_1_49' title="bbox 189 1567 972 1604">
    <p class='ocr_par' dir='ltr' id='par_1_49' title="bbox 189 1567 972 1604">
     <span class='ocr_line' id='line_1_49' title="bbox 189 1567 972 1604; baseline 0.004 -10"><span class='ocrx_word' id='word_1_335' title='bbox 189 1567 350 1595; x_wconf 85' lang='lat' dir='ltr'><strong>tiationibus</strong></span> <span class='ocrx_word' id='word_1_336' title='bbox 365 1568 435 1595; x_wconf 90' lang='lat' dir='ltr'><strong>idem</strong></span> <span class='ocrx_word' id='word_1_337' title='bbox 449 1568 621 1602; x_wconf 68' lang='lat' dir='ltr'><strong>prwstiterat,</strong></span> <span class='ocrx_word' id='word_1_338' title='bbox 637 1569 710 1596; x_wconf 89' lang='lat' dir='ltr'><strong>nulla</strong></span> <span class='ocrx_word' id='word_1_339' title='bbox 726 1569 846 1604; x_wconf 79' lang='lat' dir='ltr'><strong>indigere</strong></span> <span class='ocrx_word' id='word_1_340' title='bbox 859 1569 972 1598; x_wconf 90' lang='lat' dir='ltr'><strong>ulterius</strong></span> 
     </span>
    </p>
   </div>
   <div class='ocr_carea' id='block_1_50' title="bbox 189 1612 972 1650">
    <p class='ocr_par' dir='ltr' id='par_1_50' title="bbox 189 1612 972 1650">
     <span class='ocr_line' id='line_1_50' title="bbox 189 1612 972 1650; baseline 0.004 -10"><span class='ocrx_word' id='word_1_341' title='bbox 189 1612 223 1640; x_wconf 89' lang='lat' dir='ltr'><strong>de</strong></span> <span class='ocrx_word' id='word_1_342' title='bbox 235 1620 265 1640; x_wconf 90' lang='lat' dir='ltr'><strong>se</strong></span> <span class='ocrx_word' id='word_1_343' title='bbox 280 1612 419 1646; x_wconf 60' lang='lat' dir='ltr'><strong>doctrina;</strong></span> <span class='ocrx_word' id='word_1_344' title='bbox 453 1613 489 1640; x_wconf 91' lang='lat' dir='ltr'><strong>ita</strong></span> <span class='ocrx_word' id='word_1_345' title='bbox 509 1613 593 1648; x_wconf 80' lang='lat' dir='ltr'><strong>signis</strong></span> <span class='ocrx_word' id='word_1_346' title='bbox 612 1618 639 1641; x_wconf 88' lang='lat' dir='ltr'><strong>et</strong></span> <span class='ocrx_word' id='word_1_347' title='bbox 670 1614 800 1650; x_wconf 83' lang='lat' dir='ltr'><strong>prodigiis</strong></span> <span class='ocrx_word' id='word_1_348' title='bbox 817 1615 972 1650; x_wconf 91' lang='lat' dir='ltr'><strong>opinionem</strong></span> 
     </span>
    </p>
   </div>
   <div class='ocr_carea' id='block_1_51' title="bbox 188 1659 972 1697">
    <p class='ocr_par' dir='ltr' id='par_1_51' title="bbox 188 1659 972 1697">
     <span class='ocr_line' id='line_1_51' title="bbox 188 1659 972 1697; baseline 0.005 -11"><span class='ocrx_word' id='word_1_349' title='bbox 188 1659 394 1691; x_wconf 77' lang='lat' dir='ltr'><strong>excedentibus,</strong></span> <span class='ocrx_word' id='word_1_350' title='bbox 409 1660 595 1688; x_wconf 83' lang='lat' dir='ltr'><strong>inconcrelum</strong></span> <span class='ocrx_word' id='word_1_351' title='bbox 614 1668 670 1688; x_wconf 64' lang='lat' dir='ltr'><strong>suae</strong></span> <span class='ocrx_word' id='word_1_352' title='bbox 693 1662 814 1697; x_wconf 81' lang='lat' dir='ltr'><strong>suggerit</strong></span> <span class='ocrx_word' id='word_1_353' title='bbox 842 1661 972 1695; x_wconf 83' lang='lat' dir='ltr'><strong>Deitatis;</strong></span> 
     </span>
    </p>
   </div>
   <div class='ocr_carea' id='block_1_52' title="bbox 188 1706 973 1744">
    <p class='ocr_par' dir='ltr' id='par_1_52' title="bbox 188 1706 973 1744">
     <span class='ocr_line' id='line_1_52' title="bbox 188 1706 973 1744; baseline 0.005 -12"><span class='ocrx_word' id='word_1_354' title='bbox 188 1706 235 1740; x_wconf 73' lang='lat' dir='ltr'><strong>qui</strong></span> <span class='ocrx_word' id='word_1_355' title='bbox 259 1712 307 1733; x_wconf 87' lang='lat' dir='ltr'><strong>eos</strong></span> <span class='ocrx_word' id='word_1_356' title='bbox 340 1706 464 1733; x_wconf 79' lang='lat' dir='ltr'><strong>mittebat</strong></span> <span class='ocrx_word' id='word_1_357' title='bbox 490 1706 516 1733; x_wconf 89' lang='lat' dir='ltr'><strong>id</strong></span> <span class='ocrx_word' id='word_1_358' title='bbox 548 1707 755 1734; x_wconf 82' lang='lat' dir='ltr'><strong>machinabatur</strong></span> <span class='ocrx_word' id='word_1_359' title='bbox 782 1712 809 1735; x_wconf 90' lang='lat' dir='ltr'><strong>ut</strong></span> <span class='ocrx_word' id='word_1_360' title='bbox 824 1715 973 1744; x_wconf 80' lang='lat' dir='ltr'><strong>suspensos</strong></span> 
     </span>
    </p>
   </div>
   <div class='ocr_carea' id='block_1_53' title="bbox 188 1750 973 1789">
    <p class='ocr_par' dir='ltr' id='par_1_53' title="bbox 188 1750 973 1789">
     <span class='ocr_line' id='line_1_53' title="bbox 188 1750 973 1789; baseline 0.006 -12"><span class='ocrx_word' id='word_1_361' title='bbox 188 1750 314 1778; x_wconf 84' lang='lat' dir='ltr'><strong>redderet</strong></span> <span class='ocrx_word' id='word_1_362' title='bbox 336 1758 352 1777; x_wconf 91' lang='lat' dir='ltr'><strong>a</strong></span> <span class='ocrx_word' id='word_1_363' title='bbox 375 1751 537 1784; x_wconf 86' lang='lat' dir='ltr'><strong>miraculis,</strong></span> <span class='ocrx_word' id='word_1_364' title='bbox 582 1760 652 1787; x_wconf 90' lang='lat' dir='ltr'><strong>quos</strong></span> <span class='ocrx_word' id='word_1_365' title='bbox 678 1753 788 1780; x_wconf 87' lang='lat' dir='ltr'><strong>demum</strong></span> <span class='ocrx_word' id='word_1_366' title='bbox 821 1754 973 1789; x_wconf 82' lang='lat' dir='ltr'><strong>morigeros</strong></span> 
     </span>
    </p>
   </div>
   <div class='ocr_carea' id='block_1_54' title="bbox 187 1795 973 1834">
    <p class='ocr_par' dir='ltr' id='par_1_54' title="bbox 187 1795 973 1834">
     <span class='ocr_line' id='line_1_54' title="bbox 187 1795 973 1834; baseline 0.008 -12"><span class='ocrx_word' id='word_1_367' title='bbox 187 1796 347 1830; x_wconf 64' lang='lat' dir='ltr'><strong>prazceptori</strong></span> <span class='ocrx_word' id='word_1_368' title='bbox 369 1795 467 1829; x_wconf 84' lang='lat' dir='ltr'><strong>factos,</strong></span> <span class='ocrx_word' id='word_1_369' title='bbox 493 1802 520 1824; x_wconf 85' lang='lat' dir='ltr'><strong>et</strong></span> <span class='ocrx_word' id='word_1_370' title='bbox 535 1797 684 1825; x_wconf 75' lang='lat' dir='ltr'><strong>divinitatis</strong></span> <span class='ocrx_word' id='word_1_371' title='bbox 703 1806 760 1826; x_wconf 62' lang='lat' dir='ltr'><strong>sua:</strong></span> <span class='ocrx_word' id='word_1_372' title='bbox 777 1807 916 1834; x_wconf 63' lang='lat' dir='ltr'><strong>praecones</strong></span> <span class='ocrx_word' id='word_1_373' title='bbox 930 1808 973 1828; x_wconf 90' lang='lat' dir='ltr'><strong>re-</strong></span> 
     </span>
    </p>
   </div>
   <div class='ocr_carea' id='block_1_55' title="bbox 188 1841 973 1879">
    <p class='ocr_par' dir='ltr' id='par_1_55' title="bbox 188 1841 973 1879">
     <span class='ocr_line' id='line_1_55' title="bbox 188 1841 973 1879; baseline 0.009 -11"><span class='ocrx_word' id='word_1_374' title='bbox 188 1841 270 1868; x_wconf 86' lang='lat' dir='ltr'><strong>mittit</strong></span> <span class='ocrx_word' id='word_1_375' title='bbox 289 1842 425 1870; x_wconf 88' lang='lat' dir='ltr'><strong>Cbristus.</strong></span> <span class='ocrx_word' id='word_1_376' title='bbox 453 1843 596 1871; x_wconf 84' lang='lat' dir='ltr'><strong>Enimvero</strong></span> <span class='ocrx_word' id='word_1_377' title='bbox 608 1843 727 1879; x_wconf 82' lang='lat' dir='ltr'><strong>Baptista</strong></span> <span class='ocrx_word' id='word_1_378' title='bbox 742 1853 803 1873; x_wconf 94' lang='lat' dir='ltr'><strong>cum</strong></span> <span class='ocrx_word' id='word_1_379' title='bbox 818 1847 869 1874; x_wconf 91' lang='lat' dir='ltr'><strong>hoc</strong></span> <span class='ocrx_word' id='word_1_380' title='bbox 891 1847 973 1875; x_wconf 89' lang='lat' dir='ltr'><strong>modo</strong></span> 
     </span>
    </p>
   </div>
   <div class='ocr_carea' id='block_1_56' title="bbox 188 1887 972 1924">
    <p class='ocr_par' dir='ltr' id='par_1_56' title="bbox 188 1887 972 1924">
     <span class='ocr_line' id='line_1_56' title="bbox 188 1887 972 1924; baseline 0.006 -10"><span class='ocrx_word' id='word_1_381' title='bbox 188 1887 329 1922; x_wconf 89' lang='lat' dir='ltr'><strong>discipulis</strong></span> <span class='ocrx_word' id='word_1_382' title='bbox 356 1895 479 1916; x_wconf 84' lang='lat' dir='ltr'><strong>errorem</strong></span> <span class='ocrx_word' id='word_1_383' title='bbox 509 1889 665 1920; x_wconf 74' lang='lat' dir='ltr'><strong>exeruisset.</strong></span> <span class='ocrx_word' id='word_1_384' title='bbox 682 1897 730 1924; x_wconf 88' lang='lat' dir='ltr'><strong>per</strong></span> <span class='ocrx_word' id='word_1_385' title='bbox 759 1891 869 1918; x_wconf 84' lang='lat' dir='ltr'><strong>eosdem</strong></span> <span class='ocrx_word' id='word_1_386' title='bbox 889 1892 972 1919; x_wconf 89' lang='lat' dir='ltr'><strong>etiam</strong></span> 
     </span>
    </p>
   </div>
   <div class='ocr_carea' id='block_1_57' title="bbox 187 1936 972 1967">
    <p class='ocr_par' dir='ltr' id='par_1_57' title="bbox 187 1936 972 1967">
     <span class='ocr_line' id='line_1_57' title="bbox 187 1936 972 1967; baseline 0.008 -7"><span class='ocrx_word' id='word_1_387' title='bbox 187 1937 301 1961; x_wconf 66' lang='lat' dir='ltr'><strong>caeteros</strong></span> <span class='ocrx_word' id='word_1_388' title='bbox 320 1941 425 1967; x_wconf 85' lang='lat' dir='ltr'><strong>omnes,</strong></span> <span class='ocrx_word' id='word_1_389' title='bbox 452 1936 500 1962; x_wconf 70' lang='lat' dir='ltr'><strong>vim</strong></span> <span class='ocrx_word' id='word_1_390' title='bbox 516 1936 570 1963; x_wconf 77' lang='lat' dir='ltr'><strong>dux</strong></span> <span class='ocrx_word' id='word_1_391' title='bbox 591 1936 623 1963; x_wconf 87' lang='lat' dir='ltr'><strong>ad</strong></span> <span class='ocrx_word' id='word_1_392' title='bbox 639 1944 810 1964; x_wconf 83' lang='lat' dir='ltr'><strong>communem</strong></span> <span class='ocrx_word' id='word_1_393' title='bbox 827 1937 972 1966; x_wconf 90' lang='lat' dir='ltr'><strong>Dominum</strong></span> 
     </span>
    </p>
   </div>
   <div class='ocr_carea' id='block_1_58' title="bbox 187 1979 973 2014">
    <p class='ocr_par' dir='ltr' id='par_1_58' title="bbox 187 1979 973 2014">
     <span class='ocr_line' id='line_1_58' title="bbox 187 1979 973 2014; baseline 0.006 -8"><span class='ocrx_word' id='word_1_394' title='bbox 187 1985 217 2006; x_wconf 88' lang='lat' dir='ltr'><strong>se</strong></span> <span class='ocrx_word' id='word_1_395' title='bbox 233 1979 381 2007; x_wconf 82' lang='lat' dir='ltr'><strong>transferre</strong></span> <span class='ocrx_word' id='word_1_396' title='bbox 391 1980 465 2008; x_wconf 78' lang='lat' dir='ltr'><strong>fecit.</strong></span> <span class='ocrx_word' id='word_1_397' title='bbox 477 1980 546 2014; x_wconf 87' lang='lat' dir='ltr'><strong>Quin</strong></span> <span class='ocrx_word' id='word_1_398' title='bbox 563 1986 589 2008; x_wconf 84' lang='lat' dir='ltr'><strong>et</strong></span> <span class='ocrx_word' id='word_1_399' title='bbox 600 1981 737 2014; x_wconf 82' lang='lat' dir='ltr'><strong>Servator,</strong></span> <span class='ocrx_word' id='word_1_400' title='bbox 752 1990 814 2010; x_wconf 89' lang='lat' dir='ltr'><strong>cum</strong></span> <span class='ocrx_word' id='word_1_401' title='bbox 835 1983 973 2012; x_wconf 87' lang='lat' dir='ltr'><strong>auditores</strong></span> 
     </span>
    </p>
   </div>
   <div class='ocr_carea' id='block_1_59' title="bbox 186 2025 973 2061">
    <p class='ocr_par' dir='ltr' id='par_1_59' title="bbox 186 2025 973 2061">
     <span class='ocr_line' id='line_1_59' title="bbox 186 2025 973 2061; baseline 0.006 -10"><span class='ocrx_word' id='word_1_402' title='bbox 186 2031 252 2052; x_wconf 87' lang='lat' dir='ltr'><strong>suos</strong></span> <span class='ocrx_word' id='word_1_403' title='bbox 271 2025 303 2052; x_wconf 88' lang='lat' dir='ltr'><strong>ad</strong></span> <span class='ocrx_word' id='word_1_404' title='bbox 321 2026 497 2054; x_wconf 83' lang='lat' dir='ltr'><strong>imitationem</strong></span> <span class='ocrx_word' id='word_1_405' title='bbox 515 2027 679 2061; x_wconf 83' lang='lat' dir='ltr'><strong>reliquarum</strong></span> <span class='ocrx_word' id='word_1_406' title='bbox 701 2028 753 2055; x_wconf 91' lang='lat' dir='ltr'><strong>viri</strong></span> <span class='ocrx_word' id='word_1_407' title='bbox 773 2028 907 2056; x_wconf 86' lang='lat' dir='ltr'><strong>virtutum</strong></span> <span class='ocrx_word' id='word_1_408' title='bbox 931 2029 973 2056; x_wconf 89' lang='lat' dir='ltr'><strong>in-</strong></span> 
     </span>
    </p>
   </div>
   <div class='ocr_carea' id='block_1_60' title="bbox 186 2070 973 2108">
    <p class='ocr_par' dir='ltr' id='par_1_60' title="bbox 186 2070 973 2108">
     <span class='ocr_line' id='line_1_60' title="bbox 186 2070 973 2108; baseline 0.006 -11"><span class='ocrx_word' id='word_1_409' title='bbox 186 2070 311 2104; x_wconf 85' lang='lat' dir='ltr'><strong>duxerat,</strong></span> <span class='ocrx_word' id='word_1_410' title='bbox 337 2077 442 2099; x_wconf 88' lang='lat' dir='ltr'><strong>tanlum</strong></span> <span class='ocrx_word' id='word_1_411' title='bbox 470 2072 555 2107; x_wconf 80' lang='lat' dir='ltr'><strong>ipsius</strong></span> <span class='ocrx_word' id='word_1_412' title='bbox 581 2078 662 2108; x_wconf 89' lang='lat' dir='ltr'><strong>atque</strong></span> <span class='ocrx_word' id='word_1_413' title='bbox 690 2074 743 2102; x_wconf 88' lang='lat' dir='ltr'><strong>tale</strong></span> <span class='ocrx_word' id='word_1_414' title='bbox 775 2075 895 2102; x_wconf 85' lang='lat' dir='ltr'><strong>studium</strong></span> <span class='ocrx_word' id='word_1_415' title='bbox 913 2083 973 2102; x_wconf 90' lang='lat' dir='ltr'><strong>am-</strong></span> 
     </span>
    </p>
   </div>
   <div class='ocr_carea' id='block_1_61' title="bbox 185 2117 974 2154">
    <p class='ocr_par' dir='ltr' id='par_1_61' title="bbox 185 2117 974 2154">
     <span class='ocr_line' id='line_1_61' title="bbox 185 2117 974 2154; baseline 0.008 -10"><span class='ocrx_word' id='word_1_416' title='bbox 185 2117 322 2152; x_wconf 81' lang='lat' dir='ltr'><strong>plexatus,</strong></span> <span class='ocrx_word' id='word_1_417' title='bbox 356 2120 564 2154; x_wconf 88' lang='lat' dir='ltr'><strong>propensionem</strong></span> <span class='ocrx_word' id='word_1_418' title='bbox 590 2121 675 2148; x_wconf 91' lang='lat' dir='ltr'><strong>animi</strong></span> <span class='ocrx_word' id='word_1_419' title='bbox 692 2121 841 2149; x_wconf 85' lang='lat' dir='ltr'><strong>Dominicis</strong></span> <span class='ocrx_word' id='word_1_420' title='bbox 863 2121 922 2149; x_wconf 86' lang='lat' dir='ltr'><strong>suis</strong></span> <span class='ocrx_word' id='word_1_421' title='bbox 946 2127 974 2150; x_wconf 87' lang='lat' dir='ltr'><strong>et</strong></span> 
     </span>
    </p>
   </div>
   <div class='ocr_carea' id='block_1_62' title="bbox 1024 1019 1813 1058">
    <p class='ocr_par' dir='ltr' id='par_1_62' title="bbox 1024 1019 1813 1058">
     <span class='ocr_line' id='line_1_62' title="bbox 1024 1019 1813 1058; baseline -0.008 -7"><span class='ocrx_word' id='word_1_422' title='bbox 1024 1024 1107 1051; x_wconf 86' lang='grc' dir='ltr'><strong>θεσιν.</strong></span> <span class='ocrx_word' id='word_1_423' title='bbox 1135 1024 1242 1058; x_wconf 82' lang='grc' dir='ltr'><strong>Πέμπει</strong></span> <span class='ocrx_word' id='word_1_424' title='bbox 1264 1024 1328 1054; x_wconf 74' lang='grc' dir='ltr'><strong>τοὺς</strong></span> <span class='ocrx_word' id='word_1_425' title='bbox 1357 1021 1481 1057; x_wconf 83' lang='grc' dir='ltr'><strong>μαθητὰς</strong></span> <span class='ocrx_word' id='word_1_426' title='bbox 1499 1021 1566 1056; x_wconf 75' lang='grc' dir='ltr'><strong>πρὸς</strong></span> <span class='ocrx_word' id='word_1_427' title='bbox 1582 1020 1629 1046; x_wconf 81' lang='grc' dir='ltr'><strong>τὸν</strong></span> <span class='ocrx_word' id='word_1_428' title='bbox 1652 1019 1699 1046; x_wconf 73' lang='grc' dir='ltr'><strong>ὑπ’</strong></span> <span class='ocrx_word' id='word_1_429' title='bbox 1720 1020 1813 1046; x_wconf 80' lang='grc' dir='ltr'><strong>αὐτῶν</strong></span> 
     </span>
    </p>
   </div>
   <div class='ocr_carea' id='block_1_63' title="bbox 1023 1065 1814 1105">
    <p class='ocr_par' dir='ltr' id='par_1_63' title="bbox 1023 1065 1814 1105">
     <span class='ocr_line' id='line_1_63' title="bbox 1023 1065 1814 1105; baseline -0.008 -9"><span class='ocrx_word' id='word_1_430' title='bbox 1023 1069 1268 1105; x_wconf 75' lang='grc' dir='ltr'><strong>ζηλοτυπούμενον,</strong></span> <span class='ocrx_word' id='word_1_431' title='bbox 1297 1068 1344 1094; x_wconf 77' lang='grc' dir='ltr'><strong>καὶ</strong></span> <span class='ocrx_word' id='word_1_432' title='bbox 1368 1067 1460 1102; x_wconf 85' lang='grc' dir='ltr'><strong>σχῆμα</strong></span> <span class='ocrx_word' id='word_1_433' title='bbox 1476 1066 1538 1097; x_wconf 79' lang='grc' dir='ltr'><strong>δοὺς</strong></span> <span class='ocrx_word' id='word_1_434' title='bbox 1553 1065 1733 1101; x_wconf 75' lang='grc' dir='ltr'><strong>ἐρωτήσεως,</strong></span> <span class='ocrx_word' id='word_1_435' title='bbox 1763 1065 1814 1099; x_wconf 82' lang='grc' dir='ltr'><strong>τὴν</strong></span> 
     </span>
    </p>
   </div>
   <div class='ocr_carea' id='block_1_64' title="bbox 1022 1112 1813 1150">
    <p class='ocr_par' dir='ltr' id='par_1_64' title="bbox 1022 1112 1813 1150">
     <span class='ocr_line' id='line_1_64' title="bbox 1022 1112 1813 1150; baseline -0.008 -7"><span class='ocrx_word' id='word_1_436' title='bbox 1022 1115 1126 1143; x_wconf 77' lang='grc' dir='ltr'><strong>ἑαυτῶν</strong></span> <span class='ocrx_word' id='word_1_437' title='bbox 1141 1115 1357 1150; x_wconf 73' lang='grc' dir='ltr'><strong>παρασκευάζει,</strong></span> <span class='ocrx_word' id='word_1_438' title='bbox 1370 1114 1415 1140; x_wconf 79' lang='grc' dir='ltr'><strong>διὰ</strong></span> <span class='ocrx_word' id='word_1_439' title='bbox 1431 1113 1485 1140; x_wconf 84' lang='grc' dir='ltr'><strong>τῶν</strong></span> <span class='ocrx_word' id='word_1_440' title='bbox 1497 1112 1703 1147; x_wconf 80' lang='grc' dir='ltr'><strong>όφθησομένων,</strong></span> <span class='ocrx_word' id='word_1_441' title='bbox 1724 1120 1813 1146; x_wconf 80' lang='grc' dir='ltr'><strong>σωτη-</strong></span> 
     </span>
    </p>
   </div>
   <div class='ocr_carea' id='block_1_65' title="bbox 1021 1157 1813 1198">
    <p class='ocr_par' dir='ltr' id='par_1_65' title="bbox 1021 1157 1813 1198">
     <span class='ocr_line' id='line_1_65' title="bbox 1021 1157 1813 1198; baseline -0.008 -9"><span class='ocrx_word' id='word_1_442' title='bbox 1021 1162 1082 1198; x_wconf 84' lang='grc' dir='ltr'><strong>ρίαν</strong></span> <span class='ocrx_word' id='word_1_443' title='bbox 1096 1161 1311 1197; x_wconf 84' lang='grc' dir='ltr'><strong>καρπώσασθαι,</strong></span> <span class='ocrx_word' id='word_1_444' title='bbox 1329 1160 1377 1187; x_wconf 77' lang='grc' dir='ltr'><strong>καὶ</strong></span> <span class='ocrx_word' id='word_1_445' title='bbox 1395 1159 1445 1194; x_wconf 78' lang='grc' dir='ltr'><strong>τὴν</strong></span> <span class='ocrx_word' id='word_1_446' title='bbox 1458 1158 1594 1194; x_wconf 84' lang='grc' dir='ltr'><strong>προτέραν</strong></span> <span class='ocrx_word' id='word_1_447' title='bbox 1610 1157 1715 1191; x_wconf 81' lang='grc' dir='ltr'><strong>πλάνην</strong></span> <span class='ocrx_word' id='word_1_448' title='bbox 1734 1158 1764 1183; x_wconf 79' lang='grc' dir='ltr'><strong>ἐν</strong></span> <span class='ocrx_word' id='word_1_449' title='bbox 1778 1158 1813 1191; x_wconf 76' lang='grc' dir='ltr'><strong>τῇ</strong></span> 
     </span>
    </p>
   </div>
   <div class='ocr_carea' id='block_1_66' title="bbox 1018 1203 1812 1243">
    <p class='ocr_par' dir='ltr' id='par_1_66' title="bbox 1018 1203 1812 1243">
     <span class='ocr_line' id='line_1_66' title="bbox 1018 1203 1812 1243; baseline -0.009 -8"><span class='ocrx_word' id='word_1_450' title='bbox 1018 1208 1073 1235; x_wconf 87' lang='grc' dir='ltr'><strong>τῶν</strong></span> <span class='ocrx_word' id='word_1_451' title='bbox 1099 1207 1228 1243; x_wconf 78' lang='grc' dir='ltr'><strong>μαθητῶν</strong></span> <span class='ocrx_word' id='word_1_452' title='bbox 1247 1205 1402 1241; x_wconf 80' lang='grc' dir='ltr'><strong>διορθώσει,</strong></span> <span class='ocrx_word' id='word_1_453' title='bbox 1418 1205 1465 1232; x_wconf 84' lang='grc' dir='ltr'><strong>καὶ</strong></span> <span class='ocrx_word' id='word_1_454' title='bbox 1482 1205 1538 1236; x_wconf 83' lang='grc' dir='ltr'><strong>τοῖς</strong></span> <span class='ocrx_word' id='word_1_455' title='bbox 1551 1204 1642 1235; x_wconf 79' lang='grc' dir='ltr'><strong>ἄλλοις</strong></span> <span class='ocrx_word' id='word_1_456' title='bbox 1660 1203 1812 1230; x_wconf 61' lang='lat' dir='ltr'><strong>Evam-.056:-</strong></span> 
     </span>
    </p>
   </div>
   <div class='ocr_carea' id='block_1_67' title="bbox 1020 1248 1812 1289">
    <p class='ocr_par' dir='ltr' id='par_1_67' title="bbox 1020 1248 1812 1289">
     <span class='ocr_line' id='line_1_67' title="bbox 1020 1248 1812 1289; baseline -0.009 -8"><span class='ocrx_word' id='word_1_457' title='bbox 1020 1254 1116 1289; x_wconf 85' lang='grc' dir='ltr'><strong>σθῆναι</strong></span> <span class='ocrx_word' id='word_1_458' title='bbox 1139 1254 1186 1280; x_wconf 79' lang='grc' dir='ltr'><strong>καὶ</strong></span> <span class='ocrx_word' id='word_1_459' title='bbox 1202 1253 1363 1288; x_wconf 78' lang='grc' dir='ltr'><strong>διαρρυῆναι</strong></span> <span class='ocrx_word' id='word_1_460' title='bbox 1388 1251 1498 1277; x_wconf 78' lang='grc' dir='ltr'><strong>τέλεον·</strong></span> <span class='ocrx_word' id='word_1_461' title='bbox 1522 1249 1622 1276; x_wconf 81' lang='grc' dir='ltr'><strong>αὐτίκα</strong></span> <span class='ocrx_word' id='word_1_462' title='bbox 1641 1248 1696 1284; x_wconf 85' lang='grc' dir='ltr'><strong>γὰρ</strong></span> <span class='ocrx_word' id='word_1_463' title='bbox 1718 1257 1812 1283; x_wconf 85' lang='grc' dir='ltr'><strong>παρα-</strong></span> 
     </span>
    </p>
   </div>
   <div class='ocr_carea' id='block_1_68' title="bbox 1021 1294 1811 1335">
    <p class='ocr_par' dir='ltr' id='par_1_68' title="bbox 1021 1294 1811 1335">
     <span class='ocr_line' id='line_1_68' title="bbox 1021 1294 1811 1335; baseline -0.009 -8"><span class='ocrx_word' id='word_1_464' title='bbox 1021 1300 1182 1334; x_wconf 83' lang='grc' dir='ltr'><strong>γεγονότων,</strong></span> <span class='ocrx_word' id='word_1_465' title='bbox 1196 1300 1302 1335; x_wconf 84' lang='grc' dir='ltr'><strong>ῥήμασι</strong></span> <span class='ocrx_word' id='word_1_466' title='bbox 1320 1297 1369 1332; x_wconf 79' lang='grc' dir='ltr'><strong>μὲν</strong></span> <span class='ocrx_word' id='word_1_467' title='bbox 1384 1297 1453 1328; x_wconf 79' lang='grc' dir='ltr'><strong>τέως</strong></span> <span class='ocrx_word' id='word_1_468' title='bbox 1467 1297 1480 1323; x_wconf 79' lang='grc' dir='ltr'><strong>ὁ</strong></span> <span class='ocrx_word' id='word_1_469' title='bbox 1495 1296 1591 1330; x_wconf 78' lang='grc' dir='ltr'><strong>Σωτὴρ</strong></span> <span class='ocrx_word' id='word_1_470' title='bbox 1619 1294 1643 1324; x_wconf 80' lang='grc' dir='ltr'><strong>(ὁ</strong></span> <span class='ocrx_word' id='word_1_471' title='bbox 1659 1295 1707 1321; x_wconf 71' lang='grc' dir='ltr'><strong>καὶ</strong></span> <span class='ocrx_word' id='word_1_472' title='bbox 1722 1295 1811 1321; x_wconf 69' lang='grc' dir='ltr'><strong>ταῦτα</strong></span> 
     </span>
    </p>
   </div>
   <div class='ocr_carea' id='block_1_69' title="bbox 1020 1340 1812 1382">
    <p class='ocr_par' dir='ltr' id='par_1_69' title="bbox 1020 1340 1812 1382">
     <span class='ocr_line' id='line_1_69' title="bbox 1020 1340 1812 1382; baseline -0.009 -9"><span class='ocrx_word' id='word_1_473' title='bbox 1020 1347 1060 1382; x_wconf 86' lang='grc' dir='ltr'><strong>τῷ</strong></span> <span class='ocrx_word' id='word_1_474' title='bbox 1074 1346 1214 1380; x_wconf 84' lang='grc' dir='ltr'><strong>Βαπτιστῇ</strong></span> <span class='ocrx_word' id='word_1_475' title='bbox 1228 1343 1384 1380; x_wconf 81' lang='grc' dir='ltr'><strong>χαριτώσας</strong></span> <span class='ocrx_word' id='word_1_476' title='bbox 1398 1342 1568 1377; x_wconf 83' lang='grc' dir='ltr'><strong>λογίσασθαι)</strong></span> <span class='ocrx_word' id='word_1_477' title='bbox 1585 1341 1661 1368; x_wconf 77' lang='grc' dir='ltr'><strong>οὐδὲν</strong></span> <span class='ocrx_word' id='word_1_478' title='bbox 1673 1340 1744 1376; x_wconf 73' lang='grc' dir='ltr'><strong>πρὸς</strong></span> <span class='ocrx_word' id='word_1_479' title='bbox 1759 1340 1812 1375; x_wconf 77' lang='grc' dir='ltr'><strong>τὴν</strong></span> 
     </span>
    </p>
   </div>
   <div class='ocr_carea' id='block_1_70' title="bbox 1021 1386 1812 1427">
    <p class='ocr_par' dir='ltr' id='par_1_70' title="bbox 1021 1386 1812 1427">
     <span class='ocr_line' id='line_1_70' title="bbox 1021 1386 1812 1427; baseline -0.008 -9"><span class='ocrx_word' id='word_1_480' title='bbox 1021 1391 1155 1427; x_wconf 77' lang='grc' dir='ltr'><strong>ἐρώτησιν</strong></span> <span class='ocrx_word' id='word_1_481' title='bbox 1168 1391 1362 1425; x_wconf 79' lang='grc' dir='ltr'><strong>ἀποκρίνεται’</strong></span> <span class='ocrx_word' id='word_1_482' title='bbox 1384 1389 1441 1424; x_wconf 69' lang='grc' dir='ltr'><strong>ᾔδει</strong></span> <span class='ocrx_word' id='word_1_483' title='bbox 1455 1388 1521 1423; x_wconf 85' lang='grc' dir='ltr'><strong>γὰρ,</strong></span> <span class='ocrx_word' id='word_1_484' title='bbox 1540 1387 1600 1423; x_wconf 75' lang='grc' dir='ltr'><strong>ᾔδει</strong></span> <span class='ocrx_word' id='word_1_485' title='bbox 1616 1387 1662 1413; x_wconf 75' lang='grc' dir='ltr'><strong>τὸν</strong></span> <span class='ocrx_word' id='word_1_486' title='bbox 1680 1386 1710 1420; x_wconf 78' lang='grc' dir='ltr'><strong>ἐξ</strong></span> <span class='ocrx_word' id='word_1_487' title='bbox 1724 1387 1812 1421; x_wconf 77' lang='grc' dir='ltr'><strong>αὐτῆς</strong></span> 
     </span>
    </p>
   </div>
   <div class='ocr_carea' id='block_1_71' title="bbox 1019 1433 1813 1474">
    <p class='ocr_par' dir='ltr' id='par_1_71' title="bbox 1019 1433 1813 1474">
     <span class='ocr_line' id='line_1_71' title="bbox 1019 1433 1813 1474; baseline -0.008 -10"><span class='ocrx_word' id='word_1_488' title='bbox 1019 1439 1130 1474; x_wconf 83' lang='grc' dir='ltr'><strong>μήτρας</strong></span> <span class='ocrx_word' id='word_1_489' title='bbox 1146 1458 1153 1470; x_wconf 89' lang='grc'><strong>,</strong></span> <span class='ocrx_word' id='word_1_490' title='bbox 1184 1437 1353 1472; x_wconf 83' lang='grc' dir='ltr'><strong>σκιρτήμασι</strong></span> <span class='ocrx_word' id='word_1_491' title='bbox 1382 1436 1429 1462; x_wconf 78' lang='grc' dir='ltr'><strong>καὶ</strong></span> <span class='ocrx_word' id='word_1_492' title='bbox 1454 1433 1568 1470; x_wconf 69' lang='grc' dir='ltr'><strong>μητρῲᾳ</strong></span> <span class='ocrx_word' id='word_1_493' title='bbox 1593 1433 1704 1469; x_wconf 80' lang='grc' dir='ltr'><strong>γλώσσῃ</strong></span> <span class='ocrx_word' id='word_1_494' title='bbox 1729 1433 1813 1459; x_wconf 69' lang='grc' dir='ltr'><strong>αὑτὸν</strong></span> 
     </span>
    </p>
   </div>
   <div class='ocr_carea' id='block_1_72' title="bbox 1023 1478 1812 1521">
    <p class='ocr_par' dir='ltr' id='par_1_72' title="bbox 1023 1478 1812 1521">
     <span class='ocr_line' id='line_1_72' title="bbox 1023 1478 1812 1521; baseline -0.008 -11"><span class='ocrx_word' id='word_1_495' title='bbox 1023 1483 1242 1521; x_wconf 79' lang='grc' dir='ltr'><strong>προκηρύξαντα,</strong></span> <span class='ocrx_word' id='word_1_496' title='bbox 1263 1482 1310 1510; x_wconf 77' lang='grc' dir='ltr'><strong>καὶ</strong></span> <span class='ocrx_word' id='word_1_497' title='bbox 1326 1482 1437 1517; x_wconf 82' lang='grc' dir='ltr'><strong>μυρίαις</strong></span> <span class='ocrx_word' id='word_1_498' title='bbox 1453 1482 1529 1512; x_wconf 85' lang='grc' dir='ltr'><strong>ὅσαις</strong></span> <span class='ocrx_word' id='word_1_499' title='bbox 1547 1480 1618 1516; x_wconf 80' lang='grc' dir='ltr'><strong>μετὰ</strong></span> <span class='ocrx_word' id='word_1_500' title='bbox 1637 1479 1724 1507; x_wconf 81' lang='grc' dir='ltr'><strong>ταῦτα</strong></span> <span class='ocrx_word' id='word_1_501' title='bbox 1741 1478 1812 1514; x_wconf 80' lang='grc' dir='ltr'><strong>λαμ-</strong></span> 
     </span>
    </p>
   </div>
   <div class='ocr_carea' id='block_1_73' title="bbox 1023 1525 1813 1565">
    <p class='ocr_par' dir='ltr' id='par_1_73' title="bbox 1023 1525 1813 1565">
     <span class='ocr_line' id='line_1_73' title="bbox 1023 1525 1813 1565; baseline -0.008 -9"><span class='ocrx_word' id='word_1_502' title='bbox 1023 1531 1105 1565; x_wconf 83' lang='grc' dir='ltr'><strong>πραῖς</strong></span> <span class='ocrx_word' id='word_1_503' title='bbox 1124 1529 1288 1564; x_wconf 84' lang='grc' dir='ltr'><strong>μαρτυρίαις</strong></span> <span class='ocrx_word' id='word_1_504' title='bbox 1301 1527 1349 1554; x_wconf 82' lang='grc' dir='ltr'><strong>καὶ</strong></span> <span class='ocrx_word' id='word_1_505' title='bbox 1364 1527 1543 1562; x_wconf 83' lang='grc' dir='ltr'><strong>θεοπρεπέσιν</strong></span> <span class='ocrx_word' id='word_1_506' title='bbox 1558 1525 1740 1560; x_wconf 80' lang='grc' dir='ltr'><strong>ἀναῤῥήσεσι,</strong></span> <span class='ocrx_word' id='word_1_507' title='bbox 1759 1533 1813 1560; x_wconf 87' lang='grc' dir='ltr'><strong>μη-</strong></span> 
     </span>
    </p>
   </div>
   <div class='ocr_carea' id='block_1_74' title="bbox 1022 1569 1812 1610">
    <p class='ocr_par' dir='ltr' id='par_1_74' title="bbox 1022 1569 1812 1610">
     <span class='ocr_line' id='line_1_74' title="bbox 1022 1569 1812 1610; baseline -0.008 -8"><span class='ocrx_word' id='word_1_508' title='bbox 1022 1576 1118 1610; x_wconf 82' lang='grc' dir='ltr'><strong>δεμιᾶς</strong></span> <span class='ocrx_word' id='word_1_509' title='bbox 1134 1574 1238 1601; x_wconf 85' lang='grc' dir='ltr'><strong>δεῖσθαι</strong></span> <span class='ocrx_word' id='word_1_510' title='bbox 1261 1574 1325 1608; x_wconf 75' lang='grc' dir='ltr'><strong>περὶ</strong></span> <span class='ocrx_word' id='word_1_511' title='bbox 1347 1572 1430 1600; x_wconf 74' lang='grc' dir='ltr'><strong>αὐτοῦ</strong></span> <span class='ocrx_word' id='word_1_512' title='bbox 1457 1572 1620 1607; x_wconf 71' lang='grc' dir='ltr'><strong>μαθήσεωςο</strong></span> <span class='ocrx_word' id='word_1_513' title='bbox 1637 1569 1762 1606; x_wconf 79' lang='grc' dir='ltr'><strong>σημείοις</strong></span> <span class='ocrx_word' id='word_1_514' title='bbox 1783 1569 1812 1596; x_wconf 73' lang='grc' dir='ltr'><strong>δὲ</strong></span> 
     </span>
    </p>
   </div>
   <div class='ocr_carea' id='block_1_75' title="bbox 1023 1616 1812 1656">
    <p class='ocr_par' dir='ltr' id='par_1_75' title="bbox 1023 1616 1812 1656">
     <span class='ocr_line' id='line_1_75' title="bbox 1023 1616 1812 1656; baseline -0.008 -9"><span class='ocrx_word' id='word_1_515' title='bbox 1023 1621 1186 1656; x_wconf 77' lang='grc' dir='ltr'><strong>παραδόξοις</strong></span> <span class='ocrx_word' id='word_1_516' title='bbox 1205 1620 1254 1647; x_wconf 74' lang='grc' dir='ltr'><strong>καὶ</strong></span> <span class='ocrx_word' id='word_1_517' title='bbox 1272 1621 1368 1655; x_wconf 80' lang='grc' dir='ltr'><strong>τέρασι</strong></span> <span class='ocrx_word' id='word_1_518' title='bbox 1381 1619 1412 1646; x_wconf 87' lang='grc' dir='ltr'><strong>τδ</strong></span> <span class='ocrx_word' id='word_1_519' title='bbox 1433 1619 1598 1654; x_wconf 80' lang='grc' dir='ltr'><strong>ἀσύγκριτον</strong></span> <span class='ocrx_word' id='word_1_520' title='bbox 1621 1616 1703 1644; x_wconf 80' lang='grc' dir='ltr'><strong>αὑτοῦ</strong></span> <span class='ocrx_word' id='word_1_521' title='bbox 1721 1625 1812 1651; x_wconf 84' lang='grc' dir='ltr'><strong>παρα-</strong></span> 
     </span>
    </p>
   </div>
   <div class='ocr_carea' id='block_1_76' title="bbox 1024 1663 1813 1703">
    <p class='ocr_par' dir='ltr' id='par_1_76' title="bbox 1024 1663 1813 1703">
     <span class='ocr_line' id='line_1_76' title="bbox 1024 1663 1813 1703; baseline -0.006 -9"><span class='ocrx_word' id='word_1_522' title='bbox 1024 1668 1125 1703; x_wconf 79' lang='grc' dir='ltr'><strong>στήσας</strong></span> <span class='ocrx_word' id='word_1_523' title='bbox 1136 1667 1185 1702; x_wconf 87' lang='grc' dir='ltr'><strong>τῆς</strong></span> <span class='ocrx_word' id='word_1_524' title='bbox 1207 1666 1332 1701; x_wconf 85' lang='grc' dir='ltr'><strong>θεότητος</strong></span> <span class='ocrx_word' id='word_1_525' title='bbox 1347 1665 1436 1701; x_wconf 80' lang='grc' dir='ltr'><strong>(τοῦτο</strong></span> <span class='ocrx_word' id='word_1_526' title='bbox 1447 1664 1502 1700; x_wconf 88' lang='grc' dir='ltr'><strong>γὰρ</strong></span> <span class='ocrx_word' id='word_1_527' title='bbox 1513 1665 1528 1690; x_wconf 86' lang='grc' dir='ltr'><strong>ὁ</strong></span> <span class='ocrx_word' id='word_1_528' title='bbox 1541 1663 1651 1699; x_wconf 78' lang='grc' dir='ltr'><strong>πέμψας</strong></span> <span class='ocrx_word' id='word_1_529' title='bbox 1665 1664 1813 1698; x_wconf 71' lang='grc' dir='ltr'><strong>ἐπραγμα-</strong></span> 
     </span>
    </p>
   </div>
   <div class='ocr_carea' id='block_1_77' title="bbox 1023 1709 1813 1748">
    <p class='ocr_par' dir='ltr' id='par_1_77' title="bbox 1023 1709 1813 1748">
     <span class='ocr_line' id='line_1_77' title="bbox 1023 1709 1813 1748; baseline -0.006 -8"><span class='ocrx_word' id='word_1_530' title='bbox 1023 1713 1142 1748; x_wconf 84' lang='grc' dir='ltr'><strong>τεύετο),</strong></span> <span class='ocrx_word' id='word_1_531' title='bbox 1171 1713 1201 1746; x_wconf 76' lang='grc' dir='ltr'><strong>ἐξ</strong></span> <span class='ocrx_word' id='word_1_532' title='bbox 1216 1712 1306 1740; x_wconf 80' lang='grc' dir='ltr'><strong>αὐτῶν</strong></span> <span class='ocrx_word' id='word_1_533' title='bbox 1334 1711 1468 1747; x_wconf 83' lang='grc' dir='ltr'><strong>ὀμμάτων</strong></span> <span class='ocrx_word' id='word_1_534' title='bbox 1493 1711 1556 1742; x_wconf 79' lang='grc' dir='ltr'><strong>τοὺς</strong></span> <span class='ocrx_word' id='word_1_535' title='bbox 1583 1709 1733 1740; x_wconf 80' lang='grc' dir='ltr'><strong>σταλέντας</strong></span> <span class='ocrx_word' id='word_1_536' title='bbox 1755 1709 1813 1740; x_wconf 80' lang='grc' dir='ltr'><strong>τοῖς</strong></span> 
     </span>
    </p>
   </div>
   <div class='ocr_carea' id='block_1_78' title="bbox 1024 1754 1813 1796">
    <p class='ocr_par' dir='ltr' id='par_1_78' title="bbox 1024 1754 1813 1796">
     <span class='ocr_line' id='line_1_78' title="bbox 1024 1754 1813 1796; baseline -0.009 -9"><span class='ocrx_word' id='word_1_537' title='bbox 1024 1759 1160 1796; x_wconf 83' lang='grc' dir='ltr'><strong>θαύμασιν</strong></span> <span class='ocrx_word' id='word_1_538' title='bbox 1188 1759 1377 1794; x_wconf 79' lang='grc' dir='ltr'><strong>ἀνηρτήσατο,</strong></span> <span class='ocrx_word' id='word_1_539' title='bbox 1408 1757 1456 1784; x_wconf 76' lang='grc' dir='ltr'><strong>καὶ</strong></span> <span class='ocrx_word' id='word_1_540' title='bbox 1483 1756 1576 1783; x_wconf 83' lang='grc' dir='ltr'><strong>λοιπὸν</strong></span> <span class='ocrx_word' id='word_1_541' title='bbox 1608 1755 1746 1787; x_wconf 80' lang='grc' dir='ltr'><strong>εὐπειθεῖς</strong></span> <span class='ocrx_word' id='word_1_542' title='bbox 1771 1754 1813 1789; x_wconf 81' lang='grc' dir='ltr'><strong>τῷ</strong></span> 
     </span>
    </p>
   </div>
   <div class='ocr_carea' id='block_1_79' title="bbox 1023 1800 1813 1840">
    <p class='ocr_par' dir='ltr' id='par_1_79' title="bbox 1023 1800 1813 1840">
     <span class='ocr_line' id='line_1_79' title="bbox 1023 1800 1813 1840; baseline -0.006 -8"><span class='ocrx_word' id='word_1_543' title='bbox 1023 1804 1186 1840; x_wconf 85' lang='grc' dir='ltr'><strong>διδασκάλῳ,</strong></span> <span class='ocrx_word' id='word_1_544' title='bbox 1208 1804 1256 1831; x_wconf 80' lang='grc' dir='ltr'><strong>καὶ</strong></span> <span class='ocrx_word' id='word_1_545' title='bbox 1275 1803 1324 1839; x_wconf 85' lang='grc' dir='ltr'><strong>τῆς</strong></span> <span class='ocrx_word' id='word_1_546' title='bbox 1347 1802 1430 1830; x_wconf 84' lang='grc' dir='ltr'><strong>αὑτοῦ</strong></span> <span class='ocrx_word' id='word_1_547' title='bbox 1450 1802 1576 1838; x_wconf 88' lang='grc' dir='ltr'><strong>θεότητος</strong></span> <span class='ocrx_word' id='word_1_548' title='bbox 1592 1800 1749 1836; x_wconf 82' lang='grc' dir='ltr'><strong>ἀναπέμπει</strong></span> <span class='ocrx_word' id='word_1_549' title='bbox 1762 1801 1813 1836; x_wconf 79' lang='grc' dir='ltr'><strong>κή-</strong></span> 
     </span>
    </p>
   </div>
   <div class='ocr_carea' id='block_1_80' title="bbox 1026 1846 1812 1886">
    <p class='ocr_par' dir='ltr' id='par_1_80' title="bbox 1026 1846 1812 1886">
     <span class='ocr_line' id='line_1_80' title="bbox 1026 1846 1812 1886; baseline -0.006 -9"><span class='ocrx_word' id='word_1_550' title='bbox 1026 1859 1120 1886; x_wconf 87' lang='grc' dir='ltr'><strong>ρυκας.</strong></span> <span class='ocrx_word' id='word_1_551' title='bbox 1142 1849 1211 1876; x_wconf 81' lang='grc' dir='ltr'><strong>Ἀλλ’</strong></span> <span class='ocrx_word' id='word_1_552' title='bbox 1232 1849 1246 1875; x_wconf 82' lang='grc' dir='ltr'><strong>ὁ</strong></span> <span class='ocrx_word' id='word_1_553' title='bbox 1265 1849 1314 1884; x_wconf 81' lang='grc' dir='ltr'><strong>μὲν</strong></span> <span class='ocrx_word' id='word_1_554' title='bbox 1330 1849 1498 1883; x_wconf 80' lang='grc' dir='ltr'><strong>Βαπτιστὴς,</strong></span> <span class='ocrx_word' id='word_1_555' title='bbox 1514 1846 1585 1874; x_wconf 77' lang='grc' dir='ltr'><strong>οὕτω</strong></span> <span class='ocrx_word' id='word_1_556' title='bbox 1601 1846 1664 1879; x_wconf 79' lang='grc' dir='ltr'><strong>τοὺς</strong></span> <span class='ocrx_word' id='word_1_557' title='bbox 1688 1846 1812 1881; x_wconf 76' lang='grc' dir='ltr'><strong>μαθητὰς</strong></span> 
     </span>
    </p>
   </div>
   <div class='ocr_carea' id='block_1_81' title="bbox 1026 1890 1812 1932">
    <p class='ocr_par' dir='ltr' id='par_1_81' title="bbox 1026 1890 1812 1932">
     <span class='ocr_line' id='line_1_81' title="bbox 1026 1890 1812 1932; baseline -0.008 -9"><span class='ocrx_word' id='word_1_558' title='bbox 1026 1895 1159 1932; x_wconf 85' lang='grc' dir='ltr'><strong>μεθιστῶν</strong></span> <span class='ocrx_word' id='word_1_559' title='bbox 1185 1895 1236 1930; x_wconf 83' lang='grc' dir='ltr'><strong>τῆς</strong></span> <span class='ocrx_word' id='word_1_560' title='bbox 1259 1893 1375 1928; x_wconf 83' lang='grc' dir='ltr'><strong>πλάνης,</strong></span> <span class='ocrx_word' id='word_1_561' title='bbox 1399 1893 1446 1920; x_wconf 79' lang='grc' dir='ltr'><strong>καὶ</strong></span> <span class='ocrx_word' id='word_1_562' title='bbox 1465 1892 1499 1919; x_wconf 81' lang='grc' dir='ltr'><strong>δι’</strong></span> <span class='ocrx_word' id='word_1_563' title='bbox 1513 1891 1604 1918; x_wconf 83' lang='grc' dir='ltr'><strong>αὐτῶν</strong></span> <span class='ocrx_word' id='word_1_564' title='bbox 1623 1891 1688 1923; x_wconf 75' lang='grc' dir='ltr'><strong>τοὺς</strong></span> <span class='ocrx_word' id='word_1_565' title='bbox 1715 1890 1812 1922; x_wconf 72' lang='grc' dir='ltr'><strong>ἄλλους</strong></span> 
     </span>
    </p>
   </div>
   <div class='ocr_carea' id='block_1_82' title="bbox 1024 1937 1812 1977">
    <p class='ocr_par' dir='ltr' id='par_1_82' title="bbox 1024 1937 1812 1977">
     <span class='ocr_line' id='line_1_82' title="bbox 1024 1937 1812 1977; baseline -0.008 -9"><span class='ocrx_word' id='word_1_566' title='bbox 1024 1941 1185 1977; x_wconf 83' lang='grc' dir='ltr'><strong>ἀνθρώπους</strong></span> <span class='ocrx_word' id='word_1_567' title='bbox 1209 1939 1249 1976; x_wconf 85' lang='grc' dir='ltr'><strong>τῷ</strong></span> <span class='ocrx_word' id='word_1_568' title='bbox 1271 1939 1355 1974; x_wconf 87' lang='grc' dir='ltr'><strong>κοινῷ</strong></span> <span class='ocrx_word' id='word_1_569' title='bbox 1377 1938 1564 1974; x_wconf 79' lang='grc' dir='ltr'><strong>προσδραμεῖν</strong></span> <span class='ocrx_word' id='word_1_570' title='bbox 1587 1937 1732 1972; x_wconf 81' lang='grc' dir='ltr'><strong>ὲμεθόδευε</strong></span> <span class='ocrx_word' id='word_1_571' title='bbox 1762 1937 1812 1962; x_wconf 86' lang='grc' dir='ltr'><strong>Δε-</strong></span> 
     </span>
    </p>
   </div>
   <div class='ocr_carea' id='block_1_83' title="bbox 1025 1981 1811 2022">
    <p class='ocr_par' dir='ltr' id='par_1_83' title="bbox 1025 1981 1811 2022">
     <span class='ocr_line' id='line_1_83' title="bbox 1025 1981 1811 2022; baseline -0.006 -9"><span class='ocrx_word' id='word_1_572' title='bbox 1025 1987 1122 2022; x_wconf 82' lang='grc' dir='ltr'><strong>σπότῃ.</strong></span> <span class='ocrx_word' id='word_1_573' title='bbox 1145 1985 1173 2012; x_wconf 88' lang='lat'><strong>&#39;0</strong></span> <span class='ocrx_word' id='word_1_574' title='bbox 1199 1985 1227 2011; x_wconf 85' lang='grc' dir='ltr'><em>δέ</em></span> <span class='ocrx_word' id='word_1_575' title='bbox 1250 1993 1282 2019; x_wconf 76' lang='grc' dir='ltr'><strong>γε</strong></span> <span class='ocrx_word' id='word_1_576' title='bbox 1299 1983 1406 2019; x_wconf 75' lang='grc' dir='ltr'><strong>Σωτὴρ,</strong></span> <span class='ocrx_word' id='word_1_577' title='bbox 1426 1983 1477 2017; x_wconf 87' lang='grc' dir='ltr'><strong>τῆς</strong></span> <span class='ocrx_word' id='word_1_578' title='bbox 1496 1991 1527 2009; x_wconf 87' lang='grc' dir='ltr'><strong>τε</strong></span> <span class='ocrx_word' id='word_1_579' title='bbox 1542 1982 1625 2017; x_wconf 83' lang='grc' dir='ltr'><strong>ἄλλης</strong></span> <span class='ocrx_word' id='word_1_580' title='bbox 1640 1982 1741 2018; x_wconf 78' lang='grc' dir='ltr'><strong>ἀρετῆς</strong></span> <span class='ocrx_word' id='word_1_581' title='bbox 1763 1981 1811 2008; x_wconf 78' lang='grc' dir='ltr'><strong>τοῦ</strong></span> 
     </span>
    </p>
   </div>
   <div class='ocr_carea' id='block_1_84' title="bbox 1024 2028 1812 2068">
    <p class='ocr_par' dir='ltr' id='par_1_84' title="bbox 1024 2028 1812 2068">
     <span class='ocr_line' id='line_1_84' title="bbox 1024 2028 1812 2068; baseline -0.009 -8"><span class='ocrx_word' id='word_1_582' title='bbox 1024 2033 1120 2068; x_wconf 83' lang='grc' dir='ltr'><strong>ἀνδρὸς</strong></span> <span class='ocrx_word' id='word_1_583' title='bbox 1134 2033 1173 2064; x_wconf 77' lang='grc' dir='ltr'><strong>εἰς</strong></span> <span class='ocrx_word' id='word_1_584' title='bbox 1186 2031 1266 2066; x_wconf 79' lang='grc' dir='ltr'><strong>ζῆλον</strong></span> <span class='ocrx_word' id='word_1_585' title='bbox 1280 2030 1344 2060; x_wconf 81' lang='grc' dir='ltr'><strong>τοὺς</strong></span> <span class='ocrx_word' id='word_1_586' title='bbox 1359 2029 1497 2064; x_wconf 81' lang='grc' dir='ltr'><strong>ἀκροατὰς</strong></span> <span class='ocrx_word' id='word_1_587' title='bbox 1511 2028 1683 2064; x_wconf 79' lang='grc' dir='ltr'><strong>προτρέπων,</strong></span> <span class='ocrx_word' id='word_1_588' title='bbox 1698 2029 1745 2055; x_wconf 84' lang='grc' dir='ltr'><strong>καὶ</strong></span> <span class='ocrx_word' id='word_1_589' title='bbox 1761 2029 1812 2063; x_wconf 82' lang='grc' dir='ltr'><strong>τῆς</strong></span> 
     </span>
    </p>
   </div>
   <div class='ocr_carea' id='block_1_85' title="bbox 1023 2073 1811 2112">
    <p class='ocr_par' dir='ltr' id='par_1_85' title="bbox 1023 2073 1811 2112">
     <span class='ocr_line' id='line_1_85' title="bbox 1023 2073 1811 2112; baseline -0.008 -8"><span class='ocrx_word' id='word_1_590' title='bbox 1023 2077 1189 2112; x_wconf 84' lang='grc' dir='ltr'><strong>τηλικαύτης</strong></span> <span class='ocrx_word' id='word_1_591' title='bbox 1208 2075 1288 2102; x_wconf 77' lang='grc' dir='ltr'><strong>αὑτὸν</strong></span> <span class='ocrx_word' id='word_1_592' title='bbox 1301 2075 1348 2102; x_wconf 77' lang='grc' dir='ltr'><strong>καὶ</strong></span> <span class='ocrx_word' id='word_1_593' title='bbox 1363 2073 1497 2108; x_wconf 81' lang='grc' dir='ltr'><strong>τοσαύτης</strong></span> <span class='ocrx_word' id='word_1_594' title='bbox 1513 2073 1712 2108; x_wconf 82' lang='grc' dir='ltr'><strong>ἀποδεχόμενος</strong></span> <span class='ocrx_word' id='word_1_595' title='bbox 1728 2081 1811 2100; x_wconf 86' lang='grc' dir='ltr'><strong>σπου-</strong></span> 
     </span>
    </p>
   </div>
   <div class='ocr_carea' id='block_1_86' title="bbox 1024 2117 1810 2158">
    <p class='ocr_par' dir='ltr' id='par_1_86' title="bbox 1024 2117 1810 2158">
     <span class='ocr_line' id='line_1_86' title="bbox 1024 2117 1810 2158; baseline -0.008 -8"><span class='ocrx_word' id='word_1_596' title='bbox 1024 2123 1072 2158; x_wconf 85' lang='grc' dir='ltr'><strong>δῆς</strong></span> <span class='ocrx_word' id='word_1_597' title='bbox 1093 2122 1140 2150; x_wconf 73' lang='grc' dir='ltr'><strong>καὶ</strong></span> <span class='ocrx_word' id='word_1_598' title='bbox 1158 2120 1322 2158; x_wconf 85' lang='grc' dir='ltr'><strong>προθυμίας,</strong></span> <span class='ocrx_word' id='word_1_599' title='bbox 1339 2120 1515 2151; x_wconf 87' lang='grc' dir='ltr'><strong>Δεσποτικοῐς</strong></span> <span class='ocrx_word' id='word_1_600' title='bbox 1528 2119 1576 2146; x_wconf 79' lang='grc' dir='ltr'><strong>καὶ</strong></span> <span class='ocrx_word' id='word_1_601' title='bbox 1596 2118 1712 2150; x_wconf 82' lang='grc' dir='ltr'><strong>δικαίοις</strong></span> <span class='ocrx_word' id='word_1_602' title='bbox 1732 2117 1810 2153; x_wconf 83' lang='grc' dir='ltr'><strong>ἀμεί-</strong></span> 
     </span>
    </p>
   </div>
   <div class='ocr_carea' id='block_1_87' title="bbox 186 2163 957 2206">
    <p class='ocr_par' dir='ltr' id='par_1_87' title="bbox 186 2164 956 2201">
     <span class='ocr_line' id='line_1_87' title="bbox 186 2164 956 2201; baseline 0.006 -11"><span class='ocrx_word' id='word_1_603' title='bbox 186 2164 292 2192; x_wconf 89' lang='lat' dir='ltr'><strong>meritis</strong></span> <span class='ocrx_word' id='word_1_604' title='bbox 313 2169 469 2192; x_wconf 84' lang='lat' dir='ltr'><strong>remunerat</strong></span> <span class='ocrx_word' id='word_1_605' title='bbox 485 2166 618 2194; x_wconf 90' lang='lat' dir='ltr'><strong>encomiis</strong></span> <span class='ocrx_word' id='word_1_606' title='bbox 631 2175 639 2200; x_wconf 87' lang='lat'><strong>;</strong></span> <span class='ocrx_word' id='word_1_607' title='bbox 652 2175 739 2201; x_wconf 83' lang='lat' dir='ltr'><strong>neque</strong></span> <span class='ocrx_word' id='word_1_608' title='bbox 751 2167 824 2197; x_wconf 87' lang='lat' dir='ltr'><strong>enim</strong></span> <span class='ocrx_word' id='word_1_609' title='bbox 844 2168 956 2196; x_wconf 87' lang='lat' dir='ltr'><strong>commit</strong></span> 
     </span>
    </p>
   </div>
   <div class='ocr_carea' id='block_1_88' title="bbox 1028 2163 1810 2206">
    <p class='ocr_par' dir='ltr' id='par_1_88' title="bbox 1028 2163 1810 2202">
     <span class='ocr_line' id='line_1_88' title="bbox 1028 2163 1810 2202; baseline -0.008 -6"><span class='ocrx_word' id='word_1_610' title='bbox 1028 2170 1101 2196; x_wconf 72' lang='grc' dir='ltr'><strong>ὄεται</strong></span> <span class='ocrx_word' id='word_1_611' title='bbox 1112 2167 1269 2202; x_wconf 75' lang='grc' dir='ltr'><strong>ἐγκωμίοις·</strong></span> <span class='ocrx_word' id='word_1_612' title='bbox 1283 2166 1344 2193; x_wconf 79' lang='grc' dir='ltr'><strong>οὐδὲ</strong></span> <span class='ocrx_word' id='word_1_613' title='bbox 1355 2165 1421 2201; x_wconf 83' lang='grc' dir='ltr'><strong>γὰρ,</strong></span> <span class='ocrx_word' id='word_1_614' title='bbox 1430 2165 1484 2192; x_wconf 82' lang='grc' dir='ltr'><strong>οὐδ’</strong></span> <span class='ocrx_word' id='word_1_615' title='bbox 1495 2163 1618 2200; x_wconf 74' lang='grc' dir='ltr'><strong>ἠνέσχετ’</strong></span> <span class='ocrx_word' id='word_1_616' title='bbox 1630 2163 1675 2196; x_wconf 76' lang='grc' dir='ltr'><strong>ἂν,</strong></span> <span class='ocrx_word' id='word_1_617' title='bbox 1687 2164 1702 2190; x_wconf 85' lang='grc' dir='ltr'><strong>ό</strong></span> <span class='ocrx_word' id='word_1_618' title='bbox 1711 2165 1810 2200; x_wconf 79' lang='grc' dir='ltr'><strong>προῖκα</strong></span> 
     </span>
    </p>
   </div>
   <div class='ocr_carea' id='block_1_89' title="bbox 186 2209 972 2246">
    <p class='ocr_par' dir='ltr' id='par_1_89' title="bbox 186 2209 972 2246">
     <span class='ocr_line' id='line_1_89' title="bbox 186 2209 972 2246; baseline 0.008 -10"><span class='ocrx_word' id='word_1_619' title='bbox 186 2214 243 2236; x_wconf 88' lang='lat' dir='ltr'><strong>tere</strong></span> <span class='ocrx_word' id='word_1_620' title='bbox 256 2209 363 2237; x_wconf 87' lang='lat' dir='ltr'><strong>volebat</strong></span> <span class='ocrx_word' id='word_1_621' title='bbox 382 2210 404 2238; x_wconf 90' lang='lat' dir='ltr'><strong>is</strong></span> <span class='ocrx_word' id='word_1_622' title='bbox 417 2210 461 2246; x_wconf 90' lang='lat' dir='ltr'><strong>qui</strong></span> <span class='ocrx_word' id='word_1_623' title='bbox 472 2211 556 2246; x_wconf 82' lang='lat' dir='ltr'><strong>gratis</strong></span> <span class='ocrx_word' id='word_1_624' title='bbox 572 2212 700 2239; x_wconf 92' lang='lat' dir='ltr'><strong>omnibus</strong></span> <span class='ocrx_word' id='word_1_625' title='bbox 714 2212 873 2241; x_wconf 86' lang='lat' dir='ltr'><strong>universum</strong></span> <span class='ocrx_word' id='word_1_626' title='bbox 889 2214 972 2242; x_wconf 87' lang='lat' dir='ltr'><strong>bene-</strong></span> 
     </span>
    </p>
   </div>
   <div class='ocr_carea' id='block_1_90' title="bbox 186 2254 970 2292">
    <p class='ocr_par' dir='ltr' id='par_1_90' title="bbox 186 2254 970 2292">
     <span class='ocr_line' id='line_1_90' title="bbox 186 2254 970 2292; baseline 0.009 -11"><span class='ocrx_word' id='word_1_627' title='bbox 186 2254 273 2282; x_wconf 80' lang='lat' dir='ltr'><strong>factor</strong></span> <span class='ocrx_word' id='word_1_628' title='bbox 287 2256 402 2287; x_wconf 81' lang='lat' dir='ltr'><strong>exstitit,</strong></span> <span class='ocrx_word' id='word_1_629' title='bbox 419 2261 449 2284; x_wconf 89' lang='lat' dir='ltr'><strong>ut</strong></span> <span class='ocrx_word' id='word_1_630' title='bbox 464 2257 659 2284; x_wconf 89' lang='lat' dir='ltr'><strong>inhonoratum</strong></span> <span class='ocrx_word' id='word_1_631' title='bbox 674 2256 822 2292; x_wconf 88' lang='lat' dir='ltr'><strong>Baptistam</strong></span> <span class='ocrx_word' id='word_1_632' title='bbox 836 2259 924 2287; x_wconf 88' lang='lat' dir='ltr'><strong>solum</strong></span> <span class='ocrx_word' id='word_1_633' title='bbox 938 2268 970 2288; x_wconf 82' lang='lat' dir='ltr'><strong>ex</strong></span> 
     </span>
    </p>
   </div>
   <div class='ocr_carea' id='block_1_91' title="bbox 185 2301 972 2338">
    <p class='ocr_par' dir='ltr' id='par_1_91' title="bbox 185 2301 972 2338">
     <span class='ocr_line' id='line_1_91' title="bbox 185 2301 972 2338; baseline 0.006 -10"><span class='ocrx_word' id='word_1_634' title='bbox 185 2301 315 2330; x_wconf 84' lang='lat' dir='ltr'><strong>omnibus</strong></span> <span class='ocrx_word' id='word_1_635' title='bbox 348 2302 507 2335; x_wconf 83' lang='lat' dir='ltr'><strong>dimitteret,</strong></span> <span class='ocrx_word' id='word_1_636' title='bbox 543 2310 594 2338; x_wconf 91' lang='lat' dir='ltr'><strong>pro</strong></span> <span class='ocrx_word' id='word_1_637' title='bbox 622 2311 714 2330; x_wconf 89' lang='lat' dir='ltr'><strong>amore</strong></span> <span class='ocrx_word' id='word_1_638' title='bbox 751 2303 920 2338; x_wconf 66' lang='lat' dir='ltr'><strong>praeluudato</strong></span> <span class='ocrx_word' id='word_1_639' title='bbox 944 2311 972 2334; x_wconf 90' lang='lat' dir='ltr'><strong>et</strong></span> 
     </span>
    </p>
   </div>
   <div class='ocr_carea' id='block_1_92' title="bbox 184 2345 970 2384">
    <p class='ocr_par' dir='ltr' id='par_1_92' title="bbox 184 2345 970 2384">
     <span class='ocr_line' id='line_1_92' title="bbox 184 2345 970 2384; baseline 0.006 -12"><span class='ocrx_word' id='word_1_640' title='bbox 184 2345 282 2374; x_wconf 71' lang='lat' dir='ltr'><strong>atl‘ectu</strong></span> <span class='ocrx_word' id='word_1_641' title='bbox 301 2354 387 2382; x_wconf 91' lang='lat' dir='ltr'><strong>usque</strong></span> <span class='ocrx_word' id='word_1_642' title='bbox 407 2348 440 2374; x_wconf 89' lang='lat' dir='ltr'><strong>ad</strong></span> <span class='ocrx_word' id='word_1_643' title='bbox 456 2352 571 2374; x_wconf 83' lang='lat' dir='ltr'><strong>mortem</strong></span> <span class='ocrx_word' id='word_1_644' title='bbox 587 2346 754 2375; x_wconf 84' lang='lat' dir='ltr'><strong>inﬂammato</strong></span> <span class='ocrx_word' id='word_1_645' title='bbox 781 2357 787 2375; x_wconf 95' lang='lat'>:</span> <span class='ocrx_word' id='word_1_646' title='bbox 819 2354 901 2384; x_wconf 87' lang='lat' dir='ltr'><strong>atque</strong></span> <span class='ocrx_word' id='word_1_647' title='bbox 918 2350 970 2378; x_wconf 87' lang='lat' dir='ltr'><strong>ista</strong></span> 
     </span>
    </p>
   </div>
   <div class='ocr_carea' id='block_1_93' title="bbox 185 2391 968 2428">
    <p class='ocr_par' dir='ltr' id='par_1_93' title="bbox 185 2391 968 2428">
     <span class='ocr_line' id='line_1_93' title="bbox 185 2391 968 2428; baseline 0.005 -9"><span class='ocrx_word' id='word_1_648' title='bbox 185 2391 246 2425; x_wconf 79' lang='lat' dir='ltr'><strong>fuit,</strong></span> <span class='ocrx_word' id='word_1_649' title='bbox 267 2393 376 2428; x_wconf 86' lang='lat' dir='ltr'><strong>opinor,</strong></span> <span class='ocrx_word' id='word_1_650' title='bbox 395 2394 519 2428; x_wconf 83' lang='lat' dir='ltr'><strong>princeps</strong></span> <span class='ocrx_word' id='word_1_651' title='bbox 530 2393 658 2420; x_wconf 88' lang='lat' dir='ltr'><strong>laudandi</strong></span> <span class='ocrx_word' id='word_1_652' title='bbox 675 2394 749 2421; x_wconf 89' lang='lat' dir='ltr'><strong>illum</strong></span> <span class='ocrx_word' id='word_1_653' title='bbox 768 2402 861 2423; x_wconf 87' lang='lat' dir='ltr'><strong>causa.</strong></span> <span class='ocrx_word' id='word_1_654' title='bbox 876 2395 968 2423; x_wconf 82' lang='lat' dir='ltr'><strong>Nihilo</strong></span> 
     </span>
    </p>
   </div>
   <div class='ocr_carea' id='block_1_94' title="bbox 183 2437 968 2474">
    <p class='ocr_par' dir='ltr' id='par_1_94' title="bbox 183 2437 968 2474">
     <span class='ocr_line' id='line_1_94' title="bbox 183 2437 968 2474; baseline 0.006 -10"><span class='ocrx_word' id='word_1_655' title='bbox 183 2437 296 2465; x_wconf 78' lang='lat' dir='ltr'><strong>inferior</strong></span> <span class='ocrx_word' id='word_1_656' title='bbox 314 2443 357 2465; x_wconf 83' lang='lat' dir='ltr'><strong>est</strong></span> <span class='ocrx_word' id='word_1_657' title='bbox 377 2438 444 2466; x_wconf 72' lang='lat' dir='ltr'><strong>haec.</strong></span> <span class='ocrx_word' id='word_1_658' title='bbox 477 2439 702 2474; x_wconf 84' lang='lat' dir='ltr'><strong>Quandoquidem</strong></span> <span class='ocrx_word' id='word_1_659' title='bbox 718 2440 800 2472; x_wconf 90' lang='lat' dir='ltr'><strong>illud,</strong></span> <span class='ocrx_word' id='word_1_660' title='bbox 823 2451 832 2467; x_wconf 82' lang='grc' dir='ltr'><strong>ι</strong></span> <span class='ocrx_word' id='word_1_661' title='bbox 850 2441 926 2469; x_wconf 85' lang='lat' dir='ltr'><strong>Tune</strong></span> <span class='ocrx_word' id='word_1_662' title='bbox 945 2442 968 2469; x_wconf 89' lang='lat' dir='ltr'><strong>is</strong></span> 
     </span>
    </p>
   </div>
   <div class='ocr_carea' id='block_1_95' title="bbox 182 2483 967 2521">
    <p class='ocr_par' dir='ltr' id='par_1_95' title="bbox 182 2483 967 2521">
     <span class='ocr_line' id='line_1_95' title="bbox 182 2483 967 2521; baseline 0.006 -12"><span class='ocrx_word' id='word_1_663' title='bbox 182 2483 228 2517; x_wconf 88' lang='lat' dir='ltr'><strong>qui</strong></span> <span class='ocrx_word' id='word_1_664' title='bbox 243 2489 375 2511; x_wconf 89' lang='lat' dir='ltr'><strong>venturus</strong></span> <span class='ocrx_word' id='word_1_665' title='bbox 390 2491 419 2511; x_wconf 80' lang='lat' dir='ltr'><strong>es</strong></span> <span class='ocrx_word' id='word_1_666' title='bbox 431 2505 437 2516; x_wconf 93' lang='lat'><strong>,</strong></span> <span class='ocrx_word' id='word_1_667' title='bbox 458 2493 467 2509; x_wconf 77' lang='grc' dir='ltr'><strong>ι</strong></span> <span class='ocrx_word' id='word_1_668' title='bbox 498 2489 563 2516; x_wconf 83' lang='lat' dir='ltr'><strong>ctc.,</strong></span> <span class='ocrx_word' id='word_1_669' title='bbox 589 2485 624 2511; x_wconf 89' lang='lat' dir='ltr'><strong>ob</strong></span> <span class='ocrx_word' id='word_1_670' title='bbox 643 2485 757 2512; x_wconf 73' lang='lat' dir='ltr'><strong>salutetur</strong></span> <span class='ocrx_word' id='word_1_671' title='bbox 773 2486 967 2521; x_wconf 83' lang='lat' dir='ltr'><strong>discipulotum</strong></span> 
     </span>
    </p>
   </div>
   <div class='ocr_carea' id='block_1_96' title="bbox 182 2526 967 2566">
    <p class='ocr_par' dir='ltr' id='par_1_96' title="bbox 182 2526 967 2566">
     <span class='ocr_line' id='line_1_96' title="bbox 182 2526 967 2566; baseline 0.006 -12"><span class='ocrx_word' id='word_1_672' title='bbox 182 2529 384 2563; x_wconf 74' lang='lat' dir='ltr'><strong>procuranda&quot;:</strong></span> <span class='ocrx_word' id='word_1_673' title='bbox 403 2526 614 2563; x_wconf 52' lang='lat' dir='ltr'><strong>intcrrogabatf</strong></span> <span class='ocrx_word' id='word_1_674' title='bbox 629 2530 848 2566; x_wconf 80' lang='lat' dir='ltr'><strong>interrogationis</strong></span> <span class='ocrx_word' id='word_1_675' title='bbox 876 2537 967 2559; x_wconf 83' lang='lat' dir='ltr'><strong>autem</strong></span> 
     </span>
    </p>
   </div>
   <div class='ocr_carea' id='block_1_97' title="bbox 183 2574 967 2611">
    <p class='ocr_par' dir='ltr' id='par_1_97' title="bbox 183 2574 967 2611">
     <span class='ocr_line' id='line_1_97' title="bbox 183 2574 967 2611; baseline 0.005 -11"><span class='ocrx_word' id='word_1_676' title='bbox 183 2574 270 2607; x_wconf 89' lang='lat' dir='ltr'><strong>prima</strong></span> <span class='ocrx_word' id='word_1_677' title='bbox 283 2574 368 2602; x_wconf 82' lang='lat' dir='ltr'><strong>iacies</strong></span> <span class='ocrx_word' id='word_1_678' title='bbox 379 2575 414 2602; x_wconf 82' lang='lat' dir='ltr'><strong>ab</strong></span> <span class='ocrx_word' id='word_1_679' title='bbox 424 2575 577 2609; x_wconf 78' lang='lat' dir='ltr'><strong>ignorantia</strong></span> <span class='ocrx_word' id='word_1_680' title='bbox 589 2576 738 2611; x_wconf 85' lang='lat' dir='ltr'><strong>Baptistam</strong></span> <span class='ocrx_word' id='word_1_681' title='bbox 752 2578 803 2605; x_wconf 91' lang='lat' dir='ltr'><strong>hoc</strong></span> <span class='ocrx_word' id='word_1_682' title='bbox 814 2578 967 2608; x_wconf 86' lang='lat' dir='ltr'><strong>siscitatum</strong></span> 
     </span>
    </p>
   </div>
   <div class='ocr_carea' id='block_1_98' title="bbox 183 2620 968 2659">
    <p class='ocr_par' dir='ltr' id='par_1_98' title="bbox 183 2620 968 2659">
     <span class='ocr_line' id='line_1_98' title="bbox 183 2620 968 2659; baseline 0.006 -13"><span class='ocrx_word' id='word_1_683' title='bbox 183 2620 267 2647; x_wconf 78' lang='lat' dir='ltr'><strong>fuisse</strong></span> <span class='ocrx_word' id='word_1_684' title='bbox 287 2622 407 2654; x_wconf 73' lang='lat' dir='ltr'><strong>suggerit</strong></span> <span class='ocrx_word' id='word_1_685' title='bbox 430 2622 463 2649; x_wconf 87' lang='lat' dir='ltr'><strong>iis</strong></span> <span class='ocrx_word' id='word_1_686' title='bbox 495 2623 541 2657; x_wconf 86' lang='lat' dir='ltr'><strong>qui</strong></span> <span class='ocrx_word' id='word_1_687' title='bbox 575 2623 732 2659; x_wconf 86' lang='lat' dir='ltr'><strong>prudentem</strong></span> <span class='ocrx_word' id='word_1_688' title='bbox 750 2629 776 2652; x_wconf 89' lang='lat' dir='ltr'><strong>et</strong></span> <span class='ocrx_word' id='word_1_689' title='bbox 791 2625 968 2653; x_wconf 78' lang='lat' dir='ltr'><strong>artiﬁciosam</strong></span> 
     </span>
    </p>
   </div>
   <div class='ocr_carea' id='block_1_99' title="bbox 182 2665 957 2705">
    <p class='ocr_par' dir='ltr' id='par_1_99' title="bbox 182 2665 957 2705">
     <span class='ocr_line' id='line_1_99' title="bbox 182 2665 957 2705; baseline 0.01 -14"><span class='ocrx_word' id='word_1_690' title='bbox 182 2665 360 2700; x_wconf 63' lang='lat' dir='ltr'><strong>quaestionem</strong></span> <span class='ocrx_word' id='word_1_691' title='bbox 374 2667 445 2695; x_wconf 87' lang='lat' dir='ltr'><strong>haud</strong></span> <span class='ocrx_word' id='word_1_692' title='bbox 463 2668 595 2696; x_wconf 84' lang='lat' dir='ltr'><strong>intentius</strong></span> <span class='ocrx_word' id='word_1_693' title='bbox 615 2670 823 2705; x_wconf 86' lang='lat' dir='ltr'><strong>ponderaveriut</strong></span> <span class='ocrx_word' id='word_1_694' title='bbox 844 2680 851 2698; x_wconf 82' lang='lat'><strong>:</strong></span> <span class='ocrx_word' id='word_1_695' title='bbox 875 2677 903 2698; x_wconf 92' lang='lat' dir='ltr'><strong>ut</strong></span> <span class='ocrx_word' id='word_1_696' title='bbox 922 2672 957 2698; x_wconf 89' lang='lat' dir='ltr'><strong>ab</strong></span> 
     </span>
    </p>
   </div>
   <div class='ocr_carea' id='block_1_100' title="bbox 1023 2209 1808 2248">
    <p class='ocr_par' dir='ltr' id='par_1_100' title="bbox 1023 2209 1808 2248">
     <span class='ocr_line' id='line_1_100' title="bbox 1023 2209 1808 2248; baseline -0.008 -6"><span class='ocrx_word' id='word_1_697' title='bbox 1023 2217 1091 2242; x_wconf 77' lang='grc' dir='ltr'><strong>πᾶσι</strong></span> <span class='ocrx_word' id='word_1_698' title='bbox 1104 2215 1151 2241; x_wconf 74' lang='grc' dir='ltr'><strong>καὶ</strong></span> <span class='ocrx_word' id='word_1_699' title='bbox 1166 2214 1254 2245; x_wconf 80' lang='grc' dir='ltr'><strong>κοινὸς</strong></span> <span class='ocrx_word' id='word_1_700' title='bbox 1266 2213 1361 2248; x_wconf 87' lang='grc' dir='ltr'><strong>φανεὶς</strong></span> <span class='ocrx_word' id='word_1_701' title='bbox 1376 2211 1537 2247; x_wconf 84' lang='grc' dir='ltr'><strong>εὐεργέτης,</strong></span> <span class='ocrx_word' id='word_1_702' title='bbox 1554 2211 1604 2245; x_wconf 84' lang='grc' dir='ltr'><strong>τῆς</strong></span> <span class='ocrx_word' id='word_1_703' title='bbox 1619 2209 1808 2246; x_wconf 73' lang='grc' dir='ltr'><strong>προκαταΰλη-</strong></span> 
     </span>
    </p>
   </div>
   <div class='ocr_carea' id='block_1_101' title="bbox 1022 2255 1808 2296">
    <p class='ocr_par' dir='ltr' id='par_1_101' title="bbox 1022 2255 1808 2296">
     <span class='ocr_line' id='line_1_101' title="bbox 1022 2255 1808 2296; baseline -0.009 -8"><span class='ocrx_word' id='word_1_704' title='bbox 1022 2262 1115 2296; x_wconf 84' lang='grc' dir='ltr'><strong>θεισης</strong></span> <span class='ocrx_word' id='word_1_705' title='bbox 1142 2260 1278 2296; x_wconf 80' lang='grc' dir='ltr'><strong>στοργῆς,</strong></span> <span class='ocrx_word' id='word_1_706' title='bbox 1302 2259 1350 2285; x_wconf 79' lang='grc' dir='ltr'><strong>καὶ</strong></span> <span class='ocrx_word' id='word_1_707' title='bbox 1375 2257 1422 2285; x_wconf 80' lang='grc' dir='ltr'><strong>τοῦ</strong></span> <span class='ocrx_word' id='word_1_708' title='bbox 1453 2257 1534 2293; x_wconf 84' lang='grc' dir='ltr'><strong>μέχρι</strong></span> <span class='ocrx_word' id='word_1_709' title='bbox 1552 2257 1660 2291; x_wconf 80' lang='grc' dir='ltr'><strong>σφαγῆς</strong></span> <span class='ocrx_word' id='word_1_710' title='bbox 1679 2255 1808 2291; x_wconf 76' lang='grc' dir='ltr'><strong>διαπύρου</strong></span> 
     </span>
    </p>
   </div>
   <div class='ocr_carea' id='block_1_102' title="bbox 1026 2302 1805 2341">
    <p class='ocr_par' dir='ltr' id='par_1_102' title="bbox 1026 2302 1805 2341">
     <span class='ocr_line' id='line_1_102' title="bbox 1026 2302 1805 2341; baseline -0.008 -7"><span class='ocrx_word' id='word_1_711' title='bbox 1026 2307 1121 2339; x_wconf 78' lang='grc' dir='ltr'><strong>πόθου,</strong></span> <span class='ocrx_word' id='word_1_712' title='bbox 1139 2307 1290 2341; x_wconf 79' lang='grc' dir='ltr'><strong>ἀγέραστον</strong></span> <span class='ocrx_word' id='word_1_713' title='bbox 1304 2305 1383 2340; x_wconf 84' lang='grc' dir='ltr'><strong>μόνον</strong></span> <span class='ocrx_word' id='word_1_714' title='bbox 1405 2303 1451 2331; x_wconf 86' lang='grc' dir='ltr'><strong>τδν</strong></span> <span class='ocrx_word' id='word_1_715' title='bbox 1463 2303 1617 2338; x_wconf 81' lang='grc' dir='ltr'><strong>Βαπτιστὴν</strong></span> <span class='ocrx_word' id='word_1_716' title='bbox 1635 2302 1805 2337; x_wconf 81' lang='grc' dir='ltr'><strong>ἀποπέμψαι.</strong></span> 
     </span>
    </p>
   </div>
   <div class='ocr_carea' id='block_1_103' title="bbox 1027 2347 1805 2386">
    <p class='ocr_par' dir='ltr' id='par_1_103' title="bbox 1027 2347 1805 2386">
     <span class='ocr_line' id='line_1_103' title="bbox 1027 2347 1805 2386; baseline -0.008 -7"><span class='ocrx_word' id='word_1_717' title='bbox 1027 2352 1096 2379; x_wconf 82' lang='grc' dir='ltr'><strong>Ἀλλ’</strong></span> <span class='ocrx_word' id='word_1_718' title='bbox 1113 2352 1181 2386; x_wconf 79' lang='grc' dir='ltr'><strong>αὕτη</strong></span> <span class='ocrx_word' id='word_1_719' title='bbox 1198 2352 1258 2386; x_wconf 80' lang='grc' dir='ltr'><strong>μὲν,</strong></span> <span class='ocrx_word' id='word_1_720' title='bbox 1270 2348 1358 2386; x_wconf 75' lang='grc' dir='ltr'><strong>οἶμαι,</strong></span> <span class='ocrx_word' id='word_1_721' title='bbox 1374 2350 1429 2376; x_wconf 85' lang='grc' dir='ltr'><strong>τῶν</strong></span> <span class='ocrx_word' id='word_1_722' title='bbox 1443 2349 1561 2376; x_wconf 70' lang='grc' dir='ltr'><strong>ἐπαίνων</strong></span> <span class='ocrx_word' id='word_1_723' title='bbox 1575 2349 1592 2384; x_wconf 85' lang='grc' dir='ltr'><strong>ὴ</strong></span> <span class='ocrx_word' id='word_1_724' title='bbox 1604 2348 1701 2383; x_wconf 88' lang='grc' dir='ltr'><strong>πρώτη</strong></span> <span class='ocrx_word' id='word_1_725' title='bbox 1714 2347 1787 2375; x_wconf 83' lang='grc' dir='ltr'><strong>αἰτία</strong></span> <span class='ocrx_word' id='word_1_726' title='bbox 1797 2355 1805 2363; x_wconf 88' lang='lat'><strong>&#39;</strong></span> 
     </span>
    </p>
   </div>
   <div class='ocr_carea' id='block_1_104' title="bbox 1023 2393 1804 2433">
    <p class='ocr_par' dir='ltr' id='par_1_104' title="bbox 1023 2393 1804 2433">
     <span class='ocr_line' id='line_1_104' title="bbox 1023 2393 1804 2433; baseline -0.008 -8"><span class='ocrx_word' id='word_1_727' title='bbox 1023 2399 1099 2425; x_wconf 75' lang='grc' dir='ltr'><strong>οὐδὲν</strong></span> <span class='ocrx_word' id='word_1_728' title='bbox 1112 2398 1140 2424; x_wconf 82' lang='grc' dir='ltr'><strong>δὲ</strong></span> <span class='ocrx_word' id='word_1_729' title='bbox 1160 2397 1262 2433; x_wconf 86' lang='grc' dir='ltr'><strong>ταύτης</strong></span> <span class='ocrx_word' id='word_1_730' title='bbox 1278 2396 1396 2423; x_wconf 74' lang='grc' dir='ltr'><strong>ἐλάττων</strong></span> <span class='ocrx_word' id='word_1_731' title='bbox 1416 2396 1464 2423; x_wconf 73' lang='grc' dir='ltr'><strong>καὶ</strong></span> <span class='ocrx_word' id='word_1_732' title='bbox 1486 2394 1567 2430; x_wconf 76' lang='grc' dir='ltr'><strong>αὕτη.</strong></span> <span class='ocrx_word' id='word_1_733' title='bbox 1589 2393 1667 2421; x_wconf 79' lang='grc' dir='ltr'><strong>Ἐπεὶ</strong></span> <span class='ocrx_word' id='word_1_734' title='bbox 1689 2393 1743 2429; x_wconf 85' lang='grc' dir='ltr'><strong>γὰρ</strong></span> <span class='ocrx_word' id='word_1_735' title='bbox 1766 2394 1804 2426; x_wconf 81' lang='grc' dir='ltr'><strong>τὸ,</strong></span> 
     </span>
    </p>
   </div>
   <div class='ocr_carea' id='block_1_105' title="bbox 1027 2441 1806 2479">
    <p class='ocr_par' dir='ltr' id='par_1_105' title="bbox 1027 2441 1806 2479">
     <span class='ocr_line' id='line_1_105' title="bbox 1027 2441 1806 2479; baseline -0.006 -8"><span class='ocrx_word' id='word_1_736' title='bbox 1027 2455 1036 2471; x_wconf 70' lang='grc' dir='ltr'><strong>ι</strong></span> <span class='ocrx_word' id='word_1_737' title='bbox 1054 2445 1090 2471; x_wconf 80' lang='grc' dir='ltr'>Σὺ</span> <span class='ocrx_word' id='word_1_738' title='bbox 1106 2442 1130 2470; x_wconf 81' lang='grc' dir='ltr'><strong>εἷ</strong></span> <span class='ocrx_word' id='word_1_739' title='bbox 1146 2445 1160 2470; x_wconf 85' lang='grc' dir='ltr'>ὁ</span> <span class='ocrx_word' id='word_1_740' title='bbox 1171 2444 1327 2479; x_wconf 74' lang='grc' dir='ltr'><strong>ἐρχόμενος,</strong></span> <span class='ocrx_word' id='word_1_741' title='bbox 1343 2443 1360 2478; x_wconf 84' lang='grc' dir='ltr'>ἢ</span> <span class='ocrx_word' id='word_1_742' title='bbox 1371 2443 1464 2478; x_wconf 73' lang='grc' dir='ltr'><strong>ἕτερον</strong></span> <span class='ocrx_word' id='word_1_743' title='bbox 1475 2441 1684 2477; x_wconf 73' lang='grc' dir='ltr'><strong>προσδοκῶμενς</strong></span> <span class='ocrx_word' id='word_1_744' title='bbox 1702 2449 1712 2466; x_wconf 76' lang='grc' dir='ltr'><strong>ι</strong></span> <span class='ocrx_word' id='word_1_745' title='bbox 1728 2441 1742 2466; x_wconf 88' lang='grc' dir='ltr'><strong>ό</strong></span> <span class='ocrx_word' id='word_1_746' title='bbox 1760 2441 1806 2475; x_wconf 76' lang='grc' dir='ltr'><strong>μὲν</strong></span> 
     </span>
    </p>
   </div>
   <div class='ocr_carea' id='block_1_106' title="bbox 1023 2485 1806 2525">
    <p class='ocr_par' dir='ltr' id='par_1_106' title="bbox 1023 2485 1806 2525">
     <span class='ocr_line' id='line_1_106' title="bbox 1023 2485 1806 2525; baseline -0.008 -8"><span class='ocrx_word' id='word_1_747' title='bbox 1023 2491 1070 2517; x_wconf 79' lang='grc' dir='ltr'><strong>ἐπὶ</strong></span> <span class='ocrx_word' id='word_1_748' title='bbox 1085 2492 1118 2525; x_wconf 86' lang='grc' dir='ltr'><strong>τῇ</strong></span> <span class='ocrx_word' id='word_1_749' title='bbox 1137 2490 1191 2517; x_wconf 81' lang='grc' dir='ltr'><strong>τῶν</strong></span> <span class='ocrx_word' id='word_1_750' title='bbox 1208 2488 1338 2525; x_wconf 82' lang='grc' dir='ltr'><strong>μαθητῶν</strong></span> <span class='ocrx_word' id='word_1_751' title='bbox 1353 2488 1474 2524; x_wconf 81' lang='grc' dir='ltr'><strong>διηρώτα</strong></span> <span class='ocrx_word' id='word_1_752' title='bbox 1495 2487 1625 2523; x_wconf 81' lang='grc' dir='ltr'><strong>σωτηρίᾳ.</strong></span> <span class='ocrx_word' id='word_1_753' title='bbox 1641 2485 1679 2512; x_wconf 87' lang='grc' dir='ltr'><strong>Τὸ</strong></span> <span class='ocrx_word' id='word_1_754' title='bbox 1701 2486 1730 2513; x_wconf 73' lang='grc' dir='ltr'><strong>δὲ</strong></span> <span class='ocrx_word' id='word_1_755' title='bbox 1744 2485 1806 2520; x_wconf 73' lang='grc' dir='ltr'><strong>πρό-</strong></span> 
     </span>
    </p>
   </div>
   <div class='ocr_carea' id='block_1_107' title="bbox 1022 2531 1805 2572">
    <p class='ocr_par' dir='ltr' id='par_1_107' title="bbox 1022 2531 1805 2572">
     <span class='ocr_line' id='line_1_107' title="bbox 1022 2531 1805 2572; baseline 0.005 -10"><span class='ocrx_word' id='word_1_756' title='bbox 1022 2545 1113 2572; x_wconf 81' lang='grc' dir='ltr'><strong>χειρον</strong></span> <span class='ocrx_word' id='word_1_757' title='bbox 1135 2536 1185 2570; x_wconf 80' lang='grc' dir='ltr'><strong>τῆς</strong></span> <span class='ocrx_word' id='word_1_758' title='bbox 1202 2535 1374 2570; x_wconf 75' lang='grc' dir='ltr'><strong>ἐρωτήσεως,</strong></span> <span class='ocrx_word' id='word_1_759' title='bbox 1387 2535 1444 2566; x_wconf 85' lang='grc' dir='ltr'><strong>τοῖς</strong></span> <span class='ocrx_word' id='word_1_760' title='bbox 1469 2533 1506 2570; x_wconf 83' lang='grc' dir='ltr'><strong>μὴ</strong></span> <span class='ocrx_word' id='word_1_761' title='bbox 1523 2533 1591 2569; x_wconf 78' lang='grc' dir='ltr'><strong>πρὸς</strong></span> <span class='ocrx_word' id='word_1_762' title='bbox 1609 2532 1640 2558; x_wconf 69' lang='grc' dir='ltr'><strong>τὸ</strong></span> <span class='ocrx_word' id='word_1_763' title='bbox 1656 2531 1805 2567; x_wconf 75' lang='grc' dir='ltr'><strong>εὐμήχανον</strong></span> 
     </span>
    </p>
   </div>
   <div class='ocr_carea' id='block_1_108' title="bbox 1023 2577 1804 2616">
    <p class='ocr_par' dir='ltr' id='par_1_108' title="bbox 1023 2577 1804 2616">
     <span class='ocr_line' id='line_1_108' title="bbox 1023 2577 1804 2616; baseline -0.008 -8"><span class='ocrx_word' id='word_1_764' title='bbox 1023 2583 1070 2609; x_wconf 75' lang='grc' dir='ltr'><strong>καὶ</strong></span> <span class='ocrx_word' id='word_1_765' title='bbox 1100 2581 1181 2615; x_wconf 70' lang='grc' dir='ltr'><strong>σοφὸν</strong></span> <span class='ocrx_word' id='word_1_766' title='bbox 1215 2581 1261 2607; x_wconf 82' lang='grc' dir='ltr'><strong>τοῦ</strong></span> <span class='ocrx_word' id='word_1_767' title='bbox 1292 2580 1483 2616; x_wconf 81' lang='grc' dir='ltr'><strong>ἐρωτήσαντος</strong></span> <span class='ocrx_word' id='word_1_768' title='bbox 1514 2577 1746 2608; x_wconf 72' lang='grc' dir='ltr'><strong>διακύπτουσινί,</strong></span> <span class='ocrx_word' id='word_1_769' title='bbox 1777 2577 1804 2608; x_wconf 76' lang='grc' dir='ltr'><strong>ἐξ</strong></span> 
     </span>
    </p>
   </div>
   <div class='ocr_carea' id='block_1_109' title="bbox 1021 2622 1801 2661">
    <p class='ocr_par' dir='ltr' id='par_1_109' title="bbox 1021 2622 1801 2661">
     <span class='ocr_line' id='line_1_109' title="bbox 1021 2622 1801 2661; baseline -0.009 -7"><span class='ocrx_word' id='word_1_770' title='bbox 1021 2627 1133 2661; x_wconf 80' lang='grc' dir='ltr'><strong>ἀγνοίας</strong></span> <span class='ocrx_word' id='word_1_771' title='bbox 1148 2626 1226 2653; x_wconf 78' lang='grc' dir='ltr'><strong>τοῦτο</strong></span> <span class='ocrx_word' id='word_1_772' title='bbox 1244 2625 1378 2652; x_wconf 84' lang='grc' dir='ltr'><strong>πυθέσθαι</strong></span> <span class='ocrx_word' id='word_1_773' title='bbox 1399 2625 1444 2652; x_wconf 82' lang='grc' dir='ltr'><strong>τὸν</strong></span> <span class='ocrx_word' id='word_1_774' title='bbox 1460 2623 1619 2659; x_wconf 79' lang='grc' dir='ltr'><strong>Βαπτιστὴν</strong></span> <span class='ocrx_word' id='word_1_775' title='bbox 1629 2622 1801 2649; x_wconf 81' lang='grc' dir='ltr'><strong>ὑποτίθεται·</strong></span> 
     </span>
    </p>
   </div>
   <div class='ocr_carea' id='block_1_110' title="bbox 1028 2666 1803 2707">
    <p class='ocr_par' dir='ltr' id='par_1_110' title="bbox 1028 2666 1803 2707">
     <span class='ocr_line' id='line_1_110' title="bbox 1028 2666 1803 2707; baseline -0.008 -8"><span class='ocrx_word' id='word_1_776' title='bbox 1028 2673 1071 2700; x_wconf 83' lang='grc' dir='ltr'><strong>ἵνα</strong></span> <span class='ocrx_word' id='word_1_777' title='bbox 1097 2672 1145 2698; x_wconf 78' lang='grc' dir='ltr'><strong>καὶ</strong></span> <span class='ocrx_word' id='word_1_778' title='bbox 1168 2671 1269 2707; x_wconf 82' lang='grc' dir='ltr'><strong>ταύτης</strong></span> <span class='ocrx_word' id='word_1_779' title='bbox 1286 2671 1369 2698; x_wconf 79' lang='grc' dir='ltr'><strong>αὑτὸν</strong></span> <span class='ocrx_word' id='word_1_780' title='bbox 1390 2672 1439 2706; x_wconf 80' lang='grc' dir='ltr'><strong>τῆς</strong></span> <span class='ocrx_word' id='word_1_781' title='bbox 1460 2669 1576 2705; x_wconf 77' lang='grc' dir='ltr'><strong>ὑποψίας</strong></span> <span class='ocrx_word' id='word_1_782' title='bbox 1597 2669 1630 2696; x_wconf 78' lang='grc' dir='ltr'><strong>ὲκ</strong></span> <span class='ocrx_word' id='word_1_783' title='bbox 1652 2666 1803 2704; x_wconf 73' lang='grc' dir='ltr'><strong>περιουσίας</strong></span> 
     </span>
    </p>
   </div>
   <div class='ocr_carea' id='block_1_111' title="bbox 814 2751 1159 2780">
    <p class='ocr_par' dir='ltr' id='par_1_111' title="bbox 814 2751 1159 2780">
     <span class='ocr_line' id='line_1_111' title="bbox 814 2751 1159 2780; baseline 0 -1"><span class='ocrx_word' id='word_1_784' title='bbox 814 2753 930 2780; x_wconf 61' lang='grc' dir='ltr'><strong>ΥᾹίῖΙέΕ</strong></span> <span class='ocrx_word' id='word_1_785' title='bbox 957 2751 1159 2780; x_wconf 71' lang='lat' dir='ltr'><strong>LECTIONES.</strong></span> 
     </span>
    </p>
   </div>
   <div class='ocr_carea' id='block_1_112' title="bbox 213 2811 652 2848">
    <p class='ocr_par' dir='ltr' id='par_1_112' title="bbox 213 2811 652 2848">
     <span class='ocr_line' id='line_1_112' title="bbox 213 2811 652 2848; baseline 0.016 -10"><span class='ocrx_word' id='word_1_786' title='bbox 213 2811 227 2830; x_wconf 69' lang='grc' dir='ltr'><strong>τι</strong></span> <span class='ocrx_word' id='word_1_787' title='bbox 243 2812 273 2840; x_wconf 74' lang='grc' dir='ltr'><strong>(Σ.</strong></span> <span class='ocrx_word' id='word_1_788' title='bbox 294 2813 328 2841; x_wconf 83' lang='grc' dir='ltr'><strong>Μ.</strong></span> <span class='ocrx_word' id='word_1_789' title='bbox 345 2817 446 2845; x_wconf 78' lang='lat' dir='ltr'><strong>rectius</strong></span> <span class='ocrx_word' id='word_1_790' title='bbox 465 2819 652 2848; x_wconf 69' lang='grc' dir='ltr'><strong>ταιεινὼπειε,</strong></span> 
     </span>
    </p>
   </div>
   <div class='ocr_carea' id='block_1_113' title="bbox 182 2847 430 2885">
    <p class='ocr_par' dir='ltr' id='par_1_113' title="bbox 182 2847 430 2885">
     <span class='ocr_line' id='line_1_113' title="bbox 182 2847 430 2885; baseline 0.02 -11"><span class='ocrx_word' id='word_1_791' title='bbox 182 2847 217 2874; x_wconf 79' lang='grc' dir='ltr'><strong>Μ.</strong></span> <span class='ocrx_word' id='word_1_792' title='bbox 232 2848 273 2881; x_wconf 73' lang='grc' dir='ltr'><strong>ἐξ·</strong></span> <span class='ocrx_word' id='word_1_793' title='bbox 292 2852 430 2885; x_wconf 70' lang='grc' dir='ltr'><strong>υφαὶνετο.</strong></span> 
     </span>
    </p>
   </div>
   <div class='ocr_carea' id='block_1_114' title="bbox 698 2815 1799 2855">
    <p class='ocr_par' dir='ltr' id='par_1_114' title="bbox 698 2815 1799 2855">
     <span class='ocr_line' id='line_1_114' title="bbox 698 2815 1799 2855; baseline -0.003 -9"><span class='ocrx_word' id='word_1_794' title='bbox 698 2826 708 2840; x_wconf 75' lang='grc' dir='ltr'><strong>ε</strong></span> <span class='ocrx_word' id='word_1_795' title='bbox 723 2821 763 2847; x_wconf 67' lang='lat' dir='ltr'><strong>to.</strong></span> <span class='ocrx_word' id='word_1_796' title='bbox 778 2821 840 2847; x_wconf 83' lang='lat' dir='ltr'><strong>add.</strong></span> <span class='ocrx_word' id='word_1_797' title='bbox 854 2821 952 2855; x_wconf 77' lang='grc' dir='ltr'><strong>ταύτης</strong></span> <span class='ocrx_word' id='word_1_798' title='bbox 967 2831 970 2834; x_wconf 95' lang='grc'>·</span> <span class='ocrx_word' id='word_1_799' title='bbox 987 2821 1031 2848; x_wconf 83' lang='lat' dir='ltr'><strong>sed</strong></span> <span class='ocrx_word' id='word_1_800' title='bbox 1059 2820 1135 2848; x_wconf 80' lang='lat' dir='ltr'><strong>deest</strong></span> <span class='ocrx_word' id='word_1_801' title='bbox 1155 2820 1238 2847; x_wconf 71' lang='lat' dir='ltr'><strong>etiam</strong></span> <span class='ocrx_word' id='word_1_802' title='bbox 1256 2819 1283 2846; x_wconf 92' lang='lat' dir='ltr'><strong>iu</strong></span> <span class='ocrx_word' id='word_1_803' title='bbox 1303 2818 1375 2847; x_wconf 82' lang='lat' dir='ltr'><strong>Mon.</strong></span> <span class='ocrx_word' id='word_1_804' title='bbox 1417 2818 1426 2838; x_wconf 61' lang='grc' dir='ltr'>τ</span> <span class='ocrx_word' id='word_1_805' title='bbox 1441 2817 1470 2846; x_wconf 86' lang='lat' dir='ltr'><strong>C.</strong></span> <span class='ocrx_word' id='word_1_806' title='bbox 1489 2816 1706 2852; x_wconf 70' lang='grc' dir='ltr'><strong>Μ.διακύψονσι.</strong></span> <span class='ocrx_word' id='word_1_807' title='bbox 1745 2815 1799 2843; x_wconf 76' lang='grc' dir='ltr'><strong>⁸οο</strong></span> 
     </span>
    </p>
   </div>
  </div>
