1874 3070
71 151 140 185 1005

526 154 577 185 ΑΙ)
597 154 892 188 AMPHILOCHIUM
908 157 1081 195 QUESTIO
1095 159 1234 193 CCXXII.

1630 161 1697 195 1006

69 208 241 247 ἐλευθερώσῃ
258 210 386 247 (μεγίστη
403 211 468 246 γὰρ,
480 212 517 244 ὼς
527 212 647 248 ἀληθῶς,
665 213 785 249 κήρυκος
798 213 854 241 διαρ
869 217 890 244 Α
905 216 956 243 ista
991 217 1035 244 illa

946 224 956 243 ι
991 217 1035 244 illa
1063 217 1219 253 suspieibne
1250 218 1323 245 velut
1360 225 1391 246 ex
1420 215 1570 247 abundanti
1598 220 1696 249 liberet.

69 255 134 290 ϐολὴ
151 255 199 282 καὶ
222 255 375 291 κατηγορία
386 277 393 288 ,
418 256 465 283 τοῦ
484 259 689 293 κηρυσσομένου
705 259 720 293 ἡ
737 259 849 292 ἀγνοία,

67 301 116 327 ἐπὶ
146 301 210 332 τοὺς
234 302 363 333 ἐπαίνους
384 302 510 337 ἔρχεται·
531 304 578 330 καὶ
603 303 725 330 πλείοσιν
753 305 852 336 αὐτοὺς

68 347 208 380 ἐξυφαίνει
230 347 341 383 τρόποις
358 353 382 375 ε.
409 349 527 375 ’Ἀτοπον
553 350 617 384 γὰρ,
637 350 674 381 ὡς
695 350 812 386 ἀληθῶς,
828 352 853 378 εί

67 393 102 418 δι’
123 390 162 420 ὧν
183 393 270 425 ἄλλως
292 394 504 429 προσεκέρδανεν
525 395 559 421 ἂν
579 396 593 421 6
614 396 785 431 Βαπτιστὴς,
808 397 855 422 καὶ

67 441 120 475 τῆς
149 441 286 475 προτέρας
315 440 471 467 διεκπίπτοι
491 440 579 476 δόξης.
607 441 653 467 Διὺ
680 441 787 476 πρῶτον
807 442 857 477 μὲν

69 487 183 513 ἔπαινον
203 486 370 521 προσάγειῖι,
386 486 434 514 ἀπ’
462 487 546 521 αὐτῆς
565 487 672 522 ἐκείνης
688 487 741 513 τῶν
754 488 858 523 ἀκροα-

67 532 123 558 τῶν
140 532 190 566 τῆς
201 531 292 567 ψήφου
303 532 417 567 δτρίτον
429 531 484 558 ἀπὸ
495 533 544 566 τῆς
559 531 613 558 τῶν
626 532 773 567 προφητῶν
790 541 859 567 μαρ-

68 579 168 612 τυρίας
183 578 229 604 καὶ
248 579 439 613 προρρήσεως·
454 578 510 604 τῶν
524 578 552 604 δὲ
574 578 674 604 λοιπῶν
687 578 744 610 δύο,
765 578 861 605 ἑκάτε-

70 632 118 658 ρον
136 624 170 650 ἐκ
185 623 236 657 τῆς
251 623 318 654 ἰδίας
331 623 378 649 καὶ
392 624 561 658 Δεσποτικῆς
575 623 742 659 ἐπικρίσεως
752 632 760 639 ·
773 623 831 650 ἀλλ’
847 625 861 650 6

69 669 123 703 μὲν
144 668 271 704 δεύτερος
282 669 392 703 τρόπος,
408 670 441 696 ἐκ
452 668 500 695 τοῦ
514 669 608 701 εὐθέος
631 669 707 703 λέγει
721 669 768 696 τὸν
785 669 862 695 ἐπαι-

68 722 116 741 νον
127 723 135 730 ·
150 715 166 741 6
186 714 215 741 δὲ
236 715 376 748 τέταρτος,
396 715 429 741 ἐκ
441 715 489 741 τοῦ
507 715 776 749 παρακολουθοῦντος
799 715 862 741 ἀτο-

69 761 209 795 πήματος,
225 761 282 793 τοῖς
296 761 325 794 ἐξ
340 760 451 795 ἀγνοίας
472 761 635 796 ὑπειληφόσι
649 761 694 787 τὸν
707 761 864 796 Βαπτιστὴν

70 808 269 841 προσενεγκεῖν
282 807 332 842 τὴν
345 807 489 842 ἐρώτησιν,
502 807 642 834 διαπλέκει
659 807 690 833 τὸ
712 806 862 842 ἐγκώμιον.

73 853 105 879 '0
119 853 171 888 μὲν
182 851 229 879 οὖν
243 852 350 887 πρῶτος
363 853 412 879 καὶ
426 854 441 879 6
457 852 587 887 τέταρτος
599 852 653 878 τῶν
670 852 788 879 ἐπαίνων
801 853 863 887 τρό-

69 907 133 930 πος,
148 899 177 931 ἐξ
188 899 354 932 ἀναιρέσεως
369 898 560 933 ὑφαινόμενος,
575 898 630 925 τῶν
645 898 800 934 μηδαμόθεν
813 898 863 933 μὲν

68 945 108 980 τῷ
124 945 267 979 Βαπτιστῇ
300 945 511 980 προσηκόντων,
529 943 661 980 μάτην-δέ
685 943 767 975 ἐνίοις
782 943 831 970 ὐπε
839 953 863 970 ι-

67 990 231 1026 λημμένων,
242 992 304 1017 κατ’
319 990 452 1026 ἐρώτησίν
466 999 497 1016 τε
511 989 719 1025 σχηματίζεται,
732 990 778 1016 καὶ
789 990 834 1016 τὸν
852 990 860 1010 ἰ

67 1036 195 1063 ἐναντίον
218 1037 332 1063 ἀπαιτεῖ
354 1036 403 1063 καὶ
419 1035 542 1063 διδάσκει
561 1037 613 1070 τῆς
634 1035 812 1071 ἐρωτήσεως·
836 1036 863 1062 οἱ

66 1081 95 1108 δὲ
112 1081 205 1116 μέσοι,
221 1081 266 1108 ἐπ’
279 1081 387 1113 εὐθείας
402 1090 432 1108 τε
445 1081 495 1116 τὴν
506 1081 655 1116 εὐφημίαν,
671 1081 719 1107 καὶ
735 1081 783 1107 σὺν
796 1081 864 1106 ἀπο-

66 1127 166 1160 φάσει,
180 1127 386 1162 ἀναγράφουσιν
396 1135 404 1142 ο
418 1126 512 1161 ὥσπερ
524 1125 590 1161 γὰρ,
602 1127 631 1152 ἐν
646 1126 695 1162 τῷ,
712 1135 721 1152 ι
741 1125 774 1153 Τί
785 1125 862 1161 ἐξήλς

66 1173 129 1200 θετε
155 1173 196 1205 είς
211 1173 259 1208 τὴν
281 1172 385 1208 ἔρημον
406 1173 471 1199 ἰδεῖν
486 1172 493 1198 i
509 1181 516 1204 ;
544 1172 666 1207 κάλαμον
686 1172 739 1198 ὐπὸ
753 1173 861 1207 ἀνέμων

66 1219 268 1254 σαλευόμενονς
289 1228 299 1244 ι
321 1218 352 1245 οὐ
372 1218 495 1253 κάλαμον
509 1216 578 1244 εἶναι
592 1217 638 1244 τὸν
656 1218 824 1253 Βαπτιστὴν,
846 1219 861 1244 ὁ

65 1265 127 1291 κατ’
150 1263 285 1299 ἐρώτησιν
311 1264 552 1299 ἐσχηματισμένος
571 1263 650 1297 λόγος
667 1263 857 1297 ἀποφαίνεται,

64 1309 225 1336 τούναντίον
235 1309 265 1335 δὲ
276 1308 489 1340 κατασκευάζει,
504 1309 598 1344 πόρρω
612 1308 776 1335 καθεστάναι
789 1308 857 1334 πάν-

64 1363 133 1387 των,
158 1355 216 1380 ὅσοι
234 1354 359 1389 καλάμου
376 1354 455 1389 δίκην
471 1353 520 1389 τὴν
543 1353 655 1388 γνώμην
682 1353 855 1381 σαλεύονται·

65 1400 141 1428 οὕτω
154 1400 203 1427 καὶ
215 1401 229 1427 ό
243 1400 285 1427 διὰ
305 1400 363 1433 τοῦ,
384 1409 393 1425 ι
418 1399 448 1426 '0
465 1399 494 1426 δὲ
508 1399 668 1435 μικρότερος
688 1399 717 1426 ἐν
730 1401 763 1435 τῇ
780 1400 857 1435 βασι-

65 1447 129 1482 λείᾳ
148 1446 203 1473 τῶν
224 1446 358 1480 οὐρανῶν,
378 1446 478 1481 μείζων
494 1445 577 1472 αὑτοῦ
591 1446 659 1475 ἐστι,
680 1455 690 1472 ι
712 1446 855 1480 παραπλη-

67 1493 135 1524 σίως
172 1493 388 1528 προσαγόμενος,
405 1492 466 1526 οὐχὶ
491 1492 662 1528 μικρότερον,
686 1492 717 1518 οὐ
742 1493 792 1527 μὲν
807 1492 854 1520 οὖν

66 1538 136 1565 ἀλλὰ
161 1539 264 1574 μηδένα
279 1537 347 1566 εἶναι
373 1539 420 1566 τοῦ
445 1539 603 1575 Προδρόμου
623 1538 772 1574 παρίστησι
795 1539 888 1582 μεμε

66 1584 151 1616 ζονα·
167 1585 228 1612 οὐδέ
254 1586 319 1621 γὰρ,
336 1586 396 1613 οὐδὲ
421 1585 476 1611 τῶν
499 1585 618 1612 ἐπαίνων
640 1584 688 1616 οὓς
712 1584 825 1611 ἑπλεκεν
841 1587 854 1612 6

66 1631 174 1667 Σωτὴρ,
190 1631 319 1666 ἐξαίφνης
333 1631 366 1658 ἂν
380 1631 575 1666 ἀπεστέρησεν,
594 1629 649 1657 οὐδ’
669 1631 710 1662 είς
724 1630 852 1665 ἐσχάτους

67 1676 167 1712 ἀθρόον
181 1677 227 1704 τὸν
236 1677 430 1712 ἐπαινούμενον
444 1676 564 1712 ἔρριψεν·
575 1676 642 1703 ἀλλὰ
651 1675 696 1702 τὸν
704 1676 784 1702 αὑτὸν
793 1676 851 1711 εἰρ-

68 1723 122 1756 μδν¹
130 1722 282 1758 φυλάττων,
290 1723 407 1760 οὐδαμοῦ
417 1724 601 1759 συγχωρεῖ·τδν
609 1723 636 1749 ὲν
641 1724 673 1758 τῇ
684 1721 805 1757 βασιλείᾳ
814 1731 857 1758 μι-

69 1769 211 1803 κρότερον,
220 1769 270 1802 τῆς
280 1770 416 1805 ὑπεροχῆς
424 1771 546 1798 Ἰωάννου
554 1769 711 1804 νομίζεσθαι
731 1769 851 1804 μείζονα.

109 1813 181 1839 Ἀλλ’
195 1814 209 1840 ὁ
225 1814 274 1848 μέν
290 1814 344 1841 ἀπὸ
356 1815 405 1850 τῆς
419 1815 472 1842 τῶν
487 1815 629 1850 ἀκροατῶν
648 1813 738 1849 ψήφου
756 1815 857 1844 πλεκό-

70 1866 151 1892 μενος
167 1858 288 1891 ἔπαινος,
304 1860 472 1896 πλατύτερον
479 1862 576 1893 εἰπεῖν,
586 1861 704 1893 τοιοῦτός
716 1862 759 1893 τίς
775 1863 860 1888 ἐστιν·

903 262 982 296 (nam
1000 267 1074 291 certe
1090 263 1117 290 in
1137 271 1276 291 summum
1304 264 1437 299 praeconis
1469 265 1588 294 dedecus
1611 267 1695 298 cedit,

904 308 937 335 de
959 308 1085 344 ignorate
1104 310 1270 344 prmeoniato
1293 310 1366 345 juste
1382 311 1517 345 accusari)
1544 312 1578 339 ad
1622 312 1698 338 illum

905 354 1072 382 laudandum
1101 355 1257 389 descendit;
1283 364 1364 391 quam
1397 357 1579 387 laudationem
1604 358 1698 385 multis

907 399 997 427 modis
1011 401 1140 427 contexit.
1172 400 1243 428 Sane
1262 409 1358 436 parum
1375 401 1471 429 fuisset
1481 409 1643 436 congruum,
1667 407 1710 440 ut:

910 444 1030 479 Baptista
1047 446 1184 473 excideret
1199 454 1214 473 e
1233 447 1393 481 prarcedenti
1408 448 1505 482 gloria,
1517 456 1563 482 per
1573 448 1617 475 illa
1635 448 1694 482 ipsa

910 491 1011 526 quibus
1027 492 1151 519 eamdem
1173 492 1249 526 prius
1272 493 1462 527 acquisiverat.
1492 494 1609 521 Primam
1631 502 1696 528 ergo

911 536 1095 564 laudationem
1113 537 1231 564 instituit
1249 538 1283 564 ab
1296 538 1420 572 ipsismet
1439 538 1577 572 suffragiis
1588 539 1696 566 audito-

912 589 973 609 rum
987 590 994 614 ;
1023 582 1130 609 tertiam
1148 590 1164 609 ιι
1188 582 1345 609 testimonio
1356 583 1549 617 prophetarum
1559 587 1586 611 et
1601 584 1699 618 praeui-

913 627 1066 660 ctionibus;
1091 627 1208 654 duarum
1222 627 1389 661 reliquarum
1402 632 1548 662 utramque
1563 628 1598 656 ab
1612 628 1698 663 ipsius

913 677 940 701 et
956 673 1064 700 Domini
1077 673 1186 708 propria
1196 678 1223 700 et
1238 673 1369 708 peculiari
1384 674 1519 701 sententia
1536 683 1542 700 :
1562 675 1700 702 secundus

914 719 1014 746 modus
1026 719 1146 746 instituit
1162 719 1346 746 laudatiOnem
1360 726 1375 746 e
1389 719 1502 753 proclivi
1521 728 1529 746 :
1547 724 1670 754 quartus
1685 728 1700 746 ο

915 764 1097 800 consequenti
1114 764 1246 797 absurdo,
1257 770 1284 791 et
1300 764 1613 800 laudationemiustituit
1627 765 1698 797 inde,

916 818 1014 845 nempe
1028 811 1288 845 quod‘consequens
1306 815 1348 838 est
1362 810 1484 844 opinioni
1494 818 1588 838 eorum
1600 810 1647 844 qui
1666 818 1699 837 cx

917 856 1071 891 ignorantia
1113 856 1282 883 arbitrantur
1327 855 1477 890 Baptistam
1519 856 1698 890 interrogare.

918 902 1025 930 Primus
1050 902 1152 929 idcirco
1166 906 1193 928 et
1209 906 1322 935 quartus
1338 901 1502 928 laudationis
1514 901 1613 928 ntodus
1632 909 1699 927 con-

916 949 1017 977 texitur
1047 956 1062 975 a
1092 949 1245 976 sublatione
1273 956 1379 979 eorum.
1415 955 1476 983 qua:
1497 947 1609 975 minime
1633 955 1700 974 con-

915 995 1027 1023 veniunt
1037 995 1173 1030 Baptistae.
1185 999 1213 1021 et
1230 994 1330 1022 frustra
1348 1001 1363 1021 a
1381 993 1547 1028 quibusdam
1569 993 1595 1019 in
1609 993 1700 1027 suspi-

913 1038 1021 1068 cionem
1046 1040 1237 1073 adducuntur;
1267 1047 1314 1075 per
1340 1039 1520 1074 quaestionem
1550 1043 1702 1067 tractantur

913 1088 951 1116 illi
964 1088 1048 1120 modi,
1059 1092 1087 1116 et
1100 1087 1246 1123 quaestioni
1261 1088 1429 1115 contrarium
1445 1087 1543 1114 docent
1555 1089 1583 1114 et
1596 1089 1701 1121 ponunt

913 1139 1041 1169 uterque;
1071 1133 1206 1168 interjecti
1236 1133 1320 1164 modi,
1342 1132 1447 1160 directe
1469 1137 1496 1159 et
1516 1131 1633 1166 positive
1653 1139 1700 1157 en-

911 1181 1028 1208 comium
1051 1179 1220 1207 instituunt:
1240 1178 1471 1214 quemadmodum
1497 1178 1569 1205 enim
1591 1177 1617 1204 in
1632 1177 1698 1204 illo:

913 1226 999 1260 «Quid
1015 1226 1112 1254 existis
1133 1226 1160 1253 in
1173 1225 1311 1253 desertum
1325 1225 1434 1252 videre?
1447 1224 1609 1252 arundinem
1619 1229 1700 1250 vento

910 1272 1056 1307 agitatam?
1066 1273 1087 1288 '”
1100 1281 1109 1297 ι
1129 1280 1177 1306 per
1186 1271 1427 1306 interrogationem
1441 1270 1582 1297 institutus
1595 1276 1695 1300 sermo,

910 1318 982 1345 haud
1011 1317 1177 1352 imaginatur
1198 1316 1347 1351 Baptistam
1384 1315 1544 1343 arundinem
1574 1322 1652 1346 esse;
1684 1322 1699 1339 e

907 1368 1000 1391 contra
1012 1363 1112 1391 astruit
1125 1371 1189 1390 eum
1200 1363 1280 1398 longe
1292 1367 1430 1389 semotum
1458 1362 1492 1388 ab
1510 1361 1542 1388 iis
1558 1361 1604 1395 qui
1619 1368 1695 1386 more

907 1408 1060 1435 arundineo
1073 1407 1124 1434 huc
1133 1407 1197 1434 illue
1205 1407 1344 1442 agitantur
1358 1406 1551 1441 opinionibus;
1566 1405 1601 1432 ita
1610 1408 1637 1431 et
1651 1405 1694 1432 ille

906 1460 1007 1484 sermo,
1019 1452 1066 1487 qui
1078 1452 1201 1479 similiter
1211 1451 1367 1483 instruitur,
1383 1458 1429 1485 per
1441 1451 1517 1481 illud,
1532 1450 1573 1477 cls
1583 1450 1629 1484 qui
1648 1449 1695 1476 nii-

905 1498 996 1525 nimus
1008 1501 1051 1524 est
1068 1497 1096 1524 in
1109 1503 1194 1531 regno
1207 1496 1350 1528 cmlorum,
1368 1495 1456 1529 major
1473 1495 1531 1530 ipso
1547 1499 1598 1527 est,
1613 1504 1621 1519 ι
1640 1502 1693 1521 non

905 1543 980 1570 illum
990 1543 1130 1570 minimum
1137 1550 1189 1570 nec
1197 1542 1313 1577 aliquem
1322 1541 1451 1576 majorem
1464 1541 1617 1568 subindicat
1627 1539 1702 1566 l’ra:‘

908 1597 1020 1618 cursore
1039 1599 1046 1617 :
1060 1597 1123 1617 nam
1137 1589 1208 1617 haud
1219 1589 1348 1616 continue
1364 1589 1491 1615 Servator
1507 1587 1541 1614 iis
1569 1587 1700 1614 encomiis

906 1643 967 1663 eum
976 1635 1117 1670 privasset,
1127 1642 1187 1670 qua!
1193 1635 1267 1669 prius
1278 1638 1462 1664 contexuerat,
1472 1641 1505 1660 ne
1513 1633 1582 1659 inter
1594 1633 1700 1658 intimos

909 1682 946 1709 ita
964 1681 1103 1709 laudatum
1115 1680 1252 1715 evestigio
1271 1680 1402 1714 rejiccret,
1414 1679 1461 1706 sed
1473 1679 1593 1706 eamdem
1608 1678 1702 1705 obser-

907 1735 975 1755 vans
990 1727 1087 1754 seriem
1103 1726 1174 1753 haud
1184 1725 1326 1760 permittit,
1340 1729 1369 1751 ut
1383 1724 1406 1750 is
1421 1724 1467 1758 qui
1478 1723 1607 1750 minimus
1619 1727 1659 1749 est
1675 1723 1701 1748 in

904 1777 988 1806 regno
997 1771 1127 1799 castorum
1141 1770 1227 1804 major
1241 1769 1408 1796 existimetur
1415 1767 1527 1795 Joannis
1533 1767 1700 1794 excellentia-

946 1817 1092 1844 Enimvero
1110 1815 1232 1843 laudatio
1258 1822 1340 1850 quam
1360 1822 1375 1841 ιι
1401 1813 1536 1848 suffragiis
1563 1813 1702 1839 contexuit

911 1861 1084 1893 auditorum,
1106 1865 1137 1887 ut
1159 1861 1322 1895 explicatius
1346 1867 1406 1887 eam
1426 1859 1619 1891 instituamus,
1639 1859 1700 1886 talis

69 1903 101 1929 Τί
129 1903 259 1938 ἐξήλθετε
287 1906 329 1936 εἰς
347 1906 396 1942 τὴν
416 1907 540 1942 ἕρημον;
563 1905 618 1943 ἄρα
642 1908 764 1943 κάλαμον
796 1908 861 1934 ίδείν
909 1912 953 1935 est
979 1915 985 1934 :
1008 1906 1045 1940 Qu

946 1912 953 1934 t
979 1915 985 1934 :
1008 1906 1144 1940 Quorsum
1161 1906 1256 1933 existis
1277 1907 1303 1933 in
1331 1905 1492 1933 desertum?
1511 1912 1544 1931 an
1565 1909 1594 1931 ut.
1615 1912 1699 1930 arun-

68 1948 121 1975 ὐπὺ
150 1950 252 1984 ἀνέμου
270 1951 449 1987 σαλευόμενον
469 1954 497 1986 k;
524 1955 581 1981 ἀλλ’
601 1953 656 1991 ἆρα
673 1955 816 1990 ἄνθρωπον
831 1956 861 1982 ἐν
909 1954 1001 1982 dinem
1025 1955 1045 1980 v‘

946 1961 1001 1981 tem
1025 1953 1154 1980 videretis
1175 1953 1264 1980 ventis
1284 1951 1516 1986 conquassatam?
1537 1958 1571 1977 an
1601 1954 1628 1976 ut
1649 1950 1698 1976 ho-

71 1994 205 2028 μαλακοῖς
233 1997 352 2031 ἱματίοις
369 1999 576 2035 ήμφιεσμένον;
599 2002 616 2036 ἧ
642 2001 721 2036 δῆλον
749 2002 788 2033 ὡς
815 2001 860 2028 οὺ-
909 2000 1011 2028 minem
1035 2008 1045 2026 1

950 2008 1011 2027 nem
1035 1999 1164 2027 mollibus
1189 1999 1319 2026 amictum
1340 1996 1530 2024 vestimentis?
1560 2001 1632 2022 certe
1652 2003 1699 2029 pa-

68 2039 177 2075 δαμῶς·
190 2042 270 2076 ὑμεῖς
283 2044 336 2079 γὰρ
352 2045 439 2078 αὐτοὶ,
459 2047 493 2073 δι’
507 2043 544 2073 ὧν
559 2048 628 2083 πρὸς
652 2048 733 2075 αὐτὸν
747 2048 858 2083 διεπράμ
911 2050 949 2074 tet
967 2046 1039 2080 quod

946 2066 949 2073 .
967 2046 1039 2080 quod
1059 2050 1205 2078 neutrum;
1233 2052 1282 2072 vos
1304 2044 1375 2071 enim
1392 2043 1443 2078 ipsi
1465 2044 1493 2070 in
1516 2043 1610 2070 eodem
1626 2041 1698 2076 quod

69 2086 164 2118 ξασθε.
180 2089 226 2114 καὶ
238 2089 277 2124 τῷ
289 2090 356 2125 πρὸς
369 2091 418 2126 τὴν
429 2092 532 2128 ἔρημον
555 2094 658 2130 δρόμῳ,
671 2094 801 2122 τάναντία
810 2095 858 2130 τῆς
911 2092 1017 2127 egistis,
1031 2099 1045 2119 e

946 2092 1017 2125 istis,
1031 2096 1057 2119 et
1072 2091 1180 2119 cursim
1194 2091 1228 2119 ad
1243 2098 1366 2118 eremum
1383 2086 1552 2117 discurristis
1564 2109 1572 2122 ,
1588 2093 1698 2116 contra-

67 2131 150 2167 δόξης
166 2134 277 2170 ταύτης.
295 2136 505 2172 ἐμαρτυρήσατε
521 2147 528 2154 ·
558 2140 709 2177 θαυμάσιόν
725 2149 787 2167 τινα
812 2140 859 2167 καὶ
911 2138 981 2165 riam
998 2138 1044 2165 Ιιιιί

946 2145 981 2165 tm
998 2138 1062 2165 huic
1081 2137 1204 2172 opinioni
1223 2137 1314 2164 testati
1335 2137 1419 2169 estis,
1436 2143 1553 2170 eumque
1574 2134 1696 2163 arbitrati

69 2177 169 2212 μικροὖ
181 2179 244 2210 τοὺς
258 2180 445 2215 ἀνθρωπίνους
460 2183 539 2219 ὄρους
554 2185 773 2221 ὑπερϐεϐηκότα,
799 2186 857 2220 τὸν,
911 2184 977 2212 estis
993 2184 1045 2211 adn

946 2184 977 2212 tis
993 2184 1183 2212 admirandum
1200 2184 1345 2218 quemdam
1357 2187 1384 2210 et
1394 2183 1519 2210 humana:
1533 2180 1698 2208 conditionis

67 2223 103 2253 ὡς
115 2223 236 2258 ἀληθῶς,
252 2227 371 2254 τοιοῦτον
384 2226 454 2255 εἷναι
465 2231 620 2265 νομίζοντες
632 2231 652 2259 ι.
666 2233 724 2259 Οὐκ
735 2233 781 2260 οὖν
798 2234 859 2260 οὐδὲ
872 2262 891 2265 ,
913 2230 986 2265 18895
1000 2237 1045 2257 eu

946 2238 986 2264 ges
1000 2230 1175 2257 excedentem
1189 2238 1196 2256 ς
1211 2237 1297 2264 quare
1308 2249 1316 2262 ,
1329 2229 1370 2256 vir
1382 2231 1484 2259 tantus,
1504 2231 1577 2262 quod
1592 2227 1697 2254 videtur

67 2268 114 2295 νῦν
130 2270 145 2296 ὸ
160 2270 328 2305 τηλικοῦτος,
346 2275 479 2311 μεταϐολῇ
501 2285 554 2303 τινι
569 2278 616 2303 καὶ
629 2278 739 2314 ἀγνοίᾳ,
749 2279 798 2314 τὴν
815 2280 859 2307 διὰ
872 2268 898 2291 υ
912 2275 979 2302 mihi
989 2295 997 2308 ν
1014 2275 1045 2302 ha

946 2275 997 2308 ihi,
1014 2275 1223 2309 haudquaquam
1257 2278 1367 2309 propter
1396 2272 1575 2307 quaestionem
1598 2278 1696 2305 propo-

67 2314 123 2342 τῶν
149 2316 279 2352 μαθητῶν
303 2319 437 2355 ἐρώτησιν
464 2322 526 2356 ἐμοὶ
551 2325 763 2359 προσενήνοχεν,
790 2325 859 2352 ἀλλὰ
911 2320 992 2348 Silam
1017 2327 1032 2346 ³

946 2328 992 2347 am
1017 2327 1032 2346 a
1052 2319 1191 2354 discipulis
1212 2318 1370 2346 mutationis
1392 2322 1419 2344 et
1435 2317 1594 2352 ignorantiae
1615 2324 1698 2342 acru<

66 2359 234 2394 τούναντίον,
251 2362 325 2398 ἅπερ
338 2364 443 2399 ἐδίδαξε
457 2366 539 2402 λόγῳ,
561 2368 610 2394 καὶ
628 2368 671 2395 διὰ
689 2369 754 2403 τῆς’
770 2369 859 2404 ὅψεως
911 2365 1014 2393 sandus
1032 2373 1045 2392 ε

946 2365 1014 2393 ndus
1032 2369 1094 2399 est;
1114 2373 1130 2392 e
1146 2365 1265 2394 diverso,
1283 2364 1354 2399 quod
1372 2363 1454 2390 verbo
1468 2363 1570 2393 docuit,
1588 2361 1612 2388 id
1638 2363 1697 2388 vLsu

67 2407 152 2442 αὐτῆς
167 2409 335 2442 πιστωθῆναι
347 2412 410 2443 τοὺς
427 2412 657 2447 μαθητευθέντας,
674 2416 741 2450 σοφῇ
755 2415 860 2451 μεθόδῳ
910 2412 1018 2439 volebat
1035 2419 1045 2446 ι

946 2412 1018 2439 lebat
1035 2411 1162 2446 prudenti
1175 2410 1294 2444 quadam
1310 2411 1414 2437 ratione
1427 2409 1498 2443 apud
1511 2408 1697 2435 informandus

68 2452 294 2487 ωνδιεπράξατο.
311 2456 360 2488 Τίς
373 2458 427 2492 γὰρ
442 2457 521 2491 λόγος
534 2459 613 2494 ἀνδρὶ
625 2460 743 2494 τοσούτῳ
773 2470 858 2496 μετα·
911 2458 1044 2486 eonﬁrma

948 2458 1086 2485 nlirmare.
1101 2457 1167 2490 Quae
1184 2457 1256 2484 enim
1279 2456 1348 2483 ratio
1368 2455 1441 2483 reddi
1457 2455 1570 2490 poterit,
1588 2462 1637 2482 cur
1657 2455 1697 2481 vir

68 2496 148 2532 ὖολὴν
163 2499 287 2526 ἐπελθεῖν
301 2501 356 2528 τῶν
371 2503 559 2539 κρειττόνωνῆ
574 2505 731 2538 ἀλλοίωσιν;
757 2506 858 2540 ὅπουγε
909 2507 1001 2532 tantus
1020 2512 1045 2531 m

946 2507 1001 2532 itus
1020 2504 1198 2531 mutationem
1222 2501 1344 2528 melioris
1367 2505 1468 2533 status,
1489 2506 1535 2527 aut
1551 2499 1689 2528 alteratio-

69 2543 143 2569 πᾶσα
156 2545 172 2578 ἡ
190 2545 259 2579 πρὸς
273 2545 304 2572 τὺ
318 2549 408 2583 χεῖρον
428 2549 595 2581 ἁπόπτωσις,
610 2551 627 2585 ἢ
643 2551 756 2586 γνώμης
768 2552 859 2587 ὰρρω-
908 2557 971 2578 nem
992 2550 1043 2577 sub

946 2557 971 2576 m
992 2549 1111 2581 subiret;
1139 2556 1202 2576 cum
1228 2547 1317 2575 omnis
1342 2547 1369 2573 in
1394 2547 1513 2574 deterius
1540 2545 1695 2577 declinatio,

69 2589 141 2624 στίᾳ.
165 2591 182 2625 ἢ
201 2591 357 2625 φιληδονίας
384 2594 476 2626 πάθει,
494 2595 509 2630 ἢ
528 2596 712 2631 φιλαργυρίας
739 2597 796 2623 καὶ.
811 2597 858 2624 τοῦ
910 2596 952 2623 vel
967 2596 1045 2631 judic]

946 2596 952 2623 l
967 2596 1062 2631 judicii
1082 2595 1201 2629 quadam
1223 2593 1396 2625 infirmitate,
1417 2593 1459 2619 vel
1474 2592 1642 2626 voluptatum
1656 2592 1697 2618 le-

68 2635 147 2661 κενοῦ
162 2636 258 2663 τούτου
272 2638 397 2673 δοξαρίου
411 2639 501 2675 ἔρωτι,
512 2641 706 2676 παραγίνεται,
717 2638 757 2672 οἷς
768 2650 858 2676 παρα·
909 2642 1035 2673 nociniis,

946 2642 1035 2673 ciniis,
1050 2641 1091 2668 vel
1106 2640 1230 2671 avaritia,
1252 2644 1298 2666 aut
1321 2638 1441 2673 gloriolae
1459 2639 1538 2666 istius
1554 2646 1630 2665 vanu:
1650 2645 1696 2663 va-

68 2680 192 2712 γίνεται·
208 2682 241 2708 δι’
256 2679 294 2710 ὦν
311 2685 357 2711 καὶ
379 2685 396 2721 η
419 2686 487 2720 πρὸς
506 2687 541 2713 τὰ
570 2686 652 2713 λοιπὰ
677 2686 732 2713 τῶν
766 2686 858 2714 παθῶν
909 2695 1045 2723 cuaeque:

946 2695 1021 2723 teque
1036 2694 1130 2715 amore
1146 2686 1289 2713 inferatur.
1308 2685 1372 2718 Qua:
1395 2685 1452 2719 ipsa
1469 2684 1496 2711 in
1512 2689 1622 2710 cmteras
1638 2691 1695 2710 om-

107 2737 128 2753 “
140 2737 208 2767 Luc.
222 2748 271 2774 vn,
289 2741 334 2769 24.

706 2791 824 2818 VARUE
852 2789 1054 2819 LECTlONES.

123 2843 136 2862 h
196 2842 231 2870 Μ-
245 2845 370 2883 εροάγει-
433 2848 439 2867 ί
462 2848 499 2874 τό.
559 2854 564 2873 1
584 2849 615 2876 C.
629 2849 663 2876 Μ.
694 2849 773 2877 liabet
789 2849 946 2877 θεάσασθαι.
1005 2848 1017 2867 ¹ι
1032 2847 1134 2883 ἔρημον
1146 2846 1218 2874 ἰδεῖν.
1233 2847 1273 2881 H;
1302 2844 1357 2882 ἆρα
1372 2845 1496 2882 κάλαμον
1511 2845 1570 2873 σαλ.
1584 2845 1630 2872 ὑπ.
1647 2845 1689 2873 ἀν,

559 2854 564 2873 1
584 2849 615 2876 C.
629 2849 663 2876 Μ.
694 2849 773 2877 liabet
789 2849 946 2877 θεάσασθαι.

76 2876 85 2896 ¹
101 2877 133 2905 C.
149 2878 183 2905 ll.
198 2876 370 2914 νομίσαντες.
