1874 3070
173 133 241 170 1007

749 136 881 167 ΡΗΟΤῙΙ
892 136 1145 167 PATRIARCHE
1163 136 1218 166 (ΣΡ.

1733 133 1804 169 1008

171 203 221 223 nes
238 194 380 229 passiones
398 194 542 230 prolapsus
562 194 706 222 facilitant.
719 193 826 227 Quibus
842 194 911 230 pleri

1064 194 1212 228 ›ολίσ(ιησις
1224 201 1232 209 ·
1254 190 1295 225 οἷς
1309 192 1385 220 ἄλλοι
1399 193 1448 229 μὲν
1476 193 1527 222 οὐκ
1542 191 1632 228 ὀλίγοι
1649 202 1658 210 ·
1685 194 1804 229 μάλιστα

172 248 226 275 que
239 240 296 274 alii,
319 240 444 276 inprimis
469 244 562 268 autem
577 240 606 267 in
621 248 716 275 regum
731 241 802 268 aulis
817 245 960 269 versantes

173 286 333 317 inﬂuantur,
350 287 466 321 pulvere
481 286 527 313 illo
541 286 682 321 obimpleti
703 296 710 314 :
729 294 745 314 a
760 286 861 322 quibus
874 286 959 314 Joan—

171 338 231 361 nes.
248 339 297 359 nec
310 331 336 358 id
352 331 432 358 facile
446 336 487 359 est
501 331 629 359 omnibus
643 331 744 364 dicere,
757 339 792 359 ne
824 332 960 359 tantillum

171 375 370 426 axpugnabilis.
389 374 449 403 Non
470 376 543 403 enim
556 381 597 403 est
613 376 719 403 arundo
739 382 882 404 ventorum
911 384 961 404 ex-

172 421 276 456 cipiens
295 422 510 450 successionem.
528 422 585 450 Hoc
599 427 658 455 est,
681 422 850 450 instabilium
871 431 960 451 mores

171 467 269 500 evasit,
285 472 312 494 et
326 467 515 502 aegritudinem
531 476 624 495 eorum
641 469 688 503 qui
703 469 801 496 calami
816 477 892 496 more
907 470 961 497 huc

173 511 237 540 illuc
250 512 397 540 ﬂectuntur
418 522 425 541 :
446 514 493 541 sed
508 522 558 542 nec
572 515 701 543 mollibus
717 515 900 548 vestimentis,
914 520 962 542 aut

173 560 235 587 aliis
251 560 376 588 moribus
390 561 503 588 assucfit
514 582 522 593 ,
538 562 638 597 quibus
658 563 830 591 insolescunt
846 564 892 598 qui
917 571 961 591 re-

173 605 232 640 gias
247 605 440 641 frequentant;
464 614 533 635 auro
545 628 554 640 ,
580 608 787 644 voluptatibus,
815 610 960 639 ambitioni

173 651 334 680 servientes.
349 651 452 681 Domus
463 653 503 681 illi
518 659 560 682 est
573 654 712 683 desertum
726 655 844 684 illustris
861 666 868 690 ;
881 665 960 692 para-

173 697 261 729 disus.
277 698 339 726 aula
353 707 360 731 ;
372 700 542 727 camelorum
559 701 620 736 pilis
632 701 760 729 amicitur
773 709 873 737 corpus
887 712 894 730 :
909 711 960 731 zo-

173 751 208 771 na
223 744 334 779 pellicea
348 746 423 774 circa
438 747 563 780 lumbos,
577 748 791 783 constringendo
810 748 961 777 inserviens

173 794 201 817 et
223 791 415 819 mortilicando
439 793 596 826 corporales
623 798 650 821 et
676 793 811 822 humanas
835 795 961 823 lascivias

173 842 271 864 omnes
284 844 345 871 qua:
361 837 463 866 lumbis
475 839 653 866 conveniunt.
670 838 699 866 Si
717 840 841 875 requiras
855 840 959 874 cibum,

173 866 361 910 omnino-cibi
378 884 446 911 nihil
465 884 602 921 sumpsit.
619 885 673 912 nisi
686 885 713 912 id
730 866 803 920 quod
823 866 960 920 amarum;
974 866 998 896 Β

174 932 202 955 et
216 927 276 956 sine.
290 929 458 957 nutrimento
475 934 545 962 erat,
562 930 610 958 sed
623 937 675 958 nec
686 931 767 959 talem
785 931 876 959 cibum
887 952 895 965 ,
907 932 962 960 nisi

172 981 205 1001 ea
228 981 357 1002 mensura
377 983 438 1010 quae
453 981 557 1004 naturte
581 976 737 1004 necessitati
764 978 887 1006 satisfiat.
914 978 961 1007 His

175 1027 206 1047 se
224 1020 391 1053 suhinferre,
407 1029 462 1056 quo
475 1027 555 1057 pacto
569 1023 671 1050 audeat
686 1022 767 1051 luxus
782 1029 830 1051 aut
846 1025 961 1052 evanida

172 1065 280 1098 gloria?
296 1071 345 1094 aut
361 1067 463 1095 divitiae
478 1076 539 1103 quae
560 1077 670 1104 gravem
688 1074 715 1097 et
729 1070 854 1097 acerbam
870 1076 962 1106 tyran-

171 1113 263 1140 nidem
287 1119 427 1148 exercent,
441 1122 504 1142 cum
518 1114 544 1142 in
559 1115 742 1150 possidentes,
758 1120 815 1143 tum
831 1116 893 1145 illos
913 1117 962 1152 qui

171 1158 251 1186 inviti
268 1159 336 1194 ipsis
351 1165 455 1188 carent.
471 1160 527 1188 Nec
541 1168 624 1196 opera
636 1162 697 1196 ejus
712 1166 818 1190 tantum
830 1162 888 1190 haec
898 1170 962 1198 pro-

170 1204 302 1236 clamant.
318 1213 413 1233 verum
431 1209 459 1233 et
482 1206 533 1241 ipsi
559 1207 643 1234 etiam
661 1215 709 1234 vos
729 1208 776 1242 qui
796 1208 854 1235 haec
874 1209 961 1236 oculis

171 1250 334 1285 usurpatis.
356 1255 441 1280 testes
457 1252 592 1285 exhibiti,
623 1253 650 1280 in
686 1253 760 1280 illam
793 1254 961 1282 descenditis

171 1295 341 1330 opinionem.
354 1296 446 1332 Opere
471 1298 543 1325 enim
556 1299 615 1333 ipso
629 1306 677 1326 vos
691 1299 867 1334 perhibuistis
884 1301 962 1328 testi-

171 1343 306 1376 monium,
322 1345 395 1379 quod
419 1344 540 1380 Baptista
560 1346 686 1380 superior
705 1346 792 1374 evasit
809 1346 844 1374 iis
858 1346 904 1382 qui
918 1347 961 1374 in-

172 1389 261 1416 stabili
274 1394 338 1417 sunt
352 1390 457 1422 animo,
472 1391 520 1426 qui
532 1391 728 1426 voluptatibus,
744 1392 899 1423 ambitioni,
918 1392 961 1420 di-

171 1432 245 1460 vitiis
255 1434 457 1468 maneipantur,
470 1442 485 1462 ει
497 1435 599 1470 quibus
613 1435 682 1463 solet
695 1435 831 1470 prolicisci
844 1436 872 1463 in
884 1436 960 1464 dete-

172 1479 230 1507 rius
244 1479 370 1507 alteratio
382 1500 390 1512 ,
407 1481 522 1508 mutatio
535 1481 625 1508 omnis
648 1486 674 1508 et
691 1482 857 1516 ignorantia.
871 1482 961 1517 Atque

174 1523 231 1550 haec
247 1528 290 1551 est
304 1524 349 1551 illa
366 1524 453 1552 forma
473 1525 663 1552 encomiorum
685 1533 746 1560 quae
760 1525 900 1561 suﬂ'ragiis
917 1527 959 1554 in-
975 1539 997 1570 ο

168 1569 272 1596 -ηἰιὶιυι-
300 1570 470 1597 auditorum.
495 1570 682 1604 Consequitur
706 1570 791 1606 ipsam
818 1572 962 1608 perspicue

174 1615 227 1642 ista
246 1623 308 1651 quae
326 1622 342 1642 a
357 1614 460 1643 Christi
480 1615 567 1651 ipsius
590 1615 699 1643 Domini
726 1617 877 1644 assertione
902 1625 963 1644 con-

175 1660 288 1688 texitur.
304 1661 339 1688 At
349 1668 474 1696 quaenam
487 1661 533 1688 illa
545 1660 557 1688 ?
576 1661 677 1697 Nempe
685 1663 846 1697 prophetam
859 1663 964 1691 exiistis

174 1707 286 1740 videre;
304 1707 330 1735 id
347 1707 422 1742 quod
438 1707 583 1736 manifeste
595 1714 776 1744 agnoverant,
796 1717 844 1744 per
858 1717 889 1736 ea
902 1717 964 1744 quae

174 1751 316 1786 fecerant;
331 1753 410 1788 quasi
433 1754 507 1781 dicat
531 1762 537 1782 :
562 1754 627 1782 Scio
647 1755 722 1790 quod
745 1755 850 1782 exiistis
872 1757 898 1783 in
916 1756 964 1783 de-

174 1801 278 1825 sertum
294 1798 388 1825 videre
409 1806 497 1834 neque
514 1804 605 1827 mente
626 1799 795 1827 inconstanti
812 1801 962 1834 hominem,

174 1851 230 1870 non
246 1844 370 1880 pecuniae
391 1849 530 1873 amantem
545 1866 552 1878 ,
573 1853 628 1873 non
651 1846 795 1874 ambitioni
814 1852 863 1874 aut
885 1847 963 1875 luxui

173 1890 307 1926 deditum,
323 1891 370 1919 sed
386 1891 529 1919 sublimem
540 1892 686 1927 quemdam
700 1898 727 1921 et
740 1893 885 1926 elevatum,
900 1894 965 1921 cha-

174 1936 297 1965 rismatis
316 1944 348 1965 ac
365 1936 432 1964 doni
455 1937 606 1973 prophetici
632 1938 815 1973 participem;
842 1943 869 1966 et
891 1943 965 1967 recte

174 1983 288 2010 omnino
304 1983 514 2011 arbi‘trabamini
528 1992 536 2012 :
552 1983 632 2012 Certe
649 1983 781 2011 testiﬁcor
800 1984 879 2012 vobis
890 1984 963 2019 quod

176 2030 340 2065 prophetam
360 2031 455 2058 videre
466 2031 596 2064 cxibatis,
613 2038 664 2058 nec
690 2031 736 2058 hic
752 2030 889 2064 subsistit,
915 2031 962 2058 sed

175 2074 237 2108 plus
256 2082 338 2108 quam
351 2075 524 2110 prophetam,
537 2076 672 2110 agnoscit.
693 2075 817 2110 Cutnqne
840 2075 962 2110 judiccs,

175 2120 369 2155 iegumlatores
384 2140 392 2153 ,
412 2128 490 2156 reges
508 2128 524 2148 a
540 2122 652 2149 virtutis
682 2121 811 2149 laudibus
840 2121 963 2156 insignes

175 2166 333 2194 sunthabiti
347 2175 354 2200 ;
371 2174 405 2194 ne
421 2167 444 2194 is
458 2167 505 2202 qui
522 2168 662 2202 prophetis
679 2168 804 2203 superior
818 2169 961 2201 asseritur,

1011 240 1040 267 δὲ
1053 240 1158 275 οἱπερὶ
1181 240 1244 270 τοὺς
1270 239 1421 274 βασιλείους
1444 240 1535 272 οἴκους
1555 240 1731 276 ἐπτοημένοι,
1753 243 1804 268 καὶ

1011 286 1058 313 τοῦ
1074 285 1213 320 κονιορτοῦ
1226 285 1331 312 ἐκείνου
1344 285 1488 320 ἀλώσιμοι,
1507 285 1552 320 ὑφ’
1569 283 1607 313 ὧν
1623 287 1637 313 ὁ
1664 286 1802 321 Ἰωάννης,

1011 333 1065 360 οὐδ’
1089 333 1162 359 ἐστὶν
1177 332 1290 367 εὐχερὲς
1305 332 1407 359 ἅπασιν
1421 333 1518 362 εἰπεῖν,
1535 332 1588 359 οὐδ’
1605 333 1667 360 ὅσον
1695 333 1803 360 ἀνάλω-

1011 388 1056 412 τος
1071 385 1102 407 ιιι.
1119 379 1157 406 Οὐ
1171 379 1226 414 γὰρ
1241 378 1326 410 ἔστιν,
1339 378 1389 405 οὐκ
1404 377 1462 404 ἔστι
1475 378 1609 413 κάλαμος,
1622 378 1668 404 τὸν
1679 378 1733 405 ὑπὸ
1745 378 1803 405 τῶν

1011 426 1120 462 ἀνέμων
1135 426 1214 452 σάλον
1225 425 1378 460 δεχόμενος.
1400 424 1541 459 Ἐξέφυγε,
1558 425 1636 459 φησὶ,
1653 424 1708 451 τῶν
1718 425 1804 459 ἀστη-

1013 471 1114 506 ρίκτων
1132 470 1195 501 τοὺς
1208 469 1339 505 τρόπους,
1355 469 1402 495 καὶ
1414 468 1538 504 καλάμου
1551 468 1629 504 δίκην
1659 469 1804 504 ῥιπιζομέ-

1011 526 1075 550 νων,
1090 516 1121 544 τὸ
1134 516 1251 551 νόσημα.
1278 515 1317 542 Οὐ
1342 514 1407 550 μὴν,
1435 514 1497 541 οὐδὲ
1518 515 1649 549 μαλακοῖς
1672 514 1803 549 ἱματίοις,

1011 563 1070 590 οὐδὲ
1091 563 1146 594 τοῖς
1162 562 1254 593 ἄλλοις
1269 561 1467 597 ὲκδεδιῄτηται,
1482 557 1523 592 οἷς
1540 561 1565 587 οἱ
1579 561 1644 595 περὶ
1663 561 1699 587 τὰ
1725 560 1805 594 βασί-

1011 608 1071 636 λεια
1085 607 1314 642 διαθρύπτονται,
1329 605 1424 641 χρυσῷ
1440 606 1487 632 καὶ
1499 605 1607 640 ἡδοναῖς
1623 605 1671 632 καὶ
1693 605 1804 639 φιλοδο-

1011 655 1056 691 ξίᾳ
1069 653 1241 689 δουλούμενοι
1257 660 1264 668 υ
1280 652 1338 679 ἀλλ’
1352 652 1456 687 ἔρημος
1472 652 1523 687 μὲν
1551 651 1626 687 αὐτῷ
1643 650 1718 683 οἶκος
1745 652 1805 687 ἅμα

1010 699 1147 735 λαμπρὸς,
1163 699 1212 726 καὶ
1225 698 1401 734 παράδεισος,
1415 698 1463 724 καὶ.
1489 697 1626 732 βασίλειον
1637 705 1645 714 ο
1669 698 1806 732 καμήλων

1010 745 1040 773 δὲ
1052 745 1156 781 τρίχες,
1171 744 1210 780 τῷ
1224 743 1332 779 σώματι
1352 743 1442 779 σκέπη
1456 752 1463 759 ·
1485 743 1533 770 καὶ
1548 742 1622 778 ζώνη
1648 743 1805 779 δερματίνη

1011 791 1076 827 περὶ
1092 791 1142 826 τὴν
1156 790 1252 825 ὀσφὺν,
1269 788 1408 824 δεσμοῦσά.
1422 797 1453 816 τε
1482 789 1530 816 καὶ
1549 788 1685 824 νεκροῦσα
1714 789 1805 816 πάντα

1011 837 1046 865 τὰ
1059 837 1124 872 παρ’
1140 837 1260 871 ἑκάτερα
1283 835 1397 871 ταύτης,
1414 835 1559 871 σωματικά
1574 843 1604 862 τε
1616 836 1664 862 καὶ
1695 835 1805 870 ἀνθρὼ-

1012 892 1077 910 πινα
1093 882 1278 918 σκιρτήματα.
1297 881 1329 908 Ei
1357 880 1448 916 βούλει
1474 880 1503 906 δὲ
1520 879 1568 907 καὶ
1594 879 1693 915 τροφὴ.
1722 879 1765 915 τῷ
1792 884 1806 899 ιι

1013 928 1082 965 μηδὲ
1095 928 1199 964 τροφῆς
1215 927 1308 958 ἁπλῶς
1323 926 1447 962 μετέχειν
1459 934 1467 941 ·
1480 926 1538 953 ἀλλ’
1548 927 1598 961 ὀση
1612 926 1699 962 πικρά
1712 935 1743 952 τε
1759 926 1806 953 καὶ

1012 975 1140 1011 ἄτροφος,
1153 975 1200 1001 καὶ
1213 973 1274 1001 οὐδὲ
1294 973 1394 1009 ταύτην
1408 975 1437 999 ὲν
1462 973 1566 1007 μέτρῳ,
1581 971 1638 998 ἀλλ’
1667 971 1738 998 ὥστε
1759 974 1806 998 καὶ

1011 1021 1097 1056 αὐτὴν
1119 1020 1168 1056 τὴν
1184 1019 1307 1055 ἀνάγκην
1318 1018 1501 1054 διαπλανῆσαι
1515 1022 1528 1035 ο
1543 1018 1593 1052 τῆς
1612 1017 1732 1052 φύσεως.
1756 1015 1805 1049 Οἷς

1012 1067 1071 1098 πῶς
1088 1067 1121 1093 ἂν
1134 1066 1312 1101 ἐπιτολμήσοι
1333 1064 1424 1100 τρυφὴ
1443 1063 1632 1100 παρεισδῦναι,
1658 1063 1675 1098 ῆ
1702 1064 1804 1098 ῥέουσα

1010 1112 1084 1145 δόξα,
1099 1111 1115 1147 ἢ
1130 1111 1264 1144 πλοῦτοςς
1282 1111 1296 1138 ὃ
1311 1111 1359 1137 καὶ
1378 1110 1433 1137 τῶν
1449 1110 1577 1145 ἑχόντων,
1593 1111 1641 1136 καὶ
1654 1109 1709 1136 τῶν
1724 1111 1767 1142 εις
1775 1109 1804 1137 τὺ

1011 1159 1140 1186 ἀκούσιον
1154 1158 1204 1185 οὐκ
1218 1157 1345 1192 ἑχόντων,
1362 1156 1447 1192 βαρὺς
1466 1156 1514 1183 καὶ
1537 1156 1637 1191 πικρὸς
1659 1155 1803 1192 τύραννος.

1011 1206 1067 1233 Καὶ
1085 1204 1171 1232 ταῦτα
1182 1204 1211 1231 δὲ
1225 1203 1287 1238 οὐχὶ
1315 1203 1350 1230 τὰ
1374 1202 1444 1238 ἔργα
1474 1202 1543 1238 μόνα
1578 1202 1637 1238 βοᾷ,
1668 1202 1737 1229 ἀλλὰ
1760 1203 1806 1229 καὶ

1015 1253 1092 1289 ἡμεῖς
1108 1256 1121 1276 Ρ
1136 1251 1224 1283 αὐτοὶ,
1244 1249 1339 1285 φησὶν,
1358 1249 1413 1276 ἀπὸ
1426 1248 1480 1275 τῶν
1493 1248 1593 1284 ἔργων,
1608 1248 1627 1275 ἃ
1646 1248 1710 1280 τοὺς
1736 1248 1806 1283 ὑμε-

1011 1300 1107 1334 τέρους
1133 1297 1299 1332 ὀφθαλμοὺς,
1325 1297 1372 1324 καὶ
1396 1296 1445 1332 τὴν
1470 1295 1585 1331 γνώμην
1615 1294 1806 1328 ὲφελκύσατο,

1013 1345 1156 1379 μάρτυρας
1167 1342 1243 1369 οὐδὲν
1258 1342 1368 1368 ἔλαττον
1386 1341 1589 1376 παρεστήσατε.
1612 1340 1725 1375 Ἔργοις
1750 1339 1807 1374 γὰρ

1012 1389 1060 1416 καὶ
1081 1389 1159 1415 αὐτοὶ
1178 1388 1227 1423 τὴν
1239 1387 1395 1423 μαρτυρίαν
1408 1386 1598 1420 είοηνέγκατε,
1614 1385 1653 1416 ὡς
1674 1384 1723 1411 καὶ
1751 1384 1808 1411 τῶν

1012 1435 1184 1470 ἀστηρίκτων
1197 1433 1246 1468 τὴν
1264 1432 1388 1468 γνώμην,
1402 1432 1449 1459 καὶ
1465 1431 1520 1458 τῶν
1532 1433 1593 1464 ταῖς
1607 1432 1727 1466 ἡδοναῖς,
1758 1432 1808 1459 καὶ

1011 1480 1086 1515 δόξῃ,
1102 1479 1150 1506 καὶ
1166 1477 1272 1513 πλούτῳ
1285 1476 1482 1512 δουλουμένων,
1497 1476 1531 1503 δι’
1545 1473 1583 1504 ὧν
1601 1477 1617 1511 ἠ
1635 1477 1682 1503 ἐπὶ
1694 1477 1726 1503 τὸ
1753 1478 1810 1511 χεῖ-

1015 1535 1060 1561 ρον
1076 1524 1213 1560 μεταϐολὴ
1228 1524 1278 1551 καὶ
1290 1523 1442 1556 ἀλλοίωσις,
1472 1523 1520 1550 καὶ
1534 1524 1550 1558 ή
1576 1523 1673 1557 ἄγνοια
1687 1543 1697 1556 ,
1720 1524 1735 1550 ὁ
1758 1524 1812 1550 Βα-

1016 1571 1132 1606 πτιστὴς
1149 1570 1326 1606 ὑψηλότερος.
1350 1568 1420 1595 Ἀλλ’
1435 1564 1512 1600 οὗτος
1530 1569 1580 1604 μὲν
1592 1570 1606 1595 ὁ
1616 1569 1672 1595 ἀπὸ
1681 1569 1731 1603 τῆς
1754 1569 1811 1595 τῶν

1014 1616 1157 1652 ἀκροατῶν
1170 1615 1261 1650 ψήφου
1275 1614 1329 1641 τῶν
1344 1613 1462 1640 ἐπαίνων
1473 1613 1569 1645 τύπος.
1578 1613 1627 1645 Τίς
1635 1614 1657 1640 δ’
1665 1614 1680 1640 ό
1691 1614 1808 1649 ὲφεξῆςς

1014 1663 1030 1699 ἢ
1046 1661 1170 1698 δῆλον”ὼς
1186 1662 1200 1688 ὸ
1215 1661 1247 1687 ἐκ
1261 1660 1310 1696 τῆς
1321 1659 1388 1692 ιδίας
1401 1660 1448 1686 καὶ
1456 1660 1623 1694 Δεσποτικῆς
1629 1659 1810 1694 ἀποφάσεως⁹

1016 1710 1095 1742 ποίας
1111 1708 1228 1743 ταύτης
1243 1707 1310 1740 Ναὶ,
1330 1707 1409 1743 φησὶ,
1427 1707 1499 1742 λέγω
1514 1708 1591 1742 ὑμῖν,
1604 1707 1646 1735 ὃτι
1663 1709 1813 1743 προφήτην

1015 1756 1142 1791 ἐξήλθετε
1168 1755 1253 1781 ῖδεῖν⁹
1269 1754 1308 1786 ὡς
1332 1753 1445 1781 ἐκείνων
1471 1753 1551 1780 τοῦτο
1581 1753 1686 1788 σαφῶς,
1709 1753 1745 1780 δι’
1773 1751 1812 1781 ὧν

1014 1801 1135 1837 ἔπραξαν
1148 1806 1174 1832 ει,
1189 1799 1385 1834 καταθεμένων
1404 1807 1410 1814 ·
1425 1800 1471 1827 ἵνα
1484 1799 1564 1835 εἴπῃς
1576 1806 1583 1814 ·
1599 1798 1665 1826 Οἶδα
1687 1800 1730 1826 ὅτι
1746 1799 1810 1826 οὕτε

1013 1847 1063 1883 τὴν
1085 1846 1200 1882 γνώμην
1223 1845 1382 1881 εὐρίπιστον
1397 1845 1543 1880 ἄνθρωπον
1559 1864 1568 1877 ,
1595 1845 1657 1871 οὔτε
1677 1845 1812 1880 φιλάργυ-

1016 1902 1082 1929 ρον,
1108 1892 1124 1927 ἢ
1151 1892 1288 1924 κενόδοξον
1304 1912 1312 1924 ,
1341 1891 1403 1918 οὕτε
1438 1891 1547 1927 τρυφῆς
1581 1891 1712 1918 ἐλάττονα
1727 1912 1737 1926 ,
1772 1893 1811 1923 είς

1013 1940 1064 1976 τὴν
1079 1939 1181 1975 ἔρημον
1198 1939 1262 1966 ἰδεῖν
1278 1938 1468 1974 ὲξεληλὺθατε,
1483 1938 1540 1965 ἀλλ’
1556 1937 1658 1973 ὑψηλόν
1672 1947 1735 1964 τινα
1763 1939 1811 1965 καὶ

999 1988 1001 1991 “
1015 1986 1173 2022 μετάρσιον,
1190 1986 1237 2012 καὶ
1251 1986 1297 2012 τοῦ
1307 1985 1477 2021 προφητικοῦ
1486 1984 1656 2020 χαρίσματος
1675 1985 1807 2020 μέτοχον·

1013 2034 1062 2061 καὶ
1083 2033 1174 2065 καλῶς
1189 2033 1370 2068 ὑπειλήφατε.
1387 2032 1442 2059 Ναὶ
1464 2032 1530 2067 γὰρ,
1560 2032 1632 2066 λέγω
1657 2032 1734 2067 ὑμῖν,
1766 2032 1810 2059 ὅτι

1014 2080 1158 2116 προφήτην
1170 2079 1351 2116 ἐξεληλύοατε
1366 2079 1441 2106 ἰδεῖν.
1452 2076 1518 2104 Εἶτα
1538 2078 1585 2104 καὶ
1600 2078 1631 2104 οὺ
1645 2077 1730 2113 μέχρι
1743 2078 1809 2105 1:06-

1013 2135 1071 2159 του,
1091 2126 1160 2154 ἀλλὰ
1171 2126 1219 2153 καὶ
1237 2125 1430 2161 περισσότερον
1444 2124 1628 2158 ἀποφαίνεται
1650 2125 1807 2159 προφήτου.

1021 2170 1129 2206 Ἐπειδὴ
1143 2170 1171 2197 δὲ
1186 2171 1233 2198 καὶ
1246 2169 1350 2205 κριταὶ,
1367 2169 1415 2195 καὶ
1428 2168 1584 2203 νομοθέται.
1603 2169 1650 2195 καὶ
1671 2168 1808 2203 βασιλεῖς,

172 2211 257 2240 alicui
273 2212 351 2241 alteri
376 2218 405 2241 ut
423 2212 537 2241 inferior
566 2213 742 2246 succumbat;
761 2213 841 2241 unica
869 2220 912 2242 ass

1070 2217 1154 2253 ἀρετῇ
1171 2217 1242 2251 μέγα
1256 2221 1268 2235 ι
1282 2215 1429 2243 κατέλιπον
1441 2222 1448 2231 ·
1466 2214 1510 2241 ἴνα
1531 2215 1569 2250 μὴ
1589 2214 1643 2241 τῶν
1657 2215 1708 2249 μὲν
1737 2223 1808 2250 προ-

173 2259 249 2287 tione
267 2267 318 2287 sua
338 2259 491 2295 Baptistam
506 2259 596 2291 docet,
618 2259 690 2286 ultra
714 2267 810 2288 omnes
837 2260 962 2288 obtinere

172 2305 418 2338 praeeminentiam,
450 2315 460 2330 ι
478 2304 538 2332 Νοη
563 2304 694 2336 surrexit,
719 2304 859 2339 inquiens,
889 2305 962 2332 inter

172 2354 252 2378 natos
265 2351 298 2379 de
310 2351 434 2385 muliere,
451 2351 539 2386 major
552 2350 658 2378 Joanne
675 2350 794 2386 Baptista
804 2351 836 2378 ".
851 2361 860 2377 ι
873 2352 962 2387 Atque

173 2393 210 2421 ita
221 2398 266 2422 est
291 2396 431 2423 secundus
444 2395 633 2423 encomiorum
649 2396 758 2423 modus.
780 2395 888 2424 Tertius
903 2405 961 2425 me-

171 2440 247 2467 dium
274 2440 413 2469 interserit
432 2442 572 2476 propheta:
608 2442 768 2470 vaticinium
795 2443 924 2471 laudibus
945 2451 961 2471 a

172 2486 289 2514 Domino
313 2487 481 2522 praedicatis.
500 2487 549 2516 Hic
561 2492 604 2516 est
628 2488 756 2523 inquiens
776 2489 810 2516 de
826 2497 882 2524 quo
893 2489 961 2517 scri-

170 2536 248 2566 ptutn
263 2537 316 2566 est,
335 2540 345 2557 (
365 2532 435 2560 Ecce
448 2541 498 2568 ego
523 2534 602 2561 mitto
630 2534 758 2569 angelum
782 2543 873 2562 meum
898 2540 962 2562 ante

170 2575 269 2604 faciem
281 2582 367 2610 tuam,
381 2578 427 2613 qui
440 2580 604 2614 praeparabit
619 2581 690 2608 viam
708 2585 781 2609 luant
791 2586 854 2609 ante
867 2587 894 2610 te
902 2582 935 2609 ⁷³.
948 2591 958 2608 ι

171 2620 294 2650 llelictus
310 2629 396 2652 restat
420 2631 537 2661 quartus
563 2627 672 2659 modus,
697 2628 732 2656 de
749 2636 805 2664 quo
824 2629 961 2664 praecipue

206 2715 230 2731 "
245 2713 313 2742 Luc.
334 2722 384 2748 vn,
397 2715 439 2742 28.
479 2715 501 2732 "
519 2715 614 2744 Matth.
633 2725 673 2750 xl,
700 2717 744 2744 to.

1015 2262 1110 2298 φητῶν
1124 2262 1328 2297 περισσότερος,
1353 2260 1407 2288 τῶν
1429 2260 1518 2287 ἄλλων
1543 2260 1571 2286 δέ
1596 2268 1668 2292 τινος
1688 2260 1807 2296 νομισοῇ

1016 2307 1209 2343 ὲνδεέστερος-
1231 2307 1282 2343 μιᾷ
1297 2306 1368 2334 κατὰ
1381 2305 1490 2332 πάντων
1511 2305 1659 2340 ἀποφάσει,
1685 2306 1720 2332 τὰ
1741 2313 1808 2341 πρε-

1013 2352 1092 2379 σϐεῖα
1107 2351 1201 2388 φέρειν
1215 2352 1261 2378 τὸν
1284 2349 1441 2385 Βαπτιστὴν
1459 2350 1636 2385 ἁνεκήρυξεν,
1653 2350 1727 2377 «Οὐκ
1742 2350 1807 2384 ἐγή-

1012 2406 1119 2433 γερται,
1135 2397 1230 2429 εἰπὼν,
1248 2398 1277 2424 ὲν
1291 2397 1431 2431 γεννητοῖς
1444 2396 1594 2430 γυναικῶν,
1615 2395 1717 2431 μείζων
1746 2396 1805 2422 ἰω-

1014 2445 1094 2471 άννου
1106 2444 1152 2471 τοῦ
1169 2443 1331 2470 Βαπτιστοῦ.
1341 2453 1350 2469 ι
1361 2442 1431 2470 Ἀλλ’
1444 2438 1521 2473 οὗτος
1536 2441 1596 2476 μὲν,
1613 2442 1660 2468 καὶ
1681 2442 1696 2468 δ
1711 2441 1806 2468 δεύτε-

1017 2499 1062 2526 ρος
1073 2490 1128 2517 τῶν
1147 2490 1292 2525 ἐγκωμίων
1304 2489 1400 2519 τύπος.
1422 2488 1452 2514 Ὀ
1472 2488 1502 2515 δὲ
1511 2487 1614 2523 τρίτος,
1633 2486 1736 2522 μεταξὺ
1751 2487 1806 2514 τῶν

1015 2535 1187 2563 Δεσποτικῶν
1202 2534 1331 2564 ἐπαίνων,
1345 2533 1394 2568 τὴν
1418 2532 1594 2568 προφητικὴν
1621 2530 1805 2566 προὸἀλλεται

1016 2581 1178 2618 μαρτυρίαν.
1196 2577 1280 2611 Οὗτος
1294 2580 1360 2615 γὰρ,
1383 2579 1466 2614 φησὶν
1481 2597 1488 2610 ,
1502 2578 1567 2613 ’περῖ¹
1581 2574 1612 2603 οὗ
1635 2577 1803 2612 γέγραπται·

1017 2637 1028 2654 ι
1052 2627 1117 2655 Ἰδοὺ
1135 2625 1191 2661 ἐγὼ
1209 2625 1365 2653 ἀποστέλλω
1379 2625 1425 2652 τὸν
1439 2623 1555 2659 ἄγγελόν
1570 2631 1621 2658 μου
1641 2623 1695 2659 πρὸ
1720 2626 1804 2657 προσ-

803 2794 922 2822 VARI/15
938 2793 1140 2829 LECTIONES.

537 2870 550 2885 υ
567 2866 607 2893 ϊσ.
622 2867 682 2915 τό.Ὦ
718 2872 725 2882 ⁵
741 2867 783 2894 ϊσ.
800 2867 956 2902 διαπλῆοαι.

241 2869 262 2883 ³
276 2866 319 2895 lo.
335 2866 480 2899 εὐάλωτος.

1013 2872 1025 2893 r
1041 2867 1131 2902 ὑμεῖς.
1172 2870 1185 2891 ιι
1197 2865 1308 2901 ἔπραξε.
1366 2869 1373 2881 ³
1391 2865 1427 2891 ἵε.
1446 2863 1521 2896 κλέος
1539 2862 1580 2891 vel
1598 2862 1684 2896 ὄνομα
1696 2853 1786 2889 deest;
