1874 3070
81 140 155 173 1009
521 147 572 178 AD
601 147 899 182 AMPHILOCHIUM

924 146 1098 188 QUESTIO
1119 153 1259 184 CCXXII.
1644 157 1715 192 1010

77 200 157 227 ώπου
177 209 225 228 σου
237 221 246 235 ,
261 201 292 234 ὃς
308 203 508 231 κατασκευάσει
523 205 574 241 τὴν
595 206 654 234 ὀδόν
678 216 725 235 σου
753 207 871 244 ἔμπροσ-

958 211 1081 238 stituitur
1093 212 1262 247 disquisitio,
1290 212 1337 248 qui
1353 217 1382 241 et
1405 213 1473 249 ipse,
1490 218 1521 242 ut
1533 215 1652 251 primus,
1667 225 1715 252 per

78 246 126 273 θέν
144 255 202 274 σου.
220 257 230 273 ι
243 248 345 281 Acme;
359 249 388 276 δὲ
410 249 459 276 καὶ
483 251 639 284 τελευταῖός
660 253 728 286 ἐστι,
751 255 816 290 περὶ
842 250 873 281 οὗ

78 291 200 334 μάλιστα
221 293 269 320 καὶ
296 293 313 329 η
331 294 437 329 σκέψις,
459 295 500 327 ὃς,
515 296 641 332 καθάπερ
657 298 730 326 καὶὸ
753 299 872 334 πρῶτος,

77 338 107 370 ἐξ
126 338 296 371 ἀναιρέσεως
311 340 361 374 μέν
372 341 431 368 ἐστι
445 342 494 377 τῆς
512 343 668 378 μηδαμόθεν
682 347 874 380 προσηκούσης

76 381 116 416 τῷ
134 382 274 419 Βαπτιστῇ
300 384 461 420 ὑπολήψεως
472 393 480 401 ⁸
496 388 557 414 κατ’
573 388 709 424 ἐρώτησιν
724 388 753 416 δὲ
766 390 874 426 ἀπορη-

77 428 201 463 ματικὴν
215 429 262 456 καὶ
276 430 368 464 αὐτὸς,
380 431 430 458 οὐκ
446 431 477 464 ἐξ
491 432 610 465 εὐθείας,
621 434 681 460 οὐδὲ
695 435 873 469 ἁποφατικῶς

75 473 205 509 πρόεισιν
215 483 222 490 ο
238 475 270 502 ἐκ
285 476 314 502 δὲ
329 476 377 503 τοῦ
393 478 590 513 συμὸαίνοντος
606 480 794 515 ἀτοπήματος,
821 481 873 518 τὴν

76 520 188 556 φαύλην
206 521 343 558 ὑπόληψιν
363 524 472 560 ἀναιρεῖ
485 534 493 541 ο
508 527 635 554 κάκεῖθεν
660 527 800 555 διαπλέκει
824 529 872 556 καὶ

76 568 276 602 συναπαρτίζει
291 569 331 605 τῷ
344 570 485 607 Βαπτιστῇ
504 572 535 599 τὸ
547 573 696 609 ἐγκώμιον.
712 574 761 606 Τίς
779 574 826 601 οὖν
853 574 871 610 ἠ

73 611 179 648 ψευδὴς
193 613 347 649 ὑπόληψιςς
364 616 401 642 Τὸ
417 618 528 652 νομίσαι
541 619 618 650 τινὰς
642 620 687 646 τὸν
715 620 871 657 Βαπτιστὴν

73 658 212 692 ἀγνοῆσαι
231 659 277 686 τὸν
306 662 521 697 κηρυσσόμενον,
547 664 594 691 καὶ
617 664 661 691 διὰ
682 664 763 692 τοῦτο
787 674 872 702 προσ-

73 704 202 737 ενεγκεῖν
226 704 275 740 τὴν
287 705 431 742 ἐρώτησιν.

110 750 147 776 Τί
162 750 233 777 δὲτὸ
248 751 382 787 ἑπόμενον
398 754 519 789 ἀτοπον;
537 755 574 783 Τὸ
592 756 776 792 ἐρῤίφθαιδιά
791 757 871 785 τοῦτο

72 795 124 832 τῆς
141 796 283 831 βασιλείας
299 798 354 826 τῶν
380 800 514 836 οὐρανῶν.
538 801 568 829 '0
583 804 638 838 γὰρ
653 804 683 830 ἐν
702 803 770 839 αὐτῇ
801 804 871 830 πάν-

73 849 129 868 των
144 843 320 879 μικρότερος,
335 844 407 878 τίνος
421 846 502 874 ἀλλου
514 848 616 883 μείζων
624 849 669 885 εἴη
686 849 731 883 ἂν,
742 849 811 886 πλὴν
821 849 870 878 τοῦ

72 888 174 923 πόρρω
180 889 284 925 ταύτης
290 891 500 928 ἀπεληλαμένον
531 894 580 921 Διὰ
595 895 622 921 τί
633 895 655 921 δ’
661 882 869 931 ἀπορρίπτοιτο,
884 882 907 912 Β

71 933 135 960 οὐδὲ
158 933 240 968 λόγου
256 936 354 964 δεῖται.
370 938 427 965 Καὶ
441 938 507 974 γὰρ,
521 940 580 975 ὁμὴ
597 941 781 977 πεπεισμένος
795 943 871 977 ἀκρι-

72 979 129 1012 ϐῶς
143 980 192 1007 τὸν
213 981 246 1008 ἐκ
262 982 401 1018 Παρθένου
415 984 465 1019 μὲν
481 986 660 1021 γεννηθέντα,
675 987 728 1013 ὐπὸ
749 987 871 1014 Ἰωάννου

71 1025 101 1052 δὲ
131 1025 330 1062 βαπτισθέντα,
346 1029 398 1056 ὑπὸ
411 1029 439 1057 δὲ
453 1030 505 1066 τῆς
525 1032 631 1067 Πατρὸς
647 1033 740 1068 φωνῆς
766 1042 872 1069 μαρτυ-

73 1071 207 1106 ρηθέντα,
224 1073 272 1100 καὶ
286 1075 338 1101 ὑπὸ
352 1075 399 1102 τοῦ
412 1077 560 1111 συγγενοῦς
571 1077 764 1114 ὑποδειχθέντα
780 1081 869 1107 Πνεύ-

73 1126 174 1153 ματος,
199 1119 294 1146 τοῦτον
314 1121 464 1159 Λυτρωτὴν
477 1124 526 1150 τοῦ
544 1125 660 1159 κόσμου,
682 1126 729 1153 καὶ
744 1126 791 1153 τοῦ
808 1127 871 1163 ᾅδου

71 1164 244 1200 καθαιρέτην
263 1163 344 1200 εἶναι,
358 1168 437 1204 δῆλον
456 1169 494 1201 ὡς
513 1170 527 1195 ό
543 1170 675 1203 τοιοῦτος,
689 1172 768 1205 ἐκτός
788 1173 869 1200 ἐστιΙ

70 1210 122 1246 τῆς
134 1210 279 1246 βασιλείας
289 1213 344 1240 τῶν
357 1214 492 1249 οὐρανῶν.
511 1215 571 1248 Πῶς
586 1216 642 1251 γὰρ
654 1217 688 1244 ἂν
696 1217 869 1255 κληρονομή-

71 1264 130 1283 σειε
156 1256 308 1291 βασιλείαν,
324 1259 338 1285 ὁ
353 1259 423 1294 μηδὲ
442 1260 488 1287 τὸν
501 1261 605 1297 ταύτης
622 1263 803 1298 ἐπιστάμενος
815 1266 870 1300 Δη-

73 1303 220 1338 μιουργδν,
235 1305 282 1331 καὶ
298 1304 438 1340 διανομέα,
465 1307 512 1334 καὶ
532 1308 701 1345 κληροῦχον;
717 1309 785 1339 Εἶτα
811 1312 869 1346 πῶς

71 1347 226 1383 ἀναιρεῖται
242 1347 274 1375 τὺ
287 1349 386 1376 ἄτοπον
400 1358 408 1384 ;
423 1351 478 1377 Καὶ
497 1351 609 1379 αὐτόθεν
640 1353 702 1388 μέν.
726 1353 789 1386 Πῶς
814 1355 869 1392 γὰρ

71 1394 124 1421 οὐκ
150 1395 264 1428 ἄτοπον,
286 1395 332 1422 τὸν
355 1396 446 1429 ἀλλοις
471 1398 628 1432 κηρύξαντα
650 1400 701 1436 τὴν
718 1400 866 1436 βασιλείαν,

72 1442 160 1469 αὐτὸν
174 1441 304 1469 ἐκπεσεῖν
327 1442 446 1478 ταύτηςς
469 1444 548 1471 Ἀλλά
571 1453 603 1479 γε
620 1446 667 1472 καὶ
690 1448 722 1473 ἐκ
737 1447 793 1474 τῶν
815 1447 868 1484 ἔμ-

72 1486 194 1522 προσθεν
207 1488 374 1523 εἰρημένων.
392 1489 423 1516 Εἰ
437 1489 484 1516 οὖν
497 1491 615 1526 ἠγνόησε
630 1492 690 1527 μὲν,
707 1493 776 1529 ὅπερ
801 1494 868 1529 ἐκή-

73 1532 168 1585 ρυξεν,
183 1534 198 1560 ό
214 1533 345 1585 -Ίωάννης
356 1542 364 1550 ”
380 1535 465 1562 ἔδωκε
476 1536 504 1563 δὲ
518 1536 589 1574 λήθῃ
609 1537 644 1565 τὰ
656 1538 758 1565 ἀνωθεν
784 1539 867 1575 ἡκου-
879 1553 902 1585 C

73 1579 180 1615 σμένα·
194 1580 245 1607 οὐκ
255 1579 309 1607 οἶδε
327 1581 356 1608 δέ
368 1581 398 1608 ὃν
411 1582 559 1609 ἐϐάπτισεν
571 1591 578 1598 ·
600 1585 692 1620 ἐρωτᾷ
718 1585 741 1612 δ’
757 1585 800 1613 ἵνα
813 1586 866 1622 μά-

72 1625 119 1660 θε,
146 1625 190 1657 τίς
203 1625 276 1652 ἐστιν
287 1627 302 1652 ὁ
318 1627 545 1662 προσδοκώμενος
556 1637 564 1644 ·
582 1629 664 1663 δῆλον
678 1630 715 1663 ὡς
728 1631 789 1658 οὐδὲ
816 1632 866 1667 τῆς

74 1669 216 1704 βασιλείας
230 1671 309 1704 ὅλως,
324 1671 384 1699 οὐδὲ
400 1673 461 1699 καθ’
478 1674 511 1708 ἢν
522 1674 536 1700 ὁ
554 1675 716 1711 μικρότερος
730 1676 866 1704 διαιτᾶται

73 1716 176 1750 λῆξιν,
225 1717 285 1744 οὐδὲ
316 1718 425 1754 ,ταύτης
459 1718 650 1755 ἀξιωθήσεται.
690 1721 771 1748 Ἀλλὰ
812 1722 867 1749 τῶν

75 1762 124 1796 μὲν
151 1761 212 1789 λίαν
241 1762 425 1791 ἀτοπωτάτων
455 1765 552 1798 τοῦτο,
579 1766 615 1793 τά
650 1774 682 1792 τε
712 1767 781 1794 ἄλλα
817 1768 866 1795 καὶ

73 1808 106 1834 ἐκ
119 1807 176 1835 τῶν
190 1808 293 1835 ἀνωθεν
305 1809 468 1844 εἰρημένων.
482 1811 537 1838 Ποῦ
553 1811 606 1847 γὰρ
620 1813 772 1848 προφήτης,
785 1814 799 1840 ὁ
813 1822 866 1849 μη-

73 1853 102 1880 δὲ
115 1854 151 1880 τὰ
178 1854 209 1881 ἐν
230 1855 308 1890 χερσὶ
331 1855 456 1891 suum;
478 1856 534 1883 Ποῦ
549 1857 578 1883 δὲ
601 1858 750 1893 προφητῶν
769 1867 866 1894 περισ-

75 1901 195 1936 σότερος,
204 1901 253 1928 καὶ
267 1902 349 1929 αὐτὸν
363 1902 408 1929 τὸν
424 1903 629 1939 κηρυσσόμενον
641 1905 777 1940 ἀγνοήσας
793 1913 800 1937 ;
819 1906 866 1933 Ἐν

73 1948 217 1982 γεννητοῖς
231 1947 261 1974 δὲ
275 1948 412 1982 γυναικῶν
430 1949 533 1984 μείζων
556 1949 616 1982 πῶς
642 1950 685 1983 ἂν,
708 1952 722 1978 ὁ
738 1952 805 1987 μηδὲ
816 1952 866 1988 τῆς

74 1992 215 2027 βασιλείας
231 1992 325 2027 ἀξιοςς
339 1995 390 2022 οὐκ
404 1995 459 2030 ἄρα
473 1996 638 2032 μικρότερος
664 1997 792 2033 οὐδαμῶς
816 1999 865 2026 τοῦ

73 2039 241 2074 μικροτέρου
260 2040 314 2066 τῶν
328 2041 358 2067 ἐν
374 2040 500 2078 βασιλείᾳ
514 2042 570 2070 τῶν
583 2043 718 2079 οὐρανῶν,
742 2044 797 2071 οὐδ’
811 2045 865 2080 ἄρα

71 2085 217 2121 ἠγνόησεν,
235 2085 266 2113 ὃν
278 2087 428 2123 ἐκήρυξεν·
457 2088 511 2115 οὐδ’
539 2088 572 2116 ἵν’
595 2089 676 2122 αὐτὸς
693 2090 778 2127 μάθῃ,
805 2091 865 2118 ἀλλ’

73 2131 116 2157 ἶνα
128 2132 195 2162 τοὺς
212 2131 336 2167 μαθητὰς
361 2132 406 2159 διὰ
420 2133 470 2169 τῆς
483 2133 617 2169 αὐτοψίας
644 2135 788 2172 βελτιώσῃ,
813 2137 865 2171 τὴν

70 2176 247 2204 διδασκαλίαν
260 2179 300 2210 εἰς
314 2179 449 2214 ἐρώτησιν
463 2180 644 2216 ἐσχημάτισε.
680 2182 751 2209 Ἀλλ’
781 2183 797 2218 ἡ
812 2184 863 2218 μὲν
876 2183 903 2213 D

71 2224 135 2258 ὅλης
153 2224 295 2256 ίδιανοίας
316 2225 466 2260 ἀνάπτυξις
491 2227 572 2263 αὕτη.
601 2228 630 2255 ’0
657 2228 685 2255 δέ
700 2230 866 2262 Δεσποτικὺς

72 2271 117 2295 καὶ
137 2269 212 2301 θεῖος
234 2270 369 2306 χρησμὸς,
396 2271 489 2308 δριμεῖ
513 2281 543 2299 τε
574 2274 620 2300 καὶ
650 2275 865 2312 συντετμημένῳ

70 2314 154 2350 λόγῳ,
170 2315 216 2342 διὰ
227 2315 276 2342 τοῦ
297 2317 358 2343 κατ’
373 2317 508 2354 ἐρώτησιν
521 2318 734 2354 ἀπορηματικοῦ
762 2320 862 2354 τύπου,

70 2359 119 2396 τὴν
134 2360 201 2395 ὅλην
217 2360 392 2397 παρέστησεν
413 2361 537 2396 ἔννοιαν,
553 2362 649 2397 εἰπὼν,
670 2372 680 2390 ι
703 2363 733 2390 '0
763 2364 792 2390 δὲ
819 2373 864 2399 μι-

70 2407 201 2442 κρότερος
215 2407 245 2434 ἐν
258 2408 292 2442 τῇ
308 2406 432 2443 βασιλείᾳ.
446 2407 501 2435 τῶν
517 2408 650 2444 οὐρανῶν,
681 2409 784 2445 μείζων
809 2410 861 2436 αὐ-

69 2452 116 2479 τοῦ
133 2454 211 2486 ἔστη
231 2462 241 2479 ι
256 2453 365 2489 Ταύτης
377 2454 432 2490 γὰρ
446 2454 495 2490 τῆς
513 2456 614 2490 φωνῆς,
631 2455 661 2489 ἐξ
677 2456 763 2491 αὐτῆς
776 2456 862 2492 ἀκοῆς

71 2498 248 2534 ἀπαντώσης,
264 2499 311 2526 καὶ
325 2501 357 2535 τῇ
375 2500 422 2526 τοῦ
440 2500 617 2536 ἀτοπήματος
644 2501 782 2538 ὑπερσολῇ
811 2503 862 2529 οὐκ

71 2543 160 2580 ἐώσης
176 2546 216 2576 είς
231 2546 344 2581 ἀπρεπῆ
359 2555 420 2574 τινα
438 2547 574 2583 ὑπόληψιν
592 2546 640 2574 τοῦ
657 2547 706 2583 τῆς
730 2547 861 2584 ἀληθείας

71 2590 193 2626 κήρυκος
209 2591 410 2628 ἀπενεχθῆναι·
424 2593 505 2625 εὐθὺς
523 2594 572 2629 μὲν
588 2594 807 2629 συνελαυνόμεθα
823 2595 863 2627 εἰς

71 2638 101 2663 τὸ
113 2637 231 2665 συνιδεῖν
244 2638 274 2665 τὸ
290 2639 373 2674 σοφὸν
388 2639 435 2666 καὶ
453 2640 591 2675 ὠφέλιμον
602 2640 653 2676 τῆς
667 2640 710 2667 διὰ
726 2641 781 2668 τῶν
811 2650 865 2676 μα-

71 2682 160 2717 θητῶν
168 2683 330 2719 ἐρωτήσεως
339 2693 345 2699 ·
354 2685 459 2711 ἐκεῖθεν
468 2685 496 2712 δὲ
509 2685 592 2712 πάλιν
606 2687 647 2718 είς
657 2686 706 2722 τὴν
714 2686 770 2712 τῶν
784 2687 863 2714 ἐπαίσ

71 2736 124 2756 νων
139 2729 275 2766 ἀποδοχὴν
287 2730 327 2757 ἔτι
343 2730 444 2766 μᾶλλον
461 2731 632 2768 ἐφελκόμεοα
644 2740 652 2748 ⁸
671 2733 718 2760 καὶ
740 2733 801 2769 οὐχὶ
814 2733 863 2760 τοῦ

926 259 1099 293 negationem
1112 259 1186 287 illius
1214 260 1354 294 opinionis
1371 261 1560 296 constituitur,
1581 271 1663 298 quam
1681 266 1715 293 de

925 303 1046 339 Baptista
1059 305 1205 340 concipere
1214 313 1268 333 nan
1282 310 1340 333 erat
1352 314 1471 342 aequum.
1488 307 1714 338 Procetlitautetu

924 349 983 385 ipse
1001 350 1110 384 modus,
1124 359 1174 386 per
1198 351 1441 387 interrogationem
1459 354 1713 391 tlubitationesque,

925 403 980 423 non
999 396 1103 424 directe
1123 404 1175 425 nee
1202 397 1366 426 aliirmative
1396 400 1577 434 proponitur;
1600 410 1712 436 pravam

924 446 1016 470 autem
1032 443 1107 470 illam
1137 444 1296 478 opinionem
1320 445 1393 473 tollit
1409 454 1457 481 per
1472 447 1621 475 absurdum
1638 449 1712 484 quod

923 489 1102 524 consequitur
1128 489 1194 517 illud
1211 499 1218 523 ;
1239 495 1324 525 atque
1349 491 1412 519 inde
1440 494 1587 528 complicat
1605 499 1632 522 et
1644 503 1713 522 eon-

923 541 1044 563 summat
1062 535 1191 571 Baptistae
1207 538 1376 565 encomium.
1404 538 1547 571 Quodnam
1562 540 1644 575 igitur
1659 540 1711 568 ial-

922 587 984 608 sum
1013 581 1085 616 quod
1103 580 1281 616 supponitur?
1301 589 1398 616 nempe
1415 589 1475 609 esse
1503 583 1548 617 qui
1565 584 1712 617 opinaretto

922 631 966 654 tur
985 625 1135 661 Baptistam
1168 627 1310 662 ignorasse
1324 635 1398 659 eum,
1429 636 1512 663 quem
1535 629 1711 664 praedicabat,

921 677 1003 706 atque
1016 672 1077 700 ideo
1091 673 1271 707 quaestionem
1285 673 1447 702 instituisse.

958 759 1138 795 Consequens
1151 760 1313 793 absurdum,
1333 760 1470 796 quodnam
1484 761 1549 789 est?
1568 761 1711 794 nitnirum,

921 806 994 841 quod
1009 805 1046 834 ita
1058 814 1073 833 a
1085 813 1168 841 regno
1177 806 1309 834 caelorum
1326 807 1496 834 excludetur.
1512 807 1563 840 Qui
1581 807 1716 835 omnibus

921 855 947 878 et
956 850 1072 885 singulis
1083 850 1110 877 in
1127 850 1174 878 illo
1184 858 1268 885 regno
1277 851 1437 879 constitutis
1452 851 1541 879 minor
1553 857 1605 884 est,
1622 859 1711 886 ecquo

924 896 1010 931 major
1021 896 1185 929 invenietur,
1198 896 1250 924 nisi
1263 904 1306 929 eo,
1322 898 1369 932 qui
1385 897 1420 925 ab
1435 897 1482 925 illo
1491 898 1570 934 longe
1585 899 1710 926 elimineA

924 942 988 970 tur?
1009 941 1065 970 Nec
1077 946 1118 970 est
1128 949 1198 977 opus
1213 942 1313 970 docere
1327 951 1378 970 cur
1391 944 1432 971 sic
1442 944 1615 972 excludatur.
1632 944 1711 974 Patet

922 988 1035 1016 Omnino
1052 988 1127 1023 quod
1145 993 1222 1016 extra
1237 988 1370 1016 caelorum
1385 997 1498 1025 regnum
1510 998 1641 1018 emansor
1657 992 1713 1020 erit

922 1035 977 1068 ille,
994 1034 1042 1070 qui
1058 1042 1113 1062 non
1131 1035 1246 1063 ﬁrmiter
1255 1035 1414 1070 crediderit,
1429 1041 1523 1063 natum
1539 1037 1572 1063 de
1590 1036 1710 1072 Virgine,

921 1081 1090 1116 baptizatum
1106 1088 1122 1108 a
1134 1080 1251 1113 Joanne,
1266 1086 1387 1116 patet-nte
1401 1082 1476 1110 vocis
1492 1083 1650 1110 testimonio
1663 1083 1711 1110 de-

921 1127 1088 1157 nuntiatum.
1099 1134 1114 1154 a
1129 1127 1276 1162 congeneri
1294 1127 1390 1162 spiritu
1407 1127 1636 1161 demonstratum,
1658 1127 1710 1156 Re-

920 1173 1092 1207 demptorem
1101 1172 1196 1200 mundi
1205 1180 1278 1205 esse,
1286 1177 1313 1200 et
1323 1173 1423 1201 inferni
1438 1174 1625 1209 spoliatorem.
1633 1173 1709 1207 Quo-

921 1218 1002 1246 modo
1017 1226 1132 1253 regnum
1147 1218 1215 1246 illutl
1230 1219 1404 1247 haereditabit
1420 1220 1454 1253 is,
1472 1221 1520 1256 qui
1538 1221 1709 1248 conditorem

921 1263 1027 1298 ignoret
1053 1263 1123 1298 ejus.
1150 1264 1196 1299 qui
1223 1264 1455 1299 dispensatorem,
1469 1266 1520 1300 \qui
1546 1266 1708 1293 sortitorcm

920 1309 1203 1337 autdistributorem?
1220 1310 1275 1338 l'loc
1287 1316 1377 1339 atttettt
1392 1312 1543 1339 absurdum
1571 1313 1710 1347 quomodo

921 1354 1042 1382 tollitur?
1057 1362 1104 1390 per
1141 1356 1274 1391 seipsum,
1309 1365 1416 1392 nempe,
1443 1358 1517 1392 quod
1546 1358 1582 1385 sit
1610 1358 1710 1384 absur-

918 1401 994 1428 dum.
1010 1401 1050 1429 ita
1064 1406 1106 1429 est
1122 1401 1209 1434 enim,
1223 1407 1253 1429 ut
1263 1402 1287 1430 is
1300 1403 1348 1437 qui
1365 1403 1426 1431 aliis
1440 1404 1624 1431 annuntiabat
1643 1403 1710 1431 illud

918 1455 1043 1482 regnum,
1058 1447 1092 1474 ab
1105 1448 1164 1483 ipso
1182 1448 1240 1483 ipse
1253 1448 1461 1482 excluderetur;
1475 1450 1523 1477 sed
1538 1454 1567 1477 et
1580 1450 1615 1477 ab
1632 1455 1710 1477 ante-

918 1493 998 1522 dictis
1024 1493 1153 1522 tollitur:
1183 1494 1212 1521 Si
1240 1494 1387 1529 ignorabat
1415 1502 1496 1529 quem
1528 1495 1709 1523 annuntiabat

918 1538 1048 1573 Joannes,
1064 1541 1087 1567 si
1096 1539 1234 1567 oblivione
1250 1540 1358 1575 sepeliit
1370 1548 1432 1576 quae
1446 1542 1480 1568 de
1488 1541 1558 1569 coelo
1574 1542 1708 1576 audierat,

919 1585 942 1613 si
968 1593 1023 1613 non
1035 1586 1142 1613 noverit
1160 1594 1242 1621 quem
1258 1585 1434 1621 baptizabat;
1450 1587 1548 1622 qumrit
1562 1593 1665 1620 autem,
1680 1593 1711 1615 ut

917 1631 1102 1660 itti'ormetur:
1118 1632 1186 1666 Quis
1208 1637 1250 1660 est
1263 1633 1311 1668 qui
1333 1638 1522 1668 exspectatur.
1540 1634 1620 1661 Certe
1638 1638 1711 1669 patet

917 1678 990 1713 quod
1007 1685 1056 1705 nec
1069 1686 1153 1713 regno
1165 1679 1300 1706 cmlorum
1318 1686 1368 1706 nec
1388 1680 1443 1706 isto
1457 1684 1530 1706 statu
1546 1679 1646 1714 dignus
1662 1679 1711 1706 lta-

916 1724 1008 1757 betur.
1024 1723 1051 1750 itt
1077 1731 1131 1758 quo
1145 1724 1191 1758 qui
1209 1723 1342 1751 minimus
1355 1729 1397 1751 est
1415 1729 1550 1751 versatur.
1572 1724 1624 1751 Sed
1647 1732 1710 1752 esse

917 1768 969 1796 hoc
993 1770 1063 1795 inter
1077 1769 1275 1796 absurdissima
1293 1769 1473 1802 censendum,
1501 1777 1563 1796 cum
1584 1770 1706 1802 aliunde,

917 1818 998 1842 tutne
1012 1814 1092 1841 dictis
1112 1814 1147 1842 ab
1162 1814 1241 1842 initio
1257 1819 1341 1850 patet.
1361 1813 1412 1842 Ubi
1425 1820 1468 1843 est
1488 1817 1633 1850 propheta,
1661 1816 1708 1850 qui

915 1867 967 1887 nec
992 1867 1053 1894 quae
1072 1866 1136 1887 ante
1167 1859 1249 1895 pedes
1266 1865 1405 1895 ponuntur
1428 1861 1523 1888 videt?
1544 1861 1595 1889 Ubi
1619 1861 1709 1896 major

915 1905 1067 1941 prophetis,
1083 1906 1131 1940 qui
1150 1913 1231 1941 quem
1251 1907 1433 1934 annuntiabat
1452 1907 1621 1942 ignorabat?
1636 1908 1710 1935 [nter

915 1957 995 1980 natos
1011 1953 1169 1985 mulierum,
1188 1953 1326 1988 quomodo
1342 1958 1402 1981 erat
1417 1953 1516 1989 major,
1543 1954 1592 1989 qui
1622 1962 1708 1990 regno

915 1999 1043 2034 indignus
1052 2003 1095 2026 est
1107 1999 1118 2026 ?
1134 1998 1194 2026 Non
1206 2004 1248 2027 est
1263 2000 1336 2027 enim
1352 2001 1443 2028 mittor
1463 2001 1576 2028 minimo
1589 2002 1614 2028 in
1626 2009 1709 2036 regno

914 2043 1064 2077 caelorum;
1086 2051 1140 2071 tton
1156 2044 1240 2079 igitur
1259 2045 1395 2081 ignoravit
1411 2054 1492 2081 quem
1506 2048 1706 2074 annuntiabat:

915 2095 968 2115 non
985 2092 1015 2115 ut
1045 2088 1104 2123 ipse
1118 2089 1213 2122 sciret,
1234 2091 1284 2118 sed
1301 2095 1331 2118 ut
1343 2091 1469 2126 discipuli
1484 2092 1519 2120 ab
1544 2093 1632 2120 oculis
1648 2101 1706 2120 me-

916 2135 1097 2168 liorarentur,
1114 2135 1267 2164 doctrinam
1283 2144 1330 2171 per
1355 2138 1517 2173 quaestionis
1527 2138 1642 2165 formam
1666 2138 1709 2166 in-

915 2179 1015 2206 stituit.
1035 2180 1124 2214 Atque
1135 2179 1175 2206 ita
1191 2179 1227 2207 sit
1243 2181 1327 2208 totius
1339 2180 1422 2215 hujus
1437 2182 1489 2208 loei
1507 2182 1644 2209 sententia
1657 2190 1707 2209 ex-

915 2225 1026 2260 plicata.
1056 2225 1165 2252 Domini
1185 2232 1276 2253 autem
1303 2227 1387 2254 nostri
1404 2227 1529 2254 divinum
1557 2228 1705 2255 oraculum

914 2277 1010 2297 severo
1026 2271 1144 2305 quodam
1161 2275 1188 2298 et
1203 2275 1348 2298 contracto
1364 2279 1494 2299 sermone
1515 2272 1637 2299 adhibita
1657 2273 1707 2299 du-

913 2315 1056 2344 bitationis
1071 2324 1120 2351 per
1139 2317 1319 2352 quaestionem
1336 2318 1423 2344 forma
1441 2317 1593 2352 generalem
1612 2326 1709 2353 sugge-

912 2362 950 2390 rit
967 2361 1189 2398 intelligentiam,
1207 2371 1268 2391 cum
1285 2363 1363 2395 dicit,
1387 2373 1396 2389 t
1414 2364 1449 2390 At
1463 2364 1510 2398 qui
1526 2363 1657 2392 minimus
1667 2370 1709 2391 est

913 2408 940 2435 itt
956 2417 1040 2444 regno
1050 2409 1184 2437 ctnlorum
1201 2410 1246 2437 illo
1262 2411 1348 2445 major
1359 2414 1400 2437 est
1415 2410 1447 2436 ?)
1461 2409 1523 2437 Haec
1534 2418 1584 2437 vox
1601 2418 1663 2437 cum
1674 2419 1707 2437 ex

910 2455 970 2490 ipso
979 2455 1073 2482 auditu
1086 2456 1300 2490 intelligebatur,
1315 2461 1342 2484 et
1355 2464 1417 2484 cum
1430 2464 1479 2491 per
1493 2456 1710 2484 nimiatnabsur-

911 2501 1024 2528 ditatem
1047 2509 1102 2529 non
1118 2502 1239 2537 patiatur
1253 2510 1304 2530 ttos
1323 2503 1349 2529 in
1368 2502 1564 2537 cogitationem
1583 2503 1706 2538 aliquam

911 2547 1079 2575 descendere
1098 2548 1132 2575 de
1147 2548 1262 2576 veritate
1287 2548 1370 2583 hujus
1392 2549 1537 2583 prmconis,
1569 2549 1663 2576 statim
1677 2549 1705 2576 in

919 2595 1182 2631 contemplationem
1212 2603 1263 2623 nos
1277 2596 1388 2624 deducit
1405 2597 1550 2632 prudentis
1580 2597 1652 2625 illius
1681 2601 1708 2624 t-t

917 2641 1046 2675 perutilis
1064 2642 1223 2676 quaestionis
1235 2642 1446 2677 discipulorum.
1464 2642 1554 2678 Atque
1577 2643 1641 2670 inde
1659 2642 1708 2669 de-

919 2695 994 2715 mum
1006 2687 1040 2715 ad
1054 2688 1149 2716 laudes
1161 2688 1249 2723 ipsius
1263 2688 1447 2717 admittendus
1465 2688 1634 2716 inducimur.
1651 2687 1708 2716 Nec

918 2733 1068 2769 Baptistam
1079 2735 1253 2764 decernimus
1261 2735 1394 2764 minorem
1404 2743 1465 2765 esse
1475 2735 1522 2764 illo
1532 2735 1579 2772 qui
1589 2736 1614 2763 in
1625 2743 1710 2772 regno

708 2832 827 2862 VAlilxlS
852 2833 1052 2865 LECTIONES.

126 2881 136 2896 ⁶
149 2877 235 2906 ἔσται.
248 2877 279 2909 (ἶ.
301 2877 335 2907 Μ.
349 2878 426 2911 ἐκτός
439 2879 504 2906 ἐστι.
546 2879 553 2897 ί
571 2879 600 2906 ll.
611 2879 646 2907 Μ.
659 2879 707 2914 τῆς
725 2879 798 2915 ὅλης,
