1874 3070
178 148 243 183 1011

755 151 886 182 PIIOTII
898 151 1150 182 PATRIARCIL‘E
1165 151 1221 182 (ΖΡ.

1733 147 1803 180 1012

176 207 312 236 αιτιοι-ωτι
335 207 466 235 minimus
479 211 521 235 est
535 206 719 243 (nequaquam
736 209 830 243 certe),
855 209 901 237 sed
918 210 962 245 ju-

1058 210 1179 245 εροτέρου
1195 209 1249 235 τῶν
1267 209 1296 236 ἐν
1311 209 1343 244 τῇ
1361 208 1485 244 βασιλείᾳ
1501 208 1554 236 τῶν
1578 207 1698 244 οὖρανῶν
1723 209 1803 236 ἐλάτ-

178 254 264 285 dices,
280 253 482 288 legiimlatores,
501 261 589 288 reges,
620 259 702 288 atque
732 255 807 288 ipsos
831 256 898 283 adeo
914 264 963 290 pa-

178 300 313 326 triarchas
335 306 559 334 supergressum,
576 303 659 334 atque
686 300 793 327 veritati
812 301 864 328 hoc
892 301 964 328 aﬂir-

179 344 264 370 manli
290 351 432 371 assensum
450 345 620 372 adhibemus.
638 344 692 372 Nec
708 346 828 380 injuria;
846 347 963 374 vinculis

177 389 248 416 enim
260 394 286 416 et
302 390 445 424 multiplici
459 390 604 416 atllictione
619 391 868 426 constringebatur,
883 392 965 420 morti

177 436 286 463 tandem
311 436 475 469 destinatus,
490 444 540 471 pro
554 436 612 471 lege
637 445 734 472 nempe
751 437 844 466 divina
873 444 964 465 certa-

178 489 240 509 men
253 482 394 509 subiturus
407 490 414 513 ;
428 490 477 509 nec
491 486 583 509 tamen
602 483 660 516 ejus
677 483 704 510 in
717 483 822 518 Agniim
839 483 895 515 Dei,
911 484 964 511 tol-

178 528 278 556 lentem
295 533 403 562 peccata
425 529 529 559 mundi.
558 529 726 556 desiderium
765 529 964 556 inﬂammatum

179 575 381 602 emarci-srebat
395 584 402 608 ;
429 575 555 610 quinimo
582 575 670 610 magis
682 575 823 610 magisque
837 574 964 608 eﬂlornit,

179 624 208 646 et
228 627 275 654 per
291 624 404 646 mortem
422 621 578 647 enitebatur
594 620 705 647 accendi
734 621 923 647 vehementius
939 625 965 647 et

180 665 336 692 immortale
352 666 419 694 tieri.
436 665 495 693 Non
510 667 628 694 cessavit
647 674 740 699 manu,
763 666 866 700 lingua,
889 667 965 694 omni

181 711 286 739 ratione
303 712 440 739 caelestem
457 712 533 738 illinn
547 712 683 746 Sponsum
701 713 894 746 depraedicare.
909 713 966 739 sin-

179 758 259 794 gulos
278 758 302 785 ei
324 758 425 786 ardens
453 759 618 792 conjunrtos
640 759 769 793 copulare
786 763 813 785 et
842 766 965 786 amorem

181 804 319 838 sponsalis
339 804 452 831 tlialami
480 804 610 831 inserere.
626 804 697 837 Quin
715 809 742 831 et
763 805 830 831 milii
846 805 964 836 videtur,

180 849 300 876 lietatum
319 850 352 877 de
378 850 479 884 gladio,
497 855 525 877 et
541 851 602 884 angi
614 854 727 884 propter
751 851 918 883 tarditatem,
939 856 966 878 et

181 895 214 922 ad
233 894 294 922 illos
312 902 460 930 properare
488 896 535 930 qui
567 896 636 929 apud
651 895 754 924 inferos
772 902 861 928 erant,
883 901 912 923 nt
938 900 965 923 et

181 941 219 968 Ibi
245 941 315 970 alios
335 942 505 977 praeveniens
534 946 723 977 exspectatum
754 942 922 975 enuntiaret,
938 947 965 970 et

179 987 289 1022 primus
314 988 524 1023 evangelizaret.
545 989 643 1015 Annon
662 988 719 1016 haec
733 988 857 1016 encomia
873 988 966 1016 Domi-

179 1033 270 1061 nicam
284 1034 415 1061 decebant
430 1033 550 1068 linguam
563 1035 575 1061 ‘L'
590 1035 752 1063 Intuebatur
763 1034 892 1070 gladium,
904 1042 965 1062 car-

181 1081 275 1108 niﬁces
293 1081 460 1113 intuebatur,
482 1081 647 1109 occisionem
670 1089 720 1117 pro
745 1081 856 1110 stimulo
874 1081 965 1109 Domi-

180 1126 275 1154 minici
289 1127 393 1154 amoris
419 1127 577 1160 adhibebat,
593 1131 666 1155 totus
691 1128 724 1155 ad
744 1135 805 1154 eum
821 1132 964 1155 converte-

180 1172 269 1198 batur.
289 1171 405 1199 Omnino
419 1180 510 1199 verum
529 1175 582 1205 est,
600 1181 609 1196 ι
628 1171 700 1199 inter
713 1176 792 1198 natos
813 1171 959 1198 mulierum

179 1227 233 1245 non
248 1219 370 1246 surrexit
389 1218 727 1253 majorJoanneBaptista.
747 1228 756 1243 ι
773 1217 861 1252 Caput
874 1218 964 1252 ipsum

180 1264 287 1291 Domini
306 1265 465 1299 attingebat,
497 1265 530 1291 ab
550 1269 630 1291 utero
656 1265 850 1295 annuntiabat,
878 1271 965 1299 usque

180 1311 213 1336 ad
233 1314 346 1337 mortem
381 1311 572 1342 annuntiabat,
595 1310 725 1337 mundum
764 1310 797 1337 ad
829 1311 964 1345 pmniten-

181 1356 245 1382 tiam
259 1356 423 1383 attralicliat.
444 1355 520 1382 Mitto
540 1356 779 1383 conversationem
801 1356 827 1381 in
844 1355 963 1389 deserto,

180 1403 289 1430 dizetam
314 1403 464 1436 insolitam,
485 1402 656 1437 impudentes
692 1403 761 1429 adeo
790 1401 898 1429 Iudaeos
916 1410 966 1437 pii-

179 1449 245 1476 dore
259 1447 469 1480 suffundentein,
490 1448 726 1475 conversationem
746 1453 772 1476 et
788 1448 894 1475 vivendi
907 1455 966 1474 ino-

180 1494 245 1521 dum
267 1495 336 1521 ultra
362 1495 526 1525 humanum,
560 1501 607 1529 per
623 1502 684 1528 quae
702 1494 823 1529 patentia
845 1494 965 1528 ipsorum

181 1548 227 1567 ora
245 1540 458 1567 obturabantur.
484 1539 580 1566 Annon
597 1540 695 1566 merito
718 1540 806 1574 major
826 1540 896 1567 inter
914 1548 965 1566 na—
979 1554 1000 1584 ρ

181 1592 224 1614 tos
241 1587 409 1614 mulierum?
427 1594 518 1613 annon
543 1586 641 1613 merito
668 1586 806 1613 Dominira
826 1585 966 1613 fruebatur

180 1641 248 1660 voce
260 1633 272 1660 ?
284 1635 324 1659 An
339 1633 468 1659 minimus
488 1632 514 1658 in
534 1633 666 1659 caelorum
690 1639 784 1666 regno,
806 1632 865 1666 ipso
879 1631 967 1666 major

180 1677 238 1704 est?
263 1677 394 1710 Quocirca
427 1684 443 1704 e
457 1677 514 1711 jam
530 1676 612 1704 dictis
641 1681 759 1708 constat,
778 1684 831 1703 non
853 1683 912 1704 esse
926 1677 966 1704 le-

180 1723 297 1759 gendum
315 1722 485 1755 allirmative,
516 1732 525 1748 ι
541 1722 671 1750 Minimus
687 1723 712 1749 in
730 1730 813 1757 regno
834 1723 966 1750 cmlorum

180 1768 269 1803 major
282 1773 325 1795 est
341 1776 385 1800 eo,
404 1778 413 1794 ι
429 1769 475 1796 sed
496 1768 539 1795 illa
554 1768 651 1802 forma,
680 1776 733 1803 qua
758 1768 886 1804 leguntur
901 1768 965 1800 ista,

182 1815 280 1847 «Quid
297 1815 393 1842 existis
431 1815 459 1841 ili
487 1815 624 1842 desertum
656 1814 770 1841 videre?
803 1813 966 1841 arundinem

180 1865 263 1887 vento
283 1861 412 1896 agitatam
425 1861 437 1887 7
449 1870 457 1886 ι
484 1860 634 1888 Prudenter
652 1868 735 1895 porro
752 1860 871 1891 adverte,
893 1860 968 1894 quod

180 1906 246 1933 illud
277 1907 329 1933 iiii
348 1915 431 1941 regno
461 1908 607 1939 caelorum,
625 1916 634 1932 ι
662 1914 712 1934 nec
740 1907 907 1942 cogebantur
925 1905 968 1932 in-

180 1953 301 1986 telligere
322 1957 416 1980 contra
433 1961 543 1980 sensum
560 1954 661 1988 cuique
675 1953 784 1979 obvium
799 1957 826 1979 et
842 1952 968 1987 agnitum

180 1997 298 2030 cunctis,
313 2003 360 2024 aut
389 1998 415 2023 in
442 1998 526 2024 alium
548 2002 648 2032 pneter
679 2005 792 2031 scopum
813 1997 838 2023 vi
856 2001 965 2031 pertra-

179 2043 267 2074 here;
298 2051 348 2070 nec
374 2043 446 2070 illam
467 2051 573 2075 vocem,
597 2043 720 2069 minimus
740 2063 747 2073 ,
774 2042 969 2069 additamentis

180 2088 343 2123 quibusdam
358 2089 606 2123 scriipulosioribus
620 2089 652 2115 ad
668 2088 868 2116 Confessionem
881 2088 966 2120 illitis,

183 2143 193 2159 α
210 2133 297 2167 major
314 2134 340 2160 in
360 2134 429 2160 natis
446 2134 606 2165 mulierum,
621 2143 630 2159 ι
659 2139 814 2160 auncctcre.
833 2133 968 2160 Tantum-

181 2179 263 2206 modo
280 2179 393 2214 lignriim
406 2180 440 2206 ab
454 2180 532 2206 initio
546 2179 706 2212 adhibitam,
719 2183 844 2212 aptantes
861 2178 893 2204 ad
912 2178 969 2204 for-

1014 264 1077 282 τονα
1100 255 1146 281 τὸν
1181 255 1336 290 Βαπτιστὴν
1360 254 1536 290 ψηφιζόμεθα
1563 254 1673 291 (πολλοῦ
1702 263 1734 289 γε
1752 255 1802 281 καὶ

1015 303 1054 328 δεῖ
1068 300 1077 337 )
1094 308 1102 316 ·
1119 301 1187 328 ἀλλὰ
1205 302 1251 327 καὶ
1271 301 1385 336 κριτῶν,
1402 301 1450 327 καὶ
1464 300 1633 336 νομοθετῶν,
1651 300 1698 327 καὶ
1722 300 1800 334 βασι-

1016 347 1105 379 λέων,
1135 347 1183 374 καὶ
1213 347 1302 374 αὐτῶν
1334 346 1511 381 πατριαρχῶν
1539 346 1802 381 ὔπερανεοτηκέναι,

1014 394 1051 425 ὡς
1059 393 1128 428 αὐτῇ
1141 393 1234 427 σαφῶς
1245 393 1379 428 ἀνεῖπενὴ
1398 393 1535 428 Ἀλήθεια,
1544 392 1733 427 συντιθέμεθα.
1748 392 1803 418 Καὶ

1017 439 1087 474 μάλα
1107 439 1238 470 εἰκότως³
1267 439 1361 474 εἱρκτῇ
1388 437 1437 464 καὶ
1455 437 1539 473 μυρίᾳ
1567 436 1688 463 κακώσει
1713 436 1804 462 συνεί-

1015 493 1078 520 χετο
1091 506 1098 516 ,
1118 484 1168 520 τὴν
1182 484 1228 510 ἐπὶ
1248 484 1355 519 θανάτῳ
1367 483 1534 519 τηρούμενος
1544 492 1551 498 ·
1579 482 1662 517 ἀλλην
1691 481 1779 508 ταῦτα
1790 487 1803 501 ιι

1016 531 1086 566 ὑπὲρ
1108 530 1216 566 θεσμῶν
1243 530 1323 557 θείων
1353 530 1541 565 διακαρτερῶν
1563 528 1694 564 ἄθλησιν·
1719 527 1768 554 καὶ
1791 527 1805 553 ὁ

1016 579 1084 613 προς
1100 577 1146 603 τδν
1165 576 1262 611 Ἀμνδν
1277 576 1324 603 τοῦ
1346 576 1425 607 θεοῦ,
1449 575 1494 601 τὸν
1520 574 1631 609 αἴροντα
1651 573 1701 609 τὴν
1713 573 1804 608 ἁμαρ-

1016 623 1075 650 τίαν
1084 623 1129 649 τοῦ
1139 623 1253 657 κόσμου,
1260 622 1390 656 διάπυρος
1398 621 1472 655 αὐτῷ
1481 619 1562 651 πόθος
1569 620 1619 646 οὒκ
1627 619 1803 654 ἐμαραίνετο·

1018 669 1093 705 ἤνθει
1109 669 1138 695 δὲ
1153 668 1263 704 μᾶλλον,
1277 668 1325 694 καὶ
1351 667 1540 701 διεφιλονείκει
1555 665 1593 700 τῷ
1620 664 1730 699 θανάτῳ
1758 663 1806 690 ἐπὶ

1018 714 1100 741 πλέον
1115 713 1352 748 ἀναζωπυρεῖσθαι
1381 712 1429 739 καὶ
1443 709 1693 742 ἀπαθανατίζεσθαι
1708 717 1717 725 ο
1746 709 1806 735 οὐδ’

1017 761 1098 795 ἔληγε
1113 759 1269 795 κηρύσσων,
1291 758 1339 785 καὶ
1351 758 1433 793 χειρὶ,
1459 757 1508 784 καὶ
1521 756 1642 790 γλώσσῃ.
1657 756 1706 782 καὶ
1728 756 1806 789 πάσῃ

1019 806 1133 841 μεθόδῳ,
1147 805 1192 832 τδν
1212 805 1338 840 οὐράνιον
1351 803 1490 838 Νυμφίον,
1512 802 1617 833 πάντας
1636 805 1649 819 '
1663 800 1806 827 ἐπιποθῶν

1019 851 1093 886 αὑτῷ
1110 850 1289 885 συναρμόσαι,
1309 849 1356 875 καὶ
1373 848 1427 875 τῶν
1443 847 1586 881 νυμφικῶν
1606 846 1750 873 παστάδων
1762 846 1806 871 ὲν-

1019 896 1104 923 θείναι
1117 895 1163 922 τὸν
1179 895 1278 930 ἔρωτα..
1294 893 1372 929 Ἐμοὶ
1384 893 1513 920 δοκεῖκαὶ
1527 892 1632 927 χαίρειν
1642 891 1725 918 αὑτὸν
1736 890 1807 925 προς

1019 942 1049 969 τδ
1064 942 1150 977 ξίφος,
1165 941 1213 968 καὶ
1231 941 1377 976 ἀδημονεῖν
1393 941 1425 975 τῇ
1444 939 1600 974 βραδύτητι,
1615 938 1662 964 καὶ
1677 936 1807 963 σπεύδειν

1021 989 1089 1025 πρὸς
1103 989 1165 1020 τοὺς
1179 989 1208 1014 ὲν
1217 987 1280 1023 ᾅδου
1289 995 1297 1002 ·
1318 987 1362 1013 ἵνα
1372 986 1453 1013 κάκεῖ
1462 985 1553 1021 φθάσῃ
1562 984 1623 1016 τοὺς
1635 983 1743 1016 ἀλλους,
1761 982 1807 1009 τὸν

1021 1033 1245 1070 προσδοκώμενον
1260 1032 1429 1068 ἀνακηρύξαι
1447 1031 1493 1058 καὶ
1511 1028 1806 1065 προευαγγελίσασθαι.

1017 1079 1053 1108 ’Δ
1057 1089 1090 1116 ρα
1095 1081 1145 1107 οὐκ
1151 1078 1295 1114 ἐγκωμίων
1303 1078 1389 1105 ταῦτα
1395 1077 1560 1111 Δεσποτικῆς
1569 1075 1652 1109 ἀξίων
1661 1074 1790 1109 γλώσσης
1797 1081 1806 1106 ς

1021 1127 1103 1154 Ἐὃλε
1107 1135 1139 1153 πε
1150 1126 1181 1153 τὸ
1192 1125 1378 1161 ξίφος,ἐ6).επε
1384 1124 1447 1156 τοὺς
1454 1123 1485 1159 δη
1490 1124 1577 1158 μιους,
1586 1122 1634 1149 καὶ
1641 1121 1690 1156 τὴν
1696 1120 1807 1155 σφαγὴν

1019 1176 1130 1210 κέντρον
1146 1175 1264 1201 ἐποιεῖτο
1277 1172 1324 1200 τοῦ
1338 1170 1505 1199 Δεσποτικοῦ
1521 1170 1645 1204 φίλτρου,
1661 1167 1722 1199 ὅλος
1735 1166 1807 1201 πρὸς

1018 1221 1098 1248 αὑτὸν
1113 1219 1350 1255 ἐπιστρεφόμενος.
1376 1219 1489 1248 Ὄντως,
1512 1225 1522 1241 ‹
1539 1215 1589 1242 οὐκ
1601 1215 1752 1249 ἐγήγερται
1779 1212 1807 1238 ὲν

1019 1268 1157 1302 γεννητοῖς
1173 1265 1310 1300 γυναικῶν
1340 1264 1441 1298 μείζων
1470 1261 1592 1288 Ἰωάννου
1624 1259 1673 1286 τοῦ
1704 1259 1808 1302 Burri.-

1019 1301 1098 1339 στοῦί
1114 1321 1124 1338 ι
1146 1311 1254 1345 ’Ἥψατο
1266 1310 1388 1345 κορυφῆς
1414 1307 1567 1334 Δεσπότου·
1595 1303 1728 1340 ἐκήρυξεν
1752 1301 1808 1329 ἀπὺ

1018 1357 1156 1393 γαστρός·
1183 1358 1319 1392 ἐκήρυσσε
1351 1354 1431 1390 μέχρι
1457 1352 1590 1380 θανάτου·
1613 1350 1740 1376 εἵλκυσεν
1768 1348 1808 1379 εἰς

1021 1392 1165 1439 μετάνοιαν
1179 1401 1291 1436 κόσμονο
1299 1400 1336 1428 ἐῶ
1345 1399 1395 1434 τὴν
1404 1399 1505 1434 ἔρημον
1514 1403 1528 1418 ι
1537 1395 1685 1426 πολιτείαν,
1698 1393 1750 1420 καὶ
1759 1392 1808 1428 τὴν

1019 1448 1218 1475 καταιδέσασαν
1230 1447 1278 1473 καὶ
1289 1446 1352 1477 τοὺς
1361 1444 1554 1479 ἀναισχύντους
1562 1441 1715 1473 Ἰουδαίους,
1724 1440 1810 1473 ὑπερ-

1019 1494 1074 1529 φυῆ
1094 1493 1199 1520 δίαιταν
1213 1493 1259 1519 καὶ
1275 1491 1424 1526 διαγωγὴν,
1439 1490 1486 1516 καὶ
1501 1488 1550 1524 τὴν
1563 1486 1747 1523 ὲμφράξασαν
1759 1485 1809 1512 αὑ-

1019 1541 1074 1566 τῶν
1090 1539 1123 1566 τὰ
1134 1539 1265 1566 ἀπύλωτα
1289 1538 1421 1572 στόματα,
1445 1535 1515 1571 ὑπὲρ
1538 1534 1691 1569 ἄνθρωπον,
1720 1531 1808 1566 ζωήν.

1018 1584 1079 1622 'Ap‘
1094 1585 1124 1612 οὺ
1140 1585 1252 1616 δικαίως
1267 1584 1368 1619 μείζων
1389 1584 1419 1609 ὲν
1432 1581 1570 1616 γεννητοῖς
1584 1578 1743 1611 γυναικῶνς
1765 1576 1811 1612 ἆρ’

1017 1633 1048 1659 οὐ
1068 1633 1128 1658 κατ’
1157 1631 1234 1663 ἀξίαν
1262 1630 1312 1664 τῆς
1335 1629 1502 1662 Δεσποτικῆς
1529 1626 1672 1662 ἁπήλαυσε
1695 1625 1810 1660 φωνῆςς

1017 1677 1080 1713 Ἆρ’
1107 1678 1122 1704 ὁ
1152 1677 1314 1712 μικρότερος
1343 1676 1372 1702 ἐν
1388 1676 1421 1710 τῇ
1453 1673 1577 1709 βασιλεία
1602 1672 1657 1699 τῶν
1684 1671 1812 1706 οὐρανῶν

1019 1723 1119 1758 μείζων
1131 1721 1178 1749 τοῦ
1199 1722 1319 1748 τοιούτου
1343 1720 1433 1753 ὲστίν;
1455 1720 1502 1746 Δεῖ
1528 1718 1684 1753 τοιγαροῦν,
1704 1718 1738 1744 ἐκ
1756 1717 1814 1743 τῶν

1018 1770 1184 1805 εἰρημένων,
1214 1769 1264 1794 οὐκ
1291 1767 1509 1801 ἀποφαινόμενον
1537 1764 1738 1799 ἀναγινώσκειν
1769 1764 1811 1791 τό·

1022 1825 1031 1842 t
1057 1816 1086 1842 Ὀ
1101 1815 1129 1841 δὲ
1161 1814 1323 1850 μικρότερος
1344 1814 1374 1840 ὲν
1397 1813 1430 1848 τῇ
1450 1811 1572 1848 βασιλεία
1603 1811 1658 1837 τῶν
1684 1810 1812 1845 οὐρανῶν

1020 1861 1120 1896 μείζων
1137 1860 1219 1887 αὑτοῦ
1233 1861 1306 1886 ἐστιν
1317 1867 1324 1874 ⁸
1343 1868 1353 1885 ι
1371 1858 1439 1885 ἀλλά
1451 1858 1512 1885 κατ’
1532 1857 1636 1884 ἐκεῖνον
1656 1856 1703 1882 τδν
1723 1856 1813 1882 τύπον

1019 1907 1079 1933 καθ’
1098 1907 1127 1933 ὃν
1151 1907 1366 1940 ἀναγινώσκεται
1395 1904 1442 1931 καὶ
1470 1904 1511 1935 τὸ,
1546 1912 1556 1929 ι
1575 1903 1608 1928 Τί
1619 1901 1748 1937 ἐξήλθετε
1773 1903 1813 1932 εἰς

1019 1952 1068 1988 τὴν
1085 1952 1188 1988 ἔρημον
1205 1953 1268 1978 ἰδεῖν
1286 1961 1294 1984 ;
1315 1951 1437 1986 κάλαμον
1450 1949 1503 1976 ὑπὸ
1529 1949 1630 1984 ἀνέμου
1658 1947 1812 1983 σαλευόμε-

1020 2008 1064 2026 νον
1080 2008 1087 2032 ;
1107 2009 1115 2024 ι
1132 1999 1185 2025 Καὶ
1212 1998 1308 2024 σκόπει
1328 2007 1372 2033 μοι
1401 1995 1529 2028 συνετῶς,
1544 1995 1585 2021 ὅτι
1603 1994 1665 2021 οὔτε
1694 1993 1736 2024 τὸ,
1758 2004 1767 2020 ι
1785 1994 1812 2020 εν

1019 2046 1052 2080 τῇ
1078 2044 1202 2079 βασιλείᾳ
1223 2044 1276 2070 τῶν
1302 2042 1432 2077 οὐρανῶν,
1454 2051 1462 2067 ι
1483 2040 1559 2076 παρὰ
1588 2039 1636 2075 τὴν
1662 2039 1812 2074 πρόχειρον

1020 2091 1066 2117 καὶ
1085 2091 1168 2116 πᾶσιν
1186 2089 1363 2124 ἐγνωσμένην
1377 2088 1509 2119 διάνοιαν,
1528 2085 1746 2121 ἠναγκάσθημεν
1772 2085 1812 2114 εἰς

1020 2137 1082 2164 ἄλλο
1098 2145 1125 2162 τι
1139 2135 1366 2171 περινενοημὲνον
1383 2132 1563 2160 ἐκϐιάσασθαι
1576 2140 1582 2146 “
1615 2130 1676 2158 οὔτε
1694 2131 1737 2162 τὸ,
1764 2139 1811 2164 μι-

1020 2183 1172 2216 κρότερος,
1203 2180 1374 2216 προσθήκαις
1402 2179 1459 2206 τισὶ
1487 2177 1716 2213 περιεργοτέραις
1742 2176 1811 2211 πρὸς

182 2234 253 2254 iram
261 2227 494 2262 qua-stimiariain,
503 2227 541 2254 rei
550 2231 716 2257 monstratm,
728 2226 904 2253 licetmodiim
915 2226 968 2259 epi-

1058 2227 1165 2262 ολογίαν
1179 2227 1237 2258 τοῦ,
1263 2236 1272 2252 ι
1293 2226 1393 2262 μείζων
1421 2227 1450 2251 ἐν
1471 2225 1611 2258 γεννητοῖς
1624 2221 1776 2256 γυναικῶν,
1798 2230 1806 2245 ι

182 2280 257 2301 stone
265 2274 436 2306 excedentes,
446 2274 617 2309 perspicuam
627 2272 738 2300 fecimus
749 2272 966 2306 intelligentiam.

1022 2272 1252 2306 συνδιεπλέξαμεν
1266 2280 1274 2288 ·
1300 2273 1379 2306 μόνον
1401 2270 1430 2296 δὲ
1444 2269 1475 2296 τὸ
1494 2270 1524 2301 ἐξ
1542 2268 1629 2304 ἀρχῆς
1644 2269 1740 2302 σχῆμα
1762 2265 1809 2292 τοῦ

181 2321 324 2354 ).ὁγου,εῑς
341 2321 386 2348 τὺν
415 2321 476 2348 κατ’
503 2321 638 2356 ἐρώτησιν
664 2319 747 2346 τύπον
774 2319 965 2354 ρυθμίσαντες,
996 2319 1046 2355 τὴν
1067 2319 1114 2347 τοῦ
1144 2319 1308 2354 δηλουμένου
1343 2317 1457 2352 σαφῶς,
1475 2317 1499 2343 εἱ
1521 2315 1568 2343 καὶ
1591 2315 1671 2342 πλέον
1705 2313 1723 2348 ἢ
1749 2320 1808 2340 κατ’

181 2367 335 2404 ἐπιστολὴν,
354 2368 567 2403 παρεστήσαμεν
581 2366 695 2393 ἔννοιαν.

237 2425 402 2459 QUESTIO
425 2424 553 2453 CCXXIII
569 2424 664 2460 [CoisL
684 2424 822 2458 CLXVIII,
840 2424 922 2451 Timr.

508 2469 650 2506 omn].

179 2517 213 2544 Si
236 2518 303 2545 Deus
317 2522 355 2545 est
368 2517 474 2551 ubique,
492 2518 620 2552 quomodo
636 2517 790 2552 mysterium
803 2525 855 2552 quo
871 2517 897 2542 in
913 2523 971 2542 mu-

217 2553 291 2579 lieris
307 2558 381 2579 utero
393 2560 505 2584 pm’scns
517 2557 555 2578 est
564 2557 702 2578 accusetur
712 2553 723 2578 ζ’
732 2551 819 2581 Certe,
833 2551 969 2586 inquiunt,

217 2588 286 2623 quod
307 2588 341 2614 sit
360 2595 475 2621 prmsens
492 2588 520 2614 in
536 2587 654 2613 mulieris
675 2591 766 2616 utero,
784 2587 853 2623 sicut
873 2591 896 2613 ct
913 2585 973 2623 ubi-

217 2621 278 2657 que,
292 2623 366 2650 nulla
381 2628 419 2649 est
435 2622 608 2654 reclanialt'o;
623 2629 655 2647 ea:
672 2622 719 2648 illa
732 2626 820 2648 autem
833 2621 917 2648 Deum
934 2621 973 2647 in-

218 2663 359 2684 carnatum
377 2658 468 2691 fuisse,
484 2657 612 2692 quomodo
625 2662 650 2684 et
663 2657 740 2691 quale
757 2658 813 2684 sit?

1277 2419 1446 2447 ΕΡΩΤΗΣῙΣ
1463 2418 1549 2446 ΣΚΓ.

1021 2514 1056 2541 El
1070 2512 1225 2546 παντίὶχου
1253 2511 1285 2538 τὸ
1306 2511 1401 2541 Θεῖον,
1423 2510 1488 2542 πῶς
1519 2507 1728 2546 διᾳβολὴυΐρῦ
1755 2515 1808 2546 [tua

1055 2541 1186 2581 στηρΙοιΪ
1197 2547 1342 2581 γυναικὸς
1355 2546 1454 2580 μήτρᾳ
1469 2541 1622 2581 παρεῖναιέ
1641 2542 1708 2581 Ναὶ,
1721 2541 1808 2576 pavi,

1056 2578 1264 2617 πωῇεῖναιίιὲν
1282 2578 1555 2617 γιῖόίίρὶγυναικὸςἱ
1565 2579 1605 2617 ᾡς
1620 2578 1672 2617 καί
1694 2584 1807 2617 intra]:

1059 2611 1126 2652 κοῦ,
1143 2611 1267 2652 οὺδὲμία
1277 2611 1422 2652 ῥιαϐρλἧ·
1439 2611 1630 2648 σαρκώθῆναι
1642 2613 1676 2639 δὲ
1692 2611 1807 2642 Θεὸνὲξ

1057 2650 1162 2686 αὐτῆς,
1179 2651 1242 2684 πῶς
1257 2650 1321 2678 οἶόν
1336 2651 1367 2678 τέ
1387 2651 1492 2682 Eam;

291 2715 362 2741 Edita
373 2722 386 2740 a
403 2715 464 2741 Maio
479 2716 554 2747 (Nov.
567 2714 629 2741 Coll.
649 2719 666 2741 t.
685 2715 790 2745 lX,‘ltl,
808 2714 873 2745 112).
891 2726 922 2731 —
934 2714 973 2739 De
986 2712 1039 2737 Deo
1051 2711 1145 2743 ubique
1157 2713 1280 2742 praesente
1292 2713 1318 2734 ct
1332 2709 1364 2734 de
1380 2709 1500 2740 mysterio
1517 2707 1702 2732 lnrarnationis.

228 2758 262 2785 I'ii
277 2767 341 2794 ergo
352 2779 361 2793 ,
378 2767 395 2786 ο
409 2760 497 2787 amice
507 2780 515 2792 ,
536 2759 739 2787 accusationem
763 2763 859 2786 contra
875 2761 975 2793 myste-

824 2813 942 2841 VARI/E
965 2810 1168 2840 LECTIONI‘IS.

225 2880 239 2894 ἰ
255 2875 365 2911 ταύτην.
405 2880 419 2894 ν
434 2875 551 2906 πάντως.
608 2881 621 2895 ι
638 2874 750 2909 ἐρήμου.

1065 2755 1180 2787 Οὐκοῦν,
1196 2753 1218 2781 ὦ
1232 2754 1362 2791 βέλτιστε,
1380 2753 1427 2780 καὶ
1442 2753 1522 2785 αὐτὸς
1546 2753 1594 2787 τῆς
1610 2750 1659 2786 μὲν
1677 2749 1745 2776 κατά
1761 2746 1807 2774 τοῦ
