  <div class='ocr_page' id='page_1' title='image "/cluster/home/n/w/nwhite01/storage/ocr_20150623/101/njp.32101077772877/600.png"; bbox 0 0 1874 3070; ppageno 0'>
   <div class='ocr_carea' id='block_1_1' title="bbox 95 159 165 192">
    <p class='ocr_par' dir='ltr' id='par_1_1' title="bbox 95 159 165 192">
     <span class='ocr_line' id='line_1_1' title="bbox 95 159 165 192; baseline 0 0"><span class='ocrx_word' id='word_1_1' title='bbox 95 159 165 192; x_wconf 81' lang='lat' dir='ltr'><strong>1M3</strong></span> 
     </span>
    </p>
   </div>
   <div class='ocr_carea' id='block_1_2' title="bbox 443 156 1380 197">
    <p class='ocr_par' dir='ltr' id='par_1_2' title="bbox 443 156 1380 197">
     <span class='ocr_line' id='line_1_2' title="bbox 443 156 1380 197; baseline 0.003 -7"><span class='ocrx_word' id='word_1_2' title='bbox 443 160 493 191; x_wconf 87' lang='lat' dir='ltr'><strong>AD</strong></span> <span class='ocrx_word' id='word_1_3' title='bbox 518 156 814 190; x_wconf 83' lang='lat' dir='ltr'><strong>AMPHILOCHIUM</strong></span> <span class='ocrx_word' id='word_1_4' title='bbox 839 158 1012 195; x_wconf 64' lang='lat' dir='ltr'><strong>QUESTIO</strong></span> <span class='ocrx_word' id='word_1_5' title='bbox 1034 159 1199 197; x_wconf 81' lang='lat' dir='ltr'><strong>CCXXIII,</strong></span> <span class='ocrx_word' id='word_1_6' title='bbox 1231 161 1380 194; x_wconf 80' lang='lat' dir='ltr'><strong>CCXXIV.</strong></span> 
     </span>
    </p>
   </div>
   <div class='ocr_carea' id='block_1_3' title="bbox 1647 165 1717 200">
    <p class='ocr_par' dir='ltr' id='par_1_3' title="bbox 1647 165 1717 200">
     <span class='ocr_line' id='line_1_3' title="bbox 1647 165 1717 200; baseline 0.029 -2"><span class='ocrx_word' id='word_1_7' title='bbox 1647 165 1717 200; x_wconf 76' lang='lat' dir='ltr'><strong>10M</strong></span> 
     </span>
    </p>
   </div>
   <div class='ocr_carea' id='block_1_4' title="bbox 93 206 848 254">
    <p class='ocr_par' dir='ltr' id='par_1_4' title="bbox 93 206 848 254">
     <span class='ocr_line' id='line_1_4' title="bbox 93 206 848 254; baseline -0.003 -9"><span class='ocrx_word' id='word_1_8' title='bbox 93 218 245 254; x_wconf 76' lang='grc' dir='ltr'><strong>μυστηρίου</strong></span> <span class='ocrx_word' id='word_1_9' title='bbox 270 216 397 252; x_wconf 87' lang='grc' dir='ltr'>διαϐολῆς</span> <span class='ocrx_word' id='word_1_10' title='bbox 412 217 460 244; x_wconf 77' lang='grc' dir='ltr'>καὶ</span> <span class='ocrx_word' id='word_1_11' title='bbox 487 218 561 245; x_wconf 78' lang='grc' dir='ltr'><strong>ἄκων</strong></span> <span class='ocrx_word' id='word_1_12' title='bbox 586 206 698 252; x_wconf 66' lang='grc' dir='ltr'>ἐξέστης</span> <span class='ocrx_word' id='word_1_13' title='bbox 711 224 719 232; x_wconf 87' lang='grc'><strong>·</strong></span> <span class='ocrx_word' id='word_1_14' title='bbox 737 217 848 244; x_wconf 82' lang='grc' dir='ltr'>λανθάνε</span> 
     </span>
    </p>
   </div>
   <div class='ocr_carea' id='block_1_5' title="bbox 936 206 1718 254">
    <p class='ocr_par' dir='ltr' id='par_1_5' title="bbox 936 216 1718 253">
     <span class='ocr_line' id='line_1_5' title="bbox 936 216 1718 253; baseline 0.01 -11"><span class='ocrx_word' id='word_1_15' title='bbox 936 216 1001 243; x_wconf 87' lang='lat' dir='ltr'><strong>rium</strong></span> <span class='ocrx_word' id='word_1_16' title='bbox 1019 216 1120 244; x_wconf 86' lang='lat' dir='ltr'><strong>invitus</strong></span> <span class='ocrx_word' id='word_1_17' title='bbox 1134 216 1287 252; x_wconf 73' lang='lat' dir='ltr'><strong>reliquisti,</strong></span> <span class='ocrx_word' id='word_1_18' title='bbox 1308 222 1335 245; x_wconf 84' lang='lat' dir='ltr'><strong>et</strong></span> <span class='ocrx_word' id='word_1_19' title='bbox 1349 218 1407 253; x_wconf 88' lang='lat' dir='ltr'><strong>ipse</strong></span> <span class='ocrx_word' id='word_1_20' title='bbox 1418 226 1451 246; x_wconf 81' lang='lat' dir='ltr'><strong>ex</strong></span> <span class='ocrx_word' id='word_1_21' title='bbox 1469 219 1582 248; x_wconf 89' lang='lat' dir='ltr'><strong>inimico</strong></span> <span class='ocrx_word' id='word_1_22' title='bbox 1604 221 1631 249; x_wconf 84' lang='lat' dir='ltr'><strong>in</strong></span> <span class='ocrx_word' id='word_1_23' title='bbox 1649 224 1718 250; x_wconf 91' lang='lat' dir='ltr'><strong>ami-</strong></span> 
     </span>
    </p>
   </div>
   <div class='ocr_carea' id='block_1_6' title="bbox 90 262 878 298">
    <p class='ocr_par' dir='ltr' id='par_1_6' title="bbox 90 262 878 298">
     <span class='ocr_line' id='line_1_6' title="bbox 90 262 878 298; baseline -0.003 -6"><span class='ocrx_word' id='word_1_24' title='bbox 90 266 114 292; x_wconf 84' lang='grc' dir='ltr'><strong>δ’</strong></span> <span class='ocrx_word' id='word_1_25' title='bbox 130 265 213 291; x_wconf 80' lang='grc' dir='ltr'>αὑτὸν</span> <span class='ocrx_word' id='word_1_26' title='bbox 240 263 299 291; x_wconf 74' lang='grc' dir='ltr'>ἀντὶ</span> <span class='ocrx_word' id='word_1_27' title='bbox 326 263 456 298; x_wconf 78' lang='grc' dir='ltr'><strong>πολεμίου</strong></span> <span class='ocrx_word' id='word_1_28' title='bbox 478 264 518 295; x_wconf 84' lang='grc' dir='ltr'><strong>είς</strong></span> <span class='ocrx_word' id='word_1_29' title='bbox 543 263 593 298; x_wconf 86' lang='grc' dir='ltr'>τὴν</span> <span class='ocrx_word' id='word_1_30' title='bbox 618 263 673 289; x_wconf 86' lang='grc' dir='ltr'><strong>τῶν</strong></span> <span class='ocrx_word' id='word_1_31' title='bbox 690 262 775 297; x_wconf 85' lang='grc' dir='ltr'>φίλων</span> <span class='ocrx_word' id='word_1_32' title='bbox 801 263 878 296; x_wconf 68' lang='grc' dir='ltr'>τάξιν</span> 
     </span>
    </p>
   </div>
   <div class='ocr_carea' id='block_1_7' title="bbox 92 309 876 347">
    <p class='ocr_par' dir='ltr' id='par_1_7' title="bbox 92 309 876 347">
     <span class='ocr_line' id='line_1_7' title="bbox 92 309 876 347; baseline -0.003 -10"><span class='ocrx_word' id='word_1_33' title='bbox 92 310 274 347; x_wconf 85' lang='grc' dir='ltr'>μεταϐαίνων.</span> <span class='ocrx_word' id='word_1_34' title='bbox 296 311 326 337; x_wconf 84' lang='lat'><strong>&#39;0</strong></span> <span class='ocrx_word' id='word_1_35' title='bbox 342 309 396 345; x_wconf 80' lang='grc' dir='ltr'>γὰρ</span> <span class='ocrx_word' id='word_1_36' title='bbox 415 309 495 343; x_wconf 70' lang='grc' dir='ltr'>ἀφεὶς</span> <span class='ocrx_word' id='word_1_37' title='bbox 514 309 564 344; x_wconf 80' lang='grc' dir='ltr'>μὲν</span> <span class='ocrx_word' id='word_1_38' title='bbox 579 309 629 344; x_wconf 86' lang='grc' dir='ltr'>τὴν</span> <span class='ocrx_word' id='word_1_39' title='bbox 643 309 780 343; x_wconf 78' lang='grc' dir='ltr'>διαϐολὴν,</span> <span class='ocrx_word' id='word_1_40' title='bbox 808 310 876 336; x_wconf 82' lang='grc' dir='ltr'>ἀπό-</span> 
     </span>
    </p>
   </div>
   <div class='ocr_carea' id='block_1_8' title="bbox 89 353 877 393">
    <p class='ocr_par' dir='ltr' id='par_1_8' title="bbox 89 353 877 393">
     <span class='ocr_line' id='line_1_8' title="bbox 89 353 877 393; baseline -0.004 -7"><span class='ocrx_word' id='word_1_41' title='bbox 89 359 172 391; x_wconf 81' lang='grc' dir='ltr'>δειξιν</span> <span class='ocrx_word' id='word_1_42' title='bbox 185 359 214 385; x_wconf 77' lang='grc' dir='ltr'><strong>δὲ</strong></span> <span class='ocrx_word' id='word_1_43' title='bbox 227 358 274 385; x_wconf 81' lang='grc' dir='ltr'><strong>τοῦ</strong></span> <span class='ocrx_word' id='word_1_44' title='bbox 289 358 469 393; x_wconf 81' lang='grc' dir='ltr'><strong>προκειμένου</strong></span> <span class='ocrx_word' id='word_1_45' title='bbox 484 357 583 393; x_wconf 79' lang='grc' dir='ltr'>ζητῶν,</span> <span class='ocrx_word' id='word_1_46' title='bbox 607 357 638 384; x_wconf 78' lang='grc' dir='ltr'>οὐ</span> <span class='ocrx_word' id='word_1_47' title='bbox 653 357 687 384; x_wconf 78' lang='grc' dir='ltr'><strong>δι’</strong></span> <span class='ocrx_word' id='word_1_48' title='bbox 700 353 738 384; x_wconf 83' lang='grc' dir='ltr'>ὧν</span> <span class='ocrx_word' id='word_1_49' title='bbox 764 357 802 393; x_wconf 83' lang='grc' dir='ltr'>μὴ</span> <span class='ocrx_word' id='word_1_50' title='bbox 822 358 877 383; x_wconf 84' lang='grc' dir='ltr'>ἀπ-</span> 
     </span>
    </p>
   </div>
   <div class='ocr_carea' id='block_1_9' title="bbox 89 400 888 439">
    <p class='ocr_par' dir='ltr' id='par_1_9' title="bbox 89 400 888 439">
     <span class='ocr_line' id='line_1_9' title="bbox 89 400 888 439; baseline -0.003 -9"><span class='ocrx_word' id='word_1_51' title='bbox 89 404 185 439; x_wconf 83' lang='grc' dir='ltr'>αχθείη</span> <span class='ocrx_word' id='word_1_52' title='bbox 203 403 253 438; x_wconf 82' lang='grc' dir='ltr'>τῆς</span> <span class='ocrx_word' id='word_1_53' title='bbox 278 403 358 438; x_wconf 77' lang='grc' dir='ltr'>δόξης</span> <span class='ocrx_word' id='word_1_54' title='bbox 371 402 528 438; x_wconf 82' lang='grc' dir='ltr'>φιλονεικεῖ,</span> <span class='ocrx_word' id='word_1_55' title='bbox 544 402 601 429; x_wconf 81' lang='grc' dir='ltr'>ἀλλ’</span> <span class='ocrx_word' id='word_1_56' title='bbox 626 400 667 434; x_wconf 77' lang='grc' dir='ltr'>οἷς</span> <span class='ocrx_word' id='word_1_57' title='bbox 683 402 717 430; x_wconf 81' lang='grc' dir='ltr'>ἂν</span> <span class='ocrx_word' id='word_1_58' title='bbox 732 403 778 430; x_wconf 78' lang='grc' dir='ltr'>καὶ</span> <span class='ocrx_word' id='word_1_59' title='bbox 795 403 888 435; x_wconf 62' lang='grc' dir='ltr'>αὐτὺςκ</span> 
     </span>
    </p>
   </div>
   <div class='ocr_carea' id='block_1_10' title="bbox 87 447 877 484">
    <p class='ocr_par' dir='ltr' id='par_1_10' title="bbox 87 447 877 484">
     <span class='ocr_line' id='line_1_10' title="bbox 87 447 877 484; baseline -0.001 -8"><span class='ocrx_word' id='word_1_60' title='bbox 87 449 191 484; x_wconf 81' lang='grc' dir='ltr'>ταύτην</span> <span class='ocrx_word' id='word_1_61' title='bbox 204 449 396 484; x_wconf 78' lang='grc' dir='ltr'>προσδέξηται.</span> <span class='ocrx_word' id='word_1_62' title='bbox 415 448 512 475; x_wconf 78' lang='grc' dir='ltr'><strong>Καίτοι</strong></span> <span class='ocrx_word' id='word_1_63' title='bbox 531 447 571 483; x_wconf 82' lang='grc' dir='ltr'>τῷ</span> <span class='ocrx_word' id='word_1_64' title='bbox 585 448 654 483; x_wconf 78' lang='grc' dir='ltr'>πρὸς</span> <span class='ocrx_word' id='word_1_65' title='bbox 673 448 760 475; x_wconf 80' lang='grc' dir='ltr'>ταῦτα</span> <span class='ocrx_word' id='word_1_66' title='bbox 787 457 877 484; x_wconf 85' lang='grc' dir='ltr'>παρα-</span> 
     </span>
    </p>
   </div>
   <div class='ocr_carea' id='block_1_11' title="bbox 88 494 875 530">
    <p class='ocr_par' dir='ltr' id='par_1_11' title="bbox 88 494 875 530">
     <span class='ocr_line' id='line_1_11' title="bbox 88 494 875 530; baseline 0 -10"><span class='ocrx_word' id='word_1_67' title='bbox 88 494 295 529; x_wconf 65' lang='grc' dir='ltr'>σκευαζομένῳ,</span> <span class='ocrx_word' id='word_1_68' title='bbox 313 495 393 530; x_wconf 73' lang='grc' dir='ltr'>ἤρκει</span> <span class='ocrx_word' id='word_1_69' title='bbox 409 494 529 521; x_wconf 81' lang='grc' dir='ltr'>συνιέναι</span> <span class='ocrx_word' id='word_1_70' title='bbox 543 494 592 529; x_wconf 83' lang='grc' dir='ltr'><strong>τὴν</strong></span> <span class='ocrx_word' id='word_1_71' title='bbox 617 494 745 529; x_wconf 82' lang='grc' dir='ltr'>ἀλήθειαν</span> <span class='ocrx_word' id='word_1_72' title='bbox 770 494 875 530; x_wconf 81' lang='grc' dir='ltr'>καθάρ-</span> 
     </span>
    </p>
   </div>
   <div class='ocr_carea' id='block_1_12' title="bbox 88 537 876 576">
    <p class='ocr_par' dir='ltr' id='par_1_12' title="bbox 88 537 876 576">
     <span class='ocr_line' id='line_1_12' title="bbox 88 537 876 576; baseline 0.003 -10"><span class='ocrx_word' id='word_1_73' title='bbox 88 548 144 566; x_wconf 83' lang='grc' dir='ltr'>σιον</span> <span class='ocrx_word' id='word_1_74' title='bbox 161 540 211 575; x_wconf 82' lang='grc' dir='ltr'>τῆς</span> <span class='ocrx_word' id='word_1_75' title='bbox 227 540 356 575; x_wconf 80' lang='grc' dir='ltr'>διαϐολῆς</span> <span class='ocrx_word' id='word_1_76' title='bbox 374 540 422 567; x_wconf 84' lang='grc' dir='ltr'>τοῦ</span> <span class='ocrx_word' id='word_1_77' title='bbox 440 540 645 575; x_wconf 83' lang='grc' dir='ltr'>προϐλήματος.</span> <span class='ocrx_word' id='word_1_78' title='bbox 658 540 697 567; x_wconf 77' lang='grc' dir='ltr'><strong>Δι’</strong></span> <span class='ocrx_word' id='word_1_79' title='bbox 710 537 748 568; x_wconf 82' lang='grc' dir='ltr'><strong>ὧν</strong></span> <span class='ocrx_word' id='word_1_80' title='bbox 761 540 816 576; x_wconf 89' lang='grc' dir='ltr'><strong>γάρ</strong></span> <span class='ocrx_word' id='word_1_81' title='bbox 831 549 876 573; x_wconf 82' lang='grc' dir='ltr'><strong>τις</strong></span> 
     </span>
    </p>
   </div>
   <div class='ocr_carea' id='block_1_13' title="bbox 85 585 877 622">
    <p class='ocr_par' dir='ltr' id='par_1_13' title="bbox 85 585 877 622">
     <span class='ocr_line' id='line_1_13' title="bbox 85 585 877 622; baseline 0.001 -10"><span class='ocrx_word' id='word_1_82' title='bbox 85 586 124 617; x_wconf 84' lang='grc' dir='ltr'>ὼς</span> <span class='ocrx_word' id='word_1_83' title='bbox 136 587 239 613; x_wconf 78' lang='grc' dir='ltr'>ἄτοπον</span> <span class='ocrx_word' id='word_1_84' title='bbox 256 585 364 621; x_wconf 83' lang='grc' dir='ltr'>φεύγει,</span> <span class='ocrx_word' id='word_1_85' title='bbox 382 587 406 613; x_wconf 82' lang='grc' dir='ltr'><strong>εί</strong></span> <span class='ocrx_word' id='word_1_86' title='bbox 418 586 497 613; x_wconf 81' lang='grc' dir='ltr'>τοῦτο</span> <span class='ocrx_word' id='word_1_87' title='bbox 527 586 631 612; x_wconf 75' lang='grc' dir='ltr'>κατίδοι</span> <span class='ocrx_word' id='word_1_88' title='bbox 658 586 695 622; x_wconf 81' lang='grc' dir='ltr'>μὴ</span> <span class='ocrx_word' id='word_1_89' title='bbox 725 586 805 621; x_wconf 80' lang='grc' dir='ltr'>μόνον</span> <span class='ocrx_word' id='word_1_90' title='bbox 822 594 877 622; x_wconf 83' lang='grc' dir='ltr'>μη·</span> 
     </span>
    </p>
   </div>
   <div class='ocr_carea' id='block_1_14' title="bbox 85 631 874 667">
    <p class='ocr_par' dir='ltr' id='par_1_14' title="bbox 85 631 874 667">
     <span class='ocr_line' id='line_1_14' title="bbox 85 631 874 667; baseline 0.001 -8"><span class='ocrx_word' id='word_1_91' title='bbox 85 631 184 666; x_wconf 80' lang='grc' dir='ltr'>δεμίαν</span> <span class='ocrx_word' id='word_1_92' title='bbox 212 631 274 667; x_wconf 78' lang='grc' dir='ltr'>ἔχον</span> <span class='ocrx_word' id='word_1_93' title='bbox 302 632 438 665; x_wconf 78' lang='grc' dir='ltr'>ἀτοπίαν,</span> <span class='ocrx_word' id='word_1_94' title='bbox 460 632 531 660; x_wconf 80' lang='grc' dir='ltr'>ἀλλὰ</span> <span class='ocrx_word' id='word_1_95' title='bbox 549 632 598 660; x_wconf 78' lang='grc' dir='ltr'><strong>καὶ</strong></span> <span class='ocrx_word' id='word_1_96' title='bbox 617 633 697 666; x_wconf 82' lang='grc' dir='ltr'>λόγου</span> <span class='ocrx_word' id='word_1_97' title='bbox 726 633 874 667; x_wconf 77' lang='grc' dir='ltr'>συμϐαῖνον</span> 
     </span>
    </p>
   </div>
   <div class='ocr_carea' id='block_1_15' title="bbox 84 677 873 714">
    <p class='ocr_par' dir='ltr' id='par_1_15' title="bbox 84 677 873 714">
     <span class='ocr_line' id='line_1_15' title="bbox 84 677 873 714; baseline 0.001 -10"><span class='ocrx_word' id='word_1_98' title='bbox 84 678 220 713; x_wconf 78' lang='grc' dir='ltr'>ἀνάγκην,</span> <span class='ocrx_word' id='word_1_99' title='bbox 237 678 295 710; x_wconf 85' lang='grc' dir='ltr'><strong>πῶς</strong></span> <span class='ocrx_word' id='word_1_100' title='bbox 307 677 368 714; x_wconf 78' lang='grc' dir='ltr'>οὐχὶ</span> <span class='ocrx_word' id='word_1_101' title='bbox 383 678 454 714; x_wconf 80' lang='grc' dir='ltr'>μετὰ</span> <span class='ocrx_word' id='word_1_102' title='bbox 468 678 519 714; x_wconf 79' lang='grc' dir='ltr'>τὴν</span> <span class='ocrx_word' id='word_1_103' title='bbox 531 678 668 712; x_wconf 79' lang='grc' dir='ltr'>ἀποϐολὴν</span> <span class='ocrx_word' id='word_1_104' title='bbox 683 679 732 714; x_wconf 82' lang='grc' dir='ltr'>τῆς</span> <span class='ocrx_word' id='word_1_105' title='bbox 745 678 873 714; x_wconf 86' lang='grc' dir='ltr'>διαϐολῆς</span> 
     </span>
    </p>
   </div>
   <div class='ocr_carea' id='block_1_16' title="bbox 83 723 871 760">
    <p class='ocr_par' dir='ltr' id='par_1_16' title="bbox 83 723 871 760">
     <span class='ocr_line' id='line_1_16' title="bbox 83 723 871 760; baseline 0.001 -10"><span class='ocrx_word' id='word_1_106' title='bbox 83 723 133 750; x_wconf 78' lang='grc' dir='ltr'><strong>οὐκ</strong></span> <span class='ocrx_word' id='word_1_107' title='bbox 147 724 252 759; x_wconf 71' lang='grc' dir='ltr'>ὀφείλει</span> <span class='ocrx_word' id='word_1_108' title='bbox 260 724 497 760; x_wconf 74' lang='grc' dir='ltr'><strong>περιπτύσσεσθαι</strong></span> <span class='ocrx_word' id='word_1_109' title='bbox 505 724 600 757; x_wconf 76' lang='grc' dir='ltr'>τοῦτος</span> <span class='ocrx_word' id='word_1_110' title='bbox 611 724 754 751; x_wconf 81' lang='grc' dir='ltr'>’Δδύνατον</span> <span class='ocrx_word' id='word_1_111' title='bbox 767 725 851 760; x_wconf 83' lang='grc' dir='ltr'>ἀρετή</span> <span class='ocrx_word' id='word_1_112' title='bbox 863 733 871 758; x_wconf 92' lang='lat'><strong>;</strong></span> 
     </span>
    </p>
   </div>
   <div class='ocr_carea' id='block_1_17' title="bbox 82 769 872 805">
    <p class='ocr_par' dir='ltr' id='par_1_17' title="bbox 82 769 872 805">
     <span class='ocr_line' id='line_1_17' title="bbox 82 769 872 805; baseline 0.004 -9"><span class='ocrx_word' id='word_1_113' title='bbox 82 769 243 803; x_wconf 70' lang='grc' dir='ltr'>ἀλλ’ῐδειξα</span> <span class='ocrx_word' id='word_1_114' title='bbox 264 770 380 802; x_wconf 79' lang='grc' dir='ltr'>πολλοὺς</span> <span class='ocrx_word' id='word_1_115' title='bbox 404 770 555 805; x_wconf 82' lang='grc' dir='ltr'>μετιόντας.</span> <span class='ocrx_word' id='word_1_116' title='bbox 576 770 682 798; x_wconf 78' lang='grc' dir='ltr'>Οὐκοῦν</span> <span class='ocrx_word' id='word_1_117' title='bbox 707 770 737 797; x_wconf 78' lang='grc' dir='ltr'>τὸ</span> <span class='ocrx_word' id='word_1_118' title='bbox 761 771 872 799; x_wconf 82' lang='grc' dir='ltr'>δυνατὸν</span> 
     </span>
    </p>
   </div>
   <div class='ocr_carea' id='block_1_18' title="bbox 82 815 871 851">
    <p class='ocr_par' dir='ltr' id='par_1_18' title="bbox 82 815 871 851">
     <span class='ocr_line' id='line_1_18' title="bbox 82 815 871 851; baseline 0.003 -9"><span class='ocrx_word' id='word_1_119' title='bbox 82 815 248 851; x_wconf 82' lang='grc' dir='ltr'>ἀντεισήχθη</span> <span class='ocrx_word' id='word_1_120' title='bbox 261 824 270 832; x_wconf 74' lang='grc'><strong><em>⁸</em></strong></span> <span class='ocrx_word' id='word_1_121' title='bbox 281 816 328 843; x_wconf 78' lang='grc' dir='ltr'>καὶ</span> <span class='ocrx_word' id='word_1_122' title='bbox 344 816 390 842; x_wconf 77' lang='grc' dir='ltr'><strong>τὸν</strong></span> <span class='ocrx_word' id='word_1_123' title='bbox 404 816 468 851; x_wconf 83' lang='grc' dir='ltr'>πρὶν</span> <span class='ocrx_word' id='word_1_124' title='bbox 484 816 601 850; x_wconf 80' lang='grc' dir='ltr'>φυγάδα,</span> <span class='ocrx_word' id='word_1_125' title='bbox 613 817 670 843; x_wconf 85' lang='grc' dir='ltr'>νυνὶ</span> <span class='ocrx_word' id='word_1_126' title='bbox 686 816 788 850; x_wconf 81' lang='grc' dir='ltr'>ταύτης</span> <span class='ocrx_word' id='word_1_127' title='bbox 801 815 871 844; x_wconf 82' lang='grc' dir='ltr'>εἶναι</span> 
     </span>
    </p>
   </div>
   <div class='ocr_carea' id='block_1_19' title="bbox 81 862 869 899">
    <p class='ocr_par' dir='ltr' id='par_1_19' title="bbox 81 862 869 899">
     <span class='ocr_line' id='line_1_19' title="bbox 81 862 869 899; baseline 0.001 -11"><span class='ocrx_word' id='word_1_128' title='bbox 81 862 121 889; x_wconf 68' lang='lat' dir='ltr'><strong>ﬁet</strong></span> <span class='ocrx_word' id='word_1_129' title='bbox 130 862 256 896; x_wconf 84' lang='grc' dir='ltr'>πολίτην.</span> <span class='ocrx_word' id='word_1_130' title='bbox 275 862 410 898; x_wconf 81' lang='grc' dir='ltr'>Βλαϐερὸν</span> <span class='ocrx_word' id='word_1_131' title='bbox 426 863 443 898; x_wconf 83' lang='grc' dir='ltr'>ἡ</span> <span class='ocrx_word' id='word_1_132' title='bbox 457 862 572 899; x_wconf 83' lang='grc' dir='ltr'>ἀνδρία;</span> <span class='ocrx_word' id='word_1_133' title='bbox 586 862 654 890; x_wconf 81' lang='grc' dir='ltr'>ἀλλὰ</span> <span class='ocrx_word' id='word_1_134' title='bbox 667 862 822 890; x_wconf 82' lang='grc' dir='ltr'>λυσιτελοῦν</span> <span class='ocrx_word' id='word_1_135' title='bbox 829 863 869 890; x_wconf 79' lang='grc' dir='ltr'><strong>ετ-</strong></span> 
     </span>
    </p>
   </div>
   <div class='ocr_carea' id='block_1_20' title="bbox 80 906 869 943">
    <p class='ocr_par' dir='ltr' id='par_1_20' title="bbox 80 906 869 943">
     <span class='ocr_line' id='line_1_20' title="bbox 80 906 869 943; baseline 0.001 -10"><span class='ocrx_word' id='word_1_136' title='bbox 80 915 132 942; x_wconf 83' lang='grc' dir='ltr'><strong>περ</strong></span> <span class='ocrx_word' id='word_1_137' title='bbox 162 915 190 934; x_wconf 86' lang='grc' dir='ltr'><strong>τι</strong></span> <span class='ocrx_word' id='word_1_138' title='bbox 204 906 269 934; x_wconf 75' lang='grc' dir='ltr'>ἄλλο</span> <span class='ocrx_word' id='word_1_139' title='bbox 299 907 459 942; x_wconf 84' lang='grc' dir='ltr'>παρέστησα</span> <span class='ocrx_word' id='word_1_140' title='bbox 483 908 522 942; x_wconf 86' lang='grc' dir='ltr'><strong>τῷ</strong></span> <span class='ocrx_word' id='word_1_141' title='bbox 547 907 606 943; x_wconf 86' lang='grc' dir='ltr'><strong>βίῳ.</strong></span> <span class='ocrx_word' id='word_1_142' title='bbox 624 908 729 935; x_wconf 80' lang='grc' dir='ltr'>Οὐκοῦν</span> <span class='ocrx_word' id='word_1_143' title='bbox 756 908 869 943; x_wconf 73' lang='grc' dir='ltr'>γέγονεν</span> 
     </span>
    </p>
   </div>
   <div class='ocr_carea' id='block_1_21' title="bbox 80 951 868 988">
    <p class='ocr_par' dir='ltr' id='par_1_21' title="bbox 80 951 868 988">
     <span class='ocr_line' id='line_1_21' title="bbox 80 951 868 988; baseline 0.003 -10"><span class='ocrx_word' id='word_1_144' title='bbox 80 952 197 987; x_wconf 81' lang='grc' dir='ltr'>ὲραστὺν</span> <span class='ocrx_word' id='word_1_145' title='bbox 210 952 261 986; x_wconf 80' lang='grc' dir='ltr'>τὴν</span> <span class='ocrx_word' id='word_1_146' title='bbox 283 951 386 988; x_wconf 81' lang='grc' dir='ltr'>βλάϐην</span> <span class='ocrx_word' id='word_1_147' title='bbox 400 952 450 978; x_wconf 86' lang='grc' dir='ltr'>οὐκ</span> <span class='ocrx_word' id='word_1_148' title='bbox 463 952 535 988; x_wconf 72' lang='grc' dir='ltr'>ἔχον,</span> <span class='ocrx_word' id='word_1_149' title='bbox 555 952 570 979; x_wconf 85' lang='grc' dir='ltr'><strong>ὃ</strong></span> <span class='ocrx_word' id='word_1_150' title='bbox 584 953 699 988; x_wconf 79' lang='grc' dir='ltr'>μισητὸν</span> <span class='ocrx_word' id='word_1_151' title='bbox 714 953 802 980; x_wconf 67' lang='grc' dir='ltr'>ἐδόκει</span> <span class='ocrx_word' id='word_1_152' title='bbox 823 952 868 980; x_wconf 80' lang='grc' dir='ltr'><strong>διὰ</strong></span> 
     </span>
    </p>
   </div>
   <div class='ocr_carea' id='block_1_22' title="bbox 79 997 868 1034">
    <p class='ocr_par' dir='ltr' id='par_1_22' title="bbox 79 997 868 1034">
     <span class='ocr_line' id='line_1_22' title="bbox 79 997 868 1034; baseline 0.003 -11"><span class='ocrx_word' id='word_1_153' title='bbox 79 997 127 1032; x_wconf 81' lang='grc' dir='ltr'><strong>τὴν</strong></span> <span class='ocrx_word' id='word_1_154' title='bbox 143 997 258 1032; x_wconf 80' lang='grc' dir='ltr'>βλάϐην.</span> <span class='ocrx_word' id='word_1_155' title='bbox 279 997 422 1025; x_wconf 81' lang='grc' dir='ltr'>Ἀδύνατον</span> <span class='ocrx_word' id='word_1_156' title='bbox 437 997 504 1024; x_wconf 72' lang='grc' dir='ltr'>Θεὸν</span> <span class='ocrx_word' id='word_1_157' title='bbox 524 997 623 1033; x_wconf 76' lang='grc' dir='ltr'>γαστρὶ</span> <span class='ocrx_word' id='word_1_158' title='bbox 635 998 772 1034; x_wconf 82' lang='grc' dir='ltr'>παρθένου</span> <span class='ocrx_word' id='word_1_159' title='bbox 797 1007 868 1034; x_wconf 84' lang='grc' dir='ltr'>παρ-</span> 
     </span>
    </p>
   </div>
   <div class='ocr_carea' id='block_1_23' title="bbox 78 1043 868 1081">
    <p class='ocr_par' dir='ltr' id='par_1_23' title="bbox 78 1043 868 1081">
     <span class='ocr_line' id='line_1_23' title="bbox 78 1043 868 1081; baseline 0.003 -11"><span class='ocrx_word' id='word_1_160' title='bbox 78 1045 147 1070; x_wconf 77' lang='grc' dir='ltr'>εῖναι</span> <span class='ocrx_word' id='word_1_161' title='bbox 159 1052 168 1076; x_wconf 83' lang='lat'><strong>;</strong></span> <span class='ocrx_word' id='word_1_162' title='bbox 188 1043 419 1079; x_wconf 86' lang='grc' dir='ltr'>Συνωμολόγησας</span> <span class='ocrx_word' id='word_1_163' title='bbox 431 1045 473 1071; x_wconf 77' lang='grc' dir='ltr'>ὅτι</span> <span class='ocrx_word' id='word_1_164' title='bbox 487 1044 588 1080; x_wconf 81' lang='grc' dir='ltr'>μᾶλλον</span> <span class='ocrx_word' id='word_1_165' title='bbox 603 1045 734 1072; x_wconf 85' lang='grc' dir='ltr'>ἀδύνατον</span> <span class='ocrx_word' id='word_1_166' title='bbox 748 1045 785 1081; x_wconf 85' lang='grc' dir='ltr'>μὴ</span> <span class='ocrx_word' id='word_1_167' title='bbox 800 1054 868 1081; x_wconf 88' lang='grc' dir='ltr'>παρ-</span> 
     </span>
    </p>
   </div>
   <div class='ocr_carea' id='block_1_24' title="bbox 78 1089 866 1127">
    <p class='ocr_par' dir='ltr' id='par_1_24' title="bbox 78 1089 866 1127">
     <span class='ocr_line' id='line_1_24' title="bbox 78 1089 866 1127; baseline 0.003 -11"><span class='ocrx_word' id='word_1_168' title='bbox 78 1091 157 1117; x_wconf 78' lang='grc' dir='ltr'>εῖναι,</span> <span class='ocrx_word' id='word_1_169' title='bbox 174 1089 254 1121; x_wconf 84' lang='grc' dir='ltr'>Τίνος</span> <span class='ocrx_word' id='word_1_170' title='bbox 271 1090 363 1117; x_wconf 71' lang='grc' dir='ltr'>λοιπον</span> <span class='ocrx_word' id='word_1_171' title='bbox 378 1091 476 1126; x_wconf 81' lang='grc' dir='ltr'>ἐτέρας</span> <span class='ocrx_word' id='word_1_172' title='bbox 493 1092 668 1126; x_wconf 82' lang='grc' dir='ltr'>κατασκευῆς</span> <span class='ocrx_word' id='word_1_173' title='bbox 684 1091 715 1118; x_wconf 80' lang='grc' dir='ltr'>τὸ</span> <span class='ocrx_word' id='word_1_174' title='bbox 743 1092 866 1127; x_wconf 80' lang='grc' dir='ltr'>προϐλη-</span> 
     </span>
    </p>
   </div>
   <div class='ocr_carea' id='block_1_25' title="bbox 79 1135 866 1172">
    <p class='ocr_par' dir='ltr' id='par_1_25' title="bbox 79 1135 866 1172">
     <span class='ocr_line' id='line_1_25' title="bbox 79 1135 866 1172; baseline 0.004 -10"><span class='ocrx_word' id='word_1_175' title='bbox 79 1135 124 1162; x_wconf 76' lang='grc' dir='ltr'>θὲν</span> <span class='ocrx_word' id='word_1_176' title='bbox 138 1136 227 1162; x_wconf 84' lang='grc' dir='ltr'>δεῖται</span> <span class='ocrx_word' id='word_1_177' title='bbox 239 1135 334 1168; x_wconf 51' lang='lat' dir='ltr'><strong>ram</strong></span> <span class='ocrx_word' id='word_1_178' title='bbox 349 1137 401 1172; x_wconf 84' lang='grc' dir='ltr'><strong>χρή</strong></span> <span class='ocrx_word' id='word_1_179' title='bbox 418 1145 463 1170; x_wconf 80' lang='grc' dir='ltr'>με,</span> <span class='ocrx_word' id='word_1_180' title='bbox 477 1137 555 1172; x_wconf 81' lang='grc' dir='ltr'>φησὶ,</span> <span class='ocrx_word' id='word_1_181' title='bbox 572 1137 668 1171; x_wconf 82' lang='grc' dir='ltr'>μαθεῖν</span> <span class='ocrx_word' id='word_1_182' title='bbox 684 1137 730 1164; x_wconf 80' lang='grc' dir='ltr'>καὶ</span> <span class='ocrx_word' id='word_1_183' title='bbox 742 1137 800 1169; x_wconf 86' lang='grc' dir='ltr'><strong>πῶς</strong></span> <span class='ocrx_word' id='word_1_184' title='bbox 810 1135 866 1165; x_wconf 80' lang='grc' dir='ltr'>οἷόν</span> 
     </span>
    </p>
   </div>
   <div class='ocr_carea' id='block_1_26' title="bbox 77 1181 866 1219">
    <p class='ocr_par' dir='ltr' id='par_1_26' title="bbox 77 1181 866 1219">
     <span class='ocr_line' id='line_1_26' title="bbox 77 1181 866 1219; baseline 0.004 -12"><span class='ocrx_word' id='word_1_185' title='bbox 77 1182 105 1208; x_wconf 78' lang='grc' dir='ltr'><strong>τέ</strong></span> <span class='ocrx_word' id='word_1_186' title='bbox 121 1182 182 1208; x_wconf 81' lang='grc' dir='ltr'>ἐστι</span> <span class='ocrx_word' id='word_1_187' title='bbox 197 1181 382 1216; x_wconf 84' lang='grc' dir='ltr'>σαρκωθῆναι,</span> <span class='ocrx_word' id='word_1_188' title='bbox 401 1182 502 1217; x_wconf 82' lang='grc' dir='ltr'>μᾶλλον</span> <span class='ocrx_word' id='word_1_189' title='bbox 517 1182 546 1209; x_wconf 80' lang='grc' dir='ltr'>δὲ</span> <span class='ocrx_word' id='word_1_190' title='bbox 569 1183 593 1209; x_wconf 83' lang='grc' dir='ltr'>εὶ</span> <span class='ocrx_word' id='word_1_191' title='bbox 612 1183 642 1209; x_wconf 84' lang='grc' dir='ltr'><strong>τὺ</strong></span> <span class='ocrx_word' id='word_1_192' title='bbox 657 1185 785 1218; x_wconf 86' lang='grc' dir='ltr'>παρεῖναι</span> <span class='ocrx_word' id='word_1_193' title='bbox 800 1185 866 1219; x_wconf 77' lang='grc' dir='ltr'>σάρ-</span> 
     </span>
    </p>
   </div>
   <div class='ocr_carea' id='block_1_27' title="bbox 76 1226 865 1264">
    <p class='ocr_par' dir='ltr' id='par_1_27' title="bbox 76 1226 865 1264">
     <span class='ocr_line' id='line_1_27' title="bbox 76 1226 865 1264; baseline 0.004 -12"><span class='ocrx_word' id='word_1_194' title='bbox 76 1234 160 1257; x_wconf 79' lang='grc' dir='ltr'>κωσις</span> <span class='ocrx_word' id='word_1_195' title='bbox 177 1226 246 1253; x_wconf 79' lang='grc' dir='ltr'>θεοῦ</span> <span class='ocrx_word' id='word_1_196' title='bbox 274 1226 325 1254; x_wconf 80' lang='grc' dir='ltr'>οὐκ</span> <span class='ocrx_word' id='word_1_197' title='bbox 350 1227 384 1254; x_wconf 81' lang='grc' dir='ltr'>ἂν</span> <span class='ocrx_word' id='word_1_198' title='bbox 410 1227 520 1261; x_wconf 80' lang='grc' dir='ltr'>φθάνοις</span> <span class='ocrx_word' id='word_1_199' title='bbox 533 1227 633 1259; x_wconf 76' lang='grc' dir='ltr'>παντὸς</span> <span class='ocrx_word' id='word_1_200' title='bbox 659 1227 729 1259; x_wconf 79' lang='grc' dir='ltr'>ζώου</span> <span class='ocrx_word' id='word_1_201' title='bbox 758 1229 865 1264; x_wconf 82' lang='grc' dir='ltr'>μορφὴν</span> 
     </span>
    </p>
   </div>
   <div class='ocr_carea' id='block_1_28' title="bbox 76 1272 863 1308">
    <p class='ocr_par' dir='ltr' id='par_1_28' title="bbox 76 1272 863 1308">
     <span class='ocr_line' id='line_1_28' title="bbox 76 1272 863 1308; baseline 0.004 -11"><span class='ocrx_word' id='word_1_202' title='bbox 76 1272 163 1306; x_wconf 82' lang='grc' dir='ltr'>τούτῳ</span> <span class='ocrx_word' id='word_1_203' title='bbox 175 1272 341 1306; x_wconf 80' lang='grc' dir='ltr'>περιϐαλών.</span> <span class='ocrx_word' id='word_1_204' title='bbox 357 1273 414 1299; x_wconf 82' lang='grc' dir='ltr'><strong>Νῦν</strong></span> <span class='ocrx_word' id='word_1_205' title='bbox 428 1273 521 1300; x_wconf 85' lang='grc' dir='ltr'>οὐκέτι</span> <span class='ocrx_word' id='word_1_206' title='bbox 541 1273 596 1300; x_wconf 86' lang='grc' dir='ltr'><strong>τῶν</strong></span> <span class='ocrx_word' id='word_1_207' title='bbox 622 1273 780 1308; x_wconf 79' lang='grc' dir='ltr'>φιλούντων,</span> <span class='ocrx_word' id='word_1_208' title='bbox 806 1274 863 1301; x_wconf 81' lang='grc' dir='ltr'>ἀλλ’</span> 
     </span>
    </p>
   </div>
   <div class='ocr_carea' id='block_1_29' title="bbox 76 1317 862 1353">
    <p class='ocr_par' dir='ltr' id='par_1_29' title="bbox 76 1317 862 1353">
     <span class='ocr_line' id='line_1_29' title="bbox 76 1317 862 1353; baseline 0.004 -11"><span class='ocrx_word' id='word_1_209' title='bbox 76 1317 114 1348; x_wconf 76' lang='grc' dir='ltr'>εἰς</span> <span class='ocrx_word' id='word_1_210' title='bbox 137 1317 189 1351; x_wconf 78' lang='grc' dir='ltr'>τὴν</span> <span class='ocrx_word' id='word_1_211' title='bbox 216 1317 271 1343; x_wconf 90' lang='grc' dir='ltr'><strong>τῶν</strong></span> <span class='ocrx_word' id='word_1_212' title='bbox 303 1317 439 1352; x_wconf 85' lang='grc' dir='ltr'>πολεμίων</span> <span class='ocrx_word' id='word_1_213' title='bbox 464 1317 545 1344; x_wconf 84' lang='grc' dir='ltr'>πάλιν</span> <span class='ocrx_word' id='word_1_214' title='bbox 569 1317 669 1353; x_wconf 81' lang='grc' dir='ltr'>ἔχθραν</span> <span class='ocrx_word' id='word_1_215' title='bbox 696 1318 862 1353; x_wconf 77' lang='grc' dir='ltr'>ἑπανὴλθες·</span> 
     </span>
    </p>
   </div>
   <div class='ocr_carea' id='block_1_30' title="bbox 76 1360 863 1400">
    <p class='ocr_par' dir='ltr' id='par_1_30' title="bbox 76 1360 863 1400">
     <span class='ocr_line' id='line_1_30' title="bbox 76 1360 863 1400; baseline 0.005 -12"><span class='ocrx_word' id='word_1_216' title='bbox 76 1363 145 1398; x_wconf 79' lang='grc' dir='ltr'>πλὴν</span> <span class='ocrx_word' id='word_1_217' title='bbox 156 1360 199 1394; x_wconf 74' lang='grc' dir='ltr'>οἷς</span> <span class='ocrx_word' id='word_1_218' title='bbox 212 1363 260 1398; x_wconf 81' lang='grc' dir='ltr'>τὴν</span> <span class='ocrx_word' id='word_1_219' title='bbox 275 1360 359 1399; x_wconf 74' lang='grc' dir='ltr'>ἧτταν</span> <span class='ocrx_word' id='word_1_220' title='bbox 374 1363 453 1398; x_wconf 79' lang='grc' dir='ltr'>ἔσχες</span> <span class='ocrx_word' id='word_1_221' title='bbox 467 1364 497 1390; x_wconf 79' lang='grc' dir='ltr'>ἐν</span> <span class='ocrx_word' id='word_1_222' title='bbox 511 1366 567 1396; x_wconf 81' lang='grc' dir='ltr'>τοῖς</span> <span class='ocrx_word' id='word_1_223' title='bbox 583 1364 775 1400; x_wconf 80' lang='grc' dir='ltr'>προλαϐοῦσιν,</span> <span class='ocrx_word' id='word_1_224' title='bbox 801 1365 863 1392; x_wconf 72' lang='grc' dir='ltr'><strong>οὐδὲ</strong></span> 
     </span>
    </p>
   </div>
   <div class='ocr_carea' id='block_1_31' title="bbox 76 1408 863 1446">
    <p class='ocr_par' dir='ltr' id='par_1_31' title="bbox 76 1408 863 1446">
     <span class='ocr_line' id='line_1_31' title="bbox 76 1408 863 1446; baseline 0.004 -13"><span class='ocrx_word' id='word_1_225' title='bbox 76 1408 103 1433; x_wconf 84' lang='grc' dir='ltr'>ὲν</span> <span class='ocrx_word' id='word_1_226' title='bbox 117 1408 224 1440; x_wconf 82' lang='grc' dir='ltr'>τούτοις</span> <span class='ocrx_word' id='word_1_227' title='bbox 247 1417 289 1435; x_wconf 82' lang='grc' dir='ltr'><strong>σοι</strong></span> <span class='ocrx_word' id='word_1_228' title='bbox 303 1409 334 1435; x_wconf 85' lang='grc' dir='ltr'>τὸ</span> <span class='ocrx_word' id='word_1_229' title='bbox 352 1409 389 1444; x_wconf 86' lang='grc' dir='ltr'>μὴ</span> <span class='ocrx_word' id='word_1_230' title='bbox 411 1411 505 1436; x_wconf 83' lang='grc' dir='ltr'>πεσεῖν</span> <span class='ocrx_word' id='word_1_231' title='bbox 527 1410 603 1436; x_wconf 80' lang='grc' dir='ltr'>ἔσται</span> <span class='ocrx_word' id='word_1_232' title='bbox 629 1410 863 1446; x_wconf 76' lang='grc' dir='ltr'>παραταττομένῳ</span> 
     </span>
    </p>
   </div>
   <div class='ocr_carea' id='block_1_32' title="bbox 76 1454 862 1491">
    <p class='ocr_par' dir='ltr' id='par_1_32' title="bbox 76 1454 862 1491">
     <span class='ocr_line' id='line_1_32' title="bbox 76 1454 862 1491; baseline 0.004 -11"><span class='ocrx_word' id='word_1_233' title='bbox 76 1454 144 1480; x_wconf 77' lang='grc' dir='ltr'>κατά</span> <span class='ocrx_word' id='word_1_234' title='bbox 160 1454 211 1487; x_wconf 81' lang='grc' dir='ltr'>τῆς</span> <span class='ocrx_word' id='word_1_235' title='bbox 223 1454 353 1488; x_wconf 81' lang='grc' dir='ltr'>ἀληθείας</span> <span class='ocrx_word' id='word_1_236' title='bbox 368 1463 375 1470; x_wconf 76' lang='grc'><strong>⁸</strong></span> <span class='ocrx_word' id='word_1_237' title='bbox 392 1455 439 1481; x_wconf 82' lang='grc' dir='ltr'>καί</span> <span class='ocrx_word' id='word_1_238' title='bbox 460 1464 492 1489; x_wconf 86' lang='grc' dir='ltr'><strong>γε</strong></span> <span class='ocrx_word' id='word_1_239' title='bbox 507 1455 575 1490; x_wconf 75' lang='grc' dir='ltr'>πρὸς</span> <span class='ocrx_word' id='word_1_240' title='bbox 591 1455 638 1482; x_wconf 82' lang='grc' dir='ltr'>τὸν</span> <span class='ocrx_word' id='word_1_241' title='bbox 663 1456 862 1491; x_wconf 75' lang='grc' dir='ltr'>ἀκροϐολισμὸν</span> 
     </span>
    </p>
   </div>
   <div class='ocr_carea' id='block_1_33' title="bbox 75 1498 862 1536">
    <p class='ocr_par' dir='ltr' id='par_1_33' title="bbox 75 1498 862 1536">
     <span class='ocr_line' id='line_1_33' title="bbox 75 1498 862 1536; baseline 0.004 -12"><span class='ocrx_word' id='word_1_242' title='bbox 75 1498 244 1534; x_wconf 80' lang='grc' dir='ltr'>διανάστηθι.</span> <span class='ocrx_word' id='word_1_243' title='bbox 276 1500 353 1525; x_wconf 85' lang='grc' dir='ltr'>Ἔστι</span> <span class='ocrx_word' id='word_1_244' title='bbox 378 1508 420 1531; x_wconf 80' lang='grc' dir='ltr'><strong>τις</strong></span> <span class='ocrx_word' id='word_1_245' title='bbox 450 1499 602 1533; x_wconf 81' lang='grc' dir='ltr'>ἀνθρώπων</span> <span class='ocrx_word' id='word_1_246' title='bbox 623 1500 737 1535; x_wconf 83' lang='grc' dir='ltr'>πρόνοια</span> <span class='ocrx_word' id='word_1_247' title='bbox 762 1501 862 1536; x_wconf 84' lang='grc' dir='ltr'>μᾶλλον</span> 
     </span>
    </p>
   </div>
   <div class='ocr_carea' id='block_1_34' title="bbox 74 1544 861 1580">
    <p class='ocr_par' dir='ltr' id='par_1_34' title="bbox 74 1544 861 1580">
     <span class='ocr_line' id='line_1_34' title="bbox 74 1544 861 1580; baseline 0.004 -10"><span class='ocrx_word' id='word_1_248' title='bbox 74 1544 161 1580; x_wconf 81' lang='grc' dir='ltr'><strong>Θεῷἢ</strong></span> <span class='ocrx_word' id='word_1_249' title='bbox 187 1544 241 1571; x_wconf 88' lang='grc' dir='ltr'><strong>τῶν</strong></span> <span class='ocrx_word' id='word_1_250' title='bbox 262 1544 397 1579; x_wconf 80' lang='grc' dir='ltr'>ἀγελαίων</span> <span class='ocrx_word' id='word_1_251' title='bbox 422 1545 516 1577; x_wconf 62' lang='lat' dir='ltr'><strong>(diem;</strong></span> <span class='ocrx_word' id='word_1_252' title='bbox 544 1545 600 1572; x_wconf 80' lang='grc' dir='ltr'><strong>Οὐκ</strong></span> <span class='ocrx_word' id='word_1_253' title='bbox 622 1545 655 1572; x_wconf 81' lang='grc' dir='ltr'>ἂν</span> <span class='ocrx_word' id='word_1_254' title='bbox 675 1547 790 1580; x_wconf 73' lang='grc' dir='ltr'>φήσειςν</span> <span class='ocrx_word' id='word_1_255' title='bbox 815 1547 861 1573; x_wconf 83' lang='grc' dir='ltr'><strong>καὶ</strong></span> 
     </span>
    </p>
   </div>
   <div class='ocr_carea' id='block_1_35' title="bbox 75 1588 861 1627">
    <p class='ocr_par' dir='ltr' id='par_1_35' title="bbox 75 1588 861 1627">
     <span class='ocr_line' id='line_1_35' title="bbox 75 1588 861 1627; baseline 0.005 -12"><span class='ocrx_word' id='word_1_256' title='bbox 75 1589 125 1624; x_wconf 73' lang='grc' dir='ltr'><strong>γὰρ</strong></span> <span class='ocrx_word' id='word_1_257' title='bbox 140 1589 190 1616; x_wconf 80' lang='grc' dir='ltr'><strong>καὶ</strong></span> <span class='ocrx_word' id='word_1_258' title='bbox 210 1588 314 1615; x_wconf 79' lang='grc' dir='ltr'>τούτων</span> <span class='ocrx_word' id='word_1_259' title='bbox 331 1590 347 1625; x_wconf 87' lang='grc' dir='ltr'><strong>ἡ</strong></span> <span class='ocrx_word' id='word_1_260' title='bbox 366 1589 531 1625; x_wconf 77' lang='grc' dir='ltr'>δημιουργία</span> <span class='ocrx_word' id='word_1_261' title='bbox 551 1591 598 1616; x_wconf 78' lang='grc' dir='ltr'><strong>καὶ</strong></span> <span class='ocrx_word' id='word_1_262' title='bbox 626 1591 642 1624; x_wconf 85' lang='grc' dir='ltr'><strong>ἡ</strong></span> <span class='ocrx_word' id='word_1_263' title='bbox 674 1592 787 1627; x_wconf 75' lang='grc' dir='ltr'>πρόνοια</span> <span class='ocrx_word' id='word_1_264' title='bbox 817 1591 861 1619; x_wconf 80' lang='grc' dir='ltr'><strong>διὰ</strong></span> 
     </span>
    </p>
   </div>
   <div class='ocr_carea' id='block_1_36' title="bbox 74 1633 862 1671">
    <p class='ocr_par' dir='ltr' id='par_1_36' title="bbox 74 1633 862 1671">
     <span class='ocr_line' id='line_1_36' title="bbox 74 1633 862 1671; baseline 0.006 -12"><span class='ocrx_word' id='word_1_265' title='bbox 74 1633 120 1669; x_wconf 83' lang='grc' dir='ltr'>τὴν</span> <span class='ocrx_word' id='word_1_266' title='bbox 135 1633 193 1660; x_wconf 88' lang='grc' dir='ltr'><strong>τῶν</strong></span> <span class='ocrx_word' id='word_1_267' title='bbox 209 1633 361 1670; x_wconf 81' lang='grc' dir='ltr'>ἀνθρώπων</span> <span class='ocrx_word' id='word_1_268' title='bbox 375 1635 479 1670; x_wconf 81' lang='grc' dir='ltr'>χρείαν.</span> <span class='ocrx_word' id='word_1_269' title='bbox 498 1635 602 1662; x_wconf 84' lang='grc' dir='ltr'>Οὐκοῦν</span> <span class='ocrx_word' id='word_1_270' title='bbox 622 1635 683 1662; x_wconf 72' lang='grc' dir='ltr'><strong>οὐδὲ</strong></span> <span class='ocrx_word' id='word_1_271' title='bbox 707 1636 809 1671; x_wconf 79' lang='grc' dir='ltr'>ὁμοίως</span> <span class='ocrx_word' id='word_1_272' title='bbox 832 1637 862 1664; x_wconf 82' lang='grc' dir='ltr'>ὲν</span> 
     </span>
    </p>
   </div>
   <div class='ocr_carea' id='block_1_37' title="bbox 74 1679 862 1718">
    <p class='ocr_par' dir='ltr' id='par_1_37' title="bbox 74 1679 862 1718">
     <span class='ocr_line' id='line_1_37' title="bbox 74 1679 862 1718; baseline 0.005 -13"><span class='ocrx_word' id='word_1_273' title='bbox 74 1679 228 1715; x_wconf 81' lang='grc' dir='ltr'>ἀνθρώποις</span> <span class='ocrx_word' id='word_1_274' title='bbox 240 1688 269 1706; x_wconf 88' lang='grc' dir='ltr'><strong>τε</strong></span> <span class='ocrx_word' id='word_1_275' title='bbox 279 1679 326 1706; x_wconf 68' lang='grc' dir='ltr'>καὶ</span> <span class='ocrx_word' id='word_1_276' title='bbox 339 1681 395 1711; x_wconf 84' lang='grc' dir='ltr'>τοῖς</span> <span class='ocrx_word' id='word_1_277' title='bbox 408 1680 500 1712; x_wconf 83' lang='grc' dir='ltr'>ἄλλοις</span> <span class='ocrx_word' id='word_1_278' title='bbox 517 1680 597 1712; x_wconf 80' lang='grc' dir='ltr'>ζώοις</span> <span class='ocrx_word' id='word_1_279' title='bbox 615 1682 630 1716; x_wconf 87' lang='grc' dir='ltr'>ὴ</span> <span class='ocrx_word' id='word_1_280' title='bbox 642 1681 688 1708; x_wconf 80' lang='grc' dir='ltr'>τοῦ</span> <span class='ocrx_word' id='word_1_281' title='bbox 705 1682 777 1709; x_wconf 80' lang='grc' dir='ltr'>θείου</span> <span class='ocrx_word' id='word_1_282' title='bbox 790 1691 862 1718; x_wconf 87' lang='grc' dir='ltr'>παρ-</span> 
     </span>
    </p>
   </div>
   <div class='ocr_carea' id='block_1_38' title="bbox 73 1726 860 1763">
    <p class='ocr_par' dir='ltr' id='par_1_38' title="bbox 73 1726 860 1763">
     <span class='ocr_line' id='line_1_38' title="bbox 73 1726 860 1763; baseline 0.005 -11"><span class='ocrx_word' id='word_1_283' title='bbox 73 1726 159 1753; x_wconf 67' lang='grc' dir='ltr'>οὐσία.</span> <span class='ocrx_word' id='word_1_284' title='bbox 184 1727 232 1753; x_wconf 84' lang='grc' dir='ltr'>Ἐν</span> <span class='ocrx_word' id='word_1_285' title='bbox 248 1726 301 1761; x_wconf 74' lang='grc' dir='ltr'><strong>γὰρ</strong></span> <span class='ocrx_word' id='word_1_286' title='bbox 318 1726 347 1753; x_wconf 81' lang='grc' dir='ltr'>ὃν</span> <span class='ocrx_word' id='word_1_287' title='bbox 364 1727 410 1753; x_wconf 83' lang='grc' dir='ltr'>καὶ</span> <span class='ocrx_word' id='word_1_288' title='bbox 422 1726 602 1762; x_wconf 77' lang='grc' dir='ltr'>ἀπληθὺντως</span> <span class='ocrx_word' id='word_1_289' title='bbox 615 1727 799 1763; x_wconf 78' lang='grc' dir='ltr'>πληθύνεσθαι</span> <span class='ocrx_word' id='word_1_290' title='bbox 817 1729 860 1756; x_wconf 81' lang='grc' dir='ltr'><strong>λέ-</strong></span> 
     </span>
    </p>
   </div>
   <div class='ocr_carea' id='block_1_39' title="bbox 73 1772 860 1810">
    <p class='ocr_par' dir='ltr' id='par_1_39' title="bbox 73 1772 860 1810">
     <span class='ocr_line' id='line_1_39' title="bbox 73 1772 860 1810; baseline 0.001 -12"><span class='ocrx_word' id='word_1_291' title='bbox 73 1780 165 1805; x_wconf 83' lang='grc' dir='ltr'>γεται·</span> <span class='ocrx_word' id='word_1_292' title='bbox 182 1772 253 1799; x_wconf 83' lang='grc' dir='ltr'>ὥστε</span> <span class='ocrx_word' id='word_1_293' title='bbox 269 1782 310 1800; x_wconf 84' lang='grc' dir='ltr'><strong>σοι</strong></span> <span class='ocrx_word' id='word_1_294' title='bbox 327 1774 356 1799; x_wconf 85' lang='grc' dir='ltr'><strong>αι</strong></span> <span class='ocrx_word' id='word_1_295' title='bbox 376 1773 473 1800; x_wconf 78' lang='grc' dir='ltr'>πολλαὶ</span> <span class='ocrx_word' id='word_1_296' title='bbox 490 1774 593 1809; x_wconf 77' lang='grc' dir='ltr'>μορφαὶ</span> <span class='ocrx_word' id='word_1_297' title='bbox 618 1775 658 1806; x_wconf 87' lang='grc' dir='ltr'><strong>είς</strong></span> <span class='ocrx_word' id='word_1_298' title='bbox 687 1774 751 1810; x_wconf 85' lang='grc' dir='ltr'>μίαν</span> <span class='ocrx_word' id='word_1_299' title='bbox 776 1774 860 1809; x_wconf 77' lang='grc' dir='ltr'>μόνην</span> 
     </span>
    </p>
   </div>
   <div class='ocr_carea' id='block_1_40' title="bbox 73 1821 860 1858">
    <p class='ocr_par' dir='ltr' id='par_1_40' title="bbox 73 1821 860 1858">
     <span class='ocr_line' id='line_1_40' title="bbox 73 1821 860 1858; baseline 0.001 -11"><span class='ocrx_word' id='word_1_300' title='bbox 73 1821 120 1854; x_wconf 81' lang='grc' dir='ltr'>τὴν</span> <span class='ocrx_word' id='word_1_301' title='bbox 141 1821 294 1856; x_wconf 76' lang='grc' dir='ltr'>ἀνθρώπων</span> <span class='ocrx_word' id='word_1_302' title='bbox 317 1822 514 1858; x_wconf 78' lang='grc' dir='ltr'>διηλὰσθησαν.</span> <span class='ocrx_word' id='word_1_303' title='bbox 544 1822 626 1858; x_wconf 80' lang='grc' dir='ltr'>Ὁρᾷς</span> <span class='ocrx_word' id='word_1_304' title='bbox 646 1823 719 1854; x_wconf 82' lang='grc' dir='ltr'>ὅπως</span> <span class='ocrx_word' id='word_1_305' title='bbox 739 1822 860 1858; x_wconf 69' lang='grc' dir='ltr'>εὐχερῶς</span> 
     </span>
    </p>
   </div>
   <div class='ocr_carea' id='block_1_41' title="bbox 72 1867 856 1905">
    <p class='ocr_par' dir='ltr' id='par_1_41' title="bbox 72 1867 856 1905">
     <span class='ocr_line' id='line_1_41' title="bbox 72 1867 856 1905; baseline 0 -11"><span class='ocrx_word' id='word_1_306' title='bbox 72 1867 86 1894; x_wconf 74' lang='grc' dir='ltr'>ὁ</span> <span class='ocrx_word' id='word_1_307' title='bbox 99 1869 145 1903; x_wconf 85' lang='grc' dir='ltr'>τῆς</span> <span class='ocrx_word' id='word_1_308' title='bbox 159 1868 290 1901; x_wconf 82' lang='grc' dir='ltr'>ἀπιστῑας</span> <span class='ocrx_word' id='word_1_309' title='bbox 307 1869 473 1896; x_wconf 83' lang='grc' dir='ltr'>καταπίπτει</span> <span class='ocrx_word' id='word_1_310' title='bbox 491 1869 644 1905; x_wconf 85' lang='grc' dir='ltr'>πρόμαχος.</span> <span class='ocrx_word' id='word_1_311' title='bbox 660 1869 715 1895; x_wconf 72' lang='grc' dir='ltr'><strong>Καὶ</strong></span> <span class='ocrx_word' id='word_1_312' title='bbox 724 1869 750 1895; x_wconf 82' lang='grc' dir='ltr'><strong>τί</strong></span> <span class='ocrx_word' id='word_1_313' title='bbox 768 1868 856 1902; x_wconf 75' lang='grc' dir='ltr'>τοῦτος</span> 
     </span>
    </p>
   </div>
   <div class='ocr_carea' id='block_1_42' title="bbox 73 1915 858 1951">
    <p class='ocr_par' dir='ltr' id='par_1_42' title="bbox 73 1915 858 1951">
     <span class='ocr_line' id='line_1_42' title="bbox 73 1915 858 1951; baseline 0.001 -10"><span class='ocrx_word' id='word_1_314' title='bbox 73 1915 169 1950; x_wconf 82' lang='grc' dir='ltr'>φησιν·</span> <span class='ocrx_word' id='word_1_315' title='bbox 185 1915 217 1942; x_wconf 74' lang='grc' dir='ltr'><strong>Εἰ</strong></span> <span class='ocrx_word' id='word_1_316' title='bbox 232 1916 286 1950; x_wconf 81' lang='grc' dir='ltr'>γὰρ</span> <span class='ocrx_word' id='word_1_317' title='bbox 303 1915 416 1943; x_wconf 77' lang='grc' dir='ltr'>καὶτῶν</span> <span class='ocrx_word' id='word_1_318' title='bbox 430 1916 517 1943; x_wconf 77' lang='grc' dir='ltr'>ἄλλων</span> <span class='ocrx_word' id='word_1_319' title='bbox 539 1915 615 1949; x_wconf 80' lang='grc' dir='ltr'><strong>ζώων</strong></span> <span class='ocrx_word' id='word_1_320' title='bbox 639 1916 689 1948; x_wconf 82' lang='grc' dir='ltr'><strong>τὰς</strong></span> <span class='ocrx_word' id='word_1_321' title='bbox 710 1915 817 1951; x_wconf 72' lang='grc' dir='ltr'>μορφὰς</span> <span class='ocrx_word' id='word_1_322' title='bbox 844 1916 858 1942; x_wconf 81' lang='grc' dir='ltr'>ὁ</span> 
     </span>
    </p>
   </div>
   <div class='ocr_carea' id='block_1_43' title="bbox 72 1960 858 1997">
    <p class='ocr_par' dir='ltr' id='par_1_43' title="bbox 72 1960 858 1997">
     <span class='ocr_line' id='line_1_43' title="bbox 72 1960 858 1997; baseline 0.003 -11"><span class='ocrx_word' id='word_1_323' title='bbox 72 1960 154 1994; x_wconf 72' lang='grc' dir='ltr'>Λόγος</span> <span class='ocrx_word' id='word_1_324' title='bbox 169 1960 350 1995; x_wconf 80' lang='grc' dir='ltr'>ὑπεξέφυγεν,</span> <span class='ocrx_word' id='word_1_325' title='bbox 370 1961 428 1988; x_wconf 79' lang='grc' dir='ltr'>ἀλλ’</span> <span class='ocrx_word' id='word_1_326' title='bbox 443 1961 489 1988; x_wconf 86' lang='grc' dir='ltr'>οὖν</span> <span class='ocrx_word' id='word_1_327' title='bbox 503 1961 534 1988; x_wconf 84' lang='grc' dir='ltr'>τὸ</span> <span class='ocrx_word' id='word_1_328' title='bbox 549 1961 586 1997; x_wconf 84' lang='grc' dir='ltr'>μὴ</span> <span class='ocrx_word' id='word_1_329' title='bbox 602 1962 655 1988; x_wconf 75' lang='grc' dir='ltr'>ἀπὸ</span> <span class='ocrx_word' id='word_1_330' title='bbox 674 1963 738 1996; x_wconf 77' lang='grc' dir='ltr'>μιᾶς</span> <span class='ocrx_word' id='word_1_331' title='bbox 758 1961 858 1997; x_wconf 80' lang='grc' dir='ltr'>παρθέ-</span> 
     </span>
    </p>
   </div>
   <div class='ocr_carea' id='block_1_44' title="bbox 72 2006 858 2043">
    <p class='ocr_par' dir='ltr' id='par_1_44' title="bbox 72 2006 858 2043">
     <span class='ocr_line' id='line_1_44' title="bbox 72 2006 858 2043; baseline 0.003 -11"><span class='ocrx_word' id='word_1_332' title='bbox 72 2013 125 2038; x_wconf 72' lang='grc' dir='ltr'>νου,</span> <span class='ocrx_word' id='word_1_333' title='bbox 146 2006 207 2033; x_wconf 85' lang='grc' dir='ltr'>ἀλλ’</span> <span class='ocrx_word' id='word_1_334' title='bbox 220 2007 253 2033; x_wconf 82' lang='grc' dir='ltr'><strong>ὲκ</strong></span> <span class='ocrx_word' id='word_1_335' title='bbox 269 2007 364 2034; x_wconf 85' lang='grc' dir='ltr'>πασῶν</span> <span class='ocrx_word' id='word_1_336' title='bbox 377 2007 515 2041; x_wconf 82' lang='grc' dir='ltr'>γυναικῶν</span> <span class='ocrx_word' id='word_1_337' title='bbox 535 2009 582 2034; x_wconf 77' lang='grc' dir='ltr'><strong>καὶ</strong></span> <span class='ocrx_word' id='word_1_338' title='bbox 594 2008 737 2043; x_wconf 82' lang='grc' dir='ltr'>παρθένων</span> <span class='ocrx_word' id='word_1_339' title='bbox 752 2009 858 2043; x_wconf 83' lang='grc' dir='ltr'>σάρκω-</span> 
     </span>
    </p>
   </div>
   <div class='ocr_carea' id='block_1_45' title="bbox 72 2051 857 2089">
    <p class='ocr_par' dir='ltr' id='par_1_45' title="bbox 72 2051 857 2089">
     <span class='ocr_line' id='line_1_45' title="bbox 72 2051 857 2089; baseline 0.004 -11"><span class='ocrx_word' id='word_1_340' title='bbox 72 2060 111 2078; x_wconf 90' lang='grc' dir='ltr'><strong>σιν</strong></span> <span class='ocrx_word' id='word_1_341' title='bbox 122 2052 214 2086; x_wconf 78' lang='grc' dir='ltr'>λέγειν</span> <span class='ocrx_word' id='word_1_342' title='bbox 235 2052 420 2081; x_wconf 81' lang='grc' dir='ltr'>ὑπολείπεται.</span> <span class='ocrx_word' id='word_1_343' title='bbox 442 2054 524 2086; x_wconf 77' lang='grc' dir='ltr'>Ἀλλ’,</span> <span class='ocrx_word' id='word_1_344' title='bbox 542 2051 564 2081; x_wconf 85' lang='grc' dir='ltr'>ὧ</span> <span class='ocrx_word' id='word_1_345' title='bbox 577 2054 672 2088; x_wconf 82' lang='grc' dir='ltr'>ἀγαθὲ,</span> <span class='ocrx_word' id='word_1_346' title='bbox 685 2055 790 2089; x_wconf 75' lang='grc' dir='ltr'>φανερὰ</span> <span class='ocrx_word' id='word_1_347' title='bbox 806 2054 857 2089; x_wconf 79' lang='grc' dir='ltr'>μὲν</span> 
     </span>
    </p>
   </div>
   <div class='ocr_carea' id='block_1_46' title="bbox 72 2099 856 2135">
    <p class='ocr_par' dir='ltr' id='par_1_46' title="bbox 72 2099 856 2135">
     <span class='ocr_line' id='line_1_46' title="bbox 72 2099 856 2135; baseline 0.003 -10"><span class='ocrx_word' id='word_1_348' title='bbox 72 2099 208 2126; x_wconf 76' lang='grc' dir='ltr'>κάνταῦθα</span> <span class='ocrx_word' id='word_1_349' title='bbox 226 2099 243 2132; x_wconf 88' lang='grc' dir='ltr'>ἠ</span> <span class='ocrx_word' id='word_1_350' title='bbox 259 2099 314 2126; x_wconf 83' lang='grc' dir='ltr'><strong>τῶν</strong></span> <span class='ocrx_word' id='word_1_351' title='bbox 328 2100 515 2134; x_wconf 73' lang='grc' dir='ltr'>ἀναισχύντων</span> <span class='ocrx_word' id='word_1_352' title='bbox 532 2101 560 2127; x_wconf 78' lang='grc' dir='ltr'>ἐν</span> <span class='ocrx_word' id='word_1_353' title='bbox 573 2099 613 2132; x_wconf 74' lang='grc' dir='ltr'>οἷς</span> <span class='ocrx_word' id='word_1_354' title='bbox 640 2101 762 2135; x_wconf 78' lang='grc' dir='ltr'>ἔφθασαν</span> <span class='ocrx_word' id='word_1_355' title='bbox 778 2102 856 2127; x_wconf 86' lang='grc' dir='ltr'>ἀναι-</span> 
     </span>
    </p>
   </div>
   <div class='ocr_carea' id='block_1_47' title="bbox 72 2145 855 2180">
    <p class='ocr_par' dir='ltr' id='par_1_47' title="bbox 72 2145 855 2180">
     <span class='ocr_line' id='line_1_47' title="bbox 72 2145 855 2180; baseline 0.003 -10"><span class='ocrx_word' id='word_1_356' title='bbox 72 2145 168 2180; x_wconf 77' lang='grc' dir='ltr'>σχυντή</span> <span class='ocrx_word' id='word_1_357' title='bbox 174 2153 281 2178; x_wconf 85' lang='grc' dir='ltr'>σαντες,</span> <span class='ocrx_word' id='word_1_358' title='bbox 297 2145 400 2176; x_wconf 85' lang='grc' dir='ltr'>πτῶσις</span> <span class='ocrx_word' id='word_1_359' title='bbox 410 2154 417 2160; x_wconf 92' lang='grc'><strong>·</strong></span> <span class='ocrx_word' id='word_1_360' title='bbox 429 2146 503 2180; x_wconf 80' lang='grc' dir='ltr'>ὅμως</span> <span class='ocrx_word' id='word_1_361' title='bbox 511 2145 556 2172; x_wconf 83' lang='grc' dir='ltr'>οὖν</span> <span class='ocrx_word' id='word_1_362' title='bbox 571 2146 609 2176; x_wconf 85' lang='grc' dir='ltr'>ὡς</span> <span class='ocrx_word' id='word_1_363' title='bbox 621 2146 694 2172; x_wconf 89' lang='grc' dir='ltr'>δοκεί</span> <span class='ocrx_word' id='word_1_364' title='bbox 702 2146 855 2173; x_wconf 82' lang='grc' dir='ltr'>ἀναστάντα</span> 
     </span>
    </p>
   </div>
   <div class='ocr_carea' id='block_1_48' title="bbox 73 2190 854 2226">
    <p class='ocr_par' dir='ltr' id='par_1_48' title="bbox 73 2190 854 2226">
     <span class='ocr_line' id='line_1_48' title="bbox 73 2190 854 2226; baseline 0.004 -11"><span class='ocrx_word' id='word_1_365' title='bbox 73 2207 80 2214; x_wconf 92' lang='grc'><em>.</em></span> <span class='ocrx_word' id='word_1_366' title='bbox 95 2208 102 2216; x_wconf 89' lang='grc'><em>.</em></span> <span class='ocrx_word' id='word_1_367' title='bbox 121 2209 128 2216; x_wconf 92' lang='grc'><em>.</em></span> <span class='ocrx_word' id='word_1_368' title='bbox 146 2191 301 2225; x_wconf 80' lang='grc' dir='ltr'>ἀποχρήσει</span> <span class='ocrx_word' id='word_1_369' title='bbox 316 2199 360 2225; x_wconf 82' lang='grc' dir='ltr'><strong>μοι</strong></span> <span class='ocrx_word' id='word_1_370' title='bbox 373 2190 453 2218; x_wconf 80' lang='grc' dir='ltr'>πάλιν</span> <span class='ocrx_word' id='word_1_371' title='bbox 466 2200 496 2217; x_wconf 89' lang='grc' dir='ltr'><strong>σε</strong></span> <span class='ocrx_word' id='word_1_372' title='bbox 514 2192 570 2223; x_wconf 84' lang='grc' dir='ltr'>τοῖς</span> <span class='ocrx_word' id='word_1_373' title='bbox 593 2194 685 2226; x_wconf 83' lang='grc' dir='ltr'>σοφοῖς</span> <span class='ocrx_word' id='word_1_374' title='bbox 714 2191 854 2218; x_wconf 79' lang='grc' dir='ltr'>καταϐάλ-</span> 
     </span>
    </p>
   </div>
   <div class='ocr_carea' id='block_1_49' title="bbox 875 1564 897 1595">
    <p class='ocr_par' dir='ltr' id='par_1_49' title="bbox 875 1564 897 1595">
     <span class='ocr_line' id='line_1_49' title="bbox 875 1564 897 1595; baseline 0 0"><span class='ocrx_word' id='word_1_375' title='bbox 875 1564 897 1595; x_wconf 90' lang='lat' dir='ltr'>C</span> 
     </span>
    </p>
   </div>
   <div class='ocr_carea' id='block_1_50' title="bbox 929 263 1717 299">
    <p class='ocr_par' dir='ltr' id='par_1_50' title="bbox 929 263 1717 299">
     <span class='ocr_line' id='line_1_50' title="bbox 929 263 1717 299; baseline 0.009 -10"><span class='ocrx_word' id='word_1_376' title='bbox 929 270 1024 289; x_wconf 90' lang='lat' dir='ltr'><strong>eorum</strong></span> <span class='ocrx_word' id='word_1_377' title='bbox 1047 268 1138 290; x_wconf 87' lang='lat' dir='ltr'><strong>castra</strong></span> <span class='ocrx_word' id='word_1_378' title='bbox 1165 263 1268 291; x_wconf 76' lang='lat' dir='ltr'><strong>inscius</strong></span> <span class='ocrx_word' id='word_1_379' title='bbox 1304 266 1446 293; x_wconf 86' lang='lat' dir='ltr'><strong>transiisti.</strong></span> <span class='ocrx_word' id='word_1_380' title='bbox 1485 266 1537 299; x_wconf 86' lang='lat' dir='ltr'><strong>Qui</strong></span> <span class='ocrx_word' id='word_1_381' title='bbox 1560 268 1634 295; x_wconf 90' lang='lat' dir='ltr'><strong>enim</strong></span> <span class='ocrx_word' id='word_1_382' title='bbox 1669 278 1717 296; x_wconf 78' lang='lat' dir='ltr'><strong>ne-</strong></span> 
     </span>
    </p>
   </div>
   <div class='ocr_carea' id='block_1_51' title="bbox 929 308 1714 350">
    <p class='ocr_par' dir='ltr' id='par_1_51' title="bbox 929 308 1714 350">
     <span class='ocr_line' id='line_1_51' title="bbox 929 308 1714 350; baseline 0.011 -16"><span class='ocrx_word' id='word_1_383' title='bbox 929 308 1014 341; x_wconf 78' lang='lat' dir='ltr'><strong>glecta</strong></span> <span class='ocrx_word' id='word_1_384' title='bbox 1026 310 1202 337; x_wconf 74' lang='lat' dir='ltr'><strong>accusatione</strong></span> <span class='ocrx_word' id='word_1_385' title='bbox 1215 311 1347 345; x_wconf 89' lang='lat' dir='ltr'><strong>propositi</strong></span> <span class='ocrx_word' id='word_1_386' title='bbox 1361 311 1624 342; x_wconf 76' lang='lat' dir='ltr'><strong>demonstrationem</strong></span> <span class='ocrx_word' id='word_1_387' title='bbox 1639 324 1714 350; x_wconf 80' lang='lat' dir='ltr'><strong>qme-</strong></span> 
     </span>
    </p>
   </div>
   <div class='ocr_carea' id='block_1_52' title="bbox 928 355 1715 391">
    <p class='ocr_par' dir='ltr' id='par_1_52' title="bbox 928 355 1715 391">
     <span class='ocr_line' id='line_1_52' title="bbox 928 355 1715 391; baseline 0.01 -10"><span class='ocrx_word' id='word_1_388' title='bbox 928 355 973 388; x_wconf 89' lang='lat' dir='ltr'><strong>rit,</strong></span> <span class='ocrx_word' id='word_1_389' title='bbox 985 362 1040 382; x_wconf 87' lang='lat' dir='ltr'><strong>non</strong></span> <span class='ocrx_word' id='word_1_390' title='bbox 1055 355 1090 383; x_wconf 91' lang='lat' dir='ltr'><strong>de</strong></span> <span class='ocrx_word' id='word_1_391' title='bbox 1104 356 1146 383; x_wconf 86' lang='lat' dir='ltr'><strong>his</strong></span> <span class='ocrx_word' id='word_1_392' title='bbox 1164 364 1225 391; x_wconf 82' lang='lat' dir='ltr'><strong>quae</strong></span> <span class='ocrx_word' id='word_1_393' title='bbox 1238 357 1315 384; x_wconf 91' lang='lat' dir='ltr'><strong>illum</strong></span> <span class='ocrx_word' id='word_1_394' title='bbox 1325 365 1341 385; x_wconf 89' lang='lat' dir='ltr'><strong>a</strong></span> <span class='ocrx_word' id='word_1_395' title='bbox 1353 359 1489 386; x_wconf 86' lang='lat' dir='ltr'><strong>credendo</strong></span> <span class='ocrx_word' id='word_1_396' title='bbox 1504 367 1559 388; x_wconf 90' lang='lat' dir='ltr'><strong>non</strong></span> <span class='ocrx_word' id='word_1_397' title='bbox 1574 368 1715 389; x_wconf 76' lang='lat' dir='ltr'><strong>removent</strong></span> 
     </span>
    </p>
   </div>
   <div class='ocr_carea' id='block_1_53' title="bbox 927 400 1715 442">
    <p class='ocr_par' dir='ltr' id='par_1_53' title="bbox 927 400 1715 442">
     <span class='ocr_line' id='line_1_53' title="bbox 927 400 1715 442; baseline 0.009 -15"><span class='ocrx_word' id='word_1_398' title='bbox 927 400 1069 436; x_wconf 85' lang='lat' dir='ltr'><strong>disputat,</strong></span> <span class='ocrx_word' id='word_1_399' title='bbox 1089 403 1136 429; x_wconf 90' lang='lat' dir='ltr'><strong>sed</strong></span> <span class='ocrx_word' id='word_1_400' title='bbox 1156 402 1188 429; x_wconf 93' lang='lat' dir='ltr'><strong>de</strong></span> <span class='ocrx_word' id='word_1_401' title='bbox 1213 403 1256 430; x_wconf 83' lang='lat' dir='ltr'><strong>his</strong></span> <span class='ocrx_word' id='word_1_402' title='bbox 1281 408 1392 438; x_wconf 80' lang='lat' dir='ltr'><strong>propter</strong></span> <span class='ocrx_word' id='word_1_403' title='bbox 1417 413 1477 440; x_wconf 64' lang='lat' dir='ltr'><strong>qua:</strong></span> <span class='ocrx_word' id='word_1_404' title='bbox 1497 405 1563 433; x_wconf 93' lang='lat' dir='ltr'><strong>illud</strong></span> <span class='ocrx_word' id='word_1_405' title='bbox 1590 408 1715 442; x_wconf 85' lang='lat' dir='ltr'><strong>accipere</strong></span> 
     </span>
    </p>
   </div>
   <div class='ocr_carea' id='block_1_54' title="bbox 927 446 1710 485">
    <p class='ocr_par' dir='ltr' id='par_1_54' title="bbox 927 446 1710 485">
     <span class='ocr_line' id='line_1_54' title="bbox 927 446 1710 485; baseline 0.009 -12"><span class='ocrx_word' id='word_1_406' title='bbox 927 447 1025 482; x_wconf 82' lang='lat' dir='ltr'><strong>possit.</strong></span> <span class='ocrx_word' id='word_1_407' title='bbox 1039 446 1125 474; x_wconf 89' lang='lat' dir='ltr'><strong>Porro</strong></span> <span class='ocrx_word' id='word_1_408' title='bbox 1138 447 1176 474; x_wconf 92' lang='lat' dir='ltr'><strong>illi</strong></span> <span class='ocrx_word' id='word_1_409' title='bbox 1193 449 1240 482; x_wconf 90' lang='lat' dir='ltr'><strong>qui</strong></span> <span class='ocrx_word' id='word_1_410' title='bbox 1257 448 1309 476; x_wconf 86' lang='lat' dir='ltr'><strong>isto</strong></span> <span class='ocrx_word' id='word_1_411' title='bbox 1332 449 1415 476; x_wconf 89' lang='lat' dir='ltr'><strong>modo</strong></span> <span class='ocrx_word' id='word_1_412' title='bbox 1438 457 1499 478; x_wconf 73' lang='lat' dir='ltr'><strong>sese</strong></span> <span class='ocrx_word' id='word_1_413' title='bbox 1522 451 1622 485; x_wconf 90' lang='lat' dir='ltr'><strong>habet,</strong></span> <span class='ocrx_word' id='word_1_414' title='bbox 1642 454 1710 480; x_wconf 81' lang='lat' dir='ltr'><strong>satis</strong></span> 
     </span>
    </p>
   </div>
   <div class='ocr_carea' id='block_1_55' title="bbox 925 491 1712 526">
    <p class='ocr_par' dir='ltr' id='par_1_55' title="bbox 925 491 1712 526">
     <span class='ocr_line' id='line_1_55' title="bbox 925 491 1712 526; baseline 0.006 -8"><span class='ocrx_word' id='word_1_415' title='bbox 925 495 968 519; x_wconf 87' lang='lat' dir='ltr'><strong>est</strong></span> <span class='ocrx_word' id='word_1_416' title='bbox 984 495 1015 518; x_wconf 90' lang='lat' dir='ltr'><strong>ut</strong></span> <span class='ocrx_word' id='word_1_417' title='bbox 1034 492 1167 526; x_wconf 83' lang='lat' dir='ltr'><strong>propositi</strong></span> <span class='ocrx_word' id='word_1_418' title='bbox 1188 491 1332 519; x_wconf 80' lang='lat' dir='ltr'><strong>veritatem</strong></span> <span class='ocrx_word' id='word_1_419' title='bbox 1357 493 1391 520; x_wconf 92' lang='lat' dir='ltr'><strong>ab</strong></span> <span class='ocrx_word' id='word_1_420' title='bbox 1410 495 1584 522; x_wconf 83' lang='lat' dir='ltr'><strong>accusatione</strong></span> <span class='ocrx_word' id='word_1_421' title='bbox 1597 496 1712 523; x_wconf 83' lang='lat' dir='ltr'><strong>liberam</strong></span> 
     </span>
    </p>
   </div>
   <div class='ocr_carea' id='block_1_56' title="bbox 926 536 1710 573">
    <p class='ocr_par' dir='ltr' id='par_1_56' title="bbox 926 536 1710 573">
     <span class='ocr_line' id='line_1_56' title="bbox 926 536 1710 573; baseline 0.008 -10"><span class='ocrx_word' id='word_1_422' title='bbox 926 536 1077 572; x_wconf 74' lang='lat' dir='ltr'><strong>intelligat;</strong></span> <span class='ocrx_word' id='word_1_423' title='bbox 1091 537 1138 572; x_wconf 91' lang='lat' dir='ltr'><strong>qui</strong></span> <span class='ocrx_word' id='word_1_424' title='bbox 1155 537 1228 565; x_wconf 85' lang='lat' dir='ltr'><strong>enim</strong></span> <span class='ocrx_word' id='word_1_425' title='bbox 1241 538 1344 573; x_wconf 91' lang='lat' dir='ltr'><strong>aliquid</strong></span> <span class='ocrx_word' id='word_1_426' title='bbox 1359 538 1448 572; x_wconf 78' lang='lat' dir='ltr'><strong>reiicit</strong></span> <span class='ocrx_word' id='word_1_427' title='bbox 1465 544 1494 567; x_wconf 92' lang='lat' dir='ltr'><strong>ut</strong></span> <span class='ocrx_word' id='word_1_428' title='bbox 1509 540 1671 573; x_wconf 86' lang='lat' dir='ltr'><strong>absurdum,</strong></span> <span class='ocrx_word' id='word_1_429' title='bbox 1687 543 1710 570; x_wconf 90' lang='lat' dir='ltr'><strong>si</strong></span> 
     </span>
    </p>
   </div>
   <div class='ocr_carea' id='block_1_57' title="bbox 925 581 1712 612">
    <p class='ocr_par' dir='ltr' id='par_1_57' title="bbox 925 581 1712 612">
     <span class='ocr_line' id='line_1_57' title="bbox 925 581 1712 612; baseline 0.004 -4"><span class='ocrx_word' id='word_1_430' title='bbox 925 581 993 609; x_wconf 88' lang='lat' dir='ltr'><strong>illud</strong></span> <span class='ocrx_word' id='word_1_431' title='bbox 1004 581 1105 609; x_wconf 89' lang='lat' dir='ltr'><strong>viderit</strong></span> <span class='ocrx_word' id='word_1_432' title='bbox 1122 589 1176 609; x_wconf 91' lang='lat' dir='ltr'><strong>non</strong></span> <span class='ocrx_word' id='word_1_433' title='bbox 1193 582 1282 609; x_wconf 90' lang='lat' dir='ltr'><strong>solum</strong></span> <span class='ocrx_word' id='word_1_434' title='bbox 1296 583 1399 609; x_wconf 86' lang='lat' dir='ltr'><strong>nullam</strong></span> <span class='ocrx_word' id='word_1_435' title='bbox 1415 583 1611 611; x_wconf 85' lang='lat' dir='ltr'><strong>absurditatem</strong></span> <span class='ocrx_word' id='word_1_436' title='bbox 1625 584 1712 612; x_wconf 78' lang='lat' dir='ltr'><strong>invol-</strong></span> 
     </span>
    </p>
   </div>
   <div class='ocr_carea' id='block_1_58' title="bbox 924 627 1709 663">
    <p class='ocr_par' dir='ltr' id='par_1_58' title="bbox 924 627 1709 663">
     <span class='ocr_line' id='line_1_58' title="bbox 924 627 1709 663; baseline 0.004 -9"><span class='ocrx_word' id='word_1_437' title='bbox 924 634 1007 660; x_wconf 87' lang='lat' dir='ltr'><strong>vens,</strong></span> <span class='ocrx_word' id='word_1_438' title='bbox 1025 627 1073 655; x_wconf 85' lang='lat' dir='ltr'><strong>sed</strong></span> <span class='ocrx_word' id='word_1_439' title='bbox 1087 633 1114 655; x_wconf 84' lang='lat' dir='ltr'><strong>et</strong></span> <span class='ocrx_word' id='word_1_440' title='bbox 1129 627 1242 655; x_wconf 83' lang='lat' dir='ltr'><strong>rationis</strong></span> <span class='ocrx_word' id='word_1_441' title='bbox 1257 627 1402 655; x_wconf 89' lang='lat' dir='ltr'><strong>fundatum</strong></span> <span class='ocrx_word' id='word_1_442' title='bbox 1425 629 1584 663; x_wconf 81' lang='lat' dir='ltr'><strong>principiis.</strong></span> <span class='ocrx_word' id='word_1_443' title='bbox 1609 638 1709 661; x_wconf 85' lang='lat' dir='ltr'><strong>nonne.</strong></span> 
     </span>
    </p>
   </div>
   <div class='ocr_carea' id='block_1_59' title="bbox 924 672 1709 710">
    <p class='ocr_par' dir='ltr' id='par_1_59' title="bbox 924 672 1709 710">
     <span class='ocr_line' id='line_1_59' title="bbox 924 672 1709 710; baseline 0.004 -10"><span class='ocrx_word' id='word_1_444' title='bbox 924 672 1046 708; x_wconf 86' lang='lat' dir='ltr'><strong>deposita</strong></span> <span class='ocrx_word' id='word_1_445' title='bbox 1066 673 1252 706; x_wconf 82' lang='lat' dir='ltr'><strong>accusatione,</strong></span> <span class='ocrx_word' id='word_1_446' title='bbox 1270 674 1336 701; x_wconf 87' lang='lat' dir='ltr'><strong>illud</strong></span> <span class='ocrx_word' id='word_1_447' title='bbox 1352 675 1478 709; x_wconf 90' lang='lat' dir='ltr'><strong>amplecti</strong></span> <span class='ocrx_word' id='word_1_448' title='bbox 1497 675 1589 702; x_wconf 85' lang='lat' dir='ltr'><strong>debet.</strong></span> <span class='ocrx_word' id='word_1_449' title='bbox 1604 674 1709 710; x_wconf 87' lang='lat' dir='ltr'><strong>Impos-</strong></span> 
     </span>
    </p>
   </div>
   <div class='ocr_carea' id='block_1_60' title="bbox 923 718 1706 754">
    <p class='ocr_par' dir='ltr' id='par_1_60' title="bbox 923 718 1706 754">
     <span class='ocr_line' id='line_1_60' title="bbox 923 718 1706 754; baseline 0.003 -9"><span class='ocrx_word' id='word_1_450' title='bbox 923 718 1012 746; x_wconf 81' lang='lat' dir='ltr'><strong>sibilis</strong></span> <span class='ocrx_word' id='word_1_451' title='bbox 1030 723 1072 746; x_wconf 84' lang='lat' dir='ltr'><strong>est</strong></span> <span class='ocrx_word' id='word_1_452' title='bbox 1086 718 1200 746; x_wconf 80' lang='lat' dir='ltr'><strong>virtus?</strong></span> <span class='ocrx_word' id='word_1_453' title='bbox 1221 718 1270 746; x_wconf 83' lang='lat' dir='ltr'><strong>sed</strong></span> <span class='ocrx_word' id='word_1_454' title='bbox 1291 718 1391 746; x_wconf 88' lang='lat' dir='ltr'><strong>multos</strong></span> <span class='ocrx_word' id='word_1_455' title='bbox 1414 719 1487 745; x_wconf 84' lang='lat' dir='ltr'><strong>illam</strong></span> <span class='ocrx_word' id='word_1_456' title='bbox 1503 724 1648 754; x_wconf 85' lang='lat' dir='ltr'><strong>sequentes</strong></span> <span class='ocrx_word' id='word_1_457' title='bbox 1663 728 1706 747; x_wconf 81' lang='lat' dir='ltr'><strong>ex-</strong></span> 
     </span>
    </p>
   </div>
   <div class='ocr_carea' id='block_1_61' title="bbox 923 763 1707 800">
    <p class='ocr_par' dir='ltr' id='par_1_61' title="bbox 923 763 1707 800">
     <span class='ocr_line' id='line_1_61' title="bbox 923 763 1707 800; baseline 0.001 -9"><span class='ocrx_word' id='word_1_458' title='bbox 923 763 1011 796; x_wconf 89' lang='lat' dir='ltr'><strong>hihui,</strong></span> <span class='ocrx_word' id='word_1_459' title='bbox 1028 771 1094 799; x_wconf 82' lang='lat' dir='ltr'><strong>ergo</strong></span> <span class='ocrx_word' id='word_1_460' title='bbox 1114 764 1154 791; x_wconf 89' lang='lat' dir='ltr'><strong>illi</strong></span> <span class='ocrx_word' id='word_1_461' title='bbox 1177 764 1343 797; x_wconf 80' lang='lat' dir='ltr'><strong>possibilitas</strong></span> <span class='ocrx_word' id='word_1_462' title='bbox 1360 764 1507 792; x_wconf 85' lang='lat' dir='ltr'><strong>substituta</strong></span> <span class='ocrx_word' id='word_1_463' title='bbox 1531 764 1601 798; x_wconf 84' lang='lat' dir='ltr'><strong>fuit;</strong></span> <span class='ocrx_word' id='word_1_464' title='bbox 1621 770 1648 793; x_wconf 84' lang='lat' dir='ltr'><strong>et</strong></span> <span class='ocrx_word' id='word_1_465' title='bbox 1661 767 1707 800; x_wconf 77' lang='lat' dir='ltr'><strong>qui</strong></span> 
     </span>
    </p>
   </div>
   <div class='ocr_carea' id='block_1_62' title="bbox 921 809 1709 844">
    <p class='ocr_par' dir='ltr' id='par_1_62' title="bbox 921 809 1709 844">
     <span class='ocr_line' id='line_1_62' title="bbox 921 809 1709 844; baseline 0.005 -9"><span class='ocrx_word' id='word_1_466' title='bbox 921 809 1040 843; x_wconf 87' lang='lat' dir='ltr'><strong>primum</strong></span> <span class='ocrx_word' id='word_1_467' title='bbox 1054 809 1127 836; x_wconf 88' lang='lat' dir='ltr'><strong>illam</strong></span> <span class='ocrx_word' id='word_1_468' title='bbox 1143 809 1294 844; x_wconf 82' lang='lat' dir='ltr'><strong>rejiciebat,</strong></span> <span class='ocrx_word' id='word_1_469' title='bbox 1306 817 1379 837; x_wconf 93' lang='lat' dir='ltr'><strong>nunc</strong></span> <span class='ocrx_word' id='word_1_470' title='bbox 1393 810 1481 844; x_wconf 90' lang='lat' dir='ltr'><strong>ipsum</strong></span> <span class='ocrx_word' id='word_1_471' title='bbox 1496 810 1568 837; x_wconf 87' lang='lat' dir='ltr'><strong>illius</strong></span> <span class='ocrx_word' id='word_1_472' title='bbox 1581 818 1642 838; x_wconf 85' lang='lat' dir='ltr'><strong>esse</strong></span> <span class='ocrx_word' id='word_1_473' title='bbox 1653 819 1709 839; x_wconf 88' lang='lat' dir='ltr'><strong>ser-</strong></span> 
     </span>
    </p>
   </div>
   <div class='ocr_carea' id='block_1_63' title="bbox 923 854 1708 890">
    <p class='ocr_par' dir='ltr' id='par_1_63' title="bbox 923 854 1708 890">
     <span class='ocr_line' id='line_1_63' title="bbox 923 854 1708 890; baseline 0.004 -9"><span class='ocrx_word' id='word_1_474' title='bbox 923 861 987 882; x_wconf 87' lang='lat' dir='ltr'><strong>vum</strong></span> <span class='ocrx_word' id='word_1_475' title='bbox 1005 859 1120 890; x_wconf 89' lang='lat' dir='ltr'><strong>op0rtet.</strong></span> <span class='ocrx_word' id='word_1_476' title='bbox 1137 854 1256 882; x_wconf 83' lang='lat' dir='ltr'><strong>Funesta</strong></span> <span class='ocrx_word' id='word_1_477' title='bbox 1271 859 1314 883; x_wconf 89' lang='lat' dir='ltr'><strong>est</strong></span> <span class='ocrx_word' id='word_1_478' title='bbox 1329 855 1483 882; x_wconf 81' lang='lat' dir='ltr'><strong>fortitudo?</strong></span> <span class='ocrx_word' id='word_1_479' title='bbox 1497 856 1543 882; x_wconf 84' lang='lat' dir='ltr'><strong>sed</strong></span> <span class='ocrx_word' id='word_1_480' title='bbox 1558 856 1630 883; x_wconf 84' lang='lat' dir='ltr'><strong>illam</strong></span> <span class='ocrx_word' id='word_1_481' title='bbox 1647 857 1708 884; x_wconf 74' lang='lat' dir='ltr'><strong>vita:</strong></span> 
     </span>
    </p>
   </div>
   <div class='ocr_carea' id='block_1_64' title="bbox 924 900 1708 936">
    <p class='ocr_par' dir='ltr' id='par_1_64' title="bbox 924 900 1708 936">
     <span class='ocr_line' id='line_1_64' title="bbox 924 900 1708 936; baseline 0.004 -9"><span class='ocrx_word' id='word_1_482' title='bbox 924 900 1029 934; x_wconf 87' lang='lat' dir='ltr'><strong>utilem,</strong></span> <span class='ocrx_word' id='word_1_483' title='bbox 1046 900 1068 928; x_wconf 86' lang='lat' dir='ltr'><strong>si</strong></span> <span class='ocrx_word' id='word_1_484' title='bbox 1083 900 1147 935; x_wconf 87' lang='lat' dir='ltr'><strong>quid</strong></span> <span class='ocrx_word' id='word_1_485' title='bbox 1162 905 1205 928; x_wconf 85' lang='lat' dir='ltr'><strong>est</strong></span> <span class='ocrx_word' id='word_1_486' title='bbox 1221 901 1304 933; x_wconf 84' lang='lat' dir='ltr'><strong>aliud,</strong></span> <span class='ocrx_word' id='word_1_487' title='bbox 1318 901 1440 928; x_wconf 74' lang='lat' dir='ltr'><strong>exhibui.</strong></span> <span class='ocrx_word' id='word_1_488' title='bbox 1457 900 1528 936; x_wconf 84' lang='lat' dir='ltr'><strong>Ergo</strong></span> <span class='ocrx_word' id='word_1_489' title='bbox 1545 901 1643 928; x_wconf 85' lang='lat' dir='ltr'><strong>factum</strong></span> <span class='ocrx_word' id='word_1_490' title='bbox 1666 906 1708 930; x_wconf 84' lang='lat' dir='ltr'><strong>est</strong></span> 
     </span>
    </p>
   </div>
   <div class='ocr_carea' id='block_1_65' title="bbox 922 946 1706 982">
    <p class='ocr_par' dir='ltr' id='par_1_65' title="bbox 922 946 1706 982">
     <span class='ocr_line' id='line_1_65' title="bbox 922 946 1706 982; baseline 0.003 -9"><span class='ocrx_word' id='word_1_491' title='bbox 922 946 1039 974; x_wconf 84' lang='lat' dir='ltr'><strong>amabile</strong></span> <span class='ocrx_word' id='word_1_492' title='bbox 1050 967 1057 979; x_wconf 85' lang='lat'>.</span> <span class='ocrx_word' id='word_1_493' title='bbox 1084 953 1118 973; x_wconf 78' lang='lat' dir='ltr'><strong>ex</strong></span> <span class='ocrx_word' id='word_1_494' title='bbox 1139 954 1173 974; x_wconf 92' lang='lat' dir='ltr'><strong>eo</strong></span> <span class='ocrx_word' id='word_1_495' title='bbox 1189 947 1263 982; x_wconf 89' lang='lat' dir='ltr'><strong>quod</strong></span> <span class='ocrx_word' id='word_1_496' title='bbox 1280 947 1474 975; x_wconf 82' lang='lat' dir='ltr'><strong>detrimentum</strong></span> <span class='ocrx_word' id='word_1_497' title='bbox 1490 955 1545 974; x_wconf 92' lang='lat' dir='ltr'><strong>non</strong></span> <span class='ocrx_word' id='word_1_498' title='bbox 1564 949 1706 982; x_wconf 87' lang='lat' dir='ltr'><strong>producat,</strong></span> 
     </span>
    </p>
   </div>
   <div class='ocr_carea' id='block_1_66' title="bbox 921 992 1706 1028">
    <p class='ocr_par' dir='ltr' id='par_1_66' title="bbox 921 992 1706 1028">
     <span class='ocr_line' id='line_1_66' title="bbox 921 992 1706 1028; baseline 0.001 -9"><span class='ocrx_word' id='word_1_499' title='bbox 921 992 993 1027; x_wconf 88' lang='lat' dir='ltr'><strong>quod</strong></span> <span class='ocrx_word' id='word_1_500' title='bbox 1013 997 1042 1019; x_wconf 90' lang='lat' dir='ltr'><strong>ut</strong></span> <span class='ocrx_word' id='word_1_501' title='bbox 1059 992 1160 1020; x_wconf 88' lang='lat' dir='ltr'><strong>odibile</strong></span> <span class='ocrx_word' id='word_1_502' title='bbox 1172 992 1288 1020; x_wconf 88' lang='lat' dir='ltr'><strong>dabatur</strong></span> <span class='ocrx_word' id='word_1_503' title='bbox 1307 998 1417 1028; x_wconf 88' lang='lat' dir='ltr'><strong>propter</strong></span> <span class='ocrx_word' id='word_1_504' title='bbox 1429 995 1636 1022; x_wconf 79' lang='lat' dir='ltr'><strong>detrimentum.</strong></span> <span class='ocrx_word' id='word_1_505' title='bbox 1652 994 1706 1021; x_wconf 85' lang='lat' dir='ltr'><strong>lm-</strong></span> 
     </span>
    </p>
   </div>
   <div class='ocr_carea' id='block_1_67' title="bbox 921 1038 1706 1075">
    <p class='ocr_par' dir='ltr' id='par_1_67' title="bbox 921 1038 1706 1075">
     <span class='ocr_line' id='line_1_67' title="bbox 921 1038 1706 1075; baseline 0.003 -10"><span class='ocrx_word' id='word_1_506' title='bbox 921 1038 1051 1073; x_wconf 88' lang='lat' dir='ltr'><strong>possibile</strong></span> <span class='ocrx_word' id='word_1_507' title='bbox 1069 1043 1113 1066; x_wconf 88' lang='lat' dir='ltr'><strong>est</strong></span> <span class='ocrx_word' id='word_1_508' title='bbox 1126 1038 1210 1066; x_wconf 86' lang='lat' dir='ltr'><strong>Deum</strong></span> <span class='ocrx_word' id='word_1_509' title='bbox 1225 1038 1252 1065; x_wconf 93' lang='lat' dir='ltr'><strong>in</strong></span> <span class='ocrx_word' id='word_1_510' title='bbox 1269 1039 1382 1074; x_wconf 79' lang='lat' dir='ltr'><strong>virginis</strong></span> <span class='ocrx_word' id='word_1_511' title='bbox 1399 1045 1476 1068; x_wconf 85' lang='lat' dir='ltr'><strong>utero</strong></span> <span class='ocrx_word' id='word_1_512' title='bbox 1491 1040 1608 1068; x_wconf 85' lang='lat' dir='ltr'><strong>adesse?</strong></span> <span class='ocrx_word' id='word_1_513' title='bbox 1621 1039 1706 1075; x_wconf 83' lang='lat' dir='ltr'><strong>Magis</strong></span> 
     </span>
    </p>
   </div>
   <div class='ocr_carea' id='block_1_68' title="bbox 920 1078 1711 1119">
    <p class='ocr_par' dir='ltr' id='par_1_68' title="bbox 920 1078 1711 1119">
     <span class='ocr_line' id='line_1_68' title="bbox 920 1078 1711 1119; baseline 0.003 -8"><span class='ocrx_word' id='word_1_514' title='bbox 920 1091 982 1111; x_wconf 85' lang='lat' dir='ltr'><strong>esse</strong></span> <span class='ocrx_word' id='word_1_515' title='bbox 995 1084 1166 1119; x_wconf 87' lang='lat' dir='ltr'><strong>impossibile</strong></span> <span class='ocrx_word' id='word_1_516' title='bbox 1179 1084 1254 1111; x_wconf 90' lang='lat' dir='ltr'><strong>illum</strong></span> <span class='ocrx_word' id='word_1_517' title='bbox 1270 1092 1323 1112; x_wconf 91' lang='lat' dir='ltr'><strong>non</strong></span> <span class='ocrx_word' id='word_1_518' title='bbox 1339 1086 1435 1113; x_wconf 87' lang='lat' dir='ltr'><strong>adesse</strong></span> <span class='ocrx_word' id='word_1_519' title='bbox 1450 1086 1595 1113; x_wconf 87' lang='lat' dir='ltr'><strong>confessus</strong></span> <span class='ocrx_word' id='word_1_520' title='bbox 1611 1078 1711 1118; x_wconf 35' lang='lat' dir='ltr'><strong>fuisti}.</strong></span> 
     </span>
    </p>
   </div>
   <div class='ocr_carea' id='block_1_69' title="bbox 920 1131 1705 1174">
    <p class='ocr_par' dir='ltr' id='par_1_69' title="bbox 920 1131 1705 1174">
     <span class='ocr_line' id='line_1_69' title="bbox 920 1131 1705 1174; baseline 0.003 -16"><span class='ocrx_word' id='word_1_521' title='bbox 920 1131 992 1165; x_wconf 86' lang='lat' dir='ltr'><strong>quali</strong></span> <span class='ocrx_word' id='word_1_522' title='bbox 1013 1132 1128 1167; x_wconf 88' lang='lat' dir='ltr'><strong>posthac</strong></span> <span class='ocrx_word' id='word_1_523' title='bbox 1141 1132 1196 1159; x_wconf 89' lang='lat' dir='ltr'><strong>alio</strong></span> <span class='ocrx_word' id='word_1_524' title='bbox 1210 1138 1372 1167; x_wconf 87' lang='lat' dir='ltr'><strong>argumento</strong></span> <span class='ocrx_word' id='word_1_525' title='bbox 1382 1133 1503 1169; x_wconf 77' lang='lat' dir='ltr'><strong>indigeat</strong></span> <span class='ocrx_word' id='word_1_526' title='bbox 1514 1134 1705 1174; x_wconf 62' lang='lat' dir='ltr'><strong>propositum?</strong></span> 
     </span>
    </p>
   </div>
   <div class='ocr_carea' id='block_1_70' title="bbox 921 1177 1706 1215">
    <p class='ocr_par' dir='ltr' id='par_1_70' title="bbox 921 1177 1706 1215">
     <span class='ocr_line' id='line_1_70' title="bbox 921 1177 1706 1215; baseline 0.003 -10"><span class='ocrx_word' id='word_1_527' title='bbox 921 1177 974 1206; x_wconf 88' lang='lat' dir='ltr'><strong>Sed</strong></span> <span class='ocrx_word' id='word_1_528' title='bbox 992 1182 1100 1213; x_wconf 88' lang='lat' dir='ltr'><strong>oportet</strong></span> <span class='ocrx_word' id='word_1_529' title='bbox 1114 1186 1158 1205; x_wconf 83' lang='lat' dir='ltr'><strong>me</strong></span> <span class='ocrx_word' id='word_1_530' title='bbox 1170 1199 1177 1210; x_wconf 86' lang='lat'><strong>,</strong></span> <span class='ocrx_word' id='word_1_531' title='bbox 1202 1178 1310 1213; x_wconf 90' lang='lat' dir='ltr'><strong>inquit,</strong></span> <span class='ocrx_word' id='word_1_532' title='bbox 1337 1179 1443 1206; x_wconf 88' lang='lat' dir='ltr'><strong>discere</strong></span> <span class='ocrx_word' id='word_1_533' title='bbox 1459 1180 1526 1214; x_wconf 91' lang='lat' dir='ltr'><strong>quid</strong></span> <span class='ocrx_word' id='word_1_534' title='bbox 1537 1185 1564 1207; x_wconf 92' lang='lat' dir='ltr'><strong>et</strong></span> <span class='ocrx_word' id='word_1_535' title='bbox 1576 1180 1656 1215; x_wconf 88' lang='lat' dir='ltr'><strong>quale</strong></span> <span class='ocrx_word' id='word_1_536' title='bbox 1669 1179 1706 1207; x_wconf 88' lang='lat' dir='ltr'><strong>sit</strong></span> 
     </span>
    </p>
   </div>
   <div class='ocr_carea' id='block_1_71' title="bbox 919 1224 1702 1260">
    <p class='ocr_par' dir='ltr' id='par_1_71' title="bbox 919 1224 1702 1260">
     <span class='ocr_line' id='line_1_71' title="bbox 919 1224 1702 1260; baseline 0.001 -8"><span class='ocrx_word' id='word_1_537' title='bbox 919 1224 1056 1252; x_wconf 89' lang='lat' dir='ltr'><strong>incarnari</strong></span> <span class='ocrx_word' id='word_1_538' title='bbox 1071 1245 1077 1257; x_wconf 85' lang='lat'><strong>,</strong></span> <span class='ocrx_word' id='word_1_539' title='bbox 1096 1225 1136 1251; x_wconf 89' lang='lat' dir='ltr'><strong>vel</strong></span> <span class='ocrx_word' id='word_1_540' title='bbox 1152 1224 1242 1260; x_wconf 91' lang='lat' dir='ltr'><strong>potius</strong></span> <span class='ocrx_word' id='word_1_541' title='bbox 1264 1230 1355 1253; x_wconf 86' lang='lat' dir='ltr'><strong>utrum</strong></span> <span class='ocrx_word' id='word_1_542' title='bbox 1370 1225 1437 1252; x_wconf 93' lang='lat' dir='ltr'><strong>illud</strong></span> <span class='ocrx_word' id='word_1_543' title='bbox 1458 1226 1529 1260; x_wconf 91' lang='lat' dir='ltr'><strong>quod</strong></span> <span class='ocrx_word' id='word_1_544' title='bbox 1547 1226 1647 1253; x_wconf 90' lang='lat' dir='ltr'><strong>dicitur</strong></span> <span class='ocrx_word' id='word_1_545' title='bbox 1660 1226 1702 1258; x_wconf 91' lang='lat' dir='ltr'><strong>in-_</strong></span> 
     </span>
    </p>
   </div>
   <div class='ocr_carea' id='block_1_72' title="bbox 919 1270 1703 1300">
    <p class='ocr_par' dir='ltr' id='par_1_72' title="bbox 919 1270 1703 1300">
     <span class='ocr_line' id='line_1_72' title="bbox 919 1270 1703 1300; baseline 0 -2"><span class='ocrx_word' id='word_1_546' title='bbox 919 1271 1041 1298; x_wconf 89' lang='lat' dir='ltr'><strong>carnatio</strong></span> <span class='ocrx_word' id='word_1_547' title='bbox 1069 1270 1116 1297; x_wconf 85' lang='lat' dir='ltr'><strong>Dei</strong></span> <span class='ocrx_word' id='word_1_548' title='bbox 1145 1279 1199 1298; x_wconf 91' lang='lat' dir='ltr'><strong>non</strong></span> <span class='ocrx_word' id='word_1_549' title='bbox 1216 1271 1353 1298; x_wconf 86' lang='lat' dir='ltr'><strong>inveneris</strong></span> <span class='ocrx_word' id='word_1_550' title='bbox 1374 1272 1464 1299; x_wconf 89' lang='lat' dir='ltr'><strong>omnis</strong></span> <span class='ocrx_word' id='word_1_551' title='bbox 1477 1272 1592 1300; x_wconf 80' lang='lat' dir='ltr'><strong>viventis</strong></span> <span class='ocrx_word' id='word_1_552' title='bbox 1615 1272 1703 1299; x_wconf 84' lang='lat' dir='ltr'><strong>forma</strong></span> 
     </span>
    </p>
   </div>
   <div class='ocr_carea' id='block_1_73' title="bbox 918 1317 1701 1353">
    <p class='ocr_par' dir='ltr' id='par_1_73' title="bbox 918 1317 1701 1353">
     <span class='ocr_line' id='line_1_73' title="bbox 918 1317 1701 1353; baseline 0.003 -10"><span class='ocrx_word' id='word_1_553' title='bbox 918 1317 1044 1344; x_wconf 90' lang='lat' dir='ltr'><strong>induens.</strong></span> <span class='ocrx_word' id='word_1_554' title='bbox 1086 1317 1165 1344; x_wconf 89' lang='lat' dir='ltr'><strong>Nunc</strong></span> <span class='ocrx_word' id='word_1_555' title='bbox 1197 1325 1250 1344; x_wconf 91' lang='lat' dir='ltr'><strong>non</strong></span> <span class='ocrx_word' id='word_1_556' title='bbox 1289 1317 1345 1351; x_wconf 88' lang='lat' dir='ltr'><strong>jam</strong></span> <span class='ocrx_word' id='word_1_557' title='bbox 1382 1318 1532 1346; x_wconf 89' lang='lat' dir='ltr'><strong>amicorum</strong></span> <span class='ocrx_word' id='word_1_558' title='bbox 1561 1325 1610 1351; x_wconf 91' lang='lat' dir='ltr'><strong>es,</strong></span> <span class='ocrx_word' id='word_1_559' title='bbox 1655 1318 1701 1353; x_wconf 79' lang='lat' dir='ltr'><strong>sed</strong></span> 
     </span>
    </p>
   </div>
   <div class='ocr_carea' id='block_1_74' title="bbox 918 1362 1701 1398">
    <p class='ocr_par' dir='ltr' id='par_1_74' title="bbox 918 1362 1701 1398">
     <span class='ocr_line' id='line_1_74' title="bbox 918 1362 1701 1398; baseline 0.003 -9"><span class='ocrx_word' id='word_1_560' title='bbox 918 1362 1030 1390; x_wconf 86' lang='lat' dir='ltr'><strong>hostiles</strong></span> <span class='ocrx_word' id='word_1_561' title='bbox 1049 1364 1244 1391; x_wconf 85' lang='lat' dir='ltr'><strong>insectationes</strong></span> <span class='ocrx_word' id='word_1_562' title='bbox 1265 1364 1361 1391; x_wconf 89' lang='lat' dir='ltr'><strong>iterum</strong></span> <span class='ocrx_word' id='word_1_563' title='bbox 1381 1364 1522 1398; x_wconf 85' lang='lat' dir='ltr'><strong>repetiisti.</strong></span> <span class='ocrx_word' id='word_1_564' title='bbox 1539 1364 1598 1392; x_wconf 83' lang='lat' dir='ltr'><strong>Non</strong></span> <span class='ocrx_word' id='word_1_565' title='bbox 1613 1365 1701 1392; x_wconf 92' lang='lat' dir='ltr'><strong>solum</strong></span> 
     </span>
    </p>
   </div>
   <div class='ocr_carea' id='block_1_75' title="bbox 918 1409 1701 1444">
    <p class='ocr_par' dir='ltr' id='par_1_75' title="bbox 918 1409 1701 1444">
     <span class='ocr_line' id='line_1_75' title="bbox 918 1409 1701 1444; baseline 0.004 -9"><span class='ocrx_word' id='word_1_566' title='bbox 918 1409 944 1435; x_wconf 93' lang='lat' dir='ltr'><strong>in</strong></span> <span class='ocrx_word' id='word_1_567' title='bbox 962 1409 1044 1436; x_wconf 88' lang='lat' dir='ltr'><strong>rebus</strong></span> <span class='ocrx_word' id='word_1_568' title='bbox 1061 1417 1144 1444; x_wconf 80' lang='lat' dir='ltr'><strong>Supra</strong></span> <span class='ocrx_word' id='word_1_569' title='bbox 1159 1410 1290 1444; x_wconf 78' lang='lat' dir='ltr'><strong>expositis</strong></span> <span class='ocrx_word' id='word_1_570' title='bbox 1309 1410 1421 1437; x_wconf 81' lang='lat' dir='ltr'><strong>inferior</strong></span> <span class='ocrx_word' id='word_1_571' title='bbox 1440 1410 1535 1443; x_wconf 80' lang='lat' dir='ltr'><strong>fuisti,</strong></span> <span class='ocrx_word' id='word_1_572' title='bbox 1560 1411 1607 1438; x_wconf 92' lang='lat' dir='ltr'><strong>sed</strong></span> <span class='ocrx_word' id='word_1_573' title='bbox 1631 1415 1658 1438; x_wconf 91' lang='lat' dir='ltr'><strong>et</strong></span> <span class='ocrx_word' id='word_1_574' title='bbox 1674 1411 1701 1437; x_wconf 92' lang='lat' dir='ltr'><strong>in</strong></span> 
     </span>
    </p>
   </div>
   <div class='ocr_carea' id='block_1_76' title="bbox 917 1454 1700 1490">
    <p class='ocr_par' dir='ltr' id='par_1_76' title="bbox 917 1454 1700 1490">
     <span class='ocr_line' id='line_1_76' title="bbox 917 1454 1700 1490; baseline 0.003 -9"><span class='ocrx_word' id='word_1_575' title='bbox 917 1454 978 1482; x_wconf 87' lang='lat' dir='ltr'><strong>istis</strong></span> <span class='ocrx_word' id='word_1_576' title='bbox 1000 1463 1053 1482; x_wconf 90' lang='lat' dir='ltr'><strong>non</strong></span> <span class='ocrx_word' id='word_1_577' title='bbox 1078 1455 1202 1489; x_wconf 89' lang='lat' dir='ltr'><strong>superari</strong></span> <span class='ocrx_word' id='word_1_578' title='bbox 1227 1463 1281 1483; x_wconf 90' lang='lat' dir='ltr'><strong>non</strong></span> <span class='ocrx_word' id='word_1_579' title='bbox 1306 1457 1408 1490; x_wconf 82' lang='lat' dir='ltr'><strong>poteris</strong></span> <span class='ocrx_word' id='word_1_580' title='bbox 1434 1460 1531 1483; x_wconf 88' lang='lat' dir='ltr'><strong>contra</strong></span> <span class='ocrx_word' id='word_1_581' title='bbox 1559 1456 1700 1483; x_wconf 85' lang='lat' dir='ltr'><strong>veritatem</strong></span> 
     </span>
    </p>
   </div>
   <div class='ocr_carea' id='block_1_77' title="bbox 915 1499 1701 1536">
    <p class='ocr_par' dir='ltr' id='par_1_77' title="bbox 915 1499 1701 1536">
     <span class='ocr_line' id='line_1_77' title="bbox 915 1499 1701 1536; baseline 0.001 -10"><span class='ocrx_word' id='word_1_582' title='bbox 915 1506 1096 1534; x_wconf 66' lang='lat' dir='ltr'><strong>prmparalus.</strong></span> <span class='ocrx_word' id='word_1_583' title='bbox 1111 1499 1190 1529; x_wconf 89' lang='lat' dir='ltr'><strong>Nunc</strong></span> <span class='ocrx_word' id='word_1_584' title='bbox 1211 1508 1277 1535; x_wconf 79' lang='lat' dir='ltr'><strong>ergo</strong></span> <span class='ocrx_word' id='word_1_585' title='bbox 1297 1501 1330 1528; x_wconf 92' lang='lat' dir='ltr'><strong>ad</strong></span> <span class='ocrx_word' id='word_1_586' title='bbox 1351 1508 1471 1536; x_wconf 88' lang='lat' dir='ltr'><strong>pugnam</strong></span> <span class='ocrx_word' id='word_1_587' title='bbox 1493 1508 1584 1536; x_wconf 85' lang='lat' dir='ltr'><strong>surge.</strong></span> <span class='ocrx_word' id='word_1_588' title='bbox 1616 1500 1701 1528; x_wconf 85' lang='lat' dir='ltr'><strong>Estne</strong></span> 
     </span>
    </p>
   </div>
   <div class='ocr_carea' id='block_1_78' title="bbox 916 1546 1699 1582">
    <p class='ocr_par' dir='ltr' id='par_1_78' title="bbox 916 1546 1699 1582">
     <span class='ocr_line' id='line_1_78' title="bbox 916 1546 1699 1582; baseline 0.001 -10"><span class='ocrx_word' id='word_1_589' title='bbox 916 1546 1007 1581; x_wconf 85' lang='lat' dir='ltr'><strong>aliqua</strong></span> <span class='ocrx_word' id='word_1_590' title='bbox 1024 1546 1069 1573; x_wconf 86' lang='lat' dir='ltr'><strong>Dei</strong></span> <span class='ocrx_word' id='word_1_591' title='bbox 1085 1554 1149 1582; x_wconf 80' lang='lat' dir='ltr'><strong>erga</strong></span> <span class='ocrx_word' id='word_1_592' title='bbox 1167 1547 1292 1574; x_wconf 82' lang='lat' dir='ltr'><strong>homines</strong></span> <span class='ocrx_word' id='word_1_593' title='bbox 1312 1546 1483 1581; x_wconf 83' lang='lat' dir='ltr'><strong>providentia</strong></span> <span class='ocrx_word' id='word_1_594' title='bbox 1506 1546 1596 1581; x_wconf 86' lang='lat' dir='ltr'><strong>potius</strong></span> <span class='ocrx_word' id='word_1_595' title='bbox 1617 1553 1699 1580; x_wconf 87' lang='lat' dir='ltr'><strong>quam</strong></span> 
     </span>
    </p>
   </div>
   <div class='ocr_carea' id='block_1_79' title="bbox 913 1591 1701 1628">
    <p class='ocr_par' dir='ltr' id='par_1_79' title="bbox 913 1591 1701 1628">
     <span class='ocr_line' id='line_1_79' title="bbox 913 1591 1701 1628; baseline 0.001 -9"><span class='ocrx_word' id='word_1_596' title='bbox 913 1600 978 1628; x_wconf 80' lang='lat' dir='ltr'><strong>erga</strong></span> <span class='ocrx_word' id='word_1_597' title='bbox 991 1593 1171 1620; x_wconf 88' lang='lat' dir='ltr'><strong>animantium</strong></span> <span class='ocrx_word' id='word_1_598' title='bbox 1189 1593 1335 1620; x_wconf 85' lang='lat' dir='ltr'><strong>armenta?</strong></span> <span class='ocrx_word' id='word_1_599' title='bbox 1350 1592 1467 1627; x_wconf 78' lang='lat' dir='ltr'><strong>Negabis</strong></span> <span class='ocrx_word' id='word_1_600' title='bbox 1481 1591 1569 1626; x_wconf 85' lang='lat' dir='ltr'><strong>forte;</strong></span> <span class='ocrx_word' id='word_1_601' title='bbox 1582 1597 1701 1620; x_wconf 83' lang='lat' dir='ltr'><strong>attamen</strong></span> 
     </span>
    </p>
   </div>
   <div class='ocr_carea' id='block_1_80' title="bbox 914 1638 1701 1673">
    <p class='ocr_par' dir='ltr' id='par_1_80' title="bbox 914 1638 1701 1673">
     <span class='ocr_line' id='line_1_80' title="bbox 914 1638 1701 1673; baseline 0.001 -8"><span class='ocrx_word' id='word_1_602' title='bbox 914 1638 1029 1666; x_wconf 88' lang='lat' dir='ltr'><strong>istorum</strong></span> <span class='ocrx_word' id='word_1_603' title='bbox 1049 1639 1152 1666; x_wconf 84' lang='lat' dir='ltr'><strong>creatio</strong></span> <span class='ocrx_word' id='word_1_604' title='bbox 1168 1643 1195 1666; x_wconf 84' lang='lat' dir='ltr'><strong>et</strong></span> <span class='ocrx_word' id='word_1_605' title='bbox 1214 1639 1384 1673; x_wconf 81' lang='lat' dir='ltr'><strong>providentia</strong></span> <span class='ocrx_word' id='word_1_606' title='bbox 1400 1647 1455 1666; x_wconf 92' lang='lat' dir='ltr'><strong>non</strong></span> <span class='ocrx_word' id='word_1_607' title='bbox 1470 1643 1513 1667; x_wconf 87' lang='lat' dir='ltr'><strong>est</strong></span> <span class='ocrx_word' id='word_1_608' title='bbox 1528 1639 1580 1666; x_wconf 92' lang='lat' dir='ltr'><strong>nisi</strong></span> <span class='ocrx_word' id='word_1_609' title='bbox 1597 1639 1630 1666; x_wconf 91' lang='lat' dir='ltr'><strong>ad</strong></span> <span class='ocrx_word' id='word_1_610' title='bbox 1653 1639 1701 1666; x_wconf 77' lang='grc' dir='ltr'>Ιιο‹</span> 
     </span>
    </p>
   </div>
   <div class='ocr_carea' id='block_1_81' title="bbox 913 1684 1700 1721">
    <p class='ocr_par' dir='ltr' id='par_1_81' title="bbox 913 1684 1700 1721">
     <span class='ocr_line' id='line_1_81' title="bbox 913 1684 1700 1721; baseline 0.001 -10"><span class='ocrx_word' id='word_1_611' title='bbox 913 1684 1016 1711; x_wconf 90' lang='lat' dir='ltr'><strong>minum</strong></span> <span class='ocrx_word' id='word_1_612' title='bbox 1035 1685 1176 1712; x_wconf 80' lang='lat' dir='ltr'><strong>utilitatem</strong></span> <span class='ocrx_word' id='word_1_613' title='bbox 1192 1694 1198 1712; x_wconf 88' lang='lat'>:</span> <span class='ocrx_word' id='word_1_614' title='bbox 1213 1693 1267 1713; x_wconf 90' lang='lat' dir='ltr'><strong>non</strong></span> <span class='ocrx_word' id='word_1_615' title='bbox 1287 1693 1353 1721; x_wconf 81' lang='lat' dir='ltr'><strong>ergo</strong></span> <span class='ocrx_word' id='word_1_616' title='bbox 1368 1686 1463 1713; x_wconf 89' lang='lat' dir='ltr'><strong>eadem</strong></span> <span class='ocrx_word' id='word_1_617' title='bbox 1478 1688 1520 1713; x_wconf 88' lang='lat' dir='ltr'><strong>est</strong></span> <span class='ocrx_word' id='word_1_618' title='bbox 1533 1685 1560 1712; x_wconf 93' lang='lat' dir='ltr'><strong>in</strong></span> <span class='ocrx_word' id='word_1_619' title='bbox 1577 1684 1700 1713; x_wconf 86' lang='lat' dir='ltr'><strong>homini-</strong></span> 
     </span>
    </p>
   </div>
   <div class='ocr_carea' id='block_1_82' title="bbox 912 1729 1698 1766">
    <p class='ocr_par' dir='ltr' id='par_1_82' title="bbox 912 1729 1698 1766">
     <span class='ocr_line' id='line_1_82' title="bbox 912 1729 1698 1766; baseline 0.003 -9"><span class='ocrx_word' id='word_1_620' title='bbox 912 1729 964 1757; x_wconf 88' lang='lat' dir='ltr'><strong>bus</strong></span> <span class='ocrx_word' id='word_1_621' title='bbox 982 1735 1009 1757; x_wconf 88' lang='lat' dir='ltr'><strong>et</strong></span> <span class='ocrx_word' id='word_1_622' title='bbox 1034 1730 1060 1757; x_wconf 93' lang='lat' dir='ltr'><strong>in</strong></span> <span class='ocrx_word' id='word_1_623' title='bbox 1081 1731 1150 1761; x_wconf 60' lang='lat' dir='ltr'><strong>,aliis</strong></span> <span class='ocrx_word' id='word_1_624' title='bbox 1176 1731 1310 1758; x_wconf 85' lang='lat' dir='ltr'><strong>creaturis</strong></span> <span class='ocrx_word' id='word_1_625' title='bbox 1331 1731 1379 1759; x_wconf 89' lang='lat' dir='ltr'><strong>Dei</strong></span> <span class='ocrx_word' id='word_1_626' title='bbox 1397 1730 1582 1766; x_wconf 85' lang='lat' dir='ltr'><strong>providentia.</strong></span> <span class='ocrx_word' id='word_1_627' title='bbox 1607 1731 1698 1759; x_wconf 89' lang='lat' dir='ltr'><strong>Unum</strong></span> 
     </span>
    </p>
   </div>
   <div class='ocr_carea' id='block_1_83' title="bbox 911 1776 1699 1810">
    <p class='ocr_par' dir='ltr' id='par_1_83' title="bbox 911 1776 1699 1810">
     <span class='ocr_line' id='line_1_83' title="bbox 911 1776 1699 1810; baseline 0.001 -8"><span class='ocrx_word' id='word_1_628' title='bbox 911 1776 983 1802; x_wconf 91' lang='lat' dir='ltr'><strong>enim</strong></span> <span class='ocrx_word' id='word_1_629' title='bbox 998 1784 1059 1803; x_wconf 91' lang='lat' dir='ltr'><strong>cum</strong></span> <span class='ocrx_word' id='word_1_630' title='bbox 1081 1776 1126 1809; x_wconf 88' lang='lat' dir='ltr'><strong>sit,</strong></span> <span class='ocrx_word' id='word_1_631' title='bbox 1147 1780 1174 1803; x_wconf 90' lang='lat' dir='ltr'><strong>et</strong></span> <span class='ocrx_word' id='word_1_632' title='bbox 1190 1777 1216 1803; x_wconf 91' lang='lat' dir='ltr'><strong>in</strong></span> <span class='ocrx_word' id='word_1_633' title='bbox 1233 1777 1391 1804; x_wconf 86' lang='lat' dir='ltr'><strong>diversitate</strong></span> <span class='ocrx_word' id='word_1_634' title='bbox 1406 1784 1462 1804; x_wconf 89' lang='lat' dir='ltr'><strong>non</strong></span> <span class='ocrx_word' id='word_1_635' title='bbox 1482 1776 1631 1810; x_wconf 90' lang='lat' dir='ltr'><strong>multiples,</strong></span> <span class='ocrx_word' id='word_1_636' title='bbox 1649 1776 1699 1803; x_wconf 89' lang='lat' dir='ltr'><strong>im-</strong></span> 
     </span>
    </p>
   </div>
   <div class='ocr_carea' id='block_1_84' title="bbox 910 1820 1699 1856">
    <p class='ocr_par' dir='ltr' id='par_1_84' title="bbox 910 1820 1699 1856">
     <span class='ocr_line' id='line_1_84' title="bbox 910 1820 1699 1856; baseline -0.001 -7"><span class='ocrx_word' id='word_1_637' title='bbox 910 1829 1022 1849; x_wconf 82' lang='lat' dir='ltr'><strong>mensus</strong></span> <span class='ocrx_word' id='word_1_638' title='bbox 1030 1822 1129 1849; x_wconf 92' lang='lat' dir='ltr'><strong>dicitur</strong></span> <span class='ocrx_word' id='word_1_639' title='bbox 1143 1822 1202 1850; x_wconf 83' lang='lat' dir='ltr'><strong>sine</strong></span> <span class='ocrx_word' id='word_1_640' title='bbox 1217 1822 1424 1856; x_wconf 86' lang='lat' dir='ltr'><strong>multiplicitate,</strong></span> <span class='ocrx_word' id='word_1_641' title='bbox 1448 1822 1483 1848; x_wconf 89' lang='lat' dir='ltr'><strong>ita</strong></span> <span class='ocrx_word' id='word_1_642' title='bbox 1500 1826 1529 1848; x_wconf 91' lang='lat' dir='ltr'><strong>ut</strong></span> <span class='ocrx_word' id='word_1_643' title='bbox 1540 1821 1632 1849; x_wconf 55' lang='lat' dir='ltr'><strong>multa}</strong></span> <span class='ocrx_word' id='word_1_644' title='bbox 1642 1820 1699 1849; x_wconf 63' lang='grc' dir='ltr'>[οι-ἀ</span> 
     </span>
    </p>
   </div>
   <div class='ocr_carea' id='block_1_85' title="bbox 910 1867 1698 1905">
    <p class='ocr_par' dir='ltr' id='par_1_85' title="bbox 910 1867 1698 1905">
     <span class='ocr_line' id='line_1_85' title="bbox 910 1867 1698 1905; baseline -0.003 -9"><span class='ocrx_word' id='word_1_645' title='bbox 910 1877 961 1896; x_wconf 76' lang='lat' dir='ltr'><strong>nm</strong></span> <span class='ocrx_word' id='word_1_646' title='bbox 983 1869 1017 1896; x_wconf 89' lang='lat' dir='ltr'><strong>ad</strong></span> <span class='ocrx_word' id='word_1_647' title='bbox 1043 1877 1125 1896; x_wconf 90' lang='lat' dir='ltr'><strong>unam</strong></span> <span class='ocrx_word' id='word_1_648' title='bbox 1149 1869 1322 1896; x_wconf 89' lang='lat' dir='ltr'><strong>solummodo</strong></span> <span class='ocrx_word' id='word_1_649' title='bbox 1348 1869 1496 1896; x_wconf 82' lang='lat' dir='ltr'><strong>humanam</strong></span> <span class='ocrx_word' id='word_1_650' title='bbox 1518 1867 1698 1905; x_wconf 58' lang='lat' dir='ltr'><strong>reducantur,</strong></span> 
     </span>
    </p>
   </div>
   <div class='ocr_carea' id='block_1_86' title="bbox 910 1913 1697 1950">
    <p class='ocr_par' dir='ltr' id='par_1_86' title="bbox 910 1913 1697 1950">
     <span class='ocr_line' id='line_1_86' title="bbox 910 1913 1697 1950; baseline -0.001 -7"><span class='ocrx_word' id='word_1_651' title='bbox 910 1914 993 1943; x_wconf 77' lang='lat' dir='ltr'><strong>Vides</strong></span> <span class='ocrx_word' id='word_1_652' title='bbox 1010 1921 1112 1950; x_wconf 90' lang='lat' dir='ltr'><strong>quanta</strong></span> <span class='ocrx_word' id='word_1_653' title='bbox 1133 1914 1264 1943; x_wconf 81' lang='lat' dir='ltr'><strong>facilitate</strong></span> <span class='ocrx_word' id='word_1_654' title='bbox 1281 1915 1335 1942; x_wconf 90' lang='lat' dir='ltr'><strong>ruit</strong></span> <span class='ocrx_word' id='word_1_655' title='bbox 1354 1915 1474 1950; x_wconf 87' lang='lat' dir='ltr'><strong>primum</strong></span> <span class='ocrx_word' id='word_1_656' title='bbox 1495 1913 1697 1942; x_wconf 79' lang='lat' dir='ltr'><strong>incredulitatis</strong></span> 
     </span>
    </p>
   </div>
   <div class='ocr_carea' id='block_1_87' title="bbox 908 1956 1707 1996">
    <p class='ocr_par' dir='ltr' id='par_1_87' title="bbox 908 1956 1707 1996">
     <span class='ocr_line' id='line_1_87' title="bbox 908 1956 1707 1996; baseline -0.003 -8"><span class='ocrx_word' id='word_1_657' title='bbox 908 1961 1059 1988; x_wconf 90' lang='lat' dir='ltr'><strong>munimen.</strong></span> <span class='ocrx_word' id='word_1_658' title='bbox 1078 1961 1131 1989; x_wconf 89' lang='lat' dir='ltr'><strong>Sed</strong></span> <span class='ocrx_word' id='word_1_659' title='bbox 1147 1961 1180 1988; x_wconf 81' lang='lat' dir='ltr'><strong>ad</strong></span> <span class='ocrx_word' id='word_1_660' title='bbox 1194 1961 1260 1996; x_wconf 91' lang='lat' dir='ltr'><strong>quid</strong></span> <span class='ocrx_word' id='word_1_661' title='bbox 1280 1961 1366 1988; x_wconf 87' lang='lat' dir='ltr'><strong>illud?</strong></span> <span class='ocrx_word' id='word_1_662' title='bbox 1385 1960 1484 1995; x_wconf 88' lang='lat' dir='ltr'><strong>inquit,</strong></span> <span class='ocrx_word' id='word_1_663' title='bbox 1501 1959 1524 1987; x_wconf 93' lang='lat' dir='ltr'><strong>si</strong></span> <span class='ocrx_word' id='word_1_664' title='bbox 1538 1960 1611 1987; x_wconf 91' lang='lat' dir='ltr'><strong>enim</strong></span> <span class='ocrx_word' id='word_1_665' title='bbox 1629 1956 1707 1987; x_wconf 61' lang='lat' dir='ltr'><strong>alio:</strong></span> 
     </span>
    </p>
   </div>
   <div class='ocr_carea' id='block_1_88' title="bbox 909 2004 1697 2037">
    <p class='ocr_par' dir='ltr' id='par_1_88' title="bbox 909 2004 1697 2037">
     <span class='ocr_line' id='line_1_88' title="bbox 909 2004 1697 2037; baseline -0.004 -3"><span class='ocrx_word' id='word_1_666' title='bbox 909 2014 968 2034; x_wconf 91' lang='lat' dir='ltr'><strong>rum</strong></span> <span class='ocrx_word' id='word_1_667' title='bbox 992 2006 1172 2034; x_wconf 88' lang='lat' dir='ltr'><strong>animantium</strong></span> <span class='ocrx_word' id='word_1_668' title='bbox 1195 2006 1296 2034; x_wconf 79' lang='lat' dir='ltr'><strong>fortnas</strong></span> <span class='ocrx_word' id='word_1_669' title='bbox 1311 2006 1433 2034; x_wconf 86' lang='lat' dir='ltr'><strong>Verbum</strong></span> <span class='ocrx_word' id='word_1_670' title='bbox 1450 2013 1505 2033; x_wconf 89' lang='lat' dir='ltr'><strong>non</strong></span> <span class='ocrx_word' id='word_1_671' title='bbox 1519 2004 1618 2037; x_wconf 91' lang='lat' dir='ltr'><strong>induit,</strong></span> <span class='ocrx_word' id='word_1_672' title='bbox 1632 2004 1697 2032; x_wconf 89' lang='lat' dir='ltr'><strong>reli-</strong></span> 
     </span>
    </p>
   </div>
   <div class='ocr_carea' id='block_1_89' title="bbox 907 2051 1698 2088">
    <p class='ocr_par' dir='ltr' id='par_1_89' title="bbox 907 2051 1698 2088">
     <span class='ocr_line' id='line_1_89' title="bbox 907 2051 1698 2088; baseline -0.001 -7"><span class='ocrx_word' id='word_1_673' title='bbox 907 2061 992 2088; x_wconf 83' lang='lat' dir='ltr'><strong>quum</strong></span> <span class='ocrx_word' id='word_1_674' title='bbox 1016 2059 1058 2081; x_wconf 87' lang='lat' dir='ltr'><strong>est</strong></span> <span class='ocrx_word' id='word_1_675' title='bbox 1077 2058 1106 2080; x_wconf 90' lang='lat' dir='ltr'><strong>ut</strong></span> <span class='ocrx_word' id='word_1_676' title='bbox 1123 2060 1176 2080; x_wconf 91' lang='lat' dir='ltr'><strong>non</strong></span> <span class='ocrx_word' id='word_1_677' title='bbox 1198 2053 1232 2080; x_wconf 90' lang='lat' dir='ltr'><strong>ab</strong></span> <span class='ocrx_word' id='word_1_678' title='bbox 1245 2061 1300 2080; x_wconf 88' lang='lat' dir='ltr'><strong>una</strong></span> <span class='ocrx_word' id='word_1_679' title='bbox 1313 2053 1433 2088; x_wconf 78' lang='lat' dir='ltr'><strong>virgine,</strong></span> <span class='ocrx_word' id='word_1_680' title='bbox 1451 2051 1499 2080; x_wconf 90' lang='lat' dir='ltr'><strong>sed</strong></span> <span class='ocrx_word' id='word_1_681' title='bbox 1519 2059 1553 2079; x_wconf 77' lang='lat' dir='ltr'><strong>ex</strong></span> <span class='ocrx_word' id='word_1_682' title='bbox 1567 2052 1698 2080; x_wconf 82' lang='lat' dir='ltr'><strong>omnibus</strong></span> 
     </span>
    </p>
   </div>
   <div class='ocr_carea' id='block_1_90' title="bbox 907 2098 1697 2133">
    <p class='ocr_par' dir='ltr' id='par_1_90' title="bbox 907 2098 1697 2133">
     <span class='ocr_line' id='line_1_90' title="bbox 907 2098 1697 2133; baseline 0.003 -8"><span class='ocrx_word' id='word_1_683' title='bbox 907 2098 1069 2126; x_wconf 80' lang='lat' dir='ltr'><strong>mulieribus</strong></span> <span class='ocrx_word' id='word_1_684' title='bbox 1092 2103 1120 2125; x_wconf 90' lang='lat' dir='ltr'><strong>et</strong></span> <span class='ocrx_word' id='word_1_685' title='bbox 1143 2098 1297 2133; x_wconf 79' lang='lat' dir='ltr'><strong>virginibus</strong></span> <span class='ocrx_word' id='word_1_686' title='bbox 1317 2099 1384 2126; x_wconf 94' lang='lat' dir='ltr'><strong>illud</strong></span> <span class='ocrx_word' id='word_1_687' title='bbox 1412 2099 1587 2127; x_wconf 86' lang='lat' dir='ltr'><strong>incarnatum</strong></span> <span class='ocrx_word' id='word_1_688' title='bbox 1610 2099 1697 2128; x_wconf 82' lang='lat' dir='ltr'><strong>fuisse</strong></span> 
     </span>
    </p>
   </div>
   <div class='ocr_carea' id='block_1_91' title="bbox 905 2144 1696 2181">
    <p class='ocr_par' dir='ltr' id='par_1_91' title="bbox 905 2144 1696 2181">
     <span class='ocr_line' id='line_1_91' title="bbox 905 2144 1696 2181; baseline 0.003 -10"><span class='ocrx_word' id='word_1_689' title='bbox 905 2145 1022 2172; x_wconf 87' lang='lat' dir='ltr'><strong>dicatur.</strong></span> <span class='ocrx_word' id='word_1_690' title='bbox 1037 2144 1101 2178; x_wconf 86' lang='lat' dir='ltr'><strong>Sed,</strong></span> <span class='ocrx_word' id='word_1_691' title='bbox 1118 2152 1133 2172; x_wconf 89' lang='grc' dir='ltr'><strong>ο</strong></span> <span class='ocrx_word' id='word_1_692' title='bbox 1146 2145 1244 2177; x_wconf 88' lang='lat' dir='ltr'><strong>amice,</strong></span> <span class='ocrx_word' id='word_1_693' title='bbox 1262 2145 1377 2172; x_wconf 86' lang='lat' dir='ltr'><strong>visibilis</strong></span> <span class='ocrx_word' id='word_1_694' title='bbox 1391 2150 1433 2173; x_wconf 89' lang='lat' dir='ltr'><strong>est</strong></span> <span class='ocrx_word' id='word_1_695' title='bbox 1448 2150 1475 2172; x_wconf 89' lang='lat' dir='ltr'><strong>et</strong></span> <span class='ocrx_word' id='word_1_696' title='bbox 1490 2146 1535 2174; x_wconf 88' lang='lat' dir='ltr'><strong>hic</strong></span> <span class='ocrx_word' id='word_1_697' title='bbox 1549 2146 1696 2181; x_wconf 89' lang='lat' dir='ltr'><strong>impuden-</strong></span> 
     </span>
    </p>
   </div>
   <div class='ocr_carea' id='block_1_92' title="bbox 907 2190 1697 2225">
    <p class='ocr_par' dir='ltr' id='par_1_92' title="bbox 907 2190 1697 2225">
     <span class='ocr_line' id='line_1_92' title="bbox 907 2190 1697 2225; baseline 0.003 -8"><span class='ocrx_word' id='word_1_698' title='bbox 907 2190 972 2217; x_wconf 91' lang='lat' dir='ltr'><strong>tium</strong></span> <span class='ocrx_word' id='word_1_699' title='bbox 986 2190 1066 2225; x_wconf 87' lang='lat' dir='ltr'><strong>culpa</strong></span> <span class='ocrx_word' id='word_1_700' title='bbox 1079 2210 1086 2222; x_wconf 81' lang='lat'><strong>,</strong></span> <span class='ocrx_word' id='word_1_701' title='bbox 1104 2191 1131 2218; x_wconf 90' lang='lat' dir='ltr'><strong>in</strong></span> <span class='ocrx_word' id='word_1_702' title='bbox 1152 2191 1253 2225; x_wconf 84' lang='lat' dir='ltr'><strong>quibus</strong></span> <span class='ocrx_word' id='word_1_703' title='bbox 1268 2199 1322 2218; x_wconf 89' lang='lat' dir='ltr'><strong>non</strong></span> <span class='ocrx_word' id='word_1_704' title='bbox 1346 2191 1498 2219; x_wconf 91' lang='lat' dir='ltr'><strong>timuerunt</strong></span> <span class='ocrx_word' id='word_1_705' title='bbox 1519 2199 1579 2220; x_wconf 84' lang='lat' dir='ltr'><strong>sese</strong></span> <span class='ocrx_word' id='word_1_706' title='bbox 1595 2192 1697 2219; x_wconf 91' lang='lat' dir='ltr'><strong>irreve-</strong></span> 
     </span>
    </p>
   </div>
   <div class='ocr_carea' id='block_1_93' title="bbox 70 2232 848 2273">
    <p class='ocr_par' dir='ltr' id='par_1_93' title="bbox 70 2233 848 2273">
     <span class='ocr_line' id='line_1_93' title="bbox 70 2233 848 2273; baseline 0.004 -12"><span class='ocrx_word' id='word_1_707' title='bbox 70 2233 124 2262; x_wconf 85' lang='grc' dir='ltr'>λειν</span> <span class='ocrx_word' id='word_1_708' title='bbox 137 2236 240 2270; x_wconf 83' lang='grc' dir='ltr'>λόγοις.</span> <span class='ocrx_word' id='word_1_709' title='bbox 261 2237 406 2270; x_wconf 70' lang='grc' dir='ltr'>Ἀδύνατον</span> <span class='ocrx_word' id='word_1_710' title='bbox 419 2237 474 2272; x_wconf 80' lang='grc' dir='ltr'><strong>γὰρ</strong></span> <span class='ocrx_word' id='word_1_711' title='bbox 487 2237 570 2272; x_wconf 73' lang='grc' dir='ltr'>φαίην</span> <span class='ocrx_word' id='word_1_712' title='bbox 586 2237 619 2264; x_wconf 84' lang='grc' dir='ltr'>ἂν</span> <span class='ocrx_word' id='word_1_713' title='bbox 635 2237 722 2272; x_wconf 76' lang='grc' dir='ltr'>ἔγωγε</span> <span class='ocrx_word' id='word_1_714' title='bbox 752 2238 848 2273; x_wconf 75' lang='grc' dir='ltr'>μᾶλλοι</span> 
     </span>
    </p>
   </div>
   <div class='ocr_carea' id='block_1_94' title="bbox 936 2232 1694 2273">
    <p class='ocr_par' dir='ltr' id='par_1_94' title="bbox 938 2236 1694 2271">
     <span class='ocr_line' id='line_1_94' title="bbox 938 2236 1694 2271; baseline 0.005 -9"><span class='ocrx_word' id='word_1_715' title='bbox 938 2241 997 2263; x_wconf 86' lang='lat' dir='ltr'><strong>nter</strong></span> <span class='ocrx_word' id='word_1_716' title='bbox 1021 2236 1131 2263; x_wconf 83' lang='lat' dir='ltr'><strong>habere.</strong></span> <span class='ocrx_word' id='word_1_717' title='bbox 1153 2236 1240 2263; x_wconf 84' lang='lat' dir='ltr'><strong>Simul</strong></span> <span class='ocrx_word' id='word_1_718' title='bbox 1265 2245 1343 2271; x_wconf 80' lang='lat' dir='ltr'><strong>ergo,</strong></span> <span class='ocrx_word' id='word_1_719' title='bbox 1368 2242 1397 2264; x_wconf 89' lang='lat' dir='ltr'><strong>ut</strong></span> <span class='ocrx_word' id='word_1_720' title='bbox 1412 2238 1535 2271; x_wconf 84' lang='lat' dir='ltr'><strong>videtur,</strong></span> <span class='ocrx_word' id='word_1_721' title='bbox 1567 2246 1694 2266; x_wconf 87' lang='lat' dir='ltr'><strong>resurre-</strong></span> 
     </span>
    </p>
   </div>
   <div class='ocr_carea' id='block_1_95' title="bbox 70 2282 851 2319">
    <p class='ocr_par' dir='ltr' id='par_1_95' title="bbox 70 2282 851 2319">
     <span class='ocr_line' id='line_1_95' title="bbox 70 2282 851 2319; baseline 0.003 -12"><span class='ocrx_word' id='word_1_722' title='bbox 70 2282 112 2308; x_wconf 77' lang='grc' dir='ltr'>τὸν</span> <span class='ocrx_word' id='word_1_723' title='bbox 125 2283 200 2316; x_wconf 76' lang='grc' dir='ltr'>ἅπαξ</span> <span class='ocrx_word' id='word_1_724' title='bbox 216 2283 393 2318; x_wconf 85' lang='grc' dir='ltr'>σαρκωθέντα</span> <span class='ocrx_word' id='word_1_725' title='bbox 406 2283 535 2318; x_wconf 78' lang='grc' dir='ltr'>δευτέρας</span> <span class='ocrx_word' id='word_1_726' title='bbox 551 2283 716 2319; x_wconf 81' lang='grc' dir='ltr'>σαρκώσεως</span> <span class='ocrx_word' id='word_1_727' title='bbox 735 2283 851 2310; x_wconf 83' lang='grc' dir='ltr'>δεῖσθαι.</span> 
     </span>
    </p>
   </div>
   <div class='ocr_carea' id='block_1_96' title="bbox 70 2328 853 2370">
    <p class='ocr_par' dir='ltr' id='par_1_96' title="bbox 70 2328 853 2370">
     <span class='ocr_line' id='line_1_96' title="bbox 70 2328 853 2370; baseline 0.003 -16"><span class='ocrx_word' id='word_1_728' title='bbox 70 2328 173 2356; x_wconf 74' lang='grc' dir='ltr'>Οὐκοῦν</span> <span class='ocrx_word' id='word_1_729' title='bbox 188 2330 249 2356; x_wconf 83' lang='grc' dir='ltr'>οὐδὲ</span> <span class='ocrx_word' id='word_1_730' title='bbox 267 2330 339 2370; x_wconf 62' lang='grc' dir='ltr'>ήδιρι</span> <span class='ocrx_word' id='word_1_731' title='bbox 354 2329 446 2356; x_wconf 86' lang='grc' dir='ltr'>ποσῶν</span> <span class='ocrx_word' id='word_1_732' title='bbox 465 2328 520 2356; x_wconf 84' lang='grc' dir='ltr'><strong>τῶν</strong></span> <span class='ocrx_word' id='word_1_733' title='bbox 543 2329 686 2364; x_wconf 82' lang='grc' dir='ltr'>παρθένων</span> <span class='ocrx_word' id='word_1_734' title='bbox 714 2329 853 2364; x_wconf 76' lang='grc' dir='ltr'>σάρκωσις</span> 
     </span>
    </p>
   </div>
   <div class='ocr_carea' id='block_1_97' title="bbox 69 2373 550 2411">
    <p class='ocr_par' dir='ltr' id='par_1_97' title="bbox 69 2373 550 2411">
     <span class='ocr_line' id='line_1_97' title="bbox 69 2373 550 2411; baseline 0.004 -11"><span class='ocrx_word' id='word_1_735' title='bbox 69 2373 157 2410; x_wconf 83' lang='grc' dir='ltr'>χώραν</span> <span class='ocrx_word' id='word_1_736' title='bbox 170 2375 237 2410; x_wconf 71' lang='grc' dir='ltr'>ἔχει,</span> <span class='ocrx_word' id='word_1_737' title='bbox 256 2376 324 2411; x_wconf 81' lang='grc' dir='ltr'>μόνη</span> <span class='ocrx_word' id='word_1_738' title='bbox 339 2375 367 2402; x_wconf 81' lang='grc' dir='ltr'><strong>δὲ</strong></span> <span class='ocrx_word' id='word_1_739' title='bbox 382 2376 399 2410; x_wconf 83' lang='grc' dir='ltr'>ἡ</span> <span class='ocrx_word' id='word_1_740' title='bbox 414 2376 458 2402; x_wconf 73' lang='grc' dir='ltr'><strong>διὰ</strong></span> <span class='ocrx_word' id='word_1_741' title='bbox 475 2376 550 2411; x_wconf 81' lang='grc' dir='ltr'>μιᾶς.</span> 
     </span>
    </p>
   </div>
   <div class='ocr_carea' id='block_1_98' title="bbox 320 2507 593 2535">
    <p class='ocr_par' dir='ltr' id='par_1_98' title="bbox 320 2507 593 2535">
     <span class='ocr_line' id='line_1_98' title="bbox 320 2507 593 2535; baseline 0.004 -1"><span class='ocrx_word' id='word_1_742' title='bbox 320 2507 486 2534; x_wconf 79' lang='grc' dir='ltr'><strong>ΕΡΩΤΗΣΙΣ</strong></span> <span class='ocrx_word' id='word_1_743' title='bbox 510 2507 593 2535; x_wconf 85' lang='grc' dir='ltr'><strong>ΣΚΔ’.</strong></span> 
     </span>
    </p>
   </div>
   <div class='ocr_carea' id='block_1_99' title="bbox 67 2551 851 2587">
    <p class='ocr_par' dir='ltr' id='par_1_99' title="bbox 67 2551 851 2587">
     <span class='ocr_line' id='line_1_99' title="bbox 67 2551 851 2587; baseline 0.004 -10"><span class='ocrx_word' id='word_1_744' title='bbox 67 2551 195 2587; x_wconf 63' lang='grc' dir='ltr'>Πόζερον</span> <span class='ocrx_word' id='word_1_745' title='bbox 212 2553 239 2579; x_wconf 87' lang='grc' dir='ltr'>οἱ</span> <span class='ocrx_word' id='word_1_746' title='bbox 252 2552 392 2586; x_wconf 82' lang='grc' dir='ltr'>δαίμονες</span> <span class='ocrx_word' id='word_1_747' title='bbox 407 2552 513 2579; x_wconf 79' lang='grc' dir='ltr'>[σασιν</span> <span class='ocrx_word' id='word_1_748' title='bbox 524 2553 564 2586; x_wconf 86' lang='grc' dir='ltr'>ὡς</span> <span class='ocrx_word' id='word_1_749' title='bbox 574 2553 795 2587; x_wconf 82' lang='grc' dir='ltr'>μετανοοῦντες</span> <span class='ocrx_word' id='word_1_750' title='bbox 804 2553 851 2587; x_wconf 71' lang='grc' dir='ltr'><strong>ἐφ’</strong></span> 
     </span>
    </p>
   </div>
   <div class='ocr_carea' id='block_1_100' title="bbox 98 2584 851 2622">
    <p class='ocr_par' dir='ltr' id='par_1_100' title="bbox 98 2584 851 2622">
     <span class='ocr_line' id='line_1_100' title="bbox 98 2584 851 2622; baseline 0.005 -10"><span class='ocrx_word' id='word_1_751' title='bbox 98 2584 144 2622; x_wconf 52' lang='lat' dir='ltr'><strong>oh:</strong></span> <span class='ocrx_word' id='word_1_752' title='bbox 152 2584 327 2621; x_wconf 75' lang='grc' dir='ltr'>ἐτόλμησάν</span> <span class='ocrx_word' id='word_1_753' title='bbox 338 2584 476 2622; x_wconf 62' lang='grc' dir='ltr'>ἀφίενται</span> <span class='ocrx_word' id='word_1_754' title='bbox 490 2588 544 2614; x_wconf 86' lang='grc' dir='ltr'>τοῦ</span> <span class='ocrx_word' id='word_1_755' title='bbox 555 2584 769 2622; x_wconf 59' lang='grc' dir='ltr'>τολμήματος,</span> <span class='ocrx_word' id='word_1_756' title='bbox 784 2584 851 2622; x_wconf 68' lang='grc' dir='ltr'>ἦτοι</span> 
     </span>
    </p>
   </div>
   <div class='ocr_carea' id='block_1_101' title="bbox 96 2621 851 2658">
    <p class='ocr_par' dir='ltr' id='par_1_101' title="bbox 96 2621 851 2658">
     <span class='ocr_line' id='line_1_101' title="bbox 96 2621 851 2658; baseline 0.004 -10"><span class='ocrx_word' id='word_1_757' title='bbox 96 2621 176 2658; x_wconf 65' lang='grc' dir='ltr'>ἅπαξ</span> <span class='ocrx_word' id='word_1_758' title='bbox 203 2621 365 2656; x_wconf 63' lang='grc' dir='ltr'>θεοσοφιαιέ</span> <span class='ocrx_word' id='word_1_759' title='bbox 379 2623 540 2658; x_wconf 21' lang='grc' dir='ltr'>νπεσόντες</span> <span class='ocrx_word' id='word_1_760' title='bbox 576 2621 626 2649; x_wconf 70' lang='grc' dir='ltr'>καί</span> <span class='ocrx_word' id='word_1_761' title='bbox 663 2621 721 2658; x_wconf 74' lang='grc' dir='ltr'>τὴν</span> <span class='ocrx_word' id='word_1_762' title='bbox 744 2621 851 2651; x_wconf 62' lang='grc' dir='ltr'>τούτου</span> 
     </span>
    </p>
   </div>
   <div class='ocr_carea' id='block_1_102' title="bbox 97 2656 495 2691">
    <p class='ocr_par' dir='ltr' id='par_1_102' title="bbox 97 2656 495 2691">
     <span class='ocr_line' id='line_1_102' title="bbox 97 2656 495 2691; baseline 0 -7"><span class='ocrx_word' id='word_1_763' title='bbox 97 2656 211 2691; x_wconf 73' lang='grc' dir='ltr'>γνῶσιν</span> <span class='ocrx_word' id='word_1_764' title='bbox 225 2657 495 2691; x_wconf 73' lang='grc' dir='ltr'>συναφῃρέθησαν;</span> 
     </span>
    </p>
   </div>
   <div class='ocr_carea' id='block_1_103' title="bbox 906 2282 1696 2319">
    <p class='ocr_par' dir='ltr' id='par_1_103' title="bbox 906 2282 1696 2319">
     <span class='ocr_line' id='line_1_103' title="bbox 906 2282 1696 2319; baseline 0.003 -10"><span class='ocrx_word' id='word_1_765' title='bbox 906 2286 979 2309; x_wconf 90' lang='lat' dir='ltr'><strong>ctum</strong></span> <span class='ocrx_word' id='word_1_766' title='bbox 996 2301 1003 2308; x_wconf 92' lang='lat'><strong>.</strong></span> <span class='ocrx_word' id='word_1_767' title='bbox 1023 2302 1030 2308; x_wconf 93' lang='lat'><strong>.</strong></span> <span class='ocrx_word' id='word_1_768' title='bbox 1047 2301 1053 2309; x_wconf 95' lang='lat'><strong>.</strong></span> <span class='ocrx_word' id='word_1_769' title='bbox 1073 2282 1206 2310; x_wconf 86' lang='lat' dir='ltr'><strong>satiserat</strong></span> <span class='ocrx_word' id='word_1_770' title='bbox 1218 2283 1284 2309; x_wconf 87' lang='lat' dir='ltr'><strong>mihi</strong></span> <span class='ocrx_word' id='word_1_771' title='bbox 1302 2288 1328 2310; x_wconf 90' lang='lat' dir='ltr'><strong>te</strong></span> <span class='ocrx_word' id='word_1_772' title='bbox 1340 2284 1437 2310; x_wconf 85' lang='lat' dir='ltr'><strong>iterum</strong></span> <span class='ocrx_word' id='word_1_773' title='bbox 1453 2285 1622 2319; x_wconf 89' lang='lat' dir='ltr'><strong>sapientibus</strong></span> <span class='ocrx_word' id='word_1_774' title='bbox 1635 2292 1696 2311; x_wconf 85' lang='lat' dir='ltr'><strong>ver-</strong></span> 
     </span>
    </p>
   </div>
   <div class='ocr_carea' id='block_1_104' title="bbox 906 2326 1694 2363">
    <p class='ocr_par' dir='ltr' id='par_1_104' title="bbox 906 2326 1694 2363">
     <span class='ocr_line' id='line_1_104' title="bbox 906 2326 1694 2363; baseline 0.004 -9"><span class='ocrx_word' id='word_1_775' title='bbox 906 2327 949 2354; x_wconf 89' lang='lat' dir='ltr'><strong>bis</strong></span> <span class='ocrx_word' id='word_1_776' title='bbox 976 2326 1106 2354; x_wconf 82' lang='lat' dir='ltr'><strong>refutarc.</strong></span> <span class='ocrx_word' id='word_1_777' title='bbox 1132 2327 1217 2363; x_wconf 81' lang='lat' dir='ltr'><strong>Magis</strong></span> <span class='ocrx_word' id='word_1_778' title='bbox 1234 2328 1307 2355; x_wconf 88' lang='lat' dir='ltr'><strong>enim</strong></span> <span class='ocrx_word' id='word_1_779' title='bbox 1336 2329 1507 2363; x_wconf 83' lang='lat' dir='ltr'><strong>impossibile</strong></span> <span class='ocrx_word' id='word_1_780' title='bbox 1531 2329 1621 2356; x_wconf 78' lang='lat' dir='ltr'><strong>dicam</strong></span> <span class='ocrx_word' id='word_1_781' title='bbox 1644 2337 1694 2363; x_wconf 78' lang='lat' dir='ltr'><strong>ego</strong></span> 
     </span>
    </p>
   </div>
   <div class='ocr_carea' id='block_1_105' title="bbox 907 2372 1694 2407">
    <p class='ocr_par' dir='ltr' id='par_1_105' title="bbox 907 2372 1694 2407">
     <span class='ocr_line' id='line_1_105' title="bbox 907 2372 1694 2407; baseline 0.005 -8"><span class='ocrx_word' id='word_1_782' title='bbox 907 2372 982 2399; x_wconf 89' lang='lat' dir='ltr'><strong>illum</strong></span> <span class='ocrx_word' id='word_1_783' title='bbox 994 2373 1040 2407; x_wconf 88' lang='lat' dir='ltr'><strong>qui</strong></span> <span class='ocrx_word' id='word_1_784' title='bbox 1052 2373 1134 2400; x_wconf 86' lang='lat' dir='ltr'><strong>semel</strong></span> <span class='ocrx_word' id='word_1_785' title='bbox 1151 2373 1308 2401; x_wconf 85' lang='lat' dir='ltr'><strong>incarnatus</strong></span> <span class='ocrx_word' id='word_1_786' title='bbox 1318 2379 1360 2401; x_wconf 88' lang='lat' dir='ltr'><strong>est</strong></span> <span class='ocrx_word' id='word_1_787' title='bbox 1374 2374 1493 2402; x_wconf 86' lang='lat' dir='ltr'><strong>secunda</strong></span> <span class='ocrx_word' id='word_1_788' title='bbox 1506 2375 1694 2403; x_wconf 86' lang='lat' dir='ltr'><strong>incarnatione</strong></span> 
     </span>
    </p>
   </div>
   <div class='ocr_carea' id='block_1_106' title="bbox 907 2418 1693 2457">
    <p class='ocr_par' dir='ltr' id='par_1_106' title="bbox 907 2418 1693 2457">
     <span class='ocr_line' id='line_1_106' title="bbox 907 2418 1693 2457; baseline 0.003 -11"><span class='ocrx_word' id='word_1_789' title='bbox 907 2418 1038 2457; x_wconf 82' lang='lat' dir='ltr'><strong>indigere.</strong></span> <span class='ocrx_word' id='word_1_790' title='bbox 1063 2418 1118 2446; x_wconf 85' lang='lat' dir='ltr'><strong>Nec</strong></span> <span class='ocrx_word' id='word_1_791' title='bbox 1142 2427 1206 2455; x_wconf 77' lang='lat' dir='ltr'><strong>ergo</strong></span> <span class='ocrx_word' id='word_1_792' title='bbox 1229 2427 1260 2447; x_wconf 81' lang='lat' dir='ltr'><strong>ex</strong></span> <span class='ocrx_word' id='word_1_793' title='bbox 1285 2420 1413 2449; x_wconf 82' lang='lat' dir='ltr'><strong>omnibus</strong></span> <span class='ocrx_word' id='word_1_794' title='bbox 1433 2421 1586 2456; x_wconf 71' lang='lat' dir='ltr'><strong>virginibus</strong></span> <span class='ocrx_word' id='word_1_795' title='bbox 1603 2421 1693 2449; x_wconf 90' lang='lat' dir='ltr'><strong>incar-</strong></span> 
     </span>
    </p>
   </div>
   <div class='ocr_carea' id='block_1_107' title="bbox 905 2463 1605 2494">
    <p class='ocr_par' dir='ltr' id='par_1_107' title="bbox 905 2463 1605 2494">
     <span class='ocr_line' id='line_1_107' title="bbox 905 2463 1605 2494; baseline 0.007 -4"><span class='ocrx_word' id='word_1_796' title='bbox 905 2463 979 2491; x_wconf 91' lang='lat' dir='ltr'><strong>natio</strong></span> <span class='ocrx_word' id='word_1_797' title='bbox 994 2464 1083 2492; x_wconf 90' lang='lat' dir='ltr'><strong>locum</strong></span> <span class='ocrx_word' id='word_1_798' title='bbox 1099 2465 1179 2492; x_wconf 90' lang='lat' dir='ltr'><strong>habet</strong></span> <span class='ocrx_word' id='word_1_799' title='bbox 1192 2465 1362 2492; x_wconf 86' lang='lat' dir='ltr'><strong>solummodo</strong></span> <span class='ocrx_word' id='word_1_800' title='bbox 1378 2471 1468 2493; x_wconf 82' lang='lat' dir='ltr'><strong>autem</strong></span> <span class='ocrx_word' id='word_1_801' title='bbox 1486 2474 1518 2494; x_wconf 83' lang='lat' dir='ltr'><strong>ex</strong></span> <span class='ocrx_word' id='word_1_802' title='bbox 1539 2474 1605 2494; x_wconf 84' lang='lat' dir='ltr'><strong>una.</strong></span> 
     </span>
    </p>
   </div>
   <div class='ocr_carea' id='block_1_108' title="bbox 1110 2510 1483 2548">
    <p class='ocr_par' dir='ltr' id='par_1_108' title="bbox 1110 2510 1483 2548">
     <span class='ocr_line' id='line_1_108' title="bbox 1110 2510 1483 2548; baseline 0.011 -12"><span class='ocrx_word' id='word_1_803' title='bbox 1110 2510 1274 2544; x_wconf 62' lang='grc' dir='ltr'>ρυιεδτιο</span> <span class='ocrx_word' id='word_1_804' title='bbox 1288 2511 1416 2539; x_wconf 80' lang='lat' dir='ltr'><strong>ccxxtv</strong></span> <span class='ocrx_word' id='word_1_805' title='bbox 1432 2513 1483 2548; x_wconf 81' lang='grc' dir='ltr'><strong>(ι).</strong></span> 
     </span>
    </p>
   </div>
   <div class='ocr_carea' id='block_1_109' title="bbox 906 2554 1723 2595">
    <p class='ocr_par' dir='ltr' id='par_1_109' title="bbox 906 2554 1723 2595">
     <span class='ocr_line' id='line_1_109' title="bbox 906 2554 1723 2595; baseline 0.006 -13"><span class='ocrx_word' id='word_1_806' title='bbox 906 2554 1001 2595; x_wconf 66' lang='lat' dir='ltr'><strong>Utrum</strong></span> <span class='ocrx_word' id='word_1_807' title='bbox 1018 2556 1118 2584; x_wconf 81' lang='lat' dir='ltr'><strong>diaboli</strong></span> <span class='ocrx_word' id='word_1_808' title='bbox 1133 2558 1217 2595; x_wconf 63' lang='lat' dir='ltr'><strong>sciant</strong></span> <span class='ocrx_word' id='word_1_809' title='bbox 1239 2558 1308 2592; x_wconf 82' lang='lat' dir='ltr'><strong>quod</strong></span> <span class='ocrx_word' id='word_1_810' title='bbox 1331 2559 1511 2595; x_wconf 61' lang='lat' dir='ltr'><strong>paenitendum</strong></span> <span class='ocrx_word' id='word_1_811' title='bbox 1540 2560 1640 2595; x_wconf 63' lang='lat' dir='ltr'><strong>agendo</strong></span> <span class='ocrx_word' id='word_1_812' title='bbox 1661 2561 1692 2587; x_wconf 77' lang='lat' dir='ltr'><strong>de</strong></span> <span class='ocrx_word' id='word_1_813' title='bbox 1722 2571 1723 2575; x_wconf 51' lang='grc' dir='ltr'><strong>η</strong></span> 
     </span>
    </p>
   </div>
   <div class='ocr_carea' id='block_1_110' title="bbox 938 2591 1692 2626">
    <p class='ocr_par' dir='ltr' id='par_1_110' title="bbox 938 2591 1692 2626">
     <span class='ocr_line' id='line_1_110' title="bbox 938 2591 1692 2626; baseline 0.008 -10"><span class='ocrx_word' id='word_1_814' title='bbox 938 2591 978 2617; x_wconf 71' lang='lat' dir='ltr'><strong>his</strong></span> <span class='ocrx_word' id='word_1_815' title='bbox 991 2599 1049 2626; x_wconf 62' lang='lat' dir='ltr'><strong>quae</strong></span> <span class='ocrx_word' id='word_1_816' title='bbox 1063 2593 1259 2624; x_wconf 78' lang='lat' dir='ltr'><strong>commiserunt,</strong></span> <span class='ocrx_word' id='word_1_817' title='bbox 1283 2601 1299 2619; x_wconf 89' lang='lat' dir='ltr'><strong>a</strong></span> <span class='ocrx_word' id='word_1_818' title='bbox 1325 2594 1439 2626; x_wconf 75' lang='lat' dir='ltr'><strong>peccatis</strong></span> <span class='ocrx_word' id='word_1_819' title='bbox 1451 2591 1636 2626; x_wconf 54' lang='lat' dir='ltr'><strong>liberaremur,</strong></span> <span class='ocrx_word' id='word_1_820' title='bbox 1655 2595 1692 2622; x_wconf 71' lang='lat' dir='ltr'><strong>rel</strong></span> 
     </span>
    </p>
   </div>
   <div class='ocr_carea' id='block_1_111' title="bbox 937 2626 1692 2666">
    <p class='ocr_par' dir='ltr' id='par_1_111' title="bbox 937 2626 1692 2666">
     <span class='ocr_line' id='line_1_111' title="bbox 937 2626 1692 2666; baseline 0.008 -14"><span class='ocrx_word' id='word_1_821' title='bbox 937 2626 1146 2666; x_wconf 40' lang='lat' dir='ltr'><strong>utrum-seruet}:</strong></span> <span class='ocrx_word' id='word_1_822' title='bbox 1161 2627 1291 2661; x_wconf 76' lang='lat' dir='ltr'><strong>sapientia</strong></span> <span class='ocrx_word' id='word_1_823' title='bbox 1307 2628 1397 2656; x_wconf 81' lang='lat' dir='ltr'><strong>divina</strong></span> <span class='ocrx_word' id='word_1_824' title='bbox 1419 2629 1505 2664; x_wconf 72' lang='lat' dir='ltr'><strong>lapsi,</strong></span> <span class='ocrx_word' id='word_1_825' title='bbox 1526 2630 1606 2665; x_wconf 73' lang='lat' dir='ltr'><strong>ltujus</strong></span> <span class='ocrx_word' id='word_1_826' title='bbox 1623 2632 1692 2658; x_wconf 74' lang='lat' dir='ltr'><strong>nuti-</strong></span> 
     </span>
    </p>
   </div>
   <div class='ocr_carea' id='block_1_112' title="bbox 939 2662 1166 2696">
    <p class='ocr_par' dir='ltr' id='par_1_112' title="bbox 939 2662 1166 2696">
     <span class='ocr_line' id='line_1_112' title="bbox 939 2662 1166 2696; baseline 0.009 -9"><span class='ocrx_word' id='word_1_827' title='bbox 939 2662 978 2688; x_wconf 77' lang='lat' dir='ltr'><strong>tia</strong></span> <span class='ocrx_word' id='word_1_828' title='bbox 991 2662 1088 2696; x_wconf 79' lang='lat' dir='ltr'><strong>privati</strong></span> <span class='ocrx_word' id='word_1_829' title='bbox 1102 2662 1166 2689; x_wconf 80' lang='lat' dir='ltr'><strong>sint.</strong></span> 
     </span>
    </p>
   </div>
   <div class='ocr_carea' id='block_1_113' title="bbox 246 2702 1504 2741">
    <p class='ocr_par' dir='ltr' id='par_1_113' title="bbox 246 2702 1504 2741">
     <span class='ocr_line' id='line_1_113' title="bbox 246 2702 1504 2741; baseline 0.009 -15"><span class='ocrx_word' id='word_1_830' title='bbox 246 2702 317 2727; x_wconf 83' lang='lat' dir='ltr'><strong>Edita</strong></span> <span class='ocrx_word' id='word_1_831' title='bbox 328 2709 342 2727; x_wconf 87' lang='lat' dir='ltr'><strong>a</strong></span> <span class='ocrx_word' id='word_1_832' title='bbox 354 2702 415 2727; x_wconf 79' lang='lat' dir='ltr'><strong>Maio</strong></span> <span class='ocrx_word' id='word_1_833' title='bbox 433 2703 461 2734; x_wconf 81' lang='grc' dir='ltr'><strong>(ι.</strong></span> <span class='ocrx_word' id='word_1_834' title='bbox 480 2710 502 2727; x_wconf 84' lang='lat' dir='ltr'><strong>c.</strong></span> <span class='ocrx_word' id='word_1_835' title='bbox 515 2710 539 2735; x_wconf 93' lang='lat' dir='ltr'><strong>p.</strong></span> <span class='ocrx_word' id='word_1_836' title='bbox 552 2703 615 2734; x_wconf 77' lang='grc'><strong>112).</strong></span> <span class='ocrx_word' id='word_1_837' title='bbox 628 2717 658 2721; x_wconf 94' lang='grc'><strong>-</strong></span> <span class='ocrx_word' id='word_1_838' title='bbox 667 2704 706 2729; x_wconf 89' lang='lat' dir='ltr'><strong>De</strong></span> <span class='ocrx_word' id='word_1_839' title='bbox 719 2706 840 2737; x_wconf 85' lang='lat' dir='ltr'><strong>lapsorum</strong></span> <span class='ocrx_word' id='word_1_840' title='bbox 851 2707 996 2737; x_wconf 82' lang='lat' dir='ltr'><strong>angelorum</strong></span> <span class='ocrx_word' id='word_1_841' title='bbox 1014 2714 1059 2732; x_wconf 89' lang='lat' dir='ltr'><strong>seu</strong></span> <span class='ocrx_word' id='word_1_842' title='bbox 1074 2708 1211 2733; x_wconf 75' lang='lat' dir='ltr'><strong>daemonum</strong></span> <span class='ocrx_word' id='word_1_843' title='bbox 1228 2708 1371 2741; x_wconf 83' lang='lat' dir='ltr'><strong>cognitione</strong></span> <span class='ocrx_word' id='word_1_844' title='bbox 1387 2713 1414 2736; x_wconf 89' lang='lat' dir='ltr'><strong>et</strong></span> <span class='ocrx_word' id='word_1_845' title='bbox 1428 2714 1504 2737; x_wconf 90' lang='lat' dir='ltr'><strong>statu.</strong></span> 
     </span>
    </p>
   </div>
   <div class='ocr_carea' id='block_1_114' title="bbox 105 2742 842 2781">
    <p class='ocr_par' dir='ltr' id='par_1_114' title="bbox 105 2742 842 2781">
     <span class='ocr_line' id='line_1_114' title="bbox 105 2742 842 2781; baseline 0.003 -11"><span class='ocrx_word' id='word_1_846' title='bbox 105 2742 173 2770; x_wconf 71' lang='grc' dir='ltr'>Ἀλλ’</span> <span class='ocrx_word' id='word_1_847' title='bbox 190 2744 215 2770; x_wconf 82' lang='grc' dir='ltr'>εἰ</span> <span class='ocrx_word' id='word_1_848' title='bbox 231 2743 281 2779; x_wconf 82' lang='grc' dir='ltr'>μὲν</span> <span class='ocrx_word' id='word_1_849' title='bbox 297 2743 327 2770; x_wconf 88' lang='grc' dir='ltr'><strong>τὺ</strong></span> <span class='ocrx_word' id='word_1_850' title='bbox 340 2743 483 2780; x_wconf 81' lang='grc' dir='ltr'>πρότερον,</span> <span class='ocrx_word' id='word_1_851' title='bbox 507 2743 566 2776; x_wconf 82' lang='grc' dir='ltr'><strong>πῶς</strong></span> <span class='ocrx_word' id='word_1_852' title='bbox 585 2744 730 2781; x_wconf 83' lang='grc' dir='ltr'>ἀσώματος</span> <span class='ocrx_word' id='word_1_853' title='bbox 762 2746 842 2781; x_wconf 79' lang='grc' dir='ltr'>φύσις</span> 
     </span>
    </p>
   </div>
   <div class='ocr_carea' id='block_1_115' title="bbox 934 2746 1692 2790">
    <p class='ocr_par' dir='ltr' id='par_1_115' title="bbox 934 2746 1692 2790">
     <span class='ocr_line' id='line_1_115' title="bbox 934 2746 1692 2790; baseline 0.011 -15"><span class='ocrx_word' id='word_1_854' title='bbox 934 2746 1012 2780; x_wconf 85' lang='lat' dir='ltr'><strong>Quod</strong></span> <span class='ocrx_word' id='word_1_855' title='bbox 1033 2749 1054 2776; x_wconf 90' lang='lat' dir='ltr'><strong>si</strong></span> <span class='ocrx_word' id='word_1_856' title='bbox 1077 2749 1194 2784; x_wconf 89' lang='lat' dir='ltr'><strong>primum</strong></span> <span class='ocrx_word' id='word_1_857' title='bbox 1218 2751 1342 2785; x_wconf 72' lang='lat' dir='ltr'><strong>dicatur,</strong></span> <span class='ocrx_word' id='word_1_858' title='bbox 1364 2753 1503 2788; x_wconf 86' lang='lat' dir='ltr'><strong>quomodo</strong></span> <span class='ocrx_word' id='word_1_859' title='bbox 1529 2754 1692 2790; x_wconf 77' lang='lat' dir='ltr'><strong>incorporea</strong></span> 
     </span>
    </p>
   </div>
   <div class='ocr_carea' id='block_1_116' title="bbox 829 2814 934 2843">
    <p class='ocr_par' dir='ltr' id='par_1_116' title="bbox 829 2814 934 2843">
     <span class='ocr_line' id='line_1_116' title="bbox 829 2814 934 2843; baseline 0.019 -2"><span class='ocrx_word' id='word_1_860' title='bbox 829 2814 934 2843; x_wconf 63' lang='grc' dir='ltr'><strong>ΝΟΤίΕ</strong></span> 
     </span>
    </p>
   </div>
   <div class='ocr_carea' id='block_1_117' title="bbox 85 2868 1113 2908">
    <p class='ocr_par' dir='ltr' id='par_1_117' title="bbox 85 2868 1113 2908">
     <span class='ocr_line' id='line_1_117' title="bbox 85 2868 1113 2908; baseline 0.006 -12"><span class='ocrx_word' id='word_1_861' title='bbox 85 2868 122 2905; x_wconf 82' lang='grc' dir='ltr'><strong>(Ι)</strong></span> <span class='ocrx_word' id='word_1_862' title='bbox 142 2869 198 2901; x_wconf 75' lang='lat' dir='ltr'><strong>liae</strong></span> <span class='ocrx_word' id='word_1_863' title='bbox 210 2871 361 2908; x_wconf 70' lang='lat' dir='ltr'><strong>quaestione</strong></span> <span class='ocrx_word' id='word_1_864' title='bbox 374 2878 467 2901; x_wconf 79' lang='lat' dir='ltr'><strong>carent</strong></span> <span class='ocrx_word' id='word_1_865' title='bbox 483 2877 542 2901; x_wconf 85' lang='lat' dir='ltr'><strong>tum</strong></span> <span class='ocrx_word' id='word_1_866' title='bbox 554 2873 738 2901; x_wconf 81' lang='lat' dir='ltr'><strong>Coisliuianus</strong></span> <span class='ocrx_word' id='word_1_867' title='bbox 757 2876 813 2901; x_wconf 81' lang='lat' dir='ltr'><strong>tum</strong></span> <span class='ocrx_word' id='word_1_868' title='bbox 826 2871 1007 2904; x_wconf 81' lang='lat' dir='ltr'><strong>Taurinensis</strong></span> <span class='ocrx_word' id='word_1_869' title='bbox 1019 2875 1113 2904; x_wconf 79' lang='lat' dir='ltr'><strong>codex.</strong></span> 
     </span>
    </p>
   </div>
  </div>
