1874 3070
169 145 242 179 1015

742 147 874 178 PHOTII
892 147 1146 178 PATRIARCH/E
1164 148 1220 178 CP.

1730 146 1798 181 1016

169 205 278 234 natura,
293 208 343 229 nec
358 204 434 229 tanto
445 201 540 229 carnis
551 208 635 229 onere
644 207 757 237 gravato
773 203 820 230 illa
832 211 894 239 qua:
904 204 957 231 sibi

1071 203 1140 239 μηδὲ
1154 204 1302 234 τοσαύταις
1320 201 1454 239 βαρύτησι
1483 202 1586 238 σαρκὸς
1613 201 1801 238 καθελκομένη

167 246 292 281 su’bjecta
311 250 353 273 est
376 247 497 274 deterior
522 247 623 274 fieret?
642 246 719 275 Multi
740 249 813 275 enim
834 248 959 276 homines

164 293 202 319 ad
219 293 384 327 profundum
397 293 460 320 mali
473 294 609 328 perventi,
623 301 671 329 per
679 294 867 329 pmnitentiam
880 302 958 321 suam

165 339 284 373 primam
307 339 414 366 vivendi
445 339 580 366 rationem
610 345 785 374 superarunt.
817 339 846 366 Si
867 345 959 367 autem

167 389 230 420 post
250 386 359 413 illorum
383 386 491 420 lapsmn
517 386 630 413 omnino
652 386 775 413 audacize
799 392 825 414 et
844 395 961 414 conver-

167 432 258 459 sionis
274 432 353 459 inscii
369 431 434 459 facti
450 436 524 464 sunt,
546 436 573 459 et
589 432 629 459 sic
642 432 668 458 in
680 431 825 466 profundis
842 433 959 461 tenebris

167 478 310 511 rugientes
324 478 495 512 sepeliuntur
506 499 513 511 ,
534 478 673 513 quomodo
695 478 728 505 ad
749 479 883 506 malitiam
897 486 960 506 om-

169 531 234 550 nem
259 531 371 550 sensum
393 528 569 558 superantem
590 532 644 550 non
667 524 809 559 impellam
824 525 959 559 homines,

168 569 199 596 :lu
215 569 317 603 quibus
333 577 420 604 neque
444 577 509 596 cura
523 577 595 604 smne
615 570 729 597 deduxit
755 570 789 597 ad
811 578 865 597 non
886 570 961 597 dete-

165 616 257 651 genda
283 622 393 651 peccata
423 616 501 643 simul
523 617 644 644 excitant
665 620 693 644 et
716 617 880 644 attrahunt?
901 616 960 644 Tua

165 670 245 698 ergo,
262 668 291 690 ut
314 667 380 698 puto
391 684 399 697 ,
418 664 440 691 si
459 664 551 699 plures
566 671 708 691 sermones
725 664 752 690 in
769 671 855 691 unum
870 663 960 699 magis

165 710 393 736 continuarentur
405 731 413 742 ,
439 710 502 737 talis
525 714 598 737 esset
622 710 775 745 propositio
790 718 797 736 :
812 710 905 745 lapsus
919 714 962 738 est

164 755 295 784 diabolus
311 762 319 782 :
339 756 478 791 quomodo
495 756 687 790 pmnitentiam
703 756 788 790 agat?
804 756 852 783 sed
871 755 962 784 obcae-

164 807 247 831 catus
259 806 319 830 est:
335 803 408 828 unde
421 802 471 828 ista
489 801 659 828 obcaecatiu?
682 801 738 836 ipse
754 802 826 828 enim
843 802 961 828 aliorum

165 848 364 877 obcaecatiouis
385 856 469 875 causa
491 852 542 875 est.
560 847 704 881 Quomodo
718 855 785 883 ergo
804 848 960 875 obczecatus

1009 251 1058 284 τῆς
1081 249 1134 276 ὑπὸ
1162 249 1260 276 τούτου
1288 249 1473 283 συνεχομένης
1499 247 1601 282 χείρων
1630 247 1801 283 γεγένηται;

1011 295 1108 321 Πολλοὶ
1122 294 1176 331 γὰρ
1193 293 1346 329 ἀνθρώπων
1362 295 1402 325 εἰς
1417 293 1532 329 ἔσχατον
1547 293 1695 325 ἐλάσαντες
1717 293 1803 320 κακοῦ

1010 340 1055 367 διὰ
1069 340 1215 375 μετανοίας
1230 340 1279 367 καὶ
1291 340 1341 375 τῆς
1356 339 1495 375 προτέρας
1508 339 1600 370 αὐτοῖς
1614 338 1729 373 ἐνούσης
1755 347 1803 364 πο-

1011 386 1114 418 λιτείας
1129 386 1336 422 ὑπερῄρθησαν.
1351 386 1381 412 Ei
1396 386 1425 413 δὲ
1440 385 1510 421 μετὰ
1520 386 1571 421 τὴν
1585 385 1691 412 πτῶσιν
1715 385 1803 412 διόλου

1011 432 1124 464 τούτους
1141 433 1188 459 καὶ
1205 432 1256 467 τῆς
1268 432 1372 468 τόλμης
1386 433 1434 459 καὶ
1450 433 1498 467 τῆς
1514 432 1728 467 ἐπαναστροφῆς
1743 432 1804 458 ἕλα-

1012 478 1058 504 6εν
1074 477 1180 512 ἄγνοια⁷
1197 478 1246 504 καὶ
1259 477 1331 505 οὕτω
1355 478 1434 512 βαθεῖ
1452 478 1540 513 σκότῳ
1568 478 1722 513 μεμυκότες
1741 478 1806 505 καθ’

1012 525 1130 556 εύδουσι,
1158 525 1218 556 πῶς
1231 526 1271 556 εἰς
1286 525 1457 560 κακουργίαν
1465 525 1558 551 πᾶσαν
1572 524 1697 552 ἐπίνοιαν
1715 525 1803 560 ὑπερ-

1012 570 1164 598 ϐάλλουσαν
1184 571 1235 597 οὐκ
1251 571 1345 598 ἀνιᾶσι
1361 571 1427 602 τοὺς
1443 570 1604 606 ἀνθρώπους
1619 570 1662 605 ἐφ’
1675 567 1719 603 οἷς
1746 571 1806 597 οὐδὲ

1013 617 1159 652 μελέτησις
1170 617 1301 649 πολλάκις
1316 617 1496 653 προηγήσατο
1507 618 1547 649 εἰς
1559 617 1733 653 ἀπορρήτους
1745 616 1805 643 τόλ-

1013 671 1067 697 μας
1083 662 1141 698 ἅμα
1157 663 1312 697 ἐρεθίζουσι
1336 672 1365 690 τε
1376 664 1424 690 καὶ
1438 663 1657 697 συγκαθέλκουσι
1671 671 1679 695 ;
1697 662 1736 690 Τὸ
1758 663 1806 698 μὲν

1014 709 1070 741 σὺν,
1082 709 1120 741 ὼς
1135 708 1202 744 ἡγοῦ
1207 718 1269 744 μαι,
1284 709 1362 741 εἴτις
1374 709 1438 741 τοὺς
1448 709 1562 741 πολλοὺς
1572 709 1807 744 συνοπτικώτερον

1012 755 1085 782 εῐποι
1101 755 1208 789 λόγους,
1226 754 1353 781 τοσοῦτον
1368 754 1402 782 ἂν
1417 755 1460 789 εἴη
1477 755 1638 790 πρόϐλημα·
1648 754 1764 781 ἔπταισε
1779 754 1808 781 τὸ

1013 800 1152 835 δαιμόνιον
1165 809 1173 817 ·
1189 801 1217 827 τί
1235 802 1382 836 μετανοεῖ;
1414 801 1487 828 Ἀλλ·
1513 801 1651 837 ἐπωρώθη
1664 808 1670 815 ·
1689 800 1774 827 πόθεν
1790 801 1807 835 ἡ

1014 846 1162 881 πώρωσις;
1182 847 1254 874 Αὐτὸ
1272 847 1327 883 γὰρ
1342 846 1396 873 τῶν
1413 847 1501 874 ἄλλων
1521 846 1596 874 αἰτία
1624 846 1784 881 πωρώσεως
1799 853 1805 859 ·

171 895 227 924 sit?
243 895 290 923 sed
315 903 366 922 nee
391 895 545 922 olmecatos
572 895 663 922 facere
689 899 718 922 et
742 895 958 922 obczecationem

1059 892 1082 918 ,ὰ
1097 892 1267 928 πεπώρωται
1282 901 1289 907 ·
1307 892 1367 925 πῶς
1379 893 1430 920 οὐκ
1449 893 1586 929 ἐπωρώθη
1602 901 1609 926 ;
1647 892 1717 919 Ἀλλ’
1746 891 1808 919 οὔτε

166 948 272 975 augere
289 945 389 975 potest.
412 941 556 973 Quomodo
571 946 662 968 autem
680 941 723 968 ille
747 942 795 975 qui
811 941 838 968 in
860 942 963 969 bonum

166 987 285 1014 omnino
302 987 437 1014 formatus
459 992 520 1018 est,
546 987 580 1014 ad
599 987 665 1013 illud
690 987 765 1013 nullo
782 987 875 1020 modo,
901 995 963 1014 sese

170 1033 293 1064 inclinet.
308 1034 342 1060 ad
364 1033 437 1068 quod
453 1039 544 1060 autem
561 1041 615 1060 non
638 1034 760 1060 directus
777 1038 829 1065 est,
848 1033 874 1060 ili
895 1033 962 1060 illud

168 1087 201 1107 se
217 1080 382 1115 immergat?
404 1079 511 1114 etquid
534 1079 605 1107 forte
631 1080 682 1106 hoc
709 1084 784 1106 esset
810 1079 883 1114 quod
908 1087 962 1106 non

166 1126 282 1161 dignata
300 1125 436 1153 diabolica
453 1130 534 1160 gente
555 1126 616 1152 illos
629 1126 772 1160 suscepit?

179 1219 182 1221 _
381 1183 544 1218 QUzESTIO
565 1182 683 1211 CCXXV
699 1183 750 1219 (1).

172 1230 293 1258 Hominis
322 1231 489 1258 etlmicarunt
518 1229 634 1264 par'Iium
662 1230 776 1257 studiosi
806 1238 866 1256 cum
887 1230 965 1258 Chri-

206 1267 293 1293 stiana
309 1266 444 1301 dialogus,
461 1275 507 1294 seu
526 1266 614 1300 capita
629 1266 750 1300 quwdam
767 1266 862 1301 quibus
879 1266 966 1293 Trini-

208 1307 249 1329 tas
265 1308 404 1330 aaserttur.

1012 937 1235 974 πεπωρωμένους
1255 939 1343 966 ποιεῖν
1364 939 1413 966 καὶ
1441 939 1568 972 αὐξάνειν
1599 938 1650 974 τὴν
1664 938 1807 973 πώρωσιν.

1012 984 1076 1016 Πῶς
1095 984 1118 1011 δ’
1132 985 1178 1012 ἐπ’
1195 985 1291 1021 ἀγαθῷ
1316 985 1438 1013 πλασθὲν
1458 986 1527 1016 ὅλως
1554 986 1665 1012 νένευκε
1685 985 1736 1020 μὲν
1763 985 1810 1012 οὑ-

1015 1030 1121 1065 δαμῶς,
1142 1031 1210 1065 πρὸς
1230 1031 1244 1057 ὃ
1260 1031 1289 1058 δὲ
1305 1031 1343 1066 μὴ
1357 1031 1483 1067 προήχθη
1513 1031 1551 1062 ὠς
1577 1031 1666 1057 ὲκεῖνο
1683 1032 1809 1057 καταπὲ-

1012 1084 1125 1109 πτωκε;
1141 1078 1188 1103 καὶ
1205 1077 1231 1103 τι
1246 1077 1279 1104 ἂν
1297 1078 1387 1104 ἐκεῖνο
1409 1078 1464 1112 εἴη,
1488 1076 1502 1103 ὃ
1529 1076 1568 1112 μὴ
1583 1076 1737 1110 τραπέντος
1764 1075 1813 1102 τοῦ

1011 1121 1151 1156 δαιμονίου
1165 1122 1251 1156 φύλου
1265 1122 1376 1155 τούτους
1389 1122 1557 1154 ὑπεδέξατο;

1272 1180 1441 1206 ΕΡΩΤΗΣΙΣ
1459 1179 1545 1206 ΣΚΕΖ

1020 1224 1071 1258 Ὠς
1089 1225 1124 1252 ἐν
1152 1226 1285 1258 διαλέξει
1307 1225 1527 1260 γέλληνίζοντος
1556 1225 1607 1253 καὶ
1630 1224 1814 1259 Χριστιανοῦ

1067 1260 1226 1295 κεφάλαια,
1242 1262 1286 1288 δι’
1299 1259 1342 1289 ὦν
1358 1261 1612 1291 κατασκευάζεται
1627 1261 1648 1296 ἠ
1667 1260 1767 1295 Tpuig.

484 1358 555 1383 Edita
567 1365 581 1382 a
591 1358 654 1383 Maio
667 1357 742 1389 (Nor.
754 1357 816 1383 Coll.
827 1361 845 1384 i.
857 1357 878 1388 Ι,
891 1365 916 1390 p.
927 1359 1094 1393 202-207).-—
1103 1362 1141 1387 De
1152 1367 1236 1388 sancta
1246 1363 1368 1388 Trinitate
1378 1364 1500 1395 dialogus.

208 1414 349 1442 Etlmicus.
368 1413 437 1441 Cum
457 1417 484 1440 te
498 1412 648 1440 Christiani
673 1412 811 1447 dogmatis
824 1418 962 1447 protecto-

173 1469 232 1489 rem
248 1460 371 1488 noverim
387 1469 418 1488 ac
433 1464 678 1495 propugnatorem,
697 1467 747 1486 nec
765 1467 818 1485 non
838 1459 964 1493 benigni-

175 1512 232 1535 tate
254 1507 399 1540 fulgentem
414 1526 420 1537 ,
454 1514 508 1533 non
540 1505 656 1533 verebor
677 1504 847 1539 disquirendi
876 1505 963 1539 gratia

172 1560 323 1589 exponere,
342 1552 364 1580 si
383 1551 495 1586 quidem
514 1556 541 1578 tu
562 1551 672 1583 annuis,
699 1550 802 1585 antiqui
819 1550 965 1585 praecipui—

175 1608 229 1635 que
242 1599 313 1634 apud
330 1606 378 1626 vos
397 1599 533 1626 sermonis
554 1597 718 1625 sententiam
737 1605 744 1623 :
760 1604 841 1630 quam
851 1596 968 1630 'quidem

172 1655 227 1682 ego
241 1646 319 1674 valde
334 1645 522 1672 iucredibilen’i
546 1652 607 1671 esse
621 1644 718 1676 νίιΙρο;
733 1649 760 1670 et
776 1643 799 1669 si
819 1642 889 1669 forte
906 1650 968 1669 cre-

176 1694 268 1722 dibilis
290 1693 346 1724 fiat,
363 1691 449 1718 nihilo
465 1697 555 1718 tamen
577 1691 669 1716 minus
685 1689 891 1716 contradicendi
914 1688 968 1715 vim

177 1741 289 1771 habere,
301 1745 383 1774 atque
397 1738 423 1766 id
436 1739 526 1773 ipsum
543 1736 685 1765 evertendi
697 1737 770 1772 quod
784 1735 889 1771 pridem
908 1734 969 1761 nisa

173 1791 236 1818 erat
250 1790 386 1813 astruere.

210 1831 392 1859 Christianus.
411 1829 540 1863 Qmenam
556 1835 621 1855 vero
640 1827 687 1854 tibi
706 1827 776 1854 ratio
793 1826 833 1854 sic
848 1826 970 1861 cogitare

176 1878 308 1912 loquique
328 1875 433 1904 suasit?
448 1875 520 1902 Sane
534 1874 607 1908 quod
631 1878 678 1899 tua
702 1872 797 1907 opinio
815 1880 902 1905 neque
919 1878 970 1898 nos

177 1931 266 1958 neque
293 1923 434 1950 veritatem
460 1924 610 1956 oppugnet,
633 1919 671 1946 nil
699 1927 769 1953 opus
788 1923 830 1944 est
853 1918 968 1944 dicere:

175 1970 250 2005 quod
266 1974 357 1996 autem
384 1968 401 1995 ii
419 1967 466 2002 qui
494 1965 653 2000 caliginosis
675 1963 850 1999 dogmatibus
870 1963 970 1989 obseu-

176 2022 285 2048 rantur,
316 2014 459 2048 religionis
489 2018 570 2039 rectae
594 2012 686 2037 lumen
710 2017 764 2037 non
795 2009 918 2040 videant,
944 2007 971 2034 id

175 2070 287 2099 quoque
310 2061 389 2088 facile
417 2058 589 2093 intelligitur.
615 2056 685 2083 Fare
713 2063 763 2092 age
790 2059 880 2081 tamen
908 2054 971 2088 qui-

178 2111 296 2136 busnam
312 2114 341 2133 tu
367 2105 519 2132 rationibus
546 2102 681 2137 impulsus
697 2101 785 2130 dicas.
810 2105 923 2127 nostros
938 2100 972 2126 de

177 2154 312 2189 religione
337 2158 491 2182 sermones,
525 2150 590 2176 dum
621 2155 678 2174 rem
705 2146 821 2174 suadere
847 2145 969 2179 student,

1061 1415 1251 1451 ¹Ελληνίζὶυν.
1269 1417 1322 1444 Τοῦ
1346 1417 1509 1453 Χριστιανοῦ
1532 1426 1561 1444 σε
1590 1417 1726 1451 δόγματος
1745 1426 1813 1453 προ-

1019 1463 1153 1498 ασπιστὴν
1161 1463 1239 1495 εἰδὼς
1249 1464 1295 1490 καὶ
1305 1464 1477 1498 ὑπέρμαχον,
1486 1463 1574 1496 ἄλλως
1590 1472 1617 1489 τε
1627 1464 1656 1490 δὲ
1667 1464 1716 1489 καὶ
1725 1465 1814 1490 ἐπιει-

1019 1510 1082 1545 κείᾳ.
1094 1511 1334 1546 λαμπρυνόμενον,
1362 1513 1412 1538 οὐκ
1428 1512 1461 1538 ἂν
1477 1512 1659 1547 εὐλαϐηθεῐην
1674 1513 1815 1547 λογισμοῖς

1019 1557 1139 1588 ὶτάσεως
1150 1557 1306 1590 ὑποϐαλεῖν,
1315 1559 1372 1592 εἴγε
1385 1559 1432 1585 καλ
1441 1559 1523 1589 αὐτὸς
1535 1558 1681 1590 ἐπινεύοις,
1692 1559 1741 1585 τοῦ
1751 1559 1815 1594 παρ’

1019 1602 1083 1637 ὑμῖν
1101 1603 1322 1638 πρεσϐευομένου
1339 1604 1419 1638 λόγου
1437 1604 1487 1639 τὴν
1497 1604 1629 1631 διάνοιανθ
1644 1605 1701 1639 ὁρῶ
1715 1605 1770 1639 γὰρ
1785 1606 1814 1631 ὲν

1020 1649 1088 1684 αὐτῇ
1109 1649 1176 1675 πολὺ
1191 1649 1240 1684 μὲν
1252 1650 1282 1675 τὸ
1297 1649 1445 1676 ἁπείθανον
1458 1658 1466 1665 ο
1479 1650 1589 1676 ἐπειδὰν
1604 1650 1631 1676 δὲ
1643 1650 1674 1676 τὸ
1685 1650 1815 1676 πειθανδν

1020 1695 1173 1726 ὑποδύοιτο,
1198 1696 1247 1722 οὐκ
1267 1696 1370 1723 ἐλάττω
1394 1695 1530 1729 δηλοῦσαν
1554 1697 1599 1722 τὸν
1617 1697 1741 1731 ἔλεγχον,
1768 1697 1816 1723 καὶ

1020 1743 1263 1778 καταστρέφουσαν
1281 1743 1299 1770 ἂ
1312 1742 1530 1775 κατασκευάζειν
1544 1743 1695 1779 προῄρητο.

1056 1831 1242 1865 Χριστιανός.
1257 1831 1318 1863 Πῶς
1330 1831 1362 1867 δὴ
1377 1833 1424 1858 καὶ
1438 1832 1481 1863 τίς
1497 1840 1526 1858 σε
1543 1831 1622 1866 λόγος
1637 1828 1687 1858 ὦδε
1706 1835 1817 1868 φρονεῖν

1021 1877 1069 1903 καὶ
1089 1876 1179 1911 λέγειν
1202 1877 1361 1911 ἀνέπεισεν;
1383 1878 1445 1904 Ὀτι
1463 1878 1513 1913 μὲν
1540 1879 1595 1914 γὰρ
1610 1880 1625 1914 ή
1641 1879 1675 1914 σὴ
1693 1879 1759 1912 δόξα
1771 1881 1816 1906 καὶ

1021 1922 1087 1957 ἡμῖν
1099 1923 1146 1949 καὶ
1169 1924 1202 1959 τῇ
1222 1923 1337 1958 ἀληθείᾳ
1352 1924 1382 1950 οὐ
1399 1925 1526 1959 μάχεται,
1548 1925 1624 1951 οὐδὲν
1640 1925 1681 1951 δεῖ
1699 1926 1815 1961 μαθεῖν·

1021 1967 1062 1994 ὅτι
1076 1968 1105 1994 δὲ
1121 1969 1177 2000 τοῖς
1198 1969 1226 1996 ἐν
1249 1969 1329 2004 ἀχλύϊ
1350 1970 1494 2005 δογμάτων
1517 1972 1714 2006 κατεχομένοις
1734 1973 1751 2008 ή
1767 1973 1817 2007 τῆς

1021 2014 1162 2047 εὐσεϐείας
1175 2015 1224 2050 οὐχ
1237 2017 1333 2052 ὁρᾶται
1345 2016 1512 2052 καθαρότης.
1527 2018 1589 2044 οὐδὲ
1600 2018 1681 2044 τοῦτο
1694 2019 1815 2054 ἐργῶδες

1022 2062 1138 2088 ἐννοεῖν·
1164 2062 1234 2098 πλὴν
1261 2062 1329 2089 ἀλλᾶ
1346 2063 1421 2096 λέγε,
1445 2064 1472 2089 οἴ
1486 2072 1515 2089 σε
1529 2066 1584 2090 τῶν
1603 2064 1690 2099 λόγων
1709 2067 1818 2102 ἐπῇραν

1021 2106 1121 2141 λέγειν,
1136 2107 1174 2140 ώς
1196 2109 1220 2134 οἱ
1237 2109 1301 2144 περὶ
1316 2109 1366 2144 τῆς
1382 2110 1526 2142 εὐσεϐείας
1542 2111 1621 2147 ἡμῶν
1634 2111 1712 2145 λόγοι
1725 2113 1754 2138 τὸ
1771 2121 1817 2139 πι-

1023 2152 1103 2180 θανὸν
1124 2153 1326 2189 μηχανώμενοι,
1356 2155 1457 2190 μᾶλλον
1479 2156 1548 2191 πρὸς
1570 2156 1601 2183 τὺ
1623 2156 1774 2184 ἁπείθανόν
1788 2166 1817 2184 τε

176 2208 238 2228 eam
259 2199 351 2234 potius
373 2195 561 2224 incredibilem
576 2202 608 2222 ac
622 2192 857 2221 demonstratione
872 2200 966 2219 caren-

1059 2199 1233 2227 ναπόδεικτον
1247 2201 1442 2237 ἀπορρέουσιν.

178 2252 233 2274 tem
249 2245 404 2273 ostendere.

212 2293 276 2320 Etli.
304 2291 394 2318 Fabor
420 2289 505 2325 igitur
533 2295 588 2315 non
619 2293 706 2314 novos
731 2294 820 2321 neque
849 2293 969 2321 nuperos

178 2345 331 2370 sermones,
346 2336 394 2364 sed
417 2343 432 2362 a
449 2334 546 2370 priscis
562 2333 710 2360 admodum
726 2332 823 2359 vestris
847 2332 970 2368 patrihus

177 2387 276 2414 dictos.
297 2384 345 2412 lsti
362 2383 434 2410 enim
453 2382 518 2409 dum
533 2381 634 2408 Filium
658 2384 742 2414 atque
764 2379 896 2415 Spiritum
914 2378 970 2406 Deo

179 2433 333 2468 adjuugunt
355 2431 409 2466 (est
433 2429 507 2455 enim
532 2428 584 2454 hoc
609 2431 741 2458 vestrum,
768 2434 785 2453 ο
808 2425 970 2457 Christiani,

179 2479 277 2514 dogma
296 2481 323 2504 et
336 2474 552 2510 magisterium),
572 2473 622 2500 has
637 2473 693 2500 fere
709 2472 837 2507 loquendi
850 2473 972 2506 argutias

179 2524 375 2559 interrogativa
395 2522 484 2549 forma
505 2524 666 2548 contexunt.
683 2519 766 2546 Deum
791 2519 904 2546 minime
921 2526 970 2546 ca—

179 2579 240 2598 rere
263 2569 347 2597 verbo
372 2568 472 2596 mentis
489 2567 583 2603 (λόγῳ)
607 2566 693 2594 dices.
714 2565 791 2593 Hanc
816 2572 843 2592 tu
873 2565 896 2593 si
913 2565 972 2592 bla-

179 2617 333 2651 sphemiam
360 2622 453 2647 caves,
478 2614 601 2649 profecto
625 2613 700 2640 dices
730 2613 843 2640 verbum
870 2612 972 2639 mentis

182 2663 282 2689 habere
300 2661 396 2688 Deum.
414 2661 479 2688 Item
501 2660 523 2687 si
538 2659 610 2687 Deus
628 2667 682 2686 non
699 2663 741 2686 est
758 2658 904 2691 exanimis,
922 2666 970 2685 ne-

181 2716 234 2743 que
249 2708 450 2736 insensibiliuin
463 2715 554 2734 rerum
571 2711 669 2733 natura
681 2705 824 2740 prieditus,
845 2704 971 2739 spiritum

175 2754 282 2782 habeat
302 2762 415 2783 necesse
437 2758 488 2782 est.
506 2752 578 2789 Ergo
603 2759 694 2780 sermo
708 2751 741 2779 de
763 2756 860 2778 natura
877 2751 971 2778 divina

1060 2289 1123 2316 Ἑλ.
1133 2289 1204 2324 Ἐρῶ
1224 2298 1253 2315 τε
1271 2290 1362 2316 τοίνυν
1375 2291 1406 2316 οὐ
1429 2291 1518 2324 νέους,
1536 2292 1567 2318 οὔ
1583 2293 1759 2327 προσφάτους
1774 2293 1819 2320 λό-

1019 2342 1097 2368 γους,
1114 2334 1184 2361 ἀλλὰ
1211 2335 1336 2367 παλαιοῖς
1362 2336 1438 2371 ὑμῶν
1465 2337 1511 2364 καὶ
1539 2338 1656 2374 χρονίοις
1677 2340 1819 2375 Πατράσιν

1021 2382 1233 2417 ἀνειρημὲνους·
1258 2383 1306 2408 καὶ
1328 2383 1383 2419 γὰρ
1406 2380 1480 2410 οὗτοι
1507 2384 1571 2410 Υἰὸν
1588 2385 1635 2411 καὶ
1650 2386 1765 2421 Πνεῦμα
1780 2387 1820 2420 τῷ

1023 2427 1083 2462 θεῷ
1108 2428 1323 2463 παρεισάγοντες
1352 2428 1443 2463 (τοῦτο
1461 2430 1516 2464 γάρ
1536 2431 1595 2457 ἐστι
1622 2431 1653 2457 τὸ
1683 2432 1821 2468 ὑμέτερον

1023 2473 1078 2500 τῶν
1093 2474 1269 2508 Χριστιανῶν
1284 2475 1330 2501 καὶ
1352 2475 1440 2511 δόγμα
1465 2478 1511 2503 καὶ
1533 2477 1676 2512 κήρυγμα)
1689 2479 1821 2514 τοιαύτην

1022 2520 1084 2547 τινὰ
1098 2521 1200 2556 πλοκὴν
1223 2522 1252 2547 ἐν
1272 2521 1407 2557 ἐρωτήσει
1434 2522 1636 2550 διαπλέκουσιν·
1661 2525 1675 2550 ὁ
1689 2525 1757 2557 Θεὸς
1772 2527 1822 2553 οὐκ

1024 2565 1058 2592 ἂν
1079 2567 1152 2600 ἐρεῖς
1168 2566 1205 2597 ὡς
1220 2566 1327 2601 ἄλογος·
1348 2569 1372 2593 εἰ
1395 2567 1423 2594 δὲ
1441 2569 1489 2594 καὶ
1511 2569 1543 2594 σὺ
1564 2569 1676 2604 φεύγεις
1688 2570 1720 2596 τὸ
1737 2571 1822 2606 βλάσ-

1024 2621 1131 2647 φημον,
1162 2613 1248 2646 Λόγον
1276 2613 1313 2645 ὡς
1336 2614 1393 2649 ἔχει
1407 2615 1518 2646 πάντως
1543 2616 1627 2650 ἐρεῖς·
1648 2617 1673 2642 εί
1692 2617 1723 2643 δὲ
1744 2617 1784 2653 μὴ
1801 2617 1822 2645 δ’

1024 2659 1128 2690 ἄπνους
1147 2659 1195 2685 καὶ
1214 2660 1267 2686 τῶν
1289 2660 1462 2696 ἀναισθήτων
1486 2661 1536 2697 τὴν
1559 2661 1642 2696 φύσιν
1669 2663 1824 2690 ὑποϐαλλό-

1024 2713 1114 2740 μενος,
1137 2704 1193 2740 ἔχει
1212 2705 1320 2737 πάντως
1341 2706 1390 2733 καὶ
1416 2707 1539 2742 Πνεῦμαι
1563 2707 1663 2734 οὐκοῦν
1682 2709 1712 2735 ἐν
1726 2709 1823 2744 Τριάδι

1022 2750 1071 2785 τὴν
1089 2750 1232 2784 θεολογίαν
1260 2750 1422 2786 ὑμνολογεῖν
1444 2752 1494 2779 δεῖ·
1517 2752 1629 2780 τοιαῦτα
1653 2753 1683 2781 δέ
1697 2762 1762 2782 τινα
1777 2755 1824 2781 καὶ

934 2834 1038 2862 ΝΟΤΛΞ

220 2900 257 2934 (l)
275 2899 335 2928 llaec
350 2906 459 2935 quoque
472 2896 623 2932 quaestioni
636 2894 747 2923 Coisliu.
764 2898 789 2921 et
804 2892 965 2921 Tauriucnsi
988 2891 1082 2919 codice
1099 2892 1180 2926 plane
1197 2892 1282 2920 deest.
