1874 3070
149 195 217 229 1019

185 252 235 281 Cli.
255 250 328 278 Bene
339 252 383 277 est
396 247 470 283 quod
490 246 651 274 universum
664 248 762 271 contra
775 240 938 276 religionem
954 238 978 267 Δ

151 299 226 325 virus
240 297 371 324 diuturno
390 299 516 328 tempore
530 292 716 327 putrefactum
730 289 775 316 vix
793 293 867 314 nunc
879 290 938 312 tan-

150 345 211 372 dem
241 341 388 378 aliquando
413 338 557 367 vomuisti.
582 337 616 365 Et
639 345 706 365 sane
728 340 890 369 cognosces,
916 330 939 358 si

151 389 232 418 modo
245 394 336 416 mente
347 387 515 422 resipiscens
527 384 703 412 considerare
715 379 846 411 volueris,
857 383 940 410 quam

151 436 178 463 id
194 433 405 468 corrumpendis
418 431 468 459 tibi
482 429 635 458 visceribus
647 427 767 455 validum
785 428 869 453 esset.

188 481 252 508 Eth.
275 479 348 513 Quid
361 479 419 506 ita?

188 526 236 554 Ch.
258 525 336 552 Haud
354 523 476 551 arbitror
491 527 517 549 te
532 522 669 557 ignorare,
684 523 716 546 ut
728 518 784 552 jam
801 516 870 549 dixi,
886 515 943 542 haec

153 573 263 608 quidem
278 579 293 598 a
307 571 360 605 piis
376 569 440 601 dici,
456 576 510 595 non
524 575 556 595 eo
577 572 668 593 tamen
680 571 736 599 quo
747 567 777 590 tu
794 563 835 590 ais
851 560 943 588 modo.

192 618 254 644 ΕιΙι.
276 616 376 651 Ουιεεο
391 615 474 650 igitur
490 620 609 648 quonam
624 611 698 638 alio?

191 664 240 692 Ch.
265 662 377 690 Veteres
405 662 443 688 illi
467 668 522 688 non
548 659 585 686 ita
612 657 735 692 profecto
761 656 944 688 interrogant,

157 709 204 738 sed
221 709 274 736 alia
293 708 408 735 ratione.

196 755 257 782 ΕιΙι.
280 754 386 780 Ilursus
401 751 534 786 egojusta
553 748 729 777 accusatione
744 746 875 782 gravique
899 753 945 772 re-

158 801 341 837 prehensione
367 799 482 830 liberor,
509 797 572 824 dum
593 796 639 823 illa
666 797 803 829 vitupero,
829 799 946 827 quorum

161 856 193 874 ne
209 851 238 874 tu
256 846 366 881 quidem
384 844 569 880 patrocinium
584 843 681 869 sumis.
696 840 764 867 Nam
781 839 853 874 quod
874 844 900 865 tu
917 845 948 865 ea

160 892 346 928 praetermittis
368 898 429 925 qum
451 897 502 924 ego
522 889 664 919 criminor,
692 887 748 914 alia
768 892 833 913 vero
857 884 948 914 ali'ers,

161 940 186 966 id
202 941 335 973 quantum
357 936 406 963 tibi
421 935 543 962 aﬂ'erenti
556 938 637 969 auget
653 933 764 965 virium,
777 930 946 958 tantumdem

162 985 217 1012 illis
235 983 353 1010 detrahit
368 989 438 1017 quos
453 988 503 1008 nos
519 978 759 1015 reprehendimus.

198 1030 247 1058 Ch.
268 1030 336 1063 Quis
366 1034 392 1055 te
415 1028 472 1062 jam
499 1027 619 1061 benigno
642 1025 722 1052 oculo
753 1023 881 1058 aspiciat,
903 1025 951 1048 aut

163 1075 301 1104 hominem
326 1073 399 1108 frugi
424 1071 559 1107 appellet?
580 1070 647 1097 Cum
673 1069 746 1096 enim
766 1076 800 1095 eo
817 1066 951 1094 decideris

164 1129 218 1156 quo
233 1128 287 1147 non
303 1118 463 1153 oportebat;
479 1118 502 1145 si
517 1116 580 1152 quis
597 1120 623 1142 te
633 1115 744 1147 allevat,
758 1121 814 1141 non
826 1111 929 1139 laetaris
945 1118 952 1136 :

164 1168 220 1195 imo
233 1165 401 1200 expostulas,
416 1163 480 1198 quia
503 1169 557 1189 non
581 1161 627 1188 ubi
640 1158 888 1195 jacebas,.relictus
903 1155 952 1183 sis.

203 1212 264 1239 Eth.
286 1211 337 1244 Qui
359 1210 416 1237 fieri
435 1212 524 1244 potest
538 1212 568 1234 ut
584 1207 642 1234 haec
658 1206 693 1232 ita
710 1213 739 1232 se
754 1203 893 1232 habeant?

201 1258 250 1286 Ch.
269 1257 338 1291 Quia
353 1255 482 1283 nimirum
495 1253 592 1289 priscis
604 1251 728 1287 patribus
741 1258 774 1278 ea
789 1250 856 1277 vitio
870 1250 955 1277 verti-

167 1304 213 1337 sti,
228 1311 289 1338 qua:
304 1309 385 1329 nemo
407 1307 528 1335 unquam
544 1298 624 1326 dixit.
641 1296 719 1324 Nune
740 1299 832 1322 autem
850 1303 913 1322 cum
930 1300 955 1323 te

167 1349 270 1377 sentias
285 1346 462 1374 accusatione
477 1344 632 1375 exclusum,
650 1341 755 1377 peccati
769 1340 877 1368 veniam
900 1347 955 1367 non

169 1394 308 1430 postulas;
329 1399 417 1426 neque
443 1389 550 1422 cogitas
575 1388 690 1423 gratiam
717 1394 778 1414 esse
802 1386 955 1413 habendam

168 1441 191 1470 si
205 1440 266 1476 quis
279 1444 304 1467 te
319 1439 352 1466 ab
371 1439 421 1465 hac
433 1435 586 1465 temeritate
598 1438 716 1463 revocet,
730 1433 785 1459 imo
797 1431 874 1466 quia,
892 1431 957 1458 dum

170 1495 254 1516 unum
270 1485 388 1521 impotis,
407 1484 481 1511 aliud
505 1490 554 1518 pro
583 1489 616 1509 eo
633 1479 758 1512 lacessis,
784 1478 887 1505 idcirco
910 1479 958 1505 tibi

171 1533 386 1570 superbiendum
410 1538 472 1559 esse
491 1534 594 1565 putas:
610 1535 664 1563 qua
685 1526 806 1557 insania,
832 1532 957 1560 quaenam

171 1579 282 1616 gravior
298 1586 358 1606 esse
374 1577 482 1612 potest?

208 1625 271 1652 Eth.
291 1626 360 1651 Ante
377 1622 567 1650 refutationem
590 1627 634 1651 ne,
657 1626 761 1654 qumso,
782 1617 959 1653 supercilium

172 1672 281 1700 attollas
297 1677 385 1705 neque
404 1676 516 1704 magnos
529 1667 642 1701 spiritus
661 1672 752 1699 geras.
772 1663 839 1690 Nam
854 1670 901 1690 eos
915 1662 961 1697 qui

174 1719 278 1745 ratione
291 1716 427 1747 nituntur,
441 1719 557 1748 eamque
572 1719 628 1747 pra:
648 1718 678 1738 se
697 1709 824 1742 tendunt,
841 1709 904 1744 quis
923 1709 961 1735 ir-

174 1763 263 1797 ridere
275 1760 368 1788 ausit?

210 1807 258 1835 Ch.
279 1807 364 1834 Recte
379 1805 431 1833 ais.
447 1804 489 1831 Me
511 1803 596 1838 igitur
610 1799 758 1829 ratiocinio
775 1803 822 1826 tuo
837 1804 962 1832 sequere.

177 1855 227 1881 Aio
251 1858 362 1880 nostros
379 1859 434 1879 non
452 1851 622 1884 interrogare
641 1852 734 1874 utrum
752 1845 826 1874 Deus
848 1844 962 1872 verbum

176 1899 274 1927 intentis
289 1899 398 1926 habeat.

211 1945 275 1973 Eth.
296 1944 368 1977 Quid
385 1950 450 1978 ergo
462 1940 538 1970 aliud
555 1939 745 1975 interrogant?

210 1991 260 2021 Ch.
280 1990 364 2018 Estne
380 1989 451 2016 Deus
479 1995 561 2022 supra
583 1992 709 2013 naturam
725 1990 835 2012 omnem
849 1982 966 2015 locatus,

178 2042 285 2066 creator
300 2040 327 2064 et
342 2036 493 2070 inspector,
506 2041 557 2060 nec
571 2032 624 2060 ne?

215 2082 278 2110 Eth.
299 2080 372 2108 Nihil
388 2081 440 2107 hoc
456 2078 490 2106 ad
504 2078 638 2105 rationem
656 2084 744 2103 meam
769 2074 878 2102 attinet.
897 2072 966 2100 Nam

179 2135 267 2162 neque
285 2125 349 2160 quia
366 2132 428 2151 cum
452 2123 545 2150 divina
560 2126 658 2150 natura
680 2121 825 2148 facultates
837 2120 898 2154 ejus
914 2126 967 2146 non

179 2173 289 2208 eopulo.
304 2171 408 2199 idcirco
425 2170 562 2205 sophistas
582 2168 744 2196 calumniari
760 2165 884 2194 videbor.

216 2218 265 2247 Ch.
283 2216 343 2244 Non
359 2216 385 2244 id
401 2215 456 2243 aio.
473 2215 526 2242 Sed
542 2214 586 2242 fac
606 2214 727 2241 animum
744 2212 778 2239 ad
801 2209 967 2238 audiendum

727 183 857 216 ΡΗΟΤΙῙ
877 175 1131 213 PATRIARCHIE
1142 175 1197 205 CP.

1707 163 1780 198 1020

1027 235 1079 268 Xp.
1096 231 1133 260 Εὖ
1148 232 1179 267 γέ
1193 239 1234 257 σοι
1249 230 1304 261 πᾶς
1315 232 1329 256 ο
1343 226 1413 255 κατὰ
1425 225 1475 260 τῆς
1495 222 1634 254 εὐσεϐείας
1648 221 1688 254 to:
1712 221 1778 248 πολ-

989 266 1057 312 λοῖς»
1070 278 1201 309 ἐνσαπεὶς
1223 276 1332 312 χρόνοις
1348 274 1397 308 ὀψὲ
1421 272 1469 299 καὶ
1486 271 1562 306 μόλις
1575 267 1717 303 ἀπημωη·
1733 266 1782 293 καὶ

989 326 1050 362 ὄψει
1065 334 1098 359 γε
1112 324 1217 355 τοῦτον,
1233 323 1258 348 εἰ
1269 319 1429 356 βουληθείης
1440 316 1580 352 ἀνανήψας
1592 314 1703 349 ἐφορᾷν,
1714 313 1783 347 ὅσην

991 371 1065 409 εἶχεν
1081 372 1158 407 ἰσχὺν
1184 366 1435 403 καταλυμαίνεσοαι
1458 364 1492 391 τὰ
1505 362 1640 390 ἐντόσοια.

1031 462 1095 489 Ἑλ.
1112 459 1174 490 Πῶς
1185 458 1239 493 μήν
1251 465 1260 490 ;

1028 510 1080 543 Χρ.
1094 507 1152 534 Οὐκ
1162 503 1239 540 οἶμαί
1255 511 1284 530 σε
1294 501 1397 531 λαθεῖν,
1408 499 1446 529 ὡς
1458 498 1577 533 εἴρηται,
1591 493 1787 530 προτείνεσθαι

995 555 1045 592 μὲν
1059 552 1145 581 ταῦτα
1157 553 1213 582 τοῖς
1230 549 1383 580 εὐσεϐέων,
1402 547 1452 580 οὐχ
1468 545 1506 576 ὡς
1522 544 1554 570 σὺ
1576 542 1748 578 προέτεινας.

1036 602 1100 628 Ἑλ.
1115 599 1188 634 Ἀρα
1198 605 1240 631 γε,
1252 596 1301 622 καὶ
1315 594 1376 621 τίνα
1391 592 1493 628 τρόπον
1508 589 1605 622 ἄλλονς

1030 649 1081 682 Χρ.
1098 644 1203 673 Οὐκοῦν
1217 643 1266 678 οὐχ
1280 642 1351 676 ἆπερ
1364 639 1514 675 ἐρωτῶσιν,
1528 635 1584 663 ἀλλ’
1599 634 1681 670 ἕτερά
1695 641 1769 660 τινα.

1037 737 1098 764 Ἑλ,
1112 735 1169 762 Καὶ
1183 733 1264 760 πάλιν
1276 731 1393 766 ἀφίεμαι
1415 726 1522 758 δικαίας
1538 723 1627 754 αἰτίας
1638 721 1686 748 κα¹ι
1704 720 1790 755 μεγά-

997 785 1047 819 λης
1063 782 1195 819 μέμψεως
1220 779 1314 805 ἐκεῖνα
1328 775 1431 811 ψέγων,
1456 770 1494 799 ὧν
1519 770 1581 798 οὐδὲ
1594 770 1627 796 σὺ
1648 769 1708 819 τῆς⁷
1722 774 1792 819 πρρ-

1001 811 1115 860 σὲᾅὲιαξ
1128 811 1302 862 δπέρμαχος·
1316 823 1346 849 τὸ
1360 821 1415 856 γὰρ
1429 817 1550 856 μεθεῖναί
1565 825 1596 843 σε
1616 814 1676 841 καθ’
1691 811 1729 840 ὧν
1742 811 1792 862 την

1000 877 1090 905 αἰτίαν
1106 859 1317 911 ιρέρωςνὲτέραν
1330 869 1357 896 δὲ
1371 865 1561 903 προκομίζειν,
1580 863 1641 889 ὅσον
1656 862 1713 895 ἔχει
1733 859 1792 890 τοῖς

964 909 987 938 Β
1003 905 1250 959 προκομιζομένοις
1261 905 1291 944 τὸ
1304 915 1423 952 θαρρεῖν,
1438 911 1565 939 τοσοῦτον
1585 909 1641 940 τοῖς
1654 907 1700 941 ὑφ’
1712 905 1793 941 ἡμῶν

999 956 1220 1002 διαϐαλλομένοις
1237 964 1391 996 ἁπένειμας
1408 960 1439 985 τὸ
1453 958 1488 994 μὴ
1504 956 1627 1002 οαρρείν.

1035 1016 1087 1049 Χρ.
1107 996 1189 1039 ’Ᾰλλὰ
1205 996 1263 1040 πῶς
1287 1007 1320 1035 ἄν
1341 1007 1382 1037 τίς
1395 1014 1425 1031 σε
1445 1002 1573 1038 ὴδύτερον
1590 1000 1650 1030 ἴδοι,
1674 998 1692 1033 ἦ
1707 996 1794 1024 καλὸν

1001 1042 1119 1095 κάγαθὸν
1145 1057 1306 1092 ὀνομάσειες
1331 1051 1423 1080 πεσὼν
1452 1050 1508 1084 γὰρ
1523 1049 1566 1095 εἰς.
1577 1047 1595 1074 ἃ
1661 1044 1727 1095 ἔδει,
1742 1042 1793 1095 οὒκ

1042 1087 1085 1139 τις
1106 1087 1213 1141 χαίρείς
1229 1087 1418 1136 ἀναστήσειεν,
1434 1095 1502 1124 ἀλλὰ
1525 1093 1574 1121 καὶ
1592 1092 1672 1127 χάριν
1698 1090 1741 1117 ὅτι
1755 1087 1794 1124 μὴ

1002 1153 1131 1189 κείμενον
1146 1150 1254 1185 ἀφῆκεν
1270 1147 1409 1177 ἀπαιτεῖς.

1044 1199 1108 1226 Ἑλ.
1122 1197 1184 1228 Πῶς
1195 1196 1228 1231 δὴ
1242 1195 1290 1222 καὶ
1301 1194 1364 1220 τίνα
1372 1191 1472 1226 τρόπον
1482 1197 1490 1222 ;

1040 1244 1090 1277 Χρ.
1101 1242 1162 1268 Ὀτι
1172 1227 1365 1274 κατηγόρησας
1378 1234 1490 1262 ἐκείνων
1497 1232 1517 1260 ὃ.
1527 1231 1622 1267 μηδεὶς
1629 1227 1796 1264 προτείνειν

1005 1291 1053 1318 καὶ
1062 1273 1115 1323 τῆς
1132 1285 1301 1321 κατηγορίας
1310 1283 1381 1319 ὸρῶν
1397 1279 1510 1308 σεαυτὸν
1524 1279 1562 1309 ὡς
1577 1277 1665 1303 ἔοικεν
1680 1273 1798 1306 ἐξωθού-

1008 1319 1149 1371 μενονξγοὺ
1175 1319 1341 1365 sufﬁci)qu
1365 1325 1405 1358 οἷς
1421 1327 1545 1361 ἥμαρτες
1568 1322 1667 1353 αἰτεῖς,
1682 1319 1739 1371 066:
1754 1319 1798 1345 ὅτι

1007 1365 1216 1417 Ξίάρινγόφείλεις
1239 1376 1266 1403 εῐ
1286 1376 1328 1406 τίς
1352 1382 1381 1400 σε
1401 1371 1582 1409 μεταστήσειε
1607 1367 1655 1394 τοῦ
1679 1365 1800 1402 θράσους

1009 1411 1196 1460 ἓνίιοεῖςξάλλ*
1209 1424 1254 1451 ὅτι
1270 1421 1332 1449 καθ’
1358 1421 1461 1455 ἐτέρων
1487 1415 1653 1453 ὡρμημένος
1676 1411 1800 1443 διέϐαλες

1008 1476 1100 1511 ἕτερα,
1115 1458 1200 1508 ’μέγα
1227 1470 1349 1504 νομίζεις
1367 1466 1486 1501 φρονεῖν·
1504 1463 1552 1490 καί
1578 1470 1619 1489 τοι
1632 1462 1682 1496 τῆς
1707 1458 1802 1489 ἀνοίας

1009 1520 1111 1555 ταύτης
1123 1519 1150 1545 τί
1170 1518 1204 1545 ἂν
1218 1515 1262 1551 εἴη
1277 1512 1483 1550 χαλεπώτερον;

1052 1609 1115 1636 Ἑλ.
1130 1607 1187 1642 Πρὸ
1209 1605 1264 1632 τῶν
1287 1604 1406 1638 ἐλέγχων
1426 1600 1456 1628 οὐ
1477 1600 1516 1627 δεῖ
1535 1598 1586 1634 τὴν
1604 1597 1692 1633 ὀφρῦν
1714 1596 1805 1631 αίρειν

1011 1655 1071 1683 οὐδὲ
1086 1654 1195 1690 φρονεῖν
1211 1652 1291 1687 μέγα·
1307 1649 1350 1684 ἐφ’
1373 1645 1414 1680 οἷς
1428 1647 1460 1674 ἂν
1483 1646 1547 1677 τοὺς
1560 1644 1711 1679 ὑπέχοντας
1723 1642 1805 1676 λόγον

1012 1702 1029 1738 ἢ
1046 1701 1094 1728 καὶ
1110 1696 1346 1735 προϐαλλομένους
1361 1693 1404 1725 τίς
1421 1691 1629 1727 ὲπιχλευάσειε;

1048 1791 1101 1824 Χρ.
1114 1787 1213 1818 Καλῶς
1226 1794 1259 1820 γε
1273 1785 1352 1820 ἔφης·
1369 1782 1417 1810 καί
1432 1790 1476 1816 μοι
1488 1781 1545 1812 τοῖς
1564 1778 1706 1813 λογισμοῖς
1733 1783 1807 1811 παρ-

1015 1821 1166 1864 ακολούθει⁶
1177 1832 1209 1858 οὐ
1222 1831 1395 1867 προτείνουσι
1411 1828 1462 1863 τὴν
1475 1825 1621 1862 ἐρώτησιν.
1639 1823 1654 1850 ὁ
1674 1821 1740 1854 Θεὸς
1748 1821 1808 1856 ἔχει

1014 1881 1104 1916 λόγον.

1059 1928 1122 1954 Ἑλ.
1143 1924 1200 1953 Καὶ
1219 1923 1278 1955 πῶς
1294 1922 1401 1954 ἄλλως;

1051 1975 1103 2008 Χρ.
1117 1971 1191 2007 *Αρά
1213 1970 1272 1997 ὲστί
1286 1977 1313 1996 τι
1327 1968 1405 1995 Θείον
1422 1963 1638 2000 ὑπεριδρύμενον
1652 1962 1707 1990 τῶν
1722 1961 1810 1989 ὄντων

1016 2018 1214 2056 δημιουργικόν
1230 2025 1261 2042 τε
1277 2015 1325 2043 καὶ
1335 2013 1482 2041 ἐποπτικὸν
1495 2012 1512 2047 ἢ
1526 2011 1576 2044 οὓς

1058 2053 1123 2093 Ἐλξ
1136 2063 1220 2091 Οὐδὲν
1230 2061 1311 2089 τοῦτο
1327 2059 1395 2095 πρδς
1414 2059 1461 2086 τδν
1487 2057 1554 2093 ιμδν
1563 2056 1653 2091 λόγον.
1668 2054 1738 2082 οὐδὲ
1752 2053 1809 2089 γὰρ

1017 2114 1059 2141 ὅτι
1073 2111 1110 2148 μὴ
1130 2110 1246 2145 συνείρω
1268 2109 1302 2144 τῇ
1327 2106 1388 2141 θείᾳ.
1407 2105 1487 2140 φύσει
1505 2103 1539 2130 τὰ
1563 2101 1702 2138 προσόντα
1723 2100 1806 2136 αὐτῇ,

1018 2158 1062 2185 διὰ
1076 2157 1155 2184 τοῦτο
1165 2155 1230 2186 τοὺς
1244 2151 1375 2188 σοφιστὰς
1390 2148 1570 2184 συκοφαντεῖν
1583 2147 1661 2180 δόξω.

1054 2203 1107 2237 Χρ.
1121 2201 1159 2229 Οὐ
1175 2199 1256 2228 τοῦτο
1267 2199 1350 2232 λέγω⁸
1375 2196 1443 2223 ἀλλὰ
1460 2194 1558 2230 μικρὸν
1580 2192 1695 2220 σεαυτὸν
1707 2191 1811 2219 ὑπόθου

216 2235 265 2247 υιι-
283 2235 343 2244 ην..
360 2235 385 2244 η.
401 2235 456 2243 ιη...
473 2235 526 2242 ην..
542 2235 586 2242 ...ν
801 2235 944 2238 _______,,,,

180 2263 338 2301 diligentius
358 2262 494 2290 attendas.
517 2260 575 2288 Hoc
597 2267 698 2288 numen
715 2258 806 2293 (mitto
820 2256 944 2284 nunclai

1039 2249 1053 2284 ᾗ
1072 2235 1214 2282 ἀκροάσει·
1241 2243 1322 2271 τοῦτο
1335 2241 1368 2278 δὴ
1386 2240 1418 2268 τὸ
1440 2239 1512 2266 θεῖον
1536 2238 1595 2275 (καὶ
1608 2237 1659 2263 οὐκ
1674 2235 1731 2272 ιρῶ
1746 2235 1812 2267 τοὺς

1125 2294 1131 2301 ι
1169 2293 1175 2301 ι
1284 2287 1484 2301 humanius-
1494 2285 1539 2301 ..-ι
1564 2285 1701 2301 ιιησωιην
1720 2282 1738 2301 ι
1751 2282 1812 2301 ι)...

180 2312 306 2340 dationes
329 2309 401 2344 ejus)
420 2307 562 2336 Rationale
582 2314 617 2334 ne
635 2306 707 2333 dicis
730 2309 757 2332 et
776 2303 914 2339 Spiritale,
932 2309 968 2329 an

181 2356 342 2386 irrationale
365 2361 392 2382 et
417 2353 559 2382 inanime?
585 2352 723 2380 Audacter
751 2356 900 2386 presseque
925 2355 970 2376 re-

183 2403 297 2439 sponde.

218 2449 282 2476 Eth.
303 2447 401 2476 L'trum
413 2454 446 2474 ex
462 2446 506 2473 his
518 2446 620 2477 dicam,
642 2443 743 2471 nescio.

219 2494 268 2522 Ch.
288 2493 370 2528 Atqui
391 2492 553 2519 alterutrum
577 2497 610 2517 ex
633 2489 676 2517 his
693 2496 708 2516 a
731 2487 820 2523 priore
845 2485 971 2514 convicio

183 2542 306 2569 nondum
327 2544 354 2566 te
366 2538 495 2566 abducit?
514 2536 581 2564 Nam
600 2536 658 2563 sive
679 2542 780 2562 numen
797 2534 874 2561 dicas
893 2533 973 2559 ratio-

185 2587 246 2614 nale
268 2594 301 2614 ac
325 2585 460 2620 spiritale,
488 2583 542 2617 jam
572 2589 624 2610 nos
649 2588 703 2608 non
728 2587 811 2615 coges
833 2579 923 2606 dicere
945 2578 972 2605 in

185 2631 268 2658 verbo
286 2629 402 2657 Verbum
418 2636 488 2660 esse,
505 2635 594 2662 neque
611 2627 638 2653 in
651 2625 748 2660 spiritu
764 2624 906 2659 Spiritum.
925 2622 972 2649 Sin

186 2677 262 2704 dicas
287 2683 388 2703 numen
416 2674 482 2701 illud
508 2673 613 2701 ratione
636 2680 668 2699 ac
697 2671 771 2698 vitali
788 2670 887 2704 spiritu
912 2675 973 2696 esse

186 2726 336 2756 expertem,
367 2721 485 2755 teipsnm
508 2728 562 2747 non
583 2719 650 2746 alios
674 2718 700 2744 in
723 2716 872 2751 impietatis
890 2715 973 2742 bara-

188 2768 278 2796 thrum
293 2768 398 2804 dejicis.
417 2767 509 2803 Neque
524 2767 573 2794 tibi
590 2769 715 2800 superest
731 2769 758 2791 ut
781 2763 904 2790 Ethnica:
923 2762 976 2788 im-

1020 2282 1134 2331 ὕμνους)
1143 2293 1257 2327 πότερον
1275 2289 1400 2324 λογικὸν
1409 2287 1484 2324 ἐρεῖς
1494 2285 1542 2313 καὶ
1562 2285 1712 2319 ἔμπνουν,
1720 2282 1739 2318 ἢ
1751 2282 1814 2310 ἀλο-

1020 2329 1069 2376 γον
1083 2348 1113 2367 τε
1133 2339 1182 2366 καὶ
1200 2339 1319 2369 ἄπνουν;
1342 2334 1389 2362 καί
1414 2342 1461 2370 μοι
1480 2331 1604 2368 θρασέως
1620 2337 1651 2356 τι
1663 2329 1713 2356 καὶ
1728 2336 1814 2356 σπου-

1021 2387 1103 2418 δαίως
1114 2383 1275 2420 ἀποκρίνου.

1063 2433 1126 2460 Ἑλ.
1143 2431 1201 2465 οὐχ
1216 2429 1347 2462 ὁπότερον
1358 2426 1392 2453 ἂν
1404 2425 1460 2460 ἐρῶ
1473 2423 1620 2459 βουλοίμην

1059 2479 1111 2512 Χρ.
1133 2475 1203 2504 Ἀλλ’
1218 2474 1233 2501 ὃ
1245 2472 1359 2509 θάτερόν
1371 2479 1402 2498 σε
1418 2471 1468 2505 τῆς
1483 2468 1621 2505 προτέρας
1644 2467 1753 2503 ὕϐρεως
1765 2467 1818 2494 οὐκ

1024 2525 1126 2559 ἀπάγει
1138 2531 1146 2556 ;
1163 2522 1196 2550 ἄν
1210 2529 1241 2547 τε
1256 2519 1311 2555 γὰρ
1330 2518 1403 2554 ἐρεῖς
1416 2515 1527 2550 λογικὸν
1541 2515 1589 2542 καὶ
1603 2513 1739 2550 ἔμπνουν,
1753 2512 1818 2540 οὔτι

1023 2573 1069 2600 τὸν
1082 2558 1168 2605 Λόγον
1181 2568 1261 2601 λόγον
1285 2566 1357 2601 ἔχειν
1378 2563 1454 2599 ἡμᾶς
1480 2559 1730 2597 προσαναγκάσεις,
1755 2558 1819 2586 οὔτε

1025 2618 1110 2653 πνοὴν
1118 2616 1149 2643 τὸ
1157 2614 1282 2649 Πνεῦμα·
1292 2613 1325 2640 ἄν
1334 2620 1364 2638 τε
1375 2609 1428 2646 μὴν
1438 2613 1452 2634 1
1465 2609 1538 2644 ἐρεῖς
1548 2606 1628 2635 ὅτιτὸ
1635 2607 1715 2632 Θεῐον
1727 2606 1820 2632 ἐκεῖνο

1025 2651 1106 2699 λόγοι)
1121 2671 1152 2689 τε
1163 2661 1212 2689 καὶ
1229 2658 1387 2694 ζωαρχικῆς
1401 2654 1536 2691 ἀμέτοχόν
1547 2655 1605 2681 ἐστι
1622 2651 1720 2686 πνοῆς,
1737 2659 1821 2678 seu».

1026 2714 1083 2745 τὺν,
1098 2712 1149 2739 οὐκ
1163 2709 1261 2740 ἄλλους
1279 2707 1319 2738 εἰς
1343 2705 1393 2740 τὴν
1405 2704 1524 2739 ἐσχάτην
1540 2700 1667 2728 ἀσεὸείαν
1687 2699 1819 2735 βυθίζεις·

1030 2760 1077 2786 καὶ
1093 2759 1156 2785 οὗτε
1172 2765 1214 2784 σοι
1230 2755 1263 2782 τδ
1282 2752 1412 2781 πολὺοεον
1429 2751 1479 2786 τῆς
1498 2747 1659 2784 Ἑλληνικῆς
1669 2745 1821 2781 ἀθεότητος

808 2844 927 2874 ΥΑΠΙᾸΞ
961 2841 1106 2872 LECTiON
1113 2840 1164 2869 ES.

244 2912 258 2934 1
270 2907 336 2937 Cod.
354 2908 404 2943 μή.
