1874 3070
58 173 127 207 1021

479 174 530 204 Δί)
557 173 854 205 AMPHILOCHIUM
882 173 1054 211 QUIESTIO
1084 174 1234 206 CCXXVI.

1617 175 1687 208 1022

57 231 121 259 καθ’
135 230 215 266 ἡμῶν
227 230 299 266 ἔχειν
314 229 406 265 χώραν
425 229 648 265 ὲναπορμπτεις,
665 229 728 257 οὔτε
743 231 846 265 ὁλόγος
859 240 884 270 Α
897 240 904 266 ι

925 231 1004 259 etatis
1029 231 1240 267 polytheismum
1262 231 1342 259 nobis
1364 231 1497 266 obiicias;
1523 240 1612 264 neque
1629 234 1688 269 jam

58 277 234 309 ὲκὸἀλλεται,
249 276 306 303 ἀλλ’
320 276 382 303 οὐδὲ
397 276 428 303 τὸ
447 275 555 307 πνεῦμα
566 276 616 311 τῆς
630 276 766 311 θεότητος·
782 277 847 312 ὁρᾷς

57 325 133 354 ὅπως
155 323 190 349 τὰ
219 322 289 349 αὐτὰ
320 322 358 357 μὴ
382 321 513 354 ὡσαύτως
542 322 740 357 προτεινόμενα
762 323 847 350 πολὺν

58 369 140 396 σάλον
156 369 202 396 καὶ
225 369 344 404 τάραχον
368 370 425 400 τοῖς
447 369 568 404 ἀπείρως
587 369 678 404 ἔχουσι
695 370 744 404 τῆς
762 370 848 406 σοφῆς

58 416 106 441 καὶ
139 414 302 449 ἀδιαῦλήτου
331 414 444 449 μεθόδου
473 414 708 449 κατεπανίστησις
744 415 777 441 Τί
815 415 847 450 δὴ

59 461 140 495 σιγᾷς
153 469 161 493 ;
180 460 213 486 Et
229 460 279 495 μὲν
293 459 348 494 γὰρ
364 459 492 495 συνῆκας,
506 459 536 486 οὐ
552 459 594 486 δεῖ
606 460 655 495 τὴν
671 460 780 486 σύνεσιν
796 469 848 495 μα-

58 505 239 537 λακίζεσθαι·
269 505 294 531 ει
317 505 345 532 δὲ
371 505 421 540 μὴ,
437 505 519 532 πάλιν
541 504 632 540 λέγειν
659 505 693 532 τὰ
717 505 847 533 δοκοῦντα

58 551 186 586 ἐμποδῶν
201 551 274 577 ἐστιν
290 551 327 583 ὠς
343 552 408 586 ὁρᾷς
427 551 513 578 οὐδέν.

99 598 164 624 Ἑλ.
181 597 320 632 Θαυμάζω
330 597 387 628 πῶς
405 597 508 629 ὀαὺτὺς
523 597 601 632 λόγος
617 597 705 629 ἄλλως
720 598 770 633 μὲν
783 606 848 634 σχη-

61 643 243 677 ματιζόμενος
258 643 358 675 πολλὰς
374 643 456 677 γονὰς
470 643 557 670 ἐδίδου
573 643 669 677 λαϐῆς·
689 644 742 670 ὑπὸ
753 644 782 670 δέ
800 652 847 670 σου

60 690 119 715 νυνὶ
149 689 316 724 προαχθεὶς,
352 689 563 725 ἀπηλλαγμένος
594 691 702 716 πάντων
735 689 847 716 ἐκείνων

59 735 168 770 ἐδείχθη
188 735 356 770 περιφανῶς·
377 735 424 762 καὶ
445 736 476 762 οὐ
502 735 581 763 τοῦτο
606 736 696 771 μόνον,
720 736 788 763 ἀλλὰ
801 737 848 763 καὶ

58 782 133 808 δοκεί
147 781 178 807 τὸ
195 781 271 816 παρὰ
286 781 332 808 σοῦ
347 782 548 817 κηρυττόμενον
561 783 641 816 ἄγειν
659 783 698 814 είς
713 782 809 809 πειθώ.

93 828 146 861 Χρ.
166 827 222 853 Οὐκ
237 828 283 854 ἐπὶ
300 827 349 862 τῆς
359 828 507 864 εἰρημένης
521 828 623 861 Θέσεως
635 829 709 855 ἐστιν
719 848 727 861 ,
747 825 770 855 ὧ
785 828 843 863 βέλ-

57 882 146 906 τιστε,
172 874 256 909 μόνης
273 874 353 901 τοῦτο
372 875 509 908 κατιδεῖν,
535 876 604 904 ἀλλὰ
625 876 672 903 καὶ
695 877 738 904 ἐπ’
760 879 848 906 ἄλλων

897 279 1009 305 verbum
1034 286 1121 312 neque
1140 278 1204 305 item
1227 277 1340 312 spiritus
1357 278 1501 305 divinitate
1519 279 1688 308 excluditur.

897 322 993 350 Viden’
1020 327 1049 350 ut
1074 323 1209 350 sententia
1235 323 1329 350 cadent
1356 323 1417 350 aliis
1439 323 1531 351 verbis
1556 325 1684 360 recitata,

897 370 1110 405 perturbationis
1126 370 1240 397 nebulas
1255 374 1283 397 et
1295 369 1467 398 confusionis
1485 391 1492 402 ,
1507 370 1548 398 his
1570 373 1616 406 qui
1640 380 1687 399 so-

897 415 974 442 lertis
989 420 1107 450 tutaeque
1127 415 1249 442 methodi
1270 414 1357 450 ignari
1377 419 1452 446 sunt,
1477 414 1614 442 oﬂ'undat?
1629 414 1687 443 Cur

898 461 981 488 siles?
995 461 1063 488 Nam
1076 461 1099 488 si
1114 469 1171 488 rem
1187 460 1356 492 intellexisti,
1378 467 1433 487 non
1449 465 1491 487 est
1506 461 1687 496 intelligentia

898 507 1095 534 dissimulanda
1118 507 1165 534 :si
1190 507 1292 538 minus,
1322 507 1390 534 nihil
1418 511 1502 540 vetat,
1529 511 1560 534 ut
1582 507 1690 540 cernis,

898 554 964 588 quin
978 553 1048 580 idem
1065 561 1080 579 a
1096 560 1138 580 me
1153 553 1245 580 denuo
1262 553 1380 580 dicatur.

934 599 996 626 ΕιΙι.
1018 599 1101 626 Miror
1119 599 1256 634 quomodo
1270 599 1340 626 idem
1355 607 1446 627 sermo
1458 600 1537 627 aliter
1553 600 1687 635 ﬁguratus

898 644 993 671 multis
1017 643 1164 678 generibus
1183 643 1433 670 contradictionum
1450 645 1588 678 patuerit;
1612 652 1687 671 nunc

899 695 990 716 autem
1007 697 1021 716 a
1036 695 1061 716 te
1079 689 1212 723 prolatus,
1226 689 1269 716 his
1284 690 1411 716 omnibus
1425 689 1569 716 manifeste
1582 694 1685 717 careat.

898 734 992 770 Neque
1008 735 1033 762 id
1049 739 1180 767 eatenus;
1199 742 1262 761 nam
1280 742 1341 769 qua:
1363 738 1390 761 tu
1408 734 1489 767 dicis,
1505 734 1687 769 persuadendi

898 787 1007 814 quoque
1024 780 1075 805 vim
1090 779 1201 806 habent.

934 825 983 854 Ch.
1003 825 1062 852 Non
1089 826 1115 852 in
1139 825 1268 860 praedicta
1293 826 1394 858 solum,
1419 833 1437 852 ο
1461 826 1542 857 bone.
1567 826 1686 854 dictione

899 878 1067 906 cognoscere
1087 871 1162 903 licet,
1181 871 1227 899 sed
1247 871 1329 898 etiam
1350 871 1375 897 in
1391 871 1452 898 aliis
1467 871 1599 906 pluribus,
1614 871 1686 899 hanc

57 918 166 944 πολλῶν
191 918 222 944 τὺ
247 918 340 953 σχῆμα
363 919 410 946 τοῦ
433 919 523 954 λόγου·
545 921 591 947 καὶ
614 921 630 957 ή
665 924 844 959 προσαγωγὴ,
864 917 904 954 [31

925 917 1033 952 nquendi
1069 917 1199 951 speciem.
1232 916 1388 951 Propositio
1422 921 1512 944 autem
1548 917 1685 945 malitiose

58 964 286 1000 κακουργουμὲνη
302 964 362 999 μὲν,
380 965 421 998 εἰς
435 966 553 1002 ἀπορίαν
568 969 775 1003 περιτρέπεταΡ
787 971 846 996 κατ’

58 1010 125 1037 εὐθὺ
143 1010 173 1037 δὲ
188 1010 395 1046 προτεινομένη,
416 1011 448 1038 τὸ
459 1012 558 1040 οἰκεῖον
576 1013 703 1047 διασώζει
725 1015 771 1042 καὶ
787 1016 846 1042 δια-

59 1056 191 1091 φυλάττει
203 1056 321 1091 ἀξίωμα.

101 1103 165 1130 Ἑλ.
190 1101 253 1130 Οἷον
266 1103 294 1129 τί
307 1111 315 1137 ;

92 1151 146 1184 Xp.
155 1150 302 1186 Ἐὦμεν,εί
311 1151 411 1187 βούλει,
421 1152 455 1179 τὰ
469 1152 572 1188 πόρῤω·
583 1154 642 1181 ἀλλ’
652 1154 740 1181 έκεῖνο
751 1154 846 1190 ῥητέον

55 1196 69 1222 ὅ
93 1197 142 1223 καὶ
156 1197 223 1223 αὐτὸ
245 1198 314 1233 μετὰ
329 1199 379 1234 τῆς
395 1199 597 1235 προειρημένης
612 1199 779 1233 ἀποδείξεως
797 1201 846 1236 τῆς

54 1242 160 1277 χλεύης
175 1243 271 1277 γέγονε
285 1245 425 1274 κοινωνόν.

99 1288 164 1315 Ἑλ.
180 1288 217 1315 To
234 1290 312 1317 ποῖον
331 1290 443 1325 λέγεις;

91 1335 145 1367 Κρ.
158 1335 215 1361 Οὐκ
229 1335 284 1371 ἐρῶ
295 1336 386 1371 πάλιν,
411 1335 467 1373 ἆρά
488 1347 520 1373 γε
534 1339 644 1374 γόνιμος
657 1339 671 1365 ὁ
684 1338 751 1371 Θεὸς
771 1339 788 1374 ἦ
803 1338 844 1365 οὗ·

55 1378 102 1404 ila.
121 1378 160 1413 μὴ
173 1379 219 1405 τὸν
236 1380 347 1416 γόνιμον
358 1382 465 1416 ἀφελὼν
484 1383 531 1409 τοῦ
545 1382 611 1409 Υιοῦ
629 1382 782 1418 συναφέλῃς
798 1383 846 1409 καὶ

53 1425 107 1459 τὴν
121 1424 249 1460 θεότητα·
266 1426 283 1461 ἢ
306 1427 410 1461 διδοὺς,
440 1428 586 1460 πολυθεῖας
607 1429 674 1464 ἡμῖν
693 1429 846 1460 διαπλέξεις

53 1470 164 1505 σειρὰν·
180 1471 238 1498 ἀλλ’
254 1471 325 1499 οὕτω
340 1482 398 1505 πως
410 1474 525 1510 ἐροίμην
540 1474 584 1501 ἄν·
599 1474 715 1510 πότερον
730 1474 761 1501 τὺ
774 1474 846 1501 θεῖον

54 1516 105 1551 (ἐῶ
120 1517 149 1543 δὲ
164 1517 212 1544 νῦν
224 1519 286 1550 τοὺς
306 1518 408 1554 ὕμνους
419 1519 466 1552 οὓς
487 1521 504 1556 ὴ
518 1520 643 1556 μακαρία
657 1520 737 1555 φύσις
753 1520 845 1556 ἐκείνη

56 1562 180 1594 ϐιάζεται
191 1563 303 1599 λέγειν),
319 1565 376 1592 ἀλλ’
390 1565 437 1592 οὖν
448 1566 477 1592 τὸ
492 1566 563 1592 θεῖον
575 1567 692 1602 πότερόν
707 1567 767 1593 ἔστι
781 1574 845 1601 γεν-

54 1609 177 1644 νητικὸν.
200 1610 217 1645 ἦ
239 1610 289 1645 τῆς
312 1611 454 1647 δυνάμεως
474 1612 614 1648 ἀφῄρηται
639 1612 759 1648 ταύτης
794 1611 844 1647 τῆς

54 1655 82 1680 δὲ
97 1654 218 1687 διανοίας
228 1656 274 1682 τοῦ
288 1657 384 1689 ἁπλοῦ,
400 1658 461 1684 ἀντὶ
471 1658 519 1684 τοῦ
533 1659 628 1694 ῥέπειν
640 1658 709 1694 πρὸς
719 1659 768 1694 τὴν
783 1659 846 1693 ὲρη-

57 1701 122 1734 μίαν
129 1701 180 1736 τῆς
186 1703 350 1736 γεννήσεως,
357 1704 397 1736 είς
406 1704 455 1739 τὴν
465 1704 590 1740 γέννησιν
599 1704 844 1740 ἐπιστρεφομένης,

55 1746 155 1781 ξιομεν
170 1747 216 1774 τὸν
237 1747 311 1780 Υἱδν,
327 1748 389 1775 οὔτε
414 1751 464 1784 τῆς
482 1749 609 1785 Θεότητος
629 1749 843 1784 ἀλλοτριοῦντες,

55 1792 118 1818 οὔτε
132 1793 285 1828 γεννήσεως
300 1793 366 1820 ῐδιον
393 1794 632 1829 ἀνομολογοῦντες·
660 1795 689 1821 έν
714 1794 761 1830 ὅλῃ
789 1793 844 1828 γὰρ

55 1837 144 1864 ταῦτα
157 1839 192 1873 τῇ
214 1838 333 1874 θεότητι,
357 1840 416 1866 ἀλλ’
429 1840 480 1867 οὐκ
494 1842 536 1876 ἐφ’
548 1841 652 1877 ἑκάστῃ
666 1840 722 1867 τῶν
732 1841 762 1867 ὲν
772 1840 840 1876 αὐτῇ

56 1882 274 1919 θεολογουμένων
290 1885 454 1921 προσώπων.

299 1974 467 2001 sparum
484 1975 578 2008 zxq'.

130 2018 162 2045 Τί
177 2019 244 2047 ἐστι
255 2020 300 2053 τὸ,
316 2030 326 2047 ι
345 2021 442 2048 Πόθεν
455 2021 661 2057 παραγέγονας
677 2020 769 2056 (86);»

898 962 998 992 oblata,
1015 962 1218 997 perplexitatem
1234 966 1325 995 creat;
1351 966 1423 989 recte
1445 962 1580 997 exposita,
1602 971 1683 991 suam

897 1006 1060 1034 incolumem
1078 1007 1235 1042 dignitatem
1251 1006 1361 1034 retinet.

933 1095 997 1123 Eth.
1017 1095 1128 1131 Ecquod
1145 1096 1230 1124 habes
1243 1096 1281 1124 rei
1296 1097 1472 1131 exemplum?

932 1139 981 1168 Ch.
1002 1139 1180 1173 Omitlamus,
1200 1141 1224 1168 si
1239 1141 1292 1173 vis,
1315 1146 1418 1168 remota
1437 1141 1525 1169 :iIIud
1547 1142 1681 1177 dicamus,

896 1186 969 1221 quod
987 1186 1014 1212 in
1029 1186 1186 1221 supradicto
1202 1194 1329 1214 sermone
1342 1186 1410 1214 risui
1428 1187 1552 1216 habitum
1566 1187 1629 1217 fuit.

932 1273 995 1302 Eth.
1015 1274 1100 1307 Quale
1116 1275 1143 1302 id
1160 1275 1222 1302 est?

933 1320 982 1348 Ch.
1011 1321 1068 1355 Ego
1095 1321 1223 1357 deinceps
1248 1329 1302 1349 non
1323 1321 1501 1359 interrogabo
1522 1331 1587 1351 num
1610 1324 1683 1352 Deus

896 1365 1029 1394 fecundus
1055 1367 1101 1399 sit,
1119 1375 1169 1395 nec
1191 1375 1244 1401 ne;
1269 1375 1304 1395 ne
1324 1367 1394 1395 forte
1413 1373 1453 1400 tu,
1469 1376 1532 1396 cum
1553 1369 1682 1404 gignendi

896 1411 932 1444 vi,
953 1411 1052 1439 Filium
1075 1420 1186 1447 quoque
1206 1413 1308 1448 eripias
1327 1420 1359 1440 ac
1380 1413 1551 1442 divinitatem
1574 1423 1581 1441 :
1599 1414 1642 1442 vel
1657 1414 1683 1442 si

895 1458 1041 1490 concedas,
1057 1458 1238 1492 polytlteismo
1268 1466 1319 1486 nos
1341 1459 1459 1487 irrctias.
1485 1459 1539 1487 Sed
1554 1460 1684 1495 proposi-

897 1503 998 1530 tionem
1015 1504 1054 1531 sic
1074 1504 1253 1532 conformabo
1281 1514 1289 1533 :
1322 1511 1450 1533 utrumne
1472 1514 1571 1534 numen
1591 1507 1683 1538 (mitto

896 1557 970 1576 nunc
985 1555 1098 1577 caeteros
1118 1550 1224 1583 titulos,
1244 1551 1290 1585 qui
1309 1551 1395 1578 beata:
1410 1551 1448 1578 illi
1464 1556 1568 1578 natum:
1581 1552 1683 1579 deben-

894 1595 960 1630 tur),
976 1600 1115 1629 utrumne,
1137 1595 1262 1631 inquam,
1291 1604 1392 1624 numen
1415 1601 1458 1624 est
1482 1605 1626 1631 generans,
1646 1604 1682 1624 an

893 1641 946 1669 hac
962 1641 1092 1669 facultate
1106 1643 1199 1669 caret?
1213 1642 1291 1670 Tunc
1312 1644 1386 1670 enim
1408 1643 1592 1678 simplicitatis
1606 1643 1682 1679 cogi-

893 1687 997 1714 tatione
1010 1695 1064 1714 non
1080 1688 1113 1714 ad
1126 1688 1313 1722 generationis
1327 1688 1448 1723 inopiam
1463 1688 1510 1716 sed
1526 1689 1559 1716 ad
1570 1696 1682 1723 genera-

893 1733 995 1759 tionem
1024 1733 1134 1764 renexa,
1160 1733 1259 1760 Filium
1282 1733 1437 1761 habemus:
1454 1741 1534 1769 quem
1555 1741 1643 1769 neque
1664 1741 1682 1763 ι

893 1777 1037 1806 divinitate
1059 1779 1267 1812 submovemus,
1289 1786 1379 1814 neque
1403 1780 1437 1807 ad
1453 1780 1599 1814 generandi
1615 1787 1681 1815 pro-

895 1823 1037 1858 prietatem
1062 1823 1242 1851 admittimus.
1259 1824 1366 1859 Quippe
1388 1825 1433 1852 illa
1447 1826 1599 1860 propositio
1618 1825 1681 1853 uni-

895 1877 1004 1897 versam
1028 1869 1112 1897 al'ﬁcit
1126 1870 1309 1903 divinitatem,
1325 1879 1380 1899 non
1404 1879 1626 1908 unamquamque
1638 1872 1682 1901 di-

896 1914 1020 1942 vinitatis
1034 1914 1155 1949 ejusdem
1172 1922 1328 1950 personam.

896 1969 1061 2004 QUESTIO
1069 1969 1195 1998 CCXXV!
1205 1970 1422 2007 [Coitl.CLXIX,
1433 1971 1515 2000 Τοίην.
1528 1971 1681 2008 CLXVIII].

967 2015 1038 2049 Quid
1053 2017 1105 2044 sibi
1119 2017 1174 2044 vult
1189 2018 1256 2044 illud
1269 2025 1279 2045 :
1306 2027 1316 2044 ι
1336 2017 1410 2046 Unde
1426 2019 1558 2047 accessit“
1568 2021 1581 2048 2
1598 2028 1609 2046 ι

413 2079 485 2104 Nune
494 2081 600 2112 primum
613 2080 678 2104 edita
688 2087 702 2104 a
713 2080 742 2105 D.
755 2076 969 2110 Hergenroether.
984 2088 1016 2094 —
1024 2075 1161 2107 Exegetica
1171 2075 1197 2101 in
1208 2076 1265 2101 Job.
1277 2084 1293 2107 ι,
1303 2077 1328 2102 7.

87 2131 147 2166 Οὐχ
159 2131 263 2163 ἅπλῶς,
276 2131 314 2163 ὡς
329 2131 362 2159 ἄν
375 2140 417 2163 τις
430 2131 546 2167 οἰηθείη.
559 2133 575 2167 ἡ
591 2131 666 2167 φωνὴ
679 2130 839 2166 ἐρωτήσεως

925 2127 1089 2162 Neutiquam
1103 2135 1153 2154 vox
1171 2127 1220 2154 ista
1232 2147 1239 2159 ,
1255 2132 1285 2154 ut
1298 2129 1371 2155 torte
1383 2129 1520 2164 quispiam
1533 2130 1682 2159 arbitratus

56 2177 137 2211 μόνον
153 2176 335 2212 προϐάλλεται
349 2177 447 2209 τύπον,
465 2177 533 2204 ἀλλὰ
548 2177 594 2204 καὶ
617 2176 770 2212 βαθυτέρας
793 2176 840 2211 ζη-
889 2173 904 2200 fl

925 2174 987 2206 :rit,
1011 2173 1234 2208 interrogationis
1254 2174 1428 2202 solummodo
1449 2175 1566 2204 formam
1582 2184 1637 2212 pra
1651 2185 1682 2206 se

53 2224 160 2257 τὴσεως
180 2222 366 2250 ἀνακαλύπτει
391 2223 518 2259 θεωρίαν.
549 2223 596 2256 Σὺ,
617 2222 712 2257 φησὶν,
730 2223 759 2249 ὲν
783 2223 840 2254 τοῖς
889 2217 904 2245 ft

925 2223 940 2244 -ι
953 2237 960 2251 ,
979 2217 1025 2246 sed
1047 2222 1073 2245 et
1093 2217 1279 2252 profundioris
1296 2218 1486 2253 inquisitionis
1501 2220 1602 2255 detegit
1615 2228 1682 2249 con-

54 2267 238 2302 χαμαιπετέσι
275 2268 322 2294 καὶ
346 2269 496 2303 περιγείοις
521 2268 564 2295 διὰ
602 2267 652 2304 τὴν
681 2267 840 2299 ἀλαζονείαν
888 2268 904 2290 ιι

925 2263 1102 2298 nplationem.
1122 2262 1163 2290 Tu
1181 2283 1189 2297 ,
1212 2264 1250 2290 ait
1265 2263 1374 2300 (Deus)
1389 2283 1396 2295 ,
1413 2269 1522 2299 propter
1536 2265 1635 2292 fastum
1648 2273 1681 2293 ac

54 2313 266 2345 καταδικασθεὶς
285 2314 336 2350 τὴν
358 2314 463 2341 διαίταν
488 2314 571 2349 ἔχειν,
590 2313 672 2340 πόθεν
687 2313 703 2349 ἢ
720 2313 778 2344 πῶς
795 2315 839 2340 ὲν·-
886 2309 904 2344 ,Ῑὲ

925 2309 1046 2336 :tantiam
1060 2329 1067 2340 ,
1086 2309 1119 2337 ad
1131 2309 1275 2336 incolenda
1287 2309 1378 2337 inﬁma
1394 2309 1466 2337 circa
1479 2314 1578 2337 terram
1593 2311 1680 2345 spatia

53 2359 142 2386 ταῦοα
156 2359 359 2395 παραγέγονας,
373 2359 505 2395 οὐδεμίαν
517 2359 587 2395 έχων
610 2359 735 2392 ἐξουσίαν
757 2359 839 2395 ἱερῶν
857 2352 879 2380 Ι)
891 2363 904 2383 c

926 2356 1106 2388 ndemnatus,
1132 2356 1204 2383 unde
1222 2360 1269 2382 aut
1281 2363 1400 2390 quonam
1423 2360 1503 2390 pacto
1515 2355 1569 2383 huc
1587 2363 1680 2385 acces-

53 2404 160 2439 ἀνδρῶν
174 2404 403 2439 περιεργάζεσθαι
428 2405 512 2440 βίους,
526 2405 555 2431 ὲν
570 2405 684 2436 ἐκείνοις
699 2405 727 2432 δὲ
751 2405 841 2440 μόνοις
891 2410 904 2430 s

925 2402 969 2436 ni,
993 2402 1095 2430 nullam
1117 2402 1222 2430 habens
1243 2406 1405 2437 potestatem
1428 2407 1587 2430 sanctorum
1606 2404 1681 2431 viro-

54 2450 234 2485 ἀπορριφεὶς,
251 2451 277 2476 οἶ
292 2459 320 2477 σε
335 2451 386 2487 τῆς
400 2451 504 2483 οἰκείας
525 2451 663 2483 πολιτείας
678 2452 735 2483 τοῖς
751 2452 841 2487 πλημ-
891 2457 904 2476 r

925 2457 950 2476 ιη
969 2449 1052 2476 vitam
1076 2448 1220 2484 indagandi
1240 2453 1267 2475 et
1285 2448 1467 2483 inspiciendi;
1489 2449 1537 2478 sed
1560 2449 1594 2478 ad
1618 2450 1680 2478 illos

56 2495 211 2530 μιλήμασιν
232 2496 381 2530 εἰσηγητὴν
399 2496 446 2522 καὶ
463 2496 581 2530 χορηγδν
606 2495 716 2522 ἀτόπων
734 2496 841 2522 ποιοῦν·
890 2500 902 2520 s

925 2493 964 2520 los
979 2493 1118 2528 deiectus,
1145 2493 1192 2528 qui
1220 2497 1245 2520 te
1260 2493 1368 2520 delictis
1386 2494 1548 2528 perpetratis
1568 2494 1595 2522 in
1615 2502 1680 2530 pro-

54 2549 114 2573 ταις
133 2540 220 2567 Πόθεν
234 2540 281 2567 οὖν
295 2542 335 2572 είς
352 2541 435 2577 μηδέν
448 2550 489 2568 σοι
506 2541 680 2577 προσήκοντα
694 2541 751 2577 βίον
765 2542 840 2576 λογο-
889 2545 904 2572 Ρ

925 2538 949 2565 ia
964 2538 1018 2565 vita
1035 2539 1195 2574 magistrum
1216 2546 1248 2566 ac
1261 2539 1357 2566 ducem
1373 2539 1551 2568 ahsurditatis
1566 2540 1618 2568 sibi
1636 2539 1679 2567 fa-

56 2584 135 2620 θέτην
151 2585 247 2612 ἑαυτὸν
261 2585 317 2621 (87)
329 2586 435 2622 ἐπῆρας
451 2585 577 2620 γενέσθαι
589 2595 596 2618 ;
887 2591 901 2611 c

925 2584 982 2611 tnt?
1002 2584 1078 2612 Unde
1096 2585 1180 2620 igitur
1198 2592 1283 2612 ausus
1311 2593 1341 2612 es
1373 2593 1515 2613 censorem
1531 2590 1557 2613 te
1574 2586 1679 2613 consti-

886 2634 963 2657 tuere
986 2630 1059 2663 vitae,
1081 2637 1142 2665 qua:
1168 2630 1244 2657 nullo
1272 2638 1384 2665 prorsus
1405 2631 1486 2659 modo
1514 2631 1548 2658 ad
1568 2636 1595 2659 te
1614 2639 1678 2667 per-

892 2675 981 2702 tinet?

804 2730 908 2760 ΝΟΤΛΕ

696 2787 842 2828 cisiiniano
896 2790 1034 2828 Caesarius
1042 2789 1147 2828 Dialog.
1156 2789 1178 2823 I,
1189 2798 1218 2825 q.
1226 2789 1274 2828 49»;
1287 2789 1584 2828 Pseudo-fithana’si’us,
1594 2798 1622 2827 q.
1633 2791 1678 2828 12,

700 2824 840 2862 aurittensi
896 2834 922 2861 p.
935 2826 1049 2862 270-2“
1066 2834 1075 2862 ;_
1092 2824 1220 2852 Anastas.
1239 2825 1354 2862 Siriaita,
1368 2834 1395 2862 q.
1407 2827 1451 2862 3i,
1466 2834 1493 2862 p.
1509 2827 1570 2855 500.

930 2862 985 2897 (87)
1002 2860 1097 2888 ἑαυτὸν
1109 2868 1157 2896 pro
1168 2860 1275 2887 σαυτόν.

89 2785 147 2820 (86)
163 2783 226 2813 llaac
239 2786 355 2821 quaestio
365 2786 408 2814 bis
425 2787 535 2821 ponitur
548 2795 575 2814 ιιι
594 2787 653 2816 cod.

58 2821 93 2854 (ιι.
120 2820 156 2847 90
174 2826 202 2848 et
221 2820 255 2856 q.’
281 2821 348 2883 16θᾶ
366 2820 460 2864 etubis
480 2830 597 2864 quoque
622 2823 649 2864 in

58 2856 94 2883 (tl.
128 2856 174 2883 90.
201 2860 227 2882 et
255 2864 282 2883 α.
314 2857 326 2883 1
350 2857 376 2883 8i
397 2856 492 2883 nsdem
524 2858 614 2883 verbis
632 2866 649 2883 ιι

58 2856 94 2892 tt].
128 2856 182 2892 90.
201 2860 227 2892 et
255 2864 282 2891 q.
314 2856 376 2892 168)
397 2856 492 2884 iisdem
524 2858 614 2886 verbis
632 2858 775 2892 in'cipiens.
801 2859 839 2886 De

59 2890 96 2917 tus
109 2890 200 2919 verbis
210 2890 269 2919 Job
277 2899 308 2926 ιι,
323 2892 351 2926 9,
369 2890 418 2926 i7,
433 2892 525 2927 plures
547 2897 667 2921 veterum
688 2890 782 2928 agunt,
807 2898 838 2921 ut
