1874 3070
181 137 252 170 1023

181 243 276 270 Utrum
285 243 312 269 in
327 241 411 268 verbis
423 249 432 267 :
445 250 454 266 ι
475 241 546 267 Misit
564 239 634 266 Deus
657 239 753 266 Filium
768 247 856 271 suum,
868 247 878 265 ι
890 238 976 273 γενώ-

218 286 297 313 μενον
319 275 432 311 (natum)
453 275 543 313 dicere
562 284 598 302 an
613 274 761 310 γενόμενον
781 274 905 309 (factum)
928 281 975 309 per

215 310 295 340 unum
310 321 324 339 ν
340 310 463 346 oportet?

760 133 894 165 ΡΗΟΤΙΙ
912 133 1170 164 PATRIARCIUE
1189 134 1244 165 (ΞΡ.

179 194 346 230 auresue
370 191 522 227 ccxxvut
554 192 673 229 [Coisl.,
695 191 778 220 Taur.
806 190 975 227 LXXXIX].
993 198 1015 227 Α

1750 131 1811 164 1024

1288 191 1459 219 ΕΡΩἸἩΣῘΣ
1477 191 1561 219 ΣΚΖ’.

1033 248 1043 266 l
1061 239 1297 271 Ἐξιιπέστειλεν
1313 240 1330 266 ό
1349 238 1423 271 Θεὸς
1443 238 1498 265 τὸν
1515 238 1585 265 ΥΙὸν
1602 238 1697 266 αὐτοῦ
1712 238 1811 271 γεννώ-

1044 283 1140 310 μενον
1163 275 1209 302 δεῖ
1223 274 1334 310 λέγειν,
1348 274 1368 309 ἢ
1383 274 1548 309 γενόμενον
1557 273 1597 301 δι’
1607 273 1678 308 ἑνός
1694 274 1767 310 (88);
1787 284 1795 300 I

194 370 322 396 Editarum
334 377 349 394 a
361 368 451 394 Wolllo
464 367 588 393 tricesima
598 374 676 400 prima
692 368 762 399 (Cur.
775 366 900 401 Plu'lolog.
913 370 930 393 t.
940 367 971 399 V,
981 375 1006 400 p.
1017 367 1132 393 688-689.
1148 366 1260 393 Galland.
1278 365 1392 392 Biblioth.
1404 366 1509 392 Patrum
1520 369 1539 391 t.
1552 366 1615 396 XIV,
1627 373 1652 398 p.
1662 366 1720 396 804,
1733 373 1757 391 n.
1768 366 1801 398 8.)

212 425 362 461 Γενόμενον
378 425 501 460 (factum)
514 433 545 451 ea:
554 424 663 452 muliere
674 424 766 452 dicere
780 424 978 459 oportet,sicut

178 477 205 499 et
219 471 366 506 γενόμενον
381 471 428 497 sub
451 471 505 506 tege
516 471 616 498 dicitur
638 479 686 506 per
702 478 786 498 unum
805 479 819 497 ν
836 479 976 505 nunquam

179 517 352 544 mutandum.
375 516 499 544 Primum
521 517 632 552 quidem
650 537 658 549 ,
683 517 757 552 quod
779 518 923 545 sententiae
951 521 979 544 et

179 570 261 591 voces
274 564 325 591 sibi
343 563 458 591 invicem
470 571 578 599 semper
590 564 756 598 respondere
768 563 868 591 debent
883 573 889 591 :
902 563 978 590 dein-

180 610 215 637 de
227 617 304 642 vero,
324 610 395 644 quod
413 609 540 638 Chnslus
555 610 665 644 quidem
690 610 798 645 genitus
812 614 854 637 est
871 611 980 644 (γεγέν-

178 656 268 691 νηται)
285 664 317 683 ex
341 656 472 691 Virgine,
507 656 553 683 ubi
574 656 687 683 verbum
713 656 780 683 illud
804 655 831 683 in
856 656 979 683 secunda

180 701 282 736 syllaba
298 709 345 735 per
359 701 414 728 duo
439 709 454 727 ν
466 701 653 733 [scribendum
668 706 726 734 est;
745 708 799 728 non
812 705 903 728 autem
919 709 979 728 am-

179 747 251 782 plius
273 748 393 782 gignitur
412 757 418 775 :
439 748 523 774 semel
539 749 612 774 enim
631 751 736 774 tantum
755 755 788 774 ex
807 746 918 783 Virgine
932 754 980 781 ge-

180 793 255 820 nitus
269 799 319 821 est.
333 793 440 820 Nemini
452 801 516 821 vero
526 793 571 821 hic
582 793 707 828 Gregorii
725 793 857 828 Thcologi
875 792 978 820 dictum

1066 425 1239 459 Γενόμενον
1268 423 1307 450 δεῖ
1328 423 1419 458 λέγειν
1443 424 1475 450 ἑκ
1497 423 1638 457 γυναικὸς,
1659 422 1754 458 ὥσπερ
1774 423 1817 451 καὶ

1029 471 1198 505 γενόμενον
1217 470 1277 498 ὑπὸ
1300 470 1395 504 νόμον
1416 469 1461 497 διὰ
1484 469 1531 497 τοῦ
1554 470 1614 501 ἑνὸς
1641 470 1816 506 ὰμετασόλου.

1030 516 1144 553 Πρῶτον
1161 517 1210 552 μὲν
1226 518 1258 543 ἐκ
1271 516 1322 551 τῆς
1345 517 1477 552 συνεχοῦς
1495 516 1675 552 παραθέσεως
1690 517 1745 543 τῶν
1760 525 1817 551 νοη-

1031 563 1124 598 μάτων
1134 572 1165 589 τε
1177 562 1224 589 καὶ
1241 564 1273 599 ρη
1279 563 1382 598 μάτων.
1405 563 1539 598 Δεύτερον
1553 563 1592 593 δὲ.
1605 563 1646 590 ὅτι
1661 563 1817 598 γεγέννηται

1032 609 1082 645 μὲν
1104 610 1118 636 ὁ
1141 609 1259 644 Χριστὸς
1282 610 1314 635 ὲκ
1337 609 1477 644 Παρθένου
1502 609 1558 635 τῶν
1572 609 1618 635 δύο
1641 609 1818 644 γραφομένων

1029 654 1102 682 κατὰ
1116 655 1166 689 τὴν
1185 655 1317 690 δεύτεραν
1343 655 1481 691 συλλαϐὴν
1503 655 1692 690 ἀμεταϐόλων.
1715 655 1752 681 Οὐ
1769 655 1819 690 μὴν

1028 701 1056 728 δὲ
1075 702 1215 735 γεννᾶται.
1236 701 1328 734 "Artes
1356 700 1410 735 γὰρ
1431 701 1464 727 ὲκ
1485 700 1625 736 Παρθένου
1649 701 1817 734 γεγέννηται.

1029 746 1134 781 Μηδενὶ
1158 746 1186 773 δὲ
1202 747 1219 782 ἡ
1243 746 1290 773 τοῦ
1310 746 1444 780 Θεολόγου
1466 747 1635 782 Γρηγορίου
1655 747 1723 782 (88')
1747 748 1818 783 φωνὴ

1029 792 1134 828 πλάνης
1148 793 1236 819 αἴτιον
1251 793 1383 826 γενέσθω.
1402 793 1523 824 Ἐκεῖνος
1547 793 1602 829 γὰρ
1624 793 1737 828 ἔφησεν,
1754 794 1819 828 Χρι-

180 839 290 866 errandi
307 839 481 866 occasionem
496 841 623 873 prmheat.
640 838 690 866 Ille
703 839 776 866 enim
793 838 861 865 dixit
875 847 882 865 :
902 838 979 865 Chri-

1065 840 1106 872 ’ὸς
1119 839 1260 874 γεννᾶται
1274 840 1355 875 (88“)
1367 861 1376 874 ,
1403 841 1451 875 οὐχ
1467 841 1509 867 ὅτι
1523 840 1568 867 διὰ
1583 841 1684 872 παντὸς
1702 841 1734 867 ὲκ
1748 841 1819 876 Παρ-

181 890 238 913 stus
251 885 389 920 gignitur;
402 893 455 912 non
468 885 541 920 quod
554 892 663 920 semper
674 893 706 912 ex
721 884 833 920 Virgine
845 885 977 920 gignitur,

1028 885 1105 913 οένου
1121 895 1184 920 γενν
1191 887 1265 918 ἆται,
1279 886 1337 914 ἀλλ’
1351 887 1392 913 ὅτι
1402 896 1434 921 γε
1451 887 1467 922 ὴ
1482 887 1609 923 παροῦσα
1625 887 1687 914 τότε
1700 888 1820 922 πανήγυ-

181 931 311 965 sedquod
329 931 397 958 l'esta
414 931 459 958 illa
473 931 570 959 concio
589 931 633 959 die
648 930 757 958 Domini
775 931 862 959 nostri
895 930 979 959 natali

1065 941 1073 964 ;
1092 933 1142 968 τῆς
1162 933 1211 960 τοῦ
1229 934 1367 962 Δεσπὸτου
1383 936 1538 971 γεννήσεως
1554 934 1704 970 ἐτύγχανεν
1720 935 1819 971 ἡμέρα.

181 978 345 1005 habebatur.
368 979 462 1013 Itaque
483 978 559 1006 omni
584 978 666 1005 modo
687 977 840 1005 cavendum
861 982 921 1010 est,
946 985 979 1004 ne

1065 978 1172 1005 5111\nd.
1189 979 1284 1014 τρόπῳ
1301 980 1454 1014 φυλακτέον
1476 980 1524 1007 τοῦ
1545 981 1712 1015 γενόμενον
1725 980 1760 1007 ἐκ
1774 990 1822 1015 γυ-

181 1024 302 1058 phrasitn
318 1024 465 1059 γενόμενον
487 1025 519 1051 ὲκ
539 1024 669 1058 γυναικὸς
695 1024 738 1052 vel
765 1024 914 1059 scriptione
939 1024 979 1052 vel

1065 1025 1134 1057 ιικὸς
1147 1024 1191 1052 διὰ
1212 1025 1266 1052 τῶν
1285 1026 1333 1053 δύο
1352 1035 1377 1059 ν,
1414 1027 1485 1063 μήτε
1500 1026 1552 1063 τὴν
1566 1026 1676 1063 γραφὴν
1692 1027 1765 1063 μήτε
1776 1026 1822 1063 τὴν

181 1070 404 1105 pronuntiatione
417 1077 466 1105 per
482 1069 537 1098 duo
553 1078 567 1096 ν
579 1069 738 1097 etleramus.

1032 1069 1190 1105 ὲκφώνησιν
1204 1071 1355 1100 ποιεῖσθαι.

541 1129 706 1163 QUIESTIO
729 1128 882 1158 CCXXVlll
911 1127 1010 1165 [CoisL
1028 1128 1112 1157 Taur.
1137 1129 1448 1168 LXXVI].——lnedit1.

415 1177 454 1204 De
469 1183 568 1204 natura
585 1182 609 1204 ct
625 1186 748 1213 persona.

215 1223 244 1251 ld
254 1223 326 1259 quod
339 1224 488 1258 apparebat
500 1224 527 1250 in
543 1223 655 1251 Christo
668 1223 734 1259 quid
748 1227 818 1256 erat,
829 1231 864 1251 an
878 1227 978 1251 natura

181 1277 216 1298 an
233 1270 370 1304 persona?

1186 1180 1257 1213 Περὶ
1275 1180 1397 1214 φύσεως
1413 1181 1463 1207 καὶ
1477 1181 1687 1214 ὑποστάσεως.

1069 1224 1108 1252 Τὸ
1122 1226 1285 1261 φαινόμενον
1307 1226 1354 1253 τοῦ
1369 1226 1490 1263 Χριστοῦ
1505 1228 1531 1254 τί
1551 1226 1603 1264 ἦν,
1620 1228 1702 1263 φύσις
1718 1228 1736 1264 ἢ
1760 1228 1822 1255 ὑπό-

1033 1281 1144 1307 στασις;

224 1326 322 1353 Allatis
335 1327 505 1361 argumentis
516 1346 524 1359 ,
546 1334 607 1361 quae
626 1332 721 1354 contra
737 1330 883 1361 utramque
900 1329 1004 1361 partem
1025 1328 1145 1357 militant
1156 1349 1164 1362 .
1187 1336 1335 1366 respondet
1348 1332 1463 1361 Photius
1475 1353 1482 1365 ,
1503 1333 1529 1361 id
1547 1334 1620 1369 quod
1636 1334 1786 1369 apparebat
1799 1340 1824 1362 et

182 1371 326 1399 videbatur
341 1371 368 1398 in
387 1371 497 1399 Christo
511 1392 518 1403 .
544 1379 597 1398 non
621 1371 706 1398 fuisse
726 1378 777 1398 nec
793 1376 919 1398 naturam
936 1370 1115 1406 simpliciter,
1139 1380 1190 1400 nec
1210 1381 1355 1408 personam
1372 1375 1544 1410 simpliciter.
1567 1377 1615 1404 sed
1633 1383 1738 1411 partem
1753 1385 1823 1404 com-

183 1416 278 1450 posita:
295 1417 467 1449 hypoataseos
479 1432 486 1444 ,
502 1413 576 1448 quod
597 1418 639 1440 est
654 1420 716 1441 esse
730 1412 885 1440 subsistens
903 1412 979 1447 (ἀλλς

1065 1424 1104 1448 ao;
1128 1417 1179 1453 τῆς
1199 1418 1246 1445 τοῦ
1279 1419 1372 1454 Λόγου
1404 1420 1535 1448 συνθέτου
1560 1421 1737 1455 ὑποστάσεως
1759 1422 1826 1457 ὅπερ

184 1460 258 1486 ἐστὶν
274 1459 457 1486 ἑνυπέστατον
469 1458 488 1492 ).

541 1532 706 1567 QUIESTIO
730 1533 861 1561 CCXXIX
881 1532 986 1570 [CoisL
1015 1532 1098 1563 Taur.
1130 1536 1249 1566 LXXVII
1299 1541 1458 1570 —luedita.

492 1592 531 1619 De
547 1601 671 1627 persona.

220 1639 261 1667 An
277 1639 432 1675 composita
450 1639 532 1666 Verbi
550 1646 669 1674 persona
681 1638 927 1666 cousuhstantialis
940 1641 982 1665 est

185 1685 306 1720 simplici
324 1685 406 1714 Verbi
423 1693 557 1721 personae,
567 1693 603 1712 an
618 1692 683 1712 vero
698 1684 812 1712 diversa
825 1689 982 1716 naturae,an

1275 1599 1345 1633 Περὶ
1365 1600 1577 1634 ὑποστάσεως.

1069 1644 1188 1679 Πότερον
1199 1644 1217 1680 ἡ
1232 1645 1279 1672 τοῦ
1291 1646 1380 1680 Λόγου
1395 1646 1522 1677 σύνθετος
1537 1646 1689 1680 ὑπόστασις
1702 1647 1829 1683 ὁμοφυής

1034 1688 1108 1715 ἐστιν
1123 1690 1156 1725 τῇ
1169 1690 1217 1717 τοῦ
1235 1690 1322 1724 Λόγου
1346 1690 1418 1726 ἁπλῇ
1434 1691 1585 1718 ὑποστάσει
1599 1692 1616 1727 ἦ
1633 1693 1796 1727 ἑτεροφοὴς,
1811 1693 1830 1727 ῆ

185 1733 236 1760 sub
253 1740 309 1760 uno
323 1736 446 1767 respectu
463 1731 586 1767 ejusdem
602 1752 609 1764 ,
628 1731 679 1758 sub
696 1731 751 1758 alio
774 1738 840 1758 vero
852 1731 979 1758 diversret

1065 1739 1075 1774 ἦ
1103 1737 1153 1773 μὲν
1176 1737 1319 1772 ὁμοφυὴς,
1346 1737 1386 1772 πῆ
1410 1737 1438 1763 δὲ
1463 1737 1631 1773 ἐτεροφυήςς
1658 1737 1690 1763 Εἰ
1707 1737 1759 1771 μὲν
1774 1738 1832 1771 γὰρ

184 1778 254 1806 Nam
277 1779 300 1806 si
324 1778 449 1814 ejusdem
474 1782 516 1805 est
539 1782 665 1810 natura,
688 1777 804 1812 simplex
821 1785 885 1804 vero
900 1777 980 1804 Verbi

189 1824 344 1859 hypostasis
360 1823 484 1851 eamdem
501 1831 564 1851 cum
585 1822 677 1850 Patris
694 1822 833 1858 hypostasi
854 1826 981 1850 naturam

185 1871 288 1903 habet,
310 1878 375 1905 ergo
403 1875 431 1898 et
454 1870 610 1905 composita
630 1869 712 1897 Verbi
736 1869 894 1905 hypostasis
919 1876 982 1896 cum

184 1917 309 1952 simplice
326 1916 415 1944 Patris
431 1917 571 1953 hypostasi
587 1917 711 1944 eamdem
737 1916 820 1944 habet
841 1921 980 1944 naturam.

184 1961 330 1995 Quomodo
343 1969 409 1989 vero
421 1962 573 1997 composita
596 1961 715 1997 simplici
737 1962 982 1991 consubstantialis

184 2010 261 2038 erit?
275 2009 420 2043 Quomodo
434 2017 488 2036 non
501 2011 657 2044 composita
672 2017 784 2045 quoque
796 2009 912 2038 dicenda
929 2011 983 2039 erit

185 2063 304 2091 persona
319 2055 424 2083 Patris?
447 2055 479 2082 Et
504 2056 585 2083 tertio
602 2063 694 2083 nonne
715 2058 890 2090 quaternitas
909 2057 961 2084 crit
974 2077 982 2090 ,

185 2107 243 2130 tres
265 2102 403 2138 simplices
422 2102 552 2129 nimirum
571 2110 696 2137 persona’
711 2102 812 2135 Patris,
829 2107 855 2129 et
871 2101 944 2135 Filii,
955 2108 983 2131 et

186 2148 306 2184 Spiritus
317 2148 405 2176 sancti
421 2153 448 2176 et
458 2148 610 2184 composita
623 2147 704 2175 Verbi
722 2148 860 2182 persona?
875 2148 902 2176 Si
917 2156 982 2177 vero

184 2194 299 2222 diversae
323 2191 449 2228 naturm,’
471 2198 499 2222 et
522 2194 561 2222 sic
586 2199 679 2221 manet
697 2195 880 2229 quaternilas.
906 2194 982 2229 Quo-

185 2241 267 2268 modo
283 2249 347 2270 vcro
371 2249 386 2268 a
414 2241 504 2276 seipso
528 2246 625 2268 natura
649 2239 777 2273 diﬂ'ercl,
798 2241 821 2268 si
859 2249 913 2268 non
929 2241 983 2269 duo

184 2292 309 2321 separata
325 2287 397 2314 dicet
413 2286 595 2321 compositum
614 2290 696 2321 atque
711 2286 850 2321 simplex?
871 2287 899 2314 Si
917 2295 983 2315 vero

185 2333 335 2360 secundum
350 2332 424 2360 aliud
438 2333 553 2360 diversa:
568 2351 576 2365 ,
603 2333 755 2360 secundum
770 2333 844 2361 aliud
859 2333 981 2369 ejusdem

185 2379 347 2407 substantia:
370 2383 430 2411 est,
449 2384 476 2406 et
501 2380 541 2406 sic
563 2382 695 2413 sequetur
713 2379 926 2414 quaternitatem
940 2380 982 2408 di-

1032 1785 1169 1820 ὸμοφυὴς,
1195 1783 1253 1811 ἔστι
1277 1784 1305 1810 δὲ
1325 1783 1342 1819 ή
1366 1783 1414 1810 τοῦ
1429 1783 1516 1817 Λόγου
1532 1784 1604 1818 ἁπλῆ
1627 1783 1779 1815 ὑπόστασις
1794 1785 1831 1818 τῇ

1032 1829 1080 1858 τοῦ
1098 1829 1207 1865 Πατρδς
1230 1828 1372 1865 ὁμοφυὴς,
1400 1829 1447 1856 καὶ
1471 1829 1487 1863 ἡ
1512 1829 1640 1861 σύνθετος
1654 1829 1709 1865 ἄρα
1728 1830 1764 1864 τῇ
1782 1830 1831 1856 τοῦ

1033 1875 1140 1911 Πατρὺς
1162 1876 1236 1910 ἁπλῇ
1257 1875 1407 1902 ὑποστάσει
1424 1875 1559 1910 ὁμοφυής.
1591 1875 1653 1907 Πῶς
1670 1874 1718 1902 οὖν
1734 1876 1751 1910 ἠ
1768 1875 1833 1902 cui».

1034 1922 1110 1952 θετος
1124 1922 1158 1957 τῇ
1175 1921 1248 1956 ἁπλῇ
1263 1921 1405 1956 ὀμοφυής;
1430 1920 1488 1952 πῶς
1509 1920 1532 1947 δ’
1546 1921 1608 1955 οὐχὶ
1631 1920 1764 1952 σύνθετος
1779 1922 1832 1957 ρη-

1034 1968 1094 2003 θείη
1107 1967 1141 1995 ἂν
1157 1967 1230 2002 καὶὴ
1247 1966 1294 1993 τοῦ
1321 1966 1445 2002 Πατρόςι
1467 1967 1515 1993 καὶ
1540 1966 1645 2002 τρίτον,
1670 1967 1774 2001 τετρὰς
1803 1968 1833 1994 αἱ

1033 2012 1108 2046 τρεῖς
1125 2011 1212 2038 ἁπλαὶ
1228 2011 1393 2042 ὑποστάσεις
1415 2011 1525 2047 Πατρδς
1538 2011 1586 2038 καὶ
1603 2011 1668 2038 Υἱοῦ
1684 2011 1734 2038 καὶ
1749 2012 1833 2046 ἁγίου

1033 2058 1194 2094 Πνεύματος
1207 2057 1256 2084 καὶ
1275 2057 1293 2093 ἡ
1319 2056 1446 2089 σύνθετος
1459 2056 1506 2084 τοῦ
1523 2057 1624 2092 Λόγου.
1646 2058 1678 2085 Et
1696 2057 1720 2084 δ’
1738 2059 1834 2094 ἑτερο-

1034 2105 1115 2139 φυὴς,
1126 2104 1174 2130 καὶ
1185 2102 1276 2134 οὕτως
1290 2102 1366 2137 μένει
1379 2103 1478 2138 τετράς
1489 2112 1496 2118 ·
1507 2102 1568 2134 πῶς
1580 2103 1608 2129 δὲ
1619 2103 1666 2130 καὶ
1677 2103 1835 2139 ἑτεροφυὴς

1033 2149 1116 2182 αὐτὸς
1131 2148 1241 2180 ἑαυτοῦ,
1267 2149 1293 2175 εῐ
1308 2157 1341 2183 γε
1362 2148 1399 2184 μὴ
1421 2148 1468 2174 δύο
1484 2148 1518 2175 τὰ
1535 2148 1733 2185 κεχωρισμένα
1753 2149 1786 2175 τό
1803 2158 1834 2175 τε

1034 2195 1161 2222 σύνθετον
1172 2195 1249 2229 λέγει
1263 2195 1311 2222 καὶ
1326 2195 1357 2222 τὸ
1374 2194 1495 2228 ἁπλοῦν;
1512 2194 1543 2221 Εἰ
1563 2194 1591 2221 δὲ
1612 2194 1651 2230 πῆ
1671 2195 1724 2230 μὲν
1738 2196 1834 2230 ἑτερο-

1033 2242 1115 2278 φυὴς,
1132 2241 1170 2277 πῆ
1181 2241 1210 2268 δὲ
1227 2241 1368 2277 ὁμοφυὴς,
1394 2241 1425 2268 τὸ
1446 2241 1495 2277 μὲν
1520 2241 1638 2277 τετράδα
1662 2241 1759 2275 λέγειν
1787 2242 1836 2277 τὴν

1034 2290 1138 2326 Τριάδα
1161 2290 1209 2316 καὶ
1230 2288 1317 2320 οὕτως
1340 2288 1448 2323 ἕψεται*
1468 2288 1564 2324 ἕψεται
1580 2290 1608 2316 δὲ
1629 2289 1677 2316 καὶ
1693 2289 1725 2315 τὸ
1739 2289 1836 2316 διαπο-

1035 2338 1103 2373 ρεῖν,
1121 2336 1179 2368 πῶς
1193 2337 1268 2363 ἐστιν
1283 2336 1365 2368 αὐτὸς
1389 2336 1480 2371 ἐαυτῷ
1493 2335 1532 2372 πῆ
1547 2335 1598 2371 μὲν
1613 2336 1782 2372 έτεροφυὴς,
1796 2335 1835 2368 πῆ

1034 2382 1062 2409 δὲ
1076 2382 1211 2417 ὁμοφυής.

185 2427 373 2454 cendamesse
388 2415 552 2453 Trinitatem
569 2435 576 2460 ;
595 2431 726 2462 sequetur
748 2434 859 2462 quoque
891 2435 922 2455 ea
956 2415 1207 2464 diﬂ'icultaquua
1241 2428 1347 2456 ratione
1372 2427 1430 2463 ipse
1460 2434 1556 2455 secum
1582 2428 1736 2456 secundum
1760 2427 1835 2456 aliud

184 2473 322 2508 ejusdem,
348 2474 499 2501 secundum
523 2474 597 2502 aliud
615 2474 729 2502 diversae
759 2482 775 2502 a
805 2482 835 2502 se
861 2479 967 2503 natura:
986 2476 1112 2504 exsistat.

223 2521 286 2548 Haec
299 2528 364 2547 vero
378 2520 500 2548 absurda
525 2521 587 2548 inde
605 2526 668 2548 nata
687 2525 773 2554 sunt,
790 2521 864 2556 quod
880 2521 914 2549 ab
931 2521 985 2548 ini-
1000 2531 1022 2559 ι)

187 2567 225 2594 tio
255 2575 341 2594 unum
376 2571 507 2602 tanquam
537 2568 592 2596 duo
615 2567 821 2603 accipiebatur;
860 2575 892 2595 ex
929 2567 981 2595 hoc

185 2615 257 2642 cnim
271 2619 298 2643 et
310 2615 478 2650 sequebatur
496 2615 539 2643 his
560 2615 587 2643 in
609 2614 848 2651 suppositionibus
871 2614 984 2642 conclu-

1079 2521 1235 2549 Ἠκολούθει
1252 2522 1285 2548 τὰ
1296 2521 1384 2549 ἄτοπα
1399 2522 1432 2547 ἐκ
1447 2521 1495 2547 τοῦ
1507 2519 1601 2548 λαϐεῖν
1611 2520 1640 2554 ἐξ
1652 2520 1744 2556 ἀρχῆς
1762 2521 1795 2548 τὸ
1806 2521 1838 2547 Ξν

1036 2570 1074 2602 ὼς
1088 2569 1149 2596 δύο·
1168 2570 1200 2595 ἐκ
1211 2567 1307 2595 τούτου
1325 2567 1380 2603 γὰρ
1405 2568 1453 2594 καὶ
1469 2568 1530 2599 ταῖς
1551 2566 1716 2594 ὑποθέσεσιν
1737 2569 1839 2595 εἵπετο

1038 2614 1204 2650 συνάγεσθαι
1217 2613 1321 2650 Τριάδα
1336 2612 1520 2659 τὴνκτετράδα
1530 2619 1537 2627 ’
1554 2613 1585 2639 οὐ
1597 2612 1653 2648 γάρ
1669 2613 1748 2640 ἐστιν
1763 2613 1838 2649 ἄλλη

944 2702 1061 2731 NOTAE.

222 2764 277 2799 (88)
296 2764 375 2793 Colb.
387 2765 474 2793 addit.
487 2765 504 2800 ἣ
520 2765 565 2792 διὰ
580 2765 636 2793 δύο.

224 2801 281 2834 (88)
296 2800 458 2835 Gregorium
477 2800 607 2836 Nazianz.
631 2801 769 2834 intelligit,
795 2809 876 2836 quem
897 2801 982 2828 Theo-

1029 2763 1137 2796 p.411.

1067 2799 1144 2836 (88'_')
1162 2799 1258 2836 Exstat
1278 2799 1336 2827 hrec
1347 2800 1456 2836 phrasis
1467 2801 1494 2828 in
1508 2801 1603 2828 limine
1619 2800 1759 2830 orationis
1772 2802 1839 2836 ejus

170 2853 174 2864 ι
185 2835 274 2872 legum
281 2834 428 2872 antiquitas
438 2836 497 2872 κατ’
506 2835 603 2871 ἐξοχὴν
614 2834 838 2872 ιψιιθΙΙτινῐί.ινῖ(Ι.
848 2835 979 2872 Cotelerii

1065 2843 1074 2866 ;
1098 2834 1133 2861 τὰ
1148 2835 1301 2870 Θεοφάνια,
1322 2834 1389 2864 toni.
1404 2835 1413 2863 Ι
1429 2836 1512 2872 0pp.,
1528 2845 1556 2872 ι).
1572 2836 1635 2864 615.

187 2869 307 2899 Monum.
327 2869 429 2900 Eccles.
450 2869 510 2905 Gr.,
526 2869 593 2900 toin'.
610 2871 657 2905 ΙΙΙ,
676 2879 704 2907 p.
717 2869 779 2906 57f,
804 2877 829 2900 et
845 2876 911 2900 tom.
930 2871 977 2905 IV,
