1874 3070
198 149 264 182 1031

232 150 264 183 31
774 153 906 184 ΡΗΟΤΙΙ
927 153 936 183 I

245 205 410 239 QUES'I‘IO
421 204 597 235 CCXXXV‘III
616 207 711 244 [οοίιι.
728 207 811 236 Timr.
829 207 936 244 XCVI].

196 259 207 277 ι
225 251 282 278 Tibi
301 251 349 278 soli
361 251 465 286 peccavi
478 256 503 278 ει
518 252 617 278 malum
632 260 721 278 corum
739 259 764 280 te
778 254 838 287 feci.
852 259 878 279 ut
891 253 980 279 vincas

440 287 639 321 cumjudicaris
655 287 704 322 (2).
726 297 735 313 ι

774 153 906 184 ΡΗΟΤΙΙ
927 153 1181 184 ΡΑΤΗΙΑΗΟΗΕ
1196 153 1252 183 CP.

1747 151 1822 185 1032

1288 207 1456 235 ΕΡΩΤΗΣΙΣ
1479 208 1566 236 ΣΔΗἏ

1035 256 1084 283 Σοί
1098 264 1181 290 [tor-ip
1203 256 1337 291 ἥμαρτον
1350 254 1399 291 καὶ
1417 255 1457 291 τὸν
1472 254 1609 291 ποζηρὸν
1623 254 1754 282 ἐνώπιόν
1770 262 1830 282 σου

1088 289 1286 325 ἐποίτίρσαῖως
1300 289 1431 324 νικήσῃς
1446 290 1481 316 ἐγ
1498 289 1538 322 τῷ
1553 290 1710 324 κρίνεσθαί
1726 298 1776 317 σε.

483 363 555 389 Edita
566 371 580 389 a
593 364 656 389 Maio
669 365 744 395 (Non.
759 365 820 390 Coll.
839 369 857 391 t.
877 366 917 397 IX,
931 373 956 398 p.
970 367 1036 396 115).
1052 383 1082 388 -
1094 369 1122 394 In
1138 368 1258 401 psalmum
1273 376 1286 393 ι
1303 368 1398 400 (Graece
1420 369 1453 399 ιι)
1471 374 1492 391 v.
1508 367 1534 394 6.

229 417 313 444 David
328 417 437 453 quidem
451 418 562 453 nuptias
575 417 679 445 alienas
698 418 828 449 destruit,
846 419 982 448 adulterio

191 467 283 489 autem
297 461 476 488 homicidium
487 461 587 496 adjecit
604 465 631 488 et
654 461 756 489 crimen
774 463 864 490 celare
879 467 985 498 satage-

188 508 248 535 bat.
262 507 331 534 Cum
348 511 439 534 autem
456 506 528 535 Deus
538 507 616 535 illum
631 507 665 535 de
677 508 837 536 discrimine
852 509 984 545 objurgat

191 560 240 588 per
260 552 432 588 Prophetam,
459 553 487 580 in
515 561 544 581 se
566 561 711 584 reversus.
729 555 797 582 dicit
825 564 831 583 :
849 555 910 583 Tibi
933 556 984 584 soli

190 596 312 631 peccavi.
331 596 441 625 Etiamsi
455 597 528 624 enim
557 597 638 626 Urias
662 599 791 634 iniuriam
817 607 916 635 passus
936 601 983 635 sit,

189 647 242 674 ego
251 645 391 673 peccatum
410 641 554 668 adversum
571 646 598 669 te
612 642 791 670 commissum
806 651 840 670 ex
858 644 914 672 tuis
931 644 983 672 ob-

189 685 391 720 jnrgationibus
404 686 506 719 sciens,
517 687 551 714 ad
564 688 707 722 petendam
730 689 839 716 veniam
857 697 984 717 accurro.

192 730 299 758 Etenim
318 738 373 759 non
396 732 544 767 permisisti
563 740 616 764 me,
633 734 661 760 iu
684 741 775 761 meum
795 741 904 762 servum
921 743 984 770 pec-

192 783 298 804 cantem
309 797 317 810 ,
331 777 381 805 tibi
397 778 481 806 simul
504 778 622 806 Domino
649 780 827 808 insultantem
845 781 982 817 ignorare.

191 823 298 856 Quare?
315 823 350 851 Ut
370 824 530 859 jusuticeris
547 825 575 852 in
599 826 775 854 sermonibus
805 827 878 860 tuis,
894 827 920 855 id
941 834 983 856 est

193 874 223 896 ut
242 874 287 897 tua
311 871 418 905 justitia
445 871 585 899 hominum
604 873 824 901 machinationes
844 875 936 902 vincat
955 879 983 903 et

190 908 325 950 judicium
350 921 428 944 tuum
457 917 549 945 nullus
576 918 696 954 ellugere
723 919 836 954 cogitet.
860 919 918 948 Hoc
941 925 983 947 est

193 963 279 995 enim,
301 962 407 996 vinces,
432 971 495 991 cum
521 963 664 999 iudicaris,
699 965 785 994 vineis
806 966 834 993 in
853 974 886 994 eo
909 967 982 1002 quod

194 1008 286 1036 nullus
297 1012 360 1036 ante
374 1013 400 1036 te
411 1008 503 1043 justus
521 1009 608 1036 videri
627 1014 728 1044 potest,
744 1015 772 1038 et
788 1011 852 1046 quia
870 1019 924 1046 pra:
936 1016 981 1039 tua

1071 411 1210 447 Διορύττει
1232 411 1281 447 μὲν
1305 411 1319 437 ὁ
1340 410 1424 437 Δαΰὶδ
1442 410 1506 441 τοὺς
1528 408 1686 445 ἀλλοτρίους
1709 409 1827 444 γάμονςε

1035 457 1174 492 ἐπιτίθησι
1186 456 1214 484 δὲ
1227 458 1261 492 τῇ
1277 456 1385 492 μοιχείᾳ
1399 456 1488 487 φόνον·
1502 456 1549 482 καὶ
1561 456 1654 491 λήσειν
1667 456 1829 491 ὲτεχνάξετο

1033 503 1082 539 τὴν
1098 503 1208 539 πρᾶξιν.
1229 503 1307 530 Ἐπεὶ
1329 502 1358 529 δὲ
1372 502 1403 529 τὸ
1414 501 1492 528 Θεῖον
1507 502 1547 533 εἰς
1571 501 1684 537 ἔλεγχον
1700 502 1764 535 ἄγει
1782 501 1829 528 τοῦ

1033 549 1209 584 τολμήματος
1222 548 1267 575 διὰ
1279 547 1327 574 τοῦ
1344 547 1488 583 Προφήτου
1499 565 1507 578 ,
1522 546 1627 580 γίνεται
1641 547 1656 572 ὁ
1678 545 1750 581 ἀνὴρ
1766 546 1830 572 ἐαυ-

1033 596 1081 623 τοῦ
1097 595 1144 622 καί
1159 602 1236 631 φησι·
1253 595 1298 621 Σοὶ
1314 595 1387 629 μόνῳ
1404 594 1538 629 ἥμαρτον·
1556 593 1581 619 εί
1592 593 1648 628 γὰρ
1662 592 1711 619 καὶ
1724 593 1829 627 Οὐρίας

1033 641 1172 676 ἠδίκηται,
1187 641 1245 668 ἀλλ’
1261 639 1317 674 ὲγὼ
1330 639 1361 666 τὸ
1374 639 1530 674 ἁμάρτημα
1547 638 1587 669 εἰς
1600 637 1630 664 αὶ
1642 638 1829 673 τετολμῆσθαι

1033 687 1078 714 διὰ
1090 687 1144 713 τῶν
1158 687 1278 722 ιλέγχων
1291 684 1395 722 μαθὼν,
1412 685 1460 711 ἐπὶ
1475 685 1525 720 τὴν
1542 683 1709 719 συγγνώμην
1724 684 1827 719 τρέχω·

1033 734 1081 760 καὶ
1092 733 1147 770 γὰρ
1159 733 1214 760 οὐδ’
1230 733 1339 768 ἀφῆκας
1357 732 1449 759 λαϐεῖν
1461 732 1502 764 εις
1512 731 1605 758 δοῦλον
1620 731 1686 766 ὲμδν
1699 731 1828 766 ἡμαρτη-

1034 779 1101 806 κότα
1113 799 1121 812 ,
1139 779 1196 806 ἀλλ’
1211 778 1249 809 ὼς
1265 779 1305 811 είς
1329 778 1358 805 σὲ
1375 777 1596 813 πεπαρῳνηκότα
1609 777 1656 804 τὸν
1675 777 1827 812 Δεσπότηψ

1033 825 1120 859 διατί;
1133 825 1207 856 ὅπως
1225 824 1258 851 ἂν
1277 823 1426 859 δικαιωθῇς
1439 824 1468 850 ὲν
1484 824 1541 855 τοῖς
1559 823 1649 857 λόγοις
1665 831 1725 849 σοιν
1749 831 1828 849 τουτ-

1034 871 1107 898 έστιν
1122 871 1167 897 ἵνα
1182 871 1198 906 ἡ
1214 870 1247 905 σὴ
1261 869 1416 905 δικαιοσύνη
1434 869 1485 904 τῆς
1507 867 1683 904 ἀνθρωπίνης
1696 868 1827 904 κρατήσῃ

1035 915 1175 952 μηχανῆς·
1193 917 1241 942 καὶ
1264 915 1314 951 τὴν
1331 916 1383 952 σὴν
1405 915 1497 950 κρίσιν
1515 915 1610 950 μηδεὶς
1631 915 1827 950 ἐξαμαρτάνων

1033 958 1190 997 σοφίζεσθαι
1203 963 1302 998 οἴηται·
1318 962 1398 989 τοῦτο
1411 962 1465 997 γάρ
1475 962 1534 988 ἐστι
1544 961 1737 997 τὸ,ιΝικήσεις
1748 962 1779 987 ὲν
1791 961 1828 996 τῷ

1033 1008 1172 1044 κρίνεσθαι
1195 1016 1236 1034 σε’
1256 1009 1334 1044 νικᾷς
1350 1009 1379 1035 ὲν
1403 1007 1443 1043 τῷ
1464 1007 1568 1043 μηδένα
1592 1007 1664 1042 ἔχειν
1687 1007 1766 1042 παρὰ
1787 1008 1828 1033 σοὶ

193 1054 313 1082 maxima
340 1054 470 1088 bonitate,
487 1056 611 1082 omnium
632 1056 758 1084 esuriens
780 1056 905 1091 salutem,
935 1065 967 1092 pe

1072 1062 1135 1080 ιαιον
1150 1053 1279 1089 ὀφθῆναι·
1298 1054 1345 1080 καὶ
1365 1054 1408 1080 ὅτι
1423 1054 1457 1088 τῇ
1476 1054 1509 1089 σῇ
1527 1053 1676 1088 ἀγαθότητι
1691 1055 1743 1089 τὴν
1759 1054 1826 1080 πάν-

194 1104 269 1127 tuam
286 1100 502 1128 misericordiam
519 1106 613 1129 nostra
629 1098 725 1130 'vincis
740 1108 849 1137 peccata
869 1111 985 1131 conver-

194 1147 298 1174 sionem
317 1152 344 1175 et
359 1148 547 1182 paenitentiam
564 1149 748 1176 maximorum
772 1150 906 1177 donorum
924 1150 985 1178 Ioco

194 1193 339 1228 recipiens.
361 1193 471 1221 Judicat
486 1194 558 1221 enim
578 1193 649 1222 Deus
667 1203 779 1222 causam
796 1203 878 1223 suam.
889 1200 985 1222 centra

194 1246 339 1271 nos,sualn
359 1239 573 1267 misericordiam
591 1248 653 1268 cum
667 1241 784 1276 peccatis
795 1241 895 1268 nostris
911 1249 986 1268 cont-

194 1284 344 1318 pensando.
360 1291 387 1311 et
408 1286 498 1312 vincet
515 1285 661 1313 clementia
686 1291 862 1320 peccatorum
891 1293 987 1320 [1021135

194 1330 412 1358 condemnanda.

246 1387 410 1422 ρυΑιετιο
423 1387 577 1416 ΟΟΧΧΧΙΧ
593 1387 686 1424 ιϐυἱεί.
703 1387 786 1415 Taur.
803 1387 934 1421 LXXXlI,

437 1434 520 1469 Wolf.
537 1433 668 1470 Lxxxn]
687 1434 740 1469 (δ).

197 1481 267 1514 Quid
282 1486 320 1508 es!
337 1481 403 1508 illud
419 1489 429 1508 :
443 1490 452 1506 ι
472 1480 549 1513 Quod
565 1488 615 1506 non
630 1480 731 1506 habitat
745 1480 773 1506 in
787 1488 837 1513 me,
849 1480 897 1507 hoc
906 1484 944 1508 eu
960 1480 987 1506 in

438 1524 516 1542 came
525 1523 592 1548 mea,
607 1516 701 1542 bonum
712 1515 739 1541 οἳ
753 1524 762 1540 ι

1032 1109 1087 1127 των
1103 1100 1188 1136 διψῶν
1209 1101 1345 1136 σωτηρίαν
1369 1100 1409 1136 τῷ
1431 1100 1509 1136 παρά
1529 1099 1576 1126 σοῦ
1599 1099 1666 1135 ἐλέῳ
1681 1100 1732 1131 τὰς
1749 1100 1826 1135 ἡμῶν

1032 1148 1110 1183 νικᾷς
1124 1147 1278 1183 ἁμαρτίας,
1291 1146 1460 1183 ἐπιστροφὴν
1477 1146 1525 1173 καὶ
1539 1147 1684 1182 μετάνοιαν
1699 1147 1762 1173 ἀντὶ
1777 1155 1825 1181 με-

1033 1194 1135 1229 γίστων
1154 1194 1299 1229 δεχόμενος
1314 1193 1420 1229 δώρων·
1439 1194 1486 1220 καὶ
1504 1194 1560 1229 γὰρ
1582 1193 1705 1229 κρίνεται
1724 1194 1739 1219 ὸ
1762 1193 1826 1225 Θεὸς

1035 1240 1103 1275 πρὸς
1117 1240 1192 1275 ἡμᾶς
1205 1240 1251 1267 τὸν
1265 1241 1365 1266 οἰκεῖον
1380 1239 1455 1266 ἔλεον
1476 1240 1536 1271 ταῖς
1553 1239 1702 1275 ἡμετέραις
1717 1240 1825 1267 ἀντιτα-

1035 1287 1172 1314 λαντεύων
1184 1287 1345 1323 ἁμαρτίαις·
1361 1287 1410 1314 καὶ
1426 1288 1490 1322 νικᾷ
1505 1288 1538 1322 τῇ
1552 1287 1741 1323 εὺσπλαγχνὶᾳ
1757 1287 1826 1314 λύων

1038 1332 1086 1368 τὴν
1104 1332 1175 1359 κατὰ
1189 1332 1242 1359 τῶν
1253 1331 1423 1367 ἁμαρτωλῶν
1433 1332 1580 1367 τιμωρίαν.

1294 1390 1463 1418 ΕΡΩΤΗΣΙΣ
1482 1389 1565 1418 ΣΔΘ¹.

1040 1479 1071 1506 Τί
1086 1479 1180 1506 ἐστιν’
1200 1491 1209 1506 ι
1227 1479 1308 1513 Οἶδα,
1322 1481 1366 1508 ὅτι
1377 1482 1432 1508 οὐκ
1451 1481 1528 1508 olus?
1539 1481 1573 1508 ὲν
1584 1482 1659 1516 ἐμοὶ,
1670 1482 1828 1510 τουτέστιν

1191 1517 1227 1546 ἐν
1242 1516 1279 1553 τῇ
1294 1517 1383 1554 σαρκί
1394 1526 1454 1554 μου
1465 1519 1498 1546 τὸ
1511 1518 1638 1554 (iratior;
1659 1528 1669 1543 ι

409 1572 534 1598 Edim-um
547 1579 560 1597 a
578 1572 666 1597 Wolﬁo
677 1572 803 1596 tricesima
813 1577 900 1604 quarta
918 1574 988 1606 (Cur.
1002 1573 1093 1600 Philol.
1105 1577 1127 1599 t.
1138 1575 1167 1604 γ,
1179 1582 1203 1606 p.
1217 1574 1330 1599 671-675.
1343 1575 1457 1606 Gatland,
1468 1575 1533 1605 XIII,
1544 1575 1612 1606 705).

232 1625 262 1652 Id
287 1625 395 1660 quidem
422 1632 477 1652 non
498 1625 531 1652 de
548 1625 638 1660 seipso
670 1626 737 1653 dicit
758 1625 870 1659 Paulus,
890 1627 937 1654 sed
959 1627 965 1653 i

1073 1626 1158 1652 Τοῦτο
1178 1627 1228 1653 οὐκ
1244 1627 1284 1658 είς
1302 1626 1398 1653 ἑαυτὸν
1420 1627 1435 1653 ὁ
1450 1626 1554 1657 Παῦλος
1571 1626 1691 1662 εἴρηκεν,
1713 1626 1782 1654 ἀλλὰ
1795 1626 1825 1652 τὸ

196 1676 328 1707 quantum
356 1679 499 1706 personam
519 1676 623 1698 natura:
646 1672 772 1700 humanae
791 1671 985 1700 sustinetJam

197 1725 263 1745 Vero
287 1722 344 1744 tum
374 1718 476 1744 bonum
498 1717 525 1744 in
557 1725 640 1745 carne
666 1725 760 1746 nostra
785 1727 840 1746 non
865 1719 984 1750 habitat,

197 1766 317 1800 quando.
331 1765 527 1793 consuetudine
549 1769 576 1793 et
591 1771 725 1802 tempore,
740 1771 852 1802 peccato
874 1768 984 1795 obnoxii

197 1812 260 1839 [acti
287 1812 388 1839 malum
417 1812 540 1848 pertinax
571 1818 598 1841 et
630 1813 773 1841 dilliculter
800 1813 984 1841 amoliendum

197 1856 427 1884 circumierimus.
454 1857 504 1890 Qui
529 1858 601 1885 enim
632 1858 767 1885 diuturnae
784 1858 892 1884 illorum
919 1865 986 1891 con—

197 1903 334 1930 suetudini
347 1903 449 1936 serviit,
459 1903 573 1931 etiamsi
586 1903 618 1931 ad
628 1904 736 1931 virtutis
753 1905 873 1931 studium
887 1904 984 1931 reverti

197 1948 354 1980 contendat,
370 1949 523 1975 institutum
541 1956 621 1976 suum
640 1949 783 1976 diﬂiculter
797 1949 943 1976 admodum
957 1953 985 1976 et

197 2000 251 2020 non
267 1993 325 2020 sine
345 2001 444 2028 magno
464 1994 557 2021 labore
570 1995 663 2029 perlici
681 1995 815 2030 intelligit.
837 1993 984 2029 Propterea

197 2038 236 2064 ait
251 2046 258 2064 :
278 2047 287 2063 ι
304 2037 361 2065 Νοιι
372 2038 429 2072 jam
447 2046 497 2073 ego
516 2039 543 2066 id
557 2039 677 2074 perﬁcio.
695 2049 704 2065 ι
719 2039 775 2066 lloc
786 2044 838 2072 est,
854 2039 915 2066 novi
931 2048 983 2066 non

198 2091 288 2110 meum
319 2091 379 2111 esse
405 2085 455 2112 hoc
479 2093 559 2120 opus.
587 2085 730 2118 Quomodo
755 2087 827 2112 enim
854 2085 984 2120 perlicere

199 2129 263 2156 illud
292 2131 411 2165 possim,
432 2131 480 2166 qui
503 2139 518 2158 a
545 2132 617 2158 malo
646 2131 836 2166 constringar?
866 2130 984 2159 Debetur

198 2175 290 2210 itaque
314 2175 365 2203 hoc
383 2183 494 2210 peccato
512 2177 593 2203 lixam
607 2177 788 2212 stabilemque
804 2176 896 2204 sedem
911 2177 982 2210 apud

197 2228 241 2247 me
259 2220 377 2248 habenti.
391 2220 538 2257 Propterea
564 2227 591 2250 ct
614 2223 748 2250 lamentor
762 2222 916 2250 libertatem
935 2231 984 2250 an-

197 2266 312 2299 helans,
340 2273 368 2295 et
406 2267 528 2296 clamans
559 2276 567 2296 :
603 2277 613 2294 ι
646 2267 690 2296 Me
724 2268 856 2296 miserum
892 2268 981 2296 homi-

197 2320 270 2346 nem,
289 2321 300 2339 ι
315 2319 367 2341 etc.

197 2367 359 2401 QUIESTIO
372 2368 473 2396 CCXL.
485 2368 580 2405 [σοῖσι.
592 2369 726 2398 CCCVI".
742 2369 822 2398 Taur.
833 2370 983 2399 CCXCVII.

461 2415 533 2442 Maio
547 2424 576 2451 q.
592 2416 704 2452 CCXL]

455 2462 490 2489 De
507 2464 567 2490 vita:
581 2465 701 2490 termino.

1037 1672 1182 1706 πρόσωπον
1207 1672 1257 1707 τῆς
1283 1671 1459 1706 ἀνθρωπίνης
1490 1671 1678 1706 οἰκειούμενος
1707 1671 1827 1706 φύσεως.

1036 1717 1102 1743 Τότε
1115 1717 1144 1743 δὲ
1155 1717 1204 1743 οὐκ
1215 1717 1284 1743 οίκεῖ
1298 1717 1327 1743 τὸ
1340 1716 1443 1751 ἀγαθὸν
1454 1718 1483 1743 ὲν
1497 1718 1530 1752 τῇ
1546 1718 1629 1754 σαρκὶ
1641 1717 1730 1753 ημῶν.
1747 1718 1828 1753 ἡνίκα

1036 1763 1091 1789 ἔθει
1103 1763 1150 1789 καὶ
1161 1764 1249 1798 χρόνῳ
1263 1763 1513 1795 καταδουλωθέντες
1526 1764 1559 1799 τῇ
1571 1763 1695 1799 ἁμαρτίᾳ
1707 1763 1828 1800 ἓμμονόν

1035 1817 1066 1835 τε
1082 1810 1129 1835 καὶ
1144 1808 1351 1841 δυσεξάλειπτον
1367 1810 1396 1835 ὲν
1420 1810 1526 1841 ἑαυτοῖς
1543 1809 1663 1845 φέρομεν
1680 1809 1710 1836 τὸ
1731 1811 1826 1837 κακόν.

1041 1854 1070 1881 ὀ
1085 1854 1139 1889 γὰρ
1159 1854 1301 1887 δουλωθεὶς
1321 1856 1353 1890 τῇ
1369 1855 1466 1891 χρονίᾳ
1486 1855 1587 1881 τούτων
1606 1855 1731 1891 διατριϐῇ
1745 1876 1753 1889 ,
1775 1858 1827 1883 κᾶν

1036 1899 1153 1936 βουληθῇ
1168 1900 1249 1927 πάλιν
1263 1901 1330 1936 πρὸς
1345 1902 1395 1936 τὴν
1410 1900 1511 1937 ἀρετὴν
1525 1901 1745 1936 ἑπαναδραμεῑν,
1761 1902 1826 1928 δύσ-

1036 1946 1116 1981 εργόν
1137 1954 1168 1972 τε
1192 1947 1239 1973 καὶ
1259 1946 1425 1983 δυσήνυστον
1443 1947 1568 1982 εὑρίσκει
1586 1947 1636 1982 τὴν
1652 1947 1764 1983 βουλήν.
1783 1949 1826 1975 Διό

1036 1998 1118 2024 φηαιι
1131 2000 1140 2017 ι
1154 1991 1211 2018 Οὐκ
1222 1991 1262 2017 ἔτι
1277 1991 1331 2026 ἐγὼ
1343 1992 1554 2027 κατεργάζομαι
1569 1992 1644 2018 αὐτὸ.
1655 2002 1664 2018 ι
1675 1994 1826 2027 τουτέστιν,

1036 2037 1093 2062 Οὐκ
1106 2035 1172 2071 ἐμοῦ
1191 2034 1250 2063 οἶδα
1270 2037 1301 2063 τὸ
1315 2036 1404 2072 ἔργον.
1418 2037 1480 2069 [ιὼς
1500 2038 1554 2073 γὰρ
1575 2038 1622 2072 ὅγε
1643 2039 1825 2073 στενοχωρού-

1037 2090 1116 2117 μενος
1131 2082 1178 2108 ὑπ’
1193 2081 1293 2116 αὐτοῦς
1312 2083 1381 2110 ἀλλὰ
1397 2084 1446 2118 τῆς
1464 2083 1594 2119 οἰκούσης
1611 2085 1640 2111 ἐν
1662 2084 1726 2119 ἐμοὶ
1739 2085 1827 2119 apag»

1035 2130 1095 2160 τίας
1105 2150 1112 2162 ,
1128 2129 1237 2164 ἑδραίαν
1256 2130 1305 2156 καὶ
1325 2130 1528 2165 ἀμετακίνητον
1544 2130 1592 2166 τὴν
1606 2130 1713 2165 οῐκησιν
1727 2139 1825 2165 κεκτη-

1036 2175 1121 2210 μένης
1134 2175 1182 2210 (4).
1199 2175 1245 2201 Διὸ
1263 2176 1310 2201 καὶ
1332 2175 1518 2211 ἁποδὺρομαι,
1540 2177 1588 2212 τὴν
1603 2176 1763 2212 ἐλευθερίαν
1779 2177 1824 2212 ζη-

1034 2220 1088 2247 τῶν
1105 2221 1153 2247 καὶ
1168 2221 1341 2256 ἀνακράζωψ
1359 2231 1368 2248 ι
1382 2221 1561 2258 Ταλαίπωρος
1572 2221 1629 2256 ἐγὼ
1641 2223 1796 2259 ἄνθρωπος,
1812 2231 1821 2248 ι

1035 2266 1084 2293 καὶ
1097 2265 1171 2301 ἑξῆς.

1298 2379 1465 2406 ΕΡΩΤΗΣΙΣ
1483 2380 1549 2408 ΣΜ’.

1297 2468 1367 2502 Περὶ
1385 2469 1456 2503 ὅρου
1469 2468 1553 2502 ζωῆς.

733 2541 803 2567 Nunc
814 2542 919 2574 primum
929 2543 995 2568 edita
1005 2551 1018 2568 a
1029 2544 1059 2569 D.
1070 2543 1286 2575 Hergenroether.

233 2579 259 2606 1.
274 2579 316 2607 Ad
329 2574 480 2611 veteranos
493 2583 642 2611 certamina
651 2591 745 2617 vocas.
762 2585 902 2621 inquibus
916 2594 979 2614 eum

1070 2589 1106 2614 α’.
1133 2587 1194 2614 Ἐπὶ
1205 2588 1336 2620 παλαιοὺς
1350 2589 1424 2624 ἡμᾶς
1438 2588 1547 2623 ἀγῶνας
1558 2590 1652 2623 καλεῖς
1667 2591 1705 2627 (5)
1720 2593 1769 2619 καλ⁵
1781 2592 1825 2628 ἐφ’

951 2643 1066 2672 ΝΟΤΕ.

282 2683 412 2724 ἓιιιηάεω
428 2689 532 2724 textum
549 2688 677 2723 explanat
689 2688 805 2724 Photius
820 2697 848 2724 ιι.
863 2689 930 2719 LVI.

285 2719 556 2758 Hanc_qua:stionem
567 2719 621 2758 iam
632 2732 647 2751 ιι
662 2723 761 2751 Woilio
774 2719 876 2752 editam
889 2726 980 2753 denuo

191 2753 341 2788 publicavit
362 2753 450 2785 Maius
470 2756 540 2785 Nov.
553 2753 659 2786 collect.
677 2764 747 2787 tom.
761 2759 808 2794 IX,
825 2768 852 2796 p.
869 2761 932 2794 114,
950 2767 979 2788 ut

191 2796 221 2823 q.
234 2789 397 2818 ccxxxrv.

229 2823 422 2865 (uitiiset-ibo
437 2834 487 2865 pro
503 2829 674 2865 κεκτημένη,
689 2830 760 2864 quod
779 2834 821 2857 est
842 2831 870 2858 in
888 2830 976 2858 Coisl.

191 2860 301 2894 quando
321 2860 445 2891 Colbel‘tl
463 2862 547 2891 habet
567 2860 748 2900 κτησάμενος.
773 2865 850 2893 Patet
872 2867 976 2902 utique,

1030 2691 1096 2730 i_lluu
1110 2693 1286 2730 κεκτημένης
1301 2692 1334 2730 ad
1347 2701 1441 2722 vocem
1453 2695 1591 2730 ἁμαρτίας
1604 2696 1700 2725 rel'erri
1713 2697 1820 2726 debere.

1028 2726 1165 2754 Caeterum
1180 2726 1299 2767 quidde
1318 2729 1375 2767 ipsa
1391 2729 1442 2757 hac
1459 2726 1645 2767 expositione,
1666 2741 1750 2767 quam
1775 2735 1818 2760 alii

1029 2767 1123 2800 nostra
1143 2764 1274 2800 memoria
1291 2763 1470 2800 adoptarunt,
1491 2763 1649 2794 habendum
1669 2763 1717 2800 ait,
1742 2770 1820 2795 intel-

1028 2796 1096 2832 liges
1107 2805 1139 2825 ex
1156 2797 1234 2825 Curis
1253 2796 1357 2827 nostris
1372 2801 1406 2826 ad
1423 2800 1442 2827 ι.
1459 2796 1485 2827 c.

1076 2831 1102 2863 5)
1122 2831 1265 2873 Vetustum
1290 2839 1442 2874 certain-em
1455 2840 1534 2862 vocat
1555 2834 1683 2871 Photius,
1705 2838 1769 2874 quia
1787 2838 1820 2866 de

1027 2867 1122 2895 cadent
1137 2875 1166 2895 re
1178 2867 1234 2903 jam
1251 2876 1280 2903 q.
1292 2868 1399 2897 CXLIX
1416 2870 1581 2906 disputaret.
