1874 3070
78 155 146 189 1033

446 160 496 190 AD
508 161 806 192 AMPHILOCHIUM
825 162 999 198 QUESTIO
1018 163 1342 197 CCXXXVIII-CCXL.

1642 168 1714 201 103A

73 212 112 239 ὧν
129 212 224 240 πολλοὶ
238 214 411 250 κονισάμενοι
426 216 474 242 καὶ
486 217 549 249 τοὺς
564 216 663 249 ἄθλους
680 218 730 244 οὐκ
749 218 855 252 ἀγεννῶ

960 219 998 246 Ilti
1025 227 1086 247 sese
1104 222 1280 249 exercuerim
1294 225 1321 249 et
1334 230 1389 250 non
1411 223 1570 258 ignobiliter
1586 226 1710 256 decerta-

74 259 235 293 ὶνεγκὸντες
255 260 304 295 τὴν
317 261 396 295 νίκην
408 262 476 297 ἡμῖν
491 263 541 298 (οὐ
561 262 615 298 γὰρ
631 263 686 299 ἐρῶ
700 272 727 290 τι
739 263 871 298 φαυλότε-

76 306 141 339 ρον)
165 305 286 340 καθορᾶν
304 307 335 333 οὐ
354 307 494 343 παρέσχον
517 309 657 344 ἀνίκητον·
674 309 744 345 πλὴν
762 311 795 336 ὲκ
816 310 871 336 τῶν

75 351 276 386 προλαϐόντων
291 353 366 388 ἡμᾶς
382 354 463 381 ὁσίων
483 355 531 381 καὶ
548 355 694 390 μακαρίων
704 356 809 391 ἀνδρῶν
821 356 870 383 λα-

75 396 127 428 ϐὰς
153 397 205 423 οὐκ
226 397 320 432 ὀλίγας
339 399 545 434 συλλεξάμενοι,
560 401 608 428 καλ⁵
631 401 665 432 ἃς
686 402 703 436 ἠ
726 402 775 436 τῆς
795 402 870 434 θείας

76 443 167 478 ῥοπῆς
204 443 334 478 εὐμένεια
367 448 521 482 παρασχεῖν
549 448 615 483 ἡμῖν
636 448 687 474 οὐκ
717 448 869 483 ἀπηξίωσε,

75 488 180 521 ταύτας
201 490 320 523 ἐκείναις
341 491 520 527 συνάψαντες,
542 493 678 528 εὐχόμεθα
699 494 748 528 μὲν
761 495 810 529 τὴν
821 495 870 528 σὴν

76 534 198 569 σπουδὴν
222 536 270 562 καὶ
295 536 390 563 ἐλπίδα
405 538 442 572 μὴ
460 539 652 573 κεκενωμένην
678 539 799 574 χαρίτων
824 540 870 566 καὶ

75 581 206 614 γνώσεως
217 581 248 608 οὑ
264 582 396 618 δεομένης
410 583 559 619 ἀλλαχόθεν
572 583 711 619 γνώμονος
729 584 868 617 ἀπελθεῖν,

76 627 101 653 ει
115 626 146 653 δὲ
160 627 198 662 μὴ
211 646 220 659 ,
234 627 408 664 βραχυτάτης
428 629 470 656 ἔτι
488 629 617 665 δεηθῆναι
632 631 811 666 διορθώσεως.
833 632 870 658 Τὸ

77 672 129 706 μὲν
153 671 202 699 οὗν
225 673 335 709 άνενόεῆ
362 674 409 701 τὸν
432 674 510 710 λόγον
533 676 684 711 ἐπιζητεῖν,
716 677 757 708 εὶς
781 676 870 712 μῆκός

76 717 155 743 ἐστιν
168 717 343 749 ἐκϐιάζεσθαι
355 719 404 754 τὴν
417 720 536 756 γραφὴν,
554 721 586 747 τὸ
597 721 625 747 δὲ
640 720 772 757 σύντομον
786 722 870 749 ἁπαι-

75 763 146 795 τείν,
162 762 248 790 πολλὰ
257 764 311 790 τῶν
321 764 435 792 δεόντων
447 767 607 802 ἐπιτρέπειν
619 767 771 794 ἀπολιπεῖν·
787 769 868 804 πλὴν,

75 807 115 839 ὥς
134 808 168 834 ἂν
181 806 238 840 οἷός
253 818 283 836 τε
299 807 336 842 ὦ,
355 811 521 847 πειράσομαι
536 813 607 839 κατὰ
621 814 672 849 τὴν
692 814 740 850 σὴν
758 814 869 848 ἀξίωσιν

75 855 121 881 τὸν
139 856 205 890 περὶ
219 856 282 891 ὅρου
296 857 374 891 λόγον
389 858 531 894 προάγειν.

112 943 148 978 β’.
168 944 200 970 Οἱ
222 945 350 981 χάσματα
373 947 426 982 γῆς
445 949 659 984 προκομίζοντες
681 953 728 979 καὶ
753 953 871 988 ναυάγια

76 990 125 1035 καὶ
142 989 236 1025 λοιμον
249 991 329 1027 ἀέρος
344 993 392 1020 καί
405 1002 466 1021 τινα
477 996 590 1023 τοιαῦτα
600 997 682 1033 ἕτερα
696 998 794 1035 ἀθρόον
810 1001 872 1028 πολ·

76 1034 132 1061 λῶν
166 1036 214 1063 καὶ
244 1037 380 1074 διαφόρων
405 1040 644 1076 περιλαμϐάνοντα
674 1044 799 1079 θάνατον,
811 1043 872 1073 εἶτα

77 1081 237 1116 ζητοῦντες,
255 1084 369 1118 πότερον
387 1085 488 1121 ὥριστο
501 1087 613 1120 τούτους
630 1089 697 1124 ὐφὲν
710 1090 748 1126 (6)
761 1092 809 1118 καὶ
822 1092 871 1128 τὴν

78 1129 167 1164 αὐτὴν
187 1129 273 1156 ἐλθεῖν
296 1131 436 1168 τελευτὴν,
460 1130 532 1160 οὗτοί
554 1143 599 1169 μοι
620 1135 730 1163 δοκοῦσι
752 1138 783 1164 τδ
805 1139 872 1166 καθ-

77 1175 220 1209 ορώμενον
228 1175 394 1212 ζητούμενον
412 1180 509 1206 ποιεῖν·
523 1180 553 1213 ἐξ
563 1178 600 1207 ὧν
616 1182 709 1214 αὐτοῖς
727 1184 871 1218 συμϐαίνει

78 1221 236 1257 αἰσθήσεως
255 1223 355 1257 μᾶλλον
368 1225 384 1260 ἦ
400 1226 563 1259 ἀποδείξεως
577 1227 698 1262 δεῖσθαι,
716 1230 758 1257 ἵνα
772 1231 809 1266 μὴ
824 1232 871 1267 βα-

79 1267 196 1303 θύτερον
211 1269 344 1302 ἐξετάζων
360 1271 446 1304 εἴπω,
467 1273 513 1299 καὶ
529 1273 613 1309 αὐτῆς
639 1275 726 1302 διόλου
742 1276 792 1312 τῆς
818 1277 872 1304 ἀπὸ

78 1317 136 1343 τῶν
154 1317 294 1353 λογισμῶν
311 1319 459 1355 προϊούσης
481 1320 609 1356 κρίσεωςυ
624 1321 655 1349 τὸ
673 1323 723 1358 μὲν
738 1324 793 1359 γὰρ
808 1325 873 1359 ὀμο-

78 1363 171 1397 λογεῖν
189 1364 238 1398 μὲν
252 1364 286 1392 τὰ
298 1364 373 1397 ὄντα,
390 1366 481 1401 ζητεῖν
497 1366 525 1393 δὲ
540 1367 628 1395 ταῦτα
642 1369 668 1395 εί
690 1368 773 1402 ἐστιν,
795 1370 872 1397 οὐδὲν

79 1408 175 1444 ἕτερόν
188 1410 261 1436 ἐστιν
279 1410 295 1446 ἢ
317 1411 367 1446 τῆς
382 1413 480 1447 νοητῆς
499 1414 546 1440 καὶ
567 1415 771 1450 ἀνερμηνεὺτου
792 1417 872 1444 δυνά-

81 1463 157 1489 μεως
172 1455 340 1491 στηλιτεύειν
354 1457 405 1492 τὴν
419 1458 570 1486 ἀσθένειαν·
591 1461 615 1487 εἰ
630 1461 685 1496 γάρ
698 1461 750 1488 ὑπὸ
761 1462 811 1499 τὴν
824 1463 872 1490 αὺ-

77 1501 131 1536 τὴν
153 1502 326 1538 περιγραφὴν
339 1503 386 1530 τοῦ
408 1504 524 1531 θανάτου
540 1505 656 1533 ἕκαστον
669 1507 773 1542 πλῆθος
795 1517 874 1544 περι-

78 1547 268 1582 λαμῧάνεται,
291 1549 338 1575 καὶ
358 1549 438 1576 τοῦτο
452 1551 691 1588 καθωμολόγηται.
718 1554 746 1581 ’0
764 1555 793 1581 δὲ
809 1555 872 1589 ὄρος
885 1559 906 1589 C

78 1593 156 1620 οὐδὲν
169 1594 263 1629 ἕτερόν
276 1595 334 1621 ἐστι
345 1596 421 1631 παρὰ
431 1597 461 1623 τὸ
471 1597 547 1629 τέλος
561 1599 676 1626 ἑκάστου
689 1601 739 1636 (7),
751 1601 810 1633 πῶς
823 1602 873 1637 οὐχ

78 1640 151 1674 ὅπερ
175 1640 354 1675 ὁμολογοῦσιν
379 1642 442 1678 ὅρον
465 1644 629 1679 γεγενῆσθαι
646 1645 696 1672 οὑκ
717 1647 872 1683 ἐλέγχονται

78 1685 241 1719 ζητοῦντες,
267 1687 291 1712 εἰ
312 1687 367 1723 ἄρα
393 1688 464 1714 κατὰ
490 1689 598 1716 πάντων
622 1687 664 1722 εἷς
688 1689 723 1726 ἦν
737 1693 751 1718 ὁ
774 1693 872 1727 παγεὶς

77 1731 164 1765 ὃροςς
186 1731 257 1758 Ἀλλ’
278 1732 308 1759 ἓν
323 1734 373 1768 μὲν
393 1733 489 1766 τοῦτο,
503 1734 636 1771 ζδεύτερον
654 1736 693 1763 δέ·
717 1737 754 1763 Tt-
772 1738 872 1773 δήποτε

79 1775 298 1810 καταφεύγουσιν
319 1778 360 1809 εἰς
385 1778 486 1814 ari-7100;
506 1779 604 1815 ἁθρόον
623 1780 694 1808 οὕτω
713 1781 777 1817 μίαν
790 1782 873 1809 ἀπαί-

78 1829 159 1857 ¹’.ησιν
181 1822 410 1859 εἰσπραττόμενον
425 1825 535 1858 τέλους;
550 1826 567 1861 ἢ
584 1826 663 1862 δῆλον
673 1827 713 1854 ὃτι
724 1828 806 1854 τινῶν
822 1828 872 1864 μὲν

78 1867 144 1902 ὅρον
166 1868 361 1903 ὁμολογοῦντες
384 1870 449 1906 περὶ
470 1871 499 1898 δὲ
518 1871 573 1898 τῶν
588 1872 718 1900 πλειόνων
733 1873 873 1910 ἀμφισϐη-

79 1911 201 1943 τοῦντες.
224 1913 261 1939 Οὐ
283 1913 336 1949 γὰρ
358 1913 391 1941 ἂν
412 1915 504 1947 αὐτοῖς
528 1917 568 1948 εἰς
588 1916 691 1948 πλῆθος
702 1918 758 1944 οὐδ’
781 1919 821 1950 εἰς
843 1919 873 1946 τὸ

78 1957 179 1992 ἀθρόον
194 1958 368 1995 ήκαταφυγὴ
379 1960 427 1995 τῆς
443 1962 583 1996 ἀριστείας
597 1963 741 2000 ἐπενοήθη·
758 1965 805 1991 καὶ
820 1965 873 2001 μὴν

78 2003 105 2029 εἰ
126 2003 208 2029 τινῶν
231 2004 280 2038 μὲν
302 2004 428 2039 λέγουσιν
447 2007 520 2042 ὅρον,
544 2008 581 2044 μὴ
604 2009 713 2036 πάντων
732 2010 780 2043 δὲ,
793 2011 822 2043 ἐξ
835 2008 873 2039 ὧν

78 2049 160 2076 αὐτοὶ
181 2050 234 2076 τῶν
254 2051 333 2078 ἐνίων
345 2052 408 2087 ὅρον
424 2055 472 2080 καὶ
491 2055 622 2088 σιγῶντες
640 2057 829 2092 ἀποδέχονται,
841 2059 874 2084 ἐκ

77 2094 135 2121 τῶν
152 2095 242 2122 αὐτῶν
262 2095 319 2124 ἔστι
335 2098 382 2124 καὶ
403 2099 459 2129 τοῖς
476 2099 547 2126 κατὰ
566 2100 675 2127 πάντων
695 2102 742 2128 τὸν
755 2102 816 2137 ὅρον
828 2102 873 2128 λέ-

77 2149 175 2175 γουσιν
203 2142 379 2175 ἐκϐιάζεσθαι
409 2145 519 2177 τούτους
543 2147 589 2173 καὶ⁸
608 2147 725 2179 ἄκοντας
745 2147 873 2175 ἕλκεσθαι

78 2187 151 2223 πρὸς
176 2190 394 2223 συγκατάθεσιν⁹
422 2189 463 2224 οἷς
483 2193 537 2228 γὰρ
560 2193 660 2220 ἐκεῖνοι
682 2194 732 2226 τὰς
756 2194 873 2231 ἀπορίας

921 265 987 294 rint.
1002 265 1105 292 nullam
1128 266 1207 294 nobis
1233 267 1389 302 conspicuae
1404 268 1525 296 victoria;
1549 269 1619 305 (non
1636 272 1709 299 enim

922 310 1056 345 abjectins
1064 311 1130 346 quid
1141 311 1326 347 dicam)spem
1339 314 1529 348 reliquerunt;
1540 322 1602 342 cum
1619 320 1710 344 tamen

920 363 953 383 ex
968 355 1171 391 antiquioribus
1185 358 1289 386 sanctis
1310 358 1452 393 beatisqne
1466 359 1534 387 viris
1548 367 1717 396 anqnmenta.

920 408 975 428 non
991 408 1075 436 pauca
1091 401 1294 437 collegerimus,
1313 403 1357 431 his
1371 404 1548 432 adnectentes
1562 405 1608 433 illa
1619 426 1626 438 ,
1648 414 1717 440 qure-

919 447 1002 474 nobis
1016 447 1118 475 divina:
1128 448 1189 483 opis
1205 448 1350 476 clementia
1370 457 1516 485 suggerere
1532 459 1584 478 non
1602 456 1644 480 cst
1661 453 1710 480 de-

920 492 1041 528 dignata,
1055 498 1183 529 optamus
1196 495 1318 529 quidem,
1330 499 1359 522 ut
1375 500 1452 523 tuum
1466 496 1586 524 studium
1600 505 1631 524 ac
1647 506 1710 533 spes

921 546 975 565 non
994 538 1073 566 abeat
1087 546 1172 567 vacua
1190 540 1285 574 gratiis
1311 544 1338 567 et
1366 541 1522 576 cognitione
1536 562 1544 575 ,
1575 550 1636 577 quae
1654 551 1716 571 noni

921 583 1052 618 indigeat,
1068 590 1097 611 ut
1108 585 1218 612 aliunde
1230 585 1399 620 explicetur;
1416 587 1458 614 sin
1472 592 1575 620 autem,
1588 592 1709 623 utquam

920 628 1082 656 brevissima
1099 629 1219 664 indigeat
1238 631 1418 658 correctione.
1445 631 1594 667 Exquirere
1617 633 1708 669 igitur,

920 678 951 700 ut
965 673 1024 701 haec
1036 675 1124 701 oratio
1141 675 1221 709 plena
1238 675 1274 702 sit
1291 675 1383 710 nilque
1397 675 1421 703 ei
1437 676 1518 708 desit.
1537 677 1607 705 idem
1623 683 1666 705 est
1678 685 1711 705 ac

919 719 1084 754 scripturam
1100 720 1180 747 istam
1204 720 1231 747 in
1250 720 1364 748 nimiam
1384 721 1570 756 prolixitatem
1586 723 1710 758 compel-

920 766 986 797 lere,
1004 764 1165 792 brevitatem
1178 769 1269 792 autem
1295 765 1323 792 in
1344 766 1439 794 eadem
1455 767 1564 803 exigere
1580 768 1652 795 idem
1668 773 1711 796 est

920 819 952 840 ac
965 812 1132 847 permittere,
1146 816 1176 839 ut
1194 813 1280 840 multa
1298 814 1455 841 necessaria
1469 815 1643 842 omittantur.
1661 816 1709 843 At-

920 862 1010 886 tamen
1025 865 1075 893 pro
1089 858 1161 885 virili
1177 858 1299 885 conabor
1309 858 1387 893 juxta
1400 860 1570 895 rogationem
1585 866 1660 889 tuam
1677 861 1711 889 dc

921 902 983 930 vita:
995 903 1114 930 termino
1130 909 1283 930 sermonem
1301 903 1462 937 producere.

956 948 985 975 9..
1001 948 1053 982 Qui
1067 948 1225 983 repentinos
1240 949 1332 976 hiatus
1345 953 1428 977 terrai
1443 949 1589 985 proferunt
1603 954 1632 977 et
1644 957 1711 977 nau-

921 995 1006 1031 fragia
1017 999 1046 1022 et
1058 995 1130 1022 aeris
1142 995 1325 1030 pestilentiam
1337 996 1461 1031 aliosque
1469 1004 1551 1024 casus
1561 996 1710 1031 ejusmodi,

921 1041 968 1076 qui
995 1040 1144 1067 multorum
1169 1040 1252 1068 simul
1269 1041 1465 1076 variorumque
1490 1043 1711 1077 complectuntur

921 1089 1050 1117 mortem,
1065 1084 1198 1113 etdeinde
1223 1091 1350 1120 quierunt
1365 1090 1457 1114 utrum
1473 1087 1613 1115 deﬁnitum
1626 1091 1711 1120 esset,

921 1133 948 1160 in
958 1139 1042 1159 unum
1058 1132 1109 1160 hos
1122 1139 1218 1160 omnes
1227 1133 1410 1168 eumdemqne
1427 1134 1576 1161 convenire
1591 1134 1709 1165 obitum.

922 1178 948 1205 hi
968 1178 1034 1205 mihi
1048 1177 1175 1205 videntur
1189 1177 1216 1205 in
1225 1179 1406 1213 quaestionem
1416 1186 1516 1207 vocare
1528 1199 1535 1213 ,
1552 1180 1624 1214 quod
1641 1180 1709 1215 ipsis

921 1225 1008 1252 oculis
1022 1224 1208 1260 conspicitur;
1234 1225 1309 1252 unde
1333 1225 1394 1252 istis
1417 1233 1502 1253 sensu
1518 1225 1611 1260 potius
1627 1233 1710 1261 quam

922 1271 1158 1298 demonstratione
1170 1277 1240 1306 opus
1255 1275 1306 1303 est,
1322 1278 1357 1298 ne
1375 1271 1458 1298 altius
1473 1279 1530 1299 rem
1550 1271 1712 1299 examinans

922 1317 1028 1349 dicam,
1057 1316 1133 1351 ipsos
1149 1316 1232 1344 etiam
1249 1316 1355 1352 judicio
1379 1324 1412 1344 ex
1441 1316 1584 1345 ratiocinio
1612 1317 1711 1345 mentis

921 1367 1066 1389 cmanante
1082 1361 1229 1389 destitutos
1242 1368 1323 1394 esse;
1337 1368 1400 1388 nam
1416 1362 1539 1389 conﬁteri
1550 1362 1659 1398 quidem
1678 1369 1711 1389 ea

921 1415 983 1443 quae,
997 1413 1072 1441 sunt.
1087 1416 1211 1444 quaerere
1225 1416 1301 1442 vero,
1318 1416 1351 1436 an
1377 1409 1435 1437 haec
1459 1409 1524 1442 sint,
1549 1409 1618 1437 nihil
1635 1409 1711 1437 aliud

921 1459 976 1486 est,
996 1462 1081 1489 quam
1105 1455 1207 1482 mentis
1222 1459 1306 1489 atque
1322 1454 1508 1490 intelligentia
1522 1455 1709 1483 inﬁrmitatem

923 1501 1046 1529 indicare
1060 1508 1092 1528 ac
1108 1500 1234 1536 prodere.
1254 1500 1284 1528 Si
1307 1501 1380 1528 enim
1401 1501 1453 1528 sub
1473 1502 1596 1529 eamdem
1615 1503 1716 1529 mortis

923 1546 1208 1581 circumscriptionem
1227 1545 1342 1581 singulae
1368 1546 1558 1574 multitudines
1585 1554 1712 1581 compre-

924 1592 1100 1625 henduntur,
1119 1592 1254 1620 terminus
1270 1595 1362 1620 autem
1378 1592 1446 1619 nihil
1467 1592 1542 1620 aliud
1566 1597 1609 1620 est
1628 1600 1712 1627 quam

924 1637 1142 1673 uniuscujusque
1159 1637 1243 1665 ﬁnis:
1263 1637 1401 1672 quomodo
1428 1645 1484 1665 non
1510 1638 1712 1666 convincuntur

922 1691 1045 1719 quaerere
1057 1683 1130 1718 quod
1142 1683 1272 1716 fatentur,
1286 1683 1350 1710 dum
1371 1687 1512 1718 quaerunt,
1537 1691 1572 1711 an
1586 1692 1658 1712 unus
1678 1684 1712 1712 de

921 1730 1051 1757 omnibus
1069 1730 1105 1757 sit
1129 1733 1250 1758 statutus
1262 1729 1414 1756 terminus?
1430 1728 1483 1756 Sed
1499 1729 1552 1757 hoc
1565 1737 1650 1757 unum
1670 1734 1713 1757 est

921 1783 954 1803 ex
971 1775 1161 1810 argumentis;
1174 1774 1326 1802 secundum
1342 1781 1407 1802 vero
1421 1773 1494 1802 istud
1505 1774 1588 1806 :Cur.
1606 1781 1711 1809 quaeso.

922 1822 956 1849 ad
969 1820 1170 1848 multitudinem
1186 1820 1357 1855 confugiunt,
1386 1828 1401 1848 a
1419 1828 1473 1855 qua
1487 1819 1549 1847 linis
1564 1820 1601 1847 ita
1615 1828 1712 1855 repen-

923 1868 997 1895 tinus
1015 1867 1245 1903 promiscuusque
1268 1866 1408 1901 exigitur?
1435 1864 1570 1893 Nimirum
1596 1866 1661 1900 quia
1679 1866 1712 1893 dc

922 1913 1061 1949 aliquibus
1077 1912 1223 1940 terminum
1246 1913 1428 1944 conlitentur,
1448 1911 1482 1939 de
1504 1911 1630 1947 pluribus
1648 1919 1712 1938 vero

922 1969 976 1988 non
990 1960 1144 1988 concedunt
1157 1959 1322 1995 (dubitant);
1339 1966 1395 1986 non
1410 1959 1485 1986 enim
1502 1958 1639 1994 ejusmodi
1651 1965 1713 1993 per-

922 2006 1026 2041 fugium
1046 2006 1080 2033 ad
1104 2004 1307 2033 multitudinem
1333 2012 1388 2032 uno
1416 2004 1526 2040 agmine
1551 2004 1711 2032 morienteu

922 2052 1132 2088 excogitassent.
1152 2050 1186 2078 Et
1201 2056 1292 2078 tamen
1311 2051 1335 2078 si
1358 2051 1392 2079 de
1415 2051 1553 2086 aliquibus
1578 2050 1714 2078 aﬁirmant

924 2097 1081 2130 terminum,
1094 2103 1148 2124 non
1162 2103 1226 2124 vero
1245 2096 1279 2124 de
1297 2096 1447 2124 omnibus:
1465 2101 1522 2124 tum
1540 2096 1641 2132 quibus
1661 2096 1714 2131 ipsi

925 2142 1077 2170 rationibus
1092 2141 1239 2170 terminum
1255 2141 1288 2170 de
1305 2142 1444 2177 aliquibus
1464 2141 1507 2169 vel
1523 2141 1598 2169 taciti
1612 2141 1714 2169 admit-

926 2193 1000 2221 tunt,
1013 2188 1112 2216 iisdem
1128 2189 1171 2216 vel
1186 2188 1264 2216 inviti
1279 2188 1406 2223 compelli
1418 2195 1449 2216 ac
1467 2187 1538 2215 trahi
1552 2191 1668 2223 possunt
1681 2188 1714 2213 ad

77 2233 280 2268 ἀποκρούονται
297 2237 376 2264 ἐνίων
391 2239 455 2274 ὅρον
469 2239 627 2271 δοξάζοντες
649 2240 704 2266 τῶν
719 2240 787 2275 πρὸς
806 2240 855 2267 uti

960 2237 1108 2264 testandum
1117 2243 1260 2264 assensum
1271 2236 1315 2267 iis,
1324 2236 1371 2271 qui
1383 2236 1532 2263 terminum
1543 2235 1577 2263 de
1586 2234 1715 2262 omnibus

77 2287 131 2314 την
145 2280 364 2318 ἀπομαχομένων
383 2284 433 2320 τὴν
449 2284 539 2319 δόξαν,
560 2287 616 2318 τοῖς
629 2286 722 2318 αὐτοῖς
735 2286 768 2313 ἂν
788 2287 813 2313 el
827 2287 874 2313 εὐ-

81 2325 228 2359 σεὸοὖντες
242 2328 386 2361 κάκείνους
396 2331 600 2366 ἀποκρούεσθαι
613 2332 662 2364 τὰς
677 2332 812 2368 ἐπηρείας
825 2333 874 2359 ἐκ·

80 2371 257 2405 διδάσκουσι,
274 2373 308 2406 ἃς
326 2376 396 2404 κατὰ
417 2377 471 2403 τῶν
491 2377 625 2412 λεγόντων
635 2378 684 2405 ἕνα
696 2378 788 2405 κοινὸν
812 2378 875 2414 ὅρον

79 2417 212 2445 ἁπάντων
229 2419 275 2446 ἐπὶ
289 2419 336 2447 τοῦ
356 2423 599 2459 προχειριζομένου
621 2423 740 2460 πλήθους
763 2424 876 2459 γεγενῆ-

80 2463 146 2490 σθαι
167 2463 388 2503 [προκομίζουσι]
403 2468 452 2504 (8).

118 2606 131 2631 τ
148 2616 154 2623 .
179 2597 237 2624 Ἑτι
253 2597 281 2624 δὲ
302 2599 332 2624 οὺ
356 2598 437 2634 μόνον
453 2599 564 2626 ἐπειδὰν
578 2601 737 2637 περίστασὶς
749 2610 791 2633 τις
811 2611 869 2629 και-

81 2644 224 2680 νοπρεπὴς
237 2645 354 2681 ἐπιστῇ,
375 2645 460 2681 ἀθρόα
477 2647 542 2681 γένη
563 2647 609 2674 καὶ
623 2647 739 2683 διάφορα
755 2648 795 2674 ἐνὶ
814 2649 870 2684 ὅρῳ

923 2281 1182 2315 aﬁirmant.Quibus
1197 2281 1270 2310 enim
1279 2281 1557 2317 respousionibusisti
1568 2281 1723 2309 terminum,

923 2327 958 2355 de
973 2327 1114 2362 aliquibus
1128 2326 1306 2357 admittentes
1340 2326 1467 2355 refellunt
1480 2326 1653 2361 objectiones
1666 2334 1714 2352 co-

926 2381 998 2406 rum.
1014 2374 1062 2409 qui
1077 2373 1142 2401 huic
1155 2373 1298 2402 sententiae
1313 2374 1494 2407 reluctantur,
1507 2373 1604 2401 iisdem
1620 2376 1648 2400 et
1668 2379 1715 2399 ca-

926 2419 1129 2448 tholicidocent
1140 2419 1264 2448 refellere
1274 2427 1320 2448 eos
1335 2427 1416 2455 posse
1431 2419 1599 2455 obiectiones
1612 2418 1640 2446 in
1654 2417 1716 2445 illos

921 2467 1051 2501 prolatas.
1067 2466 1114 2500 qui
1144 2473 1228 2493 unqu
1246 2474 1424 2494 communem
1446 2467 1481 2494 de
1497 2465 1628 2493 omnibus
1651 2469 1711 2491 ter-

930 2511 1034 2539 minum
1045 2510 1072 2538 in
1088 2510 1133 2539 illa
1146 2510 1321 2539 multitudine
1341 2511 1425 2541 fuisse
1444 2511 1623 2540 constitutum
1639 2517 1716 2538 asse-

927 2562 1002 2585 runt.

962 2602 990 2630 5.
1007 2602 1120 2638 Insuper
1135 2610 1189 2630 non
1207 2604 1295 2633 solum
1309 2603 1420 2638 quando
1444 2610 1532 2631 novus
1554 2601 1653 2637 aliquis
1671 2601 1716 2627 in-

925 2655 1019 2685 surgat
1037 2657 1127 2682 casus,
1147 2650 1220 2676 varia
1239 2655 1264 2677 ct
1279 2651 1434 2685 promiscua
1452 2649 1533 2678 simul
1548 2655 1649 2685 genera
1665 2648 1715 2675 ho~

846 2737 962 2766 NOTAE.

118 2811 158 2846 (6)
235 2812 280 2849 ὑφ’
290 2812 330 2839 iv.
340 2813 411 2849 rmel.
426 2814 479 2840 ὑπὸ
495 2815 570 2849 μίαν.

119 2847 320 2886 (i)_llat_.il'orua
335 2848 392 2886 jam
409 2849 436 2876 in
453 2847 504 2886 suo
517 2850 674 2886 Apogruplto
691 2851 786 2879 vitium
803 2851 870 2880 huic

85 2883 176 2909 textui
187 2882 300 2911 subesse
321 2882 361 2911 vel
380 2891 467 2918 pauca
485 2882 584 2913 ἀεροειιῖ
593 2882 746 2920 suspicatus
762 2891 813 2914 est.

963 2818 1000 2851 (8)
1013 2817 1114 2846 ‘l‘extus
1132 2818 1272 2846 νὶιΙ(·1);ιιιιι·
1289 2819 1411 2847 nonnihil
1428 2825 1577 2856 corruptus
1592 2824 1618 2848 ct
1636 2827 1711 2849 mam

928 2862 984 2881 cui.
