1874 3070
64 175 133 207 1037

549 177 599 206 AD
615 175 911 206 AMPIllLOCHIUM
925 176 1098 211 QUAESTIO
1117 177 1222 208 CCXL.
1515 191 1535 202 ι

1625 178 1701 210 1038τ

61 241 154 266 mea;
168 231 199 258 Ei
214 232 277 267 ὄρος
292 232 442 263 τετέλεστο,
455 231 481 259 τί
499 232 570 259 Καῒν
581 233 619 264 ὼς
635 233 776 268 ὑπηρέτης
788 234 801 260 ὃ

953 233 1047 260 citavit
1061 234 1220 262 mortuum?
1239 234 1303 262 Haec
1317 239 1345 262 et
1356 234 1456 262 similia
1480 235 1502 262 si
1534 235 1632 262 Clotho
1646 244 1693 271 per

59 277 258 311 ἀδελφοκτόνος
273 278 310 304 ὢν
334 278 426 305 στόνον
442 278 523 310 αὐτὸς
534 279 582 305 καὶ
593 279 719 314 παγγενῆ
732 279 856 306 πανωλε--

60 323 143 359 θρίαν
156 324 279 358 ἐσχάτως
292 324 514 357 καταδικάζεται,
524 325 641 357 καὶπῶς
655 325 701 351 τὸν
715 325 799 359 φονέα
809 325 854 351 νό-

61 379 113 405 μος
127 371 200 402 Θείος
212 371 244 397 ἐκ
256 371 317 397 Νῶε
330 370 394 406 ἄχρι
405 372 454 406 τῆς
465 362 545 407 δεῦρο
555 371 664 406 θανάτῳ
676 371 855 403 καταδικάζει

61 416 122 451 μετ’
134 416 305 448 ἐπιστάσεως
315 425 322 450 ;
334 417 351 451 ἢ
367 417 426 449 πῶς
437 419 468 444 τὸ
481 418 521 450 εἰς
533 417 578 445 τδν
595 418 681 452 ’Δγὰγ
696 418 835 452 λογιστέον
846 427 853 452 ;

57 463 85 488 εἰ
107 462 274 497 πεπλήρωτο
293 463 307 488 ὁ
325 464 366 494 είς
386 463 468 490 αὐτὸν
485 464 557 499 ὄρος,
573 464 622 490 οὐκ
636 463 790 500 ἐτεθνήκει,
807 465 855 491 καὶ

59 506 100 541 μὴ
118 506 283 542 βουλομένου
308 507 356 534 τοῦ
374 508 460 535 Σαοὺλ
478 509 592 541 πατάξει
609 510 707 541 αὖτόνς
725 510 757 536 Τί
780 509 808 536 δὲ
829 509 855 536 οἱ

57 551 108 578 τοῦ
131 552 192 579 ’1ὼὸ
206 554 301 585 παῖδες
311 573 318 583 .
334 554 390 590 ὅρῳ
405 554 422 589 ἦ
441 554 578 590 ὲξαιτήσει
602 556 691 582 Σατάν
703 556 774 590 (16);
789 555 814 581 τί
827 556 855 582 δὲ

64 598 207 631 Ἐζεκίας”
218 600 244 626 τί
256 600 284 626 δὲ
296 600 453 634 Νινευῗταις
471 601 497 628 τί
517 602 545 627 δὲ
557 602 581 628 οἱ
597 601 713 636 καθεξῆς
726 602 760 628 δι’
776 603 854 628 εὐτυ-

57 645 123 679 χίας
141 646 328 678 ἀνασωθέντες
340 648 356 682 ἢ
367 647 413 674 καὶ
429 647 598 683 σωζόμενοι;
616 649 680 675 τίδὲ
696 648 748 684 [τὶ]
766 658 775 675 ι
795 649 854 675 Ἵνα

56 699 100 722 τις
119 692 153 726 Θῇ
167 691 257 726 ψυχὴν
271 692 341 727 ὑπὲρ
358 693 568 728 στεργομένου.)
588 691 619 721 οὗ
633 695 817 730 πρόγραμμος
829 694 854 720 οἱ

58 738 134 771 ἅγιοι
159 739 316 772 μάρτυρες;
340 739 402 770 Πῶς
417 739 446 765 τὸ
468 740 561 772 Φινεὲς
577 740 656 775 ἔργον
674 741 786 773 Θετέονι
805 750 854 768 κα-

57 785 203 820 κοπραγίᾳ
219 785 234 819 ἢ
251 785 326 819 apto;
344 785 400 812 Ποῦ
417 786 446 812 δὲ
460 786 501 816 τδ,
525 796 534 812 ε
564 787 628 813 Ἐὰν
645 788 852 824 ἀγαθοεργήσῃ,

57 830 108 866 ἔσῃ
125 831 345 866 μακροχρόνιοςς
360 831 412 858 ποῦ
425 831 453 858 δὲ
466 832 507 863 τὸ,
527 841 535 858 ι
560 832 751 859 Ἑλασσονοῦσι
768 833 854 868 φυλὰς

57 878 212 912 ἁμαρτίαις
241 877 273 904 Τί
301 878 330 904 δὲ
357 879 381 904 οἱ
407 878 493 912 δειλίᾳ
520 879 634 906 θανάτου
667 880 851 915 ἀπαγχόμενοι

56 924 193 956 ἑκουσίως
218 924 234 960 ἢ
255 925 332 951 αὐτοὶ
358 925 419 952 καθ’
446 925 637 961 οίονδηποτοῦν
664 926 764 961 τρόπον
787 927 852 952 ἐαυ-

56 971 122 1002 τοὺς
154 971 330 1006 ἀναιροῦντες
360 971 375 1006 ἥ
398 971 534 1004 ἀκουσίως
555 972 621 1007 παρ’
646 972 748 1007 ἑτέρων
775 972 854 999 τοῦτο

57 1017 220 1051 πεισόμενοι
310 1017 381 1053 λιμῷ
402 1018 418 1052 ἢ
461 1018 535 1053 κόρῳ
561 1018 578 1053 ἢ
602 1017 682 1053 ψύξει
714 1018 852 1054 πληθούσῃ

58 1064 72 1087 ἢ
89 1063 183 1098 Θέρμῃ
198 1064 214 1099 ἢ
230 1063 356 1099 λοιμώδει
375 1065 445 1100 νόσῳ
457 1065 472 1100 ἢ
484 1065 534 1091 ὃσα
550 1064 676 1100 βοηθείας
693 1065 853 1100 ἰσχυρότερα

55 1109 72 1144 ἢ
95 1109 292 1145 ἀθεράπευτα,
316 1111 359 1137 ἶνα
380 1111 417 1145 μὴ
433 1111 506 1144 λέγω
527 1111 615 1138 πάντα
631 1111 667 1138 τὰ
682 1111 715 1137 δι’
737 1112 853 1147 ἀφαιρέ-

57 1164 131 1187 σεως
147 1157 280 1190 αἵματος
303 1157 336 1183 Τί
350 1157 378 1183 δὲ
395 1157 443 1182 ἐὰν
459 1158 513 1192 ἁφῇ
536 1157 584 1192 τὴν
598 1157 733 1193 ἀρτηρίαν
748 1159 852 1191 ἄδετοι),

56 1202 195 1233 ἑκουσίως
215 1202 231 1238 ἢ
255 1203 301 1229 καὶ
324 1203 380 1238 μή;
400 1203 461 1238 οὐχὶ
485 1204 513 1228 ὲν
539 1203 636 1238 αἵματι
658 1203 747 1239 ψυχῆς
771 1204 852 1232 αὑτοῦ

57 1248 188 1283 ἐκδράσει
209 1249 256 1275 καὶ
275 1249 306 1275 τὸ
323 1249 416 1284 νοερὸν
440 1249 569 1284 Πνεῦμα,
589 1249 603 1275 ὅ
625 1250 654 1276 ἐν
675 1250 762 1285 τούτῳ
779 1250 854 1276 δέδε-

54 1303 103 1321 ται
117 1294 175 1330 (l7)
192 1295 252 1321 ἐπεὶ
264 1293 333 1329 αἷμα
353 1295 537 1330 ἁποτυροῦται
549 1297 588 1327 είς
601 1296 690 1332 σάρκα
703 1304 710 1329 ;
724 1297 782 1332 ἅμα
799 1297 855 1332 γὰρ

58 1340 148 1376 σὰρξ,
164 1340 222 1376 ἃμα
237 1341 349 1374 Πνεῦμα
361 1341 427 1376 (l8)'
443 1341 561 1372 καὶπῶς
581 1342 659 1368 τοῦτο
670 1350 676 1375 ;
689 1342 730 1368 ὅτι
751 1343 765 1368 ὸ
782 1342 853 1374 θεῖος

57 1388 150 1421 Λόγος
171 1388 219 1413 καὶ
237 1387 442 1419 αὑθυπόστατος
464 1387 532 1424 σὰρξ
557 1388 666 1422 ἐγένετο
692 1389 801 1424 σκηνῶν
825 1390 854 1415 ὲν

57 1434 128 1468 ἡμῖν
149 1433 214 1467 περὶ
234 1432 280 1458 τὸν
299 1432 429 1466 ἀσφαλῶς
448 1432 578 1466 δήσαντα.
606 1432 638 1458 Τί
657 1432 685 1458 δὲ
698 1433 723 1458 oi
746 1433 797 1467 γῆν
814 1433 854 1459 ol-

58 1478 172 1510 κοῦντες
191 1479 296 1514 σεισμῷ
319 1479 335 1514 ἢ
358 1480 480 1515 πυρκαῖᾷ
495 1479 699 1514 ἀναιρούμενοι,
719 1480 766 1505 καὶ
778 1480 801 1506 οἱ
825 1481 854 1506 ὲν

58 1525 183 1560 Θαλάσσῃ
196 1525 401 1560 διασωζόμενοι,
416 1525 511 1561 ὥσπερ
521 1527 550 1553 ἐν
572 1525 689 1552 κλύδωνι
701 1526 854 1561 ἀπολλύμε-

905 277 1003 309 Deum,
1022 279 1068 306 ubi
1085 280 1139 306 erit
1152 279 1258 306 arbitrii
1285 279 1410 312 libertas,
1427 287 1461 307 ne
1484 280 1574 308 dicam
1597 281 1697 308 absur-

903 324 997 352 ditas?
1011 325 1080 358 Quid
1094 333 1159 352 vero
1174 331 1311 361 postrema
1338 326 1382 353 illa
1402 325 1586 354 lsraelitarum
1607 327 1694 355 inter-

905 369 985 397 fectio
1004 371 1030 397 in
1049 378 1157 405 patiam
1179 371 1322 407 sanguinis
1339 371 1444 399 Domini
1458 376 1484 400 ct
1497 373 1693 407 prophctarunt

905 416 985 443 aedis
1008 424 1057 451 per
1075 424 1151 443 arma
1171 416 1357 445 Romanorum
1391 418 1485 445 illata?
1512 419 1549 445 Ex
1575 419 1694 446 termino

905 468 951 488 seu
968 462 1076 489 decreto
1089 462 1202 497 contigit
1221 471 1255 490 an
1271 471 1303 490 ex
1334 464 1450 491 arhitrio
1465 463 1615 491 voluntatis
1646 470 1694 491 aut

904 507 958 534 alia
970 508 1097 535 ratione?
1111 508 1181 542 Quid
1197 517 1261 536 vero
1270 515 1381 537 cruenta
1396 510 1483 537 caedes
1498 510 1526 536 in
1541 510 1622 537 Abele
1633 518 1695 546 per-

905 554 1030 588 petrata?
1045 553 1073 580 Si
1095 554 1229 582 terminus
1262 563 1277 582 a
1296 554 1350 583 Deo
1377 556 1547 590 praestitutus
1569 557 1694 591 expletus

905 597 957 624 fuit
970 597 1004 629 “.
1021 607 1071 626 cur
1088 599 1165 631 Cain,
1179 600 1224 634 qui
1245 605 1274 627 ut
1287 601 1372 627 divini
1389 601 1492 628 decreti
1511 601 1636 629 minister
1647 609 1695 628 oc-

904 644 970 671 cidit
995 643 1120 678 fratrem,
1139 649 1172 673 ad
1198 647 1316 681 gemitus
1345 648 1403 682 ipse
1430 648 1567 683 totiusque
1587 648 1695 683 generis

905 691 1045 718 interitum
1077 693 1294 719 condemnatur?
1323 691 1355 719 Et
1381 694 1519 728 quomodo
1536 694 1579 721 lex
1603 694 1694 722 divina

905 744 919 763 a
935 736 992 764 Noe
1012 737 1036 753 “
1051 738 1083 764 ad
1100 738 1152 765 hoc
1177 747 1265 774 usque
1286 743 1394 773 tempus
1420 739 1585 766 homicidam
1615 741 1694 767 morti

904 783 1028 810 addicit?
1043 783 1096 811 Ant
1111 785 1249 819 quomodo
1266 785 1331 812 illud
1347 786 1380 812 de
1395 786 1469 820 Agag
1480 786 1503 802 ⁸³
1513 787 1695 821 rcputandum

904 829 1008 857 est?Si
1024 830 1156 857 terminus
1188 830 1238 865 ipsi
1269 830 1368 858 fuisset
1398 831 1576 866 pratstitutus.
1600 839 1694 858 nonne

905 876 1031 909 ohiisset,
1051 877 1102 904 etsi
1121 877 1205 904 nollet
1216 877 1281 905 Saul
1302 878 1391 912 ipsum
1424 878 1597 905 interﬁcere?
1625 878 1694 911 Quid

905 931 971 951 vero
994 923 1042 950 lilii
1057 923 1108 951 .loh
1124 923 1167 950 “?
1179 924 1230 951 Per
1250 924 1435 952 terminumne
1449 932 1484 951 an
1514 932 1562 960 per
1587 924 1696 952 Satantc

906 970 1062 1005 petitionem
1081 970 1290 997 occubuerunt?
1301 969 1371 1003 Quid
1391 970 1535 998 Ninivitte?
1550 970 1620 1004 Quid
1629 971 1697 998 Eze~

905 1017 1001 1044 chios?
1016 1016 1085 1050 Quid
1100 1024 1164 1044 vero
1176 1017 1278 1050 czeteri,
1295 1018 1340 1052 qui
1351 1025 1483 1053 prospero
1494 1018 1586 1054 aliquo
1598 1024 1695 1046 eventu

905 1064 1004 1092 servati
1020 1068 1085 1091 sunt
1100 1064 1142 1091 vel
1159 1063 1250 1091 adhuc
1268 1064 1430 1091 servantur?
1446 1063 1517 1097 Quid
1545 1072 1609 1092 vero
1630 1064 1696 1091 ell‘a-

905 1116 961 1137 tum
979 1110 1046 1138 illud
1062 1120 1068 1137 :
1083 1119 1092 1136 ι
1110 1109 1146 1138 Ut
1159 1114 1242 1145 ponat
1256 1110 1318 1145 quis
1339 1111 1459 1138 animam
1483 1119 1561 1138 suam
1575 1111 1698 1146 praulilc-

904 1161 949 1183 cto
961 1156 1023 1189 5',»
1054 1155 1133 1190 cujus
1161 1156 1200 1183 rei
1222 1163 1316 1184 norma
1346 1161 1416 1184 sunt.
1435 1157 1522 1184 sancti
1550 1162 1695 1192 martyres.

905 1201 974 1235 Quid
992 1209 1056 1228 vero
1069 1201 1102 1228 de
1113 1201 1160 1228 illo
1179 1201 1252 1236 quod
1267 1201 1332 1229 fecit
1348 1201 1466 1229 Phinees
1484 1201 1508 1217 ⁸⁸
1520 1200 1696 1229 statuendum

904 1247 968 1275 est?
984 1247 1024 1274 Ex
1039 1246 1192 1274 infortunio
1220 1247 1285 1274 illud
1302 1247 1429 1275 evenisse
1452 1255 1486 1274 an
1511 1254 1543 1274 ex
1569 1246 1698 1273 decreto?

906 1293 956 1321 Uhi
972 1301 1036 1321 vcro
1054 1294 1137 1321 illud:
1155 1303 1165 1319 ι
1182 1293 1211 1321 Si
1233 1294 1302 1321 bene
1316 1294 1414 1328 egeris.
1436 1293 1491 1321 eris
1513 1293 1661 1328 longmvus.
1684 1301 1694 1317 ι

906 1339 958 1367 Ubi
982 1340 1071 1367 illud:
1102 1349 1112 1366 ‹
1131 1339 1259 1368 Μὶιιιιιιιιι
1288 1340 1375 1368 tribus
1402 1343 1514 1374 peccata
1532 1339 1576 1365 ε⁷¹ί
1593 1348 1602 1364 ι
1626 1338 1695 1371 Quid

906 1392 970 1412 vero
983 1385 1028 1419 qui
1054 1389 1127 1412 metu
1153 1385 1249 1412 mortis
1277 1389 1375 1420 sponte
1403 1393 1431 1412 se
1456 1385 1630 1419 strangulant
1654 1385 1697 1411 vel

906 1438 1017 1466 quoquo
1034 1431 1114 1457 modo
1145 1431 1252 1465 scipsos
1274 1430 1437 1458 interimunt
1462 1431 1505 1458 vel
1530 1430 1565 1458 ab
1589 1430 1649 1457 aliis
1670 1430 1697 1456 id

907 1476 996 1510 ipsum
1023 1475 1100 1502 inviti
1117 1476 1261 1511 patiuntur
1277 1477 1318 1503 vel
1336 1476 1422 1503 nimia
1437 1476 1526 1504 inedia
1550 1481 1597 1503 aut
1612 1476 1696 1503 satie-

907 1527 961 1550 tute
977 1523 1017 1550 vel
1045 1524 1158 1557 copioso
1176 1522 1278 1558 frigore
1298 1527 1345 1549 aut
1371 1523 1463 1550 calore
1483 1523 1526 1550 vel
1556 1523 1622 1550 febri
1650 1527 1697 1550 aut

58 1579 99 1597 νοι
125 1570 174 1596 καὶ
193 1571 218 1597 oi
240 1572 269 1597 ἐν
294 1572 329 1606 γῇ
355 1571 393 1606 μὴ
409 1572 608 1607 βλαπτόμενοι;
629 1572 662 1599 Τί
682 1573 746 1604 τοὺς
776 1582 797 1600 π

957 1569 1061 1596 tilcntia
1079 1568 1120 1595 vel
1148 1568 1209 1596 aliis
1231 1568 1335 1595 morbis
1362 1568 1563 1596 incurabilibus
1588 1575 1623 1596 ne
1652 1575 1696 1594 re-

64 1615 205 1642 Ἐλισαίου
217 1616 386 1648 ἀναστάντας
404 1619 518 1653 νεκρούς
531 1626 538 1650 ;
557 1619 584 1644 τί
597 1619 626 1645 δὲ
641 1619 706 1650 τοὺς
719 1619 795 1655 παρὰ
808 1619 854 1645 τοῦ

59 1664 110 1695 τῆς
137 1663 209 1697 ζωῆς
225 1663 348 1698 ἀρχηγοῦ
371 1663 504 1698 Χριστοῦ;
530 1665 562 1690 Τί
579 1665 608 1691 δὲ
626 1665 657 1694 τὸ
674 1665 813 1698 Ταϐιθᾶςς
829 1665 855 1692 τί

58 1708 86 1734 δὲ
103 1708 135 1734 τὺ
160 1708 283 1734 Ἀνανίου
305 1709 351 1734 καὶ
371 1708 528 1744 Σαπφείρας
541 1717 548 1741 ;
563 1709 590 1736 τί
606 1709 635 1736 δὲ
651 1710 685 1736 τὰ
698 1710 752 1735 τῶν
769 1710 856 1736 ἄλλων

59 1750 147 1783 ἁγίων
158 1750 222 1785 ἄχρι
241 1751 291 1786 τῆς
301 1750 380 1784 δεῦρο
401 1751 659 1786 τερατουργούμενα
669 1751 774 1786 νεκρῶν
788 1753 854 1778 ἁνα-

60 1796 206 1830 6ιὼματα;
229 1797 254 1824 εἰ
269 1797 332 1831 ὄρος
347 1797 527 1832 ἐπεπλήρωτο
540 1818 548 1831 ,
564 1797 622 1829 πῶς
639 1797 669 1823 τὸ
694 1797 802 1832 ὁρισθὲν
825 1797 855 1824 οὐ

65 1851 237 1877 πεπερασται
248 1852 256 1874 ς

904 1623 1032 1643 censeam
1047 1615 1140 1642 omnia
1157 1615 1202 1641 illa
1225 1622 1286 1649 qua:
1300 1622 1331 1641 ex
1362 1615 1531 1642 detractione
1553 1614 1698 1649 sanguinis

904 1661 1066 1695 contingunt
1080 1660 1091 1687 ’ί
1107 1660 1177 1693 Quid
1194 1667 1260 1687 vero
1286 1660 1308 1687 si
1328 1660 1471 1695 reliquerit
1497 1660 1626 1687 arteriam
1642 1668 1696 1686 non

905 1706 1017 1740 ligatam
1047 1706 1105 1733 sive
1125 1706 1254 1733 consulto
1282 1706 1340 1733 sive
1356 1704 1644 1733 inconsulto?Nonne
1670 1705 1698 1733 in

905 1751 1039 1786 sanguine
1052 1751 1150 1779 anima:
1165 1759 1222 1779 sua:
1246 1752 1360 1786 spiritus
1377 1759 1487 1786 quoque
1515 1751 1698 1778 intellectivus

904 1797 1025 1832 ell‘ugiet,
1040 1797 1088 1832 qui
1101 1802 1144 1824 est
1159 1797 1186 1825 in
1202 1805 1235 1824 eo
1263 1798 1401 1832 alligatus,
1419 1798 1509 1824 statim
1527 1797 1699 1832 aqsanguis

905 1844 932 1870 in
953 1851 1062 1871 carnem
1084 1844 1289 1871 condensatur?
1307 1844 1394 1870 Simul
1410 1844 1482 1871 enim
1509 1843 1618 1871 exsistit
1634 1850 1699 1870 cato

58 1889 142 1916 simul
152 1894 179 1915 et
191 1890 314 1924 spiritus.
333 1889 365 1917 Et
377 1890 516 1926 quomodo
543 1890 613 1918 hoc?
633 1889 704 1923 Quia
728 1889 851 1916 divinum
872 1888 991 1916 Verbum
1024 1893 1052 1916 et
1085 1897 1133 1924 per
1149 1897 1179 1916 se
1200 1889 1355 1916 subsistens
1374 1896 1439 1916 caro
1460 1888 1563 1916 factum
1587 1892 1630 1916 est
1649 1888 1699 1915 ha-

59 1935 150 1963 bitans
172 1937 198 1963 in
216 1937 294 1964 nobis
315 1938 348 1965 ⁸⁸.
386 1938 456 1971 Quid
475 1946 538 1965 vero
566 1937 724 1971 dicendum,
756 1938 867 1973 quando
887 1937 934 1971 qui
968 1941 1069 1964 terram
1089 1937 1223 1969 habitant.
1241 1942 1322 1964 terra:
1338 1941 1413 1964 motu
1431 1941 1479 1964 aut
1508 1936 1637 1964 incendio
1655 1936 1698 1963 in-

59 1984 239 2014 terimuntur.
266 1986 295 2010 et
310 1983 357 2018 qui
372 1983 399 2009 in
412 1984 480 2011 mari
501 1984 614 2020 degunt,
629 1985 782 2011 incolumes
815 1988 971 2016 servantur,
1005 1983 1077 2011 sicut
1113 1984 1158 2011 alii
1184 1983 1211 2010 in
1232 1987 1392 2018 tempestate
1418 1988 1533 2018 pereunt
1548 1988 1575 2010 et
1603 1983 1650 2018 qui
1671 1984 1698 2011 in

58 2037 130 2058 terra
147 2035 210 2058 sunt
227 2038 280 2057 non
297 2031 449 2058 laeduntur?
463 2031 533 2064 Quid
548 2032 582 2059 de
603 2032 720 2059 mortuis
747 2032 782 2058 ab
806 2030 902 2058 Eliszeo
936 2030 962 2057 iu
997 2030 1080 2058 vitam
1115 2030 1272 2058 revomtis?
1289 2030 1360 2063 Quid
1373 2030 1407 2058 de
1424 2031 1458 2058 iis
1479 2038 1549 2065 quos
1565 2031 1696 2059 excitavit

58 2077 123 2104 vita)
138 2080 235 2103 auctor
251 2075 399 2103 Christus?
414 2075 485 2109 Quid
497 2077 531 2103 de
553 2077 690 2104 Tabitha?
726 2076 795 2109 Quid
818 2077 851 2103 de
871 2084 904 2104 eo
927 2077 1000 2111 quod
1034 2076 1149 2112 contigit
1182 2077 1297 2104 Ananize
1324 2081 1353 2104 et
1382 2075 1547 2112 Sapphiraa?
1574 2075 1646 2109 Quid
1666 2077 1699 2104 de

59 2125 121 2152 aliis
139 2128 309 2152 mortuorum
325 2125 548 2157 excitationibus,
560 2133 620 2159 quae
634 2126 667 2152 ad
680 2126 753 2152 hunc
765 2133 851 2160 usque
883 2125 959 2152 diem
976 2132 995 2152 a.
1008 2124 1111 2152 sanctis
1141 2127 1329 2160 peraguntur?
1353 2123 1382 2151 Si
1407 2125 1542 2152 terminus
1571 2124 1699 2158 impletus

58 2177 130 2204 erat,
145 2173 286 2206 quomodo
301 2173 374 2207 quod
399 2173 490 2200 luerat
500 2173 641 2200 delinilum
657 2181 711 2200 non
734 2173 786 2200 l'uit
813 2173 848 2200 ad
865 2173 990 2200 effectum
1005 2173 1190 2208 perductum?

91 2221 124 2248 ε’.
147 2222 225 2248 Πᾶσα
240 2221 343 2248 παλαιὰ
356 2222 411 2257 (19)
431 2223 504 2258 ὅρον,
526 2221 595 2258 πλὴν
616 2222 698 2256 μόνου
710 2222 757 2249 τοῦ
773 2223 802 2249 ὲν
816 2231 831 2248 τ

960 2243 967 2249 .
987 2221 1151 2249 Universum
1170 2220 1253 2249 Vetus
1269 2221 1476 2249 Testamentum
1496 2222 1580 2249 alium
1605 2222 1699 2249 termi—

57 2267 213 2302 παραϐάσει
227 2267 374 2302 ἁμαρτίας,
388 2277 397 2293 ι
425 2269 448 2303 ῌ
462 2267 484 2293 δ’
497 2267 529 2294 ἂν
537 2266 598 2302 ὥρα
609 2267 730 2302 φάγεοθε
744 2267 850 2295 ἀποθα-

56 2313 159 2344 νεῖσθε,
182 2323 192 2339 ι
222 2313 294 2340 κατὰ
314 2313 444 2348 πρόθεσιν
463 2313 542 2340 ἄλλον
561 2313 611 2340 οὐκ
624 2311 712 2346 οἶδεν;
733 2314 758 2340 εί
775 2314 805 2340 δὲ
821 2314 852 2341 τὸ

57 2358 228 2392 Εὑαγγὲλιον
245 2359 376 2394 κηρύττει
391 2360 464 2394 ὅρον,
482 2359 570 2385 εἰπεῖν
579 2359 629 2385 οὐκ
646 2359 709 2394 ἔχω·
727 2359 777 2386 ἕνα
792 2357 851 2386 οἶδα

57 2405 208 2440 ἀκρότατον
225 2405 287 2440 ὅρον
304 2404 422 2440 Χριστοῦ
441 2404 582 2437 λέγοντος·
602 2403 779 2440 ἐρωτώμενος
796 2405 850 2439 γὰρ

58 2451 135 2486 παρὰ
154 2451 311 2486 Φαριταίων
328 2451 393 2485 περ)⁸
418 2450 573 2485 ἀνθρώπων
595 2450 757 2481 Γαλιλαίων,
783 2446 820 2476 ὧν
837 2451 850 2476 ὁ

58 2497 176 2528 Πιλᾶτος
198 2497 228 2523 τὸ
251 2494 321 2532 αἷμα
345 2497 414 2532 μετά
438 2496 494 2523 τῶν
511 2496 611 2523 θυσιῶν
634 2495 710 2532 ἔμιξε
735 2496 783 2522 καὶ
804 2495 850 2528 οὓς

92 2597 115 2612 ⁸⁸
133 2596 202 2623 Gen.
220 2603 257 2627 tv.
271 2595 306 2623 l0
317 2604 393 2631 seqq.

60 2639 124 2664 xxv,
138 2632 153 2657 7
181 2639 259 2666 seqq.

433 2597 455 2612 ³¹
470 2596 536 2624 Gen.
547 2599 624 2633 “,6,
646 2597 674 2633 f“
687 2596 774 2633 [‘Reg.
790 2605 834 2628 XV.
846 2598 862 2624 8
874 2605 951 2631 seqq.

296 2632 317 2647 ⁵⁷
333 2631 420 2660 Exod.
448 2640 493 2664 xx,
523 2633 568 2661 12.
605 2632 628 2648 ⁸⁸³
639 2631 720 2660 Joau.
742 2631 761 2664 ιζ
777 2633 821 2660 14.
860 2633 883 2649 ⁸⁹
907 2633 975 2660 Gen.
993 2641 1020 2665 Il,
1040 2633 1082 2660 l'i.

901 2275 964 2294 num
983 2267 1132 2295 secundum
1152 2268 1390 2301 propositum‘non
1406 2268 1540 2303 agnoscit,
1551 2267 1697 2294 nisiunum

901 2314 989 2346 illum,
1017 2314 1063 2348 qui
1091 2318 1204 2347 peccato
1230 2321 1262 2341 ac
1293 2313 1512 2347 praevaricationi
1529 2313 1694 2341 statuitur:

902 2367 912 2384 ί
931 2357 960 2384 1η
974 2366 1027 2392 qua
1046 2358 1112 2385 hora
1122 2358 1308 2391 comedet-itis,
1325 2358 1481 2385 moriemini
1494 2357 1516 2374 ⁸⁸
1526 2358 1538 2385 ?
1549 2367 1558 2383 ι
1572 2357 1614 2384 Δη
1628 2366 1695 2386 vero

900 2404 1076 2440 Evangelium
1092 2406 1222 2440 praedicet
1242 2407 1401 2439 terminum,
1416 2406 1553 2434 afﬁrmare
1570 2414 1690 2442 nequeo.

900 2449 990 2478 Unum
1003 2451 1060 2478 scio
1082 2459 1242 2486 supremum
1257 2461 1272 2479 a
1286 2452 1394 2480 Christo
1424 2453 1573 2480 indicatum
1600 2453 1695 2480 termi—

898 2505 973 2524 num.
991 2497 1175 2533 lnterrogatus
1189 2502 1263 2526 enim
1278 2507 1292 2526 a
1303 2498 1448 2526 Pharisazis
1460 2499 1493 2526 de
1509 2498 1563 2526 illis
1572 2498 1694 2526 Galilaeis

989 2597 1013 2612 ’“
1024 2597 1222 2630 .lobt,18,l9.
1279 2599 1302 2615 ⁸³
1314 2598 1393 2626 Joan.
1407 2608 1450 2630 xv.
1464 2599 1507 2628 l5.
1562 2599 1586 2616 ⁸⁸
1602 2598 1683 2626 Num.

821 2722 937 2751 NOTAE.

97 2817 156 2878 (liii)
182 2816 370 2854 Supplendutn
396 2818 502 2846 videtur
523 2817 669 2854 τεθνήκασι
698 2817 739 2845 vel
761 2817 853 2846 simile

97 2860 185 2878 l'illlll.

63 2860 185 2879 ὶῬΓΙὶΙΙΠΙ.

98 2889 155 2922 (17)
174 2886 202 2914 lu
216 2888 277 2916 cod.
306 2889 415 2917 lacuna.
436 2889 474 2915 Al
493 2897 579 2925 marg.
595 2889 675 2916 Catii.
698 2889 722 2915 οἱ
743 2889 849 2922 διᾶγιιν.

930 2819 988 2852 (18)
1015 2817 1047 2846 Et
1069 2818 1114 2846 hic
1144 2818 1271 2846 vitiatum
1306 2823 1410 2846 textum
1441 2817 1598 2853 suspicatur
1621 2816 1711 2849 Cati}

906 2854 992 2882 lorus.

942 2890 997 2925 (l9)
1013 2889 1057 2918 Sc.
1075 2887 1203 2925 διαθήκη.
