1874 3070
199 151 266 183 1039

756 154 889 183 PHO‘I‘H
904 154 1156 184 PATRIARCELE
1176 155 1231 185 ΕΡ.

1749 158 1823 193 1040

194 215 312 243 quorum
335 207 495 242 sanguinem
521 207 625 235 Pilatus
641 215 703 235 cum
737 208 880 236 sacriﬁciis
912 209 973 236 mis-

1059 210 1088 236 ἐν
1102 209 1214 244 Σιλωὰμ
1230 209 1333 244 πύργος
1350 210 1441 237 πεσὼν
1456 211 1625 245 ἀπέκτεινεν,
1647 214 1672 240 εἰ
1687 213 1820 250 ἀμαρτω-

194 254 250 280 ‹·ιιίι
260 254 282 270 ⁸⁸
297 258 325 281 et
338 260 408 287 quos
422 253 505 281 turris
519 254 546 280 iii
571 253 646 281 Siloe
657 254 778 289 collapsa
792 255 931 283 occiderat
943 256 977 290 ἰ,

194 308 228 327 an
245 300 365 327 omnium
383 299 499 326 fuissent
515 299 696 334 iniquissimi.
722 301 838 335 negavit,
865 302 979 337 adjecit-

194 354 246 380 que
263 353 316 373 non
332 346 419 373 solum
439 345 520 372 verba
534 346 578 372 illa
597 354 604 372 :
623 356 632 372 ι
652 345 708 374 Nisi
717 348 903 381 paenitentiam
915 356 979 383 ege-

193 393 251 420 ritis
269 394 292 409 "
313 403 321 418 I
342 400 438 420 omnes
450 392 577 420 similiter
598 393 733 428 peribitis,
751 394 797 421 sed
814 401 841 422 et
869 395 911 422 lici
935 402 980 421 ar-

193 440 266 468 boris
281 440 406 474 exemplo
422 440 570 466 terminum
586 441 682 467 statuit
703 440 814 468 dicens:
835 450 844 466 ι
864 440 979 468 Succide

192 487 285 519 illam;
307 491 337 513 ut
352 486 417 520 quid
428 486 510 513 etiam
533 491 633 513 terram
653 491 770 521 occupat
783 486 831 513 "‘2
849 496 858 512 ι
876 486 978 514 Simili-

192 536 233 559 ter
247 537 274 559 et
288 532 368 559 dii-iis
381 532 526 566 Apostolus
546 532 579 560 de
592 532 626 559 iis
647 533 693 568 qui
718 533 839 569 indigne,
869 539 898 560 ut
916 541 976 569 ego,

192 582 368 606 sacrosancta
387 578 515 613 mysteria
533 579 706 613 participant,
728 579 812 606 infert
827 578 975 606 definiens:

196 633 204 648 ι
238 623 302 650 Ideo
332 623 411 650 multi
433 623 533 650 inliriiii
555 629 582 651 et
607 624 756 651 imbecilles
788 629 815 652 et
836 625 978 652 dormiunt

193 668 269 695 mulli
285 668 318 694 9‘.
335 677 345 695 ι
366 668 436 701 Quid
452 677 515 696 vero
529 668 623 701 David,
650 669 751 697 Christi
773 670 819 697 Dei
845 677 976 705 proavus,

190 714 254 742 dum
269 714 330 741 vita:
346 715 473 742 humanae
484 723 641 742 mensuram
660 715 832 750 septuaginta
855 719 904 742 aut
931 723 977 742 oc-

191 760 294 795 toginta
313 768 411 793 annos,
435 761 505 788 ultra
536 769 606 796 quos
626 762 746 790 laborem
770 762 853 789 nectit
863 762 902 794 ";
918 766 975 788 tum

190 806 252 833 alibi
271 815 277 832 :
298 815 307 831 ι
325 806 401 833 Eiliic
420 806 454 833 de
476 807 601 834 custodia
633 807 753 834 animam
780 814 868 834 meam
882 807 905 822 ’⁸
921 816 930 832 ι
949 812 976 834 et

190 860 286 879 rursus
308 861 315 879 :
329 862 338 877 ι
356 851 395 879 Ne
413 860 524 880 revores
549 860 592 879 me
607 853 635 880 in
649 853 762 880 dimidio
778 853 884 880 dierum
901 861 975 880 meo-

191 904 249 922 rum
265 896 298 928 ’7,
323 906 332 922 ι
350 901 380 923 ιιι
400 906 409 922 ι
429 896 507 925 Viros
528 898 692 933 sanguiiium
718 903 745 925 et
771 898 892 931 dolosos,
918 906 972 925 non
991 890 1011 917 Β

190 941 370 968 iliinidiabunt
388 941 446 969 dies
466 950 532 969 suos
547 943 580 975 ⁸⁸,
595 951 605 968 ι

224 987 251 1014 6.
267 987 335 1020 Quis
346 987 418 1015 inter
433 989 571 1023 apostolos
587 994 634 1016 aut
654 989 774 1025 synodos
797 994 846 1016 aut
866 995 976 1018 sanctos

188 1031 293 1066 Patres,
308 1033 354 1068 qui
370 1034 516 1060 terminum
531 1034 611 1061 istum
630 1026 755 1062 scribat?
769 1034 846 1068 Quod
864 1036 887 1062 si
916 1044 975 1062 ma-

189 1086 272 1113 guum
290 1078 422 1106 Basiliam
438 1079 565 1112 afferant,
581 1080 650 1106 male
664 1080 738 1106 illiilli
753 1080 917 1115 intelligunt,
928 1081 974 1116 qui

189 1123 215 1149 ill
232 1122 266 1150 de
277 1130 309 1150 eo
322 1123 480 1158 opinantur.
496 1123 602 1158 Ubique
618 1125 690 1151 enim
711 1124 747 1151 ita
764 1122 853 1159 dodet,
874 1134 907 1153 ex
924 1135 974 1154 no-

189 1167 231 1194 bis
249 1166 381 1194 exsistere
399 1173 526 1200 mortem,
548 1176 602 1195 niui
634 1174 724 1196 autem
737 1178 771 1197 ex
789 1171 854 1198 Deo.
884 1170 974 1199 Locus

189 1218 253 1238 vero
269 1211 303 1238 ab
315 1211 348 1238 iis
364 1212 465 1240 citatus
482 1212 617 1247 ejusmodi
640 1218 692 1240 est.
714 1213 887 1248 Propositum
916 1220 974 1243 erat

188 1261 283 1282 saucio
298 1256 452 1290 ostendere,
469 1264 521 1284 non
531 1265 592 1285 esse
604 1257 687 1285 Deum
699 1266 809 1286 causam
822 1260 973 1292 malorum;

189 1301 370 1336 particulatim
387 1302 459 1330 enim
468 1304 606 1331 disserens
627 1303 827 1332 demonstravit
847 1311 973 1334 nostrum

188 1347 298 1382 quidem
331 1355 392 1375 esse
411 1348 556 1382 infirmari,
578 1348 625 1377 Dei
646 1356 738 1377 autem
767 1358 876 1384 sanare,
894 1351 974 1386 juxta

188 1393 254 1420 illud
269 1403 276 1419 :
294 1402 304 1419 ι
324 1393 383 1421 Νοιι
396 1399 436 1422 est
451 1395 555 1423 malitia
572 1396 630 1424 sive
647 1398 764 1430 vexatio,
782 1406 866 1433 quam
879 1397 974 1426 Domi-

189 1446 242 1466 nus
258 1447 312 1466 uon
329 1439 422 1468 fecerit
434 1441 468 1468 ⁸³.
488 1451 498 1468 ι

188 1495 353 1528 ΩΟᾸΞδΤΙΟ
381 1497 482 1525 CCXLI
509 1497 602 1534 [CoisL
641 1498 724 1527 Taiir.
741 1498 873 1528 LXXVII.
892 1500 976 1536 Wolf.

487 1543 667 1580 Lxxxvui].

188 1588 260 1619 Quid
273 1588 406 1631 signiﬁcat
425 1589 493 1631 illud
506 1597 516 1616 :
535 1598 545 1616 ι
565 1589 750 1631 finies-patre
769 1591 877 1631 diabolo
891 1593 972 1627 satis;

345 1629 381 1656 el,
400 1633 410 1650 ι
438 1624 503 1658 Quis
512 1630 551 1652 est
567 1625 668 1653 diaboli
681 1632 757 1660 pater
769 1627 800 1654 “I
814 1637 824 1653 ι

1031 254 1136 281 λότατοι
1152 255 1260 282 πάντων
1280 253 1361 291 ἦσαν,
1386 254 1461 283 εἶπεν
1478 257 1555 292 οὐχί·
1581 259 1628 284 καὶ
1644 260 1776 294 ἐπιφέρει
1791 260 1823 287 οὗ

1032 302 1112 337 μόνον
1126 302 1167 328 τό·
1189 311 1198 327 ι
1219 302 1282 329 Ἐὰν
1299 302 1337 338 μὴ
1349 304 1543 339 μετανοήσητε,
1561 314 1571 330 ι
1590 306 1637 332 καὶ
1653 306 1735 340 ἑξῆς,
1752 307 1825 334 ἀλλὰ

1030 347 1077 373 καὶ
1100 346 1139 382 τῷ
1159 347 1209 382 τῆς
1229 348 1316 382 συκῆς
1341 348 1545 383 παραδείγματι
1564 350 1610 376 τὸν
1626 351 1688 385 ὅρον
1704 351 1824 386 καθιστᾷ

1030 393 1160 426 φάσκων·
1177 403 1186 419 ι
1209 393 1346 427 Ἔκκοψον
1365 394 1460 428 αὐτήν·
1487 395 1530 421 ἴνα
1549 395 1575 421 τί
1599 396 1647 422 καὶ
1668 397 1717 435 τὸν
1737 397 1823 423 τόπον

1029 440 1182 474 καταργεῖ;
1202 448 1211 465 ι
1236 439 1372 471 Ὡσαύτως
1395 440 1442 466 καὶ
1458 441 1471 466 ὁ
1486 440 1558 472 θεῖος
1581 441 1745 473 Ἀπόοητολος
1760 443 1822 469 ἑπι-

1029 486 1108 521 φὲρει
1124 487 1164 517 εἰς
1178 486 1242 518 τοὺς
1256 487 1316 513 κατ’
1331 487 1380 521 ἐμὲ
1391 486 1509 519 ἀναξίως
1522 487 1578 514 τῶν
1593 489 1738 523 ἀχράντιυν
1755 497 1822 523 μετ’

1028 532 1139 567 έχοντας
1167 532 1324 567 μυστηρίων
1348 532 1468 568 ὁρίζων·
1496 542 1505 558 ι
1539 533 1588 560 Διὰ
1613 533 1692 560 τοῦτο
1726 534 1822 560 πολλοὶ

1027 577 1151 609 ἀσθενεῖς
1165 577 1212 603 καὶ
1225 577 1360 613 ἄρρωστοι
1376 577 1423 604 καὶ
1437 577 1585 613 ¹ιιοιμῶνται
1598 579 1696 605 ἱκανοί.
1714 587 1724 603 ι
1745 579 1779 604 Τί
1792 578 1821 605 δὲ

1026 622 1107 649 Δαυῒό
1119 624 1133 649 ὁ
1148 622 1289 658 θεοπάτωρ
1304 623 1493 651 παλαιστιαῖον
1508 624 1607 658 ὁρίζων
1628 625 1731 659 μέτρον
1743 624 1820 650 ἑϐδο-

1028 668 1163 704 μηκοστὸν
1177 669 1193 704 ἦ
1208 669 1387 704 ὀγδοηκοστὸν
1398 671 1426 696 ὲν
1438 670 1581 705 δυναστείᾳ
1597 671 1643 696 καὶ
1658 671 1818 705 περαιτέρω

1026 717 1110 743 κόπον
1125 716 1230 748 συνδεῖ;
1247 712 1317 742 εἶτα·
1333 725 1342 741 ι
1368 715 1501 750 Ἐξάγαγε
1511 717 1542 742 ἐκ
1554 715 1678 750 φυλακῆς
1694 715 1746 749 τὴν
1761 714 1815 749 ψυ-

1026 763 1077 798 χήν
1096 771 1156 796 μοιν
1173 771 1183 787 ι
1205 762 1250 788 καὶ
1265 759 1354 794 αὖθις
1371 771 1380 787 ι
1398 761 1443 797 Μὴ
1459 761 1599 797 ἀναγάγῃς
1616 769 1650 796 με
1674 762 1704 786 ἐν
1722 759 1819 795 ήμιςει

1025 807 1136 844 ἡμερῶν
1151 816 1212 842 μου·
1233 817 1241 833 ι
1256 807 1315 839 καὶ,
1328 815 1338 832 ι
1356 807 1475 842 Ἀνδρας
1489 806 1614 841 αἱμάτων
1633 805 1682 832 καὶ
1695 805 1819 839 δολιότη-

1025 864 1070 886 τος
1086 854 1124 890 μὴ
1140 854 1323 889 ἡμισεύοντας
1337 853 1385 885 τὰς
1401 853 1507 889 ἡμέρας
1523 852 1624 880 αὐτῶν.
1643 862 1653 879 ι

1059 996 1092 1029 ζ’.
1111 996 1160 1026 Τίς
1171 996 1226 1022 τῶν
1246 996 1418 1029 ἀποστόλων,
1438 994 1507 1022 ἀλλὰ
1529 995 1600 1031 [καὶ]
1621 994 1676 1021 τῶν
1697 1003 1748 1021 συν
1778 1003 1819 1021 ων

1023 1043 1040 1078 ἢ
1055 1043 1109 1069 τῶν
1125 1042 1212 1077 ἁγίων
1227 1042 1359 1077 Πατέρων
1371 1043 1461 1074 ὁποῖος
1474 1042 1536 1076 ὅρον
1549 1042 1668 1078 γράφει;
1684 1042 1714 1068 Εἰ
1725 1042 1755 1068 δὲ
1770 1042 1818 1068 τὸν

1025 1089 1112 1124 μέγαν
1138 1088 1277 1115 Βασίλειον
1293 1088 1350 1122 (20)
1374 1089 1510 1123 φήσουσι,
1539 1087 1632 1119 κακῶς
1657 1087 1765 1114 νοοῦσιν
1793 1088 1818 1114 οἱ

1023 1135 1102 1162 τοῦτο
1121 1135 1360 1170 ὑπολαμϐάνοντες
1374 1143 1381 1150 ⁸
1399 1133 1537 1168 πανταχοῦ
1560 1134 1615 1169 γὰρ
1640 1133 1712 1160 οὕτω
1737 1133 1817 1166 δοξά-

1023 1180 1074 1213 ζει,
1091 1180 1121 1213 ἐξ
1136 1179 1214 1215 ἡμῶν
1225 1177 1295 1206 εἶναι
1304 1180 1351 1207 τὸν
1365 1179 1492 1212 θάνατον,
1502 1180 1549 1206 καὶ
1560 1179 1620 1214 οὐχὶ
1630 1179 1678 1206 τοῦ
1687 1178 1767 1206 Θεοῦ.
1782 1180 1817 1206 ὐ

1022 1227 1051 1253 δὲ
1060 1226 1187 1262 ἐπιφέρει
1198 1227 1232 1254 τὰ
1239 1227 1287 1254 τοῦ
1296 1227 1359 1261 ὅρου
1370 1227 1437 1261 (2|),
1446 1227 1568 1254 τοιοῦτον
1581 1227 1649 1253 ἐστι·
1662 1226 1768 1257 Σχοπδς
1783 1224 1817 1260 ἦν

1024 1272 1062 1307 τῷ
1084 1272 1156 1308 ἁγιῳ
1170 1272 1273 1306 δεῖξαι,
1297 1273 1338 1300 ὃτι
1357 1272 1408 1299 οὐκ
1422 1273 1497 1299 ἔστιν
1514 1272 1600 1304 αἴτιος
1615 1272 1670 1299 τῶν
1687 1272 1781 1299 κακῶν
1803 1271 1818 1297 ό

1022 1317 1098 1349 Θεὸς·
1115 1317 1185 1344 κατὰ
1207 1317 1288 1353 μέρος
1302 1318 1356 1353 γὰρ
1374 1317 1482 1349 διεξιὼν
1497 1316 1610 1351 ἔδειξεν,
1624 1317 1665 1343 ὅτι
1680 1317 1818 1351 ἡμέτερον

1024 1365 1072 1401 μὲν
1087 1365 1118 1392 τὺ
1134 1364 1296 1401 ἀρρωστεῖν,
1308 1363 1375 1390 Θεοῦ
1390 1363 1417 1390 δὲ
1441 1364 1471 1390 τὸ
1485 1363 1661 1400 θεραπεύειν,
1683 1363 1756 1388 κατὰ
1774 1362 1817 1395 τὸ,

1025 1412 1088 1442 Οὐκ
1104 1411 1171 1438 ἔστι
1186 1409 1329 1443 κάκωσις,
1348 1409 1390 1444 ἣν
1406 1410 1513 1444 Κύριος
1531 1410 1587 1436 οὐκ
1605 1408 1763 1442 ἐποίησεν.

1286 1510 1456 1537 ΕΡΩΤΗΣΙΣ
1474 1510 1563 1538 ΣΜΑ¹.

1028 1592 1060 1619 Τί
1074 1592 1140 1619 ἐστι
1159 1590 1192 1618 τὸ
1204 1611 1212 1623 ,
1230 1600 1240 1617 ι
1268 1588 1362 1625 Ὑμεῖς
1379 1590 1414 1617 ἐκ
1437 1590 1491 1617 τοῦ
1505 1589 1621 1625 Πατρὸς
1642 1589 1695 1616 τοῦ
1716 1589 1818 1617 διαϐό-

1061 1628 1118 1654 λου
1132 1625 1212 1653 ἐστέ·
1230 1635 1239 1652 ι
1249 1623 1325 1659 καῘ,ι
1341 1626 1388 1659 Τίς
1397 1626 1482 1652 ἐστιν
1499 1625 1515 1652 ὁ
1531 1625 1585 1652 τοῦ
1599 1623 1743 1652 διαϐόλου
1758 1626 1819 1651 Πα-

988 1659 1011 1688 c
1061 1661 1117 1696 τήρ
1132 1661 1205 1697 (‘32);
1218 1669 1228 1687 ι

341 1703 466 1731 Editarum
480 1712 494 1730 a
504 1705 593 1731 Wolﬁo
608 1707 731 1732 tricesima
745 1708 832 1738 quinta
842 1708 913 1739 (Cur.
924 1708 1016 1734 Philol.
1029 1711 1048 1734 t.
1060 1709 1089 1739 V,
1098 1715 1124 1740 p.
1134 1707 1181 1733 675
1193 1707 1240 1732 678
1260 1707 1373 1733 Galland.
1385 1706 1511 1737 Xlll,705,
1521 1705 1578 1736 γοι,
1588 1712 1614 1730 n.
1625 1705 1662 1736 6).

222 1743 342 1771 Primum
358 1745 466 1779 quidem
480 1746 525 1774 hic
556 1748 645 1775 obstat
656 1748 732 1782 illud,
747 1750 819 1784 quod
836 1758 973 1785 nusquam

188 1790 214 1817 in
227 1790 315 1819 sacris
333 1790 445 1821 Litteris
458 1792 501 1820 vel
514 1793 619 1828 antiqui
634 1794 676 1821 vel
692 1795 755 1822 novi
783 1794 906 1823 Fcederis
922 1804 974 1823 no-

187 1844 248 1864 men
274 1842 529 1871 comineinoratum,
549 1848 559 1865 ι
575 1844 652 1874 pater
666 1840 778 1874 diaboli,
795 1850 804 1867 ι
834 1846 972 1874 occurrat,

186 1883 314 1918 quamvis
327 1883 421 1911 multis
437 1884 543 1913 lulocis
556 1886 635 1913 malae
662 1886 736 1914 illius
758 1888 900 1921 potestatis
927 1887 974 1914 fiat

187 1930 299 1957 mentio.
317 1929 395 1957 Nune
409 1931 481 1961 enim
495 1931 636 1964 Satanam,
652 1940 726 1960 nunc
745 1933 892 1964 diabolum,
902 1940 974 1960 nunc

186 1981 348 2012 «portatam,
362 1980 410 2005 aut
429 1977 556 2007 similiter
584 1979 728 2013 antiquum
754 1978 832 2006 illum
861 1978 973 2005 humani

187 2023 295 2058 generis
318 2023 424 2051 hostem
446 2024 473 2051 in
503 2024 589 2051 sacris
621 2024 749 2058 Litteris;
776 2032 973 2059 nonnunquam

186 2069 269 2095 etiam
285 2068 361 2095 illum
376 2068 422 2103 qui
434 2075 516 2103 prava
531 2069 591 2104 ejus
619 2070 723 2097 semina
747 2070 798 2097 sibi
827 2070 916 2097 inesse
931 2077 975 2096 se~

187 2121 241 2148 que
258 2113 290 2142 ad
305 2114 460 2150 exemplum
475 2114 536 2148 ejus
549 2115 763 2148 conformatum,
794 2116 903 2150 probat,
918 2125 927 2142 I
947 2117 974 2143 li-

188 2161 254 2186 lium
270 2159 370 2187 diaboli
387 2169 396 2186 ι
409 2160 501 2188 vocari
518 2161 621 2188 videas.
643 2160 703 2189 Huc
730 2166 845 2196 spectat,
870 2163 942 2197 quod
958 2170 974 2190 a

187 2205 252 2233 divo
261 2205 347 2233 Paulo
371 2206 405 2233 ad
431 2205 552 2242 Elymam
568 2207 668 2234 dicitur
684 2216 691 2234 :
710 2216 718 2232 ι
738 2207 776 2234 [ili
803 2207 910 2236 Satanae
923 2209 944 2236 '.
961 2219 971 2234 ι

190 2252 245 2279 lloc
260 2252 380 2287 primum
401 2256 453 2284 est,
475 2252 548 2287 quod
569 2261 578 2278 ι
599 2257 674 2287 pater
690 2253 791 2281 diaboli
807 2262 817 2279 ι
835 2262 973 2289 nunquam

187 2298 215 2327 iii
235 2298 322 2326 sacris
342 2297 454 2326 Litteris
468 2303 710 2328 commemoratur.

1058 1749 1171 1786 Πρῶτον
1188 1749 1237 1784 μὲν
1253 1749 1465 1784 ἀντιφθέγγεται
1480 1747 1511 1774 τὸ
1528 1747 1654 1783 μηδαμοῦ
1670 1747 1721 1782 τῆς
1739 1747 1818 1782 ῑερᾶς

1022 1797 1102 1831 ἡμῶν
1118 1796 1230 1831 Γραφῆς
1249 1795 1318 1830 μήτε
1333 1795 1404 1822 κατὰ
1420 1794 1455 1821 τὰ
1475 1793 1642 1828 παλαιότερα
1663 1793 1714 1827 τῆς
1732 1801 1817 1827 νομο-

1024 1842 1125 1874 θεσίας,
1137 1842 1204 1877 μήτε
1215 1842 1243 1868 ἐν
1255 1841 1324 1876 αὐτῇ
1333 1842 1364 1875 τῇ
1376 1840 1468 1875 χάριτι
1480 1849 1489 1865 ι
1502 1840 1608 1874 πατέρα
1615 1838 1663 1865 τοῦ
1672 1838 1813 1865 διαὸόλπυι

1023 1888 1116 1916 λαΰεῖν
1140 1888 1171 1914 τὸ
1191 1888 1268 1923 ῥῆμα
1292 1887 1323 1914 τὸ
1352 1887 1508 1920 εἰρημένον,
1532 1886 1621 1912 καίτοι
1652 1893 1685 1918 γε
1721 1884 1817 1917 πολλοὶ

1024 1933 1153 1964 πολλάκις
1167 1933 1232 1968 περὶ
1246 1932 1296 1968 τῆς
1311 1932 1432 1967 πονηρᾶς
1447 1931 1555 1966 ἐκείνης
1569 1930 1712 1964 δυνάμεως
1727 1938 1816 1956 κατα-

1024 1980 1169 2015 ϐέϐληνται
1182 1979 1267 2013 λόγοι.
1288 1978 1367 2005 Ἀλλὰ
1387 1978 1486 2004 Σατὰν
1503 1977 1553 2011 μὲν
1571 1976 1617 2003 καὶ
1631 1975 1754 2002 διάὃολον
1767 1976 1815 2001 καὶ

1023 2025 1210 2058 ἀποστάτην,
1237 2024 1285 2051 καὶ
1308 2024 1342 2050 τὰ
1365 2022 1496 2053 τοιαῦτα,
1519 2022 1565 2049 τὸν
1587 2021 1742 2056 ἀρχέκακον
1766 2020 1814 2047 τοῦ

1023 2072 1118 2106 γένους
1127 2070 1207 2106 ἡμῶν
1220 2069 1316 2105 ἐχθρὸν
1327 2067 1525 2104 εὐρίσχεταιτὰ
1536 2067 1620 2101 Δὸγια
1634 2066 1814 2100 ὀνομάζοντα,

1024 2117 1072 2144 καὶ
1086 2117 1143 2143 υἱὸν
1159 2115 1216 2141 ἔσθ’
1231 2115 1275 2141 ὅτε
1290 2113 1414 2140 διαϐόλου
1428 2112 1478 2144 τὰς
1497 2113 1619 2146 πονηρὰς
1632 2110 1717 2137 αὐτοῦ
1731 2110 1815 2143 γονὰς

1025 2163 1053 2188 ὲν
1070 2160 1159 2196 ἑαυτῷ
1173 2159 1315 2187 δεικνύντα
1326 2179 1333 2191 ,
1355 2158 1402 2184 καὶ
1417 2157 1457 2192 τῷ
1471 2157 1627 2192 χαρακτῆρι
1642 2156 1693 2190 τῆς
1709 2155 1815 2190 πλάνης

1024 2205 1270 2242 διαμορφούμενον,
1285 2204 1324 2236 ὡς
1342 2203 1372 2230 τὸ
1387 2203 1455 2240 πρὸς
1470 2203 1516 2229 τὸν
1537 2202 1654 2238 Ἐλύμαν
1667 2201 1814 2236 εἰρημένον

1024 2252 1063 2288 τῷ
1087 2252 1214 2287 μακαρίω
1229 2250 1343 2285 Παύλῳ,
1363 2258 1372 2275 ι
1391 2250 1434 2276 υἱὲ
1450 2248 1586 2276 διαϐόλου·
1608 2258 1617 2274 ι
1644 2247 1703 2274 ἀλλ’
1717 2247 1746 2274 ἓν
1765 2247 1815 2281 μὲν

1024 2298 1120 2331 τοῦτο,
1142 2298 1173 2324 τὸ
1190 2296 1316 2332 μηδαμοῦ
1340 2295 1576 2330 κατονομάζεσθαι
1601 2294 1710 2328 πατέρα
1725 2293 1813 2320 διαδο-

1024 2344 1073 2370 λου
1086 2343 1126 2378 τῷ
1141 2342 1266 2377 ἰδιώματι
1277 2342 1326 2376 τῆς
1339 2341 1463 2376 Γραφῆς.

223 2386 326 2419 Deinde
345 2385 471 2414 Salvator
488 2392 582 2415 noster
597 2394 652 2414 non
665 2386 692 2413 id
721 2387 827 2422 agebat.
846 2392 875 2415 ut
891 2389 973 2416 doce-

1061 2391 1193 2424 Δεύτερον
1206 2388 1234 2415 δὲ
1245 2408 1252 2420 ,
1263 2388 1293 2414 οὐ
1307 2388 1371 2422 περὶ
1382 2386 1430 2413 τοῦ
1443 2386 1547 2420 πατρὸς
1562 2385 1610 2412 τοῦ
1623 2385 1760 2416 διαϐόλου,
1773 2384 1815 2416 τις

187 2439 239 2465 iet,
256 2433 320 2467 quis
336 2432 446 2461 tandem
461 2432 508 2459 ille
528 2432 630 2460 diaboli
645 2437 722 2468 pater
742 2433 788 2466 sit,
804 2433 851 2461 sed
868 2438 897 2461 ut
925 2442 971 2463 os-

188 2478 322 2511 tenderet,
348 2478 428 2512 cujus
450 2477 538 2505 Palris
566 2479 637 2506 filios
658 2478 794 2514 improbat
814 2479 971 2508 ludaeorum

187 2533 253 2560 gens
267 2532 297 2552 se
316 2527 343 2551 et
367 2531 439 2556 esse,
455 2528 482 2551 et
494 2524 621 2559 appellari
642 2524 746 2552 fecerit.
764 2525 804 2552 Illi
816 2526 888 2552 enim
901 2534 973 2553 nunc

187 2570 374 2598 Abraliamum
399 2570 410 2586 ³
437 2574 540 2605 patrem
564 2578 595 2598 se
625 2571 727 2601 habere
756 2571 971 2606 profitebantur;

223 2626 246 2642 "
271 2625 339 2652 Luc.
361 2633 422 2659 xm,
438 2626 464 2653 Ι.
502 2626 524 2642 “¹
540 2626 604 2653 ibid.
619 2626 645 2653 4.
684 2627 707 2642 ¹¹
723 2626 789 2654 ibid.
808 2627 835 2655 5.
873 2627 897 2643 ”
915 2627 968 2654 ibid

223 2661 272 2687 :br.
303 2659 347 2687 XC
366 2661 406 2687 l0.
445 2660 468 2677 “
479 2660 549 2687 Psal.
566 2669 637 2687 cui.
653 2661 680 2687 8.
696 2663 789 2687 (exui.
805 2662 821 2687 ’1
838 2661 888 2687 θ’).
938 2662 960 2678 ⁸⁷

1052 2627 1076 2653 7.
1112 2626 1159 2652 "I
1183 2625 1247 2653 Cor.
1266 2633 1304 2657 XI,
1325 2625 1371 2652 50.
1422 2625 1446 2640 ’⁸
1461 2625 1532 2651 Psal.
1550 2631 1663 2655 uuix,
1680 2625 1725 2649 Η.
1754 2625 1785 2652 tG

1053 2681 1060 2687 .
1089 2668 1125 2687 CI.
1139 2660 1172 2687 23
1189 2666 1247 2687 (cn.
1262 2661 1299 2687 25
1313 2661 1363 2687 θ’).
1394 2660 1417 2676 ⁸⁸
1433 2659 1506 2687 Psal.
1529 2667 1585 2687 Liv.
1601 2659 1636 2685 ει
1648 2659 1704 2687 (ω’.
1715 2658 1751 2685 ‘23
1763 2659 1789 2684 0'

732 2670 789 2693 ιιιι,
805 2662 821 2688 7
838 2661 888 2696 0').
938 2662 960 2678 ⁸⁷

732 2697 742 2712 ³
756 2697 816 2724 Act.
831 2705 891 2730 imil
919 2697 963 2726 lt).

1053 2681 1060 2688 .
1089 2668 1125 2693 CI,
1139 2660 1172 2687 23
1189 2666 1247 2695 (cn,
1262 2661 1299 2687 25
1313 2661 1363 2695 θ’).
1394 2660 1417 2676 ⁸⁸
1433 2659 1506 2687 Psal.
1529 2667 1585 2691 LIV,
1601 2659 1636 2685 ει
1648 2659 1704 2694 (ω’,
1715 2659 1751 2685 ‘23
1763 2659 1811 2692 0').

1052 2704 1110 2724 oau.
1132 2703 1191 2728 \‘lll,
1209 2696 1236 2723 3.

188 2661 272 2697 llebr.
303 2659 347 2687 XC
366 2661 406 2697 lt).
445 2660 549 2697 “_Psal.
566 2669 637 2692 cui.
653 2661 680 2687 8.
696 2663 789 2697 (exui,
805 2662 821 2688 7
838 2661 888 2696 θ’).

187 2697 210 2713 ’³
223 2696 307 2724 Amos
326 2703 367 2730 ιιι,
378 2696 406 2724 6.
445 2697 452 2712 '
466 2695 545 2723 Joaii.
561 2704 619 2730 viii,
634 2696 679 2724 Η.

1024 2435 1092 2466 ὅλως
1107 2435 1162 2470 (25)
1180 2432 1225 2469 ἦν,
1242 2433 1283 2469 τῷ
1302 2432 1409 2467 Σωτῆρι
1426 2432 1571 2467 πρόκειται
1598 2430 1709 2461 σκοπός.
1735 2429 1816 2456 Ἀλλὰ

1024 2481 1097 2512 τινος
1111 2479 1213 2514 πατρὸς
1225 2478 1323 2509 παῖδας
1343 2477 1457 2508 ἑαυτοὺς
1470 2478 1485 2503 ὁ
1498 2476 1552 2503 τῶν
1573 2475 1710 2502 Ἰουδαίων
1725 2474 1815 2508 ἀγνώ-

1027 2535 1085 2561 μων
1099 2525 1163 2557 λαὺς
1176 2523 1390 2560 παρεσκεύασαν
1404 2523 1452 2549 καὶ
1469 2520 1540 2549 εῖναι
1552 2522 1601 2548 καὶ
1618 2519 1814 2556 ὀνομάζεσθαι.

1027 2572 1083 2600 Καὶ
1098 2571 1154 2606 γὰρ
1166 2570 1213 2597 νῦν
1230 2570 1280 2605 μὲν
1295 2569 1388 2603 ελεγον
1399 2568 1508 2604 πατέρι
1518 2567 1592 2603 ἔχειν
1604 2567 1650 2593 τὸν
1671 2566 1814 2605 Ἀϐραὰμ,

1422 2625 1446 2640 ³⁸
1461 2624 1532 2651 Psal.
1550 2631 1663 2655 Luxu,
1680 2623 1725 2649 il.
1754 2622 1812 2652 (αι’.

939 2743 1058 2771 ΝυτλλΕ.

225 2792 331 2834 (ἕρ)-
345 2791 437 2821 Basilii
455 2795 560 2820 textum
581 2791 693 2820 uberius
709 2795 841 2822 tractarat
856 2791 971 2826 Pliotius

189 2826 519 2898 q'déigl‘gzlcpipmjip
531 2862 587 2897 ὅρῳ
609 2861 673 2898 legit
682 2861 833 2898 Galilei-iis.
859 2862 886 2889 ni
910 2870 969 2888 mea

189 2896 331 2929 annotatio
350 2896 428 2930 fallit.
466 2896 595 2926 Fortasse
615 2897 760 2934 legendum
781 2897 796 2924 ὃ
818 2898 846 2925 δὲ
873 2897 969 2932 Emei-

1023 2791 1169 2827 ρονταιςεῷ
1186 2791 1253 2826 ὅρῳ,
1271 2790 1345 2824 quod
1362 2789 1699 2827 praeferentiumviilctiir.

1057 2826 1113 2861 (ξὲ)
1124 2823 1191 2866 Viile
1203 2823 1292 2861 'siipra
1305 2823 1484 2860 quaistioueui
1501 2823 1592 2852 XLVII
1612 2832 1672 2860 qua:
1689 2823 1810 2860 ejusdem

1020 2866 1170 2903 al'giiineiiti
1185 2867 1237 2888 est.

1055 2896 1111 2932 (2ο)
1129 2897 1198 2929 alio;
1208 2896 1287 2925 Colb.
1301 2900 1386 2930 recte,
1397 2903 1447 2932 pro
1458 2895 1472 2923 ὁ
1487 2895 1577 2930 λόγος.
