  <div class='ocr_page' id='page_1' title='image "/cluster/home/n/w/nwhite01/storage/ocr_20150623/101/njp.32101077772877/614.png"; bbox 0 0 1874 3070; ppageno 0'>
   <div class='ocr_carea' id='block_1_1' title="bbox 64 140 123 173">
    <p class='ocr_par' dir='ltr' id='par_1_1' title="bbox 64 140 123 173">
     <span class='ocr_line' id='line_1_1' title="bbox 64 140 123 173; baseline 0.017 -1"><span class='ocrx_word' id='word_1_1' title='bbox 64 140 123 173; x_wconf 59' lang='grc'><strong>1041</strong></span> 
     </span>
    </p>
   </div>
   <div class='ocr_carea' id='block_1_2' title="bbox 546 137 1232 181">
    <p class='ocr_par' dir='ltr' id='par_1_2' title="bbox 546 137 1232 181">
     <span class='ocr_line' id='line_1_2' title="bbox 546 137 1232 181; baseline -0.003 -11"><span class='ocrx_word' id='word_1_2' title='bbox 546 140 596 170; x_wconf 82' lang='lat' dir='ltr'><strong>AD</strong></span> <span class='ocrx_word' id='word_1_3' title='bbox 612 138 909 181; x_wconf 70' lang='lat' dir='ltr'><strong>AMPBILOCHIUM</strong></span> <span class='ocrx_word' id='word_1_4' title='bbox 925 137 1099 173; x_wconf 65' lang='lat' dir='ltr'><strong>QUAESTIO</strong></span> <span class='ocrx_word' id='word_1_5' title='bbox 1112 138 1232 168; x_wconf 88' lang='lat' dir='ltr'><strong>CCXLI.</strong></span> 
     </span>
    </p>
   </div>
   <div class='ocr_carea' id='block_1_3' title="bbox 1615 137 1684 170">
    <p class='ocr_par' dir='ltr' id='par_1_3' title="bbox 1615 137 1684 170">
     <span class='ocr_line' id='line_1_3' title="bbox 1615 137 1684 170; baseline -0.029 0"><span class='ocrx_word' id='word_1_6' title='bbox 1615 137 1684 170; x_wconf 70' lang='grc'><strong>1042</strong></span> 
     </span>
    </p>
   </div>
   <div class='ocr_carea' id='block_1_4' title="bbox 59 195 848 237">
    <p class='ocr_par' dir='ltr' id='par_1_4' title="bbox 59 195 839 237">
     <span class='ocr_line' id='line_1_4' title="bbox 59 195 839 237; baseline -0.004 -13"><span class='ocrx_word' id='word_1_7' title='bbox 59 198 101 237; x_wconf 78' lang='grc' dir='ltr'><strong>νῦν</strong></span> <span class='ocrx_word' id='word_1_8' title='bbox 113 197 142 224; x_wconf 79' lang='grc' dir='ltr'>δὲ</span> <span class='ocrx_word' id='word_1_9' title='bbox 152 217 159 229; x_wconf 87' lang='grc'><strong>,</strong></span> <span class='ocrx_word' id='word_1_10' title='bbox 173 198 254 232; x_wconf 72' lang='grc' dir='ltr'>ἡμεῖς</span> <span class='ocrx_word' id='word_1_11' title='bbox 267 197 378 233; x_wconf 75' lang='grc' dir='ltr'>Πατέρα</span> <span class='ocrx_word' id='word_1_12' title='bbox 390 197 439 225; x_wconf 72' lang='grc' dir='ltr'>ἕνα</span> <span class='ocrx_word' id='word_1_13' title='bbox 452 197 550 233; x_wconf 70' lang='grc' dir='ltr'>ἔχομεν</span> <span class='ocrx_word' id='word_1_14' title='bbox 563 197 611 224; x_wconf 77' lang='grc' dir='ltr'><strong>τὸν</strong></span> <span class='ocrx_word' id='word_1_15' title='bbox 624 197 701 224; x_wconf 88' lang='grc' dir='ltr'>Θεόν.</span> <span class='ocrx_word' id='word_1_16' title='bbox 717 196 785 230; x_wconf 76' lang='grc' dir='ltr'><strong>Οὐχὶ</strong></span> <span class='ocrx_word' id='word_1_17' title='bbox 800 195 839 229; x_wconf 79' lang='grc' dir='ltr'>δὲ,</span> 
     </span>
    </p>
   </div>
   <div class='ocr_carea' id='block_1_5' title="bbox 933 195 1683 237">
    <p class='ocr_par' dir='ltr' id='par_1_5' title="bbox 933 195 1683 229">
     <span class='ocr_line' id='line_1_5' title="bbox 933 195 1683 229; baseline 0.001 -8"><span class='ocrx_word' id='word_1_18' title='bbox 933 203 964 222; x_wconf 93' lang='lat' dir='ltr'><strong>nc</strong></span> <span class='ocrx_word' id='word_1_19' title='bbox 981 195 1099 228; x_wconf 89' lang='lat' dir='ltr'><strong>aiebant,</strong></span> <span class='ocrx_word' id='word_1_20' title='bbox 1111 203 1197 223; x_wconf 90' lang='lat' dir='ltr'><strong>unum</strong></span> <span class='ocrx_word' id='word_1_21' title='bbox 1212 196 1345 226; x_wconf 79' lang='lat' dir='ltr'><strong>habemus</strong></span> <span class='ocrx_word' id='word_1_22' title='bbox 1362 197 1469 225; x_wconf 80' lang='lat' dir='ltr'><strong>Patrem</strong></span> <span class='ocrx_word' id='word_1_23' title='bbox 1487 195 1572 224; x_wconf 89' lang='lat' dir='ltr'><strong>Deum</strong></span> <span class='ocrx_word' id='word_1_24' title='bbox 1583 195 1594 212; x_wconf 75' lang='grc'>⁸</span> <span class='ocrx_word' id='word_1_25' title='bbox 1610 204 1683 229; x_wconf 90' lang='lat' dir='ltr'><strong>;non</strong></span> 
     </span>
    </p>
   </div>
   <div class='ocr_carea' id='block_1_6' title="bbox 59 241 842 278">
    <p class='ocr_par' dir='ltr' id='par_1_6' title="bbox 59 241 842 278">
     <span class='ocr_line' id='line_1_6' title="bbox 59 241 842 278; baseline -0.005 -8"><span class='ocrx_word' id='word_1_26' title='bbox 59 243 164 278; x_wconf 82' lang='grc' dir='ltr'>Πατέρα</span> <span class='ocrx_word' id='word_1_27' title='bbox 187 243 286 278; x_wconf 74' lang='grc' dir='ltr'>ἔχομεν</span> <span class='ocrx_word' id='word_1_28' title='bbox 299 243 344 269; x_wconf 71' lang='grc' dir='ltr'>τὸν</span> <span class='ocrx_word' id='word_1_29' title='bbox 357 243 467 278; x_wconf 74' lang='grc' dir='ltr'>Πατέρα</span> <span class='ocrx_word' id='word_1_30' title='bbox 480 243 526 270; x_wconf 82' lang='grc' dir='ltr'><strong>τοῦ</strong></span> <span class='ocrx_word' id='word_1_31' title='bbox 547 242 626 270; x_wconf 83' lang='grc' dir='ltr'>Θεοῦ.</span> <span class='ocrx_word' id='word_1_32' title='bbox 645 242 701 269; x_wconf 70' lang='grc' dir='ltr'><strong>Καὶ</strong></span> <span class='ocrx_word' id='word_1_33' title='bbox 714 242 728 268; x_wconf 87' lang='grc' dir='ltr'><strong>ό</strong></span> <span class='ocrx_word' id='word_1_34' title='bbox 743 241 842 276; x_wconf 84' lang='grc' dir='ltr'>Σωτὴρ</span> 
     </span>
    </p>
   </div>
   <div class='ocr_carea' id='block_1_7' title="bbox 58 287 842 324">
    <p class='ocr_par' dir='ltr' id='par_1_7' title="bbox 58 287 842 324">
     <span class='ocr_line' id='line_1_7' title="bbox 58 287 842 324; baseline -0.004 -9"><span class='ocrx_word' id='word_1_35' title='bbox 58 289 167 322; x_wconf 66' lang='grc' dir='ltr'>ἀπάγων</span> <span class='ocrx_word' id='word_1_36' title='bbox 180 288 228 323; x_wconf 84' lang='grc' dir='ltr'>τῆς</span> <span class='ocrx_word' id='word_1_37' title='bbox 240 288 377 323; x_wconf 77' lang='grc' dir='ltr'><strong>πατρικῆς</strong></span> <span class='ocrx_word' id='word_1_38' title='bbox 387 289 416 314; x_wconf 79' lang='grc' dir='ltr'>ὲν</span> <span class='ocrx_word' id='word_1_39' title='bbox 428 289 461 324; x_wconf 83' lang='grc' dir='ltr'>τῇ</span> <span class='ocrx_word' id='word_1_40' title='bbox 474 288 569 322; x_wconf 79' lang='grc' dir='ltr'><strong>κλήσει</strong></span> <span class='ocrx_word' id='word_1_41' title='bbox 583 288 713 322; x_wconf 74' lang='grc' dir='ltr'>σχέσεως,</span> <span class='ocrx_word' id='word_1_42' title='bbox 726 287 842 321; x_wconf 78' lang='grc' dir='ltr'>ἐπείπερ</span> 
     </span>
    </p>
   </div>
   <div class='ocr_carea' id='block_1_8' title="bbox 58 331 843 369">
    <p class='ocr_par' dir='ltr' id='par_1_8' title="bbox 58 331 843 369">
     <span class='ocr_line' id='line_1_8' title="bbox 58 331 843 369; baseline -0.004 -8"><span class='ocrx_word' id='word_1_43' title='bbox 58 335 130 361; x_wconf 79' lang='grc' dir='ltr'>αὐτοὶ</span> <span class='ocrx_word' id='word_1_44' title='bbox 146 334 259 364; x_wconf 75' lang='grc' dir='ltr'>ἑαυτοὺς</span> <span class='ocrx_word' id='word_1_45' title='bbox 272 333 441 369; x_wconf 82' lang='grc' dir='ltr'>διεσχίσαντο</span> <span class='ocrx_word' id='word_1_46' title='bbox 465 334 512 360; x_wconf 82' lang='grc' dir='ltr'>καὶ</span> <span class='ocrx_word' id='word_1_47' title='bbox 527 333 685 368; x_wconf 83' lang='grc' dir='ltr'>διετέμοντο</span> <span class='ocrx_word' id='word_1_48' title='bbox 704 332 754 366; x_wconf 76' lang='grc' dir='ltr'>τῆς</span> <span class='ocrx_word' id='word_1_49' title='bbox 775 331 843 366; x_wconf 67' lang='grc' dir='ltr'>πρὸς</span> 
     </span>
    </p>
   </div>
   <div class='ocr_carea' id='block_1_9' title="bbox 58 379 844 415">
    <p class='ocr_par' dir='ltr' id='par_1_9' title="bbox 58 379 844 415">
     <span class='ocr_line' id='line_1_9' title="bbox 58 379 844 415; baseline -0.003 -9"><span class='ocrx_word' id='word_1_50' title='bbox 58 380 134 406; x_wconf 75' lang='grc' dir='ltr'>αὐτὸν</span> <span class='ocrx_word' id='word_1_51' title='bbox 158 379 335 414; x_wconf 77' lang='grc' dir='ltr'>ὁμοιότητος,</span> <span class='ocrx_word' id='word_1_52' title='bbox 362 379 480 415; x_wconf 76' lang='grc' dir='ltr'><strong>τολμᾶτε</strong></span> <span class='ocrx_word' id='word_1_53' title='bbox 492 399 500 412; x_wconf 89' lang='grc'><strong>,</strong></span> <span class='ocrx_word' id='word_1_54' title='bbox 517 380 602 415; x_wconf 74' lang='grc' dir='ltr'>φησὶ,</span> <span class='ocrx_word' id='word_1_55' title='bbox 618 379 708 413; x_wconf 76' lang='grc' dir='ltr'>λέγειν</span> <span class='ocrx_word' id='word_1_56' title='bbox 731 379 844 409; x_wconf 77' lang='grc' dir='ltr'>ἑαυτοὺς</span> 
     </span>
    </p>
   </div>
   <div class='ocr_carea' id='block_1_10' title="bbox 58 423 842 461">
    <p class='ocr_par' dir='ltr' id='par_1_10' title="bbox 58 423 842 461">
     <span class='ocr_line' id='line_1_10' title="bbox 58 423 842 461; baseline -0.001 -10"><span class='ocrx_word' id='word_1_57' title='bbox 58 425 128 456; x_wconf 77' lang='grc' dir='ltr'>υἱοὺς</span> <span class='ocrx_word' id='word_1_58' title='bbox 143 423 214 452; x_wconf 74' lang='grc' dir='ltr'>εῖναι</span> <span class='ocrx_word' id='word_1_59' title='bbox 238 425 286 451; x_wconf 81' lang='grc' dir='ltr'><strong>τοῦ</strong></span> <span class='ocrx_word' id='word_1_60' title='bbox 310 425 429 461; x_wconf 66' lang='grc' dir='ltr'>πατρὶς,</span> <span class='ocrx_word' id='word_1_61' title='bbox 454 426 535 460; x_wconf 81' lang='grc' dir='ltr'><strong>ὑμεῖς</strong></span> <span class='ocrx_word' id='word_1_62' title='bbox 554 425 602 451; x_wconf 84' lang='grc' dir='ltr'><strong>τοῦ</strong></span> <span class='ocrx_word' id='word_1_63' title='bbox 625 424 748 451; x_wconf 77' lang='grc' dir='ltr'>διαῦό).ου</span> <span class='ocrx_word' id='word_1_64' title='bbox 771 423 842 450; x_wconf 75' lang='grc' dir='ltr'>ἐστέ.</span> 
     </span>
    </p>
   </div>
   <div class='ocr_carea' id='block_1_11' title="bbox 59 469 846 506">
    <p class='ocr_par' dir='ltr' id='par_1_11' title="bbox 59 469 846 506">
     <span class='ocr_line' id='line_1_11' title="bbox 59 469 846 506; baseline -0.005 -7"><span class='ocrx_word' id='word_1_65' title='bbox 59 470 132 504; x_wconf 77' lang='grc' dir='ltr'>Εἶτα,</span> <span class='ocrx_word' id='word_1_66' title='bbox 152 481 161 497; x_wconf 77' lang='grc' dir='ltr'><strong>ι</strong></span> <span class='ocrx_word' id='word_1_67' title='bbox 182 471 238 498; x_wconf 78' lang='grc' dir='ltr'><strong>Καὶ</strong></span> <span class='ocrx_word' id='word_1_68' title='bbox 250 472 300 503; x_wconf 73' lang='grc' dir='ltr'><strong>τὰς</strong></span> <span class='ocrx_word' id='word_1_69' title='bbox 312 471 423 504; x_wconf 75' lang='grc' dir='ltr'>ἐντολὰς</span> <span class='ocrx_word' id='word_1_70' title='bbox 438 472 521 498; x_wconf 83' lang='grc' dir='ltr'>αὐτοῦ</span> <span class='ocrx_word' id='word_1_71' title='bbox 529 471 623 498; x_wconf 77' lang='grc' dir='ltr'>θέλετε</span> <span class='ocrx_word' id='word_1_72' title='bbox 635 472 733 498; x_wconf 80' lang='grc' dir='ltr'>ποιεῖν.</span> <span class='ocrx_word' id='word_1_73' title='bbox 749 479 759 496; x_wconf 70' lang='grc' dir='ltr'><strong>ι</strong></span> <span class='ocrx_word' id='word_1_74' title='bbox 778 469 846 506; x_wconf 73' lang='grc' dir='ltr'>Οὐχὶ</span> 
     </span>
    </p>
   </div>
   <div class='ocr_carea' id='block_1_12' title="bbox 61 516 846 553">
    <p class='ocr_par' dir='ltr' id='par_1_12' title="bbox 61 516 846 553">
     <span class='ocr_line' id='line_1_12' title="bbox 61 516 846 553; baseline -0.003 -9"><span class='ocrx_word' id='word_1_75' title='bbox 61 527 70 544; x_wconf 80' lang='grc' dir='ltr'><strong>ι</strong></span> <span class='ocrx_word' id='word_1_76' title='bbox 86 517 133 544; x_wconf 82' lang='grc' dir='ltr'><strong>τοῦ</strong></span> <span class='ocrx_word' id='word_1_77' title='bbox 147 517 249 553; x_wconf 77' lang='grc' dir='ltr'>πατρὸς</span> <span class='ocrx_word' id='word_1_78' title='bbox 267 517 388 552; x_wconf 84' lang='grc' dir='ltr'>δηλονότι</span> <span class='ocrx_word' id='word_1_79' title='bbox 403 517 450 544; x_wconf 77' lang='grc' dir='ltr'><strong>τοῦ</strong></span> <span class='ocrx_word' id='word_1_80' title='bbox 467 517 602 544; x_wconf 76' lang='grc' dir='ltr'>διαῦόλου.</span> <span class='ocrx_word' id='word_1_81' title='bbox 619 526 628 542; x_wconf 78' lang='grc' dir='ltr'><strong>ι</strong></span> <span class='ocrx_word' id='word_1_82' title='bbox 650 516 704 543; x_wconf 88' lang='grc' dir='ltr'><strong>Ποῦ</strong></span> <span class='ocrx_word' id='word_1_83' title='bbox 720 516 774 552; x_wconf 81' lang='grc' dir='ltr'><strong>γὰρ</strong></span> <span class='ocrx_word' id='word_1_84' title='bbox 793 525 846 542; x_wconf 79' lang='grc' dir='ltr'><strong>πα-</strong></span> 
     </span>
    </p>
   </div>
   <div class='ocr_carea' id='block_1_13' title="bbox 59 561 846 598">
    <p class='ocr_par' dir='ltr' id='par_1_13' title="bbox 59 561 846 598">
     <span class='ocr_line' id='line_1_13' title="bbox 59 561 846 598; baseline -0.001 -9"><span class='ocrx_word' id='word_1_85' title='bbox 59 563 207 598; x_wconf 81' lang='grc' dir='ltr'>ραδέδωκεν</span> <span class='ocrx_word' id='word_1_86' title='bbox 222 564 326 595; x_wconf 78' lang='grc' dir='ltr'>ἐκεῖνος</span> <span class='ocrx_word' id='word_1_87' title='bbox 335 564 460 597; x_wconf 72' lang='grc' dir='ltr'>ἐντολὰς,</span> <span class='ocrx_word' id='word_1_88' title='bbox 477 564 506 595; x_wconf 79' lang='grc' dir='ltr'>ὃς</span> <span class='ocrx_word' id='word_1_89' title='bbox 524 563 593 595; x_wconf 74' lang='grc' dir='ltr'>ὅλως</span> <span class='ocrx_word' id='word_1_90' title='bbox 607 562 667 589; x_wconf 75' lang='grc' dir='ltr'>οὐδὲ</span> <span class='ocrx_word' id='word_1_91' title='bbox 683 561 846 596; x_wconf 75' lang='grc' dir='ltr'><strong>γνωρίζεται</strong></span> 
     </span>
    </p>
   </div>
   <div class='ocr_carea' id='block_1_14' title="bbox 58 608 846 644">
    <p class='ocr_par' dir='ltr' id='par_1_14' title="bbox 58 608 846 644">
     <span class='ocr_line' id='line_1_14' title="bbox 58 608 846 644; baseline -0.001 -9"><span class='ocrx_word' id='word_1_92' title='bbox 58 611 88 644; x_wconf 84' lang='grc' dir='ltr'>τῇ</span> <span class='ocrx_word' id='word_1_93' title='bbox 103 609 198 644; x_wconf 79' lang='grc' dir='ltr'>Γραφῇ</span> <span class='ocrx_word' id='word_1_94' title='bbox 211 629 218 640; x_wconf 88' lang='grc'><strong>,</strong></span> <span class='ocrx_word' id='word_1_95' title='bbox 233 609 302 635; x_wconf 77' lang='grc' dir='ltr'>ἀλλὰ</span> <span class='ocrx_word' id='word_1_96' title='bbox 315 610 364 639; x_wconf 68' lang='grc' dir='ltr'>τὰς</span> <span class='ocrx_word' id='word_1_97' title='bbox 379 610 489 641; x_wconf 74' lang='grc' dir='ltr'>ἐντολὰς</span> <span class='ocrx_word' id='word_1_98' title='bbox 502 609 549 636; x_wconf 81' lang='grc' dir='ltr'><strong>τοῦ</strong></span> <span class='ocrx_word' id='word_1_99' title='bbox 563 608 687 635; x_wconf 79' lang='grc' dir='ltr'>διαϐόλου</span> <span class='ocrx_word' id='word_1_100' title='bbox 699 627 708 640; x_wconf 87' lang='lat'><strong>,</strong></span> <span class='ocrx_word' id='word_1_101' title='bbox 721 609 751 640; x_wconf 70' lang='grc' dir='ltr'>ὃς</span> <span class='ocrx_word' id='word_1_102' title='bbox 771 609 846 634; x_wconf 75' lang='grc' dir='ltr'>ἐστιν</span> 
     </span>
    </p>
   </div>
   <div class='ocr_carea' id='block_1_15' title="bbox 60 654 845 690">
    <p class='ocr_par' dir='ltr' id='par_1_15' title="bbox 60 654 845 690">
     <span class='ocr_line' id='line_1_15' title="bbox 60 654 845 690; baseline -0.003 -9"><span class='ocrx_word' id='word_1_103' title='bbox 60 655 189 690; x_wconf 79' lang='grc' dir='ltr'>ὑμέτερος</span> <span class='ocrx_word' id='word_1_104' title='bbox 213 656 316 690; x_wconf 80' lang='grc' dir='ltr'>πατήρ.</span> <span class='ocrx_word' id='word_1_105' title='bbox 347 656 452 687; x_wconf 80' lang='grc' dir='ltr'>Αἴτινές</span> <span class='ocrx_word' id='word_1_106' title='bbox 482 656 536 682; x_wconf 78' lang='grc' dir='ltr'>εισι</span> <span class='ocrx_word' id='word_1_107' title='bbox 559 655 692 690; x_wconf 77' lang='grc' dir='ltr'>πορνεία,</span> <span class='ocrx_word' id='word_1_108' title='bbox 720 654 845 689; x_wconf 80' lang='grc' dir='ltr'><strong>μοιχεία,</strong></span> 
     </span>
    </p>
   </div>
   <div class='ocr_carea' id='block_1_16' title="bbox 59 701 848 737">
    <p class='ocr_par' dir='ltr' id='par_1_16' title="bbox 59 701 848 737">
     <span class='ocr_line' id='line_1_16' title="bbox 59 701 848 737; baseline -0.001 -10"><span class='ocrx_word' id='word_1_109' title='bbox 59 702 142 737; x_wconf 76' lang='grc' dir='ltr'>κλοπὴ</span> <span class='ocrx_word' id='word_1_110' title='bbox 153 722 160 733; x_wconf 91' lang='grc'><strong>,</strong></span> <span class='ocrx_word' id='word_1_111' title='bbox 179 702 276 736; x_wconf 83' lang='grc' dir='ltr'>φόνος,</span> <span class='ocrx_word' id='word_1_112' title='bbox 290 701 386 736; x_wconf 80' lang='grc' dir='ltr'>ψεῦδος</span> <span class='ocrx_word' id='word_1_113' title='bbox 396 721 403 734; x_wconf 86' lang='grc'><strong>,</strong></span> <span class='ocrx_word' id='word_1_114' title='bbox 427 702 474 728; x_wconf 81' lang='grc' dir='ltr'>καὶ</span> <span class='ocrx_word' id='word_1_115' title='bbox 492 702 561 729; x_wconf 82' lang='grc' dir='ltr'>ὅσων</span> <span class='ocrx_word' id='word_1_116' title='bbox 578 701 665 729; x_wconf 83' lang='grc' dir='ltr'>ἄλλων</span> <span class='ocrx_word' id='word_1_117' title='bbox 682 702 784 732; x_wconf 65' lang='grc' dir='ltr'>ἐκεῖνος</span> <span class='ocrx_word' id='word_1_118' title='bbox 799 708 848 727; x_wconf 85' lang='grc' dir='ltr'>κα-</span> 
     </span>
    </p>
   </div>
   <div class='ocr_carea' id='block_1_17' title="bbox 58 747 848 783">
    <p class='ocr_par' dir='ltr' id='par_1_17' title="bbox 58 747 848 783">
     <span class='ocr_line' id='line_1_17' title="bbox 58 747 848 783; baseline 0.003 -11"><span class='ocrx_word' id='word_1_119' title='bbox 58 747 111 773; x_wconf 87' lang='grc' dir='ltr'>κῶν</span> <span class='ocrx_word' id='word_1_120' title='bbox 126 748 245 780; x_wconf 75' lang='grc' dir='ltr'>σπορεὺς</span> <span class='ocrx_word' id='word_1_121' title='bbox 259 749 292 783; x_wconf 84' lang='grc' dir='ltr'>τῇ</span> <span class='ocrx_word' id='word_1_122' title='bbox 307 747 404 783; x_wconf 82' lang='grc' dir='ltr'>γνώμῃ</span> <span class='ocrx_word' id='word_1_123' title='bbox 418 748 540 782; x_wconf 85' lang='grc' dir='ltr'>γέγονεν,</span> <span class='ocrx_word' id='word_1_124' title='bbox 554 748 602 774; x_wconf 71' lang='grc' dir='ltr'>καὶ</span> <span class='ocrx_word' id='word_1_125' title='bbox 612 747 733 783; x_wconf 81' lang='grc' dir='ltr'>ἀρχηγὸς</span> <span class='ocrx_word' id='word_1_126' title='bbox 747 747 848 782; x_wconf 82' lang='grc' dir='ltr'>τολμᾶ-</span> 
     </span>
    </p>
   </div>
   <div class='ocr_carea' id='block_1_18' title="bbox 59 793 846 828">
    <p class='ocr_par' dir='ltr' id='par_1_18' title="bbox 59 793 846 828">
     <span class='ocr_line' id='line_1_18' title="bbox 59 793 846 828; baseline 0.003 -10"><span class='ocrx_word' id='word_1_127' title='bbox 59 793 117 820; x_wconf 79' lang='grc' dir='ltr'>σοαι</span> <span class='ocrx_word' id='word_1_128' title='bbox 136 793 172 819; x_wconf 80' lang='grc' dir='ltr'><strong>τὰ</strong></span> <span class='ocrx_word' id='word_1_129' title='bbox 190 793 330 828; x_wconf 77' lang='grc' dir='ltr'>ἁτόλμητα</span> <span class='ocrx_word' id='word_1_130' title='bbox 343 813 351 824; x_wconf 86' lang='grc'><strong>,</strong></span> <span class='ocrx_word' id='word_1_131' title='bbox 376 794 424 820; x_wconf 75' lang='grc' dir='ltr'>καὶ</span> <span class='ocrx_word' id='word_1_132' title='bbox 446 795 698 828; x_wconf 81' lang='grc' dir='ltr'>καταπράττεσθαι.</span> <span class='ocrx_word' id='word_1_133' title='bbox 720 794 776 821; x_wconf 75' lang='grc' dir='ltr'><strong>Καὶ</strong></span> <span class='ocrx_word' id='word_1_134' title='bbox 799 795 846 827; x_wconf 83' lang='grc' dir='ltr'>τὸ,</span> 
     </span>
    </p>
   </div>
   <div class='ocr_carea' id='block_1_19' title="bbox 895 241 1686 273">
    <p class='ocr_par' dir='ltr' id='par_1_19' title="bbox 895 241 1686 273">
     <span class='ocr_line' id='line_1_19' title="bbox 895 241 1686 273; baseline 0 -5"><span class='ocrx_word' id='word_1_135' title='bbox 895 248 969 273; x_wconf 87' lang='lat' dir='ltr'><strong>vero,</strong></span> <span class='ocrx_word' id='word_1_136' title='bbox 983 241 1090 269; x_wconf 86' lang='lat' dir='ltr'><strong>Patrem</strong></span> <span class='ocrx_word' id='word_1_137' title='bbox 1105 242 1237 269; x_wconf 82' lang='lat' dir='ltr'><strong>habemus</strong></span> <span class='ocrx_word' id='word_1_138' title='bbox 1262 242 1307 270; x_wconf 86' lang='lat' dir='ltr'><strong>Dei</strong></span> <span class='ocrx_word' id='word_1_139' title='bbox 1323 244 1440 271; x_wconf 87' lang='lat' dir='ltr'><strong>Patrem.</strong></span> <span class='ocrx_word' id='word_1_140' title='bbox 1472 242 1532 270; x_wconf 81' lang='lat' dir='ltr'><strong>Jam</strong></span> <span class='ocrx_word' id='word_1_141' title='bbox 1559 242 1686 268; x_wconf 77' lang='lat' dir='ltr'><strong>Salvator</strong></span> 
     </span>
    </p>
   </div>
   <div class='ocr_carea' id='block_1_20' title="bbox 895 287 1685 324">
    <p class='ocr_par' dir='ltr' id='par_1_20' title="bbox 895 287 1685 324">
     <span class='ocr_line' id='line_1_20' title="bbox 895 287 1685 324; baseline -0.001 -10"><span class='ocrx_word' id='word_1_142' title='bbox 895 291 988 314; x_wconf 88' lang='lat' dir='ltr'><strong>noster</strong></span> <span class='ocrx_word' id='word_1_143' title='bbox 1013 288 1122 314; x_wconf 85' lang='lat' dir='ltr'><strong>eosdem</strong></span> <span class='ocrx_word' id='word_1_144' title='bbox 1138 296 1153 314; x_wconf 89' lang='lat' dir='ltr'><strong>a</strong></span> <span class='ocrx_word' id='word_1_145' title='bbox 1165 293 1288 322; x_wconf 74' lang='lat' dir='ltr'><strong>respectu</strong></span> <span class='ocrx_word' id='word_1_146' title='bbox 1303 294 1427 324; x_wconf 88' lang='lat' dir='ltr'><strong>paterno,</strong></span> <span class='ocrx_word' id='word_1_147' title='bbox 1438 288 1484 323; x_wconf 93' lang='lat' dir='ltr'><strong>qui</strong></span> <span class='ocrx_word' id='word_1_148' title='bbox 1510 287 1621 315; x_wconf 86' lang='lat' dir='ltr'><strong>nomine</strong></span> <span class='ocrx_word' id='word_1_149' title='bbox 1633 288 1685 314; x_wconf 88' lang='lat' dir='ltr'><strong>hoc</strong></span> 
     </span>
    </p>
   </div>
   <div class='ocr_carea' id='block_1_21' title="bbox 895 333 1686 369">
    <p class='ocr_par' dir='ltr' id='par_1_21' title="bbox 895 333 1686 369">
     <span class='ocr_line' id='line_1_21' title="bbox 895 333 1686 369; baseline -0.001 -9"><span class='ocrx_word' id='word_1_150' title='bbox 895 333 1075 365; x_wconf 78' lang='lat' dir='ltr'><strong>inferebatur,</strong></span> <span class='ocrx_word' id='word_1_151' title='bbox 1088 334 1269 366; x_wconf 80' lang='lat' dir='ltr'><strong>abducturus,</strong></span> <span class='ocrx_word' id='word_1_152' title='bbox 1286 336 1416 369; x_wconf 87' lang='lat' dir='ltr'><strong>quoniam</strong></span> <span class='ocrx_word' id='word_1_153' title='bbox 1434 334 1484 368; x_wconf 79' lang='lat' dir='ltr'><strong>ipsi</strong></span> <span class='ocrx_word' id='word_1_154' title='bbox 1499 341 1528 361; x_wconf 85' lang='lat' dir='ltr'><strong>se</strong></span> <span class='ocrx_word' id='word_1_155' title='bbox 1542 341 1556 360; x_wconf 88' lang='lat' dir='ltr'><strong>a</strong></span> <span class='ocrx_word' id='word_1_156' title='bbox 1585 333 1686 361; x_wconf 86' lang='lat' dir='ltr'><strong>simili-</strong></span> 
     </span>
    </p>
   </div>
   <div class='ocr_carea' id='block_1_22' title="bbox 896 379 1686 414">
    <p class='ocr_par' dir='ltr' id='par_1_22' title="bbox 896 379 1686 414">
     <span class='ocr_line' id='line_1_22' title="bbox 896 379 1686 414; baseline 0.001 -9"><span class='ocrx_word' id='word_1_157' title='bbox 896 379 990 406; x_wconf 78' lang='lat' dir='ltr'><strong>tudine</strong></span> <span class='ocrx_word' id='word_1_158' title='bbox 1008 379 1067 414; x_wconf 85' lang='lat' dir='ltr'><strong>ejus</strong></span> <span class='ocrx_word' id='word_1_159' title='bbox 1083 379 1283 412; x_wconf 83' lang='lat' dir='ltr'><strong>abstraxerant,</strong></span> <span class='ocrx_word' id='word_1_160' title='bbox 1302 381 1340 409; x_wconf 85' lang='lat' dir='ltr'><strong>ait</strong></span> <span class='ocrx_word' id='word_1_161' title='bbox 1363 389 1432 409; x_wconf 88' lang='lat' dir='ltr'><strong>:vos</strong></span> <span class='ocrx_word' id='word_1_162' title='bbox 1448 380 1536 408; x_wconf 82' lang='lat' dir='ltr'><strong>Patris</strong></span> <span class='ocrx_word' id='word_1_163' title='bbox 1552 380 1621 407; x_wconf 90' lang='lat' dir='ltr'><strong>lilios</strong></span> <span class='ocrx_word' id='word_1_164' title='bbox 1636 387 1686 406; x_wconf 86' lang='lat' dir='ltr'><strong>vos</strong></span> 
     </span>
    </p>
   </div>
   <div class='ocr_carea' id='block_1_23' title="bbox 895 425 1686 460">
    <p class='ocr_par' dir='ltr' id='par_1_23' title="bbox 895 425 1686 460">
     <span class='ocr_line' id='line_1_23' title="bbox 895 425 1686 460; baseline 0 -7"><span class='ocrx_word' id='word_1_165' title='bbox 895 426 971 460; x_wconf 89' lang='lat' dir='ltr'><strong>ipsos</strong></span> <span class='ocrx_word' id='word_1_166' title='bbox 996 425 1103 453; x_wconf 83' lang='lat' dir='ltr'><strong>audetis</strong></span> <span class='ocrx_word' id='word_1_167' title='bbox 1119 427 1267 460; x_wconf 87' lang='lat' dir='ltr'><strong>appellare,</strong></span> <span class='ocrx_word' id='word_1_168' title='bbox 1283 435 1345 454; x_wconf 93' lang='lat' dir='ltr'><strong>cum</strong></span> <span class='ocrx_word' id='word_1_169' title='bbox 1361 432 1452 454; x_wconf 85' lang='lat' dir='ltr'><strong>tamen</strong></span> <span class='ocrx_word' id='word_1_170' title='bbox 1477 426 1575 454; x_wconf 90' lang='lat' dir='ltr'><strong>diaboli</strong></span> <span class='ocrx_word' id='word_1_171' title='bbox 1595 426 1686 459; x_wconf 85' lang='lat' dir='ltr'><strong>potius</strong></span> 
     </span>
    </p>
   </div>
   <div class='ocr_carea' id='block_1_24' title="bbox 896 471 1687 508">
    <p class='ocr_par' dir='ltr' id='par_1_24' title="bbox 896 471 1687 508">
     <span class='ocr_line' id='line_1_24' title="bbox 896 471 1687 508; baseline -0.001 -10"><span class='ocrx_word' id='word_1_172' title='bbox 896 471 946 498; x_wconf 92' lang='lat' dir='ltr'><strong>ﬁlii</strong></span> <span class='ocrx_word' id='word_1_173' title='bbox 962 471 1040 499; x_wconf 83' lang='lat' dir='ltr'><strong>sitis:</strong></span> <span class='ocrx_word' id='word_1_174' title='bbox 1057 476 1085 498; x_wconf 88' lang='lat' dir='ltr'><strong>et</strong></span> <span class='ocrx_word' id='word_1_175' title='bbox 1103 479 1177 504; x_wconf 81' lang='lat' dir='ltr'><strong>mox,</strong></span> <span class='ocrx_word' id='word_1_176' title='bbox 1198 482 1207 498; x_wconf 81' lang='grc' dir='ltr'><strong>ι</strong></span> <span class='ocrx_word' id='word_1_177' title='bbox 1224 477 1251 500; x_wconf 85' lang='lat' dir='ltr'><strong>et</strong></span> <span class='ocrx_word' id='word_1_178' title='bbox 1277 474 1403 500; x_wconf 88' lang='lat' dir='ltr'><strong>mandata</strong></span> <span class='ocrx_word' id='word_1_179' title='bbox 1427 474 1488 508; x_wconf 83' lang='lat' dir='ltr'><strong>ejus</strong></span> <span class='ocrx_word' id='word_1_180' title='bbox 1515 473 1604 500; x_wconf 81' lang='lat' dir='ltr'><strong>facere</strong></span> <span class='ocrx_word' id='word_1_181' title='bbox 1626 472 1687 498; x_wconf 89' lang='lat' dir='ltr'><strong>vul-</strong></span> 
     </span>
    </p>
   </div>
   <div class='ocr_carea' id='block_1_25' title="bbox 896 516 1687 553">
    <p class='ocr_par' dir='ltr' id='par_1_25' title="bbox 896 516 1687 553">
     <span class='ocr_line' id='line_1_25' title="bbox 896 516 1687 553; baseline 0 -10"><span class='ocrx_word' id='word_1_182' title='bbox 896 517 943 544; x_wconf 89' lang='lat' dir='ltr'><strong>tis.</strong></span> <span class='ocrx_word' id='word_1_183' title='bbox 962 527 971 542; x_wconf 72' lang='grc' dir='ltr'><strong>ι</strong></span> <span class='ocrx_word' id='word_1_184' title='bbox 990 516 1049 544; x_wconf 89' lang='lat' dir='ltr'><strong>Non</strong></span> <span class='ocrx_word' id='word_1_185' title='bbox 1065 525 1132 544; x_wconf 89' lang='lat' dir='ltr'><strong>sane</strong></span> <span class='ocrx_word' id='word_1_186' title='bbox 1147 538 1154 550; x_wconf 93' lang='lat'><strong>,</strong></span> <span class='ocrx_word' id='word_1_187' title='bbox 1174 527 1183 543; x_wconf 78' lang='grc' dir='ltr'><strong>ι</strong></span> <span class='ocrx_word' id='word_1_188' title='bbox 1199 519 1286 553; x_wconf 87' lang='lat' dir='ltr'><strong>patris</strong></span> <span class='ocrx_word' id='word_1_189' title='bbox 1302 519 1419 551; x_wconf 80' lang='lat' dir='ltr'><strong>diaboli;</strong></span> <span class='ocrx_word' id='word_1_190' title='bbox 1440 528 1449 544; x_wconf 75' lang='grc' dir='ltr'><strong>ι</strong></span> <span class='ocrx_word' id='word_1_191' title='bbox 1468 517 1519 546; x_wconf 86' lang='lat' dir='ltr'><strong>Ubi</strong></span> <span class='ocrx_word' id='word_1_192' title='bbox 1544 519 1615 545; x_wconf 89' lang='lat' dir='ltr'><strong>enim</strong></span> <span class='ocrx_word' id='word_1_193' title='bbox 1642 518 1687 544; x_wconf 87' lang='lat' dir='ltr'><strong>ille</strong></span> 
     </span>
    </p>
   </div>
   <div class='ocr_carea' id='block_1_26' title="bbox 897 562 1687 599">
    <p class='ocr_par' dir='ltr' id='par_1_26' title="bbox 897 562 1687 599">
     <span class='ocr_line' id='line_1_26' title="bbox 897 562 1687 599; baseline -0.003 -9"><span class='ocrx_word' id='word_1_194' title='bbox 897 567 1029 598; x_wconf 65' lang='lat' dir='ltr'><strong>praerepta</strong></span> <span class='ocrx_word' id='word_1_195' title='bbox 1047 563 1130 597; x_wconf 84' lang='lat' dir='ltr'><strong>dedit,</strong></span> <span class='ocrx_word' id='word_1_196' title='bbox 1159 562 1193 590; x_wconf 87' lang='lat' dir='ltr'><strong>de</strong></span> <span class='ocrx_word' id='word_1_197' title='bbox 1210 571 1265 598; x_wconf 87' lang='lat' dir='ltr'><strong>quo</strong></span> <span class='ocrx_word' id='word_1_198' title='bbox 1282 572 1314 591; x_wconf 80' lang='lat' dir='ltr'><strong>ex</strong></span> <span class='ocrx_word' id='word_1_199' title='bbox 1341 564 1484 599; x_wconf 85' lang='lat' dir='ltr'><strong>Scriptura</strong></span> <span class='ocrx_word' id='word_1_200' title='bbox 1506 563 1575 590; x_wconf 84' lang='lat' dir='ltr'><strong>nihil</strong></span> <span class='ocrx_word' id='word_1_201' title='bbox 1607 563 1687 598; x_wconf 88' lang='lat' dir='ltr'><strong>quid-</strong></span> 
     </span>
    </p>
   </div>
   <div class='ocr_carea' id='block_1_27' title="bbox 897 609 1688 644">
    <p class='ocr_par' dir='ltr' id='par_1_27' title="bbox 897 609 1688 644">
     <span class='ocr_line' id='line_1_27' title="bbox 897 609 1688 644; baseline -0.001 -8"><span class='ocrx_word' id='word_1_202' title='bbox 897 616 978 644; x_wconf 87' lang='lat' dir='ltr'><strong>quam</strong></span> <span class='ocrx_word' id='word_1_203' title='bbox 994 613 1101 636; x_wconf 80' lang='lat' dir='ltr'><strong>constat</strong></span> <span class='ocrx_word' id='word_1_204' title='bbox 1115 609 1126 635; x_wconf 79' lang='grc' dir='ltr'><strong>τ</strong></span> <span class='ocrx_word' id='word_1_205' title='bbox 1142 609 1189 636; x_wconf 90' lang='lat' dir='ltr'><strong>sed</strong></span> <span class='ocrx_word' id='word_1_206' title='bbox 1210 609 1311 636; x_wconf 83' lang='lat' dir='ltr'><strong>diaboli</strong></span> <span class='ocrx_word' id='word_1_207' title='bbox 1328 609 1425 644; x_wconf 78' lang='lat' dir='ltr'><strong>ipsius,</strong></span> <span class='ocrx_word' id='word_1_208' title='bbox 1442 609 1488 644; x_wconf 89' lang='lat' dir='ltr'><strong>qui</strong></span> <span class='ocrx_word' id='word_1_209' title='bbox 1502 615 1579 644; x_wconf 66' lang='lat' dir='ltr'><strong>paler</strong></span> <span class='ocrx_word' id='word_1_210' title='bbox 1599 613 1688 636; x_wconf 79' lang='lat' dir='ltr'><strong>vester</strong></span> 
     </span>
    </p>
   </div>
   <div class='ocr_carea' id='block_1_28' title="bbox 896 654 1688 689">
    <p class='ocr_par' dir='ltr' id='par_1_28' title="bbox 896 654 1688 689">
     <span class='ocr_line' id='line_1_28' title="bbox 896 654 1688 689; baseline -0.001 -7"><span class='ocrx_word' id='word_1_211' title='bbox 896 659 948 687; x_wconf 88' lang='lat' dir='ltr'><strong>est,</strong></span> <span class='ocrx_word' id='word_1_212' title='bbox 966 660 1109 689; x_wconf 62' lang='lat' dir='ltr'><strong>praecepta.</strong></span> <span class='ocrx_word' id='word_1_213' title='bbox 1124 654 1264 689; x_wconf 86' lang='lat' dir='ltr'><strong>Ejusmodi</strong></span> <span class='ocrx_word' id='word_1_214' title='bbox 1280 663 1345 682; x_wconf 87' lang='lat' dir='ltr'><strong>vero</strong></span> <span class='ocrx_word' id='word_1_215' title='bbox 1361 660 1435 688; x_wconf 89' lang='lat' dir='ltr'><strong>sunt,</strong></span> <span class='ocrx_word' id='word_1_216' title='bbox 1454 655 1594 686; x_wconf 84' lang='lat' dir='ltr'><strong>scortatio,</strong></span> <span class='ocrx_word' id='word_1_217' title='bbox 1607 654 1688 681; x_wconf 85' lang='lat' dir='ltr'><strong>adul-</strong></span> 
     </span>
    </p>
   </div>
   <div class='ocr_carea' id='block_1_29' title="bbox 898 701 1688 736">
    <p class='ocr_par' dir='ltr' id='par_1_29' title="bbox 898 701 1688 736">
     <span class='ocr_line' id='line_1_29' title="bbox 898 701 1688 736; baseline 0 -9"><span class='ocrx_word' id='word_1_218' title='bbox 898 701 1007 733; x_wconf 84' lang='lat' dir='ltr'><strong>terium,</strong></span> <span class='ocrx_word' id='word_1_219' title='bbox 1027 701 1141 736; x_wconf 82' lang='lat' dir='ltr'><strong>furtum,</strong></span> <span class='ocrx_word' id='word_1_220' title='bbox 1168 702 1266 734; x_wconf 69' lang='lat' dir='ltr'><strong>cmdes,</strong></span> <span class='ocrx_word' id='word_1_221' title='bbox 1296 702 1482 734; x_wconf 82' lang='lat' dir='ltr'><strong>mendacium,</strong></span> <span class='ocrx_word' id='word_1_222' title='bbox 1512 705 1540 728; x_wconf 86' lang='lat' dir='ltr'><strong>et</strong></span> <span class='ocrx_word' id='word_1_223' title='bbox 1556 709 1616 735; x_wconf 72' lang='lat' dir='ltr'><strong>quas</strong></span> <span class='ocrx_word' id='word_1_224' title='bbox 1635 701 1688 728; x_wconf 84' lang='lat' dir='ltr'><strong>alia</strong></span> 
     </span>
    </p>
   </div>
   <div class='ocr_carea' id='block_1_30' title="bbox 898 748 1687 783">
    <p class='ocr_par' dir='ltr' id='par_1_30' title="bbox 898 748 1687 783">
     <span class='ocr_line' id='line_1_30' title="bbox 898 748 1687 783; baseline -0.001 -8"><span class='ocrx_word' id='word_1_225' title='bbox 898 748 969 775; x_wconf 87' lang='lat' dir='ltr'><strong>mala</strong></span> <span class='ocrx_word' id='word_1_226' title='bbox 985 748 1055 775; x_wconf 88' lang='lat' dir='ltr'><strong>idem</strong></span> <span class='ocrx_word' id='word_1_227' title='bbox 1069 755 1118 783; x_wconf 92' lang='lat' dir='ltr'><strong>pro</strong></span> <span class='ocrx_word' id='word_1_228' title='bbox 1133 748 1267 776; x_wconf 82' lang='lat' dir='ltr'><strong>sententia</strong></span> <span class='ocrx_word' id='word_1_229' title='bbox 1289 755 1338 776; x_wconf 84' lang='lat' dir='ltr'><strong>sua</strong></span> <span class='ocrx_word' id='word_1_230' title='bbox 1359 749 1439 780; x_wconf 90' lang='lat' dir='ltr'><strong>sevit,</strong></span> <span class='ocrx_word' id='word_1_231' title='bbox 1456 748 1489 775; x_wconf 89' lang='lat' dir='ltr'><strong>ad</strong></span> <span class='ocrx_word' id='word_1_232' title='bbox 1514 756 1594 783; x_wconf 85' lang='lat' dir='ltr'><strong>prava</strong></span> <span class='ocrx_word' id='word_1_233' title='bbox 1612 755 1687 782; x_wconf 70' lang='lat' dir='ltr'><strong>qum-</strong></span> 
     </span>
    </p>
   </div>
   <div class='ocr_carea' id='block_1_31' title="bbox 897 793 1688 828">
    <p class='ocr_par' dir='ltr' id='par_1_31' title="bbox 897 793 1688 828">
     <span class='ocr_line' id='line_1_31' title="bbox 897 793 1688 828; baseline 0.001 -9"><span class='ocrx_word' id='word_1_234' title='bbox 897 794 940 821; x_wconf 82' lang='lat' dir='ltr'><strong>vis</strong></span> <span class='ocrx_word' id='word_1_235' title='bbox 952 793 1075 821; x_wconf 88' lang='lat' dir='ltr'><strong>audenda</strong></span> <span class='ocrx_word' id='word_1_236' title='bbox 1090 799 1117 822; x_wconf 86' lang='lat' dir='ltr'><strong>et</strong></span> <span class='ocrx_word' id='word_1_237' title='bbox 1133 794 1312 828; x_wconf 87' lang='lat' dir='ltr'><strong>perpetranda</strong></span> <span class='ocrx_word' id='word_1_238' title='bbox 1331 793 1385 820; x_wconf 86' lang='lat' dir='ltr'><strong>dux</strong></span> <span class='ocrx_word' id='word_1_239' title='bbox 1397 798 1423 820; x_wconf 90' lang='lat' dir='ltr'><strong>et</strong></span> <span class='ocrx_word' id='word_1_240' title='bbox 1435 799 1532 821; x_wconf 85' lang='lat' dir='ltr'><strong>auctor</strong></span> <span class='ocrx_word' id='word_1_241' title='bbox 1542 793 1688 820; x_wconf 74' lang='lat' dir='ltr'><strong>exsislens.</strong></span> 
     </span>
    </p>
   </div>
   <div class='ocr_carea' id='block_1_32' title="bbox 61 839 848 875">
    <p class='ocr_par' dir='ltr' id='par_1_32' title="bbox 61 839 848 875">
     <span class='ocr_line' id='line_1_32' title="bbox 61 839 848 875; baseline 0.005 -13"><span class='ocrx_word' id='word_1_242' title='bbox 61 848 69 862; x_wconf 78' lang='grc' dir='ltr'>σ</span> <span class='ocrx_word' id='word_1_243' title='bbox 89 839 211 870; x_wconf 82' lang='grc' dir='ltr'>Ἐκεῖνος</span> <span class='ocrx_word' id='word_1_244' title='bbox 221 840 270 866; x_wconf 79' lang='grc' dir='ltr'><strong>ἀπ’</strong></span> <span class='ocrx_word' id='word_1_245' title='bbox 284 839 372 875; x_wconf 83' lang='grc' dir='ltr'>ἀρχῆς</span> <span class='ocrx_word' id='word_1_246' title='bbox 384 839 606 875; x_wconf 79' lang='grc' dir='ltr'><strong>ἀνθρωποκτόνος</strong></span> <span class='ocrx_word' id='word_1_247' title='bbox 615 841 698 874; x_wconf 74' lang='grc' dir='ltr'>ἐστὶν,</span> <span class='ocrx_word' id='word_1_248' title='bbox 713 849 722 865; x_wconf 78' lang='grc' dir='ltr'><strong>ι</strong></span> <span class='ocrx_word' id='word_1_249' title='bbox 736 840 776 872; x_wconf 83' lang='grc' dir='ltr'><strong>είς</strong></span> <span class='ocrx_word' id='word_1_250' title='bbox 787 841 848 866; x_wconf 86' lang='grc' dir='ltr'>τίνα</span> 
     </span>
    </p>
   </div>
   <div class='ocr_carea' id='block_1_33' title="bbox 933 839 1689 875">
    <p class='ocr_par' dir='ltr' id='par_1_33' title="bbox 951 839 1689 875">
     <span class='ocr_line' id='line_1_33' title="bbox 951 839 1689 875; baseline -0.003 -8"><span class='ocrx_word' id='word_1_251' title='bbox 951 847 1016 867; x_wconf 86' lang='lat' dir='ltr'><strong>vero</strong></span> <span class='ocrx_word' id='word_1_252' title='bbox 1036 839 1108 875; x_wconf 88' lang='lat' dir='ltr'><strong>quod</strong></span> <span class='ocrx_word' id='word_1_253' title='bbox 1123 840 1243 867; x_wconf 89' lang='lat' dir='ltr'><strong>dicitur:</strong></span> <span class='ocrx_word' id='word_1_254' title='bbox 1273 849 1282 866; x_wconf 77' lang='grc' dir='ltr'><strong>ι</strong></span> <span class='ocrx_word' id='word_1_255' title='bbox 1302 839 1349 867; x_wconf 84' lang='lat' dir='ltr'><strong>ille</strong></span> <span class='ocrx_word' id='word_1_256' title='bbox 1381 841 1415 867; x_wconf 89' lang='lat' dir='ltr'><strong>ab</strong></span> <span class='ocrx_word' id='word_1_257' title='bbox 1442 840 1520 867; x_wconf 90' lang='lat' dir='ltr'><strong>initio</strong></span> <span class='ocrx_word' id='word_1_258' title='bbox 1550 839 1689 867; x_wconf 79' lang='lat' dir='ltr'><strong>homicida</strong></span> 
     </span>
    </p>
   </div>
   <div class='ocr_carea' id='block_1_34' title="bbox 58 874 848 921">
    <p class='ocr_par' dir='ltr' id='par_1_34' title="bbox 58 874 846 921">
     <span class='ocr_line' id='line_1_34' title="bbox 58 874 846 921; baseline 0.003 -11"><span class='ocrx_word' id='word_1_259' title='bbox 58 885 88 911; x_wconf 81' lang='grc' dir='ltr'>ἂν</span> <span class='ocrx_word' id='word_1_260' title='bbox 102 884 269 920; x_wconf 79' lang='grc' dir='ltr'>οἰκειότερον</span> <span class='ocrx_word' id='word_1_261' title='bbox 289 874 456 920; x_wconf 73' lang='grc' dir='ltr'>ἁνενεχθείή,</span> <span class='ocrx_word' id='word_1_262' title='bbox 468 885 484 921; x_wconf 84' lang='grc' dir='ltr'>ἢ</span> <span class='ocrx_word' id='word_1_263' title='bbox 498 886 538 917; x_wconf 82' lang='grc' dir='ltr'>εις</span> <span class='ocrx_word' id='word_1_264' title='bbox 551 886 632 912; x_wconf 73' lang='grc' dir='ltr'>αὑτὸν</span> <span class='ocrx_word' id='word_1_265' title='bbox 647 894 679 920; x_wconf 89' lang='grc' dir='ltr'><strong>γε</strong></span> <span class='ocrx_word' id='word_1_266' title='bbox 693 885 737 912; x_wconf 77' lang='grc' dir='ltr'>τὸν</span> <span class='ocrx_word' id='word_1_267' title='bbox 753 885 846 912; x_wconf 78' lang='grc' dir='ltr'>διάϐο-</span> 
     </span>
    </p>
   </div>
   <div class='ocr_carea' id='block_1_35' title="bbox 933 874 1690 921">
    <p class='ocr_par' dir='ltr' id='par_1_35' title="bbox 933 874 1690 921">
     <span class='ocr_line' id='line_1_35' title="bbox 933 874 1690 921; baseline -0.003 -8"><span class='ocrx_word' id='word_1_268' title='bbox 933 886 966 920; x_wconf 86' lang='lat' dir='ltr'><strong>it;</strong></span> <span class='ocrx_word' id='word_1_269' title='bbox 982 895 992 912; x_wconf 74' lang='grc' dir='ltr'><strong>ι</strong></span> <span class='ocrx_word' id='word_1_270' title='bbox 1019 874 1052 913; x_wconf 82' lang='lat' dir='ltr'><strong>ad</strong></span> <span class='ocrx_word' id='word_1_271' title='bbox 1069 894 1150 921; x_wconf 85' lang='lat' dir='ltr'><strong>quem</strong></span> <span class='ocrx_word' id='word_1_272' title='bbox 1172 886 1281 913; x_wconf 85' lang='lat' dir='ltr'><strong>tandem</strong></span> <span class='ocrx_word' id='word_1_273' title='bbox 1299 887 1396 921; x_wconf 84' lang='lat' dir='ltr'><strong>potiori</strong></span> <span class='ocrx_word' id='word_1_274' title='bbox 1412 886 1484 920; x_wconf 86' lang='lat' dir='ltr'><strong>jure,</strong></span> <span class='ocrx_word' id='word_1_275' title='bbox 1501 893 1584 920; x_wconf 90' lang='lat' dir='ltr'><strong>quam</strong></span> <span class='ocrx_word' id='word_1_276' title='bbox 1599 885 1632 912; x_wconf 87' lang='lat' dir='ltr'><strong>ad</strong></span> <span class='ocrx_word' id='word_1_277' title='bbox 1649 885 1690 920; x_wconf 90' lang='lat' dir='ltr'><strong>ip-</strong></span> 
     </span>
    </p>
   </div>
   <div class='ocr_carea' id='block_1_36' title="bbox 58 930 845 967">
    <p class='ocr_par' dir='ltr' id='par_1_36' title="bbox 58 930 845 967">
     <span class='ocr_line' id='line_1_36' title="bbox 58 930 845 967; baseline 0.001 -10"><span class='ocrx_word' id='word_1_278' title='bbox 58 930 108 962; x_wconf 81' lang='grc' dir='ltr'><strong>λον⁷</strong></span> <span class='ocrx_word' id='word_1_279' title='bbox 123 930 153 962; x_wconf 81' lang='grc' dir='ltr'>ὃς</span> <span class='ocrx_word' id='word_1_280' title='bbox 167 931 200 966; x_wconf 83' lang='grc' dir='ltr'>τῇ</span> <span class='ocrx_word' id='word_1_281' title='bbox 215 930 326 966; x_wconf 79' lang='grc' dir='ltr'><strong>γλώσσῃ</strong></span> <span class='ocrx_word' id='word_1_282' title='bbox 340 931 386 957; x_wconf 69' lang='grc' dir='ltr'><strong>τὸν</strong></span> <span class='ocrx_word' id='word_1_283' title='bbox 406 931 492 966; x_wconf 78' lang='grc' dir='ltr'>’Δδὰμ</span> <span class='ocrx_word' id='word_1_284' title='bbox 508 931 555 958; x_wconf 83' lang='grc' dir='ltr'><strong>τοῦ</strong></span> <span class='ocrx_word' id='word_1_285' title='bbox 569 931 735 967; x_wconf 72' lang='grc' dir='ltr'>παραδείσου</span> <span class='ocrx_word' id='word_1_286' title='bbox 751 931 845 965; x_wconf 53' lang='lat' dir='ltr'><strong>agisa-</strong></span> 
     </span>
    </p>
   </div>
   <div class='ocr_carea' id='block_1_37' title="bbox 57 976 846 1012">
    <p class='ocr_par' dir='ltr' id='par_1_37' title="bbox 57 976 846 1012">
     <span class='ocr_line' id='line_1_37' title="bbox 57 976 846 1012; baseline 0.003 -11"><span class='ocrx_word' id='word_1_287' title='bbox 57 976 109 1008; x_wconf 78' lang='grc' dir='ltr'>λεν,</span> <span class='ocrx_word' id='word_1_288' title='bbox 127 977 177 1002; x_wconf 67' lang='grc' dir='ltr'>καὶ</span> <span class='ocrx_word' id='word_1_289' title='bbox 194 976 323 1011; x_wconf 75' lang='grc' dir='ltr'><strong>πρόξενος</strong></span> <span class='ocrx_word' id='word_1_290' title='bbox 340 977 423 1004; x_wconf 80' lang='grc' dir='ltr'>αὐτοῦ</span> <span class='ocrx_word' id='word_1_291' title='bbox 448 977 564 1004; x_wconf 79' lang='grc' dir='ltr'>θανάτου</span> <span class='ocrx_word' id='word_1_292' title='bbox 581 977 629 1004; x_wconf 74' lang='grc' dir='ltr'>καὶ</span> <span class='ocrx_word' id='word_1_293' title='bbox 645 977 749 1012; x_wconf 81' lang='grc' dir='ltr'>φθορᾶς</span> <span class='ocrx_word' id='word_1_294' title='bbox 765 977 846 1011; x_wconf 85' lang='grc' dir='ltr'>γεγέ-</span> 
     </span>
    </p>
   </div>
   <div class='ocr_carea' id='block_1_38' title="bbox 57 1021 846 1059">
    <p class='ocr_par' dir='ltr' id='par_1_38' title="bbox 57 1021 846 1059">
     <span class='ocr_line' id='line_1_38' title="bbox 57 1021 846 1059; baseline 0.003 -12"><span class='ocrx_word' id='word_1_295' title='bbox 57 1031 153 1057; x_wconf 81' lang='grc' dir='ltr'>νηται;</span> <span class='ocrx_word' id='word_1_296' title='bbox 179 1021 246 1053; x_wconf 71' lang='grc' dir='ltr'>Θεὸς</span> <span class='ocrx_word' id='word_1_297' title='bbox 265 1023 320 1057; x_wconf 86' lang='grc' dir='ltr'><strong>γὰρ</strong></span> <span class='ocrx_word' id='word_1_298' title='bbox 340 1022 456 1050; x_wconf 84' lang='grc' dir='ltr'>θάνατον</span> <span class='ocrx_word' id='word_1_299' title='bbox 472 1023 522 1049; x_wconf 79' lang='grc' dir='ltr'>οὐκ</span> <span class='ocrx_word' id='word_1_300' title='bbox 537 1023 674 1058; x_wconf 77' lang='grc' dir='ltr'>ἐποίησεν,</span> <span class='ocrx_word' id='word_1_301' title='bbox 701 1023 762 1050; x_wconf 83' lang='grc' dir='ltr'>οὐδὲ</span> <span class='ocrx_word' id='word_1_302' title='bbox 782 1023 846 1059; x_wconf 83' lang='grc' dir='ltr'>τέρο</span> 
     </span>
    </p>
   </div>
   <div class='ocr_carea' id='block_1_39' title="bbox 58 1067 847 1103">
    <p class='ocr_par' dir='ltr' id='par_1_39' title="bbox 58 1067 847 1103">
     <span class='ocr_line' id='line_1_39' title="bbox 58 1067 847 1103; baseline 0 -10"><span class='ocrx_word' id='word_1_303' title='bbox 58 1076 136 1094; x_wconf 76' lang='grc' dir='ltr'>πεται</span> <span class='ocrx_word' id='word_1_304' title='bbox 160 1067 206 1094; x_wconf 72' lang='grc' dir='ltr'><strong>ἐπ’</strong></span> <span class='ocrx_word' id='word_1_305' title='bbox 228 1067 352 1103; x_wconf 84' lang='grc' dir='ltr'><strong>ἀπωλείᾳ</strong></span> <span class='ocrx_word' id='word_1_306' title='bbox 368 1068 477 1099; x_wconf 79' lang='grc' dir='ltr'>ζώντων</span> <span class='ocrx_word' id='word_1_307' title='bbox 487 1067 554 1103; x_wconf 65' lang='grc' dir='ltr'><strong>(ΞΔ).</strong></span> <span class='ocrx_word' id='word_1_308' title='bbox 571 1068 619 1100; x_wconf 88' lang='grc' dir='ltr'>Τίς</span> <span class='ocrx_word' id='word_1_309' title='bbox 642 1068 670 1095; x_wconf 78' lang='grc' dir='ltr'>δὲ</span> <span class='ocrx_word' id='word_1_310' title='bbox 693 1068 786 1103; x_wconf 78' lang='grc' dir='ltr'>ἕτερος</span> <span class='ocrx_word' id='word_1_311' title='bbox 801 1067 847 1094; x_wconf 80' lang='grc' dir='ltr'>τὸν</span> 
     </span>
    </p>
   </div>
   <div class='ocr_carea' id='block_1_40' title="bbox 58 1113 847 1148">
    <p class='ocr_par' dir='ltr' id='par_1_40' title="bbox 58 1113 847 1148">
     <span class='ocr_line' id='line_1_40' title="bbox 58 1113 847 1148; baseline 0 -8"><span class='ocrx_word' id='word_1_312' title='bbox 58 1114 171 1140; x_wconf 77' lang='grc' dir='ltr'>θάνατον</span> <span class='ocrx_word' id='word_1_313' title='bbox 188 1113 233 1140; x_wconf 77' lang='grc' dir='ltr'><strong>διὰ</strong></span> <span class='ocrx_word' id='word_1_314' title='bbox 247 1113 293 1139; x_wconf 85' lang='grc' dir='ltr'><strong>τοῦ</strong></span> <span class='ocrx_word' id='word_1_315' title='bbox 304 1113 419 1148; x_wconf 82' lang='grc' dir='ltr'>ψεύδους</span> <span class='ocrx_word' id='word_1_316' title='bbox 435 1113 620 1148; x_wconf 75' lang='grc' dir='ltr'><strong>ἐχαλκεύσατο</strong></span> <span class='ocrx_word' id='word_1_317' title='bbox 630 1134 637 1145; x_wconf 85' lang='lat'><strong>,</strong></span> <span class='ocrx_word' id='word_1_318' title='bbox 650 1114 699 1141; x_wconf 80' lang='grc' dir='ltr'>καὶ</span> <span class='ocrx_word' id='word_1_319' title='bbox 711 1114 781 1140; x_wconf 75' lang='grc' dir='ltr'>κατὰ</span> <span class='ocrx_word' id='word_1_320' title='bbox 792 1113 847 1140; x_wconf 84' lang='grc' dir='ltr'>τῶν</span> 
     </span>
    </p>
   </div>
   <div class='ocr_carea' id='block_1_41' title="bbox 59 1159 847 1194">
    <p class='ocr_par' dir='ltr' id='par_1_41' title="bbox 59 1159 847 1194">
     <span class='ocr_line' id='line_1_41' title="bbox 59 1159 847 1194; baseline -0.001 -8"><span class='ocrx_word' id='word_1_321' title='bbox 59 1159 220 1194; x_wconf 73' lang='grc' dir='ltr'>σπλάγχνων</span> <span class='ocrx_word' id='word_1_322' title='bbox 235 1159 284 1186; x_wconf 81' lang='grc' dir='ltr'><strong>τοῦ</strong></span> <span class='ocrx_word' id='word_1_323' title='bbox 293 1159 378 1194; x_wconf 63' lang='grc' dir='ltr'>Ἀδὰμ</span> <span class='ocrx_word' id='word_1_324' title='bbox 390 1159 440 1194; x_wconf 84' lang='grc' dir='ltr'>τὴν</span> <span class='ocrx_word' id='word_1_325' title='bbox 458 1159 572 1194; x_wconf 77' lang='grc' dir='ltr'>φθορὰν,</span> <span class='ocrx_word' id='word_1_326' title='bbox 588 1159 612 1186; x_wconf 85' lang='grc' dir='ltr'><strong>εί</strong></span> <span class='ocrx_word' id='word_1_327' title='bbox 627 1159 664 1194; x_wconf 81' lang='grc' dir='ltr'>μὴ</span> <span class='ocrx_word' id='word_1_328' title='bbox 677 1160 691 1186; x_wconf 83' lang='grc' dir='ltr'>ὁ</span> <span class='ocrx_word' id='word_1_329' title='bbox 706 1159 847 1194; x_wconf 76' lang='grc' dir='ltr'>παραδοὺς</span> 
     </span>
    </p>
   </div>
   <div class='ocr_carea' id='block_1_42' title="bbox 59 1204 848 1240">
    <p class='ocr_par' dir='ltr' id='par_1_42' title="bbox 59 1204 848 1240">
     <span class='ocr_line' id='line_1_42' title="bbox 59 1204 848 1240; baseline 0 -9"><span class='ocrx_word' id='word_1_330' title='bbox 59 1205 106 1239; x_wconf 82' lang='grc' dir='ltr'>μὲν</span> <span class='ocrx_word' id='word_1_331' title='bbox 118 1205 166 1231; x_wconf 78' lang='grc' dir='ltr'>τὸν</span> <span class='ocrx_word' id='word_1_332' title='bbox 191 1204 262 1239; x_wconf 73' lang='grc' dir='ltr'>ὅφιν,</span> <span class='ocrx_word' id='word_1_333' title='bbox 281 1205 314 1231; x_wconf 88' lang='grc' dir='ltr'>δι’</span> <span class='ocrx_word' id='word_1_334' title='bbox 332 1205 415 1232; x_wconf 74' lang='grc' dir='ltr'>αὑτοῦ</span> <span class='ocrx_word' id='word_1_335' title='bbox 435 1205 463 1231; x_wconf 79' lang='grc' dir='ltr'>δὲ</span> <span class='ocrx_word' id='word_1_336' title='bbox 476 1205 522 1232; x_wconf 77' lang='grc' dir='ltr'>τὸν</span> <span class='ocrx_word' id='word_1_337' title='bbox 537 1205 723 1240; x_wconf 73' lang='grc' dir='ltr'>θανατηφόρον</span> <span class='ocrx_word' id='word_1_338' title='bbox 745 1205 782 1231; x_wconf 85' lang='grc' dir='ltr'><strong>ίὺν</strong></span> <span class='ocrx_word' id='word_1_339' title='bbox 797 1205 848 1238; x_wconf 88' lang='grc' dir='ltr'>τῆς</span> 
     </span>
    </p>
   </div>
   <div class='ocr_carea' id='block_1_43' title="bbox 57 1250 848 1287">
    <p class='ocr_par' dir='ltr' id='par_1_43' title="bbox 57 1250 848 1287">
     <span class='ocr_line' id='line_1_43' title="bbox 57 1250 848 1287; baseline 0 -10"><span class='ocrx_word' id='word_1_340' title='bbox 57 1251 95 1282; x_wconf 83' lang='grc' dir='ltr'><strong>εἰς</strong></span> <span class='ocrx_word' id='word_1_341' title='bbox 107 1250 176 1277; x_wconf 72' lang='grc' dir='ltr'>Θεὸν</span> <span class='ocrx_word' id='word_1_342' title='bbox 194 1250 369 1285; x_wconf 82' lang='grc' dir='ltr'>βλασφημίας</span> <span class='ocrx_word' id='word_1_343' title='bbox 383 1252 417 1286; x_wconf 83' lang='grc' dir='ltr'><strong>τῇ</strong></span> <span class='ocrx_word' id='word_1_344' title='bbox 434 1251 556 1285; x_wconf 73' lang='grc' dir='ltr'>γυναικὶ,</span> <span class='ocrx_word' id='word_1_345' title='bbox 569 1252 617 1278; x_wconf 74' lang='grc' dir='ltr'>καὶ</span> <span class='ocrx_word' id='word_1_346' title='bbox 631 1250 675 1277; x_wconf 83' lang='grc' dir='ltr'><strong>διὰ</strong></span> <span class='ocrx_word' id='word_1_347' title='bbox 690 1250 793 1287; x_wconf 81' lang='grc' dir='ltr'><strong>ταύτης</strong></span> <span class='ocrx_word' id='word_1_348' title='bbox 808 1250 848 1285; x_wconf 84' lang='grc' dir='ltr'>τῷ</span> 
     </span>
    </p>
   </div>
   <div class='ocr_carea' id='block_1_44' title="bbox 63 1296 371 1332">
    <p class='ocr_par' dir='ltr' id='par_1_44' title="bbox 63 1296 371 1332">
     <span class='ocr_line' id='line_1_44' title="bbox 63 1296 371 1332; baseline -0.003 -9"><span class='ocrx_word' id='word_1_349' title='bbox 63 1296 149 1331; x_wconf 80' lang='grc' dir='ltr'>’Δδὰμ</span> <span class='ocrx_word' id='word_1_350' title='bbox 161 1297 351 1332; x_wconf 75' lang='grc' dir='ltr'>κερασάμενος</span> <span class='ocrx_word' id='word_1_351' title='bbox 363 1305 371 1329; x_wconf 85' lang='lat'><strong>;</strong></span> 
     </span>
    </p>
   </div>
   <div class='ocr_carea' id='block_1_45' title="bbox 97 1340 848 1378">
    <p class='ocr_par' dir='ltr' id='par_1_45' title="bbox 97 1340 848 1378">
     <span class='ocr_line' id='line_1_45' title="bbox 97 1340 848 1378; baseline 0.001 -9"><span class='ocrx_word' id='word_1_352' title='bbox 97 1342 146 1369; x_wconf 83' lang='grc' dir='ltr'>Ἐκ</span> <span class='ocrx_word' id='word_1_353' title='bbox 172 1342 276 1368; x_wconf 78' lang='grc' dir='ltr'>τούτων</span> <span class='ocrx_word' id='word_1_354' title='bbox 297 1340 345 1368; x_wconf 72' lang='grc' dir='ltr'>οὖν</span> <span class='ocrx_word' id='word_1_355' title='bbox 372 1342 500 1369; x_wconf 80' lang='grc' dir='ltr'>ἁπάντων</span> <span class='ocrx_word' id='word_1_356' title='bbox 524 1343 573 1369; x_wconf 81' lang='grc' dir='ltr'><strong>καὶ</strong></span> <span class='ocrx_word' id='word_1_357' title='bbox 597 1343 698 1378; x_wconf 78' lang='grc' dir='ltr'>ἐτέρων</span> <span class='ocrx_word' id='word_1_358' title='bbox 720 1343 848 1370; x_wconf 76' lang='grc' dir='ltr'>τοιούτων</span> 
     </span>
    </p>
   </div>
   <div class='ocr_carea' id='block_1_46' title="bbox 57 1388 848 1425">
    <p class='ocr_par' dir='ltr' id='par_1_46' title="bbox 57 1388 848 1425">
     <span class='ocr_line' id='line_1_46' title="bbox 57 1388 848 1425; baseline 0.004 -11"><span class='ocrx_word' id='word_1_359' title='bbox 57 1388 197 1415; x_wconf 80' lang='grc' dir='ltr'>δείκνυται</span> <span class='ocrx_word' id='word_1_360' title='bbox 211 1388 277 1424; x_wconf 81' lang='grc' dir='ltr'>περὶ</span> <span class='ocrx_word' id='word_1_361' title='bbox 291 1388 338 1415; x_wconf 82' lang='grc' dir='ltr'><strong>τοῦ</strong></span> <span class='ocrx_word' id='word_1_362' title='bbox 350 1389 474 1416; x_wconf 72' lang='grc' dir='ltr'>διαϐόλου</span> <span class='ocrx_word' id='word_1_363' title='bbox 486 1390 532 1416; x_wconf 83' lang='grc' dir='ltr'>τὸν</span> <span class='ocrx_word' id='word_1_364' title='bbox 547 1390 682 1425; x_wconf 84' lang='grc' dir='ltr'>σωτήριον</span> <span class='ocrx_word' id='word_1_365' title='bbox 694 1389 848 1425; x_wconf 78' lang='grc' dir='ltr'>διαλαμὸά-</span> 
     </span>
    </p>
   </div>
   <div class='ocr_carea' id='block_1_47' title="bbox 57 1434 849 1470">
    <p class='ocr_par' dir='ltr' id='par_1_47' title="bbox 57 1434 849 1470">
     <span class='ocr_line' id='line_1_47' title="bbox 57 1434 849 1470; baseline 0.003 -10"><span class='ocrx_word' id='word_1_366' title='bbox 57 1443 112 1461; x_wconf 83' lang='grc' dir='ltr'>νειν</span> <span class='ocrx_word' id='word_1_367' title='bbox 131 1434 224 1468; x_wconf 85' lang='grc' dir='ltr'>λόγον.</span> <span class='ocrx_word' id='word_1_368' title='bbox 250 1435 295 1461; x_wconf 80' lang='grc' dir='ltr'>καὶ</span> <span class='ocrx_word' id='word_1_369' title='bbox 317 1434 413 1462; x_wconf 82' lang='grc' dir='ltr'>τοῦτον</span> <span class='ocrx_word' id='word_1_370' title='bbox 435 1435 547 1470; x_wconf 81' lang='grc' dir='ltr'>Πατέρα</span> <span class='ocrx_word' id='word_1_371' title='bbox 569 1436 767 1470; x_wconf 78' lang='grc' dir='ltr'>κατονομάζειν</span> <span class='ocrx_word' id='word_1_372' title='bbox 793 1436 849 1462; x_wconf 85' lang='grc' dir='ltr'>τῶν</span> 
     </span>
    </p>
   </div>
   <div class='ocr_carea' id='block_1_48' title="bbox 58 1480 849 1516">
    <p class='ocr_par' dir='ltr' id='par_1_48' title="bbox 58 1480 849 1516">
     <span class='ocr_line' id='line_1_48' title="bbox 58 1480 849 1516; baseline 0.001 -9"><span class='ocrx_word' id='word_1_373' title='bbox 58 1480 225 1516; x_wconf 78' lang='grc' dir='ltr'>ἀγνωμόνων</span> <span class='ocrx_word' id='word_1_374' title='bbox 245 1480 392 1509; x_wconf 78' lang='grc' dir='ltr'>Ἰουδαίων.</span> <span class='ocrx_word' id='word_1_375' title='bbox 416 1481 472 1508; x_wconf 73' lang='grc' dir='ltr'><strong>Καὶ</strong></span> <span class='ocrx_word' id='word_1_376' title='bbox 492 1481 547 1516; x_wconf 84' lang='grc' dir='ltr'><strong>γὰρ</strong></span> <span class='ocrx_word' id='word_1_377' title='bbox 565 1481 688 1508; x_wconf 83' lang='grc' dir='ltr'>κάκεῖνοι</span> <span class='ocrx_word' id='word_1_378' title='bbox 713 1482 760 1508; x_wconf 85' lang='grc' dir='ltr'><strong>τὸν</strong></span> <span class='ocrx_word' id='word_1_379' title='bbox 783 1482 849 1508; x_wconf 74' lang='grc' dir='ltr'>Θεὸν</span> 
     </span>
    </p>
   </div>
   <div class='ocr_carea' id='block_1_49' title="bbox 59 1526 848 1562">
    <p class='ocr_par' dir='ltr' id='par_1_49' title="bbox 59 1526 848 1562">
     <span class='ocr_line' id='line_1_49' title="bbox 59 1526 848 1562; baseline 0.001 -9"><span class='ocrx_word' id='word_1_380' title='bbox 59 1526 263 1561; x_wconf 71' lang='grc' dir='ltr'>ἐφιλοτιμοῦντο</span> <span class='ocrx_word' id='word_1_381' title='bbox 287 1528 395 1562; x_wconf 82' lang='grc' dir='ltr'>πατέρα</span> <span class='ocrx_word' id='word_1_382' title='bbox 419 1527 523 1560; x_wconf 80' lang='grc' dir='ltr'>καλεῖν,</span> <span class='ocrx_word' id='word_1_383' title='bbox 539 1528 585 1554; x_wconf 78' lang='grc' dir='ltr'>καὶ</span> <span class='ocrx_word' id='word_1_384' title='bbox 606 1528 647 1559; x_wconf 83' lang='grc' dir='ltr'><strong>εἰς</strong></span> <span class='ocrx_word' id='word_1_385' title='bbox 669 1528 744 1560; x_wconf 71' lang='grc' dir='ltr'>υἱοὺς</span> <span class='ocrx_word' id='word_1_386' title='bbox 765 1527 848 1554; x_wconf 78' lang='grc' dir='ltr'>αὑτοῦ</span> 
     </span>
    </p>
   </div>
   <div class='ocr_carea' id='block_1_50' title="bbox 59 1573 849 1610">
    <p class='ocr_par' dir='ltr' id='par_1_50' title="bbox 59 1573 849 1610">
     <span class='ocr_line' id='line_1_50' title="bbox 59 1573 849 1610; baseline 0.004 -12"><span class='ocrx_word' id='word_1_387' title='bbox 59 1573 272 1607; x_wconf 77' lang='grc' dir='ltr'>καταλέγεσθαι.</span> <span class='ocrx_word' id='word_1_388' title='bbox 296 1574 344 1606; x_wconf 71' lang='lat' dir='ltr'><strong>Et;</strong></span> <span class='ocrx_word' id='word_1_389' title='bbox 359 1573 406 1601; x_wconf 88' lang='grc' dir='ltr'>δύο</span> <span class='ocrx_word' id='word_1_390' title='bbox 421 1573 449 1600; x_wconf 82' lang='grc' dir='ltr'>δὲ</span> <span class='ocrx_word' id='word_1_391' title='bbox 464 1574 562 1609; x_wconf 86' lang='grc' dir='ltr'>μοίρας</span> <span class='ocrx_word' id='word_1_392' title='bbox 588 1574 708 1610; x_wconf 77' lang='grc' dir='ltr'>μερίζων</span> <span class='ocrx_word' id='word_1_393' title='bbox 724 1575 739 1601; x_wconf 84' lang='grc' dir='ltr'>ὁ</span> <span class='ocrx_word' id='word_1_394' title='bbox 754 1575 849 1610; x_wconf 83' lang='grc' dir='ltr'>Σωτὴρ</span> 
     </span>
    </p>
   </div>
   <div class='ocr_carea' id='block_1_51' title="bbox 59 1618 851 1656">
    <p class='ocr_par' dir='ltr' id='par_1_51' title="bbox 59 1618 851 1656">
     <span class='ocr_line' id='line_1_51' title="bbox 59 1618 851 1656; baseline 0.004 -12"><span class='ocrx_word' id='word_1_395' title='bbox 59 1618 103 1644; x_wconf 77' lang='grc' dir='ltr'><strong>τὸν</strong></span> <span class='ocrx_word' id='word_1_396' title='bbox 128 1619 252 1654; x_wconf 77' lang='grc' dir='ltr'>παρόντα</span> <span class='ocrx_word' id='word_1_397' title='bbox 276 1619 366 1653; x_wconf 84' lang='grc' dir='ltr'>λόγον,</span> <span class='ocrx_word' id='word_1_398' title='bbox 384 1620 535 1654; x_wconf 77' lang='grc' dir='ltr'>συμπλέκει</span> <span class='ocrx_word' id='word_1_399' title='bbox 562 1620 611 1654; x_wconf 79' lang='grc' dir='ltr'>μὲν</span> <span class='ocrx_word' id='word_1_400' title='bbox 627 1620 709 1647; x_wconf 79' lang='grc' dir='ltr'>πάλιν</span> <span class='ocrx_word' id='word_1_401' title='bbox 728 1621 851 1656; x_wconf 80' lang='grc' dir='ltr'>ἐκατέρῳ</span> 
     </span>
    </p>
   </div>
   <div class='ocr_carea' id='block_1_52' title="bbox 59 1665 852 1701">
    <p class='ocr_par' dir='ltr' id='par_1_52' title="bbox 59 1665 852 1701">
     <span class='ocr_line' id='line_1_52' title="bbox 59 1665 852 1701; baseline 0.001 -10"><span class='ocrx_word' id='word_1_402' title='bbox 59 1665 200 1700; x_wconf 70' lang='grc' dir='ltr'>ἑκάτερον.</span> <span class='ocrx_word' id='word_1_403' title='bbox 216 1665 273 1692; x_wconf 84' lang='grc' dir='ltr'>Νῦν</span> <span class='ocrx_word' id='word_1_404' title='bbox 287 1667 337 1701; x_wconf 80' lang='grc' dir='ltr'>μὲν</span> <span class='ocrx_word' id='word_1_405' title='bbox 353 1666 565 1701; x_wconf 69' lang='grc' dir='ltr'>προτάττωντδν</span> <span class='ocrx_word' id='word_1_406' title='bbox 574 1665 708 1696; x_wconf 76' lang='grc' dir='ltr'>διάϐολον,</span> <span class='ocrx_word' id='word_1_407' title='bbox 724 1667 772 1692; x_wconf 70' lang='grc' dir='ltr'>καὶ</span> <span class='ocrx_word' id='word_1_408' title='bbox 786 1666 852 1692; x_wconf 77' lang='grc' dir='ltr'><strong>ὑπο‹</strong></span> 
     </span>
    </p>
   </div>
   <div class='ocr_carea' id='block_1_53' title="bbox 60 1711 852 1748">
    <p class='ocr_par' dir='ltr' id='par_1_53' title="bbox 60 1711 852 1748">
     <span class='ocr_line' id='line_1_53' title="bbox 60 1711 852 1748; baseline 0.003 -12"><span class='ocrx_word' id='word_1_409' title='bbox 60 1711 165 1737; x_wconf 78' lang='grc' dir='ltr'>τάττων</span> <span class='ocrx_word' id='word_1_410' title='bbox 180 1712 244 1744; x_wconf 78' lang='grc' dir='ltr'>τοὺς</span> <span class='ocrx_word' id='word_1_411' title='bbox 271 1712 428 1744; x_wconf 86' lang='grc' dir='ltr'>Ἰουδαίους,</span> <span class='ocrx_word' id='word_1_412' title='bbox 443 1712 491 1740; x_wconf 84' lang='grc' dir='ltr'><strong>νῦν</strong></span> <span class='ocrx_word' id='word_1_413' title='bbox 505 1713 534 1740; x_wconf 77' lang='grc' dir='ltr'>δὲ</span> <span class='ocrx_word' id='word_1_414' title='bbox 556 1713 612 1748; x_wconf 71' lang='lat'><strong>(25)</strong></span> <span class='ocrx_word' id='word_1_415' title='bbox 637 1713 852 1748; x_wconf 80' lang='grc' dir='ltr'>προκαταλέγων</span> 
     </span>
    </p>
   </div>
   <div class='ocr_carea' id='block_1_54' title="bbox 59 1755 851 1790">
    <p class='ocr_par' dir='ltr' id='par_1_54' title="bbox 59 1755 851 1790">
     <span class='ocr_line' id='line_1_54' title="bbox 59 1755 851 1790; baseline 0 -9"><span class='ocrx_word' id='word_1_416' title='bbox 59 1756 122 1787; x_wconf 77' lang='grc' dir='ltr'>τοὺς</span> <span class='ocrx_word' id='word_1_417' title='bbox 136 1756 282 1789; x_wconf 81' lang='grc' dir='ltr'>Ἰουδαίους</span> <span class='ocrx_word' id='word_1_418' title='bbox 293 1778 299 1789; x_wconf 88' lang='grc'><strong>,</strong></span> <span class='ocrx_word' id='word_1_419' title='bbox 315 1756 375 1784; x_wconf 69' lang='grc' dir='ltr'>εἶτα</span> <span class='ocrx_word' id='word_1_420' title='bbox 386 1757 498 1790; x_wconf 72' lang='grc' dir='ltr'>ἐπάγων</span> <span class='ocrx_word' id='word_1_421' title='bbox 511 1758 556 1783; x_wconf 75' lang='grc' dir='ltr'><strong>τὸν</strong></span> <span class='ocrx_word' id='word_1_422' title='bbox 570 1756 704 1783; x_wconf 73' lang='grc' dir='ltr'>διάϐολον.</span> <span class='ocrx_word' id='word_1_423' title='bbox 725 1756 772 1782; x_wconf 76' lang='grc' dir='ltr'>Διὸ</span> <span class='ocrx_word' id='word_1_424' title='bbox 786 1755 851 1790; x_wconf 76' lang='grc' dir='ltr'>περὶ</span> 
     </span>
    </p>
   </div>
   <div class='ocr_carea' id='block_1_55' title="bbox 61 1802 852 1839">
    <p class='ocr_par' dir='ltr' id='par_1_55' title="bbox 61 1802 852 1839">
     <span class='ocr_line' id='line_1_55' title="bbox 61 1802 852 1839; baseline 0 -11"><span class='ocrx_word' id='word_1_425' title='bbox 61 1802 106 1829; x_wconf 74' lang='grc' dir='ltr'><strong>τοῦ</strong></span> <span class='ocrx_word' id='word_1_426' title='bbox 129 1803 256 1830; x_wconf 76' lang='grc' dir='ltr'>διασόλου</span> <span class='ocrx_word' id='word_1_427' title='bbox 279 1803 478 1839; x_wconf 78' lang='grc' dir='ltr'>προδιαλαδὼν,</span> <span class='ocrx_word' id='word_1_428' title='bbox 494 1803 544 1830; x_wconf 77' lang='grc' dir='ltr'>καὶ</span> <span class='ocrx_word' id='word_1_429' title='bbox 562 1804 595 1829; x_wconf 79' lang='grc' dir='ltr'>ὲκ</span> <span class='ocrx_word' id='word_1_430' title='bbox 615 1803 666 1837; x_wconf 82' lang='grc' dir='ltr'>τῆς</span> <span class='ocrx_word' id='word_1_431' title='bbox 686 1802 741 1829; x_wconf 85' lang='grc' dir='ltr'>τῶν</span> <span class='ocrx_word' id='word_1_432' title='bbox 762 1802 852 1837; x_wconf 81' lang='grc' dir='ltr'>ἔργων</span> 
     </span>
    </p>
   </div>
   <div class='ocr_carea' id='block_1_56' title="bbox 62 1846 854 1884">
    <p class='ocr_par' dir='ltr' id='par_1_56' title="bbox 62 1846 854 1884">
     <span class='ocr_line' id='line_1_56' title="bbox 62 1846 854 1884; baseline -0.001 -10"><span class='ocrx_word' id='word_1_433' title='bbox 62 1848 224 1882; x_wconf 84' lang='grc' dir='ltr'>συγγενείας</span> <span class='ocrx_word' id='word_1_434' title='bbox 247 1849 295 1875; x_wconf 76' lang='grc' dir='ltr'><strong>καὶ</strong></span> <span class='ocrx_word' id='word_1_435' title='bbox 321 1849 481 1884; x_wconf 77' lang='grc' dir='ltr'>ὁμοιότητος</span> <span class='ocrx_word' id='word_1_436' title='bbox 506 1849 597 1882; x_wconf 78' lang='grc' dir='ltr'>δείξας</span> <span class='ocrx_word' id='word_1_437' title='bbox 620 1848 683 1879; x_wconf 79' lang='grc' dir='ltr'>τοὺς</span> <span class='ocrx_word' id='word_1_438' title='bbox 710 1846 854 1878; x_wconf 75' lang='grc' dir='ltr'>Ἰουδαίους</span> 
     </span>
    </p>
   </div>
   <div class='ocr_carea' id='block_1_57' title="bbox 62 1894 854 1931">
    <p class='ocr_par' dir='ltr' id='par_1_57' title="bbox 62 1894 854 1931">
     <span class='ocr_line' id='line_1_57' title="bbox 62 1894 854 1931; baseline -0.001 -10"><span class='ocrx_word' id='word_1_439' title='bbox 62 1894 170 1930; x_wconf 71' lang='grc' dir='ltr'>πατέρα</span> <span class='ocrx_word' id='word_1_440' title='bbox 193 1895 266 1930; x_wconf 72' lang='grc' dir='ltr'>ἔχειν</span> <span class='ocrx_word' id='word_1_441' title='bbox 287 1895 379 1926; x_wconf 80' lang='grc' dir='ltr'>αὑτὸν,</span> <span class='ocrx_word' id='word_1_442' title='bbox 406 1895 564 1931; x_wconf 74' lang='grc' dir='ltr'>μεταϐαίνει</span> <span class='ocrx_word' id='word_1_443' title='bbox 585 1895 666 1922; x_wconf 76' lang='grc' dir='ltr'>πάλιν</span> <span class='ocrx_word' id='word_1_444' title='bbox 688 1894 732 1920; x_wconf 76' lang='grc' dir='ltr'><strong>ἐπ’</strong></span> <span class='ocrx_word' id='word_1_445' title='bbox 755 1894 854 1926; x_wconf 69' lang='grc' dir='ltr'>αὐτοὺς</span> 
     </span>
    </p>
   </div>
   <div class='ocr_carea' id='block_1_58' title="bbox 61 1938 855 1976">
    <p class='ocr_par' dir='ltr' id='par_1_58' title="bbox 61 1938 855 1976">
     <span class='ocr_line' id='line_1_58' title="bbox 61 1938 855 1976; baseline 0 -10"><span class='ocrx_word' id='word_1_446' title='bbox 61 1941 124 1972; x_wconf 77' lang='grc' dir='ltr'>τοὺς</span> <span class='ocrx_word' id='word_1_447' title='bbox 144 1940 289 1972; x_wconf 80' lang='grc' dir='ltr'>Ἰουδαίους</span> <span class='ocrx_word' id='word_1_448' title='bbox 300 1960 307 1973; x_wconf 87' lang='grc'><strong>,</strong></span> <span class='ocrx_word' id='word_1_449' title='bbox 322 1941 356 1968; x_wconf 83' lang='grc' dir='ltr'>δι’</span> <span class='ocrx_word' id='word_1_450' title='bbox 370 1938 408 1968; x_wconf 83' lang='grc' dir='ltr'>ὧν</span> <span class='ocrx_word' id='word_1_451' title='bbox 423 1943 471 1968; x_wconf 79' lang='grc' dir='ltr'>καὶ</span> <span class='ocrx_word' id='word_1_452' title='bbox 488 1942 504 1976; x_wconf 82' lang='grc' dir='ltr'>ἡ</span> <span class='ocrx_word' id='word_1_453' title='bbox 520 1941 567 1976; x_wconf 86' lang='grc' dir='ltr'>δλη</span> <span class='ocrx_word' id='word_1_454' title='bbox 583 1940 630 1968; x_wconf 77' lang='grc' dir='ltr'><strong>τοῦ</strong></span> <span class='ocrx_word' id='word_1_455' title='bbox 645 1941 724 1974; x_wconf 84' lang='grc' dir='ltr'>λόγου</span> <span class='ocrx_word' id='word_1_456' title='bbox 743 1940 855 1975; x_wconf 88' lang='grc' dir='ltr'>γέγονεν</span> 
     </span>
    </p>
   </div>
   <div class='ocr_carea' id='block_1_59' title="bbox 62 1983 854 2020">
    <p class='ocr_par' dir='ltr' id='par_1_59' title="bbox 62 1983 854 2020">
     <span class='ocr_line' id='line_1_59' title="bbox 62 1983 854 2020; baseline 0.003 -11"><span class='ocrx_word' id='word_1_457' title='bbox 62 1983 185 2018; x_wconf 68' lang='grc' dir='ltr'>είςδολή.</span> <span class='ocrx_word' id='word_1_458' title='bbox 193 1984 246 2010; x_wconf 74' lang='grc' dir='ltr'>Καί</span> <span class='ocrx_word' id='word_1_459' title='bbox 260 1992 353 2020; x_wconf 89' lang='grc' dir='ltr'>φησιν·</span> <span class='ocrx_word' id='word_1_460' title='bbox 367 1985 452 2012; x_wconf 83' lang='grc' dir='ltr'>Ὅταν</span> <span class='ocrx_word' id='word_1_461' title='bbox 462 1986 476 2012; x_wconf 84' lang='grc' dir='ltr'>ὁ</span> <span class='ocrx_word' id='word_1_462' title='bbox 493 1985 620 2017; x_wconf 81' lang='grc' dir='ltr'>Ἰουδαίος</span> <span class='ocrx_word' id='word_1_463' title='bbox 630 1985 660 2011; x_wconf 80' lang='grc' dir='ltr'>τὸ</span> <span class='ocrx_word' id='word_1_464' title='bbox 667 1985 765 2020; x_wconf 72' lang='grc' dir='ltr'>ψεῦδος</span> <span class='ocrx_word' id='word_1_465' title='bbox 775 1985 854 2020; x_wconf 88' lang='grc' dir='ltr'>λαλῇ,</span> 
     </span>
    </p>
   </div>
   <div class='ocr_carea' id='block_1_60' title="bbox 62 2028 856 2064">
    <p class='ocr_par' dir='ltr' id='par_1_60' title="bbox 62 2028 856 2064">
     <span class='ocr_line' id='line_1_60' title="bbox 62 2028 856 2064; baseline 0 -10"><span class='ocrx_word' id='word_1_466' title='bbox 62 2028 160 2064; x_wconf 84' lang='grc' dir='ltr'>ὥσπερ</span> <span class='ocrx_word' id='word_1_467' title='bbox 177 2028 225 2054; x_wconf 75' lang='grc' dir='ltr'><strong>καὶ</strong></span> <span class='ocrx_word' id='word_1_468' title='bbox 243 2029 323 2063; x_wconf 81' lang='grc' dir='ltr'>ὑμεῖς</span> <span class='ocrx_word' id='word_1_469' title='bbox 346 2029 406 2056; x_wconf 69' lang='grc' dir='ltr'>νυνὶ</span> <span class='ocrx_word' id='word_1_470' title='bbox 431 2028 573 2062; x_wconf 68' lang='grc' dir='ltr'>λέγοντες*</span> <span class='ocrx_word' id='word_1_471' title='bbox 600 2038 610 2054; x_wconf 74' lang='grc' dir='ltr'><strong>ι</strong></span> <span class='ocrx_word' id='word_1_472' title='bbox 625 2029 735 2063; x_wconf 78' lang='grc' dir='ltr'>Πατέρα</span> <span class='ocrx_word' id='word_1_473' title='bbox 756 2028 856 2063; x_wconf 77' lang='grc' dir='ltr'>ἔχομεν</span> 
     </span>
    </p>
   </div>
   <div class='ocr_carea' id='block_1_61' title="bbox 63 2072 856 2108">
    <p class='ocr_par' dir='ltr' id='par_1_61' title="bbox 63 2072 856 2108">
     <span class='ocr_line' id='line_1_61' title="bbox 63 2072 856 2108; baseline 0.003 -10"><span class='ocrx_word' id='word_1_474' title='bbox 63 2072 109 2099; x_wconf 78' lang='grc' dir='ltr'><strong>τὸν</strong></span> <span class='ocrx_word' id='word_1_475' title='bbox 122 2073 202 2105; x_wconf 76' lang='grc' dir='ltr'>θεὸν,</span> <span class='ocrx_word' id='word_1_476' title='bbox 216 2082 226 2098; x_wconf 74' lang='grc' dir='ltr'><strong>ι</strong></span> <span class='ocrx_word' id='word_1_477' title='bbox 239 2072 298 2105; x_wconf 74' lang='grc' dir='ltr'>καὶ,</span> <span class='ocrx_word' id='word_1_478' title='bbox 315 2082 325 2099; x_wconf 75' lang='grc' dir='ltr'>ί</span> <span class='ocrx_word' id='word_1_479' title='bbox 339 2073 448 2108; x_wconf 78' lang='grc' dir='ltr'>πατέρα</span> <span class='ocrx_word' id='word_1_480' title='bbox 460 2073 558 2108; x_wconf 70' lang='grc' dir='ltr'>ἔχομεν</span> <span class='ocrx_word' id='word_1_481' title='bbox 569 2073 615 2099; x_wconf 81' lang='grc' dir='ltr'>τὸν</span> <span class='ocrx_word' id='word_1_482' title='bbox 638 2073 773 2108; x_wconf 71' lang='grc' dir='ltr'>Ἀδραὰμ,</span> <span class='ocrx_word' id='word_1_483' title='bbox 793 2082 803 2098; x_wconf 72' lang='grc' dir='ltr'><strong>ι</strong></span> <span class='ocrx_word' id='word_1_484' title='bbox 823 2074 856 2100; x_wconf 83' lang='grc' dir='ltr'>ὲκ</span> 
     </span>
    </p>
   </div>
   <div class='ocr_carea' id='block_1_62' title="bbox 63 2120 858 2154">
    <p class='ocr_par' dir='ltr' id='par_1_62' title="bbox 63 2120 858 2154">
     <span class='ocr_line' id='line_1_62' title="bbox 63 2120 858 2154; baseline 0.001 -8"><span class='ocrx_word' id='word_1_485' title='bbox 63 2120 118 2147; x_wconf 78' lang='grc' dir='ltr'>τῶν</span> <span class='ocrx_word' id='word_1_486' title='bbox 137 2120 212 2147; x_wconf 85' lang='grc' dir='ltr'>ίδίων</span> <span class='ocrx_word' id='word_1_487' title='bbox 225 2120 312 2148; x_wconf 82' lang='grc' dir='ltr'>λαλεῖ.</span> <span class='ocrx_word' id='word_1_488' title='bbox 336 2121 483 2149; x_wconf 76' lang='grc' dir='ltr'>Τουτέστιν</span> <span class='ocrx_word' id='word_1_489' title='bbox 498 2121 553 2147; x_wconf 76' lang='grc' dir='ltr'><strong>ἀπὸ</strong></span> <span class='ocrx_word' id='word_1_490' title='bbox 574 2120 678 2153; x_wconf 83' lang='grc' dir='ltr'>κοιλίας</span> <span class='ocrx_word' id='word_1_491' title='bbox 694 2122 793 2154; x_wconf 82' lang='grc' dir='ltr'>φωνεῖ,</span> <span class='ocrx_word' id='word_1_492' title='bbox 809 2120 858 2148; x_wconf 75' lang='grc' dir='ltr'>καὶ</span> 
     </span>
    </p>
   </div>
   <div class='ocr_carea' id='block_1_63' title="bbox 63 2166 857 2206">
    <p class='ocr_par' dir='ltr' id='par_1_63' title="bbox 63 2166 857 2206">
     <span class='ocr_line' id='line_1_63' title="bbox 63 2166 857 2206; baseline 0.001 -13"><span class='ocrx_word' id='word_1_493' title='bbox 63 2167 114 2194; x_wconf 75' lang='grc' dir='ltr'><strong>οὐκ</strong></span> <span class='ocrx_word' id='word_1_494' title='bbox 130 2168 164 2193; x_wconf 80' lang='grc' dir='ltr'>ὲκ</span> <span class='ocrx_word' id='word_1_495' title='bbox 178 2166 233 2193; x_wconf 85' lang='grc' dir='ltr'>τῶν</span> <span class='ocrx_word' id='word_1_496' title='bbox 252 2167 396 2202; x_wconf 82' lang='grc' dir='ltr'>κριμάτων</span> <span class='ocrx_word' id='word_1_497' title='bbox 413 2167 461 2194; x_wconf 84' lang='grc' dir='ltr'><strong>τοῦ</strong></span> <span class='ocrx_word' id='word_1_498' title='bbox 484 2167 652 2206; x_wconf 78' lang='grc' dir='ltr'>Πνεῦματος.</span> <span class='ocrx_word' id='word_1_499' title='bbox 668 2167 729 2194; x_wconf 83' lang='grc' dir='ltr'>’Ότι</span> <span class='ocrx_word' id='word_1_500' title='bbox 745 2167 774 2194; x_wconf 78' lang='grc' dir='ltr'>δὲ</span> <span class='ocrx_word' id='word_1_501' title='bbox 787 2166 857 2201; x_wconf 81' lang='grc' dir='ltr'><strong>ψεύ-</strong></span> 
     </span>
    </p>
   </div>
   <div class='ocr_carea' id='block_1_64' title="bbox 897 931 1688 967">
    <p class='ocr_par' dir='ltr' id='par_1_64' title="bbox 897 931 1688 967">
     <span class='ocr_line' id='line_1_64' title="bbox 897 931 1688 967; baseline -0.003 -9"><span class='ocrx_word' id='word_1_502' title='bbox 897 939 958 959; x_wconf 89' lang='lat' dir='ltr'><strong>sum</strong></span> <span class='ocrx_word' id='word_1_503' title='bbox 973 931 1111 958; x_wconf 84' lang='lat' dir='ltr'><strong>diabolum</strong></span> <span class='ocrx_word' id='word_1_504' title='bbox 1126 931 1268 964; x_wconf 86' lang='lat' dir='ltr'><strong>referetur,</strong></span> <span class='ocrx_word' id='word_1_505' title='bbox 1286 933 1332 967; x_wconf 93' lang='lat' dir='ltr'><strong>qui</strong></span> <span class='ocrx_word' id='word_1_506' title='bbox 1348 932 1441 966; x_wconf 79' lang='lat' dir='ltr'><strong>lingua</strong></span> <span class='ocrx_word' id='word_1_507' title='bbox 1473 939 1524 959; x_wconf 88' lang='lat' dir='ltr'><strong>sua</strong></span> <span class='ocrx_word' id='word_1_508' title='bbox 1550 931 1688 958; x_wconf 85' lang='lat' dir='ltr'><strong>Adamum</strong></span> 
     </span>
    </p>
   </div>
   <div class='ocr_carea' id='block_1_65' title="bbox 897 978 1690 1013">
    <p class='ocr_par' dir='ltr' id='par_1_65' title="bbox 897 978 1690 1013">
     <span class='ocr_line' id='line_1_65' title="bbox 897 978 1690 1013; baseline -0.001 -8"><span class='ocrx_word' id='word_1_509' title='bbox 897 978 1053 1012; x_wconf 82' lang='lat' dir='ltr'><strong>eparadiso</strong></span> <span class='ocrx_word' id='word_1_510' title='bbox 1077 978 1166 1013; x_wconf 88' lang='lat' dir='ltr'><strong>ejecit,</strong></span> <span class='ocrx_word' id='word_1_511' title='bbox 1195 979 1334 1013; x_wconf 89' lang='lat' dir='ltr'><strong>mortique</strong></span> <span class='ocrx_word' id='word_1_512' title='bbox 1350 983 1377 1005; x_wconf 88' lang='lat' dir='ltr'><strong>et</strong></span> <span class='ocrx_word' id='word_1_513' title='bbox 1404 978 1533 1012; x_wconf 83' lang='lat' dir='ltr'><strong>perniciei</strong></span> <span class='ocrx_word' id='word_1_514' title='bbox 1564 978 1690 1012; x_wconf 84' lang='lat' dir='ltr'><strong>pararius</strong></span> 
     </span>
    </p>
   </div>
   <div class='ocr_carea' id='block_1_66' title="bbox 897 1024 1691 1056">
    <p class='ocr_par' dir='ltr' id='par_1_66' title="bbox 897 1024 1691 1056">
     <span class='ocr_line' id='line_1_66' title="bbox 897 1024 1691 1056; baseline -0.004 -4"><span class='ocrx_word' id='word_1_515' title='bbox 897 1025 1021 1052; x_wconf 83' lang='lat' dir='ltr'><strong>exstitit?</strong></span> <span class='ocrx_word' id='word_1_516' title='bbox 1036 1024 1108 1051; x_wconf 87' lang='lat' dir='ltr'><strong>Deus</strong></span> <span class='ocrx_word' id='word_1_517' title='bbox 1133 1024 1205 1052; x_wconf 84' lang='lat' dir='ltr'><strong>enim</strong></span> <span class='ocrx_word' id='word_1_518' title='bbox 1239 1029 1353 1052; x_wconf 88' lang='lat' dir='ltr'><strong>mortem</strong></span> <span class='ocrx_word' id='word_1_519' title='bbox 1374 1032 1429 1052; x_wconf 86' lang='lat' dir='ltr'><strong>non</strong></span> <span class='ocrx_word' id='word_1_520' title='bbox 1461 1024 1583 1052; x_wconf 84' lang='lat' dir='ltr'><strong>condidit</strong></span> <span class='ocrx_word' id='word_1_521' title='bbox 1603 1031 1691 1056; x_wconf 85' lang='lat' dir='ltr'><strong>neque</strong></span> 
     </span>
    </p>
   </div>
   <div class='ocr_carea' id='block_1_67' title="bbox 897 1069 1690 1105">
    <p class='ocr_par' dir='ltr' id='par_1_67' title="bbox 897 1069 1690 1105">
     <span class='ocr_line' id='line_1_67' title="bbox 897 1069 1690 1105; baseline -0.003 -8"><span class='ocrx_word' id='word_1_522' title='bbox 897 1071 1049 1098; x_wconf 78' lang='lat' dir='ltr'><strong>viventium</strong></span> <span class='ocrx_word' id='word_1_523' title='bbox 1062 1070 1184 1105; x_wconf 79' lang='lat' dir='ltr'><strong>pernicie</strong></span> <span class='ocrx_word' id='word_1_524' title='bbox 1216 1070 1379 1102; x_wconf 76' lang='lat' dir='ltr'><strong>delectatur.</strong></span> <span class='ocrx_word' id='word_1_525' title='bbox 1410 1069 1478 1102; x_wconf 83' lang='lat' dir='ltr'><strong>Quis</strong></span> <span class='ocrx_word' id='word_1_526' title='bbox 1503 1074 1593 1096; x_wconf 85' lang='lat' dir='ltr'><strong>autem</strong></span> <span class='ocrx_word' id='word_1_527' title='bbox 1619 1069 1690 1096; x_wconf 79' lang='lat' dir='ltr'><strong>alius</strong></span> 
     </span>
    </p>
   </div>
   <div class='ocr_carea' id='block_1_68' title="bbox 898 1112 1692 1150">
    <p class='ocr_par' dir='ltr' id='par_1_68' title="bbox 898 1112 1692 1150">
     <span class='ocr_line' id='line_1_68' title="bbox 898 1112 1692 1150; baseline -0.006 -7"><span class='ocrx_word' id='word_1_528' title='bbox 898 1121 1014 1143; x_wconf 89' lang='lat' dir='ltr'><strong>mortem</strong></span> <span class='ocrx_word' id='word_1_529' title='bbox 1028 1124 1075 1150; x_wconf 88' lang='lat' dir='ltr'><strong>per</strong></span> <span class='ocrx_word' id='word_1_530' title='bbox 1103 1116 1275 1143; x_wconf 84' lang='lat' dir='ltr'><strong>mendacium</strong></span> <span class='ocrx_word' id='word_1_531' title='bbox 1303 1114 1460 1146; x_wconf 80' lang='lat' dir='ltr'><strong>fabricavit,</strong></span> <span class='ocrx_word' id='word_1_532' title='bbox 1487 1112 1692 1148; x_wconf 80' lang='lat' dir='ltr'><strong>perniciemque</strong></span> 
     </span>
    </p>
   </div>
   <div class='ocr_carea' id='block_1_69' title="bbox 897 1159 1693 1195">
    <p class='ocr_par' dir='ltr' id='par_1_69' title="bbox 897 1159 1693 1195">
     <span class='ocr_line' id='line_1_69' title="bbox 897 1159 1693 1195; baseline -0.008 -5"><span class='ocrx_word' id='word_1_533' title='bbox 897 1161 1051 1190; x_wconf 83' lang='lat' dir='ltr'><strong>visceribus</strong></span> <span class='ocrx_word' id='word_1_534' title='bbox 1068 1161 1163 1189; x_wconf 78' lang='lat' dir='ltr'><strong>Adami</strong></span> <span class='ocrx_word' id='word_1_535' title='bbox 1177 1162 1278 1193; x_wconf 81' lang='lat' dir='ltr'><strong>attulit,</strong></span> <span class='ocrx_word' id='word_1_536' title='bbox 1304 1161 1357 1188; x_wconf 86' lang='lat' dir='ltr'><strong>nisi</strong></span> <span class='ocrx_word' id='word_1_537' title='bbox 1374 1160 1408 1193; x_wconf 91' lang='lat' dir='ltr'><strong>is,</strong></span> <span class='ocrx_word' id='word_1_538' title='bbox 1423 1159 1471 1195; x_wconf 89' lang='lat' dir='ltr'><strong>qui</strong></span> <span class='ocrx_word' id='word_1_539' title='bbox 1498 1163 1608 1194; x_wconf 83' lang='lat' dir='ltr'><strong>sumpto</strong></span> <span class='ocrx_word' id='word_1_540' title='bbox 1637 1166 1693 1185; x_wconf 85' lang='lat' dir='ltr'><strong>ser-</strong></span> 
     </span>
    </p>
   </div>
   <div class='ocr_carea' id='block_1_70' title="bbox 897 1203 1693 1243">
    <p class='ocr_par' dir='ltr' id='par_1_70' title="bbox 897 1203 1693 1243">
     <span class='ocr_line' id='line_1_70' title="bbox 897 1203 1693 1243; baseline -0.005 -9"><span class='ocrx_word' id='word_1_541' title='bbox 897 1207 986 1243; x_wconf 88' lang='lat' dir='ltr'><strong>pentis</strong></span> <span class='ocrx_word' id='word_1_542' title='bbox 1003 1207 1108 1240; x_wconf 89' lang='lat' dir='ltr'><strong>habitu,</strong></span> <span class='ocrx_word' id='word_1_543' title='bbox 1129 1215 1178 1242; x_wconf 89' lang='lat' dir='ltr'><strong>per</strong></span> <span class='ocrx_word' id='word_1_544' title='bbox 1201 1207 1291 1241; x_wconf 89' lang='lat' dir='ltr'><strong>ipsum</strong></span> <span class='ocrx_word' id='word_1_545' title='bbox 1320 1207 1396 1233; x_wconf 92' lang='lat' dir='ltr'><strong>illum</strong></span> <span class='ocrx_word' id='word_1_546' title='bbox 1426 1204 1600 1232; x_wconf 78' lang='lat' dir='ltr'><strong>mortiferum</strong></span> <span class='ocrx_word' id='word_1_547' title='bbox 1632 1203 1693 1231; x_wconf 86' lang='lat' dir='ltr'><strong>bla-</strong></span> 
     </span>
    </p>
   </div>
   <div class='ocr_carea' id='block_1_71' title="bbox 898 1249 1690 1289">
    <p class='ocr_par' dir='ltr' id='par_1_71' title="bbox 898 1249 1690 1289">
     <span class='ocr_line' id='line_1_71' title="bbox 898 1249 1690 1289; baseline -0.006 -8"><span class='ocrx_word' id='word_1_548' title='bbox 898 1254 1038 1289; x_wconf 69' lang='lat' dir='ltr'><strong>sphemiae,</strong></span> <span class='ocrx_word' id='word_1_549' title='bbox 1046 1254 1073 1281; x_wconf 91' lang='lat' dir='ltr'><strong>in</strong></span> <span class='ocrx_word' id='word_1_550' title='bbox 1081 1253 1165 1281; x_wconf 87' lang='lat' dir='ltr'><strong>Deum</strong></span> <span class='ocrx_word' id='word_1_551' title='bbox 1175 1254 1316 1289; x_wconf 75' lang='lat' dir='ltr'><strong>conjectae,</strong></span> <span class='ocrx_word' id='word_1_552' title='bbox 1325 1260 1457 1280; x_wconf 86' lang='lat' dir='ltr'><strong>venenum</strong></span> <span class='ocrx_word' id='word_1_553' title='bbox 1467 1251 1585 1287; x_wconf 92' lang='lat' dir='ltr'><strong>primum</strong></span> <span class='ocrx_word' id='word_1_554' title='bbox 1598 1249 1690 1283; x_wconf 77' lang='lat' dir='ltr'><strong>uxori,</strong></span> 
     </span>
    </p>
   </div>
   <div class='ocr_carea' id='block_1_72' title="bbox 898 1299 1396 1334">
    <p class='ocr_par' dir='ltr' id='par_1_72' title="bbox 898 1299 1396 1334">
     <span class='ocr_line' id='line_1_72' title="bbox 898 1299 1396 1334; baseline -0.002 -7"><span class='ocrx_word' id='word_1_555' title='bbox 898 1300 997 1328; x_wconf 86' lang='lat' dir='ltr'><strong>deinde</strong></span> <span class='ocrx_word' id='word_1_556' title='bbox 1011 1308 1058 1334; x_wconf 86' lang='lat' dir='ltr'><strong>per</strong></span> <span class='ocrx_word' id='word_1_557' title='bbox 1070 1308 1129 1328; x_wconf 87' lang='lat' dir='ltr'><strong>eam</strong></span> <span class='ocrx_word' id='word_1_558' title='bbox 1145 1299 1251 1327; x_wconf 86' lang='lat' dir='ltr'><strong>Adamo</strong></span> <span class='ocrx_word' id='word_1_559' title='bbox 1266 1299 1396 1326; x_wconf 86' lang='lat' dir='ltr'><strong>miscuit?</strong></span> 
     </span>
    </p>
   </div>
   <div class='ocr_carea' id='block_1_73' title="bbox 933 1343 1691 1380">
    <p class='ocr_par' dir='ltr' id='par_1_73' title="bbox 933 1343 1691 1380">
     <span class='ocr_line' id='line_1_73' title="bbox 933 1343 1691 1380; baseline -0.007 -7"><span class='ocrx_word' id='word_1_560' title='bbox 933 1347 973 1374; x_wconf 83' lang='lat' dir='ltr'><strong>Ex</strong></span> <span class='ocrx_word' id='word_1_561' title='bbox 989 1347 1032 1374; x_wconf 91' lang='lat' dir='ltr'><strong>his</strong></span> <span class='ocrx_word' id='word_1_562' title='bbox 1047 1347 1138 1380; x_wconf 87' lang='lat' dir='ltr'><strong>itaque</strong></span> <span class='ocrx_word' id='word_1_563' title='bbox 1153 1345 1281 1373; x_wconf 89' lang='lat' dir='ltr'><strong>omnibus</strong></span> <span class='ocrx_word' id='word_1_564' title='bbox 1294 1345 1410 1379; x_wconf 83' lang='lat' dir='ltr'><strong>aliisque</strong></span> <span class='ocrx_word' id='word_1_565' title='bbox 1429 1343 1577 1375; x_wconf 90' lang='lat' dir='ltr'><strong>similibus,</strong></span> <span class='ocrx_word' id='word_1_566' title='bbox 1602 1349 1691 1377; x_wconf 87' lang='lat' dir='ltr'><strong>appa-</strong></span> 
     </span>
    </p>
   </div>
   <div class='ocr_carea' id='block_1_74' title="bbox 899 1388 1691 1422">
    <p class='ocr_par' dir='ltr' id='par_1_74' title="bbox 899 1388 1691 1422">
     <span class='ocr_line' id='line_1_74' title="bbox 899 1388 1691 1422; baseline -0.006 -3"><span class='ocrx_word' id='word_1_567' title='bbox 899 1397 941 1419; x_wconf 89' lang='lat' dir='ltr'><strong>ret</strong></span> <span class='ocrx_word' id='word_1_568' title='bbox 958 1392 1109 1419; x_wconf 89' lang='lat' dir='ltr'><strong>Salvatoris</strong></span> <span class='ocrx_word' id='word_1_569' title='bbox 1125 1391 1212 1418; x_wconf 89' lang='lat' dir='ltr'><strong>nostri</strong></span> <span class='ocrx_word' id='word_1_570' title='bbox 1233 1391 1314 1419; x_wconf 84' lang='lat' dir='ltr'><strong>verba</strong></span> <span class='ocrx_word' id='word_1_571' title='bbox 1346 1390 1380 1417; x_wconf 89' lang='lat' dir='ltr'><strong>de</strong></span> <span class='ocrx_word' id='word_1_572' title='bbox 1398 1389 1509 1416; x_wconf 87' lang='lat' dir='ltr'><strong>diabolo</strong></span> <span class='ocrx_word' id='word_1_573' title='bbox 1531 1388 1622 1422; x_wconf 82' lang='lat' dir='ltr'><strong>accipi</strong></span> <span class='ocrx_word' id='word_1_574' title='bbox 1642 1388 1691 1414; x_wconf 92' lang='lat' dir='ltr'><strong>de-</strong></span> 
     </span>
    </p>
   </div>
   <div class='ocr_carea' id='block_1_75' title="bbox 900 1434 1691 1471">
    <p class='ocr_par' dir='ltr' id='par_1_75' title="bbox 900 1434 1691 1471">
     <span class='ocr_line' id='line_1_75' title="bbox 900 1434 1691 1471; baseline -0.006 -7"><span class='ocrx_word' id='word_1_575' title='bbox 900 1437 973 1466; x_wconf 84' lang='lat' dir='ltr'><strong>bere.</strong></span> <span class='ocrx_word' id='word_1_576' title='bbox 993 1444 1111 1471; x_wconf 89' lang='lat' dir='ltr'><strong>eumque</strong></span> <span class='ocrx_word' id='word_1_577' title='bbox 1135 1436 1205 1463; x_wconf 91' lang='lat' dir='ltr'><strong>male</strong></span> <span class='ocrx_word' id='word_1_578' title='bbox 1229 1435 1388 1463; x_wconf 79' lang='lat' dir='ltr'><strong>feriatorum</strong></span> <span class='ocrx_word' id='word_1_579' title='bbox 1409 1434 1566 1462; x_wconf 75' lang='lat' dir='ltr'><strong>Judzeorum</strong></span> <span class='ocrx_word' id='word_1_580' title='bbox 1586 1438 1691 1467; x_wconf 78' lang='lat' dir='ltr'><strong>patrem</strong></span> 
     </span>
    </p>
   </div>
   <div class='ocr_carea' id='block_1_76' title="bbox 900 1478 1693 1517">
    <p class='ocr_par' dir='ltr' id='par_1_76' title="bbox 900 1478 1693 1517">
     <span class='ocr_line' id='line_1_76' title="bbox 900 1478 1693 1517; baseline -0.006 -8"><span class='ocrx_word' id='word_1_581' title='bbox 900 1482 1042 1517; x_wconf 88' lang='lat' dir='ltr'><strong>appellari.</strong></span> <span class='ocrx_word' id='word_1_582' title='bbox 1056 1481 1124 1509; x_wconf 83' lang='lat' dir='ltr'><strong>Nam</strong></span> <span class='ocrx_word' id='word_1_583' title='bbox 1135 1487 1162 1509; x_wconf 89' lang='lat' dir='ltr'><strong>et</strong></span> <span class='ocrx_word' id='word_1_584' title='bbox 1176 1481 1213 1508; x_wconf 91' lang='lat' dir='ltr'><strong>illi</strong></span> <span class='ocrx_word' id='word_1_585' title='bbox 1227 1480 1312 1508; x_wconf 89' lang='lat' dir='ltr'><strong>Deum</strong></span> <span class='ocrx_word' id='word_1_586' title='bbox 1329 1485 1434 1516; x_wconf 82' lang='lat' dir='ltr'><strong>patrem</strong></span> <span class='ocrx_word' id='word_1_587' title='bbox 1447 1486 1527 1507; x_wconf 89' lang='lat' dir='ltr'><strong>suum</strong></span> <span class='ocrx_word' id='word_1_588' title='bbox 1544 1478 1693 1505; x_wconf 76' lang='lat' dir='ltr'><strong>ambitiose</strong></span> 
     </span>
    </p>
   </div>
   <div class='ocr_carea' id='block_1_77' title="bbox 901 1524 1691 1562">
    <p class='ocr_par' dir='ltr' id='par_1_77' title="bbox 901 1524 1691 1562">
     <span class='ocr_line' id='line_1_77' title="bbox 901 1524 1691 1562; baseline -0.006 -7"><span class='ocrx_word' id='word_1_589' title='bbox 901 1528 1045 1560; x_wconf 83' lang='lat' dir='ltr'><strong>vocabant,</strong></span> <span class='ocrx_word' id='word_1_590' title='bbox 1061 1529 1187 1562; x_wconf 89' lang='lat' dir='ltr'><strong>interque</strong></span> <span class='ocrx_word' id='word_1_591' title='bbox 1202 1527 1271 1555; x_wconf 89' lang='lat' dir='ltr'><strong>ﬁlios</strong></span> <span class='ocrx_word' id='word_1_592' title='bbox 1288 1527 1348 1562; x_wconf 84' lang='lat' dir='ltr'><strong>ejus</strong></span> <span class='ocrx_word' id='word_1_593' title='bbox 1369 1525 1510 1553; x_wconf 87' lang='lat' dir='ltr'><strong>numerari</strong></span> <span class='ocrx_word' id='word_1_594' title='bbox 1532 1524 1691 1560; x_wconf 86' lang='lat' dir='ltr'><strong>cupiebant.</strong></span> 
     </span>
    </p>
   </div>
   <div class='ocr_carea' id='block_1_78' title="bbox 901 1571 1694 1609">
    <p class='ocr_par' dir='ltr' id='par_1_78' title="bbox 901 1571 1694 1609">
     <span class='ocr_line' id='line_1_78' title="bbox 901 1571 1694 1609; baseline -0.008 -6"><span class='ocrx_word' id='word_1_595' title='bbox 901 1575 1023 1609; x_wconf 84' lang='lat' dir='ltr'><strong>Cumque</strong></span> <span class='ocrx_word' id='word_1_596' title='bbox 1039 1574 1167 1601; x_wconf 81' lang='lat' dir='ltr'><strong>Servatur</strong></span> <span class='ocrx_word' id='word_1_597' title='bbox 1190 1579 1284 1602; x_wconf 88' lang='lat' dir='ltr'><strong>noster</strong></span> <span class='ocrx_word' id='word_1_598' title='bbox 1297 1581 1454 1602; x_wconf 87' lang='lat' dir='ltr'><strong>sermonem</strong></span> <span class='ocrx_word' id='word_1_599' title='bbox 1472 1573 1546 1599; x_wconf 92' lang='lat' dir='ltr'><strong>hunc</strong></span> <span class='ocrx_word' id='word_1_600' title='bbox 1562 1579 1643 1599; x_wconf 88' lang='lat' dir='ltr'><strong>suum</strong></span> <span class='ocrx_word' id='word_1_601' title='bbox 1664 1571 1694 1598; x_wconf 81' lang='lat' dir='ltr'><strong>in</strong></span> 
     </span>
    </p>
   </div>
   <div class='ocr_carea' id='block_1_79' title="bbox 901 1617 1698 1655">
    <p class='ocr_par' dir='ltr' id='par_1_79' title="bbox 901 1617 1698 1655">
     <span class='ocr_line' id='line_1_79' title="bbox 901 1617 1698 1655; baseline -0.006 -7"><span class='ocrx_word' id='word_1_602' title='bbox 901 1622 956 1649; x_wconf 92' lang='lat' dir='ltr'><strong>duo</strong></span> <span class='ocrx_word' id='word_1_603' title='bbox 972 1620 1095 1648; x_wconf 87' lang='lat' dir='ltr'><strong>membra</strong></span> <span class='ocrx_word' id='word_1_604' title='bbox 1110 1619 1272 1655; x_wconf 81' lang='lat' dir='ltr'><strong>distinguat,</strong></span> <span class='ocrx_word' id='word_1_605' title='bbox 1291 1619 1407 1646; x_wconf 87' lang='lat' dir='ltr'><strong>alterum</strong></span> <span class='ocrx_word' id='word_1_606' title='bbox 1422 1619 1499 1645; x_wconf 83' lang='lat' dir='ltr'><strong>alteri</strong></span> <span class='ocrx_word' id='word_1_607' title='bbox 1515 1617 1615 1645; x_wconf 88' lang='lat' dir='ltr'><strong>deinde</strong></span> <span class='ocrx_word' id='word_1_608' title='bbox 1630 1623 1698 1643; x_wconf 83' lang='lat' dir='ltr'><strong>con-</strong></span> 
     </span>
    </p>
   </div>
   <div class='ocr_carea' id='block_1_80' title="bbox 903 1661 1695 1700">
    <p class='ocr_par' dir='ltr' id='par_1_80' title="bbox 903 1661 1695 1700">
     <span class='ocr_line' id='line_1_80' title="bbox 903 1661 1695 1700; baseline -0.008 -7"><span class='ocrx_word' id='word_1_609' title='bbox 903 1666 995 1698; x_wconf 83' lang='lat' dir='ltr'><strong>nectit,</strong></span> <span class='ocrx_word' id='word_1_610' title='bbox 1012 1674 1085 1693; x_wconf 89' lang='lat' dir='ltr'><strong>nunc</strong></span> <span class='ocrx_word' id='word_1_611' title='bbox 1104 1665 1213 1700; x_wconf 87' lang='lat' dir='ltr'><strong>quidem</strong></span> <span class='ocrx_word' id='word_1_612' title='bbox 1226 1663 1366 1691; x_wconf 88' lang='lat' dir='ltr'><strong>diabolum</strong></span> <span class='ocrx_word' id='word_1_613' title='bbox 1386 1663 1488 1698; x_wconf 88' lang='lat' dir='ltr'><strong>priore,</strong></span> <span class='ocrx_word' id='word_1_614' title='bbox 1504 1661 1616 1689; x_wconf 71' lang='lat' dir='ltr'><strong>Judaros</strong></span> <span class='ocrx_word' id='word_1_615' title='bbox 1628 1668 1695 1688; x_wconf 87' lang='lat' dir='ltr'><strong>vero</strong></span> 
     </span>
    </p>
   </div>
   <div class='ocr_carea' id='block_1_81' title="bbox 902 1705 1696 1747">
    <p class='ocr_par' dir='ltr' id='par_1_81' title="bbox 902 1705 1696 1747">
     <span class='ocr_line' id='line_1_81' title="bbox 902 1705 1696 1747; baseline -0.008 -9"><span class='ocrx_word' id='word_1_616' title='bbox 902 1713 1053 1747; x_wconf 81' lang='lat' dir='ltr'><strong>posteriore</strong></span> <span class='ocrx_word' id='word_1_617' title='bbox 1085 1711 1146 1738; x_wconf 89' lang='lat' dir='ltr'><strong>loco</strong></span> <span class='ocrx_word' id='word_1_618' title='bbox 1175 1710 1331 1743; x_wconf 87' lang='lat' dir='ltr'><strong>collocans;</strong></span> <span class='ocrx_word' id='word_1_619' title='bbox 1362 1716 1436 1736; x_wconf 91' lang='lat' dir='ltr'><strong>nunc</strong></span> <span class='ocrx_word' id='word_1_620' title='bbox 1461 1713 1554 1735; x_wconf 86' lang='lat' dir='ltr'><strong>autem</strong></span> <span class='ocrx_word' id='word_1_621' title='bbox 1585 1705 1696 1733; x_wconf 68' lang='lat' dir='ltr'><strong>Judaeos</strong></span> 
     </span>
    </p>
   </div>
   <div class='ocr_carea' id='block_1_82' title="bbox 904 1751 1692 1793">
    <p class='ocr_par' dir='ltr' id='par_1_82' title="bbox 904 1751 1692 1793">
     <span class='ocr_line' id='line_1_82' title="bbox 904 1751 1692 1793; baseline -0.011 -8"><span class='ocrx_word' id='word_1_622' title='bbox 904 1765 1076 1793; x_wconf 71' lang='lat' dir='ltr'><strong>praapouens,</strong></span> <span class='ocrx_word' id='word_1_623' title='bbox 1095 1756 1235 1784; x_wconf 89' lang='lat' dir='ltr'><strong>diabolum</strong></span> <span class='ocrx_word' id='word_1_624' title='bbox 1255 1762 1320 1782; x_wconf 88' lang='lat' dir='ltr'><strong>vero</strong></span> <span class='ocrx_word' id='word_1_625' title='bbox 1342 1754 1524 1788; x_wconf 75' lang='lat' dir='ltr'><strong>subjungens.</strong></span> <span class='ocrx_word' id='word_1_626' title='bbox 1544 1751 1692 1786; x_wconf 86' lang='lat' dir='ltr'><strong>Propterea</strong></span> 
     </span>
    </p>
   </div>
   <div class='ocr_carea' id='block_1_83' title="bbox 903 1796 1695 1830">
    <p class='ocr_par' dir='ltr' id='par_1_83' title="bbox 903 1796 1695 1830">
     <span class='ocr_line' id='line_1_83' title="bbox 903 1796 1695 1830; baseline -0.013 0"><span class='ocrx_word' id='word_1_627' title='bbox 903 1810 964 1830; x_wconf 88' lang='lat' dir='ltr'><strong>cum</strong></span> <span class='ocrx_word' id='word_1_628' title='bbox 981 1801 1014 1828; x_wconf 87' lang='lat' dir='ltr'><strong>de</strong></span> <span class='ocrx_word' id='word_1_629' title='bbox 1031 1801 1141 1828; x_wconf 85' lang='lat' dir='ltr'><strong>diabolo</strong></span> <span class='ocrx_word' id='word_1_630' title='bbox 1158 1804 1237 1826; x_wconf 76' lang='lat' dir='ltr'><strong>antea</strong></span> <span class='ocrx_word' id='word_1_631' title='bbox 1260 1799 1438 1826; x_wconf 86' lang='lat' dir='ltr'><strong>disseruisset</strong></span> <span class='ocrx_word' id='word_1_632' title='bbox 1458 1801 1485 1824; x_wconf 89' lang='lat' dir='ltr'><strong>et</strong></span> <span class='ocrx_word' id='word_1_633' title='bbox 1502 1804 1534 1823; x_wconf 87' lang='lat' dir='ltr'><strong>ex</strong></span> <span class='ocrx_word' id='word_1_634' title='bbox 1552 1796 1695 1822; x_wconf 86' lang='lat' dir='ltr'><strong>actionum</strong></span> 
     </span>
    </p>
   </div>
   <div class='ocr_carea' id='block_1_84' title="bbox 904 1841 1698 1876">
    <p class='ocr_par' dir='ltr' id='par_1_84' title="bbox 904 1841 1698 1876">
     <span class='ocr_line' id='line_1_84' title="bbox 904 1841 1698 1876; baseline -0.011 0"><span class='ocrx_word' id='word_1_635' title='bbox 904 1847 1094 1876; x_wconf 77' lang='lat' dir='ltr'><strong>convenientia</strong></span> <span class='ocrx_word' id='word_1_636' title='bbox 1111 1850 1138 1874; x_wconf 88' lang='lat' dir='ltr'><strong>et</strong></span> <span class='ocrx_word' id='word_1_637' title='bbox 1150 1845 1282 1873; x_wconf 84' lang='lat' dir='ltr'><strong>allinilate</strong></span> <span class='ocrx_word' id='word_1_638' title='bbox 1298 1844 1409 1872; x_wconf 73' lang='lat' dir='ltr'><strong>Judaeos</strong></span> <span class='ocrx_word' id='word_1_639' title='bbox 1423 1843 1535 1870; x_wconf 86' lang='lat' dir='ltr'><strong>Patrem</strong></span> <span class='ocrx_word' id='word_1_640' title='bbox 1558 1842 1635 1869; x_wconf 93' lang='lat' dir='ltr'><strong>illum</strong></span> <span class='ocrx_word' id='word_1_641' title='bbox 1649 1841 1698 1868; x_wconf 89' lang='lat' dir='ltr'><strong>ha-</strong></span> 
     </span>
    </p>
   </div>
   <div class='ocr_carea' id='block_1_85' title="bbox 904 1889 1698 1925">
    <p class='ocr_par' dir='ltr' id='par_1_85' title="bbox 904 1889 1698 1925">
     <span class='ocr_line' id='line_1_85' title="bbox 904 1889 1698 1925; baseline -0.011 -3"><span class='ocrx_word' id='word_1_642' title='bbox 904 1894 969 1922; x_wconf 86' lang='lat' dir='ltr'><strong>bere</strong></span> <span class='ocrx_word' id='word_1_643' title='bbox 979 1893 1156 1925; x_wconf 89' lang='lat' dir='ltr'><strong>ostendisset,</strong></span> <span class='ocrx_word' id='word_1_644' title='bbox 1171 1899 1235 1919; x_wconf 78' lang='lat' dir='ltr'><strong>mox</strong></span> <span class='ocrx_word' id='word_1_645' title='bbox 1253 1891 1288 1919; x_wconf 88' lang='lat' dir='ltr'><strong>ad</strong></span> <span class='ocrx_word' id='word_1_646' title='bbox 1310 1890 1420 1918; x_wconf 71' lang='lat' dir='ltr'><strong>Judaaos</strong></span> <span class='ocrx_word' id='word_1_647' title='bbox 1443 1889 1518 1924; x_wconf 88' lang='lat' dir='ltr'><strong>ipsos</strong></span> <span class='ocrx_word' id='word_1_648' title='bbox 1538 1889 1698 1920; x_wconf 84' lang='lat' dir='ltr'><strong>revertitur,</strong></span> 
     </span>
    </p>
   </div>
   <div class='ocr_carea' id='block_1_86' title="bbox 906 1933 1697 1974">
    <p class='ocr_par' dir='ltr' id='par_1_86' title="bbox 906 1933 1697 1974">
     <span class='ocr_line' id='line_1_86' title="bbox 906 1933 1697 1974; baseline -0.011 -8"><span class='ocrx_word' id='word_1_649' title='bbox 906 1947 921 1966; x_wconf 88' lang='lat' dir='ltr'><strong>a</strong></span> <span class='ocrx_word' id='word_1_650' title='bbox 937 1939 1039 1974; x_wconf 91' lang='lat' dir='ltr'><strong>quibus</strong></span> <span class='ocrx_word' id='word_1_651' title='bbox 1050 1938 1140 1965; x_wconf 87' lang='lat' dir='ltr'><strong>omnis</strong></span> <span class='ocrx_word' id='word_1_652' title='bbox 1150 1937 1196 1964; x_wconf 90' lang='lat' dir='ltr'><strong>illa</strong></span> <span class='ocrx_word' id='word_1_653' title='bbox 1206 1941 1269 1963; x_wconf 84' lang='lat' dir='ltr'><strong>nata</strong></span> <span class='ocrx_word' id='word_1_654' title='bbox 1285 1939 1344 1963; x_wconf 91' lang='lat' dir='ltr'><strong>erat</strong></span> <span class='ocrx_word' id='word_1_655' title='bbox 1354 1934 1514 1969; x_wconf 86' lang='lat' dir='ltr'><strong>disputatio.</strong></span> <span class='ocrx_word' id='word_1_656' title='bbox 1527 1933 1574 1960; x_wconf 84' lang='lat' dir='ltr'><strong>Ait</strong></span> <span class='ocrx_word' id='word_1_657' title='bbox 1587 1933 1697 1966; x_wconf 85' lang='lat' dir='ltr'><strong>itaque:</strong></span> 
     </span>
    </p>
   </div>
   <div class='ocr_carea' id='block_1_87' title="bbox 910 1980 1700 2019">
    <p class='ocr_par' dir='ltr' id='par_1_87' title="bbox 910 1980 1700 2019">
     <span class='ocr_line' id='line_1_87' title="bbox 910 1980 1700 2019; baseline -0.009 -7"><span class='ocrx_word' id='word_1_658' title='bbox 910 1985 1025 2019; x_wconf 87' lang='lat' dir='ltr'><strong>Quando</strong></span> <span class='ocrx_word' id='word_1_659' title='bbox 1035 1983 1146 2011; x_wconf 62' lang='lat' dir='ltr'><strong>Judazus</strong></span> <span class='ocrx_word' id='word_1_660' title='bbox 1158 1982 1331 2010; x_wconf 87' lang='lat' dir='ltr'><strong>mendacium</strong></span> <span class='ocrx_word' id='word_1_661' title='bbox 1345 1980 1460 2016; x_wconf 84' lang='lat' dir='ltr'><strong>profert,</strong></span> <span class='ocrx_word' id='word_1_662' title='bbox 1469 1980 1541 2007; x_wconf 88' lang='lat' dir='ltr'><strong>sicut</strong></span> <span class='ocrx_word' id='word_1_663' title='bbox 1554 1986 1612 2012; x_wconf 88' lang='lat' dir='ltr'><strong>vos,</strong></span> <span class='ocrx_word' id='word_1_664' title='bbox 1626 1986 1700 2005; x_wconf 91' lang='lat' dir='ltr'><strong>nunc</strong></span> 
     </span>
    </p>
   </div>
   <div class='ocr_carea' id='block_1_88' title="bbox 907 2025 1700 2067">
    <p class='ocr_par' dir='ltr' id='par_1_88' title="bbox 907 2025 1700 2067">
     <span class='ocr_line' id='line_1_88' title="bbox 907 2025 1700 2067; baseline -0.01 -8"><span class='ocrx_word' id='word_1_665' title='bbox 907 2031 1016 2067; x_wconf 90' lang='lat' dir='ltr'><strong>quidem</strong></span> <span class='ocrx_word' id='word_1_666' title='bbox 1026 2031 1158 2061; x_wconf 83' lang='lat' dir='ltr'><strong>dicentes,</strong></span> <span class='ocrx_word' id='word_1_667' title='bbox 1170 2038 1179 2054; x_wconf 75' lang='grc' dir='ltr'><strong>ι</strong></span> <span class='ocrx_word' id='word_1_668' title='bbox 1191 2027 1299 2055; x_wconf 84' lang='lat' dir='ltr'><strong>Patrem</strong></span> <span class='ocrx_word' id='word_1_669' title='bbox 1311 2027 1443 2054; x_wconf 84' lang='lat' dir='ltr'><strong>habemus</strong></span> <span class='ocrx_word' id='word_1_670' title='bbox 1452 2025 1547 2058; x_wconf 90' lang='lat' dir='ltr'><strong>Deum,</strong></span> <span class='ocrx_word' id='word_1_671' title='bbox 1563 2035 1572 2052; x_wconf 74' lang='grc' dir='ltr'><strong>ι</strong></span> <span class='ocrx_word' id='word_1_672' title='bbox 1585 2030 1623 2056; x_wconf 90' lang='lat' dir='ltr'><strong>et,</strong></span> <span class='ocrx_word' id='word_1_673' title='bbox 1636 2032 1700 2059; x_wconf 72' lang='lat' dir='ltr'><strong>ipa-</strong></span> 
     </span>
    </p>
   </div>
   <div class='ocr_carea' id='block_1_89' title="bbox 908 2071 1702 2108">
    <p class='ocr_par' dir='ltr' id='par_1_89' title="bbox 908 2071 1702 2108">
     <span class='ocr_line' id='line_1_89' title="bbox 908 2071 1702 2108; baseline -0.011 -3"><span class='ocrx_word' id='word_1_674' title='bbox 908 2082 977 2105; x_wconf 90' lang='lat' dir='ltr'><strong>trem</strong></span> <span class='ocrx_word' id='word_1_675' title='bbox 996 2077 1129 2104; x_wconf 87' lang='lat' dir='ltr'><strong>habemus</strong></span> <span class='ocrx_word' id='word_1_676' title='bbox 1144 2075 1330 2103; x_wconf 82' lang='lat' dir='ltr'><strong>Abrahamum</strong></span> <span class='ocrx_word' id='word_1_677' title='bbox 1346 2073 1370 2106; x_wconf 86' lang='grc'>⁸,</span> <span class='ocrx_word' id='word_1_678' title='bbox 1387 2083 1397 2099; x_wconf 78' lang='grc' dir='ltr'><strong>ι</strong></span> <span class='ocrx_word' id='word_1_679' title='bbox 1417 2073 1451 2101; x_wconf 91' lang='lat' dir='ltr'><strong>de</strong></span> <span class='ocrx_word' id='word_1_680' title='bbox 1474 2071 1594 2108; x_wconf 88' lang='lat' dir='ltr'><strong>propriis</strong></span> <span class='ocrx_word' id='word_1_681' title='bbox 1610 2071 1702 2106; x_wconf 90' lang='lat' dir='ltr'><strong>loqui-</strong></span> 
     </span>
    </p>
   </div>
   <div class='ocr_carea' id='block_1_90' title="bbox 909 2117 1700 2158">
    <p class='ocr_par' dir='ltr' id='par_1_90' title="bbox 909 2117 1700 2158">
     <span class='ocr_line' id='line_1_90' title="bbox 909 2117 1700 2158; baseline -0.011 -5"><span class='ocrx_word' id='word_1_682' title='bbox 909 2129 964 2158; x_wconf 91' lang='lat' dir='ltr'><strong>tur,</strong></span> <span class='ocrx_word' id='word_1_683' title='bbox 983 2125 1039 2152; x_wconf 91' lang='lat' dir='ltr'><strong>hoc</strong></span> <span class='ocrx_word' id='word_1_684' title='bbox 1050 2129 1103 2157; x_wconf 85' lang='lat' dir='ltr'><strong>est,</strong></span> <span class='ocrx_word' id='word_1_685' title='bbox 1112 2130 1145 2151; x_wconf 80' lang='lat' dir='ltr'><strong>ex</strong></span> <span class='ocrx_word' id='word_1_686' title='bbox 1157 2126 1253 2150; x_wconf 86' lang='lat' dir='ltr'><strong>ventre</strong></span> <span class='ocrx_word' id='word_1_687' title='bbox 1266 2129 1328 2155; x_wconf 84' lang='lat' dir='ltr'><strong>suo,</strong></span> <span class='ocrx_word' id='word_1_688' title='bbox 1340 2129 1395 2148; x_wconf 90' lang='lat' dir='ltr'><strong>non</strong></span> <span class='ocrx_word' id='word_1_689' title='bbox 1411 2125 1503 2148; x_wconf 87' lang='lat' dir='ltr'><strong>autem</strong></span> <span class='ocrx_word' id='word_1_690' title='bbox 1518 2127 1553 2146; x_wconf 82' lang='lat' dir='ltr'><strong>ex</strong></span> <span class='ocrx_word' id='word_1_691' title='bbox 1565 2117 1700 2146; x_wconf 86' lang='lat' dir='ltr'><strong>sententia</strong></span> 
     </span>
    </p>
   </div>
   <div class='ocr_carea' id='block_1_91' title="bbox 911 2162 1700 2205">
    <p class='ocr_par' dir='ltr' id='par_1_91' title="bbox 911 2162 1700 2205">
     <span class='ocr_line' id='line_1_91' title="bbox 911 2162 1700 2205; baseline -0.01 -8"><span class='ocrx_word' id='word_1_692' title='bbox 911 2169 1031 2205; x_wconf 87' lang='lat' dir='ltr'><strong>Spiritus</strong></span> <span class='ocrx_word' id='word_1_693' title='bbox 1061 2168 1192 2204; x_wconf 88' lang='lat' dir='ltr'><strong>l0quitur.</strong></span> <span class='ocrx_word' id='word_1_694' title='bbox 1224 2167 1303 2200; x_wconf 85' lang='lat' dir='ltr'><strong>Quod</strong></span> <span class='ocrx_word' id='word_1_695' title='bbox 1329 2173 1394 2193; x_wconf 90' lang='lat' dir='ltr'><strong>vero</strong></span> <span class='ocrx_word' id='word_1_696' title='bbox 1430 2165 1514 2192; x_wconf 91' lang='lat' dir='ltr'><strong>homo</strong></span> <span class='ocrx_word' id='word_1_697' title='bbox 1541 2162 1700 2198; x_wconf 82' lang='lat' dir='ltr'><strong>hujusmodi</strong></span> 
     </span>
    </p>
   </div>
   <div class='ocr_carea' id='block_1_92' title="bbox 65 2209 848 2248">
    <p class='ocr_par' dir='ltr' id='par_1_92' title="bbox 65 2211 841 2246">
     <span class='ocr_line' id='line_1_92' title="bbox 65 2211 841 2246; baseline 0.001 -8"><span class='ocrx_word' id='word_1_698' title='bbox 65 2221 132 2246; x_wconf 82' lang='grc' dir='ltr'>στης</span> <span class='ocrx_word' id='word_1_699' title='bbox 144 2213 203 2239; x_wconf 68' lang='grc' dir='ltr'>ἐστὶ</span> <span class='ocrx_word' id='word_1_700' title='bbox 212 2232 220 2245; x_wconf 84' lang='grc'><strong>,</strong></span> <span class='ocrx_word' id='word_1_701' title='bbox 237 2213 285 2239; x_wconf 78' lang='grc' dir='ltr'>καὶ</span> <span class='ocrx_word' id='word_1_702' title='bbox 295 2213 325 2245; x_wconf 76' lang='grc' dir='ltr'>ιξ</span> <span class='ocrx_word' id='word_1_703' title='bbox 335 2211 372 2239; x_wconf 81' lang='grc' dir='ltr'>ὧν</span> <span class='ocrx_word' id='word_1_704' title='bbox 386 2213 467 2245; x_wconf 75' lang='grc' dir='ltr'>αὐτὸς</span> <span class='ocrx_word' id='word_1_705' title='bbox 479 2212 670 2245; x_wconf 79' lang='grc' dir='ltr'>ὰλαζονεύεται</span> <span class='ocrx_word' id='word_1_706' title='bbox 679 2235 686 2246; x_wconf 83' lang='grc'><strong>,</strong></span> <span class='ocrx_word' id='word_1_707' title='bbox 703 2212 841 2239; x_wconf 86' lang='grc' dir='ltr'>δείκνυται</span> 
     </span>
    </p>
   </div>
   <div class='ocr_carea' id='block_1_93' title="bbox 933 2209 1703 2248">
    <p class='ocr_par' dir='ltr' id='par_1_93' title="bbox 933 2209 1703 2248">
     <span class='ocr_line' id='line_1_93' title="bbox 933 2209 1703 2248; baseline -0.01 -5"><span class='ocrx_word' id='word_1_708' title='bbox 933 2215 1030 2243; x_wconf 78' lang='lat' dir='ltr'><strong>lendax</strong></span> <span class='ocrx_word' id='word_1_709' title='bbox 1048 2215 1093 2248; x_wconf 90' lang='lat' dir='ltr'><strong>sit,</strong></span> <span class='ocrx_word' id='word_1_710' title='bbox 1109 2220 1167 2242; x_wconf 89' lang='lat' dir='ltr'><strong>tum</strong></span> <span class='ocrx_word' id='word_1_711' title='bbox 1187 2221 1220 2241; x_wconf 80' lang='lat' dir='ltr'><strong>ex</strong></span> <span class='ocrx_word' id='word_1_712' title='bbox 1241 2213 1297 2241; x_wconf 91' lang='lat' dir='ltr'><strong>illis</strong></span> <span class='ocrx_word' id='word_1_713' title='bbox 1317 2215 1440 2247; x_wconf 89' lang='lat' dir='ltr'><strong>apparet,</strong></span> <span class='ocrx_word' id='word_1_714' title='bbox 1464 2211 1498 2238; x_wconf 88' lang='lat' dir='ltr'><strong>de</strong></span> <span class='ocrx_word' id='word_1_715' title='bbox 1519 2210 1621 2245; x_wconf 84' lang='lat' dir='ltr'><strong>quibus</strong></span> <span class='ocrx_word' id='word_1_716' title='bbox 1641 2209 1703 2244; x_wconf 75' lang='lat' dir='ltr'><strong>glo-</strong></span> 
     </span>
    </p>
   </div>
   <div class='ocr_carea' id='block_1_94' title="bbox 66 2255 858 2295">
    <p class='ocr_par' dir='ltr' id='par_1_94' title="bbox 66 2255 858 2295">
     <span class='ocr_line' id='line_1_94' title="bbox 66 2255 858 2295; baseline 0.001 -10"><span class='ocrx_word' id='word_1_717' title='bbox 66 2259 114 2286; x_wconf 75' lang='grc' dir='ltr'><strong>καλ</strong></span> <span class='ocrx_word' id='word_1_718' title='bbox 129 2259 159 2292; x_wconf 72' lang='grc' dir='ltr'><strong>ἐξ</strong></span> <span class='ocrx_word' id='word_1_719' title='bbox 178 2255 215 2285; x_wconf 84' lang='grc' dir='ltr'>ὦν</span> <span class='ocrx_word' id='word_1_720' title='bbox 226 2258 304 2286; x_wconf 76' lang='grc' dir='ltr'>ἔθετο</span> <span class='ocrx_word' id='word_1_721' title='bbox 320 2259 411 2294; x_wconf 81' lang='grc' dir='ltr'>ἐαυτῷ</span> <span class='ocrx_word' id='word_1_722' title='bbox 424 2260 532 2295; x_wconf 82' lang='grc' dir='ltr'>πατέρα</span> <span class='ocrx_word' id='word_1_723' title='bbox 548 2260 592 2286; x_wconf 82' lang='grc' dir='ltr'>διὰ</span> <span class='ocrx_word' id='word_1_724' title='bbox 602 2260 651 2295; x_wconf 81' lang='grc' dir='ltr'>τῆς</span> <span class='ocrx_word' id='word_1_725' title='bbox 662 2260 717 2286; x_wconf 87' lang='grc' dir='ltr'>τῶν</span> <span class='ocrx_word' id='word_1_726' title='bbox 730 2259 858 2295; x_wconf 79' lang='grc' dir='ltr'>πράξεων</span> 
     </span>
    </p>
   </div>
   <div class='ocr_carea' id='block_1_95' title="bbox 65 2304 857 2341">
    <p class='ocr_par' dir='ltr' id='par_1_95' title="bbox 65 2304 857 2341">
     <span class='ocr_line' id='line_1_95' title="bbox 65 2304 857 2341; baseline 0.003 -12"><span class='ocrx_word' id='word_1_727' title='bbox 65 2304 227 2338; x_wconf 69' lang='grc' dir='ltr'>ὁμοιότητος</span> <span class='ocrx_word' id='word_1_728' title='bbox 237 2323 247 2336; x_wconf 91' lang='grc'><strong>,</strong></span> <span class='ocrx_word' id='word_1_729' title='bbox 259 2305 418 2340; x_wconf 81' lang='grc' dir='ltr'>περιφανῶς</span> <span class='ocrx_word' id='word_1_730' title='bbox 428 2305 625 2332; x_wconf 75' lang='grc' dir='ltr'>ἀναδείκνυται.</span> <span class='ocrx_word' id='word_1_731' title='bbox 643 2305 688 2332; x_wconf 76' lang='grc' dir='ltr'><strong>Διὸ</strong></span> <span class='ocrx_word' id='word_1_732' title='bbox 701 2305 748 2332; x_wconf 82' lang='grc' dir='ltr'><strong>καί</strong></span> <span class='ocrx_word' id='word_1_733' title='bbox 764 2312 857 2341; x_wconf 81' lang='grc' dir='ltr'>φησιν,</span> 
     </span>
    </p>
   </div>
   <div class='ocr_carea' id='block_1_96' title="bbox 68 2349 862 2387">
    <p class='ocr_par' dir='ltr' id='par_1_96' title="bbox 68 2349 862 2387">
     <span class='ocr_line' id='line_1_96' title="bbox 68 2349 862 2387; baseline 0.001 -11"><span class='ocrx_word' id='word_1_734' title='bbox 68 2351 157 2377; x_wconf 87' lang='grc' dir='ltr'>Ὂταν</span> <span class='ocrx_word' id='word_1_735' title='bbox 177 2349 192 2375; x_wconf 85' lang='grc' dir='ltr'><strong>ό</strong></span> <span class='ocrx_word' id='word_1_736' title='bbox 212 2350 339 2382; x_wconf 77' lang='grc' dir='ltr'>Ἰουδαῖος</span> <span class='ocrx_word' id='word_1_737' title='bbox 351 2350 383 2377; x_wconf 86' lang='grc' dir='ltr'><strong>τδ</strong></span> <span class='ocrx_word' id='word_1_738' title='bbox 396 2350 496 2386; x_wconf 77' lang='grc' dir='ltr'>ψεῦδος</span> <span class='ocrx_word' id='word_1_739' title='bbox 513 2350 594 2385; x_wconf 84' lang='grc' dir='ltr'>λαλῇ,</span> <span class='ocrx_word' id='word_1_740' title='bbox 608 2351 650 2377; x_wconf 82' lang='grc' dir='ltr'>ὅτι</span> <span class='ocrx_word' id='word_1_741' title='bbox 667 2351 788 2387; x_wconf 75' lang='grc' dir='ltr'>ψεύστης</span> <span class='ocrx_word' id='word_1_742' title='bbox 803 2351 862 2377; x_wconf 81' lang='grc' dir='ltr'>ἐστὶ</span> 
     </span>
    </p>
   </div>
   <div class='ocr_carea' id='block_1_97' title="bbox 66 2397 862 2434">
    <p class='ocr_par' dir='ltr' id='par_1_97' title="bbox 66 2397 862 2434">
     <span class='ocr_line' id='line_1_97' title="bbox 66 2397 862 2434; baseline 0.001 -11"><span class='ocrx_word' id='word_1_743' title='bbox 66 2397 114 2423; x_wconf 80' lang='grc' dir='ltr'>καὶ</span> <span class='ocrx_word' id='word_1_744' title='bbox 135 2397 236 2429; x_wconf 75' lang='grc' dir='ltr'>αὐτὸς,</span> <span class='ocrx_word' id='word_1_745' title='bbox 252 2398 301 2424; x_wconf 74' lang='grc' dir='ltr'>καὶ</span> <span class='ocrx_word' id='word_1_746' title='bbox 323 2398 339 2424; x_wconf 86' lang='grc' dir='ltr'><strong>ό</strong></span> <span class='ocrx_word' id='word_1_747' title='bbox 360 2399 454 2434; x_wconf 79' lang='grc' dir='ltr'>πατὴρ</span> <span class='ocrx_word' id='word_1_748' title='bbox 474 2397 568 2426; x_wconf 82' lang='grc' dir='ltr'>αὑτοῦ.</span> <span class='ocrx_word' id='word_1_749' title='bbox 595 2399 644 2425; x_wconf 88' lang='grc' dir='ltr'>Ὃν</span> <span class='ocrx_word' id='word_1_750' title='bbox 662 2399 675 2425; x_wconf 88' lang='grc' dir='ltr'><strong>ό</strong></span> <span class='ocrx_word' id='word_1_751' title='bbox 690 2399 803 2434; x_wconf 73' lang='grc' dir='ltr'>Σωτὴρ,</span> <span class='ocrx_word' id='word_1_752' title='bbox 824 2398 862 2429; x_wconf 83' lang='grc' dir='ltr'>ὡς</span> 
     </span>
    </p>
   </div>
   <div class='ocr_carea' id='block_1_98' title="bbox 66 2441 860 2480">
    <p class='ocr_par' dir='ltr' id='par_1_98' title="bbox 66 2441 860 2480">
     <span class='ocr_line' id='line_1_98' title="bbox 66 2441 860 2480; baseline 0.003 -11"><span class='ocrx_word' id='word_1_753' title='bbox 66 2444 200 2475; x_wconf 79' lang='grc' dir='ltr'>πολλάκις</span> <span class='ocrx_word' id='word_1_754' title='bbox 214 2443 321 2480; x_wconf 70' lang='grc' dir='ltr'>εἴρηται</span> <span class='ocrx_word' id='word_1_755' title='bbox 333 2463 341 2477; x_wconf 85' lang='grc'><strong>,</strong></span> <span class='ocrx_word' id='word_1_756' title='bbox 354 2444 400 2471; x_wconf 71' lang='grc' dir='ltr'>τὸν</span> <span class='ocrx_word' id='word_1_757' title='bbox 414 2444 538 2471; x_wconf 71' lang='grc' dir='ltr'>διάῆολον</span> <span class='ocrx_word' id='word_1_758' title='bbox 556 2446 604 2471; x_wconf 80' lang='grc' dir='ltr'>καὶ</span> <span class='ocrx_word' id='word_1_759' title='bbox 617 2445 667 2471; x_wconf 73' lang='grc' dir='ltr'>οὐκ</span> <span class='ocrx_word' id='word_1_760' title='bbox 682 2445 762 2473; x_wconf 81' lang='grc' dir='ltr'>ἄλλον</span> <span class='ocrx_word' id='word_1_761' title='bbox 778 2441 860 2478; x_wconf 76' lang='grc' dir='ltr'>εἶναι,</span> 
     </span>
    </p>
   </div>
   <div class='ocr_carea' id='block_1_99' title="bbox 67 2488 619 2526">
    <p class='ocr_par' dir='ltr' id='par_1_99' title="bbox 67 2488 619 2526">
     <span class='ocr_line' id='line_1_99' title="bbox 67 2488 619 2526; baseline 0.002 -10"><span class='ocrx_word' id='word_1_762' title='bbox 67 2489 116 2516; x_wconf 78' lang='grc' dir='ltr'><strong>καὶ</strong></span> <span class='ocrx_word' id='word_1_763' title='bbox 132 2488 304 2525; x_wconf 76' lang='grc' dir='ltr'>ἀπεφήνατο,</span> <span class='ocrx_word' id='word_1_764' title='bbox 316 2490 365 2516; x_wconf 81' lang='grc' dir='ltr'><strong>καὶ</strong></span> <span class='ocrx_word' id='word_1_765' title='bbox 375 2490 579 2526; x_wconf 80' lang='grc' dir='ltr'>κατωνόμασεν.</span> <span class='ocrx_word' id='word_1_766' title='bbox 614 2496 619 2501; x_wconf 90' lang='grc'><strong>·</strong></span> 
     </span>
    </p>
   </div>
   <div class='ocr_carea' id='block_1_100' title="bbox 105 2621 588 2654">
    <p class='ocr_par' dir='ltr' id='par_1_100' title="bbox 105 2621 588 2654">
     <span class='ocr_line' id='line_1_100' title="bbox 105 2621 588 2654; baseline 0.002 -5"><span class='ocrx_word' id='word_1_767' title='bbox 105 2622 117 2638; x_wconf 76' lang='grc'><strong>⁸</strong></span> <span class='ocrx_word' id='word_1_768' title='bbox 130 2621 211 2650; x_wconf 83' lang='lat' dir='ltr'><strong>Joan.</strong></span> <span class='ocrx_word' id='word_1_769' title='bbox 228 2629 279 2650; x_wconf 76' lang='lat' dir='ltr'><strong>vnt</strong></span> <span class='ocrx_word' id='word_1_770' title='bbox 295 2622 340 2651; x_wconf 77' lang='lat' dir='ltr'><strong>ﬂ.</strong></span> <span class='ocrx_word' id='word_1_771' title='bbox 378 2626 390 2642; x_wconf 79' lang='grc' dir='ltr'>ι</span> <span class='ocrx_word' id='word_1_772' title='bbox 403 2622 492 2650; x_wconf 88' lang='lat' dir='ltr'><strong>Galat.</strong></span> <span class='ocrx_word' id='word_1_773' title='bbox 507 2629 544 2654; x_wconf 83' lang='lat' dir='ltr'><strong>Iv,</strong></span> <span class='ocrx_word' id='word_1_774' title='bbox 561 2622 588 2650; x_wconf 67' lang='grc' dir='ltr'>ι.</span> 
     </span>
    </p>
   </div>
   <div class='ocr_carea' id='block_1_101' title="bbox 906 2255 1700 2293">
    <p class='ocr_par' dir='ltr' id='par_1_101' title="bbox 906 2255 1700 2293">
     <span class='ocr_line' id='line_1_101' title="bbox 906 2255 1700 2293; baseline -0.01 -4"><span class='ocrx_word' id='word_1_775' title='bbox 906 2263 1004 2293; x_wconf 84' lang='lat' dir='ltr'><strong>riatur,</strong></span> <span class='ocrx_word' id='word_1_776' title='bbox 1020 2266 1078 2289; x_wconf 91' lang='lat' dir='ltr'><strong>tum</strong></span> <span class='ocrx_word' id='word_1_777' title='bbox 1092 2268 1125 2288; x_wconf 81' lang='lat' dir='ltr'><strong>ex</strong></span> <span class='ocrx_word' id='word_1_778' title='bbox 1140 2261 1203 2288; x_wconf 85' lang='lat' dir='ltr'><strong>istis</strong></span> <span class='ocrx_word' id='word_1_779' title='bbox 1221 2259 1294 2288; x_wconf 87' lang='lat' dir='ltr'><strong>clare</strong></span> <span class='ocrx_word' id='word_1_780' title='bbox 1312 2257 1488 2292; x_wconf 78' lang='lat' dir='ltr'><strong>intelligitur,</strong></span> <span class='ocrx_word' id='word_1_781' title='bbox 1501 2263 1550 2292; x_wconf 82' lang='lat' dir='ltr'><strong>per</strong></span> <span class='ocrx_word' id='word_1_782' title='bbox 1564 2263 1637 2291; x_wconf 62' lang='lat' dir='ltr'><strong>quae,</strong></span> <span class='ocrx_word' id='word_1_783' title='bbox 1659 2255 1700 2282; x_wconf 88' lang='lat' dir='ltr'><strong>si-</strong></span> 
     </span>
    </p>
   </div>
   <div class='ocr_carea' id='block_1_102' title="bbox 908 2300 1702 2341">
    <p class='ocr_par' dir='ltr' id='par_1_102' title="bbox 908 2300 1702 2341">
     <span class='ocr_line' id='line_1_102' title="bbox 908 2300 1702 2341; baseline -0.01 -7"><span class='ocrx_word' id='word_1_784' title='bbox 908 2307 1021 2334; x_wconf 90' lang='lat' dir='ltr'><strong>milibus</strong></span> <span class='ocrx_word' id='word_1_785' title='bbox 1034 2307 1116 2334; x_wconf 88' lang='lat' dir='ltr'><strong>rebus</strong></span> <span class='ocrx_word' id='word_1_786' title='bbox 1132 2305 1306 2341; x_wconf 87' lang='lat' dir='ltr'><strong>perpetratis,</strong></span> <span class='ocrx_word' id='word_1_787' title='bbox 1325 2304 1431 2331; x_wconf 84' lang='lat' dir='ltr'><strong>Patrem</strong></span> <span class='ocrx_word' id='word_1_788' title='bbox 1448 2301 1500 2330; x_wconf 88' lang='lat' dir='ltr'><strong>sibi</strong></span> <span class='ocrx_word' id='word_1_789' title='bbox 1519 2302 1578 2336; x_wconf 84' lang='lat' dir='ltr'><strong>ipse</strong></span> <span class='ocrx_word' id='word_1_790' title='bbox 1591 2300 1702 2327; x_wconf 85' lang='lat' dir='ltr'><strong>ascivit.</strong></span> 
     </span>
    </p>
   </div>
   <div class='ocr_carea' id='block_1_103' title="bbox 907 2346 1700 2387">
    <p class='ocr_par' dir='ltr' id='par_1_103' title="bbox 907 2346 1700 2387">
     <span class='ocr_line' id='line_1_103' title="bbox 907 2346 1700 2387; baseline -0.009 -8"><span class='ocrx_word' id='word_1_791' title='bbox 907 2352 1055 2387; x_wconf 82' lang='lat' dir='ltr'><strong>Propterea</strong></span> <span class='ocrx_word' id='word_1_792' title='bbox 1068 2351 1106 2379; x_wconf 90' lang='lat' dir='ltr'><strong>ait</strong></span> <span class='ocrx_word' id='word_1_793' title='bbox 1121 2360 1128 2378; x_wconf 90' lang='lat'><strong>:</strong></span> <span class='ocrx_word' id='word_1_794' title='bbox 1146 2350 1367 2386; x_wconf 82' lang='lat' dir='ltr'><strong>quandocunque</strong></span> <span class='ocrx_word' id='word_1_795' title='bbox 1389 2347 1499 2375; x_wconf 63' lang='lat' dir='ltr'><strong>Iudaeus</strong></span> <span class='ocrx_word' id='word_1_796' title='bbox 1523 2346 1700 2374; x_wconf 78' lang='lat' dir='ltr'><strong>mendacium</strong></span> 
     </span>
    </p>
   </div>
   <div class='ocr_carea' id='block_1_104' title="bbox 909 2392 1704 2432">
    <p class='ocr_par' dir='ltr' id='par_1_104' title="bbox 909 2392 1704 2432">
     <span class='ocr_line' id='line_1_104' title="bbox 909 2392 1704 2432; baseline -0.008 -7"><span class='ocrx_word' id='word_1_797' title='bbox 909 2398 1044 2432; x_wconf 89' lang='lat' dir='ltr'><strong>loquitur,</strong></span> <span class='ocrx_word' id='word_1_798' title='bbox 1060 2402 1088 2425; x_wconf 89' lang='lat' dir='ltr'><strong>et</strong></span> <span class='ocrx_word' id='word_1_799' title='bbox 1110 2398 1169 2432; x_wconf 86' lang='lat' dir='ltr'><strong>ipse</strong></span> <span class='ocrx_word' id='word_1_800' title='bbox 1184 2396 1302 2424; x_wconf 80' lang='lat' dir='ltr'><strong>mendax</strong></span> <span class='ocrx_word' id='word_1_801' title='bbox 1319 2399 1381 2428; x_wconf 87' lang='lat' dir='ltr'><strong>est,</strong></span> <span class='ocrx_word' id='word_1_802' title='bbox 1401 2399 1429 2422; x_wconf 88' lang='lat' dir='ltr'><strong>et</strong></span> <span class='ocrx_word' id='word_1_803' title='bbox 1447 2398 1526 2429; x_wconf 89' lang='lat' dir='ltr'><strong>pater</strong></span> <span class='ocrx_word' id='word_1_804' title='bbox 1536 2393 1607 2427; x_wconf 87' lang='lat' dir='ltr'><strong>ejus.</strong></span> <span class='ocrx_word' id='word_1_805' title='bbox 1625 2392 1704 2420; x_wconf 84' lang='lat' dir='ltr'><strong>Illum</strong></span> 
     </span>
    </p>
   </div>
   <div class='ocr_carea' id='block_1_105' title="bbox 910 2439 1706 2477">
    <p class='ocr_par' dir='ltr' id='par_1_105' title="bbox 910 2439 1706 2477">
     <span class='ocr_line' id='line_1_105' title="bbox 910 2439 1706 2477; baseline -0.006 -7"><span class='ocrx_word' id='word_1_806' title='bbox 910 2444 984 2471; x_wconf 92' lang='lat' dir='ltr'><strong>enim</strong></span> <span class='ocrx_word' id='word_1_807' title='bbox 999 2443 1139 2476; x_wconf 86' lang='lat' dir='ltr'><strong>Servator,</strong></span> <span class='ocrx_word' id='word_1_808' title='bbox 1154 2442 1228 2477; x_wconf 92' lang='lat' dir='ltr'><strong>quod</strong></span> <span class='ocrx_word' id='word_1_809' title='bbox 1244 2441 1347 2477; x_wconf 62' lang='lat' dir='ltr'><strong>saepius</strong></span> <span class='ocrx_word' id='word_1_810' title='bbox 1361 2441 1532 2468; x_wconf 88' lang='lat' dir='ltr'><strong>admonitum</strong></span> <span class='ocrx_word' id='word_1_811' title='bbox 1544 2444 1597 2470; x_wconf 83' lang='lat' dir='ltr'><strong>est,</strong></span> <span class='ocrx_word' id='word_1_812' title='bbox 1612 2439 1706 2466; x_wconf 82' lang='lat' dir='ltr'><strong>diabo-</strong></span> 
     </span>
    </p>
   </div>
   <div class='ocr_carea' id='block_1_106' title="bbox 912 2483 1707 2522">
    <p class='ocr_par' dir='ltr' id='par_1_106' title="bbox 912 2483 1707 2522">
     <span class='ocr_line' id='line_1_106' title="bbox 912 2483 1707 2522; baseline -0.008 -5"><span class='ocrx_word' id='word_1_813' title='bbox 912 2489 981 2522; x_wconf 85' lang='lat' dir='ltr'><strong>lum,</strong></span> <span class='ocrx_word' id='word_1_814' title='bbox 998 2497 1051 2517; x_wconf 90' lang='lat' dir='ltr'><strong>non</strong></span> <span class='ocrx_word' id='word_1_815' title='bbox 1067 2493 1159 2516; x_wconf 87' lang='lat' dir='ltr'><strong>autem</strong></span> <span class='ocrx_word' id='word_1_816' title='bbox 1174 2488 1259 2515; x_wconf 88' lang='lat' dir='ltr'><strong>alium</strong></span> <span class='ocrx_word' id='word_1_817' title='bbox 1274 2493 1336 2516; x_wconf 87' lang='lat' dir='ltr'><strong>esse</strong></span> <span class='ocrx_word' id='word_1_818' title='bbox 1350 2490 1378 2514; x_wconf 87' lang='lat' dir='ltr'><strong>et</strong></span> <span class='ocrx_word' id='word_1_819' title='bbox 1391 2490 1508 2514; x_wconf 84' lang='lat' dir='ltr'><strong>testatus</strong></span> <span class='ocrx_word' id='word_1_820' title='bbox 1526 2489 1579 2519; x_wconf 86' lang='lat' dir='ltr'><strong>est,</strong></span> <span class='ocrx_word' id='word_1_821' title='bbox 1607 2489 1635 2512; x_wconf 90' lang='lat' dir='ltr'><strong>et</strong></span> <span class='ocrx_word' id='word_1_822' title='bbox 1655 2483 1707 2511; x_wconf 84' lang='lat' dir='ltr'><strong>hoc</strong></span> 
     </span>
    </p>
   </div>
   <div class='ocr_carea' id='block_1_107' title="bbox 914 2534 1192 2571">
    <p class='ocr_par' dir='ltr' id='par_1_107' title="bbox 914 2534 1192 2571">
     <span class='ocr_line' id='line_1_107' title="bbox 914 2534 1192 2571; baseline 0.004 -9"><span class='ocrx_word' id='word_1_823' title='bbox 914 2536 1024 2563; x_wconf 85' lang='lat' dir='ltr'><strong>nomine</strong></span> <span class='ocrx_word' id='word_1_824' title='bbox 1036 2534 1192 2571; x_wconf 80' lang='lat' dir='ltr'><strong>appellavit.</strong></span> 
     </span>
    </p>
   </div>
   <div class='ocr_carea' id='block_1_108' title="bbox 837 2708 953 2738">
    <p class='ocr_par' dir='ltr' id='par_1_108' title="bbox 837 2708 953 2738">
     <span class='ocr_line' id='line_1_108' title="bbox 837 2708 953 2738; baseline -0.009 0"><span class='ocrx_word' id='word_1_825' title='bbox 837 2708 941 2738; x_wconf 65' lang='lat' dir='ltr'><strong>NOTA‘J</strong></span> <span class='ocrx_word' id='word_1_826' title='bbox 946 2729 953 2737; x_wconf 95' lang='lat'><strong>.</strong></span> 
     </span>
    </p>
   </div>
   <div class='ocr_carea' id='block_1_109' title="bbox 110 2798 650 2836">
    <p class='ocr_par' dir='ltr' id='par_1_109' title="bbox 110 2798 650 2836">
     <span class='ocr_line' id='line_1_109' title="bbox 110 2798 650 2836; baseline -0.004 -8"><span class='ocrx_word' id='word_1_827' title='bbox 110 2799 169 2835; x_wconf 63' lang='lat' dir='ltr'><strong>(Si)</strong></span> <span class='ocrx_word' id='word_1_828' title='bbox 184 2803 223 2828; x_wconf 74' lang='lat' dir='ltr'><strong>tta</strong></span> <span class='ocrx_word' id='word_1_829' title='bbox 235 2799 312 2828; x_wconf 82' lang='lat' dir='ltr'><strong>Coll).</strong></span> <span class='ocrx_word' id='word_1_830' title='bbox 328 2807 376 2836; x_wconf 87' lang='lat' dir='ltr'><strong>pro</strong></span> <span class='ocrx_word' id='word_1_831' title='bbox 391 2798 650 2832; x_wconf 73' lang='grc' dir='ltr'>ἑπαπωλιαζόντων.</span> 
     </span>
    </p>
   </div>
   <div class='ocr_carea' id='block_1_110' title="bbox 950 2793 1468 2834">
    <p class='ocr_par' dir='ltr' id='par_1_110' title="bbox 950 2793 1468 2834">
     <span class='ocr_line' id='line_1_110' title="bbox 950 2793 1468 2834; baseline -0.008 -10"><span class='ocrx_word' id='word_1_832' title='bbox 950 2797 1007 2834; x_wconf 62' lang='grc' dir='ltr'><strong>(ἳὸ)</strong></span> <span class='ocrx_word' id='word_1_833' title='bbox 1022 2796 1069 2824; x_wconf 72' lang='grc' dir='ltr'><strong>νῦν</strong></span> <span class='ocrx_word' id='word_1_834' title='bbox 1089 2796 1118 2824; x_wconf 63' lang='grc' dir='ltr'>δὲ</span> <span class='ocrx_word' id='word_1_835' title='bbox 1133 2797 1194 2828; x_wconf 74' lang='grc' dir='ltr'>τοὺς</span> <span class='ocrx_word' id='word_1_836' title='bbox 1217 2795 1371 2827; x_wconf 73' lang='grc' dir='ltr'>Ἰουδαίους,</span> <span class='ocrx_word' id='word_1_837' title='bbox 1387 2793 1468 2823; x_wconf 83' lang='lat' dir='ltr'><strong>Colb.</strong></span> 
     </span>
    </p>
   </div>
  </div>
