1874 3070
236 137 305 171 1047

234 195 302 221 nihil
317 203 422 230 eorum,
445 205 506 232 qua:
518 200 552 226 ad
569 207 670 235 corpus
692 205 837 239 pertinent,
856 212 897 236 vel
917 217 1028 238 amove-

232 242 294 272 tur,
324 242 365 268 vel
385 245 578 279 contemnitur,
602 248 676 275 nulla
693 257 758 277 vero
778 253 860 280 etiam
883 262 925 287 re,
942 263 1023 291 quam

233 287 356 321 corporis
376 293 474 316 natura
492 290 559 318 alias
576 294 712 327 postulat,
733 296 802 324 idem
822 300 939 334 amplius
956 302 1027 329 indi-

231 335 293 364 gc-t;
311 332 337 360 id
357 334 466 368 quidem
486 337 566 364 nobis
587 342 782 369 commercium
801 345 967 375 conditionis
982 356 1026 375 re-

232 384 292 404 rum
309 378 534 414 incorporearum
550 383 586 410 ita
600 384 723 420 largitur,
739 393 766 415 ut
781 393 807 416 et
824 390 926 418 similes
942 400 1026 428 ange-

232 423 276 456 lis,
304 429 332 451 et
353 427 510 460 superiores
527 429 632 458 iisdem
645 433 731 461 sinms
751 434 847 463 futuri.
865 436 1027 472 Superiores

232 471 343 504 quidem
370 473 442 506 ideo,
460 476 532 509 quod
557 482 651 505 natura
677 486 771 508 nostra
796 490 844 517 per
869 471 950 517 eoin,
979 487 1025 521 qui

230 516 305 545 illam
330 521 493 554 assumpsit,
515 522 594 557 juxta
618 524 725 553 Patrem
749 529 881 557 collocata
908 535 966 564 est;
990 533 1024 559 ad

231 563 438 592 similitudinem
464 573 529 594 vero
562 570 694 598 mentium
717 571 941 607 incorporearum
966 584 1028 610 per-

230 607 321 640 ducti;
351 613 497 644 postquam
514 612 549 640 ab
586 614 729 644 atTeetibus
756 623 784 645 et
797 607 1028 655 corruptibilitate

231 652 376 687 immunes,
390 660 417 682 et
428 664 442 683 a
453 659 596 692 corporeis
611 660 812 698 aﬂ'ectionibus,
823 652 1028 702 peto—lautiaque

229 705 255 724 ct
273 699 455 729 inconstantia
467 722 474 735 ,
500 704 544 731 cui
573 708 714 736 materiale
730 711 857 746 quodque
878 713 1025 742 obnoxium

229 750 281 777 est,
295 745 372 774 liberi
386 749 536 777 evasimus.

266 790 315 818 Hic
338 800 402 821 vero
428 795 510 823 etiam
538 798 740 827 observandum
757 807 815 836 est,
839 804 929 833 verbis
954 805 1025 844 illis,

231 845 241 861 ι
261 837 345 866 Erant
371 844 401 866 ut
428 842 516 876 angeli
538 843 624 878 Dei”,
645 854 654 871 ι
686 854 740 874 non
771 849 895 878 eamdem
922 837 1026 881 natura;

228 881 407 919 dignitatem,
436 887 485 914 sed
515 888 543 916 id
570 891 660 924 potius
687 892 818 926 indicari,
849 897 922 931 quod
953 899 1021 926 nihil

227 935 322 956 eorum
333 949 340 962 ,
356 931 455 966 quibus
472 933 499 960 in
520 942 603 962 carne
623 936 732 965 fuerant
746 939 875 974 obnoxii,
890 943 1024 978 imposte-

227 982 287 1001 rum
301 976 389 1005 simus
400 981 550 1013 experturi,
569 983 698 1017 angelica:
708 993 773 1012 vero
789 986 946 1016 indolentiae
960 997 1024 1025 par-

225 1020 322 1055 ticipes
336 1026 363 1050 et
382 1031 396 1050 a
407 1025 583 1059 passionibus
596 1030 737 1064 corporeis
747 1030 883 1060 immunes
893 1034 976 1061 vitam
994 1036 1023 1064 in

225 1068 428 1097 resurrectione
454 1072 556 1105 acturi,
578 1075 703 1108 quamvis
729 1076 838 1105 interim
865 1081 970 1112 angelis
989 1089 1022 1109 eo

224 1112 312 1140 simus
326 1115 491 1150 superiores,
508 1120 581 1153 quod
600 1127 722 1149 nostram
739 1123 876 1157 lapsorum
894 1131 1020 1155 naturam

222 1158 270 1186 Dei
283 1159 368 1188 Filius
383 1164 531 1199 assumpsit
554 1170 581 1193 et
597 1167 727 1201 redemit,
750 1169 860 1198 illorutn
883 1180 949 1201 vero
967 1183 1019 1202 non

223 1203 299 1231 item.
329 1206 414 1242 Cujus
433 1209 543 1244 quidem
568 1212 608 1239 rei
632 1214 765 1242 rationem
788 1216 815 1243 in
839 1225 872 1245 eo
897 1226 1020 1253 quaerere

224 1254 342 1284 oportet,
359 1255 432 1288 quod
446 1254 484 1283 illi
504 1257 613 1291 quidem
628 1267 679 1287 nos
695 1261 874 1295 seduxerunt,
890 1272 941 1292 nos
953 1272 1018 1294 vero

220 1296 328 1325 seducti
354 1307 470 1335 sumus;
496 1304 623 1339 quodque
644 1306 683 1334 illi
711 1308 801 1337 varias
825 1312 1018 1346 praerogativas

221 1342 389 1379 habuerunt,
405 1355 460 1382 quo
472 1349 562 1378 minus
574 1359 729 1386 peccarent,
742 1342 841 1390 quippe
853 1357 900 1392 qui
913 1342 1000 1386 allecti
1009 1371 1018 1378 -

221 1388 272 1416 bus
286 1391 379 1419 minus
390 1397 525 1428 paterent,
546 1397 579 1424 ad
595 1397 679 1426 Deum
693 1388 757 1428 vero
775 1388 888 1437 propius
901 1404 1016 1432 accede-

221 1439 290 1467 rent,
308 1441 335 1463 et
348 1442 463 1472 carpere
481 1441 599 1477 denique
624 1451 759 1473 carerent.
778 1448 820 1475 Ab
835 1449 920 1476 altera
940 1456 1016 1485 parte

224 1481 304 1509 nobis
320 1484 431 1518 quidam
447 1487 650 1517 miserationem
664 1493 751 1525 magis
761 1494 925 1528 conciliavit,
941 1497 1015 1531 quod

221 1527 295 1555 vitiis
313 1530 398 1565 magis
419 1532 592 1568 patebantus,
607 1538 770 1573 corporique
786 1539 895 1567 obnoxii
911 1546 939 1569 et
953 1543 1014 1570 alli-

220 1574 274 1607 gati
288 1581 417 1610 eramus;
434 1582 491 1605 tum
506 1587 570 1608 vero
587 1581 733 1617 imprimis,
749 1585 822 1619 quod
836 1593 869 1613 ex
885 1587 949 1620 illis,
967 1589 1012 1623 qui

220 1619 289 1656 lapsi
302 1629 390 1655 erant,
406 1625 475 1654 tales
491 1635 544 1654 non
558 1629 642 1664 geniti
662 1636 741 1664 sunt,
757 1640 806 1667 per
823 1641 892 1669 quos
907 1634 1013 1663 Numen

220 1666 447 1702 benignissimum
462 1673 496 1700 ad
513 1675 619 1702 veniam
639 1675 732 1711 lapsus
750 1666 902 1707 faciendam
916 1681 1013 1710 adduci

219 1719 333 1747 poterat.
348 1715 406 1743 Imo
427 1725 493 1746 vero
507 1719 557 1752 illi,
580 1722 627 1756 qui
641 1722 728 1758 legem
746 1725 923 1758 violaverant,
937 1735 1013 1755 cam-

218 1757 281 1786 dem
304 1759 408 1789 violare
434 1770 543 1799 semper
565 1771 668 1794 amant.
687 1768 780 1797 'Porro
797 1778 886 1806 neque
913 1774 1013 1802 similia

218 1811 307 1839 neque
320 1805 409 1834 alIinia
427 1815 500 1842 sunt,
513 1812 673 1846 angelorum
688 1819 813 1843 naturam
829 1805 856 1844 et
870 1818 1011 1847 hominum

217 1848 290 1878 illam
317 1859 468 1882 assumere.
494 1856 564 1889 Quid
590 1859 663 1886 enim
697 1860 749 1888 hoe
778 1863 928 1897 profuisset
959 1866 1012 1894 illis

216 1896 339 1930 angelis,
362 1899 409 1933 qui
425 1908 479 1928 non
500 1908 580 1930 erant
595 1904 686 1939 lapsi?
701 1905 729 1934 Si
752 1896 815 1936 vero
832 1906 865 1936 in'
873 1910 1011 1946 lapsorum

216 1941 330 1975 gratiam
347 1943 373 1971 id
390 1944 492 1974 factum
510 1953 591 1982 esset,
606 1957 707 1985 nonne,
726 1951 779 1980 boe
798 1953 879 1987 facto,
901 1955 951 1988 illi,
964 1957 1012 1992 qui

215 1987 285 2022 lapsi
298 1996 353 2017 non
377 1997 456 2020 erant
469 1994 624 2029 deterioris,
641 2004 722 2031 quam
746 1999 825 2034 lapsi,
845 2002 1011 2030 conditionis

216 2033 350 2061 tuissent?
370 2034 505 2066 Praeterea
523 2039 641 2069 Verbum
661 2033 835 2072 incarnaitum
851 2052 878 2073 et
903 2048 1010 2077 virtutis

214 2084 242 2105 et
256 2080 368 2114 pietatis
388 2089 520 2118 praecepta
539 2093 590 2113 nos
605 2087 708 2122 docuit,
725 2097 773 2125 per
789 2099 861 2125 qum,
876 2092 1008 2128 siquidem

214 2127 260 2154 illa
280 2135 328 2162 per
339 2128 454 2162 gratiam
467 2131 527 2163 ejus
542 2132 721 2163 observemus
731 2156 740 2169 ,
759 2144 855 2165 eorum
872 2139 1010 2168 reddimur

213 2173 370 2209 participes,
384 2183 445 2210 quae
461 2183 590 2212 perpetua
615 2181 690 2214 regni
706 2182 838 2210 caelorum
866 2184 1009 2215 haneditas

212 2226 322 2254 sperare
337 2219 423 2259 jubet.
440 2219 500 2249 Jatu
517 2231 583 2251 vero
599 2226 756 2260 angelorum
773 2233 869 2256 natura
884 2236 912 2258 et
925 2233 1010 2258 virtu-

213 2266 248 2292 tis
269 2271 296 2294 et
309 2268 417 2302 pietatis
435 2269 532 2298 notitia
560 2276 619 2298 erat
646 2272 790 2302 instructa.
810 2274 925 2305 Virtutis
946 2279 1007 2313 qui-

211 2312 285 2346 dem,
303 2321 353 2341 ceu
368 2321 404 2342 ex
419 2322 452 2342 eo
465 2321 550 2351 patet,
569 2317 641 2352 quod
665 2318 802 2355 homines,
822 2323 857 2350 ab
877 2323 923 2351 illa
941 2312 1006 2352 arvo-

211 2363 297 2392 catos,
314 2360 341 2387 in
355 2363 494 2389 contraria
518 2364 610 2390 omnia
632 2364 802 2399 pellexerunt
817 2375 825 2394 :
843 2377 894 2397 nec
912 2371 1005 2400 minus

212 2405 331 2439 pictatis.
347 2407 517 2443 Argumento
531 2414 573 2437 est
595 2410 656 2444 ille,
674 2412 721 2447 qui
737 2413 888 2448 clamabat;
910 2426 919 2441 ι
934 2415 1002 2445 Novi

211 2457 248 2481 te,
263 2450 326 2486 quis
341 2452 379 2480 sis
395 2461 402 2479 :
417 2457 530 2481 sanctus
548 2452 629 2488 Dei';
651 2464 660 2481 ›
683 2460 719 2490 et,
738 2466 748 2483 ι
771 2456 875 2486 Venisti
893 2466 922 2487 ut
937 2466 1001 2490 ante

180 2519 181 2522 η
212 2503 319 2534 tempus
335 2506 385 2526 nos
401 2499 562 2536 alﬂigeres'.
584 2511 593 2528 ι
609 2502 769 2538 Cuiusmodi
783 2507 924 2542 complura
936 2509 1001 2538 alibi

209 2550 327 2572 exstant.
338 2546 430 2581 ltaque
445 2547 577 2576 Dominus
590 2548 692 2578 frustra
706 2552 863 2587 angelorum
873 2560 1001 2584 naturam

245 2592 255 2607 ⁷
269 2591 366 2619 Matth.
382 2600 450 2627 nu,
467 2593 513 2621 50.

816 152 949 184 PHOTII
964 155 1060 185 PATR
1065 155 1217 188 IARCH/E
1238 160 1293 192 (ΣΡ.

582 2596 592 2612 ⁷
609 2595 678 2625 Luc.
696 2605 734 2630 tv,
749 2598 794 2627 54;
833 2599 844 2615 ⁸
859 2600 955 2629 Matth.
973 2610 1011 2634 ix,

1788 169 1839 202 1048

1041 218 1121 240 Acs:
1145 215 1214 250 μήτε
1243 216 1436 253 καθέλκεσθαι,
1468 219 1537 256 μηδὲ
1563 221 1774 259 παρασύρεσθαι,
1796 228 1840 261 μηδ’

1078 259 1145 291 ὅλως
1154 261 1182 287 ὲν
1192 263 1272 298 χρείᾳ
1285 263 1466 293 καθίστασθαι
1477 267 1541 300 τῶν,
1553 268 1603 295 ὅσα
1615 269 1716 304 σακρὺς
1723 271 1792 305 φύσις
1801 259 1840 306 (δέ)

1076 305 1228 340 ἐδούλευεν,
1265 309 1316 344 τῆς
1347 311 1402 337 τῶν
1435 312 1590 347 ἀσωμάτων
1626 315 1727 349 λήξεως
1756 318 1838 354 χαρίζε-

1075 359 1120 377 ται
1140 351 1191 387 τὴν
1211 354 1382 388 συγγένειαν,
1399 356 1469 384 ὥστε
1487 358 1601 391 εἰκότως
1619 360 1677 393 (53)
1695 362 1738 388 καὶ
1757 364 1841 398 inin:-

1077 395 1117 422 λοι
1131 416 1139 428 ,
1167 398 1215 424 καὶ
1239 400 1381 434 κρείττους
1408 402 1522 430 ἐκείνων
1548 406 1679 441 ἐσόμεθα.
1699 408 1741 444 Τῷ
1755 411 1795 444 μὲν
1806 412 1840 446 τὴν

1076 442 1159 476 φύσιν
1185 444 1263 479 ἡμῶν
1290 446 1320 472 ὲν
1348 447 1387 482 τῷ
1413 449 1595 483 προσλαὸόντι
1627 454 1788 489 συνεδριάσαι

1078 490 1176 526 Ιιατρὶ,
1206 492 1358 527 κρείττους.
1384 494 1424 530 Τῇ
1443 495 1472 521 δὲ
1500 497 1670 525 καθὲκαστον
1697 500 1770 534 ἡμῶν
1788 490 1840 527 ἀπα-

1077 536 1138 572 θείᾳ
1154 537 1202 563 καὶ
1215 538 1355 575 ἀφθαρσίᾳ
1380 541 1427 567 καὶ
1443 544 1609 577 σωματικῶν
1625 545 1734 571 πάντων
1747 547 1788 573 καὶ
1803 556 1840 573 πα-

1078 581 1193 609 θῶνκαὶ⁸
1221 586 1426 620 σκιρτημάτων,
1451 588 1499 614 καὶ
1517 589 1672 624 ταχύτητος
1696 591 1840 626 ἀπηλλάχθαι

1077 627 1225 662 προσύλου,
1240 629 1290 664 τὴν
1315 630 1383 664 πρὸς
1401 632 1466 664 τοὺς
1494 633 1663 669 ἀσωμάτους
1678 635 1738 668 νόας
1753 636 1839 672 ἰσότητα

1078 672 1287 709 ἁναδεδεγμένοι
1304 676 1372 711 (54).

1119 813 1314 840 Ἐπισκεπτέον
1326 814 1355 840 δὲ
1366 814 1407 847 τὸ,
1417 824 1427 841 ‹
1444 815 1569 843 Ἔσονται
1580 817 1619 849 ὡς
1648 817 1754 852 ἄγγελοι
1765 819 1837 852 Θξοῦ,)

1077 859 1108 885 οὗ
1117 859 1167 894 τὴν
1178 860 1313 895 ἰσοτιμίαν
1324 860 1453 896 κηρύττει
1464 862 1514 897 τῆς
1525 863 1646 898 φύσεως,
1659 865 1724 892 ἀλλὰ
1735 866 1762 892 τὸ
1774 867 1839 901 μηδὲν

1040 901 1062 929 Β
1080 905 1204 940 πάσχειν,
1214 902 1252 933 ὧν
1265 905 1385 942 ἔπασχον
1398 908 1542 944 πρότερον,
1554 912 1706 946 σαρκικῶν.
1716 912 1838 948 Παραπλη-

1078 952 1143 983 σίως
1158 952 1186 978 δὲ
1201 953 1250 988 τῆς
1264 953 1314 988 άγγ
1321 954 1414 989 ελικῆς
1425 954 1560 988 ἀπαθείας
1587 958 1636 984 καὶ
1663 959 1756 991 αὐτοὺς
1775 960 1798 986 ἐν
1813 961 1837 994 τῇ

1075 997 1224 1024 ἀναστάσει
1239 998 1294 1025 τῶν
1311 1000 1451 1035 σαρκικῶν
1471 1002 1703 1038 ἀπηλλαγμένους
1728 1005 1837 1032 πολιτεύε-

1076 1042 1147 1074 σθαι,
1166 1043 1308 1078 κρείττους
1330 1045 1358 1071 δὲ
1385 1047 1434 1072 καὶ
1451 1046 1540 1079 ἄλλως
1557 1048 1696 1083 ἀγγέλων⁹
1715 1050 1753 1076 ὅτι
1778 1051 1836 1085 ἡμῶν

1076 1087 1125 1122 μὲν
1138 1088 1341 1123 ὀλισθησάντων
1353 1090 1402 1126 τὴν
1430 1091 1512 1127 φύσιν
1527 1093 1662 1121 ἀνέλαϐεν
1686 1097 1700 1122 ὁ
1724 1095 1764 1122 τοῦ
1786 1096 1835 1122 Θεοῦ

1073 1133 1138 1165 Tib;
1157 1136 1204 1161 καὶ
1219 1136 1387 1170 ἀνεσώσατο,
1402 1138 1516 1166 ἐκείνων
1529 1140 1558 1166 δὲ
1575 1141 1680 1169 οὐκέτι.
1697 1143 1747 1169 Καὶ
1765 1142 1836 1176 ζητεῖν

1071 1180 1112 1207 δεῖ
1127 1181 1177 1215 τὴν
1199 1181 1302 1214 αἰτίαν,
1325 1183 1368 1210 ὅτι
1383 1184 1461 1211 αὐτοὶ
1488 1186 1538 1220 μὲν
1556 1187 1724 1222 ὲπλάνησαν,
1738 1190 1805 1224 ἡμεῖς
1815 1189 1835 1214 δὲ

1069 1226 1124 1253 τῶν
1138 1226 1340 1261 πλανηθέντων.
1369 1229 1425 1256 Καὶ
1439 1230 1480 1257 ὅτι
1497 1231 1574 1257 αὐτοὶ
1592 1233 1644 1266 μὲν
1662 1233 1756 1265 πολλὰς
1770 1234 1835 1268 agap-

1072 1272 1125 1308 μὰς
1141 1270 1213 1307 εἶχον
1228 1273 1275 1300 τοῦ
1293 1274 1330 1309 μὴ
1345 1273 1546 1311 ἑξαμαρτῆσαι,
1561 1278 1592 1304 τὸ
1605 1278 1742 1311 δυσπαθές
1765 1289 1789 1306 τε
1802 1281 1835 1306 καὶ

1067 1319 1100 1346 τὸ
1113 1320 1274 1355 πλησιάζειν
1290 1322 1392 1357 μᾶλλον
1406 1324 1466 1359 Θεῷ
1487 1326 1534 1352 καὶ
1559 1327 1590 1353 τὸ
1613 1328 1765 1363 ἀσώματον.
1787 1328 1834 1358 Τοῖς

1068 1365 1097 1391 δὲ
1111 1366 1198 1402 ῥοπὴν
1211 1367 1287 1393 ἐλέου
1303 1369 1419 1404 παρέχει
1435 1371 1483 1397 καὶ
1502 1371 1532 1397 τὸ
1547 1372 1746 1409 εὐπαθέστερον
1759 1375 1798 1400 καὶ
1807 1373 1834 1407 τῷ

1069 1412 1176 1447 σώματι
1193 1413 1376 1441 καθέλκεσθαί
1399 1424 1428 1442 τε
1463 1417 1510 1443 καὶ
1536 1418 1727 1451 συνδεδέσθαι,
1752 1419 1793 1445 καὶ
1813 1419 1834 1444 τὺ

1069 1457 1172 1492 μεῖζον,
1196 1458 1237 1485 ὅτι
1264 1459 1314 1486 οὐκ
1338 1461 1564 1497 ὲπιγεγέννηνται
1588 1464 1620 1490 ὲκ
1642 1464 1697 1491 τῶν
1722 1465 1834 1491 πεσόντων

1066 1502 1166 1538 ἕτεροι,
1183 1503 1217 1529 δι’
1231 1503 1277 1535 οὓς
1292 1505 1325 1532 ἂν
1337 1505 1383 1532 τδν
1398 1507 1591 1543 φιλάνθρωπον
1604 1506 1700 1537 εἷλκεν
1714 1509 1742 1536 τὸ
1754 1509 1834 1541 πτῶμα

1067 1548 1135 1583 πρὸς
1150 1548 1234 1576 ἔλεον.
1243 1550 1315 1577 Ἀλλ’
1328 1551 1405 1578 αὐτοί
1420 1560 1452 1587 γε
1469 1553 1494 1579 οἱ
1513 1554 1691 1590 παραϐάντες
1702 1556 1748 1591 τὴν
1764 1554 1833 1589 παράι

1029 1581 1050 1611 c
1066 1581 1145 1622 ϐασιν
1153 1595 1300 1630 διαπαντὸς
1313 1581 1610 1635 μένουσίστέργοντες.
1626 1603 1688 1629 Ἔτι
1702 1581 1834 1637 οὺιδἜμοιον

1065 1638 1120 1664 οὐδ’
1135 1640 1219 1673 ἐγγὺς
1238 1641 1362 1675 ἀγγέλων
1375 1651 1403 1668 τε
1422 1643 1530 1678 φύσεως
1540 1646 1586 1672 καὶ
1595 1646 1746 1682 ἀνθρώπων
1759 1646 1833 1673 ἐπιλα-

1064 1685 1206 1712 6ἐσθαι.Τί
1214 1686 1268 1722 γάρ
1279 1687 1327 1713 καὶ
1338 1687 1443 1723 ὤνησεν
1453 1691 1517 1722 τοὺς
1530 1692 1561 1718 οὐ
1572 1693 1720 1726 πεσόντας;
1731 1693 1753 1719 εί
1764 1693 1789 1719 δὲ
1801 1691 1834 1718 διὰ

1063 1734 1126 1764 τοὺς
1137 1732 1270 1763 πεσόντας
1281 1752 1289 1764 ,
1302 1732 1360 1765 πῶς
1367 1734 1397 1760 οὺ
1410 1735 1520 1771 χείρους
1528 1736 1553 1763 ot
1565 1737 1602 1772 μὴ
1616 1738 1783 1769 πεπτωκότες
1791 1737 1833 1763 τῶν

1063 1780 1246 1808 πεπτωκότων
1255 1779 1311 1815 (55)
1322 1780 1338 1816 ἢ
1345 1780 1424 1808 τοῦτο
1430 1782 1478 1808 ὲπε
1483 1783 1625 1817 ργαστέον;
1631 1784 1692 1815 Ἔτι
1705 1793 1735 1811 σα
1739 1783 1832 1819 ρκωθεὶς

1062 1826 1076 1852 ὁ
1087 1827 1171 1860 Λόγος
1183 1827 1218 1854 τά
1228 1836 1258 1854 τε
1268 1828 1318 1863 τῆς
1332 1828 1432 1864 ἀρετῆς
1445 1829 1492 1855 καὶ
1505 1829 1538 1855 τὰ
1545 1829 1596 1864 τῆς
1613 1830 1750 1862 εὐσεϐείας
1765 1829 1832 1865 μαθή-

1064 1873 1159 1908 ματαὴ
1164 1874 1217 1907 μᾶς
1232 1874 1432 1907 ὲξεπαίδευσεν,
1445 1874 1480 1901 δι’
1489 1872 1527 1901 ὧν
1538 1876 1604 1910 ἡμῖν
1618 1878 1730 1910 γέγονεν
1740 1878 1770 1926 τῇ
1783 1874 1830 1926 περ’

1062 1917 1145 1945 αὐτοῦ
1159 1920 1251 1956 χάριτι
1265 1920 1468 1955 κατορθοῦντας
1484 1920 1552 1956 (56),
1568 1921 1586 1948 ἃ
1603 1923 1719 1949 ὑπέθετο
1732 1923 1776 1957 τῆς
1789 1920 1831 1947 τῶν

1061 1963 1184 1998 οὐρανῶν
1217 1965 1354 2000 βασιλείας
1379 1966 1520 2002 ἀδιάδοχος
1551 1967 1732 2003 κληρονομία.
1765 1967 1792 1993 'll
1810 1966 1830 1992 δὲ

1062 2008 1195 2044 ἀγγελικὴ
1210 2009 1290 2044 φύσις
1304 2011 1414 2047 καὶτῆς
1435 2012 1537 2047 ἀρετῆς
1564 2014 1613 2039 καὶ
1634 2014 1685 2049 τῆς
1711 2011 1831 2042 εὐσεσεὶας

1061 2050 1134 2087 εἶχεν
1145 2053 1194 2089 τὴν
1207 2054 1318 2088 γνῶσιν.
1335 2055 1400 2091 Τῆςξ
1417 2056 1468 2091 μὲν
1480 2056 1595 2092 ἀρετῆς,
1607 2057 1637 2090 ἐξ
1662 2055 1700 2085 ὢν
1724 2057 1782 2087 τοὺς
1795 2055 1830 2083 im‘

1062 2099 1149 2134 αὐτῆς
1164 2100 1219 2136 (57)
1233 2101 1494 2138 ὑποσκελιςομένους
1507 2104 1575 2139 πρὸς
1589 2105 1720 2132 τάναντία
1740 2102 1829 2140 μεθεῖλ-

1060 2145 1109 2172 κέν
1120 2154 1149 2172 τε
1159 2147 1206 2173 καὶ
1215 2147 1405 2180 ὐπεδελέαζεν.
1419 2149 1475 2175 Καὶ
1485 2149 1535 2184 τῆς
1544 2150 1689 2183 εὐσεὸείας
1701 2151 1723 2177 δ’
1736 2149 1828 2186 ὁμοίως.

1060 2191 1108 2218 καὶ
1137 2191 1166 2225 ἐξ
1195 2189 1233 2219 ὧν
1259 2193 1346 2220 ὲϐόαο
1379 2204 1388 2220 ι
1406 2193 1472 2222 Οἶδά
1500 2203 1530 2222 σε
1557 2196 1599 2227 τίς
1617 2195 1661 2223 εἶ’
1677 2198 1692 2224 ό
1712 2197 1782 2230 ἅγιος
1793 2193 1828 2221 τοῦ

1061 2236 1140 2263 Θεοῦ·
1154 2247 1164 2264 ι
1182 2239 1241 2271 καὶ,
1256 2249 1265 2265 ι
1280 2237 1382 2272 Ἧλθες
1397 2242 1452 2276 πρὸ
1465 2241 1565 2277 καιροῦ
1581 2242 1725 2277 βασανίσαι
1739 2242 1827 2277 ἡμᾶς’)

1061 2283 1108 2309 καὶ
1125 2283 1210 2318 μυρία
1226 2283 1390 2312 ἄλλα.Ὥστε
1417 2287 1458 2317 εἰς
1474 2287 1564 2323 μάτην
1577 2288 1666 2324 αὐτὴν
1680 2289 1734 2315 τῶν
1760 2285 1817 2320 ἀγγέ
1826 2299 1828 2301 ’

1059 2327 1113 2354 λῶν
1125 2329 1264 2365 ὑπήρχετο
1273 2331 1363 2365 φύσιν.
1369 2332 1429 2359 Ἔτι
1439 2333 1591 2367 σαρκοῦται
1598 2333 1769 2370 ὁΛόγος,6δδν
1776 2332 1828 2367 ἡμῖν

1057 2370 1130 2401 δι’ὧν
1139 2374 1283 2410 ἔπραττεν,
1300 2376 1471 2411 ὑποδεικνὺς,
1479 2378 1513 2405 δι’
1527 2376 1561 2416 ἦς
1570 2381 1636 2415 ἡμῖν
1646 2381 1662 2416 ἡ
1673 2381 1738 2416 πρὸς
1747 2378 1787 2405 τὸν
1797 2377 1828 2402 οὗ·

1058 2420 1138 2456 ρανδν
1150 2420 1242 2454 ἄνοδος
1252 2423 1460 2458 πορισθήσεται.
1468 2425 1531 2457 Τοῖς
1540 2426 1568 2452 δὲ
1578 2427 1689 2462 δαίμοσι
1702 2426 1827 2462 πρόκειται

1053 2466 1089 2494 τὰ
1099 2467 1217 2503 ὁμογενῆ
1226 2468 1355 2504 τάγματα
1368 2470 1419 2505 τῆς
1431 2471 1549 2507 ἀρχαίας
1556 2472 1706 2507 λήξεως,δι“
1713 2469 1747 2499 ὧν
1755 2469 1826 2506 πράτ-

1054 2521 1141 2544 τουσι,
1153 2513 1204 2549 τὴν
1219 2515 1410 2551 μακαριότητα
1426 2517 1647 2552 προδεικνύοντα.
1657 2518 1726 2545 Ἀλλ’
1742 2516 1825 2543 ἐκεῖνοι

1056 2558 1168 2595 γνώμης
1180 2560 1295 2596 ἀπονοίᾳ
1301 2560 1363 2588 οὔτε
1374 2561 1497 2596 ἕπονται,
1513 2562 1576 2591 οὔτε
1589 2564 1658 2600 πρὸς
1669 2563 1762 2594 αὐτοὺς
1774 2562 1822 2587 ἔπι·

1029 2603 1075 2631 29.

968 2647 1086 2678 NOTAE.

245 2684 302 2720 (3'2)
318 2684 375 2724 _Pro
393 2686 484 2724 enim;
508 2687 586 2716 Colb.
610 2689 703 2724 φύσιν.
733 2689 865 2719 Neutrum
892 2698 996 2721 rectum

210 2724 303 2770 νυιο.
318 2720 766 2770 "ista;essetisessr?
782 2735 831 2770 ριίο
847 2728 998 2770 “eseam.

209 2755 354 2798 tegendum
365 2756 446 2785 luerit
456 2755 616 2795 ὶδούλευεν,
630 2761 771 2788 suadebat.
783 2755 820 2789 Ὲι
835 2764 875 2791 sic
889 2755 998 2792 retineri

209 2795 296 2824 possit
306 2795 398 2826 φύσις.

324 2826 395 2869 ῷατε
412 2828 528 2869 εἰκότως
538 2829 619 2869 Colb.
640 2838 692 2869 pro
703 2833 928 2869 προστεθηκότω.

246 2861 303 2895 (54)
330 2862 370 2890 lta
394 2865 493 2898 scripsi
518 2872 568 2900 pro
592 2861 890 2902 ἀναδεδειγμὲνοι,ἐι
918 2870 1001 2898 verbo

1048 2697 1227 2734 ἀναδέχομαι.

1085 2733 1315 2770 (ᾇὸλμυεθιιᾱιιιη
1331 2741 1396 2770 puto
1415 2738 1450 2763 εἰ.

1083 2769 1139 2804 (.36)
1150 2769 1241 2798 Malim
1257 2769 1432 2807 κατορθοῦσι,
1449 2776 1478 2799 ut
1490 2773 1625 2802 referatur
1633 2774 1665 2802 ad
1675 2770 1821 2801 antecech

1051 2811 1144 2875 ημῗέἦ)
1159 2840 1244 2876 αὐτῆς
1259 2841 1336 2869 Colb.
1349 2849 1399 2877 pro
1413 2843 1522 2875 αὐτούς.
