1874 3070
27 157 100 192 1049

479 160 528 191 AD
547 160 844 192 AMPIIILOCHIUM
857 161 1031 198 QUESTIO
1051 161 1181 193 CCXLV.

1611 161 1680 194 1050

27 218 205 254 στρέφονται·
212 217 283 245 ὥστε
290 217 436 254 περίεργόν
443 218 517 246 ἐστιν
522 218 646 253 ἀγγέλων
654 218 703 254 τὴν
709 218 756 246 τοῦ
762 219 829 246 Θεοῦ

906 224 942 248 'at
963 225 1152 256 suscepturus.
1174 219 1372 248 lnearnabalur
1391 224 1523 256 praeterea
1547 219 1679 254 Verbum,

27 265 112 298 φύσιν
129 264 269 291 ὑπελθεῖν.
288 264 398 291 Μᾶλλον
410 264 439 291 δὲ
453 264 494 296 εις
510 264 596 299 μείζω
607 266 653 291 καὶ
664 265 829 301 βαρυτέραν,

27 311 110 344 εῐπερ
121 306 181 336 οἷόν
191 309 222 335 τέ
236 310 303 341 ἐστι,
317 309 367 344 τῆς
375 309 563 344 ἀποκειμένης
575 310 668 342 αὐτοῖς
680 311 828 343 κολάσεως.

28 354 91 381 Ἔτι
104 354 234 388 ἀγγέλων
249 355 328 390 εἴπερ
342 354 456 390 ἔμελλεν
469 356 484 382 ό
497 356 584 390 Λόγος
602 356 684 392 φύσιν
710 358 829 394 ὑπέρχε-

30 400 96 426 σθαι
112 400 185 435 (58),
200 400 259 433 πῶς
273 399 307 427 ἂν
322 401 455 436 ὑπῆλθεν,
471 402 553 429 τόκου
566 402 604 439 μὴ
619 403 827 438 μεσιτεύοντοςς

25 447 49 472 εἰ
62 445 86 473 δ’
99 446 198 478 ἁπλῶς
213 447 273 473 κατ’
281 447 419 473 οίκείωσιν
429 448 477 475 καὶ
489 450 618 485 σχετικὴν
629 450 739 477 σύνοδον
749 451 829 478 τοῦτο

26 493 141 526 προσῆν
151 493 208 524 τοῖς
217 492 352 528 δαίμοσιν,
365 493 422 520 ἀλλ’
436 494 542 521 ἐκεῖθεν
558 495 744 531 διερῤάγησαν
757 497 826 532 (59).

28 538 92 564 Ἔτι
111 538 188 569 τίνος
206 538 263 573 (40)
282 539 337 566 τῶν
350 541 536 567 πεπτωκότων
548 542 668 568 ἐποιεῖτο
694 542 744 577 τὴν
758 543 828 570 κατὰ

25 584 318 619 τδᾶκρονοξκείωσινς
342 585 428 620 Είμὲν
437 587 491 612 τῶν
505 586 642 620 ἑστώτων,
651 589 698 615 καὶ
711 589 738 615 τί
751 589 784 615 ἂν
797 590 828 616 τὸ

26 631 182 662 πεπτωκὸς
190 630 288 665 divum;
298 631 425 659 Ἐκείνων
433 632 488 668 γὰρ
497 633 545 660 καὶ
552 634 616 668 πρὶν
629 633 764 668 μενόντων
771 635 797 669 (4
803 635 826 670 l)

27 677 55 701 ἐν
72 677 135 707 τοῖς
149 676 276 710 ἀμείνοσι
289 677 321 703 τὸ
335 676 473 712 δαιμόνιον
483 677 670 712 ταλανιζεται.
685 679 717 706 Εἰ
728 680 758 706 δὲ
771 680 827 707 τῶν

27 723 231 755 πεπτωκότων,
246 723 297 750 ποῦ
312 724 343 750 τὸ
356 723 461 751 δίκαιον
475 733 482 758 ;
506 724 568 756 Πῶς
594 725 617 752 δ’
631 725 664 752 ἂν
678 725 729 752 οὐκ
748 725 828 761 ἔσχεν

25 770 122 805 χώραν
138 769 300 803 ἐκλέγεσθαι
307 770 338 797 τὸ
352 770 577 806 κατεγνωσμένον
587 771 687 807 Παύλῳ
699 779 706 787 ·
721 781 730 798 ι
743 772 827 808 Ποιή-

26 823 122 850 σωμεν
135 814 172 841 τὰ
185 815 272 849 κακά;
285 815 400 842 usus:
413 816 493 843 τόκου
506 817 565 848 ταῖς
573 816 734 850 ἀγγελικαῖς
747 818 828 845 δυνά-

27 871 92 898 μεσι
107 864 151 899 μὴ
168 862 369 898 μεσιτεύοντος,
386 862 447 889 οὐδὲ
465 862 548 897 φύσιν
559 861 593 898 ἦν
608 863 721 890 δυνατὸν
735 865 826 891 αὐτῶν

26 909 183 936 ἀναλαϐεῖν
206 909 252 936 τὸν
267 909 354 943 Λόγον
377 908 425 935 τοῦ
441 908 520 941 Θεοῦ,
536 909 605 937 ἀλλὰ
614 918 677 937 τινα
685 910 731 937 τὸν
764 911 825 938 καθ’
843 901 862 927 Β

25 955 216 982 ἓκαπον.⁸“ον
233 955 256 982 δ’
272 954 304 982 ἂν
319 955 425 988 ἔλασεν,
441 955 522 990 μόνον
540 956 644 982 ἐκεῖνον
655 956 688 983 ἂν
695 957 743 984 καὶ
757 956 826 984 ἐτι-ω⁴

881 265 952 292 viam
967 265 1047 293 nobis
1066 273 1114 301 per
1138 273 1188 297 ea,
1203 273 1264 301 quae
1289 265 1403 301 agebat,
1427 270 1613 297 ostensurum,
1631 273 1680 301 per

880 319 963 347 quam
981 312 1088 340 reditus
1112 313 1195 340 nobis
1213 313 1240 339 in
1256 312 1356 340 cmlum
1373 317 1486 347 pateret.
1501 311 1681 339 Daemonibus

879 367 945 387 vero
960 359 988 386 in
1005 359 1160 394 exemplum
1178 359 1310 395 propositi
1326 363 1391 387 sunt
1405 358 1509 387 similes
1525 358 1580 386 illis
1595 366 1683 393 ange-

879 406 970 434 lorum
987 406 1111 438 ordines.
1125 406 1269 441 pristinam
1286 406 1380 434 sedem
1395 410 1511 437 luentes,
1525 411 1607 440 atque
1624 405 1682 432 illis

880 453 964 487 ipsis,
984 460 1045 488 quae
1068 458 1169 488 agunt,
1196 453 1269 480 viam
1295 452 1329 480 ad
1352 452 1506 480 beatitatem
1534 459 1677 480 common-

879 504 1009 528 stranles.
1028 499 1068 527 llli
1096 507 1179 532 vero,
1204 504 1296 527 mente
1318 499 1425 531 aversi,
1450 506 1500 526 nec
1525 502 1679 532 sequuntur

879 545 960 578 illos,
983 552 1033 573 nec
1048 545 1081 572 ad
1104 545 1215 573 eosdem
1233 548 1442 572 convertuntur.
1468 544 1565 579 itaque
1582 551 1679 578 supcr-

879 598 1029 619 vacaneum
1054 590 1143 622 foret,
1167 590 1191 618 si
1222 590 1270 618 Dei
1293 595 1390 617 natura
1416 590 1490 617 illam
1515 590 1676 625 angelorum

878 638 1045 672 susciperet;
1063 638 1120 665 imo
1135 637 1160 664 id
1180 637 1270 672 ipsum
1288 645 1397 672 pcenam
1416 636 1606 664 imminentem
1621 643 1676 662 ma-

876 683 963 718 jorem
988 688 1016 711 et
1040 684 1206 718 graviorem,
1234 684 1366 719 siquidem
1393 683 1455 711 talis
1481 683 1540 710 dari
1568 686 1678 716 potest.

878 730 1014 758 redderet.
1030 729 1108 763 Quod
1127 729 1150 758 si
1168 735 1300 765 praeterea
1319 729 1436 757 Verbum
1454 729 1613 764 angelorum
1630 736 1679 756 na-

878 782 967 804 turam
981 784 1123 804 assumere
1136 784 1258 812 unquam
1273 776 1414 809 voluisset,
1427 775 1566 811 quomodo
1579 775 1605 802 id
1617 774 1679 802 sine

878 824 1063 851 intercedente
1086 828 1166 858 partu
1190 823 1283 858 aliquo
1299 823 1356 850 ﬁeri
1378 821 1530 857 potuisset?
1545 821 1574 849 Si
1594 827 1678 856 porro

879 873 983 896 tantum
1000 877 1050 904 per
1065 869 1317 904 approprialionem
1337 869 1457 904 aliquam
1474 872 1502 895 et
1515 868 1676 895 relationem

879 914 1010 942 moralem
1026 914 1146 942 Verbum
1165 914 1231 942 illud
1245 921 1276 943 se
1291 922 1354 943 cum
1366 914 1539 943 daemonibus
1554 922 1678 941 commu-

878 960 1006 993 nicasset,
1034 960 1072 988 illi
1096 961 1139 988 vel
1163 960 1203 988 sic
1225 960 1260 987 ab
1281 968 1314 988 eo
1335 960 1453 995 sejuncti
1472 959 1599 988 fuissent.
1618 959 1678 992 Qua

26 1001 82 1033 ζεν.
97 1002 188 1028 Ὠπτε
217 1001 375 1028 συνεδαινεν
390 1001 424 1028 ἂν
449 1001 531 1028 αὑτὸν
545 1002 677 1037 μυριάκις
703 1003 827 1038 ἀγγέλων

906 1015 958 1034 »τι-ο
982 1007 1015 1034 de
1039 1014 1123 1034 causa
1148 1006 1266 1034 Verbum
1292 1006 1384 1041 lapsos
1406 1006 1467 1033 illos
1487 1006 1539 1033 sibi
1556 1006 1676 1032 maxime

26 1047 117 1083 ἄτομα
135 1047 192 1082 (42)
213 1047 385 1074 ὑποδύεσθαι.
402 1047 511 1075 Μᾶλλον
531 1048 560 1075 δὲ
576 1049 690 1081 ἀνίλεως
706 1050 749 1086 εἴη
770 1050 826 1087 (65)

906 1053 1099 1088 ipropriassct?
1113 1052 1141 1080 Si
1160 1053 1262 1081 dixeris
1279 1063 1285 1080 :
1307 1052 1335 1079 In
1348 1052 1465 1088 gratiam
1492 1052 1613 1084 illorum,
1629 1051 1677 1086 qui

26 1092 207 1127 δαιμόνωνβῖ
219 1094 309 1129 πάσης
320 1093 420 1124 κακίας
429 1093 544 1125 ἑαυτοὺς
555 1093 701 1128 ἀπέδειξαν
710 1095 825 1131 δργανα.

906 1100 1023 1125 atiouem
1048 1106 1125 1125 suam
1144 1098 1334 1128 retinuerant.
1363 1096 1427 1132 quid
1449 1096 1512 1124 inde
1539 1095 1677 1123 commodi

27 1141 58 1166 ad
72 1139 172 1173 lapsos
186 1139 370 1174 pervenisset?
389 1139 444 1167 Illis
458 1139 531 1166 enim
546 1140 659 1168 meliore
672 1142 829 1172 conditione
850 1145 953 1180 pridem
968 1145 1131 1176 l'ruentibus.
1145 1144 1286 1172 dzemoues
1300 1144 1373 1172 vises
1404 1151 1470 1172 suas
1498 1143 1675 1171 miserantur.

28 1185 54 1211 Si
70 1192 141 1212 vero
154 1185 182 1211 in
198 1186 313 1220 gratiam
331 1186 486 1221 lapsorum;
505 1187 645 1221 quomodo
662 1187 688 1215 id
703 1188 745 1216 fas
774 1190 891 1219 fuisset?
922 1191 1020 1219 Nonne
1052 1191 1142 1227 potius
1176 1191 1202 1218 id
1229 1191 1333 1218 factum
1350 1195 1434 1224 esset,
1467 1189 1542 1225 quod
1574 1189 1676 1217 Paulus

29 1234 179 1259 aversatur
198 1241 204 1258 :
228 1241 238 1257 ι
261 1230 406 1260 Faciamus
425 1233 494 1259 mala
517 1234 538 1259 ’.
559 1242 569 1259 ι
597 1234 711 1266 Quando
734 1235 852 1272 denique
872 1242 968 1272 partus
989 1238 1120 1273 angelicis
1142 1237 1228 1272 copiis
1255 1237 1359 1264 mederi
1387 1241 1415 1264 et
1432 1244 1484 1263 usu
1504 1236 1600 1264 venire
1620 1243 1676 1263 non

27 1278 134 1310 potuit,
159 1285 209 1304 nec
227 1283 354 1306 naturam
374 1279 536 1313 angelorum
556 1277 674 1307 Verbum
695 1281 740 1308 Dei
755 1290 907 1317 assumere,
925 1284 972 1311 sed
1008 1292 1095 1311 unum
1129 1284 1248 1319 aliquem
1266 1291 1374 1316 eorum,
1405 1285 1504 1318 potuit.
1520 1282 1678 1316 Quemcun-

28 1331 81 1358 que
97 1331 170 1351 vero
183 1331 277 1351 eorum
312 1325 521 1360 assumpsisset,
543 1326 621 1353 illum
656 1335 740 1355 unum
777 1329 920 1358 salvasset.
949 1330 988 1358 Ita
1017 1337 1081 1357 vero
1110 1330 1235 1358 l'ulurum
1264 1335 1343 1362 erat,
1377 1334 1407 1357 ut
1436 1329 1482 1356 illa
1515 1329 1676 1364 angelorum

28 1369 210 1396 iiulivisibilin
229 1370 328 1397 millies
355 1371 517 1404 susciperet.
537 1371 633 1400 Satius
655 1373 747 1408 itaque
764 1379 834 1407 erat,
856 1375 1011 1403 daemonum
1028 1384 1082 1403 non
1099 1376 1243 1410 misereri,
1270 1377 1316 1412 qui
1342 1383 1373 1404 se
1397 1375 1472 1411 ipsos
1492 1375 1584 1403 omnis
1614 1382 1678 1410 pra-

28 1416 123 1443 vitatis
137 1416 317 1444 instrumenta
331 1417 530 1451 praestilisseut.

291 1464 459 1491 ΕΡΩΤΗΣΙΣ
475 1466 564 1493 ΣΜΕ¹.

906 1467 1045 1496 U/ESTIO
1051 1467 1163 1495 CCXLV
1172 1467 1265 1503 [CoisL
1277 1465 1520 1493 Taur.XCll.Maio
1527 1464 1677 1502 CCXLlV].

29 1511 113 1537 Διατί
125 1510 328 1549 ὃιὸαᾳκᾷμερα
342 1511 578 1549 daordqoso0a1_
586 1511 625 1545 τῷ
644 1512 763 1548 Σατανᾷ
777 1514 826 1541 καὶ

908 1523 972 1541 uare
998 1514 1168 1549 prmcipialur
1192 1513 1266 1539 nobis
1294 1513 1456 1539 remmlm'lio
1472 1511 1593 1545 Summe,
1624 1519 1678 1539 non

177 1546 246 1579 οὐχὶ
261 1546 323 1578 τοῖς
332 1547 477 1580 πονηροῖς
487 1547 653 1582 ἀνθρώποις
666 1557 675 1578 ,'

1090 1554 1179 1575 autem
1199 1549 1287 1583 pravis
1306 1549 1469 1575 hominibus.

358 1594 428 1618 Edita
440 1602 452 1619 a
468 1594 529 1619 Maio
546 1595 621 1626 (Nov.
639 1595 700 1621 Coll.
713 1600 731 1621 t.
751 1596 792 1626 IX,
803 1604 827 1628 p.
843 1597 906 1628 lli).
924 1612 954 1617 —
967 1599 1004 1623 De
1018 1597 1232 1622 abrenuntiatioue
1248 1595 1347 1620 diaboli.

72 1637 303 1673 ’Δποτασσόμεθα
319 1637 358 1672 τῷ
371 1638 477 1672 Σαιανᾷ
489 1639 538 1665 καὶ
551 1641 607 1671 τοῖς
622 1639 715 1675 ἔργοις
732 1641 826 1673 αὑτοῦ,
841 1645 862 1673 c

32 1685 78 1711 καὶ
92 1684 157 1718 οὐχὶ
167 1684 223 1714 τοῖς
235 1685 364 1719 πονηροῖς
385 1683 552 1719 ἀνθρώποις,
578 1685 687 1720 πρῶτον
710 1686 761 1720 μὲν
783 1687 828 1714 ῖνα

35 1730 71 1765 μὴ
88 1729 231 1764 ἀφορμὰς,
244 1730 268 1756 εἰ
281 1730 328 1756 καὶ
344 1730 381 1764 μὴ
393 1729 533 1764 εὐλόγους.
544 1731 577 1758 ὲκ
588 1731 690 1767 ταύτης
701 1731 829 1767 λάϐωμεν

33 1777 81 1811 τῆς
96 1775 253 1810 ἀποταγῆς,
273 1777 363 1811 μισεῖν
378 1776 424 1803 καὶ
439 1777 661 1812 ἀποστρέφεσθαι
677 1778 724 1804 καὶ
736 1778 831 1814 ὲκτρέ-

33 1824 137 1850 metiar.
153 1823 201 1849 καὶ
217 1822 422 1850 ἁποτάσσεσθαι
433 1823 464 1849 τὺ
476 1823 623 1858 ὁμόφυλον.
635 1824 768 1860 Δεύτερον
788 1824 828 1855 δὲ,

34 1870 59 1896 εί
88 1868 308 1904 ἀπετασσόμεθα
334 1869 392 1900 τοῖς
421 1871 551 1904 πονηροῖς
583 1869 749 1905 ἀνθρώποις,
780 1870 830 1904 οὐχ

34 1916 119 1949 ἡμεῖς
134 1915 163 1941 δὲ
175 1914 243 1940 ἀλλὰ
253 1915 302 1940 καὶ
318 1914 372 1950 πρὸ
386 1914 464 1949 ἡμῶν
481 1915 505 1941 οἱ
520 1915 679 1943 διδάσκαλοι
700 1915 747 1942 καὶ
762 1916 830 1943 ἀπό-

36 1959 137 1990 στολοι,
157 1959 200 1991 τις
221 1959 254 1986 ἂν
278 1959 333 1986 τῶν
352 1959 525 1995 ἁμαρτωλῶν
541 1960 688 1992 ἐσέσωστο,
713 1961 763 1995 τῆς
779 1961 830 1996 μὲν

35 2005 182 2040 ἀποταγῆς
207 2007 256 2041 τὴν
276 2006 453 2041 ἀποστροφὴν
473 2008 638 2043 τικτούσης,
664 2008 714 2043 τῆς
732 2008 761 2034 δὲ
781 2007 831 2043 τὴν

36 2051 200 2087 παραξνεσιν
213 2051 259 2077 καὶ
277 2051 453 2078 διδασκαλίαν
468 2052 696 2088 ουναναιρούσης,
747 2052 794 2080 καὶ
812 2053 830 2088 ἡ

35 2097 193 2133 ἐπιστροφὴ
204 2097 251 2124 καὶ
267 2098 283 2133 ἡ
299 2098 470 2133 μεταμέλεια
488 2100 710 2135 συναναιρεῖται;
723 2098 758 2133 γ’.
775 2099 831 2129 Καὶ

34 2143 74 2176 τίς
84 2143 122 2171 ἂν
130 2145 234 2176 ἐκεῖνος
241 2145 255 2170 ό
265 2144 364 2179 λέγων,
374 2145 579 2179 Ἀποτάσσομαι
590 2146 647 2176 τοῖς
659 2144 831 2180 ἁμαρτωλοῖς

35 2190 198 2225 ῆπονηροῖς
233 2189 404 2225 ὰνθρώποις;
430 2191 455 2216 εί
478 2190 528 2224 μὲν
552 2190 628 2224 λέγοι
656 2190 753 2217 ἑαυτὸν
776 2191 831 2217 τῶν

34 2235 221 2272 ἁμαρτωλῶν,
238 2236 329 2271 ἑαυτῷ
348 2237 381 2263 ἂν
401 2237 571 2263 ἀπετάττετο
590 2244 597 2251 ·
616 2237 641 2263 εί
662 2237 691 2264 δὲ
717 2236 772 2263 τῶν
788 2236 829 2263 δι-

35 2283 135 2312 καίων.
151 2282 196 2309 ἵνα
208 2283 293 2310 τᾶλλα
305 2283 390 2316 ἐάσω,
413 2283 473 2309 ἀλλ’
483 2283 512 2309 ὲν
521 2282 611 2318 καιρῷ
621 2282 671 2317 τῆς
684 2282 830 2318 μετανοίας

35 2330 82 2355 καὶ
113 2329 264 2363 σωτηρίας,
295 2328 431 2364 βάραθρον
455 2328 544 2364 ἐαυτῷ
571 2328 760 2364 μεγαλαυχίας
783 2326 865 2356 καὶῦ

36 2374 207 2409 φαρισαῖκῆς
223 2375 360 2407 ἀπωλείας
382 2375 524 2410 διώρυττε.
537 2375 570 2402 δ’.
587 2375 642 2410 Οὐχ
656 2376 670 2402 ὁ
687 2374 832 2410 ἄνθρωπος

35 2421 82 2448 ἀπ’
97 2421 199 2457 ἀρχῆς,
213 2421 271 2448 ἀλλ’
284 2423 298 2448 ὁ
311 2422 430 2457 πονηρὸς
439 2421 574 2457 ἠπάτησε.
587 2420 618 2448 ε’.
633 2422 663 2449 '0
680 2422 729 2457 μὲν
744 2422 832 2448 Σατα-

37 2469 84 2500 νᾶς
100 2468 151 2502 τὴν
168 2468 269 2495 κακίαν
285 2467 360 2494 ἐστὶν
375 2467 576 2503 ἀμετάϐλητος.
592 2466 629 2500 ς’.
654 2467 699 2494 Ἐν
712 2468 746 2502 τῇ
762 2467 832 2494 ἀπο-

36 2515 107 2549 ταγῇ
123 2513 178 2540 τῶν
188 2513 235 2540 τοῦ
251 2514 360 2540 Σατανᾶ.
381 2513 468 2548 ἔργων
482 2513 528 2540 καὶ
541 2513 591 2540 ὅσα
606 2512 751 2548 ἄνθρωπος
764 2513 834 2549 πρά-

38 2559 88 2593 ξει,
108 2560 171 2586 ἐπεὶ
181 2559 286 2586 ἐκεῖθεν
301 2560 334 2586 ἐκ
345 2561 394 2595 τῆς
405 2560 513 2594 ἀπάτης
527 2559 557 2585 τὸ
573 2559 695 2594 σπέρμα,
714 2559 743 2585 ὲν
756 2558 830 2585 ὲκεί-

38 2613 94 2638 νοις
112 2606 270 2642 περιέχεται
287 2613 293 2621 ·
310 2607 350 2637 εἰς
362 2614 417 2641 γαρ
434 2606 538 2632 ἐκεῖνον
552 2604 730 2641 ἀναφέρεται.

916 1643 1025 1670 Saturni:
1037 1647 1064 1669 ct
1090 1641 1220 1676 operibus
1237 1640 1308 1674 ejus,
1323 1646 1378 1666 non
1400 1644 1494 1666 autem
1516 1639 1609 1674 pravis
1627 1639 1678 1667 ho-

881 1689 1002 1716 minibus
1023 1687 1225 1717 renuutiamus,
1247 1685 1472 1720 primoquidem,
1491 1693 1526 1712 ne
1541 1686 1676 1714 motivum

880 1734 1005 1770 quamvis
1017 1741 1071 1760 non
1090 1732 1264 1764 rationabile,
1280 1739 1314 1759 ex
1330 1731 1383 1759 ista
1404 1731 1607 1758 renuntiatione
1629 1739 1678 1759 su-

881 1787 1007 1809 mamus.
1036 1778 1206 1805 conlratrum
1246 1776 1309 1803 odio
1344 1776 1598 1811 persequendorum
1634 1776 1677 1803 vel

880 1825 1066 1857 vitandorum,
1082 1825 1126 1851 vel
1142 1823 1375 1858 repellendorum,
1391 1823 1433 1850 vel
1449 1822 1675 1857 rejiciendorum.

882 1871 1008 1899 Secundo
1021 1874 1124 1900 autem.
1136 1869 1159 1896 si
1172 1869 1394 1896 reuuutiaremus
1405 1869 1497 1904 pravis
1507 1868 1675 1901 hominibus.

882 1925 932 1945 nec
955 1924 1016 1948 nos,
1041 1924 1090 1943 nec
1110 1920 1173 1943 ante
1199 1923 1248 1943 nos
1273 1915 1397 1950 magistri
1417 1919 1445 1941 et
1469 1915 1597 1949 apostoli,
1614 1917 1677 1949 quis

882 1969 1058 1999 peci-atorum
1078 1962 1201 1990 salvatus
1214 1961 1330 1989 luisset?
1344 1960 1548 1988 renuntiatione
1563 1961 1674 1996 quidem

882 2010 1053 2037 aversionem
1076 2008 1256 2043 producente.
1286 2007 1334 2036 sed
1363 2011 1392 2034 et
1413 2007 1632 2034 exhortationem
1650 2012 1679 2034 et

882 2056 1093 2084 instructionem
1120 2055 1275 2087 destruent,
1298 2058 1327 2082 et
1349 2054 1388 2082 ita
1412 2054 1625 2082 conversionem
1649 2059 1678 2081 et

882 2102 1070 2137 paenitentiam
1089 2101 1210 2128 tollente.
1229 2101 1333 2133 Tertio,
1359 2104 1387 2128 et
1401 2100 1463 2135 quis
1477 2104 1519 2128 est
1536 2101 1582 2135 qui
1603 2099 1678 2127 dicat

883 2149 1012 2176 renuntio
1038 2148 1239 2184 peccatoribus.
1264 2147 1307 2175 vel
1329 2147 1420 2182 pravis
1444 2146 1623 2175 hominibus?
1652 2147 1677 2173 si

883 2196 1004 2230 seipsum
1029 2195 1096 2222 dicit
1120 2195 1191 2222 inter
1215 2199 1385 2228 peccatores,
1412 2201 1503 2222 nonne
1524 2193 1615 2228 seipso
1631 2201 1677 2219 rc—

883 2241 1038 2269 nuntiabit?
1052 2241 1075 2268 si
1091 2248 1156 2267 vero
1181 2240 1252 2267 inter
1268 2240 1368 2274 justus,
1384 2247 1418 2266 ne
1436 2239 1514 2274 plura
1529 2238 1629 2272 dicunt,
1649 2239 1676 2266 iu

884 2294 1006 2323 tempore
1020 2286 1189 2323 poenitentize
1206 2291 1232 2313 et
1246 2286 1357 2317 salutis,
1378 2285 1513 2319 superbiae
1530 2289 1558 2312 et
1580 2286 1676 2319 phari-

883 2335 965 2362 saica‘.
985 2332 1147 2368 perditionis
1163 2331 1298 2367 gurgitem
1324 2330 1376 2358 sibi
1400 2329 1542 2356 ell'odiret.
1560 2328 1675 2361 Quarto,

882 2388 937 2408 nou
955 2381 1037 2407 homo
1049 2378 1225 2414 a-principio,
1243 2378 1290 2405 sed
1307 2375 1422 2404 Satanas
1433 2375 1551 2410 decepit.
1561 2375 1677 2408 Quinto.

882 2427 999 2455 Satanas
1015 2425 1125 2460 quidem
1142 2425 1169 2452 in
1185 2423 1259 2451 malo
1275 2428 1319 2451 est
1331 2422 1515 2450 inVnriabllis.
1533 2420 1627 2453 Sesto,
1645 2420 1677 2448 lu

883 2474 1091 2502 restuntiatione
1118 2472 1228 2500 Satanae
1262 2471 1410 2506 operibus,
1440 2475 1468 2497 et
1505 2476 1678 2504 quaecunque

884 2521 946 2548 facit
967 2521 1061 2552 homo,
1083 2519 1217 2555 siquidem
1241 2518 1305 2545 hinc
1327 2517 1443 2544 fallaciae
1462 2523 1568 2548 semen,
1588 2514 1678 2542 conti-

885 2572 996 2595 nentur.
1008 2567 1038 2594 lu
1053 2566 1130 2594 illum
1147 2566 1221 2594 enim
1237 2563 1402 2593 relationem
1421 2563 1532 2590 habent.

793 2648 908 2679 ΝΟΤίΕ.

74 2697 132 2734 (58)
148 2698 196 2734 Sic
208 2698 300 2726 scribo
320 2705 380 2733 pro,
396 2698 557 2734 ὑπέρχεται.

75 2733 133 2769 (59)
148 2733 187 2770 [tu
200 2734 280 2761 Coll).
294 2742 343 2768 pro
358 2735 406 2760 καὶ
420 2733 590 2770 ὲῤῥάγησαν.

75 2770 131 2806 (40)
145 2769 233 2806 ,Τίνος
242 2769 339 2806 scripsi
355 2777 404 2806 pro
423 2768 506 2806 τινός.
522 2768 584 2806 Sed
607 2768 648 2796 vel
670 2768 710 2796 sic
730 2775 829 2795 sensus

41 2803 108 2837 hiat,
122 2803 176 2831 nisi
193 2803 413 2831 subiulellexeris
433 2805 524 2839 χάριν,
544 2804 586 2830 vel
605 2808 829 2839 sequentemrvu-

41 2847 100 2866 cem
114 2840 301 2866 πεπτωκότων
315 2847 377 2866 cum
395 2839 438 2866 illa
455 2838 580 2873 ἀγγέλων
597 2845 744 2874 permutes.
768 2838 828 2864 Mox

42 2875 113 2901 enim
129 2875 218 2910 angeli
232 2876 258 2902 in
274 2875 395 2906 ἑστῶτας
414 2879 441 2901 et
456 2875 830 2910 πεπτωκόταςάὶειίιιεμυηυ

44 2914 96 2938 tur.
113 2910 153 2938 lla
168 2908 238 2938 Vero
254 2910 397 2945 legendum
419 2910 501 2937 fuerit
517 2910 590 2941 τίνος
612 2909 666 2937 τῶν
687 2908 828 2943 ἀγγέλων;

881 2703 957 2731 quem
965 2729 969 2731 Δ
977 2693 1132 2731 angelorum
1147 2690 1319 2731 chorumﬁsibj
1337 2689 1537 2731 appropriassel
1549 2687 1561 2714 ἔ)

919 2729 974 2766 (41)
993 2723 1039 2756 δῖε
1054 2729 1158 2766 srribo,
1175 2735 1238 2754 cum
1253 2725 1332 2766 Coll).
1350 2733 1398 2759 pro
1419 2725 1468 2764 μεν
1484 2723 1579 2756 δννων,
1593 2728 1677 2756 quam

882 2760 1027 2794 lectionem
1044 2769 1136 2791 tumeu
1153 2763 1179 2790 iu
1193 2762 1318 2788 versione
1331 2760 1463 2795 expressi.
1613 2792 1617 2795 _
1654 2779 1656 2783 .

920 2792 975 2837 (Ω)
993 2800 1038 2837 _S_ic
1051 2792 1396 2837 Colbapruﬁtonahquod
1411 2797 1463 2837 Illuc
1481 2800 1534 2820 nou
1547 2792 1678 2837 quadrat.

920 2828 975 2871 (45)
992 2834 1091 2871 Noster
1105 2842 1111 2860 :
1130 2828 1257 2871 ᾇλλίλιως
1279 2828 1349 2871 sisti.
1364 2830 1446 2871 .nullo
1470 2836 1559 2871 sensu
1576 2828 1678 2855 :Lolb.

884 2864 935 2908 pro
949 2864 1007 2906 εἴδη
1024 2870 1104 2898 habet
1117 2869 1173 2904 εἰη.
1189 2864 1347 2904 Legendum
1363 2866 1452 2901 itaque
1464 2864 1590 2896 ἀνίλεως.
