1874 3070
57 139 132 186 1053

480 157 530 186 AD
544 156 841 186 AMPHILOCHIUM
859 155 1032 191 QUIESTIO
1051 155 1279 187 CCXLVI-CCL.

1630 158 1698 192 1054

54 210 171 236 θέλουσι
185 210 229 237 διὰ
242 209 296 237 τῶν
316 210 439 246 σημείων
468 211 537 246 πρὸς
551 212 600 246 τὴν
620 211 764 238 εὐσέϐειαν
779 219 852 246 χειρ-

945 215 973 238 ut
987 211 1111 245 obnoxii,
1128 219 1179 239 nec
1203 212 1235 238 ad
1254 212 1406 239 doctrinam
1429 211 1538 247 pietatis
1551 221 1601 248 per
1615 215 1700 242 mira—

54 255 251 290 αγωγηίὶῆναι,
263 254 341 281 κενὸν
359 257 408 282 καὶ
421 256 534 290 μάταιον
553 256 569 290 ἡ
585 255 638 281 τῶν
654 255 774 290 σημείων
791 255 853 281 ἐπί-

52 300 153 333 δειξις.
171 300 234 332 Τοῖς
247 300 275 326 δέ
291 309 322 334 γε
345 301 374 326 ὲν
388 302 421 336 τῇ
440 301 555 337 ἀπιστίᾳ
573 300 624 335 μὲν
641 301 851 336 τεθραμμένοις,

53 345 119 374 εἶτα.
133 349 228 383 ἡρέμα
244 355 301 378 πως
321 348 384 378 τοὺς
399 347 547 381 λογισμοὺς
563 347 631 382 πρὸς
647 347 697 381 τὴν
711 346 853 372 εὐσέϐειαν

52 393 192 420 ἐνδιδόναι
206 392 432 426 διανισταμένοις,
449 391 554 423 τούτοις
567 392 654 418 οἰκεία
671 392 718 418 καὶ
733 393 853 426 πρόσφο-

53 448 103 475 ρος
131 439 188 465 τῶν
214 438 373 473 παραδόξων
388 437 505 473 ἕργωνὴ
525 438 689 472 φανέρωσις.
709 438 756 464 Διά
774 437 852 463 τοῦτο

51 486 103 511 καὶ
118 485 134 510 ὁ
153 484 253 520 Κύριοι,
270 483 331 510 οὔτε
351 484 425 519 παρὰ
444 483 498 510 τῶν
514 483 652 514 παντελῶς
666 483 787 509 ἀπίστων
803 482 851 508 πί-

52 541 115 558 στιν
140 532 273 567 ἐπιζητεῖ.
303 531 382 566 ’ῌδει
405 531 459 565 γὰρ
473 531 521 565 οὐχ
544 531 680 565 εὑρίσκων
696 530 724 555 ὲν
739 529 829 559 αὐτοῖς
843 537 850 543 ·

52 577 118 603 οὔτε
137 576 214 612 παρὰ
229 575 283 602 τῶν
295 575 449 610 εἰλικρινῶς
469 575 702 602 πεπιστευκότων.
721 574 852 610 Προειλή-

51 632 99 658 (pst
118 623 176 657 γὰρ
190 623 236 649 καὶ
253 622 355 656 ταύτην
374 622 638 657 προεισενεγκόντων
649 621 754 655 ,αὐ-τῶν.
771 622 852 655 Ζητεῖ

49 670 78 695 δὲ
94 669 166 704 παρ’
182 669 303 700 ἐκείνων,
321 668 345 694 οἳ
360 667 390 700 ἐξ
409 668 535 699 ἀσεϐείας
552 668 591 698 είς
612 667 753 693 εὐσέϐειαν
769 676 851 701 μετα-

49 716 230 750 εαλλὸμενοι,
254 714 305 749 ἠδη
326 715 382 749 (Li)
397 714 446 749 τὴν
467 714 560 740 πίστιν
574 713 717 740 ὡδίνουσιν
738 714 767 740 ὲν
784 714 849 739 ἑαυ-

48 764 119 793 τοῖς.
136 762 199 793 Τοῖς
214 762 304 788 τοίνυν
321 762 427 792 πιστοῖς
443 761 472 786 οὺ
494 761 593 787 δεδοται
618 760 651 786 τὰ
671 761 782 795 σημεῖα.
797 761 850 786 Πε-

51 807 149 841 pnth
162 807 226 842 γάρ.
247 805 314 833 Οὐδὲ
331 809 386 838 τοῖς
405 806 604 842 ἁμεταὸλήτως
616 802 722 842 ἔχουσιν
734 807 787 833 ἀπὸ
800 807 848 842 τῆς

49 853 198 884 ἀπιστίας.
212 852 259 884 Et;
272 852 351 879 κενὸν
366 852 431 888 γάρ.
457 852 536 879 Ἀλλά
550 854 606 885 τοῖς
621 854 649 886 ἐξ
670 853 797 884 ἀπιστίας
809 854 849 884 εις

49 908 150 926 πίστιν
165 898 425 934 μετπσαλλομὲνοις.
441 895 491 925 Ὧν
505 899 552 925 καὶ
574 899 590 934 ὴ
607 899 697 930 πίστις
712 899 849 934 ἐπιζητεῖς
866 889 885 917 Β

47 955 94 972 ται
124 944 372 980 τελεσςορηθὴναι,
396 945 443 971 καὶ
459 944 696 980 τελεσφορουμένη
719 945 849 981 πρόξενος

48 993 162 1026 γίνεται
178 991 228 1026 τῆς
243 991 421 1022 ἀπολαύσεως
432 991 486 1017 τῶν
506 990 686 1026 θεοσημειῶν.
704 991 788 1019 Οὐδὲν
803 990 849 1018 οὖν

49 1037 223 1072 διαμάχεται
254 1036 301 1062 τοῦ
332 1035 476 1063 θεσπεσίου
511 1036 620 1063 Παύλοῦ
647 1038 663 1073 ἠ
692 1038 768 1072 φωνὴ
794 1039 850 1068 τοῖς

47 1083 245 1117 εὐαγγελικοῖς
260 1083 376 1118 ῥήμασι.
393 1083 466 1117 Πρὸς
489 1084 544 1118 (45)
569 1084 617 1118 μὲν
638 1084 692 1118 γὰρ
715 1093 850 1119 πεπωρω-

50 1130 156 1163 μὲνους
174 1128 222 1163 τὴν
234 1128 349 1164 καρδίαν
367 1128 418 1155 οὑκ
445 1128 520 1163 ἠξίου
534 1128 759 1164 παραδοξοποιείν
776 1130 789 1156 ὁ
803 1129 850 1156 ἐπὶ

49 1175 180 1210 σωτηρίᾳ
192 1175 246 1201 τῶν
261 1174 414 1210 ἀνθρώπων
437 1175 526 1202 πάντα
544 1175 670 1210 πράττων
684 1175 760 1207 Θεός.
776 1176 807 1202 Οἱ
822 1175 850 1202 δὲ

48 1220 213 1256 εἰλικρινῶς
227 1221 442 1253 πεπιστευκότες
461 1222 509 1247 οὐκ
528 1221 633 1248 ἐδέοντο
649 1221 752 1248 τούτων
766 1223 806 1253 εἰς
819 1221 850 1247 τὸ

49 1265 212 1293 πιστεῦσαι.
225 1266 397 1298 ’Υπέλοιπον,
413 1267 482 1302 πρὸς
497 1266 617 1298 ἐκείνους
630 1267 851 1302 θαυματουργίας

49 1313 96 1338 τὸν
110 1311 163 1339 τοῦ
178 1312 272 1346 γένους
287 1312 365 1348 ἡμῶν
381 1313 496 1348 Σωτῆρα
505 1312 651 1344 ἐπιτελεῖν,
665 1312 689 1338 οἳ
711 1313 786 1339 οὔπω
801 1313 850 1348 μὲν

49 1360 271 1392 πεπιστευκότες
290 1358 370 1395 ἦσαν,
387 1360 435 1394 τὴν
449 1359 477 1386 δὲ
493 1359 547 1386 τῶν
564 1359 687 1386 ἀπίστων
701 1359 741 1386 ἔτι
758 1359 850 1395 χώραν

49 1406 239 1441 ἀνεπλήρουν,
259 1407 333 1441 ὅμως
351 1407 474 1441 ἐζήτουν,
486 1405 518 1432 δι’
535 1402 572 1432 ὧν
593 1405 767 1432 πιστεύουσιν
781 1426 788 1438 ,
804 1406 851 1432 καὶ

50 1451 226 1487 χειραγωγὸν
239 1451 423 1486 ὶαμόᾶνοντες
439 1452 473 1478 τὰ
486 1452 598 1486 σημεῖα,
613 1452 652 1483 είς
667 1451 717 1487 τὴν
731 1451 785 1478 τῶν
806 1460 850 1477 πι-

50 1498 129 1524 στῶν
146 1497 363 1533 μετηλλάττοντο
375 1498 485 1533 μοῖραν.

315 1597 486 1624 ΕΡΩΤΗΤΙΣ
503 1597 592 1624 ΣΜΘ¹.

47 1677 81 1702 El
102 1676 146 1710 ἦν
163 1676 182 1710 ἡ
207 1675 262 1710 τῆ,
283 1675 347 1709 πῶς
365 1676 505 1719 ἐγέζεςιη
529 1676 609 1711 λέγει
635 1677 707 1711 γάρ·
731 1685 739 1701 ι
770 1677 802 1703 'H
819 1676 855 1702 δὲ

392 1721 429 1745 γη
447 1721 495 1746 ην.
507 1722 516 1737 D

905 258 966 284 cula
981 257 1077 285 adduci
1094 258 1217 292 cupiunt,
1232 257 1370 293 signorum
1383 257 1581 286 demonstratio
1594 259 1699 288 frustra

904 307 931 330 et
950 310 1020 330 vano
1033 309 1131 330 conatu
1148 303 1271 330 oﬂ'et'tur.
1295 304 1395 330 Contra
1412 311 1475 331 vero
1504 305 1577 338 illis,
1604 307 1652 341 qui
1671 308 1698 333 in

904 348 1096 375 incredulitate
1127 349 1235 375 educati
1271 350 1380 384 quidem
1410 354 1491 383 sunt,
1519 356 1613 385 postea
1636 359 1701 379 vero

903 395 1005 421 sensim
1041 401 1160 422 mentem
1193 403 1271 422 suam
1307 396 1340 422 ad
1375 397 1502 431 pietatem
1541 405 1701 426 com'ertere

903 441 1050 472 sustinent,
1063 449 1175 475 operum
1192 441 1378 469 mirandorum
1392 442 1577 471 manifestatio
1588 452 1699 472 accomo

903 488 1011 514 modala
1027 494 1053 514 et
1069 487 1189 522 pretium
1206 493 1255 515 est.
1275 488 1422 522 Propterea
1439 493 1465 516 et
1490 489 1622 518 Dominus
1648 499 1700 518 nec

901 533 935 560 ab
951 534 1016 564 illis,
1034 534 1080 568 qui
1095 536 1204 568 penitus
1217 539 1296 561 erant
1312 536 1454 567 increduli,
1474 536 1553 562 ﬁdem
1569 538 1699 571 postulat;

902 585 1019 606 noverat
1036 581 1109 606 enim
1125 588 1154 606 se
1168 582 1238 614 apud
1255 581 1316 608 illos
1329 589 1382 607 non
1400 581 1573 609 interiturum
1590 592 1596 609 :
1614 591 1701 617 neque

901 624 936 650 ah
953 624 1017 656 illis,
1038 625 1083 659 qui
1117 625 1224 651 sincere
1241 626 1385 652 credebant
1401 635 1407 658 ;
1432 632 1546 653 noverat
1563 628 1635 654 enim
1654 636 1700 655 eos

901 669 973 696 illam
990 670 1045 704 jam
1063 676 1127 697 ante
1141 673 1282 704 probasse.
1301 671 1425 697 Postulat
1438 680 1501 698 vero
1515 672 1549 698 ab
1565 673 1630 704 illis,
1654 672 1699 707 qui

900 715 935 742 ab
960 715 1099 750 impietate
1116 716 1148 742 ad
1169 717 1292 751 pietatem
1310 717 1433 743 conversi
1458 716 1538 744 fidem
1560 718 1631 752 apud
1655 725 1698 744 εα-

901 762 976 797 ipsos
995 763 1196 797 parturienant.
1217 763 1400 790 Credrntibus
1426 763 1518 798 itaque
1546 764 1623 799 signa
1645 771 1698 790 nm:

900 808 1039 841 eduntur;
1079 809 1104 836 id
1127 809 1201 836 cnim
1227 817 1460 843 suprriaraneum
1485 810 1555 837 foret
1580 819 1586 837 :
1610 818 1700 844 neque

899 855 970 887 illis,
997 855 1044 890 qui
1077 855 1112 882 ab
1149 855 1342 883 incredulitate
1383 856 1492 883 avocari
1539 863 1593 882 non
1634 863 1699 891 pos—

901 905 979 934 sunt;
1026 901 1128 928 frustra
1183 902 1255 928 enim
1291 901 1317 928 id
1361 902 1452 934 fieret;
1484 901 1530 928 sed
1555 901 1608 928 illis
1639 906 1700 928 tan-

901 951 978 979 tum,
1009 947 1054 982 qui
1083 947 1117 974 ab
1145 947 1336 974 incredulitate
1350 948 1383 974 ad
1410 948 1489 974 fidem
1502 948 1699 982 perducuntur.

902 993 1004 1020 Horum
1030 993 1103 1020 enim
1129 993 1196 1020 ﬁdes
1222 993 1369 1028 perfectior
1395 993 1470 1020 reddi
1498 993 1597 1025 debet,
1628 992 1699 1019 facta

901 1048 966 1067 vero
996 1040 1145 1074 perfectior
1168 1039 1200 1066 ad
1232 1040 1349 1066 fructum
1373 1047 1407 1066 ex
1434 1039 1534 1066 divinis
1558 1039 1700 1066 miraCulis

901 1087 1062 1119 capiendum
1078 1086 1256 1120 perducitur.
1281 1085 1341 1112 Divi
1361 1086 1453 1119 itaque
1467 1085 1541 1112 Pauli
1557 1085 1698 1112 oraculum

901 1141 962 1160 cum
977 1133 1067 1160 verbis
1083 1132 1223 1167 Evangelii
1240 1139 1294 1159 non
1321 1136 1433 1166 pugnat.
1451 1131 1480 1158 In
1500 1139 1595 1158 eorum
1613 1133 1698 1163 enim,

901 1180 946 1214 qui
962 1178 1045 1206 corde
1061 1179 1169 1213 penitus
1186 1178 1313 1206 obdurati
1328 1183 1419 1211 erant,
1435 1178 1551 1213 gratiam
1567 1177 1650 1208 Deus,
1671 1178 1698 1204 in

903 1226 1044 1253 hominum
1063 1225 1179 1252 salutem
1204 1225 1296 1252 omnia
1325 1225 1441 1257 faciens,
1471 1224 1602 1252 miracula
1620 1224 1699 1251 edere

902 1280 954 1298 non
980 1271 1143 1298 sustinebat.
1165 1271 1217 1304 Qui
1233 1279 1298 1298 vero
1312 1272 1420 1298 sincere
1445 1270 1627 1301 crediderant,
1644 1269 1697 1296 illis

901 1317 1112 1344 aderedendum
1126 1325 1180 1344 non
1200 1317 1370 1351 indigebant.
1404 1315 1582 1351 Relinquitur
1607 1316 1699 1350 itaque

903 1365 1072 1390 Salvatorem
1099 1367 1224 1390 nostrum
1252 1370 1347 1390 eorum
1377 1370 1458 1390 causa
1490 1363 1622 1389 miracula
1649 1370 1698 1396 pa-

904 1417 999 1441 trasse,
1015 1411 1062 1444 qui
1087 1411 1209 1437 nondum
1233 1409 1415 1441 crediderant,
1438 1409 1484 1436 sed
1496 1408 1698 1436 incretlnlorntn

903 1455 1037 1481 hactenus
1075 1453 1166 1481 locum
1192 1459 1358 1488 occupantes
1384 1461 1415 1480 ea
1440 1453 1628 1488 requirebant,
1653 1461 1700 1488 per

902 1509 963 1536 qua
978 1501 1011 1527 ad
1029 1500 1108 1527 tidem
1124 1500 1315 1535 pervenirent,
1342 1500 1475 1527 miracula
1497 1505 1589 1526 autem
1613 1500 1700 1526 instar

903 1547 980 1575 ducis
997 1547 1067 1574 nacti
1083 1547 1110 1573 in
1135 1547 1303 1573 credentium
1326 1551 1427 1574 coetum
1453 1545 1698 1573 transferelnantur.

941 1591 1105 1627 QUAESTIO
1123 1591 1368 1655 CCXLIEtLCXUR'li
1390 1591 1554 1620 CCLXXIV.
1578 1592 1662 1619 Taur.

1226 1628 1352 1655 CtLLMV
1374 1648 1381 1654 .

906 1676 936 1704 Si
953 1681 1023 1703 terra
1034 1675 1094 1711 jam
1107 1680 1173 1702 esset
1184 1674 1314 1709 quomodo
1329 1628 1508 1711 fml'lrtfucril,
1525 1676 1594 1702 dixit
1605 1676 1675 1702 enim
1688 1683 1698 1702 :

1121 1715 1193 1737 terra
1209 1716 1296 1736 uulem
1314 1716 1369 1736 erat
1385 1710 1460 1745 (46)?

380 1758 451 1783 Edita
465 1766 478 1783 a
493 1759 555 1783 Maio
569 1759 644 1790 (Nov.
664 1758 726 1784 Coll.
744 1761 761 1782 t.
777 1758 816 1787 IX,
831 1766 855 1789 p.
869 1758 923 1790 116)
945 1771 975 1776 -
985 1757 1013 1781 In
1026 1758 1088 1782 Gen.
1102 1763 1120 1782 ι.
1133 1756 1157 1779 2.
1170 1756 1208 1781 De
1220 1759 1275 1779 ortu
1289 1759 1371 1780 terra.

86 1798 210 1825 Ἦλίθιον
236 1798 267 1824 τὸ
292 1797 424 1834 ἐρώτημα
438 1807 446 1814 ⁸
461 1800 476 1826 ὁ
492 1801 548 1835 γὰρ
573 1800 670 1826 είπὼν·
688 1809 698 1824 ι
719 1799 765 1825 'Ev
781 1800 852 1833 ἀρχῇ

943 1797 1032 1824 Stulta
1049 1802 1091 1824 est
1106 1799 1163 1823 ha:c
1176 1800 1309 1830 quaestu);
1325 1797 1371 1829 qui
1386 1803 1458 1822 entm
1470 1796 1539 1823 dixit
1555 1806 1561 1823 :
1579 1795 1607 1823 In
1623 1796 1698 1830 prin-

52 1845 184 1880 ἐποίησεν
197 1844 284 1877 ὁΘεὸς
293 1845 339 1871 τὸν
353 1845 466 1881 οὐρανὸν
482 1846 529 1872 καὶ
539 1846 588 1881 τὴν
603 1846 665 1880 γῆν,
680 1855 688 1870 ι
700 1845 751 1871 οὐκ
765 1844 849 1871 ἀΐδιον

51 1891 178 1925 δηλονότι
209 1891 260 1926 ἔφη
291 1891 340 1926 τὴν
362 1892 414 1926 γῆν
445 1900 452 1908 ·
475 1891 528 1927 ἔφη
553 1891 581 1918 δὲ
597 1892 647 1926 οὐχ
663 1892 704 1917 ὅτι
724 1889 758 1926 ἦν
775 1891 791 1925 ὴ
811 1890 849 1924 γῆ

51 1937 120 1964 ἀπο)
128 1937 209 1968 ὐτως,
227 1936 284 1963 ἀλλ’
299 1937 340 1963 ὅτι
351 1935 385 1972 ἦν
400 1937 640 1968 ἀκατασκεύαστος
659 1944 666 1950 '
681 1936 722 1962 ἔτι
735 1936 788 1971 γὰρ
805 1935 850 1961 ἀό-

54 1993 138 2018 ρατος
153 1982 187 2019 ἦν
200 1984 373 2019 ἐπικειμένου
388 1983 436 2010 τοῦ
454 1983 549 2015 ὓδατος
563 1992 570 1999 ·
588 1985 635 2010 καὶ
657 1982 850 2010 ἀκατασκεύα-

53 2039 130 2063 στος,
156 2030 269 2066 μηδέπω
292 2030 462 2066 κοσμηθεῖσα
489 2029 610 2066 βλάστῃ’
637 2030 683 2056 καὶ
707 2029 778 2056 διατί
802 2027 849 2055 τοῦ

53 2077 147 2112 φωτὸς
173 2077 282 2112 πρῶτον
298 2074 379 2108 εἶδος,
405 2073 464 2103 εἶτα.
494 2076 525 2102 τὸ
548 2076 726 2110 ὑποκείμενον
747 2075 806 2110 ἦτοι
820 2073 851 2100 τὸ

53 2123 171 2158 ἡλιακὸν
185 2123 264 2157 σῶμα
282 2123 436 2157 ὐπέστησεν
449 2131 456 2155 ;
470 2122 515 2148 ἴνα
532 2121 778 2157 Θαυματουργήσῃ,
797 2128 850 2155 φη-

55 2171 103 2196 σὶν
114 2171 129 2195 ὁ
143 2168 284 2202 θεολόγος,
299 2168 411 2203 μείζονα
424 2175 431 2183 ·
443 2167 538 2201 ἐπειδὴ
550 2168 604 2202 γὰρ
616 2168 671 2197 τοῖς
681 2166 771 2196 ἄλλοις
785 2165 851 2199 ὓλην

56 2215 270 2252 προῦποστήσας
297 2214 477 2249 είδοποίησεν,
504 2213 617 2248 ὕστερον
642 2211 717 2244 τάξιν
743 2211 852 2246 ἑκάστῳ

53 2263 101 2288 καὶ
117 2262 212 2296 σχῆμα
230 2261 279 2287 καὶ
305 2259 421 2295 μέγεθος
443 2259 567 2294 περιθεὶς
579 2278 586 2289 ,
604 2258 720 2284 ἐνταῦθα
734 2257 851 2293 παραδο-

53 2308 169 2342 ξότερον
198 2307 248 2342 τῆς
277 2307 343 2342 ὓλης
371 2306 402 2332 τὸ
425 2304 494 2337 εἶδος
513 2307 757 2341 πριιῦπεστήσατο·
782 2301 853 2335 εἶδος

53 2355 111 2389 γὰρ
125 2354 202 2389 ἡλίου
220 2353 251 2379 τὸ
268 2353 337 2387 φῶς.

330 2397 498 2424 ΕΡΩΤΗΣΙΣ
515 2397 579 2423 EN’.

53 2447 88 2473 Εἰ
110 2447 145 2472 τὸ
164 2445 228 2480 φῶς
241 2447 257 2472 ὀ
286 2445 359 2476 Θεὸς
383 2441 807 2480 ἐδημιούργ-ησενζοὺκιᾳρσὸς
822 2441 852 2467 τὸ

88 2476 203 2514 σκότος
213 2476 369 2514 ἐποίησεν·
380 2479 503 2505 ἐναντία
524 2479 580 2512 γὰρ
589 2477 683 2503 ταῦτα
694 2476 854 2508 ἀλλήλοις.

903 1845 977 1879 cipio
991 1845 1095 1872 creavit
1111 1843 1184 1870 Deus
1202 1843 1301 1870 coelum
1320 1847 1347 1869 et
1361 1847 1471 1874 terram,
1490 1850 1543 1869 non
1557 1843 1699 1870 evidenter

886 1911 888 1913 .
904 1895 1005 1917 terram
1028 1894 1159 1916 aeternam
1181 1895 1244 1915 esse
1259 1887 1329 1914 dixit
1346 1887 1436 1914 :dixit
1453 1888 1526 1915 enim
1551 1896 1604 1914 non
1625 1889 1698 1922 quod

904 1939 975 1961 terra
993 1938 1054 1961 erat
1070 1933 1206 1966 absolute,
1220 1933 1267 1960 sed
1282 1932 1355 1967 quod
1367 1937 1427 1958 erat
1442 1932 1581 1959 inornata.
1596 1932 1697 1960 Adhuc

903 1980 976 2008 enim
989 1979 1137 2007 invisibilis
1149 1983 1220 2010 erat,
1247 1978 1325 2013 aquis
1337 1978 1506 2005 circumdata
1519 1983 1546 2005 ct
1559 1979 1697 2011 inornata,

903 2027 980 2054 nullo
1009 2026 1092 2053 modo
1121 2024 1156 2052 ad
1190 2025 1430 2052 fructificationem
1468 2030 1633 2059 praeparata.
1664 2025 1698 2052 Et

905 2079 992 2106 quare
1003 2071 1117 2098 luminis
1139 2071 1257 2105 primum
1276 2071 1413 2098 visionem
1431 2075 1525 2106 postea
1544 2078 1609 2098 vero
1631 2079 1698 2106 sup-

904 2118 1036 2153 positum,
1061 2117 1088 2144 id
1112 2121 1166 2150 est,
1182 2116 1250 2144 solis
1273 2116 1456 2144 substantiam
1475 2117 1645 2144 constituat?
1669 2123 1699 2144 ut

905 2164 1022 2199 majora,
1034 2164 1101 2191 dicit
1115 2163 1282 2198 Theologus,
1297 2163 1379 2190 faciat
1392 2163 1540 2191 mirabilia.
1558 2163 1697 2198 Siquidem

905 2211 967 2238 aliis
985 2210 1114 2240 formam.
1127 2212 1338 2244 praeexsistcnte
1355 2209 1480 2242 materia,
1497 2210 1582 2242 dedit,
1605 2215 1699 2245 postea

906 2257 1031 2284 ordinem
1059 2253 1210 2290 unicuique
1237 2260 1265 2283 et
1291 2259 1394 2283 statum
1421 2260 1449 2282 et
1477 2256 1697 2290 magnitudinem

907 2303 1056 2337 disposuit.
1083 2301 1134 2328 Hic
1157 2305 1249 2328 autem
1273 2301 1347 2335 quod
1372 2305 1414 2328 est
1433 2301 1588 2329 mirabilius
1611 2307 1698 2330 mate-

907 2349 955 2376 ria:
967 2348 1083 2375 formam
1094 2347 1171 2382 prius
1181 2352 1267 2378 creat,
1280 2347 1367 2373 forma
1379 2347 1451 2374 enim
1464 2347 1531 2375 solis
1543 2353 1584 2374 est
1594 2348 1696 2376 lumen.

906 2391 1069 2426 QUIESTIO
1084 2391 1149 2419 CCL
1166 2391 1260 2428 [CoisL
1276 2391 1426 2419 CCLxxv.
1449 2391 1532 2420 Taur.
1557 2391 1697 2428 ccum.

910 2441 940 2468 Si
957 2441 1042 2466 lumen
1061 2438 1129 2466 Deus
1147 2439 1255 2469 creavit,
1271 2446 1323 2464 non
1342 2439 1397 2471 ipse
1414 2438 1533 2474 tenebras
1548 2439 1627 2474 fecit;
1643 2439 1698 2466 Iure

1099 2474 1169 2501 enim
1184 2474 1252 2500 inter
1265 2481 1292 2500 se
1306 2478 1425 2508 pugnant
1439 2473 1508 2509 (47).

273 2526 344 2552 Edita
355 2533 369 2550 a
385 2525 448 2550 Maio
464 2526 492 2556 (I.
506 2532 529 2549 c.
542 2531 568 2555 p.
581 2524 635 2554 ll'l,
648 2530 673 2554 q.
691 2523 758 2554 2w).
770 2537 800 2540 —
811 2523 849 2547 An
868 2522 937 2547 Deus
956 2523 1042 2545 auctor
1056 2521 1118 2545 lucis
1131 2519 1247 2544 tenebras
1258 2525 1344 2544 creare
1358 2520 1478 2550 potuerit.

96 2569 224 2596 Ἐναντία
251 2569 301 2605 μὲν
321 2569 458 2604 ἀλλήλοις,
483 2567 541 2594 ἀλλ’
569 2567 707 2600 ἀναγκαῖα
726 2567 782 2598 τοῖς
805 2567 852 2592 ἁν-

55 2615 177 2650 θρώποις
194 2616 337 2651 ἀμφότερα
350 2624 358 2631 ·
376 2614 514 2642 καὶτοῦτο
535 2613 583 2640 καὶ
601 2614 615 2639 ὁ
631 2612 714 2639 Δαῆὶδ
729 2611 852 2647 ὲξυμνῶν

56 2663 107 2696 τὴν
123 2661 169 2688 τοῦ
188 2661 305 2697 Ηοιητοῦ
327 2660 527 2696 μεγαλουργίαν
541 2659 615 2692 λέγει
627 2667 634 2674 ·
653 2669 662 2684 ι
684 2657 766 2684 Ἔθου
785 2658 851 2692 γὰρ,

57 2709 138 2743 φησι,
156 2707 263 2739 σκότος,
273 2707 321 2734 καὶ
334 2708 443 2741 ἐγένετο
458 2706 516 2740 νὺξ,
534 2714 544 2732 ι
562 2714 588 2732 κ.
601 2713 626 2732 τ.
643 2704 667 2731 λ.
684 2704 747 2736 ἕως,
762 2713 772 2730 ι
797 2699 853 2732 Ἐξ·

941 2564 1012 2591 Sunt
1027 2564 1138 2598 quidem
1157 2564 1227 2590 inter
1246 2571 1277 2590 se
1297 2562 1448 2595 contraria,
1467 2561 1514 2589 sed
1539 2560 1699 2589 hominibus

905 2611 986 2638 ambo
1005 2610 1172 2637 necessaria.
1189 2608 1247 2635 Hoc
1261 2607 1346 2634 David
1366 2606 1505 2634 Creatoris
1521 2607 1696 2641 magniﬁcen-

905 2657 983 2689 tiam,
1000 2656 1176 2691 proclamans
1193 2654 1259 2682 dicit
1275 2663 1282 2680 :
1303 2663 1312 2679 ι
1327 2653 1446 2680 Posuisti
1469 2651 1540 2679 enim
1558 2652 1697 2683 tenebras,

905 2702 1005 2736 inquit,
1032 2706 1059 2729 et
1076 2701 1148 2729 facta
1171 2705 1212 2727 est
1240 2707 1307 2732 nox,
1325 2709 1335 2738 ν
1361 2704 1389 2726 et
1403 2699 1508 2734 reliqua
1535 2706 1624 2733 usque
1639 2699 1671 2725 ad
1689 2707 1697 2725 :

812 2748 929 2776 NOTAE.

97 2799 151 2837 (μ)
169 2799 216 2837 εἰς
229 2798 370 2837 .Colb-rro
384 2799 447 2837 ἤδη·

96 2835 153 2870 (45)
168 2833 239 2870 πρὸξ
254 2833 320 2861 illud
341 2839 381 2861 est
405 2834 437 2861 e'x
461 2833 538 2862 Coll).
564 2833 636 2868 quod
661 2839 760 2860 sensus
786 2839 850 2867 pos-

82 2870 139 2896 -lav.

60 2875 89 2897 ιι.
97 2906 153 2941 (ili)
169 2905 244 2933 Hanc
262 2905 481 2933 dissertatiouem
502 2904 619 2932 Photius
643 2902 698 2931 fere
713 2906 798 2930 totam
815 2910 849 2930 ex

899 2795 1072 2823 Theodoreto
1086 2803 1113 2828 q.
1129 2794 1146 2822 5
1167 2795 1193 2821 in
1206 2793 1306 2821 Genrs.
1324 2792 1402 2829 (Opp.
1426 2792 1470 2820 ed.
1483 2801 1546 2820 nov.
1560 2797 1579 2819 t.
1593 2791 1602 2820 1
1617 2792 1699 2826 hujus

899 2830 1063 2865 Pulrolugiw
1078 2829 1185 2861 LXXX,
1205 2830 1258 2857 col.
1272 2829 1315 2855 85.

936 2865 992 2927 (4ῖέ
1081 2866 1185 2899 pariter
1202 2873 1234 2892 ex
1259 2864 1432 2892 Theodoreto
1444 2872 1471 2899 q.
1484 2863 1499 2890 7
1514 2863 1541 2891 in
1555 2863 1658 2890 Geties.
1677 2863 1695 2890 l.

905 2910 929 2929 c.
947 2909 979 2929 co
994 2922 1000 2928 .
1054 2920 1061 2927 .
