1874 3070
206 136 278 170 1055

787 133 920 165 ΡΗΟΤῙῙ
940 133 1193 165 PATRIARCH/E
1212 133 1265 163 (ΖΡ.

1765 130 1829 164 1056

207 167 324 219 ίέξίὺίι
347 189 428 217 homo
446 188 479 216 ad
500 195 574 224 opus
592 196 672 216 suum
696 192 725 216 et
748 189 782 216 ad
807 188 995 224 operationem

1062 188 1186 215 λεύσεται
1202 188 1345 223 ἄνθρωπος
1360 187 1407 214 ἐπὶ
1422 186 1453 214 τὸ
1466 186 1546 224 ἔργον
1557 167 1641 215 αὑτοῦ
1656 186 1704 215 καὶ
1719 187 1764 215 ἐπὶ
1783 189 1829 224 τὴν

203 245 282 266 suum
300 243 386 272 usque
417 236 450 263 ad
471 243 626 270 vesperam.
643 244 652 260 ι
670 235 747 268 Quod
761 235 817 263 sint
834 234 996 262 necessaria:

205 285 324 311 teuebra:
344 283 456 310 evidens
480 287 543 315 est;
564 282 637 316 quod
660 287 750 308 autem
769 289 824 308 non
847 283 902 308 siut
923 280 990 308 sub-

203 328 314 361 stantia,
336 328 386 356 sed
413 335 458 354 res
479 327 605 361 quaedam
626 327 814 359 accidentalis,
848 326 928 354 facile
950 333 994 356 est

203 375 257 402 hoc
279 374 449 408 intelligere;
464 377 529 400 sunt
543 373 616 400 enim
633 373 693 400 (ιωΙί
713 377 741 400 et
755 378 834 399 terra:
849 373 996 401 adumbra-

204 421 251 447 tio.
276 419 461 452 Quamobrem
488 418 628 446 evanescit
650 422 677 445 et
701 418 728 445 in
757 418 872 445 nihilum
894 420 994 452 cvadit,

201 467 334 493 redeunte
345 465 465 496 lumine;
483 465 573 492 lumen
593 469 684 491 autem
699 469 742 492 est
757 465 912 492 substantia
927 470 954 492 et
968 466 995 493 in

201 520 232 539 se
246 512 383 539 subsistit.
405 510 498 546 Itaque
521 516 547 538 et
571 511 664 538 oriens
684 511 863 546 splendescit,
883 515 911 539 et
929 519 993 539 cum

201 556 344 588 occiderit,
363 563 469 582 rursum
479 555 567 582 oritur
578 563 585 587 ;
598 559 698 582 etcum
715 555 823 587 abierit,
840 555 994 583 revertitur.

203 601 241 628 Ex
259 601 310 628 hoc
328 605 419 628 autem
434 601 524 628 discat
540 601 603 635 quis
619 600 692 635 quod
709 601 827 628 tenebrat
844 602 901 628 sint
922 601 996 628 acci-

202 649 280 675 dens.
299 647 400 675 Domus
415 649 488 674 cuitu
514 655 567 674 non
592 647 700 674 habens
714 646 854 681 lampades
871 648 898 674 in
917 653 995 674 tene-

203 695 262 722 bris
281 699 325 722 est
340 699 415 728 tota;
437 695 563 722 adductis
576 698 668 721 autem
683 694 856 729 lampadibus
873 694 996 722 illustra-

201 746 245 768 tur
261 740 340 768 :Non
364 741 486 768 tenebris
509 741 564 767 alio
589 740 783 776 migrantibus.
808 739 923 768 luminis
949 741 997 768 ad-

202 791 284 814 ventu
327 787 516 821 pereuntibus.
561 785 620 812 Non
658 791 724 813 sunt
755 786 838 821 igitur
877 787 996 814 tenebrae

201 834 355 860 substantia
383 833 507 868 quaedam
544 833 666 860 increata
693 839 783 867 neque
814 832 896 859 etiam
930 833 995 860 sub-

1047 235 1180 270 ὲργασίαν
1193 233 1276 261 αὑτοῦ
1289 233 1342 265 ἓως
1362 234 1492 269 ἑσπέρας.
1516 243 1526 260 ι
1552 233 1621 260 Ἀλλ’
1631 233 1671 260 ὅτι
1687 233 1739 269 μὲν
1755 234 1830 268 ἀναγ-

1046 280 1123 306 καῖον
1136 280 1166 306 τὸ
1181 279 1287 312 σκότος,
1303 278 1382 313 δῆλον
1397 286 1403 292 ·
1424 280 1465 305 ὅτι
1478 278 1506 305 δὲ
1521 277 1571 304 ούκ
1584 277 1673 310 οὐσία,
1685 278 1751 305 ἀλλὰ
1766 287 1818 313 συμ

1047 325 1174 360 ὃεὸηκὸς,
1187 325 1234 352 καὶ
1248 324 1372 351 ἐντεῦθεν
1385 324 1442 351 ἔστι
1452 323 1545 351 λαϐεῖν
1561 332 1568 340 ·
1583 323 1699 358 οὐρανοῦ
1714 325 1767 359 γὰρ
1785 323 1831 350 καὶ

1045 372 1098 407 γῆς
1124 372 1199 399 ἐστιν
1219 372 1400 406 ἀποσκίασμα
1414 379 1422 386 ·
1450 370 1496 397 διά
1516 379 1547 397 τε
1560 370 1640 398 τοῦτο
1655 371 1703 398 καὶ
1722 370 1830 406 φροῦδον

1046 419 1151 452 γίνεται
1178 418 1225 445 καὶ
1254 419 1294 450 εἰς
1321 418 1352 445 τὸ
1383 417 1421 453 μὴ
1446 417 1476 444 ὂν
1505 417 1644 444 διαλύεται
1672 417 1720 444 τοῦ
1747 418 1829 452 φωτὸς

1046 465 1211 499 ἀνίσχοντος.
1232 464 1269 490 Τὸ
1288 463 1316 490 δὲ
1342 463 1400 497 φῶς
1420 463 1499 490 οὐσία
1523 464 1582 490 ἐστὶ
1607 464 1655 490 καὶ
1672 463 1806 497 ὑφέστηκε
1822 471 1828 479 ι

1045 510 1085 537 διὸ
1100 510 1148 536 καὶ
1170 509 1298 544 δυόμενον
1324 509 1428 544 ἀνίσχει
1446 517 1454 524 “
1475 509 1522 536 καὶ
1534 509 1614 536 ἀπιὸν
1629 509 1807 544 ἐπανέρχεται
1823 517 1829 524 ·

1046 555 1123 590 γνοίη
1143 555 1165 582 δ’
1182 555 1215 581 ἄν
1227 563 1269 587 τις
1284 555 1432 582 κάντεῦθεν
1444 555 1484 582 ὅτι
1499 555 1529 582 τὸ
1542 555 1638 587 σκότος
1652 555 1832 589 ὲπισυμσέεη-

1045 609 1093 628 κεν
1109 609 1116 617 ’
1133 599 1206 633 οἶκος
1217 601 1271 636 γὰρ
1286 602 1336 628 οὐκ
1351 602 1421 636 ἔχων
1438 601 1622 637 φωταγωγοὺς
1644 602 1756 632 σκότους
1776 602 1833 628 ἐστὶ

1046 648 1164 683 πλήρης,
1184 647 1406 683 είσκομισθείσης
1422 648 1450 675 δὲ
1469 647 1609 684 λαμπάδος
1630 648 1786 684 φωτίζεται,
1803 650 1831 676 οὗ

1045 693 1092 720 τοῦ
1109 694 1222 726 σκότους
1234 693 1329 720 ἄλλοσέ
1349 703 1386 729 πη
1401 695 1621 729 μεταϐαίνοντος,
1635 694 1704 722 ἀλλά
1720 695 1832 730 πάμπαν

1046 740 1220 774 διολλυμένου
1231 741 1263 775 τῇ
1275 739 1321 766 τοῦ
1336 740 1423 774 φωτὸς
1438 741 1585 777 παρουσίᾳ..
1605 742 1642 768 Οὐ
1653 741 1741 768 τοίνυν
1755 741 1826 774 ἀγέν-

1046 795 1124 821 νητος
1148 787 1227 814 οὐσία
1246 787 1277 813 τὸ
1296 787 1402 819 σκότος,
1423 786 1486 813 οὔτε
1502 786 1556 822 μὴν
1574 786 1703 822 γεννητὴ,
1730 787 1785 813 ἀλλ’
1802 788 1833 813 ὲκ

1046 833 1101 861 τῶν
1125 833 1263 868 γεννητῶν
1283 834 1467 870 συνισταμένη
1490 833 1588 869 χρῆσις
1611 833 1764 868 ἀναγκαία,
1786 833 1832 859 τοῦ

203 880 304 907 stantia
339 884 447 911 creata;
473 878 523 906 sed
559 887 626 906 ttsus
657 878 769 913 quidatn
801 878 988 908 necessarius.

1062 880 1110 908 ιεοῦ
1132 881 1183 915 τὴν
1206 881 1303 915 σοφίαν
1327 880 1522 916 κηρύττουσα·
1544 880 1644 907 αὐτίκα
1661 880 1726 914 γοῦν
1749 879 1796 906 καὶ
1819 880 1833 905 ό

201 925 237 952 ab
252 925 294 951 bis
307 932 368 959 quae
379 924 450 950 facta
463 927 528 951 sunt
544 923 705 958 prnvenieus
721 927 748 951 et
764 923 927 958 sapientiam
946 923 991 951 Dei

201 969 366 1005 praedicans.
382 969 479 996 Statim
497 977 562 1004 ergo
576 970 707 1004 propheta
722 977 755 996 ex
771 970 822 996 hoc
835 969 920 996 Deunt
934 970 993 997 lau-

201 1017 257 1048 dat,
274 1024 282 1040 t
297 1014 348 1048 Qui
371 1014 445 1048 fecit,
463 1015 563 1049 inquit,
585 1015 676 1041 lumen
692 1019 719 1042 et
734 1015 896 1050 preparavit
916 1020 992 1041 tene-

201 1061 277 1088 bras.
295 1069 304 1085 ι
337 1059 374 1087 De
403 1059 508 1086 lumine
535 1059 645 1094 quidem
675 1060 870 1086 convenienter
900 1059 993 1086 dicit!

201 1106 254 1138 Qui
280 1105 361 1140 fecit;
384 1106 418 1133 de
445 1105 563 1133 tenebris
587 1111 688 1137 autem,
714 1104 892 1140 Pt'wparavit.
920 1104 992 1132 Sunt

199 1152 273 1179 enim
294 1153 421 1179 accidens
435 1151 571 1186 quoddam
585 1150 659 1186 quod
677 1154 705 1178 et
721 1150 851 1178 consistit
872 1154 899 1178 et
925 1150 984 1179 dis—

201 1198 330 1226 solvitur.

253 1243 418 1278 QlltESTIO
439 1241 832 1314 CCI.I(J[C(E£€.IIFCLXXVI,
854 1241 938 1270 Taur.

283 1325 372 1358 Quare
387 1325 458 1360 ferus
473 1329 498 1351 et
519 1324 625 1358 reptiba
641 1295 732 1358 {iecerit
748 1324 818 1351 Deus
831 1324 908 1359 (48)?

1045 928 1189 963 προφήτης
1200 928 1247 955 καὶ
1257 926 1382 954 ἐντεῦθεν
1395 927 1475 962 ὑμνεῖ
1485 926 1530 953 τὸν
1544 926 1621 959 Θεὸν,
1638 936 1648 953 ι
1673 926 1703 953 Ὀ
1719 927 1834 960 ποιήσας

1044 974 1109 1009 γὰρ,
1127 974 1206 1008 φησὶ,
1223 973 1281 1008 φῶς
1295 974 1343 1000 καὶ
1357 973 1564 1005 κατασκευάσας
1575 973 1670 1003 σκότος
1680 981 1704 998 ὀ
1723 972 1768 998 ἐπὶ
1786 971 1834 1006 μὲν

1043 1020 1090 1046 τοῦ
1112 1020 1202 1054 φωτὸς
1220 1020 1393 1055 ἁρμοζόντως
1414 1019 1510 1050 εἰπὼν,
1525 1021 1542 1047 ὁ
1571 1019 1704 1052 ποιήσας
1716 1027 1724 1033 ·
1744 1019 1791 1044 ἐπὶ
1804 1018 1834 1044 δὲ

1044 1065 1090 1093 τοῦ
1104 1066 1216 1098 σκότους
1227 1086 1235 1099 ,
1252 1065 1499 1099 κατασκευάσας·
1520 1074 1551 1093 συ
1556 1065 1695 1101 μϐεσηκὸς
1708 1065 1761 1100 γάρ
1777 1065 1834 1091 ἐστι

1044 1115 1245 1149 συνιστάμενον
1256 1115 1303 1141 καὶ
1316 1114 1501 1148 διαλυόμενον.

1307 1245 1478 1272 ΕΡΩΤΗΣΙΣ
1491 1246 1578 1273 ΣΝΔ’.

1042 1324 1124 1352 Διατι
1140 1323 1176 1351 τὰ
1190 1323 1278 1358 θηρία
1296 1324 1346 1351 καὶ
1360 1325 1396 1351 τὰ
1406 1324 1513 1358 ἑρπετὰ
1526 1333 1694 1359 narratan
1711 1327 1729 1353 ὁ
1743 1327 1835 1359 Θεόςε

370 1371 442 1396 Edita
456 1378 469 1395 a
483 1370 544 1395 Maio
562 1371 591 1403 (l.
610 1377 631 1395 c.
647 1377 665 1402 p
685 1370 740 1400 117,
758 1370 812 1401 118,
829 1378 854 1402 q.
867 1371 934 1403 250).
952 1385 984 1390 -

1062 1371 1114 1396 'eris
1129 1375 1156 1395 et
1168 1370 1298 1402 reptiiibus
1312 1378 1325 1395 a
1342 1370 1396 1396 Deo
1411 1372 1507 1395 creatis.
1521 1371 1583 1396 Gen.
1598 1378 1615 1401 ι,
1627 1371 1667 1396 20.

235 1415 316 1443 Pueri
343 1419 400 1442 tum
424 1414 670 1446 terriculamentis,
700 1419 756 1441 tum
772 1415 854 1441 etiam
878 1415 945 1443 loris
968 1419 996 1443 et

202 1462 288 1497 virgis
305 1462 440 1496 indigent.
458 1460 491 1487 Et
507 1468 555 1495 per
571 1460 617 1486 illa
632 1460 742 1494 quidem
762 1460 836 1495 ipsos
849 1466 995 1493 terremus,

203 1515 251 1542 per
268 1508 325 1534 haec
340 1514 430 1546 autem
445 1506 598 1534 erudimus.
615 1505 672 1533 Nos
689 1514 754 1541 ergo
773 1507 863 1534 sciens
878 1507 948 1535 Deus
963 1508 996 1534 ad

1079 1416 1169 1441 Δείται
1190 1414 1224 1441 τὰ
1242 1414 1337 1441 παιδία
1356 1415 1402 1441 καὶ
1426 1414 1631 1449 μορμολυκείων
1651 1414 1699 1441 καὶ
1715 1415 1838 1449 ἱμάντων

1045 1460 1094 1487 καὶ
1118 1460 1224 1495 ρἁδων
1240 1467 1247 1474 ·
1267 1461 1314 1487 καὶ
1329 1461 1385 1492 τοῖς
1408 1460 1457 1495 μὲν
1472 1460 1542 1487 αὐτὰ
1565 1460 1753 1495 δεδιττόμεθα,
1781 1463 1839 1493 τοῖς

1045 1506 1074 1532 δὲ
1102 1505 1149 1531 καὶ
1176 1505 1353 1539 παιδεύομεν.
1378 1505 1432 1531 Καὶ
1449 1505 1525 1539 ἡμᾶς
1553 1505 1643 1531 τοίνυν
1668 1504 1802 1540 προειδὼς
1825 1506 1839 1531 δ

204 1554 384 1581 indolentiam
401 1560 563 1588 propensos,
580 1552 654 1579 sicut
669 1551 808 1580 funiculus
822 1554 956 1587 quosdam
971 1557 996 1581 et

1062 1551 1112 1583 tab;
1127 1551 1164 1583 ὡς
1182 1552 1222 1583 είς
1239 1551 1374 1586 ρᾳθυμίαν
1389 1550 1573 1582 ὲκκλίνοντας.
1593 1548 1650 1577 οἷον
1662 1551 1778 1585 ἱμάντας
1796 1559 1838 1576 τι·

205 1600 337 1627 terricnla
366 1599 438 1626 feras
462 1599 541 1626 nobis
569 1599 733 1633 praeparavit
755 1603 784 1625 ut
806 1599 840 1626 ab
863 1599 917 1627 illis
939 1603 994 1627 ter-
1008 1619 1031 1649 C

205 1646 260 1678 riti,
288 1645 321 1672 ad
347 1645 423 1671 illum
445 1645 617 1672 attrahamus
643 1649 670 1671 et
698 1644 732 1671 ad
757 1644 833 1672 illum
862 1644 889 1672 in
915 1644 994 1672 auxi-

204 1692 271 1719 lium
304 1692 460 1718 vocandum
497 1698 695 1725 praeparentur.
736 1690 789 1718 Sed
818 1692 995 1726 quemadmo-

204 1739 268 1765 dum
297 1737 382 1765 adulti
416 1737 554 1764 infantiles
587 1737 698 1765 timores
728 1742 876 1772 spernunt,
903 1738 940 1765 ita
967 1742 995 1765 et

204 1783 252 1818 qui
276 1783 303 1810 in
321 1783 421 1810 virtute
445 1783 600 1810 conﬁrmati
626 1788 690 1810 sunt
714 1782 834 1810 ferarum
859 1791 912 1810 non
930 1791 994 1818 per-

204 1831 351 1856 timescunt
375 1829 513 1858 incursus.
543 1828 648 1856 Etenim
677 1833 740 1856 ante.
762 1829 895 1857 Adamum
921 1835 994 1858 asta-

204 1877 273 1904 bant
288 1876 362 1908 ferze,
384 1881 448 1903 ante
465 1880 621 1911 peccatum,
636 1876 795 1904 servitutem
813 1885 891 1904 suam
907 1878 994 1905 conii-

203 1926 302 1953 tentes,
320 1927 347 1948 et
371 1929 433 1949 cum
449 1922 504 1948 Noe
518 1922 544 1948 in
564 1929 628 1949 arca
650 1922 808 1949 habitabant
820 1928 847 1949 et
859 1930 921 1949 cum
940 1923 993 1951 Da-

204 1967 259 1995 niel
274 1967 301 1993 in
317 1967 391 1995 fossa
410 1967 501 1994 leones
518 1975 674 2002 quanquam
690 1967 749 1994 dira
766 1967 838 1994 fame
860 1968 993 2002 cruciati;

203 2014 295 2048 vipera
310 2014 403 2045 etiam,
419 2013 542 2048 Apostoli
560 2021 642 2040 manu
658 2013 787 2040 dentibus
804 2019 927 2048 arrepta,
944 2022 994 2042 nec

203 2057 307 2089 peccati
327 2057 461 2085 ﬂat-citate
485 2063 512 2084 et
535 2057 650 2084 mollitie
675 2057 795 2088 inventa,
812 2064 874 2084 sese
892 2062 992 2084 statum

203 2102 298 2137 dejicit
314 2103 380 2130 etin
400 2102 489 2134 ignem
506 2101 597 2134 irruit,
613 2103 691 2136 quasi
710 2101 869 2136 sibimetipsi
883 2110 993 2136 pmnam

203 2150 329 2185 indligens
343 2157 375 2176 ex
392 2157 425 2176 eo
440 2148 512 2183 quod
525 2150 552 2176 in
569 2157 669 2183 corpus
685 2157 738 2175 non
754 2150 921 2177 conveniens
934 2158 993 2177 sese

203 2195 356 2229 iniecisset.
374 2194 459 2222 Nobis
481 2202 546 2229 ergo
562 2195 698 2221 cuervatis
712 2195 869 2229 providens,
885 2195 992 2223 deserta

202 2242 262 2275 illis}
279 2242 338 2269 loca
362 2245 389 2268 et
410 2241 503 2268 noctis
525 2247 630 2275 tempus
657 2242 774 2275 partitus
797 2247 849 2268 est.
875 2241 990 2276 Iieptilia

1047 1599 1094 1630 νὰς
1109 1598 1124 1633 ἢ
1138 1597 1324 1633 μορμολύκεια
1340 1599 1595 1632 προκατεσκευάσεν
1610 1599 1677 1632 ἡμῖν
1690 1598 1725 1624 τὰ
1737 1598 1838 1633 θηρία·

1048 1643 1092 1670 ἵνα
1116 1644 1222 1675 τούτοις
1245 1645 1322 1679 ἡμᾶς
1342 1643 1537 1679 δεδιττόμενος,
1564 1644 1632 1679 πρὸς
1657 1644 1752 1670 ἑαυτὸν
1771 1644 1839 1679 ἕλκῃ

1046 1690 1093 1715 καὶ
1108 1689 1199 1715 καλεῖν
1211 1689 1292 1715 αὑτὸν
1306 1689 1345 1720 είς
1364 1689 1523 1724 συμμαχίαν
1536 1689 1744 1725 παρασκευάζῃ.
1768 1688 1841 1716 Ἀλλ’

1044 1734 1139 1769 ὥσπερ
1150 1736 1174 1760 οἱ
1186 1734 1281 1761 τέλειοι
1292 1734 1347 1761 τῶν
1359 1735 1492 1761 παιδικῶν
1503 1735 1640 1770 δειμάτων
1652 1735 1842 1771 καταφρονοῦ-

1047 1790 1099 1813 σιν,
1123 1782 1194 1810 οὕτω
1212 1782 1259 1808 καὶ
1282 1782 1307 1808 οἱ
1330 1781 1380 1816 τῆς
1391 1782 1491 1817 ἀρετῆς
1505 1781 1634 1818 τρόφιμοι
1646 1781 1696 1813 τὰς
1712 1782 1768 1808 τῶν
1789 1782 1840 1817 οη-

1046 1828 1112 1864 ρίων
1131 1828 1162 1855 οὐ
1174 1828 1344 1863 δειμαίνουσι
1359 1827 1512 1863 προσϐολάς
1525 1836 1532 1843 ·
1559 1829 1607 1854 καὶ
1619 1828 1674 1863 γὰρ
1692 1827 1731 1863 τῷ
1752 1828 1842 1862 Ἀδὰμ

1045 1874 1100 1910 πρὸ
1119 1874 1169 1910 τῆς
1190 1875 1329 1910 ἁμαρτίας
1351 1875 1530 1911 παρειστήκει
1554 1876 1588 1902 τὰ
1602 1875 1685 1910 θηρία
1711 1875 1763 1910 τὴν
1777 1875 1841 1901 δοι-

1044 1919 1120 1946 λείαν
1143 1920 1325 1955 ὁμολογοῦντα
1341 1928 1348 1935 ·
1370 1921 1418 1948 καὶ
1435 1920 1475 1956 τῷ
1492 1921 1553 1948 Νῶε
1577 1921 1743 1956 συνῳκίζετο
1757 1922 1787 1947 ὲν
1807 1923 1843 1955 τῇ

1045 1967 1164 2003 κιὸωτῷ·
1180 1968 1228 1994 καὶ
1240 1968 1279 2002 τῷ
1293 1967 1391 2003 Δανιὴλ
1405 1968 1433 1994 ὲν
1445 1967 1485 2002 τῷ
1498 1967 1593 2003 λάκκῳ
1604 1969 1629 1994 oi
1644 1967 1765 1999 λέοντες,
1781 1968 1846 1994 καί.

1043 2023 1085 2041 τοι
1096 2015 1155 2041 λίαν
1167 2014 1348 2050 λιμώττοντες
1367 2024 1373 2030 ·
1395 2016 1440 2042 καὶ
1456 2016 1471 2042 ὁ
1500 2015 1559 2050 ἔχις
1571 2015 1600 2042 δὲ
1617 2017 1650 2050 τῇ
1672 2015 1845 2041 ’Δποστόλου

1045 2061 1117 2096 χειρὶ
1142 2061 1206 2093 τοὺς
1230 2061 1338 2093 ὀδόντας
1363 2060 1491 2096 ἐμϐαλὼν
1507 2062 1555 2088 καὶ
1575 2063 1625 2096 τῆς
1645 2062 1790 2096 ἁμαρτίας
1815 2063 1846 2088 τὸ

1043 2106 1145 2142 χαῦνον
1159 2107 1206 2134 καὶ
1215 2107 1334 2142 χαλαρὸν
1343 2107 1392 2142 οὺχ
1405 2107 1493 2143 εὑρὼν
1505 2107 1666 2142 ἀπεπήδησε
1679 2108 1847 2143 παραυτίκα

1043 2153 1090 2179 καὶ
1123 2153 1195 2180 κατὰ
1218 2155 1268 2189 τῆς
1288 2154 1377 2189 πυρᾶς
1400 2154 1494 2189 ἥλατο,
1525 2153 1620 2190 ὥσπερ
1642 2153 1721 2185 δίκας
1741 2155 1846 2183 ὲωτὸν

1043 2199 1275 2234 εἰσπραττόμενος
1285 2200 1325 2226 ὅτι
1346 2200 1384 2236 τῷ
1399 2200 1556 2236 μηδαμόθεν
1571 2201 1739 2236 προσήκοντι
1750 2210 1844 2236 1:906-

1043 2244 1122 2271 έὸαλε
1137 2244 1254 2280 σώματι.
1283 2246 1337 2272 Καὶ
1351 2246 1430 2281 ήμῶν
1450 2246 1478 2274 δὲ
1493 2246 1688 2282 ῥᾳθυμούντων
1697 2247 1777 2281 ὅμως
1792 2256 1847 2283 κη-

202 2292 292 2315 autem
306 2287 432 2315 cavernis
449 2287 601 2322 assignavit
618 2291 648 2313 ut
673 2287 783 2314 nonnisi
799 2287 942 2315 diﬂiculter
958 2289 992 2315 ab

1062 2291 1156 2324 ὑμενος
1170 2291 1185 2317 ὁ
1207 2290 1284 2323 Θεὸς,
1306 2291 1369 2323 τοὺς
1395 2292 1582 2327 ἐρημοτέρους
1600 2292 1718 2324 ἐκείνοις
1735 2293 1846 2323 τόπους

201 2335 256 2363 illis
273 2335 416 2362 hominum
440 2342 527 2369 genus
550 2334 752 2360 vulneraretur.
777 2334 882 2361 Accidit
902 2340 993 2362 autem

203 2381 353 2416 aliquando
369 2380 503 2415 quosdam
519 2379 554 2406 ab
572 2379 625 2406 illis
642 2379 772 2411 sauciari,
792 2384 822 2407 ut
838 2381 994 2415 {unusquis—

201 2435 255 2462 que
276 2427 376 2453 timens
405 2433 440 2452 ne
466 2425 556 2452 simile
571 2425 701 2452 damnum
718 2426 837 2460 patiatur
863 2426 897 2453 ad
919 2426 994 2453 illum

201 2472 248 2507 qui
278 2475 368 2506 potest
391 2470 498 2498 salvare
522 2470 560 2502 (id
587 2471 640 2505 est)
669 2471 702 2498 ad
727 2471 811 2498 Deum
841 2472 992 2506 confugiat,

200 2517 317 2543 Aliunde
334 2521 362 2543 et
383 2516 427 2542 illa
450 2516 484 2542 ad
507 2516 593 2543 multa
610 2516 742 2543 salutaria
764 2517 883 2543 remedia
902 2517 991 2544 inser-

200 2561 289 2588 viunt.
303 2559 390 2588 Nemo
404 2569 470 2596 ergo
487 2561 559 2589 feras
577 2561 699 2596 singulas
713 2562 892 2589 considerans
906 2562 991 2589 Crea-

202 2612 287 2635 torem
313 2609 495 2643 reprehendat
523 2609 570 2636 sed
594 2609 702 2635 illarqu
729 2609 875 2635 utilitatem
898 2609 992 2642 requi-

202 2658 253 2680 rat.
280 2652 385 2681 Etenim
413 2659 441 2681 et
466 2662 568 2689 corpus
594 2654 744 2680 humanum
771 2654 885 2680 tnultam
910 2653 993 2681 habet

201 2700 315 2733 gratiam
342 2705 370 2727 et
385 2700 557 2727 harmoniam
583 2705 607 2727 et
633 2699 777 2727 utilitatem
803 2699 830 2726 in
854 2700 991 2734 partibus.

200 2747 247 2773 sed
265 2746 348 2774 habet
367 2747 449 2774 etiam
465 2747 590 2781 pituitam
605 2751 632 2773 et
649 2745 682 2772 ad
708 2745 780 2773 illius
806 2746 986 2773 sccretionem

199 2798 334 2826 recessus,
352 2798 380 2821 et
404 2794 475 2820 male
491 2793 608 2820 olentem
631 2792 754 2819 odorem.
776 2790 873 2818 Nullus
896 2795 986 2818 autem

1045 2336 1093 2363 καὶ
1109 2336 1159 2371 τῆς
1173 2338 1269 2369 νυκτὸς
1288 2337 1469 2373 ἀπεκλήρωσε
1492 2338 1539 2364 τὸν
1552 2337 1658 2373 καιρὸν,
1675 2339 1734 2369 τοῖς
1753 2339 1846 2373 ἑρπε-

1044 2384 1099 2413 τοῖς
1109 2382 1136 2408 δὲ
1150 2383 1213 2415 τοὺς
1225 2383 1254 2409 ὲν
1267 2384 1299 2418 τῇ
1319 2385 1354 2418 γῇ
1370 2383 1513 2419 κατένειμε
1529 2384 1682 2419 χηραμοὺς,
1700 2385 1781 2415 ὅπως
1804 2384 1846 2419 μὴ

1045 2428 1109 2463 ῥᾷον
1125 2428 1170 2454 ὑπ’
1194 2428 1294 2461 αὐτῶν,
1316 2429 1370 2455 ’τῶν
1385 2429 1537 2465 ἀνθρώπων
1560 2430 1725 2464 πημαίνοιτο
1741 2430 1776 2457 τὸ
1794 2430 1847 2464 τὲ-

1043 2482 1087 2505 νος
1102 2482 1108 2489 ·
1129 2476 1266 2510 συγχωρεῖ
1287 2475 1315 2502 δὲ
1333 2475 1390 2502 ἐσθ’
1409 2476 1454 2502 ὅτε
1468 2477 1555 2508 τινὰς,
1573 2475 1620 2503 ὑπ’
1634 2476 1725 2503 αὐτῶν
1745 2485 1844 2512 παρα.

1044 2518 1210 2546 ϐλάπτεσθαι
1226 2528 1232 2535 ·
1248 2520 1286 2552 ὡς
1306 2521 1340 2547 ἃν
1357 2522 1474 2553 ἕκαστος
1492 2521 1585 2554 δεδιὼς
1604 2522 1671 2557 μήτι
1687 2523 1851 2558 παραπλή-

1042 2572 1098 2591 σιον
1111 2565 1203 2602 πάθῃ,
1225 2566 1294 2601 πρὸς
1308 2567 1354 2593 τὸν
1373 2567 1523 2602 δυνάμενον
1546 2567 1643 2600 σώζειν
1666 2568 1736 2594 Θεὸν
1754 2577 1850 2595 κατα-

1041 2609 1130 2645 φεύγῃ
1144 2617 1152 2625 “
1166 2611 1253 2642 ἄλλως
1268 2620 1298 2637 τε
1318 2612 1347 2638 δὲ
1361 2612 1448 2639 ταῦτα
1462 2613 1509 2639 καὶ
1523 2614 1591 2648 πρὸς
1601 2613 1688 2639 πολλὰ
1705 2614 1767 2639 τῶν
1779 2613 1851 2639 this-

1041 2653 1160 2685 ξικιὶκων
1180 2655 1334 2690 φαρμάκων
1363 2656 1494 2684 συντελεῖ,
1521 2656 1625 2692 Μηδεὶς
1651 2657 1744 2682 τοίνυν
1775 2656 1852 2683 αὐτὸ

1041 2701 1103 2727 καθ’
1126 2701 1206 2728 ἑαυτὸ
1230 2702 1260 2728 τὸ
1285 2702 1381 2738 θηρίον
1402 2703 1548 2736 ἐξετάζων,
1575 2702 1784 2737 ἑπιμεμφέσθω
1806 2702 1850 2736 τῷ

1043 2747 1156 2782 Ποιητῇ,
1178 2748 1246 2774 ἀλλὰ
1266 2748 1316 2784 τὴν
1341 2749 1437 2785 χρείαν
1460 2749 1640 2785 ἐπιζητείτω·
1655 2749 1717 2777 ἐπεὶ
1741 2749 1797 2775 καὶ
1815 2748 1848 2773 τὸ

1042 2792 1121 2825 σῶμα
1135 2793 1166 2820 τὸ
1177 2793 1347 2830 ἀνθρώπινον
1358 2795 1458 2832 πολλὴν
1467 2796 1524 2832 ἔχει
1535 2796 1582 2823 καὶ
1597 2795 1673 2831 ὤραν
1689 2795 1738 2822 καὶ
1753 2795 1849 2830 ἁρμο-

953 2836 1060 2864 NOTAE

246 2884 303 2919 (ἄὸ)
334 2884 381 2912 Est
414 2883 576 2912 Theodoreti
608 2884 680 2912 [etus
703 2893 732 2921 q.
764 2884 796 2911 18
827 2884 853 2912 in
883 2883 982 2912 Cenes.
1004 2884 1056 2910 col.
1074 2883 1117 2911 98.
