1874 3070
62 173 130 203 1057

468 169 515 198 AD
535 168 831 199 AMPIIILOCHIUM
850 168 1021 203 QU/ESTIO
1045 169 1138 205 CCLI,
1163 169 1273 198 CCLII.

1622 171 1690 204 1053

59 231 118 256 νὶαν
137 228 185 254 καὶ
200 226 255 253 τῶν
275 225 378 261 μορίων
391 225 442 260 τὴν
461 226 557 260 χρείαν
572 233 578 240 ·
596 225 654 252 ἀλλ’
668 225 725 259 ἔχει
740 225 788 252 καὶ

958 233 986 253 us
1001 233 1036 252 ex
1049 226 1100 253 hoc
1115 226 1199 253 vitam
1221 225 1375 253 accusabit.
1393 225 1457 253 Sine
1473 226 1548 254 enim
1576 227 1632 256 illis
1650 230 1698 256 vi-l

60 275 144 311 ρυζαν
159 272 208 299 καὶ
225 271 340 298 πτύελον
356 272 403 299 καὶ
418 271 524 306 δυσώδη
548 271 650 305 κόπρον
664 279 671 287 ·
695 270 753 297 ἀλλ’
764 270 851 303 οὐδεὶς

58 321 89 347 εὖ
104 319 213 354 φρονῶν
227 318 283 344 ἀπὸ
300 318 404 344 τούτων
422 317 545 344 διαϐάλοι
562 317 593 343 τὸ
608 317 677 349 ζῶον
694 325 700 332 ·
719 317 781 352 δίχα
797 318 852 352 γὰρ

58 367 160 392 τούτων
172 364 278 400 βιῶναι,
294 363 350 390 τῶν
362 364 499 390 ἀδυνάτων
512 370 519 377 ·
535 363 581 389 διὰ
593 363 646 397 γὰρ
658 362 760 389 τούτων
774 363 852 398 ἀρδό-

60 418 142 444 μενον
158 408 267 442 τὲθηλε,
286 409 333 434 καὶ
349 409 464 443 αἵματος
478 409 526 435 καὶ
542 408 695 442 φλέγματος
712 408 758 433 καὶ
770 407 852 443 χολῆς

58 456 205 490 ἑκατέρας·
217 455 276 481 ἀλλ’
290 454 385 488 ὥσπερ
401 454 445 481 διὰ
457 454 560 480 τούτων
574 453 749 487 συνέστηκεν,
766 452 852 484 οὕτως

58 501 102 528 διὰ
110 502 215 528 τούτων
226 501 286 533 ἑνὸς
299 501 354 527 τῶν
369 500 526 534 εἰρημένων
540 499 736 530 πλεονάσαντος
749 498 855 534 ἥὲλλεί-

58 547 159 581 ψαντος
172 547 306 573 διόλλυται
319 554 326 561 ·
340 547 387 573 καὶ
406 545 552 573 σκυταλίδα
567 546 594 572 εἴ
605 554 647 576 τις
667 545 781 580 ὲκτέμοι
796 545 851 571 τῶν

57 592 199 618 δακτύλων
221 591 414 626 δψεταιαὺτὴν
440 591 580 622 παντελῶς
601 592 745 626 ἄχρηστον.
766 591 854 627 Προσ-

59 640 123 671 ήκει
157 637 187 664 δὲ
207 637 252 663 διὰ
273 636 354 663 τοῦτο
381 637 429 662 καὶ
452 637 525 671 ἡμᾶς
545 635 584 671 μὴ
602 636 669 663 αὐτὸ
690 636 750 662 καθ’
775 635 856 662 ἑαυτὸ

58 682 278 718 ἁπομερίζοντας
299 682 348 708 τοῦ
365 682 464 714 παντὸς
481 682 596 710 ἕκαστον
616 683 699 719 μέρος
716 681 853 714 ἐξετάζειν

57 731 105 764 τῆς
120 730 238 761 κτίσεως
251 737 256 743 ·
277 730 345 756 ἀλλὰ
359 728 450 764 ζητεῖν
464 729 511 756 καὶ
525 730 686 756 ἐπισκοπεῖν
699 730 723 755 εἰ
743 729 780 763 τῷ
795 737 852 755 κοι-

57 776 94 810 νῴ
113 776 210 810 χρείαν
219 775 280 802 τινὰ
296 775 427 802 συντελεῖ.
448 775 503 801 Καὶ
516 775 550 801 τὰ
566 775 649 810 θηρία
667 775 781 801 αἰδεῖται
799 775 850 810 μὲν

902 279 965 298 vere
981 271 1150 306 impossibile
1164 277 1219 305 est;
1239 279 1272 299 ex
1290 272 1342 300 hoc
1359 272 1432 299 enim
1449 272 1538 300 oritur
1551 273 1626 308 quod
1648 282 1692 302 re-

901 317 1014 351 frigerat
1026 322 1053 344 et
1065 317 1227 351 sanguinem
1242 321 1270 344 et
1286 317 1425 349 ardorem,
1444 321 1472 345 et
1483 318 1568 345 bilem
1586 323 1692 346 utram-

901 369 964 396 que.
983 361 1036 388 Sed
1059 362 1131 389 sicut
1148 369 1196 396 per
1212 361 1258 388 illa
1272 362 1409 393 consistit,
1425 361 1463 389 ita
1483 370 1516 389 ex
1532 362 1612 390 dictis
1635 371 1692 390 uno

902 408 944 434 vel
961 407 1213 442 superabundante.
1231 408 1273 435 vel
1289 408 1432 435 deﬁciente
1449 409 1563 443 deperit.
1584 407 1613 436 Si
1629 409 1692 444 quis

903 455 976 480 enim
994 462 1076 481 unam
1093 454 1170 489 digiti
1193 458 1298 489 partem
1317 455 1476 487 ab5ciderit,
1496 455 1633 482 videbitur
1646 455 1690 482 illa

903 500 1017 526 omnino
1033 499 1156 532 inutilis;
1172 500 1298 527 convenit
1314 508 1380 535 ergo
1395 508 1446 527 nos
1460 508 1515 528 non
1535 501 1691 536 singulatim

905 553 1129 581 unamquamque
1156 547 1240 574 totius
1258 551 1362 581 partem
1394 547 1543 576 creatinnis
1567 547 1692 576 conside-

904 599 986 624 rare,
1016 593 1063 619 sed
1097 600 1218 627 quaerere
1243 598 1271 620 et
1293 593 1430 628 inspicere
1460 600 1553 622 utrum
1582 594 1692 621 utilitati

904 637 1045 664 communi
1062 638 1155 673 aliquo
1179 638 1261 666 modo
1285 639 1445 667 inserviant.
1462 639 1538 667 Ferat
1552 640 1691 667 hominem

905 681 1112 716 pertimescunt,
1133 687 1243 717 propter
1262 688 1424 718 potestatem
1446 684 1484 711 illi
1500 692 1584 719 super
1597 684 1658 711 illas
1675 691 1692 711 a

907 729 1042 763 principio
1060 730 1162 756 datam.
1179 729 1247 762 Quia
1264 735 1355 757 autem
1366 729 1451 764 legem
1465 730 1584 757 divinam
1601 734 1691 757 trans-

915 782 1026 808 gressus
1043 775 1103 808 iuit,
1121 775 1267 810 aliquando
1280 775 1354 802 illum
1372 781 1514 810 spernunt.

56 823 100 849 τὸν
115 822 261 857 ἄνθρωπον
276 822 320 848 διὰ
331 822 380 856 τὴν
391 821 421 855 ἐξ
438 822 526 856 ἀρχῆς
543 821 616 856 αὑτῷ
630 822 753 848 δοθεῖσαν
772 820 896 853 ἐξουσίαν
912 822 973 848 κατ’
1009 821 1100 848 αὐτῶν
1111 830 1118 837 ⁸
1135 821 1359 857 παραδεδηκόιος
1387 821 1415 848 δὲ
1446 821 1491 848 τὸν
1510 821 1580 847 θεῖον
1609 820 1691 856 νόμον

55 869 134 895 ἐστιν
152 869 197 894 ὃτε
212 869 383 904 καταφρονεῖ.

321 926 490 952 ΕΡΩΤΗΣΙΣ
506 925 590 952 ΣΝΒ¹.

59 971 119 998 Τίνι
135 972 153 998 δ
165 971 239 1003 Θεὸς
255 971 372 1004 εἴρηκε’
391 979 400 995 ι
417 971 594 1003 Ποιήσωμεν
608 969 767 1002 ἄνθρωπον
787 968 850 995 κατ’

146 1007 249 1033 εἰκόνα
263 1007 408 1040 ἡμετέραν
423 1006 472 1032 καὶ
488 1005 553 1032 καθ’
567 1005 729 1038 ὀμοίωσιν;
755 1013 763 1028 ι

1150 921 1318 955 ΟΠᾸΞΞΤΙΟ
1343 922 1442 950 CCLII.

904 967 1020 995 Cuiuam
1038 967 1109 994 Deus
1121 968 1221 995 dixerit
1234 976 1243 995 :
1256 967 1401 995 Faciamus
1414 969 1545 1004 hominem
1553 968 1587 995 ad
1597 968 1692 1004 imagi-

1012 1011 1070 1029 nem
1095 1009 1118 1029 et
1141 1004 1346 1030 similitudinem
1371 1008 1490 1031 nostram
1505 1003 1582 1039 (49)?

387 1063 459 1088 Edita
475 1070 489 1087 a
505 1063 567 1087 Maio
584 1061 613 1092 (l.
625 1067 647 1086 c.
660 1068 685 1093 p.
699 1060 755 1091 118,
771 1061 827 1089 119,
838 1060 943 1091 (1.251).
961 1074 992 1078 —
1010 1061 1158 1092 Explanatio
1174 1062 1200 1086 in
1211 1062 1273 1087 Gen.
1286 1069 1304 1090 ι,
1318 1061 1357 1086 26.

90 1105 223 1140 Δηλονότι
246 1105 286 1140 τῷ
298 1106 435 1140 όμοουσίῳ
459 1106 507 1131 καὶ
522 1105 671 1138 ταυτοφυεῖ
683 1104 744 1130 Υιεῖ
760 1112 766 1118 ·
785 1103 830 1130 τού

950 1103 1081 1132 ὶνὶᾱειιιθτ
1104 1111 1155 1132 suo
1190 1104 1418 1132 consubstantiali
1443 1108 1471 1132 et
1500 1104 1623 1139 ejusdem
1644 1112 1690 1132 na-

55 1161 109 1178 των
125 1152 181 1187 γὰρ
197 1153 244 1179 καὶ
259 1152 307 1187 μία
320 1151 432 1179 δύναται
443 1150 571 1185 γενέσθαι
588 1149 680 1177 εἰκών.
690 1150 722 1176 0t
740 1149 770 1176 δὲ
782 1148 850 1185 πρὸς

55 1199 119 1230 τοὺς
131 1197 264 1232 ἀγγέλους
276 1198 401 1233 εἰρῆσθαι
413 1197 492 1224 τοῦτο
508 1197 756 1233 παραληρήσαντες
774 1196 851 1231 αἱρε-

55 1245 141 1277 τικοὶ,
159 1245 206 1270 καὶ
218 1245 285 1279 πρός
298 1252 329 1278 γε
345 1244 408 1275 τοὺς
423 1243 553 1278 δαίμονας
572 1244 603 1270 τὺ
617 1242 780 1277 ἀθεώτερον,
792 1241 853 1269 λίαν

58 1291 130 1318 εἰσὶν
145 1292 254 1326 ἀνόητοι
271 1299 277 1306 ·
297 1291 359 1317 τίνα
373 1291 428 1326 γὰρ
450 1290 593 1317 κοινωνίαν
614 1289 671 1325 ἔχει
688 1289 770 1316 εἰκὼν
785 1288 853 1315 Θεοῦ

55 1339 103 1365 καὶ
119 1338 244 1372 ἀγγέλων
263 1337 425 1373 ἢδαιμόνων
437 1345 445 1370 ;
467 1334 518 1364 ⁷ον
532 1336 587 1370 γὰρ
601 1336 681 1363 οὐσία
694 1335 853 1371 ὰσυγκρίτῳ

55 1383 131 1418 λόγῳ
143 1384 292 1418 διενήνοχε.
303 1382 344 1413 τίς
356 1382 464 1417 μηχανὴ
479 1381 583 1408 τούτων
596 1380 645 1415 τὴν
660 1380 744 1415 αὐτὴν
760 1380 853 1407 εἰκόνα

57 1429 204 1464 ὲννοῆσαις
243 1428 378 1455 Ἰουδαίων
404 1429 458 1463 γὰρ
477 1428 510 1455 ἄν
532 1436 575 1459 τις
593 1428 643 1453 καὶ
662 1427 787 1461 γελάσειε
802 1426 852 1461 τὴν

57 1476 153 1502 ἄνοιαν
166 1483 174 1489 ’
190 1475 258 1510 πρὸς
274 1474 370 1502 ἑαυτὸν
384 1474 438 1510 γὰρ
449 1474 530 1500 τοῦτο
542 1474 587 1500 τὸν
601 1473 669 1500 Θεόν
682 1481 765 1507 φασιν
784 1474 853 1499 ἀπο.

59 1521 207 1557 φήνασοαι,
226 1520 309 1552 ,κατὰ
331 1529 393 1546 τινα
421 1520 538 1554 μίμησιν
561 1520 615 1546 τῶν
636 1520 726 1546 καίτοι
750 1519 774 1545 ει
804 1518 852 1545 καὶ

57 1566 252 1602 πληθυντικῶς
268 1565 314 1592 καὶ
334 1565 365 1591 τὸ
387 1565 553 1598 κελεύομεν
568 1564 616 1590 καὶ
638 1564 668 1590 τδ
679 1562 853 1597 ποιήσωμεν

58 1611 239 1647 προφέρεται,
262 1610 319 1637 ἀλλ’
335 1608 381 1637 οὖν
403 1609 502 1644 πολλὴν
521 1610 579 1644 ἔχει
602 1609 669 1644 πρὸς
685 1609 787 1644 ἄλληλα
802 1609 852 1644 τὴν

52 1659 192 1693 διαφοράν
209 1665 216 1674 ·
230 1657 260 1683 τὸ
278 1656 327 1692 μὲν
346 1657 400 1692 γὰρ
419 1655 608 1690 ποιήσωμεν,
624 1655 717 1691 ὥσπερ
731 1655 777 1681 ἐπὶ
793 1663 852 1681 κοι-

59 1704 144 1738 νωνίᾳ
173 1703 223 1737 τῆς
258 1702 385 1736 πράξεως
416 1701 462 1727 τὸν
488 1701 607 1735 ἰσότιμον
637 1700 715 1726 καλεῖ
730 1709 737 1715 ·
767 1698 797 1726 τὸ
822 1698 851 1726 δὲ

59 1747 254 1783 κελεύομενῆ
272 1746 434 1781 Ἱράφομεν,
454 1747 478 1772 εἰ
501 1746 549 1772 καὶ
568 1745 755 1780 πληθυντικῶς
767 1745 849 1779 ἐσχη-

905 1152 974 1176 tura:
988 1148 1077 1182 Filio;
1103 1149 1211 1177 illorum
1234 1151 1307 1178 enim
1334 1159 1388 1178 una
1403 1155 1494 1185 potest
1509 1151 1566 1178 ﬁeri
1588 1151 1689 1186 imago.

905 1193 1032 1222 Haeretici
1049 1199 1140 1223 autem
1157 1197 1204 1230 qui
1225 1196 1291 1223 illud
1309 1196 1344 1224 ad
1358 1197 1470 1232 angelos
1483 1197 1587 1225 dictum
1604 1197 1690 1225 fuisse

904 1241 988 1276 inepti
1007 1246 1182 1276 putaverunt,
1197 1246 1224 1270 et
1243 1242 1278 1270 ad
1295 1243 1451 1275 daemones,
1467 1243 1541 1277 quod
1559 1244 1689 1278 majorem

905 1286 1008 1314 redolet
1041 1287 1233 1321 impietatem,
1269 1288 1383 1315 ’omnino
1417 1292 1482 1316 sunt
1518 1288 1703 1323 insipientes.‘

904 1332 1056 1366 Quamnam
1073 1334 1146 1361 enim
1170 1334 1270 1361 habeat
1291 1334 1516 1361 communitatem
1539 1335 1629 1369 imago
1644 1334 1690 1362 Dei

904 1385 931 1407 et
955 1380 1114 1415 angelorum
1136 1384 1164 1407 et
1189 1380 1365 1408 dmmonum?
1389 1380 1512 1414 Quorum
1537 1382 1690 1409 substantia

903 1424 940 1452 ita
970 1424 1082 1457 differt,
1110 1429 1141 1453 ut
1167 1425 1243 1453 nullo
1261 1426 1342 1453 modo
1376 1426 1447 1453 inter
1479 1434 1509 1454 se
1536 1425 1691 1462 comparari

903 1472 1028 1507 possint.
1049 1472 1189 1506 quomodo
1212 1472 1322 1500 illorum
1343 1473 1438 1500 eadem
1463 1473 1554 1509 imago
1577 1473 1691 1509 cogitari

903 1518 1009 1552 possit?
1032 1517 1190 1545 Judteorum
1216 1518 1351 1546 insaniam
1380 1527 1461 1546 nemo
1485 1524 1528 1547 est
1556 1520 1603 1554 qui
1635 1527 1689 1547 non

902 1562 1037 1596 derideat,
1058 1563 1092 1590 ad
1112 1563 1290 1598 semetipsum
1309 1564 1382 1591 enim
1404 1564 1500 1592 dicunt
1515 1565 1599 1592 Deum
1624 1565 1691 1593 illud

903 1608 1024 1636 locutum
1041 1609 1137 1641 fuisse,
1157 1609 1299 1645 proferens
1314 1610 1446 1643 faciamus
1461 1611 1495 1639 ad
1509 1611 1690 1639 imitationem

902 1652 1012 1680 illorum
1029 1661 1091 1688 quae
1108 1654 1175 1682 dicit
1193 1655 1276 1682 etiam
1299 1655 1326 1682 in
1349 1656 1448 1689 plurali
1470 1664 1598 1689 numero,
1615 1665 1692 1684 man-

902 1698 1017 1731 damus;
1046 1699 1093 1726 sed
1123 1700 1202 1727 adest
1226 1700 1298 1727 inter
1324 1700 1369 1728 illa
1398 1709 1496 1736 magna
1525 1701 1690 1731 diﬂ‘ereutia.

903 1743 1021 1772 Verbum
1035 1745 1108 1772 enim
1122 1745 1253 1780 faciamus
1270 1747 1348 1782 quasi
1364 1747 1398 1775 ad
1414 1748 1548 1776 actionem
1564 1755 1692 1777 commu-

61 1797 202 1831 μάτισται.
218 1793 275 1820 ἀλλ’
290 1792 416 1827 οὐδαμῶς
430 1792 524 1827 ἑτέρου
537 1791 632 1826 κλῆσιν
647 1791 687 1822 εἰς
706 1799 801 1826 cavam

949 1798 965 1817 n
981 1792 1114 1826 aequalem
1131 1797 1221 1826 vocat,
1248 1801 1410 1820 manaamus
1431 1799 1523 1821 autem
1538 1795 1581 1822 vel
1598 1796 1689 1823 decer-

58 1842 170 1868 δίδωσιν
183 1840 286 1866 ἐννοεῖν
299 1848 305 1854 ·
321 1838 412 1870 ἄλλως
426 1847 458 1864 τε
467 1837 498 1864 τὸ
516 1838 565 1872 μὲν
578 1836 731 1871 γράφομεν
741 1836 788 1863 καὶ
801 1844 849 1862 κε-

58 1888 202 1921 λεύομεν,
219 1885 275 1920 ἔχει
300 1886 444 1919 πρόσωπον
462 1883 578 1917 φανερὸν
594 1881 662 1916 πρὸς
682 1881 696 1907 ὃ
715 1881 825 1915 λέγεται
842 1888 850 1894 ·

57 1934 140 1968 δῆλον
167 1933 221 1967 γὰρ
239 1931 276 1962 ὡς
295 1931 364 1965 πρὸς
385 1930 429 1956 τὸν
447 1928 616 1960 ὑπεξούσιοψ
645 1926 762 1954 ἐνταῦθα
777 1925 804 1952 δὲ
819 1925 851 1952 τὸ

59 1979 246 2013 ποιήσωμεν,
262 1976 380 2013 μάλιστά
409 1984 442 2010 γε
471 1975 515 2002 διὰ
547 1974 597 2009 τὴν
623 1974 772 2008 ἐπαγωγὴν
801 1971 850 1998 τοῦ

59 2025 126 2052 κατ’
142 2025 256 2056 εἰκόνα,
271 2021 398 2058 οὐδαμῶς
418 2021 510 2048 δίδωσι
533 2020 679 2054 πρόσωπον
696 2018 759 2045 ἄλλο
774 2017 851 2052 παρὰ,

56 2072 104 2099 τὸν
117 2071 183 2098 Υἱὸν
196 2070 243 2097 καὶ
254 2069 284 2096 τὸ
300 2069 433 2102 πανάγιον
445 2067 558 2102 Πνεῦμα
573 2067 683 2098 ἐννοεῖν,
701 2065 749 2095 τὰς
766 2065 851 2099 μεγά-

57 2118 107 2149 λας
148 2115 343 2150 πιστευόμενον
390 2113 488 2148 ἀρχὰς,
532 2112 557 2139 οἳ
597 2112 688 2146 λέγειν
720 2110 851 2137 εἰώθεσαν

56 2163 236 2196 κελεύομεν,
253 2161 300 2187 καὶ
315 2159 475 2195 γράφομεν,
490 2159 537 2184 καὶ
553 2157 787 2191 προστάττομεν,
804 2155 851 2182 καὶ

57 2211 90 2237 τὰ
118 2207 201 2244 ὃμοια
214 2217 220 2222 ·
236 2207 325 2234 καίτοι
336 2207 371 2232 τὰ
385 2205 499 2232 πλεῖστα
523 2203 621 2234 ἑνικῶς
638 2204 655 2237 ἡ
673 2203 734 2229 θεία.
754 2201 850 2237 Γραφὴ

58 2256 195 2291 προφέρει
213 2254 325 2288 λέγοντα
345 2252 390 2279 τὸν
404 2251 457 2277 τῶν
481 2251 548 2278 ὅλων
560 2250 636 2276 Θεὸν·
654 2259 663 2274 t
679 2248 781 2284 Καιρὸς
796 2248 850 2282 γὰρ

57 2301 161 2332 παντὸς
179 2300 242 2334 ἥκει
257 2299 376 2326 ἐναντιον
391 2297 485 2332 ὲμοῦἰ
502 2296 559 2327 καὶ,
579 2304 588 2321 ι
601 2294 785 2329 Ἐνεουμήθην
809 2293 849 2319 ὃτι

57 2347 177 2382 ἐποίησα
188 2346 234 2372 τὸν
243 2346 393 2380 ἄνθρωπον
401 2353 410 2368 s
428 2342 487 2373 καὶ,
507 2341 678 2375 (Ἀπαλείψιι)
691 2339 737 2366 τὸν
747 2338 851 2374 ἄνθρω-

57 2402 137 2420 now)
151 2394 208 2422 καὶ,
223 2401 231 2416 ι
246 2390 414 2416 Οὺκὲσονται
426 2388 482 2414 θεοὶ
500 2387 589 2422 ἕτεροι
604 2386 675 2420 πλὴν
690 2385 786 2421 ἐμοῦ-ι
803 2384 851 2411 καὶ

59 2438 156 2474 μυρία·
167 2437 290 2470 ὀλιγάκις
303 2436 331 2462 δὲ
342 2433 533 2469 πληθυντικῶς
551 2431 713 2468 σχηματίζει
729 2431 784 2458 τῶν
800 2431 850 2465 τῆς

902 1836 999 1869 nimus,
1012 1839 1139 1871 quamvis
1153 1837 1248 1872 plurali
1262 1846 1377 1866 numero
1394 1840 1510 1874 prolata,
1520 1841 1597 1868 nullo
1608 1841 1690 1869 modo

901 1883 988 1910 alium
1005 1883 1040 1910 ad
1059 1883 1195 1911 actionem
1219 1891 1394 1912 communem
1411 1887 1505 1913 vocari
1520 1892 1688 1921 supponunt.

901 1929 987 1957 Aliter
1018 1933 1109 1957 autem
1140 1930 1254 1958 verbum
1282 1931 1447 1958 decernimus
1472 1938 1499 1959 et
1530 1933 1689 1959 mandamus

900 1975 974 2002 clare
991 1980 1104 2010 apparet
1115 1975 1149 2003 ad
1164 1976 1230 2011 quid
1246 1976 1384 2008 dicantur.
1400 1977 1541 2005 evidenter
1560 1978 1633 2005 enim
1656 1979 1691 2005 ad

901 2020 1065 2054 subjectum.
1084 2021 1134 2049 Hic
1144 2027 1234 2050 autem
1252 2023 1364 2050 verbum
1380 2023 1523 2058 facimus,
1537 2025 1690 2059 praesertim

902 2070 1013 2101 propter
1025 2066 1090 2094 illud
1104 2067 1178 2102 quod
1191 2067 1321 2102 adjicitur
1339 2068 1374 2094 ad
1388 2068 1541 2103 imaginem,
1558 2069 1626 2096 nihil
1640 2070 1691 2096 ab-

902 2114 991 2140 solute
1013 2113 1061 2140 dat
1081 2113 1293 2149 excogitandum
1317 2115 1370 2142 nisi
1388 2115 1487 2142 Filium
1505 2119 1532 2142 et
1555 2115 1688 2149 Spiritum

901 2162 1026 2186 sanctum
1040 2158 1140 2192 quibus
1159 2159 1371 2187 committuntur
1385 2161 1512 2188 maxima:
1525 2165 1689 2195 potestates,

901 2203 947 2238 qui
962 2204 1054 2231 dicere
1065 2210 1277 2237 consueverant,
1294 2205 1455 2232 mandamus
1471 2210 1499 2232 et
1512 2205 1688 2238 decernimus,

901 2253 928 2276 et
944 2249 1073 2281 iubemus,
1099 2254 1128 2276 et
1150 2250 1203 2277 alia
1227 2250 1252 2277 id
1269 2259 1364 2285 genus.
1382 2251 1508 2277 Attamen
1530 2251 1691 2285 plerumque

901 2300 995 2322 sancta
1019 2295 1162 2331 Scriptura
1187 2296 1298 2324 exhibet
1322 2296 1409 2324 Deum
1431 2297 1458 2323 in
1482 2295 1615 2330 singulari
1636 2304 1690 2323 ηιμ

901 2349 979 2369 mero
1003 2344 1159 2378 loquentem
1185 2353 1192 2370 :
1217 2352 1226 2368 ι
1251 2343 1371 2377 Tempus
1395 2343 1467 2370 enim
1500 2342 1590 2369 omnis
1615 2346 1690 2369 venit

902 2393 966 2416 ante
982 2397 1035 2417 me.
1054 2398 1064 2415 ι
1080 2404 1115 2409 —
1129 2399 1139 2416 ι
1158 2389 1200 2417 Me
1215 2389 1330 2424 poenitet
1347 2388 1411 2424 quia
1431 2389 1481 2416 ieci
1499 2389 1656 2421 hominem;
1676 2397 1686 2413 ι

903 2439 928 2462 et
945 2442 952 2461 :
971 2443 981 2460 ι
999 2434 1101 2462 Delebo
1119 2435 1274 2468 hominem;
1292 2443 1302 2460 ι
1319 2439 1347 2461 et
1362 2443 1369 2461 :
1389 2444 1398 2460 ι
1414 2433 1472 2460 Non
1489 2437 1571 2460 erunt
1588 2433 1626 2460 dii
1642 2433 1691 2460 alii

57 2484 176 2520 Τριάδος
188 2482 342 2517 προσώπων
352 2480 491 2515 ἐμφαίνων
504 2479 549 2504 τὸν
558 2477 683 2513 ἀριθμόν.
694 2477 797 2511 ’Ὠσπερ

949 2485 999 2507 ater
1026 2487 1082 2514 me,
1100 2490 1110 2506 ι
1133 2486 1160 2508 ct
1183 2481 1235 2507 alia
1259 2480 1356 2507 multa.
1374 2479 1527 2514 Aliquando
1547 2484 1638 2506 autem
1661 2479 1689 2507 in

61 2541 69 2556 ι
85 2530 181 2561 Δεῦτε,
196 2529 244 2555 καὶ
257 2527 423 2558 καταϐάντες
439 2525 598 2560 συγχέωμεν
621 2523 670 2555 τὰς
688 2522 823 2558 γλώσσας·
840 2532 848 2547 ι

58 2574 182 2609 καὶπερὶ
201 2571 232 2600 οὗ
243 2573 290 2599 νῦν
307 2573 321 2598 ὁ
336 2572 414 2605 λόγος
431 2579 438 2586 ·
451 2571 498 2597 καὶ
514 2570 567 2604 γὰρ
580 2569 698 2596 ἐνταῦθα
714 2570 808 2604 ἐπειδὴ
821 2569 851 2595 τὸ

58 2621 171 2654 λογικὴν
186 2619 255 2651 ζῶον
268 2617 425 2644 διέπλαττεν
437 2617 451 2643 ὁ
471 2617 536 2648 Θεὸς
547 2624 554 2631 ’
568 2615 582 2642 ὃ
598 2616 644 2642 καὶ
667 2615 852 2647 ἀνακαινίζειν

61 2668 133 2701 μετὰ
146 2665 247 2696 πολλὰς
259 2664 371 2699 ἔμελλεν
392 2662 489 2697 γενεὰς
507 2663 567 2694 ταῖς
580 2662 629 2697 τῆς
642 2661 724 2695 ἁγίας
737 2662 851 2696 Τριάδος

60 2713 224 2747 ἐπικλήσεσι
251 2709 450 2745 τελεσιουργῶν
475 2709 505 2735 τὺ
533 2708 665 2742 πανάγιον
697 2707 847 2743 βάπτισμα,

62 2758 170 2793 μέλλων
181 2757 358 2792 δημιουργεῖν
367 2755 416 2790 τὴν
429 2755 520 2780 ἐκεῖνα
531 2753 564 2779 τὰ
575 2753 712 2789 μυστήρια
726 2753 849 2788 παραλη-

902 2525 1000 2560 plurali
1026 2533 1143 2553 numero
1159 2525 1275 2560 loquens
1302 2533 1445 2552 numerum
1462 2523 1606 2551 Trinitatis
1626 2532 1690 2559 per-

901 2579 1031 2598 sonarum
1048 2572 1165 2607 ﬁgurare
1184 2572 1302 2605 videtur,
1326 2577 1356 2599 ut
1375 2580 1437 2599 cum
1449 2572 1515 2599 dicit
1529 2580 1538 2599 :
1552 2580 1562 2597 ι
1580 2571 1689 2604 Venite,

901 2617 1101 2644 descendamus
1124 2620 1151 2644 et
1165 2616 1369 2644 coniundamus
1384 2616 1491 2651 linguas
1505 2623 1611 2648 eorum,
1629 2625 1639 2641 ι
1661 2621 1690 2643 et

901 2662 1014 2689 verbum
1032 2663 1064 2690 de
1083 2670 1139 2697 quo
1163 2662 1265 2698 agitur.
1282 2663 1333 2691 Iiic
1346 2663 1419 2690 enim
1440 2669 1504 2689 cum
1528 2661 1691 2689 rationabile

902 2707 1004 2735 animal
1017 2713 1139 2736 creasset
1148 2707 1231 2742 Deus,
1243 2709 1315 2742 quod
1327 2712 1353 2735 et
1364 2713 1547 2735 renovaturus
1560 2711 1620 2734 erat
1630 2711 1691 2741 post

904 2754 1003 2782 multas
1028 2755 1230 2790 generationes,
1251 2755 1279 2782 in
1304 2755 1415 2783 nomine
1432 2758 1534 2782 sancta:
1547 2753 1692 2780 Trinitatis

819 2809 936 2836 ικοΤΑς.

99 2862 152 2896 (59)
170 2860 232 2887 llzec
256 2859 382 2894 quaestio,
404 2865 464 2892 quae
480 2866 513 2896 ex
531 2856 703 2896 Theodoram
715 2865 742 2892 q.
767 2857 800 2883 19
822 2857 848 2883 iu
869 2857 968 2884 Genes.
987 2864 1014 2891 p.
1044 2857 1096 2884 10?.
1116 2857 1258 2892 desumpta
1275 2863 1328 2891 est,
1345 2857 1420 2885 deest
1432 2857 1458 2884 in
1471 2857 1555 2883 Coisl.
1566 2860 1592 2883 et
1605 2855 1689 2883 Taur.

62 2893 177 2930 Quod'et
190 2896 223 2922 de
242 2893 348 2921 duabus
361 2894 540 2927 sequentibus
555 2893 635 2920 valet.

238 2943 374 2972 PATROL.
399 2943 456 2972 Gn.
477 2941 527 2970 Ci.

1496 2935 1532 2966 31s
