1874 3070
202 171 271 204 1059

747 168 880 199 PHOTII
896 166 1148 198 PATRIARCH/E
1165 167 1220 197 ΟΡ.

1756 163 1824 198 1060

200 230 349 257 conficiens
375 227 581 255 sanctissimum
607 227 761 262 baptisma,
785 227 940 262 generation

1092 226 1162 261 ,ἐνην
1184 225 1275 260 φύσιν.
1302 223 1510 260 αἰνιγματωδῶς
1544 224 1592 251 καὶ
1613 223 1645 250 τδ
1666 224 1766 251 ταυτὸν
1785 225 1832 259 τῆς

200 281 344 304 creuturus
358 282 419 310 quae
435 275 487 302 ista
498 274 630 310 mysteria
643 273 788 309 acciperet,
804 274 831 301 in
845 275 990 310 aenigmate

201 328 227 350 rt
244 323 375 349 unitatem
398 321 559 348 substantiae
584 325 612 348 et
640 327 784 347 numerum
808 328 989 356 personarum

200 369 380 395 demonstrat.
404 367 473 394 Cum
497 368 571 394 enim
591 366 667 399 dicit,
685 365 760 393 Dixit
786 365 867 396 Deus.
890 367 991 394 divinat

198 419 303 443 natura
329 414 558 441 communitatem
581 413 755 446 manifestat;
772 413 927 448 adiiciendo
943 421 990 441 au-

199 466 254 487 tem
266 459 408 494 faciamus,
423 465 603 494 personarum
619 458 848 494 multiplicitatem
858 459 988 487 declarat.

201 506 303 533 lterum
316 505 434 532 dicendo
456 513 572 532 numero
586 505 716 540 singulari
732 505 875 540 imaginem
890 505 989 533 identi-

200 557 284 579 tatem
307 556 413 579 naturae
426 551 567 584 exhibuit;
584 557 705 579 uestram
729 556 820 580 autem
835 552 990 588 adjicienda

199 597 391 633 hypostasium
412 596 653 631 multiplicitatem.
671 596 770 624 Omnia
789 597 863 624 enim
889 597 990 632 praevi-

199 645 267 672 dens
283 643 356 671 Deus
371 647 398 670 et
415 642 554 677 Unigeuiti
572 642 615 670 sui
636 642 867 676 incarnationem,
884 643 990 671 scilicet

199 690 273 725 quod
289 690 369 718 istam
382 693 510 716 naturam
522 697 555 716 ex
570 688 745 716 sanctissima
762 688 868 724 virgine
880 697 990 717 assum-

198 742 295 773 pturus
305 741 374 768 erat,
387 736 486 764 merito
497 736 571 764 illam
583 736 769 771 generationis
779 735 989 764 fundamentum

199 783 304 810 honore
320 789 422 817 magno
434 782 564 818 dignatus
575 787 627 809 est.
639 781 761 809 Primum
775 782 886 817 quidem
897 783 990 810 consi-

198 829 266 857 lium
290 828 440 856 ereationis
462 827 612 863 przeposuit
633 831 664 855 ut
691 828 874 856 creandarum
897 836 989 856 rerum

199 876 336 903 rationem
355 875 590 910 praesignificaret.
605 873 704 902 Postea
722 882 904 910 personarum
917 876 990 903 divi-

199 922 294 949 uitatis
317 928 462 949 numerum
487 920 683 953 manifestavit,
708 925 738 948 ut
754 920 889 949 formatus
906 921 989 950 homo

199 967 342 1002 theologia:
364 971 470 994 secreta
491 970 613 994 sumeret
632 971 658 994 et
672 966 720 1001 qui
744 971 840 994 sancto
853 967 990 1002 baptismo

198 1013 325 1048 dignatus
341 1016 393 1044 est,
408 1011 482 1039 clare
502 1015 651 1046 cognoscat
663 1011 736 1046 quod
753 1012 801 1046 qui
818 1012 947 1040 formavit
963 1017 990 1040 et

201 1058 259 1092 ipse
284 1057 409 1090 salvavit,
438 1061 465 1084 et
491 1057 539 1091 qui
570 1056 686 1084 salvavit
714 1063 741 1084 et
768 1057 826 1092 ipse
848 1056 987 1085 formavit.

198 1103 332 1130 Praeterea
364 1107 395 1130 ut
417 1107 515 1130 auctor
537 1101 711 1130 formationis
740 1101 842 1136 factus,
869 1103 990 1131 ostendit

199 1157 363 1178 immensum
388 1157 451 1185 erga
478 1149 530 1176 hoc
560 1148 666 1183 plasma
693 1155 835 1182 amorem;
864 1150 912 1177 sed
939 1157 989 1177 nec

198 1204 297 1224 manus
322 1196 423 1223 habere
447 1194 621 1222 Divinitatem
636 1194 774 1226 dicimus,
796 1201 847 1222 nec
872 1195 988 1223 consilio

197 1244 327 1278 quodam,
341 1242 382 1269 vel
395 1241 557 1277 praevisione
569 1241 703 1276 indigere,
713 1247 753 1273 ut,
763 1242 914 1269 secundum
925 1242 988 1270 Pla-

199 1289 270 1316 tonis
286 1288 379 1320 verba,
400 1287 599 1322 ad,cogitatam
614 1287 735 1314 'lormam
747 1286 884 1314 facturam
909 1295 986 1315 suam

197 1337 364 1369 praepararet
381 1341 387 1360 :
404 1331 451 1360 sed
466 1332 581 1359 istorum
592 1332 809 1367 unumquodque
820 1332 985 1361 immensam

197 1379 244 1406 Dei
263 1387 327 1413 erga
341 1382 485 1406 creaturas
501 1378 716 1405 sollicitudinem
731 1378 913 1406 demonstrat.

441 1423 606 1456 QUIESTIO
625 1424 741 1452 CGLlll.

286 1471 356 1503 Quid
376 1470 505 1506 signiﬁcet
522 1477 532 1496 :
550 1479 559 1495 ε
575 1470 616 1496 Ad
631 1470 772 1505 imaginem
786 1479 795 1496 ι
813 1470 870 1505 (50)
885 1470 897 1497 Ἰ

1041 272 1135 304 οὐσίας
1154 272 1256 298 καὶτὸν
1269 271 1324 298 τῶν
1336 270 1490 306 προσώπων
1501 269 1694 306 παρεδήλωσεν
1706 270 1831 306 ἀριθμόν·

1040 320 1084 347 διὰ
1110 320 1161 355 μὲν
1180 320 1234 356 γὰρ
1249 319 1297 346 τοῦ
1319 320 1417 351 εἰπεῖν,
1437 316 1534 346 Εἶπεν
1552 320 1569 345 ὀ
1584 318 1654 351 Θεὸς
1666 337 1674 349 ,
1691 317 1722 344 τὸ
1746 317 1834 344 κοινὸν

1039 366 1091 402 τῆς
1107 365 1182 397 θείας
1198 365 1334 401 δεδήλωκε
1346 364 1465 400 φύσεως·
1483 363 1632 399 ἐπαγαγὼν
1644 363 1674 390 δὲ
1687 363 1730 395 τὸ,
1745 363 1834 396 Ποιή-

1041 421 1160 447 σωμεν,
1180 412 1295 447 ἐνέφηνε
1315 411 1370 439 τῶν
1388 410 1544 447 προσώπων
1559 410 1607 437 τὸν
1621 409 1741 444 ἀριθμόν
1756 417 1766 426 ⁸
1784 410 1834 436 πά-

1040 458 1082 485 λιν
1110 457 1196 485 εἰπὼν
1221 457 1318 489 ἑνικῶς
1344 457 1448 484 εἰκόνα
1472 457 1504 483 τὸ
1524 456 1623 484 ταυτὸν
1649 456 1699 491 τῆς
1725 456 1833 490 φύσεως

1041 503 1142 536 ἔδειξεν
1155 511 1162 519 ·
1183 503 1332 538 ἡμετέραν
1352 503 1381 530 δὲ
1405 502 1546 538 προσθεὶς,
1568 502 1616 529 τὸν
1635 501 1690 528 τῶν
1712 502 1834 528 ὕποστὰ-

1042 559 1112 578 σεων
1134 551 1251 587 ἀριθμόν
1269 559 1277 566 ·
1307 550 1416 577 ἅπαντα
1436 550 1491 585 γὰρ
1506 548 1631 585 προορῶν
1643 550 1657 576 ὁ
1670 549 1726 575 τῶν
1746 549 1834 576 dativ-

1040 608 1095 626 των
1108 599 1175 631 Θεὸς
1188 599 1235 626 καὶ
1250 598 1300 634 τὴν
1312 597 1359 625 τοῦ
1375 595 1546 632 Μονογενοῦς
1558 595 1778 630 ὲνανθρὼπησιν,
1798 595 1835 627 ὡς

1041 646 1145 682 ταύτην
1159 645 1209 681 τὴν
1229 645 1311 680 φύσιν
1326 645 1359 672 ὲκ
1374 643 1512 677 πανάγνου
1527 642 1577 677 τῆς
1594 642 1736 678 Παρθένου
1751 641 1836 677 λήψε-

1041 701 1099 724 ται.
1127 692 1200 727 μάλα
1225 691 1339 723 εἰκότως
1363 690 1411 717 καὶ
1423 689 1509 725 αὐτὴν
1523 689 1569 716 τοῦ
1591 688 1687 723 γένους
1705 688 1755 724 τὴν
1772 697 1836 723 κρη-

1041 739 1105 765 πῖδα
1120 736 1202 774 τιμῆς
1225 737 1358 773 μεγίστης
1372 736 1484 772 ἠξίωσε.
1506 735 1619 770 Πρῶτον
1630 735 1681 770 μὲν
1696 734 1752 770 γὰρ
1773 734 1835 769 βου-

1039 783 1090 819 λὴν
1105 783 1156 819 τῆς
1178 783 1358 819 δημιουργίας
1381 781 1542 818 προέταξεν,
1568 781 1612 808 ῐνα
1638 780 1685 808 τοῦ
1700 781 1834 816 δημιουρ-

1040 828 1175 864 γουμένου
1193 828 1225 855 τὸ
1248 828 1357 863 λογικὸν
1377 827 1543 864 προσημάνῃ
1562 835 1571 844 ο
1583 825 1643 854 εἶτα
1666 826 1723 853 τῶν
1744 834 1832 861 προσ-

1039 874 1123 902 ώπων
1135 874 1187 910 τῆς
1202 874 1336 910 Θεότητος
1351 874 1528 911 παρεδήλωσε
1543 873 1589 901 τὸν
1606 873 1735 909 ἀριθμὸν,
1747 873 1792 900 ἵνα
1802 874 1835 900 τὰ

1005 908 1026 936 Β
1039 920 1088 956 τῆς
1104 908 1245 955 θεολογίας
1301 908 1488 955 πλαττδμενος
1503 908 1649 955 ἄνθρωπος
1667 919 1740 956 λάϐῃ
1762 919 1834 946 αίνί-

1039 973 1143 1001 γματα,
1163 966 1210 993 καὶ
1226 967 1241 993 ὸ
1261 966 1309 993 τοῦ
1323 966 1457 1001 παναγίου
1473 965 1661 1001 βαπτίσματος
1672 965 1835 1001 ἀξιούμενος

1038 1011 1163 1048 γινώσκῃ
1177 1012 1272 1047 σαφῶς
1288 1012 1329 1039 ὅτι
1342 1013 1357 1039 ὸ
1369 1012 1476 1044 πλάσας
1488 1011 1537 1039 καὶ
1552 1011 1678 1044 διέσωσε,
1690 1011 1738 1039 καὶ
1752 1013 1767 1038 ὸ
1782 1011 1835 1038 σώ-

1038 1067 1088 1090 σας
1103 1059 1183 1091 αὐτὸς
1196 1059 1244 1086 καὶ
1257 1059 1385 1086 διέπλασε
1399 1066 1408 1075 ⁸
1421 1058 1490 1094 πρὸς
1499 1059 1527 1086 δὲ
1537 1058 1642 1090 τούτοις
1655 1058 1703 1085 καὶ
1716 1054 1775 1085 οἷον
1785 1058 1834 1085 αὑ-

1037 1114 1084 1132 του
1089 1105 1152 1142 ργδς
1164 1105 1214 1141 τῆς
1222 1105 1394 1138 διαπλάσεως
1401 1106 1558 1141 γενόμενος,
1568 1103 1652 1137 ἔδειξε
1663 1104 1713 1139 τὴν
1721 1103 1833 1131 πλείονα

1039 1152 1106 1188 περὶ
1117 1152 1178 1179 τόδε
1190 1152 1221 1179 τὸ
1237 1152 1351 1188 πλάσμα
1366 1151 1559 1187 φιλοστοργίαν
1569 1160 1577 1167 ·
1591 1151 1650 1178 ἀλλ’
1661 1150 1725 1178 οὕτε
1736 1152 1833 1187 χεῖρας

1039 1199 1112 1234 ἔχειν
1124 1198 1155 1226 τὸ
1171 1198 1248 1226 Θεῖὀν
1271 1207 1362 1234 φαμεν
1380 1198 1442 1226 οὒτε
1459 1198 1563 1225 δεῖσθαι
1577 1198 1677 1234 βουλῆς
1697 1206 1772 1230 τινος
1787 1199 1833 1225 καὶ

1038 1244 1222 1280 προθεωρίας,
1238 1244 1281 1272 ἴνα
1308 1244 1380 1271 κατά
1395 1244 1458 1275 τοὺς
1475 1244 1617 1275 Πλάτωνος
1635 1243 1737 1279 μύθους
1763 1243 1833 1278 πρὸς

1036 1290 1087 1326 τὴν
1100 1291 1150 1326 τῆς
1163 1291 1339 1326 ἐνθυμήσεως
1363 1290 1436 1317 ἰδέαν
1451 1290 1646 1326 κατασκευάσῃ
1661 1290 1693 1316 τὸ
1705 1290 1814 1325 ποίημα
1823 1297 1831 1304 ⁸

1039 1336 1108 1364 ἀλλὰ
1123 1337 1172 1364 καὶ
1185 1337 1287 1364 τούτων
1307 1337 1420 1364 ἕκαστον
1434 1336 1484 1371 τὴν
1498 1336 1611 1363 πλείονα
1626 1335 1674 1363 τοῦ
1684 1335 1753 1363 Θεοῦ
1766 1335 1834 1371 περὶ

1039 1383 1069 1408 τὸ
1087 1381 1157 1415 ζῶον
1169 1382 1333 1418 κηδεμονίαν
1343 1382 1428 1417 δηλοῖ.

1299 1430 1468 1456 ΕΡΩΤΗΣΙΣ
1485 1429 1569 1456 ΣΝΓ’.

1219 1475 1250 1502 Τί
1264 1475 1331 1502 ἐστι
1349 1474 1382 1501 τὸ
1399 1484 1409 1500 ι
1427 1474 1498 1502 Κατ’
1513 1473 1617 1502 εἰκόνα
1627 1481 1652 1507 ;ι

735 1517 807 1542 Edita
818 1523 832 1542 a
845 1517 907 1542 Maio
925 1518 954 1548 (l.
970 1525 994 1543 c.
1007 1525 1031 1551 p.
1045 1520 1099 1551 119,
1115 1521 1166 1551 lii.
1181 1528 1207 1552 q.
1219 1521 1286 1552 251).

232 1562 349 1596 Quidam
362 1568 396 1589 au
412 1561 628 1589 invisibilitatem
648 1560 747 1588 animae
758 1560 855 1589 referri
867 1561 934 1588 illud
949 1569 972 1588 ac

1095 1564 1151 1596 ινὲς
1169 1565 1200 1592 τὺ
1212 1565 1327 1602 ἀόρατον
1340 1565 1392 1600 τῆς
1404 1565 1495 1601 ψυχῆς
1508 1565 1540 1592 τδ
1553 1566 1619 1592 κατ’
1635 1566 1738 1592 εἰκόνα
1757 1565 1833 1600 εἰρή-

197 1609 340 1642 imaginem
359 1607 508 1635 dixerunt:
521 1606 569 1634 sed
581 1606 605 1634 si
619 1606 657 1633 ita
674 1605 721 1638 sit,
739 1605 827 1632 multo
851 1605 937 1640 magis
949 1606 984 1632 ad

198 1654 343 1689 imaginem
368 1657 462 1680 eSsent
486 1652 594 1687 angeli:
610 1651 723 1686 quidam
753 1655 844 1678 autem
871 1651 985 1679 omnino

196 1700 280 1726 stulte
311 1698 409 1726 dicunt
434 1697 636 1725 humanitatem
670 1697 705 1724 ad
728 1697 877 1733 imaginem
915 1697 986 1724 divi-

196 1753 258 1774 nam
289 1745 388 1773 factam
420 1744 516 1773 fuisse.
560 1743 666 1779 decepti
699 1750 734 1771 ex
755 1751 788 1771 eo
815 1743 887 1778 quod
913 1750 985 1778 sape

194 1794 303 1820 dicatur
328 1792 356 1819 in
376 1791 517 1826 Scriptura
542 1797 622 1818 sacra
651 1790 685 1818 de
703 1789 782 1818 Deo:
802 1789 893 1823 Oculi,
923 1797 985 1818 ma-

194 1848 258 1871 nus,
284 1843 310 1866 et
330 1838 442 1871 similia.
458 1845 512 1865 non
540 1837 724 1872 intelligentes
745 1837 819 1872 quod
838 1836 910 1865 Deus
933 1837 984 1864 ho-

195 1887 283 1914 mines
311 1893 360 1921 per
378 1885 448 1913 alios
468 1885 594 1912 homines
624 1884 778 1919 alloquens,
810 1884 982 1912 audientium

194 1932 376 1961 imbecillitati
397 1938 540 1959 senuones
551 1931 677 1963 metitur,
697 1935 725 1958 et
737 1931 802 1966 quia
821 1938 871 1965 per
886 1930 983 1958 oculos

194 1988 244 2008 nos
253 1979 391 2013 videmus,
409 1978 526 2006 visionis
537 1977 694 2006 facultatem
705 1978 734 2005 in
753 1977 800 2004 illo
815 1977 912 2005 oculos
931 1985 984 2004 no-

193 2027 317 2058 minavit.
346 2027 420 2054 sicut
445 2030 472 2053 et
486 2033 579 2059 aures,
614 2025 742 2053 audiendi
756 2024 928 2058 facultatem,
956 2030 984 2052 et

193 2073 322 2108 loquendi
334 2080 376 2100 os.
390 2073 519 2099 Attamen
543 2072 756 2099 immensitatem
769 2070 817 2098 Dei
840 2078 874 2098 ex
890 2071 983 2099 multis

194 2119 344 2153 Scriptura:
352 2117 420 2144 locis
435 2117 542 2144 discere
556 2116 636 2144 facile
648 2122 699 2144 est.
711 2117 828 2150 Quidam
845 2124 911 2151 ergo
925 2124 984 2144 ma-

193 2164 270 2199 gistri
280 2165 316 2191 ita
331 2163 515 2196 intelligebanl
529 2163 607 2197 illud,
623 2172 632 2188 ι
644 2163 678 2190 ad
688 2163 834 2198 imaginem
849 2168 876 2190 et
885 2163 983 2191 simili-

195 2211 315 2238 tudinem
330 2216 463 2242 nostram,
473 2210 588 2241 scilicet,
596 2220 605 2236 ι
617 2210 689 2245 quod
700 2217 762 2237 cum
772 2213 912 2238 creaturas
922 2217 982 2237 sen-

193 2257 290 2284 tientes
307 2260 334 2283 et
348 2255 495 2283 rationales
511 2255 622 2283 fecisset
636 2255 682 2290 qui
699 2260 741 2282 est
757 2256 879 2283 omnium
894 2255 978 2289 Deus,
997 2252 1018 2279 Ι)

193 2303 330 2332 hominem
353 2303 450 2330 ultimo
481 2303 542 2330 loco
568 2302 643 2333 fecit.
669 2303 741 2330 sicut
772 2302 919 2338 quamdam
939 2303 982 2331 sui

192 2350 279 2385 ipsius
293 2350 440 2385 imaginem
453 2356 556 2384 ponens
572 2349 598 2376 in
609 2348 700 2375 medio
716 2353 906 2376 creaturarum
922 2349 982 2375 ina-

191 2399 358 2424 uimatarum
372 2400 399 2423 et
410 2395 578 2423 sensibilium
595 2399 622 2422 et
636 2394 839 2422 rationabilium
857 2398 886 2422 ut
904 2402 982 2422 crea-

190 2449 259 2471 tura:
269 2443 397 2470 animatae
412 2446 439 2469 et
451 2441 608 2468 inanimatae
626 2440 661 2467 illi
682 2441 752 2468 sicut
771 2441 909 2476 quoddam
931 2442 980 2469 tri-

191 2492 285 2517 hutum
306 2489 451 2516 utilitatem
465 2487 618 2515 conferant.
637 2488 777 2515 Creaturaa
787 2493 878 2515 autem
893 2489 979 2516 ratio-

189 2537 264 2564 nales
280 2535 319 2563 illi
335 2534 502 2570 providendo
516 2541 593 2562 suam
615 2541 677 2569 erga
701 2533 832 2561 factorem
856 2534 979 2561 benevo-

189 2583 299 2610 lentiam
319 2582 478 2609 ostendunt.
505 2579 622 2613 Quidam
635 2585 727 2607 autem
744 2581 827 2607 verba
848 2580 882 2607 ad
907 2581 978 2607 ima-

188 2630 275 2664 ginem
293 2628 338 2655 Dei
356 2627 390 2654 ad
418 2627 561 2662 imperium
597 2626 699 2654 factum
726 2627 814 2655 fuisse
836 2627 977 2654 hominem

189 2673 345 2708 significare
361 2673 507 2700 (licebant:
523 2673 622 2706 adjecit
640 2673 724 2704 enim,
745 2673 871 2708 inquiunt
886 2682 893 2699 :
918 2684 926 2699 ι
943 2673 977 2701 Et

188 2721 279 2756 praesit
296 2720 417 2756 piscibus
432 2721 526 2750 maris.
549 2730 558 2746 ι
574 2725 601 2747 et
617 2720 733 2755 reliqua.
754 2720 830 2747 Sicut
846 2721 919 2748 enim
933 2721 978 2748 ille

187 2769 269 2797 habet
281 2770 401 2797 omnium
435 2769 596 2803 potentiam,
612 2769 650 2796 ita
674 2773 701 2796 et
724 2769 797 2796 dedit
818 2768 977 2796 hominibus

185 2817 214 2843 in
225 2820 365 2843 creaturas
380 2815 551 2843 irrationalcs
565 2815 724 2849 potentiam.

1038 1618 1118 1637 κασιν
1137 1618 1145 1627 ο
1169 1610 1227 1639 ἀλλ’
1241 1611 1265 1637 εί
1291 1611 1380 1643 τοῦτο,
1400 1611 1490 1646 πολλῷ
1516 1611 1618 1646 μᾶλλον
1643 1610 1707 1638 κατ’
1728 1611 1835 1638 εἰκόνα

1038 1658 1161 1694 ὑπῆρχον
1183 1659 1218 1687 ἂν
1235 1659 1260 1686 οἰ
1278 1658 1410 1694 ἄγγελοι·
1429 1659 1503 1691 τινὲς
1522 1659 1552 1686 δὲ
1577 1659 1638 1686 λίαν
1660 1660 1784 1695 ἀνοήτως
1802 1659 1836 1686 τὸ

1037 1706 1206 1742 ἀνθρώπινον
1246 1708 1307 1734 κατ’
1333 1707 1426 1734 είκόνα
1456 1707 1532 1734 θείαν
1552 1707 1720 1743 γεγενῆσθαί
1735 1716 1834 1742 φασιν,

1036 1753 1226 1788 ἀπατηθέντες
1251 1755 1283 1781 ὲκ
1305 1753 1352 1781 τοῦ
1374 1754 1464 1788 λέγειν
1479 1754 1611 1785 πολλάκις
1625 1754 1673 1781 ἐπὶ
1688 1753 1759 1780 Θεοῦ
1782 1754 1835 1790 τὴν

1037 1799 1113 1826 θείαν
1125 1799 1236 1835 Γρσφὴν
1247 1799 1402 1835 ὀφθαλμοὺς
1414 1799 1463 1826 καὶ
1474 1801 1570 1835 χεῖρας
1582 1800 1629 1827 καὶ
1640 1801 1675 1828 τὰ
1689 1800 1782 1835 ὃμοια,
1794 1801 1834 1837 μή

1037 1845 1189 1878 συνιδόντες
1200 1845 1237 1878 ὡς
1247 1845 1403 1882 ἀνθρώποις
1422 1845 1458 1872 δι’
1469 1845 1624 1882 ἀνθρώπων
1638 1845 1834 1881 διαλεγόμενος

1035 1891 1127 1927 ὁιθεδς
1143 1893 1177 1928 τῇ
1194 1892 1248 1919 τῶν
1269 1892 1423 1919 ἀκουόντων
1442 1891 1570 1927 ἀσθενείᾳ
1585 1891 1650 1924 τοὺς
1667 1891 1766 1926 λόγους
1784 1900 1834 1927 με·

1035 1939 1096 1973 τρεῖ
1108 1945 1115 1953 ·
1132 1938 1180 1965 καὶ
1199 1937 1293 1974 ἐπειδὴ
1308 1937 1341 1965 δι’
1366 1937 1514 1973 ὀφθαλμῶν
1534 1937 1644 1973 ὁρῶμεν
1665 1938 1760 1973 ἡμεῖς,
1782 1937 1833 1973 τὴν

1035 1985 1151 2020 ὀπτικὴν
1162 1984 1244 2012 αὐτοῦ
1263 1984 1376 2020 δύναμιν
1387 1984 1543 2020 ὀφθαλμοὺς
1557 1984 1687 2020 ὀνομάζει
1703 1992 1710 1999 ·
1735 1984 1832 2020 ὦστκρ

1035 2032 1082 2058 καὶ
1104 2028 1162 2058 ὦτα
1175 2032 1206 2058 τὸ
1221 2031 1385 2058 ἀκουπικὸν
1396 2039 1404 2046 ·
1427 2031 1476 2058 καὶ
1488 2031 1519 2058 τὸ
1538 2031 1706 2066 πρόσταγμα
1721 2030 1811 2066 στόμα
1823 2038 1831 2045 ·

1035 2078 1124 2105 καίτοι
1136 2078 1169 2105 τδ
1182 2077 1372 2114 ἀπερίγραφον
1384 2077 1432 2104 τοῦ
1450 2077 1519 2104 Θεοῦ
1535 2077 1671 2112 πολλαχοῦ
1687 2077 1738 2113 τῆς
1756 2076 1832 2113 Γρα-

1034 2124 1089 2160 φῆς
1109 2123 1184 2151 ἐστιν
1206 2123 1354 2159 ἐκμαθεῖν
1372 2124 1446 2155 τινὲς
1469 2123 1561 2150 τοίνυν
1581 2123 1636 2150 τῶν
1658 2122 1831 2150 διδασκάλων

1034 2171 1120 2204 οὕτως
1137 2171 1253 2207 ἐνόησαν
1270 2171 1313 2203 τὸ,
1331 2172 1412 2198 εκατ¹
1426 2169 1520 2198 είκόνα
1540 2170 1680 2206 ἡμετέραν
1701 2169 1750 2196 καὶ
1768 2169 1831 2195 καθ’

1034 2217 1174 2251 ὁμοίωσιν,
1187 2226 1196 2242 ι
1212 2217 1253 2243 ὅτι
1263 2217 1313 2252 τὴν
1327 2217 1416 2244 κτίσιν
1427 2216 1476 2252 τὴν
1485 2216 1618 2251 αίσθητήν
1626 2224 1656 2242 τε
1667 2215 1716 2242 καὶ
1729 2216 1830 2250 νοητὴν

1033 2263 1191 2299 πεποιηκὼς
1208 2264 1223 2290 ὸ
1239 2263 1294 2290 τῶν
1312 2263 1381 2291 ὅλων
1396 2263 1462 2295 Θεὸς
1477 2263 1524 2290 τὸν
1548 2263 1693 2299 ἄνθρωπον
1712 2263 1829 2290 διέπλα-

1032 2318 1078 2337 σεν
1093 2309 1206 2345 ἔσχατον
1224 2318 1232 2326 ·
1245 2307 1300 2337 οἶόν
1321 2319 1384 2337 τινα
1398 2309 1490 2336 εἰκόνα
1504 2310 1587 2337 αὑτοῦ
1605 2311 1634 2337 ὲν
1650 2310 1727 2346 μέσῳ
1740 2311 1830 2338 τεθει-

1032 2356 1087 2388 κὼς
1102 2355 1158 2383 τῶν
1173 2355 1285 2392 ἀψύχων
1304 2357 1352 2383 καὶ
1366 2356 1505 2392 αἰσθητῶν
1526 2356 1574 2383 καὶ
1587 2357 1692 2390 νοητῶν
1711 2366 1719 2373 θ
1731 2357 1776 2384 ἴνα
1793 2359 1828 2384 τὰ

1032 2402 1082 2437 μὲν
1105 2402 1197 2438 ἄψυχά
1217 2411 1247 2439 τε
1262 2403 1308 2429 καί¹
1328 2402 1438 2438 ἔμψυχα
1459 2401 1546 2437 τούτῳ
1571 2403 1715 2439 προσφέρῃ
1729 2403 1827 2438 ῶσπερ

1030 2448 1091 2475 τινὰ
1114 2449 1197 2484 φόρον
1223 2449 1273 2484 τὴν
1298 2449 1391 2484 χρείαν
1403 2457 1410 2465 ·
1424 2449 1453 2475 αἱ
1467 2449 1496 2475 δὲ
1508 2450 1602 2483 νοηταὶ
1626 2449 1725 2482 φύσεις
1748 2450 1778 2476 ἐν
1793 2452 1826 2485 τῇ

1034 2496 1098 2530 περὶ
1121 2495 1215 2522 τοῦτον
1241 2495 1401 2531 κηδεμονίᾳ,
1425 2497 1474 2530 τὴν
1495 2495 1560 2530 περὶ
1583 2495 1630 2521 τὸν
1653 2496 1826 2530 πεποιηκότα

1033 2542 1201 2570 δεικνύουσιν
1217 2542 1334 2570 εὔνοιαν.
1353 2543 1431 2574 Τινὲς
1450 2542 1479 2568 δὲ
1503 2542 1533 2568 τὸ
1549 2542 1614 2568 κατ’
1632 2542 1736 2568 εικόνα
1756 2543 1825 2568 θεοῦ

1032 2589 1102 2615 κατὰ
1114 2590 1143 2615 τὸ
1165 2589 1279 2624 ἀρχικὸν
1297 2589 1462 2624 γεγενῆσθαι
1477 2590 1523 2616 τὸν
1538 2589 1682 2626 ἄνθρωπον
1692 2591 1799 2625 ἔφησαν
1815 2597 1823 2606 '

1032 2636 1156 2670 ἐπήγαγε
1168 2637 1234 2672 γὰρ,
1241 2637 1322 2671 φασίν
1330 2644 1336 2651 ·
1344 2636 1362 2670 Ῡι
1368 2637 1422 2664 Καὶ
1433 2637 1592 2672 ἀρχέτωσαν
1600 2637 1655 2664 τῶν
1665 2636 1768 2672 ίχθύων
1775 2637 1825 2672 τῆς

1032 2681 1180 2718 θαλάσσης,
1194 2692 1203 2708 ι
1215 2692 1243 2709 κ.
1255 2692 1281 2710 τ.
1298 2683 1323 2710 λ.
1339 2683 1445 2719 Ὠσπερ
1460 2683 1514 2719 γὰρ
1529 2683 1611 2714 αὐτὸς
1623 2682 1745 2718 ἔχειτῶν
1756 2683 1826 2709 ὅλων

1031 2727 1080 2763 τὴν
1094 2728 1262 2762 δεσποτείαν,
1281 2728 1353 2756 οὕτω
1372 2730 1420 2756 καὶ
1435 2729 1535 2756 δέδωκε
1551 2728 1590 2765 τῷ
1612 2728 1755 2764 ἀνθρώπῳ
1770 2729 1824 2756 τῶν

1031 2774 1136 2808 ἀλόγων
1148 2773 1197 2809 τὴν
1214 2773 1348 2806 ἐξουσίαν.

942 2863 1058 2891 NOTAE.

222 2911 278 2945 (50)
289 2910 358 2938 Cum
372 2911 423 2939 hac
436 2911 598 2946 quaestione,
611 2917 693 2944 quam
703 2917 718 2937 e
729 2910 901 2938 Thcodoreto
919 2918 946 2945 q.
958 2910 993 2937 9.0
1007 2910 1032 2938 in
1047 2910 1147 2938 Cenes.
1165 2897 1301 2947 decerpsit
1312 2917 1420 2946 auctor,
1436 2911 1533 2939 confer
1546 2916 1644 2946 quaest.
1662 2910 1785 2939 XXXVI.
