1874 3070
72 135 131 168 1061

457 136 506 166 AD
524 135 822 166 AMPHILOCHIUM
837 135 1010 171 QUAESTIO
1031 136 1157 173 CCLIII,
1180 136 1296 167 CCLIV.

1617 137 1685 168 10112

102 195 176 220 Ἐστι
193 193 286 228 μέντοι
310 192 357 219 καὶ
381 191 450 220 ἄλλα
468 193 560 228 εὑρεῖν
572 193 611 224 ὡς
630 193 785 228 ἀρχετύπου
807 201 851 227 μι-

948 192 1142 220 ’ossenteliam
1157 192 1273 220 inveniri
1287 192 1339 220 alia
1351 192 1429 228 quasi
1442 192 1581 228 archetypi
1593 201 1687 222 exem-

69 242 178 276 μήματα
192 247 201 255 ·
213 240 375 274 δημιουργεῖ
393 239 447 274 γὰρ
458 239 504 266 καὶ
516 239 659 274 ἄνθρωπος
672 240 744 267 κατὰ
761 239 849 275 μίμη-

69 296 107 313 σιν
118 286 165 312 τοῦ
181 286 364 320 πεποιηκότος
382 285 451 311 Θεοῦ
471 285 518 311 καὶ
536 285 626 317 οίκίας
639 286 688 312 καὶ
704 285 781 320 τείχη
800 286 849 313 καὶ

71 334 155 364 πόλεις
168 333 215 359 καὶ
229 331 352 367 λιμένας.
368 331 484 368 οὐρανοῦ
499 331 694 367 ὲκτυπώματα,
712 333 759 359 καὶ
773 332 848 367 ἡλίου

68 379 112 406 καὶ
129 378 242 414 σελήνης
257 378 304 405 καὶ
319 377 442 413 ἀστέρων
457 377 505 405 καὶ
518 378 669 414 ἀνθρώπων
682 378 729 405 καὶ
744 377 849 412 ἀλόγων

68 425 142 458 ζώων
156 425 263 456 εἰκόνας
282 432 288 439 ’
300 425 326 451 ei
344 424 392 451 καὶ
405 425 436 451 τδ
451 424 500 460 τῆς
515 424 696 459 δημιουργίας
721 424 850 460 διάφορον

67 473 190 506 ἄφατον,
210 471 268 499 ἀλλ’
282 471 357 506 ὅμως
382 470 558 507 δημιουργῶν
581 473 595 498 ὁ
611 471 755 506 ἄνθρωπος
778 473 850 507 ἀμη-

68 519 148 552 γέπη,
173 518 219 544 τὸν
240 519 340 544 οἰκεῖον
366 519 489 552 μιμεῖται
520 517 636 553 ποιητὴν
659 517 697 549 ὡς
717 517 798 544 εἰκὼν
820 518 850 545 τὸ

67 565 218 600 ἀρχέτυπον
232 572 238 578 ·
253 563 300 591 καὶ
314 563 367 598 γὰρ
379 565 396 599 ἡ
413 563 495 590 εἰκὼν
514 563 570 598 ἔχει
589 564 624 590 τὰ
635 563 682 590 τοῦ
695 564 849 599 ἀρχετύπου

70 613 215 645 ἰνδάλματα
235 619 243 627 ⁸
264 612 332 638 ἀλλὰ
353 611 385 638 τὸ
414 612 463 646 μὲν
479 612 534 638 τῶν
557 611 660 647 μορίων
679 610 750 643 εἶδος
771 613 828 648 ἔχει
841 634 848 645 ,

67 659 115 690 τὰς
133 659 162 685 δὲ
181 658 320 694 ἐνεργείας
335 658 385 684 οὐκ
407 658 474 692 ἔχει·
487 658 629 694 ἐστέρηται
643 658 698 693 γὰρ
713 649 802 694 ψυχῆς
816 659 851 685 δι’

68 703 100 739 ἧς
112 705 225 731 κινεῖται
247 705 277 731 τὺ
305 704 402 739 σῶμα·
425 704 497 731 οὕτω
516 703 597 732 πάλιν
617 705 664 732 καὶ
686 704 822 739 βασιλεύει
836 705 851 731 ό

69 752 210 786 ἄνθρωπος
230 752 278 779 καὶ
293 751 382 786 κρίνει
404 751 474 778 κατὰ
502 752 618 788 μίμησιν
641 752 688 779 τοῦ
711 752 767 779 τῶν
783 752 852 779 δλων

69 798 135 825 Θεοῦ
147 807 154 814 ·
170 798 227 824 ἀλλ’
241 798 255 824 ὸ
271 797 321 832 μὲν
335 798 383 824 καὶ
403 797 550 833 μαρτύρων
562 799 609 825 καὶ
623 799 784 834 κατηγόρων
798 799 852 825 δεῖ-

69 853 112 870 ται
127 843 174 870 καὶ
188 843 294 878 μυρίων
308 842 396 869 ἄλλων
410 843 438 869 ἐν
456 844 489 878 τῇ
508 843 649 878 συγκρίσει
666 852 674 860 ⁸
694 845 709 871 ό
723 844 762 876 δὲ,
779 845 852 871 οὐδε-

902 237 1007 273 plaria:
1024 237 1090 265 fecit
1108 238 1182 265 enim
1199 237 1293 270 homo,
1318 237 1444 272 exemplo
1472 238 1520 266 Dei
1536 240 1686 272 creatoris,

901 288 929 311 et
940 283 1037 311 domos
1049 288 1076 310 et
1095 290 1192 311 muros
1213 288 1241 310 et
1253 283 1336 311 urbes
1352 288 1379 311 et
1407 288 1513 319 portus,
1529 284 1590 312 coeli
1606 285 1686 311 simi-

901 328 1041 360 litudines,
1055 333 1083 356 et
1093 329 1161 356 solis
1173 333 1202 356 et
1218 328 1290 357 lunae
1303 333 1331 356 et
1348 333 1485 357 astrorum
1502 334 1529 357 et
1543 329 1687 357 hominum

901 380 929 403 et
959 375 1160 403 irrationalium
1186 374 1348 402 animalium
1383 375 1527 411 imagines.
1554 375 1688 408 Quamvis

902 421 1045 449 inetIahilis
1062 420 1097 448 sit
1108 420 1135 448 in
1147 420 1285 456 operando
1299 420 1460 453 differentia,
1473 425 1592 448 attamen
1605 419 1688 446 homo

904 468 997 503 aliquo
1014 467 1097 495 modo
1113 475 1211 495 creans
1227 475 1307 495 suum
1323 467 1453 495 factorem
1475 467 1597 494 imitatur
1616 466 1688 494 sicut

904 515 996 549 imago
1010 522 1091 542 suum
1114 514 1302 549 archetypum
1318 513 1424 541 Etenim
1440 514 1531 549 imago
1545 513 1628 541 habet
1640 520 1687 540 ar-

903 561 1011 596 chetypi
1023 560 1214 595 apparentias;
1229 561 1350 596 partium
1360 561 1470 595 quidem
1482 560 1584 587 formas
1595 559 1687 592 habet,

903 607 1033 635 virtutem
1049 611 1140 634 autem
1161 614 1215 634 non
1228 607 1330 634 habet:
1349 606 1440 634 anima
1452 607 1525 633 enim
1546 614 1601 641 qua
1627 612 1690 633 sese

904 657 995 681 movet
1004 660 1103 687 corpus
1116 652 1248 688 privatur.
1265 651 1310 679 Sic
1324 652 1422 679 iterum
1444 656 1539 686 regnat
1565 651 1648 678 homo
1662 655 1691 677 et

902 699 1007 735 judicat
1021 699 1054 726 ad
1064 698 1245 726 imitationem
1258 697 1331 725 illius
1343 698 1391 733 qui
1405 702 1447 725 est
1463 698 1586 725 omnium
1604 697 1687 725 Deus.

905 746 951 774 llle
966 745 1076 781 quidem
1105 745 1220 773 testibus
1247 748 1275 773 et
1300 745 1508 772 accusatoribus
1533 744 1634 779 indiget
1660 749 1689 772 et

906 792 1000 820 multis
1024 792 1087 820 aliis
1109 792 1142 819 ad
1169 791 1368 826 jutlicandum:
1398 791 1443 818 hic
1466 795 1568 822 autem,
1599 791 1687 818 nullo.

907 839 1005 867 Omnia
1019 840 1092 866 enim
1110 842 1257 873 antequam
1274 837 1345 866 facta
1356 838 1412 865 sint
1427 837 1581 873 cognoscit.
1602 837 1648 865 Sic
1662 842 1690 865 et

69 889 113 920 νός
125 897 134 904 ’
149 890 237 916 πάντα
252 889 301 923 γὰρ
320 888 368 915 καὶ
382 888 447 923 πρὶν
469 889 596 922 γενέσθαι
608 887 678 916 οῐδεν
689 896 697 905 ⁸
721 889 793 916 οὕτω
804 890 851 917 καὶ

948 894 989 914 mo
1000 886 1072 913 Deus
1091 886 1242 921 appellatus
1254 889 1307 918 est,
1322 886 1387 921 quia
1411 890 1440 913 et
1463 886 1551 920 imago
1575 889 1689 913 vocatus

70 935 129 967 θεὸς
139 936 159 961 ‘6
172 935 315 971 ἄνθρωπος
330 934 476 970 ὠνομάσθη
489 942 496 950 '
512 935 579 962 διότι
597 935 644 962 καὶ
655 935 736 963 εἰκὼν
749 936 851 972 ἐκλήθη

70 980 153 1008 Θεοῦ·
167 981 215 1007 καὶ
232 981 287 1015 γὰρ
297 981 311 1007 ὁ
323 979 428 1012 Παῦλός
441 989 523 1015 φησιν
535 988 543 997 ο
565 989 575 1006 ι
593 980 676 1016 ’Δνὴρ
686 981 736 1008 οὐκ
749 981 852 1015 ὀφείλει

72 1026 328 1054 κατακαλύπτεσθαι
344 1027 394 1062 τὴν
407 1026 539 1062 κεφαλὴν,
552 1026 634 1053 είκὼν
650 1028 698 1054 καὶ
707 1027 769 1060 δόξα
784 1027 851 1054 Θεοῦ

71 1074 201 1109 ὑπάρχων
215 1081 222 1088 ·
241 1082 250 1099 ι
271 1073 338 1099 ἀλλὰ.
359 1073 441 1100 πάλιν
456 1073 470 1099 ὁ
485 1073 534 1107 μὲν
550 1073 616 1104 Θεὸς
630 1074 679 1100 καὶ
701 1073 751 1107 τὴν
772 1074 853 1108 φύσιν

71 1121 143 1148 ἐστὶν
153 1121 221 1155 ὅπερ
231 1119 353 1146 καλεῖται
364 1128 372 1135 ·
381 1120 395 1146 ὁ
405 1119 434 1146 δὲ
443 1119 491 1146 ἄνθ
497 1128 585 1153 ρωπος
596 1119 633 1150 ὡς
645 1120 726 1146 είκὼν
734 1119 853 1154 τοῦνομα

72 1167 150 1202 μόνον
172 1165 248 1200 ἔχει’
280 1164 360 1192 πάλιν
389 1164 578 1199 ἀπερίγραφον
600 1164 702 1199 κυρίως
729 1164 779 1199 μὲν
807 1165 854 1191 καὶ

71 1214 178 1250 ἀληθῶς
190 1214 205 1240 ὁ
222 1213 302 1244 Θεός·
321 1213 445 1248 μιμεῖται
462 1212 490 1238 δὲ
506 1211 573 1239 αὑτό
588 1220 647 1244 πως
662 1213 709 1239 καὶ
720 1213 734 1238 ὁ
748 1211 854 1246 ἀνθρώ·

72 1269 147 1292 πινος
159 1259 288 1294 λογισμός
301 1267 309 1274 ·
323 1259 352 1285 ἐν
367 1259 467 1293 ἅκαρεῖ
479 1258 535 1293 γὰρ
547 1259 703 1294 περινοστεῖ
711 1259 746 1285 τά
754 1267 783 1284 τε
799 1258 855 1293 ἑῷα

71 1308 118 1334 καὶ
136 1307 170 1334 τὰ
188 1307 303 1340 ἑσπέρια
325 1306 374 1332 καὶ
391 1306 426 1332 τὰ
440 1305 515 1332 νότια
534 1305 628 1332 καὶτὰ
647 1305 740 1340 βόρεια
759 1305 807 1332 καὶ
823 1305 855 1341 δὴ

71 1355 118 1381 καὶ
138 1353 172 1380 τὰ
188 1353 301 1388 οὐράνια
321 1353 369 1379 καὶ
389 1352 424 1379 τὰ
442 1351 590 1386 ὑποχθόνια
610 1359 618 1368 ⁸
634 1351 691 1378 ἀλλ’
708 1352 722 1378 ὀ
745 1351 796 1387 μὲν
821 1352 855 1387 τῇ

71 1400 118 1427 τοῦ
140 1398 270 1434 λογισμοῦ
291 1398 359 1434 μόνῃ
377 1397 513 1433 φαντασίᾳ
523 1405 530 1414 ·
544 1397 610 1428 Θεὸς
627 1397 655 1424 δὲ
668 1397 715 1424 καὶ
729 1398 762 1433 τῇ
777 1397 857 1433 οὐσίᾳ

71 1446 119 1472 καὶ
133 1446 167 1480 τῇ
187 1445 269 1480 σοφίᾳ
284 1445 332 1471 καὶ
347 1445 381 1479 τῇ
401 1443 514 1478 δυνάμει
528 1443 559 1470 τὸ
572 1443 761 1479 ἀπερίγραφον
780 1442 837 1478 ἔχει
847 1450 854 1458 ·

71 1490 147 1525 εὕροι
159 1489 182 1516 δ’
203 1490 236 1518 ἄν
248 1498 291 1521 τις
305 1489 352 1516 καὶ
369 1489 465 1524 ἑτέραν
483 1488 599 1524 μίμησιν
613 1488 812 1525 ἀκρισεστέραν
827 1490 857 1515 ἐν

70 1538 104 1572 τῇ
123 1537 196 1572 ψυχῇ
218 1535 264 1562 τοῦ
281 1534 426 1569 ἀνθρώπου
444 1543 452 1551 ο
478 1535 536 1570 ἔχει
561 1535 616 1570 γὰρ
633 1535 703 1570 αὑτὴ
729 1535 758 1562 ὲν
773 1535 856 1570 ἑαυτῇ

71 1582 118 1609 καὶ
131 1581 163 1608 τὸ
175 1581 282 1615 λογικὸν
293 1582 339 1608 καὶ
354 1581 385 1608 τὺ
395 1581 511 1614 ζωτικόν
524 1588 532 1596 ·
547 1581 593 1608 καὶ
607 1581 691 1616 γεννᾷ
707 1581 756 1616 μὶν
767 1581 782 1607 ό
796 1580 858 1612 νοῦς

70 1628 117 1655 τὸν
132 1627 212 1661 λόγον
228 1636 235 1644 ·
249 1627 413 1662 συμπρόεισι
430 1627 458 1653 δὲ
477 1625 517 1662 τῷ
529 1626 601 1662 λόγῳ
618 1626 738 1662 πνεῦμα,
753 1627 784 1653 οὺ
797 1634 860 1660 γεν-

71 1673 193 1709 νώμενον
214 1673 340 1707 καθάπερ
353 1671 368 1697 ὁ
381 1671 475 1705 λόγος,
500 1671 750 1707 συμπαρομαρτῶν
762 1671 784 1697 δ’
803 1671 858 1698 ἀεί.

77 1719 160 1747 una
178 1719 267 1746 ταῦτα
282 1718 320 1750 ὡς
334 1719 363 1744 ἐν
383 1718 468 1745 εἰκόνι
489 1718 619 1753 πρόσεστι
642 1717 681 1753 τῷ
699 1717 837 1752 ἀνθρώπῳ
850 1724 858 1732 ·

70 1765 111 1792 διὸ
129 1765 314 1795 ἀνυπόστατός
331 1760 388 1791 ἐστι
413 1764 459 1791 καὶ
478 1765 493 1791 ὸ
510 1763 587 1797 λόγος
607 1763 654 1790 καὶ
676 1762 708 1790 τδ
730 1762 858 1797 πνεῦμα·

71 1811 121 1838 ἐπὶ
143 1811 174 1838 δὲ
189 1811 239 1845 τῆς
259 1810 340 1845 ἁγίας
354 1810 471 1846 Τριάδος
490 1811 567 1846 τρεῖς
583 1809 700 1845 νοοῦμεν
723 1808 772 1840 τὰς
791 1808 859 1836 ὕπο-

72 1856 184 1888 στάσεις
203 1858 250 1883 καὶ
264 1856 426 1892 ἀσυγχύτως
443 1856 587 1893 ἡνωμένας
608 1855 656 1883 καὶ
674 1855 736 1882 καθ’
757 1854 859 1887 ἑαυτὰς
876 1883 879 1885 λ

71 1902 245 1937 ὑφεστώσας.

327 1959 494 1986 ΕΡΩΤΗΣΙΣ
518 1958 602 1985 ΣΝΔ’.

74 2006 204 2040 Ἀγαθὸν
215 2005 269 2032 τὸν·
283 2006 358 2033 Θεὸν
371 2005 575 2039 ὀνομάζοντες,
597 2005 661 2038 πῶς
681 2005 760 2038 αὐτῷ
778 2013 857 2038 περι-

103 2041 215 2069 άπτετε
224 2041 376 2076 τοσαύτην
388 2040 572 2076 ἀποτομίανς
585 2041 729 2076 Ὠμότητα
738 2040 792 2074 τὰρ
808 2040 856 2076 καὶ

103 2076 256 2109 ἀπήνειαν
264 2077 296 2102 τὸ
311 2075 359 2102 διὰ
370 2075 489 2109 ,βρῶσιν
513 2076 621 2109 ὀλίγην
637 2076 790 2109 τοσαύτην·
803 2075 858 2101 ἐπ-

104 2111 242 2144 ενεγκεῖν
265 2110 414 2144 τιμωρίαν,
432 2111 467 2138 οὺ
477 2110 539 2143 τοῖς
556 2111 742 2144 ἡμαρτηκόσι
751 2111 859 2143 μόνον,

105 2146 188 2174 ἀλλὰ
203 2145 250 2172 καὶ
269 2145 332 2178 τοῖς
343 2146 377 2178 ἐξ
390 2145 514 2172 ἐκείνων
521 2146 778 2180 βεϐλάστηκόσιν.

905 939 947 960 est
958 932 1013 959 Dei.
1027 932 1130 960 Paulus
1145 933 1218 960 enim
1234 932 1302 960 dicit
1312 942 1335 960 ι(
1347 932 1433 960 Homo
1447 940 1500 960 non
1517 932 1596 960 debet
1609 938 1691 968 caput

906 983 1057 1017 cooperire.
1074 989 1136 1010 cum
1161 983 1198 1010 sit
1224 982 1316 1018 imago
1329 987 1357 1010 et
1376 983 1463 1018 gloria
1491 983 1536 1010 Dei
1553 983 1585 1010 ".
1608 993 1617 1008 ι
1636 982 1689 1010 Sed

906 1029 980 1057 Deus
999 1029 1150 1058 secundum
1171 1034 1298 1057 naturam
1314 1037 1392 1058 suam
1407 1030 1446 1058 sic
1460 1035 1589 1062 vocatur;
1607 1030 1691 1058 homo

906 1081 996 1103 autem
1014 1076 1086 1103 sicut
1097 1076 1187 1111 imago
1203 1083 1303 1104 nomen
1320 1081 1424 1104 tantum
1440 1077 1531 1105 habet.
1549 1077 1616 1105 item
1629 1085 1692 1106 vere

907 1127 934 1149 et
950 1122 1060 1150 realiter
1081 1122 1335 1158 incircumscriptus
1358 1128 1401 1152 εει
1417 1123 1488 1152 Deus
1504 1134 1510 1152 :
1526 1125 1580 1152 hoc
1599 1131 1691 1154 autem

908 1168 1000 1203 aliquo
1011 1168 1093 1196 modo
1107 1168 1230 1196 imitatur
1242 1169 1419 1204 intelligentia
1434 1171 1572 1205 humana;
1586 1172 1612 1199 in
1631 1181 1691 1200 mo-

909 1219 1001 1242 mento
1012 1214 1085 1241 enim
1105 1219 1133 1242 et
1147 1214 1280 1242 orientem
1298 1219 1325 1243 et
1339 1215 1507 1244 occidentem
1522 1220 1549 1244 et
1566 1223 1691 1245 austrum

908 1265 935 1288 et
951 1261 1161 1295 septentrionem
1188 1265 1216 1288 et
1230 1261 1351 1290 coelestia
1369 1267 1398 1289 et
1425 1262 1600 1291 subterranea
1627 1272 1692 1299 per-

909 1312 1016 1339 currit:
1035 1309 1082 1338 sed
1097 1309 1140 1336 hic
1154 1308 1265 1344 quidem
1288 1309 1344 1337 sola
1363 1310 1459 1337 mentis
1478 1309 1691 1345 imaginatione;

911 1356 982 1384 Deus
999 1360 1091 1383 autem
1107 1349 1259 1383 substantia
1276 1359 1303 1382 et
1313 1355 1447 1390 sapientia
1460 1361 1488 1382 et
1511 1357 1629 1390 potentia
1647 1356 1692 1383 in-

910 1402 1136 1437 circumscriptus
1162 1406 1214 1430 est.
1245 1401 1363 1428 inveniri
1386 1402 1469 1429 etiam
1498 1406 1587 1436 potest
1619 1402 1694 1430 aliud

910 1448 1068 1484 exemplum
1082 1449 1149 1475 satis
1156 1447 1307 1483 perfectum
1323 1448 1350 1475 in
1359 1448 1449 1475 anima
1460 1447 1581 1475 hominis
1594 1456 1602 1474 :
1613 1447 1696 1475 habet

911 1496 984 1523 enim
1001 1496 1047 1523 illa
1064 1496 1092 1523 in
1112 1496 1201 1531 seipsa
1222 1499 1250 1523 et
1263 1495 1346 1522 vitam
1363 1495 1525 1522 rationalem
1538 1499 1565 1522 et
1587 1495 1696 1522 anima-

912 1543 965 1570 lem
980 1551 988 1576 ;
1003 1548 1029 1570 et
1053 1550 1132 1571 mens
1145 1542 1218 1577 parit
1229 1542 1343 1570 verbum
1361 1551 1369 1569 :
1386 1542 1470 1570 verbo
1489 1547 1580 1570 autem
1598 1546 1697 1577 praeest

911 1589 1035 1624 spiritus,
1048 1597 1102 1616 non
1122 1592 1267 1624 generatus
1286 1589 1357 1616 sicut
1372 1588 1496 1620 verbum,
1519 1588 1567 1616 sed
1587 1595 1697 1623 semper

907 1635 1054 1663 comitans.
1074 1635 1138 1663 Haec
1148 1640 1239 1662 autem
1254 1634 1354 1662 suntin
1369 1634 1489 1667 homine.
1505 1634 1577 1662 sicut
1592 1634 1618 1661 in
1628 1634 1696 1661 ima-

909 1682 982 1717 gine.
1017 1682 1110 1716 itaque
1139 1681 1324 1709 inconsistens
1354 1685 1396 1708 est
1419 1681 1534 1709 verbum
1567 1681 1639 1708 sicut
1666 1684 1695 1708 et

909 1735 997 1754 mens.
1018 1726 1047 1754 In
1062 1731 1157 1754 sancta
1173 1731 1264 1754 autem
1282 1725 1415 1754 Trinitate
1429 1730 1485 1755 tres
1497 1727 1633 1754 credimus
1647 1727 1696 1762 hy-

910 1778 1034 1808 postases
1049 1777 1077 1800 et
1105 1772 1310 1800 indivisibiliter
1325 1772 1417 1800 unitas
1433 1776 1460 1800 et
1474 1772 1502 1800 in
1517 1779 1547 1800 se
1570 1771 1693 1807 singula-

908 1819 974 1847 riter
989 1818 1181 1847 subsistentes.

1150 1957 1314 1992 QU/ESTIO
1339 1957 1450 1986 CCLIV.

912 2006 1015 2034 Bonum
1029 2013 1083 2033 este
1094 2005 1179 2032 Deum
1189 2005 1382 2037 existimantes.
1401 2005 1530 2039 quomodo
1541 2005 1583 2032 illi
1593 2010 1696 2032 tantum

947 2041 1101 2068 attribuatia
1127 2041 1290 2068 severitatem
1303 2041 1315 2067 Ρ
1328 2040 1480 2067 Crudelitas
1499 2046 1539 2067 est
1572 2041 1641 2067 enim
1671 2046 1697 2068 et

948 2077 1050 2104 duritia
1064 2081 1166 2103 tantum
1189 2081 1296 2110 propter
1325 2083 1435 2109 paruam
1462 2076 1697 2103 manducationrm

949 2112 1046 2146 inferre
1058 2119 1172 2141 menum,
1199 2119 1249 2137 non
1274 2111 1359 2137 solum
1387 2110 1443 2138 illis
1457 2111 1502 2146 qui
1515 2116 1696 2146 peccavertmt,

951 2145 996 2173 sed
1011 2151 1035 2174 et
1048 2147 1154 2173 illorum
1167 2146 1317 2180 posteritati
1332 2145 1397 2180 (51).

116 2206 191 2230 Edita
204 2213 217 2230 a
229 2204 290 2230 Maio
308 2204 336 2235 (l.
349 2212 371 2229 c.
402 2221 409 2228 .
422 2203 476 2234 121,
489 2204 542 2234 122,
559 2211 584 2235 q.
596 2203 662 2233 255).
673 2218 704 2223 -
714 2204 751 2229 De
762 2210 831 2259 pati:
845 2203 986 2260 εἱῦσνῖἓςὶῐῖιῗ
1001 2211 1014 2228 a
1027 2204 1080 2229 Deo
1094 2204 1121 2228 in
1135 2203 1253 2228 Adamum
1270 2205 1298 2228 et
1312 2203 1367 2232 ejus
1381 2205 1493 2234 posteros
1507 2204 1649 2228 constituta.

830 2252 836 2258 .
852 2252 886 2262 ....
901 2252 938 2265 .u,

107 2278 223 2313 Πρῶτον
237 2278 372 2313 προσήκει
386 2277 532 2304 πεπεῖσθαι
549 2278 612 2309 τοὺς
625 2277 747 2304 εὐσεϐεῖν
760 2286 855 2312 προαι-

948 2276 1041 2303 Primo
1055 2276 1353 2311 convenitpersuasum
1367 2282 1427 2303 esse
1451 2275 1505 2302 illis
1527 2275 1574 2310 qui
1601 2275 1693 2310 pietati

70 2323 223 2359 ρουμένους
237 2323 274 2355 ὠ,
302 2323 356 2349 πᾶν
367 2322 457 2349 ὁτιοῦν
486 2321 538 2348 ὑπὸ
557 2321 604 2348 τοῦ
634 2321 703 2348 Θεοῦ
718 2322 772 2349 τῶν
795 2321 865 2349 ὅλων

68 2369 217 2404 γινόμενον
237 2369 254 2402 ἢ
267 2369 444 2403 κελευόμενον
468 2367 516 2395 καὶ
535 2368 608 2395 ὅσιον
633 2368 681 2394 καὶ
693 2367 798 2395 δίκαιον
817 2368 865 2394 καὶ

69 2415 176 2448 ἀγαθὸν
189 2415 238 2440 καὶ
246 2413 438 2449 φιλάνθρωπον
452 2421 459 2429 ·
475 2413 572 2440 ἔπειτα
586 2413 684 2440 ειδέναι
696 2413 748 2449 χρὴ
761 2413 799 2445 ὼς
809 2414 864 2445 πᾶς

69 2460 156 2494 νόμος
184 2460 210 2486 εἱ
236 2460 283 2486 καὶ
315 2460 380 2495 περὶ
404 2459 511 2494 μικρῶν
529 2467 610 2486 τινων
631 2459 795 2494 διαγορεύει,
813 2459 863 2494 τὴν

69 2504 134 2540 ἴσην
157 2503 217 2539 ἔχει
231 2504 345 2539 δύναμιν
352 2504 391 2539 τῷ
405 2504 440 2530 τὰ
457 2505 571 2538 μέγιστα
580 2504 716 2531 κελεύοντι
729 2504 860 2540 δρᾷν,καὶ

67 2550 258 2584 διαφερόντως
274 2550 339 2576 ὅταν
362 2550 433 2583 Θεϊσς
452 2549 497 2587 ᾖό
520 2551 601 2585 νόμος
623 2558 630 2566 ·
647 2550 745 2577 αὐτίκα
765 2549 831 2584 γοῦν
847 2550 862 2576 ό

68 2595 287 2630 περιτέμνεσθαι
309 2595 428 2622 κελεύων
443 2615 450 2626 ,
477 2595 605 2630 οὐδεμίαν
626 2595 862 2630 παρασαινόμενος

71 2639 111 2674 τῷ
128 2640 218 2671 πέλας
233 2639 409 2675 ἐξεργάζεται
425 2640 525 2675 βλάϐην
539 2647 547 2655 ·
568 2639 626 2666 ἀλλ’
655 2640 730 2674 ὅμως
748 2641 762 2666 ὁ
779 2648 861 2674 νομο-

69 2683 154 2719 θέτης
168 2685 263 2719 φησὶν,
274 2685 352 2712 «Ὅτι
366 2686 420 2716 πᾶς
431 2685 518 2721 ἄρσην
532 2686 717 2721 ἀπερίτμητος
727 2685 756 2716 ὃς
771 2685 801 2711 οὑ
814 2693 863 2711 πε-

70 2731 277 2766 ριτμηθήσεται
286 2732 318 2767 τῇ
332 2732 425 2768 ἡμέρᾳ
437 2733 470 2767 τῇ
478 2731 570 2767 ὀγδόῃ,
581 2731 837 2767 ἔξολοθρευθήσεται
854 2739 862 2747 ·

105 2787 152 2814 ⁸⁸1
169 2787 233 2814 Cor.
252 2795 292 2820 ιι,
310 2787 335 2814 7.

914 2322 1035 2350 colendae
1062 2322 1184 2354 student,
1212 2320 1285 2356 quod
1309 2321 1490 2355 quodcunque
1506 2320 1542 2347 ab
1568 2319 1695 2354 omnipo-

915 2373 988 2396 tente
1000 2359 1056 2395 Deo
1068 2367 1168 2395 factum
1185 2367 1227 2395 vel
1239 2367 1397 2394 mandatum
1412 2366 1458 2398 sit.
1482 2370 1510 2393 et
1525 2371 1650 2393 sanctum
1668 2371 1696 2393 et

910 2415 1014 2449 justum
1028 2417 1056 2441 et
1076 2414 1178 2441 bonum
1201 2416 1229 2440 et
1249 2412 1503 2448 philanthropicum
1516 2416 1567 2439 est.
1593 2411 1696 2439 Deinde

913 2460 983 2488 scito
1000 2467 1068 2494 opus
1088 2463 1129 2486 est
1145 2466 1252 2486 omnem
1269 2458 1366 2493 legem,
1384 2457 1509 2491 quamvis
1525 2458 1557 2484 de
1572 2457 1695 2485 minimis

915 2506 998 2533 rebus
1006 2509 1116 2536 statuat,
1133 2505 1262 2539 aequalem
1273 2504 1374 2532 habere
1392 2504 1518 2531 virtutem
1532 2511 1565 2531 ac
1577 2503 1621 2530 illa
1634 2511 1696 2538 quae

915 2553 1034 2580 maxima
1049 2551 1139 2580 facere
1149 2551 1237 2586 jubet.
1262 2555 1290 2578 et
1303 2551 1455 2578 eminenter
1471 2550 1582 2585 quando
1605 2550 1695 2585 agitur

911 2597 944 2625 de
957 2597 1015 2633 lege
1026 2597 1128 2625 divina.
1157 2597 1199 2624 Sit
1213 2596 1240 2624 in
1259 2596 1412 2632 exemplum
1437 2596 1478 2624 lex
1494 2603 1555 2631 quae
1577 2595 1697 2623 circum-

911 2642 965 2669 cidi
981 2650 1076 2670 omnes
1093 2641 1179 2675 jubet,
1198 2648 1280 2676 quam
1294 2641 1317 2669 si
1328 2641 1586 2676 quistransgressus
1600 2639 1693 2673 fuerit,

913 2688 1015 2715 nullam
1029 2688 1153 2722 proximo
1168 2687 1345 2714 oli'ensionem
1359 2690 1463 2717 causat,
1478 2690 1596 2712 attamen
1612 2686 1696 2722 legis-o

913 2732 982 2759 lator
995 2733 1062 2759 dixit
1077 2741 1084 2759 :
1119 2741 1128 2757 ι
1143 2732 1220 2765 Quod
1234 2739 1316 2759 omne
1337 2731 1520 2759 masculinum
1547 2731 1697 2759 incircum-

873 2822 939 2849 T/E.

873 2822 893 2849 Τ
933 2843 939 2849 .

106 2868 166 2904 (51)
186 2867 349 2897 Theodoreti
364 2874 426 2897 sunt
441 2868 496 2898 fere
510 2870 600 2897 omnia
618 2870 655 2905 (q.
670 2870 702 2897 57
714 2869 740 2897 in
756 2821 987 2905 Genetopﬁ-‘SU.
