  <div class='ocr_page' id='page_1' title='image "/cluster/home/n/w/nwhite01/storage/ocr_20150623/101/njp.32101077772877/625.png"; bbox 0 0 1874 3070; ppageno 0'>
   <div class='ocr_carea' id='block_1_1' title="bbox 192 169 263 200">
    <p class='ocr_par' dir='ltr' id='par_1_1' title="bbox 192 169 263 200">
     <span class='ocr_line' id='line_1_1' title="bbox 192 169 263 200; baseline 0 0"><span class='ocrx_word' id='word_1_1' title='bbox 192 169 263 200; x_wconf 83' lang='lat'><strong>1063</strong></span> 
     </span>
    </p>
   </div>
   <div class='ocr_carea' id='block_1_2' title="bbox 750 166 1227 200">
    <p class='ocr_par' dir='ltr' id='par_1_2' title="bbox 750 166 1227 200">
     <span class='ocr_line' id='line_1_2' title="bbox 750 166 1227 200; baseline 0 -1"><span class='ocrx_word' id='word_1_2' title='bbox 750 166 882 199; x_wconf 78' lang='lat' dir='ltr'><strong>PHOTII</strong></span> <span class='ocrx_word' id='word_1_3' title='bbox 906 168 1158 199; x_wconf 75' lang='lat' dir='ltr'><strong>PATRIABCIUE</strong></span> <span class='ocrx_word' id='word_1_4' title='bbox 1172 169 1227 200; x_wconf 69' lang='grc' dir='ltr'><strong>(ΖΡ.</strong></span> 
     </span>
    </p>
   </div>
   <div class='ocr_carea' id='block_1_3' title="bbox 1758 169 1829 202">
    <p class='ocr_par' dir='ltr' id='par_1_3' title="bbox 1758 169 1829 202">
     <span class='ocr_line' id='line_1_3' title="bbox 1758 169 1829 202; baseline -0.014 0"><span class='ocrx_word' id='word_1_5' title='bbox 1758 169 1829 202; x_wconf 70' lang='lat'><em>1066</em></span> 
     </span>
    </p>
   </div>
   <div class='ocr_carea' id='block_1_4' title="bbox 192 226 967 264">
    <p class='ocr_par' dir='ltr' id='par_1_4' title="bbox 192 226 967 263">
     <span class='ocr_line' id='line_1_4' title="bbox 192 226 967 263; baseline -0.003 -7"><span class='ocrx_word' id='word_1_6' title='bbox 192 229 281 256; x_wconf 87' lang='lat' dir='ltr'><strong>cisum</strong></span> <span class='ocrx_word' id='word_1_7' title='bbox 296 227 367 263; x_wconf 91' lang='lat' dir='ltr'><strong>quod</strong></span> <span class='ocrx_word' id='word_1_8' title='bbox 382 235 435 254; x_wconf 89' lang='lat' dir='ltr'><strong>non</strong></span> <span class='ocrx_word' id='word_1_9' title='bbox 449 226 644 255; x_wconf 85' lang='lat' dir='ltr'><strong>circumcisum</strong></span> <span class='ocrx_word' id='word_1_10' title='bbox 667 227 749 254; x_wconf 86' lang='lat' dir='ltr'><strong>fuerit</strong></span> <span class='ocrx_word' id='word_1_11' title='bbox 761 228 804 255; x_wconf 85' lang='lat' dir='ltr'><strong>die</strong></span> <span class='ocrx_word' id='word_1_12' title='bbox 816 233 924 259; x_wconf 86' lang='lat' dir='ltr'><strong>octava,</strong></span> <span class='ocrx_word' id='word_1_13' title='bbox 941 235 967 255; x_wconf 69' lang='lat' dir='ltr'><strong>ei</strong></span> 
     </span>
    </p>
   </div>
   <div class='ocr_carea' id='block_1_5' title="bbox 1059 226 1835 264">
    <p class='ocr_par' dir='ltr' id='par_1_5' title="bbox 1060 226 1835 264">
     <span class='ocr_line' id='line_1_5' title="bbox 1060 226 1835 264; baseline 0.003 -11"><span class='ocrx_word' id='word_1_14' title='bbox 1060 228 1089 254; x_wconf 82' lang='grc' dir='ltr'>αὶ</span> <span class='ocrx_word' id='word_1_15' title='bbox 1101 227 1135 263; x_wconf 81' lang='grc' dir='ltr'>ἢν</span> <span class='ocrx_word' id='word_1_16' title='bbox 1154 227 1239 262; x_wconf 85' lang='grc' dir='ltr'><strong>ὥρισε</strong></span> <span class='ocrx_word' id='word_1_17' title='bbox 1254 227 1310 259; x_wconf 82' lang='grc' dir='ltr'>τοῖς</span> <span class='ocrx_word' id='word_1_18' title='bbox 1326 226 1500 261; x_wconf 75' lang='grc' dir='ltr'><strong>ἀνδροφόνοις</strong></span> <span class='ocrx_word' id='word_1_19' title='bbox 1511 226 1559 254; x_wconf 82' lang='grc' dir='ltr'>καὶ</span> <span class='ocrx_word' id='word_1_20' title='bbox 1573 228 1835 264; x_wconf 83' lang='grc' dir='ltr'>μοιχοῖςτιμωρίαν.</span> 
     </span>
    </p>
   </div>
   <div class='ocr_carea' id='block_1_6' title="bbox 193 274 987 309">
    <p class='ocr_par' dir='ltr' id='par_1_6' title="bbox 193 274 987 309">
     <span class='ocr_line' id='line_1_6' title="bbox 193 274 987 309; baseline 0 -7"><span class='ocrx_word' id='word_1_21' title='bbox 193 274 392 306; x_wconf 85' lang='lat' dir='ltr'><strong>terminabitnr,</strong></span> <span class='ocrx_word' id='word_1_22' title='bbox 406 279 432 300; x_wconf 92' lang='lat' dir='ltr'><strong>et</strong></span> <span class='ocrx_word' id='word_1_23' title='bbox 447 278 529 309; x_wconf 62' lang='lat' dir='ltr'><strong>quam</strong></span> <span class='ocrx_word' id='word_1_24' title='bbox 542 274 637 301; x_wconf 85' lang='lat' dir='ltr'><strong>statuit</strong></span> <span class='ocrx_word' id='word_1_25' title='bbox 655 274 799 302; x_wconf 88' lang='lat' dir='ltr'><strong>homicidis</strong></span> <span class='ocrx_word' id='word_1_26' title='bbox 813 279 840 301; x_wconf 82' lang='lat' dir='ltr'><strong>et</strong></span> <span class='ocrx_word' id='word_1_27' title='bbox 855 275 987 302; x_wconf 76' lang='lat' dir='ltr'><strong>adulteris</strong></span> 
     </span>
    </p>
   </div>
   <div class='ocr_carea' id='block_1_7' title="bbox 193 320 986 356">
    <p class='ocr_par' dir='ltr' id='par_1_7' title="bbox 193 320 986 356">
     <span class='ocr_line' id='line_1_7' title="bbox 193 320 986 356; baseline -0.001 -8"><span class='ocrx_word' id='word_1_28' title='bbox 193 328 312 356; x_wconf 64' lang='lat' dir='ltr'><strong>pinnam,</strong></span> <span class='ocrx_word' id='word_1_29' title='bbox 328 321 450 347; x_wconf 82' lang='lat' dir='ltr'><strong>eamdem</strong></span> <span class='ocrx_word' id='word_1_30' title='bbox 466 320 520 347; x_wconf 80' lang='lat' dir='ltr'><strong>illis</strong></span> <span class='ocrx_word' id='word_1_31' title='bbox 537 320 613 353; x_wconf 88' lang='lat' dir='ltr'><strong>ponit</strong></span> <span class='ocrx_word' id='word_1_32' title='bbox 628 320 661 347; x_wconf 74' lang='lat'><strong>“.</strong></span> <span class='ocrx_word' id='word_1_33' title='bbox 677 330 687 346; x_wconf 71' lang='grc' dir='ltr'><strong>ι</strong></span> <span class='ocrx_word' id='word_1_34' title='bbox 717 320 745 348; x_wconf 89' lang='lat' dir='ltr'><strong>Si</strong></span> <span class='ocrx_word' id='word_1_35' title='bbox 760 325 850 348; x_wconf 81' lang='lat' dir='ltr'><strong>autem</strong></span> <span class='ocrx_word' id='word_1_36' title='bbox 867 320 986 348; x_wconf 80' lang='lat' dir='ltr'><strong>Marcion</strong></span> 
     </span>
    </p>
   </div>
   <div class='ocr_carea' id='block_1_8' title="bbox 195 365 989 406">
    <p class='ocr_par' dir='ltr' id='par_1_8' title="bbox 195 365 989 406">
     <span class='ocr_line' id='line_1_8' title="bbox 195 365 989 406; baseline -0.001 -13"><span class='ocrx_word' id='word_1_37' title='bbox 195 371 222 394; x_wconf 89' lang='lat' dir='ltr'><strong>et</strong></span> <span class='ocrx_word' id='word_1_38' title='bbox 231 366 351 406; x_wconf 62' lang='lat' dir='ltr'><strong>ejusdem</strong></span> <span class='ocrx_word' id='word_1_39' title='bbox 363 365 510 400; x_wconf 86' lang='lat' dir='ltr'><strong>impietatis</strong></span> <span class='ocrx_word' id='word_1_40' title='bbox 522 365 634 392; x_wconf 73' lang='lat' dir='ltr'><strong>assecla:</strong></span> <span class='ocrx_word' id='word_1_41' title='bbox 641 370 781 400; x_wconf 78' lang='lat' dir='ltr'><strong>propterea</strong></span> <span class='ocrx_word' id='word_1_42' title='bbox 792 367 944 401; x_wconf 78' lang='lat' dir='ltr'><strong>prazsertim</strong></span> <span class='ocrx_word' id='word_1_43' title='bbox 960 371 989 393; x_wconf 85' lang='lat' dir='ltr'><strong>et</strong></span> 
     </span>
    </p>
   </div>
   <div class='ocr_carea' id='block_1_9' title="bbox 195 411 988 446">
    <p class='ocr_par' dir='ltr' id='par_1_9' title="bbox 195 411 988 446">
     <span class='ocr_line' id='line_1_9' title="bbox 195 411 988 446; baseline 0.003 -9"><span class='ocrx_word' id='word_1_44' title='bbox 195 411 278 445; x_wconf 72' lang='lat' dir='ltr'><strong>legem</strong></span> <span class='ocrx_word' id='word_1_45' title='bbox 296 415 323 438; x_wconf 92' lang='lat' dir='ltr'><strong>et</strong></span> <span class='ocrx_word' id='word_1_46' title='bbox 334 411 526 446; x_wconf 87' lang='lat' dir='ltr'><strong>Legislatorem</strong></span> <span class='ocrx_word' id='word_1_47' title='bbox 541 411 630 446; x_wconf 87' lang='lat' dir='ltr'><strong>ipsum</strong></span> <span class='ocrx_word' id='word_1_48' title='bbox 646 412 822 446; x_wconf 85' lang='lat' dir='ltr'><strong>redarguunt,</strong></span> <span class='ocrx_word' id='word_1_49' title='bbox 840 411 988 445; x_wconf 73' lang='lat' dir='ltr'><strong>Evangelio</strong></span> 
     </span>
    </p>
   </div>
   <div class='ocr_carea' id='block_1_10' title="bbox 191 458 987 493">
    <p class='ocr_par' dir='ltr' id='par_1_10' title="bbox 191 458 987 493">
     <span class='ocr_line' id='line_1_10' title="bbox 191 458 987 493; baseline 0.003 -9"><span class='ocrx_word' id='word_1_50' title='bbox 191 459 286 493; x_wconf 63' lang='lat' dir='ltr'><strong>lingua</strong></span> <span class='ocrx_word' id='word_1_51' title='bbox 298 466 392 486; x_wconf 86' lang='lat' dir='ltr'><strong>eorum</strong></span> <span class='ocrx_word' id='word_1_52' title='bbox 408 458 611 492; x_wconf 82' lang='lat' dir='ltr'><strong>comprimenda</strong></span> <span class='ocrx_word' id='word_1_53' title='bbox 637 463 688 486; x_wconf 86' lang='lat' dir='ltr'><strong>est.</strong></span> <span class='ocrx_word' id='word_1_54' title='bbox 717 467 727 484; x_wconf 80' lang='grc' dir='ltr'><strong>ι</strong></span> <span class='ocrx_word' id='word_1_55' title='bbox 743 458 794 491; x_wconf 84' lang='lat' dir='ltr'><strong>Qui</strong></span> <span class='ocrx_word' id='word_1_56' title='bbox 810 459 881 486; x_wconf 89' lang='lat' dir='ltr'><strong>enim</strong></span> <span class='ocrx_word' id='word_1_57' title='bbox 897 463 987 486; x_wconf 92' lang='lat' dir='ltr'><strong>mente</strong></span> 
     </span>
    </p>
   </div>
   <div class='ocr_carea' id='block_1_11' title="bbox 194 504 986 538">
    <p class='ocr_par' dir='ltr' id='par_1_11' title="bbox 194 504 986 538">
     <span class='ocr_line' id='line_1_11' title="bbox 194 504 986 538; baseline -0.001 -6"><span class='ocrx_word' id='word_1_58' title='bbox 194 505 295 532; x_wconf 81' lang='lat' dir='ltr'><strong>lasciva</strong></span> <span class='ocrx_word' id='word_1_59' title='bbox 310 505 454 532; x_wconf 86' lang='lat' dir='ltr'><strong>mulierem</strong></span> <span class='ocrx_word' id='word_1_60' title='bbox 470 504 568 532; x_wconf 86' lang='lat' dir='ltr'><strong>viderit</strong></span> <span class='ocrx_word' id='word_1_61' title='bbox 589 505 660 532; x_wconf 90' lang='lat' dir='ltr'><strong>sicut</strong></span> <span class='ocrx_word' id='word_1_62' title='bbox 674 504 780 532; x_wconf 85' lang='lat' dir='ltr'><strong>adulter</strong></span> <span class='ocrx_word' id='word_1_63' title='bbox 795 505 831 532; x_wconf 83' lang='lat' dir='ltr'><strong>ab</strong></span> <span class='ocrx_word' id='word_1_64' title='bbox 852 505 898 532; x_wconf 93' lang='lat' dir='ltr'><strong>illo</strong></span> <span class='ocrx_word' id='word_1_65' title='bbox 911 505 986 538; x_wconf 83' lang='lat' dir='ltr'><strong>judi-</strong></span> 
     </span>
    </p>
   </div>
   <div class='ocr_carea' id='block_1_12' title="bbox 192 549 988 582">
    <p class='ocr_par' dir='ltr' id='par_1_12' title="bbox 192 549 988 582">
     <span class='ocr_line' id='line_1_12' title="bbox 192 549 988 582; baseline 0.001 -6"><span class='ocrx_word' id='word_1_66' title='bbox 192 556 270 576; x_wconf 80' lang='lat' dir='ltr'><strong>calur</strong></span> <span class='ocrx_word' id='word_1_67' title='bbox 282 549 303 565; x_wconf 81' lang='grc'><strong>¹⁵</strong></span> <span class='ocrx_word' id='word_1_68' title='bbox 314 559 337 582; x_wconf 81' lang='grc'><strong>;›</strong></span> <span class='ocrx_word' id='word_1_69' title='bbox 347 554 384 581; x_wconf 89' lang='lat' dir='ltr'><strong>et,</strong></span> <span class='ocrx_word' id='word_1_70' title='bbox 396 549 535 582; x_wconf 72' lang='lat' dir='ltr'><strong>«Quidicit</strong></span> <span class='ocrx_word' id='word_1_71' title='bbox 550 549 625 576; x_wconf 82' lang='lat' dir='ltr'><strong>fratri</strong></span> <span class='ocrx_word' id='word_1_72' title='bbox 633 557 693 582; x_wconf 80' lang='lat' dir='ltr'><strong>suo,</strong></span> <span class='ocrx_word' id='word_1_73' title='bbox 707 549 790 582; x_wconf 80' lang='lat' dir='ltr'><strong>Raea,</strong></span> <span class='ocrx_word' id='word_1_74' title='bbox 799 557 862 577; x_wconf 86' lang='lat' dir='ltr'><strong>rcus</strong></span> <span class='ocrx_word' id='word_1_75' title='bbox 870 554 911 577; x_wconf 89' lang='lat' dir='ltr'><strong>est</strong></span> <span class='ocrx_word' id='word_1_76' title='bbox 924 556 988 577; x_wconf 88' lang='lat' dir='ltr'><strong>con-</strong></span> 
     </span>
    </p>
   </div>
   <div class='ocr_carea' id='block_1_13' title="bbox 193 595 987 629">
    <p class='ocr_par' dir='ltr' id='par_1_13' title="bbox 193 595 987 629">
     <span class='ocr_line' id='line_1_13' title="bbox 193 595 987 629; baseline 0 -8"><span class='ocrx_word' id='word_1_77' title='bbox 193 595 273 627; x_wconf 75' lang='lat' dir='ltr'><strong>t-ilio;</strong></span> <span class='ocrx_word' id='word_1_78' title='bbox 292 599 318 621; x_wconf 88' lang='lat' dir='ltr'><strong>et</strong></span> <span class='ocrx_word' id='word_1_79' title='bbox 332 595 380 629; x_wconf 85' lang='lat' dir='ltr'><strong>qui</strong></span> <span class='ocrx_word' id='word_1_80' title='bbox 403 599 504 622; x_wconf 79' lang='lat' dir='ltr'><strong>temere</strong></span> <span class='ocrx_word' id='word_1_81' title='bbox 521 595 661 627; x_wconf 83' lang='lat' dir='ltr'><strong>irascitur,</strong></span> <span class='ocrx_word' id='word_1_82' title='bbox 675 603 740 622; x_wconf 88' lang='lat' dir='ltr'><strong>rens</strong></span> <span class='ocrx_word' id='word_1_83' title='bbox 752 595 805 622; x_wconf 92' lang='lat' dir='ltr'><strong>erit</strong></span> <span class='ocrx_word' id='word_1_84' title='bbox 817 595 936 629; x_wconf 83' lang='lat' dir='ltr'><strong>judicio;</strong></span> <span class='ocrx_word' id='word_1_85' title='bbox 958 598 987 621; x_wconf 91' lang='lat' dir='ltr'><strong>et</strong></span> 
     </span>
    </p>
   </div>
   <div class='ocr_carea' id='block_1_14' title="bbox 193 640 985 675">
    <p class='ocr_par' dir='ltr' id='par_1_14' title="bbox 193 640 985 675">
     <span class='ocr_line' id='line_1_14' title="bbox 193 640 985 675; baseline 0.001 -8"><span class='ocrx_word' id='word_1_86' title='bbox 193 641 240 675; x_wconf 90' lang='lat' dir='ltr'><strong>qui</strong></span> <span class='ocrx_word' id='word_1_87' title='bbox 273 641 347 668; x_wconf 85' lang='lat' dir='ltr'><strong>illum</strong></span> <span class='ocrx_word' id='word_1_88' title='bbox 376 640 481 668; x_wconf 88' lang='lat' dir='ltr'><strong>fatuum</strong></span> <span class='ocrx_word' id='word_1_89' title='bbox 509 641 660 673; x_wconf 82' lang='lat' dir='ltr'><strong>vocaverit,</strong></span> <span class='ocrx_word' id='word_1_90' title='bbox 684 648 748 668; x_wconf 83' lang='lat' dir='ltr'><strong>reus</strong></span> <span class='ocrx_word' id='word_1_91' title='bbox 771 641 825 668; x_wconf 89' lang='lat' dir='ltr'><strong>erit</strong></span> <span class='ocrx_word' id='word_1_92' title='bbox 853 641 985 675; x_wconf 79' lang='lat' dir='ltr'><strong>gehennae</strong></span> 
     </span>
    </p>
   </div>
   <div class='ocr_carea' id='block_1_15' title="bbox 195 686 981 722">
    <p class='ocr_par' dir='ltr' id='par_1_15' title="bbox 195 686 981 722">
     <span class='ocr_line' id='line_1_15' title="bbox 195 686 981 722; baseline 0.001 -9"><span class='ocrx_word' id='word_1_93' title='bbox 195 687 266 721; x_wconf 77' lang='lat' dir='ltr'><strong>ignis</strong></span> <span class='ocrx_word' id='word_1_94' title='bbox 277 687 308 712; x_wconf 81' lang='lat'><strong>“.</strong></span> <span class='ocrx_word' id='word_1_95' title='bbox 325 696 334 712; x_wconf 72' lang='grc' dir='ltr'><strong>ι</strong></span> <span class='ocrx_word' id='word_1_96' title='bbox 356 686 472 719; x_wconf 82' lang='lat' dir='ltr'><strong>Quidam</strong></span> <span class='ocrx_word' id='word_1_97' title='bbox 486 687 559 714; x_wconf 90' lang='lat' dir='ltr'><strong>hunc</strong></span> <span class='ocrx_word' id='word_1_98' title='bbox 577 687 688 721; x_wconf 82' lang='lat' dir='ltr'><strong>quidem</strong></span> <span class='ocrx_word' id='word_1_99' title='bbox 707 687 810 714; x_wconf 88' lang='lat' dir='ltr'><strong>bonum</strong></span> <span class='ocrx_word' id='word_1_100' title='bbox 831 687 981 722; x_wconf 86' lang='lat' dir='ltr'><strong>appellant,</strong></span> 
     </span>
    </p>
   </div>
   <div class='ocr_carea' id='block_1_16' title="bbox 193 732 984 766">
    <p class='ocr_par' dir='ltr' id='par_1_16' title="bbox 193 732 984 766">
     <span class='ocr_line' id='line_1_16' title="bbox 193 732 984 766; baseline -0.003 -6"><span class='ocrx_word' id='word_1_101' title='bbox 193 733 329 761; x_wconf 85' lang='lat' dir='ltr'><strong>crudelem</strong></span> <span class='ocrx_word' id='word_1_102' title='bbox 360 738 451 760; x_wconf 88' lang='lat' dir='ltr'><strong>autem</strong></span> <span class='ocrx_word' id='word_1_103' title='bbox 476 732 581 760; x_wconf 80' lang='lat' dir='ltr'><strong>Veteris</strong></span> <span class='ocrx_word' id='word_1_104' title='bbox 601 732 768 760; x_wconf 84' lang='lat' dir='ltr'><strong>Testamenti</strong></span> <span class='ocrx_word' id='word_1_105' title='bbox 789 733 984 766; x_wconf 81' lang='lat' dir='ltr'><strong>legislatorem.</strong></span> 
     </span>
    </p>
   </div>
   <div class='ocr_carea' id='block_1_17' title="bbox 194 779 985 812">
    <p class='ocr_par' dir='ltr' id='par_1_17' title="bbox 194 779 985 812">
     <span class='ocr_line' id='line_1_17' title="bbox 194 779 985 812; baseline 0 -6"><span class='ocrx_word' id='word_1_106' title='bbox 194 779 257 806; x_wconf 67' lang='lat' dir='ltr'><strong>Huic</strong></span> <span class='ocrx_word' id='word_1_107' title='bbox 274 784 364 806; x_wconf 86' lang='lat' dir='ltr'><strong>autem</strong></span> <span class='ocrx_word' id='word_1_108' title='bbox 381 780 440 806; x_wconf 86' lang='lat' dir='ltr'><strong>istis</strong></span> <span class='ocrx_word' id='word_1_109' title='bbox 464 780 614 812; x_wconf 70' lang='lat' dir='ltr'><strong>secundum</strong></span> <span class='ocrx_word' id='word_1_110' title='bbox 630 779 738 806; x_wconf 91' lang='lat' dir='ltr'><strong>illorum</strong></span> <span class='ocrx_word' id='word_1_111' title='bbox 760 787 917 806; x_wconf 78' lang='lat' dir='ltr'><strong>mensuram</strong></span> <span class='ocrx_word' id='word_1_112' title='bbox 932 779 985 806; x_wconf 80' lang='lat' dir='ltr'><strong>du-</strong></span> 
     </span>
    </p>
   </div>
   <div class='ocr_carea' id='block_1_18' title="bbox 194 823 985 859">
    <p class='ocr_par' dir='ltr' id='par_1_18' title="bbox 194 823 985 859">
     <span class='ocr_line' id='line_1_18' title="bbox 194 823 985 859; baseline 0 -8"><span class='ocrx_word' id='word_1_113' title='bbox 194 825 265 851; x_wconf 88' lang='lat' dir='ltr'><strong>riora</strong></span> <span class='ocrx_word' id='word_1_114' title='bbox 281 829 365 857; x_wconf 78' lang='lat' dir='ltr'><strong>sunt;</strong></span> <span class='ocrx_word' id='word_1_115' title='bbox 379 831 430 851; x_wconf 88' lang='lat' dir='ltr'><strong>nos</strong></span> <span class='ocrx_word' id='word_1_116' title='bbox 443 829 534 856; x_wconf 84' lang='lat' dir='ltr'><strong>autem</strong></span> <span class='ocrx_word' id='word_1_117' title='bbox 549 829 577 850; x_wconf 78' lang='lat' dir='ltr'><strong>et</strong></span> <span class='ocrx_word' id='word_1_118' title='bbox 603 825 654 851; x_wconf 89' lang='lat' dir='ltr'><strong>has</strong></span> <span class='ocrx_word' id='word_1_119' title='bbox 675 830 703 852; x_wconf 86' lang='lat' dir='ltr'><strong>et</strong></span> <span class='ocrx_word' id='word_1_120' title='bbox 731 825 790 852; x_wconf 86' lang='lat' dir='ltr'><strong>illas</strong></span> <span class='ocrx_word' id='word_1_121' title='bbox 807 824 890 851; x_wconf 88' lang='lat' dir='ltr'><strong>unius</strong></span> <span class='ocrx_word' id='word_1_122' title='bbox 911 823 985 859; x_wconf 86' lang='lat' dir='ltr'><strong>leges</strong></span> 
     </span>
    </p>
   </div>
   <div class='ocr_carea' id='block_1_19' title="bbox 193 870 982 904">
    <p class='ocr_par' dir='ltr' id='par_1_19' title="bbox 193 870 982 904">
     <span class='ocr_line' id='line_1_19' title="bbox 193 870 982 904; baseline -0.001 -7"><span class='ocrx_word' id='word_1_123' title='bbox 193 871 296 898; x_wconf 79' lang='lat' dir='ltr'><strong>scimus</strong></span> <span class='ocrx_word' id='word_1_124' title='bbox 306 891 314 904; x_wconf 94' lang='lat'><strong>,</strong></span> <span class='ocrx_word' id='word_1_125' title='bbox 329 870 509 898; x_wconf 78' lang='lat' dir='ltr'><strong>diﬂ‘erentiam</strong></span> <span class='ocrx_word' id='word_1_126' title='bbox 521 875 611 897; x_wconf 88' lang='lat' dir='ltr'><strong>autem</strong></span> <span class='ocrx_word' id='word_1_127' title='bbox 629 871 686 898; x_wconf 86' lang='lat' dir='ltr'><strong>sola</strong></span> <span class='ocrx_word' id='word_1_128' title='bbox 707 871 796 898; x_wconf 85' lang='lat' dir='ltr'><strong>eﬂ‘ecit</strong></span> <span class='ocrx_word' id='word_1_129' title='bbox 809 870 982 899; x_wconf 86' lang='lat' dir='ltr'><strong>subditorum</strong></span> 
     </span>
    </p>
   </div>
   <div class='ocr_carea' id='block_1_20' title="bbox 1040 273 1836 309">
    <p class='ocr_par' dir='ltr' id='par_1_20' title="bbox 1040 273 1836 309">
     <span class='ocr_line' id='line_1_20' title="bbox 1040 273 1836 309; baseline 0.003 -10"><span class='ocrx_word' id='word_1_130' title='bbox 1040 273 1144 308; x_wconf 69' lang='grc' dir='ltr'>ταύτην</span> <span class='ocrx_word' id='word_1_131' title='bbox 1157 273 1189 308; x_wconf 81' lang='grc' dir='ltr'>δὴ</span> <span class='ocrx_word' id='word_1_132' title='bbox 1200 273 1306 304; x_wconf 80' lang='grc' dir='ltr'><strong>τούτοις</strong></span> <span class='ocrx_word' id='word_1_133' title='bbox 1322 273 1493 308; x_wconf 78' lang='grc' dir='ltr'>ἐπλήρωσεν.</span> <span class='ocrx_word' id='word_1_134' title='bbox 1507 283 1518 299; x_wconf 83' lang='grc'><strong>›</strong></span> <span class='ocrx_word' id='word_1_135' title='bbox 1539 274 1570 300; x_wconf 85' lang='grc' dir='ltr'><strong>Εί</strong></span> <span class='ocrx_word' id='word_1_136' title='bbox 1586 274 1616 300; x_wconf 84' lang='grc' dir='ltr'>δὲ</span> <span class='ocrx_word' id='word_1_137' title='bbox 1638 274 1772 309; x_wconf 82' lang='grc' dir='ltr'><strong>Μαρκίων</strong></span> <span class='ocrx_word' id='word_1_138' title='bbox 1788 275 1836 302; x_wconf 72' lang='grc' dir='ltr'>καὶ</span> 
     </span>
    </p>
   </div>
   <div class='ocr_carea' id='block_1_21' title="bbox 1039 319 1836 356">
    <p class='ocr_par' dir='ltr' id='par_1_21' title="bbox 1039 319 1836 356">
     <span class='ocr_line' id='line_1_21' title="bbox 1039 319 1836 356; baseline 0.003 -10"><span class='ocrx_word' id='word_1_139' title='bbox 1039 320 1064 346; x_wconf 84' lang='grc' dir='ltr'><strong>οί</strong></span> <span class='ocrx_word' id='word_1_140' title='bbox 1093 319 1145 354; x_wconf 79' lang='grc' dir='ltr'>τῆς</span> <span class='ocrx_word' id='word_1_141' title='bbox 1171 320 1257 354; x_wconf 81' lang='grc' dir='ltr'>αὐτῆς</span> <span class='ocrx_word' id='word_1_142' title='bbox 1281 319 1443 352; x_wconf 84' lang='grc' dir='ltr'>δυσσεϐείας</span> <span class='ocrx_word' id='word_1_143' title='bbox 1470 319 1516 346; x_wconf 82' lang='grc' dir='ltr'><strong>διὰ</strong></span> <span class='ocrx_word' id='word_1_144' title='bbox 1544 320 1630 346; x_wconf 84' lang='grc' dir='ltr'>ταῦτα</span> <span class='ocrx_word' id='word_1_145' title='bbox 1650 321 1770 356; x_wconf 82' lang='grc' dir='ltr'>μάλιστα</span> <span class='ocrx_word' id='word_1_146' title='bbox 1789 322 1836 348; x_wconf 64' lang='grc' dir='ltr'>τὸν</span> 
     </span>
    </p>
   </div>
   <div class='ocr_carea' id='block_1_22' title="bbox 1039 365 1833 402">
    <p class='ocr_par' dir='ltr' id='par_1_22' title="bbox 1039 365 1833 402">
     <span class='ocr_line' id='line_1_22' title="bbox 1039 365 1833 402; baseline 0.004 -10"><span class='ocrx_word' id='word_1_147' title='bbox 1039 365 1120 400; x_wconf 89' lang='grc' dir='ltr'>νόμον</span> <span class='ocrx_word' id='word_1_148' title='bbox 1151 366 1199 392; x_wconf 74' lang='grc' dir='ltr'>καὶ</span> <span class='ocrx_word' id='word_1_149' title='bbox 1217 366 1299 393; x_wconf 79' lang='grc' dir='ltr'>αὑτὸν</span> <span class='ocrx_word' id='word_1_150' title='bbox 1319 365 1462 398; x_wconf 79' lang='grc' dir='ltr'>κακίζουσι</span> <span class='ocrx_word' id='word_1_151' title='bbox 1487 367 1534 394; x_wconf 78' lang='grc' dir='ltr'><strong>τὸν</strong></span> <span class='ocrx_word' id='word_1_152' title='bbox 1558 367 1717 402; x_wconf 75' lang='grc' dir='ltr'><strong>νομοθέτην,</strong></span> <span class='ocrx_word' id='word_1_153' title='bbox 1731 368 1765 394; x_wconf 85' lang='grc' dir='ltr'>ὲκ</span> <span class='ocrx_word' id='word_1_154' title='bbox 1785 368 1833 395; x_wconf 80' lang='grc' dir='ltr'>τοῦ</span> 
     </span>
    </p>
   </div>
   <div class='ocr_carea' id='block_1_23' title="bbox 1039 410 1834 448">
    <p class='ocr_par' dir='ltr' id='par_1_23' title="bbox 1039 410 1834 448">
     <span class='ocr_line' id='line_1_23' title="bbox 1039 410 1834 448; baseline 0.004 -12"><span class='ocrx_word' id='word_1_155' title='bbox 1039 410 1206 444; x_wconf 83' lang='grc' dir='ltr'>Εὐαγγελίου</span> <span class='ocrx_word' id='word_1_156' title='bbox 1221 411 1502 445; x_wconf 79' lang='grc' dir='ltr'>ὲπιστομιζέσθωσαν’</span> <span class='ocrx_word' id='word_1_157' title='bbox 1515 420 1524 437; x_wconf 83' lang='lat' dir='ltr'><strong>t</strong></span> <span class='ocrx_word' id='word_1_158' title='bbox 1534 412 1564 438; x_wconf 83' lang='lat'><strong>’0</strong></span> <span class='ocrx_word' id='word_1_159' title='bbox 1573 411 1628 447; x_wconf 79' lang='grc' dir='ltr'><strong>γὰρ</strong></span> <span class='ocrx_word' id='word_1_160' title='bbox 1641 412 1749 446; x_wconf 80' lang='grc' dir='ltr'>λάγνως</span> <span class='ocrx_word' id='word_1_161' title='bbox 1762 413 1834 448; x_wconf 79' lang='grc' dir='ltr'>ὀρῶν</span> 
     </span>
    </p>
   </div>
   <div class='ocr_carea' id='block_1_24' title="bbox 1039 456 1834 494">
    <p class='ocr_par' dir='ltr' id='par_1_24' title="bbox 1039 456 1834 494">
     <span class='ocr_line' id='line_1_24' title="bbox 1039 456 1834 494; baseline 0.004 -12"><span class='ocrx_word' id='word_1_162' title='bbox 1039 457 1156 490; x_wconf 77' lang='grc' dir='ltr'>γυναῖκα</span> <span class='ocrx_word' id='word_1_163' title='bbox 1170 456 1208 488; x_wconf 80' lang='grc' dir='ltr'><strong>ὡς</strong></span> <span class='ocrx_word' id='word_1_164' title='bbox 1224 457 1317 492; x_wconf 77' lang='grc' dir='ltr'>μοιχὸς</span> <span class='ocrx_word' id='word_1_165' title='bbox 1326 456 1422 492; x_wconf 77' lang='grc' dir='ltr'>ἐκείνῳ</span> <span class='ocrx_word' id='word_1_166' title='bbox 1435 457 1559 493; x_wconf 81' lang='grc' dir='ltr'><strong>κρίνεται</strong></span> <span class='ocrx_word' id='word_1_167' title='bbox 1569 467 1576 473; x_wconf 90' lang='grc'>·</span> <span class='ocrx_word' id='word_1_168' title='bbox 1591 467 1600 483; x_wconf 75' lang='grc' dir='ltr'><strong>ι</strong></span> <span class='ocrx_word' id='word_1_169' title='bbox 1620 458 1678 490; x_wconf 81' lang='grc' dir='ltr'>καὶ,</span> <span class='ocrx_word' id='word_1_170' title='bbox 1697 467 1706 484; x_wconf 76' lang='grc' dir='ltr'><strong>ε</strong></span> <span class='ocrx_word' id='word_1_171' title='bbox 1718 458 1748 485; x_wconf 88' lang='lat'><strong>&#39;0</strong></span> <span class='ocrx_word' id='word_1_172' title='bbox 1761 459 1834 494; x_wconf 75' lang='grc' dir='ltr'>ῥακὰ</span> 
     </span>
    </p>
   </div>
   <div class='ocr_carea' id='block_1_25' title="bbox 1039 502 1833 540">
    <p class='ocr_par' dir='ltr' id='par_1_25' title="bbox 1039 502 1833 540">
     <span class='ocr_line' id='line_1_25' title="bbox 1039 502 1833 540; baseline 0.001 -10"><span class='ocrx_word' id='word_1_173' title='bbox 1039 503 1125 538; x_wconf 86' lang='grc' dir='ltr'>λέγων</span> <span class='ocrx_word' id='word_1_174' title='bbox 1138 503 1183 529; x_wconf 77' lang='grc' dir='ltr'><strong>τὸν</strong></span> <span class='ocrx_word' id='word_1_175' title='bbox 1205 502 1330 537; x_wconf 73' lang='grc' dir='ltr'>ἀδελφὸν,</span> <span class='ocrx_word' id='word_1_176' title='bbox 1346 503 1456 538; x_wconf 81' lang='grc' dir='ltr'>γραφῆς</span> <span class='ocrx_word' id='word_1_177' title='bbox 1486 503 1654 535; x_wconf 75' lang='grc' dir='ltr'>ὑπεύθυνος·</span> <span class='ocrx_word' id='word_1_178' title='bbox 1670 505 1718 533; x_wconf 65' lang='grc' dir='ltr'>καὶ</span> <span class='ocrx_word' id='word_1_179' title='bbox 1741 505 1755 531; x_wconf 88' lang='grc' dir='ltr'><strong>ὀ</strong></span> <span class='ocrx_word' id='word_1_180' title='bbox 1770 505 1833 540; x_wconf 78' lang='grc' dir='ltr'>εεκῆ</span> 
     </span>
    </p>
   </div>
   <div class='ocr_carea' id='block_1_26' title="bbox 1038 548 1832 585">
    <p class='ocr_par' dir='ltr' id='par_1_26' title="bbox 1038 548 1832 585">
     <span class='ocr_line' id='line_1_26' title="bbox 1038 548 1832 585; baseline 0.003 -11"><span class='ocrx_word' id='word_1_181' title='bbox 1038 549 1227 584; x_wconf 80' lang='grc' dir='ltr'>ὀργιζόμενος,</span> <span class='ocrx_word' id='word_1_182' title='bbox 1243 548 1335 583; x_wconf 78' lang='grc' dir='ltr'>ἔνοχος</span> <span class='ocrx_word' id='word_1_183' title='bbox 1345 550 1378 584; x_wconf 79' lang='grc' dir='ltr'>τῇ</span> <span class='ocrx_word' id='word_1_184' title='bbox 1394 549 1485 584; x_wconf 78' lang='grc' dir='ltr'>κρίσει</span> <span class='ocrx_word' id='word_1_185' title='bbox 1497 557 1506 564; x_wconf 74' lang='grc'><strong>⁸</strong></span> <span class='ocrx_word' id='word_1_186' title='bbox 1518 550 1565 576; x_wconf 80' lang='grc' dir='ltr'>καὶ</span> <span class='ocrx_word' id='word_1_187' title='bbox 1578 550 1593 576; x_wconf 90' lang='lat'><strong>6</strong></span> <span class='ocrx_word' id='word_1_188' title='bbox 1609 549 1700 585; x_wconf 78' lang='grc' dir='ltr'>μωρὸν</span> <span class='ocrx_word' id='word_1_189' title='bbox 1728 550 1832 582; x_wconf 83' lang='grc' dir='ltr'>καλῶν,</span> 
     </span>
    </p>
   </div>
   <div class='ocr_carea' id='block_1_27' title="bbox 1038 594 1832 630">
    <p class='ocr_par' dir='ltr' id='par_1_27' title="bbox 1038 594 1832 630">
     <span class='ocr_line' id='line_1_27' title="bbox 1038 594 1832 630; baseline 0.001 -9"><span class='ocrx_word' id='word_1_190' title='bbox 1038 594 1114 627; x_wconf 75' lang='grc' dir='ltr'>ἄξιος</span> <span class='ocrx_word' id='word_1_191' title='bbox 1127 595 1176 627; x_wconf 83' lang='grc' dir='ltr'>τῆς</span> <span class='ocrx_word' id='word_1_192' title='bbox 1190 594 1303 629; x_wconf 85' lang='grc' dir='ltr'><strong>γεέννης</strong></span> <span class='ocrx_word' id='word_1_193' title='bbox 1315 603 1323 610; x_wconf 90' lang='grc'><strong>·</strong></span> <span class='ocrx_word' id='word_1_194' title='bbox 1341 594 1380 621; x_wconf 73' lang='grc' dir='ltr'>»τί</span> <span class='ocrx_word' id='word_1_195' title='bbox 1393 594 1448 629; x_wconf 81' lang='grc' dir='ltr'>γὰρ</span> <span class='ocrx_word' id='word_1_196' title='bbox 1458 594 1503 621; x_wconf 77' lang='grc' dir='ltr'>τὸν</span> <span class='ocrx_word' id='word_1_197' title='bbox 1512 594 1563 629; x_wconf 73' lang='grc' dir='ltr'>μὲν</span> <span class='ocrx_word' id='word_1_198' title='bbox 1573 595 1674 628; x_wconf 77' lang='grc' dir='ltr'>ἀγαθὸν</span> <span class='ocrx_word' id='word_1_199' title='bbox 1682 595 1832 630; x_wconf 82' lang='grc' dir='ltr'>ὀνομάζου-</span> 
     </span>
    </p>
   </div>
   <div class='ocr_carea' id='block_1_28' title="bbox 1038 640 1832 677">
    <p class='ocr_par' dir='ltr' id='par_1_28' title="bbox 1038 640 1832 677">
     <span class='ocr_line' id='line_1_28' title="bbox 1038 640 1832 677; baseline 0.003 -11"><span class='ocrx_word' id='word_1_200' title='bbox 1038 649 1090 671; x_wconf 82' lang='grc' dir='ltr'>σιν,</span> <span class='ocrx_word' id='word_1_201' title='bbox 1104 640 1197 676; x_wconf 85' lang='grc' dir='ltr'>ἀπηνῆ</span> <span class='ocrx_word' id='word_1_202' title='bbox 1211 640 1291 666; x_wconf 78' lang='grc' dir='ltr'>δὲτὺν</span> <span class='ocrx_word' id='word_1_203' title='bbox 1299 642 1347 675; x_wconf 83' lang='grc' dir='ltr'>τῆς</span> <span class='ocrx_word' id='word_1_204' title='bbox 1359 641 1479 672; x_wconf 77' lang='grc' dir='ltr'>Παλαιᾶς</span> <span class='ocrx_word' id='word_1_205' title='bbox 1492 641 1658 677; x_wconf 73' lang='grc' dir='ltr'>νομοθέτηνς</span> <span class='ocrx_word' id='word_1_206' title='bbox 1674 641 1765 669; x_wconf 79' lang='grc' dir='ltr'>ταῦτα</span> <span class='ocrx_word' id='word_1_207' title='bbox 1777 643 1832 676; x_wconf 85' lang='grc' dir='ltr'><strong>γὰρ</strong></span> 
     </span>
    </p>
   </div>
   <div class='ocr_carea' id='block_1_29' title="bbox 1037 685 1831 723">
    <p class='ocr_par' dir='ltr' id='par_1_29' title="bbox 1037 685 1831 723">
     <span class='ocr_line' id='line_1_29' title="bbox 1037 685 1831 723; baseline 0.001 -10"><span class='ocrx_word' id='word_1_208' title='bbox 1037 687 1149 713; x_wconf 74' lang='grc' dir='ltr'>ἐκείνων</span> <span class='ocrx_word' id='word_1_209' title='bbox 1161 685 1233 713; x_wconf 79' lang='grc' dir='ltr'>κατὰ</span> <span class='ocrx_word' id='word_1_210' title='bbox 1248 686 1294 713; x_wconf 81' lang='grc' dir='ltr'><strong>τὸν</strong></span> <span class='ocrx_word' id='word_1_211' title='bbox 1309 687 1412 713; x_wconf 81' lang='grc' dir='ltr'>τούτων</span> <span class='ocrx_word' id='word_1_212' title='bbox 1438 687 1502 722; x_wconf 81' lang='grc' dir='ltr'>ὅρον</span> <span class='ocrx_word' id='word_1_213' title='bbox 1525 687 1654 723; x_wconf 86' lang='grc' dir='ltr'>ὠμότερα</span> <span class='ocrx_word' id='word_1_214' title='bbox 1667 695 1675 702; x_wconf 65' lang='grc' dir='ltr'>θ</span> <span class='ocrx_word' id='word_1_215' title='bbox 1692 688 1775 723; x_wconf 79' lang='grc' dir='ltr'>ἡμεϊς</span> <span class='ocrx_word' id='word_1_216' title='bbox 1803 689 1831 714; x_wconf 84' lang='grc' dir='ltr'>δὲ</span> 
     </span>
    </p>
   </div>
   <div class='ocr_carea' id='block_1_30' title="bbox 1037 732 1831 767">
    <p class='ocr_par' dir='ltr' id='par_1_30' title="bbox 1037 732 1831 767">
     <span class='ocr_line' id='line_1_30' title="bbox 1037 732 1831 767; baseline 0.003 -9"><span class='ocrx_word' id='word_1_217' title='bbox 1037 732 1085 759; x_wconf 79' lang='grc' dir='ltr'>καὶ</span> <span class='ocrx_word' id='word_1_218' title='bbox 1100 733 1212 764; x_wconf 85' lang='grc' dir='ltr'>τούτους</span> <span class='ocrx_word' id='word_1_219' title='bbox 1224 732 1368 762; x_wconf 82' lang='grc' dir='ltr'>κάκείνους</span> <span class='ocrx_word' id='word_1_220' title='bbox 1381 733 1460 767; x_wconf 72' lang='grc' dir='ltr'>ἴσμεν</span> <span class='ocrx_word' id='word_1_221' title='bbox 1474 734 1538 764; x_wconf 83' lang='grc' dir='ltr'>τοὺς</span> <span class='ocrx_word' id='word_1_222' title='bbox 1549 733 1649 767; x_wconf 82' lang='grc' dir='ltr'>νόμους</span> <span class='ocrx_word' id='word_1_223' title='bbox 1663 734 1722 765; x_wconf 79' lang='grc' dir='ltr'>ἑνός</span> <span class='ocrx_word' id='word_1_224' title='bbox 1732 742 1739 748; x_wconf 83' lang='lat'><strong>&#39;</strong></span> <span class='ocrx_word' id='word_1_225' title='bbox 1756 735 1789 760; x_wconf 63' lang='grc' dir='ltr'><strong>τὺ</strong></span> <span class='ocrx_word' id='word_1_226' title='bbox 1802 734 1831 760; x_wconf 79' lang='grc' dir='ltr'>δὲ</span> 
     </span>
    </p>
   </div>
   <div class='ocr_carea' id='block_1_31' title="bbox 1037 777 1829 815">
    <p class='ocr_par' dir='ltr' id='par_1_31' title="bbox 1037 777 1829 815">
     <span class='ocr_line' id='line_1_31' title="bbox 1037 777 1829 815; baseline 0.003 -11"><span class='ocrx_word' id='word_1_227' title='bbox 1037 777 1166 813; x_wconf 81' lang='grc' dir='ltr'>διάφορον</span> <span class='ocrx_word' id='word_1_228' title='bbox 1181 778 1198 812; x_wconf 81' lang='grc' dir='ltr'>ἡ</span> <span class='ocrx_word' id='word_1_229' title='bbox 1212 779 1266 805; x_wconf 87' lang='grc' dir='ltr'><strong>τῶν</strong></span> <span class='ocrx_word' id='word_1_230' title='bbox 1281 778 1522 813; x_wconf 79' lang='grc' dir='ltr'>νομοθετουμένων</span> <span class='ocrx_word' id='word_1_231' title='bbox 1539 779 1649 812; x_wconf 80' lang='grc' dir='ltr'>ποιότης</span> <span class='ocrx_word' id='word_1_232' title='bbox 1663 780 1829 815; x_wconf 73' lang='grc' dir='ltr'>εἰργάσατο·</span> 
     </span>
    </p>
   </div>
   <div class='ocr_carea' id='block_1_32' title="bbox 1036 820 1828 860">
    <p class='ocr_par' dir='ltr' id='par_1_32' title="bbox 1036 820 1828 860">
     <span class='ocr_line' id='line_1_32' title="bbox 1036 820 1828 860; baseline 0.005 -11"><span class='ocrx_word' id='word_1_233' title='bbox 1036 820 1080 850; x_wconf 80' lang='grc' dir='ltr'>οἷα</span> <span class='ocrx_word' id='word_1_234' title='bbox 1095 823 1150 859; x_wconf 82' lang='grc' dir='ltr'>γὰρ</span> <span class='ocrx_word' id='word_1_235' title='bbox 1164 823 1244 858; x_wconf 78' lang='grc' dir='ltr'>σοφὸς</span> <span class='ocrx_word' id='word_1_236' title='bbox 1256 824 1416 856; x_wconf 80' lang='grc' dir='ltr'>διδάσκαλος</span> <span class='ocrx_word' id='word_1_237' title='bbox 1430 826 1486 856; x_wconf 79' lang='grc' dir='ltr'>τοῖς</span> <span class='ocrx_word' id='word_1_238' title='bbox 1503 825 1554 860; x_wconf 79' lang='grc' dir='ltr'>μὲν</span> <span class='ocrx_word' id='word_1_239' title='bbox 1569 825 1677 852; x_wconf 76' lang='grc' dir='ltr'><strong>ἀτελέσι</strong></span> <span class='ocrx_word' id='word_1_240' title='bbox 1688 826 1723 853; x_wconf 73' lang='grc' dir='ltr'>τὰ</span> <span class='ocrx_word' id='word_1_241' title='bbox 1731 826 1828 860; x_wconf 79' lang='grc' dir='ltr'>ἀτελῆ,</span> 
     </span>
    </p>
   </div>
   <div class='ocr_carea' id='block_1_33' title="bbox 1036 869 1632 907">
    <p class='ocr_par' dir='ltr' id='par_1_33' title="bbox 1036 869 1632 907">
     <span class='ocr_line' id='line_1_33' title="bbox 1036 869 1632 907; baseline 0.005 -11"><span class='ocrx_word' id='word_1_242' title='bbox 1036 871 1092 901; x_wconf 77' lang='grc' dir='ltr'>τοῖς</span> <span class='ocrx_word' id='word_1_243' title='bbox 1109 869 1139 896; x_wconf 78' lang='grc' dir='ltr'>δὲ</span> <span class='ocrx_word' id='word_1_244' title='bbox 1156 869 1270 902; x_wconf 80' lang='grc' dir='ltr'>τελείοις</span> <span class='ocrx_word' id='word_1_245' title='bbox 1284 871 1320 898; x_wconf 88' lang='grc' dir='ltr'><strong>τὰ</strong></span> <span class='ocrx_word' id='word_1_246' title='bbox 1335 870 1427 897; x_wconf 87' lang='grc' dir='ltr'>τέλεια</span> <span class='ocrx_word' id='word_1_247' title='bbox 1437 872 1632 907; x_wconf 79' lang='grc' dir='ltr'>προσενήνοχε.</span> 
     </span>
    </p>
   </div>
   <div class='ocr_carea' id='block_1_34' title="bbox 192 917 1829 955">
    <p class='ocr_par' dir='ltr' id='par_1_34' title="bbox 192 917 1829 955">
     <span class='ocr_line' id='line_1_34' title="bbox 192 917 1829 955; baseline 0.002 -11"><span class='ocrx_word' id='word_1_248' title='bbox 192 917 321 952; x_wconf 83' lang='lat' dir='ltr'><strong>qualitas.</strong></span> <span class='ocrx_word' id='word_1_249' title='bbox 361 917 438 945; x_wconf 87' lang='lat' dir='ltr'><strong>Sicut</strong></span> <span class='ocrx_word' id='word_1_250' title='bbox 467 918 540 945; x_wconf 90' lang='lat' dir='ltr'><strong>enim</strong></span> <span class='ocrx_word' id='word_1_251' title='bbox 579 918 669 944; x_wconf 88' lang='lat' dir='ltr'><strong>bonus</strong></span> <span class='ocrx_word' id='word_1_252' title='bbox 694 919 824 954; x_wconf 74' lang='lat' dir='ltr'><strong>magister</strong></span> <span class='ocrx_word' id='word_1_253' title='bbox 848 917 1017 954; x_wconf 82' lang='lat' dir='ltr'><strong>imperfectis</strong></span> <span class='ocrx_word' id='word_1_254' title='bbox 1036 917 1147 953; x_wconf 85' lang='lat' dir='ltr'><strong>quidem</strong></span> <span class='ocrx_word' id='word_1_255' title='bbox 1186 917 1359 953; x_wconf 88' lang='lat' dir='ltr'><strong>imperfecta,</strong></span> <span class='ocrx_word' id='word_1_256' title='bbox 1404 919 1533 954; x_wconf 80' lang='lat' dir='ltr'><strong>perfectis</strong></span> <span class='ocrx_word' id='word_1_257' title='bbox 1574 924 1665 946; x_wconf 84' lang='lat' dir='ltr'><strong>autem</strong></span> <span class='ocrx_word' id='word_1_258' title='bbox 1706 921 1829 955; x_wconf 78' lang='lat' dir='ltr'><strong>perieeta</strong></span> 
     </span>
    </p>
   </div>
   <div class='ocr_carea' id='block_1_35' title="bbox 196 965 296 990">
    <p class='ocr_par' dir='ltr' id='par_1_35' title="bbox 196 965 296 990">
     <span class='ocr_line' id='line_1_35' title="bbox 196 965 296 990; baseline 0 0"><span class='ocrx_word' id='word_1_259' title='bbox 196 965 296 990; x_wconf 82' lang='lat' dir='ltr'><strong>attulit.</strong></span> 
     </span>
    </p>
   </div>
   <div class='ocr_carea' id='block_1_36' title="bbox 225 1006 967 1044">
    <p class='ocr_par' dir='ltr' id='par_1_36' title="bbox 225 1009 967 1044">
     <span class='ocr_line' id='line_1_36' title="bbox 225 1009 967 1044; baseline 0.001 -9"><span class='ocrx_word' id='word_1_260' title='bbox 225 1009 266 1035; x_wconf 83' lang='lat' dir='ltr'><strong>Ad</strong></span> <span class='ocrx_word' id='word_1_261' title='bbox 281 1009 333 1036; x_wconf 90' lang='lat' dir='ltr'><strong>hoe</strong></span> <span class='ocrx_word' id='word_1_262' title='bbox 353 1014 481 1036; x_wconf 88' lang='lat' dir='ltr'><strong>autemet</strong></span> <span class='ocrx_word' id='word_1_263' title='bbox 504 1009 572 1036; x_wconf 89' lang='lat' dir='ltr'><strong>illud</strong></span> <span class='ocrx_word' id='word_1_264' title='bbox 585 1010 818 1038; x_wconf 86' lang='lat' dir='ltr'><strong>considerandum</strong></span> <span class='ocrx_word' id='word_1_265' title='bbox 840 1015 894 1043; x_wconf 91' lang='lat' dir='ltr'><strong>est,</strong></span> <span class='ocrx_word' id='word_1_266' title='bbox 911 1017 967 1044; x_wconf 89' lang='lat' dir='ltr'><strong>quo</strong></span> 
     </span>
    </p>
   </div>
   <div class='ocr_carea' id='block_1_37' title="bbox 1059 1006 1828 1044">
    <p class='ocr_par' dir='ltr' id='par_1_37' title="bbox 1072 1006 1828 1042">
     <span class='ocr_line' id='line_1_37' title="bbox 1072 1006 1828 1042; baseline 0.005 -9"><span class='ocrx_word' id='word_1_267' title='bbox 1072 1006 1143 1041; x_wconf 75' lang='grc' dir='ltr'>Πρὸς</span> <span class='ocrx_word' id='word_1_268' title='bbox 1167 1006 1196 1034; x_wconf 75' lang='grc' dir='ltr'>δὲ</span> <span class='ocrx_word' id='word_1_269' title='bbox 1215 1006 1322 1039; x_wconf 80' lang='grc' dir='ltr'>τούτοις</span> <span class='ocrx_word' id='word_1_270' title='bbox 1346 1007 1501 1042; x_wconf 75' lang='grc' dir='ltr'>σκοπητέον</span> <span class='ocrx_word' id='word_1_271' title='bbox 1527 1009 1573 1035; x_wconf 81' lang='grc' dir='ltr'>καὶ</span> <span class='ocrx_word' id='word_1_272' title='bbox 1598 1009 1741 1042; x_wconf 54' lang='lat' dir='ltr'><strong>aciemin:</strong></span> <span class='ocrx_word' id='word_1_273' title='bbox 1771 1012 1828 1042; x_wconf 77' lang='grc' dir='ltr'>τοῖς</span> 
     </span>
    </p>
   </div>
   <div class='ocr_carea' id='block_1_38' title="bbox 191 1054 980 1090">
    <p class='ocr_par' dir='ltr' id='par_1_38' title="bbox 191 1054 980 1090">
     <span class='ocr_line' id='line_1_38' title="bbox 191 1054 980 1090; baseline 0.001 -9"><span class='ocrx_word' id='word_1_274' title='bbox 191 1054 246 1081; x_wconf 82' lang='lat' dir='ltr'><strong>illis</strong></span> <span class='ocrx_word' id='word_1_275' title='bbox 267 1055 312 1088; x_wconf 87' lang='lat' dir='ltr'><strong>qui</strong></span> <span class='ocrx_word' id='word_1_276' title='bbox 343 1055 423 1089; x_wconf 90' lang='lat' dir='ltr'><strong>primi</strong></span> <span class='ocrx_word' id='word_1_277' title='bbox 449 1055 523 1090; x_wconf 84' lang='lat' dir='ltr'><strong>leges</strong></span> <span class='ocrx_word' id='word_1_278' title='bbox 546 1056 797 1090; x_wconf 70' lang='lat' dir='ltr'><strong>transgrediuntur,</strong></span> <span class='ocrx_word' id='word_1_279' title='bbox 815 1056 875 1084; x_wconf 84' lang='lat' dir='ltr'><strong>sine</strong></span> <span class='ocrx_word' id='word_1_280' title='bbox 900 1055 980 1082; x_wconf 85' lang='lat' dir='ltr'><strong>venia</strong></span> 
     </span>
    </p>
   </div>
   <div class='ocr_carea' id='block_1_39' title="bbox 191 1100 979 1136">
    <p class='ocr_par' dir='ltr' id='par_1_39' title="bbox 191 1100 979 1136">
     <span class='ocr_line' id='line_1_39' title="bbox 191 1100 979 1136; baseline 0.004 -9"><span class='ocrx_word' id='word_1_281' title='bbox 191 1100 351 1136; x_wconf 82' lang='lat' dir='ltr'><strong>infliguntur</strong></span> <span class='ocrx_word' id='word_1_282' title='bbox 366 1109 452 1136; x_wconf 65' lang='lat' dir='ltr'><strong>poenae</strong></span> <span class='ocrx_word' id='word_1_283' title='bbox 466 1111 473 1128; x_wconf 90' lang='lat'>:</span> <span class='ocrx_word' id='word_1_284' title='bbox 491 1102 528 1129; x_wconf 89' lang='lat' dir='ltr'><strong>ita</strong></span> <span class='ocrx_word' id='word_1_285' title='bbox 543 1107 572 1129; x_wconf 90' lang='lat' dir='ltr'><strong>ut</strong></span> <span class='ocrx_word' id='word_1_286' title='bbox 593 1102 638 1129; x_wconf 87' lang='lat' dir='ltr'><strong>alii</strong></span> <span class='ocrx_word' id='word_1_287' title='bbox 661 1102 800 1136; x_wconf 87' lang='lat' dir='ltr'><strong>punitione</strong></span> <span class='ocrx_word' id='word_1_288' title='bbox 815 1103 874 1130; x_wconf 88' lang='lat' dir='ltr'><strong>visa</strong></span> <span class='ocrx_word' id='word_1_289' title='bbox 888 1108 979 1130; x_wconf 84' lang='lat' dir='ltr'><strong>trans-</strong></span> 
     </span>
    </p>
   </div>
   <div class='ocr_carea' id='block_1_40' title="bbox 190 1147 978 1183">
    <p class='ocr_par' dir='ltr' id='par_1_40' title="bbox 190 1147 978 1183">
     <span class='ocr_line' id='line_1_40' title="bbox 190 1147 978 1183; baseline 0.004 -10"><span class='ocrx_word' id='word_1_290' title='bbox 190 1147 265 1182; x_wconf 83' lang='lat' dir='ltr'><strong>gredi</strong></span> <span class='ocrx_word' id='word_1_291' title='bbox 281 1155 334 1174; x_wconf 93' lang='lat' dir='ltr'><strong>non</strong></span> <span class='ocrx_word' id='word_1_292' title='bbox 350 1147 478 1175; x_wconf 80' lang='lat' dir='ltr'><strong>audeant.</strong></span> <span class='ocrx_word' id='word_1_293' title='bbox 496 1147 542 1175; x_wconf 87' lang='lat' dir='ltr'><strong>Sic</strong></span> <span class='ocrx_word' id='word_1_294' title='bbox 556 1148 602 1182; x_wconf 86' lang='lat' dir='ltr'><strong>qui</strong></span> <span class='ocrx_word' id='word_1_295' title='bbox 618 1149 692 1182; x_wconf 86' lang='lat' dir='ltr'><strong>prius</strong></span> <span class='ocrx_word' id='word_1_296' title='bbox 702 1148 729 1175; x_wconf 92' lang='lat' dir='ltr'><strong>in</strong></span> <span class='ocrx_word' id='word_1_297' title='bbox 741 1148 862 1176; x_wconf 86' lang='lat' dir='ltr'><strong>Sabbato</strong></span> <span class='ocrx_word' id='word_1_298' title='bbox 873 1148 978 1183; x_wconf 88' lang='lat' dir='ltr'><strong>lignum</strong></span> 
     </span>
    </p>
   </div>
   <div class='ocr_carea' id='block_1_41' title="bbox 190 1193 978 1228">
    <p class='ocr_par' dir='ltr' id='par_1_41' title="bbox 190 1193 978 1228">
     <span class='ocr_line' id='line_1_41' title="bbox 190 1193 978 1228; baseline 0.003 -8"><span class='ocrx_word' id='word_1_299' title='bbox 190 1193 308 1228; x_wconf 72' lang='lat' dir='ltr'><strong>collegit,</strong></span> <span class='ocrx_word' id='word_1_300' title='bbox 324 1193 358 1220; x_wconf 87' lang='lat' dir='ltr'><strong>ab</strong></span> <span class='ocrx_word' id='word_1_301' title='bbox 374 1193 555 1228; x_wconf 86' lang='lat' dir='ltr'><strong>omnipopulo</strong></span> <span class='ocrx_word' id='word_1_302' title='bbox 566 1193 700 1228; x_wconf 84' lang='lat' dir='ltr'><strong>lapidatus</strong></span> <span class='ocrx_word' id='word_1_303' title='bbox 713 1198 765 1222; x_wconf 86' lang='lat' dir='ltr'><strong>est.</strong></span> <span class='ocrx_word' id='word_1_304' title='bbox 781 1195 878 1222; x_wconf 83' lang='lat' dir='ltr'><strong>Postea</strong></span> <span class='ocrx_word' id='word_1_305' title='bbox 887 1199 978 1222; x_wconf 83' lang='lat' dir='ltr'><strong>autem</strong></span> 
     </span>
    </p>
   </div>
   <div class='ocr_carea' id='block_1_42' title="bbox 191 1238 980 1277">
    <p class='ocr_par' dir='ltr' id='par_1_42' title="bbox 191 1238 980 1277">
     <span class='ocr_line' id='line_1_42' title="bbox 191 1238 980 1277; baseline 0.004 -11"><span class='ocrx_word' id='word_1_306' title='bbox 191 1239 283 1267; x_wconf 90' lang='lat' dir='ltr'><strong>multis</strong></span> <span class='ocrx_word' id='word_1_307' title='bbox 302 1238 414 1266; x_wconf 84' lang='lat' dir='ltr'><strong>Sabbati</strong></span> <span class='ocrx_word' id='word_1_308' title='bbox 443 1239 529 1274; x_wconf 80' lang='lat' dir='ltr'><strong>legem</strong></span> <span class='ocrx_word' id='word_1_309' title='bbox 563 1241 830 1276; x_wconf 75' lang='lat' dir='ltr'><strong>transgredientibus</strong></span> <span class='ocrx_word' id='word_1_310' title='bbox 855 1242 980 1277; x_wconf 84' lang='lat' dir='ltr'><strong>longani-</strong></span> 
     </span>
    </p>
   </div>
   <div class='ocr_carea' id='block_1_43' title="bbox 191 1285 977 1322">
    <p class='ocr_par' dir='ltr' id='par_1_43' title="bbox 191 1285 977 1322">
     <span class='ocr_line' id='line_1_43' title="bbox 191 1285 977 1322; baseline 0.004 -11"><span class='ocrx_word' id='word_1_311' title='bbox 191 1286 270 1312; x_wconf 87' lang='lat' dir='ltr'><strong>miter</strong></span> <span class='ocrx_word' id='word_1_312' title='bbox 282 1285 342 1312; x_wconf 92' lang='lat' dir='ltr'><strong>tulit</strong></span> <span class='ocrx_word' id='word_1_313' title='bbox 354 1285 503 1319; x_wconf 87' lang='lat' dir='ltr'><strong>legislator.</strong></span> <span class='ocrx_word' id='word_1_314' title='bbox 518 1285 563 1313; x_wconf 89' lang='lat' dir='ltr'><strong>Sic</strong></span> <span class='ocrx_word' id='word_1_315' title='bbox 574 1285 643 1313; x_wconf 85' lang='lat' dir='ltr'><strong>Cain</strong></span> <span class='ocrx_word' id='word_1_316' title='bbox 658 1286 705 1322; x_wconf 89' lang='lat' dir='ltr'><strong>qui</strong></span> <span class='ocrx_word' id='word_1_317' title='bbox 718 1287 825 1322; x_wconf 87' lang='lat' dir='ltr'><strong>primus</strong></span> <span class='ocrx_word' id='word_1_318' title='bbox 840 1287 977 1316; x_wconf 88' lang='lat' dir='ltr'><strong>homicida</strong></span> 
     </span>
    </p>
   </div>
   <div class='ocr_carea' id='block_1_44' title="bbox 191 1332 978 1368">
    <p class='ocr_par' dir='ltr' id='par_1_44' title="bbox 191 1332 978 1368">
     <span class='ocr_line' id='line_1_44' title="bbox 191 1332 978 1368; baseline 0.003 -10"><span class='ocrx_word' id='word_1_319' title='bbox 191 1332 253 1363; x_wconf 81' lang='lat' dir='ltr'><strong>fuit.</strong></span> <span class='ocrx_word' id='word_1_320' title='bbox 276 1332 492 1359; x_wconf 79' lang='lat' dir='ltr'><strong>inexorabilibus</strong></span> <span class='ocrx_word' id='word_1_321' title='bbox 505 1333 595 1367; x_wconf 63' lang='lat' dir='ltr'><strong>poenis</strong></span> <span class='ocrx_word' id='word_1_322' title='bbox 621 1333 825 1365; x_wconf 81' lang='lat' dir='ltr'><strong>circumfertur,</strong></span> <span class='ocrx_word' id='word_1_323' title='bbox 851 1334 978 1368; x_wconf 86' lang='lat' dir='ltr'><strong>quamvis</strong></span> 
     </span>
    </p>
   </div>
   <div class='ocr_carea' id='block_1_45' title="bbox 189 1378 975 1414">
    <p class='ocr_par' dir='ltr' id='par_1_45' title="bbox 189 1378 975 1414">
     <span class='ocr_line' id='line_1_45' title="bbox 189 1378 975 1414; baseline 0.001 -8"><span class='ocrx_word' id='word_1_324' title='bbox 189 1383 283 1413; x_wconf 86' lang='lat' dir='ltr'><strong>postea</strong></span> <span class='ocrx_word' id='word_1_325' title='bbox 299 1379 379 1406; x_wconf 89' lang='lat' dir='ltr'><strong>multi</strong></span> <span class='ocrx_word' id='word_1_326' title='bbox 396 1378 538 1406; x_wconf 65' lang='lat' dir='ltr'><strong>homicidae</strong></span> <span class='ocrx_word' id='word_1_327' title='bbox 551 1386 648 1414; x_wconf 64' lang='lat' dir='ltr'><strong>pinnas</strong></span> <span class='ocrx_word' id='word_1_328' title='bbox 659 1387 714 1406; x_wconf 85' lang='lat' dir='ltr'><strong>non</strong></span> <span class='ocrx_word' id='word_1_329' title='bbox 729 1381 821 1407; x_wconf 83' lang='lat' dir='ltr'><strong>statim</strong></span> <span class='ocrx_word' id='word_1_330' title='bbox 839 1380 975 1408; x_wconf 82' lang='lat' dir='ltr'><strong>dederint.</strong></span> 
     </span>
    </p>
   </div>
   <div class='ocr_carea' id='block_1_46' title="bbox 189 1423 977 1460">
    <p class='ocr_par' dir='ltr' id='par_1_46' title="bbox 189 1423 977 1460">
     <span class='ocr_line' id='line_1_46' title="bbox 189 1423 977 1460; baseline 0 -8"><span class='ocrx_word' id='word_1_331' title='bbox 189 1423 339 1459; x_wconf 83' lang='lat' dir='ltr'><strong>Oportebat</strong></span> <span class='ocrx_word' id='word_1_332' title='bbox 359 1431 423 1459; x_wconf 85' lang='lat' dir='ltr'><strong>ergo</strong></span> <span class='ocrx_word' id='word_1_333' title='bbox 438 1424 587 1457; x_wconf 80' lang='lat' dir='ltr'><strong>Adamum,</strong></span> <span class='ocrx_word' id='word_1_334' title='bbox 608 1429 720 1459; x_wconf 85' lang='lat' dir='ltr'><strong>accepta</strong></span> <span class='ocrx_word' id='word_1_335' title='bbox 732 1425 791 1460; x_wconf 88' lang='lat' dir='ltr'><strong>lege</strong></span> <span class='ocrx_word' id='word_1_336' title='bbox 813 1431 840 1452; x_wconf 88' lang='lat' dir='ltr'><strong>et</strong></span> <span class='ocrx_word' id='word_1_337' title='bbox 859 1425 909 1453; x_wconf 84' lang='lat' dir='ltr'><strong>hac</strong></span> <span class='ocrx_word' id='word_1_338' title='bbox 923 1433 977 1452; x_wconf 92' lang='lat' dir='ltr'><strong>non</strong></span> 
     </span>
    </p>
   </div>
   <div class='ocr_carea' id='block_1_47' title="bbox 190 1470 978 1505">
    <p class='ocr_par' dir='ltr' id='par_1_47' title="bbox 190 1470 978 1505">
     <span class='ocr_line' id='line_1_47' title="bbox 190 1470 978 1505; baseline 0.003 -9"><span class='ocrx_word' id='word_1_339' title='bbox 190 1477 318 1502; x_wconf 78' lang='lat' dir='ltr'><strong>onerosa,</strong></span> <span class='ocrx_word' id='word_1_340' title='bbox 338 1470 473 1505; x_wconf 86' lang='lat' dir='ltr'><strong>siquidem</strong></span> <span class='ocrx_word' id='word_1_341' title='bbox 496 1477 531 1497; x_wconf 81' lang='lat' dir='ltr'><strong>ex</strong></span> <span class='ocrx_word' id='word_1_342' title='bbox 544 1470 619 1497; x_wconf 93' lang='lat' dir='ltr'><strong>omni</strong></span> <span class='ocrx_word' id='word_1_343' title='bbox 647 1478 745 1505; x_wconf 82' lang='lat' dir='ltr'><strong>genere</strong></span> <span class='ocrx_word' id='word_1_344' title='bbox 768 1471 909 1498; x_wconf 85' lang='lat' dir='ltr'><strong>fructuum</strong></span> <span class='ocrx_word' id='word_1_345' title='bbox 929 1472 978 1499; x_wconf 90' lang='lat' dir='ltr'><strong>de-</strong></span> 
     </span>
    </p>
   </div>
   <div class='ocr_carea' id='block_1_48' title="bbox 189 1515 977 1551">
    <p class='ocr_par' dir='ltr' id='par_1_48' title="bbox 189 1515 977 1551">
     <span class='ocr_line' id='line_1_48' title="bbox 189 1515 977 1551; baseline 0.003 -9"><span class='ocrx_word' id='word_1_346' title='bbox 189 1516 266 1542; x_wconf 81' lang='lat' dir='ltr'><strong>derat</strong></span> <span class='ocrx_word' id='word_1_347' title='bbox 281 1515 487 1548; x_wconf 83' lang='lat' dir='ltr'><strong>abundantiam,</strong></span> <span class='ocrx_word' id='word_1_348' title='bbox 505 1523 560 1542; x_wconf 88' lang='lat' dir='ltr'><strong>uno</strong></span> <span class='ocrx_word' id='word_1_349' title='bbox 579 1515 752 1543; x_wconf 82' lang='lat' dir='ltr'><strong>solummodo</strong></span> <span class='ocrx_word' id='word_1_350' title='bbox 771 1516 912 1551; x_wconf 88' lang='lat' dir='ltr'><strong>impedito,</strong></span> <span class='ocrx_word' id='word_1_351' title='bbox 927 1524 977 1551; x_wconf 90' lang='lat' dir='ltr'><strong>pro</strong></span> 
     </span>
    </p>
   </div>
   <div class='ocr_carea' id='block_1_49' title="bbox 189 1561 976 1597">
    <p class='ocr_par' dir='ltr' id='par_1_49' title="bbox 189 1561 976 1597">
     <span class='ocr_line' id='line_1_49' title="bbox 189 1561 976 1597; baseline 0.003 -9"><span class='ocrx_word' id='word_1_352' title='bbox 189 1562 290 1589; x_wconf 82' lang='lat' dir='ltr'><strong>delicto</strong></span> <span class='ocrx_word' id='word_1_353' title='bbox 315 1561 349 1588; x_wconf 89' lang='lat' dir='ltr'><strong>ad</strong></span> <span class='ocrx_word' id='word_1_354' title='bbox 367 1561 512 1588; x_wconf 86' lang='lat' dir='ltr'><strong>utilitatem</strong></span> <span class='ocrx_word' id='word_1_355' title='bbox 528 1562 638 1596; x_wconf 85' lang='lat' dir='ltr'><strong>generis</strong></span> <span class='ocrx_word' id='word_1_356' title='bbox 651 1562 694 1589; x_wconf 85' lang='lat' dir='ltr'><strong>sui</strong></span> <span class='ocrx_word' id='word_1_357' title='bbox 715 1569 811 1597; x_wconf 76' lang='lat' dir='ltr'><strong>pcenas</strong></span> <span class='ocrx_word' id='word_1_358' title='bbox 839 1562 917 1590; x_wconf 84' lang='lat' dir='ltr'><strong>dare.</strong></span> <span class='ocrx_word' id='word_1_359' title='bbox 947 1563 976 1591; x_wconf 89' lang='lat' dir='ltr'><strong>Si</strong></span> 
     </span>
    </p>
   </div>
   <div class='ocr_carea' id='block_1_50' title="bbox 189 1606 978 1639">
    <p class='ocr_par' dir='ltr' id='par_1_50' title="bbox 189 1606 978 1639">
     <span class='ocr_line' id='line_1_50' title="bbox 189 1606 978 1639; baseline 0.003 -5"><span class='ocrx_word' id='word_1_360' title='bbox 189 1612 280 1634; x_wconf 85' lang='lat' dir='ltr'><strong>autem</strong></span> <span class='ocrx_word' id='word_1_361' title='bbox 295 1607 379 1634; x_wconf 88' lang='lat' dir='ltr'><strong>nimia</strong></span> <span class='ocrx_word' id='word_1_362' title='bbox 394 1606 434 1633; x_wconf 88' lang='lat' dir='ltr'><strong>ira</strong></span> <span class='ocrx_word' id='word_1_363' title='bbox 451 1611 617 1639; x_wconf 88' lang='lat' dir='ltr'><strong>commotus,</strong></span> <span class='ocrx_word' id='word_1_364' title='bbox 636 1612 667 1634; x_wconf 92' lang='lat' dir='ltr'><strong>ut</strong></span> <span class='ocrx_word' id='word_1_365' title='bbox 682 1607 752 1634; x_wconf 84' lang='lat' dir='ltr'><strong>dixit</strong></span> <span class='ocrx_word' id='word_1_366' title='bbox 767 1607 889 1636; x_wconf 84' lang='lat' dir='ltr'><strong>Marcion</strong></span> <span class='ocrx_word' id='word_1_367' title='bbox 911 1609 978 1636; x_wconf 87' lang='lat' dir='ltr'><strong>abo-</strong></span> 
     </span>
    </p>
   </div>
   <div class='ocr_carea' id='block_1_51' title="bbox 189 1653 978 1690">
    <p class='ocr_par' dir='ltr' id='par_1_51' title="bbox 189 1653 978 1690">
     <span class='ocr_line' id='line_1_51' title="bbox 189 1653 978 1690; baseline 0.004 -10"><span class='ocrx_word' id='word_1_368' title='bbox 189 1653 339 1685; x_wconf 88' lang='lat' dir='ltr'><strong>minabilis,</strong></span> <span class='ocrx_word' id='word_1_369' title='bbox 359 1657 470 1687; x_wconf 83' lang='lat' dir='ltr'><strong>propter</strong></span> <span class='ocrx_word' id='word_1_370' title='bbox 479 1660 588 1687; x_wconf 88' lang='lat' dir='ltr'><strong>parvam</strong></span> <span class='ocrx_word' id='word_1_371' title='bbox 603 1654 798 1682; x_wconf 88' lang='lat' dir='ltr'><strong>eomestionem</strong></span> <span class='ocrx_word' id='word_1_372' title='bbox 813 1655 910 1682; x_wconf 89' lang='lat' dir='ltr'><strong>mortis</strong></span> <span class='ocrx_word' id='word_1_373' title='bbox 923 1663 978 1690; x_wconf 79' lang='lat' dir='ltr'><strong>pa:-</strong></span> 
     </span>
    </p>
   </div>
   <div class='ocr_carea' id='block_1_52' title="bbox 1032 1051 1827 1092">
    <p class='ocr_par' dir='ltr' id='par_1_52' title="bbox 1032 1051 1827 1092">
     <span class='ocr_line' id='line_1_52' title="bbox 1032 1051 1827 1092; baseline 0.005 -14"><span class='ocrx_word' id='word_1_374' title='bbox 1032 1051 1150 1086; x_wconf 87' lang='grc' dir='ltr'>πρώτοις</span> <span class='ocrx_word' id='word_1_375' title='bbox 1163 1052 1364 1088; x_wconf 86' lang='grc' dir='ltr'>παραϐαίνουσι</span> <span class='ocrx_word' id='word_1_376' title='bbox 1377 1054 1440 1085; x_wconf 82' lang='grc' dir='ltr'>τοὺς</span> <span class='ocrx_word' id='word_1_377' title='bbox 1455 1054 1555 1088; x_wconf 86' lang='grc' dir='ltr'>νόμους</span> <span class='ocrx_word' id='word_1_378' title='bbox 1569 1054 1630 1089; x_wconf 85' lang='grc' dir='ltr'>δίχα</span> <span class='ocrx_word' id='word_1_379' title='bbox 1657 1055 1827 1092; x_wconf 80' lang='grc' dir='ltr'>συγγνώμης</span> 
     </span>
    </p>
   </div>
   <div class='ocr_carea' id='block_1_53' title="bbox 1030 1096 1825 1137">
    <p class='ocr_par' dir='ltr' id='par_1_53' title="bbox 1030 1096 1825 1137">
     <span class='ocr_line' id='line_1_53' title="bbox 1030 1096 1825 1137; baseline 0.008 -15"><span class='ocrx_word' id='word_1_380' title='bbox 1030 1096 1204 1132; x_wconf 75' lang='grc' dir='ltr'>ἐπιφέρονται</span> <span class='ocrx_word' id='word_1_381' title='bbox 1220 1098 1249 1124; x_wconf 88' lang='grc' dir='ltr'><strong>αι</strong></span> <span class='ocrx_word' id='word_1_382' title='bbox 1259 1098 1403 1133; x_wconf 87' lang='grc' dir='ltr'>τιμωρίαι,</span> <span class='ocrx_word' id='word_1_383' title='bbox 1416 1099 1488 1126; x_wconf 82' lang='grc' dir='ltr'>ὥστε</span> <span class='ocrx_word' id='word_1_384' title='bbox 1509 1100 1573 1132; x_wconf 82' lang='grc' dir='ltr'>τοὺς</span> <span class='ocrx_word' id='word_1_385' title='bbox 1586 1100 1684 1132; x_wconf 79' lang='grc' dir='ltr'>ἄλλους</span> <span class='ocrx_word' id='word_1_386' title='bbox 1702 1103 1825 1137; x_wconf 78' lang='grc' dir='ltr'>ὁρῶντας</span> 
     </span>
    </p>
   </div>
   <div class='ocr_carea' id='block_1_54' title="bbox 1030 1143 1824 1182">
    <p class='ocr_par' dir='ltr' id='par_1_54' title="bbox 1030 1143 1824 1182">
     <span class='ocr_line' id='line_1_54' title="bbox 1030 1143 1824 1182; baseline 0.008 -13"><span class='ocrx_word' id='word_1_387' title='bbox 1030 1143 1078 1178; x_wconf 86' lang='grc' dir='ltr'>τὴν</span> <span class='ocrx_word' id='word_1_388' title='bbox 1104 1143 1215 1170; x_wconf 80' lang='grc' dir='ltr'>κόλασιν</span> <span class='ocrx_word' id='word_1_389' title='bbox 1230 1143 1268 1180; x_wconf 77' lang='grc' dir='ltr'>μὴ</span> <span class='ocrx_word' id='word_1_390' title='bbox 1284 1145 1466 1180; x_wconf 80' lang='grc' dir='ltr'>παραϐαίνειν</span> <span class='ocrx_word' id='word_1_391' title='bbox 1483 1154 1491 1161; x_wconf 81' lang='grc'><em>”</em></span> <span class='ocrx_word' id='word_1_392' title='bbox 1516 1146 1604 1178; x_wconf 76' lang='grc' dir='ltr'>οὕτως</span> <span class='ocrx_word' id='word_1_393' title='bbox 1617 1148 1632 1173; x_wconf 85' lang='grc' dir='ltr'>ὁ</span> <span class='ocrx_word' id='word_1_394' title='bbox 1659 1148 1771 1182; x_wconf 82' lang='grc' dir='ltr'>πρῶτος</span> <span class='ocrx_word' id='word_1_395' title='bbox 1794 1150 1824 1175; x_wconf 75' lang='grc' dir='ltr'>ὲν</span> 
     </span>
    </p>
   </div>
   <div class='ocr_carea' id='block_1_55' title="bbox 1030 1188 1824 1224">
    <p class='ocr_par' dir='ltr' id='par_1_55' title="bbox 1030 1188 1824 1224">
     <span class='ocr_line' id='line_1_55' title="bbox 1030 1188 1824 1224; baseline 0.011 -11"><span class='ocrx_word' id='word_1_396' title='bbox 1030 1188 1167 1224; x_wconf 63' lang='grc' dir='ltr'>Σαϐϐάτῳί</span> <span class='ocrx_word' id='word_1_397' title='bbox 1180 1189 1248 1222; x_wconf 84' lang='grc' dir='ltr'>ξύλα</span> <span class='ocrx_word' id='word_1_398' title='bbox 1271 1190 1402 1224; x_wconf 77' lang='grc' dir='ltr'>συλλέξας</span> <span class='ocrx_word' id='word_1_399' title='bbox 1418 1191 1471 1218; x_wconf 75' lang='grc' dir='ltr'><strong>ὑπὸ</strong></span> <span class='ocrx_word' id='word_1_400' title='bbox 1486 1193 1587 1224; x_wconf 82' lang='grc' dir='ltr'>παντὸς</span> <span class='ocrx_word' id='word_1_401' title='bbox 1603 1193 1650 1219; x_wconf 89' lang='grc' dir='ltr'>τοῦ</span> <span class='ocrx_word' id='word_1_402' title='bbox 1677 1193 1744 1221; x_wconf 82' lang='grc' dir='ltr'>λαοῦ</span> <span class='ocrx_word' id='word_1_403' title='bbox 1759 1203 1824 1222; x_wconf 55' lang='lat' dir='ltr'><strong>xcv</strong></span> 
     </span>
    </p>
   </div>
   <div class='ocr_carea' id='block_1_56' title="bbox 1030 1235 1821 1275">
    <p class='ocr_par' dir='ltr' id='par_1_56' title="bbox 1030 1235 1821 1275">
     <span class='ocr_line' id='line_1_56' title="bbox 1030 1235 1821 1275; baseline 0.009 -14"><span class='ocrx_word' id='word_1_404' title='bbox 1030 1235 1155 1270; x_wconf 85' lang='grc' dir='ltr'>ελεύσθη·</span> <span class='ocrx_word' id='word_1_405' title='bbox 1167 1237 1256 1272; x_wconf 84' lang='grc' dir='ltr'>χρόνῳ</span> <span class='ocrx_word' id='word_1_406' title='bbox 1267 1236 1295 1263; x_wconf 81' lang='grc' dir='ltr'>δὲ</span> <span class='ocrx_word' id='word_1_407' title='bbox 1306 1237 1421 1274; x_wconf 75' lang='grc' dir='ltr'>ὕστερον</span> <span class='ocrx_word' id='word_1_408' title='bbox 1431 1238 1538 1266; x_wconf 83' lang='grc' dir='ltr'>πολλῶν</span> <span class='ocrx_word' id='word_1_409' title='bbox 1549 1239 1597 1266; x_wconf 82' lang='grc' dir='ltr'>τὸν</span> <span class='ocrx_word' id='word_1_410' title='bbox 1605 1240 1670 1275; x_wconf 80' lang='grc' dir='ltr'>περὶ</span> <span class='ocrx_word' id='word_1_411' title='bbox 1678 1241 1821 1268; x_wconf 81' lang='grc' dir='ltr'>Σαϐϐάτου</span> 
     </span>
    </p>
   </div>
   <div class='ocr_carea' id='block_1_57' title="bbox 1029 1281 1824 1322">
    <p class='ocr_par' dir='ltr' id='par_1_57' title="bbox 1029 1281 1824 1322">
     <span class='ocr_line' id='line_1_57' title="bbox 1029 1281 1824 1322; baseline 0.009 -16"><span class='ocrx_word' id='word_1_412' title='bbox 1029 1281 1111 1315; x_wconf 85' lang='grc' dir='ltr'>νόμον</span> <span class='ocrx_word' id='word_1_413' title='bbox 1138 1281 1386 1317; x_wconf 83' lang='grc' dir='ltr'>παραϐεϐηκότων,</span> <span class='ocrx_word' id='word_1_414' title='bbox 1417 1283 1602 1319; x_wconf 81' lang='grc' dir='ltr'>μακροθύμως</span> <span class='ocrx_word' id='word_1_415' title='bbox 1633 1285 1647 1312; x_wconf 93' lang='lat'><strong>6</strong></span> <span class='ocrx_word' id='word_1_416' title='bbox 1673 1286 1824 1322; x_wconf 75' lang='grc' dir='ltr'>νομοθέτης</span> 
     </span>
    </p>
   </div>
   <div class='ocr_carea' id='block_1_58' title="bbox 1028 1326 1824 1366">
    <p class='ocr_par' dir='ltr' id='par_1_58' title="bbox 1028 1326 1824 1366">
     <span class='ocr_line' id='line_1_58' title="bbox 1028 1326 1824 1366; baseline 0.009 -14"><span class='ocrx_word' id='word_1_417' title='bbox 1028 1326 1154 1362; x_wconf 76' lang='grc' dir='ltr'>ήνεγκεν·</span> <span class='ocrx_word' id='word_1_418' title='bbox 1165 1327 1237 1354; x_wconf 70' lang='grc' dir='ltr'>οὔτω</span> <span class='ocrx_word' id='word_1_419' title='bbox 1251 1328 1322 1355; x_wconf 81' lang='grc' dir='ltr'><strong>Κάῖν</strong></span> <span class='ocrx_word' id='word_1_420' title='bbox 1335 1329 1446 1364; x_wconf 81' lang='grc' dir='ltr'>πρῶτος</span> <span class='ocrx_word' id='word_1_421' title='bbox 1459 1330 1595 1364; x_wconf 82' lang='grc' dir='ltr'>φονεύσας</span> <span class='ocrx_word' id='word_1_422' title='bbox 1608 1331 1773 1366; x_wconf 78' lang='grc' dir='ltr'>ἀνηκέστοις</span> <span class='ocrx_word' id='word_1_423' title='bbox 1785 1341 1824 1359; x_wconf 88' lang='grc' dir='ltr'>τι-</span> 
     </span>
    </p>
   </div>
   <div class='ocr_carea' id='block_1_59' title="bbox 1029 1372 1820 1414">
    <p class='ocr_par' dir='ltr' id='par_1_59' title="bbox 1029 1372 1820 1414">
     <span class='ocr_line' id='line_1_59' title="bbox 1029 1372 1820 1414; baseline 0.01 -17"><span class='ocrx_word' id='word_1_424' title='bbox 1029 1372 1147 1407; x_wconf 86' lang='grc' dir='ltr'>μωρίαις</span> <span class='ocrx_word' id='word_1_425' title='bbox 1166 1373 1373 1408; x_wconf 82' lang='grc' dir='ltr'>περιϐάλλεται,</span> <span class='ocrx_word' id='word_1_426' title='bbox 1399 1375 1504 1403; x_wconf 86' lang='grc' dir='ltr'>πολλῶν</span> <span class='ocrx_word' id='word_1_427' title='bbox 1519 1377 1624 1411; x_wconf 81' lang='grc' dir='ltr'>φονέων</span> <span class='ocrx_word' id='word_1_428' title='bbox 1649 1377 1765 1414; x_wconf 77' lang='grc' dir='ltr'>ὕστερον</span> <span class='ocrx_word' id='word_1_429' title='bbox 1789 1379 1820 1405; x_wconf 79' lang='grc' dir='ltr'>οὐ</span> 
     </span>
    </p>
   </div>
   <div class='ocr_carea' id='block_1_60' title="bbox 1029 1419 1822 1459">
    <p class='ocr_par' dir='ltr' id='par_1_60' title="bbox 1029 1419 1822 1459">
     <span class='ocr_line' id='line_1_60' title="bbox 1029 1419 1822 1459; baseline 0.009 -14"><span class='ocrx_word' id='word_1_430' title='bbox 1029 1419 1187 1454; x_wconf 82' lang='grc' dir='ltr'>παραυτίκα</span> <span class='ocrx_word' id='word_1_431' title='bbox 1208 1420 1309 1448; x_wconf 82' lang='grc' dir='ltr'>δόντων</span> <span class='ocrx_word' id='word_1_432' title='bbox 1338 1422 1388 1454; x_wconf 78' lang='grc' dir='ltr'><strong>τὰς</strong></span> <span class='ocrx_word' id='word_1_433' title='bbox 1400 1423 1537 1459; x_wconf 86' lang='grc' dir='ltr'>τιμωρίας</span> <span class='ocrx_word' id='word_1_434' title='bbox 1554 1430 1562 1438; x_wconf 92' lang='grc'><strong>·</strong></span> <span class='ocrx_word' id='word_1_435' title='bbox 1582 1423 1636 1451; x_wconf 75' lang='grc' dir='ltr'>εδει</span> <span class='ocrx_word' id='word_1_436' title='bbox 1655 1425 1749 1451; x_wconf 85' lang='grc' dir='ltr'>τοίνυν</span> <span class='ocrx_word' id='word_1_437' title='bbox 1775 1426 1822 1452; x_wconf 80' lang='grc' dir='ltr'>καὶ</span> 
     </span>
    </p>
   </div>
   <div class='ocr_carea' id='block_1_61' title="bbox 1028 1464 1821 1505">
    <p class='ocr_par' dir='ltr' id='par_1_61' title="bbox 1028 1464 1821 1505">
     <span class='ocr_line' id='line_1_61' title="bbox 1028 1464 1821 1505; baseline 0.009 -14"><span class='ocrx_word' id='word_1_438' title='bbox 1028 1464 1074 1491; x_wconf 78' lang='grc' dir='ltr'><strong>τὸν</strong></span> <span class='ocrx_word' id='word_1_439' title='bbox 1098 1465 1185 1501; x_wconf 81' lang='grc' dir='ltr'>Ἀδὰμ</span> <span class='ocrx_word' id='word_1_440' title='bbox 1200 1466 1348 1502; x_wconf 78' lang='grc' dir='ltr'>δεξάμενον</span> <span class='ocrx_word' id='word_1_441' title='bbox 1357 1468 1403 1495; x_wconf 85' lang='grc' dir='ltr'>τὸν</span> <span class='ocrx_word' id='word_1_442' title='bbox 1420 1469 1514 1504; x_wconf 85' lang='grc' dir='ltr'>νόμον,</span> <span class='ocrx_word' id='word_1_443' title='bbox 1529 1470 1577 1495; x_wconf 76' lang='grc' dir='ltr'>καὶ</span> <span class='ocrx_word' id='word_1_444' title='bbox 1591 1469 1674 1505; x_wconf 90' lang='grc' dir='ltr'>νόμον</span> <span class='ocrx_word' id='word_1_445' title='bbox 1684 1471 1821 1505; x_wconf 79' lang='grc' dir='ltr'>κουφότα-</span> 
     </span>
    </p>
   </div>
   <div class='ocr_carea' id='block_1_62' title="bbox 1028 1510 1822 1551">
    <p class='ocr_par' dir='ltr' id='par_1_62' title="bbox 1028 1510 1822 1551">
     <span class='ocr_line' id='line_1_62' title="bbox 1028 1510 1822 1551; baseline 0.009 -14"><span class='ocrx_word' id='word_1_446' title='bbox 1028 1518 1074 1537; x_wconf 84' lang='grc' dir='ltr'><strong>τον</strong></span> <span class='ocrx_word' id='word_1_447' title='bbox 1088 1510 1155 1546; x_wconf 85' lang='grc' dir='ltr'>(τῶν</span> <span class='ocrx_word' id='word_1_448' title='bbox 1181 1513 1359 1540; x_wconf 81' lang='grc' dir='ltr'>παντοδαπῶν</span> <span class='ocrx_word' id='word_1_449' title='bbox 1385 1513 1440 1550; x_wconf 81' lang='grc' dir='ltr'>γὰρ</span> <span class='ocrx_word' id='word_1_450' title='bbox 1459 1515 1574 1550; x_wconf 84' lang='grc' dir='ltr'>καρπῶν</span> <span class='ocrx_word' id='word_1_451' title='bbox 1592 1516 1667 1551; x_wconf 83' lang='grc' dir='ltr'>αύτῷ</span> <span class='ocrx_word' id='word_1_452' title='bbox 1692 1517 1822 1544; x_wconf 72' lang='grc' dir='ltr'>ἐδεδώκει</span> 
     </span>
    </p>
   </div>
   <div class='ocr_carea' id='block_1_63' title="bbox 1028 1557 1820 1596">
    <p class='ocr_par' dir='ltr' id='par_1_63' title="bbox 1028 1557 1820 1596">
     <span class='ocr_line' id='line_1_63' title="bbox 1028 1557 1820 1596; baseline 0.01 -14"><span class='ocrx_word' id='word_1_453' title='bbox 1028 1557 1078 1591; x_wconf 73' lang='grc' dir='ltr'>τὴν</span> <span class='ocrx_word' id='word_1_454' title='bbox 1097 1557 1238 1592; x_wconf 81' lang='grc' dir='ltr'>ἀφθονίαν,</span> <span class='ocrx_word' id='word_1_455' title='bbox 1255 1558 1314 1590; x_wconf 82' lang='grc' dir='ltr'>ἐνὸς</span> <span class='ocrx_word' id='word_1_456' title='bbox 1325 1559 1354 1585; x_wconf 82' lang='grc' dir='ltr'>δὲ</span> <span class='ocrx_word' id='word_1_457' title='bbox 1378 1560 1460 1594; x_wconf 84' lang='grc' dir='ltr'>μόνου</span> <span class='ocrx_word' id='word_1_458' title='bbox 1488 1561 1693 1596; x_wconf 81' lang='grc' dir='ltr'>ἀπηγορεύκει)</span> <span class='ocrx_word' id='word_1_459' title='bbox 1706 1583 1714 1594; x_wconf 85' lang='grc'><strong>,</strong></span> <span class='ocrx_word' id='word_1_460' title='bbox 1732 1563 1820 1590; x_wconf 81' lang='grc' dir='ltr'>δοῦναι</span> 
     </span>
    </p>
   </div>
   <div class='ocr_carea' id='block_1_64' title="bbox 1028 1602 1818 1642">
    <p class='ocr_par' dir='ltr' id='par_1_64' title="bbox 1028 1602 1818 1642">
     <span class='ocr_line' id='line_1_64' title="bbox 1028 1602 1818 1642; baseline 0.01 -14"><span class='ocrx_word' id='word_1_461' title='bbox 1028 1602 1106 1634; x_wconf 83' lang='grc' dir='ltr'>δίκας</span> <span class='ocrx_word' id='word_1_462' title='bbox 1116 1603 1164 1629; x_wconf 80' lang='grc' dir='ltr'>τοῦ</span> <span class='ocrx_word' id='word_1_463' title='bbox 1179 1605 1415 1640; x_wconf 76' lang='grc' dir='ltr'>πλημμελήματος</span> <span class='ocrx_word' id='word_1_464' title='bbox 1428 1607 1468 1637; x_wconf 80' lang='grc' dir='ltr'><strong>είς</strong></span> <span class='ocrx_word' id='word_1_465' title='bbox 1489 1606 1623 1642; x_wconf 75' lang='grc' dir='ltr'>ὠφέλειαν</span> <span class='ocrx_word' id='word_1_466' title='bbox 1634 1607 1683 1634; x_wconf 83' lang='grc' dir='ltr'>τοῦ</span> <span class='ocrx_word' id='word_1_467' title='bbox 1697 1609 1796 1642; x_wconf 80' lang='grc' dir='ltr'>γένους</span> <span class='ocrx_word' id='word_1_468' title='bbox 1811 1618 1818 1624; x_wconf 93' lang='grc'><strong>·</strong></span> 
     </span>
    </p>
   </div>
   <div class='ocr_carea' id='block_1_65' title="bbox 1029 1648 1822 1690">
    <p class='ocr_par' dir='ltr' id='par_1_65' title="bbox 1029 1648 1822 1690">
     <span class='ocr_line' id='line_1_65' title="bbox 1029 1648 1822 1690; baseline 0.01 -16"><span class='ocrx_word' id='word_1_469' title='bbox 1029 1649 1053 1675; x_wconf 84' lang='grc' dir='ltr'><strong>εί</strong></span> <span class='ocrx_word' id='word_1_470' title='bbox 1060 1648 1090 1675; x_wconf 78' lang='grc' dir='ltr'>δὲ</span> <span class='ocrx_word' id='word_1_471' title='bbox 1099 1649 1264 1685; x_wconf 82' lang='grc' dir='ltr'>δυσόργητος</span> <span class='ocrx_word' id='word_1_472' title='bbox 1273 1650 1322 1684; x_wconf 83' lang='grc' dir='ltr'>ὢν,</span> <span class='ocrx_word' id='word_1_473' title='bbox 1333 1651 1372 1683; x_wconf 86' lang='grc' dir='ltr'>ὡς</span> <span class='ocrx_word' id='word_1_474' title='bbox 1379 1653 1393 1678; x_wconf 89' lang='lat'><strong>6</strong></span> <span class='ocrx_word' id='word_1_475' title='bbox 1400 1651 1560 1688; x_wconf 84' lang='grc' dir='ltr'>δυσώνυμος</span> <span class='ocrx_word' id='word_1_476' title='bbox 1568 1653 1618 1689; x_wconf 74' lang='grc' dir='ltr'>ἔφη</span> <span class='ocrx_word' id='word_1_477' title='bbox 1627 1655 1774 1690; x_wconf 78' lang='grc' dir='ltr'>Μαρκίων,</span> <span class='ocrx_word' id='word_1_478' title='bbox 1781 1656 1822 1682; x_wconf 75' lang='grc' dir='ltr'>διὰ</span> 
     </span>
    </p>
   </div>
   <div class='ocr_carea' id='block_1_66' title="bbox 189 1681 967 1737">
    <p class='ocr_par' dir='ltr' id='par_1_66' title="bbox 189 1698 967 1733">
     <span class='ocr_line' id='line_1_66' title="bbox 189 1698 967 1733; baseline 0.003 -7"><span class='ocrx_word' id='word_1_479' title='bbox 189 1707 251 1727; x_wconf 86' lang='lat' dir='ltr'><strong>nam</strong></span> <span class='ocrx_word' id='word_1_480' title='bbox 273 1699 376 1732; x_wconf 85' lang='lat' dir='ltr'><strong>intulit,</strong></span> <span class='ocrx_word' id='word_1_481' title='bbox 391 1698 530 1733; x_wconf 81' lang='lat' dir='ltr'><strong>quomodo</strong></span> <span class='ocrx_word' id='word_1_482' title='bbox 542 1699 672 1727; x_wconf 85' lang='lat' dir='ltr'><strong>omnibus</strong></span> <span class='ocrx_word' id='word_1_483' title='bbox 700 1701 861 1729; x_wconf 85' lang='lat' dir='ltr'><strong>hominibus</strong></span> <span class='ocrx_word' id='word_1_484' title='bbox 879 1702 913 1728; x_wconf 85' lang='lat' dir='ltr'><strong>ad</strong></span> <span class='ocrx_word' id='word_1_485' title='bbox 925 1703 967 1728; x_wconf 18' lang='lat' dir='ltr'><strong>ima</strong></span> 
     </span>
    </p>
   </div>
   <div class='ocr_carea' id='block_1_67' title="bbox 1059 1681 1821 1737">
    <p class='ocr_par' dir='ltr' id='par_1_67' title="bbox 1059 1681 1821 1737">
     <span class='ocr_line' id='line_1_67' title="bbox 1059 1681 1821 1737; baseline 0.01 -16"><span class='ocrx_word' id='word_1_486' title='bbox 1059 1695 1132 1722; x_wconf 72' lang='grc' dir='ltr'>&gt;ῶσιν</span> <span class='ocrx_word' id='word_1_487' title='bbox 1145 1681 1240 1731; x_wconf 74' lang='grc' dir='ltr'>ὀλίγην</span> <span class='ocrx_word' id='word_1_488' title='bbox 1252 1681 1301 1732; x_wconf 83' lang='grc' dir='ltr'>τὴν</span> <span class='ocrx_word' id='word_1_489' title='bbox 1311 1681 1488 1726; x_wconf 44' lang='grc' dir='ltr'>τοῦ-θανάτου</span> <span class='ocrx_word' id='word_1_490' title='bbox 1511 1681 1654 1736; x_wconf 45' lang='grc' dir='ltr'>’τιμωρίαν</span> 
     </span>
    </p>
   </div>
   <div class='ocr_carea' id='block_1_68' title="bbox 187 1745 976 1782">
    <p class='ocr_par' dir='ltr' id='par_1_68' title="bbox 187 1745 976 1782">
     <span class='ocr_line' id='line_1_68' title="bbox 187 1745 976 1782; baseline 0 -8"><span class='ocrx_word' id='word_1_491' title='bbox 187 1746 314 1782; x_wconf 79' lang='lat' dir='ltr'><strong>pietatem</strong></span> <span class='ocrx_word' id='word_1_492' title='bbox 331 1750 358 1772; x_wconf 87' lang='lat' dir='ltr'><strong>et</strong></span> <span class='ocrx_word' id='word_1_493' title='bbox 382 1745 543 1780; x_wconf 70' lang='lat' dir='ltr'><strong>iniustitiam</strong></span> <span class='ocrx_word' id='word_1_494' title='bbox 571 1745 750 1779; x_wconf 85' lang='lat' dir='ltr'><strong>irruentibus,</strong></span> <span class='ocrx_word' id='word_1_495' title='bbox 779 1754 834 1774; x_wconf 92' lang='lat' dir='ltr'><strong>non</strong></span> <span class='ocrx_word' id='word_1_496' title='bbox 864 1747 976 1774; x_wconf 90' lang='lat' dir='ltr'><strong>totalem</strong></span> 
     </span>
    </p>
   </div>
   <div class='ocr_carea' id='block_1_69' title="bbox 189 1791 978 1828">
    <p class='ocr_par' dir='ltr' id='par_1_69' title="bbox 189 1791 978 1828">
     <span class='ocr_line' id='line_1_69' title="bbox 189 1791 978 1828; baseline 0.001 -8"><span class='ocrx_word' id='word_1_497' title='bbox 189 1793 369 1828; x_wconf 83' lang='lat' dir='ltr'><strong>perditionem</strong></span> <span class='ocrx_word' id='word_1_498' title='bbox 387 1791 522 1824; x_wconf 79' lang='lat' dir='ltr'><strong>intulerit,</strong></span> <span class='ocrx_word' id='word_1_499' title='bbox 535 1791 583 1819; x_wconf 83' lang='lat' dir='ltr'><strong>sed</strong></span> <span class='ocrx_word' id='word_1_500' title='bbox 596 1800 612 1819; x_wconf 86' lang='lat' dir='ltr'><strong>e</strong></span> <span class='ocrx_word' id='word_1_501' title='bbox 622 1796 719 1820; x_wconf 86' lang='lat' dir='ltr'><strong>contra</strong></span> <span class='ocrx_word' id='word_1_502' title='bbox 731 1801 810 1821; x_wconf 90' lang='lat' dir='ltr'><strong>suum</strong></span> <span class='ocrx_word' id='word_1_503' title='bbox 819 1793 918 1821; x_wconf 85' lang='lat' dir='ltr'><strong>Filium</strong></span> <span class='ocrx_word' id='word_1_504' title='bbox 930 1794 978 1821; x_wconf 82' lang='lat' dir='ltr'><strong>de-</strong></span> 
     </span>
    </p>
   </div>
   <div class='ocr_carea' id='block_1_70' title="bbox 188 1837 977 1873">
    <p class='ocr_par' dir='ltr' id='par_1_70' title="bbox 188 1837 977 1873">
     <span class='ocr_line' id='line_1_70' title="bbox 188 1837 977 1873; baseline 0.001 -8"><span class='ocrx_word' id='word_1_505' title='bbox 188 1839 267 1871; x_wconf 88' lang='lat' dir='ltr'><strong>derit,</strong></span> <span class='ocrx_word' id='word_1_506' title='bbox 283 1843 310 1865; x_wconf 89' lang='lat' dir='ltr'><strong>et</strong></span> <span class='ocrx_word' id='word_1_507' title='bbox 326 1846 374 1873; x_wconf 84' lang='lat' dir='ltr'><strong>per</strong></span> <span class='ocrx_word' id='word_1_508' title='bbox 387 1838 542 1872; x_wconf 84' lang='lat' dir='ltr'><strong>passionem</strong></span> <span class='ocrx_word' id='word_1_509' title='bbox 571 1837 606 1864; x_wconf 84' lang='lat' dir='ltr'><strong>ad</strong></span> <span class='ocrx_word' id='word_1_510' title='bbox 629 1845 739 1865; x_wconf 85' lang='lat' dir='ltr'><strong>crucem</strong></span> <span class='ocrx_word' id='word_1_511' title='bbox 757 1839 872 1866; x_wconf 81' lang='lat' dir='ltr'><strong>salutem</strong></span> <span class='ocrx_word' id='word_1_512' title='bbox 891 1839 977 1867; x_wconf 89' lang='lat' dir='ltr'><strong>dona-</strong></span> 
     </span>
    </p>
   </div>
   <div class='ocr_carea' id='block_1_71' title="bbox 187 1883 976 1918">
    <p class='ocr_par' dir='ltr' id='par_1_71' title="bbox 187 1883 976 1918">
     <span class='ocr_line' id='line_1_71' title="bbox 187 1883 976 1918; baseline 0.003 -8"><span class='ocrx_word' id='word_1_513' title='bbox 187 1884 265 1911; x_wconf 85' lang='lat' dir='ltr'><strong>verit.</strong></span> <span class='ocrx_word' id='word_1_514' title='bbox 293 1884 411 1911; x_wconf 80' lang='lat' dir='ltr'><strong>Evidens</strong></span> <span class='ocrx_word' id='word_1_515' title='bbox 433 1887 475 1911; x_wconf 84' lang='lat' dir='ltr'><strong>est</strong></span> <span class='ocrx_word' id='word_1_516' title='bbox 494 1887 587 1910; x_wconf 89' lang='lat' dir='ltr'><strong>autem</strong></span> <span class='ocrx_word' id='word_1_517' title='bbox 611 1883 664 1910; x_wconf 86' lang='lat' dir='ltr'><strong>illis</strong></span> <span class='ocrx_word' id='word_1_518' title='bbox 684 1883 732 1918; x_wconf 92' lang='lat' dir='ltr'><strong>qui</strong></span> <span class='ocrx_word' id='word_1_519' title='bbox 760 1884 789 1910; x_wconf 91' lang='lat' dir='ltr'><strong>in</strong></span> <span class='ocrx_word' id='word_1_520' title='bbox 816 1884 976 1912; x_wconf 82' lang='lat' dir='ltr'><strong>divinorum</strong></span> 
     </span>
    </p>
   </div>
   <div class='ocr_carea' id='block_1_72' title="bbox 185 1930 977 1960">
    <p class='ocr_par' dir='ltr' id='par_1_72' title="bbox 185 1930 977 1960">
     <span class='ocr_line' id='line_1_72' title="bbox 185 1930 977 1960; baseline 0.004 -3"><span class='ocrx_word' id='word_1_521' title='bbox 185 1930 282 1958; x_wconf 87' lang='lat' dir='ltr'><strong>notitia</strong></span> <span class='ocrx_word' id='word_1_522' title='bbox 297 1936 441 1958; x_wconf 83' lang='lat' dir='ltr'><strong>versantur</strong></span> <span class='ocrx_word' id='word_1_523' title='bbox 453 1930 521 1957; x_wconf 91' lang='lat' dir='ltr'><strong>nihil</strong></span> <span class='ocrx_word' id='word_1_524' title='bbox 541 1937 576 1958; x_wconf 83' lang='lat' dir='ltr'><strong>ex</strong></span> <span class='ocrx_word' id='word_1_525' title='bbox 587 1930 671 1957; x_wconf 87' lang='lat' dir='ltr'><strong>animi</strong></span> <span class='ocrx_word' id='word_1_526' title='bbox 687 1931 871 1958; x_wconf 86' lang='lat' dir='ltr'><strong>inconstantia</strong></span> <span class='ocrx_word' id='word_1_527' title='bbox 886 1932 977 1960; x_wconf 87' lang='lat' dir='ltr'><strong>facere</strong></span> 
     </span>
    </p>
   </div>
   <div class='ocr_carea' id='block_1_73' title="bbox 186 1976 974 2012">
    <p class='ocr_par' dir='ltr' id='par_1_73' title="bbox 186 1976 974 2012">
     <span class='ocr_line' id='line_1_73' title="bbox 186 1976 974 2012; baseline 0.004 -9"><span class='ocrx_word' id='word_1_528' title='bbox 186 1976 292 2004; x_wconf 85' lang='lat' dir='ltr'><strong>Deum;</strong></span> <span class='ocrx_word' id='word_1_529' title='bbox 313 1976 370 2004; x_wconf 67' lang='lat' dir='ltr'><strong>haec</strong></span> <span class='ocrx_word' id='word_1_530' title='bbox 386 1981 428 2004; x_wconf 90' lang='lat' dir='ltr'><strong>est</strong></span> <span class='ocrx_word' id='word_1_531' title='bbox 450 1977 523 2004; x_wconf 87' lang='lat' dir='ltr'><strong>enim</strong></span> <span class='ocrx_word' id='word_1_532' title='bbox 542 1977 653 2011; x_wconf 88' lang='lat' dir='ltr'><strong>proprie</strong></span> <span class='ocrx_word' id='word_1_533' title='bbox 674 1977 767 2011; x_wconf 85' lang='lat' dir='ltr'><strong>passio</strong></span> <span class='ocrx_word' id='word_1_534' title='bbox 793 1977 903 2005; x_wconf 88' lang='lat' dir='ltr'><strong>illorum</strong></span> <span class='ocrx_word' id='word_1_535' title='bbox 928 1978 974 2012; x_wconf 90' lang='lat' dir='ltr'><strong>qui</strong></span> 
     </span>
    </p>
   </div>
   <div class='ocr_carea' id='block_1_74' title="bbox 186 2022 976 2059">
    <p class='ocr_par' dir='ltr' id='par_1_74' title="bbox 186 2022 976 2059">
     <span class='ocr_line' id='line_1_74' title="bbox 186 2022 976 2059; baseline 0.003 -10"><span class='ocrx_word' id='word_1_536' title='bbox 186 2027 312 2055; x_wconf 78' lang='lat' dir='ltr'><strong>naturam</strong></span> <span class='ocrx_word' id='word_1_537' title='bbox 337 2023 495 2050; x_wconf 89' lang='lat' dir='ltr'><strong>variabilem</strong></span> <span class='ocrx_word' id='word_1_538' title='bbox 516 2023 629 2056; x_wconf 82' lang='lat' dir='ltr'><strong>habent,</strong></span> <span class='ocrx_word' id='word_1_539' title='bbox 653 2030 704 2049; x_wconf 86' lang='lat' dir='ltr'><strong>nec</strong></span> <span class='ocrx_word' id='word_1_540' title='bbox 726 2022 851 2051; x_wconf 86' lang='lat' dir='ltr'><strong>futurum</strong></span> <span class='ocrx_word' id='word_1_541' title='bbox 872 2031 976 2059; x_wconf 71' lang='lat' dir='ltr'><strong>cogno~</strong></span> 
     </span>
    </p>
   </div>
   <div class='ocr_carea' id='block_1_75' title="bbox 185 2067 976 2104">
    <p class='ocr_par' dir='ltr' id='par_1_75' title="bbox 185 2067 976 2104">
     <span class='ocr_line' id='line_1_75' title="bbox 185 2067 976 2104; baseline 0.004 -10"><span class='ocrx_word' id='word_1_542' title='bbox 185 2073 274 2095; x_wconf 75' lang='lat' dir='ltr'><strong>scunt.</strong></span> <span class='ocrx_word' id='word_1_543' title='bbox 299 2067 369 2095; x_wconf 69' lang='lat' dir='ltr'><strong>Deus</strong></span> <span class='ocrx_word' id='word_1_544' title='bbox 386 2073 477 2095; x_wconf 89' lang='lat' dir='ltr'><strong>autem</strong></span> <span class='ocrx_word' id='word_1_545' title='bbox 496 2073 524 2096; x_wconf 90' lang='lat' dir='ltr'><strong>et</strong></span> <span class='ocrx_word' id='word_1_546' title='bbox 540 2076 601 2104; x_wconf 71' lang='lat' dir='ltr'><strong>qua:</strong></span> <span class='ocrx_word' id='word_1_547' title='bbox 627 2075 682 2096; x_wconf 90' lang='lat' dir='ltr'><strong>non</strong></span> <span class='ocrx_word' id='word_1_548' title='bbox 704 2073 770 2096; x_wconf 89' lang='lat' dir='ltr'><strong>sunt</strong></span> <span class='ocrx_word' id='word_1_549' title='bbox 784 2069 857 2096; x_wconf 85' lang='lat' dir='ltr'><strong>sicut</strong></span> <span class='ocrx_word' id='word_1_550' title='bbox 871 2074 899 2096; x_wconf 88' lang='lat' dir='ltr'><strong>et</strong></span> <span class='ocrx_word' id='word_1_551' title='bbox 914 2077 976 2104; x_wconf 80' lang='lat' dir='ltr'><strong>quae</strong></span> 
     </span>
    </p>
   </div>
   <div class='ocr_carea' id='block_1_76' title="bbox 185 2113 974 2149">
    <p class='ocr_par' dir='ltr' id='par_1_76' title="bbox 185 2113 974 2149">
     <span class='ocr_line' id='line_1_76' title="bbox 185 2113 974 2149; baseline 0.003 -9"><span class='ocrx_word' id='word_1_552' title='bbox 185 2115 256 2140; x_wconf 85' lang='lat' dir='ltr'><strong>facta</strong></span> <span class='ocrx_word' id='word_1_553' title='bbox 271 2119 334 2140; x_wconf 89' lang='lat' dir='ltr'><strong>sunt</strong></span> <span class='ocrx_word' id='word_1_554' title='bbox 347 2113 431 2140; x_wconf 87' lang='lat' dir='ltr'><strong>videt.</strong></span> <span class='ocrx_word' id='word_1_555' title='bbox 445 2113 539 2148; x_wconf 81' lang='lat' dir='ltr'><strong>Itaque</strong></span> <span class='ocrx_word' id='word_1_556' title='bbox 554 2114 706 2149; x_wconf 66' lang='lat' dir='ltr'><strong>praevidens</strong></span> <span class='ocrx_word' id='word_1_557' title='bbox 720 2113 792 2140; x_wconf 86' lang='lat' dir='ltr'><strong>Deus</strong></span> <span class='ocrx_word' id='word_1_558' title='bbox 800 2114 874 2149; x_wconf 89' lang='lat' dir='ltr'><strong>quod</strong></span> <span class='ocrx_word' id='word_1_559' title='bbox 887 2114 974 2142; x_wconf 78' lang='lat' dir='ltr'><strong>Adam</strong></span> 
     </span>
    </p>
   </div>
   <div class='ocr_carea' id='block_1_77' title="bbox 184 2158 973 2195">
    <p class='ocr_par' dir='ltr' id='par_1_77' title="bbox 184 2158 973 2195">
     <span class='ocr_line' id='line_1_77' title="bbox 184 2158 973 2195; baseline 0.004 -10"><span class='ocrx_word' id='word_1_560' title='bbox 184 2159 308 2186; x_wconf 83' lang='lat' dir='ltr'><strong>mortalis</strong></span> <span class='ocrx_word' id='word_1_561' title='bbox 324 2158 401 2186; x_wconf 85' lang='lat' dir='ltr'><strong>lieret</strong></span> <span class='ocrx_word' id='word_1_562' title='bbox 429 2164 539 2194; x_wconf 90' lang='lat' dir='ltr'><strong>propter</strong></span> <span class='ocrx_word' id='word_1_563' title='bbox 562 2159 809 2195; x_wconf 84' lang='lat' dir='ltr'><strong>transgressionem</strong></span> <span class='ocrx_word' id='word_1_564' title='bbox 840 2161 973 2195; x_wconf 82' lang='lat' dir='ltr'><strong>mandati,</strong></span> 
     </span>
    </p>
   </div>
   <div class='ocr_carea' id='block_1_78' title="bbox 185 2205 972 2235">
    <p class='ocr_par' dir='ltr' id='par_1_78' title="bbox 185 2205 972 2235">
     <span class='ocr_line' id='line_1_78' title="bbox 185 2205 972 2235; baseline 0.005 -4"><span class='ocrx_word' id='word_1_565' title='bbox 185 2205 230 2231; x_wconf 89' lang='lat' dir='ltr'><strong>tali</strong></span> <span class='ocrx_word' id='word_1_566' title='bbox 252 2206 334 2232; x_wconf 91' lang='lat' dir='ltr'><strong>modo</strong></span> <span class='ocrx_word' id='word_1_567' title='bbox 353 2205 427 2232; x_wconf 83' lang='lat' dir='ltr'><strong>illius</strong></span> <span class='ocrx_word' id='word_1_568' title='bbox 448 2210 575 2232; x_wconf 83' lang='lat' dir='ltr'><strong>naturam</strong></span> <span class='ocrx_word' id='word_1_569' title='bbox 591 2206 617 2233; x_wconf 92' lang='lat' dir='ltr'><strong>in</strong></span> <span class='ocrx_word' id='word_1_570' title='bbox 629 2205 783 2234; x_wconf 85' lang='lat' dir='ltr'><strong>masculum</strong></span> <span class='ocrx_word' id='word_1_571' title='bbox 799 2210 826 2233; x_wconf 89' lang='lat' dir='ltr'><strong>et</strong></span> <span class='ocrx_word' id='word_1_572' title='bbox 842 2206 972 2235; x_wconf 91' lang='lat' dir='ltr'><strong>feminam</strong></span> 
     </span>
    </p>
   </div>
   <div class='ocr_carea' id='block_1_79' title="bbox 184 2250 972 2287">
    <p class='ocr_par' dir='ltr' id='par_1_79' title="bbox 184 2250 972 2287">
     <span class='ocr_line' id='line_1_79' title="bbox 184 2250 972 2287; baseline 0.005 -10"><span class='ocrx_word' id='word_1_573' title='bbox 184 2250 355 2285; x_wconf 64' lang='lat' dir='ltr'><strong>praeparavit.</strong></span> <span class='ocrx_word' id='word_1_574' title='bbox 394 2250 555 2278; x_wconf 84' lang='lat' dir='ltr'><strong>Mortalibus</strong></span> <span class='ocrx_word' id='word_1_575' title='bbox 582 2251 655 2278; x_wconf 79' lang='lat' dir='ltr'><strong>enim</strong></span> <span class='ocrx_word' id='word_1_576' title='bbox 684 2256 711 2279; x_wconf 88' lang='lat' dir='ltr'><strong>et</strong></span> <span class='ocrx_word' id='word_1_577' title='bbox 741 2252 917 2287; x_wconf 88' lang='lat' dir='ltr'><strong>generatione</strong></span> <span class='ocrx_word' id='word_1_578' title='bbox 938 2254 972 2281; x_wconf 86' lang='lat' dir='ltr'><strong>ad</strong></span> 
     </span>
    </p>
   </div>
   <div class='ocr_carea' id='block_1_80' title="bbox 182 2297 972 2332">
    <p class='ocr_par' dir='ltr' id='par_1_80' title="bbox 182 2297 972 2332">
     <span class='ocr_line' id='line_1_80' title="bbox 182 2297 972 2332; baseline 0.003 -8"><span class='ocrx_word' id='word_1_579' title='bbox 182 2297 291 2332; x_wconf 84' lang='lat' dir='ltr'><strong>generis</strong></span> <span class='ocrx_word' id='word_1_580' title='bbox 303 2297 345 2324; x_wconf 90' lang='lat' dir='ltr'><strong>sui</strong></span> <span class='ocrx_word' id='word_1_581' title='bbox 361 2297 535 2325; x_wconf 65' lang='lat' dir='ltr'><strong>(iurationem</strong></span> <span class='ocrx_word' id='word_1_582' title='bbox 555 2297 753 2332; x_wconf 83' lang='lat' dir='ltr'><strong>indigentibus,</strong></span> <span class='ocrx_word' id='word_1_583' title='bbox 770 2299 834 2328; x_wconf 86' lang='lat' dir='ltr'><strong>talis</strong></span> <span class='ocrx_word' id='word_1_584' title='bbox 851 2303 894 2326; x_wconf 88' lang='lat' dir='ltr'><strong>est</strong></span> <span class='ocrx_word' id='word_1_585' title='bbox 908 2307 972 2327; x_wconf 93' lang='lat' dir='ltr'><strong>cor-</strong></span> 
     </span>
    </p>
   </div>
   <div class='ocr_carea' id='block_1_81' title="bbox 1029 1741 1822 1780">
    <p class='ocr_par' dir='ltr' id='par_1_81' title="bbox 1029 1741 1822 1780">
     <span class='ocr_line' id='line_1_81' title="bbox 1029 1741 1822 1780; baseline 0.011 -13"><span class='ocrx_word' id='word_1_586' title='bbox 1029 1741 1088 1773; x_wconf 86' lang='grc' dir='ltr'><strong>πῶς</strong></span> <span class='ocrx_word' id='word_1_587' title='bbox 1096 1742 1224 1769; x_wconf 84' lang='grc' dir='ltr'>ἁπάντων</span> <span class='ocrx_word' id='word_1_588' title='bbox 1229 1743 1278 1770; x_wconf 76' lang='grc' dir='ltr'><strong>δινο</strong></span> <span class='ocrx_word' id='word_1_589' title='bbox 1283 1743 1381 1779; x_wconf 81' lang='grc' dir='ltr'>ρώπων</span> <span class='ocrx_word' id='word_1_590' title='bbox 1389 1746 1428 1777; x_wconf 85' lang='grc' dir='ltr'>εἰς</span> <span class='ocrx_word' id='word_1_591' title='bbox 1438 1746 1566 1773; x_wconf 78' lang='grc' dir='ltr'>ἀσέϐειαν</span> <span class='ocrx_word' id='word_1_592' title='bbox 1572 1747 1770 1780; x_wconf 79' lang='grc' dir='ltr'>ὲξοκειλάντων</span> <span class='ocrx_word' id='word_1_593' title='bbox 1779 1750 1822 1776; x_wconf 72' lang='grc' dir='ltr'><strong>καὶ</strong></span> 
     </span>
    </p>
   </div>
   <div class='ocr_carea' id='block_1_82' title="bbox 1029 1788 1821 1826">
    <p class='ocr_par' dir='ltr' id='par_1_82' title="bbox 1029 1788 1821 1826">
     <span class='ocr_line' id='line_1_82' title="bbox 1029 1788 1821 1826; baseline 0.013 -14"><span class='ocrx_word' id='word_1_594' title='bbox 1029 1788 1216 1822; x_wconf 79' lang='grc' dir='ltr'>παρανομίαν,</span> <span class='ocrx_word' id='word_1_595' title='bbox 1233 1789 1265 1815; x_wconf 85' lang='grc' dir='ltr'><strong>ού</strong></span> <span class='ocrx_word' id='word_1_596' title='bbox 1291 1790 1480 1826; x_wconf 83' lang='grc' dir='ltr'>πανωλεθρίαν</span> <span class='ocrx_word' id='word_1_597' title='bbox 1495 1791 1667 1826; x_wconf 75' lang='grc' dir='ltr'>ἐπήνεγκενς</span> <span class='ocrx_word' id='word_1_598' title='bbox 1687 1794 1758 1821; x_wconf 81' lang='grc' dir='ltr'>ἀλλὰ</span> <span class='ocrx_word' id='word_1_599' title='bbox 1775 1796 1821 1822; x_wconf 76' lang='grc' dir='ltr'>καὶ</span> 
     </span>
    </p>
   </div>
   <div class='ocr_carea' id='block_1_83' title="bbox 1028 1833 1820 1878">
    <p class='ocr_par' dir='ltr' id='par_1_83' title="bbox 1028 1833 1820 1878">
     <span class='ocr_line' id='line_1_83' title="bbox 1028 1833 1820 1878; baseline 0.013 -19"><span class='ocrx_word' id='word_1_600' title='bbox 1028 1833 1073 1859; x_wconf 79' lang='grc' dir='ltr'>τὸν</span> <span class='ocrx_word' id='word_1_601' title='bbox 1084 1833 1148 1860; x_wconf 83' lang='grc' dir='ltr'>Υίὺν</span> <span class='ocrx_word' id='word_1_602' title='bbox 1164 1834 1249 1861; x_wconf 78' lang='grc' dir='ltr'>ἔδωκε</span> <span class='ocrx_word' id='word_1_603' title='bbox 1265 1835 1313 1862; x_wconf 73' lang='grc' dir='ltr'>καὶ</span> <span class='ocrx_word' id='word_1_604' title='bbox 1328 1836 1378 1872; x_wconf 83' lang='grc' dir='ltr'>τὴν</span> <span class='ocrx_word' id='word_1_605' title='bbox 1395 1837 1440 1864; x_wconf 79' lang='grc' dir='ltr'>διὰ</span> <span class='ocrx_word' id='word_1_606' title='bbox 1454 1838 1501 1865; x_wconf 78' lang='grc' dir='ltr'>τοῦ</span> <span class='ocrx_word' id='word_1_607' title='bbox 1519 1838 1624 1872; x_wconf 80' lang='grc' dir='ltr'>πάῧους</span> <span class='ocrx_word' id='word_1_608' title='bbox 1638 1840 1686 1867; x_wconf 79' lang='grc' dir='ltr'><strong>καὶ</strong></span> <span class='ocrx_word' id='word_1_609' title='bbox 1702 1842 1820 1878; x_wconf 87' lang='grc' dir='ltr'>σταυροῦ</span> 
     </span>
    </p>
   </div>
   <div class='ocr_carea' id='block_1_84' title="bbox 1027 1879 1822 1918">
    <p class='ocr_par' dir='ltr' id='par_1_84' title="bbox 1027 1879 1822 1918">
     <span class='ocr_line' id='line_1_84' title="bbox 1027 1879 1822 1918; baseline 0.013 -14"><span class='ocrx_word' id='word_1_610' title='bbox 1027 1879 1184 1914; x_wconf 76' lang='grc' dir='ltr'>ἐδωρήσατο</span> <span class='ocrx_word' id='word_1_611' title='bbox 1198 1881 1335 1916; x_wconf 85' lang='grc' dir='ltr'>σωτηρίαν</span> <span class='ocrx_word' id='word_1_612' title='bbox 1345 1890 1352 1897; x_wconf 87' lang='grc'><strong>·</strong></span> <span class='ocrx_word' id='word_1_613' title='bbox 1375 1882 1463 1910; x_wconf 85' lang='grc' dir='ltr'>καίτοι</span> <span class='ocrx_word' id='word_1_614' title='bbox 1479 1883 1561 1918; x_wconf 86' lang='grc' dir='ltr'>δῆλον</span> <span class='ocrx_word' id='word_1_615' title='bbox 1576 1886 1632 1917; x_wconf 76' lang='grc' dir='ltr'>τοῖς</span> <span class='ocrx_word' id='word_1_616' title='bbox 1646 1885 1682 1913; x_wconf 84' lang='grc' dir='ltr'><strong>τὰ</strong></span> <span class='ocrx_word' id='word_1_617' title='bbox 1699 1887 1762 1914; x_wconf 85' lang='grc' dir='ltr'>Θεῖα</span> <span class='ocrx_word' id='word_1_618' title='bbox 1776 1896 1822 1913; x_wconf 63' lang='grc' dir='ltr'>πει</span> 
     </span>
    </p>
   </div>
   <div class='ocr_carea' id='block_1_85' title="bbox 1027 1926 1820 1966">
    <p class='ocr_par' dir='ltr' id='par_1_85' title="bbox 1027 1926 1820 1966">
     <span class='ocr_line' id='line_1_85' title="bbox 1027 1926 1820 1966; baseline 0.013 -15"><span class='ocrx_word' id='word_1_619' title='bbox 1027 1926 1220 1960; x_wconf 83' lang='grc' dir='ltr'>παιδευμένοις</span> <span class='ocrx_word' id='word_1_620' title='bbox 1235 1927 1272 1959; x_wconf 83' lang='grc' dir='ltr'><strong>ὡς</strong></span> <span class='ocrx_word' id='word_1_621' title='bbox 1280 1927 1356 1955; x_wconf 79' lang='grc' dir='ltr'>οὐδὲν</span> <span class='ocrx_word' id='word_1_622' title='bbox 1371 1929 1404 1955; x_wconf 78' lang='grc' dir='ltr'>ὲκ</span> <span class='ocrx_word' id='word_1_623' title='bbox 1419 1930 1608 1965; x_wconf 84' lang='grc' dir='ltr'>μεταμελείας</span> <span class='ocrx_word' id='word_1_624' title='bbox 1622 1934 1697 1959; x_wconf 87' lang='grc' dir='ltr'><strong>ποιεί</strong></span> <span class='ocrx_word' id='word_1_625' title='bbox 1707 1934 1722 1960; x_wconf 88' lang='lat'><strong>6</strong></span> <span class='ocrx_word' id='word_1_626' title='bbox 1732 1934 1802 1966; x_wconf 79' lang='grc' dir='ltr'>Θεός</span> <span class='ocrx_word' id='word_1_627' title='bbox 1812 1942 1820 1950; x_wconf 89' lang='grc'><strong>·</strong></span> 
     </span>
    </p>
   </div>
   <div class='ocr_carea' id='block_1_86' title="bbox 1027 1970 1820 2015">
    <p class='ocr_par' dir='ltr' id='par_1_86' title="bbox 1027 1970 1820 2015">
     <span class='ocr_line' id='line_1_86' title="bbox 1027 1970 1820 2015; baseline 0.01 -19"><span class='ocrx_word' id='word_1_628' title='bbox 1027 1970 1106 1997; x_wconf 82' lang='grc' dir='ltr'>τοῦτο</span> <span class='ocrx_word' id='word_1_629' title='bbox 1125 1971 1180 2007; x_wconf 88' lang='grc' dir='ltr'><strong>γὰρ</strong></span> <span class='ocrx_word' id='word_1_630' title='bbox 1196 1972 1262 1998; x_wconf 74' lang='grc' dir='ltr'>ἴδιον</span> <span class='ocrx_word' id='word_1_631' title='bbox 1278 1972 1309 1999; x_wconf 84' lang='grc' dir='ltr'>τὸ</span> <span class='ocrx_word' id='word_1_632' title='bbox 1329 1973 1412 2006; x_wconf 77' lang='grc' dir='ltr'>πάθος</span> <span class='ocrx_word' id='word_1_633' title='bbox 1427 1974 1482 2002; x_wconf 83' lang='grc' dir='ltr'><strong>τῶν</strong></span> <span class='ocrx_word' id='word_1_634' title='bbox 1496 1976 1618 2012; x_wconf 81' lang='grc' dir='ltr'>τρεπτὴν</span> <span class='ocrx_word' id='word_1_635' title='bbox 1638 1977 1759 2012; x_wconf 80' lang='grc' dir='ltr'>ἐχόντων</span> <span class='ocrx_word' id='word_1_636' title='bbox 1772 1980 1820 2015; x_wconf 83' lang='grc' dir='ltr'>τὴν</span> 
     </span>
    </p>
   </div>
   <div class='ocr_carea' id='block_1_87' title="bbox 1027 2016 1822 2056">
    <p class='ocr_par' dir='ltr' id='par_1_87' title="bbox 1027 2016 1822 2056">
     <span class='ocr_line' id='line_1_87' title="bbox 1027 2016 1822 2056; baseline 0.013 -15"><span class='ocrx_word' id='word_1_637' title='bbox 1027 2016 1119 2050; x_wconf 83' lang='grc' dir='ltr'>φύσιν,</span> <span class='ocrx_word' id='word_1_638' title='bbox 1133 2016 1173 2043; x_wconf 71' lang='grc' dir='ltr'>ἔτι</span> <span class='ocrx_word' id='word_1_639' title='bbox 1193 2017 1221 2044; x_wconf 82' lang='grc' dir='ltr'>δὲ</span> <span class='ocrx_word' id='word_1_640' title='bbox 1237 2018 1283 2044; x_wconf 79' lang='grc' dir='ltr'>καὶ</span> <span class='ocrx_word' id='word_1_641' title='bbox 1296 2018 1324 2044; x_wconf 79' lang='grc' dir='ltr'>τὸ</span> <span class='ocrx_word' id='word_1_642' title='bbox 1354 2019 1452 2054; x_wconf 80' lang='grc' dir='ltr'>μέλλον</span> <span class='ocrx_word' id='word_1_643' title='bbox 1467 2021 1638 2055; x_wconf 75' lang='grc' dir='ltr'>ἀγνοούντων</span> <span class='ocrx_word' id='word_1_644' title='bbox 1653 2024 1684 2050; x_wconf 76' lang='lat'><em>&#39;6</em></span> <span class='ocrx_word' id='word_1_645' title='bbox 1700 2023 1731 2050; x_wconf 82' lang='grc' dir='ltr'>δὲ</span> <span class='ocrx_word' id='word_1_646' title='bbox 1756 2025 1822 2056; x_wconf 77' lang='grc' dir='ltr'>Θεὸς</span> 
     </span>
    </p>
   </div>
   <div class='ocr_carea' id='block_1_88' title="bbox 1026 2062 1820 2106">
    <p class='ocr_par' dir='ltr' id='par_1_88' title="bbox 1026 2062 1820 2106">
     <span class='ocr_line' id='line_1_88' title="bbox 1026 2062 1820 2106; baseline 0.011 -18"><span class='ocrx_word' id='word_1_647' title='bbox 1026 2062 1073 2088; x_wconf 77' lang='grc' dir='ltr'>καὶ</span> <span class='ocrx_word' id='word_1_648' title='bbox 1088 2063 1122 2090; x_wconf 77' lang='grc' dir='ltr'>τὰ</span> <span class='ocrx_word' id='word_1_649' title='bbox 1137 2064 1220 2098; x_wconf 87' lang='grc' dir='ltr'>μήπω</span> <span class='ocrx_word' id='word_1_650' title='bbox 1241 2065 1412 2100; x_wconf 78' lang='grc' dir='ltr'>γεγενημένα</span> <span class='ocrx_word' id='word_1_651' title='bbox 1430 2066 1467 2098; x_wconf 82' lang='grc' dir='ltr'><strong>ὡς</strong></span> <span class='ocrx_word' id='word_1_652' title='bbox 1486 2067 1536 2103; x_wconf 74' lang='grc' dir='ltr'>ήδη</span> <span class='ocrx_word' id='word_1_653' title='bbox 1553 2069 1727 2104; x_wconf 80' lang='grc' dir='ltr'>γεγενημένα</span> <span class='ocrx_word' id='word_1_654' title='bbox 1747 2071 1800 2106; x_wconf 78' lang='grc' dir='ltr'><strong>όρᾷ</strong></span> <span class='ocrx_word' id='word_1_655' title='bbox 1814 2080 1820 2086; x_wconf 92' lang='grc'><strong>·</strong></span> 
     </span>
    </p>
   </div>
   <div class='ocr_carea' id='block_1_89' title="bbox 1026 2109 1821 2152">
    <p class='ocr_par' dir='ltr' id='par_1_89' title="bbox 1026 2109 1821 2152">
     <span class='ocr_line' id='line_1_89' title="bbox 1026 2109 1821 2152; baseline 0.01 -16"><span class='ocrx_word' id='word_1_656' title='bbox 1026 2109 1066 2137; x_wconf 79' lang='grc' dir='ltr'><strong>διὸ</strong></span> <span class='ocrx_word' id='word_1_657' title='bbox 1080 2109 1186 2137; x_wconf 78' lang='grc' dir='ltr'>καὶτὸν</span> <span class='ocrx_word' id='word_1_658' title='bbox 1216 2111 1302 2146; x_wconf 79' lang='grc' dir='ltr'>’Δδὰμ</span> <span class='ocrx_word' id='word_1_659' title='bbox 1330 2112 1463 2147; x_wconf 86' lang='grc' dir='ltr'>προειδὼς</span> <span class='ocrx_word' id='word_1_660' title='bbox 1485 2114 1526 2140; x_wconf 80' lang='grc' dir='ltr'>ὅτι</span> <span class='ocrx_word' id='word_1_661' title='bbox 1551 2114 1648 2150; x_wconf 77' lang='grc' dir='ltr'>θνητὸς</span> <span class='ocrx_word' id='word_1_662' title='bbox 1672 2117 1821 2152; x_wconf 82' lang='grc' dir='ltr'>γενήσεται</span> 
     </span>
    </p>
   </div>
   <div class='ocr_carea' id='block_1_90' title="bbox 1025 2155 1819 2198">
    <p class='ocr_par' dir='ltr' id='par_1_90' title="bbox 1025 2155 1819 2198">
     <span class='ocr_line' id='line_1_90' title="bbox 1025 2155 1819 2198; baseline 0.011 -17"><span class='ocrx_word' id='word_1_663' title='bbox 1025 2155 1074 2191; x_wconf 81' lang='grc' dir='ltr'>τὴν</span> <span class='ocrx_word' id='word_1_664' title='bbox 1083 2156 1194 2192; x_wconf 73' lang='grc' dir='ltr'>ἐντολὴν</span> <span class='ocrx_word' id='word_1_665' title='bbox 1205 2157 1343 2192; x_wconf 76' lang='grc' dir='ltr'>παραϐὰς,</span> <span class='ocrx_word' id='word_1_666' title='bbox 1357 2161 1486 2194; x_wconf 83' lang='grc' dir='ltr'>τοιαύτην</span> <span class='ocrx_word' id='word_1_667' title='bbox 1508 2160 1593 2187; x_wconf 81' lang='grc' dir='ltr'>αὐτοῦ</span> <span class='ocrx_word' id='word_1_668' title='bbox 1606 2161 1655 2188; x_wconf 69' lang='grc' dir='ltr'>καὶ.</span> <span class='ocrx_word' id='word_1_669' title='bbox 1667 2162 1720 2198; x_wconf 81' lang='grc' dir='ltr'>τὴν</span> <span class='ocrx_word' id='word_1_670' title='bbox 1736 2164 1819 2198; x_wconf 80' lang='grc' dir='ltr'>φύσιν</span> 
     </span>
    </p>
   </div>
   <div class='ocr_carea' id='block_1_91' title="bbox 1025 2203 1818 2244">
    <p class='ocr_par' dir='ltr' id='par_1_91' title="bbox 1025 2203 1818 2244">
     <span class='ocr_line' id='line_1_91' title="bbox 1025 2203 1818 2244; baseline 0.01 -16"><span class='ocrx_word' id='word_1_671' title='bbox 1025 2203 1065 2234; x_wconf 85' lang='grc' dir='ltr'><strong>είς</strong></span> <span class='ocrx_word' id='word_1_672' title='bbox 1079 2203 1164 2238; x_wconf 81' lang='grc' dir='ltr'>ἄρῤεν</span> <span class='ocrx_word' id='word_1_673' title='bbox 1176 2203 1224 2230; x_wconf 80' lang='grc' dir='ltr'>καὶ</span> <span class='ocrx_word' id='word_1_674' title='bbox 1239 2203 1305 2239; x_wconf 85' lang='grc' dir='ltr'>θῆλυ</span> <span class='ocrx_word' id='word_1_675' title='bbox 1319 2205 1560 2240; x_wconf 78' lang='grc' dir='ltr'>προκατεσκεύασε</span> <span class='ocrx_word' id='word_1_676' title='bbox 1578 2215 1583 2222; x_wconf 90' lang='grc'><strong>·</strong></span> <span class='ocrx_word' id='word_1_677' title='bbox 1597 2207 1652 2234; x_wconf 87' lang='grc' dir='ltr'><strong>τῶν</strong></span> <span class='ocrx_word' id='word_1_678' title='bbox 1668 2208 1725 2244; x_wconf 78' lang='grc' dir='ltr'><strong>γὰρ</strong></span> <span class='ocrx_word' id='word_1_679' title='bbox 1753 2210 1818 2244; x_wconf 81' lang='grc' dir='ltr'>θνη-</span> 
     </span>
    </p>
   </div>
   <div class='ocr_carea' id='block_1_92' title="bbox 1024 2247 1816 2288">
    <p class='ocr_par' dir='ltr' id='par_1_92' title="bbox 1024 2247 1816 2288">
     <span class='ocr_line' id='line_1_92' title="bbox 1024 2247 1816 2288; baseline 0.01 -14"><span class='ocrx_word' id='word_1_680' title='bbox 1024 2247 1079 2275; x_wconf 87' lang='grc' dir='ltr'><strong>τῶν</strong></span> <span class='ocrx_word' id='word_1_681' title='bbox 1096 2248 1144 2275; x_wconf 79' lang='grc' dir='ltr'>καὶ</span> <span class='ocrx_word' id='word_1_682' title='bbox 1156 2248 1327 2281; x_wconf 84' lang='grc' dir='ltr'>παιδοποιίας</span> <span class='ocrx_word' id='word_1_683' title='bbox 1339 2250 1474 2285; x_wconf 82' lang='grc' dir='ltr'>δεομένων</span> <span class='ocrx_word' id='word_1_684' title='bbox 1487 2252 1527 2284; x_wconf 82' lang='grc' dir='ltr'><strong>είς</strong></span> <span class='ocrx_word' id='word_1_685' title='bbox 1537 2252 1585 2288; x_wconf 86' lang='grc' dir='ltr'>τὴν</span> <span class='ocrx_word' id='word_1_686' title='bbox 1591 2252 1638 2280; x_wconf 83' lang='grc' dir='ltr'>τοῦ</span> <span class='ocrx_word' id='word_1_687' title='bbox 1648 2254 1749 2288; x_wconf 80' lang='grc' dir='ltr'>γένους</span> <span class='ocrx_word' id='word_1_688' title='bbox 1761 2256 1816 2282; x_wconf 83' lang='grc' dir='ltr'>δια-</span> 
     </span>
    </p>
   </div>
   <div class='ocr_carea' id='block_1_93' title="bbox 1026 2294 1816 2335">
    <p class='ocr_par' dir='ltr' id='par_1_93' title="bbox 1026 2294 1816 2335">
     <span class='ocr_line' id='line_1_93' title="bbox 1026 2294 1816 2335; baseline 0.011 -15"><span class='ocrx_word' id='word_1_689' title='bbox 1026 2294 1111 2330; x_wconf 83' lang='grc' dir='ltr'>μονὴν</span> <span class='ocrx_word' id='word_1_690' title='bbox 1138 2295 1155 2329; x_wconf 88' lang='grc' dir='ltr'><strong>ή</strong></span> <span class='ocrx_word' id='word_1_691' title='bbox 1184 2297 1295 2332; x_wconf 80' lang='grc' dir='ltr'>τοιαύτη</span> <span class='ocrx_word' id='word_1_692' title='bbox 1325 2296 1380 2323; x_wconf 82' lang='grc' dir='ltr'><strong>τῶν</strong></span> <span class='ocrx_word' id='word_1_693' title='bbox 1419 2297 1553 2332; x_wconf 85' lang='grc' dir='ltr'>σωμάτων</span> <span class='ocrx_word' id='word_1_694' title='bbox 1594 2299 1742 2333; x_wconf 81' lang='grc' dir='ltr'>διάπλασις</span> <span class='ocrx_word' id='word_1_695' title='bbox 1765 2310 1772 2316; x_wconf 93' lang='grc'><strong>·</strong></span> <span class='ocrx_word' id='word_1_696' title='bbox 1801 2304 1816 2335; x_wconf 84' lang='grc' dir='ltr'>ἡ</span> 
     </span>
    </p>
   </div>
   <div class='ocr_carea' id='block_1_94' title="bbox 183 2340 967 2383">
    <p class='ocr_par' dir='ltr' id='par_1_94' title="bbox 183 2341 967 2376">
     <span class='ocr_line' id='line_1_94' title="bbox 183 2341 967 2376; baseline 0.005 -9"><span class='ocrx_word' id='word_1_697' title='bbox 183 2349 278 2375; x_wconf 78' lang='grc' dir='ltr'>μοιιιιη</span> <span class='ocrx_word' id='word_1_698' title='bbox 292 2341 446 2376; x_wconf 87' lang='lat' dir='ltr'><strong>dispositio.</strong></span> <span class='ocrx_word' id='word_1_699' title='bbox 464 2341 630 2370; x_wconf 86' lang='lat' dir='ltr'><strong>Immortalis</strong></span> <span class='ocrx_word' id='word_1_700' title='bbox 644 2342 716 2370; x_wconf 91' lang='lat' dir='ltr'><strong>enim</strong></span> <span class='ocrx_word' id='word_1_701' title='bbox 735 2349 831 2371; x_wconf 87' lang='lat' dir='ltr'><strong>natura</strong></span> <span class='ocrx_word' id='word_1_702' title='bbox 854 2351 910 2371; x_wconf 85' lang='lat' dir='ltr'><strong>non</strong></span> <span class='ocrx_word' id='word_1_703' title='bbox 931 2344 967 2371; x_wconf 92' lang='lat' dir='ltr'><strong>in-</strong></span> 
     </span>
    </p>
   </div>
   <div class='ocr_carea' id='block_1_95' title="bbox 1059 2340 1817 2383">
    <p class='ocr_par' dir='ltr' id='par_1_95' title="bbox 1059 2340 1817 2380">
     <span class='ocr_line' id='line_1_95' title="bbox 1059 2340 1817 2380; baseline 0.009 -13"><span class='ocrx_word' id='word_1_704' title='bbox 1059 2349 1080 2375; x_wconf 78' lang='lat' dir='ltr'><strong>:p</strong></span> <span class='ocrx_word' id='word_1_705' title='bbox 1091 2340 1224 2373; x_wconf 79' lang='grc' dir='ltr'>ἀθάνατος</span> <span class='ocrx_word' id='word_1_706' title='bbox 1245 2341 1327 2375; x_wconf 81' lang='grc' dir='ltr'>φύσις</span> <span class='ocrx_word' id='word_1_707' title='bbox 1348 2341 1379 2369; x_wconf 89' lang='grc' dir='ltr'>οὺ</span> <span class='ocrx_word' id='word_1_708' title='bbox 1401 2343 1487 2370; x_wconf 85' lang='grc' dir='ltr'>δεῖται</span> <span class='ocrx_word' id='word_1_709' title='bbox 1509 2343 1555 2371; x_wconf 86' lang='grc' dir='ltr'>τοῦ</span> <span class='ocrx_word' id='word_1_710' title='bbox 1578 2345 1692 2380; x_wconf 87' lang='grc' dir='ltr'>θήλεος·</span> <span class='ocrx_word' id='word_1_711' title='bbox 1720 2347 1817 2374; x_wconf 71' lang='grc' dir='ltr'>τούτου</span> 
     </span>
    </p>
   </div>
   <div class='ocr_carea' id='block_1_96' title="bbox 181 2387 974 2426">
    <p class='ocr_par' dir='ltr' id='par_1_96' title="bbox 181 2387 974 2426">
     <span class='ocr_line' id='line_1_96' title="bbox 181 2387 974 2426; baseline 0.006 -13"><span class='ocrx_word' id='word_1_712' title='bbox 181 2387 254 2422; x_wconf 81' lang='lat' dir='ltr'><strong>digot</strong></span> <span class='ocrx_word' id='word_1_713' title='bbox 278 2387 397 2414; x_wconf 84' lang='lat' dir='ltr'><strong>femina:</strong></span> <span class='ocrx_word' id='word_1_714' title='bbox 420 2387 503 2422; x_wconf 84' lang='lat' dir='ltr'><strong>huius</strong></span> <span class='ocrx_word' id='word_1_715' title='bbox 522 2395 606 2415; x_wconf 87' lang='lat' dir='ltr'><strong>causa</strong></span> <span class='ocrx_word' id='word_1_716' title='bbox 619 2388 732 2417; x_wconf 89' lang='lat' dir='ltr'><strong>Creator</strong></span> <span class='ocrx_word' id='word_1_717' title='bbox 745 2397 893 2426; x_wconf 84' lang='lat' dir='ltr'><strong>corporum</strong></span> <span class='ocrx_word' id='word_1_718' title='bbox 912 2391 974 2425; x_wconf 85' lang='lat' dir='ltr'><strong>qui—</strong></span> 
     </span>
    </p>
   </div>
   <div class='ocr_carea' id='block_1_97' title="bbox 181 2433 972 2468">
    <p class='ocr_par' dir='ltr' id='par_1_97' title="bbox 181 2433 972 2468">
     <span class='ocr_line' id='line_1_97' title="bbox 181 2433 972 2468; baseline 0.005 -9"><span class='ocrx_word' id='word_1_719' title='bbox 181 2433 241 2460; x_wconf 87' lang='lat' dir='ltr'><strong>dem</strong></span> <span class='ocrx_word' id='word_1_720' title='bbox 261 2441 406 2460; x_wconf 88' lang='lat' dir='ltr'><strong>numerum</strong></span> <span class='ocrx_word' id='word_1_721' title='bbox 427 2433 510 2460; x_wconf 81' lang='lat' dir='ltr'><strong>simul</strong></span> <span class='ocrx_word' id='word_1_722' title='bbox 540 2433 685 2468; x_wconf 79' lang='lat' dir='ltr'><strong>produxit,</strong></span> <span class='ocrx_word' id='word_1_723' title='bbox 718 2437 845 2465; x_wconf 87' lang='lat' dir='ltr'><strong>mortalia</strong></span> <span class='ocrx_word' id='word_1_724' title='bbox 878 2442 972 2465; x_wconf 86' lang='lat' dir='ltr'><strong>autem</strong></span> 
     </span>
    </p>
   </div>
   <div class='ocr_carea' id='block_1_98' title="bbox 182 2479 972 2517">
    <p class='ocr_par' dir='ltr' id='par_1_98' title="bbox 182 2479 972 2517">
     <span class='ocr_line' id='line_1_98' title="bbox 182 2479 972 2517; baseline 0.013 -12"><span class='ocrx_word' id='word_1_725' title='bbox 182 2479 308 2506; x_wconf 80' lang='lat' dir='ltr'><strong>animalia</strong></span> <span class='ocrx_word' id='word_1_726' title='bbox 328 2480 412 2511; x_wconf 87' lang='lat' dir='ltr'><strong>bina;</strong></span> <span class='ocrx_word' id='word_1_727' title='bbox 431 2483 458 2507; x_wconf 88' lang='lat' dir='ltr'><strong>et</strong></span> <span class='ocrx_word' id='word_1_728' title='bbox 483 2485 627 2514; x_wconf 77' lang='lat' dir='ltr'><strong>postquam</strong></span> <span class='ocrx_word' id='word_1_729' title='bbox 640 2481 749 2517; x_wconf 76' lang='lat' dir='ltr'><strong>singula</strong></span> <span class='ocrx_word' id='word_1_730' title='bbox 763 2482 881 2510; x_wconf 84' lang='lat' dir='ltr'><strong>formata</strong></span> <span class='ocrx_word' id='word_1_731' title='bbox 901 2484 972 2514; x_wconf 72' lang='lat' dir='ltr'><strong>sint.</strong></span> 
     </span>
    </p>
   </div>
   <div class='ocr_carea' id='block_1_99' title="bbox 181 2524 880 2561">
    <p class='ocr_par' dir='ltr' id='par_1_99' title="bbox 181 2524 880 2561">
     <span class='ocr_line' id='line_1_99' title="bbox 181 2524 880 2561; baseline 0.009 -11"><span class='ocrx_word' id='word_1_732' title='bbox 181 2524 235 2552; x_wconf 85' lang='lat' dir='ltr'><strong>illis</strong></span> <span class='ocrx_word' id='word_1_733' title='bbox 248 2525 465 2552; x_wconf 80' lang='lat' dir='ltr'><strong>benedictionem</strong></span> <span class='ocrx_word' id='word_1_734' title='bbox 476 2526 508 2553; x_wconf 86' lang='lat' dir='ltr'><strong>ad</strong></span> <span class='ocrx_word' id='word_1_735' title='bbox 527 2527 760 2561; x_wconf 86' lang='lat' dir='ltr'><strong>multiplicandunt</strong></span> <span class='ocrx_word' id='word_1_736' title='bbox 778 2529 880 2557; x_wconf 89' lang='lat' dir='ltr'><strong>intulit.</strong></span> 
     </span>
    </p>
   </div>
   <div class='ocr_carea' id='block_1_100' title="bbox 219 2570 967 2606">
    <p class='ocr_par' dir='ltr' id='par_1_100' title="bbox 219 2570 967 2606">
     <span class='ocr_line' id='line_1_100' title="bbox 219 2570 967 2606; baseline 0.007 -9"><span class='ocrx_word' id='word_1_737' title='bbox 219 2570 281 2598; x_wconf 63' lang='lat' dir='ltr'><strong>llaac</strong></span> <span class='ocrx_word' id='word_1_738' title='bbox 295 2579 361 2606; x_wconf 87' lang='lat' dir='ltr'><strong>ergo</strong></span> <span class='ocrx_word' id='word_1_739' title='bbox 374 2572 525 2606; x_wconf 82' lang='lat' dir='ltr'><strong>pra-videns</strong></span> <span class='ocrx_word' id='word_1_740' title='bbox 538 2572 620 2605; x_wconf 84' lang='lat' dir='ltr'><strong>Deus,</strong></span> <span class='ocrx_word' id='word_1_741' title='bbox 638 2581 691 2601; x_wconf 91' lang='lat' dir='ltr'><strong>non</strong></span> <span class='ocrx_word' id='word_1_742' title='bbox 711 2575 793 2602; x_wconf 89' lang='lat' dir='ltr'><strong>modo</strong></span> <span class='ocrx_word' id='word_1_743' title='bbox 810 2575 839 2602; x_wconf 91' lang='lat' dir='ltr'><strong>in</strong></span> <span class='ocrx_word' id='word_1_744' title='bbox 858 2583 967 2604; x_wconf 85' lang='lat' dir='ltr'><strong>mascu-</strong></span> 
     </span>
    </p>
   </div>
   <div class='ocr_carea' id='block_1_101' title="bbox 182 2616 967 2652">
    <p class='ocr_par' dir='ltr' id='par_1_101' title="bbox 182 2616 967 2652">
     <span class='ocr_line' id='line_1_101' title="bbox 182 2616 967 2652; baseline 0.006 -9"><span class='ocrx_word' id='word_1_745' title='bbox 182 2617 237 2644; x_wconf 91' lang='lat' dir='ltr'><strong>lum</strong></span> <span class='ocrx_word' id='word_1_746' title='bbox 254 2621 281 2644; x_wconf 89' lang='lat' dir='ltr'><strong>ct</strong></span> <span class='ocrx_word' id='word_1_747' title='bbox 298 2616 428 2644; x_wconf 84' lang='lat' dir='ltr'><strong>feminam</strong></span> <span class='ocrx_word' id='word_1_748' title='bbox 452 2619 591 2646; x_wconf 88' lang='lat' dir='ltr'><strong>hominem</strong></span> <span class='ocrx_word' id='word_1_749' title='bbox 604 2619 679 2652; x_wconf 85' lang='lat' dir='ltr'><strong>fecit,</strong></span> <span class='ocrx_word' id='word_1_750' title='bbox 693 2619 741 2647; x_wconf 83' lang='lat' dir='ltr'><strong>sed</strong></span> <span class='ocrx_word' id='word_1_751' title='bbox 753 2625 780 2647; x_wconf 89' lang='lat' dir='ltr'><strong>et</strong></span> <span class='ocrx_word' id='word_1_752' title='bbox 800 2620 834 2648; x_wconf 89' lang='lat' dir='ltr'><strong>de</strong></span> <span class='ocrx_word' id='word_1_753' title='bbox 849 2622 967 2648; x_wconf 90' lang='lat' dir='ltr'><strong>mandu-</strong></span> 
     </span>
    </p>
   </div>
   <div class='ocr_carea' id='block_1_102' title="bbox 181 2663 967 2701">
    <p class='ocr_par' dir='ltr' id='par_1_102' title="bbox 181 2663 967 2701">
     <span class='ocr_line' id='line_1_102' title="bbox 181 2663 967 2701; baseline 0.005 -11"><span class='ocrx_word' id='word_1_754' title='bbox 181 2663 288 2690; x_wconf 82' lang='lat' dir='ltr'><strong>calione</strong></span> <span class='ocrx_word' id='word_1_755' title='bbox 301 2663 385 2698; x_wconf 73' lang='lat' dir='ltr'><strong>legem</strong></span> <span class='ocrx_word' id='word_1_756' title='bbox 403 2664 456 2692; x_wconf 90' lang='lat' dir='ltr'><strong>illis</strong></span> <span class='ocrx_word' id='word_1_757' title='bbox 470 2665 553 2692; x_wconf 82' lang='lat' dir='ltr'><strong>dedit.</strong></span> <span class='ocrx_word' id='word_1_758' title='bbox 573 2675 582 2691; x_wconf 78' lang='grc' dir='ltr'><strong>ι</strong></span> <span class='ocrx_word' id='word_1_759' title='bbox 599 2665 669 2693; x_wconf 83' lang='lat' dir='ltr'><strong>Ecce</strong></span> <span class='ocrx_word' id='word_1_760' title='bbox 679 2666 765 2698; x_wconf 86' lang='lat' dir='ltr'><strong>enim,</strong></span> <span class='ocrx_word' id='word_1_761' title='bbox 786 2667 884 2701; x_wconf 87' lang='lat' dir='ltr'><strong>inquit,</strong></span> <span class='ocrx_word' id='word_1_762' title='bbox 906 2667 967 2694; x_wconf 89' lang='lat' dir='ltr'><strong>dedi</strong></span> 
     </span>
    </p>
   </div>
   <div class='ocr_carea' id='block_1_103' title="bbox 181 2709 967 2744">
    <p class='ocr_par' dir='ltr' id='par_1_103' title="bbox 181 2709 967 2744">
     <span class='ocr_line' id='line_1_103' title="bbox 181 2709 967 2744; baseline 0.008 -10"><span class='ocrx_word' id='word_1_763' title='bbox 181 2709 258 2736; x_wconf 83' lang='lat' dir='ltr'><strong>vobis</strong></span> <span class='ocrx_word' id='word_1_764' title='bbox 275 2718 384 2737; x_wconf 80' lang='lat' dir='ltr'><strong>omnem</strong></span> <span class='ocrx_word' id='word_1_765' title='bbox 402 2710 514 2738; x_wconf 86' lang='lat' dir='ltr'><strong>herbam</strong></span> <span class='ocrx_word' id='word_1_766' title='bbox 533 2711 690 2739; x_wconf 86' lang='lat' dir='ltr'><strong>all‘erentcm</strong></span> <span class='ocrx_word' id='word_1_767' title='bbox 706 2720 810 2744; x_wconf 86' lang='lat' dir='ltr'><strong>semen,</strong></span> <span class='ocrx_word' id='word_1_768' title='bbox 821 2717 967 2744; x_wconf 56' lang='lat' dir='ltr'><strong>eteaetera.</strong></span> 
     </span>
    </p>
   </div>
   <div class='ocr_carea' id='block_1_104' title="bbox 182 2755 965 2785">
    <p class='ocr_par' dir='ltr' id='par_1_104' title="bbox 182 2755 965 2785">
     <span class='ocr_line' id='line_1_104' title="bbox 182 2755 965 2785; baseline 0.008 -6"><span class='ocrx_word' id='word_1_769' title='bbox 182 2760 210 2780; x_wconf 89' lang='lat' dir='ltr'><strong>nt</strong></span> <span class='ocrx_word' id='word_1_770' title='bbox 224 2755 278 2782; x_wconf 80' lang='lat' dir='ltr'><strong>sint</strong></span> <span class='ocrx_word' id='word_1_771' title='bbox 294 2756 368 2782; x_wconf 84' lang='lat' dir='ltr'><strong>vobis</strong></span> <span class='ocrx_word' id='word_1_772' title='bbox 378 2756 405 2782; x_wconf 88' lang='lat' dir='ltr'><strong>in</strong></span> <span class='ocrx_word' id='word_1_773' title='bbox 418 2764 508 2783; x_wconf 81' lang='lat' dir='ltr'><strong>escam</strong></span> <span class='ocrx_word' id='word_1_774' title='bbox 526 2757 547 2772; x_wconf 89' lang='lat'>”</span> <span class='ocrx_word' id='word_1_775' title='bbox 559 2776 566 2783; x_wconf 95' lang='lat'><strong>.</strong></span> <span class='ocrx_word' id='word_1_776' title='bbox 582 2766 591 2782; x_wconf 77' lang='grc' dir='ltr'><strong>ι</strong></span> <span class='ocrx_word' id='word_1_777' title='bbox 607 2757 639 2784; x_wconf 80' lang='lat' dir='ltr'><strong>Et</strong></span> <span class='ocrx_word' id='word_1_778' title='bbox 650 2758 706 2784; x_wconf 70' lang='lat' dir='ltr'><strong>haec</strong></span> <span class='ocrx_word' id='word_1_779' title='bbox 717 2762 780 2784; x_wconf 83' lang='lat' dir='ltr'><strong>ante</strong></span> <span class='ocrx_word' id='word_1_780' title='bbox 794 2758 965 2785; x_wconf 84' lang='lat' dir='ltr'><strong>mandatum.</strong></span> 
     </span>
    </p>
   </div>
   <div class='ocr_carea' id='block_1_105' title="bbox 181 2799 970 2836">
    <p class='ocr_par' dir='ltr' id='par_1_105' title="bbox 181 2799 970 2836">
     <span class='ocr_line' id='line_1_105' title="bbox 181 2799 970 2836; baseline 0.008 -11"><span class='ocrx_word' id='word_1_781' title='bbox 181 2799 238 2825; x_wconf 63' lang='lat' dir='ltr'><strong>Non</strong></span> <span class='ocrx_word' id='word_1_782' title='bbox 255 2808 319 2835; x_wconf 70' lang='lat' dir='ltr'><strong>ergo</strong></span> <span class='ocrx_word' id='word_1_783' title='bbox 330 2801 366 2826; x_wconf 84' lang='lat' dir='ltr'><strong>ita</strong></span> <span class='ocrx_word' id='word_1_784' title='bbox 384 2801 462 2835; x_wconf 83' lang='lat' dir='ltr'><strong>plena</strong></span> <span class='ocrx_word' id='word_1_785' title='bbox 479 2806 521 2828; x_wconf 87' lang='lat' dir='ltr'><strong>est</strong></span> <span class='ocrx_word' id='word_1_786' title='bbox 536 2802 582 2828; x_wconf 71' lang='lat' dir='ltr'><strong>ira:</strong></span> <span class='ocrx_word' id='word_1_787' title='bbox 595 2802 704 2836; x_wconf 88' lang='lat' dir='ltr'><strong>punitio</strong></span> <span class='ocrx_word' id='word_1_788' title='bbox 715 2822 722 2834; x_wconf 90' lang='lat'><strong>,</strong></span> <span class='ocrx_word' id='word_1_789' title='bbox 748 2804 794 2829; x_wconf 73' lang='lat' dir='ltr'><strong>sed</strong></span> <span class='ocrx_word' id='word_1_790' title='bbox 807 2809 848 2830; x_wconf 86' lang='lat' dir='ltr'><strong>est</strong></span> <span class='ocrx_word' id='word_1_791' title='bbox 872 2806 970 2831; x_wconf 88' lang='lat' dir='ltr'><strong>modus</strong></span> 
     </span>
    </p>
   </div>
   <div class='ocr_carea' id='block_1_106' title="bbox 218 2888 905 2921">
    <p class='ocr_par' dir='ltr' id='par_1_106' title="bbox 218 2888 905 2921">
     <span class='ocr_line' id='line_1_106' title="bbox 218 2888 905 2921; baseline 0.006 -8"><span class='ocrx_word' id='word_1_792' title='bbox 218 2890 234 2901; x_wconf 71' lang='lat'><strong>&quot;&quot;</strong></span> <span class='ocrx_word' id='word_1_793' title='bbox 254 2888 343 2914; x_wconf 67' lang='lat' dir='ltr'><strong>Le\‘it..</strong></span> <span class='ocrx_word' id='word_1_794' title='bbox 359 2895 405 2920; x_wconf 82' lang='lat' dir='ltr'><strong>xu,</strong></span> <span class='ocrx_word' id='word_1_795' title='bbox 426 2889 450 2915; x_wconf 72' lang='grc' dir='ltr'><strong>ὅ.</strong></span> <span class='ocrx_word' id='word_1_796' title='bbox 493 2890 512 2903; x_wconf 80' lang='grc'><strong><em>³⁵</em></strong></span> <span class='ocrx_word' id='word_1_797' title='bbox 535 2889 627 2915; x_wconf 76' lang='lat' dir='ltr'><strong>Matth.</strong></span> <span class='ocrx_word' id='word_1_798' title='bbox 644 2898 667 2921; x_wconf 65' lang='grc' dir='ltr'><strong>τ,</strong></span> <span class='ocrx_word' id='word_1_799' title='bbox 681 2891 723 2916; x_wconf 63' lang='grc'><strong>23.</strong></span> <span class='ocrx_word' id='word_1_800' title='bbox 748 2891 768 2905; x_wconf 67' lang='grc'><strong>¹⁶</strong></span> <span class='ocrx_word' id='word_1_801' title='bbox 785 2891 849 2918; x_wconf 84' lang='lat' dir='ltr'><strong>ibid.</strong></span> <span class='ocrx_word' id='word_1_802' title='bbox 862 2891 905 2917; x_wconf 58' lang='grc' dir='ltr'><strong>Ἦ.</strong></span> 
     </span>
    </p>
   </div>
   <div class='ocr_carea' id='block_1_107' title="bbox 1026 2386 1817 2428">
    <p class='ocr_par' dir='ltr' id='par_1_107' title="bbox 1026 2386 1817 2428">
     <span class='ocr_line' id='line_1_107' title="bbox 1026 2386 1817 2428; baseline 0.01 -17"><span class='ocrx_word' id='word_1_803' title='bbox 1026 2386 1106 2420; x_wconf 79' lang='grc' dir='ltr'>χάριν</span> <span class='ocrx_word' id='word_1_804' title='bbox 1126 2387 1140 2412; x_wconf 92' lang='lat'><strong>6</strong></span> <span class='ocrx_word' id='word_1_805' title='bbox 1163 2386 1291 2422; x_wconf 85' lang='grc' dir='ltr'>Ποιητὴς,</span> <span class='ocrx_word' id='word_1_806' title='bbox 1316 2387 1362 2413; x_wconf 80' lang='grc' dir='ltr'>τὸν</span> <span class='ocrx_word' id='word_1_807' title='bbox 1384 2387 1435 2422; x_wconf 73' lang='grc' dir='ltr'>μὲν</span> <span class='ocrx_word' id='word_1_808' title='bbox 1459 2389 1515 2415; x_wconf 79' lang='grc' dir='ltr'><strong>τῶν</strong></span> <span class='ocrx_word' id='word_1_809' title='bbox 1537 2390 1673 2424; x_wconf 84' lang='grc' dir='ltr'>σωμάτων</span> <span class='ocrx_word' id='word_1_810' title='bbox 1697 2392 1817 2428; x_wconf 78' lang='grc' dir='ltr'>ἀριθμὸν</span> 
     </span>
    </p>
   </div>
   <div class='ocr_carea' id='block_1_108' title="bbox 1023 2432 1815 2469">
    <p class='ocr_par' dir='ltr' id='par_1_108' title="bbox 1023 2432 1815 2469">
     <span class='ocr_line' id='line_1_108' title="bbox 1023 2432 1815 2469; baseline 0.01 -11"><span class='ocrx_word' id='word_1_811' title='bbox 1023 2432 1090 2468; x_wconf 72' lang='grc' dir='ltr'>ὁμοῦ</span> <span class='ocrx_word' id='word_1_812' title='bbox 1102 2433 1258 2468; x_wconf 83' lang='grc' dir='ltr'>παρήγαγε,</span> <span class='ocrx_word' id='word_1_813' title='bbox 1273 2433 1328 2460; x_wconf 86' lang='grc' dir='ltr'><strong>τῶν</strong></span> <span class='ocrx_word' id='word_1_814' title='bbox 1340 2433 1369 2460; x_wconf 82' lang='grc' dir='ltr'>δὲ</span> <span class='ocrx_word' id='word_1_815' title='bbox 1392 2434 1497 2469; x_wconf 83' lang='grc' dir='ltr'>ονητῶν</span> <span class='ocrx_word' id='word_1_816' title='bbox 1511 2435 1588 2467; x_wconf 84' lang='grc' dir='ltr'>ζώων</span> <span class='ocrx_word' id='word_1_817' title='bbox 1599 2437 1652 2463; x_wconf 68' lang='grc' dir='ltr'>ἀνὰ</span> <span class='ocrx_word' id='word_1_818' title='bbox 1662 2437 1710 2464; x_wconf 83' lang='grc' dir='ltr'><strong>δύο</strong></span> <span class='ocrx_word' id='word_1_819' title='bbox 1727 2447 1735 2453; x_wconf 89' lang='grc'><strong>·</strong></span> <span class='ocrx_word' id='word_1_820' title='bbox 1756 2440 1815 2466; x_wconf 80' lang='grc' dir='ltr'>καθ’</span> 
     </span>
    </p>
   </div>
   <div class='ocr_carea' id='block_1_109' title="bbox 1023 2478 1816 2521">
    <p class='ocr_par' dir='ltr' id='par_1_109' title="bbox 1023 2478 1816 2521">
     <span class='ocr_line' id='line_1_109' title="bbox 1023 2478 1816 2521; baseline 0.01 -17"><span class='ocrx_word' id='word_1_821' title='bbox 1023 2478 1140 2505; x_wconf 73' lang='grc' dir='ltr'>ἕκαστον</span> <span class='ocrx_word' id='word_1_822' title='bbox 1168 2479 1455 2515; x_wconf 81' lang='grc' dir='ltr'>δημιουργησάμενος,</span> <span class='ocrx_word' id='word_1_823' title='bbox 1467 2481 1516 2517; x_wconf 81' lang='grc' dir='ltr'>τῆς</span> <span class='ocrx_word' id='word_1_824' title='bbox 1536 2482 1622 2518; x_wconf 79' lang='grc' dir='ltr'>αῠξης</span> <span class='ocrx_word' id='word_1_825' title='bbox 1649 2484 1745 2517; x_wconf 83' lang='grc' dir='ltr'>αὐτοῖς</span> <span class='ocrx_word' id='word_1_826' title='bbox 1767 2486 1816 2521; x_wconf 78' lang='grc' dir='ltr'>τὴν</span> 
     </span>
    </p>
   </div>
   <div class='ocr_carea' id='block_1_110' title="bbox 1024 2523 1367 2559">
    <p class='ocr_par' dir='ltr' id='par_1_110' title="bbox 1024 2523 1367 2559">
     <span class='ocr_line' id='line_1_110' title="bbox 1024 2523 1367 2559; baseline 0.009 -11"><span class='ocrx_word' id='word_1_827' title='bbox 1024 2523 1150 2557; x_wconf 79' lang='grc' dir='ltr'>εὐλογίαν</span> <span class='ocrx_word' id='word_1_828' title='bbox 1167 2524 1367 2559; x_wconf 78' lang='grc' dir='ltr'>προσήνεγκεν.</span> 
     </span>
    </p>
   </div>
   <div class='ocr_carea' id='block_1_111' title="bbox 1059 2570 1817 2613">
    <p class='ocr_par' dir='ltr' id='par_1_111' title="bbox 1059 2570 1817 2613">
     <span class='ocr_line' id='line_1_111' title="bbox 1059 2570 1817 2613; baseline 0.011 -17"><span class='ocrx_word' id='word_1_829' title='bbox 1059 2570 1248 2598; x_wconf 81' lang='grc' dir='ltr'>Ταῦτατοίνυν</span> <span class='ocrx_word' id='word_1_830' title='bbox 1263 2572 1388 2608; x_wconf 84' lang='grc' dir='ltr'>προορῶν</span> <span class='ocrx_word' id='word_1_831' title='bbox 1409 2574 1424 2600; x_wconf 90' lang='lat'><strong>6</strong></span> <span class='ocrx_word' id='word_1_832' title='bbox 1438 2574 1504 2606; x_wconf 76' lang='grc' dir='ltr'>Θεὸς</span> <span class='ocrx_word' id='word_1_833' title='bbox 1516 2575 1546 2602; x_wconf 86' lang='grc' dir='ltr'>οὺ</span> <span class='ocrx_word' id='word_1_834' title='bbox 1565 2575 1646 2610; x_wconf 88' lang='grc' dir='ltr'>μόνον</span> <span class='ocrx_word' id='word_1_835' title='bbox 1665 2576 1706 2608; x_wconf 87' lang='grc' dir='ltr'><strong>είς</strong></span> <span class='ocrx_word' id='word_1_836' title='bbox 1733 2578 1817 2613; x_wconf 78' lang='grc' dir='ltr'>ᾶρσεν</span> 
     </span>
    </p>
   </div>
   <div class='ocr_carea' id='block_1_112' title="bbox 1023 2616 1817 2659">
    <p class='ocr_par' dir='ltr' id='par_1_112' title="bbox 1023 2616 1817 2659">
     <span class='ocr_line' id='line_1_112' title="bbox 1023 2616 1817 2659; baseline 0.01 -17"><span class='ocrx_word' id='word_1_837' title='bbox 1023 2617 1069 2643; x_wconf 80' lang='grc' dir='ltr'><strong>καὶ</strong></span> <span class='ocrx_word' id='word_1_838' title='bbox 1083 2616 1150 2652; x_wconf 83' lang='grc' dir='ltr'>θῆλυ</span> <span class='ocrx_word' id='word_1_839' title='bbox 1162 2618 1208 2644; x_wconf 77' lang='grc' dir='ltr'>τὸν</span> <span class='ocrx_word' id='word_1_840' title='bbox 1222 2618 1367 2654; x_wconf 77' lang='grc' dir='ltr'>ἄνθρωπον</span> <span class='ocrx_word' id='word_1_841' title='bbox 1378 2620 1533 2654; x_wconf 80' lang='grc' dir='ltr'>διέπλασεν,</span> <span class='ocrx_word' id='word_1_842' title='bbox 1549 2621 1619 2648; x_wconf 78' lang='grc' dir='ltr'><strong>ἀλλὰ</strong></span> <span class='ocrx_word' id='word_1_843' title='bbox 1629 2622 1678 2649; x_wconf 78' lang='grc' dir='ltr'>καὶ</span> <span class='ocrx_word' id='word_1_844' title='bbox 1690 2623 1739 2650; x_wconf 70' lang='grc' dir='ltr'><strong>τὸν</strong></span> <span class='ocrx_word' id='word_1_845' title='bbox 1753 2625 1817 2659; x_wconf 75' lang='grc' dir='ltr'>περὶ</span> 
     </span>
    </p>
   </div>
   <div class='ocr_carea' id='block_1_113' title="bbox 1018 2662 1815 2705">
    <p class='ocr_par' dir='ltr' id='par_1_113' title="bbox 1018 2662 1815 2705">
     <span class='ocr_line' id='line_1_113' title="bbox 1018 2662 1815 2705; baseline 0.011 -18"><span class='ocrx_word' id='word_1_846' title='bbox 1018 2662 1070 2697; x_wconf 79' lang='grc' dir='ltr'>τῆς</span> <span class='ocrx_word' id='word_1_847' title='bbox 1077 2662 1205 2698; x_wconf 85' lang='grc' dir='ltr'>βρώσεως</span> <span class='ocrx_word' id='word_1_848' title='bbox 1214 2664 1306 2694; x_wconf 74' lang='grc' dir='ltr'>αὐτοῖς</span> <span class='ocrx_word' id='word_1_849' title='bbox 1314 2665 1396 2700; x_wconf 85' lang='grc' dir='ltr'>νόμον</span> <span class='ocrx_word' id='word_1_850' title='bbox 1405 2666 1516 2695; x_wconf 70' lang='grc' dir='ltr'>ἔδωκεν.</span> <span class='ocrx_word' id='word_1_851' title='bbox 1542 2677 1552 2693; x_wconf 86' lang='grc' dir='ltr'><strong>ι</strong></span> <span class='ocrx_word' id='word_1_852' title='bbox 1569 2667 1635 2695; x_wconf 76' lang='grc' dir='ltr'>Ἰδοὺ</span> <span class='ocrx_word' id='word_1_853' title='bbox 1643 2670 1710 2704; x_wconf 78' lang='grc' dir='ltr'>γὰρ,</span> <span class='ocrx_word' id='word_1_854' title='bbox 1721 2671 1815 2705; x_wconf 78' lang='grc' dir='ltr'>φησὶν.</span> 
     </span>
    </p>
   </div>
   <div class='ocr_carea' id='block_1_114' title="bbox 1018 2709 1817 2752">
    <p class='ocr_par' dir='ltr' id='par_1_114' title="bbox 1018 2709 1817 2752">
     <span class='ocr_line' id='line_1_114' title="bbox 1018 2709 1817 2752; baseline 0.01 -17"><span class='ocrx_word' id='word_1_855' title='bbox 1018 2709 1111 2736; x_wconf 67' lang='grc' dir='ltr'>ἔδωκα</span> <span class='ocrx_word' id='word_1_856' title='bbox 1126 2710 1191 2745; x_wconf 85' lang='grc' dir='ltr'>ύμῖν</span> <span class='ocrx_word' id='word_1_857' title='bbox 1207 2711 1297 2738; x_wconf 80' lang='grc' dir='ltr'>πάντα</span> <span class='ocrx_word' id='word_1_858' title='bbox 1325 2713 1423 2747; x_wconf 82' lang='grc' dir='ltr'>χόρτον</span> <span class='ocrx_word' id='word_1_859' title='bbox 1438 2714 1574 2749; x_wconf 79' lang='grc' dir='ltr'>σπόριμον</span> <span class='ocrx_word' id='word_1_860' title='bbox 1598 2716 1645 2741; x_wconf 80' lang='grc' dir='ltr'>καὶ</span> <span class='ocrx_word' id='word_1_861' title='bbox 1659 2715 1724 2750; x_wconf 73' lang='grc' dir='ltr'><strong>ἑξῆς</strong></span> <span class='ocrx_word' id='word_1_862' title='bbox 1751 2717 1817 2752; x_wconf 74' lang='grc' dir='ltr'>ὑμῖν</span> 
     </span>
    </p>
   </div>
   <div class='ocr_carea' id='block_1_115' title="bbox 1016 2755 1813 2796">
    <p class='ocr_par' dir='ltr' id='par_1_115' title="bbox 1016 2755 1813 2796">
     <span class='ocr_line' id='line_1_115' title="bbox 1016 2755 1813 2796; baseline 0.009 -14"><span class='ocrx_word' id='word_1_863' title='bbox 1016 2755 1123 2783; x_wconf 80' lang='grc' dir='ltr'>δέδωκα</span> <span class='ocrx_word' id='word_1_864' title='bbox 1138 2756 1177 2787; x_wconf 85' lang='grc' dir='ltr'><strong>εἰς</strong></span> <span class='ocrx_word' id='word_1_865' title='bbox 1190 2755 1308 2792; x_wconf 85' lang='grc' dir='ltr'>βρῶσιν·</span> <span class='ocrx_word' id='word_1_866' title='bbox 1328 2767 1338 2783; x_wconf 81' lang='grc'><strong>›</strong></span> <span class='ocrx_word' id='word_1_867' title='bbox 1355 2759 1402 2784; x_wconf 77' lang='grc' dir='ltr'>καὶ</span> <span class='ocrx_word' id='word_1_868' title='bbox 1425 2759 1513 2785; x_wconf 84' lang='grc' dir='ltr'>ταῦτα</span> <span class='ocrx_word' id='word_1_869' title='bbox 1528 2760 1582 2794; x_wconf 80' lang='grc' dir='ltr'><strong>πρὸ</strong></span> <span class='ocrx_word' id='word_1_870' title='bbox 1606 2761 1656 2796; x_wconf 82' lang='grc' dir='ltr'>τῆς</span> <span class='ocrx_word' id='word_1_871' title='bbox 1677 2763 1790 2796; x_wconf 74' lang='grc' dir='ltr'>ἐντολῆς</span> <span class='ocrx_word' id='word_1_872' title='bbox 1807 2770 1813 2776; x_wconf 94' lang='grc'><strong>·</strong></span> 
     </span>
    </p>
   </div>
   <div class='ocr_carea' id='block_1_116' title="bbox 1017 2802 1815 2844">
    <p class='ocr_par' dir='ltr' id='par_1_116' title="bbox 1017 2802 1815 2844">
     <span class='ocr_line' id='line_1_116' title="bbox 1017 2802 1815 2844; baseline 0.01 -17"><span class='ocrx_word' id='word_1_873' title='bbox 1017 2803 1046 2828; x_wconf 83' lang='grc' dir='ltr'>οὐ</span> <span class='ocrx_word' id='word_1_874' title='bbox 1058 2802 1151 2828; x_wconf 71' lang='grc' dir='ltr'>τοίνυν</span> <span class='ocrx_word' id='word_1_875' title='bbox 1173 2803 1257 2839; x_wconf 80' lang='grc' dir='ltr'>ὀργῆς</span> <span class='ocrx_word' id='word_1_876' title='bbox 1282 2805 1299 2839; x_wconf 85' lang='grc' dir='ltr'>ἡ</span> <span class='ocrx_word' id='word_1_877' title='bbox 1325 2805 1445 2840; x_wconf 85' lang='grc' dir='ltr'>τιμωρία</span> <span class='ocrx_word' id='word_1_878' title='bbox 1466 2805 1523 2832; x_wconf 80' lang='grc' dir='ltr'>ἀλλ’</span> <span class='ocrx_word' id='word_1_879' title='bbox 1545 2807 1689 2842; x_wconf 81' lang='grc' dir='ltr'>οἰκονομία</span> <span class='ocrx_word' id='word_1_880' title='bbox 1719 2811 1815 2844; x_wconf 72' lang='grc' dir='ltr'>σοφίας</span> 
     </span>
    </p>
   </div>
   <div class='ocr_carea' id='block_1_117' title="bbox 949 2892 1187 2923">
    <p class='ocr_par' dir='ltr' id='par_1_117' title="bbox 949 2892 1187 2923">
     <span class='ocr_line' id='line_1_117' title="bbox 949 2892 1187 2923; baseline 0 -5"><span class='ocrx_word' id='word_1_881' title='bbox 949 2892 968 2905; x_wconf 67' lang='grc'>⁸⁷</span> <span class='ocrx_word' id='word_1_882' title='bbox 985 2892 1083 2919; x_wconf 72' lang='lat' dir='ltr'><strong>Cenes.</strong></span> <span class='ocrx_word' id='word_1_883' title='bbox 1105 2901 1125 2923; x_wconf 71' lang='grc' dir='ltr'><strong>ι,</strong></span> <span class='ocrx_word' id='word_1_884' title='bbox 1144 2894 1187 2919; x_wconf 64' lang='grc'><strong>29.</strong></span> 
     </span>
    </p>
   </div>
  </div>
