1874 3070
72 152 140 184 1065

546 154 594 183 ΑΙ)
615 153 907 183 AMPIIILOCIIIUM
921 153 1092 187 QU.ESTIO
1111 153 1211 183 CCLV.

1636 148 1702 182 1066

70 211 157 246 μεστὴ
196 211 240 238 ινα
255 211 309 246 γὰρ
320 213 423 248 μισήσῃ
437 211 485 246 τὴν
497 211 635 247 ἁμαρτίαν
650 212 680 238 τὸ
692 211 748 238 τῶν
759 211 808 238 ἀνί)

962 212 1013 238 mdi
1043 211 1176 246 sapientia
1200 210 1308 246 plenus.
1345 209 1379 237 Ut
1401 210 1474 237 enim
1499 214 1640 244 peccatum
1656 216 1702 236 cx-

69 265 129 284 πων
153 263 231 290 γένος
249 257 287 288 ὡς
311 258 401 284 αἰτίαν
429 257 543 284 Θανάτου
566 257 763 292 γεγενημένην,
791 257 861 292 μετὰ

69 302 121 336 τὴν
144 301 302 336 παράϐασιν
321 302 371 337 τῆς
391 303 502 338 ὲντολῆς
523 303 648 338 ἐπιφέρει
673 302 720 329 τοῦ
746 303 860 330 θανάτου

68 347 120 381 τὴν
133 347 224 382 ψῆφον
238 347 252 373 ό
268 347 417 382 πάνσοφος,
434 348 513 375 τοῦτο
524 349 574 383 μὲν
587 349 617 375 τὸ
633 349 697 384 περὶ
709 349 759 384 τὴν
769 350 860 384 ἁμαρ-

69 393 133 418 τίαν
145 392 341 427 μηχανώμενος
355 395 444 429 μῖσος,
461 393 685 430 προευτρεπίζων
694 395 723 422 δὲ
737 395 776 430 τῷ
789 396 861 429 γένει

70 438 122 473 τῆς
153 439 291 474 σωτηρίας
313 439 343 466 τὸ
367 440 523 475 φάρμακον,
545 440 596 477 τὴν
624 441 672 468 τοῦ
693 441 862 475 Μονογενοῦς

71 483 280 519 ὲνανθρήπησιν
293 492 301 499 ·
317 485 350 512 δι’
362 483 396 521 ἧς
407 486 473 521 ἡμῖν
489 487 506 521 ἡ
529 487 562 513 ὲκ
581 487 687 522 νεκρῶν
713 487 862 518 ἀνάστασις

71 531 122 557 καὶ
132 531 293 565 ἡὰθανασία
306 532 598 568 διαπεπραγμάτευται
611 542 620 549 η
639 533 667 560 τί
689 533 718 560 δὲ
736 533 783 559 καὶ
802 533 859 560 ἀπο

70 577 136 612 ηνὲς
150 579 167 612 ὴ
181 578 317 611 ἀπόφασις
325 578 398 613 ἔχεις
413 578 467 613 «Γῆ
479 577 514 612 εἴ,
523 579 570 605 καὶ
579 579 620 610 εἰς
631 579 684 614 γῆν
692 579 858 616 ἀπελεύσῃ.ι

77 623 147 648 Ἀπὸ
164 623 217 657 γῆς
246 632 286 655 σε,
303 625 396 657 φησὶν,
415 625 454 655 εἰς
480 624 584 658 ἀμείνω
597 623 687 660 πολλῷ
701 623 781 658 φύσιν
795 632 861 659 μετ-

71 669 210 695 εσκεύασα
226 678 233 684 ·
261 670 323 696 ἐπεὶ
341 669 370 696 δὲ
397 669 512 704 φυλαξαι
537 679 588 705 μου
617 669 668 705 τὴν
687 670 796 705 ἐντολὴν
811 670 861 697 οὐκ

69 715 217 750 ἠθέλησας,
245 715 314 751 πρὸς
332 714 382 751 τὴν
409 715 547 751 προτέραν
564 708 734 750 ὲπακῗελιύσῃ
755 715 837 749 φύσιν
851 723 859 730 ·

69 762 182 788 ἁνθότου
194 761 223 787 δὲ
240 761 287 788 καὶ
301 761 416 796 σμικρὸν
424 759 495 788 εἶναι
507 761 582 788 δοκεί
597 761 628 787 τδ
640 760 810 796 ἁμάρτημα;
831 759 861 787 '0

71 807 124 842 μὲν
153 807 261 834 πάντων
296 807 381 834 ἔδωκε
407 807 457 843 τὴν
480 807 618 839 ἐξουσίαν,
639 807 698 838 ὲνὺς
724 807 752 833 δὲ
778 807 860 842 μόνου

68 852 203 889 ἁπεῖρξεν
221 860 228 867 ·
239 853 254 879 ό
266 852 295 879 δὲ
309 852 469 880 καταλιπὼν
479 852 598 884 ἅπαντα,
609 852 704 879 τοῦτον
716 851 764 878 καὶ
779 851 860 886 μόνον

916 257 1086 285 horresceret
1116 257 1257 284 hominum
1294 263 1380 291 genus
1407 261 1437 283 ut
1466 263 1578 283 causam
1607 255 1704 282 mortis

915 304 1028 337 factum,
1044 308 1105 339 post
1121 303 1368 339 transgressionem
1392 302 1514 329 mandati
1537 301 1634 329 tnortis
1657 302 1704 329 dc-

915 355 1020 377 cretum
1038 350 1085 385 qui
1101 354 1143 377 est
1156 350 1271 377 omnino
1284 349 1405 384 sapiens,
1419 349 1519 381 intulit,
1540 352 1568 375 et
1582 347 1634 374 hoc
1644 348 1704 382 qui-

915 395 978 423 dem
1001 396 1094 423 odium
1111 396 1217 430 peccati
1237 395 1365 427 moliens,
1384 394 1541 421 hominibus
1552 397 1643 420 autem
1657 401 1702 421 sa-

915 442 1030 469 lutarem
1053 441 1218 469 medicinam
1242 449 1410 476 praeparans,
1434 441 1548 474 scilicet,
1564 439 1701 475 Unigenili

916 488 958 516 sui
987 488 1213 520 incarnationem,
1245 495 1293 522 per
1309 495 1390 522 quam
1423 486 1502 514 nobis
1533 493 1567 513 ex
1587 487 1703 513 mortuis

915 534 1081 562 resurrectio
1104 539 1131 562 et
1145 534 1338 561 immortalitas
1367 537 1506 568 operatur.
1524 532 1595 566 Quid
1611 538 1702 560 autem

914 581 1024 609 crudele
1036 580 1117 607 habet
1130 580 1182 607 hoc
1189 579 1363 607 decretum'h
1377 578 1461 606 Terra
1475 586 1514 611 cs,
1528 582 1555 605 et
1564 579 1591 604 in
1604 583 1702 604 terram

915 626 1060 654 reverteris
1075 626 1097 642 ¹⁸
1113 635 1123 652 ι
1141 633 1156 653 e
1167 629 1240 652 terra
1253 629 1289 655 te.
1299 625 1400 659 inquit,
1415 625 1448 652 ad
1463 624 1550 651 multo
1562 624 1702 650 meliorem

914 676 1041 699 naturam
1055 670 1218 706 pmparavi,
1235 670 1299 706 quia
1319 674 1410 698 autem
1424 677 1480 697 non
1502 669 1613 697 voluisti
1625 677 1704 697 man—

914 719 1006 745 datum
1020 725 1110 744 meum
1129 724 1249 749 servare,
1278 717 1312 743 ad
1327 716 1443 751 primam
1464 721 1591 742 naturam
1611 723 1704 743 rever-

915 763 991 795 teris,
1007 769 1093 796 quare
1105 766 1195 789 autem
1217 768 1332 796 parvum
1357 767 1418 787 esse
1445 759 1573 786 videatur
1602 766 1700 794 pecca-

915 809 992 837 tum?
1012 809 1059 836 Ille
1085 808 1195 843 quidem
1218 807 1342 834 omnium
1356 806 1432 834 dedit
1454 806 1622 841 potentiam,
1647 812 1703 832 uno

915 855 1088 882 solummodo
1106 853 1268 886 interdixit;
1284 853 1330 880 hic
1346 857 1436 879 autem
1447 852 1577 879 omnibus
1588 851 1703 884 relictis,

70 897 118 923 καὶ
129 897 240 932 πρῶτον
256 898 391 933 ἐτρύγησε
407 898 452 925 τὸν
469 898 574 933 καρπόν
589 906 597 913 ο
613 897 692 925 τοῦτο
706 898 760 933 γὰρ
790 905 807 923 α

967 909 992 928 m
1011 906 1039 928 et
1055 901 1143 928 solum
1163 905 1191 927 et
1204 900 1328 934 primum
1341 898 1444 934 carpsit
1471 897 1601 925 fructum.
1622 907 1632 923 ι
1647 896 1703 924 Iloc

71 943 119 969 καὶ
133 944 147 970 δ
160 944 300 979 Δεσπότης
313 944 468 980 ἐμέμψατο.
477 945 524 976 Τίς
534 945 599 980 γὰρ,
613 944 705 979 φησὶν,
717 943 863 978 ἀνήγγειλε

72 997 115 1015 σοι
123 989 165 1015 ὅτι
176 989 278 1024 γυμνὸς
290 987 324 1021 εἶ,
340 991 365 1016 εἰ
377 989 414 1025 μὴ
426 990 480 1016 ἀπὸ
492 990 539 1016 τοῦ
556 990 634 1022 ξύλου
643 985 673 1016 οὗ
683 989 862 1024 ἐνετειλάμην

69 1043 112 1062 σοι
124 1035 220 1062 τούτου
233 1035 313 1070 μόνον
331 1035 368 1071 μὴ
385 1037 497 1070 φαγεῖν,
512 1037 559 1064 ἀπ’
570 1035 654 1062 αὑτοῦ
672 1035 793 1070 ἔφαγες
810 1035 855 1062 δε-

69 1081 178 1116 δήλωκε
191 1081 220 1107 δὲ
236 1081 283 1107 κα).
307 1082 323 1108 ὁ
338 1082 463 1114 διάϐολος
494 1083 532 1118 μὴ
561 1083 658 1116 φαγεῖν
683 1081 784 1112 αὐτοὺς
808 1081 862 1108 ἀτιό

66 1135 141 1158 τινος
154 1126 236 1153 ἄλλου
249 1126 339 1159 ξύλου.
354 1127 394 1153 Δι’
412 1124 449 1155 ὦν
463 1127 516 1163 ἔφη
535 1128 568 1162 τῇ
586 1127 643 1163 Εῦᾳ
655 1135 661 1141 ·
677 1127 710 1154 Τί
728 1127 769 1154 ὅτι
784 1123 861 1154 εἶπεν

67 1174 82 1200 ὁ
97 1172 177 1205 Θεὸς,
189 1173 226 1199 Οὐ
245 1172 282 1208 μὴ
301 1173 408 1208 φάγητε
423 1173 476 1200 ἀπὸ
491 1174 594 1205 παντὸς
608 1173 688 1206 ξύλου
702 1174 750 1200 τοῦ
768 1174 797 1200 ὲν
807 1181 861 1200 πα-

69 1217 204 1253 ραδιίσῳ;
221 1219 246 1244 εἰ
259 1219 313 1252 γὰρ
325 1216 397 1245 οἶδεν
410 1218 581 1254 ἐδηδοκότας,
592 1219 642 1245 οὐκ
656 1219 689 1246 ἂν
702 1218 780 1254 ᾠήθη
793 1218 859 1254 περὶ

67 1263 178 1290 πάντων
192 1265 290 1296 αὐτοὺς
302 1263 355 1291 τῶν
366 1264 482 1299 δένδρων
499 1264 640 1299 εἰληφέναι
654 1264 703 1299 τὴν
717 1264 829 1299 ἐντολήν
851 1272 858 1280 '

66 1310 98 1336 οὖ
115 1311 202 1346 μικρὰ
217 1311 306 1337 τοίνυν
330 1311 347 1346 ὴ
365 1311 521 1346 παράδασις
538 1317 546 1326 ο
570 1310 680 1346 πρώτου
711 1310 765 1345 γὰρ
794 1319 860 1345 μετ-

68 1355 177 1388 έλαϐον,
192 1352 223 1383 οὗ
239 1356 320 1391 μόνου
340 1356 377 1392 μὴ
389 1358 535 1391 μετασχεῖν
551 1356 762 1392 ἐκελεύσθησαν.

332 1464 499 1492 ΕΡΩἸῊΣΙΣ
515 1465 598 1492 ΣΝΕ’.

168 1511 253 1544 Τίνας
275 1511 360 1544 υιοὺς
383 1511 457 1539 Θεοῦ
473 1512 604 1546 κέκληκε
617 1512 769 1547 Μωϋσῆς;

915 947 987 974 enim
1004 946 1040 974 illi
1065 945 1195 973 Dominus
1208 945 1393 979 exprobravit.
1421 943 1489 977 Quis
1501 943 1586 975 enim,
1603 943 1703 977 inquit,

914 991 1045 1020 indicavit
1057 991 1106 1018 tibi
1125 991 1198 1025 quod
1214 990 1302 1018 nudus
1315 997 1402 1022 esses.
1427 989 1480 1016 nisi
1496 988 1611 1024 quodex
1630 988 1704 1023 ligno

913 1038 947 1066 de
957 1045 1012 1072 quo
1021 1043 1202 1072 przeceperam
1217 1035 1264 1063 tibi
1275 1043 1308 1062 ne
1318 1035 1476 1063 comederes
1488 1033 1633 1062 comedisti
1647 1033 1701 1060 "1‘:

912 1084 1111 1112 demonstravit
1138 1086 1230 1109 autem
1249 1086 1277 1109 et
1302 1081 1430 1108 diabolus
1450 1081 1511 1107 illos
1535 1088 1588 1107 non
1613 1086 1704 1106 come-

912 1131 986 1158 disse
998 1131 1033 1157 ah
1047 1130 1100 1156 alio
1118 1124 1238 1164 quodam
1253 1128 1337 1163 ligno.
1365 1127 1460 1162 Itaque
1473 1127 1539 1153 dicit
1556 1126 1618 1153 Eva:
1629 1125 1704 1157 :-Cur

911 1177 1038 1213 praecepit
1049 1175 1128 1203 vobis
1152 1174 1224 1202 Deus
1250 1179 1346 1202 utnon
1371 1172 1554 1202 comederetis
1579 1172 1614 1200 de
1629 1172 1704 1199 omni

911 1224 985 1258 ligno
1012 1221 1153 1258 paradisi?
1171 1220 1200 1248 Si
1219 1221 1296 1248 enim
1313 1220 1374 1248 illos
1387 1219 1545 1247 comedisse
1567 1219 1703 1251 scivisset,

911 1278 966 1297 non
980 1273 1102 1304 putasset
1114 1268 1148 1296 de
1164 1268 1294 1296 omnibus
1304 1266 1451 1294 arboribus
1465 1266 1528 1293 illos
1544 1265 1703 1292 mandatum

911 1316 1060 1350 accepisse.
1073 1314 1133 1342 Non
1146 1319 1280 1349 estparva
1289 1320 1353 1348 ergo
1365 1312 1567 1346 transgressio:
1584 1312 1704 1346 primum

910 1363 983 1390 enim
1001 1361 1185 1397 apprehendit
1197 1368 1280 1395 quem
1295 1359 1383 1387 solum
1399 1366 1453 1386 non
1466 1359 1600 1394 attingere
1610 1358 1706 1392 jussus

911 1408 1010 1435 fuerat.

909 1465 1073 1500 QUAESTIO
1100 1463 1189 1492 CCLV
1214 1463 1306 1499 [CoisL
1330 1461 1429 1494 CCCV,
1450 1462 1531 1489 Tnur.
1555 1460 1704 1498 CCXCIV].

979 1511 1116 1545 Quasnam
1141 1510 1211 1546 ﬁlios
1234 1509 1281 1537 Dei
1301 1509 1432 1536 vocaverit
1447 1508 1550 1543 Moyses
1566 1507 1634 1543 (52).

389 1579 461 1604 Edita
475 1586 489 1603 a
503 1579 565 1604 Maio
579 1579 606 1612 (ι.
620 1586 641 1604 c.
655 1587 678 1611 p.
697 1580 752 1611 125,
762 1588 787 1612 q.
805 1581 870 1613 εει).
882 1581 961 1606 —De
973 1580 1031 1605 tiliis
1047 1581 1094 1605 Del
1108 1581 1135 1604 in
1150 1581 1221 1604 textu
1235 1578 1298 1603 Gen.
1311 1584 1342 1607 γι,
1356 1576 1379 1600 3.

103 1620 135 1648 Οί
153 1620 204 1655 μὲν
230 1621 292 1652 τοὺς
314 1621 446 1656 ἀγγέλους
463 1622 672 1657 ὑπονοήσαντες,
703 1625 843 1660 μαίνονται

964 1625 995 1656 ;ui
1007 1624 1117 1659 quidem
1132 1623 1243 1657 angelos
1256 1629 1318 1649 esse
1340 1619 1461 1647 sentiunt
1473 1618 1589 1653 turpiter
1600 1623 1704 1650 errant.

68 1667 142 1698 υἱοὺς
152 1666 181 1692 δὲ
196 1667 313 1703 κέκληκε
328 1667 371 1694 μῦν
383 1667 430 1694 τοῦ
445 1668 512 1694 Θεοῦ
523 1669 587 1701 τοὺς
599 1670 631 1696 ἐκ
643 1669 689 1697 τοῦ
712 1671 765 1706 Σὴθ
792 1680 863 1698 κατ-

67 1713 235 1747 αγομένους·
249 1713 364 1740 εἰποῦσα
381 1714 435 1749 γὰρ
452 1715 469 1750 ἡ
482 1715 578 1751 Γραφὴ
589 1716 662 1749 ὅπως
676 1718 708 1743 ὲκ
719 1717 765 1744 τοῦ
778 1717 832 1752 Σὴο
848 1719 862 1744 ὁ

73 1759 159 1791 Ἐνὼς
172 1760 314 1795 ἐγεννήθη.
329 1761 509 1796 προσέθηκεν
525 1759 623 1793 (Οὗτος
637 1763 751 1797 ἧλπισεν
764 1764 862 1790 ἐπικα-

68 1805 176 1832 λεῖσθαι
184 1805 214 1832 τδ
225 1806 310 1840 ὄνομα
322 1807 424 1841 Κυρίου
434 1806 480 1834 τοῦ
493 1807 571 1834 Θεοῦ·
579 1817 588 1833 ι
602 1808 651 1834 ὁδὲ
660 1808 774 1840 Ἀκύλας
783 1809 860 1844 φησί·

71 1849 143 1877 Τότε
165 1850 279 1884 ἤρξατο
306 1851 413 1878 καλεῖν
436 1851 471 1878 ἐν
489 1851 613 1886 ὀνόματι
626 1853 762 1886 Κυρίουί
777 1853 862 1880 αἰνίτ-

66 1905 145 1922 τεται
157 1896 186 1922 δὲ
215 1896 253 1928 ὼς
276 1897 320 1923 διὰ
344 1897 394 1931 τὴν
423 1897 564 1925 εὐσέϐειαν
588 1895 666 1930 οὗτος
686 1899 795 1934 πρῶτος
811 1899 862 1934 τῆς

67 1943 144 1974 θείας
162 1943 347 1978 προσηγορίας
364 1943 496 1979 τετύχηκε
514 1945 561 1971 καὶ
585 1945 638 1972 ὑπο
653 1944 708 1972 τῶν
723 1944 862 1979 συγγενῶν

66 1986 216 2022 ὠνομάσθη
242 1987 319 2018 Θεός⁶
346 1987 407 2014 ὅθεν
431 1989 457 2014 οἱ
483 1989 516 2015 ἐκ
545 1990 640 2016 τούτου
671 1989 779 2024 φύντες,
809 1990 862 2017 uio).

67 2032 137 2058 Θεοῦ
160 2032 352 2067 ἐχρημάτιζον·
367 2033 406 2060 διὸ
423 2035 470 2060 καὶ
488 2036 502 2062 ὁ
518 2035 620 2071 Κύριος
635 2035 680 2062 διὰ
691 2036 739 2062 τοῦ
755 2037 863 2072 προφή-

66 2085 116 2104 του
140 2077 233 2104 Δαδίδ·
255 2087 265 2103 ι
288 2078 359 2112 Ἐγὼ
373 2077 438 2106 εἶπα
453 2088 460 2095 ”
476 2080 538 2106 Θεοί
552 2081 615 2108 ἐστε
634 2082 682 2108 καὶ
711 2083 764 2110 uici.
784 2081 862 2117 Ὑψί-

68 2130 132 2149 στου
142 2123 252 2154 πάντες·
264 2133 272 2149 ι
284 2124 356 2156 καὶ,ι
368 2124 396 2151 '0
405 2125 471 2157 Θεὸς
479 2125 543 2161 ἔστη
550 2126 578 2152 ὲν
590 2129 734 2162 συναγωγῇ
745 2127 823 2154 θεῶν·
833 2128 863 2154 ὲν

69 2168 145 2202 μέσῳ
166 2168 195 2195 δὲ
207 2169 284 2201 θεοὺς
303 2170 445 2204 διακρινεί-
465 2181 475 2198 ι
497 2171 569 2199 οὕτω
593 2173 622 2199 δὲ
647 2172 777 2208 ὀνομάζει
799 2173 863 2205 τοὺς

66 2214 214 2249 ἄρχοντας·
228 2215 276 2242 καὶ
285 2217 339 2251 γὰρ
349 2217 457 2251 ἐπάγεγ
470 2218 558 2249 «Ἕως
567 2218 632 2245 πότε
641 2219 748 2254 κρίνετε
756 2219 863 2246 ἀδικίαν

67 2261 116 2287 καὶ
159 2261 296 2295 πρόσωπα
315 2263 486 2298 ἁμαρτωλῶν
504 2264 656 2299 λαμὸάνετε
667 2273 675 2298 ;
688 2274 697 2290 ι
714 2266 761 2292 καὶ
787 2265 861 2300 ἑξῆςθ

914 1670 985 1698 ﬁlios
997 1674 1088 1696 autem
1107 1668 1212 1696 vocavit
1228 1667 1275 1694 Dei
1292 1667 1352 1694 illos
1371 1667 1418 1701 qui
1433 1673 1466 1692 ex
1483 1665 1549 1692 Seth
1566 1666 1617 1692 orti
1630 1669 1704 1693 sunt.

913 1715 1011 1742 Dicens
1026 1715 1098 1742 enim
1124 1714 1266 1748 Scriptura
1290 1720 1368 1740 sacra
1384 1712 1456 1746 quod
1482 1719 1515 1738 ex
1531 1710 1595 1737 Seth
1612 1710 1704 1738 Enoch

913 1766 993 1788 natus
1009 1765 1062 1791 est,
1082 1760 1181 1795 adjecit
1197 1767 1203 1786 :
1230 1768 1239 1784 ι
1259 1759 1313 1786 Iste
1330 1758 1443 1785 conlidit
1459 1758 1587 1784 invocare
1607 1765 1705 1784 nomen

914 1805 1021 1832 Domini
1038 1804 1085 1832 Dei
1096 1806 1130 1831 ⁸ο.
1150 1814 1158 1830 ι
1184 1804 1282 1839 Aquila
1309 1807 1401 1830 autem
1423 1803 1511 1830 dicit:
1530 1801 1603 1828 Tunc
1630 1802 1705 1836 cwpit

912 1853 1033 1878 inuocare
1046 1859 1139 1877 nomen
1163 1850 1288 1882 Domini;
1305 1849 1426 1877 ostendit
1448 1853 1538 1875 autem
1563 1848 1636 1882 quod
1658 1855 1706 1882 per

912 1898 1040 1934 pietatem
1050 1898 1102 1925 iste
1115 1897 1219 1932 primus
1229 1897 1350 1923 divinam
1363 1895 1572 1930 appellationem
1585 1895 1706 1922 obtinuit

912 1948 939 1971 et
960 1952 976 1970 a
992 1943 1150 1978 parentibus
1173 1941 1246 1969 Deus
1261 1941 1471 1976 cognominatus
1487 1946 1538 1967 est.
1562 1939 1639 1967 Unde
1658 1939 1705 1974 qui

912 1989 1012 2023 exilio
1036 1989 1093 2016 nati
1117 1993 1200 2020 sunt,
1227 1987 1274 2014 lilii
1296 1987 1342 2014 Dei
1367 1987 1590 2014 nominabantur.
1613 1985 1706 2020 Itaque

914 2036 1045 2063 Dominus
1072 2042 1118 2069 per
1134 2033 1293 2068 prophetam
1316 2031 1399 2059 David
1412 2032 1478 2059 dicit
1493 2040 1500 2058 :
1518 2040 1527 2056 ι
1546 2031 1602 2065 Ego
1623 2029 1680 2057 dixi
1697 2039 1704 2057 :

913 2081 955 2109 Dii
971 2082 1038 2110 estis
1060 2084 1089 2108 et
1116 2080 1164 2108 lilii
1187 2079 1292 2106 Excelsi
1319 2086 1414 2105 omnes
1438 2078 1472 2105 ’¹.
1486 2087 1496 2103 ι
1522 2076 1577 2104 Et:
1595 2085 1604 2101 ι
1633 2076 1705 2103 Deus

912 2128 988 2156 stetit
1003 2127 1032 2154 in
1046 2126 1162 2154 concilio
1179 2124 1293 2153 deorum
1309 2124 1342 2151 ’¹.
1369 2124 1398 2151 In
1414 2123 1505 2151 medio
1527 2127 1617 2150 autem
1638 2122 1704 2150 deos

911 2173 1024 2209 judicat.
1047 2181 1057 2198 ι
1075 2171 1120 2200 Sic
1144 2171 1268 2199 nominat
1284 2170 1345 2198 illos
1365 2170 1411 2204 qui
1436 2170 1579 2204 imperant.
1597 2167 1703 2195 Etenim

913 2219 1002 2253 adjicit
1019 2225 1029 2245 :
1047 2226 1057 2243 ι
1077 2217 1225 2252 Usqueqth
1251 2215 1378 2251 judicatis
1403 2215 1563 2249 injustitlam
1593 2220 1620 2240 et
1642 2222 1704 2248 per-

914 2273 997 2292 sonas
1016 2269 1190 2300 peccatorum
1205 2263 1315 2291 sumitis
1323 2262 1365 2288 “?
1383 2271 1391 2287 I
1409 2267 1436 2288 ct
1447 2266 1557 2288 caetera.
1573 2260 1605 2287 Et
1618 2261 1659 2288 sic
1677 2260 1703 2286 in

67 2307 115 2333 καὶ
129 2307 265 2342 πολλαχοῦ
288 2309 338 2345 τῆς
359 2310 469 2345 Γραφῆς
484 2311 610 2346 εὑρήσεις
635 2310 712 2342 θεοὺς
725 2311 788 2342 τοὺς
802 2312 807 2338 ὶ

963 2312 1005 2340 Itis
1028 2311 1177 2345 Scriptum:
1199 2309 1264 2336 locis
1288 2309 1409 2335 invenies
1432 2308 1498 2335 deos
1526 2307 1618 2334 vocari
1644 2307 1703 2333 illos

67 2352 202 2387 φέροντας
216 2353 272 2380 τῶν
292 2354 397 2380 πολλῶν
415 2354 566 2392 ἀνθρώπων
591 2355 807 2391 ὀνομαζομένους

963 2364 1004 2384 tes
1022 2356 1070 2391 qui
1090 2356 1124 2382 ab
1139 2355 1201 2382 aliis
1224 2353 1384 2381 hominibus
1412 2352 1627 2386 distinguuntur.
1651 2348 1703 2384 Qui

67 2397 158 2424 τοίνυν
182 2397 228 2424 τοῦ
243 2399 295 2434 Σὴθ
310 2400 438 2433 ἀπόγονοι
449 2401 504 2427 εἴτε
523 2401 555 2428 ὲκ
578 2400 624 2427 τοῦ
643 2401 736 2433 Ἑνὼς,
750 2402 779 2433 ὃς
793 2402 807 2428 ε

964 2410 1016 2430 )ex
1025 2402 1089 2429 Seth
1100 2401 1153 2429 orti
1167 2405 1231 2428 sunt
1240 2400 1298 2427 sive
1307 2407 1338 2426 ex
1349 2398 1451 2431 Enoch,
1463 2398 1510 2433 qui
1522 2397 1593 2424 Deus
1600 2397 1704 2431 primus

67 2443 208 2478 ἐπεκλήθη
224 2445 340 2480 ⁴πρῶτος,
350 2446 493 2481 ἐκφύντες,
506 2447 563 2473 εἴτε
574 2447 666 2478 ἁπλῶς
677 2448 714 2480 ὡς
730 2448 807 2475 εὐσεε

963 2452 1036 2478 atur.
1054 2446 1110 2474 nati
1128 2446 1193 2479 sint,
1209 2446 1267 2472 sive
1289 2443 1465 2472 solummodo
1479 2442 1580 2477 pietate
1603 2449 1619 2468 a
1640 2440 1703 2468 lillis

67 2489 120 2515 τῶν
136 2489 170 2514 ἐκ
186 2489 231 2516 τοῦ
258 2490 329 2517 Κάῖν
351 2491 502 2526 τεχθέντων
515 2491 702 2528 διαφέροντες,
724 2494 777 2520 υίοὶ
791 2495 807 2520 6

964 2501 977 2519 ιι
991 2491 1159 2523 diﬂ‘erentes,
1188 2490 1237 2517 lilii
1259 2489 1307 2517 Dei
1329 2489 1516 2520 vocabantur,
1536 2493 1562 2514 et
1584 2494 1639 2514 non
1653 2486 1704 2513 mi-

65 2533 223 2566 ἑκαλοῦντο,
236 2537 283 2562 καὶ
294 2536 344 2562 οὐκ
359 2536 505 2571 ἐμίγνυντο
514 2538 570 2568 τοῖς
581 2537 613 2563 ὲκ
621 2537 667 2564 τοῦ
679 2538 749 2565 Κὰῐν
759 2538 802 2565 διὰ

962 2539 1060 2566 bantur
1083 2545 1144 2565 cum
1176 2537 1230 2564 illis
1256 2536 1303 2571 qui
1337 2544 1371 2563 ex
1393 2535 1460 2562 Cain
1493 2533 1702 2564 descendebant,

66 2580 259 2615 ἐπενεχθεῖσαν
272 2582 347 2617 αὐτῷ
372 2583 448 2618 παρὰ
468 2583 514 2610 τοῦ
532 2583 600 2610 Θεοῦ
612 2583 668 2610 τῶν
682 2584 751 2610 ὅλων
777 2585 806 2620 ἀε

959 2589 1022 2619 πρίει·
1038 2583 1255 2611 maledictionem
1280 2586 1377 2609 contra
1393 2581 1470 2608 illum
1487 2587 1502 2607 a
1518 2580 1572 2606 Deo
1589 2579 1699 2605 illatam.

65 2627 155 2660 χρόνῳ
168 2626 197 2652 δὲ
213 2627 325 2662 ὓστερον
353 2629 466 2660 εὐειδεῖς
498 2629 662 2665 θεασάμενοι
689 2630 738 2661 τὰς
761 2631 794 2657 ἐκ

963 2627 1055 2663 uporis
1069 2632 1161 2654 autem
1183 2627 1317 2658 decursu,
1345 2626 1473 2660 pulchras
1494 2625 1615 2652 videntes
1634 2623 1703 2651 tilias

66 2671 113 2698 τοῦ
126 2672 198 2698 Κὰῖν
210 2673 369 2706 συγγενείας
383 2674 546 2709 Θυγατέρας,
559 2675 605 2702 καὶ
616 2675 806 2710 καταοελχθέντ

961 2683 977 2701 ιι
991 2680 1016 2702 et
1029 2673 1122 2701 multis
1135 2673 1250 2701 musicis
1263 2672 1455 2699 instrumentis
1467 2671 1502 2698 ab
1516 2671 1570 2698 illis
1586 2671 1701 2698 inventis

66 2717 104 2749 ὡς
130 2717 216 2751 είκδς,
236 2720 292 2751 τοῖς
320 2720 391 2754 παρ’
416 2720 506 2747 αὐτῶν
532 2720 697 2756 ἐπινοηθεῖσι
718 2730 806 2756 μουσιῖ

963 2721 1022 2754 niti,
1039 2720 1117 2748 Jobal
1135 2720 1207 2747 enim
1231 2727 1263 2746 ex
1282 2718 1335 2745 illis
1350 2723 1428 2745 ortus
1451 2717 1608 2752 psalterium
1622 2721 1650 2744 et
1663 2717 1702 2744 ci-

103 2776 114 2792 ⁸
131 2775 256 2810 Gen.tn,
279 2777 322 2804 I9.
367 2778 388 2794 ¹⁹
403 2778 469 2806 ibid.
488 2779 531 2807 II.
577 2779 600 2795 ’⁸
620 2779 720 2807 Cenes.
736 2787 772 2811 tv.
788 2780 833 2807 24.

957 2779 981 2807 d.
997 2786 1095 2812 ωιτη,
1121 2777 1149 2806 6.
1187 2778 1209 2794 ²¹
1228 2776 1301 2804 Psal.
1315 2784 1360 2810 cs,
1375 2775 1401 2802 I.
1441 2775 1463 2792 “
1476 2774 1550 2802 Psal.
1566 2782 1659 2808 um,
1671 2774 1697 2800 9..-

106 2880 164 2916 (52)
182 2881 220 2908 Ex
234 2880 406 2910 Titcodorclo
423 2887 520 2917 quaest.
545 2883 577 2911 Π
598 2883 624 2911 in
644 2883 741 2911 Gcncs.
764 2891 790 2918 ι».
