1874 3070
208 151 275 182 ίθῦἹ

754 153 886 184 ΡΗΟΤΙΪ
899 153 1152 184 ΡΑΤΒΙΑΒΩΗΕ
1166 153 1220 184 CP.

1760 145 1828 178 1063

206 210 312 250 tharam
328 209 440 243 invenit,
450 214 477 237 et
499 214 664 246 acceperunt
686 209 747 238 illas
769 210 820 238 sibi
839 219 951 243 uxores,
966 216 993 238 et

1069 210 1169 245 ›γάνοις
1181 210 1206 245 (ὁ
1224 209 1279 244 γάρ
1300 207 1394 236 Ἰωϐὰλ
1417 207 1448 239 ἐξ
1475 204 1565 233 αὐτῶν
1590 204 1710 240 ἀνθήσας
1724 203 1829 239 ψαλτὴ.

207 256 244 283 ita
258 255 366 283 illomm
383 257 513 284 honestas
532 261 662 292 corrupta
680 256 742 290 fuit,
759 263 787 284 et
799 265 813 284 a
830 257 883 285 Deo
899 265 993 293 pinnas

1069 264 1102 283 ,ον
1124 255 1172 282 καὶ
1194 255 1311 290 κιθάραν
1338 253 1515 286 κατέδειξεν),
1531 251 1705 286 ἐπεμίγησαν
1734 251 1830 282 αὐταῖς

206 301 433 336 transgressionis
448 309 529 329 causa
554 302 706 336 dederunt,
730 303 907 337 perditionem
923 309 994 331 tota-

207 344 258 371 lem
274 345 456 374 invenientes.
471 346 540 373 Illud
555 351 646 374 autem
665 347 779 375 omnino
797 347 991 376 advertendum

205 393 246 415 est
259 389 375 420 scilicet.
387 397 441 417 non
450 389 611 425 simpliciter
624 391 675 419 illis
690 392 814 420 divinum
828 393 939 420 verbum
950 401 994 421 ex-

204 435 336 468 probrare
351 441 504 470 peccatum,
521 437 567 464 sed
585 437 672 465 zelum
686 442 713 465 et
726 438 851 466 ardorem
865 438 891 466 in
903 443 994 466 trans-

207 480 370 515 grediendo:
395 482 447 509 hoc
465 482 536 510 enim
562 483 662 511 indicat
685 483 774 512 illud:
795 483 890 511 Omnis
903 485 948 519 qui
967 485 995 512 in

209 527 293 554 corde
306 535 356 554 suo
371 528 492 556 studiose
510 529 612 564 cogitat
626 529 729 557 malum
748 530 875 558 omnibus
887 531 993 559 diebus.

207 573 260 606 Qui
283 574 355 600 enim
378 575 482 609 peccati
502 576 644 603 victoriam
665 583 737 611 aegre
754 575 863 608 ferunt,
885 581 996 611 propter

207 619 308 647 mentis
324 619 547 654 imbecillitatem,
564 629 618 649 non
636 627 727 649 autem
747 629 780 649 ex
793 622 896 649 malitia
913 630 996 657 supe-

207 665 273 698 rati,
287 671 379 701 postea
389 672 478 695 autem
493 667 587 696 dolore
602 668 690 696 all’ecti
705 672 732 696 et
745 673 883 703 gementes
896 668 996 695 habent

207 711 399 739 rationabilem
423 712 517 748 aliquo
538 713 620 740 modo
640 713 855 741 excusationem.
872 712 924 745 Qui
946 720 996 739 au-

209 761 263 784 tem
272 757 306 784 ad
319 758 456 785 licentiam
466 762 494 786 et
504 759 638 786 malitiam
651 759 807 786 omnimodo
819 758 996 789 inclinantur,

207 802 245 830 ita
261 807 291 830 ut
303 811 410 838 semper
423 811 509 832 novas
522 804 633 832 malitia
643 804 719 833 ideas
733 804 897 839 excogitent.
907 803 996 839 qualis

208 849 296 876 venite
307 849 363 877 sint
376 849 467 885 digni?

281 950 445 984 QUESTIO
465 947 582 979 'CCLVI
609 951 704 988 [σοὶει.
738 949 926 983 CCLXXVI'I,‘

481 995 564 1024 Taur.
576 995 736 1032 CCLXVII].

210 1039 278 1075 Lege
296 1041 411 1069 nondum
429 1041 597 1077 promulgata
622 1050 681 1077 quae
698 1041 774 1076 jubet
798 1041 929 1068 honorare
948 1047 997 1075 pa-

245 1083 311 1102 trem
336 1081 361 1104 et
387 1083 515 1112 matrem,
536 1076 676 1112 quomodo
698 1077 781 1104 Cham
808 1081 837 1103 ut
862 1076 998 1111 parricida

240 1111 380 1146 judicatur
393 1112 448 1146 (55)
460 1111 472 1138 ?

1043 303 1090 329 καὶ
1112 302 1266 337 διέφθειραν
1282 301 1333 336 τὴν
1346 300 1450 327 οίκείαν
1465 299 1615 334 εὐγένειαν,
1637 298 1685 325 καὶ
1699 297 1830 333 θεήλατον

1042 348 1176 383 τιμωρίαν
1192 347 1324 379 ἐδέξαντο,
1334 346 1440 381 καρπὸν
1450 345 1499 380 τῆς
1514 345 1685 380 παρανομίας
1696 343 1747 378 τὴν
1764 352 1830 370 παν-

1042 393 1175 429 ωλεθρίαν
1209 393 1373 428 εὑράμενοι·
1401 392 1491 419 ἐκεῖνο
1529 390 1621 425 μέντοι
1657 390 1830 424 ἐπισημήνα-

1043 439 1106 467 σθαι
1133 439 1198 475 χρὴ,
1215 439 1253 470 ὡς
1276 439 1324 474 οὐχ
1354 438 1446 470 ἁπλῶς
1468 437 1559 464 αὐτῶν
1574 436 1712 472 ἁμαρτίαν
1725 436 1739 462 6
1758 436 1829 467 θεῖος

1043 485 1122 520 λόγος
1130 485 1291 521 κατηγορεῖ,
1301 484 1369 511 ἀλλὰ
1381 484 1430 520 τὴν
1447 483 1505 519 μετ’
1517 482 1676 518 ἐπιμελείας
1687 481 1735 510 καὶ
1744 490 1829 508 σποιμ

1043 530 1091 566 δῆς
1111 530 1294 566 παρανομίαν·
1309 530 1388 557 τοῦτο
1400 529 1455 565 γάρ
1470 529 1545 564 δηλοῖ
1563 529 1604 560 τδ,
1632 529 1690 560 Πᾶς
1714 537 1756 559 τις
1772 528 1831 554 δια-

1044 577 1144 604 νοεῖται
1156 578 1185 604 ἐν
1199 578 1232 612 τῇ
1248 577 1348 612 καρδίᾳ
1360 576 1443 603 αὐτοῦ
1466 575 1603 610 ἐπιμελῶς
1614 575 1661 602 ἐπὶ
1675 574 1709 602 τὰ
1723 574 1831 609 πονηρὰ

1044 623 1136 654 πάσας
1149 622 1199 654 τὰς
1214 622 1332 657 ἡμέραν
1347 623 1372 649 οί
1397 622 1447 658 μὲν
1471 622 1526 658 γὰρ
1540 621 1763 656 δυσχεραίνοντες
1781 620 1830 654 τῆς

1045 667 1182 703 ἁμαρτίας
1195 667 1244 702 τὴν
1258 667 1421 703 ὑπερϐολὴν,
1437 667 1588 703 ἡττώμενοι
1603 668 1631 694 δὲ
1645 667 1690 694 διὰ
1719 666 1771 701 τὴν
1783 666 1830 692 τοῦ

1045 712 1091 740 νοῦ
1113 712 1259 748 ρᾳθυμίαν.
1275 713 1306 739 οὐ
1327 713 1468 747 πονηρίαν,
1486 711 1546 739 εἶτα
1557 711 1669 747 ὕστερον
1684 711 1832 745 ἀλγοῦντες

1044 760 1094 786 καὶ
1107 758 1245 789 στένοντες
1260 757 1351 793 ἔχουσί
1372 766 1433 785 τινα
1446 758 1559 793 μετρίαν
1580 757 1711 794 ἀμηγέπη
1730 758 1831 792 παραί-

1044 811 1134 839 τησιν·
1146 804 1171 830 οἱ
1185 803 1214 830 δὲ
1228 803 1268 835 εἰς
1281 803 1429 830 ἀκολασίαν
1441 804 1488 830 καὶ
1504 803 1638 839 πονηρίαν
1657 803 1832 830 παντάπασιν

1045 850 1251 881 ἀποκλίναντες.
1269 848 1341 876 ὥστε
1356 849 1403 876 καὶ
1414 850 1604 885 προσιπινοεῖν
1624 849 1761 885 νεωτέρας
1783 858 1831 876 κα-

1011 899 1033 928 Β
1047 896 1109 928 κίας
1125 896 1207 930 ἰδέας,
1227 895 1309 928 ποίας
1324 896 1393 928 ἄξιοι
1409 894 1574 930 συγγνώμης
1587 904 1595 930 ;

1292 951 1460 979 sparum:
1475 950 1567 986 Σινςν.

1049 1040 1105 1068 Τοῦ
1124 1039 1221 1075 νόμον
1234 1073 1239 1075 _
1245 1039 1336 1074 μήπω
1345 1038 1488 1075 τεθέντος
1517 1038 1552 1075 ἃς
1567 1038 1731 1075 διαγορεύει
1742 1039 1832 1074 τιμᾷν

1080 1075 1136 1102 τὸν
1160 1073 1286 1109 ἠπατέρα
1301 1074 1352 1101 καί
1379 1073 1438 1107 τὴν
1462 1074 1585 1109 μητέρα.
1607 1073 1672 1108 πῶς
1687 1076 1704 1102 ό
1715 1073 1780 1110 Χὰμ
1793 1073 1832 1108 ὡς

1080 1110 1264 1144 πατραλοίας
1275 1110 1421 1144 κρίνεται;

392 1168 465 1195 Edita
477 1176 491 1194 a
507 1169 571 1194 Maio
587 1169 615 1201 (l.
629 1175 651 1194 ο.
664 1175 690 1200 p.
702 1167 759 1199 125,
773 1168 827 1198 ιρι,
838 1175 862 1200 q.
875 1168 942 1200 255).
954 1181 986 1186 —
999 1167 1047 1193 Cur
1056 1166 1130 1193 Cham
1140 1165 1264 1198 parricidii
1275 1173 1334 1191 reus
1340 1166 1472 1198 judicatus.
1488 1167 1549 1192 Gen.
1562 1173 1598 1198 .x,
1609 1167 1648 1191 Β.

243 1208 411 1237 Naturaliter
428 1209 456 1237 in
478 1210 561 1238 corde
581 1209 751 1238 necessarias
771 1210 843 1243 leges
859 1209 998 1244 inscripsit

210 1255 292 1284 Deus.
311 1255 358 1283 Sic
383 1255 450 1283 Cain
474 1255 674 1284 condemnavit.
703 1255 767 1291 quia
796 1255 873 1282 illum
900 1259 997 1282 natura

209 1302 329 1330 erudivit
355 1302 428 1338 quod
454 1301 632 1329 homicidium
655 1307 698 1330 est
719 1302 851 1335 vetitum,
877 1305 998 1329 attamen

209 1349 272 1376 dolo
288 1353 367 1376 utens
381 1352 411 1376 ut
432 1348 591 1383 adjumento
606 1348 686 1384 longe
701 1356 717 1376 a
737 1348 896 1384 parentibus
913 1348 1000 1376 abdu-

208 1400 276 1422 ccns
289 1393 400 1420 fratrem
418 1392 564 1424 interfecit,
581 1397 608 1420 et
629 1393 684 1420 Deo
706 1393 900 1428 interrogante.
919 1402 929 1419 ι
944 1392 995 1420 Ubi

209 1442 252 1465 est
261 1438 327 1469 Abel
342 1437 426 1465 frater
437 1442 500 1465 tuus
509 1437 542 1470 ",
561 1447 571 1464 ι
591 1438 662 1466 scire
676 1443 765 1474 negat,
779 1438 918 1465 evidenter
932 1438 996 1473 quia

211 1483 313 1510 sciebat
329 1483 432 1510 malum
447 1490 508 1510 esse
523 1483 595 1518 quod
611 1488 775 1518 patraverat,
790 1483 933 1511 convictus
948 1491 998 1511 au-

211 1534 266 1556 tem
280 1537 295 1555 a
309 1528 383 1564 justo
395 1527 490 1556 Judice
501 1528 646 1557 confessus
662 1533 704 1556 est
725 1529 815 1564 majus
830 1537 911 1557 suum
933 1537 996 1557 esse

211 1579 352 1608 peccatum
364 1581 446 1608 quam
469 1579 499 1601 ut
513 1575 619 1602 veniam
640 1580 801 1602 mereretur.
820 1584 830 1601 ‹
848 1575 934 1610 Major
956 1580 997 1603 est

210 1619 283 1646 enim
297 1618 426 1653 iniquitas
447 1626 505 1646 mea
529 1627 611 1654 quam
635 1624 664 1646 ut
679 1620 786 1647 veniam
801 1627 908 1647 merear
926 1620 959 1648 ".
984 1629 993 1646 ι
1009 1606 1031 1637 c

211 1664 296 1692 Porro
324 1664 382 1699 ipse
410 1665 495 1692 Adam
524 1665 644 1692 divinam
671 1666 842 1701 praesentiam
876 1667 997 1694 sentiens

210 1717 271 1736 sese
285 1709 452 1737 abscondere
467 1710 592 1742 tentavit,
607 1710 698 1738 sciens
713 1711 875 1746 certe‘quod
893 1710 996 1738 furtum

211 1756 312 1783 malum
332 1760 385 1783 est.
403 1755 449 1784 Sic
471 1757 555 1784 Cham
573 1757 711 1793 parricidii
729 1757 931 1785 accusationem
954 1757 997 1784 in-

209 1802 314 1835 currit,
340 1806 452 1837 propter
478 1802 545 1838 legis
577 1803 711 1831 naturalis
737 1803 994 1838 transgressionem.

210 1846 288 1880 Quod
303 1855 367 1874 vero
379 1848 516 1875 honorare
527 1852 653 1882 parentes
667 1852 764 1875 natura
775 1848 880 1881 edocet,
893 1852 998 1876 testan-

211 1898 256 1920 tur
275 1893 361 1921 Cham
383 1893 481 1922 fratres
503 1894 550 1929 qui
574 1902 636 1922 cum
666 1894 752 1922 multo
774 1895 878 1929 pudore
893 1899 998 1929 patrem

210 1946 385 1975 operuerunt.

270 1996 433 2031 QUAESTIO
467 1997 578 2026 CCLVll
616 1997 711 2031 ICoist.
742 1996 935 2031 CCLXXVIII,

468 2033 550 2060 τηαν.
575 2032 746 2069 CCLXVIII].

213 2077 313 2111 Quare,
329 2078 413 2106 Cham
436 2079 465 2105 in
480 2083 616 2114 peccatum
629 2078 717 2112 lapso,
738 2078 811 2113 ﬁlius
824 2077 898 2105 illius
913 2078 997 2106 mate-

507 2113 612 2140 dicatur
627 2114 682 2149 (56)
694 2113 705 2141 ?

1080 1208 1120 1243 Τῇ
1146 1207 1225 1242 φύσει
1250 1208 1313 1239 τοὺς
1338 1207 1502 1241 ἀναγκαίως
1527 1208 1625 1243 νόμους
1653 1207 1834 1236 ἐντέθεικενό

1045 1253 1121 1285 Θεὸς·
1137 1253 1208 1280 οὕτω
1235 1253 1280 1280 τδν
1293 1248 1364 1280 Κάῖν
1383 1253 1552 1289 κατέκρινεν,
1576 1253 1726 1288 ἐπειδήπερ
1751 1253 1833 1280 αὐτὸν

1044 1300 1062 1335 ἡ
1077 1298 1157 1334 φύσις
1180 1298 1319 1326 ἐδίδασκεν
1339 1298 1378 1331 ὡς
1401 1299 1416 1326 6
1439 1299 1518 1334 φόνος
1543 1299 1711 1334 παράνομον·
1735 1299 1833 1326 αὐτίκα

1046 1347 1112 1382 γοῦν
1126 1346 1195 1382 δόλῳ
1210 1347 1383 1382 χρησάμενος
1403 1346 1536 1382 συνεργῷ,
1551 1346 1646 1382 πόρρω
1661 1345 1717 1373 τῶν
1741 1354 1833 1381 γεγεν-

1047 1393 1169 1429 νηκότων
1193 1392 1309 1427 ἀπάγων
1327 1392 1415 1420 ἀνεῖλε
1430 1392 1476 1419 τὸν
1491 1392 1615 1427 ἀδελφὸν,
1635 1392 1684 1419 καὶ
1699 1392 1749 1419 τοῦ
1765 1391 1833 1418 Θεοῦ

1046 1438 1259 1474 πυνθανομένου,
1279 1447 1288 1464 ι
1302 1438 1357 1464 Ποῦ
1371 1437 1454 1464 Ἀΰελ
1463 1438 1477 1464 6
1491 1438 1604 1473 ἀδελφός
1620 1447 1677 1470 σου,
1691 1447 1700 1463 ι
1715 1437 1833 1473 ἠρνήθη,

1045 1484 1167 1520 δηλονότι
1184 1483 1223 1515 ὡς
1245 1483 1426 1519 ἐπιστάμενος
1439 1484 1523 1511 κακὸν
1541 1483 1611 1511 εἶναι
1627 1483 1657 1510 τδ
1678 1483 1814 1518 τολμηθέν
1826 1491 1833 1498 ·

1047 1529 1184 1566 ἐλεγχθεὶς
1209 1529 1238 1556 δὲ
1267 1529 1320 1556 ὑπὸ
1334 1529 1381 1556 τοῦ
1400 1529 1505 1557 δικαίου
1531 1530 1643 1565 Κριτοῦ,
1658 1529 1835 1565 ὡμολόγησεν

1047 1576 1118 1612 ὑπὲρ
1129 1576 1294 1612 συγγνώμην
1305 1577 1505 1612 ἡμαρτηκέναι·
1519 1576 1642 1607 «Μείζων
1650 1575 1732 1610 γὰρὴ
1746 1576 1837 1610 ἀμαρ-

1047 1622 1092 1648 τία
1110 1630 1161 1656 μου
1175 1621 1224 1648 τοῦ
1239 1622 1372 1657 ἀφεθῆναί
1389 1630 1433 1657 με·
1445 1631 1454 1648 ι
1475 1622 1522 1648 καὶ
1540 1621 1631 1657 μέντοι
1658 1621 1708 1648 καὶ
1719 1622 1734 1648 6
1751 1621 1837 1656 Ἀδὰμ

1045 1668 1095 1703 τῆς
1110 1668 1185 1700 θείας
1200 1668 1362 1702 ἐπιφανείας
1386 1667 1546 1702 αἰσθόμενος
1574 1667 1708 1702 ἐπειράθη
1733 1668 1835 1699 λαθεῖν,

1046 1714 1092 1740 καὶ
1108 1714 1185 1745 εἰδὼς
1196 1713 1280 1750 ὁτιδὴ
1293 1714 1323 1741 τὺ
1343 1713 1470 1741 κλέπτειν
1490 1713 1584 1740 κακόν·
1603 1713 1674 1740 οὕτω
1696 1713 1730 1748 δὴ
1748 1713 1838 1747 όΧὰμ

1045 1760 1096 1795 τὴν
1110 1759 1158 1787 τοῦ
1174 1760 1339 1796 πατραλοίου
1364 1760 1533 1797 κατηγορίαν
1556 1758 1665 1792 ἐδέξατο
1683 1758 1723 1790 ὡς
1744 1766 1835 1793 παρα-

1047 1805 1097 1837 δὰς
1109 1805 1155 1832 τὸν
1177 1806 1228 1841 τῆς
1250 1805 1358 1840 φύσεως
1374 1805 1472 1841 νόμον·
1487 1805 1528 1832 ὄτι
1540 1804 1569 1831 δέ
1584 1804 1632 1831 καὶ
1651 1804 1682 1831 τὸ
1696 1805 1836 1839 γεραίρειν

1046 1852 1111 1883 τοὺς
1125 1851 1349 1887 γεγεννηκόταςὴ
1365 1852 1446 1886 φύσις
1460 1851 1594 1882 ἐδίδασκε,
1611 1849 1799 1886 μαρτυροῦσιν
1813 1849 1836 1875 oi

1046 1896 1095 1923 τοῦ
1108 1897 1173 1932 Χὰμ
1188 1896 1298 1932 ἀδελφοὶ
1313 1897 1338 1924 oi
1356 1896 1426 1932 μετὰ
1442 1895 1542 1931 πολλῆς
1559 1896 1651 1929 αιδοῦς
1665 1895 1712 1922 τὸν
1728 1895 1835 1930 πατέρα

1047 1943 1282 1979 συγκαλύψαντες.

1306 2001 1474 2031 ΕΡΩΤΗΣΙΣ
1497 2001 1577 2028 ΣΝΖ¹.

1055 2082 1086 2110 Τι
1101 2082 1214 2116 δήποτε
1240 2081 1294 2109 τοῦ
1317 2080 1583 2149 litiget-70:16:09,
1607 2079 1624 2105 ὁ
1637 2077 1758 2105 ἐκείνου
1769 2076 1836 2109 παῖς

1383 2125 1441 2149 ηρα
1485 2124 1495 2148 ;

1383 2124 1478 2150 ηραυη
1485 2124 1495 2148 ἱ

488 2170 559 2196 Edita
578 2178 590 2195 π
608 2170 671 2196 Malo
685 2171 714 2202 (l.
725 2177 747 2196 ε.
761 2177 786 2202 p.
804 2171 857 2202 124,
874 2178 899 2203 q.
912 2172 978 2204 256).
993 2186 1024 2191 —
1034 2173 1072 2200 De
1087 2175 1138 2200 ﬂlio
1150 2174 1246 2200 Cbaami
1263 2172 1401 2205 peccatoris
1419 2171 1552 2197 maledicto

247 2213 348 2242 Omnes
366 2221 431 2248 una,
454 2214 530 2241 finito
547 2214 662 2247 diluvio,
678 2214 778 2242 divinae
799 2215 998 2245 benedictionis

1085 2219 1169 2254 Κοινῇ
1185 2219 1284 2250 πάντες
1300 2217 1370 2252 μετὰ
1384 2215 1434 2252 τὴν
1446 2215 1494 2243 τοῦ
1506 2212 1702 2249 κατακλυσμοῦ
1723 2212 1835 2244 παῦλαν,

212 2259 323 2287 fuerunt
335 2260 490 2296 participes.
510 2260 615 2287 Timuit
633 2268 698 2296 ergo
713 2260 768 2288 Noe
782 2261 998 2290 maledictionem

212 2306 342 2334 inducere
354 2307 380 2334 in
395 2307 512 2342 aliquem
526 2308 573 2341 qui
587 2306 686 2334 divinat
699 2307 894 2336 benedictionis
910 2308 1000 2336 fuerat

211 2353 348 2388 particeps
372 2361 380 2379 :
401 2354 480 2388 cujus
498 2361 582 2381 causa
603 2353 674 2381 hanc
690 2353 745 2381 filio
768 2354 841 2382 illius
864 2354 998 2390 deposuit,

211 2403 239 2426 et
255 2400 312 2427 haec
323 2399 428 2434 punitio
441 2399 515 2434 justa
529 2405 581 2427 est.
598 2399 667 2433 Quia
681 2401 752 2427 enim
764 2408 826 2428 cum
840 2407 911 2429 esset
926 2401 999 2429 filius

213 2450 318 2480 patrem
332 2445 455 2478 offendit,
471 2453 521 2480 per
530 2445 748 2474 maledictionem
763 2446 809 2474 filii
826 2447 995 2482 punitionem

212 2491 326 2524 accepit.
351 2491 391 2517 Ad
406 2491 458 2518 hoc
470 2496 559 2518 autent
575 2496 602 2518 et
626 2491 692 2519 illud
717 2492 944 2520 considerandum
958 2498 1001 2521 est

211 2536 295 2570 quod,
305 2535 328 2563 si
337 2536 395 2571 ipse
404 2536 488 2564 Cham
501 2537 721 2566 maledictionem
733 2539 924 2574 accepisset,in
933 2547 1000 2566 om-

212 2589 274 2608 nem
289 2590 366 2609 suam
383 2584 538 2618 progeniem
553 2592 633 2619 poena
650 2585 852 2612 extenderetur.
871 2584 956 2612 Porro
966 2593 999 2613 ex

212 2627 260 2655 illo
274 2629 327 2656 orti
345 2633 409 2657 sunt
422 2629 562 2666 (Ethiopcs
575 2636 603 2658 et
618 2630 736 2666 Egyptii
753 2636 779 2658 et
795 2631 879 2667 Libya
894 2636 949 2658 tota
973 2637 1000 2658 et

212 2673 352 2702 PlItrnicia
358 2674 542 2704 etPalaestina.
551 2676 589 2704 Ne
596 2681 686 2704 autem
693 2684 774 2704 omne
780 2685 865 2711 genus
873 2684 951 2711 plena
958 2680 998 2704 at-

249 2739 272 2756 "
284 2740 383 2770 Genes.
397 2743 474 2776 Iv,9;
512 2743 535 2759 "
549 2742 605 2771 ibid
637 2742 680 2770 15.

1048 2264 1097 2300 τῆς
1114 2264 1189 2296 θείας
1207 2263 1354 2299 μετέλαχον
1366 2261 1500 2296 εὐλογίας·
1518 2260 1654 2296 τολμηρὸν
1674 2259 1768 2286 τοίνυν
1787 2260 1823 2286 ὑπ

1047 2309 1143 2337 έλαὸεν
1158 2311 1172 2336 6
1191 2310 1254 2337 Νῶε
1277 2309 1390 2344 ἐπάγειν
1403 2308 1473 2344 ἀρὰν
1499 2307 1539 2343 ’ιῷ
1559 2307 1608 2342 τῆς
1623 2306 1699 2336 θείας
1714 2306 1836 2340 εὐλογίας

1049 2356 1229 2392 μετειληχότι⁸
1255 2355 1351 2383 τούτου
1378 2355 1458 2390 χάριν
1472 2353 1512 2388 τῷ
1528 2353 1632 2380 ἐκείνου
1648 2351 1726 2379 παιδὶ
1738 2352 1836 2386 ταύτην

1048 2402 1220 2438 περιέθηκεν·
1235 2401 1292 2437 ἔχει
1317 2401 1345 2429 δὲ
1364 2402 1381 2436 ἡ
1405 2400 1526 2436 τιμωρία
1550 2399 1581 2425 τὸ
1611 2398 1726 2425 δίκαιον·
1747 2398 1835 2430 ἐπειδὴ

1031 2450 1105 2484 ’γάρ
1122 2449 1180 2481 υίὸς
1194 2448 1232 2475 ὢν
1254 2448 1407 2483 ἐξήμαρτεν
1432 2448 1472 2478 είς
1492 2445 1610 2480 πατέρα.
1640 2444 1684 2471 διὰ
1712 2444 1765 2478 τῆς
1794 2443 1836 2469 τοῦ

1049 2495 1143 2527 παιδὸς
1158 2495 1228 2531 ἀρᾶς
1244 2494 1351 2529 δέχεται
1363 2492 1508 2528 τιμωρίαν·
1532 2491 1601 2527 πρὸς
1615 2491 1644 2517 δὲ
1659 2490 1760 2525 τούτῳ,
1777 2497 1838 2516 σκο-

1049 2541 1148 2576 πητέον
1159 2541 1276 2568 κάκεῖνα
1291 2541 1329 2572 ὡς
1345 2540 1369 2566 εἰ
1384 2539 1464 2570 αὐτὸς
1472 2539 1486 2565 6
1498 2538 1563 2573 Χὰμ
1576 2537 1685 2570 ἐδέξατο
1697 2536 1748 2572 τὴν
1760 2535 1836 2570 ἀρὰν,

1048 2587 1088 2617 εἰς
1102 2585 1162 2612 ὅλον
1176 2586 1210 2613 ἂν
1223 2585 1298 2620 διέϐη
1311 2585 1341 2612 τὺ
1359 2585 1435 2619 γένος
1449 2585 1465 2620 ἡ
1488 2583 1619 2619 τιμωρία·
1645 2583 1677 2609 ἐκ
1692 2582 1721 2608 δὲ
1744 2582 1837 2608 τούτου

1047 2631 1218 2667 ὲὸλᾶστησαν
1232 2633 1358 2663 Αἰθίοπες
1378 2632 1425 2658 καὶ
1453 2630 1601 2664 Αἰγύπτιοι
1620 2630 1668 2656 καὶ
1684 2628 1774 2662 Λιϐύη
1790 2627 1837 2653 πᾶ·

1052 2684 1087 2702 σα
1100 2677 1147 2704 καί
1161 2677 1270 2712 Φοινίκη
1286 2677 1332 2704 καὶ
1345 2676 1523 2711 Παλαιστίνη·
1545 2676 1589 2702 ἵνα
1604 2675 1696 2702 τοίνυν
1713 2673 1752 2709 μὴ
1767 2674 1836 2700 ἅπαν

971 2799 1075 2829 NOT/E
1080 2819 1087 2825 .

251 2857 304 2893 (35)
323 2858 360 2885 Ex
373 2858 545 2886 'l‘lIeodoreto
559 2867 586 2894 q.
601 2858 633 2886 57
648 2858 674 2885 in
688 2859 786 2886 Cenes.
802 2866 826 2893 p.
845 2857 904 2886 l59.

1084 2858 1138 2892 (ﬁt)
1159 2857 1198 2885 Ex
1215 2857 1388 2885 TlIeouoreto
1402 2864 1429 2893 q.
1446 2856 1481 2884 58
1501 2856 1528 2884 in
1541 2855 1640 2884 Cenes.
1653 2863 1679 2891 ρ.
1695 2855 1758 2882 162.
