1874 3070
84 145 152 178 1069

465 150 514 179 ΑΙ)
533 151 829 182 AMPHILOCHIUM
852 152 1024 187 QUIESTIO
1047 150 1315 182 CCLVI-CCLVIII.

1646 148 1717 182 1070

80 203 109 229 τὸ
139 203 218 238 γένος
236 204 370 240 περιϐάλῃ
391 206 422 240 τῇ
439 206 570 242 τιμωρίᾳ,
595 208 636 239 εἰς
664 208 710 234 τὸν
735 207 869 234 νεώτατον

962 212 1080 243 geretur,
1091 208 1117 234 in
1126 207 1261 242 juniorem
1273 207 1356 233 lilium
1369 213 1478 240 poenam
1487 205 1608 232 immisit.
1622 206 1651 232 Et
1663 207 1687 232 lu
1699 213 1715 233 c

80 249 137 275 υἱὸν
154 250 204 284 τὴν
220 250 357 284 τιμωρίαν
383 251 548 286 παρέπεμψε
559 261 566 267 '
594 253 641 279 καὶ
656 253 736 279 τοῦτο
756 253 785 279 δὲ
803 253 872 279 εἰδέ-

79 304 123 321 ναι
140 295 275 330 προσήκει
297 296 335 327 ὡς
364 297 516 332 πρόρρησίς
536 298 610 324 ἔστιν
625 298 674 325 οὖνΙ
696 299 751 333 ἀρὰ
767 298 820 325 ’τοῦ
834 299 874 326 δι-

79 341 160 367 καίου
175 342 210 368 τὰ
225 343 347 377 ῥήματα·
367 343 461 378 ὲπιδὴ
477 344 532 378 γὰρ
551 344 668 379 ⁴ῐιμελλεν
686 346 700 371 ὸ
721 345 828 380 Ἰσραὴλ
841 347 873 373 ὲκ

78 386 127 412 ιωῦ
144 386 206 422 Σήμ
222 388 350 421 κατάγων
364 388 395 414 τὸ
408 388 487 422 γένος
510 389 559 425 τῆς
575 390 758 424 Παλαιστίνης
773 390 868 425 κύριος

79 432 200 465 ἔσεσθαι,
229 433 367 469 ταύτηνδὲ
381 435 464 461 πάλαι
480 435 569 470 ᾤκουν
581 437 606 462 oi.
629 437 662 463 ὲκ
675 435 722 463 τοῦ
742 437 871 472 Χαναὰμ,

80 479 122 509 εἰς
147 479 218 513 ἀρὰν
236 480 399 515 σχηματίζει
423 481 473 516 τὴν
491 483 653 518 πρόρρησιν,
675 483 871 519 προαγορεύων

81 523 134 558 μὲν
151 525 186 550 τὰ
202 525 328 560 ἐσόμενα,
348 525 534 562 δεδιττόμενος
548 528 577 554 δὲ
590 528 654 559 τοὺς
674 527 789 564 ὕστερον
809 530 870 556 ἐσο-

81 570 182 604 μένους
200 570 238 606 μὴ
254 571 427 607 πλημμελεῖν
436 573 477 604 εἰς
492 573 599 607 γονέας·
615 574 663 600 καὶ
681 574 761 602 τοῦτο
778 575 871 610 σαφῶς

79 616 156 650 ἡμᾶς
171 617 187 652 ή
201 617 248 643 τοῦ
261 617 322 652 Σήμ
339 617 450 651 εὐλογία
466 618 598 645 διδάσκει·
618 629 628 645 ι
644 620 795 655 Εὐλογητὸς
817 621 871 656 γὰρ

77 660 182 695 Κύριος
192 662 206 688 ὁ
215 662 282 694 Θεὸς
293 662 331 697 τῷ
346 663 417 698 Σήμ·
425 663 500 690 ἔσται
512 664 630 699 Χαναὰμ
646 666 721 697 παῖς·
733 665 868 693 πλατῦναι

76 707 92 732 ὁ
100 707 169 739 Θεὸς
178 707 218 743 τῷ
232 708 331 742 Ἰάφεθ·
344 708 392 735 καὶ
400 710 590 746 κατοικησάτω
601 710 630 737 ἐν
640 712 696 743 τοῖς
708 711 870 747 σκηνώμασι

78 752 128 779 τοῦ
139 753 211 787 Σήμ·
220 763 229 779 ι
248 754 295 781 καὶ
302 753 350 781 τοῦ
366 755 455 789 ’ῐάφεθ
467 756 517 791 τὴν
530 756 692 792 πολυγονίαν
708 759 869 794 προείρηκε,

75 797 125 824 τοῦ
135 798 164 824 δὲ
175 798 235 833 Σὴμ
250 799 299 833 τὴν
311 798 462 826 εὐσέϐειαν·
472 803 517 827 τὸν
532 801 586 836 γὰρ
600 801 667 829 Θεὸν
689 802 718 829 ὲν
729 804 786 835 τοῖς
805 812 870 839 σκη-

76 843 186 878 νώμασι
201 843 249 870 τοῦ
265 844 325 880 Σὴμ
341 846 518 881 κατοικήσειν
544 847 706 884 προείρηκε·
722 857 869 884 κατῳκησε

926 255 997 281 scire
1006 254 1134 281 convenit
1144 261 1198 280 non
1209 260 1270 280 esse
1282 251 1496 279 maledictioncm
1507 251 1553 278 sed
1564 250 1715 286 praedictio-

927 307 988 327 nem
1011 299 1092 326 verba
1101 299 1181 333 justi.
1193 297 1260 325 Cum
1274 298 1347 325 enim
1359 296 1441 324 Israel
1452 305 1485 324 ex
1496 296 1558 323 Sem
1580 298 1716 324 oriundus

926 344 1070 372 Palatstina
1080 345 1218 379 politurus
1229 348 1297 374 erat,
1310 343 1379 370 hanc
1390 348 1480 369 autem
1493 350 1508 369 a
1521 342 1600 376 longe
1613 342 1716 369 habita-

925 391 991 418 bant
1004 390 1051 417 ﬁlii
1063 391 1192 418 Chanaan
1209 389 1260 416 sub
1280 389 1369 416 l'orma
1389 389 1594 422 imprecationis
1616 389 1716 422 praedi-

926 437 1043 465 ctionem
1067 436 1198 468 declarat,
1214 435 1382 462 annuntians
1395 434 1529 466 futurum,
1549 439 1572 461 el
1587 434 1717 461 timorem

926 481 1063 508 incutiens
1073 481 1126 507 illis
1138 480 1183 515 qui
1198 485 1292 514 postea
1308 479 1392 507 futuri
1404 484 1494 510 erant,
1506 487 1540 506 ne
1551 479 1577 506 in
1589 484 1715 514 parentes

925 531 1084 562 peccareut.
1110 531 1136 554 et
1164 526 1238 554 clare
1263 526 1316 553 hoc
1343 526 1423 553 dueet
1453 525 1517 553 Sem
1542 525 1715 553 benedictio:

928 583 937 599 ε
956 573 1118 601 Benedictus
1136 573 1269 600 Dominus
1285 573 1355 600 Deus
1374 572 1437 600 Sem
1454 581 1461 599 :
1479 572 1532 600 erit
1552 573 1637 599 Cham
1658 580 1716 600 ser-

925 628 975 647 vus
998 620 1058 654 ejus
1068 621 1100 646 '°.
1123 619 1222 647 Dilatet
1243 619 1315 647 Deus
1335 619 1433 654 Japhet
1451 623 1479 646 et
1509 619 1614 647 habitet
1628 619 1654 646 in
1677 624 1718 645 ta-

925 665 1081 693 bernaculis
1102 666 1192 694 Sem.)
1223 665 1321 700 Japhct
1358 673 1534 693 numerosam
1559 665 1716 700 progeniem

924 713 1108 747 prophetarit,
1128 712 1190 740 Sem
1208 718 1297 739 autem
1316 712 1456 746 pietatem.
1475 711 1559 739 Deum
1584 716 1674 738 autem
1690 711 1716 738 in

925 757 1108 784 tabernaculis
1125 758 1187 784 Sem
1209 757 1396 784 habitaturum
1419 756 1544 791 praedixit
1561 765 1567 783 :
1583 756 1718 783 habitavit

923 807 1014 830 autem
1033 803 1061 830 in
1080 803 1242 837 patriarchis
1257 811 1290 830 ex
1315 803 1377 830 Sem
1396 803 1464 830 ortis
1485 807 1512 829 et
1533 802 1560 829 in
1578 802 1718 836 prophetis

923 849 957 875 ab
973 848 1033 876 istis
1049 848 1297 882 descendentibus;
1312 853 1340 876 et
1357 849 1475 884 primum
1487 848 1538 876 sub
1551 847 1675 875 tentoriis
1691 852 1719 874 et

74 889 104 915 δὲ
117 890 147 915 ὲν
161 889 217 921 tot;
227 888 273 916 τοῦ
285 890 346 925 Σὴμ
354 891 538 926 πατριάρχαις
549 892 597 919 καὶ
610 892 640 919 ἐν
652 893 709 924 τοῖς
723 893 755 920 ὲκ
769 893 869 920 τούτων

961 900 1018 922 stea
1033 895 1059 922 in
1074 894 1237 923 Jerusalem.
1260 895 1412 923 Perfectam
1435 899 1527 922 autem
1545 894 1719 928 adimpletio-

74 933 277 969 βεϐλαστηκόσι
297 936 463 972 προφήταις,
472 937 520 964 καὶ
531 938 561 964 ὲν
577 939 609 973 τῇ
625 940 711 974 σκηνῇ
734 939 867 975 πρότερον

73 981 125 1007 καὶ
137 981 167 1007 ἐν
187 982 244 1013 τοῖς
272 981 466 1018 Ἰεροσολύμοις
497 983 621 1020 ὕστερον·
649 984 764 1020 ἀκριϐὲς
779 985 809 1011 δὲ
828 986 870 1012 τέ-

73 1026 121 1057 λος
130 1026 250 1062 ἔσχηκεν
264 1028 281 1063 ή
298 1029 452 1064 προφητεία
467 1029 565 1065 τὸ,τῆς
588 1030 745 1065 οἰκονομίας
767 1032 871 1067 μυστή-

75 1079 148 1106 ριον·
166 1072 213 1098 ἅτε
236 1072 317 1104 αὐτὸς
333 1073 398 1106 Θεὸς
423 1074 509 1108 Λόγος
531 1074 725 1110 ὲνηνθρὼπησε
750 1075 797 1102 καὶ
810 1076 872 1103 ναὸν

74 1117 176 1144 ἑαυτοῦ
191 1119 413 1154 προσηγόρευσεν
438 1121 471 1155 ήν
486 1121 518 1147 ἐκ
542 1121 700 1157 σπέρματος
726 1121 809 1148 Δαϐὶδ
825 1122 873 1148 καὶ

80 1163 211 1200 Ἀϐραὰμ
230 1164 309 1192 ἔλαϐε
330 1166 420 1202 σάρκα
434 1174 442 1181 ·
458 1166 491 1193 ἐκ
506 1166 554 1193 τοῦ
567 1167 628 1202 Σὴμ
644 1168 697 1204 γὰρ
727 1168 774 1195 καὶ
800 1163 874 1195 οὗτοι

922 948 984 968 nem
1001 941 1098 968 habuit
1112 941 1253 976 prophetia
1266 941 1293 968 in
1309 941 1430 977 mysterii
1444 940 1623 975 dispositione
1635 940 1719 967 mira-

923 986 982 1018 bili,
998 994 1060 1014 cum
1077 987 1135 1022 ipse
1148 986 1220 1014 Deus
1232 987 1350 1015 Verbum
1367 988 1539 1014 incarnatum
1552 991 1594 1015 est
1607 991 1634 1014 et
1649 991 1717 1014 tem—

925 1033 1000 1068 plum
1031 1041 1110 1060 suum
1138 1034 1246 1061 vocavit
1272 1041 1355 1069 quam
1385 1041 1418 1062 ex
1448 1034 1554 1061 semine
1581 1033 1665 1061 David
1692 1038 1719 1061 et

925 1078 1063 1106 Abraham
1089 1083 1277 1114 assumpserat
1298 1086 1419 1106 carnem.
1441 1077 1490 1118 Ex.
1506 1077 1570 1106 Sem
1595 1077 1667 1105 enim
1692 1081 1719 1104 et

927 1124 979 1159 ipsi
999 1125 1132 1160 originem
1152 1126 1299 1154 ducebant.
1323 1125 1454 1153 Chanaan
1485 1129 1577 1153 autem
1600 1124 1719 1153 servitus

928 1169 956 1197 in
971 1170 1132 1199 Gabaonitis
1154 1172 1376 1207 adimpletionem
1395 1170 1524 1199 obtinuit.

74 1212 199 1246 κατῆγον
217 1211 248 1238 τὸ
261 1212 339 1246 γένος
349 1220 357 1229 ·
376 1212 431 1247 ἡδὲ
446 1213 565 1248 Χαναὰμ
576 1213 682 1241 δουλεία
697 1214 726 1240 ἐν
742 1214 799 1246 τοῖς
819 1213 1005 1249 Γαϐαωνίταις
1019 1217 1049 1244 τὸ
1069 1217 1145 1249 τέλος
1162 1217 1281 1251 ἐδέξατο.

352 1292 519 1320 ΕΡΩΊἮΣΙΣ
533 1293 622 1321 ΣΝΗ’.

74 1379 144 1412 Πῶς
158 1380 287 1418 Ἀϐραὰμ
298 1382 406 1418 πιστὸς
422 1382 594 1417 ὀνομάζεται
606 1384 733 1418 ειρηκὼς
743 1382 783 1418 τῷ
796 1384 869 1417 Θεῷ,

113 1425 132 1477 ‘1‘
142 1417 232 1477 .ltl't’l;d
245 1417 274 1443 τι
287 1417 441 1452 γνώσομαι
467 1418 558 1445 τοῦτο
573 1418 619 1446 ὅτι
632 1417 869 1454 θκληρονὸμήσω

137 1461 153 1478 υ
174 1460 191 1484 ιι
227 1459 236 1484 ;
255 1461 266 1478 ι

992 1286 1157 1322 QUIESTIO
1184 1285 1310 1314 CCLVIII
1345 1285 1440 1322 [σοῖσι.
1470 1283 1643 1317 CCLXXIX,

1201 1333 1284 1361 Taur.
1299 1331 1450 1368 CCLXIX].

924 1381 1062 1415 Quomodo
1091 1381 1227 1408 Abranam
1253 1380 1323 1414 ﬁdus
1355 1378 1500 1413 appelletur
1527 1378 1572 1412 qui
1597 1376 1716 1415 dixerit:

961 1427 971 1443 ι
985 1416 1059 1444 Unde
1065 1417 1133 1444 scire
1143 1411 1329 1451 passum-quad
1340 1411 1508 1448 possessum;
1520 1415 1569 1440 sim
1578 1420 1637 1439 eam
1645 1411 1656 1431 9
1668 1421 1677 1437 ι

325 1520 395 1545 Edita
409 1529 421 1546 a
436 1521 498 1546 Maio
515 1523 543 1554 (l.
556 1529 577 1547 c-
591 1530 614 1554 p.
633 1523 687 1553 125,
700 1530 724 1555 q.
738 1523 806 1554 257).
824 1536 849 1541 —
871 1523 910 1549 De
921 1521 1051 1548 Ahrahami
1072 1520 1280 1550 interrogatione.
1293 1516 1357 1542 Gen.
1372 1521 1413 1545 xv,
1426 1515 1464 1539 It.

113 1562 162 1594 Τὸ,
180 1572 189 1588 ι
205 1562 285 1590 Κατὰ
303 1563 330 1590 τί
341 1564 499 1600 γνώσομαι;
518 1575 527 1590 ι
541 1565 591 1592 οὐκ
609 1565 787 1598 ἀπιστοῦντος
801 1567 869 1593 ὲστιι

962 1564 1020 1592 Hoc
1032 1563 1146 1590 verbum
1157 1561 1227 1588 unde
1240 1559 1311 1587 scire
1319 1565 1432 1593 possum
1447 1564 1501 1584 non
1517 1555 1650 1583 increduli
1662 1560 1716 1587 est,

76 1610 147 1636 ἀλλά
163 1609 258 1644 μαθεῖν
274 1609 418 1642 ποθοῦντος
436 1611 488 1646 τῆς
501 1611 685 1648 κληρονομίας
696 1613 742 1639 τὸν
756 1613 868 1649 τρόπον·

76 1655 173 1691 ἐπειδὴ
201 1655 255 1692 γὰρ
286 1656 359 1691 ἑώρα
385 1656 475 1692 πλήθη
500 1657 584 1694 μυρία
612 1659 663 1694 τὴν
687 1659 871 1695 Παλαιστίνην

77 1700 218 1734 οἰκοῦντα,
236 1701 332 1737 μαθεῖν
346 1702 475 1737 ἠϐούλετο
494 1703 548 1729 τίνι
564 1704 659 1739 τρόπῳ
677 1704 870 1740 παραλήψεται

76 1747 129 1782 τῆς
142 1747 195 1783 γῆς
209 1748 316 1783 ὲκείνης
325 1747 375 1784 τὴν
389 1747 561 1776 δεσποτείαν·
576 1750 653 1785 νόμῳ
663 1750 794 1785 πολέμους
809 1750 870 1786 δίχα

77 1794 219 1829 πολέμους
235 1793 345 1826 ζώντων
361 1794 492 1828 ὲκείνωνς
512 1796 737 1831 ἀναιρουμένωνς
755 1797 868 1830 ἐξελαυ-

78 1840 221 1876 νομένων;
237 1840 333 1868 τούτου
345 1841 425 1876 χάριν
442 1841 512 1877 μετὰ
523 1841 573 1876 τὴν
589 1841 686 1869 θυσίαν
701 1843 715 1870 ὁ
734 1843 788 1870 τῶν
801 1844 870 1871 ὅλων

77 1886 174 1921 ὀφθεὶς
189 1886 266 1920 Θεὸς,
287 1897 296 1913 ε
311 1887 467 1920 Γινώσκων,
479 1887 557 1923 φησὶ,
574 1887 668 1924 γνώσῃ
681 1888 723 1915 ὅτι
738 1889 871 1924 πάροικον

77 1933 156 1959 ἔσται
166 1932 197 1960 τδ
208 1933 319 1969 σπέρμα
329 1941 386 1965 σου.
401 1933 449 1960 καὶ
459 1933 550 1968 ὲξῆςοι
568 1933 621 1966 ἓως
631 1934 690 1967 τοῦ,
705 1934 803 1962 «Οὔπω
816 1935 871 1972 γὰρ

77 1978 328 2014 ἀναπεπλήρωνται
354 1979 383 2006 at
410 1980 544 2015 ἁμαρτίαι
577 1979 632 2007 τῶν
657 1975 842 2017 ’Ᾰμορῤαίων.
857 1991 867 2008 ι

84 2025 135 2052 Ἐκ
159 2025 209 2060 τῆς
221 2025 296 2057 θείας
311 2024 401 2052 τοίνυν
422 2025 596 2061 ἀποκρίσεως
617 2026 675 2054 ἔστι
701 2027 801 2061 γνῶναι
825 2028 872 2056 τὸν

75 2070 181 2106 τρόπον
203 2070 254 2106 τῆς
280 2071 452 2106 ἐρωτήσεως·
471 2071 565 2107 ἐπειδὴ
595 2072 649 2107 γὰρ
673 2070 751 2104 εἷπε,
772 2082 781 2098 ι
795 2073 872 2100 Κατὰ

76 2116 106 2142 τί
119 2115 261 2151 γνώσομαι
272 2117 314 2143 ὅτι
332 2117 530 2153 κληρονομήσω
544 2118 629 2153 αὐτήν
640 2126 663 2151 ;ι
681 2118 808 2153 ἐδιδάχθη
823 2119 873 2154 μὲν

76 2163 145 2189 ὅσον
170 2163 370 2198 παροικήσουσι
396 2163 502 2198 χρόνον,
525 2164 573 2190 καὶ
595 2164 670 2196 ὅπως
697 2164 873 2200 ταλαιπωρή-

78 2217 185 2241 σουσιν,
216 2209 283 2244 ὅσης
312 2209 341 2235 δὲ
371 2209 570 2244 ἀξιωθήσονται
602 2209 785 2245 προμηθείας·
817 2210 873 2237 τῶν

923 1609 972 1638 sed
990 1607 1142 1644 expetentis
1162 1606 1270 1633 discere
1299 1603 1467 1631 haereditatis
1492 1601 1612 1629 modum.
1636 1602 1716 1629 Post-

923 1664 1006 1692 quam
1035 1655 1107 1683 enim
1134 1653 1247 1681 vidisset
1277 1650 1386 1686 populis
1412 1650 1447 1676 ab
1470 1647 1717 1676 innumerabilibus

923 1702 1096 1730 Palaestinam
1111 1699 1242 1730 habitari,
1258 1698 1366 1725 discere
1380 1696 1467 1723 voluit
1480 1695 1619 1730 quomodo
1636 1698 1718 1721 terra:

922 1749 1005 1783 hujus
1019 1745 1193 1774 dominatum
1212 1747 1370 1778 occuparet.
1384 1741 1450 1768 Belli
1460 1740 1541 1775 jure?
1556 1740 1615 1767 sine
1628 1739 1717 1766 bello?

921 1791 1076 1820 viventibus
1087 1790 1159 1818 illis?
1170 1787 1358 1823 interemptis?
1379 1786 1517 1821 expulsis?
1534 1785 1714 1820 Quapropter,

921 1842 984 1874 post
1002 1836 1179 1869 sacriﬁcium,
1205 1834 1252 1869 qui
1277 1833 1403 1861 omnium
1431 1840 1522 1859 rerum
1541 1831 1614 1859 Deus
1638 1831 1715 1861 visus

921 1889 990 1916 erat,
1013 1883 1214 1913 «Prmnoscens,
1230 1879 1328 1914 inquit,
1343 1885 1492 1913 cognosces
1507 1876 1580 1911 quod
1597 1877 1716 1911 peregri-

921 1937 987 1956 num
1002 1928 1124 1955 futurum
1142 1926 1174 1953 sit
1195 1933 1288 1953 semen
1301 1929 1378 1951 tuum
1390 1924 1423 1956 '7,
1445 1932 1455 1949 ι
1470 1927 1498 1950 et
1517 1926 1614 1949 caetera
1629 1930 1716 1956 usque

921 1973 977 2001 ad:
1015 1981 1026 1998 ι
1044 1971 1173 2000 Nondum
1200 1970 1273 1997 enim
1302 1968 1444 2003 completa:
1466 1972 1529 1995 sunt
1557 1967 1716 2002 iniquitates

922 2019 1155 2048 Amorrhaaorum.
1170 2027 1180 2044 ι
1192 2016 1321 2049 Proinde,
1333 2023 1367 2043 ex
1375 2015 1468 2043 divina
1480 2014 1526 2041 illa
1535 2013 1715 2048 responsione

922 2065 1050 2100 cognosci
1070 2067 1159 2099 potest
1173 2063 1272 2090 modus
1293 2060 1463 2101 quaestionis.
1477 2060 1626 2094 Postquam
1643 2058 1716 2086 enim

923 2112 1062 2140 dixisset:
1081 2119 1091 2137 ι
1112 2109 1190 2138 Unde
1215 2109 1286 2137 scire
1308 2115 1418 2143 possum
1440 2106 1513 2141 quod
1536 2112 1716 2141 possessurus

923 2158 975 2187 sim
989 2165 1067 2190 eam,
1087 2166 1097 2183 ›
1127 2156 1223 2184 didicit
1250 2158 1318 2191 quot
1345 2154 1458 2190 quidem
1489 2160 1577 2180 annos
1604 2159 1717 2187 peregre

924 2208 1177 2236 commorarentur,
1202 2202 1406 2238 aﬂligerentur,
1444 2204 1609 2235 quantaque
1641 2197 1716 2233 digni

79 2254 133 2289 μὲν
163 2243 380 2289 πολεμησάντων
399 2243 498 2286 αὐτοὺς
528 2243 787 2290 κολασθησομένων⁹
815 2255 869 2282 τῶν

961 2256 1102 2279 userentur
1113 2248 1303 2285 providentiae,
1321 2245 1456 2282 quosdam
1471 2245 1582 2280 quidem
1595 2251 1657 2271 cutn
1673 2243 1716 2271 his

76 2301 107 2327 δὲ
135 2300 170 2326 τὰ
197 2301 308 2327 ἐκείνων
337 2300 573 2336 καρπωσομένων·
613 2301 661 2327 καὶ
696 2302 738 2328 ὅτι
771 2301 875 2329 τούτων

77 2346 162 2377 αὐτὸς
188 2346 315 2381 οὐδεμίαν
334 2347 432 2381 πεῖραν
456 2345 545 2373 λαϐὼν
566 2346 596 2372 ὲν
609 2347 705 2382 εἰρήνῃ
726 2347 875 2374 καταλύσει

77 2393 126 2419 τὸν
143 2392 211 2427 βίον·
229 2391 332 2425 ἐδίδαξε
356 2392 385 2419 δὲ
407 2392 456 2419 καὶ
482 2393 531 2427 τῆς
549 2392 683 2426 ἀναϐολῆς
702 2392 752 2426 τὴν
773 2393 874 2420 αἰτίαν·

79 2440 124 2466 ἳνα
139 2439 193 2473 γὰρ
210 2440 248 2475 μή
262 2448 305 2471 τις
319 2439 425 2475 τοπάσῃ
443 2438 490 2465 κα)⁵
506 2438 550 2465 διὰ
570 2439 601 2465 τδ
616 2438 718 2473 πλῆθος
734 2438 789 2465 τῶν
803 2439 875 2465 ὲνοι-

79 2484 203 2511 κούντων
219 2485 256 2519 μὴ
273 2484 423 2520 δυνηθῆναι
439 2485 485 2511 τὸν
508 2484 647 2519 Δεσπότην
662 2483 729 2510 Θεὸν
756 2484 805 2519 τῆς
821 2484 874 2519 γῆς

79 2529 190 2564 ἐκείνης
198 2529 365 2565 παραδοῦναι
374 2530 423 2565 τὴν
431 2529 601 2562 δεσποτείαν,
608 2529 701 2564 φησὶν,
708 2539 717 2555 ι
724 2529 786 2556 Ὀτι
794 2529 870 2556 οὔπω

78 2576 145 2608 ἄξια
162 2575 349 2611 πανωλεθρίας
359 2575 522 2611 δεδράκασιν
536 2575 560 2601 οἱ
569 2575 755 2611 Ἀμοῤῥαῖοιοι
771 2576 802 2602 οὐ
816 2576 869 2612 χρὴ

79 2621 136 2656 γὰρ
159 2620 214 2656 πρὸ
230 2621 280 2656 τῆς
306 2621 444 2657 ἁμαρτίας
469 2622 501 2648 ἐκ
530 2621 712 2656 προγνώσεως
726 2621 870 2657 ἐνεχθῆναι

79 2666 132 2702 τὴν
147 2667 294 2701 τιμωρίαν·
310 2667 351 2693 ὅτι
371 2667 400 2693 δὲ
417 2665 491 2702 εἶχον
509 2667 570 2694 κατ’
583 2667 672 2694 ἐκεῖνο
682 2667 779 2703 καιροῦ
794 2669 871 2695 euas-

81 2712 150 2744 ϐεῖς,
174 2712 253 2747 δῆλον
271 2711 303 2739 ἐκ
326 2721 356 2738 τε
382 2712 429 2739 τοῦ
453 2713 597 2748 Ἀϐιμέλεχ
620 2713 666 2739 καὶ
686 2714 719 2739 ὲκ
736 2713 790 2741 τῶν
819 2714 871 2750 τὴν

121 2782 144 2797 ’⁸
168 2781 268 2808 Cenes.
295 2789 333 2813 Ix,
353 2781 398 2808 36.
437 2782 459 2797 ’⁷
487 2781 586 2809 Cenes.
606 2789 651 2814 xv,
669 2781 713 2809 15.

923 2297 1090 2330 bellaturos,
1113 2295 1289 2330 castigandus
1321 2300 1398 2326 esse;
1425 2291 1494 2319 alios
1520 2298 1584 2318 vero
1605 2290 1716 2317 illorum

925 2343 1043 2371 fortunis
1059 2342 1206 2369 l'ruituros.
1219 2340 1308 2375 Atque
1321 2339 1411 2374 ipsum
1428 2337 1494 2364 nihil
1509 2344 1543 2364 ex
1556 2335 1589 2363 iis
1605 2341 1716 2370 perpes-

923 2397 996 2423 sum,
1025 2389 1053 2415 in
1081 2395 1148 2423 pace
1175 2387 1294 2414 animam
1318 2384 1484 2413 elilaturum.
1502 2382 1602 2410 Didicit
1629 2381 1714 2408 etiam

922 2435 1004 2471 hujus
1017 2434 1159 2462 dilationis
1170 2440 1293 2463 causam,
1305 2439 1338 2458 ne
1347 2431 1408 2465 quis
1420 2428 1592 2464 conspiceret
1604 2430 1716 2462 propter

924 2479 1128 2508 multitudinem
1153 2477 1306 2505 incolarum
1331 2482 1387 2502 non
1411 2474 1536 2510 potuisse
1569 2471 1715 2500 Dominum

924 2529 1009 2555 Deum
1049 2526 1132 2560 hujus
1160 2529 1239 2552 terra:
1273 2522 1381 2550 tradere
1406 2520 1595 2550 dominatum,
1621 2517 1714 2545 dixit:

925 2584 935 2600 ε
954 2574 1023 2607 Quia
1040 2572 1162 2600 nondum
1178 2569 1256 2598 exitii
1273 2569 1356 2604 digna
1370 2567 1501 2594 fecissent
1517 2563 1681 2592 Amorrhazi.
1703 2571 1712 2588 ι

921 2619 981 2647 Νοη
994 2619 1066 2647 enim
1077 2621 1185 2653 oportet
1197 2615 1305 2643 venturi
1321 2613 1434 2642 sceleris
1457 2619 1489 2639 cx
1502 2609 1716 2645 praesumptione

923 2665 991 2694 solvi
1016 2672 1131 2700 pwnas;
1164 2667 1192 2691 et
1218 2661 1292 2697 quod
1318 2668 1351 2688 eo
1379 2665 1502 2696 tempore
1533 2656 1572 2692 pii
1602 2659 1713 2684 essent.

923 2715 1031 2740 constat
1043 2718 1076 2740 ex
1100 2708 1257 2738 Abimelech
1272 2712 1355 2743 atque
1369 2714 1385 2734 e
1399 2705 1512 2734 Chebrac
1534 2701 1631 2731 incolis
1645 2706 1716 2735 quos

841 2839 957 2868 NOTAE.

119 2899 177 2935 (55)
193 2899 242 2927 Est
259 2898 422 2927 Theodoreti
436 2907 462 2934 q.
479 2898 513 2926 65
528 2898 555 2926 in
570 2898 670 2926 Genus.
685 2897 744 2925 l'il.
