1874 3070
86 142 155 174 1οἷ3

85 199 215 234 πονηροῖς
230 198 321 225 αὐτῶν
337 198 435 226 πάθεσι
452 200 498 227 καὶ
511 202 544 236 τῇ
560 201 629 236 ὀργῇ
646 202 680 236 τῇ
697 201 796 236 μήνιδι·
814 202 874 227 ἐπι-

85 243 187 278 θυμίαν
198 242 226 269 δὲ
240 243 289 278 τὴν
302 243 387 279 ὀργὴν
400 244 539 271 ἐκάλεσεν·
554 246 586 272 ὲκ
596 245 700 280 ταύτης
711 245 766 281 γὰρ
808 245 877 281 ὀργὴ

84 290 134 325 τὴν
151 289 332 324 ὲτυμολογίαν
357 290 413 325 ἔχει
424 299 432 306 ·
449 291 576 326 ὀρέγεται
593 292 648 327 γὰρ
664 292 678 318 ὁ
701 291 877 327 ὀργιζόμενος

86 337 242 371 ἀμύνασθαι
275 337 322 363 τὸν
351 337 457 372 ἐχθρόν·
487 338 536 364 καὶ⁸
563 337 633 372 αὐτὴ
658 337 686 364 δὲ
715 338 731 372 ἡ
758 338 878 372 τιμωρία

87 383 242 418 πρόρρησις
251 380 295 418 ἦν·
312 393 321 408 ι
334 383 473 417 Διαμεριῶ
483 383 538 418 γὰρ
552 383 651 415 αὐτοὺς
666 384 695 409 ὲν
711 383 821 415 Ἰακὼϐ,
830 383 878 410 καὶ

85 428 226 463 διασπερῶ
239 428 337 460 αὐτοὺς
351 429 380 454 ἐν
396 429 513 464 Ἰσραήλ·
533 439 542 454 ι
560 429 618 456 ἀλλ’
629 430 646 464 ἡ
660 429 707 455 τοῦ
722 429 789 455 Λευῖ
806 429 878 464 φυλὴ

85 474 129 501 διὰ
137 474 187 509 τὴν
198 474 286 509 ἄκραν
296 474 428 510 διεσπάρη
437 476 532 511 τιμήν·
543 476 613 502 ὥστε
624 476 678 511 γὰρ
688 475 791 512 ἑκάστῃ
806 476 877 511 φυλῇ

86 521 204 546 συνεῖναι
216 520 332 552 Λευττας
340 521 387 547 καὶ
400 522 490 556 ἱερέας
501 522 549 548 καὶ
558 522 607 557 τὴν
622 521 688 557 παρ’
701 522 791 548 αὐτῶν
803 522 877 555 ὠφέ-

85 564 162 592 λειαν
185 565 367 601 καρποῦσθαι,
379 567 429 593 οὐκ
453 567 549 595 ἑλαδον
565 567 631 594 ἴδιον
646 569 757 604 κλῆρον,
774 568 832 595 ἀλλ’
849 569 878 594 ἐν

85 613 190 648 ἑκάστῃ
214 613 284 648 φυλῇ
309 622 382 646 τινες
416 614 508 646 αὐτοῖς
535 615 750 650 ἁπενεμὴϐησαν
774 615 877 647 πόλεις,

85 659 132 684 καὶ
146 659 196 692 τῆς
213 659 375 693 προαστείου
392 660 443 694 γῆς
457 660 607 695 ὡρισμένος
623 662 734 696 πήχεων
749 661 876 696 ἀριθμός·

85 707 134 732 καὶ
148 707 164 741 ἡ
179 706 225 733 τοῦ
238 707 344 742 Σεμεὼν
355 707 427 742 φυλὴ
443 708 493 734 οὐκ
519 704 574 742 εἶχε
589 708 690 742 κλῆρον
703 707 878 742 κεχωρισμέ-

84 761 141 783 νον,
159 752 226 779 ἀλλὰ
239 755 309 780 κατὰ
323 753 372 788 τὴν
389 752 436 779 τοῦ
462 755 633 789 πατριάρχου
660 754 813 789 πρόρρησιν
831 761 879 788 με-

83 797 152 829 ταξὺ
165 798 219 824 τῶν
234 798 321 826 ἄλλων
334 799 426 834 φυλῶν
440 799 654 835 διεσπαρμένον.

120 888 154 923 β’.
185 887 239 914 Τοῦ
264 888 292 914 δὲ
324 888 409 915 Ἰουδα
433 889 547 920 πολλοὺς
580 889 708 921 ἐπαίνους
735 889 872 921 διέξεισιν.

85 943 95 960 ι
117 934 214 965 Ἰούδα,
242 935 272 960 σὲ
286 935 445 962 αἰνέσαισαν
458 936 481 961 οἱ
510 935 619 969 ἀδελφοί
648 944 706 962 σου·
728 936 757 962 αἱ
783 937 873 972 χεῖρές

83 989 131 1007 σου
152 980 201 1006 ἐπὶ
221 980 307 1006 νώτου
329 981 384 1007 τῶν
398 980 505 1016 ἐχθρῶν
522 989 579 1006 σου·
596 981 816 1017 προσκυνήσουσί
833 990 874 1008 σοι

81 1026 106 1052 οἱ
123 1025 178 1052 υἱοὶ
194 1024 242 1051 τοῦ
265 1025 368 1060 πατρός
390 1034 447 1052 σου·
464 1025 584 1061 σκύμνος
598 1025 705 1058 λέοντος
732 1027 827 1059 Ἰούδα,
841 1027 874 1053 ὲκ

83 1071 211 1106 βλαστοῦ,
230 1072 273 1098 υίέ
291 1081 354 1106 μου,
367 1071 478 1108 ἅνέὸης.
497 1081 506 1098 ι
528 1071 609 1098 Ἀλλά
621 1072 725 1099 τούτων
740 1073 816 1099 οὐδὲν
834 1073 874 1108 τῷ

87 1117 176 1144 Ἰούδα
203 1118 344 1153 ἁρμόττει,
366 1118 435 1145 ἀλλὰ
453 1119 487 1154 τῇ
521 1118 554 1145 ὲκ
574 1118 671 1145 τούτου
698 1118 874 1156 βλαστησάσῃ

82 1163 165 1198 φυλῇ·
193 1163 319 1198 βασιλικὴ
345 1165 400 1199 γὰρ
429 1162 464 1200 ἦν
496 1163 577 1199 αὕτη,
609 1164 719 1200 πρώτου
751 1165 801 1199 μὲν
826 1166 875 1192 τοῦ

72 1210 165 1237 κΔαόὶδ
176 1210 397 1244 βασιλεύσαντος,
407 1208 467 1238 εἶτα
480 1210 533 1237 τῶν
546 1211 575 1244 ἐξ
591 1211 706 1242 ἐκείνου,
720 1212 768 1238 καὶ
779 1213 875 1239 πασῶν

81 1257 110 1284 δὲ
129 1257 185 1284 τῶν
199 1257 287 1284 ἄλλων
303 1258 396 1292 φυλῶν
410 1256 445 1293 ἦν
463 1258 649 1293 δυνατωτάτη·
661 1259 708 1286 καὶ
723 1260 777 1295 γὰρ
792 1260 875 1294 ἡνίκα

81 1302 166 1329 Δαϐὶδ
179 1303 193 1329 ὁ
213 1303 339 1338 βασιλεὺς
353 1304 541 1340 ἀριθμηθῆναι
565 1304 717 1340 προσέταξε
739 1306 784 1332 τὸν
798 1306 874 1339 λαὸν,

81 1349 263 1384 τετρακοσίας
274 1349 396 1384 χιλιάδας
411 1350 458 1376 τοῦ
479 1349 567 1377 ’ἰούδα
577 1347 653 1386 εὗρε.
669 1350 725 1377 τῶν
745 1351 774 1378 δὲ
787 1351 875 1378 ἄλλων

82 1395 176 1429 φυλῶν
200 1396 384 1427 ὲννεακοσίας·
401 1396 448 1422 καὶ
462 1396 554 1431 μέντοι
571 1397 623 1424 κάν
641 1398 674 1432 τῇ
691 1397 787 1432 ἐρήμῳ
814 1398 875 1432 ἀρι-

81 1441 247 1476 θμηθέντες,
257 1441 369 1473 πλείους
380 1441 511 1477 ὤφθησαν
524 1443 579 1469 τῶν
596 1442 684 1470 ἄλλων
692 1443 793 1478 φυλῶν·
808 1443 876 1470 ἀλλὰ

80 1489 113 1516 τὸ
128 1485 242 1523 ἀκριϐὲς
255 1488 304 1523 τῆς
321 1488 501 1523 προρρήσεως
520 1486 570 1522 τὴν
589 1486 701 1513 ἑκϐασιν
718 1486 814 1513 ἔλαϐεν
829 1487 876 1513 ἐπὶ

81 1534 129 1562 τοῦ
142 1535 279 1561 Δεσπότου
291 1534 421 1569 Χριστοῦ,
435 1533 465 1565 ὃς
477 1534 509 1560 ἐκ
521 1532 639 1568 βλαστοῦ
661 1532 745 1560 Ἰούδα
755 1533 875 1560 ἀνέτειλε

81 1582 154 1608 κατὰ
166 1582 212 1607 τὸν
230 1581 404 1616 πατριάρχην
425 1580 534 1612 Ἰακὼΰ,
556 1580 604 1606 κα)⁴
618 1580 690 1606 κατὰ
708 1580 753 1606 τὸν
771 1580 874 1616 προφή-

82 1636 132 1664 την
147 1627 271 1654 Ἡσαΐαν·
288 1637 297 1652 ι
308 1626 419 1662 Ἐξῆλθε
431 1626 528 1662 ράὗδος
537 1627 570 1653 ὲκ
577 1627 628 1661 τῆς
638 1627 715 1662 ῥίζης
723 1626 818 1658 Ίεσαὶ,
827 1627 873 1653 καὶ

82 1674 163 1705 ἄνθος
175 1675 206 1700 ὲκ
221 1673 271 1708 τῆς
287 1673 365 1709 ῥίζης
380 1673 491 1708 ἀνέϐη-ι
506 1673 580 1708 αὐτῷ
589 1673 617 1698 δὲ
633 1673 723 1699 καὶτὸ
738 1682 747 1698 ‹
760 1673 876 1699 Ἀναπε-

83 1720 139 1746 σὼν
161 1719 200 1750 ὡς
214 1719 284 1745 λέων
305 1719 452 1753 ἐκοιμήθη,
477 1718 619 1753 ἁρμόττει,
634 1718 681 1744 καὶ
697 1718 735 1749 ὡς
755 1717 874 1752 σκύμνος

81 1765 201 1795 λέοντος⁸
219 1775 227 1790 ι
239 1764 333 1800 ὥσπερ
345 1764 397 1799 γὰρ
412 1765 425 1790 ὁ
440 1764 508 1790 λέων
519 1763 659 1790 καθεύδων
675 1764 734 1790 ἐστὶ
746 1763 874 1800 φοϐερὸς,

82 1811 170 1843 οὕτως
195 1812 209 1837 ὁ
220 1811 382 1842 Δεσποτικδς
397 1810 512 1842 θάνατος
536 1811 584 1837 καὶ
599 1810 639 1844 τῷ
654 1809 762 1844 θανάτῳ
777 1811 823 1837 καὶ
834 1809 874 1846 τῷ

82 1857 200 1892 διαϐόλῳ
219 1858 376 1891 γεγένηται·
399 1857 494 1883 λέοντα
516 1856 570 1891 γὰρ
587 1856 668 1882 αὑτὸν
692 1857 739 1882 καὶ
755 1856 875 1890 σκύμνον

82 1905 190 1936 λέοντος
201 1904 337 1940 κέκληκεν
346 1904 384 1935 ὡς
396 1903 514 1930 Βασιλέα
525 1903 572 1930 καὶ
582 1903 720 1934 Βασιλέως
736 1903 812 1934 Υἱὺν,
828 1903 875 1930 καὶ

83 1952 150 1979 Θεὸν
169 1952 217 1978 καὶ
228 1950 296 1977 Θεοῦ
306 1950 371 1977 Υῐόν
388 1959 394 1966 ·
406 1951 456 1977 καὶ
467 1950 537 1977 κατὰ
545 1950 576 1976 τὸ
586 1950 770 1986 ἀνθρώπινον·
784 1951 817 1977 ὲκ
827 1950 875 1977 τοῦ

83 1998 168 2025 Δαΰὶδ
188 1998 242 2033 γὰρ
255 1997 417 2032 ἐϐλάστησε·
434 1998 479 2023 καὶ
495 1997 533 2028 ὠς
552 1996 619 2028 Θεὸς
634 1997 687 2032 πρὸ
699 1996 754 2023 τῶν
769 1996 876 2023 αἰώνων

83 2046 115 2071 ὲκ
125 2044 174 2070 τοῦ
183 2043 290 2079 Πατρὸς
305 2043 449 2078 ἐγεννήθη·
465 2043 512 2069 καὶ
523 2044 564 2074 τὸ,
576 2052 585 2068 ι
597 2043 645 2074 Τίς
656 2044 747 2078 ἐγερεῖ
761 2043 873 2076 αὐτόν;ι

82 2091 133 2126 τὴν
160 2090 265 2123 ἄφατον
293 2088 377 2116 αὑτοῦ
404 2089 525 2115 δείκνυσι
558 2088 682 2123 δύναμιν·
718 2089 800 2120 αὐτὸς
821 2089 877 2124 γὰρ

84 2136 183 2162 ἑαυτὸν
191 2135 322 2170 ἀνέστησε
336 2134 406 2160 κατὰ
414 2134 463 2168 τὴν
476 2133 559 2160 αὑτοῦ
569 2134 723 2170 πρόρρησιν
732 2143 755 2159 ·ι
768 2134 877 2161 Λύσατε

84 2183 130 2210 τὸν
143 2183 207 2209 ναὸν
221 2181 325 2213 τοῦτον,
342 2190 351 2206 ι
366 2180 413 2207 καὶ
425 2180 498 2215 ἑξῆς.

491 145 539 175 AD
554 145 852 175 AMPHlLOCHIUM
865 145 1038 181 QUIESTIO
1059 146 1178 182 CCLIX,
1197 146 1300 177 CCLX.

1648 145 1716 178 1074

888 206 912 232 Α
927 202 1028 236 iraeque
1036 202 1148 228 vindici.
1159 201 1191 228 Et
1200 202 1308 237 quidem
1321 201 1478 236 cupiditatis
1491 202 1602 230 nomine
1615 210 1716 231 excan-

928 249 1095 276 dcseentiam
1126 248 1264 283 appellat:
1282 248 1356 276 illinc
1379 249 1481 283 quippe
1504 249 1616 276 ducitur
1635 257 1718 277 voca-

929 295 985 321 buli
1003 294 1224 321 excandescentia
1237 295 1325 326 ratio;
1341 295 1417 321 ardet
1427 295 1500 321 enim
1514 296 1718 324 excandescens

930 340 1071 367 inimicum
1096 340 1248 368 ulciscendi
1274 340 1435 375 cupiditate.
1460 341 1550 375 Atque
1574 341 1631 368 haac
1658 342 1717 375 ipsa

929 387 998 414 ultio
1017 387 1178 414 vaticinium
1195 391 1266 414 erat.
1286 396 1295 412 ι
1313 387 1434 414 Dividam
1450 387 1550 421 quippe
1561 394 1609 414 eos
1623 387 1650 413 ln
1670 386 1718 414 Ja-

929 433 992 466 cob,
1016 433 1169 469 dispergam
1193 434 1220 461 in
1238 433 1331 461 Israel.
1351 443 1360 458 ›
1386 433 1491 467 Reapse
1508 437 1597 460 tamen
1613 433 1718 460 Levinii

929 480 1019 508 tribus
1044 480 1145 508 summi
1163 480 1278 507 honoris
1297 481 1384 514 gratia
1402 480 1526 514 dispersa
1546 479 1598 507 fuit
1617 487 1717 506 :nam-

931 534 984 560 que
997 531 1026 553 ut
1042 526 1069 553 in
1087 526 1204 561 singulis
1219 526 1344 553 tribubus
1357 525 1458 552 Levita:
1472 530 1565 552 essent
1582 533 1615 552 ac
1628 533 1719 553 sacer-

929 572 1017 605 dotes,
1042 572 1218 607 indidemqtte
1244 572 1390 600 utilitatem
1415 571 1633 606 perciperent",
1664 579 1718 598 non

929 624 970 646 est
985 619 1039 646 illis
1054 618 1195 653 assignata
1210 618 1359 653 peculiaris
1374 618 1526 653 possessio,
1541 618 1589 645 sed
1604 617 1632 644 in
1650 625 1719 644 una-

930 671 1040 699 quaque
1055 664 1127 691 tribu
1141 664 1268 699 qutedam
1285 664 1366 691 urbes
1379 664 1519 691 attributa:
1534 671 1597 690 eum
1619 663 1719 691 subur-

930 709 993 737 bani
1008 709 1060 736 soli
1075 709 1189 736 deﬁnito
1210 708 1367 736 cubitorum
1388 716 1516 735 nutnero.
1534 707 1604 734 Tum
1621 715 1654 734 ne
1674 707 1719 734 Si-

930 756 1036 783 meonis
1049 755 1159 790 quidem
1180 755 1270 782 tribus
1286 755 1427 789 proprium
1441 761 1537 788 agrum
1552 754 1648 780 sortita
1666 758 1718 784 est,

929 803 978 830 sed
1003 808 1034 830 ut
1061 802 1217 837 patriarcha
1246 801 1418 836 przedixerat,
1443 800 1515 828 inter
1534 799 1602 828 alias
1631 799 1719 827 tribus

929 849 1053 884 dispersa
1065 849 1097 875 ".

961 896 989 922 ‘2.
1009 895 1065 930 Age
1082 901 1146 921 vero
1156 893 1232 920 Iudae
1246 893 1377 928 plurimas
1389 893 1483 920 laudes
1493 892 1598 919 recitat.
1618 899 1627 916 ι
1639 890 1719 923 Juda,

926 940 1038 968 laudent
1061 943 1086 966 te
1110 938 1211 966 fratres
1234 938 1292 970 tui;
1317 944 1415 964 manus
1443 941 1496 964 tute
1521 937 1547 963 in
1568 936 1720 963 cervicibus

925 987 1045 1015 hostium
1063 991 1192 1018 tuorum;
1207 985 1254 1012 lilii
1270 985 1360 1018 patris
1373 984 1413 1011 tui
1426 984 1541 1011 adorent
1554 986 1590 1010 te.
1606 981 1719 1010 Catulus

924 1033 1011 1061 leonis
1027 1032 1112 1059 Judas
1126 1040 1133 1065 ;
1152 1040 1185 1058 ex
1199 1031 1330 1066 germine,
1346 1029 1383 1057 illi
1396 1029 1443 1061 mi,
1459 1029 1618 1056 ascendas.)
1636 1027 1718 1062 Atqui

924 1079 994 1107 nihil
1008 1080 1105 1106 horum
1120 1077 1197 1105 Judaa
1213 1076 1349 1112 congruit,
1365 1076 1413 1103 sed
1433 1080 1499 1103 orta:
1513 1083 1547 1102 ex
1568 1081 1602 1102 eo
1619 1073 1713 1103 tribui.

924 1134 985 1162 quae
1008 1125 1108 1160 regalis
1133 1124 1230 1155 evasit,
1264 1122 1366 1150 Davide
1393 1130 1457 1156 rege
1486 1121 1591 1156 primo,
1616 1120 1714 1148 deinde

924 1172 1044 1208 posteris
1061 1171 1132 1206 ejus.
1150 1169 1213 1197 Haec
1232 1168 1356 1196 omnium
1380 1167 1499 1194 tribuum
1527 1166 1716 1202 potentissima

925 1218 999 1246 fuit:
1020 1225 1084 1244 nam
1111 1220 1215 1243 etcum
1242 1223 1290 1242 rex
1317 1213 1400 1240 David
1429 1213 1567 1240 numerari
1587 1212 1717 1247 populum

923 1264 1021 1300 jussit,
1039 1263 1238 1297 quadringenta
1257 1260 1343 1287 millia
1365 1259 1521 1286 Judworutn
1541 1259 1661 1293 reperit;
1685 1265 1741 1285 ex‘

925 1311 987 1339 aliis
1016 1317 1081 1337 vero
1110 1308 1230 1337 cunctim
1259 1307 1385 1334 tribubus
1418 1309 1553 1340 nongenta
1593 1304 1718 1331 millia”.

926 1359 982 1385 lmo
997 1360 1025 1384 et
1054 1356 1080 1383 in
1112 1355 1220 1383 deserto
1251 1361 1313 1381 cum
1342 1360 1442 1380 census
1468 1356 1604 1386 ageretur,
1628 1351 1720 1385 plures

925 1403 1011 1432 Judaei
1027 1403 1133 1430 caneris
1150 1401 1279 1428 tribubus
1294 1398 1427 1434 comperti
1445 1402 1520 1426 sunt.
1536 1396 1666 1424 Vaticinii
1677 1402 1719 1423 Ia-

926 1458 988 1477 men
1008 1452 1136 1476 accurata
1166 1446 1238 1474 ratio
1260 1450 1340 1473 nacta
1369 1448 1411 1472 est
1433 1444 1535 1471 exitum
1561 1443 1587 1469 in
1610 1442 1723 1469 Christo

927 1496 1054 1527 Domino,
1068 1496 1116 1530 qui
1130 1494 1163 1521 de
1175 1493 1251 1521 Judaa
1268 1491 1393 1528 germine
1404 1490 1527 1521 emersit,
1542 1494 1625 1524 prout
1638 1488 1719 1515 Jaco-

888 1559 909 1586 ε
927 1543 978 1570 bus
995 1541 1151 1576 patriarcha
1177 1543 1205 1566 et
1227 1538 1312 1565 Isaias
1336 1537 1469 1572 propheta
1496 1535 1719 1563 allirmaverunt:

927 1587 1000 1614 Exiit
1014 1587 1088 1620 virga
1100 1586 1134 1613 de
1147 1585 1238 1612 radice
1250 1583 1355 1615 Jessrei,
1371 1588 1398 1610 et
1409 1583 1459 1610 llos
1471 1582 1506 1609 de
1521 1581 1612 1608 radice
1626 1588 1722 1608 ascen-

925 1634 974 1661 dit.
993 1634 1103 1662 Christo
1128 1637 1258 1667 praeterea
1282 1631 1365 1658 verba
1387 1633 1554 1664 congruunt,
1588 1636 1598 1652 ι
1624 1626 1658 1654 Ut
1679 1627 1723 1653 leo

926 1681 1109 1718 procumbens
1140 1679 1253 1713 quievit,
1283 1685 1312 1704 ut
1339 1677 1428 1704 leonis
1445 1674 1592 1703 catulus“.
1615 1683 1625 1700 ι
1653 1673 1720 1700 Nam

926 1727 1008 1755 sicuti
1027 1727 1069 1754 leo
1085 1725 1189 1753 cubans
1210 1723 1340 1751 terribilis
1361 1727 1412 1754 est,
1435 1721 1472 1748 ita
1488 1728 1564 1747 mors
1579 1719 1720 1746 Doutinica

926 1773 1007 1801 morti
1024 1780 1056 1800 ac
1075 1771 1181 1798 diabolo
1200 1769 1296 1797 terrori
1314 1768 1375 1795 fuit.
1397 1767 1516 1794 Leonem
1537 1767 1625 1800 ipsum
1641 1769 1722 1792 catu-

926 1821 1039 1854 lumque
1055 1818 1142 1845 leonis
1159 1816 1287 1852 appellat,
1309 1822 1406 1849 nempe
1429 1818 1459 1840 ut
1479 1820 1570 1848 regem
1594 1811 1722 1846 regisque

927 1865 1173 1898 lilium,Deumquc
1197 1862 1242 1888 Dei
1262 1861 1372 1888 Filium.
1390 1859 1498 1887 Etenim
1515 1863 1543 1884 ut
1558 1859 1650 1888 homo,
1668 1857 1722 1883 Da-

926 1912 988 1940 vide
1003 1915 1080 1938 ortus
1094 1915 1153 1943 est;
1172 1914 1201 1936 ut
1218 1909 1299 1940 Deus,
1326 1910 1389 1933 ante
1405 1905 1505 1932 saecula
1521 1912 1535 1930 a
1552 1902 1633 1930 Patre
1645 1902 1722 1937 geni—

927 1963 983 1986 tus.
994 1957 1052 1985 Jam
1063 1956 1145 1983 verba
1157 1966 1165 1981 ι
1179 1954 1247 1988 Quis
1256 1952 1400 1981 suscitabit
1410 1959 1485 1984 eum,
1497 1960 1506 1976 ι
1517 1949 1651 1976 maximas
1661 1948 1722 1982 ejus

927 2005 1000 2032 vires
1013 2004 1204 2030 demonstrant
1221 2009 1228 2028 :
1243 2000 1301 2034 ipse
1313 1999 1386 2026 cnim
1401 2001 1487 2025 semet
1495 2000 1580 2031 prout
1592 1994 1723 2030 pratdixe-

928 2056 971 2079 rat
993 2048 1173 2078 exsuscitavit
1197 2057 1204 2075 :
1234 2057 1243 2073 ι
1266 2046 1370 2074 Solvite
1402 2044 1533 2079 templum
1558 2043 1629 2076 hoc;
1658 2050 1668 2067 ι
1695 2045 1722 2068 et

930 2099 1045 2133 reliqua.

891 875 914 904 Β

120 2231 155 2263 γ’.
173 2211 357 2263 Προαγορεύει
378 2227 407 2253 δὲ
420 2211 471 2253 καὶ.
491 2227 541 2260 τῆς
553 2226 715 2260 ἐπιφανείας
729 2227 811 2253 αὑτοῦ
827 2227 872 2254 τὸν

964 2221 993 2248 5.
1010 2218 1101 2254 Pergit
1117 2223 1226 2252 tempus
1241 2215 1322 2243 etiam
1341 2213 1500 2249 praedicere,
1520 2219 1576 2247 quo
1590 2211 1635 2239 ille
1657 2218 1722 2237 ven--

86 2275 190 2310 καιρόν·
203 2284 212 2300 ι
222 2275 279 2301 Οὐκ
287 2273 408 2308 ἐκλείψει
416 2273 469 2308 γὰρ
479 2273 570 2308 ἅρχων
579 2272 608 2305 ἐξ
622 2273 717 2306 Ἰούδα,
730 2284 739 2300 ι
750 2274 796 2300 καὶ
803 2274 876 2309 ἑξῆς·

86 2323 200 2357 σημεῖον
217 2321 271 2356 γὰρ
289 2320 368 2347 τοῦτο
386 2321 437 2355 τῆς
459 2319 507 2346 τοῦ
525 2319 627 2355 Κυρίου
649 2320 800 2355 παρουσίας
829 2329 878 2346 σα-

86 2368 230 2401 φέστατον·
257 2365 380 2397 ἐξέλιπον
404 2364 459 2399 γὰρ
479 2364 532 2391 τῶν
552 2364 687 2391 Ἰουδαίων
698 2365 748 2400 οὺχ
763 2365 788 2391 οἱ
801 2364 879 2400 βασι-

85 2414 143 2444 λεῖς
173 2413 253 2448 μόνον
268 2412 336 2438 ἀλλὰ
356 2412 402 2438 καὶ
426 2412 451 2437 οἱ
475 2411 615 2446 ἀρχιερεῖς
627 2411 675 2438 καὶ
689 2412 714 2437 οἱ
729 2412 877 2447 προφῆται·

84 2458 132 2485 τοῦ
152 2459 207 2493 γὰρ
223 2457 348 2493 Σωτῆρος
369 2455 448 2492 ἡμῶν
464 2455 605 2491 μέλλοντος
619 2456 771 2489 τίκτεσθαι,
795 2457 875 2483 ἁλλό-

86 2505 164 2538 φυλοι
180 2503 269 2530 αὐτῶν
284 2503 440 2538 ἐκράτησαν
458 2501 589 2536 βασιλεῖς,
607 2502 651 2528 ἵνα
666 2503 680 2528 ὁ
702 2502 810 2534 αἰώνιος
824 2503 877 2529 δει-

85 2551 136 2586 χθῇ
154 2550 284 2581 Βασιλεὺς
298 2550 315 2583 ὴ
330 2549 385 2574 τῶν
399 2547 485 2574 ἐθνῶν
509 2547 668 2583 προσδοκία·
688 2548 735 2574 καὶ
749 2548 803 2582 γὰρ
830 2548 877 2575 καὶ

85 2596 125 2631 τῷ
150 2595 277 2630 Ἀϐραὰμ
292 2595 339 2621 καὶ
354 2594 391 2629 τῷ
413 2594 507 2620 Ἰσαὰκ
518 2594 564 2620 καὶ
579 2593 617 2628 τῷ
634 2593 732 2620 Ἰακὼό
744 2594 878 2628 ὑπέσχετο

85 2644 99 2669 ὁ
116 2643 183 2673 Θεὸς
198 2643 227 2668 ὲν
253 2642 291 2676 τῷ
317 2642 455 2676 σπέρματι
485 2640 574 2666 αὐτῶν
600 2640 759 2675 εὐλογήσειν
790 2640 880 2666 πάντα

86 2689 120 2716 τὰ.
135 2689 199 2722 ἔθνη
210 2688 260 2721 τῆς
276 2687 339 2722 γῆς·
356 2687 472 2713 τοῦτοδὲ
483 2686 530 2712 καὶ
544 2686 661 2712 ἐνταῦθα
683 2685 846 2720 παραδηλῶν
866 2686 880 2712 ὁ

93 2734 201 2766 Ἰακὼϐ,
219 2734 295 2769 φησί·
309 2744 318 2759 ι
332 2734 388 2760 Οὐκ
397 2733 515 2767 ἐκλείψει
532 2733 650 2768 ἄρχων.)
665 2734 712 2759 καὶ
723 2731 798 2766 ἑξῆς·
815 2732 879 2764 ἕως,

92 2790 101 2806 ι
112 2781 167 2807 Καὶ
174 2781 253 2812 αὐτὸς
262 2780 410 2815 προσδοκία
418 2779 513 2806 ἐθνῶν·
526 2788 534 2804 ι
544 2779 592 2805 καὶ
599 2778 734 2805 Ἰουδαίων
745 2779 880 2805 συστάντα

125 2838 147 2853 ²¹
161 2837 239 2864 Num.
269 2845 351 2867 xxxv.
366 2837 393 2864 ιι.
446 2837 467 2852 υ
482 2835 540 2864 Jos.
556 2843 612 2868 xu,
628 2835 653 2862 9.

93 2872 113 2888 “
125 2872 224 2902 Cenes.
241 2881 315 2906 uix,
333 2872 374 2900 l0.

705 2835 748 2862 "l
765 2835 852 2863 Paral.
868 2843 926 2868 XXI,
943 2835 977 2868 5;
993 2833 1072 2861 Num.
1094 2841 1112 2866 I,
1139 2831 1184 2860 9.7.

927 2273 1008 2295 turus
1025 2270 1106 2293 erat:
1124 2274 1134 2291 ‹
1157 2264 1217 2291 Νοιι
1231 2262 1339 2290 deﬁciet
1362 2261 1489 2294 princeps
1505 2266 1538 2286 ex
1552 2257 1639 2290 Juda;
1661 2266 1671 2283 υ
1696 2262 1724 2284 et

929 2314 1045 2349 reliqua.
1060 2312 1116 2339 Hoc
1138 2311 1212 2338 enim
1232 2309 1363 2336 indiciutu
1388 2306 1439 2333 fuit
1455 2304 1556 2333 Christi
1582 2303 1724 2338 praesentis

928 2359 1178 2395 exploratissimum
1197 2365 1204 2383 :
1222 2362 1342 2389 namque
1355 2352 1426 2387 apud
1439 2351 1547 2378 Judteos
1564 2349 1723 2377 defecerant

929 2416 983 2435 non
1002 2414 1079 2442 reges
1098 2402 1299 2433 tantummodo,
1315 2400 1361 2427 sed
1379 2399 1461 2426 etiam
1483 2396 1626 2432 pontiﬁces
1642 2400 1726 2429 atque

931 2441 1079 2488 prophetae.
1097 2450 1202 2478 Etenim
1217 2447 1369 2475 Servatoris
1385 2444 1472 2472 nostri
1487 2444 1607 2471 instante
1626 2441 1725 2469 nativi-

932 2506 997 2533 tate,
1013 2500 1170 2534 alienigena;
1186 2503 1263 2532 reges
1278 2495 1500 2525 dominabantur,
1519 2498 1549 2520 ut
1573 2499 1621 2519 rex
1644 2495 1724 2517 auer-

933 2556 985 2575 nus
1011 2545 1242 2575 manifestaretur,
1266 2541 1386 2577 gentium
1403 2538 1580 2574 exspectatio.
1603 2536 1671 2563 Nam
1697 2540 1723 2562 ct

932 2593 1090 2621 Abrahamo
1103 2597 1129 2618 et
1146 2590 1238 2618 lsaaeo
1251 2592 1278 2615 et
1295 2587 1397 2614 Iacobo
1419 2586 1584 2621 promiserat
1596 2583 1679 2614 Deus,
1695 2581 1724 2608 in

930 2639 1035 2668 semine
1059 2645 1155 2664 eorum
1186 2635 1391 2662 benedicturum
1417 2641 1447 2660 se
1466 2635 1559 2666 gentes
1589 2635 1677 2656 terrm.
1694 2628 1725 2654 ltl

930 2685 1019 2720 ipsutn
1041 2683 1094 2710 hoc
1107 2683 1166 2709 loco
1182 2681 1324 2708 declarans
1339 2678 1457 2705 Iacobus
1474 2676 1531 2704 ait:
1551 2684 1560 2701 ι
1581 2673 1640 2702 Non
1655 2674 1723 2701 deli-

929 2731 984 2758 eiet
997 2729 1143 2765 princeps;
1158 2737 1167 2753 ι
1182 2731 1209 2755 et
1219 2722 1333 2760 reliqua,
1344 2731 1432 2758 usque
1440 2723 1473 2750 ad
1485 2721 1585 2749 verba:
1602 2729 1611 2745 ι
1624 2719 1656 2746 Et
1665 2719 1727 2754 ipse

931 2777 982 2805 erit
1001 2775 1169 2811 exspectatio
1184 2773 1307 2810 gentium
1321 2781 1328 2800 ;
1342 2781 1352 2797 ι
1369 2771 1555 2806 populumque
1579 2767 1726 2795 Judaictuu

1237 2830 1259 2846 ³⁸
1275 2829 1328 2859 lsa.
1354 2836 1390 2860 xt,
1408 2829 1434 2855 7.
1482 2827 1504 2843 ⁸³
1519 2824 1598 2853 Joan.
1632 2832 1660 2857 ιι,
1680 2824 1722 2850 l9.
