1874 3070
162 146 231 180 10⁵15

696 141 829 173 PHOTII
848 136 1103 170 PATRIARCHIE
1121 137 1177 167 (ΣΡ.

1723 129 1794 161 1076

157 203 316 231 constituet.
333 200 462 234 Alligans.
479 198 578 234 inquit,
595 197 643 225 viti
658 197 764 225 asinam
783 204 872 228 suam,
888 203 897 222 ι

1053 189 1243 225 ν.‹Δεσμεύων
1253 188 1321 224 πρδς
1336 187 1458 222 ἄμπελον
1472 185 1521 222 τὴν
1532 185 1593 224 ὄνον
1608 184 1702 218 αὐτοῦ,
1712 185 1793 220 φησὶ·

158 257 237 277 ramo
250 248 350 283 pullum
366 246 450 273 asinae
463 252 529 272 sure.
546 244 623 278 Quod
638 243 749 278 quidem
763 244 826 271 vitis
840 242 952 270 nomine

159 296 302 322 denotetur
319 293 411 325 Israel,
435 292 537 327 passim
565 291 704 326 prophetm
725 290 834 318 docent.
853 289 952 325 Utique

160 341 242 368 David
268 341 320 367 ait:
348 350 358 366 ‹
381 339 492 366 Vincam
515 347 548 366 ex
568 338 686 374 Egypto
714 336 875 364 transtulisti
886 336 919 364 ³⁷.
939 345 949 362 ι

160 387 228 415 Tum
266 387 398 415 Dominus
429 387 454 413 in
474 385 652 419 Evangeliis:
682 394 692 410 ‹
719 382 809 412 Homo
838 383 950 418 quidam

159 434 268 460 vineam
303 432 476 468 plantavit".
499 442 509 458 ι
541 431 648 458 Pnllum
681 431 750 458 dicit
776 425 950 457 ethnicorum

160 479 291 515 populum
303 499 310 512 ,
336 484 427 514 utpote
441 479 532 506 adhuc
547 478 690 506 indocilem
707 482 736 505 et
754 478 889 506 domitore
905 483 951 504 τοι·

160 531 276 553 rentem.
295 525 353 554 Hoc
367 526 426 560 ipse
438 524 570 553 Dominus
598 525 698 556 innuit,
728 532 790 552 cum
814 523 954 551 mandavit

161 575 306 610 discipulis
322 579 351 601 ut
363 574 390 601 in
407 574 551 602 adversum
566 574 707 601 eaStellum
723 574 805 606 irent,
821 573 955 600 vinctam-

162 629 216 656 que
237 622 342 649 asinam
358 621 495 649 solverent
507 628 571 648 cum
591 620 666 656 pullo
689 620 760 656 ejus,
775 628 857 656 quem
872 627 953 648 nemo

163 667 262 701 adhuc;
280 667 379 703 inquit,
400 667 580 696 insederat".
595 667 662 696 Nam
677 676 767 704 neque
786 669 953 704 patriarcha,

163 722 251 749 neque
266 714 414 748 Iegislator,
426 722 514 750 neque
530 714 662 750 propheta
675 715 772 744 salutis
780 716 952 744 ethnicorum

163 768 257 788 curam
269 766 420 796 gesserant.
436 760 496 789 Divi
507 766 600 790 autem
615 762 731 797 apostoli
744 762 854 790 erudire
863 763 955 790 ethni-

164 813 211 833 cus
225 806 296 841 jussi
316 806 456 834 solverunt
483 807 599 839 asinam,
616 807 642 834 id
660 811 702 835 est
716 807 858 836 hominum
875 812 956 835 natu-

164 860 223 879 ram
243 850 417 887 peccatorum
432 853 498 880 loris
521 857 600 880 antea
614 853 768 880 devinctam
784 861 791 880 :
813 854 955 881 solverunt
970 865 992 895 Β

164 903 192 925 et
208 898 322 932 pullum,
341 899 537 933 germinantem
557 899 662 926 scilicet
682 907 716 927 ex
736 907 769 927 ea
797 901 927 935 populum
945 909 953 928 :

166 944 355 979 iinposiiisque
367 945 390 972 ei
405 945 574 973 vestimentis
589 946 656 977 suis.
671 945 696 973 id
710 951 762 978 est.
780 954 861 981 quam
877 955 956 975 acce-

167 995 272 1024 perant,
291 991 377 1024 gratia
404 992 479 1026 (nam
501 996 633 1027 quotquot
650 991 677 1019 in
696 991 806 1020 Christo
826 993 955 1028 baptizati

167 1042 247 1068 sunt,
278 1036 415 1064 Christum
444 1036 631 1072 induerunt")
663 1038 779 1065 docilem
808 1039 958 1068 eﬁecerunt

166 1089 246 1114 eum,
271 1082 317 1117 qui
345 1086 405 1110 erat
436 1087 514 1110 antea
536 1083 625 1118 pullus
650 1084 820 1117 indomitus.
849 1086 957 1122 ipsique

168 1128 312 1156 Dominum
330 1129 529 1164 imposuerunt.
555 1129 623 1157 Tum
643 1132 768 1159 eumdem
789 1133 835 1160 viti
861 1133 958 1167 alliga-

168 1181 277 1208 verunt,
297 1176 323 1203 id
339 1181 381 1203 est
394 1176 505 1204 sibimet
520 1177 587 1212 ipsis
606 1187 613 1205 :
637 1186 700 1205 nam
720 1178 822 1207 Judaeis
847 1181 958 1209 oriundi

168 1222 295 1258 apostoli.
321 1221 413 1258 Neque
448 1223 579 1257 apostolis
607 1228 729 1257 tantum,
754 1233 848 1254 verum
875 1230 957 1255 etiam

147 1263 268 1296 ~horum
292 1269 435 1304 discipulis
458 1270 576 1298 devincti
601 1270 694 1299 fideles
717 1278 806 1300 sunt:
833 1274 859 1301 id
884 1275 958 1309 quod

168 1316 324 1351 patriarcha
351 1317 502 1351 praevidens
525 1318 564 1345 ait
585 1325 593 1345 :
619 1319 741 1354 Alligans
767 1320 815 1348 viti
850 1322 959 1349 asinam

168 1370 258 1395 suam,
275 1371 405 1398 ramoque
420 1364 483 1391 vitis
498 1364 602 1399 pullum
616 1365 700 1393 asina:
714 1373 781 1394 suae.

1002 236 1050 263 καὶ
1057 237 1090 271 τῇ
1106 235 1176 262 ἕλικι
1189 235 1238 270 τῆς
1247 233 1370 269 ἀμπέλου
1382 233 1426 259 τὸν
1439 231 1528 258 πῶλον
1539 231 1590 267 τῆς
1602 231 1664 257 ὖνου
1677 230 1791 257 αὐτοῦ’»

1001 283 1042 310 ὅτι
1056 282 1084 309 δὲ
1100 282 1222 317 ἄμπελος
1240 281 1255 307 ὀ
1284 279 1394 315 Ἰσραὴλ
1418 278 1596 314 ὠνομάζετο,
1616 277 1717 307 πάντες
1743 277 1795 311 μὲν

1000 329 1026 355 οἱ
1044 329 1182 363 προφῆται
1193 327 1361 354 διδάσκουσι·
1374 326 1422 352 καὶ
1435 324 1518 352 Δαὸίδ
1534 332 1613 359 φησι·
1627 333 1635 349 ι
1651 322 1795 358 Ἄμπελον

1001 375 1030 409 ἐξ
1042 375 1181 410 Αἰγύπτου
1198 374 1330 410 μετῆρας’
1344 382 1353 398 ι
1365 373 1413 399 καὶ
1424 373 1439 399 ὁ
1452 371 1555 406 Κύριος
1565 371 1595 398 δὲ
1604 371 1634 396 ὲν
1641 371 1697 401 τοῖς
1709 370 1797 402 Εὐαγ-

1001 421 1111 457 γελίοις¹
1125 430 1134 447 ι
1147 419 1352 456 Ἀνθρωπόςτις
1360 417 1508 453 ἐφύτευσεν
1514 416 1692 452 ἀμπελῶνα·)
1704 414 1797 441 πῶλον

1001 468 1029 495 δὲ
1046 468 1092 494 τὸν
1110 466 1140 499 ἐξ
1153 465 1238 493 ἐθνῶν
1251 464 1380 500 ὀνομάζει
1398 464 1474 496 λαὸν,
1500 463 1537 494 ὡς
1558 462 1714 497 ἀδάμαστον
1729 460 1798 486 ὄντα

1002 514 1050 540 καὶ
1074 512 1253 548 minaciuqu
1278 512 1329 538 οὑκ
1360 509 1507 546 ἐσχηκότα·
1527 509 1608 535 τοῦτο
1635 508 1690 542 γὰρ
1717 506 1768 533 καὶ
1783 506 1797 531 ό

1003 558 1105 595 Κύριος
1130 557 1242 593 ᾐνίξατο
1267 557 1324 588 τοῖς
1349 555 1510 586 ἀποστόλοις
1535 551 1728 590 προστεταχὼς
1755 551 1796 582 εἰς

1003 605 1051 640 τὴν
1066 605 1197 632 ἀπέναντι
1218 603 1315 639 κώμην
1331 602 1459 629 ἀπελθεῖν
1485 601 1534 628 καὶ
1557 599 1640 626 λῦσαι
1658 599 1709 634 τὴν
1735 596 1796 623 δνον

1002 652 1052 688 τὴν
1073 650 1220 686 δεδεμένην
1233 649 1338 676 καὶτὸν
1351 649 1454 684 ταύτης
1470 647 1570 679 πῶλον,
1587 646 1631 681 ἐφ’
1649 645 1690 677 ὃν,
1715 643 1794 679 φησὶ»

1003 697 1091 728 οὐδεὶς
1113 696 1266 732 ἀνθρώπων
1295 694 1420 722 ὲκάθισε⁶
1441 693 1504 721 οὔτε
1527 693 1582 729 γὰρ
1610 691 1798 728 πατριάρχης,

1004 743 1066 770 οὔτε
1079 741 1242 778 νομοθέτης,
1256 740 1319 769 οὒτε
1331 740 1476 777 προφήτης
1487 739 1556 775 (58),
1572 739 1622 774 τῆς
1636 738 1692 765 τῶν
1711 737 1797 764 ἐθνῶν

1005 789 1146 825 ἐφρόντισε
1171 787 1324 824 σωτηρίας·
1341 787 1366 814 οἱ
1386 787 1415 814 δὲ
1435 787 1503 814 θεῖοι
1529 785 1676 813 ἀπόστολοι
1706 791 1795 819 προσ-

1005 835 1153 871 ταχθέντες
1186 834 1356 870 μαθητεῦσαι
1381 834 1417 860 τὰ
1447 832 1523 868 ἔθνη,
1552 831 1651 858 ἔλυσαν
1676 829 1727 866 μὲν
1748 827 1800 863 τὴν

1005 882 1077 914 όνον,
1098 881 1222 908 τουτέστι
1243 881 1297 908 τῶν
1315 879 1468 916 ἀνθρώπων
1483 878 1533 914 τὴν
1547 878 1630 912 φύσιν
1653 876 1704 911 τὴν
1723 874 1799 902 δεδε-

1007 928 1092 964 μένην
1111 929 1173 960 ταϊς
1196 927 1245 962 τῆς
1267 926 1406 962 ἀμαρτίας
1435 926 1549 962 σειραῖς·
1576 924 1676 950 ἔλυσαν
1703 922 1733 948 δὲ
1752 921 1802 948 καὶ

1006 972 1052 1000 τὸν
1074 973 1165 999 πῶλον
1178 973 1225 1000 τὸν
1250 973 1284 999 ὲκ
1301 972 1404 1007 ταύτης
1431 970 1637 1007 βεϐλαστηκότα
1649 968 1725 995 λαόν·
1752 967 1801 994 καὶ

1006 1019 1147 1052 ἐπιθέντες
1161 1018 1236 1054 αὺτῷ
1249 1018 1283 1046 τὰ
1311 1018 1406 1054 ἱμάτια
1423 1018 1457 1044 τὰ
1473 1016 1591 1049 ἑαυτῶν,
1608 1015 1734 1043 τουτέστι
1749 1014 1800 1049 τὴν

1007 1066 1088 1102 χάριν
1098 1063 1132 1102 ἦς
1142 1065 1237 1101 ἔτυχον
1250 1065 1319 1101 (ὅσοι
1333 1064 1387 1100 γὰρ
1397 1065 1438 1096 εἰς
1447 1063 1566 1099 Χριστὸν
1579 1060 1800 1096 ἐϐαπτίσθησαν,

1007 1112 1125 1148 Χριστὸν
1132 1111 1301 1146 ἑνεδύσαντο)
1309 1111 1427 1146 ,εὐήνιον
1436 1110 1580 1145 ἀπέφηναν
1588 1108 1633 1135 τὸν
1644 1108 1801 1142 ἀδάμαστον

1008 1158 1156 1191 πῶλον,καὶ
1169 1157 1338 1185 ὲπεκάθισαν
1349 1156 1424 1192 αὑτῷ
1439 1157 1486 1184 τὸν
1496 1156 1647 1190 Δεσπότην,
1657 1154 1705 1182 καὶ
1717 1162 1790 1190 προσ

1009 1204 1109 1240 έδησαν
1139 1203 1220 1231 αὑτὸν
1245 1205 1279 1239 τῇ
1309 1203 1436 1239 ἀμπέλῳ,
1463 1202 1606 1229 τουτέστιν
1633 1202 1752 1232 ἑαυτοῖς·
1773 1199 1803 1232 ἐξ

1015 1251 1152 1278 Ἰουδαίων
1171 1250 1225 1286 γὰρ
1242 1251 1268 1277 οι
1285 1250 1444 1282 ἀπόστολοι,
1467 1249 1498 1275 οὺ
1512 1248 1592 1284 μόνον
1608 1247 1638 1274 δὲ
1657 1247 1714 1278 τοῖς
1733 1247 1803 1272 ἀπο-

1011 1298 1114 1330 στόλοις
1131 1297 1308 1333 συνήφθησαν
1321 1297 1346 1323 οῐ
1359 1295 1585 1326 πεπιστευκότες,
1600 1293 1668 1321 ἀλλὰ
1684 1293 1733 1319 καὶ
1745 1293 1803 1324 τοῖς

1009 1344 1065 1370 τῶν
1087 1343 1244 1371 ἀποστόλων
1277 1343 1432 1379 μαθηταῖς·
1462 1341 1510 1368 καὶ
1533 1340 1612 1367 τοῦτο
1638 1337 1766 1375 προορῶν
1790 1339 1804 1364 6

1011 1389 1186 1425 πατριάρχης
1200 1388 1252 1424 ἔφη
1264 1396 1271 1404 ’
1281 1397 1291 1413 ι
1302 1387 1449 1423 Δεσμεύων
1459 1386 1527 1422 πρὸς
1539 1384 1662 1420 ἄμπελον
1677 1384 1728 1418 τὴν
1743 1383 1804 1409 ὄνον

1011 1436 1106 1469 αὑτοῦ,
1120 1436 1167 1462 καὶ
1181 1436 1215 1471 τῇ
1228 1433 1299 1461 ἕλικι
1309 1434 1360 1469 τῆς
1373 1432 1498 1469 ἀμπέλου
1513 1431 1559 1459 τὸν
1569 1430 1658 1457 πῶλον
1677 1430 1727 1465 τῆς
1742 1429 1804 1457 δνου

1011 1480 1104 1507 αὐτοῦ.
1123 1489 1133 1505 ι

206 1520 233 1548 4.
262 1520 330 1548 Exin
351 1520 507 1556 passionem
530 1530 640 1559 quoque
654 1524 795 1559 praedicit:
818 1535 828 1552 ι
846 1526 946 1556 Lavabi

1065 1530 1078 1554 ’.
1094 1524 1161 1554 Εἶτα
1176 1526 1223 1553 καὶ
1244 1526 1274 1553 τὸ
1285 1525 1371 1557 πάθος
1391 1524 1534 1560 προλέγει·
1554 1533 1564 1550 ι
1578 1522 1677 1550 Πλυνεῖ
1695 1523 1725 1549 ὲν
1741 1522 1805 1557 οἴνῳ

170 1568 235 1595 vino
253 1567 351 1595 stolam
372 1575 462 1600 suam,
487 1569 621 1604 sanguine
639 1578 698 1598 uvae
720 1571 834 1606 pallium
853 1581 932 1602 suum
952 1584 960 1604 :

171 1615 273 1642 hilares
291 1615 363 1642 oculi
381 1615 442 1649 ejus
464 1623 480 1642 a
496 1616 575 1649 vino,
602 1618 711 1646 candidi
731 1621 836 1648 dentes.
856 1620 963 1657 Corpus

171 1661 280 1696 quidem
297 1661 357 1697 ejus
375 1662 452 1689 stolae
468 1663 579 1690 nomine
595 1664 721 1700 indigitat
732 1685 740 1698 ,
769 1666 823 1694 vini
851 1668 964 1696 nomine

171 1707 351 1742 sanguinem:
367 1716 430 1735 nam
440 1715 633 1737 consecratum
649 1710 741 1738 vinum
753 1713 864 1748 sanguis
878 1714 962 1747 est“,

172 1757 241 1781 teste
256 1752 411 1780 Servatoris
421 1761 558 1783 sermone.
572 1753 640 1782 Tum
653 1755 846 1791 evangelistam
862 1757 965 1785 docen-

173 1804 226 1826 tem
241 1799 385 1832 audimus,
402 1799 476 1834 quod
502 1807 564 1828 cum
582 1800 681 1832 militis.
698 1801 793 1830 lancea
818 1802 888 1831 latus
903 1804 963 1839 ejus

171 1844 301 1872 eﬂ‘ossum
314 1849 366 1877 est.
380 1845 492 1881 sanguis
508 1851 536 1873 et
549 1854 619 1881 aqua
639 1848 762 1882 eruperit
770 1847 793 1864 δ’
809 1857 816 1876 ι
830 1856 891 1884 quae
901 1857 963 1877 sca-

173 1890 256 1917 tebra‘.
264 1898 326 1918 cum
340 1891 367 1917 in
382 1898 482 1926 corpus
495 1891 659 1924 diﬂluereut,
681 1891 785 1920 idcirco
808 1893 866 1921 ait:
887 1903 896 1920 ί
908 1894 962 1923 La-

173 1936 246 1963 vabit
275 1936 338 1963 vino
366 1938 464 1964 stolam
487 1945 576 1970 suam,
604 1945 663 1965 uva
689 1939 823 1974 sanguine
851 1941 962 1975 pallium

171 1989 253 2009 suum
262 1981 293 2010 “.
310 1992 318 2008 ι
336 1981 438 2011 Deinde
456 1985 605 2011 ostendens
622 1989 782 2013 exorturuni
802 1994 818 2013 e
835 1987 964 2021 passione

171 2029 316 2064 gaudium,
330 2029 461 2062 «Hilares,
471 2030 572 2065 inquit,
587 2031 658 2058 oculi
669 2031 728 2066 ejus
739 2039 755 2059 a
766 2031 829 2059 vino
849 2041 856 2059 :
871 2042 880 2058 ι
900 2041 962 2061 nam

174 2074 266 2101 laetitia
282 2074 357 2101 orbis
373 2073 526 2102 Servatoris
542 2077 633 2110 passio
648 2081 700 2104 est.
715 2076 791 2110 Quod
804 2082 896 2105 autem
913 2079 964 2107 hac

175 2121 261 2156 ﬁgura
275 2120 431 2154 passionem
442 2122 598 2156 patriarcha
609 2122 803 2159 designaverit,
817 2125 894 2152 testis
906 2126 964 2161 ipse

175 2169 307 2194 Dominus
321 2167 415 2196 dicens
431 2176 438 2195 :
457 2167 567 2201 «Pater,
592 2169 615 2196 si
637 2169 697 2197 ﬁeri
711 2175 813 2205 potest,
840 2176 961 2199 transeat

1013 1573 1062 1607 τὴν
1075 1572 1171 1608 στολὴν
1182 1572 1277 1606 αὑτοῦ,
1290 1572 1337 1599 καὶ
1352 1573 1381 1599 ὲν
1393 1571 1490 1606 αἵματι
1508 1569 1646 1605 σταφυλῆς
1658 1569 1709 1604 τὴν
1726 1576 1806 1603 περι-

1013 1619 1094 1657 ϐολὴν
1126 1619 1229 1647 αὐτοῦ·
1263 1619 1407 1655 χαροποιοὶ
1435 1618 1461 1644 οι
1484 1616 1620 1652 ὀφθαλμοὶ
1642 1615 1728 1642 αὑτοῦ
1752 1614 1807 1643 ἀπὸ

1013 1665 1086 1694 οἴνου
1100 1673 1107 1680 ·
1143 1665 1191 1692 καὶ
1228 1664 1322 1692 λευκοὶ
1361 1664 1386 1691 οι
1410 1663 1517 1695 ὀδόντες
1545 1662 1650 1689 αὐτοῦ’
1675 1671 1684 1687 ι
1706 1662 1754 1689 καὶ
1778 1662 1808 1688 τὸ

1015 1713 1065 1749 μὲν
1097 1712 1178 1747 σῶμα
1206 1711 1289 1738 αὑτοῦ
1315 1710 1412 1745 στολὴν
1445 1708 1575 1745 ὀνομάζει
1589 1717 1597 1724 ·
1623 1708 1656 1735 τὸ
1684 1709 1714 1735 δὲ
1735 1707 1807 1744 αἷμα

1014 1758 1085 1787 οἶνον
1102 1767 1110 1776 ⁸
1127 1758 1220 1794 ἐπειδὴ
1232 1758 1280 1785 καὶ
1295 1759 1341 1784 τὸν
1356 1757 1488 1793 μυστικὸν
1501 1755 1573 1783 οἶνον
1586 1754 1657 1791 αἷμα
1671 1755 1807 1788 κέκληκεν

1013 1806 1028 1833 ὁ
1040 1805 1178 1840 Δεσπότης
1195 1804 1264 1840 (59)·
1278 1804 1416 1839 ἀκούομεν
1427 1803 1456 1830 δὲ
1473 1804 1522 1830 καὶ
1544 1802 1591 1830 τοῦ
1610 1800 1806 1836 εὐαγγελιστοῦ

1014 1852 1184 1883 διδάσκοντος
1213 1851 1252 1882 ὼς
1274 1850 1322 1877 τοῦ
1333 1849 1499 1886 στρατιώτου
1526 1850 1561 1884 τῇ
1577 1848 1662 1884 λόγχῃ
1678 1847 1807 1882 νύξαντος

1014 1898 1098 1926 αὑτοῦ
1110 1899 1160 1933 τὴν
1174 1898 1308 1933 πλευρὰν,
1329 1897 1442 1932 ἐξῆλθεν
1458 1893 1529 1931 αἷμα
1544 1895 1593 1923 καὶ
1610 1895 1683 1931 ὕδωρ
1698 1903 1705 1910 ·
1734 1891 1807 1922 οὗτοι

1014 1945 1043 1972 δὲ
1061 1945 1086 1971 oi
1098 1944 1210 1980 κρουνοὶ
1229 1943 1274 1971 διὰ
1298 1943 1346 1970 τοῦ
1371 1943 1499 1978 σώματος
1524 1941 1741 1978 κατερρύησαν·
1765 1941 1807 1967 διὰ

1015 1991 1095 2019 τοῦτο
1113 1991 1160 2018 και
1175 1998 1254 2026 φησι·
1277 2000 1286 2016 ι
1301 1990 1403 2017 Πλυνεῖ
1420 1991 1450 2016 έν
1463 1989 1528 2023 οἴνῳ
1536 1987 1587 2024 τὴν
1598 1987 1696 2023 στολὴν
1711 1987 1806 2019 αὐτοῦ,

1015 2038 1062 2065 καὶ
1093 2038 1122 2064 ἐν
1152 2036 1250 2072 αἵματι
1277 2035 1418 2071 σταφυλῆς
1444 2034 1495 2070 τὴν
1508 2033 1656 2070 περιϐολὴν
1681 2033 1779 2061 αὐτοῦ.
1796 2043 1805 2059 ι

1015 2081 1082 2110 Εἶτα
1109 2083 1215 2114 δεικνὺς
1242 2081 1293 2117 τὴν
1319 2081 1374 2108 ἀπὸ
1398 2079 1445 2107 τοῦ
1479 2080 1583 2112 πάθους
1619 2080 1809 2115 γενησομένην

1015 2129 1194 2165 εὐφροσύνην·
1214 2137 1223 2154 ι
1241 2127 1402 2164 Χαροποιοὶ,
1417 2128 1510 2162 φησὶν,
1527 2127 1552 2153 οἱ
1572 2126 1711 2161 ὀφθαλμοὶ
1727 2126 1809 2153 αὐτοῦ

1016 2175 1070 2202 ἀπὺ
1081 2175 1153 2201 οἴνου
1163 2183 1185 2200 ἰ
1201 2174 1358 2209 εὐφροσύνη
1380 2173 1435 2208 γὰρ
1461 2173 1512 2208 τῆς
1530 2172 1696 2208 οἰκουμένης
1710 2172 1743 2199 τὺ
1759 2181 1811 2198 σω-

173 2221 190 2240 a
212 2221 256 2241 me
281 2214 353 2241 calix
383 2214 483 2242 iste“.
509 2224 519 2240 ›
546 2213 616 2242 Tum
643 2216 727 2243 etiam
755 2216 878 2245 Zebedaei
898 2218 913 2245 ﬂ

1071 2231 1110 2250 ιον
1124 2222 1222 2254 πάθος.
1236 2207 1298 2248 λὸτι
1317 2207 1436 2248 διὀῠτὼ
1451 2220 1482 2248 τὺ
1498 2221 1585 2252 πάθος
1596 2207 1724 2251 ἐκάλεσε,
1740 2221 1810 2257 μάρ-

174 2260 287 2288 aiebat:
316 2271 325 2287 ι
343 2261 499 2290 Potestisne
523 2261 616 2290 bibere
651 2262 766 2290 calicem
800 2271 883 2298 quem
914 2272 964 2300 ego

175 2308 310 2336 bibiturus
326 2309 436 2336 sum“?
455 2318 464 2335 ι
483 2308 555 2345 Ergo
573 2309 717 2337 oculorum
731 2310 856 2338 hilaritas
870 2318 966 2339 conse-

174 2360 265 2383 cutam
286 2363 302 2383 e
327 2357 454 2391 passione
479 2356 601 2383 laetitiam
628 2357 749 2384 denotat.
767 2356 891 2394 Namque
904 2363 965 2393 post

175 2402 330 2436 passionem
339 2403 417 2431 missi
432 2409 497 2430 sunt
513 2404 540 2429 in
557 2404 714 2431 universum
728 2405 823 2432 orbem
837 2406 964 2441 discipuli

174 2449 288 2476 salutem
312 2449 438 2477 ﬁdelibus
460 2449 578 2476 allaturi.
596 2449 656 2478 Jam
670 2450 803 2480 doctrina:
819 2453 964 2488 puritatem

174 2494 380 2529 elaritatemque
403 2496 607 2525 candidissimis
631 2498 758 2526 dentibus
785 2501 963 2534 comparavit.

177 2550 186 2566 ι
203 2540 328 2573 Candidi,
345 2541 443 2577 inquit,
459 2543 553 2572 dentes
567 2544 627 2579 ejus
646 2553 701 2580 prae
714 2546 783 2574 lacte
791 2546 825 2574 “.
847 2556 857 2574 ι
877 2546 967 2583 Atque

175 2587 308 2615 hactenus
320 2589 476 2623 patriarcha
495 2590 593 2618 Judam
607 2593 819 2622 commendavit.

1012 2278 1062 2302 τυς
1078 2269 1160 2301 αὐτὸς
1182 2270 1196 2296 ὁ
1221 2267 1325 2304 Κύριος
1345 2268 1452 2302 λέγων’
1481 2277 1490 2293 ι
1506 2267 1610 2303 Πάτερ,
1637 2268 1662 2294 εί
1684 2267 1809 2299 δυνατὸν,

1014 2315 1172 2350 παρελθέτω
1186 2315 1217 2341 τὸ
1234 2317 1364 2349 ποτήριον
1383 2313 1461 2340 τοῦτο
1475 2313 1523 2340 ἀπ’
1539 2313 1609 2349 ἐμοῦ
1623 2322 1630 2329 ·
1647 2323 1657 2339 ι
1674 2313 1749 2340 οὕτω
1764 2313 1812 2340 καὶ

1012 2364 1069 2394 τοῖς
1085 2363 1152 2393 υἱοῖς
1167 2362 1221 2396 ἔφη
1236 2361 1380 2388 Ζεϐεδαίου
1391 2369 1398 2375 ·
1425 2369 1435 2386 ε
1449 2360 1571 2387 Δύνασθε
1589 2361 1664 2386 πιεῖν
1682 2360 1713 2386 τὸ
1729 2360 1812 2394 ποτή-

1015 2417 1072 2444 ριον
1083 2409 1098 2435 ὃ
1112 2408 1167 2443 ἐγὼ
1184 2408 1274 2444 μέλλω
1290 2409 1362 2434 πιεῖν
1373 2416 1381 2440 ;
1394 2417 1403 2433 ι
1433 2407 1463 2434 τὸ
1475 2407 1568 2434 τοίνυν
1583 2407 1734 2442 χαροποιδν
1759 2407 1812 2433 τῶν

1017 2454 1177 2490 ὀφθαλμῶν,
1191 2453 1240 2490 τὴν
1266 2453 1335 2489 μετὰ
1361 2454 1392 2480 τὸ
1418 2452 1507 2485 πάθος
1526 2453 1700 2488 εὐφροσύνην
1714 2452 1792 2488 δηλοῖ
1805 2460 1811 2466 ·

1021 2501 1091 2537 μετά
1105 2500 1160 2535 γὰρ
1175 2499 1207 2526 τὸ
1221 2499 1307 2531 πάθος
1321 2499 1367 2526 καὶ
1396 2498 1446 2535 τὴν
1469 2499 1632 2532 ἀνάστασιν,
1658 2499 1699 2531 εἰς
1721 2500 1813 2526 πᾶσαν

1019 2547 1214 2582 ἀπεστάλησαν
1225 2547 1276 2582 τὴν
1287 2546 1452 2581 οἰκουμένην
1476 2547 1501 2572 οἱ
1518 2546 1640 2581 μαθηταὶ
1655 2545 1708 2581 τὴν
1722 2554 1813 2580 σωτη-

1023 2594 1082 2630 ρίαν
1096 2594 1300 2629 προσφέροντες
1327 2593 1385 2623 τοϊς
1408 2592 1569 2626 πιστεύουσι
1583 2600 1589 2608 ·
1616 2592 1666 2627 τῆς
1681 2592 1711 2618 δέ
1728 2601 1762 2626 γε
1775 2592 1815 2618 δι-

211 2660 429 2703 ιίιῩ⁵²¹ιζ¹ἒ¹Πν
446 2664 472 2691 9'
512 2663 538 2703 ³⁸.
550 2664 677 2703 lmen“:
694 2666 721 2693 9-
760 2667 782 2683 ³⁹
798 2668 864 2696 Luc.
891 2678 948 2703 xtx,
965 2672 1010 2700 30.
1048 2671 1071 2688 ⁸⁰
1085 2670 1174 2698 Galat.
1190 2675 1233 2700 Ill,
1257 2665 1325 2703 27._
1341 2663 1363 2679 δ’
1382 2661 1477 2690 Matth.
1495 2668 1571 2703 xsvi,
1600 2661 1645 2688 28.
1684 2661 1708 2677 δ’
1725 2660 1810 2688 Marc.

175 2703 202 2728 κ,
225 2695 269 2724 58.
307 2696 330 2712 ⁵³
345 2697 413 2726 Gen.
438 2707 510 2732 ms.
528 2700 572 2728 Η.
611 2701 635 2717 ⁸⁸
653 2701 751 2730 Matth.
779 2695 915 2737 “H.759:

822 2695 1163 2738 ῖιξόθξ-Ἶδῖθιίιοιιιιίᾶἱ,
1183 2695 1232 2730 22ί
1268 2701 1290 2717 ⁸⁸
1306 2700 1406 2728 Genes.
1425 2705 1499 2730 ηιξ,
1517 2698 1562 2724 l2.

919 2774 1036 2803 NOT/E.

211 2840 267 2909 flii)
282 2841 383 2876 Excipe
397 2848 487 2884 tamen
504 2847 578 2871 certe
592 2843 687 2884 =Ionam
700 2844 732 2871 ad
748 2845 873 2874 ethnicos
885 2845 1020 2875 Ninivitas
1033 2848 1160 2876 missum.

224 2876 268 2909 59)
285 2876 384 2906 Recole
395 2879 485 2907 l‘hotn
504 2885 684 2909 quaestionem
703 2880 748 2907 73.

224 2876 268 2912 59)
285 2876 384 2906 Recole
395 2879 485 2907 l‘hotii
504 2879 684 2914 quaestionem
703 2880 748 2907 73.
