1874 3070
108 166 178 200 1077

597 171 648 202 AD
663 172 958 204 AMPHILOCHIUM
986 175 1160 211 QUAESTIO
1178 177 1283 208 CCLX.

1662 174 1729 207 1078

104 224 255 256 δασκαλίας
278 223 309 251 τὺ
328 224 425 256 ararat;
451 224 497 251 καὶ
518 225 550 252 τὺ
572 225 701 260 διαφανὲς
725 227 899 260 λευκοτάτοις
923 229 1031 257 ὀδοῦσιν
1045 231 1181 259 ἀπείκασε
1195 240 1202 248 ·
1218 242 1228 258 ‹
1244 231 1346 259 Λευκοὶπ
1358 230 1429 267 γὰρ,
1454 230 1547 266 φησὶν,
1570 229 1595 257 oi
1626 229 1730 261 ὀδόντες

104 271 190 298 αὑτοῦ
205 271 223 306 ἢ
253 271 334 306 γάλα.
356 280 365 297 ι
391 271 518 298 Τοσαῦτα
530 271 580 307 μὲν
605 273 771 307 προείρηκεν
796 274 811 300 ὁ
839 274 1013 310 πατριάρχης
1027 276 1147 311 εὐλογῶν
1159 277 1207 304 τὸν
1242 277 1353 305 Ἰούδαν.

140 318 172 346 ε’.
195 317 248 344 Τοῦ
274 317 303 344 δέ
330 317 475 344 Ζαϐουλὼν
502 318 654 354 προείρηκε
679 318 727 355 τὴι.
763 319 896 355 παράλιον

982 321 1009 350 5.
1035 323 1092 358 Age
1120 330 1185 350 vero
1209 322 1356 350 Zabulonis
1385 323 1551 350 maritimum
1582 323 1729 351 incolatum

102 364 212 400 οῑκησιν
225 372 232 380 ·
251 363 298 391 τοῦ
310 364 340 390 δὲ
362 364 471 399 Ἰσάχαρ
495 364 546 399 τὴν
560 364 706 401 γηπονίαν·
719 364 767 392 τοῦ
782 365 811 392 δὲ
827 365 892 399 Δάν,

103 411 176 437 κατὰ
193 409 245 444 μέν
261 418 348 441 τινας.
368 410 402 437 τὰ
414 410 467 437 ὑπὸ
479 410 527 437 τοῦ
554 410 675 445 Σαμψὼν
703 412 874 446 γεγενημένα
887 424 889 426 ·

103 454 136 479 ἐκ
149 453 250 488 ταύτης
266 453 320 488 γὰρ
333 451 368 489 ἦν
383 455 432 488 τῆς
449 454 537 489 φυλῆς
550 463 559 471 ο
586 455 786 491 συνηρίθμηται
802 455 831 482 δὲ
845 456 893 483 καὶ

102 500 161 531 τοῖς
173 500 288 535 Κριταῖς
297 507 304 514 ·
320 500 367 526 καὶ
380 500 425 527 διὰ
439 500 529 533 τοῦτο,
540 501 633 535 φησὶν,
643 501 705 536 ἐφη·
718 511 727 527 ε
740 502 795 528 Δάν
806 503 894 538 κρινεῖ

102 545 150 572 τὸν
163 545 261 572 ἑαυτοῦ
277 545 341 572 λαὸν
354 545 419 572 ὡσεὶ
432 546 480 574 καὶ
498 546 548 582 μία
559 547 614 582 (60)
628 547 697 582 φυλὴ
709 548 738 574 ἐν
749 547 888 583 Ἰσραήλη

103 590 170 618 ἔνιοι
183 591 213 618 δέ
226 600 292 626 φασι
305 591 340 618 τὰ
352 592 423 619 κατὰ
443 591 493 628 τὴν
507 591 629 621 Λάῖσσαν
642 593 693 629 τὴν
707 592 756 621 νῦν
769 594 893 621 Πανεάδα

103 637 276 673 καλουμένην
307 637 526 673 προσαγορεῦσαι
543 645 552 654 ⁶
585 638 715 674 ἐξαπίνης
740 638 794 675 γάρ
820 647 894 672 τινες

103 685 160 711 ἀπὸ
175 684 277 720 ταύτης
295 683 453 720 ὁρμώμενοι
472 685 523 720 τῆς
540 685 637 720 φυλῆς,
658 685 745 721 ταύτῃ
769 686 892 721 προσδα-

103 730 197 762 λόντες
207 731 241 766 τῇ
258 731 346 763 πόλει,
361 729 433 758 εἷλον
449 740 479 758 τε
496 732 566 758 κατὰ
580 731 682 767 κράτος
705 732 753 759 καὶ
777 732 892 767 ᾤκισαν.

103 776 154 803 καὶ
170 777 220 811 τὴν
245 776 350 803 οίκείαν
368 777 437 812 αὐτῇ
463 777 652 813 προσηγορίαν
675 778 817 806 ἐπέθεσαν.
841 778 895 805 Δὰν

104 821 160 856 γὰρ
173 821 258 857 αὐτὴν
270 822 403 849 ἐκάλεσαν
414 830 421 838 ·
449 823 504 856 ἐγὼ
517 822 545 849 δὲ
557 819 637 858 οἴμαι
650 823 680 849 τὸ
695 823 766 850 θεῖον
781 824 894 859 Πνεῦμα

104 868 201 904 ὥσπερ
218 868 253 895 τὰ
266 869 330 904 περὶ
343 868 389 895 τοῦ
402 868 529 905 Σωτῆρος
552 869 643 904 ἡμῶν,
665 869 737 896 οὕτω
759 871 810 897 καὶ
830 871 895 907 περὶ

103 912 153 940 τοῦ
189 913 376 948 Ἀντιχρίστου
404 913 448 940 διὰ
469 914 517 940 τοῦ
538 914 708 950 πατριάρχου
735 915 767 942 ἐκ
792 915 895 951 ταύτης

104 958 202 993 δηλοῦν
213 957 286 994 [εοά.
296 958 395 994 δῃλῶν]
405 958 453 993 τῆς
464 959 668 995 προρρήσεως(
677 959 730 987 Adv
744 960 893 996 γὰρ.φησἰ,

104 992 246 1038 κρινεϊτδν
255 992 353 1031 ἐαυτοῦ
365 992 506 1031 tiaram
518 992 570 1031 ﬁt
578 1005 647 1040 φυλὴ
657 1005 706 1041 μία
714 992 892 1042 ἐν-Ίσραήλά
910 992 932 1020 Β

107 1050 214 1085 Ὥσπερ
224 1050 289 1084 γὰρ,
305 1050 382 1085 φησὶ.
397 1051 430 1077 ἐκ
440 1050 490 1086 τῆς
505 1050 552 1078 τοῦ
568 1050 654 1078 Ἰούδα
669 1051 756 1086 φυλῆς
772 1052 787 1079 6
800 1052 896 1088 Σωτὴρ

106 1094 262 1130 βλαστήσας
274 1095 403 1128 διασώζει
421 1097 471 1131 τὴν
484 1096 660 1131 οἰκουμένην,
682 1096 771 1128 οὕτως
787 1097 821 1124 ὲκ
845 1097 896 1133 τῆς

105 1140 153 1167 τοῦ
169 1140 223 1168 Adv
233 1141 322 1176 φυλῆς
336 1141 398 1176 ὕφις
410 1141 533 1176 ὀλέθριος
544 1140 716 1173 ἐξελεύσεται
728 1150 736 1157 ·
751 1141 830 1169 τοῦτο
841 1143 895 1178 γὰρ

105 1187 192 1221 λέγει·
213 1197 223 1213 r
238 1187 293 1214 Καὶ
307 1187 452 1223 γενηθήτω
464 1187 519 1214 Δὰν
533 1187 595 1222 δφις
608 1187 651 1222 ἐφ’
665 1187 726 1214 ὁδοῦ
739 1187 896 1223 καθήμενος

106 1234 154 1260 ἐπὶ
167 1233 261 1268 τρίϐου
280 1233 387 1260 δάκνων
412 1234 532 1269 πτέρναν
547 1233 632 1260 ῐππου
645 1242 653 1250 ·
668 1235 715 1261 καὶ
727 1235 854 1262 πεσεῖται
881 1235 896 1262 ό

106 1278 206 1309 ίππείις
217 1278 268 1314 τὴν
277 1278 414 1313 σωτηρίαν
422 1278 566 1313 ἀναμένων
576 1277 690 1313 κυρίων
705 1288 715 1305 ι
729 1279 825 1315 ἐπειδὴ
842 1280 896 1315 γὰρ

106 1323 227 1354 ἀπάταις
256 1323 441 1356 παντοδαπαῖς
474 1323 643 1359 κεχρημένος
678 1326 809 1360 πειρᾶται
833 1325 897 1357 τοὺς

106 1370 337 1405 φενακιζομένους
352 1369 481 1406 ἀγρεύειν
496 1370 537 1402 είς
551 1369 673 1406 δλεθρον,
696 1371 759 1405 ὄφει
771 1371 827 1399 τινὶ
841 1371 897 1398 αὺ-

106 1416 153 1442 τὸν
165 1416 311 1448 ἀπεικάζει
324 1416 401 1452 παρά
419 1424 472 1443 τινι
494 1415 581 1451 τρίϐῳ
602 1416 751 1450 φωλεύοντι
778 1417 825 1444 καὶ
840 1417 897 1448 τοῖς

107 1461 238 1497 παριοῦσι
253 1462 460 1498 λυμαινομένῳ·
478 1461 561 1488 ίππον
575 1461 604 1488 δέ
617 1459 694 1497 οἶμαι
706 1461 801 1489 καλεῖν
813 1462 896 1489 αὐτὸν

107 1507 138 1534 τὸ
152 1507 243 1542 σῶμα,
259 1507 392 1543 ἐπιϐάτην
401 1508 430 1534 δὲ
440 1508 492 1543 τὴν
505 1508 595 1543 ψυχήν
607 1515 615 1524 ⁸
634 1508 665 1535 τδ
681 1508 709 1534 δὲ
723 1509 764 1541 είς
774 1508 898 1536 τούπίσω

107 1554 213 1587 πεσεῖν,
232 1553 371 1580 τουτέστιν
383 1553 480 1581 ὕπτιον
493 1553 600 1580 κεῖσθαι
612 1553 658 1580 τὸν
675 1553 790 1580 θάνατον
806 1562 898 1590 παρα-

107 1599 201 1634 δηλοῖ·
218 1599 322 1626 τοιοῦτο
337 1598 392 1634 γὰρ
404 1598 460 1626 τῶν
473 1598 631 1627 τεθνεώτων
657 1598 689 1626 τὸ
718 1598 812 1634 σχῆμα
822 1607 830 1615 ·
854 1599 898 1626 διὰ

107 1645 137 1692 δέ
152 1647 204 1692 τῆς
219 1645 338 1692 πτέρνης
359 1644 543 1692 τὴνῌάπάτην
553 1646 676 1692 Δᾐνίξατο
690 1653 697 1660 ·
720 1645 814 1692 ἐπειδὴ
828 1645 898 1692 ’τους
911 1660 934 1692 c

109 1690 159 1725 μὲν
176 1690 309 1725 ἐξαπατᾷ,
328 1690 384 1721 τοῖς
410 1689 440 1716 δὲ
458 1689 646 1725 παγχαλέποις
669 1690 794 1723 ἐπιφέρει
818 1688 898 1716 κολά-

109 1744 167 1768 σεις
182 1745 190 1752 ·
205 1737 248 1764 διὰ
262 1735 291 1763 δὲ
306 1735 353 1763 τοῦ
374 1736 459 1763 ίππου
471 1736 502 1763 τὺ
516 1736 595 1771 σῶμα
608 1736 729 1772 ᾐνίξατο,
751 1731 782 1762 οὗ
801 1735 898 1761 δακνο-

110 1784 194 1818 μένου
224 1783 271 1810 καὶ
282 1783 517 1818 διαφθειρομένου,
533 1783 648 1814 θάνατος
660 1782 776 1817 γίνεται,
791 1783 855 1815 τοὺς
873 1782 924 1818 τῆς

108 1830 137 1857 δὲ
153 1830 203 1864 τῆς
216 1829 344 1864 τοιαύτης
357 1829 464 1861 ἐλπίδος
475 1830 492 1865 ή
508 1829 640 1864 σωτηρία.

147 1875 185 1908 ς’.
202 1875 332 1911 Προλέγει
345 1874 383 1911 τῷ
394 1874 448 1902 Γὰδ
469 1875 519 1906 τὰς
531 1874 662 1910 ἐσομένας
670 1873 744 1909 αὺτῷ
755 1873 831 1909 παρὰ
842 1872 897 1899 τῶν

109 1920 264 1957 λῃστρικῶν
290 1919 392 1954 ἐφόδων
424 1919 570 1950 ἐπιϐουλάς
589 1927 597 1934 ·
624 1919 703 1946 τοῦτο
729 1919 783 1953 γὰρ
810 1917 896 1952 λέγει,

113 1975 124 1992 ι
148 1965 330 2000 Πειρατήριον
345 1964 505 2000 πειρατεύει
519 1963 616 1990 αὐτόν·
637 1973 647 1990 ι
669 1962 851 1999 προαγορεύει
869 1963 898 1989 δὲ

108 2013 158 2040 καὶ
175 2013 226 2048 τὴν
240 2012 372 2046 ἐσομένην
396 2010 479 2038 αὐτοῦ
501 2011 597 2046 νίκην·
619 2021 628 2037 ε
645 2011 701 2037 Καὶ
721 2010 802 2042 αὐτὸς
832 2010 896 2044 γὰρ,

109 2058 189 2094 φησὶ,
210 2057 382 2093 πειρατεύσει
396 2056 478 2083 αὺτὺν
492 2056 563 2083 κατὰ
578 2056 660 2088 πόδας
670 2065 678 2072 ·
700 2066 709 2082 ι
723 2055 854 2087 ὡσαύτως
868 2055 898 2082 δὲ

109 2104 159 2131 καὶ
170 2103 218 2130 τοῦ
227 2102 309 2138 Ἀσὴρ
320 2102 368 2138 τὴν
381 2101 523 2138 σιτοφόρον
542 2101 648 2137 χώραν·
663 2101 710 2128 καὶ
726 2101 773 2128 τοῦ
786 2101 896 2136 Νεφθα-

108 2149 174 2185 λεὶμ
186 2150 236 2184 τὴν
253 2149 293 2180 είς
306 2148 408 2183 πλῆθος
422 2147 556 2174 ἐπίδοσιν·
571 2147 651 2175 τοῦτο
661 2147 715 2182 γὰρ
728 2146 791 2182 ἐφη·
813 2156 822 2173 ‹
832 2146 898 2173 Στέ-

108 2197 188 2231 λεχος
201 2194 342 2229 ἀνειμένον
355 2194 487 2225 ἐπιδιδοὺς
501 2194 530 2220 ἐν
537 2193 576 2229 τῷ
588 2193 745 2228 γεννήματι
762 2193 859 2224 κάλλος
871 2201 894 2218 -ι

108 2241 171 2270 εἶτα
184 2241 233 2269 τοῦ
253 2241 350 2277 Ἰωσὴφ
371 2241 417 2268 τὸν
436 2240 544 2276 φθόνον,
573 2240 619 2267 καὶ
645 2239 695 2271 τὰς
722 2239 897 2271 παντοδαπὰς

108 2288 246 2321 ἐπιδείξας
274 2287 428 2318 ἐπιὸουλὰς,
449 2286 499 2322 τὴν
523 2285 599 2313 θείαν
623 2285 703 2320 ὑμνεῖ
724 2283 898 2319 κηδεμονίαν,

108 2334 144 2361 δι’
171 2332 205 2369 ἧς
229 2333 291 2365 τοὺς
317 2331 544 2367 πεπολεμηκότας
571 2330 692 2365 ἐνίκησε.
721 2338 730 2355 ι
752 2328 901 2365 Συνετρίὸη

108 2380 177 2415 γὰρ,
192 2379 268 2414 φησὶ,
286 2378 355 2413 μετὰ
372 2377 491 2413 κράτους
506 2376 540 2403 τὰ
560 2376 626 2408 τόξα
646 2375 755 2408 αὐτῶν,
783 2375 830 2402 καὶ
856 2374 902 2406 ἐξ·

108 2425 193 2461 ελὺθη
208 2424 292 2459 νεῦρα
305 2423 456 2459 βραχιόνων
472 2422 573 2457 χειρῶν
590 2421 690 2453 αὐτῶν,
707 2420 751 2447 διὰ
765 2421 843 2455 χεῖρα
857 2420 903 2446 δυ-

107 2473 208 2499 νάστου
241 2469 347 2497 Ἰακώὸ·
372 2468 478 2496 ἐκεῖθεν
504 2469 520 2494 ό
543 2467 711 2502 κατισχύσας
742 2474 772 2492 σε
794 2465 902 2501 Ἰσραὴλ

108 2519 187 2555 παρὰ
201 2517 269 2545 Θεοῦ
286 2517 334 2544 τοῦ
348 2515 455 2551 Πατρός
469 2523 528 2542 σου·
544 2514 591 2541 καὶ
601 2512 733 2548 ἐϐοήθησέ
749 2521 790 2539 σοι
807 2513 821 2539 ὁ
833 2513 899 2545 Θεὸς

107 2567 123 2592 ὁ
136 2564 213 2600 ἐμός
230 2564 277 2591 καὶ
290 2562 421 2598 εὐλόγησέ
435 2569 466 2588 σε
483 2560 612 2594 εὐλογίαν
641 2557 757 2594 οὐρανοῦ
781 2558 895 2589 ἄνωθεν,

109 2612 157 2639 καὶ
169 2610 294 2645 εὐλογίαν
307 2609 360 2644 γῆς
376 2607 490 2643 ἐχούσης
504 2606 604 2637 πάντα,
623 2614 633 2631 ι
649 2605 696 2631 καὶ
710 2604 774 2640 ἑξῆς
787 2612 793 2619 ·
811 2604 845 2630 δι’
859 2601 896 2631 ὧν

146 2682 167 2698 ⁸⁷
183 2681 241 2709 Jos.
255 2689 312 2713 xix,
327 2680 371 2707 4⁵1.
408 2679 431 2696 ⁸⁸
450 2678 549 2706 Genes.
565 2684 638 2710 ηις,
653 2676 699 2708 24,
712 2675 758 2703 25.

942 367 1086 402 praedixit;
1105 367 1224 396 lsachari
1241 367 1408 403 agricolandi
1428 368 1565 402 studium;
1584 367 1667 395 Danis
1682 369 1731 395 de-

943 413 1037 449 nique,
1053 418 1084 441 ut
1101 414 1213 450 quidam
1228 419 1381 445 autumant.
1399 421 1460 449 quas
1481 413 1607 442 Samsoni
1624 414 1730 441 accide-

942 464 1017 488 runt.
1028 460 1066 487 Ex
1078 460 1129 488 hac
1141 460 1213 487 enim
1223 460 1245 488 is
1260 460 1332 487 tribu
1348 459 1409 491 fuit.
1417 459 1542 494 idemque
1552 459 1579 486 in
1588 458 1731 486 Judicibus

942 511 1163 534 connumeratur.
1182 506 1355 541 Quapropter
1369 506 1488 534 dicitur:
1514 515 1524 532 ‹
1543 505 1599 533 Dan
1627 505 1731 540 judica-

943 552 983 580 bit
992 552 1122 588 populum
1133 560 1227 584 suum,
1237 552 1325 579 instar
1338 551 1419 579 unius
1428 551 1514 579 tribus
1524 551 1550 578 in
1560 551 1660 578 lsraele
1669 551 1702 577 ⁸⁷.
1718 559 1727 576 ι

943 596 996 625 Alii
1022 597 1116 625 dicunt
1156 597 1363 625 commemorari
1392 604 1424 624 ea
1462 604 1522 631 quae
1560 597 1732 631 contigerunt

944 643 1046 671 Laissaa
1065 651 1139 671 nunc
1164 642 1284 670 Panearli
1311 644 1398 670 dictae.
1428 642 1549 678 Repente
1571 642 1643 670 enim
1661 650 1730 669 nono

945 688 1011 716 nulli
1023 696 1055 716 ea
1070 688 1142 716 tribu
1157 688 1266 716 oriundi
1279 687 1370 715 urbem
1386 688 1457 715 banc
1468 688 1567 721 adorti,
1584 688 1608 715 vi
1624 692 1730 722 captam

944 734 996 769 ipsi
1011 734 1202 767 incoluerunt,
1230 742 1364 768 suumque
1390 734 1415 761 ei
1440 741 1539 761 nomen
1564 734 1729 766 indiderunt,

946 780 1002 807 Dan
1018 780 1122 808 scilicet
1136 780 1299 808 vocitantes.
1317 779 1373 814 Ego
1385 787 1451 808 vero
1468 780 1595 807 existimo
1607 779 1729 806 divinum

945 823 1078 860 Spiritum
1093 825 1173 852 sicuti
1188 833 1232 852 res
1249 825 1403 853 Servatoris
1417 825 1514 858 nostri,
1536 824 1572 851 ita
1591 831 1634 851 res
1661 831 1731 858 quo-

945 878 999 906 que
1008 870 1166 897 Antichristi
1177 870 1228 898 hoc
1246 870 1374 897 vaticinia
1389 869 1555 905 patefacere;
1569 879 1577 895 I
1590 869 1646 896 Dan
1657 869 1732 896 scili-

946 921 999 948 cet,
1013 916 1112 951 inquit,
1126 916 1259 951 judicabit
1277 916 1406 950 populum
1428 924 1506 943 suum
1518 937 1526 948 ,
1549 916 1635 942 instar
1649 915 1732 942 unius

946 961 1034 988 tribus
1055 960 1082 988 in
1109 960 1216 987 lsraele.
1233 969 1243 986 ›
1261 960 1347 987 Siculi
1363 960 1396 988 de
1410 960 1486 988 Judaa
1510 960 1582 987 tribu
1603 960 1733 987 Servalor

946 1006 1084 1042 pullulans
1101 1006 1231 1033 mundum
1259 1006 1393 1039 servabit,
1422 1006 1459 1033 ita
1486 1006 1519 1033 de
1549 1005 1630 1032 Danis
1658 1005 1731 1032 tribu

945 1054 1078 1081 exitiosus
1091 1053 1187 1088 anguis
1198 1052 1315 1081 exsiliet.
1326 1052 1355 1080 ιιι
1370 1052 1441 1080 enim
1456 1052 1537 1079 verba
1547 1052 1673 1084 lnnuunl,
1685 1051 1732 1078 flat

945 1099 1002 1127 Dan
1018 1107 1130 1134 serpens
1144 1100 1171 1126 in
1187 1099 1229 1126 via
1239 1119 1246 1132 ,
1272 1099 1409 1134 proiectus
1425 1098 1451 1126 in
1467 1099 1561 1126 semita
1573 1117 1580 1130 ,
1603 1097 1732 1125 mordens

945 1145 1009 1180 equi
1024 1145 1184 1173 calcaneum
1205 1154 1212 1172 :
1229 1149 1285 1172 tum
1299 1149 1408 1172 corruet
1418 1152 1510 1179 eques,
1523 1144 1569 1179 qui
1585 1151 1600 1170 a
1617 1143 1732 1171 Domino

945 1189 1116 1225 exspectabit
1133 1189 1259 1216 salutem.
1288 1188 1423 1221 Quoniam
1446 1187 1630 1215 Antichristus
1644 1187 1732 1215 omni-

946 1235 1035 1262 modis
1055 1235 1125 1262 dolis
1154 1238 1233 1262 utens
1261 1233 1365 1261 illectos
1393 1234 1551 1269 pertrahere
1577 1233 1679 1259 nitetur
1704 1231 1731 1259 in

946 1280 1104 1313 interitum,
1126 1279 1199 1306 hunc
1212 1279 1326 1306 colubro
1350 1282 1491 1313 comparat
1510 1277 1588 1312 juxta
1606 1277 1730 1304 semitam

946 1325 1081 1357 latitanti.
1107 1325 1314 1360 viatoribusque
1334 1324 1448 1351 exitium
1470 1323 1607 1351 inferenti.
1626 1323 1731 1358 Equum

946 1370 1001 1398 dici
1014 1378 1029 1398 a
1043 1370 1198 1405 patriarcha
1213 1377 1314 1405 corpus
1328 1377 1442 1402 censeo;
1457 1369 1589 1404 equitem,
1600 1369 1730 1396 animam.

947 1416 1026 1450 Quod
1037 1419 1128 1444 autem
1145 1421 1218 1443 retro
1233 1415 1344 1449 decidit,
1355 1415 1382 1442 id
1396 1419 1438 1442 est
1448 1415 1563 1449 supinus
1579 1413 1732 1448 projicitur,

947 1469 1024 1490 mors
1042 1462 1172 1489 nimirum
1188 1462 1311 1489 innuitur
1324 1470 1331 1488 :
1358 1460 1403 1488 hic
1416 1465 1459 1488 est
1473 1459 1547 1487 enim
1562 1458 1733 1486 exanimato-

947 1515 1010 1536 rum
1024 1508 1143 1536 habitus.
1160 1507 1296 1536 Calcaneo
1310 1506 1425 1540 denique
1438 1505 1562 1533 fraudem
1578 1504 1713 1539 signiﬁcat
1725 1511 1733 1537 ί

947 1555 1012 1589 quia
1039 1554 1167 1582 videlicet
1192 1553 1379 1581 Antichristus
1409 1552 1478 1580 alios
1503 1551 1635 1586 decipiet,
1665 1550 1734 1577 alios

949 1598 1136 1626 acerbissimis
1159 1597 1298 1632 suppliciis
1321 1597 1467 1624 cruciabit.
1493 1596 1589 1631 Equo,
1612 1599 1642 1623 ut
1664 1595 1734 1628 dixi,

949 1651 1050 1679 corpus
1065 1643 1205 1676 innuitur;
1226 1651 1281 1678 quo
1299 1643 1363 1670 laeso
1382 1647 1410 1669 et
1423 1647 1562 1677 corrupto,
1576 1649 1650 1669 mors
1667 1648 1735 1668 con-

951 1690 1092 1724 sequitur:
1111 1697 1172 1724 qua:
1186 1693 1278 1716 tamen
1293 1688 1411 1715 fortibus
1425 1687 1482 1723 spei
1499 1687 1618 1714 fructum
1635 1686 1713 1714 ali'ert
1726 1694 1734 1713 :

949 1735 1031 1770 hujus
1044 1742 1108 1763 vero
1121 1735 1178 1770 spei
1188 1734 1304 1767 fructus,
1323 1735 1408 1762 salus.

951 1782 1058 1814 ἐλπίδος
1079 1783 1136 1814 τοῖς
1150 1782 1316 1817 ὑπομένουσι
1336 1780 1455 1817 κομίζων
1474 1780 1596 1815 καρπούς
1607 1788 1614 1796 ·
1630 1780 1736 1815 καρπδς

982 1870 1009 1898 6.
1022 1869 1098 1897 Gado
1111 1868 1218 1895 futuras
1230 1875 1245 1894 a
1257 1867 1395 1894 latronum
1408 1866 1611 1894 incursionibus
1623 1865 1736 1892 insidias

946 1916 1094 1944 ominatur.
1112 1914 1142 1940 1d
1155 1913 1227 1940 enim
1243 1912 1320 1940 aiunt
1335 1911 1429 1943 verba,
1445 1911 1580 1945 «direptio
1590 1918 1651 1937 eum
1671 1910 1737 1936 diri-

946 1961 1013 1997 piet.
1025 1970 1035 1986 r
1049 1959 1119 1987 Tum
1137 1958 1219 1986 etiam
1235 1956 1376 1984 victoriam
1388 1956 1503 1991 spondet
1519 1964 1527 1982 :
1546 1956 1620 1990 ipse,
1636 1955 1735 1988 inquit,

946 2014 1012 2035 mox
1039 2004 1150 2039 diripiet
1179 2003 1267 2030 illum.
1295 2001 1383 2028 Asero
1416 2001 1541 2028 similiter
1575 1999 1736 2035 frugiferum

948 2058 1042 2086 agrum
1056 2050 1197 2085 praedicit;
1214 2047 1388 2082 Nepbtalimo
1397 2046 1500 2074 sobolis
1515 2046 1715 2073 incrementum
1729 2055 1736 2073 :

947 2099 987 2126 sic
1003 2097 1076 2125 enim
1095 2094 1284 2128 intelliguntur
1300 2093 1381 2120 verba
1393 2112 1401 2125 ,
1418 2093 1523 2120 caudex
1541 2092 1661 2120 emissus
1673 2111 1681 2123 ,
1705 2099 1738 2118 ex

948 2151 978 2171 se
992 2143 1106 2177 gignens
1119 2138 1332 2175 pulchritudinis
1346 2145 1468 2173 germen.
1490 2137 1594 2164 Deinde
1604 2135 1736 2163 infensam

947 2188 1066 2223 Josepbo
1082 2186 1212 2214 invidiam
1232 2185 1377 2219 variasque
1391 2183 1513 2218 pandens
1531 2183 1656 2215 insidias,
1668 2182 1737 2209 divi-

951 2242 1012 2262 nam
1028 2233 1150 2261 celebrat
1164 2230 1377 2262 Providentiam,
1396 2237 1451 2264 qua
1467 2233 1554 2256 tectus
1567 2228 1738 2255 adversarios

952 2288 1018 2309 suos
1044 2279 1194 2314 superavit.
1226 2287 1236 2304 ‹
1261 2276 1379 2304 Contriti
1407 2279 1490 2306 sunt,
1519 2274 1628 2308 inquit,
1659 2280 1740 2300 arcus

950 2334 1064 2360 eorum;
1078 2325 1174 2360 dilapsi
1188 2328 1252 2351 sunt
1266 2322 1341 2350 nervi
1359 2321 1531 2348 brachiorum
1553 2326 1740 2353 manuumque

950 2381 1058 2405 eorum,
1074 2379 1122 2407 per
1137 2378 1248 2398 manum
1269 2368 1389 2404 potentis
1417 2366 1512 2394 Iacob.
1530 2366 1608 2393 illinc
1633 2366 1680 2400 qui
1712 2369 1740 2392 te

951 2421 1064 2448 roborat
1079 2418 1162 2446 Israel
1183 2425 1198 2444 a
1214 2416 1269 2443 Deo
1291 2414 1379 2442 Patris
1393 2414 1442 2440 tui.
1457 2412 1611 2447 Opitulatus
1626 2415 1668 2438 est
1690 2410 1738 2436 tibi

951 2465 1023 2493 Deus
1038 2471 1116 2491 meus
1132 2472 1139 2490 :
1158 2460 1298 2489 benedixit
1313 2459 1360 2486 tibi
1373 2456 1562 2486 benedictione
1576 2455 1638 2482 coeli
1659 2455 1740 2481 desu-

952 2519 1012 2548 per.
1035 2515 1169 2544 terraeque
1185 2507 1372 2536 benedictione
1387 2504 1480 2532 omnia
1495 2500 1706 2532 continentis";
1727 2509 1738 2526 ι

950 2562 977 2585 et
992 2557 1107 2592 reliqua.
1125 2554 1231 2588 Quibus
1245 2552 1372 2580 omnibus
1391 2549 1482 2578 verbis
1500 2548 1584 2575 Deum
1602 2553 1681 2574 suum
1696 2553 1741 2572 ce-

951 2605 1076 2637 lebravit,
1089 2603 1135 2638 qui
1150 2610 1180 2630 se
1193 2600 1270 2628 fratri
1291 2597 1449 2627 adversario
1468 2595 1636 2630 superiorem
1650 2592 1742 2619 reddi-

857 2742 972 2770 ΝΟΤΑΞ.

149 2820 206 2854 (60)
230 2820 269 2846 lta
287 2820 387 2846 habent
407 2816 477 2845 LXX
493 2817 665 2854 interpretes,
680 2823 751 2850 quos
769 2813 896 2854 sequ-itur

112 2849 244 2888 Pbotihs;
269 2862 358 2888 neque
389 2853 471 2880 ullam
496 2849 656 2888 varietatem
680 2849 730 2884 ego
753 2849 849 2888 tepori
871 2849 898 2875 in

115 2884 290 2920 Holmesiana
301 2884 470 2917 diversarum
483 2887 630 2915 lectionum
643 2893 739 2922 magna
751 2884 898 2919 farragine.

952 2811 1056 2838 Tutus
1070 2813 1161 2844 tamen
1177 2807 1236 2834 Lat.
1263 2807 1388 2842 vulgatus
1405 2805 1492 2844 habet
1504 2804 1570 2835 alia,
1586 2803 1649 2838 quia
1671 2802 1742 2844 lecta

952 2847 1006 2909 ἰιιὶι
1033 2846 1062 2872 in
1078 2843 1213 2872 llcbraico
1238 2841 1385 2877 archetypo
1410 2841 1539 2867 vicesima
1573 2847 1622 2874 pro
1645 2843 1743 2874 quarta

964 2883 1050 2908 ittera.
