1874 3070
155 147 222 180 1079

713 147 845 178 ΡΗΟΤΙῙ
863 146 1116 178 PATRIARCHIE
1135 149 1188 179 (ΖΡ.

1718 148 1788 180 1080

154 206 213 232 (lit:
236 204 377 240 liliumque
393 205 494 239 pariter
514 212 614 237 suum,
638 209 734 232 contra
761 212 842 239 quem
868 207 925 231 tant

1029 204 1129 231 πάντων
1157 204 1262 240 ὕμνησε
1287 205 1334 239 τὸν
1361 206 1461 232 οἰκεῖον
1478 204 1566 238 Θεὸν,
1594 204 1623 236 ὃς
1649 204 1698 232 καὶ
1710 205 1792 231 αὐτὸν

153 250 269 277 fratrum
291 251 368 276 turba
387 250 589 283 conjuraverat.
606 249 692 282 Ilauc,
711 251 812 284 inquit,
831 249 943 276 tutelam

153 303 250 326 nactus
261 305 291 324 es
304 301 415 332 propter
431 302 509 323 tuutn
529 304 593 332 erga
609 301 735 332 parentes
751 296 882 324 studium.
899 296 944 323 Sic

151 345 225 371 enim
241 344 374 377 intelligas
391 343 475 370 verba
491 352 497 370 :
515 348 626 378 propter
646 343 862 371 benedictionem
879 343 945 370 ube-

153 398 212 416 rum
227 395 255 417 et
271 390 367 422 vulvae,
384 389 603 417 benedictionem
616 389 700 424 patris
715 389 866 424 matrisque
880 394 943 415 ture.

152 435 178 463 Is
189 436 261 463 enim
277 436 352 463 senis
365 435 452 470 patris
471 436 616 463 sollicitant
634 443 727 463 curam
743 435 827 470 gessit
841 443 847 461 :
866 435 946 469 quid—

152 482 216 516 quid
229 487 319 509 autem
335 483 405 516 patri
419 481 493 514 fecit,
509 482 536 508 id
552 482 662 516 utrique
677 481 783 517 parenti
799 488 945 509 commune

152 527 252 554 dicitur
267 537 274 554 :
292 535 410 562 namque
424 532 450 555 ct
469 532 555 555 mater
582 529 706 556 eamdem
728 536 823 555 curam
847 528 946 555 fuisset

152 578 275 608 experta,
289 573 342 600 nisi
356 574 438 600 citius
448 574 502 601 vita
516 575 688 602 excessisset.
706 574 807 602 Deinde
819 578 946 608 precatur

151 620 177 646 ei
198 620 355 654 praeclaram
374 619 485 652 famam,
504 625 586 655 atque
603 625 634 647 ut
648 621 719 654 apud
746 628 842 648 omnes
857 620 944 647 incla-

153 671 242 694 rescat
255 675 262 692 :
275 675 284 691 ι
298 665 461 703 Exsuperes,
476 667 575 702 inquit.
589 667 794 694 benedictiones
809 668 943 694 montium

154 711 348 744 immobilium,
366 713 587 748 desideriumque
599 714 733 740 clivorum
749 717 942 740 aeternorum.)

152 757 215 786 Πίου
226 759 290 786 lient
307 759 334 786 in
349 760 438 794 capite
453 758 575 794 Josepbi,
594 759 620 786 in
639 760 740 787 vertice
754 767 871 794 quorum
887 759 946 794 ipse

152 805 208 832 dux
221 811 263 832 cst
277 805 403 833 fratrum.
418 804 496 833 llaud
510 806 673 833 vocabulum
688 805 763 837 θίνας
776 805 884 840 Aquila.
897 805 944 834 sed

152 851 264 884 βουνοὺς
286 851 388 885 posuit.
412 851 497 879 Sicuti
526 859 592 886 ergo
615 851 709 885 procul
738 850 946 885 conspiciuntur

149 904 200 923 seu
220 897 303 923 colles
327 904 375 923 seu
402 901 529 929 montes,
553 897 652 924 horum
683 897 770 923 instar
789 896 943 931 patriarcha
960 888 980 916 Β

152 947 228 976 optat
244 944 423 976 conspicuum
451 943 511 970 ﬁeri
547 942 695 978 Josephum
719 946 801 978 atque
818 942 942 971 omnium

152 986 383 1014 illustrissimum.

189 1073 213 1102 7.
238 1074 357 1109 Denique
385 1073 575 1110 Benjaminum
598 1075 667 1103 dixit
692 1075 787 1111 lupum
814 1083 942 1110 rapacem

151 1127 261 1156 propter
289 1129 350 1149 eam
374 1129 435 1156 qua:
449 1122 563 1157 contigit
577 1122 642 1149 huic
667 1122 749 1150 tribui
764 1122 881 1150 cladem.
899 1123 943 1150 ld-

152 1168 225 1195 rirco
253 1167 378 1202 adjecit:
409 1177 419 1193 ι
436 1168 513 1196 Mane
541 1169 676 1201 comedet,
700 1176 816 1203 vespere
850 1169 942 1196 cibum

151 1214 338 1242 distribuat".
360 1224 368 1240 ι
386 1214 453 1242 Nam
472 1215 560 1249 primo
575 1215 716 1249 alteroque
733 1221 880 1249 cangressu
896 1223 944 1242 su-

151 1260 272 1294 periores
296 1260 465 1296 Bettjamitm,
493 1261 527 1288 ad
542 1265 696 1288 extremum
712 1261 837 1289 funditus
860 1261 943 1289 deleti

151 1303 272 1338 fuerunt,
290 1307 383 1340 paucis
403 1307 547 1334 admodum
560 1307 692 1342 exceptis.
709 1307 810 1342 quibus
823 1307 943 1335 victores

151 1352 339 1380 misericordia
359 1353 489 1380 commoti
505 1352 622 1380 feminas
630 1353 742 1387 quidem
756 1353 784 1381 in
797 1353 943 1381 matrimo-

151 1399 228 1426 nium
242 1400 278 1427 ob
295 1401 459 1428 sacramenti
485 1400 646 1436 religionem
675 1408 731 1428 non
761 1401 944 1433 tradiderunt,

152 1446 230 1472 aliter
244 1451 334 1474 tamen
351 1447 390 1474 eis
406 1447 516 1481 nuptias
529 1447 756 1476 conciliaverunt.
781 1447 875 1483 Neque
901 1454 944 1475 ta-

151 1499 214 1519 men
230 1492 404 1520 nesciendum
425 1498 466 1520 est
489 1494 637 1522 nonnullos
658 1494 709 1521 hoc
724 1494 884 1522 vaticinium
910 1495 944 1522 ad

151 1538 245 1565 divum
265 1538 378 1566 Paulum
397 1539 513 1566 traxisse
530 1549 536 1567 :
553 1540 598 1567 hic
608 1540 680 1568 enim
697 1540 753 1575 lupi
774 1541 826 1568 ritu
844 1541 944 1568 noxius

151 1583 280 1611 Ecclesiae
292 1584 343 1611 fuit
355 1585 382 1610 in
399 1585 496 1612 dumos
513 1585 690 1619 irrumpens;
704 1590 798 1620 postea
812 1594 879 1613 vero
888 1586 946 1621 spi-

152 1630 258 1657 ritalem
279 1638 369 1657 escam
385 1630 445 1657 orbi
464 1630 614 1658 distribuit.
629 1630 778 1666 Postquam
796 1632 852 1659 haec
867 1631 946 1660 Jaco-

151 1675 204 1702 bus
222 1675 347 1707 dixisset,
372 1683 509 1710 suumque
520 1676 626 1703 obitum
645 1676 839 1710 nuntiavisset,
856 1678 945 1713 pergit

152 1721 242 1748 dicere
255 1721 403 1749 historicus
418 1730 425 1749 τ
441 1722 572 1749 Collectis
587 1722 614 1749 in
627 1722 728 1750 lectulo
746 1722 874 1757 pedibus,
889 1724 947 1750 aui-

151 1774 224 1793 mam
244 1767 307 1801 egit.
320 1772 348 1794 et
360 1767 394 1794 ad
420 1768 551 1803 populum
569 1776 651 1796 suum
679 1769 822 1804 appositus
846 1774 899 1796 est.
918 1770 945 1797 ld

107 1829 110 1832 ~
152 1812 240 1847 ipsum
256 1813 411 1840 Abraltamo
425 1821 535 1848 quoque
544 1813 652 1840 dixerat
669 1814 825 1841 communis
850 1814 921 1841 Deus
938 1824 945 1842 :

154 1867 164 1882 ι
184 1857 222 1884 Tu
245 1866 311 1885 vero
338 1859 428 1886 abibis
454 1859 487 1886 ad
516 1864 610 1894 patres
636 1864 708 1892 tuos,
725 1861 795 1887 bona
807 1865 946 1888 senectute

152 1905 311 1932 nutritus".
334 1914 343 1930 ι
361 1904 429 1932 Hinc
454 1906 538 1933 etiam
568 1905 706 1933 Dominus:
732 1906 945 1933 Satldncmorum

153 1949 370 1976 incredulitatem
396 1951 564 1985 coarguebat
581 1951 678 1978 dicens
696 1959 703 1977 :
721 1959 731 1975 ι
750 1949 829 1983 Quod
853 1955 946 1978 alitem

151 1996 251 2022 mortui
283 1997 432 2023 sun-recturi
450 1997 515 2028 sint,
541 2004 633 2023 nonne
657 1997 783 2032 legistis?
799 1996 857 2031 Ego
875 1997 948 2026 Deus

152 2042 301 2069 Abrabami
326 2047 353 2069 ct
371 2042 453 2070 lsaaci
474 2047 501 2070 et
519 2042 614 2070 Jacobi
627 2043 661 2069 ⁸¹.
692 2052 701 2068 ›
723 2042 782 2070 Νοη
804 2048 847 2070 est
862 2043 946 2077 Deus,

152 2092 323 2114 mortuorum
336 2087 475 2119 Deus,sed
493 2089 672 2115 viventium.)
688 2088 741 2122 Ipsi
758 2087 845 2122 gloria
856 2089 883 2115 in
897 2097 947 2117 ste-

154 2135 227 2160 cula.
243 2133 341 2160 Amen.

189 2189 352 2223 QUASSTIO
371 2189 472 2218 CCLXI
499 2190 592 2226 [CuisL
621 2190 794 2223 CCLXXI“,
828 2191 909 2219 Taur.

481 2226 620 2262 chxx1.

206 2273 276 2306 Quid
291 2273 339 2300 hac
354 2273 477 2300 ostendat
492 2273 585 2299 rubum
599 2273 691 2300 ardere
707 2281 753 2300 nec
764 2273 889 2301 comburi.

960 2234 988 2264 D

998 251 1141 284 κρείττονα
1155 250 1204 277 τοῦ
1232 250 1457 286 πεπολεμηκότος
1489 250 1633 284 ἀπέφηνεν
1660 250 1789 284 ἀδελφοῦ.

998 295 1047 322 καὶ
1059 295 1105 322 τδν
1123 296 1182 322 υἱὸν
1196 297 1302 331 ἄμαχον
1318 296 1403 330 ἔδειξε
1416 295 1494 331 παρὰ
1506 296 1644 323 τοσούτων
1667 296 1791 330 ἀδελφῶν

997 342 1234 370 ἐπιϐουλευθέντα.
1247 343 1355 378 Ταύτης
1367 343 1406 374 δὲ.
1419 343 1498 378 φησὶ,
1512 343 1562 378 τῆς
1574 343 1738 378 κηδεμονίας
1748 352 1790 369 τε‹

997 388 1130 424 τύχηκας,
1142 389 1190 424 τῆς
1200 390 1240 421 εἰς
1250 389 1314 421 τοὺς
1326 390 1527 424 γεγεννηκότας
1539 389 1685 425 θεραπείας
1696 388 1791 423 μισθδν

997 443 1030 461 κο
1034 436 1192 469 μισάμενος·
1205 435 1284 461 τοῦτο
1294 435 1330 469 Ta
1334 444 1350 470 ρ
1360 435 1583 469 λέγει,‹Ἕνεκεν
1595 434 1722 469 εὐλογίας
1738 443 1790 469 μα-

999 481 1070 507 σθῶν
1083 481 1131 507 καὶ
1149 481 1265 516 μήτρας,
1285 481 1412 515 εὐλογίας
1428 481 1532 517 πατρός
1551 489 1598 507 σου
1624 481 1672 507 καὶ
1686 481 1790 516 μητρός

999 535 1046 553 σου
1055 536 1061 543 ·
1069 536 1079 552 ι
1091 528 1255 562 γηρωκόμος
1270 527 1324 563 γὰρ
1334 528 1382 554 τοῦ
1391 527 1496 563 πατρὸς
1507 527 1650 558 σπουδαῖος
1658 527 1789 561 ἐγεγόνει·

997 575 1032 599 τὰ
1039 573 1114 605 δὲεις
1121 574 1202 600 αὐτὸν
1211 574 1394 610 γεγενημένα,
1404 574 1482 601 κοινὰ
1492 574 1575 601 αὑτοῦ
1583 582 1612 600 τε
1623 574 1730 609 καὶτῆς
1741 582 1791 608 μη-

997 619 1062 654 τρὸς
1071 617 1141 647 εἶναι
1149 628 1227 654 φησι·
1238 619 1399 656 ταύτηςγὰρ
1408 620 1441 646 ἂν
1448 621 1498 655 τῆς
1506 620 1669 655 κηδεμονίας
1677 620 1791 654 κάκείνη

999 665 1167 700 ἀπήλαυσεν,
1181 667 1205 693 εἰ
1219 667 1256 702 μὴ
1267 666 1364 694 θᾶττον
1377 666 1473 702 ἐξῆλθε
1486 666 1533 693 τοῦ
1550 665 1608 701 βίου
1617 675 1624 681 ·
1634 663 1696 692 εἶτα
1709 665 1791 692 ἐπεύ-

998 721 1076 747 χεται
1091 713 1166 748 αὐτῷ
1179 713 1372 748 περιφάνειαν,
1388 712 1460 739 ὥστε
1475 711 1602 747 γενέσθαι
1619 712 1703 739 αὑτὸν
1717 712 1792 748 παρᾶ

1000 759 1083 785 πᾶσιν
1092 759 1254 794 ὲπίσημον.ι
1265 759 1480 794 ’Υπερισχύσαις
1487 759 1552 794 γόιρ⁷
1563 759 1656 793 φησὶν,
1666 759 1738 792 ὑπὲρ
1747 759 1791 784 εὑ-

998 804 1090 838 λογίας
1099 805 1184 840 ὀρέων
1194 805 1317 840 μονίμων
1331 806 1377 832 καὶ
1390 805 1539 840 ἐπιθυμίας
1549 805 1631 832 θινῶν
1639 805 1758 832 αἰωνίων
1765 813 1772 821 ·
1779 814 1789 831 ι

999 850 1105 878 ἔσονται
1119 852 1166 878 ἐπὶ
1178 851 1416 887 κεφαλῆςῚωσὴφ,
1432 853 1480 878 καὶ
1488 851 1536 878 ἐπὶ
1544 851 1665 887 κορυφῆς
1676 847 1714 878 ὧν
1723 851 1792 887 ἡγή-

995 907 1061 925 σατο
1068 898 1200 932 ἀδελφῶν·
1216 899 1247 925 τὸ
1264 899 1292 925 δὲ
1308 899 1393 930 θῖνας
1401 899 1416 925 ό
1430 898 1546 930 ’Δκύλας
1557 898 1694 931 βουνοὺς
1702 898 1792 934 ἡρμή-

993 952 1098 972 νευπεν·
1112 944 1204 980 ἐπειδὴ
1214 945 1305 972 τοίνυν
1317 944 1459 980 πόρρωθεν
1471 945 1589 980 ὁρῶνται
1601 945 1648 971 καὶ
1663 945 1687 971 οἱ
1703 945 1792 979 βουνοὶ

993 993 1040 1019 καὶ
1055 993 1090 1019 τὰ
1106 992 1156 1028 ὄρη
1170 1013 1178 1025 ,
1197 992 1302 1025 τούτοις
1316 992 1515 1028 παραπλησίως
1528 992 1637 1027 εὓχεται
1653 990 1792 1026 γνώριμον

993 1038 1075 1065 αὑτὸν
1095 1038 1224 1072 γενέσθαι
1236 1039 1284 1065 καὶ
1298 1039 1408 1065 πάντων
1422 1038 1666 1073 περιφανέστατον.

1029 1083 1064 1115 ζ’.
1079 1083 1131 1110 Τὸν
1147 1083 1176 1110 δὲ
1193 1083 1323 1119 Βενιαμὶν
1337 1083 1420 1110 λύκον
1436 1083 1551 1119 ἅρπαγα
1567 1082 1686 1116 κέκληκε
1702 1082 1748 1108 διὰ
1760 1081 1792 1107 τὸ

994 1129 1166 1166 συμϐεϐηκὸς
1187 1130 1273 1162 πάθος
1295 1131 1328 1165 τῇ
1351 1129 1449 1156 τούτου
1470 1128 1553 1164 φυλῇ.
1580 1128 1626 1154 Διὸ
1655 1128 1790 1161 ἐπήγαγε·

997 1188 1006 1204 ι
1024 1177 1061 1204 Τὸ
1075 1176 1195 1210 πρωῑνὸν
1217 1177 1318 1208 ἔδεται,
1346 1177 1394 1202 καὶ
1409 1177 1449 1207 εἰς
1464 1175 1495 1202 τὸ
1517 1174 1640 1210 ἑσπέρας
1663 1172 1791 1200 διαδώσει

992 1223 1110 1258 ’τροφήν⁹
1131 1231 1141 1248 ι
1156 1222 1185 1248 ὲν
1207 1221 1263 1257 γὰρ
1280 1223 1313 1257 τῇ
1337 1221 1436 1257 πρώτῃ
1450 1221 1499 1247 καὶ
1511 1220 1628 1255 δευτέρᾳ
1644 1219 1789 1255 συμπλοκῇ

993 1267 1177 1302 νενικηκότες,
1199 1266 1313 1302 ὕστερον
1328 1266 1412 1302 ἄρδην
1426 1265 1585 1297 ἀπώλοντο,
1605 1265 1676 1299 πλὴν
1697 1265 1788 1300 εὐαρι-

994 1313 1106 1348 θμήτων
1116 1313 1197 1340 τινῶν
1205 1313 1314 1348 ὀλίγων.
1322 1312 1369 1344 οὓς
1375 1313 1400 1338 ot
1409 1311 1584 1346 νενικηκότες
1592 1310 1790 1345 οἰκτείραντες,

993 1358 1085 1385 δοῦναι
1101 1358 1150 1393 μὲν
1164 1359 1258 1390 αὐτοῖς
1272 1359 1406 1392 γυναῖκας
1419 1357 1466 1384 διὰ
1477 1357 1524 1383 τὸν
1547 1356 1629 1391 ὅρκον
1639 1355 1790 1387 ὑπείδοντο,

995 1405 1098 1440 ἑτέρως
1114 1404 1136 1431 δ’
1163 1405 1256 1436 αὐτοῖς
1267 1405 1313 1431 τὸν
1333 1405 1422 1439 γάμον
1449 1403 1672 1438 ἐμηχανήσαντο·
1691 1402 1791 1429 εἰδέναι

994 1452 1024 1478 δὲ
1039 1451 1092 1487 χρὴ
1104 1451 1142 1483 ὥς
1155 1460 1228 1484 τινες
1238 1451 1317 1487 τήνδε
1332 1451 1381 1486 τὴν
1395 1451 1549 1486 πρόρρησιν
1579 1451 1620 1481 είς
1633 1449 1678 1476 τὸν
1691 1449 1792 1476 θεσπέ-

995 1506 1054 1525 σιον
1078 1497 1185 1525 Παῦλον
1206 1499 1336 1525 εἵλκυσαν
1352 1498 1419 1533 (61)·
1447 1497 1531 1523 λύκου
1554 1496 1609 1532 γὰρ
1625 1496 1705 1531 δίκην
1728 1495 1791 1522 ἐλυ-

998 1544 1108 1579 μαίνετο
1124 1544 1174 1579 τὴν
1209 1545 1374 1579 Ἐκκλησίαν
1399 1544 1470 1570 κατὰ
1497 1543 1561 1574 τοὺς
1579 1542 1671 1574 οἴκους
1695 1543 1791 1568 εἰσπο-

999 1589 1155 1625 ρευόμενος,
1178 1590 1291 1626 ὕστερον
1307 1590 1335 1617 δὲ
1354 1591 1404 1626 τὴν
1421 1589 1612 1624 πνευματικὴν
1639 1588 1746 1624 τροφὴν
1759 1589 1792 1623 τῇ

996 1637 1144 1674 οἰκουμένῃ
1155 1637 1277 1665 διέδωκε.
1293 1637 1388 1664 Ταῦτα
1401 1637 1448 1664 τοῦ
1457 1636 1555 1664 ἰακὼσ
1571 1636 1725 1672 εἰρηκότος,
1742 1636 1791 1662 καὶ

996 1683 1046 1719 τὴν
1069 1684 1173 1710 οἰκείαν
1199 1683 1327 1718 τελευτὴν
1345 1683 1546 1718 μεμηνυκότος,
1571 1683 1585 1709 ὁ
1612 1682 1791 1716 συγγραφεὺς

997 1728 1061 1763 ἔφη’
1078 1737 1088 1754 ι
1107 1729 1162 1754 Καὶ
1175 1727 1277 1762 ἐξάρας
1293 1727 1357 1760 τοὺς
1373 1727 1456 1758 πόδας
1474 1726 1558 1753 αὐτοῦ
1574 1726 1620 1752 ἐπὶ⁵
1634 1726 1682 1761 τὴν
1700 1726 1795 1761 κλίνην

997 1773 1116 1806 ἐξέλιπε,
1127 1772 1175 1800 καὶ
1189 1771 1341 1807 προσετέθη
1359 1772 1429 1808 πρὸς
1443 1772 1488 1798 τὸν
1499 1771 1564 1798 λαὸν
1581 1771 1674 1797 αὐτοῦ’
1688 1780 1698 1796 ι
1715 1770 1796 1797 τοῦτο

997 1819 1026 1845 δὲ
1052 1819 1101 1845 καὶ¹
1126 1818 1194 1854 πρὸς
1219 1819 1264 1845 τὸν
1285 1817 1412 1854 Ἀὃραὰμ
1433 1818 1448 1844 ὁ
1464 1817 1518 1844 τῶν
1543 1817 1614 1844 ὅλων
1639 1816 1692 1852 ἔφη
1715 1816 1793 1848 Θεός·

1000 1874 1010 1890 ι
1028 1865 1064 1892 Σὺ
1081 1865 1110 1892 δὲ
1125 1865 1266 1902 ἀπελεύσῃ
1279 1866 1348 1900 πρὸς
1359 1865 1424 1896 τοὺς
1443 1864 1565 1898 πατέρας
1578 1872 1625 1890 που
1641 1864 1670 1890 ὲν
1685 1863 1793 1899 εἰρήνῃ,

997 1911 1113 1946 τραφεὶς
1129 1911 1158 1938 ὲν
1173 1911 1253 1946 γήρει
1266 1910 1352 1945 καλῷ·
1372 1919 1382 1936 ι
1398 1909 1525 1936 ἐντεῦθεν
1534 1909 1582 1936 καὶ
1597 1910 1610 1935 ὁ
1629 1908 1734 1944 Κύριος
1745 1908 1796 1942 τὴν

1001 1958 1056 1984 τῶν
1071 1958 1259 1985 Σαδδουκαίων
1268 1957 1398 1983 ἀπιστίαν
1408 1955 1548 1991 διήλεγξεν
1558 1954 1689 1990 εἰρηκώς·
1705 1963 1715 1979 ι
1732 1955 1795 1981 ’Ὁτι

997 2003 1025 2030 δὲ
1047 2004 1200 2039 ἐγείρονται
1215 2004 1240 2029 οἱ
1254 2003 1347 2038 νεκροὶ
1360 2002 1410 2028 οὐκ
1421 2002 1556 2036 ἀνέγνωτε
1570 2010 1577 2034 ;
1604 2000 1674 2035 Ἐγὼ
1693 2001 1708 2026 ὁ
1729 2000 1796 2031 θεὸς

1005 2050 1130 2085 ’Δόραὰμ
1147 2050 1194 2076 καὶ
1212 2048 1306 2076 Ἰσαὰκ
1317 2049 1365 2075 καὶ
1383 2048 1492 2074 ’1ακώ6.
1515 2057 1525 2074 ι
1540 2048 1597 2073 Οὐκ
1611 2047 1687 2073 ἔστιν
1700 2047 1714 2072 ὁ
1728 2046 1796 2077 Θεὸς

997 2096 1063 2128 Θεὸς
1089 2095 1206 2131 νεκρῶν,
1222 2095 1291 2122 ἀλλὰ
1313 2095 1434 2127 ζώντων.
1459 2093 1542 2129 Αὐτῷ
1565 2094 1582 2129 ἡ
1597 2093 1659 2125 δόξα
1677 2093 1718 2124 εἰς
1731 2093 1795 2123 τοὺς

997 2143 1108 2173 αἰῶνας.
1131 2142 1229 2177 ’Δμήν.

1266 2199 1434 2228 ΕΡΩΤΠΣΙΣ
1446 2199 1526 2226 ΣΞΝ.

1004 2281 1035 2307 Τί
1050 2279 1140 2313 δηλοῖ
1156 2281 1200 2314 τὸ,
1216 2281 1275 2315 τὴν
1289 2281 1388 2342 ,βάτην
1411 2281 1548 2343 git/£000!
1573 2280 1623 2307 καὶ
1635 2279 1679 2314 μὴ
1705 2288 1795 2307 κατα-

1320 2325 1358 2343 κα
1372 2324 1410 2343 εσ
1428 2325 1458 2342 αι
1471 2324 1480 2343 .'

1320 2324 1458 2344 καιεσσαι
1471 2324 1480 2347 ;

575 2369 644 2394 sum
659 2376 673 2394 ει
686 2368 749 2394 Maio
766 2370 837 2401 (Nov.
853 2371 915 2396 Coll.
930 2375 948 2395 t.
967 2373 1006 2404 lx,
1023 2382 1048 2406 ρ,
1069 2376 1135 2406 ηδ).
1154 2389 1182 2393 -
1199 2373 1276 2399 Exod.
1297 2379 1331 2402 ιιι,
1348 2372 1372 2396 2.

188 2413 243 2440 uloc
262 2412 307 2439 Dei
334 2412 485 2447 potentiam
513 2416 596 2446 atque
621 2419 742 2439 amorem
768 2414 794 2440 in
823 2414 925 2441 bomim

1035 2418 1092 2454 Τὴν
1100 2417 1146 2444 τοῦ
1154 2417 1222 2444 θεοῦ
1234 2416 1349 2450 δύναμιν
1359 2416 1408 2442 καὶ
1421 2414 1632 2449 φιλανθρωπίαν
1647 2413 1791 2448 κηρύττει,

150 2461 302 2497 proclamat
315 2460 389 2494 quod
404 2460 502 2486 rubnm
519 2461 564 2493 qui
581 2460 705 2494 lignosus
722 2465 781 2487 erat
798 2469 851 2488 non
870 2470 925 2489 con

1033 2473 1041 2490 ι
1054 2462 1218 2498 φρυγανώδη
1232 2459 1316 2488 οὖσαν
1330 2461 1381 2486 οὐκ
1395 2460 1527 2495 ἀνήλισκε
1542 2459 1572 2486 τὺ
1583 2458 1717 2486 ἄσϐεστον
1729 2457 1796 2492 ἠὗρ’

150 2507 238 2534 bussit
260 2505 491 2539 iuexstinguibilis
518 2506 596 2540 ignis.
624 2505 759 2533 Przcterea
787 2514 889 2535 censeo
916 2517 925 2534 ιλ

1029 2519 1076 2544 μαι
1095 2508 1123 2535 δὲ
1139 2509 1173 2535 δι’
1193 2507 1277 2534 αὐτοῦ
1295 2506 1518 2541 παραδηλοῦσοαι
1531 2505 1579 2532 καὶ
1600 2505 1667 2531 δτιὸ
1688 2503 1799 2539 Ἰσραὴλ

151 2554 203 2580 lmc
220 2553 303 2580 Israel
337 2552 525 2586 repraisentari
553 2553 598 2586 qui
626 2553 660 2579 ab
684 2552 821 2588 Egyptiis
838 2560 925 2582 vexat!

1029 2555 1054 2581 τὸ
1072 2554 1126 2581 τῶν
1141 2554 1299 2586 Αἰγυπτίων
1317 2551 1476 2578 ὲπιὸουλευό
1484 2559 1564 2586 μενος
1584 2551 1634 2576 οὐκ
1652 2548 1797 2583 ἀναλωθή-

151 2608 207 2626 ιιοιι
224 2606 313 2625 tamcu
330 2598 471 2633 periturus
484 2603 553 2631 erat,
568 2599 610 2625 vel
631 2599 714 2625 etiam
735 2599 834 2626 Filiutn
851 2600 925 2636 Unll‘l

1029 2609 1092 2628 ιται·
1110 2600 1188 2626 ἔτιδὲ
1203 2599 1252 2626 καὶ
1269 2599 1306 2630 ὡς
1319 2599 1334 2624 6
1344 2598 1502 2632 Μονογενὴς
1515 2595 1734 2631 ὲνανθρωτιήοας
1749 2597 1798 2621 καὶ

152 2646 240 2674 uitum
256 2646 313 2680 qui,
329 2651 473 2682 postquam
489 2651 614 2672 naturam
625 2652 773 2672 numauam
788 2647 925 2679 sumpsiss

1029 2645 1173 2681 αρθενικὴν
1188 2644 1335 2679 ἑνοικήσας
1347 2643 1438 2678 νηδὺν,
1450 2642 1566 2677 φυλάξει
1577 2642 1626 2676 τὴν
1642 2640 1799 2675 παρθενίαν

152 2698 236 2727 atque
251 2692 346 2719 insiuu
363 2693 474 2726 virginis
488 2691 679 2722 habitavisset,
696 2692 720 2718 ei
739 2691 874 2727 integram
892 2692 925 2719 vii

1029 2693 1150 2727 ιήρατον·
1173 2691 1242 2726 φασὶ
1256 2691 1284 2717 δέ
1297 2698 1368 2722 τινες
1382 2691 1411 2717 ἐν
1427 2689 1500 2725 βάτῳ
1516 2689 1636 2724 φανῆναι
1655 2688 1701 2715 τὸν
1717 2687 1797 2716 Θεὸν.

822 2749 844 2764 ⁵³
861 2748 945 2776 Marc.
965 2756 1016 2781 xtl,
1030 2749 1075 2776 26.

913 2793 1030 2821 NOTAE.

194 2843 248 2877 (lii)
262 2843 291 2869 In
314 2843 357 2870 bis
372 2842 556 2877 Hieronymus
570 2849 612 2876 ep.
633 2840 679 2872 58,
708 2841 735 2872 1,
750 2845 777 2867 et
789 2845 887 2875 quaest.
907 2840 1044 2868 iuchcs.
1061 2847 1110 2868 nec
1133 2840 1227 2867 nonin
1243 2838 1377 2874 opusculo
1390 2837 1462 2873 quod
1487 2836 1548 2872 ejus
1568 2843 1667 2864 nomen
1697 2834 1793 2868 iactat,

160 2876 203 2904 De
215 2879 437 2906 benedictionibus
448 2876 543 2904 ιᾱευιι.

190 2750 213 2767 ⁸³
229 2751 318 2779 Judic.
338 2759 388 2784 xx;
405 2759 462 2778 ut.
513 2750 537 2766 ⁵⁸⁵
549 2748 649 2776 Genes.
665 2756 710 2780 xv,
728 2749 772 2776 l5.
