1874 3070
84 144 150 176 1081

481 141 531 170 AD
549 138 846 169 AMPHILOCHIUM
859 138 1032 174 QUIESTIO
1051 138 1333 170 CCLXI-CCLXIII.

1649 137 1718 170 1082

82 201 128 226 καὶ
148 199 199 225 οὐκ
217 198 247 225 ὲν
262 196 335 232 ἄλλῳ
349 196 436 231 φυτῷ,
453 197 499 223 διὰ
513 196 544 222 τὸ
559 195 596 231 μὴ
615 195 745 222 δύνασθαί
761 203 822 221 τινα
840 195 872 220 ἐκ
887 200 909 228 Α
924 194 1065 228 ginitatem

973 195 1065 222 itatem
1097 195 1225 222 servavit.
1258 194 1358 223 Dicunt
1387 195 1498 229 quidam
1540 194 1624 222 Deum
1656 196 1718 223 ruhi

83 245 166 279 βάτου
191 243 293 277 γλύψαι
317 241 394 266 Θεόν⁵
422 241 495 272 είκδς
525 241 580 275 γὰρ
608 236 642 273 ἦν
666 237 811 268 Ἰουδαίους
828 236 875 263 καὶ

83 290 162 317 τοῦτο
175 290 322 325 τολμῆσαι,
336 289 415 323 εἷπερ
431 287 460 313 ἐν
476 286 547 321 ἄλλῳ
557 285 636 320 ὤφθη
647 283 734 320 φυτῷ.

351 449 518 476 ΕΡΩΤΗΣΙΣ
530 447 610 476 ΣΞΒ.

219 531 249 557 Ἡ
263 530 414 564 λέπρωσις
427 529 482 563 τῆς
501 530 598 564 χειρὸς
613 529 642 555 τι
653 527 761 563 δηλοῖς

926 241 1034 275 quidem
1058 248 1112 267 non
1135 245 1226 268 autem
1250 240 1321 268 alius
1334 240 1434 275 planta:
1447 240 1563 267 formam
1588 241 1720 274 induisse,

925 288 989 322 quia
1016 295 1070 314 non
1090 291 1180 321 potest
1206 294 1238 314 ex
1261 287 1330 314 rubo
1357 286 1445 314 czelari
1464 286 1546 314 Deus.
1567 286 1723 315 Verisimile

926 338 969 360 est
977 333 1146 360 Jutlaaoshoe
1158 338 1262 361 tentare
1276 341 1393 361 ausuros
1407 332 1493 361 fuisse
1506 334 1528 361 si
1543 333 1613 361 Deus
1626 335 1653 360 in
1669 334 1722 361 alia

931 381 1022 416 planta
1038 381 1114 407 visus
1128 385 1211 407 esset.

968 436 1132 471 QUIESTIO
1144 436 1579 508 ρειχιξᾷοιξὲἓῆιεαιλχχιι,
1604 437 1692 476 Taur.

1072 517 1225 552 Leproaitas
1254 526 1346 544 atauus
1359 518 1421 553 quid
1441 519 1581 554 signiﬁcet.

549 586 619 610 Edita
635 593 649 609 a
666 585 728 610 Maio
741 585 768 616 (l.
785 590 807 608 c.
820 589 845 613 p.
864 579 918 609 126,
930 585 955 609 q.
968 574 1035 607 2⁸11).
1052 587 1082 592 -
1098 574 1176 599 Exod.
1190 580 1224 603 iv,
1234 573 1257 598 6.

125 641 170 666 Ἐν
187 639 314 674 εὐσεϐείᾳ
330 639 435 674 τραφὲν
451 639 482 664 τὺ
501 639 578 673 γένος
593 638 639 665 τοῦ
662 637 758 664 Ἰακὼϐ
773 637 811 668 είς
826 636 877 671 τὴν

85 687 223 719 Αἴγυπτον
252 685 434 721 εἰσελήλυθεν·
466 685 524 711 ἀλλ’
554 686 616 711 ἐκεῖ
640 684 695 710 τῶν
720 682 878 716 Αἰγυπτίων

86 731 225 768 μετέμαθε
247 732 297 767 τὴν
319 731 458 758 ἀσέϐειαν
487 731 539 766 τῆς
565 731 677 757 ἐκείνων
704 730 733 757 δὲ
757 729 879 760 δουλείας

85 777 244 812 ἀπαλλαγὲν
262 776 401 812 μετέμαθε
419 776 467 802 τὸν
484 776 539 803 τῶν
565 775 634 802 ὅλων
648 775 725 802 Θεόν’
743 774 878 809 δεδήλωκε

84 823 176 850 τοίνυν
189 823 235 850 διὰ
245 823 294 858 τῆς
310 821 482 853 ἀλλοιώσεως
496 822 546 857 τῆς
561 823 662 857 χειρὸς,
674 821 724 857 τὴν
739 820 877 855 λέπρωσιν

84 871 177 897 αὐτῶν
187 870 234 896 καὶ
249 869 297 905 τὴν
313 869 459 905 κάθαρσιν·
477 868 546 905 πρὸς
561 869 589 896 δὲ
602 868 707 899 τούτοις
725 867 772 894 καὶ
784 867 878 902 ἕτερον

84 917 222 952 ᾠκονόμει
238 917 252 943 ὁ
277 917 354 949 Θεὸς·
379 916 473 952 ἐπειδὴ
499 916 553 950 γὰρ
573 915 670 950 ἔμελλε
685 915 730 941 τὸν
744 915 810 949 περὶ
824 913 878 940 τῶν

84 963 196 999 λεπρῶν
211 963 315 990 τιθέναι
333 964 414 999 νόμον
425 964 472 990 καὶ
481 962 654 998 ἀκαθάρτους
672 961 785 992 τούτους
797 967 881 996 προσ-

86 1009 244 1044 αγορεύειν,
271 1010 352 1045 ἕτερα
385 1010 429 1037 διὰ
453 1011 555 1036 τούτων
579 1007 731 1043 οἰκονομῶν
742 1007 881 1042 ὲλέπρωσε

963 628 1117 656 Educatutn
1141 627 1167 654 in
1183 627 1283 661 pietate
1307 626 1400 653 Jacobi
1418 635 1504 662 genus
1518 626 1664 663 [Egyptum
1683 629 1725 656 iu-

927 682 1050 711 gressum
1067 678 1136 701 erat.
1158 672 1207 700 llic
1222 680 1288 699 vero
1300 672 1490 707 Egyptiorum
1508 674 1606 701 didicit
1622 675 1721 709 impie-

927 726 1027 754 tatem;
1056 727 1173 754 quorum
1199 719 1313 746 servitio
1338 719 1483 745 liberatum
1511 727 1609 747 rursus
1623 721 1720 748 didicit

928 766 1049 793 onmium
1077 772 1168 792 rerum
1190 764 1287 791 Deum.
1315 763 1442 791 Ostendit
1469 764 1563 799 igitur,
1585 773 1633 800 per
1654 766 1724 793 hanc

931 820 1030 840 manus
1057 811 1285 843 immutationem,
1319 811 1416 838 horum
1440 815 1467 838 et
1495 811 1680 845 leprositatein
1696 817 1724 839 et

928 859 1128 893 purgationem.
1157 855 1346 891 Prmtereaque
1380 856 1452 883 aliud
1475 857 1557 883 ctiatn
1581 858 1726 885 constituit.

930 904 1001 930 Deus
1024 912 1030 930 :
1051 911 1113 930 cum
1131 902 1203 930 enim
1218 910 1302 937 prope
1316 908 1388 929 esset
1402 906 1430 928 ut
1448 902 1551 930 Hebraei
1564 903 1590 929 in
1605 903 1727 938 leprosos

930 949 1016 984 legem
1032 948 1136 976 ferrent
1153 956 1256 983 eosque
1286 948 1443 975 immundos
1465 948 1648 982 declararent,
1672 950 1727 977 alia

933 993 1005 1021 Deus
1020 993 1168 1029 previdcns
1186 993 1321 1027 leprosam
1331 992 1421 1020 elIecit
1434 994 1598 1028 legislatoris
1612 1002 1724 1022 manum

85 1039 301 1092 τοῦ-νομοθέτου
317 1039 369 1092 τὴν
397 1058 483 1092 χεῖρα
493 1055 542 1091 τὴν
567 1055 603 1082 τὰ
624 1039 715 1082 τέλεια
730 1039 882 1081 πεπαιδευο
899 1051 920 1079 Β
932 1047 995 1092 ξῖυίθ
1013 1040 1074 1092 ad}

972 1047 995 1067 te
1013 1040 1046 1067 ad
1061 1044 1153 1067 tantas
1165 1047 1208 1066 res
1218 1045 1282 1074 apta
1293 1044 1363 1071 erat,
1377 1040 1480 1067 docens
1491 1039 1560 1066 nihil
1571 1040 1624 1067 tale
1632 1048 1727 1068 revera

88 1103 185 1139 μένην,
214 1103 348 1130 διδάσκων
377 1103 415 1135 ὡς
443 1103 520 1130 οὐδὲν
538 1102 593 1130 τῶν
618 1101 747 1128 τοιούτων
768 1101 882 1136 τάληθεῐ

87 1150 160 1185 λόγῳ
176 1150 344 1186 ἀκάθαρτον*
358 1149 418 1181 πῶς
436 1149 492 1185 γὰρ
515 1147 671 1183 ἀκάθαρτον
686 1147 717 1174 τὸ
731 1147 880 1180 ἀκούσιονς

88 1196 126 1224 διδ
146 1198 163 1232 ἡ
182 1196 215 1223 τὰ
236 1196 366 1231 θαύματα
380 1197 472 1223 ἐκεῖνα
496 1196 672 1231 ἐργασαμένη
690 1194 776 1227 δεξιὰ,
793 1193 882 1227 λεπρὰ

87 1244 225 1279 πρότερον
257 1243 390 1279 γενομένη
416 1244 476 1274 ταῖς
507 1242 685 1277 θεοσημείαις
713 1240 881 1275 ὑπούργησε·

86 1289 169 1316 τοῦτο
184 1289 213 1316 δὲ
227 1290 273 1316 καὶ
286 1289 332 1316 τὺν
349 1289 499 1324 νομοθέτην
513 1288 659 1315 ἐπαίδευσε
676 1288 714 1323 μὴ
728 1287 801 1322 μέγα
814 1294 882 1321 φρο-

88 1337 159 1367 νεῖν,
175 1335 233 1362 ἀλλ’
248 1336 349 1363 εἰδέναι
373 1335 423 1370 τὴν
443 1335 525 1369 φύσιν
540 1335 590 1370 τῆς
615 1333 804 1369 λεπρωθείσης
820 1334 884 1360 ἀνα-

90 1382 316 1418 μιμνησκόμενον
330 1381 432 1414 δεξιᾶς.
557 1374 566 1382 ’

348 1426 518 1454 ΕΡΩἸῊΣΙΣ
535 1424 620 1452 ΣΞΓ’.

90 1507 174 1533 Atat!
187 1505 342 1540 ἠϐουλήθη
358 1507 374 1532 ὀ
390 1505 514 1540 ἄγγελος
531 1503 652 1532 ἀνελεῖν
669 1504 723 1531 τὸν
735 1504 884 1539 Μωϋσῆνς

931 1087 1103 1114 immundttm
1119 1094 1189 1114 esse.
1205 1086 1265 1120 Quo
1280 1091 1361 1121 pacto
1373 1088 1445 1114 enim
1468 1088 1541 1122 quod
1560 1096 1613 1115 non
1631 1094 1729 1123 sponte

931 1133 961 1160 ﬁt
974 1133 1146 1160 immundum
1165 1133 1219 1161 sit?
1235 1133 1323 1164 Quam
1338 1134 1373 1160 ob
1391 1141 1502 1161 causam
1517 1142 1577 1169 qua:
1591 1138 1630 1161 tot
1645 1135 1730 1162 mira-

931 1180 996 1207 bilia
1012 1185 1164 1214 peregerat,
1180 1180 1238 1207 haec
1251 1180 1347 1207 dextra
1357 1180 1462 1215 leprosa
1483 1181 1557 1215 prius
1567 1180 1637 1208 facta
1662 1189 1730 1216 ope-

931 1233 989 1252 ram
1002 1230 1096 1260 postea
1110 1225 1219 1252 navavit
1232 1225 1364 1260 prodigiis
1376 1226 1487 1253 divinis.
1503 1225 1557 1253 lloc
1565 1234 1674 1261 quoque
1689 1227 1728 1254 le-

933 1272 1092 1307 gislatorem
1119 1272 1208 1306 ipsum
1236 1271 1309 1298 Deus
1343 1271 1461 1304 edocuit,
1495 1280 1549 1299 non
1573 1273 1728 1307 superbire,

933 1317 1051 1352 proprize
1066 1321 1172 1344 natura:
1186 1317 1329 1351 scientem,
1342 1317 1500 1352 dextra:un
1516 1323 1595 1346 antea
1613 1319 1731 1354 leprosa:

936 1363 1007 1391 haud
1024 1363 1225 1391 immemorem.

965 1420 1130 1454 QUESTIO
1144 1421 1404 1493 CCLXIgCLciagllh
1414 1421 1605 1455 CCLXXXIII,
1618 1422 1701 1450 Taur.

939 1502 999 1536 Qua
1015 1503 1046 1530 de
1058 1512 1139 1530 causa
1152 1504 1262 1531 valuerit
1278 1504 1388 1539 angelus
1411 1505 1529 1531 occidere
1540 1503 1650 1539 Moysen
1664 1504 1734 1540 (63).

543 1561 616 1586 Edita
631 1568 645 1586 a
659 1561 722 1586 Maio
739 1562 767 1593 (Ι.
785 1569 807 1587 e.
821 1561 912 1594 ρ.126,
928 1570 954 1595 q.
969 1564 1037 1594 272).
1053 1575 1083 1580 -—
1095 1563 1172 1588 Exod.
1189 1569 1222 1593 tv,
1239 1562 1278 1587 τι.

134 1616 168 1642 Ἡ
183 1615 251 1650 γυνὴ
277 1615 325 1650 μὲν
338 1615 456 1642 ἑτόπασε
484 1615 528 1642 διὰ
540 1615 570 1641 τὺ
586 1615 700 1651 θάτερον
714 1615 770 1642 τῶν
783 1615 887 1642 παίδοιν

93 1663 283 1698 ἀπερίτμητον
300 1659 382 1693 εἶναι,
401 1661 441 1688 διὸ
459 1661 508 1688 καὶ
524 1661 623 1688 αὐτίκα
639 1661 797 1697 περιέτεμε·
813 1661 887 1693 τινὲς

93 1709 124 1736 δέ
140 1717 218 1743 φασι,
236 1708 304 1735 διότι
318 1709 362 1734 ἐπ’
382 1707 526 1743 ἐλευθερίᾳ
549 1707 686 1742 πεμφθεὶς
706 1707 760 1734 τῶν
782 1707 887 1742 ὁμοφύ-

94 1756 161 1786 λων,
178 1754 307 1781 κοινωνὸν
321 1754 373 1788 τῆς
396 1753 457 1780 ὀδοῦ
481 1753 600 1788 ἐπήγετο
625 1753 675 1787 τὴν
688 1753 823 1788 ὁμόζυγα.
839 1752 887 1785 οὓς

95 1801 182 1837 ἐχρῆν
198 1800 313 1827 συνιδεῖν
327 1800 369 1827 ὅτι
388 1801 481 1827 πεῖσαι
505 1799 552 1826 τὸν
572 1799 707 1834 κηδεστὴν
725 1798 889 1834 βουλόμενος

95 1848 134 1879 ὡς
147 1847 199 1874 οὐκ
225 1847 357 1882 ἀμελήσει
383 1846 434 1881 τῆς
452 1846 592 1881 γυναικὸς,
619 1845 673 1872 οὐδ’
698 1845 784 1880 αὐτῆς
807 1845 890 1880 ἀλλην

95 1893 275 1929 προτιμήσει,
291 1892 395 1927 ταύτην
417 1891 579 1927 ἠναγκάσθη
602 1890 813 1924 συνεπάγεσθαι,
832 1890 890 1917 ἀλλ’

96 1939 127 1965 οὺ
144 1937 389 1974 καταφρονητικῶς
399 1937 532 1965 διακονῶν
547 1937 587 1972 τῷ
602 1936 667 1972 θείῳ
678 1937 890 1972 προστάγματν

97 1984 201 2011 αὐτίκα
213 1983 280 2018 γοῦν
291 1982 382 2010 λαϐὼν
398 1983 448 2019 τὴν
463 1983 592 2018 ἀφορμὴν
614 1982 662 2009 τοῦ
681 1981 812 2016 ἀγγέλου,
826 1981 891 2008 ταύ-

95 2039 149 2065 την
165 2030 337 2065 ἀναστρέψαι
354 2029 423 2065 πρὸς
440 2029 504 2060 τοὺς
526 2029 643 2060 οἰκείους
659 2026 809 2063 προσέταξε
819 2035 827 2041 ·
845 2027 893 2054 καὶ

96 2078 140 2104 ὅτι
154 2076 234 2103 τοῦτό
257 2077 332 2103 ἐστιν
354 2075 465 2110 ἀληθὲς,
482 2076 499 2110 ἡ
527 2075 633 2110 ἱστορία
659 2074 798 2102 διδάσκει·
822 2073 892 2108 μετά

97 2125 156 2158 γὰρ
171 2122 221 2157 τὴν
245 2121 334 2154 ἔξοδον
348 2121 398 2156 τὴν
421 2121 452 2153 ὲξ
473 2120 612 2155 Αἰγύπτου
637 2120 788 2148 διαϐάντων
802 2119 892 2146 αὐτῶν

98 2169 150 2204 τὴν
173 2167 308 2204 Ἐρυθρὰν
324 2167 461 2194 θάλασσαν
473 2167 521 2194 καὶ
536 2168 577 2198 είς
591 2166 622 2193 τὺ
639 2165 746 2193 Σίναιον
760 2165 824 2201 ὅρος
838 2174 893 2192 πα-

100 2214 291 2250 ραγεγονότων
311 2213 426 2248 ἀφίκετο
450 2213 499 2240 σὺν
514 2214 548 2248 τῇ
572 2212 685 2247 γυναικὶ
698 2212 744 2238 καὶ
767 2212 825 2243 τοῖς
846 2211 894 2238 δύο

100 2260 199 2287 παισὶν
213 2261 228 2287 ὁ
240 2260 375 2295 κηδεστὴς
397 2259 467 2294 πρὸς
482 2259 580 2286 αὐτόν·
596 2258 737 2294 τοιγάρτοι
759 2257 823 2285 ἄλλο
841 2267 893 2285 κα-

98 2305 280 2337 τασκευάζων
293 2307 307 2333 ό
326 2306 453 2340 ἄγγελος,
462 2305 548 2337 ἔδειξε
565 2304 614 2340 τὴν
625 2304 764 2340 ῥομφαίαν
773 2305 891 2339 γυμνήν·

99 2352 199 2387 ἐπειδὴ
213 2352 268 2387 γὰρ
284 2352 299 2378 ὁ
317 2352 404 2387 μέγας
424 2351 544 2386 Μωῦσῆς
561 2350 656 2377 ἐδεδίει
672 2349 718 2376 τὸν
730 2350 841 2385 Φαραὼ,
855 2350 894 2382 ὡς

100 2398 239 2432 πολλαχοῦ
261 2398 292 2424 τὸ
315 2397 375 2429 δέος
397 2397 528 2433 ἐδήλωσε,
554 2397 602 2424 νῦν
629 2396 679 2431 μὲν
689 2396 777 2430 λέγων
790 2404 797 2411 ·
816 2406 824 2422 ‹
845 2396 894 2428 Τίς

977 1615 1059 1649 Quia,
1077 1621 1106 1642 ut
1131 1615 1248 1649 coniecit
1267 1614 1366 1650 Moysis
1392 1622 1471 1648 uxor,
1502 1623 1574 1644 unus
1589 1623 1604 1643 e
1624 1616 1741 1644 duohus'

941 1662 1034 1696 pueris
1045 1661 1255 1688 incircumcisus
1269 1665 1344 1692 erat;
1361 1660 1421 1688 ideo
1442 1669 1551 1697 quoque
1574 1663 1665 1689 statim
1680 1663 1733 1690 cir-

941 1708 1159 1740 cumciditeum;
1177 1708 1218 1734 vel
1234 1708 1297 1741 quia
1309 1712 1337 1734 ut
1352 1707 1413 1735 aliis
1428 1708 1525 1742 placet,
1541 1710 1640 1736 missus
1656 1710 1733 1744 Moy-

941 1759 985 1780 ses
1011 1752 1046 1778 ad
1070 1752 1281 1787 emaneipandos
1304 1752 1461 1787 populares,
1493 1753 1594 1780 sociam
1624 1753 1737 1781 itineris

940 1798 1086 1833 coniugem
1110 1805 1203 1825 secum
1224 1797 1313 1825 duxit.
1331 1799 1366 1825 At
1388 1799 1425 1825 illi
1451 1798 1601 1834 intelligere
1619 1799 1733 1827 debuis-

941 1848 1002 1871 sent
1032 1843 1140 1878 Moysen
1161 1843 1198 1870 ita
1214 1842 1313 1870 fecisse
1331 1847 1361 1870 ut
1385 1851 1481 1871 socero
1495 1852 1547 1872 suo
1568 1852 1731 1879 persuasum

940 1894 1012 1917 esset
1024 1888 1083 1916 fore
1098 1894 1129 1916 ut
1143 1889 1201 1923 ipse
1230 1889 1345 1917 minime
1371 1897 1485 1917 uxorem
1514 1890 1663 1926 negligerct
1684 1899 1736 1919 nec

940 1935 1022 1962 aliam
1038 1935 1195 1970 praeferret;
1212 1943 1299 1970 quare
1312 1936 1385 1963 illam
1400 1943 1492 1964 secum
1507 1936 1609 1964 ducere
1620 1942 1733 1965 coactus

940 1986 1002 2014 est,
1031 1982 1078 2009 sed
1103 1989 1276 2017 nequaquam
1306 1987 1462 2017 contemptu
1490 1983 1576 2010 divini
1599 1984 1732 2012 mandati.

942 2027 1040 2054 Statim
1074 2027 1168 2062 igitur,
1201 2033 1312 2062 accepto
1338 2029 1425 2063 angeli
1461 2028 1578 2063 impetu,
1605 2030 1735 2064 przeCepit

941 2073 1022 2102 uxori
1038 2078 1067 2101 ut
1079 2074 1112 2101 ad
1130 2079 1236 2108 patrem
1259 2082 1339 2102 suum
1367 2075 1476 2102 rediret.
1497 2075 1575 2108 Quod
1587 2076 1674 2103 fuisse
1688 2084 1737 2103 ve-

943 2127 1002 2147 rum
1029 2120 1146 2148 historia
1173 2124 1299 2148 testatur.
1333 2120 1460 2155 Etenim,
1485 2126 1545 2156 post
1571 2122 1673 2149 exitum
1702 2130 1736 2149 ex

942 2166 1070 2202 Egypto,
1087 2175 1150 2194 cum
1162 2166 1248 2194 Judaei
1265 2167 1387 2194 Rubrum
1400 2175 1474 2194 mare
1491 2167 1663 2201 traiecissent
1674 2175 1737 2202 per-

942 2214 1134 2248 venissentque
1155 2214 1188 2240 ad
1216 2213 1292 2241 Sinai
1318 2218 1450 2245 montem,
1469 2221 1547 2241 socer
1559 2213 1659 2249 Moysis
1672 2222 1735 2242 cum

943 2258 1003 2292 ejus
1024 2258 1137 2285 muliere
1148 2258 1314 2293 duobusque
1330 2258 1421 2293 pueris
1436 2266 1499 2286 eum
1516 2259 1592 2286 adiit.
1618 2259 1740 2287 Proinde

944 2305 976 2331 ad
993 2304 1067 2332 aliud
1086 2310 1213 2338 spectans
1228 2305 1470 2340 angelusosteudit
1483 2305 1585 2332 nudum
1603 2306 1740 2341 gladium.

943 2349 1012 2377 Cum
1026 2349 1099 2376 enim
1113 2350 1283 2377 Pharaonem
1297 2350 1407 2378 timeret
1429 2358 1545 2386 magnus
1570 2350 1690 2387 Moyses,
1704 2359 1742 2380 ae

944 2400 1045 2424 metum
1068 2403 1190 2431 persaepe
1207 2397 1262 2432 jam
1287 2397 1483 2425 declaravisset
1507 2398 1587 2425 modo
1616 2398 1710 2426 dicens
1727 2407 1737 2426 τ

101 2444 163 2478 εἰμι
179 2441 235 2476 ἐγὼ
248 2442 289 2469 ὃτι
314 2442 487 2478 πορεύσομαι
509 2441 577 2477 πρὸς
592 2441 693 2477 Φαραὼ
712 2441 826 2476 βασιλέα
842 2441 891 2468 Δί-
909 2452 935 2482 D
951 2452 960 2467 ‹
972 2441 1043 2476 Quis
1051 2449 1074 2469 st

972 2441 1013 2476 Qu
1020 2443 1043 2469 is
1051 2449 1111 2469 sum
1121 2450 1170 2478 ego
1182 2447 1211 2470 ut.
1219 2443 1315 2469 vadam
1325 2443 1358 2470 ad
1366 2443 1534 2470 Pharaonem
1545 2442 1739 2479 ngyptiorum

100 2489 232 2523 γὺπτου;
254 2498 263 2514 ι
281 2489 333 2519 νῦν,
357 2489 404 2516 δέ·
424 2498 433 2514 t
453 2488 630 2524 Προχείρισαι
651 2487 731 2514 ἀλλον
747 2487 896 2522 δυνάμενον

101 2534 132 2560 ὃν
158 2533 366 2566 ὲξαποστελεῖς·
385 2543 395 2560 ι
418 2533 466 2560 καὶ
491 2533 589 2559 πάλιν·
611 2541 620 2558 ι
649 2532 826 2567 ’ἰσχνόφωνος
849 2533 897 2559 καὶ

105 2581 315 2616 βραδύγλωσσός
339 2581 402 2616 είμν
415 2580 470 2614 ἐγώ
482 2589 489 2595 ·
508 2589 518 2606 ι
535 2579 643 2606 ἀπειλεῖ
665 2579 741 2614 αὐτῷ
759 2579 896 2615 τιμωρίαν

103 2628 119 2653 ὁ
138 2627 266 2660 ἄγγελος,
282 2627 359 2662 φόϐῳ
382 2626 465 2661 φόϐον
482 2625 645 2658 ἐξελαύνων.
667 2624 707 2660 τῷ
732 2625 837 2660 μείζονι
850 2625 896 2652 τὸν

104 2672 246 2705 ἐλάττονα,
262 2673 403 2707 μονονουχὶ
425 2672 513 2705 λέγων
534 2671 579 2698 διὰ
603 2671 651 2706 τῆς
679 2670 895 2706 γεγυμνωμένης

142 2763 165 2779 ⁵¹
181 2762 267 2789 Exod.
288 2769 329 2794 ιιι,
345 2761 375 2788 Η
390 2765 418 2788 et
431 2769 508 2796 seqq.
546 2761 569 2776 ⁸³
580 2760 665 2787 Exod.
682 2767 719 2791 tv,
733 2759 778 2786 10.

946 2497 1035 2524 regem
1045 2489 1085 2515 “?
1101 2498 1110 2514 ι
1136 2489 1239 2516 modo:
1269 2497 1279 2515 ι
1309 2488 1385 2524 Elige
1406 2489 1490 2516 alium
1526 2489 1622 2516 fortem
1646 2489 1740 2516 virum

945 2542 1026 2568 quem
1040 2535 1159 2568 mittes,»
1175 2542 1343 2569 rursusque:
1362 2535 1560 2571 dmpeditioris
1568 2540 1595 2562 et
1608 2535 1741 2563 tardioris

945 2581 1045 2615 linguze
1059 2588 1109 2616 ego
1125 2589 1185 2608 sum
1198 2581 1231 2614 ",
1249 2590 1258 2605 ι
1285 2581 1320 2608 ah
1337 2581 1385 2608 illo
1403 2589 1497 2617 pmoas
1513 2582 1630 2617 sumpsit
1653 2589 1743 2616 θυεερ

945 2627 1000 2659 lus,
1026 2633 1100 2654 metu
1133 2632 1234 2655 metum
1264 2627 1420 2662 expellens,
1449 2628 1553 2664 majore
1580 2628 1737 2661 minorem,

945 2680 1031 2708 prope
1060 2673 1171 2701 modutn
1204 2674 1276 2702 nudo
1291 2674 1383 2709 gladio
1394 2674 1507 2703 dicens:
1536 2684 1546 2700 ι
1564 2674 1740 2702 Pharaonem.

873 2806 990 2836 NOTAE.

85 2879 92 2887 .
233 2859 271 2887 Ειι
307 2858 478 2886 Theodoreto
508 2866 536 2893 q.
568 2857 602 2884 10
632 2857 658 2884 ιιι
693 2855 780 2883 Exod.
812 2856 830 2882 l.
867 2864 894 2882 c.

107 2904 133 2921 υ.
154 2902 188 2921 ιο
209 2916 215 2921 .

107 2904 133 2931 p.
154 2902 215 2922 ποι.

987 2857 1044 2893 (65)
1060 2857 1105 2886 Est
1120 2858 1286 2887 Theodoreti
1301 2867 1330 2894 q.
1355 2858 1389 2886 M
1404 2858 1429 2885 iu
1449 2857 1534 2885 Exod.
1552 2857 1569 2885 l.
1586 2865 1612 2885 e.
1633 2856 1741 2892 p.312-
