  <div class='ocr_page' id='page_1' title='image "/cluster/home/n/w/nwhite01/storage/ocr_20150623/101/njp.32101077772877/635.png"; bbox 0 0 1874 3070; ppageno 0'>
   <div class='ocr_carea' id='block_1_1' title="bbox 167 167 235 199">
    <p class='ocr_par' dir='ltr' id='par_1_1' title="bbox 167 167 235 199">
     <span class='ocr_line' id='line_1_1' title="bbox 167 167 235 199; baseline 0.015 -1"><span class='ocrx_word' id='word_1_1' title='bbox 167 167 235 199; x_wconf 79' lang='lat'>1083</span> 
     </span>
    </p>
   </div>
   <div class='ocr_carea' id='block_1_2' title="bbox 752 159 1216 194">
    <p class='ocr_par' dir='ltr' id='par_1_2' title="bbox 752 159 1216 194">
     <span class='ocr_line' id='line_1_2' title="bbox 752 159 1216 194; baseline -0.013 0"><span class='ocrx_word' id='word_1_2' title='bbox 752 162 885 194; x_wconf 86' lang='grc' dir='ltr'>ΡΗΟΤΙῙ</span> <span class='ocrx_word' id='word_1_3' title='bbox 893 160 1144 192; x_wconf 76' lang='lat' dir='ltr'>PATRIARCH/‘E</span> <span class='ocrx_word' id='word_1_4' title='bbox 1163 159 1216 189; x_wconf 76' lang='grc' dir='ltr'>ΟΡ.</span> 
     </span>
    </p>
   </div>
   <div class='ocr_carea' id='block_1_3' title="bbox 1715 155 1785 187">
    <p class='ocr_par' dir='ltr' id='par_1_3' title="bbox 1715 155 1785 187">
     <span class='ocr_line' id='line_1_3' title="bbox 1715 155 1785 187; baseline -0.029 0"><span class='ocrx_word' id='word_1_5' title='bbox 1715 155 1785 187; x_wconf 65' lang='grc'>1034</span> 
     </span>
    </p>
   </div>
   <div class='ocr_carea' id='block_1_4' title="bbox 165 211 951 256">
    <p class='ocr_par' dir='ltr' id='par_1_4' title="bbox 165 217 949 256">
     <span class='ocr_line' id='line_1_4' title="bbox 165 217 949 256; baseline -0.006 -7"><span class='ocrx_word' id='word_1_6' title='bbox 165 223 256 254; x_wconf 83' lang='lat' dir='ltr'><strong>times.</strong></span> <span class='ocrx_word' id='word_1_7' title='bbox 282 221 372 256; x_wconf 70' lang='lat' dir='ltr'><strong>potius</strong></span> <span class='ocrx_word' id='word_1_8' title='bbox 397 228 441 248; x_wconf 85' lang='lat' dir='ltr'><strong>me</strong></span> <span class='ocrx_word' id='word_1_9' title='bbox 467 220 564 248; x_wconf 79' lang='lat' dir='ltr'><strong>timeas</strong></span> <span class='ocrx_word' id='word_1_10' title='bbox 578 219 625 252; x_wconf 86' lang='lat' dir='ltr'><strong>qui</strong></span> <span class='ocrx_word' id='word_1_11' title='bbox 645 218 692 246; x_wconf 91' lang='lat' dir='ltr'><strong>tibi</strong></span> <span class='ocrx_word' id='word_1_12' title='bbox 713 219 754 246; x_wconf 87' lang='lat' dir='ltr'>vel</span> <span class='ocrx_word' id='word_1_13' title='bbox 776 217 949 246; x_wconf 69' lang='lat' dir='ltr'>invisibiliter</span> 
     </span>
    </p>
   </div>
   <div class='ocr_carea' id='block_1_5' title="bbox 1039 211 1787 256">
    <p class='ocr_par' dir='ltr' id='par_1_5' title="bbox 1039 211 1787 250">
     <span class='ocr_line' id='line_1_5' title="bbox 1039 211 1787 250; baseline -0.005 -8"><span class='ocrx_word' id='word_1_14' title='bbox 1039 216 1154 250; x_wconf 74' lang='grc' dir='ltr'>ιφαίας·</span> <span class='ocrx_word' id='word_1_15' title='bbox 1172 224 1181 240; x_wconf 80' lang='grc' dir='ltr'>ι</span> <span class='ocrx_word' id='word_1_16' title='bbox 1200 214 1232 240; x_wconf 73' lang='lat' dir='ltr'><strong>Et</strong></span> <span class='ocrx_word' id='word_1_17' title='bbox 1243 213 1290 240; x_wconf 80' lang='grc' dir='ltr'>τὸν</span> <span class='ocrx_word' id='word_1_18' title='bbox 1312 212 1412 248; x_wconf 76' lang='grc' dir='ltr'>Φαραὼ</span> <span class='ocrx_word' id='word_1_19' title='bbox 1431 212 1564 245; x_wconf 75' lang='grc' dir='ltr'>δέδοικας,</span> <span class='ocrx_word' id='word_1_20' title='bbox 1583 211 1683 247; x_wconf 79' lang='grc' dir='ltr'>μᾶλλον</span> <span class='ocrx_word' id='word_1_21' title='bbox 1697 212 1787 238; x_wconf 79' lang='grc' dir='ltr'>δετσον</span> 
     </span>
    </p>
   </div>
   <div class='ocr_carea' id='block_1_6' title="bbox 167 266 576 300">
    <p class='ocr_par' dir='ltr' id='par_1_6' title="bbox 167 266 576 300">
     <span class='ocr_line' id='line_1_6' title="bbox 167 266 576 300; baseline -0.007 -6"><span class='ocrx_word' id='word_1_22' title='bbox 167 267 277 294; x_wconf 77' lang='lat' dir='ltr'>vulnera</span> <span class='ocrx_word' id='word_1_23' title='bbox 293 266 414 300; x_wconf 75' lang='lat' dir='ltr'><strong>inﬂigere</strong></span> <span class='ocrx_word' id='word_1_24' title='bbox 429 272 551 300; x_wconf 89' lang='lat' dir='ltr'><strong>possum.</strong></span> <span class='ocrx_word' id='word_1_25' title='bbox 567 274 576 290; x_wconf 82' lang='grc' dir='ltr'>ι</span> 
     </span>
    </p>
   </div>
   <div class='ocr_carea' id='block_1_7' title="bbox 221 328 882 366">
    <p class='ocr_par' dir='ltr' id='par_1_7' title="bbox 221 328 882 366">
     <span class='ocr_line' id='line_1_7' title="bbox 221 328 882 366; baseline -0.006 -7"><span class='ocrx_word' id='word_1_26' title='bbox 221 331 380 366; x_wconf 67' lang='grc' dir='ltr'>ρυΑΞεΤιΟ</span> <span class='ocrx_word' id='word_1_27' title='bbox 399 331 522 358; x_wconf 74' lang='lat' dir='ltr'>CCLXIV</span> <span class='ocrx_word' id='word_1_28' title='bbox 540 330 634 366; x_wconf 83' lang='lat' dir='ltr'>[CaisL</span> <span class='ocrx_word' id='word_1_29' title='bbox 654 328 777 359; x_wconf 71' lang='lat' dir='ltr'>CCCVII.</span> <span class='ocrx_word' id='word_1_30' title='bbox 798 328 882 356; x_wconf 83' lang='lat' dir='ltr'><strong>Taur.</strong></span> 
     </span>
    </p>
   </div>
   <div class='ocr_carea' id='block_1_8' title="bbox 483 376 633 412">
    <p class='ocr_par' dir='ltr' id='par_1_8' title="bbox 483 376 633 412">
     <span class='ocr_line' id='line_1_8' title="bbox 483 376 633 412; baseline 0 -8"><span class='ocrx_word' id='word_1_31' title='bbox 483 376 633 412; x_wconf 74' lang='lat' dir='ltr'><strong>ccxcvn.</strong></span> 
     </span>
    </p>
   </div>
   <div class='ocr_carea' id='block_1_9' title="bbox 218 419 896 457">
    <p class='ocr_par' dir='ltr' id='par_1_9' title="bbox 218 419 896 457">
     <span class='ocr_line' id='line_1_9' title="bbox 218 419 896 457; baseline -0.006 -7"><span class='ocrx_word' id='word_1_32' title='bbox 218 424 278 457; x_wconf 82' lang='lat' dir='ltr'><strong>Qua</strong></span> <span class='ocrx_word' id='word_1_33' title='bbox 301 423 334 450; x_wconf 78' lang='lat' dir='ltr'>de</span> <span class='ocrx_word' id='word_1_34' title='bbox 351 431 434 450; x_wconf 78' lang='lat' dir='ltr'><strong>causa</strong></span> <span class='ocrx_word' id='word_1_35' title='bbox 449 422 607 457; x_wconf 73' lang='lat' dir='ltr'>fugientibus</span> <span class='ocrx_word' id='word_1_36' title='bbox 623 421 775 456; x_wconf 60' lang='lat' dir='ltr'><strong>praceperit</strong></span> <span class='ocrx_word' id='word_1_37' title='bbox 793 419 896 454; x_wconf 55' lang='lat' dir='ltr'><strong>exsequi</strong></span> 
     </span>
    </p>
   </div>
   <div class='ocr_carea' id='block_1_10' title="bbox 440 458 661 492">
    <p class='ocr_par' dir='ltr' id='par_1_10' title="bbox 440 458 661 492">
     <span class='ocr_line' id='line_1_10' title="bbox 440 458 661 492; baseline -0.005 -8"><span class='ocrx_word' id='word_1_38' title='bbox 440 458 550 484; x_wconf 69' lang='lat' dir='ltr'><strong>Paw/ue</strong></span> <span class='ocrx_word' id='word_1_39' title='bbox 568 458 649 492; x_wconf 72' lang='lat' dir='ltr'><strong>ferias</strong></span> <span class='ocrx_word' id='word_1_40' title='bbox 655 477 661 484; x_wconf 94' lang='lat'><strong><em>.</em></strong></span> 
     </span>
    </p>
   </div>
   <div class='ocr_carea' id='block_1_11' title="bbox 999 258 1785 296">
    <p class='ocr_par' dir='ltr' id='par_1_11' title="bbox 999 258 1785 296">
     <span class='ocr_line' id='line_1_11' title="bbox 999 258 1785 296; baseline -0.005 -8"><span class='ocrx_word' id='word_1_41' title='bbox 999 261 1050 296; x_wconf 73' lang='grc' dir='ltr'>ἐμὲ</span> <span class='ocrx_word' id='word_1_42' title='bbox 1069 261 1115 287; x_wconf 80' lang='grc' dir='ltr'>τὸν</span> <span class='ocrx_word' id='word_1_43' title='bbox 1128 261 1175 288; x_wconf 79' lang='grc' dir='ltr'>καὶ</span> <span class='ocrx_word' id='word_1_44' title='bbox 1189 260 1313 296; x_wconf 79' lang='grc' dir='ltr'>ἀοράτως</span> <span class='ocrx_word' id='word_1_45' title='bbox 1328 268 1369 286; x_wconf 91' lang='grc' dir='ltr'>σοι</span> <span class='ocrx_word' id='word_1_46' title='bbox 1384 259 1434 294; x_wconf 84' lang='grc' dir='ltr'>τὴν</span> <span class='ocrx_word' id='word_1_47' title='bbox 1455 259 1563 294; x_wconf 82' lang='grc' dir='ltr'>πληγὴν</span> <span class='ocrx_word' id='word_1_48' title='bbox 1578 259 1692 292; x_wconf 82' lang='grc' dir='ltr'>ἐπάγειν</span> <span class='ocrx_word' id='word_1_49' title='bbox 1705 258 1785 285; x_wconf 82' lang='grc' dir='ltr'>δυνά-</span> 
     </span>
    </p>
   </div>
   <div class='ocr_carea' id='block_1_12' title="bbox 1000 314 1119 341">
    <p class='ocr_par' dir='ltr' id='par_1_12' title="bbox 1000 314 1119 341">
     <span class='ocr_line' id='line_1_12' title="bbox 1000 314 1119 341; baseline -0.017 -8"><span class='ocrx_word' id='word_1_50' title='bbox 1000 314 1090 341; x_wconf 85' lang='grc' dir='ltr'>μενον.</span> <span class='ocrx_word' id='word_1_51' title='bbox 1109 315 1119 331; x_wconf 82' lang='grc' dir='ltr'>ι</span> 
     </span>
    </p>
   </div>
   <div class='ocr_carea' id='block_1_13' title="bbox 1261 350 1525 378">
    <p class='ocr_par' dir='ltr' id='par_1_13' title="bbox 1261 350 1525 378">
     <span class='ocr_line' id='line_1_13' title="bbox 1261 350 1525 378; baseline 0 0"><span class='ocrx_word' id='word_1_52' title='bbox 1261 351 1429 378; x_wconf 84' lang='grc' dir='ltr'>ΕΡΩΤΗΣΙΣ</span> <span class='ocrx_word' id='word_1_53' title='bbox 1446 350 1525 378; x_wconf 90' lang='grc' dir='ltr'>ΣΞΔ’.</span> 
     </span>
    </p>
   </div>
   <div class='ocr_carea' id='block_1_14' title="bbox 998 439 1786 476">
    <p class='ocr_par' dir='ltr' id='par_1_14' title="bbox 998 439 1786 476">
     <span class='ocr_line' id='line_1_14' title="bbox 998 439 1786 476; baseline -0.001 -8"><span class='ocrx_word' id='word_1_54' title='bbox 998 441 1080 468; x_wconf 73' lang='lat' dir='ltr'><strong>Atat!</strong></span> <span class='ocrx_word' id='word_1_55' title='bbox 1089 441 1429 476; x_wconf 70' lang='grc' dir='ltr'>φεύγουσινὲπιτελέσαι</span> <span class='ocrx_word' id='word_1_56' title='bbox 1440 441 1607 474; x_wconf 81' lang='grc' dir='ltr'>προσέταξε</span> <span class='ocrx_word' id='word_1_57' title='bbox 1615 441 1668 467; x_wconf 84' lang='grc' dir='ltr'>τοῦ</span> <span class='ocrx_word' id='word_1_58' title='bbox 1677 439 1786 475; x_wconf 78' lang='grc' dir='ltr'>Πάσχα</span> 
     </span>
    </p>
   </div>
   <div class='ocr_carea' id='block_1_15' title="bbox 1296 476 1497 510">
    <p class='ocr_par' dir='ltr' id='par_1_15' title="bbox 1296 476 1497 510">
     <span class='ocr_line' id='line_1_15' title="bbox 1296 476 1497 510; baseline 0 -8"><span class='ocrx_word' id='word_1_59' title='bbox 1296 476 1354 510; x_wconf 75' lang='grc' dir='ltr'>τὴν</span> <span class='ocrx_word' id='word_1_60' title='bbox 1369 476 1497 510; x_wconf 80' lang='grc' dir='ltr'>ἐορτήν;</span> 
     </span>
    </p>
   </div>
   <div class='ocr_carea' id='block_1_16' title="bbox 476 522 1462 556">
    <p class='ocr_par' dir='ltr' id='par_1_16' title="bbox 476 522 1462 556">
     <span class='ocr_line' id='line_1_16' title="bbox 476 522 1462 556; baseline -0.001 -8"><span class='ocrx_word' id='word_1_61' title='bbox 476 523 548 548; x_wconf 83' lang='lat' dir='ltr'><strong>Edita</strong></span> <span class='ocrx_word' id='word_1_62' title='bbox 558 530 571 548; x_wconf 85' lang='lat' dir='ltr'>a</span> <span class='ocrx_word' id='word_1_63' title='bbox 587 523 650 548; x_wconf 85' lang='lat' dir='ltr'><strong>Maio</strong></span> <span class='ocrx_word' id='word_1_64' title='bbox 665 523 693 556; x_wconf 89' lang='lat' dir='ltr'>(l.</span> <span class='ocrx_word' id='word_1_65' title='bbox 706 530 729 549; x_wconf 73' lang='grc' dir='ltr'>ο.</span> <span class='ocrx_word' id='word_1_66' title='bbox 740 530 766 555; x_wconf 89' lang='lat' dir='ltr'>p.</span> <span class='ocrx_word' id='word_1_67' title='bbox 784 522 894 551; x_wconf 76' lang='lat'>127-129.</span> <span class='ocrx_word' id='word_1_68' title='bbox 910 529 936 554; x_wconf 87' lang='lat' dir='ltr'><strong>q.</strong></span> <span class='ocrx_word' id='word_1_69' title='bbox 948 522 1017 556; x_wconf 77' lang='lat'>273).</span> <span class='ocrx_word' id='word_1_70' title='bbox 1033 536 1064 541; x_wconf 95' lang='lat'>—</span> <span class='ocrx_word' id='word_1_71' title='bbox 1078 523 1117 549; x_wconf 85' lang='lat' dir='ltr'><strong>De</strong></span> <span class='ocrx_word' id='word_1_72' title='bbox 1130 527 1253 555; x_wconf 70' lang='lat' dir='ltr'><strong>praecepto</strong></span> <span class='ocrx_word' id='word_1_73' title='bbox 1268 523 1347 548; x_wconf 84' lang='lat' dir='ltr'>Exodi</span> <span class='ocrx_word' id='word_1_74' title='bbox 1363 531 1406 554; x_wconf 73' lang='grc' dir='ltr'>ιιι,</span> <span class='ocrx_word' id='word_1_75' title='bbox 1423 522 1462 547; x_wconf 86' lang='grc'>11.</span> 
     </span>
    </p>
   </div>
   <div class='ocr_carea' id='block_1_17' title="bbox 202 577 951 613">
    <p class='ocr_par' dir='ltr' id='par_1_17' title="bbox 202 577 951 613">
     <span class='ocr_line' id='line_1_17' title="bbox 202 577 951 613; baseline -0.001 -8"><span class='ocrx_word' id='word_1_76' title='bbox 202 579 231 605; x_wconf 85' lang='grc' dir='ltr'>1η</span> <span class='ocrx_word' id='word_1_77' title='bbox 265 582 425 613; x_wconf 91' lang='lat' dir='ltr'><strong>perpetuum</strong></span> <span class='ocrx_word' id='word_1_78' title='bbox 461 578 547 605; x_wconf 85' lang='lat' dir='ltr'><strong>voluit</strong></span> <span class='ocrx_word' id='word_1_79' title='bbox 583 578 618 605; x_wconf 91' lang='lat' dir='ltr'>ab</span> <span class='ocrx_word' id='word_1_80' title='bbox 637 578 672 606; x_wconf 90' lang='lat' dir='ltr'><strong>iis</strong></span> <span class='ocrx_word' id='word_1_81' title='bbox 689 577 804 605; x_wconf 74' lang='lat' dir='ltr'>obtineri</span> <span class='ocrx_word' id='word_1_82' title='bbox 837 584 951 605; x_wconf 84' lang='lat' dir='ltr'><strong>conser-</strong></span> 
     </span>
    </p>
   </div>
   <div class='ocr_carea' id='block_1_18' title="bbox 171 623 948 658">
    <p class='ocr_par' dir='ltr' id='par_1_18' title="bbox 171 623 948 658">
     <span class='ocr_line' id='line_1_18' title="bbox 171 623 948 658; baseline -0.001 -8"><span class='ocrx_word' id='word_1_83' title='bbox 171 624 290 651; x_wconf 80' lang='lat' dir='ltr'><strong>vationis</strong></span> <span class='ocrx_word' id='word_1_84' title='bbox 325 623 506 655; x_wconf 72' lang='lat' dir='ltr'>memoriam,</span> <span class='ocrx_word' id='word_1_85' title='bbox 535 623 651 658; x_wconf 81' lang='lat' dir='ltr'>ideoque</span> <span class='ocrx_word' id='word_1_86' title='bbox 683 623 753 650; x_wconf 82' lang='lat' dir='ltr'><strong>dixit</strong></span> <span class='ocrx_word' id='word_1_87' title='bbox 784 623 948 657; x_wconf 73' lang='lat' dir='ltr'><strong>legislalor:</strong></span> 
     </span>
    </p>
   </div>
   <div class='ocr_carea' id='block_1_19' title="bbox 170 667 950 703">
    <p class='ocr_par' dir='ltr' id='par_1_19' title="bbox 170 667 950 703">
     <span class='ocr_line' id='line_1_19' title="bbox 170 667 950 703; baseline -0.003 -7"><span class='ocrx_word' id='word_1_88' title='bbox 170 679 179 695; x_wconf 78' lang='grc' dir='ltr'>ι</span> <span class='ocrx_word' id='word_1_89' title='bbox 199 670 226 696; x_wconf 86' lang='lat' dir='ltr'><strong>Si</strong></span> <span class='ocrx_word' id='word_1_90' title='bbox 253 669 430 703; x_wconf 80' lang='lat' dir='ltr'><strong>interrogabit</strong></span> <span class='ocrx_word' id='word_1_91' title='bbox 459 668 532 696; x_wconf 86' lang='lat' dir='ltr'><strong>ﬁlius</strong></span> <span class='ocrx_word' id='word_1_92' title='bbox 566 673 632 696; x_wconf 84' lang='lat' dir='ltr'><strong>tuus</strong></span> <span class='ocrx_word' id='word_1_93' title='bbox 655 668 750 696; x_wconf 80' lang='lat' dir='ltr'><strong>dieens</strong></span> <span class='ocrx_word' id='word_1_94' title='bbox 772 676 780 695; x_wconf 92' lang='lat'>:</span> <span class='ocrx_word' id='word_1_95' title='bbox 811 667 882 701; x_wconf 85' lang='lat' dir='ltr'><strong>Quid</strong></span> <span class='ocrx_word' id='word_1_96' title='bbox 907 672 950 695; x_wconf 85' lang='lat' dir='ltr'><strong>est</strong></span> 
     </span>
    </p>
   </div>
   <div class='ocr_carea' id='block_1_20' title="bbox 166 713 950 749">
    <p class='ocr_par' dir='ltr' id='par_1_20' title="bbox 166 713 950 749">
     <span class='ocr_line' id='line_1_20' title="bbox 166 713 950 749; baseline -0.003 -7"><span class='ocrx_word' id='word_1_97' title='bbox 166 715 296 742; x_wconf 80' lang='lat' dir='ltr'><strong>Pascha?</strong></span> <span class='ocrx_word' id='word_1_98' title='bbox 331 714 514 749; x_wconf 79' lang='lat' dir='ltr'>respondes:</span> <span class='ocrx_word' id='word_1_99' title='bbox 548 714 578 741; x_wconf 90' lang='lat' dir='ltr'>In</span> <span class='ocrx_word' id='word_1_100' title='bbox 612 715 742 742; x_wconf 84' lang='lat' dir='ltr'><strong>hodierna</strong></span> <span class='ocrx_word' id='word_1_101' title='bbox 780 713 824 741; x_wconf 90' lang='lat' dir='ltr'><strong>die</strong></span> <span class='ocrx_word' id='word_1_102' title='bbox 856 713 950 740; x_wconf 78' lang='lat' dir='ltr'><strong>eduxit</strong></span> 
     </span>
    </p>
   </div>
   <div class='ocr_carea' id='block_1_21' title="bbox 167 759 950 796">
    <p class='ocr_par' dir='ltr' id='par_1_21' title="bbox 167 759 950 796">
     <span class='ocr_line' id='line_1_21' title="bbox 167 759 950 796; baseline -0.001 -9"><span class='ocrx_word' id='word_1_103' title='bbox 167 767 258 796; x_wconf 83' lang='lat' dir='ltr'><strong>patres</strong></span> <span class='ocrx_word' id='word_1_104' title='bbox 282 765 391 788; x_wconf 87' lang='lat' dir='ltr'><strong>nostros</strong></span> <span class='ocrx_word' id='word_1_105' title='bbox 413 760 546 788; x_wconf 88' lang='lat' dir='ltr'><strong>Dominus</strong></span> <span class='ocrx_word' id='word_1_106' title='bbox 570 760 642 788; x_wconf 84' lang='lat' dir='ltr'>Deus</span> <span class='ocrx_word' id='word_1_107' title='bbox 663 760 697 787; x_wconf 90' lang='lat' dir='ltr'>de</span> <span class='ocrx_word' id='word_1_108' title='bbox 713 759 832 795; x_wconf 67' lang='lat' dir='ltr'><strong>Egypto</strong></span> <span class='ocrx_word' id='word_1_109' title='bbox 845 760 879 791; x_wconf 77' lang='lat'>“.</span> <span class='ocrx_word' id='word_1_110' title='bbox 895 769 905 785; x_wconf 73' lang='grc' dir='ltr'>ι</span> <span class='ocrx_word' id='word_1_111' title='bbox 923 763 950 786; x_wconf 89' lang='lat' dir='ltr'><strong>et</strong></span> 
     </span>
    </p>
   </div>
   <div class='ocr_carea' id='block_1_22' title="bbox 168 805 951 840">
    <p class='ocr_par' dir='ltr' id='par_1_22' title="bbox 168 805 951 840">
     <span class='ocr_line' id='line_1_22' title="bbox 168 805 951 840; baseline -0.004 -6"><span class='ocrx_word' id='word_1_112' title='bbox 168 812 278 834; x_wconf 60' lang='lat' dir='ltr'><strong>caetera.</strong></span> <span class='ocrx_word' id='word_1_113' title='bbox 298 806 480 839; x_wconf 78' lang='lat' dir='ltr'><strong>Quamobrem</strong></span> <span class='ocrx_word' id='word_1_114' title='bbox 499 805 629 840; x_wconf 74' lang='lat' dir='ltr'><strong>iubentur</strong></span> <span class='ocrx_word' id='word_1_115' title='bbox 643 806 689 840; x_wconf 86' lang='lat' dir='ltr'><strong>qui</strong></span> <span class='ocrx_word' id='word_1_116' title='bbox 703 805 752 832; x_wconf 87' lang='lat' dir='ltr'>has</span> <span class='ocrx_word' id='word_1_117' title='bbox 771 805 854 832; x_wconf 68' lang='lat' dir='ltr'><strong>l‘erias</strong></span> <span class='ocrx_word' id='word_1_118' title='bbox 870 811 951 831; x_wconf 85' lang='lat' dir='ltr'><strong>exse-</strong></span> 
     </span>
    </p>
   </div>
   <div class='ocr_carea' id='block_1_23' title="bbox 167 849 951 887">
    <p class='ocr_par' dir='ltr' id='par_1_23' title="bbox 167 849 951 887">
     <span class='ocr_line' id='line_1_23' title="bbox 167 849 951 887; baseline -0.004 -8"><span class='ocrx_word' id='word_1_119' title='bbox 167 857 300 887; x_wconf 84' lang='lat' dir='ltr'><strong>quuntur,</strong></span> <span class='ocrx_word' id='word_1_120' title='bbox 318 852 425 879; x_wconf 86' lang='lat' dir='ltr'><strong>itineris</strong></span> <span class='ocrx_word' id='word_1_121' title='bbox 441 855 516 878; x_wconf 87' lang='lat' dir='ltr'><strong>veste</strong></span> <span class='ocrx_word' id='word_1_122' title='bbox 527 851 702 878; x_wconf 88' lang='lat' dir='ltr'><strong>circumdari.</strong></span> <span class='ocrx_word' id='word_1_123' title='bbox 719 860 728 876; x_wconf 78' lang='grc' dir='ltr'>ι</span> <span class='ocrx_word' id='word_1_124' title='bbox 746 849 835 878; x_wconf 76' lang='lat' dir='ltr'><strong>Renes</strong></span> <span class='ocrx_word' id='word_1_125' title='bbox 845 855 951 877; x_wconf 88' lang='lat' dir='ltr'><strong>vestros</strong></span> 
     </span>
    </p>
   </div>
   <div class='ocr_carea' id='block_1_24' title="bbox 168 896 952 934">
    <p class='ocr_par' dir='ltr' id='par_1_24' title="bbox 168 896 952 934">
     <span class='ocr_line' id='line_1_24' title="bbox 168 896 952 934; baseline -0.005 -8"><span class='ocrx_word' id='word_1_126' title='bbox 168 899 317 934; x_wconf 82' lang='lat' dir='ltr'><strong>accingetis</strong></span> <span class='ocrx_word' id='word_1_127' title='bbox 327 898 360 925; x_wconf 81' lang='lat'>&quot;’.</span> <span class='ocrx_word' id='word_1_128' title='bbox 375 907 383 923; x_wconf 79' lang='grc' dir='ltr'>ι</span> <span class='ocrx_word' id='word_1_129' title='bbox 400 898 456 925; x_wconf 86' lang='lat' dir='ltr'><strong>Hoc</strong></span> <span class='ocrx_word' id='word_1_130' title='bbox 478 902 567 925; x_wconf 88' lang='lat' dir='ltr'><strong>autem</strong></span> <span class='ocrx_word' id='word_1_131' title='bbox 581 897 743 925; x_wconf 81' lang='lat' dir='ltr'><strong>vocabulum</strong></span> <span class='ocrx_word' id='word_1_132' title='bbox 758 897 863 924; x_wconf 74' lang='lat' dir='ltr'><strong>Pascha</strong></span> <span class='ocrx_word' id='word_1_133' title='bbox 874 896 952 923; x_wconf 84' lang='lat' dir='ltr'><strong>Philo</strong></span> 
     </span>
    </p>
   </div>
   <div class='ocr_carea' id='block_1_25' title="bbox 167 942 951 979">
    <p class='ocr_par' dir='ltr' id='par_1_25' title="bbox 167 942 951 979">
     <span class='ocr_line' id='line_1_25' title="bbox 167 942 951 979; baseline -0.003 -8"><span class='ocrx_word' id='word_1_134' title='bbox 167 946 361 979; x_wconf 76' lang='lat' dir='ltr'><strong>interpretatur</strong></span> <span class='ocrx_word' id='word_1_135' title='bbox 371 944 505 971; x_wconf 88' lang='lat' dir='ltr'><strong>sacrillcia</strong></span> <span class='ocrx_word' id='word_1_136' title='bbox 514 951 564 978; x_wconf 85' lang='lat' dir='ltr'><strong>pro</strong></span> <span class='ocrx_word' id='word_1_137' title='bbox 575 943 690 970; x_wconf 90' lang='lat' dir='ltr'><strong>lransitu</strong></span> <span class='ocrx_word' id='word_1_138' title='bbox 700 951 707 975; x_wconf 90' lang='lat'><strong>;</strong></span> <span class='ocrx_word' id='word_1_139' title='bbox 717 942 852 978; x_wconf 81' lang='lat' dir='ltr'><strong>Josephus</strong></span> <span class='ocrx_word' id='word_1_140' title='bbox 863 947 951 969; x_wconf 87' lang='lat' dir='ltr'><strong>trans-</strong></span> 
     </span>
    </p>
   </div>
   <div class='ocr_carea' id='block_1_26' title="bbox 167 988 950 1027">
    <p class='ocr_par' dir='ltr' id='par_1_26' title="bbox 167 988 950 1027">
     <span class='ocr_line' id='line_1_26' title="bbox 167 988 950 1027; baseline -0.001 -10"><span class='ocrx_word' id='word_1_141' title='bbox 167 991 352 1027; x_wconf 76' lang='lat' dir='ltr'><strong>gressionem;</strong></span> <span class='ocrx_word' id='word_1_142' title='bbox 368 989 549 1026; x_wconf 81' lang='lat' dir='ltr'><strong>Symmachus</strong></span> <span class='ocrx_word' id='word_1_143' title='bbox 563 990 813 1025; x_wconf 82' lang='lat' dir='ltr'>transgressiones;</span> <span class='ocrx_word' id='word_1_144' title='bbox 827 988 950 1016; x_wconf 89' lang='lat' dir='ltr'><strong>Theodo-</strong></span> 
     </span>
    </p>
   </div>
   <div class='ocr_carea' id='block_1_27' title="bbox 168 1033 951 1069">
    <p class='ocr_par' dir='ltr' id='par_1_27' title="bbox 168 1033 951 1069">
     <span class='ocr_line' id='line_1_27' title="bbox 168 1033 951 1069; baseline -0.001 -8"><span class='ocrx_word' id='word_1_145' title='bbox 168 1035 224 1061; x_wconf 89' lang='lat' dir='ltr'><strong>tius</strong></span> <span class='ocrx_word' id='word_1_146' title='bbox 237 1033 348 1066; x_wconf 76' lang='lat' dir='ltr'>Pltasek,</span> <span class='ocrx_word' id='word_1_147' title='bbox 375 1035 434 1069; x_wconf 90' lang='lat' dir='ltr'><strong>ipso</strong></span> <span class='ocrx_word' id='word_1_148' title='bbox 450 1033 585 1061; x_wconf 86' lang='lat' dir='ltr'><strong>llebraico</strong></span> <span class='ocrx_word' id='word_1_149' title='bbox 600 1042 666 1061; x_wconf 86' lang='lat' dir='ltr'><strong>usus</strong></span> <span class='ocrx_word' id='word_1_150' title='bbox 684 1033 778 1066; x_wconf 86' lang='lat' dir='ltr'><strong>verbo,</strong></span> <span class='ocrx_word' id='word_1_151' title='bbox 799 1040 853 1068; x_wconf 91' lang='lat' dir='ltr'>quo</span> <span class='ocrx_word' id='word_1_152' title='bbox 868 1033 951 1068; x_wconf 81' lang='lat' dir='ltr'><strong>signi-</strong></span> 
     </span>
    </p>
   </div>
   <div class='ocr_carea' id='block_1_28' title="bbox 167 1078 949 1115">
    <p class='ocr_par' dir='ltr' id='par_1_28' title="bbox 167 1078 949 1115">
     <span class='ocr_line' id='line_1_28' title="bbox 167 1078 949 1115; baseline -0.001 -9"><span class='ocrx_word' id='word_1_153' title='bbox 167 1080 264 1107; x_wconf 78' lang='lat' dir='ltr'><strong>ﬁcatur</strong></span> <span class='ocrx_word' id='word_1_154' title='bbox 287 1079 553 1107; x_wconf 82' lang='lat' dir='ltr'><strong>exterminatorema</strong></span> <span class='ocrx_word' id='word_1_155' title='bbox 566 1079 753 1115; x_wconf 79' lang='lat' dir='ltr'><strong>primogenitis</strong></span> <span class='ocrx_word' id='word_1_156' title='bbox 775 1078 949 1106; x_wconf 76' lang='lat' dir='ltr'><strong>Hebraeorum</strong></span> 
     </span>
    </p>
   </div>
   <div class='ocr_carea' id='block_1_29' title="bbox 167 1124 951 1160">
    <p class='ocr_par' dir='ltr' id='par_1_29' title="bbox 167 1124 951 1160">
     <span class='ocr_line' id='line_1_29' title="bbox 167 1124 951 1160; baseline 0 -8"><span class='ocrx_word' id='word_1_157' title='bbox 167 1125 342 1153; x_wconf 87' lang='lat' dir='ltr'><strong>abstinuisse.</strong></span> <span class='ocrx_word' id='word_1_158' title='bbox 357 1124 431 1152; x_wconf 82' lang='lat' dir='ltr'><strong>Jussi</strong></span> <span class='ocrx_word' id='word_1_159' title='bbox 458 1125 565 1153; x_wconf 81' lang='lat' dir='ltr'><strong>fuerant</strong></span> <span class='ocrx_word' id='word_1_160' title='bbox 578 1125 649 1152; x_wconf 90' lang='lat' dir='ltr'><strong>enim</strong></span> <span class='ocrx_word' id='word_1_161' title='bbox 663 1124 824 1152; x_wconf 79' lang='lat' dir='ltr'><strong>fasciculum</strong></span> <span class='ocrx_word' id='word_1_162' title='bbox 840 1124 951 1160; x_wconf 83' lang='lat' dir='ltr'><strong>hyssopi</strong></span> 
     </span>
    </p>
   </div>
   <div class='ocr_carea' id='block_1_30' title="bbox 168 1171 950 1205">
    <p class='ocr_par' dir='ltr' id='par_1_30' title="bbox 168 1171 950 1205">
     <span class='ocr_line' id='line_1_30' title="bbox 168 1171 950 1205; baseline -0.003 -6"><span class='ocrx_word' id='word_1_163' title='bbox 168 1179 297 1204; x_wconf 82' lang='lat' dir='ltr'><strong>sumere.</strong></span> <span class='ocrx_word' id='word_1_164' title='bbox 331 1175 511 1205; x_wconf 72' lang='lat' dir='ltr'><strong>maculaeque</strong></span> <span class='ocrx_word' id='word_1_165' title='bbox 553 1171 613 1198; x_wconf 89' lang='lat' dir='ltr'><strong>ovis</strong></span> <span class='ocrx_word' id='word_1_166' title='bbox 655 1177 754 1198; x_wconf 88' lang='lat' dir='ltr'><strong>cruore</strong></span> <span class='ocrx_word' id='word_1_167' title='bbox 789 1171 950 1204; x_wconf 87' lang='lat' dir='ltr'><strong>immersis,</strong></span> 
     </span>
    </p>
   </div>
   <div class='ocr_carea' id='block_1_31' title="bbox 168 1215 953 1251">
    <p class='ocr_par' dir='ltr' id='par_1_31' title="bbox 168 1215 953 1251">
     <span class='ocr_line' id='line_1_31' title="bbox 168 1215 953 1251; baseline -0.001 -8"><span class='ocrx_word' id='word_1_168' title='bbox 168 1220 261 1251; x_wconf 87' lang='lat' dir='ltr'><strong>postes</strong></span> <span class='ocrx_word' id='word_1_169' title='bbox 274 1221 301 1243; x_wconf 86' lang='lat' dir='ltr'><strong>et</strong></span> <span class='ocrx_word' id='word_1_170' title='bbox 316 1215 397 1243; x_wconf 88' lang='lat' dir='ltr'><strong>limen</strong></span> <span class='ocrx_word' id='word_1_171' title='bbox 412 1216 528 1248; x_wconf 74' lang='lat' dir='ltr'><strong>illinere,</strong></span> <span class='ocrx_word' id='word_1_172' title='bbox 540 1219 641 1243; x_wconf 88' lang='lat' dir='ltr'><strong>utcum</strong></span> <span class='ocrx_word' id='word_1_173' title='bbox 658 1216 814 1243; x_wconf 88' lang='lat' dir='ltr'><strong>immineret</strong></span> <span class='ocrx_word' id='word_1_174' title='bbox 823 1215 953 1243; x_wconf 80' lang='lat' dir='ltr'><strong>extermi-</strong></span> 
     </span>
    </p>
   </div>
   <div class='ocr_carea' id='block_1_32' title="bbox 169 1262 952 1298">
    <p class='ocr_par' dir='ltr' id='par_1_32' title="bbox 169 1262 952 1298">
     <span class='ocr_line' id='line_1_32' title="bbox 169 1262 952 1298; baseline 0.001 -10"><span class='ocrx_word' id='word_1_175' title='bbox 169 1266 248 1288; x_wconf 90' lang='lat' dir='ltr'><strong>nator</strong></span> <span class='ocrx_word' id='word_1_176' title='bbox 261 1262 448 1297; x_wconf 84' lang='lat' dir='ltr'><strong>percutiendis</strong></span> <span class='ocrx_word' id='word_1_177' title='bbox 464 1262 653 1298; x_wconf 64' lang='lat' dir='ltr'><strong>Egyptiorum</strong></span> <span class='ocrx_word' id='word_1_178' title='bbox 663 1262 860 1297; x_wconf 78' lang='lat' dir='ltr'><strong>primogenitis.</strong></span> <span class='ocrx_word' id='word_1_179' title='bbox 871 1269 952 1289; x_wconf 89' lang='lat' dir='ltr'><strong>cruo-</strong></span> 
     </span>
    </p>
   </div>
   <div class='ocr_carea' id='block_1_33' title="bbox 169 1307 950 1343">
    <p class='ocr_par' dir='ltr' id='par_1_33' title="bbox 169 1307 950 1343">
     <span class='ocr_line' id='line_1_33' title="bbox 169 1307 950 1343; baseline 0.001 -10"><span class='ocrx_word' id='word_1_180' title='bbox 169 1315 226 1334; x_wconf 90' lang='lat' dir='ltr'><strong>rem</strong></span> <span class='ocrx_word' id='word_1_181' title='bbox 238 1307 384 1343; x_wconf 80' lang='lat' dir='ltr'><strong>aspicicns.</strong></span> <span class='ocrx_word' id='word_1_182' title='bbox 396 1307 570 1336; x_wconf 63' lang='lat' dir='ltr'><strong>Hebraeorum</strong></span> <span class='ocrx_word' id='word_1_183' title='bbox 584 1307 681 1335; x_wconf 85' lang='lat' dir='ltr'><strong>domos</strong></span> <span class='ocrx_word' id='word_1_184' title='bbox 702 1308 950 1342; x_wconf 74' lang='lat' dir='ltr'><strong>transgrederetur.</strong></span> 
     </span>
    </p>
   </div>
   <div class='ocr_carea' id='block_1_34' title="bbox 169 1352 951 1388">
    <p class='ocr_par' dir='ltr' id='par_1_34' title="bbox 169 1352 951 1388">
     <span class='ocr_line' id='line_1_34' title="bbox 169 1352 951 1388; baseline 0 -8"><span class='ocrx_word' id='word_1_185' title='bbox 169 1352 205 1380; x_wconf 89' lang='lat' dir='ltr'>lis</span> <span class='ocrx_word' id='word_1_186' title='bbox 218 1353 328 1388; x_wconf 89' lang='lat' dir='ltr'><strong>quidem</strong></span> <span class='ocrx_word' id='word_1_187' title='bbox 346 1353 432 1388; x_wconf 69' lang='lat' dir='ltr'><strong>signis</strong></span> <span class='ocrx_word' id='word_1_188' title='bbox 456 1360 510 1380; x_wconf 87' lang='lat' dir='ltr'>non</span> <span class='ocrx_word' id='word_1_189' title='bbox 530 1360 599 1388; x_wconf 91' lang='lat' dir='ltr'><strong>opus</strong></span> <span class='ocrx_word' id='word_1_190' title='bbox 619 1357 678 1380; x_wconf 88' lang='lat' dir='ltr'><strong>erat</strong></span> <span class='ocrx_word' id='word_1_191' title='bbox 703 1353 807 1388; x_wconf 83' lang='lat' dir='ltr'><strong>experti</strong></span> <span class='ocrx_word' id='word_1_192' title='bbox 828 1352 951 1388; x_wconf 86' lang='lat' dir='ltr'><strong>corporis</strong></span> 
     </span>
    </p>
   </div>
   <div class='ocr_carea' id='block_1_35' title="bbox 167 1397 951 1434">
    <p class='ocr_par' dir='ltr' id='par_1_35' title="bbox 167 1397 951 1434">
     <span class='ocr_line' id='line_1_35' title="bbox 167 1397 951 1434; baseline -0.001 -8"><span class='ocrx_word' id='word_1_193' title='bbox 167 1399 276 1434; x_wconf 80' lang='lat' dir='ltr'><strong>angelo,</strong></span> <span class='ocrx_word' id='word_1_194' title='bbox 291 1399 340 1426; x_wconf 87' lang='lat' dir='ltr'>sed</span> <span class='ocrx_word' id='word_1_195' title='bbox 358 1397 462 1426; x_wconf 67' lang='lat' dir='ltr'><strong>Judzcis</strong></span> <span class='ocrx_word' id='word_1_196' title='bbox 482 1403 512 1426; x_wconf 92' lang='lat' dir='ltr'>ut</span> <span class='ocrx_word' id='word_1_197' title='bbox 527 1398 650 1434; x_wconf 90' lang='lat' dir='ltr'><strong>symbolo</strong></span> <span class='ocrx_word' id='word_1_198' title='bbox 670 1397 718 1425; x_wconf 88' lang='lat' dir='ltr'>Dei</span> <span class='ocrx_word' id='word_1_199' title='bbox 740 1398 951 1426; x_wconf 83' lang='lat' dir='ltr'><strong>sollicitudinem</strong></span> 
     </span>
    </p>
   </div>
   <div class='ocr_carea' id='block_1_36' title="bbox 169 1445 952 1481">
    <p class='ocr_par' dir='ltr' id='par_1_36' title="bbox 169 1445 952 1481">
     <span class='ocr_line' id='line_1_36' title="bbox 169 1445 952 1481; baseline 0 -8"><span class='ocrx_word' id='word_1_200' title='bbox 169 1446 317 1477; x_wconf 83' lang='lat' dir='ltr'><strong>discerent.</strong></span> <span class='ocrx_word' id='word_1_201' title='bbox 333 1453 438 1481; x_wconf 81' lang='lat' dir='ltr'><strong>nosque</strong></span> <span class='ocrx_word' id='word_1_202' title='bbox 448 1446 494 1480; x_wconf 90' lang='lat' dir='ltr'><strong>qui</strong></span> <span class='ocrx_word' id='word_1_203' title='bbox 510 1445 617 1480; x_wconf 74' lang='lat' dir='ltr'><strong>Agnum</strong></span> <span class='ocrx_word' id='word_1_204' title='bbox 627 1445 688 1472; x_wconf 89' lang='lat' dir='ltr'><strong>labe</strong></span> <span class='ocrx_word' id='word_1_205' title='bbox 699 1449 837 1472; x_wconf 85' lang='lat' dir='ltr'><strong>carentem</strong></span> <span class='ocrx_word' id='word_1_206' title='bbox 853 1445 952 1473; x_wconf 89' lang='lat' dir='ltr'><strong>immo-</strong></span> 
     </span>
    </p>
   </div>
   <div class='ocr_carea' id='block_1_37' title="bbox 170 1491 950 1527">
    <p class='ocr_par' dir='ltr' id='par_1_37' title="bbox 170 1491 950 1527">
     <span class='ocr_line' id='line_1_37' title="bbox 170 1491 950 1527; baseline 0 -8"><span class='ocrx_word' id='word_1_207' title='bbox 170 1492 270 1524; x_wconf 78' lang='lat' dir='ltr'><strong>lamus,</strong></span> <span class='ocrx_word' id='word_1_208' title='bbox 301 1491 374 1519; x_wconf 91' lang='lat' dir='ltr'><strong>hunc</strong></span> <span class='ocrx_word' id='word_1_209' title='bbox 394 1492 489 1527; x_wconf 73' lang='lat' dir='ltr'><strong>figuris</strong></span> <span class='ocrx_word' id='word_1_210' title='bbox 516 1492 739 1527; x_wconf 65' lang='lat' dir='ltr'><strong>praedcscriptum</strong></span> <span class='ocrx_word' id='word_1_211' title='bbox 765 1492 950 1520; x_wconf 83' lang='lat' dir='ltr'><strong>novissemus.</strong></span> 
     </span>
    </p>
   </div>
   <div class='ocr_carea' id='block_1_38' title="bbox 169 1536 953 1571">
    <p class='ocr_par' dir='ltr' id='par_1_38' title="bbox 169 1536 953 1571">
     <span class='ocr_line' id='line_1_38' title="bbox 169 1536 953 1571; baseline 0.001 -7"><span class='ocrx_word' id='word_1_212' title='bbox 169 1536 271 1565; x_wconf 83' lang='lat' dir='ltr'><strong>—-Nee</strong></span> <span class='ocrx_word' id='word_1_213' title='bbox 284 1544 317 1564; x_wconf 79' lang='lat' dir='ltr'><strong>ex</strong></span> <span class='ocrx_word' id='word_1_214' title='bbox 341 1537 439 1564; x_wconf 79' lang='lat' dir='ltr'><strong>ovibus</strong></span> <span class='ocrx_word' id='word_1_215' title='bbox 453 1544 538 1571; x_wconf 76' lang='lat' dir='ltr'><strong>agnos</strong></span> <span class='ocrx_word' id='word_1_216' title='bbox 557 1537 646 1564; x_wconf 88' lang='lat' dir='ltr'><strong>solum</strong></span> <span class='ocrx_word' id='word_1_217' title='bbox 667 1544 775 1564; x_wconf 88' lang='lat' dir='ltr'><strong>sumere</strong></span> <span class='ocrx_word' id='word_1_218' title='bbox 793 1537 885 1571; x_wconf 85' lang='lat' dir='ltr'><strong>jubet,</strong></span> <span class='ocrx_word' id='word_1_219' title='bbox 904 1537 953 1565; x_wconf 84' lang='lat' dir='ltr'>sed</span> 
     </span>
    </p>
   </div>
   <div class='ocr_carea' id='block_1_39' title="bbox 168 1582 950 1618">
    <p class='ocr_par' dir='ltr' id='par_1_39' title="bbox 168 1582 950 1618">
     <span class='ocr_line' id='line_1_39' title="bbox 168 1582 950 1618; baseline 0 -8"><span class='ocrx_word' id='word_1_220' title='bbox 168 1584 252 1611; x_wconf 87' lang='lat' dir='ltr'><strong>etiam</strong></span> <span class='ocrx_word' id='word_1_221' title='bbox 263 1590 296 1610; x_wconf 80' lang='lat' dir='ltr'>ex</span> <span class='ocrx_word' id='word_1_222' title='bbox 309 1583 400 1618; x_wconf 87' lang='lat' dir='ltr'><strong>capris</strong></span> <span class='ocrx_word' id='word_1_223' title='bbox 413 1582 516 1615; x_wconf 79' lang='lat' dir='ltr'><strong>haedos,</strong></span> <span class='ocrx_word' id='word_1_224' title='bbox 530 1590 582 1609; x_wconf 92' lang='lat' dir='ltr'>non</span> <span class='ocrx_word' id='word_1_225' title='bbox 595 1586 624 1609; x_wconf 89' lang='lat' dir='ltr'>ut</span> <span class='ocrx_word' id='word_1_226' title='bbox 636 1586 790 1610; x_wconf 84' lang='lat' dir='ltr'><strong>mactarent</strong></span> <span class='ocrx_word' id='word_1_227' title='bbox 802 1588 950 1617; x_wconf 89' lang='lat' dir='ltr'><strong>utrumque</strong></span> 
     </span>
    </p>
   </div>
   <div class='ocr_carea' id='block_1_40' title="bbox 1040 575 1786 614">
    <p class='ocr_par' dir='ltr' id='par_1_40' title="bbox 1040 575 1786 614">
     <span class='ocr_line' id='line_1_40' title="bbox 1040 575 1786 614; baseline -0.005 -9"><span class='ocrx_word' id='word_1_228' title='bbox 1040 578 1216 614; x_wconf 75' lang='grc' dir='ltr'>’Δείμνηστον</span> <span class='ocrx_word' id='word_1_229' title='bbox 1229 577 1366 612; x_wconf 74' lang='grc' dir='ltr'>ἠϐουλήθη</span> <span class='ocrx_word' id='word_1_230' title='bbox 1381 576 1551 612; x_wconf 82' lang='grc' dir='ltr'>φυλαχθῆναι</span> <span class='ocrx_word' id='word_1_231' title='bbox 1572 575 1623 611; x_wconf 85' lang='grc' dir='ltr'>τῆς</span> <span class='ocrx_word' id='word_1_232' title='bbox 1646 575 1786 611; x_wconf 76' lang='grc' dir='ltr'>σωτηρίας</span> 
     </span>
    </p>
   </div>
   <div class='ocr_carea' id='block_1_41' title="bbox 997 620 1787 660">
    <p class='ocr_par' dir='ltr' id='par_1_41' title="bbox 997 620 1787 660">
     <span class='ocr_line' id='line_1_41' title="bbox 997 620 1787 660; baseline -0.005 -9"><span class='ocrx_word' id='word_1_233' title='bbox 997 626 1047 660; x_wconf 84' lang='grc' dir='ltr'>τὴν</span> <span class='ocrx_word' id='word_1_234' title='bbox 1065 625 1184 660; x_wconf 82' lang='grc' dir='ltr'>μνήμην·</span> <span class='ocrx_word' id='word_1_235' title='bbox 1205 623 1244 650; x_wconf 79' lang='grc' dir='ltr'>διδ</span> <span class='ocrx_word' id='word_1_236' title='bbox 1257 623 1304 650; x_wconf 70' lang='grc' dir='ltr'>καὶ</span> <span class='ocrx_word' id='word_1_237' title='bbox 1317 622 1470 658; x_wconf 82' lang='grc' dir='ltr'>νομοθετῶν</span> <span class='ocrx_word' id='word_1_238' title='bbox 1483 622 1576 656; x_wconf 77' lang='grc' dir='ltr'>ἔλεγεν</span> <span class='ocrx_word' id='word_1_239' title='bbox 1587 630 1594 636; x_wconf 90' lang='grc'><strong>·</strong></span> <span class='ocrx_word' id='word_1_240' title='bbox 1610 630 1620 647; x_wconf 85' lang='grc'><strong>‹</strong></span> <span class='ocrx_word' id='word_1_241' title='bbox 1643 620 1706 648; x_wconf 77' lang='lat' dir='ltr'>&#39;an</span> <span class='ocrx_word' id='word_1_242' title='bbox 1717 622 1787 656; x_wconf 83' lang='grc' dir='ltr'>ὲρω-</span> 
     </span>
    </p>
   </div>
   <div class='ocr_carea' id='block_1_42' title="bbox 997 667 1785 705">
    <p class='ocr_par' dir='ltr' id='par_1_42' title="bbox 997 667 1785 705">
     <span class='ocr_line' id='line_1_42' title="bbox 997 667 1785 705; baseline -0.005 -9"><span class='ocrx_word' id='word_1_243' title='bbox 997 671 1068 705; x_wconf 86' lang='grc' dir='ltr'>τήσῃ</span> <span class='ocrx_word' id='word_1_244' title='bbox 1082 678 1112 696; x_wconf 88' lang='grc' dir='ltr'>σε</span> <span class='ocrx_word' id='word_1_245' title='bbox 1125 671 1139 697; x_wconf 81' lang='grc' dir='ltr'>ὁ</span> <span class='ocrx_word' id='word_1_246' title='bbox 1152 670 1208 702; x_wconf 89' lang='grc' dir='ltr'>υίός</span> <span class='ocrx_word' id='word_1_247' title='bbox 1223 678 1269 696; x_wconf 91' lang='grc' dir='ltr'>σου</span> <span class='ocrx_word' id='word_1_248' title='bbox 1282 670 1383 703; x_wconf 86' lang='grc' dir='ltr'>λέγων·</span> <span class='ocrx_word' id='word_1_249' title='bbox 1399 668 1432 696; x_wconf 86' lang='grc' dir='ltr'>Τί</span> <span class='ocrx_word' id='word_1_250' title='bbox 1447 669 1505 695; x_wconf 74' lang='grc' dir='ltr'>ἐστι</span> <span class='ocrx_word' id='word_1_251' title='bbox 1525 667 1555 694; x_wconf 80' lang='grc' dir='ltr'>τὸ</span> <span class='ocrx_word' id='word_1_252' title='bbox 1568 667 1664 702; x_wconf 83' lang='grc' dir='ltr'>Πάσχα</span> <span class='ocrx_word' id='word_1_253' title='bbox 1676 675 1684 699; x_wconf 89' lang='grc'>;</span> <span class='ocrx_word' id='word_1_254' title='bbox 1700 667 1785 701; x_wconf 84' lang='grc' dir='ltr'>ὲρεῖς,</span> 
     </span>
    </p>
   </div>
   <div class='ocr_carea' id='block_1_43' title="bbox 999 713 1787 752">
    <p class='ocr_par' dir='ltr' id='par_1_43' title="bbox 999 713 1787 752">
     <span class='ocr_line' id='line_1_43' title="bbox 999 713 1787 752; baseline -0.005 -9"><span class='ocrx_word' id='word_1_255' title='bbox 999 717 1060 743; x_wconf 81' lang='grc' dir='ltr'>Ὀτι</span> <span class='ocrx_word' id='word_1_256' title='bbox 1085 718 1114 743; x_wconf 77' lang='grc' dir='ltr'>ὲν</span> <span class='ocrx_word' id='word_1_257' title='bbox 1137 717 1170 752; x_wconf 84' lang='grc' dir='ltr'>τῇ</span> <span class='ocrx_word' id='word_1_258' title='bbox 1194 717 1313 752; x_wconf 84' lang='grc' dir='ltr'>σήμερον</span> <span class='ocrx_word' id='word_1_259' title='bbox 1335 715 1427 751; x_wconf 70' lang='grc' dir='ltr'>ἡμέρᾳ.</span> <span class='ocrx_word' id='word_1_260' title='bbox 1443 714 1561 750; x_wconf 73' lang='grc' dir='ltr'>ἐξήγαγε</span> <span class='ocrx_word' id='word_1_261' title='bbox 1576 714 1639 745; x_wconf 83' lang='grc' dir='ltr'>τοὺς</span> <span class='ocrx_word' id='word_1_262' title='bbox 1663 713 1787 748; x_wconf 78' lang='grc' dir='ltr'>πατέρας</span> 
     </span>
    </p>
   </div>
   <div class='ocr_carea' id='block_1_44' title="bbox 1001 758 1785 798">
    <p class='ocr_par' dir='ltr' id='par_1_44' title="bbox 1001 758 1785 798">
     <span class='ocr_line' id='line_1_44' title="bbox 1001 758 1785 798; baseline -0.008 -8"><span class='ocrx_word' id='word_1_263' title='bbox 1001 763 1079 798; x_wconf 83' lang='grc' dir='ltr'>ἡμῶν</span> <span class='ocrx_word' id='word_1_264' title='bbox 1093 762 1195 797; x_wconf 81' lang='grc' dir='ltr'>Κύριος</span> <span class='ocrx_word' id='word_1_265' title='bbox 1209 763 1224 788; x_wconf 85' lang='grc' dir='ltr'>ὁ</span> <span class='ocrx_word' id='word_1_266' title='bbox 1244 761 1311 793; x_wconf 79' lang='grc' dir='ltr'>Θεὸς</span> <span class='ocrx_word' id='word_1_267' title='bbox 1326 762 1357 788; x_wconf 82' lang='grc' dir='ltr'><strong>ὲκ</strong></span> <span class='ocrx_word' id='word_1_268' title='bbox 1379 761 1428 796; x_wconf 85' lang='grc' dir='ltr'>τῆς</span> <span class='ocrx_word' id='word_1_269' title='bbox 1441 760 1590 794; x_wconf 78' lang='grc' dir='ltr'>Αἰγύπτου,</span> <span class='ocrx_word' id='word_1_270' title='bbox 1609 768 1619 784; x_wconf 76' lang='grc' dir='ltr'>ι</span> <span class='ocrx_word' id='word_1_271' title='bbox 1637 759 1685 785; x_wconf 77' lang='grc' dir='ltr'>καὶ</span> <span class='ocrx_word' id='word_1_272' title='bbox 1709 758 1785 792; x_wconf 76' lang='grc' dir='ltr'>ἑξῆς.</span> 
     </span>
    </p>
   </div>
   <div class='ocr_carea' id='block_1_45' title="bbox 1002 804 1786 844">
    <p class='ocr_par' dir='ltr' id='par_1_45' title="bbox 1002 804 1786 844">
     <span class='ocr_line' id='line_1_45' title="bbox 1002 804 1786 844; baseline -0.006 -9"><span class='ocrx_word' id='word_1_273' title='bbox 1002 809 1107 835; x_wconf 84' lang='grc' dir='ltr'>Τούτου</span> <span class='ocrx_word' id='word_1_274' title='bbox 1133 809 1214 844; x_wconf 83' lang='grc' dir='ltr'>χάριν</span> <span class='ocrx_word' id='word_1_275' title='bbox 1230 807 1445 842; x_wconf 79' lang='grc' dir='ltr'>παρακελεύεται</span> <span class='ocrx_word' id='word_1_276' title='bbox 1471 806 1573 841; x_wconf 88' lang='grc' dir='ltr'>ταύτην</span> <span class='ocrx_word' id='word_1_277' title='bbox 1596 804 1786 836; x_wconf 71' lang='grc' dir='ltr'>ἐπιτελοῦντας</span> 
     </span>
    </p>
   </div>
   <div class='ocr_carea' id='block_1_46' title="bbox 1000 852 1785 891">
    <p class='ocr_par' dir='ltr' id='par_1_46' title="bbox 1000 852 1785 891">
     <span class='ocr_line' id='line_1_46' title="bbox 1000 852 1785 891; baseline -0.008 -9"><span class='ocrx_word' id='word_1_278' title='bbox 1000 855 1050 891; x_wconf 88' lang='grc' dir='ltr'>τὴν</span> <span class='ocrx_word' id='word_1_279' title='bbox 1069 855 1165 890; x_wconf 78' lang='grc' dir='ltr'>ἑορτὴν</span> <span class='ocrx_word' id='word_1_280' title='bbox 1188 854 1360 890; x_wconf 83' lang='grc' dir='ltr'>περικεῖσθαι</span> <span class='ocrx_word' id='word_1_281' title='bbox 1379 853 1410 880; x_wconf 84' lang='grc' dir='ltr'>τὺ</span> <span class='ocrx_word' id='word_1_282' title='bbox 1430 853 1479 887; x_wconf 79' lang='grc' dir='ltr'>τῆς</span> <span class='ocrx_word' id='word_1_283' title='bbox 1493 852 1646 886; x_wconf 71' lang='grc' dir='ltr'>ὁδοιπορίας</span> <span class='ocrx_word' id='word_1_284' title='bbox 1670 852 1765 886; x_wconf 85' lang='grc' dir='ltr'>σχῆμα</span> <span class='ocrx_word' id='word_1_285' title='bbox 1777 859 1785 866; x_wconf 91' lang='grc'>·</span> 
     </span>
    </p>
   </div>
   <div class='ocr_carea' id='block_1_47' title="bbox 1005 896 1785 935">
    <p class='ocr_par' dir='ltr' id='par_1_47' title="bbox 1005 896 1785 935">
     <span class='ocr_line' id='line_1_47' title="bbox 1005 896 1785 935; baseline -0.006 -8"><span class='ocrx_word' id='word_1_286' title='bbox 1005 911 1014 927; x_wconf 88' lang='grc'><em>‹</em></span> <span class='ocrx_word' id='word_1_287' title='bbox 1035 901 1176 927; x_wconf 83' lang='grc' dir='ltr'>Ἔστωσαν</span> <span class='ocrx_word' id='word_1_288' title='bbox 1191 900 1245 935; x_wconf 83' lang='grc' dir='ltr'>γὰρ</span> <span class='ocrx_word' id='word_1_289' title='bbox 1269 901 1296 926; x_wconf 84' lang='grc' dir='ltr'>αἱ</span> <span class='ocrx_word' id='word_1_290' title='bbox 1312 899 1411 934; x_wconf 76' lang='grc' dir='ltr'>ὀσφύες</span> <span class='ocrx_word' id='word_1_291' title='bbox 1427 898 1506 934; x_wconf 84' lang='grc' dir='ltr'>ὑμῶν</span> <span class='ocrx_word' id='word_1_292' title='bbox 1522 896 1754 933; x_wconf 74' lang='grc' dir='ltr'>περιεζωσμέναι,</span> <span class='ocrx_word' id='word_1_293' title='bbox 1775 905 1785 922; x_wconf 75' lang='grc' dir='ltr'>ι</span> 
     </span>
    </p>
   </div>
   <div class='ocr_carea' id='block_1_48' title="bbox 1001 942 1789 982">
    <p class='ocr_par' dir='ltr' id='par_1_48' title="bbox 1001 942 1789 982">
     <span class='ocr_line' id='line_1_48' title="bbox 1001 942 1789 982; baseline -0.009 -8"><span class='ocrx_word' id='word_1_294' title='bbox 1001 949 1048 974; x_wconf 74' lang='grc' dir='ltr'>καὶ</span> <span class='ocrx_word' id='word_1_295' title='bbox 1061 947 1124 982; x_wconf 75' lang='grc' dir='ltr'>ἑξῆς</span> <span class='ocrx_word' id='word_1_296' title='bbox 1133 955 1140 962; x_wconf 90' lang='grc'><strong>·</strong></span> <span class='ocrx_word' id='word_1_297' title='bbox 1155 947 1186 974; x_wconf 84' lang='grc' dir='ltr'>τδ</span> <span class='ocrx_word' id='word_1_298' title='bbox 1200 947 1228 973; x_wconf 81' lang='grc' dir='ltr'>δὲ</span> <span class='ocrx_word' id='word_1_299' title='bbox 1243 946 1350 981; x_wconf 82' lang='grc' dir='ltr'><em>Πάσχα</em></span> <span class='ocrx_word' id='word_1_300' title='bbox 1363 947 1377 972; x_wconf 83' lang='grc' dir='ltr'>ὁ</span> <span class='ocrx_word' id='word_1_301' title='bbox 1393 945 1441 981; x_wconf 82' lang='grc' dir='ltr'>μὲν</span> <span class='ocrx_word' id='word_1_302' title='bbox 1459 944 1546 971; x_wconf 76' lang='grc' dir='ltr'>Φίλων</span> <span class='ocrx_word' id='word_1_303' title='bbox 1555 944 1712 980; x_wconf 74' lang='grc' dir='ltr'>ἡρμήνευσε</span> <span class='ocrx_word' id='word_1_304' title='bbox 1723 942 1789 968; x_wconf 81' lang='grc' dir='ltr'>δια-</span> 
     </span>
    </p>
   </div>
   <div class='ocr_carea' id='block_1_49' title="bbox 1001 989 1788 1028">
    <p class='ocr_par' dir='ltr' id='par_1_49' title="bbox 1001 989 1788 1028">
     <span class='ocr_line' id='line_1_49' title="bbox 1001 989 1788 1028; baseline -0.009 -7"><span class='ocrx_word' id='word_1_305' title='bbox 1001 993 1134 1028; x_wconf 82' lang='grc' dir='ltr'>ϐατήρια·</span> <span class='ocrx_word' id='word_1_306' title='bbox 1151 995 1165 1020; x_wconf 84' lang='grc' dir='ltr'>ὁ</span> <span class='ocrx_word' id='word_1_307' title='bbox 1177 993 1205 1020; x_wconf 77' lang='grc' dir='ltr'>δὲ</span> <span class='ocrx_word' id='word_1_308' title='bbox 1221 993 1386 1028; x_wconf 84' lang='grc' dir='ltr'>Ίώσηππος.</span> <span class='ocrx_word' id='word_1_309' title='bbox 1404 990 1571 1025; x_wconf 80' lang='grc' dir='ltr'>ὑπερϐάσια</span> <span class='ocrx_word' id='word_1_310' title='bbox 1581 997 1588 1004; x_wconf 96' lang='grc'><strong>·</strong></span> <span class='ocrx_word' id='word_1_311' title='bbox 1604 990 1653 1016; x_wconf 79' lang='grc' dir='ltr'>ὁδὲ</span> <span class='ocrx_word' id='word_1_312' title='bbox 1669 989 1788 1024; x_wconf 85' lang='grc' dir='ltr'>Σύμμα-</span> 
     </span>
    </p>
   </div>
   <div class='ocr_carea' id='block_1_50' title="bbox 1001 1033 1788 1075">
    <p class='ocr_par' dir='ltr' id='par_1_50' title="bbox 1001 1033 1788 1075">
     <span class='ocr_line' id='line_1_50' title="bbox 1001 1033 1788 1075; baseline -0.009 -8"><span class='ocrx_word' id='word_1_313' title='bbox 1001 1049 1057 1075; x_wconf 81' lang='grc' dir='ltr'>χος,</span> <span class='ocrx_word' id='word_1_314' title='bbox 1069 1039 1263 1074; x_wconf 75' lang='grc' dir='ltr'>ὑπερϐάσεις·</span> <span class='ocrx_word' id='word_1_315' title='bbox 1281 1040 1296 1065; x_wconf 79' lang='grc' dir='ltr'>ὁ</span> <span class='ocrx_word' id='word_1_316' title='bbox 1310 1039 1337 1065; x_wconf 82' lang='grc' dir='ltr'>δὲ</span> <span class='ocrx_word' id='word_1_317' title='bbox 1348 1037 1503 1069; x_wconf 66' lang='grc' dir='ltr'>Θεώοτίων,</span> <span class='ocrx_word' id='word_1_318' title='bbox 1518 1036 1627 1071; x_wconf 70' lang='grc' dir='ltr'>φασὲκ,</span> <span class='ocrx_word' id='word_1_319' title='bbox 1642 1034 1726 1070; x_wconf 83' lang='grc' dir='ltr'>αὐτὴν</span> <span class='ocrx_word' id='word_1_320' title='bbox 1737 1033 1788 1069; x_wconf 80' lang='grc' dir='ltr'>τὴν</span> 
     </span>
    </p>
   </div>
   <div class='ocr_carea' id='block_1_51' title="bbox 1008 1081 1787 1122">
    <p class='ocr_par' dir='ltr' id='par_1_51' title="bbox 1008 1081 1787 1122">
     <span class='ocr_line' id='line_1_51' title="bbox 1008 1081 1787 1122; baseline -0.009 -8"><span class='ocrx_word' id='word_1_321' title='bbox 1008 1086 1137 1122; x_wconf 84' lang='grc' dir='ltr'>Ἑϐραίαν</span> <span class='ocrx_word' id='word_1_322' title='bbox 1165 1084 1296 1118; x_wconf 87' lang='grc' dir='ltr'>τεθεικὼς</span> <span class='ocrx_word' id='word_1_323' title='bbox 1310 1085 1420 1120; x_wconf 74' lang='grc' dir='ltr'>φωνήν·</span> <span class='ocrx_word' id='word_1_324' title='bbox 1441 1083 1568 1119; x_wconf 80' lang='grc' dir='ltr'>σημαίνει</span> <span class='ocrx_word' id='word_1_325' title='bbox 1593 1082 1623 1109; x_wconf 78' lang='grc' dir='ltr'>δὲ</span> <span class='ocrx_word' id='word_1_326' title='bbox 1642 1081 1673 1108; x_wconf 85' lang='grc' dir='ltr'>τδ</span> <span class='ocrx_word' id='word_1_327' title='bbox 1688 1081 1787 1116; x_wconf 72' lang='grc' dir='ltr'>δνομι,</span> 
     </span>
    </p>
   </div>
   <div class='ocr_carea' id='block_1_52' title="bbox 1000 1127 1788 1167">
    <p class='ocr_par' dir='ltr' id='par_1_52' title="bbox 1000 1127 1788 1167">
     <span class='ocr_line' id='line_1_52' title="bbox 1000 1127 1788 1167; baseline -0.008 -9"><span class='ocrx_word' id='word_1_328' title='bbox 1000 1132 1055 1158; x_wconf 88' lang='grc' dir='ltr'>τῶν</span> <span class='ocrx_word' id='word_1_329' title='bbox 1076 1130 1211 1167; x_wconf 81' lang='grc' dir='ltr'>Ἐϐραίων</span> <span class='ocrx_word' id='word_1_330' title='bbox 1224 1131 1403 1166; x_wconf 80' lang='grc' dir='ltr'>πρωτοτόκων</span> <span class='ocrx_word' id='word_1_331' title='bbox 1423 1129 1472 1164; x_wconf 88' lang='grc' dir='ltr'>τὴν</span> <span class='ocrx_word' id='word_1_332' title='bbox 1491 1127 1628 1163; x_wconf 84' lang='grc' dir='ltr'>σωτηρίαν</span> <span class='ocrx_word' id='word_1_333' title='bbox 1641 1135 1649 1142; x_wconf 89' lang='grc'><strong>·</strong></span> <span class='ocrx_word' id='word_1_334' title='bbox 1665 1135 1788 1162; x_wconf 80' lang='grc' dir='ltr'>παρεκε-</span> 
     </span>
    </p>
   </div>
   <div class='ocr_carea' id='block_1_53' title="bbox 1001 1173 1788 1213">
    <p class='ocr_par' dir='ltr' id='par_1_53' title="bbox 1001 1173 1788 1213">
     <span class='ocr_line' id='line_1_53' title="bbox 1001 1173 1788 1213; baseline -0.009 -8"><span class='ocrx_word' id='word_1_335' title='bbox 1001 1178 1117 1205; x_wconf 77' lang='grc' dir='ltr'>λεύσατο</span> <span class='ocrx_word' id='word_1_336' title='bbox 1130 1177 1184 1213; x_wconf 84' lang='grc' dir='ltr'>γὰρ</span> <span class='ocrx_word' id='word_1_337' title='bbox 1197 1177 1300 1212; x_wconf 81' lang='grc' dir='ltr'>δέσμην</span> <span class='ocrx_word' id='word_1_338' title='bbox 1317 1175 1443 1202; x_wconf 80' lang='grc' dir='ltr'>ὑσσώπου</span> <span class='ocrx_word' id='word_1_339' title='bbox 1457 1174 1550 1201; x_wconf 88' lang='grc' dir='ltr'>λαϐεῖν</span> <span class='ocrx_word' id='word_1_340' title='bbox 1566 1173 1614 1200; x_wconf 75' lang='grc' dir='ltr'>καὶ</span> <span class='ocrx_word' id='word_1_341' title='bbox 1628 1173 1668 1208; x_wconf 85' lang='grc' dir='ltr'>τῷ</span> <span class='ocrx_word' id='word_1_342' title='bbox 1689 1173 1788 1208; x_wconf 80' lang='grc' dir='ltr'>αἵματι</span> 
     </span>
    </p>
   </div>
   <div class='ocr_carea' id='block_1_54' title="bbox 1002 1219 1789 1259">
    <p class='ocr_par' dir='ltr' id='par_1_54' title="bbox 1002 1219 1789 1259">
     <span class='ocr_line' id='line_1_54' title="bbox 1002 1219 1789 1259; baseline -0.009 -8"><span class='ocrx_word' id='word_1_343' title='bbox 1002 1224 1048 1251; x_wconf 86' lang='grc' dir='ltr'>τοῦ</span> <span class='ocrx_word' id='word_1_344' title='bbox 1072 1224 1202 1259; x_wconf 82' lang='grc' dir='ltr'>θυομένου</span> <span class='ocrx_word' id='word_1_345' title='bbox 1223 1223 1360 1258; x_wconf 84' lang='grc' dir='ltr'>προϐάτου</span> <span class='ocrx_word' id='word_1_346' title='bbox 1376 1221 1553 1256; x_wconf 71' lang='grc' dir='ltr'>ὲμϐάψαντας</span> <span class='ocrx_word' id='word_1_347' title='bbox 1568 1220 1632 1251; x_wconf 83' lang='grc' dir='ltr'>τοὺς</span> <span class='ocrx_word' id='word_1_348' title='bbox 1650 1219 1789 1253; x_wconf 77' lang='grc' dir='ltr'>σταθμοὺς</span> 
     </span>
    </p>
   </div>
   <div class='ocr_carea' id='block_1_55' title="bbox 1002 1265 1788 1306">
    <p class='ocr_par' dir='ltr' id='par_1_55' title="bbox 1002 1265 1788 1306">
     <span class='ocr_line' id='line_1_55' title="bbox 1002 1265 1788 1306; baseline -0.01 -8"><span class='ocrx_word' id='word_1_349' title='bbox 1002 1270 1143 1306; x_wconf 72' lang='grc' dir='ltr'>ἐπιχρίσαι</span> <span class='ocrx_word' id='word_1_350' title='bbox 1150 1269 1221 1306; x_wconf 72' lang='grc' dir='ltr'>[καὶ]</span> <span class='ocrx_word' id='word_1_351' title='bbox 1230 1269 1279 1304; x_wconf 81' lang='grc' dir='ltr'>τὴν</span> <span class='ocrx_word' id='word_1_352' title='bbox 1287 1269 1378 1304; x_wconf 81' lang='grc' dir='ltr'>φλιὰν,</span> <span class='ocrx_word' id='word_1_353' title='bbox 1385 1269 1428 1294; x_wconf 85' lang='grc' dir='ltr'>ἵνα</span> <span class='ocrx_word' id='word_1_354' title='bbox 1436 1268 1500 1294; x_wconf 84' lang='grc' dir='ltr'>ὅταν</span> <span class='ocrx_word' id='word_1_355' title='bbox 1508 1267 1605 1301; x_wconf 71' lang='grc' dir='ltr'>ἐπιστῇ</span> <span class='ocrx_word' id='word_1_356' title='bbox 1616 1267 1630 1292; x_wconf 88' lang='grc' dir='ltr'>ὁ</span> <span class='ocrx_word' id='word_1_357' title='bbox 1636 1265 1788 1300; x_wconf 81' lang='grc' dir='ltr'>ὀλοθρεύων</span> 
     </span>
    </p>
   </div>
   <div class='ocr_carea' id='block_1_56' title="bbox 1002 1307 1786 1351">
    <p class='ocr_par' dir='ltr' id='par_1_56' title="bbox 1002 1307 1786 1351">
     <span class='ocr_line' id='line_1_56' title="bbox 1002 1307 1786 1351; baseline -0.011 -7"><span class='ocrx_word' id='word_1_358' title='bbox 1002 1316 1122 1349; x_wconf 84' lang='grc' dir='ltr'>πατάξαι</span> <span class='ocrx_word' id='word_1_359' title='bbox 1132 1316 1167 1342; x_wconf 83' lang='grc' dir='ltr'>τά</span> <span class='ocrx_word' id='word_1_360' title='bbox 1177 1315 1337 1351; x_wconf 80' lang='grc' dir='ltr'>πρωτότοκα</span> <span class='ocrx_word' id='word_1_361' title='bbox 1345 1313 1398 1341; x_wconf 86' lang='grc' dir='ltr'>τῶν</span> <span class='ocrx_word' id='word_1_362' title='bbox 1410 1312 1575 1347; x_wconf 77' lang='grc' dir='ltr'>Αἰγυπτίων,</span> <span class='ocrx_word' id='word_1_363' title='bbox 1592 1310 1653 1337; x_wconf 86' lang='grc' dir='ltr'>ίδὼν</span> <span class='ocrx_word' id='word_1_364' title='bbox 1663 1310 1695 1336; x_wconf 68' lang='grc' dir='ltr'>τὸ</span> <span class='ocrx_word' id='word_1_365' title='bbox 1706 1307 1734 1336; x_wconf 77' lang='grc' dir='ltr'>αἶ</span> <span class='ocrx_word' id='word_1_366' title='bbox 1738 1318 1786 1344; x_wconf 85' lang='grc' dir='ltr'>μα,</span> 
     </span>
    </p>
   </div>
   <div class='ocr_carea' id='block_1_57' title="bbox 1003 1355 1787 1398">
    <p class='ocr_par' dir='ltr' id='par_1_57' title="bbox 1003 1355 1787 1398">
     <span class='ocr_line' id='line_1_57' title="bbox 1003 1355 1787 1398; baseline -0.011 -8"><span class='ocrx_word' id='word_1_367' title='bbox 1003 1363 1109 1398; x_wconf 79' lang='grc' dir='ltr'>ὑπερϐῇ</span> <span class='ocrx_word' id='word_1_368' title='bbox 1125 1361 1180 1389; x_wconf 86' lang='grc' dir='ltr'>τῶν</span> <span class='ocrx_word' id='word_1_369' title='bbox 1199 1361 1331 1397; x_wconf 85' lang='grc' dir='ltr'>Ἐϐραίων</span> <span class='ocrx_word' id='word_1_370' title='bbox 1341 1361 1391 1392; x_wconf 84' lang='grc' dir='ltr'>τὰς</span> <span class='ocrx_word' id='word_1_371' title='bbox 1405 1359 1504 1391; x_wconf 79' lang='grc' dir='ltr'>οἰκίας,</span> <span class='ocrx_word' id='word_1_372' title='bbox 1517 1358 1568 1384; x_wconf 80' lang='grc' dir='ltr'>οὐκ</span> <span class='ocrx_word' id='word_1_373' title='bbox 1587 1355 1682 1391; x_wconf 73' lang='grc' dir='ltr'>ἐπειδὴ</span> <span class='ocrx_word' id='word_1_374' title='bbox 1696 1355 1787 1382; x_wconf 83' lang='grc' dir='ltr'>τοιού-</span> 
     </span>
    </p>
   </div>
   <div class='ocr_carea' id='block_1_58' title="bbox 1001 1401 1788 1443">
    <p class='ocr_par' dir='ltr' id='par_1_58' title="bbox 1001 1401 1788 1443">
     <span class='ocr_line' id='line_1_58' title="bbox 1001 1401 1788 1443; baseline -0.011 -7"><span class='ocrx_word' id='word_1_375' title='bbox 1001 1418 1056 1437; x_wconf 86' lang='grc' dir='ltr'>των</span> <span class='ocrx_word' id='word_1_376' title='bbox 1072 1409 1157 1435; x_wconf 81' lang='grc' dir='ltr'>ὲδείτο</span> <span class='ocrx_word' id='word_1_377' title='bbox 1178 1407 1298 1443; x_wconf 87' lang='grc' dir='ltr'>σημείων</span> <span class='ocrx_word' id='word_1_378' title='bbox 1317 1408 1334 1442; x_wconf 88' lang='grc' dir='ltr'>ἡ</span> <span class='ocrx_word' id='word_1_379' title='bbox 1351 1405 1496 1443; x_wconf 80' lang='grc' dir='ltr'>ἀσώματος</span> <span class='ocrx_word' id='word_1_380' title='bbox 1511 1403 1602 1438; x_wconf 79' lang='grc' dir='ltr'>φύσις,</span> <span class='ocrx_word' id='word_1_381' title='bbox 1618 1402 1677 1430; x_wconf 80' lang='grc' dir='ltr'>ἀλλ’</span> <span class='ocrx_word' id='word_1_382' title='bbox 1690 1402 1732 1429; x_wconf 86' lang='grc' dir='ltr'>ὅτι</span> <span class='ocrx_word' id='word_1_383' title='bbox 1744 1401 1788 1428; x_wconf 80' lang='grc' dir='ltr'>διὰ</span> 
     </span>
    </p>
   </div>
   <div class='ocr_carea' id='block_1_59' title="bbox 1002 1447 1786 1490">
    <p class='ocr_par' dir='ltr' id='par_1_59' title="bbox 1002 1447 1786 1490">
     <span class='ocr_line' id='line_1_59' title="bbox 1002 1447 1786 1490; baseline -0.011 -8"><span class='ocrx_word' id='word_1_384' title='bbox 1002 1455 1049 1482; x_wconf 79' lang='grc' dir='ltr'>τοῦ</span> <span class='ocrx_word' id='word_1_385' title='bbox 1076 1454 1212 1490; x_wconf 88' lang='grc' dir='ltr'>συμϐόλου</span> <span class='ocrx_word' id='word_1_386' title='bbox 1234 1454 1288 1481; x_wconf 78' lang='grc' dir='ltr'>ἔδει</span> <span class='ocrx_word' id='word_1_387' title='bbox 1302 1452 1444 1483; x_wconf 73' lang='grc' dir='ltr'>κάκείνους</span> <span class='ocrx_word' id='word_1_388' title='bbox 1471 1450 1568 1486; x_wconf 80' lang='grc' dir='ltr'>μαθεῖν</span> <span class='ocrx_word' id='word_1_389' title='bbox 1587 1449 1638 1485; x_wconf 86' lang='grc' dir='ltr'>τὴν</span> <span class='ocrx_word' id='word_1_390' title='bbox 1652 1448 1700 1475; x_wconf 83' lang='grc' dir='ltr'>τοῦ</span> <span class='ocrx_word' id='word_1_391' title='bbox 1720 1447 1786 1474; x_wconf 80' lang='grc' dir='ltr'>8εοῦ</span> 
     </span>
    </p>
   </div>
   <div class='ocr_carea' id='block_1_60' title="bbox 1002 1494 1786 1536">
    <p class='ocr_par' dir='ltr' id='par_1_60' title="bbox 1002 1494 1786 1536">
     <span class='ocr_line' id='line_1_60' title="bbox 1002 1494 1786 1536; baseline -0.011 -8"><span class='ocrx_word' id='word_1_392' title='bbox 1002 1501 1175 1536; x_wconf 77' lang='grc' dir='ltr'>κηδεμονίαν,</span> <span class='ocrx_word' id='word_1_393' title='bbox 1188 1501 1235 1527; x_wconf 82' lang='grc' dir='ltr'>καὶ</span> <span class='ocrx_word' id='word_1_394' title='bbox 1245 1501 1319 1535; x_wconf 80' lang='grc' dir='ltr'>ἡμᾶς</span> <span class='ocrx_word' id='word_1_395' title='bbox 1331 1500 1395 1531; x_wconf 82' lang='grc' dir='ltr'>τοὺς</span> <span class='ocrx_word' id='word_1_396' title='bbox 1406 1499 1452 1526; x_wconf 81' lang='grc' dir='ltr'>τδν</span> <span class='ocrx_word' id='word_1_397' title='bbox 1463 1498 1578 1534; x_wconf 77' lang='grc' dir='ltr'>ἄμωμον</span> <span class='ocrx_word' id='word_1_398' title='bbox 1595 1495 1694 1531; x_wconf 83' lang='grc' dir='ltr'>’Δμνὺν</span> <span class='ocrx_word' id='word_1_399' title='bbox 1708 1494 1786 1521; x_wconf 90' lang='grc' dir='ltr'>θύον-</span> 
     </span>
    </p>
   </div>
   <div class='ocr_carea' id='block_1_61' title="bbox 1001 1540 1787 1581">
    <p class='ocr_par' dir='ltr' id='par_1_61' title="bbox 1001 1540 1787 1581">
     <span class='ocr_line' id='line_1_61' title="bbox 1001 1540 1787 1581; baseline -0.01 -8"><span class='ocrx_word' id='word_1_400' title='bbox 1001 1555 1053 1578; x_wconf 86' lang='grc' dir='ltr'>τας</span> <span class='ocrx_word' id='word_1_401' title='bbox 1068 1545 1170 1580; x_wconf 81' lang='grc' dir='ltr'>γνῶναι</span> <span class='ocrx_word' id='word_1_402' title='bbox 1188 1545 1426 1581; x_wconf 82' lang='grc' dir='ltr'>προδιαγράφοντα</span> <span class='ocrx_word' id='word_1_403' title='bbox 1441 1544 1488 1571; x_wconf 82' lang='grc' dir='ltr'>τὸν</span> <span class='ocrx_word' id='word_1_404' title='bbox 1503 1543 1589 1570; x_wconf 82' lang='grc' dir='ltr'>τύπον</span> <span class='ocrx_word' id='word_1_405' title='bbox 1600 1549 1607 1556; x_wconf 92' lang='grc'><strong>·</strong></span> <span class='ocrx_word' id='word_1_406' title='bbox 1624 1542 1674 1569; x_wconf 81' lang='grc' dir='ltr'>οὐκ</span> <span class='ocrx_word' id='word_1_407' title='bbox 1689 1541 1722 1567; x_wconf 75' lang='grc' dir='ltr'>ὲκ</span> <span class='ocrx_word' id='word_1_408' title='bbox 1733 1540 1787 1566; x_wconf 84' lang='grc' dir='ltr'>τῶν</span> 
     </span>
    </p>
   </div>
   <div class='ocr_carea' id='block_1_62' title="bbox 1004 1586 1787 1627">
    <p class='ocr_par' dir='ltr' id='par_1_62' title="bbox 1004 1586 1787 1627">
     <span class='ocr_line' id='line_1_62' title="bbox 1004 1586 1787 1627; baseline -0.009 -8"><span class='ocrx_word' id='word_1_409' title='bbox 1004 1592 1148 1627; x_wconf 84' lang='grc' dir='ltr'>προϐάτων</span> <span class='ocrx_word' id='word_1_410' title='bbox 1167 1592 1195 1619; x_wconf 71' lang='grc' dir='ltr'>δὲ</span> <span class='ocrx_word' id='word_1_411' title='bbox 1217 1592 1297 1627; x_wconf 86' lang='grc' dir='ltr'>μόνον</span> <span class='ocrx_word' id='word_1_412' title='bbox 1316 1592 1401 1627; x_wconf 77' lang='grc' dir='ltr'>ἄρνας</span> <span class='ocrx_word' id='word_1_413' title='bbox 1418 1590 1512 1617; x_wconf 83' lang='grc' dir='ltr'>λαϐεῖν</span> <span class='ocrx_word' id='word_1_414' title='bbox 1522 1588 1639 1620; x_wconf 79' lang='grc' dir='ltr'>κελεύει,</span> <span class='ocrx_word' id='word_1_415' title='bbox 1652 1586 1722 1614; x_wconf 79' lang='grc' dir='ltr'>ἀλλὰ</span> <span class='ocrx_word' id='word_1_416' title='bbox 1740 1586 1787 1613; x_wconf 77' lang='grc' dir='ltr'>καὶ</span> 
     </span>
    </p>
   </div>
   <div class='ocr_carea' id='block_1_63' title="bbox 170 1628 951 1673">
    <p class='ocr_par' dir='ltr' id='par_1_63' title="bbox 170 1628 951 1664">
     <span class='ocr_line' id='line_1_63' title="bbox 170 1628 951 1664; baseline 0 -8"><span class='ocrx_word' id='word_1_417' title='bbox 170 1629 263 1662; x_wconf 85' lang='lat' dir='ltr'><strong>simul,</strong></span> <span class='ocrx_word' id='word_1_418' title='bbox 280 1628 328 1656; x_wconf 87' lang='lat' dir='ltr'>sed</span> <span class='ocrx_word' id='word_1_419' title='bbox 344 1632 374 1656; x_wconf 91' lang='lat' dir='ltr'>ut</span> <span class='ocrx_word' id='word_1_420' title='bbox 388 1629 435 1664; x_wconf 86' lang='lat' dir='ltr'>qui</span> <span class='ocrx_word' id='word_1_421' title='bbox 449 1635 526 1656; x_wconf 82' lang='lat' dir='ltr'><strong>ovem</strong></span> <span class='ocrx_word' id='word_1_422' title='bbox 540 1628 664 1662; x_wconf 83' lang='lat' dir='ltr'><strong>haberet,</strong></span> <span class='ocrx_word' id='word_1_423' title='bbox 686 1636 786 1664; x_wconf 80' lang='lat' dir='ltr'><strong>agnum</strong></span> <span class='ocrx_word' id='word_1_424' title='bbox 808 1632 951 1662; x_wconf 88' lang='lat' dir='ltr'><strong>mactaret,</strong></span> 
     </span>
    </p>
   </div>
   <div class='ocr_carea' id='block_1_64' title="bbox 1039 1628 1786 1673">
    <p class='ocr_par' dir='ltr' id='par_1_64' title="bbox 1046 1634 1786 1673">
     <span class='ocr_line' id='line_1_64' title="bbox 1046 1634 1786 1673; baseline -0.007 -9"><span class='ocrx_word' id='word_1_425' title='bbox 1046 1638 1102 1664; x_wconf 86' lang='grc' dir='ltr'>τῶν</span> <span class='ocrx_word' id='word_1_426' title='bbox 1114 1638 1200 1672; x_wconf 83' lang='grc' dir='ltr'>αἰγῶν</span> <span class='ocrx_word' id='word_1_427' title='bbox 1223 1637 1333 1673; x_wconf 74' lang='grc' dir='ltr'>ιρίφους</span> <span class='ocrx_word' id='word_1_428' title='bbox 1345 1645 1353 1652; x_wconf 89' lang='grc'><strong>·</strong></span> <span class='ocrx_word' id='word_1_429' title='bbox 1366 1636 1415 1672; x_wconf 81' lang='grc' dir='ltr'>οὐχ</span> <span class='ocrx_word' id='word_1_430' title='bbox 1427 1637 1471 1663; x_wconf 83' lang='grc' dir='ltr'>ἵνα</span> <span class='ocrx_word' id='word_1_431' title='bbox 1485 1635 1556 1663; x_wconf 79' lang='grc' dir='ltr'>κατὰ</span> <span class='ocrx_word' id='word_1_432' title='bbox 1567 1634 1666 1662; x_wconf 86' lang='grc' dir='ltr'>ταυτδν</span> <span class='ocrx_word' id='word_1_433' title='bbox 1683 1634 1786 1660; x_wconf 69' lang='grc' dir='ltr'>ἐκεῖνον</span> 
     </span>
    </p>
   </div>
   <div class='ocr_carea' id='block_1_65' title="bbox 171 1674 951 1710">
    <p class='ocr_par' dir='ltr' id='par_1_65' title="bbox 171 1674 951 1710">
     <span class='ocr_line' id='line_1_65' title="bbox 171 1674 951 1710; baseline -0.001 -8"><span class='ocrx_word' id='word_1_434' title='bbox 171 1676 219 1710; x_wconf 91' lang='lat' dir='ltr'>qui</span> <span class='ocrx_word' id='word_1_435' title='bbox 232 1682 298 1702; x_wconf 91' lang='lat' dir='ltr'><strong>vero</strong></span> <span class='ocrx_word' id='word_1_436' title='bbox 316 1683 370 1702; x_wconf 90' lang='lat' dir='ltr'><strong>non</strong></span> <span class='ocrx_word' id='word_1_437' title='bbox 393 1675 516 1707; x_wconf 85' lang='lat' dir='ltr'><strong>haberet,</strong></span> <span class='ocrx_word' id='word_1_438' title='bbox 534 1674 652 1702; x_wconf 69' lang='lat' dir='ltr'><strong>haedum.</strong></span> <span class='ocrx_word' id='word_1_439' title='bbox 675 1674 724 1702; x_wconf 90' lang='lat' dir='ltr'>Die</span> <span class='ocrx_word' id='word_1_440' title='bbox 746 1674 853 1702; x_wconf 87' lang='lat' dir='ltr'><strong>decimo</strong></span> <span class='ocrx_word' id='word_1_441' title='bbox 870 1674 951 1709; x_wconf 88' lang='lat' dir='ltr'><strong>primi</strong></span> 
     </span>
    </p>
   </div>
   <div class='ocr_carea' id='block_1_66' title="bbox 171 1720 952 1756">
    <p class='ocr_par' dir='ltr' id='par_1_66' title="bbox 171 1720 952 1756">
     <span class='ocr_line' id='line_1_66' title="bbox 171 1720 952 1756; baseline 0 -9"><span class='ocrx_word' id='word_1_442' title='bbox 171 1721 273 1749; x_wconf 85' lang='lat' dir='ltr'><strong>mensis</strong></span> <span class='ocrx_word' id='word_1_443' title='bbox 298 1720 378 1755; x_wconf 88' lang='lat' dir='ltr'><strong>jubet</strong></span> <span class='ocrx_word' id='word_1_444' title='bbox 401 1721 505 1748; x_wconf 88' lang='lat' dir='ltr'><strong>hostias</strong></span> <span class='ocrx_word' id='word_1_445' title='bbox 528 1720 671 1748; x_wconf 87' lang='lat' dir='ltr'><strong>deaumere</strong></span> <span class='ocrx_word' id='word_1_446' title='bbox 696 1728 757 1755; x_wconf 66' lang='lat' dir='ltr'><strong>quae</strong></span> <span class='ocrx_word' id='word_1_447' title='bbox 787 1724 952 1756; x_wconf 84' lang='lat' dir='ltr'><strong>pararentur</strong></span> 
     </span>
    </p>
   </div>
   <div class='ocr_carea' id='block_1_67' title="bbox 169 1765 952 1801">
    <p class='ocr_par' dir='ltr' id='par_1_67' title="bbox 169 1765 952 1801">
     <span class='ocr_line' id='line_1_67' title="bbox 169 1765 952 1801; baseline 0.001 -9"><span class='ocrx_word' id='word_1_448' title='bbox 169 1770 234 1793; x_wconf 84' lang='lat' dir='ltr'><strong>ante</strong></span> <span class='ocrx_word' id='word_1_449' title='bbox 248 1765 360 1800; x_wconf 88' lang='lat' dir='ltr'><strong>l&#39;estum,</strong></span> <span class='ocrx_word' id='word_1_450' title='bbox 384 1770 412 1794; x_wconf 89' lang='lat' dir='ltr'>et</span> <span class='ocrx_word' id='word_1_451' title='bbox 428 1771 526 1801; x_wconf 89' lang='lat' dir='ltr'><strong>quarto</strong></span> <span class='ocrx_word' id='word_1_452' title='bbox 543 1766 650 1795; x_wconf 88' lang='lat' dir='ltr'><strong>decimo</strong></span> <span class='ocrx_word' id='word_1_453' title='bbox 671 1767 716 1794; x_wconf 87' lang='lat' dir='ltr'>die</span> <span class='ocrx_word' id='word_1_454' title='bbox 735 1766 788 1794; x_wconf 85' lang='lat' dir='ltr'><strong>sub</strong></span> <span class='ocrx_word' id='word_1_455' title='bbox 807 1773 952 1801; x_wconf 83' lang='lat' dir='ltr'><strong>vesperum</strong></span> 
     </span>
    </p>
   </div>
   <div class='ocr_carea' id='block_1_68' title="bbox 170 1812 954 1847">
    <p class='ocr_par' dir='ltr' id='par_1_68' title="bbox 170 1812 954 1847">
     <span class='ocr_line' id='line_1_68' title="bbox 170 1812 954 1847; baseline 0 -8"><span class='ocrx_word' id='word_1_456' title='bbox 170 1816 367 1845; x_wconf 86' lang='lat' dir='ltr'><strong>mactarentur,</strong></span> <span class='ocrx_word' id='word_1_457' title='bbox 387 1812 452 1847; x_wconf 85' lang='lat' dir='ltr'><strong>quia</strong></span> <span class='ocrx_word' id='word_1_458' title='bbox 479 1812 606 1841; x_wconf 84' lang='lat' dir='ltr'><strong>Christus</strong></span> <span class='ocrx_word' id='word_1_459' title='bbox 630 1820 744 1847; x_wconf 79' lang='lat' dir='ltr'><strong>vespere</strong></span> <span class='ocrx_word' id='word_1_460' title='bbox 767 1812 871 1840; x_wconf 66' lang='lat' dir='ltr'><strong>Judaeis</strong></span> <span class='ocrx_word' id='word_1_461' title='bbox 895 1817 954 1839; x_wconf 89' lang='lat' dir='ltr'>Ira-</span> 
     </span>
    </p>
   </div>
   <div class='ocr_carea' id='block_1_69' title="bbox 169 1858 955 1894">
    <p class='ocr_par' dir='ltr' id='par_1_69' title="bbox 169 1858 955 1894">
     <span class='ocr_line' id='line_1_69' title="bbox 169 1858 955 1894; baseline -0.001 -8"><span class='ocrx_word' id='word_1_462' title='bbox 169 1858 244 1886; x_wconf 87' lang='lat' dir='ltr'><strong>ditus</strong></span> <span class='ocrx_word' id='word_1_463' title='bbox 256 1862 314 1891; x_wconf 83' lang='lat' dir='ltr'><strong>est;</strong></span> <span class='ocrx_word' id='word_1_464' title='bbox 327 1865 389 1885; x_wconf 92' lang='lat' dir='ltr'>cum</span> <span class='ocrx_word' id='word_1_465' title='bbox 406 1858 582 1886; x_wconf 85' lang='lat' dir='ltr'><strong>silvestribus</strong></span> <span class='ocrx_word' id='word_1_466' title='bbox 598 1858 708 1894; x_wconf 85' lang='lat' dir='ltr'><strong>intybus</strong></span> <span class='ocrx_word' id='word_1_467' title='bbox 725 1858 844 1886; x_wconf 84' lang='lat' dir='ltr'><strong>hostiam</strong></span> <span class='ocrx_word' id='word_1_468' title='bbox 861 1865 955 1886; x_wconf 77' lang='lat' dir='ltr'><strong>come-</strong></span> 
     </span>
    </p>
   </div>
   <div class='ocr_carea' id='block_1_70' title="bbox 170 1904 953 1939">
    <p class='ocr_par' dir='ltr' id='par_1_70' title="bbox 170 1904 953 1939">
     <span class='ocr_line' id='line_1_70' title="bbox 170 1904 953 1939; baseline 0 -8"><span class='ocrx_word' id='word_1_469' title='bbox 170 1904 235 1931; x_wconf 87' lang='lat' dir='ltr'><strong>dere</strong></span> <span class='ocrx_word' id='word_1_470' title='bbox 256 1904 408 1936; x_wconf 86' lang='lat' dir='ltr'><strong>debebant,</strong></span> <span class='ocrx_word' id='word_1_471' title='bbox 433 1912 568 1932; x_wconf 85' lang='lat' dir='ltr'><strong>memores</strong></span> <span class='ocrx_word' id='word_1_472' title='bbox 588 1905 769 1932; x_wconf 70' lang='lat' dir='ltr'><strong>amarissima:</strong></span> <span class='ocrx_word' id='word_1_473' title='bbox 791 1905 818 1932; x_wconf 94' lang='lat' dir='ltr'><strong>in</strong></span> <span class='ocrx_word' id='word_1_474' title='bbox 834 1904 953 1939; x_wconf 63' lang='lat' dir='ltr'><strong>[Egypto</strong></span> 
     </span>
    </p>
   </div>
   <div class='ocr_carea' id='block_1_71' title="bbox 172 1950 954 1986">
    <p class='ocr_par' dir='ltr' id='par_1_71' title="bbox 172 1950 954 1986">
     <span class='ocr_line' id='line_1_71' title="bbox 172 1950 954 1986; baseline 0 -10"><span class='ocrx_word' id='word_1_475' title='bbox 172 1951 246 1978; x_wconf 72' lang='lat' dir='ltr'><strong>vitae.</strong></span> <span class='ocrx_word' id='word_1_476' title='bbox 262 1951 365 1985; x_wconf 83' lang='lat' dir='ltr'><strong>Azyina</strong></span> <span class='ocrx_word' id='word_1_477' title='bbox 383 1951 540 1986; x_wconf 80' lang='lat' dir='ltr'><strong>signiﬁcant</strong></span> <span class='ocrx_word' id='word_1_478' title='bbox 555 1958 609 1978; x_wconf 94' lang='lat' dir='ltr'>non</span> <span class='ocrx_word' id='word_1_479' title='bbox 623 1951 712 1978; x_wconf 90' lang='lat' dir='ltr'><strong>solum</strong></span> <span class='ocrx_word' id='word_1_480' title='bbox 729 1951 836 1978; x_wconf 85' lang='lat' dir='ltr'><strong>itineris</strong></span> <span class='ocrx_word' id='word_1_481' title='bbox 858 1950 954 1977; x_wconf 88' lang='lat' dir='ltr'><strong>celeri-</strong></span> 
     </span>
    </p>
   </div>
   <div class='ocr_carea' id='block_1_72' title="bbox 171 1997 953 2034">
    <p class='ocr_par' dir='ltr' id='par_1_72' title="bbox 171 1997 953 2034">
     <span class='ocr_line' id='line_1_72' title="bbox 171 1997 953 2034; baseline 0.003 -11"><span class='ocrx_word' id='word_1_482' title='bbox 171 2001 264 2030; x_wconf 81' lang='lat' dir='ltr'><strong>tatem,</strong></span> <span class='ocrx_word' id='word_1_483' title='bbox 280 2004 441 2032; x_wconf 69' lang='lat' dir='ltr'><strong>ct‘enamque</strong></span> <span class='ocrx_word' id='word_1_484' title='bbox 459 1999 649 2034; x_wconf 83' lang='lat' dir='ltr'><strong>improvisam,</strong></span> <span class='ocrx_word' id='word_1_485' title='bbox 669 1999 716 2027; x_wconf 84' lang='lat' dir='ltr'>sed</span> <span class='ocrx_word' id='word_1_486' title='bbox 734 1999 817 2026; x_wconf 89' lang='lat' dir='ltr'><strong>etiam</strong></span> <span class='ocrx_word' id='word_1_487' title='bbox 830 1997 953 2031; x_wconf 67' lang='lat' dir='ltr'><strong>Judaeoa,</strong></span> 
     </span>
    </p>
   </div>
   <div class='ocr_carea' id='block_1_73' title="bbox 172 2043 953 2079">
    <p class='ocr_par' dir='ltr' id='par_1_73' title="bbox 172 2043 953 2079">
     <span class='ocr_line' id='line_1_73' title="bbox 172 2043 953 2079; baseline 0.004 -11"><span class='ocrx_word' id='word_1_488' title='bbox 172 2049 202 2069; x_wconf 91' lang='lat' dir='ltr'>ut</span> <span class='ocrx_word' id='word_1_489' title='bbox 213 2051 261 2077; x_wconf 87' lang='lat' dir='ltr'>par</span> <span class='ocrx_word' id='word_1_490' title='bbox 275 2046 344 2075; x_wconf 88' lang='lat' dir='ltr'><strong>erat,</strong></span> <span class='ocrx_word' id='word_1_491' title='bbox 357 2043 424 2070; x_wconf 81' lang='lat' dir='ltr'><strong>nillil</strong></span> <span class='ocrx_word' id='word_1_492' title='bbox 436 2044 542 2079; x_wconf 79' lang='lat' dir='ltr'><strong>vestigii</strong></span> <span class='ocrx_word' id='word_1_493' title='bbox 553 2051 569 2072; x_wconf 79' lang='grc' dir='ltr'>ο</span> <span class='ocrx_word' id='word_1_494' title='bbox 579 2045 704 2073; x_wconf 87' lang='lat' dir='ltr'><strong>moribus</strong></span> <span class='ocrx_word' id='word_1_495' title='bbox 714 2043 850 2079; x_wconf 68' lang='lat' dir='ltr'><strong>Egyptiis</strong></span> <span class='ocrx_word' id='word_1_496' title='bbox 860 2051 953 2072; x_wconf 87' lang='lat' dir='ltr'><strong>secum</strong></span> 
     </span>
    </p>
   </div>
   <div class='ocr_carea' id='block_1_74' title="bbox 171 2089 952 2125">
    <p class='ocr_par' dir='ltr' id='par_1_74' title="bbox 171 2089 952 2125">
     <span class='ocr_line' id='line_1_74' title="bbox 171 2089 952 2125; baseline 0.004 -11"><span class='ocrx_word' id='word_1_497' title='bbox 171 2089 313 2115; x_wconf 86' lang='lat' dir='ltr'><strong>allaturos.</strong></span> <span class='ocrx_word' id='word_1_498' title='bbox 324 2089 370 2115; x_wconf 86' lang='lat' dir='ltr'>Sic</span> <span class='ocrx_word' id='word_1_499' title='bbox 383 2089 455 2116; x_wconf 91' lang='lat' dir='ltr'><strong>enim</strong></span> <span class='ocrx_word' id='word_1_500' title='bbox 468 2089 601 2117; x_wconf 87' lang='lat' dir='ltr'><strong>Dominus</strong></span> <span class='ocrx_word' id='word_1_501' title='bbox 620 2091 817 2125; x_wconf 87' lang='lat' dir='ltr'><strong>interpretatur</strong></span> <span class='ocrx_word' id='word_1_502' title='bbox 839 2089 933 2117; x_wconf 85' lang='lat' dir='ltr'><strong>dicens</strong></span> <span class='ocrx_word' id='word_1_503' title='bbox 945 2098 952 2117; x_wconf 93' lang='lat'>:</span> 
     </span>
    </p>
   </div>
   <div class='ocr_carea' id='block_1_75' title="bbox 173 2133 951 2171">
    <p class='ocr_par' dir='ltr' id='par_1_75' title="bbox 173 2133 951 2171">
     <span class='ocr_line' id='line_1_75' title="bbox 173 2133 951 2171; baseline 0.003 -11"><span class='ocrx_word' id='word_1_504' title='bbox 173 2143 184 2160; x_wconf 78' lang='grc' dir='ltr'>ι</span> <span class='ocrx_word' id='word_1_505' title='bbox 197 2133 295 2161; x_wconf 79' lang='lat' dir='ltr'><strong>Cavete</strong></span> <span class='ocrx_word' id='word_1_506' title='bbox 306 2141 322 2161; x_wconf 89' lang='lat' dir='ltr'>a</span> <span class='ocrx_word' id='word_1_507' title='bbox 335 2133 468 2162; x_wconf 80' lang='lat' dir='ltr'><strong>fermento</strong></span> <span class='ocrx_word' id='word_1_508' title='bbox 481 2135 633 2163; x_wconf 86' lang='lat' dir='ltr'><strong>scribarum</strong></span> <span class='ocrx_word' id='word_1_509' title='bbox 647 2140 674 2163; x_wconf 85' lang='lat' dir='ltr'>et</span> <span class='ocrx_word' id='word_1_510' title='bbox 693 2136 891 2171; x_wconf 69' lang='lat' dir='ltr'><strong>pharisaaorum</strong></span> <span class='ocrx_word' id='word_1_511' title='bbox 901 2137 951 2164; x_wconf 82' lang='grc'>⁸⁸.»</span> 
     </span>
    </p>
   </div>
   <div class='ocr_carea' id='block_1_76' title="bbox 171 2179 954 2217">
    <p class='ocr_par' dir='ltr' id='par_1_76' title="bbox 171 2179 954 2217">
     <span class='ocr_line' id='line_1_76' title="bbox 171 2179 954 2217; baseline 0.003 -10"><span class='ocrx_word' id='word_1_512' title='bbox 171 2179 312 2216; x_wconf 83' lang='lat' dir='ltr'><strong>Jussitque</strong></span> <span class='ocrx_word' id='word_1_513' title='bbox 327 2188 376 2208; x_wconf 84' lang='lat' dir='ltr'><strong>eos</strong></span> <span class='ocrx_word' id='word_1_514' title='bbox 391 2181 436 2216; x_wconf 86' lang='lat' dir='ltr'>qui</span> <span class='ocrx_word' id='word_1_515' title='bbox 460 2182 493 2209; x_wconf 91' lang='lat' dir='ltr'>ad</span> <span class='ocrx_word' id='word_1_516' title='bbox 516 2182 579 2217; x_wconf 73' lang='lat' dir='ltr'><strong>agni</strong></span> <span class='ocrx_word' id='word_1_517' title='bbox 596 2182 763 2209; x_wconf 76' lang='lat' dir='ltr'><strong>sacriﬁcium</strong></span> <span class='ocrx_word' id='word_1_518' title='bbox 792 2189 873 2217; x_wconf 87' lang='lat' dir='ltr'><strong>pares</strong></span> <span class='ocrx_word' id='word_1_519' title='bbox 898 2190 954 2209; x_wconf 90' lang='lat' dir='ltr'>non</span> 
     </span>
    </p>
   </div>
   <div class='ocr_carea' id='block_1_77' title="bbox 170 2227 954 2261">
    <p class='ocr_par' dir='ltr' id='par_1_77' title="bbox 170 2227 954 2261">
     <span class='ocr_line' id='line_1_77' title="bbox 170 2227 954 2261; baseline 0 -6"><span class='ocrx_word' id='word_1_520' title='bbox 170 2232 273 2261; x_wconf 70' lang='lat' dir='ltr'><strong>essent,</strong></span> <span class='ocrx_word' id='word_1_521' title='bbox 292 2227 396 2256; x_wconf 81' lang='lat' dir='ltr'><strong>vicinos</strong></span> <span class='ocrx_word' id='word_1_522' title='bbox 419 2227 471 2256; x_wconf 90' lang='lat' dir='ltr'><strong>sibi</strong></span> <span class='ocrx_word' id='word_1_523' title='bbox 494 2227 586 2256; x_wconf 84' lang='lat' dir='ltr'><strong>socios</strong></span> <span class='ocrx_word' id='word_1_524' title='bbox 606 2229 759 2260; x_wconf 78' lang='lat' dir='ltr'><strong>asciscere.</strong></span> <span class='ocrx_word' id='word_1_525' title='bbox 779 2232 808 2256; x_wconf 89' lang='lat' dir='ltr'><strong>et</strong></span> <span class='ocrx_word' id='word_1_526' title='bbox 824 2235 877 2255; x_wconf 88' lang='lat' dir='ltr'>una</span> <span class='ocrx_word' id='word_1_527' title='bbox 891 2236 954 2256; x_wconf 92' lang='lat' dir='ltr'>cum</span> 
     </span>
    </p>
   </div>
   <div class='ocr_carea' id='block_1_78' title="bbox 1002 1680 1787 1719">
    <p class='ocr_par' dir='ltr' id='par_1_78' title="bbox 1002 1680 1787 1719">
     <span class='ocr_line' id='line_1_78' title="bbox 1002 1680 1787 1719; baseline -0.006 -7"><span class='ocrx_word' id='word_1_528' title='bbox 1002 1684 1131 1717; x_wconf 86' lang='grc' dir='ltr'>θύσωσιν,</span> <span class='ocrx_word' id='word_1_529' title='bbox 1149 1683 1207 1711; x_wconf 76' lang='grc' dir='ltr'>ἀλλ’</span> <span class='ocrx_word' id='word_1_530' title='bbox 1223 1684 1267 1710; x_wconf 82' lang='grc' dir='ltr'>ίνα</span> <span class='ocrx_word' id='word_1_531' title='bbox 1288 1684 1303 1710; x_wconf 81' lang='grc' dir='ltr'><strong>ὸ</strong></span> <span class='ocrx_word' id='word_1_532' title='bbox 1323 1684 1373 1719; x_wconf 72' lang='grc' dir='ltr'>μὲν</span> <span class='ocrx_word' id='word_1_533' title='bbox 1388 1683 1533 1719; x_wconf 88' lang='grc' dir='ltr'>πρόϐατον,</span> <span class='ocrx_word' id='word_1_534' title='bbox 1553 1682 1601 1709; x_wconf 76' lang='grc' dir='ltr'>τὸν</span> <span class='ocrx_word' id='word_1_535' title='bbox 1614 1681 1714 1718; x_wconf 69' lang='grc' dir='ltr'>ἀρνόνο</span> <span class='ocrx_word' id='word_1_536' title='bbox 1729 1681 1743 1707; x_wconf 81' lang='grc' dir='ltr'>ὁ</span> <span class='ocrx_word' id='word_1_537' title='bbox 1758 1680 1787 1708; x_wconf 74' lang='grc' dir='ltr'>δὲ</span> 
     </span>
    </p>
   </div>
   <div class='ocr_carea' id='block_1_79' title="bbox 1003 1727 1787 1767">
    <p class='ocr_par' dir='ltr' id='par_1_79' title="bbox 1003 1727 1787 1767">
     <span class='ocr_line' id='line_1_79' title="bbox 1003 1727 1787 1767; baseline -0.006 -9"><span class='ocrx_word' id='word_1_538' title='bbox 1003 1731 1042 1767; x_wconf 83' lang='grc' dir='ltr'>μὴ</span> <span class='ocrx_word' id='word_1_539' title='bbox 1058 1731 1139 1766; x_wconf 75' lang='grc' dir='ltr'>ἔχων,</span> <span class='ocrx_word' id='word_1_540' title='bbox 1153 1731 1201 1758; x_wconf 86' lang='grc' dir='ltr'>τδν</span> <span class='ocrx_word' id='word_1_541' title='bbox 1214 1731 1308 1766; x_wconf 75' lang='grc' dir='ltr'>εριφον</span> <span class='ocrx_word' id='word_1_542' title='bbox 1318 1730 1387 1766; x_wconf 76' lang='grc' dir='ltr'>θύσῃ</span> <span class='ocrx_word' id='word_1_543' title='bbox 1399 1738 1406 1746; x_wconf 91' lang='grc'>·</span> <span class='ocrx_word' id='word_1_544' title='bbox 1421 1731 1454 1766; x_wconf 78' lang='grc' dir='ltr'>τῇ</span> <span class='ocrx_word' id='word_1_545' title='bbox 1467 1729 1568 1766; x_wconf 81' lang='grc' dir='ltr'>δεκάτῃ</span> <span class='ocrx_word' id='word_1_546' title='bbox 1577 1729 1606 1755; x_wconf 77' lang='grc' dir='ltr'>δὲ</span> <span class='ocrx_word' id='word_1_547' title='bbox 1615 1728 1663 1755; x_wconf 85' lang='grc' dir='ltr'>τοῦ</span> <span class='ocrx_word' id='word_1_548' title='bbox 1676 1727 1787 1763; x_wconf 84' lang='grc' dir='ltr'>πρώτου</span> 
     </span>
    </p>
   </div>
   <div class='ocr_carea' id='block_1_80' title="bbox 1004 1773 1787 1812">
    <p class='ocr_par' dir='ltr' id='par_1_80' title="bbox 1004 1773 1787 1812">
     <span class='ocr_line' id='line_1_80' title="bbox 1004 1773 1787 1812; baseline -0.004 -9"><span class='ocrx_word' id='word_1_549' title='bbox 1004 1776 1087 1812; x_wconf 85' lang='grc' dir='ltr'>μηνὸς</span> <span class='ocrx_word' id='word_1_550' title='bbox 1102 1776 1248 1812; x_wconf 81' lang='grc' dir='ltr'>παρεγγυᾷ</span> <span class='ocrx_word' id='word_1_551' title='bbox 1260 1776 1338 1802; x_wconf 86' lang='grc' dir='ltr'>τοῦτο</span> <span class='ocrx_word' id='word_1_552' title='bbox 1349 1775 1441 1802; x_wconf 89' lang='grc' dir='ltr'>λαϐεῖν</span> <span class='ocrx_word' id='word_1_553' title='bbox 1458 1775 1491 1802; x_wconf 76' lang='grc' dir='ltr'>ἵν’</span> <span class='ocrx_word' id='word_1_554' title='bbox 1508 1775 1656 1811; x_wconf 83' lang='grc' dir='ltr'>εύτρεπίσῃ</span> <span class='ocrx_word' id='word_1_555' title='bbox 1670 1774 1724 1810; x_wconf 74' lang='grc' dir='ltr'>πρὸ</span> <span class='ocrx_word' id='word_1_556' title='bbox 1737 1773 1787 1808; x_wconf 85' lang='grc' dir='ltr'>τῆς</span> 
     </span>
    </p>
   </div>
   <div class='ocr_carea' id='block_1_81' title="bbox 1003 1820 1790 1859">
    <p class='ocr_par' dir='ltr' id='par_1_81' title="bbox 1003 1820 1790 1859">
     <span class='ocr_line' id='line_1_81' title="bbox 1003 1820 1790 1859; baseline -0.005 -9"><span class='ocrx_word' id='word_1_557' title='bbox 1003 1823 1101 1859; x_wconf 82' lang='grc' dir='ltr'>ἑορτῆς</span> <span class='ocrx_word' id='word_1_558' title='bbox 1110 1831 1117 1838; x_wconf 94' lang='grc'><strong>·</strong></span> <span class='ocrx_word' id='word_1_559' title='bbox 1132 1825 1165 1859; x_wconf 84' lang='grc' dir='ltr'>τῇ</span> <span class='ocrx_word' id='word_1_560' title='bbox 1176 1823 1204 1850; x_wconf 82' lang='grc' dir='ltr'>δὲ</span> <span class='ocrx_word' id='word_1_561' title='bbox 1212 1822 1493 1858; x_wconf 80' lang='grc' dir='ltr'>τεσσαρεσκαιδεκάτῃ</span> <span class='ocrx_word' id='word_1_562' title='bbox 1504 1822 1618 1857; x_wconf 85' lang='grc' dir='ltr'>τυθῆναι</span> <span class='ocrx_word' id='word_1_563' title='bbox 1629 1820 1697 1856; x_wconf 79' lang='grc' dir='ltr'>πρὸς</span> <span class='ocrx_word' id='word_1_564' title='bbox 1708 1820 1790 1846; x_wconf 72' lang='grc' dir='ltr'>ἑσπέ-</span> 
     </span>
    </p>
   </div>
   <div class='ocr_carea' id='block_1_82' title="bbox 1006 1866 1788 1905">
    <p class='ocr_par' dir='ltr' id='par_1_82' title="bbox 1006 1866 1788 1905">
     <span class='ocr_line' id='line_1_82' title="bbox 1006 1866 1788 1905; baseline -0.006 -8"><span class='ocrx_word' id='word_1_565' title='bbox 1006 1878 1054 1905; x_wconf 92' lang='grc' dir='ltr'>ραν</span> <span class='ocrx_word' id='word_1_566' title='bbox 1064 1878 1070 1885; x_wconf 93' lang='grc'>·</span> <span class='ocrx_word' id='word_1_567' title='bbox 1086 1870 1127 1897; x_wconf 81' lang='grc' dir='ltr'>ὅτι</span> <span class='ocrx_word' id='word_1_568' title='bbox 1140 1869 1187 1896; x_wconf 74' lang='grc' dir='ltr'>καὶ</span> <span class='ocrx_word' id='word_1_569' title='bbox 1200 1869 1215 1896; x_wconf 83' lang='grc' dir='ltr'>ὀ</span> <span class='ocrx_word' id='word_1_570' title='bbox 1227 1870 1367 1903; x_wconf 81' lang='grc' dir='ltr'>Δεσπότης</span> <span class='ocrx_word' id='word_1_571' title='bbox 1378 1869 1426 1902; x_wconf 80' lang='grc' dir='ltr'>τὴν</span> <span class='ocrx_word' id='word_1_572' title='bbox 1440 1868 1560 1903; x_wconf 78' lang='grc' dir='ltr'>ἑσπέραν</span> <span class='ocrx_word' id='word_1_573' title='bbox 1573 1868 1629 1900; x_wconf 82' lang='grc' dir='ltr'>τοῖς</span> <span class='ocrx_word' id='word_1_574' title='bbox 1650 1866 1788 1897; x_wconf 80' lang='grc' dir='ltr'>Ἰουδαίοις</span> 
     </span>
    </p>
   </div>
   <div class='ocr_carea' id='block_1_83' title="bbox 1004 1912 1787 1951">
    <p class='ocr_par' dir='ltr' id='par_1_83' title="bbox 1004 1912 1787 1951">
     <span class='ocr_line' id='line_1_83' title="bbox 1004 1912 1787 1951; baseline -0.005 -10"><span class='ocrx_word' id='word_1_575' title='bbox 1004 1915 1160 1951; x_wconf 84' lang='grc' dir='ltr'>παρεδόθη·</span> <span class='ocrx_word' id='word_1_576' title='bbox 1182 1915 1251 1950; x_wconf 78' lang='grc' dir='ltr'>μετὰ</span> <span class='ocrx_word' id='word_1_577' title='bbox 1276 1915 1409 1949; x_wconf 77' lang='grc' dir='ltr'>πικρίδων</span> <span class='ocrx_word' id='word_1_578' title='bbox 1430 1915 1453 1941; x_wconf 89' lang='grc' dir='ltr'>δ’</span> <span class='ocrx_word' id='word_1_579' title='bbox 1480 1914 1547 1942; x_wconf 63' lang='lat' dir='ltr'>me</span> <span class='ocrx_word' id='word_1_580' title='bbox 1573 1912 1722 1949; x_wconf 80' lang='grc' dir='ltr'>βρωθῆναι,</span> <span class='ocrx_word' id='word_1_581' title='bbox 1748 1912 1787 1943; x_wconf 84' lang='grc' dir='ltr'>είς</span> 
     </span>
    </p>
   </div>
   <div class='ocr_carea' id='block_1_84' title="bbox 1004 1958 1788 1997">
    <p class='ocr_par' dir='ltr' id='par_1_84' title="bbox 1004 1958 1788 1997">
     <span class='ocr_line' id='line_1_84' title="bbox 1004 1958 1788 1997; baseline 0.005 -10"><span class='ocrx_word' id='word_1_582' title='bbox 1004 1961 1157 1995; x_wconf 80' lang='grc' dir='ltr'>ἀνάμνησιν</span> <span class='ocrx_word' id='word_1_583' title='bbox 1181 1961 1230 1997; x_wconf 84' lang='grc' dir='ltr'>τῆς</span> <span class='ocrx_word' id='word_1_584' title='bbox 1247 1963 1276 1988; x_wconf 78' lang='grc' dir='ltr'>ἐν</span> <span class='ocrx_word' id='word_1_585' title='bbox 1294 1961 1424 1996; x_wconf 73' lang='grc' dir='ltr'>Αἰγύπτῳ</span> <span class='ocrx_word' id='word_1_586' title='bbox 1451 1960 1617 1996; x_wconf 80' lang='grc' dir='ltr'>πικροτάτης</span> <span class='ocrx_word' id='word_1_587' title='bbox 1636 1959 1710 1993; x_wconf 76' lang='grc' dir='ltr'>ζωῆς</span> <span class='ocrx_word' id='word_1_588' title='bbox 1723 1968 1730 1974; x_wconf 93' lang='grc'><strong>”</strong></span> <span class='ocrx_word' id='word_1_589' title='bbox 1743 1958 1788 1984; x_wconf 60' lang='grc' dir='ltr'>διὰ</span> 
     </span>
    </p>
   </div>
   <div class='ocr_carea' id='block_1_85' title="bbox 1003 2002 1787 2041">
    <p class='ocr_par' dir='ltr' id='par_1_85' title="bbox 1003 2002 1787 2041">
     <span class='ocr_line' id='line_1_85' title="bbox 1003 2002 1787 2041; baseline -0.006 -10"><span class='ocrx_word' id='word_1_590' title='bbox 1003 2004 1032 2032; x_wconf 76' lang='grc' dir='ltr'>δὲ</span> <span class='ocrx_word' id='word_1_591' title='bbox 1043 2005 1097 2032; x_wconf 84' lang='grc' dir='ltr'>τῶν</span> <span class='ocrx_word' id='word_1_592' title='bbox 1109 2005 1221 2041; x_wconf 81' lang='grc' dir='ltr'>ἀζύμων</span> <span class='ocrx_word' id='word_1_593' title='bbox 1233 2006 1264 2032; x_wconf 89' lang='grc' dir='ltr'>ού</span> <span class='ocrx_word' id='word_1_594' title='bbox 1281 2006 1360 2041; x_wconf 87' lang='grc' dir='ltr'>μόνον</span> <span class='ocrx_word' id='word_1_595' title='bbox 1373 2006 1422 2040; x_wconf 84' lang='grc' dir='ltr'>τῆς</span> <span class='ocrx_word' id='word_1_596' title='bbox 1436 2003 1593 2039; x_wconf 76' lang='grc' dir='ltr'>ὁδοιπορίας</span> <span class='ocrx_word' id='word_1_597' title='bbox 1607 2002 1638 2029; x_wconf 80' lang='grc' dir='ltr'>τὸ</span> <span class='ocrx_word' id='word_1_598' title='bbox 1655 2003 1787 2036; x_wconf 84' lang='grc' dir='ltr'>σύντομον</span> 
     </span>
    </p>
   </div>
   <div class='ocr_carea' id='block_1_86' title="bbox 1004 2049 1788 2088">
    <p class='ocr_par' dir='ltr' id='par_1_86' title="bbox 1004 2049 1788 2088">
     <span class='ocr_line' id='line_1_86' title="bbox 1004 2049 1788 2088; baseline -0.008 -9"><span class='ocrx_word' id='word_1_599' title='bbox 1004 2053 1052 2079; x_wconf 78' lang='grc' dir='ltr'>καὶ</span> <span class='ocrx_word' id='word_1_600' title='bbox 1066 2052 1098 2079; x_wconf 78' lang='grc' dir='ltr'>τὸ</span> <span class='ocrx_word' id='word_1_601' title='bbox 1116 2052 1167 2087; x_wconf 82' lang='grc' dir='ltr'>τῆς</span> <span class='ocrx_word' id='word_1_602' title='bbox 1178 2052 1280 2088; x_wconf 84' lang='grc' dir='ltr'>τροφῆς</span> <span class='ocrx_word' id='word_1_603' title='bbox 1299 2051 1483 2086; x_wconf 79' lang='grc' dir='ltr'>αὐτοσχέδιον,</span> <span class='ocrx_word' id='word_1_604' title='bbox 1505 2050 1573 2077; x_wconf 82' lang='grc' dir='ltr'>ἀλλὰ</span> <span class='ocrx_word' id='word_1_605' title='bbox 1583 2049 1630 2076; x_wconf 74' lang='grc' dir='ltr'>καὶ</span> <span class='ocrx_word' id='word_1_606' title='bbox 1646 2049 1687 2075; x_wconf 76' lang='grc' dir='ltr'>ὅτι</span> <span class='ocrx_word' id='word_1_607' title='bbox 1703 2056 1788 2083; x_wconf 86' lang='grc' dir='ltr'>προσ-</span> 
     </span>
    </p>
   </div>
   <div class='ocr_carea' id='block_1_87' title="bbox 1003 2095 1790 2134">
    <p class='ocr_par' dir='ltr' id='par_1_87' title="bbox 1003 2095 1790 2134">
     <span class='ocr_line' id='line_1_87' title="bbox 1003 2095 1790 2134; baseline -0.006 -9"><span class='ocrx_word' id='word_1_608' title='bbox 1003 2099 1065 2134; x_wconf 80' lang='grc' dir='ltr'>ήκει</span> <span class='ocrx_word' id='word_1_609' title='bbox 1092 2098 1174 2134; x_wconf 78' lang='grc' dir='ltr'>μηδὲν</span> <span class='ocrx_word' id='word_1_610' title='bbox 1196 2098 1268 2133; x_wconf 77' lang='grc' dir='ltr'>ἴχνος</span> <span class='ocrx_word' id='word_1_611' title='bbox 1288 2098 1337 2132; x_wconf 82' lang='grc' dir='ltr'>τῆς</span> <span class='ocrx_word' id='word_1_612' title='bbox 1359 2096 1548 2132; x_wconf 76' lang='grc' dir='ltr'>Αίγυπτιακῆς</span> <span class='ocrx_word' id='word_1_613' title='bbox 1566 2095 1706 2127; x_wconf 84' lang='grc' dir='ltr'>πολιτείας</span> <span class='ocrx_word' id='word_1_614' title='bbox 1729 2097 1790 2121; x_wconf 79' lang='grc' dir='ltr'>επι-</span> 
     </span>
    </p>
   </div>
   <div class='ocr_carea' id='block_1_88' title="bbox 1004 2142 1790 2180">
    <p class='ocr_par' dir='ltr' id='par_1_88' title="bbox 1004 2142 1790 2180">
     <span class='ocr_line' id='line_1_88' title="bbox 1004 2142 1790 2180; baseline -0.006 -8"><span class='ocrx_word' id='word_1_615' title='bbox 1004 2145 1135 2180; x_wconf 85' lang='grc' dir='ltr'>φέρεσθαι</span> <span class='ocrx_word' id='word_1_616' title='bbox 1145 2153 1152 2160; x_wconf 89' lang='grc'><strong>·</strong></span> <span class='ocrx_word' id='word_1_617' title='bbox 1166 2143 1237 2171; x_wconf 80' lang='grc' dir='ltr'>οὕτω</span> <span class='ocrx_word' id='word_1_618' title='bbox 1249 2144 1304 2180; x_wconf 85' lang='grc' dir='ltr'>γὰρ</span> <span class='ocrx_word' id='word_1_619' title='bbox 1322 2144 1337 2170; x_wconf 81' lang='grc' dir='ltr'><strong><em>ὸ</em></strong></span> <span class='ocrx_word' id='word_1_620' title='bbox 1358 2143 1460 2179; x_wconf 78' lang='grc' dir='ltr'>Κύριος</span> <span class='ocrx_word' id='word_1_621' title='bbox 1474 2143 1629 2178; x_wconf 74' lang='grc' dir='ltr'>ἡρμήνευσε</span> <span class='ocrx_word' id='word_1_622' title='bbox 1642 2149 1649 2157; x_wconf 90' lang='grc'><strong>·</strong></span> <span class='ocrx_word' id='word_1_623' title='bbox 1671 2151 1680 2166; x_wconf 75' lang='grc' dir='ltr'>ι</span> <span class='ocrx_word' id='word_1_624' title='bbox 1700 2142 1790 2177; x_wconf 87' lang='grc' dir='ltr'>Προσ-</span> 
     </span>
    </p>
   </div>
   <div class='ocr_carea' id='block_1_89' title="bbox 1005 2187 1791 2225">
    <p class='ocr_par' dir='ltr' id='par_1_89' title="bbox 1005 2187 1791 2225">
     <span class='ocr_line' id='line_1_89' title="bbox 1005 2187 1791 2225; baseline -0.005 -8"><span class='ocrx_word' id='word_1_625' title='bbox 1005 2190 1095 2225; x_wconf 84' lang='grc' dir='ltr'>έχετε,</span> <span class='ocrx_word' id='word_1_626' title='bbox 1108 2190 1209 2224; x_wconf 82' lang='grc' dir='ltr'>λέγων,</span> <span class='ocrx_word' id='word_1_627' title='bbox 1226 2189 1280 2217; x_wconf 80' lang='grc' dir='ltr'>ἀπὸ</span> <span class='ocrx_word' id='word_1_628' title='bbox 1297 2190 1347 2225; x_wconf 87' lang='grc' dir='ltr'>τῆς</span> <span class='ocrx_word' id='word_1_629' title='bbox 1366 2188 1455 2225; x_wconf 78' lang='grc' dir='ltr'>ζύμης</span> <span class='ocrx_word' id='word_1_630' title='bbox 1471 2188 1526 2215; x_wconf 86' lang='grc' dir='ltr'>τῶν</span> <span class='ocrx_word' id='word_1_631' title='bbox 1540 2187 1730 2223; x_wconf 80' lang='grc' dir='ltr'>Γραμματέων</span> <span class='ocrx_word' id='word_1_632' title='bbox 1743 2188 1791 2214; x_wconf 79' lang='grc' dir='ltr'>καὶ</span> 
     </span>
    </p>
   </div>
   <div class='ocr_carea' id='block_1_90' title="bbox 1004 2233 1790 2272">
    <p class='ocr_par' dir='ltr' id='par_1_90' title="bbox 1004 2233 1790 2272">
     <span class='ocr_line' id='line_1_90' title="bbox 1004 2233 1790 2272; baseline -0.004 -10"><span class='ocrx_word' id='word_1_633' title='bbox 1004 2236 1159 2272; x_wconf 78' lang='grc' dir='ltr'>Φαρισαίων</span> <span class='ocrx_word' id='word_1_634' title='bbox 1169 2244 1177 2251; x_wconf 92' lang='grc'><strong>·</strong></span> <span class='ocrx_word' id='word_1_635' title='bbox 1198 2245 1207 2262; x_wconf 76' lang='grc' dir='ltr'>ι</span> <span class='ocrx_word' id='word_1_636' title='bbox 1225 2235 1352 2263; x_wconf 71' lang='grc' dir='ltr'>ἑκέλευσε</span> <span class='ocrx_word' id='word_1_637' title='bbox 1367 2235 1396 2262; x_wconf 76' lang='grc' dir='ltr'>δὲ</span> <span class='ocrx_word' id='word_1_638' title='bbox 1410 2235 1457 2262; x_wconf 79' lang='grc' dir='ltr'>καὶ</span> <span class='ocrx_word' id='word_1_639' title='bbox 1472 2234 1536 2266; x_wconf 86' lang='grc' dir='ltr'>τοὺς</span> <span class='ocrx_word' id='word_1_640' title='bbox 1552 2235 1590 2269; x_wconf 84' lang='grc' dir='ltr'>μὴ</span> <span class='ocrx_word' id='word_1_641' title='bbox 1610 2233 1790 2269; x_wconf 80' lang='grc' dir='ltr'>διαρκούντας</span> 
     </span>
    </p>
   </div>
   <div class='ocr_carea' id='block_1_91' title="bbox 171 2273 951 2329">
    <p class='ocr_par' dir='ltr' id='par_1_91' title="bbox 171 2273 951 2302">
     <span class='ocr_line' id='line_1_91' title="bbox 171 2273 951 2302; baseline 0.001 -1"><span class='ocrx_word' id='word_1_642' title='bbox 171 2274 211 2301; x_wconf 85' lang='lat' dir='ltr'><strong>eis</strong></span> <span class='ocrx_word' id='word_1_643' title='bbox 224 2273 358 2302; x_wconf 84' lang='lat' dir='ltr'><strong>Pascham</strong></span> <span class='ocrx_word' id='word_1_644' title='bbox 378 2274 529 2302; x_wconf 84' lang='lat' dir='ltr'><strong>immolare.</strong></span> <span class='ocrx_word' id='word_1_645' title='bbox 549 2273 596 2301; x_wconf 78' lang='lat' dir='ltr'><strong>Sic</strong></span> <span class='ocrx_word' id='word_1_646' title='bbox 612 2273 673 2301; x_wconf 91' lang='lat' dir='ltr'><strong>illos</strong></span> <span class='ocrx_word' id='word_1_647' title='bbox 696 2273 845 2302; x_wconf 77' lang='lat' dir='ltr'><strong>fraternam</strong></span> <span class='ocrx_word' id='word_1_648' title='bbox 860 2274 951 2302; x_wconf 85' lang='lat' dir='ltr'><strong>chari-</strong></span> 
     </span>
    </p>
   </div>
   <div class='ocr_carea' id='block_1_92' title="bbox 1039 2273 1789 2329">
    <p class='ocr_par' dir='ltr' id='par_1_92' title="bbox 1039 2275 1789 2317">
     <span class='ocr_line' id='line_1_92' title="bbox 1039 2275 1789 2317; baseline -0.004 -9"><span class='ocrx_word' id='word_1_649' title='bbox 1039 2275 1154 2310; x_wconf 74' lang='grc' dir='ltr'>ῖθυσίαν</span> <span class='ocrx_word' id='word_1_650' title='bbox 1170 2281 1307 2317; x_wconf 86' lang='grc' dir='ltr'>προϐάτου</span> <span class='ocrx_word' id='word_1_651' title='bbox 1332 2280 1502 2314; x_wconf 82' lang='grc' dir='ltr'>παραλαϐεῖν</span> <span class='ocrx_word' id='word_1_652' title='bbox 1520 2279 1584 2311; x_wconf 77' lang='grc' dir='ltr'>τοὺς</span> <span class='ocrx_word' id='word_1_653' title='bbox 1605 2279 1731 2313; x_wconf 76' lang='grc' dir='ltr'>γείτονας</span> <span class='ocrx_word' id='word_1_654' title='bbox 1745 2279 1789 2305; x_wconf 74' lang='grc' dir='ltr'>καὶ</span> 
     </span>
    </p>
   </div>
   <div class='ocr_carea' id='block_1_93' title="bbox 171 2319 950 2355">
    <p class='ocr_par' dir='ltr' id='par_1_93' title="bbox 171 2319 950 2355">
     <span class='ocr_line' id='line_1_93' title="bbox 171 2319 950 2355; baseline 0.001 -8"><span class='ocrx_word' id='word_1_655' title='bbox 171 2324 255 2348; x_wconf 85' lang='lat' dir='ltr'><strong>tatem</strong></span> <span class='ocrx_word' id='word_1_656' title='bbox 282 2319 373 2353; x_wconf 82' lang='lat' dir='ltr'><strong>docet,</strong></span> <span class='ocrx_word' id='word_1_657' title='bbox 401 2325 429 2348; x_wconf 89' lang='lat' dir='ltr'>et</span> <span class='ocrx_word' id='word_1_658' title='bbox 456 2320 485 2348; x_wconf 89' lang='lat' dir='ltr'><strong>in</strong></span> <span class='ocrx_word' id='word_1_659' title='bbox 510 2327 644 2355; x_wconf 82' lang='lat' dir='ltr'><strong>pauperes</strong></span> <span class='ocrx_word' id='word_1_660' title='bbox 672 2320 950 2348; x_wconf 86' lang='lat' dir='ltr'><strong>commiserationem.</strong></span> 
     </span>
    </p>
   </div>
   <div class='ocr_carea' id='block_1_94' title="bbox 172 2365 952 2402">
    <p class='ocr_par' dir='ltr' id='par_1_94' title="bbox 172 2365 952 2402">
     <span class='ocr_line' id='line_1_94' title="bbox 172 2365 952 2402; baseline -0.003 -8"><span class='ocrx_word' id='word_1_661' title='bbox 172 2366 274 2394; x_wconf 88' lang='lat' dir='ltr'><strong>Idcirco</strong></span> <span class='ocrx_word' id='word_1_662' title='bbox 292 2366 364 2402; x_wconf 81' lang='lat' dir='ltr'><strong>jussi</strong></span> <span class='ocrx_word' id='word_1_663' title='bbox 378 2365 490 2393; x_wconf 76' lang='lat' dir='ltr'><strong>fuerunt</strong></span> <span class='ocrx_word' id='word_1_664' title='bbox 503 2366 628 2393; x_wconf 84' lang='lat' dir='ltr'><strong>carnium</strong></span> <span class='ocrx_word' id='word_1_665' title='bbox 646 2365 855 2393; x_wconf 86' lang='lat' dir='ltr'><strong>redundantiam</strong></span> <span class='ocrx_word' id='word_1_666' title='bbox 877 2373 952 2393; x_wconf 89' lang='lat' dir='ltr'><strong>com-</strong></span> 
     </span>
    </p>
   </div>
   <div class='ocr_carea' id='block_1_95' title="bbox 172 2411 951 2446">
    <p class='ocr_par' dir='ltr' id='par_1_95' title="bbox 172 2411 951 2446">
     <span class='ocr_line' id='line_1_95' title="bbox 172 2411 951 2446; baseline 0 -8"><span class='ocrx_word' id='word_1_667' title='bbox 172 2412 280 2444; x_wconf 88' lang='lat' dir='ltr'><strong>burere,</strong></span> <span class='ocrx_word' id='word_1_668' title='bbox 305 2415 335 2439; x_wconf 92' lang='lat' dir='ltr'><strong>ut</strong></span> <span class='ocrx_word' id='word_1_669' title='bbox 357 2415 519 2446; x_wconf 74' lang='lat' dir='ltr'><strong>cogerentur</strong></span> <span class='ocrx_word' id='word_1_670' title='bbox 547 2411 643 2446; x_wconf 83' lang='lat' dir='ltr'><strong>inopes</strong></span> <span class='ocrx_word' id='word_1_671' title='bbox 668 2411 702 2438; x_wconf 88' lang='lat' dir='ltr'>ad</span> <span class='ocrx_word' id='word_1_672' title='bbox 727 2411 951 2439; x_wconf 88' lang='lat' dir='ltr'><strong>communionem</strong></span> 
     </span>
    </p>
   </div>
   <div class='ocr_carea' id='block_1_96' title="bbox 172 2459 311 2487">
    <p class='ocr_par' dir='ltr' id='par_1_96' title="bbox 172 2459 311 2487">
     <span class='ocr_line' id='line_1_96' title="bbox 172 2459 311 2487; baseline 0.007 -2"><span class='ocrx_word' id='word_1_673' title='bbox 172 2459 311 2487; x_wconf 80' lang='lat' dir='ltr'><strong>feriarum.</strong></span> 
     </span>
    </p>
   </div>
   <div class='ocr_carea' id='block_1_97' title="bbox 208 2558 955 2594">
    <p class='ocr_par' dir='ltr' id='par_1_97' title="bbox 208 2558 955 2594">
     <span class='ocr_line' id='line_1_97' title="bbox 208 2558 955 2594; baseline 0 -9"><span class='ocrx_word' id='word_1_674' title='bbox 208 2558 272 2585; x_wconf 55' lang='lat' dir='ltr'><strong>Ilaec</strong></span> <span class='ocrx_word' id='word_1_675' title='bbox 292 2561 384 2585; x_wconf 84' lang='lat' dir='ltr'><strong>omnia</strong></span> <span class='ocrx_word' id='word_1_676' title='bbox 401 2564 557 2586; x_wconf 82' lang='lat' dir='ltr'><strong>nostrorum</strong></span> <span class='ocrx_word' id='word_1_677' title='bbox 583 2562 648 2585; x_wconf 86' lang='lat' dir='ltr'><strong>sunt</strong></span> <span class='ocrx_word' id='word_1_678' title='bbox 666 2559 862 2594; x_wconf 86' lang='lat' dir='ltr'><strong>mysteriorum</strong></span> <span class='ocrx_word' id='word_1_679' title='bbox 888 2558 955 2586; x_wconf 73' lang='lat' dir='ltr'><strong>telli-</strong></span> 
     </span>
    </p>
   </div>
   <div class='ocr_carea' id='block_1_98' title="bbox 172 2604 954 2640">
    <p class='ocr_par' dir='ltr' id='par_1_98' title="bbox 172 2604 954 2640">
     <span class='ocr_line' id='line_1_98' title="bbox 172 2604 954 2640; baseline 0.001 -10"><span class='ocrx_word' id='word_1_680' title='bbox 172 2609 272 2639; x_wconf 78' lang='lat' dir='ltr'><strong>gmata.</strong></span> <span class='ocrx_word' id='word_1_681' title='bbox 289 2604 492 2632; x_wconf 85' lang='lat' dir='ltr'><strong>Linimusenim</strong></span> <span class='ocrx_word' id='word_1_682' title='bbox 505 2609 533 2632; x_wconf 91' lang='lat' dir='ltr'><strong>et</strong></span> <span class='ocrx_word' id='word_1_683' title='bbox 547 2611 595 2632; x_wconf 82' lang='lat' dir='ltr'><strong>nos</strong></span> <span class='ocrx_word' id='word_1_684' title='bbox 605 2611 704 2632; x_wconf 86' lang='lat' dir='ltr'><strong>cruore</strong></span> <span class='ocrx_word' id='word_1_685' title='bbox 717 2605 803 2631; x_wconf 85' lang='lat' dir='ltr'><strong>nostri</strong></span> <span class='ocrx_word' id='word_1_686' title='bbox 813 2604 882 2640; x_wconf 76' lang='lat' dir='ltr'><strong>Agni</strong></span> <span class='ocrx_word' id='word_1_687' title='bbox 900 2612 954 2632; x_wconf 91' lang='lat' dir='ltr'>non</span> 
     </span>
    </p>
   </div>
   <div class='ocr_carea' id='block_1_99' title="bbox 172 2649 954 2686">
    <p class='ocr_par' dir='ltr' id='par_1_99' title="bbox 172 2649 954 2686">
     <span class='ocr_line' id='line_1_99' title="bbox 172 2649 954 2686; baseline 0 -9"><span class='ocrx_word' id='word_1_688' title='bbox 172 2650 260 2678; x_wconf 79' lang='lat' dir='ltr'><strong>solum</strong></span> <span class='ocrx_word' id='word_1_689' title='bbox 281 2651 374 2684; x_wconf 85' lang='lat' dir='ltr'><strong>limen,</strong></span> <span class='ocrx_word' id='word_1_690' title='bbox 387 2650 434 2679; x_wconf 84' lang='lat' dir='ltr'>sed</span> <span class='ocrx_word' id='word_1_691' title='bbox 448 2651 530 2678; x_wconf 88' lang='lat' dir='ltr'><strong>etiam</strong></span> <span class='ocrx_word' id='word_1_692' title='bbox 546 2649 617 2678; x_wconf 83' lang='lat' dir='ltr'><strong>duos</strong></span> <span class='ocrx_word' id='word_1_693' title='bbox 631 2658 742 2686; x_wconf 88' lang='lat' dir='ltr'><strong>quoque</strong></span> <span class='ocrx_word' id='word_1_694' title='bbox 754 2655 866 2685; x_wconf 83' lang='lat' dir='ltr'><strong>postes;</strong></span> <span class='ocrx_word' id='word_1_695' title='bbox 882 2650 954 2686; x_wconf 75' lang='lat' dir='ltr'>ﬁgu-</span> 
     </span>
    </p>
   </div>
   <div class='ocr_carea' id='block_1_100' title="bbox 173 2695 953 2732">
    <p class='ocr_par' dir='ltr' id='par_1_100' title="bbox 173 2695 953 2732">
     <span class='ocr_line' id='line_1_100' title="bbox 173 2695 953 2732; baseline 0.001 -10"><span class='ocrx_word' id='word_1_696' title='bbox 173 2700 231 2723; x_wconf 85' lang='lat' dir='ltr'><strong>rate</strong></span> <span class='ocrx_word' id='word_1_697' title='bbox 244 2696 354 2730; x_wconf 79' lang='lat' dir='ltr'><strong>quidcm</strong></span> <span class='ocrx_word' id='word_1_698' title='bbox 369 2696 490 2732; x_wconf 74' lang='lat' dir='ltr'><strong>linguam</strong></span> <span class='ocrx_word' id='word_1_699' title='bbox 503 2700 530 2724; x_wconf 88' lang='lat' dir='ltr'><strong>et</strong></span> <span class='ocrx_word' id='word_1_700' title='bbox 548 2696 623 2724; x_wconf 87' lang='lat' dir='ltr'><strong>labra</strong></span> <span class='ocrx_word' id='word_1_701' title='bbox 638 2696 801 2723; x_wconf 76' lang='lat' dir='ltr'><strong>inundantes</strong></span> <span class='ocrx_word' id='word_1_702' title='bbox 816 2699 845 2722; x_wconf 87' lang='lat' dir='ltr'>et</span> <span class='ocrx_word' id='word_1_703' title='bbox 855 2695 953 2723; x_wconf 75' lang='lat' dir='ltr'><strong>sancti~</strong></span> 
     </span>
    </p>
   </div>
   <div class='ocr_carea' id='block_1_101' title="bbox 207 2784 992 2819">
    <p class='ocr_par' dir='ltr' id='par_1_101' title="bbox 207 2784 992 2819">
     <span class='ocr_line' id='line_1_101' title="bbox 207 2784 992 2819; baseline 0 -7"><span class='ocrx_word' id='word_1_704' title='bbox 207 2785 230 2801; x_wconf 83' lang='lat'><strong>&quot;</strong></span> <span class='ocrx_word' id='word_1_705' title='bbox 248 2784 334 2813; x_wconf 75' lang='lat' dir='ltr'><strong>Exod.</strong></span> <span class='ocrx_word' id='word_1_706' title='bbox 360 2794 409 2819; x_wconf 81' lang='lat' dir='ltr'>xu,</span> <span class='ocrx_word' id='word_1_707' title='bbox 431 2787 474 2814; x_wconf 78' lang='grc'>51.</span> <span class='ocrx_word' id='word_1_708' title='bbox 514 2787 537 2803; x_wconf 78' lang='grc'>⁸⁸</span> <span class='ocrx_word' id='word_1_709' title='bbox 558 2786 623 2814; x_wconf 88' lang='lat' dir='ltr'><strong>ibid.</strong></span> <span class='ocrx_word' id='word_1_710' title='bbox 645 2786 687 2813; x_wconf 83' lang='grc' dir='ltr'>ίί.</span> <span class='ocrx_word' id='word_1_711' title='bbox 726 2784 749 2800; x_wconf 78' lang='grc'>⁵⁸</span> <span class='ocrx_word' id='word_1_712' title='bbox 762 2786 858 2813; x_wconf 81' lang='lat' dir='ltr'><strong>Matth.</strong></span> <span class='ocrx_word' id='word_1_713' title='bbox 878 2786 992 2816; x_wconf 69' lang='lat'>“1.14.</span> 
     </span>
    </p>
   </div>
   <div class='ocr_carea' id='block_1_102' title="bbox 1005 2325 1790 2361">
    <p class='ocr_par' dir='ltr' id='par_1_102' title="bbox 1005 2325 1790 2361">
     <span class='ocr_line' id='line_1_102' title="bbox 1005 2325 1790 2361; baseline -0.004 -7"><span class='ocrx_word' id='word_1_714' title='bbox 1005 2328 1076 2354; x_wconf 84' lang='grc' dir='ltr'>κατὰ</span> <span class='ocrx_word' id='word_1_715' title='bbox 1099 2327 1197 2355; x_wconf 81' lang='grc' dir='ltr'>ταυτὸν</span> <span class='ocrx_word' id='word_1_716' title='bbox 1221 2327 1302 2354; x_wconf 85' lang='grc' dir='ltr'>θῦσαι</span> <span class='ocrx_word' id='word_1_717' title='bbox 1322 2327 1353 2353; x_wconf 85' lang='grc' dir='ltr'>τὸ</span> <span class='ocrx_word' id='word_1_718' title='bbox 1367 2327 1474 2361; x_wconf 84' lang='grc' dir='ltr'>Πάσχα,</span> <span class='ocrx_word' id='word_1_719' title='bbox 1493 2325 1669 2360; x_wconf 81' lang='grc' dir='ltr'>φιλαδελφίαν</span> <span class='ocrx_word' id='word_1_720' title='bbox 1691 2325 1790 2355; x_wconf 71' lang='grc' dir='ltr'>αὐτοὺς</span> 
     </span>
    </p>
   </div>
   <div class='ocr_carea' id='block_1_103' title="bbox 1005 2370 1789 2406">
    <p class='ocr_par' dir='ltr' id='par_1_103' title="bbox 1005 2370 1789 2406">
     <span class='ocr_line' id='line_1_103' title="bbox 1005 2370 1789 2406; baseline -0.009 -3"><span class='ocrx_word' id='word_1_721' title='bbox 1005 2375 1173 2403; x_wconf 79' lang='grc' dir='ltr'>ὲκπαιδεύων</span> <span class='ocrx_word' id='word_1_722' title='bbox 1202 2373 1250 2400; x_wconf 75' lang='grc' dir='ltr'>καὶ</span> <span class='ocrx_word' id='word_1_723' title='bbox 1272 2373 1317 2400; x_wconf 78' lang='grc' dir='ltr'>τὸν</span> <span class='ocrx_word' id='word_1_724' title='bbox 1346 2373 1386 2404; x_wconf 89' lang='grc' dir='ltr'>είς</span> <span class='ocrx_word' id='word_1_725' title='bbox 1408 2372 1473 2404; x_wconf 85' lang='grc' dir='ltr'>τοὺς</span> <span class='ocrx_word' id='word_1_726' title='bbox 1494 2372 1613 2406; x_wconf 74' lang='grc' dir='ltr'>πένητας</span> <span class='ocrx_word' id='word_1_727' title='bbox 1634 2370 1729 2397; x_wconf 68' lang='grc' dir='ltr'>ἔλεον·</span> <span class='ocrx_word' id='word_1_728' title='bbox 1746 2370 1789 2397; x_wconf 81' lang='grc' dir='ltr'>διὰ</span> 
     </span>
    </p>
   </div>
   <div class='ocr_carea' id='block_1_104' title="bbox 1004 2417 1789 2457">
    <p class='ocr_par' dir='ltr' id='par_1_104' title="bbox 1004 2417 1789 2457">
     <span class='ocr_line' id='line_1_104' title="bbox 1004 2417 1789 2457; baseline -0.009 -8"><span class='ocrx_word' id='word_1_729' title='bbox 1004 2421 1084 2449; x_wconf 80' lang='grc' dir='ltr'>τοῦτο</span> <span class='ocrx_word' id='word_1_730' title='bbox 1095 2420 1312 2457; x_wconf 84' lang='grc' dir='ltr'>παρακελεύεται</span> <span class='ocrx_word' id='word_1_731' title='bbox 1324 2419 1371 2446; x_wconf 72' lang='grc' dir='ltr'>καὶ</span> <span class='ocrx_word' id='word_1_732' title='bbox 1382 2418 1417 2445; x_wconf 82' lang='grc' dir='ltr'>τὰ</span> <span class='ocrx_word' id='word_1_733' title='bbox 1428 2418 1622 2454; x_wconf 84' lang='grc' dir='ltr'>περιττεύοντα</span> <span class='ocrx_word' id='word_1_734' title='bbox 1634 2417 1687 2443; x_wconf 86' lang='grc' dir='ltr'>τῶν</span> <span class='ocrx_word' id='word_1_735' title='bbox 1700 2417 1789 2452; x_wconf 80' lang='grc' dir='ltr'>κρεῶν</span> 
     </span>
    </p>
   </div>
   <div class='ocr_carea' id='block_1_105' title="bbox 1005 2463 1789 2500">
    <p class='ocr_par' dir='ltr' id='par_1_105' title="bbox 1005 2463 1789 2500">
     <span class='ocr_line' id='line_1_105' title="bbox 1005 2463 1789 2500; baseline -0.006 -6"><span class='ocrx_word' id='word_1_736' title='bbox 1005 2466 1211 2499; x_wconf 78' lang='grc' dir='ltr'>κατακαίεσθαι,</span> <span class='ocrx_word' id='word_1_737' title='bbox 1235 2466 1321 2500; x_wconf 82' lang='grc' dir='ltr'>ταύτῃ</span> <span class='ocrx_word' id='word_1_738' title='bbox 1342 2463 1559 2498; x_wconf 78' lang='grc' dir='ltr'>καταναγκάξων</span> <span class='ocrx_word' id='word_1_739' title='bbox 1573 2463 1674 2494; x_wconf 80' lang='grc' dir='ltr'>αὐτοὺς</span> <span class='ocrx_word' id='word_1_740' title='bbox 1696 2463 1789 2490; x_wconf 81' lang='grc' dir='ltr'>καλεῖν</span> 
     </span>
    </p>
   </div>
   <div class='ocr_carea' id='block_1_106' title="bbox 1003 2510 1621 2548">
    <p class='ocr_par' dir='ltr' id='par_1_106' title="bbox 1003 2510 1621 2548">
     <span class='ocr_line' id='line_1_106' title="bbox 1003 2510 1621 2548; baseline -0.006 -7"><span class='ocrx_word' id='word_1_741' title='bbox 1003 2514 1066 2546; x_wconf 82' lang='grc' dir='ltr'>τοὺς</span> <span class='ocrx_word' id='word_1_742' title='bbox 1086 2513 1228 2548; x_wconf 84' lang='grc' dir='ltr'>δεομένους</span> <span class='ocrx_word' id='word_1_743' title='bbox 1241 2512 1281 2544; x_wconf 85' lang='grc' dir='ltr'>είς</span> <span class='ocrx_word' id='word_1_744' title='bbox 1295 2512 1437 2538; x_wconf 84' lang='grc' dir='ltr'>κοινωνίαν</span> <span class='ocrx_word' id='word_1_745' title='bbox 1447 2511 1497 2546; x_wconf 77' lang='grc' dir='ltr'>τῆς</span> <span class='ocrx_word' id='word_1_746' title='bbox 1513 2510 1621 2546; x_wconf 78' lang='grc' dir='ltr'>ἑορτῆς.</span> 
     </span>
    </p>
   </div>
   <div class='ocr_carea' id='block_1_107' title="bbox 1038 2555 1789 2592">
    <p class='ocr_par' dir='ltr' id='par_1_107' title="bbox 1038 2555 1789 2592">
     <span class='ocr_line' id='line_1_107' title="bbox 1038 2555 1789 2592; baseline -0.007 -6"><span class='ocrx_word' id='word_1_747' title='bbox 1038 2558 1132 2586; x_wconf 83' lang='grc' dir='ltr'>Ταῦτα</span> <span class='ocrx_word' id='word_1_748' title='bbox 1154 2558 1183 2585; x_wconf 71' lang='grc' dir='ltr'>δὲ</span> <span class='ocrx_word' id='word_1_749' title='bbox 1208 2558 1297 2584; x_wconf 80' lang='grc' dir='ltr'>πάντα</span> <span class='ocrx_word' id='word_1_750' title='bbox 1318 2557 1372 2583; x_wconf 85' lang='grc' dir='ltr'>τῶν</span> <span class='ocrx_word' id='word_1_751' title='bbox 1394 2556 1535 2592; x_wconf 82' lang='grc' dir='ltr'>ἡμετέρων</span> <span class='ocrx_word' id='word_1_752' title='bbox 1553 2555 1613 2583; x_wconf 68' lang='grc' dir='ltr'>ἐστὶ</span> <span class='ocrx_word' id='word_1_753' title='bbox 1630 2563 1789 2591; x_wconf 83' lang='grc' dir='ltr'>μυστηριων</span> 
     </span>
    </p>
   </div>
   <div class='ocr_carea' id='block_1_108' title="bbox 1003 2599 1787 2639">
    <p class='ocr_par' dir='ltr' id='par_1_108' title="bbox 1003 2599 1787 2639">
     <span class='ocr_line' id='line_1_108' title="bbox 1003 2599 1787 2639; baseline -0.005 -8"><span class='ocrx_word' id='word_1_754' title='bbox 1003 2604 1154 2638; x_wconf 78' lang='grc' dir='ltr'>αἰνίγματα</span> <span class='ocrx_word' id='word_1_755' title='bbox 1166 2611 1173 2619; x_wconf 90' lang='grc'><strong>·</strong></span> <span class='ocrx_word' id='word_1_756' title='bbox 1192 2603 1305 2639; x_wconf 83' lang='grc' dir='ltr'>χρίομεν</span> <span class='ocrx_word' id='word_1_757' title='bbox 1318 2602 1373 2638; x_wconf 81' lang='grc' dir='ltr'>γὰρ</span> <span class='ocrx_word' id='word_1_758' title='bbox 1397 2603 1446 2629; x_wconf 80' lang='grc' dir='ltr'>καὶ</span> <span class='ocrx_word' id='word_1_759' title='bbox 1460 2602 1540 2637; x_wconf 79' lang='grc' dir='ltr'>ἡμεῖς</span> <span class='ocrx_word' id='word_1_760' title='bbox 1558 2601 1597 2636; x_wconf 80' lang='grc' dir='ltr'>τῷ</span> <span class='ocrx_word' id='word_1_761' title='bbox 1616 2601 1715 2636; x_wconf 80' lang='grc' dir='ltr'>αῐματι</span> <span class='ocrx_word' id='word_1_762' title='bbox 1740 2599 1787 2627; x_wconf 80' lang='grc' dir='ltr'>τοῦ</span> 
     </span>
    </p>
   </div>
   <div class='ocr_carea' id='block_1_109' title="bbox 1003 2647 1788 2685">
    <p class='ocr_par' dir='ltr' id='par_1_109' title="bbox 1003 2647 1788 2685">
     <span class='ocr_line' id='line_1_109' title="bbox 1003 2647 1788 2685; baseline -0.004 -9"><span class='ocrx_word' id='word_1_763' title='bbox 1003 2650 1138 2685; x_wconf 82' lang='grc' dir='ltr'>ἡμετέρου</span> <span class='ocrx_word' id='word_1_764' title='bbox 1165 2649 1269 2684; x_wconf 83' lang='grc' dir='ltr'>Ἀμνοῡ</span> <span class='ocrx_word' id='word_1_765' title='bbox 1283 2649 1314 2676; x_wconf 85' lang='grc' dir='ltr'>οὑ</span> <span class='ocrx_word' id='word_1_766' title='bbox 1326 2648 1405 2684; x_wconf 83' lang='grc' dir='ltr'>μόνον</span> <span class='ocrx_word' id='word_1_767' title='bbox 1419 2647 1469 2683; x_wconf 87' lang='grc' dir='ltr'>τὴν</span> <span class='ocrx_word' id='word_1_768' title='bbox 1486 2647 1568 2682; x_wconf 76' lang='grc' dir='ltr'>φλιὰν</span> <span class='ocrx_word' id='word_1_769' title='bbox 1583 2647 1651 2674; x_wconf 76' lang='grc' dir='ltr'>ἀλλὰ</span> <span class='ocrx_word' id='word_1_770' title='bbox 1663 2648 1710 2674; x_wconf 74' lang='grc' dir='ltr'>καὶ</span> <span class='ocrx_word' id='word_1_771' title='bbox 1724 2647 1788 2678; x_wconf 80' lang='grc' dir='ltr'>τοὺς</span> 
     </span>
    </p>
   </div>
   <div class='ocr_carea' id='block_1_110' title="bbox 1002 2693 1788 2732">
    <p class='ocr_par' dir='ltr' id='par_1_110' title="bbox 1002 2693 1788 2732">
     <span class='ocr_line' id='line_1_110' title="bbox 1002 2693 1788 2732; baseline -0.004 -9"><span class='ocrx_word' id='word_1_772' title='bbox 1002 2696 1050 2723; x_wconf 87' lang='grc' dir='ltr'>δύο</span> <span class='ocrx_word' id='word_1_773' title='bbox 1069 2695 1215 2732; x_wconf 79' lang='grc' dir='ltr'>σταθμοὺς,</span> <span class='ocrx_word' id='word_1_774' title='bbox 1238 2695 1311 2724; x_wconf 79' lang='grc' dir='ltr'>κατὰ</span> <span class='ocrx_word' id='word_1_775' title='bbox 1329 2695 1379 2731; x_wconf 66' lang='grc' dir='ltr'>μιν</span> <span class='ocrx_word' id='word_1_776' title='bbox 1391 2694 1422 2722; x_wconf 84' lang='grc' dir='ltr'>τὸ</span> <span class='ocrx_word' id='word_1_777' title='bbox 1436 2693 1573 2730; x_wconf 69' lang='grc' dir='ltr'>ὁρώμενον</span> <span class='ocrx_word' id='word_1_778' title='bbox 1595 2693 1645 2730; x_wconf 81' lang='grc' dir='ltr'>τὴν</span> <span class='ocrx_word' id='word_1_779' title='bbox 1664 2693 1788 2729; x_wconf 79' lang='grc' dir='ltr'>γλῶτταν</span> 
     </span>
    </p>
   </div>
   <div class='ocr_carea' id='block_1_111' title="bbox 930 2832 1042 2860">
    <p class='ocr_par' dir='ltr' id='par_1_111' title="bbox 930 2832 1042 2860">
     <span class='ocr_line' id='line_1_111' title="bbox 930 2832 1042 2860; baseline 0.009 -1"><span class='ocrx_word' id='word_1_780' title='bbox 930 2832 1042 2860; x_wconf 71' lang='grc' dir='ltr'>ΝΟΤΛΕ.</span> 
     </span>
    </p>
   </div>
   <div class='ocr_carea' id='block_1_112' title="bbox 212 2878 857 2915">
    <p class='ocr_par' dir='ltr' id='par_1_112' title="bbox 212 2878 857 2915">
     <span class='ocr_line' id='line_1_112' title="bbox 212 2878 857 2915; baseline 0.002 -9"><span class='ocrx_word' id='word_1_781' title='bbox 212 2879 264 2914; x_wconf 66' lang='grc' dir='ltr'>(δι)</span> <span class='ocrx_word' id='word_1_782' title='bbox 277 2879 323 2906; x_wconf 48' lang='lat' dir='ltr'>uti</span> <span class='ocrx_word' id='word_1_783' title='bbox 335 2879 498 2908; x_wconf 75' lang='lat' dir='ltr'><strong>Theodoreti</strong></span> <span class='ocrx_word' id='word_1_784' title='bbox 513 2888 541 2914; x_wconf 89' lang='lat' dir='ltr'><strong>q.</strong></span> <span class='ocrx_word' id='word_1_785' title='bbox 555 2879 590 2907; x_wconf 71' lang='lat' dir='ltr'><strong>et</strong></span> <span class='ocrx_word' id='word_1_786' title='bbox 607 2879 632 2906; x_wconf 96' lang='lat' dir='ltr'>in</span> <span class='ocrx_word' id='word_1_787' title='bbox 646 2878 744 2911; x_wconf 76' lang='lat' dir='ltr'>Exod.,</span> <span class='ocrx_word' id='word_1_788' title='bbox 759 2887 785 2915; x_wconf 86' lang='lat' dir='ltr'>p.</span> <span class='ocrx_word' id='word_1_789' title='bbox 799 2879 857 2907; x_wconf 65' lang='lat' dir='ltr'><strong>esse</strong></span> 
     </span>
    </p>
   </div>
  </div>
