1874 3070
84 169 156 200 1085

558 166 608 196 ΑΙ)
626 165 923 196 AMPHILOCHIUM
939 165 1111 202 QUIESTlO
1127 167 1271 199 CCLXIV.

83 225 133 252 καὶ
146 223 182 250 τὰ
197 223 276 259 χείλη
296 221 473 258 καθαίροντες
489 230 519 248 τε
545 221 591 248 καὶ
619 221 791 255 ἀγιάζοντες·
808 221 879 248 κατὰ
893 225 915 252 Α
932 221 1055 256 iicantcs,
1070 230 1077 250 ι

971 226 1055 256 antcs,
1070 230 1165 250 revera
1185 229 1277 251 autem
1294 231 1345 260 pro
1364 223 1459 252 limine
1472 224 1651 256 intellectum,
1667 233 1717 259 pro

85 273 114 299 δὲ
125 271 158 298 τὸ
175 271 319 305 νοούμενον
335 270 396 296 ἀντὶ
412 269 492 303 φλιᾶς
508 268 539 295 τὸ
557 268 682 302 λογικόν·
700 268 760 294 ἀντὶ
785 267 813 294 δὲ
824 268 881 294 τῶν

86 317 135 344 δύο
145 316 285 352 σταθμῶν,
296 315 327 342 τὸ
341 314 483 350 θυμοειδὲς
494 314 539 341 καῖ
553 313 766 349 ἐπιθυμητικόν
779 313 881 348 ἁρμότ‹

83 372 126 389 τει
142 363 170 389 δὲ
181 364 249 397 ἡμῖν
264 360 313 387 καὶ
327 360 357 387 τὸ
370 360 439 395 μήτε
450 359 526 394 ὠμὰ,
536 359 605 395 μήτε
620 357 755 394 ἐφημένα,
769 357 879 390 ἐσθίειν,

83 409 144 436 ἀλλ’
162 409 232 435 ὀπτὰ
245 407 330 442 πυρί·
345 406 407 433 οὕτε
422 406 476 441 γὰρ
493 405 567 441 μόνῳ
580 403 619 440 τῷ
632 405 736 440 όμματι
747 403 881 439 προσϐλέ-

85 463 188 489 πομεν.
206 452 274 480 ἀλλὰ
292 451 342 487 τὴν
356 451 477 478 διάνοιαν
494 450 662 485 ἐρευνῶμεν,
677 449 739 476 οὔτε
758 449 811 485 μὴν
831 448 880 475 ἀν·

86 500 242 536 θρωπίνους
254 499 402 533 Λογισμοὺς
417 498 475 528 τοῖς
487 496 570 528 θείοις
583 495 766 530 ὲπεισάγομεν
777 495 879 529 λόγοις

85 547 166 573 τοῦτο
180 546 235 582 γὰρ
251 545 298 572 καὶ
317 543 433 574 Ἡσαΐας
447 542 529 569 τινῶν
542 542 745 577 κατηγόρησεν,
763 541 799 572 ὡς
814 542 880 567 ἀνα-

88 592 243 628 μιγνύντων
264 591 341 617 ὕδατι
355 590 401 617 τὸν
421 586 492 616 οἶνον
502 595 509 603 ·
524 587 593 615 ἀλλὰ
607 588 680 624 μόνῳ
696 587 827 624 χρώμεθα
841 585 881 622 τῷ

87 639 154 672 θείῳ
173 637 252 671 πυρὶ,
266 638 299 672 τῇ
318 636 364 663 τοῦ
385 635 520 669 παναγίου
544 633 703 669 Πνεύματος
718 634 810 669 χάριτι
823 641 829 646 ·
850 632 880 658 τὸ

86 683 115 710 δὲ
129 684 169 719 μὴ
183 683 344 710 καταλιπεῖν
357 681 412 708 τῶν
426 681 516 716 κρεῶν
530 680 570 712 εἰς
582 679 630 714 τὴν
642 679 799 714 ὑστεραίαν,
808 677 881 704 οὕτω

87 729 205 764 νοοῦμεν
214 737 222 745 ⁸
240 729 281 755 ὅτι
293 729 308 755 ό
319 727 424 764 μέλλων
440 726 497 762 βίος
507 725 561 752 τῶν
577 725 720 760 συμϐόλων
735 724 766 751 οὑ
777 724 863 751 δεῖται
871 731 879 739 '

87 775 160 802 αὐτὰ
180 775 234 810 γὰρ
260 773 369 809 ὁρῶμεν
392 775 422 800 ἐν
439 772 536 807 ἐκείνῳ
554 771 593 806 τῷ
613 770 777 807 πράγματιο
801 770 835 797 τὰ
851 769 880 796 δὲ

88 821 159 848 ὀστᾶ
175 820 223 847 τοῦ
243 819 380 856 προϐάτου
405 817 594 853 συντρίϐουσιν
615 817 640 843 ot
657 815 751 848 κακῶς
766 815 801 842 τὰ
821 817 881 842 θεῖα

88 865 217 896 νοοῦντες
235 865 321 898 Λόγια
337 863 385 890 καὶ
397 863 435 895 είς
450 861 499 898 τὴν
512 861 615 888 οἰκείαν
629 860 699 888 αὺτά
714 859 880 897 πειρώμενοι

90 911 258 947 μεταφέρειν
273 910 401 937 ἀσέϐειαν
411 917 418 925 ·
436 908 468 935 τὸ
485 908 514 935 δὲ
535 908 574 944 μὴ
589 907 669 944 μόνον
689 909 722 934 ὲκ
735 907 881 942 προϐάτων

89 957 161 984 ἀλλὰ
173 957 222 983 καὶ
238 956 268 989 ἐξ
281 955 383 992 ἐρίφων
397 956 558 991 λαμϐάνειν,
571 956 621 991 τὴν
637 956 712 982 θείαν
729 955 812 982 πάλιν
827 963 880 990 κη-

91 1001 186 1037 ρύττει
199 1001 423 1037 φιλανθρωπίαν·
440 1002 472 1029 οὺ
488 1004 542 1038 γάρ
560 1001 640 1037 μόνον
655 1002 724 1036 ὑπὲρ
737 1001 849 1028 δικαίων
866 1001 882 1027 ὁ

89 1047 210 1084 Χριστὸς
233 1047 302 1075 ἀλλὰ
325 1049 372 1075 καὶ
399 1048 470 1084 ὑπὲρ
494 1047 664 1084 ἁμαρτωλῶν
689 1047 720 1074 τὸ
748 1047 881 1082 σωτήριον

90 1095 290 1130 ὑπομεμένηκε
310 1094 412 1127 πάθος-
435 1094 530 1130 ἔριφον
546 1094 601 1130 γὰρ
624 1093 693 1130 ὑπὲρ
716 1091 880 1128 ἀμαρτωλοῦ

90 1141 106 1167 ό
118 1141 202 1176 νόμος
221 1141 388 1176 προσφέρειν
405 1140 531 1168 ἐκέλευσε
544 1148 551 1157 ·
566 1140 614 1167 καὶ
625 1139 681 1166 τῶν
694 1139 775 1166 θείων
784 1139 813 1166 δὲ
831 1147 882 1174 μυ-

92 1187 215 1222 στηρίων
231 1188 255 1214 oi.
282 1187 547 1222 μεταλαμϐάνοντες,
563 1187 587 1213 οι
608 1188 657 1222 μὲν
681 1186 718 1218 ὡς
742 1185 881 1220 προϐάτου

93 1233 361 1269 μεταλαμϐάνουσιν,
377 1234 425 1261 ἀτε
439 1233 471 1269 δὴ
482 1232 589 1260 τελείαν
605 1232 655 1267 τὴν
668 1231 769 1268 ἀρετὴν
783 1240 882 1265 κεκτη-

93 1279 189 1314 μένοι·
209 1280 233 1305 οῐ
250 1279 278 1306 δὲ
293 1279 330 1311 ὡς
343 1279 452 1314 ἐρίφου,
471 1279 516 1306 6ιά
538 1278 681 1313 μετανοίας
696 1277 883 1312 ἐξαλείφοντες

92 1325 144 1357 τὰς
157 1325 212 1352 τῶν
230 1325 438 1362 ἁμαρτημάτων
455 1325 580 1360 κηλῖδας·
596 1324 668 1352 οὕτω
683 1325 730 1352 καὶ
745 1326 760 1351 ό
780 1324 883 1360 Κύριος

92 1372 174 1408 ἡμῶν
195 1372 245 1399 οὐκ
271 1373 303 1399 ὲκ
319 1371 427 1399 σιτίνων
451 1371 531 1407 μόνον
546 1371 615 1398 ἀλλὰ
632 1371 680 1398 καὶ
701 1371 735 1398 ικ
754 1371 883 1406 κριθίνων

93 1419 159 1449 τοὺς
185 1417 400 1453 συνεληλυθότας
425 1417 516 1452 ἀρτων
543 1416 683 1451 διέθρεψε·
707 1417 755 1443 καὶ
774 1417 840 1451 ἡμῖν
855 1416 884 1443 δὲ

93 1464 267 1490 διεκέλευσεν
290 1463 363 1498 ἔχειν
385 1462 435 1494 τὰς
465 1462 569 1496 ὀσφύας
595 1462 818 1498 περιεζωσμένας
837 1461 885 1489 καὶ

93 1512 160 1542 τοὺς
176 1510 258 1542 πόδας
277 1509 488 1544 ὑποδεδεμένους
505 1509 552 1535 κα)⁵
568 1509 630 1541 τοὺς
645 1508 759 1544 λύχνους
774 1509 886 1544 καιομέ-

95 1565 170 1588 νους,
195 1556 233 1587 ὡς
264 1555 373 1587 οἰκέτας
404 1554 539 1590 δεσπότην
571 1555 773 1590 προσμένοντας
787 1563 794 1571 ·
828 1555 884 1582 ἀλλ’
898 1568 920 1598 c

102 1602 226 1637 Ἑϐραῖοι
247 1602 296 1636 μὲν
305 1601 344 1633 ὡς
356 1601 515 1635 Αιγυπτίων
531 1600 765 1635 ἀπαλλαττόμενοι
782 1600 830 1628 καὶ
842 1602 882 1633 εις

95 1647 146 1682 τὴν
174 1646 336 1673 Χαναναίων
366 1645 419 1681 γῆν
450 1646 624 1680 είσαγὸμενοι
648 1647 727 1672 τοῦτο
751 1643 823 1680 εἶχον
852 1646 884 1672 τὸ

95 1693 190 1727 σκῆμα
199 1700 209 1710 ο
228 1693 309 1728 ἡμεῖς
323 1691 351 1719 δὲ
362 1691 399 1724 ὡς
413 1690 540 1719 ἐντεῦθεν
554 1691 595 1723 εἰς
606 1690 699 1727 ἓτερον
715 1690 882 1727 μεθιστάμε-

95 1745 137 1763 νοι
154 1736 223 1771 βίον.

131 1781 182 1808 Διά
197 1780 277 1808 τοῦτο
290 1781 338 1808 καὶ
354 1781 420 1816 ἡμῖν
437 1781 451 1807 ὁ
464 1781 536 1813 θεῖος
545 1781 763 1817 παρακελεύεται
777 1781 884 1812 Παῦλος

96 1827 185 1862 βοῶν’
213 1836 224 1853 ι
247 1826 435 1862 Ἐκκαθάρατε
458 1826 507 1863 τὴν
533 1826 652 1854 παλαιὰν
677 1826 784 1863 ζύμην·
806 1836 817 1853 ι
836 1827 884 1853 καὶ

95 1872 161 1908 ἑξῆς
183 1871 269 1899 είπών
280 1880 287 1888 ’
310 1882 321 1898 ι
337 1872 419 1899 Ὥστε
441 1872 615 1908 ἑορτάζωμεν
633 1871 671 1908 μὴ
686 1873 714 1899 ιν
742 1872 814 1908 ζύμῃ
829 1880 883 1898 πα-

95 1918 170 1953 λαιᾷ.
187 1917 255 1953 μηδὶ
273 1918 302 1944 ὲν
329 1917 404 1954 ζύμῃ
425 1918 525 1950 κακίας
544 1919 592 1945 καὶ
611 1919 756 1954 πονηρίας,
776 1917 832 1945 ἀλλ’
854 1919 883 1945 ὲν

94 1964 212 1999 ἀζύμοις
238 1964 414 1999 είλικρινείας
439 1964 488 1991 καὶ
513 1963 653 2000 ἀληθείας.
679 1974 690 1991 ›
707 1964 827 1991 Ἀνωθεν
855 1965 884 1991 δὲ

97 2010 296 2045 προμεμήνυκε
310 2009 361 2045 τὴν
377 2009 431 2036 τῶν
449 2009 534 2037 ὲθνῶν
551 2010 688 2045 σωτηρίαν
710 2011 724 2037 ό
742 2010 822 2042 Θεός·
837 2010 884 2037 καὶ

94 2057 151 2090 γὰρ
166 2055 352 2091 προσηλύτους
373 2055 588 2090 μεταλαγχάνειν
610 2055 657 2082 τοῦ
681 2056 777 2091 Πάσχα
799 2064 884 2092 προσ-

95 2101 189 2134 imis.
205 2101 302 2136 Γιόραν
318 2101 372 2137 γὰρ
384 2101 429 2128 τὸν
439 2101 607 2138 προσήλυτον
619 2102 760 2134 ἐκάλεσεν,
770 2103 817 2129 καὶ
830 2103 885 2129 ἰσο-

95 2149 195 2184 νομίας
216 2148 290 2184 αὑτῷ
314 2147 484 2183 μετέδωκεν·
500 2157 510 2174 t
529 2148 626 2175 Ἔσται
650 2148 715 2184 γὰρ,
740 2149 832 2184 φησὶν,
847 2149 884 2181 ὡς

95 2192 238 2227 αὐτόχθων
247 2192 297 2226 τῆς
307 2192 359 2227 γῆς
369 2200 376 2207 ·
393 2202 404 2218 ι
415 2192 461 2219 καὶ
474 2192 504 2219 τὸ
519 2202 528 2218 t
541 2193 584 2219 Ἐν
598 2192 670 2228 οἰκίᾳ
681 2194 731 2229 μιᾷ
744 2194 884 2230 βρωθήσε-

931 267 1041 296 duobus
1056 270 1181 303 postibus
1194 270 1316 297 animum
1331 274 1358 297 et
1372 270 1546 304 cupiditates.
1560 269 1624 297 Haec
1645 277 1716 305 quo-

930 322 1004 349 que:
1023 324 1034 341 ι
1049 314 1108 342 Non
1134 315 1285 343 comedetis
1308 324 1342 343 ex
1367 323 1400 342 eo
1423 315 1538 342 crudum
1560 315 1638 347 quid,
1665 322 1717 341 nec

930 364 1040 388 coctum
1074 368 1156 396 aqua,
1190 361 1236 388 sed
1266 365 1372 388 tantum
1391 369 1483 388 assunt
1508 361 1564 395 igni
1589 361 1622 393 ⁵⁷,
1645 369 1654 386 ι
1681 359 1716 387 ad

931 414 982 434 nos
1000 407 1139 442 pertinent
1156 409 1203 442 qui
1219 415 1275 435 non
1300 407 1335 434 ad
1351 408 1470 442 speciem
1499 412 1604 433 tantum
1627 407 1716 440 respi-

931 454 1031 485 cimus,
1046 455 1093 482 sed
1106 460 1223 481 mentem
1236 455 1319 482 etiam
1334 454 1503 489 indagamus,
1516 461 1567 481 nec
1582 453 1717 480 humanas

931 499 1053 526 rationes
1075 498 1177 526 divinis
1207 499 1377 526 asciscimus.
1412 498 1491 532 Quod
1521 498 1604 525 etiam
1632 497 1716 524 Isaias

931 542 1097 577 quibusdam
1132 542 1319 577 exprobravit,
1338 542 1416 576 quasi
1443 542 1537 568 vinum
1559 548 1621 569 cum
1647 549 1717 576 aqua

930 589 1126 621 miscuissent;
1144 590 1190 616 sed
1208 589 1268 616 solo
1282 589 1375 616 divino
1396 588 1458 623 igne
1483 588 1598 620 utimur,
1613 587 1718 614 scilicet

931 635 1018 662 sancti
1046 634 1167 670 Spiritus
1185 635 1283 670 gratia.
1296 648 1333 654 ——
1352 634 1429 667 Quod
1455 642 1510 660 non
1540 637 1662 668 oporteat
1683 633 1717 659 ad

930 685 1071 716 posterum
1088 681 1160 708 diem
1186 681 1309 715 linquere
1330 687 1427 707 carnes
1453 680 1493 707 sic
1516 680 1717 713 intelligimus:

932 728 1032 755 futura:
1046 728 1109 755 vita:
1122 735 1181 755 non
1196 735 1264 762 opus
1281 735 1342 754 esse
1357 727 1498 762 symbolis.
1515 726 1586 753 Idem
1603 733 1719 761 sequen-

932 775 969 802 tia
985 774 1136 801 declarant.
1148 773 1216 801 Ossa
1246 774 1318 800 enim
1333 773 1396 808 agni
1410 777 1554 800 conterunt
1577 771 1622 806 qui
1646 771 1718 798 malo

931 819 1043 846 oracula
1062 819 1153 846 divina
1173 818 1339 854 intelligunt.
1356 823 1384 845 et
1399 819 1434 845 ad
1450 818 1617 853 impietatem
1638 824 1718 844 suam

931 873 963 893 ea
980 867 1084 892 referre
1099 870 1244 893 conantur.
1262 865 1339 897 Quod
1362 872 1416 892 non
1434 867 1561 899 oporteat
1582 864 1669 891 solum
1685 871 1719 890 ex

932 912 1040 944 ovibus,
1059 912 1106 939 sed
1122 911 1205 939 etiam
1221 919 1252 938 ex
1269 911 1354 938 haedis
1376 910 1480 937 hostias
1495 909 1648 941 desumere,
1666 908 1719 935 hoc

931 966 1028 986 rursus
1043 957 1166 985 divinum
1178 957 1205 984 in
1217 957 1341 984 homines
1353 956 1503 992 proclamat
1516 963 1650 987 amorem,
1663 962 1718 982 non

931 1005 1005 1033 enim
1033 1005 1122 1032 solum
1142 1011 1191 1039 pro
1214 1003 1298 1039 justis
1320 1002 1459 1035 Christus,
1487 1002 1534 1029 sed
1560 1002 1642 1029 etiam
1668 1008 1718 1035 pro

931 1050 1124 1086 peccatoribus
1149 1049 1299 1078 salutarem
1322 1049 1434 1084 pertulit
1459 1047 1626 1082 passionem.
1649 1045 1717 1074 Nam

932 1095 1040 1124 bardum
1058 1102 1108 1130 pro
1126 1094 1318 1130 peccatoribus
1341 1094 1383 1121 lex
1397 1093 1495 1120 oﬂ‘erre
1507 1092 1605 1127 jussit;
1627 1099 1660 1119 ex
1685 1091 1719 1118 iis

932 1146 1023 1169 autem
1041 1141 1088 1176 qui
1099 1148 1178 1168 sacra
1200 1139 1332 1176 mysteria
1349 1138 1523 1174 participant.
1539 1137 1584 1164 alii
1607 1136 1718 1171 quidem

932 1189 1009 1224 quasi
1024 1188 1050 1215 in
1064 1193 1169 1224 partem
1185 1187 1247 1222 agni
1265 1187 1389 1219 veniunt,
1403 1190 1497 1221 utpote
1511 1185 1640 1212 virtutem
1659 1183 1718 1211 exi-

933 1236 1015 1262 miam
1033 1234 1135 1269 adepti,
1149 1234 1195 1261 alii
1207 1241 1273 1261 vero
1291 1233 1372 1266 quasi
1389 1232 1416 1259 in
1432 1235 1538 1267 partem
1559 1230 1640 1262 haedi,
1665 1229 1719 1258 sci-

933 1281 997 1308 licet
1006 1281 1052 1315 qui
1061 1279 1222 1315 poenitentia
1235 1278 1358 1306 maculas
1366 1282 1540 1313 peccatorum
1549 1277 1718 1304 oblitteram.

934 1328 980 1356 Sic
993 1327 1065 1355 enim
1082 1327 1214 1354 Dominus
1225 1329 1319 1353 noster
1333 1331 1388 1352 non
1402 1332 1418 1352 e
1428 1323 1608 1352 frumentario
1619 1322 1718 1354 solum,

934 1372 982 1400 sed
996 1372 1078 1398 etiam
1095 1378 1129 1398 ex
1150 1370 1303 1398 hordeaceo
1318 1377 1386 1404 pane
1400 1369 1509 1396 turbam
1529 1367 1670 1400 enutrivit,
1692 1370 1720 1394 et

935 1417 1016 1445 nobis
1031 1416 1198 1452 prteseripsit
1216 1415 1325 1443 lumbos
1341 1415 1447 1443 cinctos
1461 1414 1574 1445 trahere.
1594 1418 1620 1440 et
1639 1413 1720 1448 pedes

936 1463 1082 1494 calceatos,
1106 1466 1134 1489 et
1157 1462 1299 1489 lucernam
1321 1469 1465 1489 accensam
1485 1465 1517 1488 ut
1536 1459 1646 1487 famulis
1672 1459 1721 1486 do-

935 1509 1042 1536 minum
1055 1508 1288 1543 exspectantibus.
1300 1507 1337 1535 Ut
1348 1507 1432 1543 igitur
1444 1506 1551 1534 Hebraei
1562 1506 1595 1533 de
1604 1506 1721 1541 ,Ευριο

937 1554 1012 1582 exire
1047 1554 1136 1589 jussi,
1174 1555 1380 1590 migrantesque
1417 1553 1444 1581 in
1480 1552 1611 1580 Chanaan
1650 1553 1723 1579 hunc

938 1601 1042 1628 cultum
1060 1601 1207 1633 habebant,
1225 1600 1374 1628 habeamus
1388 1604 1416 1627 et
1429 1607 1480 1627 nos
1493 1599 1539 1634 qui
1553 1606 1586 1627 ex
1601 1599 1652 1626 hac
1667 1598 1722 1625 vita

937 1647 966 1675 in
981 1648 1095 1675 alteram
1111 1647 1271 1683 migramus.

971 1780 1028 1814 Qua
1051 1780 1085 1808 de
1098 1787 1181 1807 causa
1204 1784 1232 1807 et
1252 1786 1302 1807 nos
1324 1779 1403 1806 divus
1429 1778 1590 1806 adhortatur
1610 1777 1722 1809 Paulus.

936 1828 1074 1855 clamans:
1086 1837 1094 1852 ι
1102 1826 1254 1862 Expurgate
1264 1830 1340 1853 vetus
1349 1825 1510 1853 fermentum
1518 1825 1551 1857 ⁸⁸,
1559 1828 1599 1852 »ει
1607 1824 1722 1859 reliqua,

937 1874 1031 1902 dicens
1047 1881 1055 1900 :
1076 1882 1085 1899 t
1098 1872 1192 1907 Itaque
1205 1872 1349 1907 cpulemur
1367 1879 1420 1899 non
1434 1873 1459 1899 in
1475 1872 1558 1899 veteri
1575 1870 1722 1902 fermento.

937 1927 988 1946 nce
1014 1919 1041 1946 in
1071 1918 1183 1945 malitiae
1208 1925 1235 1945 et
1267 1917 1322 1945 vitii
1346 1917 1489 1950 fermento,
1514 1917 1560 1945 sed
1576 1917 1603 1943 in
1619 1916 1723 1952 azymis

937 1965 1102 1993 sinceritatis
1129 1964 1307 1998 veritatisque
1322 1963 1355 1990 δ’.
1372 1973 1382 1989 ι
1401 1964 1423 1990 Α
1440 1964 1517 1997 longe
1533 1963 1724 1998 prrenuntiawt

937 2011 1079 2047 gentilium
1105 2010 1220 2038 salutem
1251 2009 1324 2038 Deus
1354 2010 1400 2045 qui
1433 2010 1586 2045 proselytos
1610 2008 1723 2036 Pascha:

938 2057 997 2086 ﬁeri
1010 2057 1157 2093 participes
1168 2057 1262 2091 jussit.
1276 2057 1383 2085 Etenim
1392 2056 1557 2092 proselytum
1566 2055 1721 2091 appellavit,

938 2104 1018 2139 eique
1039 2104 1110 2139 juris
1137 2103 1349 2139 aequabilitatem
1363 2102 1449 2130 dedit.
1485 2111 1494 2128 ι
1511 2101 1663 2133 Eritenitn,
1679 2102 1723 2128 in-

937 2150 1006 2185 quit,
1024 2153 1055 2177 ut
1071 2154 1151 2177 terra
1171 2149 1309 2185 indigena.
1332 2148 1390 2176 Hoc
1403 2152 1492 2175 autem
1505 2146 1610 2175 Pascha
1625 2147 1651 2174 in
1669 2155 1724 2175 una

938 2197 1020 2224 domo
1032 2195 1191 2223 comedetur
1202 2195 1235 2227 ⁸ο,
1250 2205 1260 2222 ι
1291 2195 1438 2223 observant
1456 2194 1548 2222 ﬁdeles
1563 2193 1609 2229 qui
1625 2201 1679 2220 una
1695 2195 1722 2220 in

95 2247 152 2270 ται,
169 2247 178 2264 ι
199 2238 380 2272 φυλάττουσιν
394 2240 418 2266 οι
442 2239 544 2273 πιστοὶ,
562 2239 592 2266 ἐν
604 2239 672 2276 μόνῃ
685 2241 719 2275 τῇ
741 2239 888 2277 Ἐκκλησία
901 2246 926 2276 ι)
940 2241 1054 2269 ecclesia
1069 2249 1077 2269 ε

973 2241 1054 2269 clesia
1069 2248 1212 2269 sacrorum
1226 2240 1372 2276 participes
1385 2239 1577 2275 mysteriorum
1592 2243 1668 2270 sunt,
1696 2243 1724 2266 et

95 2283 151 2310 τῶν
165 2284 245 2311 θείων
261 2284 518 2320 μεταλαμϐάνοντες
539 2286 711 2321 μυστηρίων,
725 2286 776 2318 τὰς
788 2286 816 2313 δὲ
831 2287 886 2313 τῶν

96 2329 247 2365 αἰρετικῶν
280 2331 442 2365 συναγωγὰς
477 2330 700 2366 βδελυττόμενον
728 2333 763 2359 τὰ
794 2333 886 2368 μέντοι

96 2376 260 2411 πρωτότοκα
274 2376 321 2403 καὶ⁵
335 2376 390 2403 τῶν
404 2377 550 2412 προϐάτων
562 2377 673 2404 καὶτῶν
687 2377 756 2412 βοῶν
767 2379 887 2414 προσφέ-

97 2420 195 2456 ρεσθαι
221 2421 431 2457 νενομοθέτηκε,
445 2422 494 2457 τῆς
510 2422 566 2448 τῶν
590 2423 770 2457 πρωτοτόκων
786 2424 886 2456 αὐτοὺς

97 2465 236 2501 σωτηρίας
249 2467 467 2502 ἀναμιμνήσκων
478 2475 485 2482 ·
500 2467 560 2494 οὐδὲ
572 2467 626 2502 γὰρ
636 2468 718 2500 αὐτὸς
729 2469 784 2494 τῶν
797 2469 886 2504 θυμά-

95 2521 153 2539 των
170 2512 264 2546 ὲδεττο,
285 2513 353 2540 ἀλλὰ.
374 2513 424 2548 τὴν
445 2513 559 2541 ἐκείνων
581 2514 714 2548 ὠφέλειαν
741 2516 887 2549 ἐπραγμα-

96 2558 209 2586 τεύετο·
225 2559 305 2587 τοῦτο
325 2559 355 2587 δὲ
373 2561 420 2587 καὶ
446 2561 526 2592 αὐτὸς
544 2562 559 2588 ό
576 2561 658 2596 νόμος
680 2561 772 2596 δηλοι⁶
789 2570 799 2587 t
823 2562 887 2588 Ἐὰν

97 2604 154 2639 γὰρ
168 2605 294 2640 ἐρωτήσῃ
306 2614 335 2632 σε
346 2606 360 2632 ό
370 2606 428 2638 υίός
441 2615 499 2639 σου,
509 2607 541 2633 Τί
554 2608 612 2633 ἐστι
627 2606 705 2633 τοῦτο
715 2616 738 2640 μ
752 2607 800 2633 καὶ
811 2607 885 2642 ἑξῆς,

98 2650 152 2681 ἓως
167 2650 227 2683 τοῦ,
242 2660 252 2676 t
268 2652 318 2678 Διὰ
329 2651 407 2678 τοῦτο
420 2652 475 2687 ἐγὼ
488 2652 544 2679 θύω
557 2652 595 2688 τῷ
611 2653 705 2688 Κυρίῳ
720 2653 774 2679 πᾶν
787 2652 887 2679 διανοῖ-

98 2704 148 2730 γον
166 2697 284 2733 μήτραν,
299 2699 334 2725 τὰ
350 2698 483 2733 ἀρσενικὰ
498 2699 546 2726 καὶ
569 2699 624 2725 πᾶν
646 2699 817 2734 πρωτότοκον
832 2698 886 2725 τῶν

101 2742 168 2768 υίῶν
182 2750 229 2768 σου
244 2743 432 2779 λυτρώσομαι·
450 2745 496 2770 καὶ
509 2744 584 2771 ἔσται
598 2745 638 2776 εἰς
653 2745 765 2780 σημεῖον
779 2744 825 2770 ἐπὶ
838 2744 887 2779 τῆς

101 2787 192 2823 χειρός
222 2797 269 2815 σου
294 2789 341 2816 καὶ
362 2790 509 2817 ἀσάλευτον
533 2790 585 2826 πρὸ
609 2789 816 2825 ὀφθαλμῶν-ὲν
837 2790 888 2824 γὰρ

939 2288 974 2315 ab
1013 2287 1149 2315 haereticis
1187 2286 1367 2314 conventibus
1397 2285 1556 2312 abhorrent.
1595 2285 1722 2312 Attamen

939 2334 1120 2369 primogenita
1150 2333 1242 2360 ovium
1259 2337 1286 2361 et
1312 2332 1392 2359 boum
1407 2331 1499 2359 oil‘orri
1516 2331 1637 2359 Hebraeis
1653 2338 1723 2367 prte-

939 2379 1011 2414 cepit
1041 2379 1184 2412 Dominus,
1215 2383 1244 2406 ttt
1279 2377 1460 2413 primogenita
1491 2385 1584 2405 eorum
1614 2381 1723 2404 servata

940 2425 1025 2453 fuisse
1039 2425 1073 2453 iis
1086 2425 1112 2451 in
1127 2427 1286 2452 memoriam
1297 2427 1450 2452 revocaret.
1464 2422 1544 2450 Nullo
1554 2422 1628 2449 enim
1642 2422 1723 2449 modo

939 2471 963 2498 ei
990 2470 1109 2498 victimis
1136 2478 1204 2505 opus
1219 2474 1289 2504 erat,
1315 2470 1367 2497 hoc
1390 2473 1481 2497 autem
1496 2468 1529 2496 ad
1548 2468 1722 2495 Hebraeorum

941 2516 1084 2543 utilitatem
1120 2516 1271 2550 spectabat.
1315 2514 1392 2548 Quod
1419 2514 1489 2542 idem
1519 2513 1640 2541 ostendit
1667 2513 1722 2541 lex.

944 2571 953 2586 ε
972 2561 1095 2595 Cumque
1115 2561 1323 2595 interrogaverit
1349 2565 1376 2587 te
1393 2560 1465 2587 illius
1478 2565 1541 2587 tuus
1558 2567 1565 2586 :
1584 2558 1654 2592 Quid
1682 2562 1725 2586 est

941 2607 1031 2640 hoc“,
1050 2617 1059 2632 ι
1074 2612 1102 2634 et
1113 2607 1215 2642 reliqua
1230 2615 1315 2642 usque
1330 2608 1363 2634 ad
1379 2607 1449 2635 hoc:
1470 2616 1479 2632 ι
1493 2606 1596 2633 idcirco
1611 2606 1724 2634 immolo

941 2653 1056 2680 Domino
1069 2661 1150 2680 omne
1164 2653 1235 2688 quod
1254 2654 1340 2688 aperit
1356 2654 1462 2680 vulvam
1483 2652 1626 2680 masculini
1642 2659 1724 2680 sexus

940 2703 968 2726 et
986 2699 1078 2727 omnia
1107 2699 1287 2735 primogenita
1319 2699 1436 2727 ﬁliorum
1461 2706 1584 2726 meatum
1609 2699 1722 2730 redimo.
1768 2725 1770 2727 .

941 2751 968 2772 et
994 2746 1046 2772 erit
1073 2742 1155 2780 igitur
1180 2746 1256 2780 quasi
1284 2746 1392 2781 signum
1418 2746 1444 2772 in
1461 2753 1542 2772 manu
1559 2750 1616 2776 tua,
1645 2744 1724 2779 quasi

942 2798 1092 2826 appensum
1108 2791 1171 2826 quid
1195 2791 1231 2818 ob
1246 2791 1460 2819 recordationem
1475 2790 1544 2818 inter
1556 2790 1650 2818 oculos
1663 2794 1725 2818 tuos

138 2876 160 2893 "
181 2875 266 2905 Exod.
282 2885 330 2910 xtl,
347 2877 373 2904 9.
411 2877 433 2893 ⁵⁸
447 2876 456 2903 1
470 2877 530 2905 Cor.
548 2885 573 2911 v,
589 2877 614 2905 7.
632 2877 654 2894 ⁸⁸
672 2876 737 2904 ibid.
751 2876 778 2903 8,
795 2878 817 2894 ⁸ο
828 2877 912 2906 Exod.
926 2885 974 2911 χιι,
986 2877 1030 2904 46.
1049 2877 1068 2893 ⁶¹

971 2877 1030 2910 ,46.
1049 2877 1068 2893 "
1087 2877 1172 2905 Exod.
1191 2885 1250 2913 xnt,
1268 2878 1311 2905 Η.

1645 167 1713 200 1086
1772 185 1775 188 τ
