1874 3070
67 147 134 181 1089

494 149 543 178 AD
563 147 857 178 AMPHILOCHIUM
877 146 1049 182 QUASSTIO
1065 145 1375 178 CCLXV-CCLXVIII.

1624 146 1692 189 1090

66 204 198 240 κροθυμῶ
221 204 278 234 τοῖς
304 204 438 239 πατράσιν
467 205 658 239 ἡμαρτηκόσι·
687 204 857 239 μακροθυμῶ
870 204 894 232 Λ
909 211 921 229 ll

948 203 999 230 nis.
1017 201 1115 229 Ultima
1132 202 1204 230 enim
1217 202 1298 229 verba
1310 206 1374 230 sunt
1397 211 1406 227 ι
1420 201 1466 237 qui
1482 201 1662 236 oderunt‘mc,
1680 214 1688 228 ι

65 253 113 279 καὶ
127 251 232 278 παισίν.
250 251 280 277 Εἰ
294 251 322 277 δὲ
337 252 361 277 οἱ
377 251 542 285 ἕκγονοι.καὶ
557 253 582 278 οἱ
596 253 723 286 ἀπόγονοι
736 252 785 287 τὴν
799 252 853 278 τῶν

64 298 208 334 προγόνων
231 296 382 331 ζηλώσαιεν
398 297 541 332 πονηρίαν,
560 297 619 323 τότε
640 297 732 329 ἐπάξω
751 297 800 332 τὴν
815 305 853 322 τι-

67 343 183 378 μωρίαν.
219 352 227 369 t
252 343 339 369 Ποιῶν
362 342 435 378 γὰρ,
463 343 557 378 φησιν,
578 343 651 374 ἔλεος
674 344 714 374 εἰς
733 342 854 377 χιλιάδας

66 389 113 415 καὶ
140 388 273 423 μυριάδας
298 389 353 419 τοῖς
370 387 496 422 ἀγαπῶσι
526 397 570 423 με.
596 400 605 414 ι
623 387 705 423 Εὖροι
724 388 746 413 δ’
765 387 798 415 ἄν
812 396 855 418 τις

66 435 114 460 καὶ
127 433 177 469 τὴν
198 433 318 469 ἱστορίαν
332 433 488 468 σύμφωνονν
505 434 618 470 πέμπτῃ
633 434 686 468 γὰρ
700 434 782 470 γενεᾷ
794 434 855 460 ἀνέ-

66 479 154 513 ϐησαν
174 480 199 506 οἱ
225 479 278 506 υίοὶ
299 479 406 515 Ἰσραὴλ
427 480 456 513 ὲξ
471 480 624 514 Αἰγύπτου·
645 480 712 506 ἀλλὰ
727 481 782 510 τοῖς
801 479 854 506 τῶν

66 525 224 558 Αἰγυπτίων
241 526 269 551 ὲν
284 525 414 559 Αἰγύπτῳ
431 525 633 558 δεὼυλευκὸτες
650 525 720 556 θεοῖς
734 525 784 551 ούκ
800 524 853 550 ἔτι·

66 578 115 596 σαν
127 569 218 601 δίκας,
233 569 294 595 οὔτε
306 570 331 596 οἱ
341 570 458 605 πατέρες
466 569 556 596 αὐτῶν
565 570 626 596 οὔτε
636 571 660 596 οἱ
672 570 853 605 προπάτορες,

66 614 143 640 αὐτοὶ
152 614 182 640 δὲ
196 613 368 648 ζηλώσαντες
379 614 428 649 τὴν
445 615 557 641 ἐκείνων
572 614 699 641 ἀσέϐειαν
708 614 855 648 ἐκολάσθη-

67 666 133 685 σαν·
152 659 191 690 ὡς
217 658 286 693 μετά
304 659 439 693 τοσαύτην
462 659 623 695 εὐεργεσίαν
645 660 691 686 καὶ
710 660 745 686 τὰ
771 660 855 695 μυρία

65 703 196 738 θαύματα
209 703 259 739 τὴν
274 704 400 730 ἀσέϐειαν
419 705 469 731 οὐκ
491 704 677 736 ἐκπτύσαντες
687 714 693 720 ·
708 706 733 731 οἱ
749 704 777 731 δὲ
794 705 854 731 τού-

64 758 120 775 των
134 749 231 781 παῖδες
246 748 290 776 τὸν
309 747 424 785 Σωτῆρα
440 750 507 776 Θεὸν
526 750 702 785 ἠγαπηκότες
720 750 768 784 τῆς
790 758 856 785 προ-

65 794 179 829 γονικῆς
204 795 365 830 ἀπήλαυσαν
397 796 589 830 ὑποσχέσεως·
617 796 664 823 καὶ
692 796 800 831 ὁρῶμεν
825 796 855 822 τὸ

65 840 182 875 ἀψευδὲς
199 841 248 876 τῆς
264 841 333 877 πρὸς
351 842 414 873 τοὺς
429 843 551 878 πατέρας
568 842 755 877 γεγενημένης
770 843 856 876 ὲπαγ-

65 872 170 921 γέλίας·
185 887 219 915 τὰ
226 872 360 924 ,γὰρ-ἔθνη
373 872 417 915 δια
430 888 477 916 τοῦ
493 872 650 924 σπέρματος
661 872 793 924 τΑσραὰμ
804 872 855 923 της
871 872 894 902 Β

65 933 193 968 εὐλογίας
209 933 368 969 τετύχηκεν·
385 935 479 970 ἐπειδὴ
496 935 586 962 τοίνυν
601 935 649 962 τὸν
663 935 763 970 μόσχον
777 935 857 970 ἐμελ-

66 978 112 1005 λσν
126 980 302 1015 προσκυνεῖν,
316 979 478 1015 προαπειλεῖ
492 979 540 1015 τὴν
559 980 707 1016 τιμωρίαν.

331 1080 497 1107 ΕΡΩΤΗΣΙΣ
517 1081 595 1108 ΣΞΖ’.

213 1161 242 1186 Τί
254 1159 318 1186 ἐστι
333 1158 574 1195 ἑξεικονισμένον
584 1161 714 1195 βρέφοα

905 249 997 280 idest,
1031 249 1139 283 patiens
1155 256 1206 284 ego
1232 249 1259 275 in
1274 252 1365 283 patres
1388 253 1556 282 peccatores,
1584 249 1692 283 patiens

905 298 931 320 et
942 295 968 320 in
982 294 1061 321 lilios.
1090 293 1119 321 Si
1139 298 1230 321 autem
1244 294 1331 328 prima
1345 293 1520 329 secundaque
1546 294 1692 329 progenies

905 342 983 368 avitae
999 341 1109 368 malitia:
1121 341 1218 368 aemula
1233 339 1325 373 fuerit,
1340 345 1406 368 tunc
1425 340 1468 368 his
1479 347 1575 375 poenas
1589 340 1691 368 immit-

907 390 978 419 tant;
992 385 1198 420 uamque,-dicit
1212 385 1354 419 Dominus,
1376 385 1602 413 «Misericordiam
1621 385 1692 412 facio

907 431 934 458 in
952 431 1034 458 millia
1060 431 1103 458 his
1122 432 1168 466 qui
1194 432 1311 467 diligunt
1324 439 1367 459 me
1379 432 1428 459 ⁸⁸.»
1461 431 1537 465 Quod
1564 432 1692 467 praesenti

906 484 938 503 cx
960 476 1072 504 historia
1085 477 1164 504 facile
1180 482 1299 505 constat.
1321 477 1421 510 Quinta
1432 479 1505 505 enint
1517 479 1693 514 generatione

906 523 954 550 filii
973 522 1057 550 Israel
1084 524 1118 551 de
1140 523 1257 559 [Egypto
1293 525 1495 557 a5cenderunt;
1526 525 1574 559 qui
1601 529 1692 552 autent

906 568 1097 604 Egyptiorum
1127 570 1178 597 diis
1203 570 1231 596 itt
1256 569 1378 605 Egypto
1405 570 1605 603 insanierunt,
1637 578 1693 598 non

906 615 1013 643 multati
1042 621 1122 648 sunt,
1149 623 1237 652 neque
1263 621 1355 651 patres
1385 623 1492 649 eorum,
1519 624 1571 644 nec
1603 621 1694 652 patres

907 663 1025 694 patrum,
1055 660 1102 688 sed
1125 661 1177 695 ipsi
1206 668 1301 695 ptenas
1323 661 1456 688 dederunt
1467 661 1558 688 aemuli
1573 666 1694 696 paterna:

908 705 1065 739 impietatis,
1088 706 1136 740 qui
1155 711 1215 740 post
1244 709 1318 732 tanta
1335 705 1479 739 beneﬁcia,
1508 710 1624 741 postque
1639 711 1693 735 tam

907 751 993 778 multa
1020 750 1143 787 prodigia
1178 751 1345 786 impietatem
1375 756 1430 779 n0n
1462 742 1694 787 respueranth

908 797 1006 825 horum
1027 796 1075 824 lilii
1099 800 1244 832 postquam
1264 796 1434 824 Salvatorem
1449 797 1534 824 Deum
1554 802 1691 830 amarunt,

908 842 941 869 iis
955 841 1032 870 fruiti
1044 847 1109 870 sunt
1126 849 1187 877 qua:
1199 842 1323 876 patribus
1338 842 1473 877 promissa
1481 847 1694 878 erant,quaaquc

907 887 959 922 ipsi
987 888 1171 923 comperimus
1212 895 1276 916 vero
1309 888 1460 924 majoribus
1503 889 1694 925 praenuntiata.

908 933 1002 969 Populi
1022 935 1096 962 enim
1124 942 1173 970 per
1194 942 1291 962 semen
1313 935 1453 963 Abraham
1477 935 1695 964 benedictionem

905 979 1094 1012 obtinuerunt,
1104 973 1245 1014 propterea
1256 979 1340 1014 igitur
1351 979 1424 1014 quod
1433 979 1546 1007 vitulum
1557 978 1694 1006 adoraturi

906 1031 1010 1058 essent,
1027 1026 1094 1053 tales
1110 1026 1182 1054 Deus
1193 1033 1288 1061 partas
1298 1026 1431 1053 minatur.

941 1070 1106 1104 QUIESTIO
1121 1069 1258 1099 CCLXVII
1273 1070 1370 1107 [σοῖσι.
1392 1070 1558 1104 CCXXX“,
1575 1070 1659 1100 Taur.

1224 1117 1387 1153 CCLXXVL

1050 1164 1119 1197 Quid
1136 1165 1171 1192 sit
1187 1165 1364 1199 informatum
1379 1164 1446 1199 fetus
1469 1165 1524 1200 (67)
1541 1165 1552 1190 ?

505 1216 574 1242 Edita
588 1224 601 1241 a
617 1218 679 1243 Maio
696 1220 724 1250 (l.
741 1226 762 1244 c.
781 1227 804 1251 p.
822 1222 875 1253 150,
891 1229 916 1253 q.
934 1219 1000 1252 276).
1013 1234 1044 1238 ——
1060 1219 1138 1245 Exod.
1156 1227 1207 1250 xxi,
1220 1220 1259 1244 22.

101 1260 173 1286 Φασὶ
198 1259 247 1287 τοῦ
269 1259 394 1295 σώματος
416 1261 444 1286 ἐν
469 1262 501 1296 τῇ
521 1262 613 1297 μήτρᾳ
634 1262 854 1296 διαπλασθέντος,

68 1307 129 1333 τότε
149 1307 336 1342 ἐμψυχοῦσθαι
353 1308 383 1335 τὸ
404 1308 538 1344 ἔμϐρυον·
557 1309 604 1336 καὶ
625 1310 678 1346 γὰρ
697 1312 743 1338 καὶ
759 1312 789 1339 τὸ
809 1312 855 1339 τοῦ

75 1352 163 1387 ’Δδὰμ
178 1352 258 1387 σῶμα
279 1353 412 1388 πρότερον
439 1354 584 1382 διέπλασεν
602 1356 616 1382 6
635 1355 701 1388 Θεὸς
712 1377 719 1389 ,
733 1354 794 1384 εἶτα
813 1359 855 1383 ὲν-

69 1398 192 1434 εφύσησε
225 1399 274 1433 τὴν
303 1399 405 1435 ψυχήν⁹
422 1400 528 1427 κελεύει
552 1401 642 1428 τοίνυν
668 1403 682 1428 ὁ
707 1403 856 1438 νομοθέτης

69 1443 198 1478 γυναικὸς
222 1444 372 1480 ἐγκύμονος
390 1446 419 1471 ὲν
439 1445 513 1482 μάχῃ
534 1446 720 1482 ἀμϐλωσάσης
732 1467 739 1479 ,
757 1449 781 1474 εἰ
808 1449 857 1484 μὲν

68 1492 298 1528 ὲξεικονισμένον,
319 1495 441 1521 τουτέστι
471 1495 687 1531 μεμορφωμένον
700 1496 803 1529 ἐξέλθοι
827 1497 858 1524 τὸ

70 1538 189 1573 βρέφος,
211 1539 291 1574 φόνον
307 1539 449 1567 καλεῖσθαι
468 1541 517 1568 καὶ
538 1542 618 1576 φόνου
643 1542 721 1577 δίκην
746 1543 858 1578 ὑπέχειν

68 1584 117 1610 τὸν
131 1584 296 1619 δεδρακότα’
311 1585 345 1612 ἂν
363 1586 392 1612 δὲ
410 1587 461 1621 μὴ,
477 1586 558 1620 φόνου
585 1587 636 1622 μὲν
659 1588 805 1623 ἀφίεσθαι·
828 1591 857 1616 οὐ

70 1629 125 1663 γὶρ
140 1629 261 1664 ἔμψυχον
275 1629 435 1666 ἐξημὸλώθη
445 1639 451 1645 ·
472 1630 574 1666 ζημίαν
591 1631 618 1658 δέ
635 1641 695 1659 τινα
710 1633 803 1660 τίνειν.

337 1776 502 1804 ΕΡΩΤΙῙΣΙΣ
512 1777 594 1805 ΣΞΗ¹.

111 1862 172 1897 Τὴν
181 1863 305 1897 σκηνὴν
316 1864 346 1890 τί
355 1864 467 1897 δήποτε
481 1864 619 1899 γενέσθαι
632 1865 817 1898 προσέταξεν
823 1874 834 1898 ;

942 1265 1027 1291 Aiunt
1040 1263 1150 1298 quidam
1165 1263 1284 1297 corpori,
1303 1262 1393 1289 statim
1408 1267 1488 1297 atque
1501 1262 1528 1290 in
1545 1266 1622 1290 utero
1636 1261 1692 1289 for-

908 1314 1007 1342 matur,
1031 1309 1149 1336 auimam
1161 1306 1258 1335 aﬂlari.
1291 1306 1396 1334 Etenim
1414 1315 1515 1342 corpus
1529 1307 1614 1335 Adam
1634 1307 1692 1342 pri-

907 1363 981 1382 mum
1009 1354 1137 1382 formavit
1159 1353 1254 1386 Deus,
1295 1353 1393 1382 deinde
1415 1353 1532 1382 immisit
1561 1353 1692 1382 animam.

908 1401 1032 1436 Praecipit
1046 1400 1276 1436 igiturlegislator
1296 1409 1302 1426 :
1323 1398 1351 1426 Si
1368 1399 1467 1427 mulier
1485 1399 1608 1434 quaedam
1623 1407 1691 1435 pra:-

908 1457 1004 1484 gnans,
1020 1449 1090 1476 inter
1101 1446 1246 1474 rixandum
1260 1453 1399 1482 percussa,
1415 1446 1569 1474 abortivdm
1584 1445 1693 1480 quidem

906 1493 1020 1527 fecerit,
1049 1494 1129 1528 idque
1158 1493 1216 1528 jam
1242 1492 1429 1524 informatum,
1455 1491 1482 1519 id
1506 1496 1548 1520 est
1575 1492 1693 1527 quadam

907 1545 1033 1576 suscepta
1041 1538 1160 1567 hominis
1171 1539 1257 1565 forma
1272 1537 1379 1571 exierit,
1396 1537 1541 1565 habebitur
1557 1537 1693 1565 hom’i‘cida

909 1594 993 1624 utque
1017 1587 1152 1616 homicida
1175 1587 1301 1622 punietur
1322 1585 1455 1626 facinoris
1493 1585 1612 1613 molitor;
1646 1585 1693 1612 Sin

908 1635 997 1668 aliter,
1015 1642 1078 1663 reus
1092 1634 1125 1662 de
1139 1634 1213 1661 cado
1224 1633 1334 1668 quidem
1356 1632 1528 1664 absolvetur.
1546 1638 1600 1659 non
1620 1631 1691 1659 enim

871 1671 893 1703 C
910 1682 988 1709 vivus
1005 1680 1096 1708 infans
1110 1685 1203 1711 partus
1228 1680 1290 1710 erit,
1309 1677 1357 1705 sed
1368 1677 1486 1713 quatiant
1509 1681 1599 1704 tamen
1614 1684 1694 1712 pcena

911 1726 1082 1753 multabitur.

943 1769 1106 1804 QUESTIO
1128 1767 1277 1796 CCLXVIII
1304 1767 1397 1804 [CoisL
1424 1767 1541 1800 CLXXI,
1561 1767 1644 1795 Taur.

1241 1814 1359 1851 CLXXL

909 1863 968 1895 Qua
997 1862 1029 1888 de
1055 1870 1136 1888 causa
1170 1861 1371 1888 tabernaculum
1404 1860 1462 1894 ﬁeri
1485 1860 1554 1887 Deus
1573 1861 1694 1894 prmeri-

1218 1896 1299 1929 psen't
1315 1894 1383 1930 (68).

332 1950 402 1976 Edita
413 1958 427 1976 a
443 1952 504 1977 Maio
521 1953 547 1983 (Ι,
565 1960 586 1978 c.
603 1960 627 1984 ρ.
642 1954 753 1985 151-155,
769 1961 793 1986 q.
810 1955 875 1983 277).
892 1968 922 1973 —
940 1956 975 1980 De
988 1954 1155 1980 tabernaculo.
1173 1954 1251 1979 Exod.
1262 1960 1328 1984 xxw,
1342 1953 1354 1980 1
1370 1960 1424 1984 seq.

106 1991 192 2023 Αὐτὸς
203 1992 217 2018 ὸ
229 1991 296 2024 Θεὸς
311 1993 400 2020 αἰτίαν
410 1994 554 2029 δεδήλωκε.
573 2005 582 2021 t
600 1997 654 2023 Καὶ
666 1998 790 2032 ποιήσεις
805 1998 857 2033 γάρ

72 2046 128 2073 μοι,
140 2038 239 2072 φησὶν,
258 2038 392 2072 ἁγίασμα,
416 2041 462 2071 καὶ
477 2040 632 2077 ὀφθήσομαι
656 2044 685 2069 ὲν
703 2044 769 2079 ὑμῖν
781 2051 788 2059 ⁸
811 2044 859 2071 καὶ

70 2083 204 2117 ποιήσεις
220 2083 294 2109 κατὰ
310 2085 400 2111 πάντα
419 2085 469 2111 ὅσα
493 2085 549 2120 ἐγὼ
563 2086 688 2122 δείκνυμί
706 2096 747 2114 σοι
771 2089 801 2114 ὲν
820 2087 860 2122 τῷ

69 2128 141 2163 δρει)
157 2128 188 2154 τὸ
205 2129 380 2164 παράδειγμα
394 2130 447 2165 τῆς
459 2132 561 2166 σκηνῆς
576 2132 623 2158 καὶ
637 2133 668 2159 τὸ
685 2134 858 2169 παράδειγμα

70 2174 125 2200 τῶν
143 2175 250 2202 σκευῶν
270 2175 365 2210 αὐτῆς.
389 2185 400 2202 ›
426 2172 534 2212 Ἐπειδὴ
553 2179 608 2213 γὰρ
621 2179 651 2205 ὲν
664 2179 704 2214 τῷ
718 2180 776 2215 ὄρει
794 2180 858 2216 Σινᾷ

70 2220 154 2255 νόμον
167 2219 307 2253 ἐδεδώκει,
325 2221 399 2253 εἰκὸς
412 2222 441 2249 δὲ
452 2221 487 2258 ἦν
503 2231 578 2256 τινας
596 2224 766 2252 ὑποτοπάσαι
781 2234 859 2262 περι-

71 2265 229 2300 γεγράφθαι
256 2266 286 2293 τὸ
309 2266 404 2301 Θεῖον,
433 2269 560 2296 ὲκέλευοε
584 2270 710 2304 γενέσθαι
739 2273 859 2307 σκηνήν·

71 2311 178 2338 ἐκεῖθεν
199 2311 249 2347 τὴν
271 2312 375 2340 οἰκείαν
391 2314 553 2348 ποιούμενος
571 2315 746 2350 ἐπιφάνειαν,
763 2317 861 2344 ἐκπαι-

946 1998 1017 2025 Deus
1034 1998 1092 2032 ipse
1109 2004 1221 2025 causam
1241 1996 1333 2024 attulit
1346 1996 1440 2024 dicens
1455 2005 1462 2024 :
1478 1995 1526 2024 «Et
1541 1992 1624 2024 facies
1641 1996 1693 2024 mei

909 2043 1280 2077 sanctuarium,ethabitabo
1294 2043 1320 2071 in
1338 2043 1429 2071 medio
1442 2048 1574 2076 vestrum,
1591 2050 1693 2071 secun-

908 2091 972 2118 dum
987 2091 1125 2126 exemplar
1141 2090 1213 2126 quod
1230 2090 1278 2118 tibi
1295 2090 1322 2118 in
1338 2094 1431 2118 monte
1446 2094 1628 2118 monstratum
1642 2094 1693 2121 est,

909 2137 1116 2165 similitudinem
1129 2137 1297 2165 tabernaculi
1308 2142 1336 2165 et
1346 2137 1553 2164 similitudinem
1564 2144 1695 2165 vasorum

909 2184 935 2210 in
965 2183 1066 2211 cultum
1090 2183 1150 2219 ejus
1167 2184 1200 2211 “.
1220 2193 1230 2210 ι
1253 2183 1322 2211 Cum
1356 2184 1428 2211 enim
1455 2183 1481 2210 in
1506 2187 1599 2211 monte
1621 2183 1695 2211 Sinai

910 2230 994 2265 legem
1013 2230 1148 2263 dedisset,
1165 2230 1365 2265 verisimileque
1388 2234 1460 2258 esset
1485 2230 1617 2265 quosdam
1638 2237 1697 2258 cre—

911 2275 1014 2303 dituros
1031 2276 1265 2311 circumscriptam
1280 2283 1342 2304 esse
1366 2276 1471 2303 nutttini
1487 2275 1696 2308 habitationem,

908 2322 990 2358 iussit
1023 2322 1081 2350 fieri
1111 2323 1328 2355 tabernaculum,
1353 2322 1426 2350 unde
1452 2322 1560 2357 propria
1592 2329 1624 2350 ac
1650 2329 1697 2357 pe-

72 2358 146 2385 δεύει
162 2358 208 2385 τὸν
221 2358 284 2385 λαὸν
298 2358 347 2393 τὴν
360 2359 512 2388 εὐσέϐειαν.
528 2360 632 2396 Ὥσπερ
646 2361 700 2397 γὰρ
709 2361 757 2397 τὴν
774 2363 861 2398 ὲπηγ-
876 2384 898 2411 Β
912 2375 921 2395 ε

943 2368 1008 2395 tliari
1032 2368 1250 2396 manifestatione
1277 2369 1408 2404 populum
1438 2369 1564 2403 pietatetn
1588 2367 1694 2396 doceat.

71 2404 207 2440 γελμένην
231 2405 439 2441 ἀπειληφότων,
456 2406 523 2433 νεὼν
541 2407 667 2441 γενέσθαι
688 2408 859 2444 προσέταξε,

72 2453 120 2479 καὶ
133 2452 183 2484 τὰς
198 2451 273 2485 θείας
288 2452 459 2489 λειτουργίας
474 2454 505 2481 ἐν
536 2455 622 2490 τούτῳ
636 2456 759 2488 γίνεσθαι
775 2464 860 2491 προσ-

73 2496 180 2530 έταξεν,
193 2497 237 2524 ἵνα
250 2499 288 2533 μὴ
299 2498 470 2530 ἀδεῶςτοῦτο
476 2499 595 2534 δρῶντες
606 2502 639 2535 τῇ
652 2501 705 2527 τῶν
717 2502 862 2537 δαιμονίων

73 2544 244 2578 περιπέσωσι
272 2544 382 2581 πλάνῃ,
405 2544 477 2572 οὕτω
500 2546 550 2581 τὴν
567 2546 670 2582 ἔρημον
694 2547 861 2576 διαϐαίνουσι

74 2590 177 2626 σκηνὴν
200 2591 326 2625 γενέσθαι
353 2593 520 2627 προσέταξε,
539 2595 689 2628 μεταϐῆναι
714 2597 759 2622 καὶ
776 2597 860 2632 αὐτὴν

73 2635 240 2670 δυναμένους
250 2644 257 2652 ·
274 2638 321 2664 καὶ
338 2638 524 2673 ἀπαιρόντων,
540 2640 666 2674 ἡγεῖσθαι
683 2642 858 2677 προσέταξεν·

74 2681 116 2708 ἶνα
131 2681 170 2716 μή
183 2681 302 2716 ζητῶσιν
315 2683 397 2710 πάλιν
414 2683 502 2717 θεοὺς,
518 2685 543 2711 o't
558 2685 790 2720 προπορεύσονται
810 2688 860 2713 αὐ-

146 2736 168 2751 “
181 2736 268 2764 Exod.
288 2745 332 2771 xx,
349 2738 375 2765 6.
394 2738 416 2754 “
425 2739 511 2767 Exod.
529 2747 593 2774 xxv,
609 2740 636 2768 8.

912 2414 1000 2450 thue
1017 2421 1084 2447 nos,
1099 2415 1200 2450 quibus
1217 2415 1352 2450 promissa
1372 2414 1512 2449 persoluta
1537 2417 1611 2447 sunt,
1629 2419 1698 2442 tem-

911 2460 984 2495 plum
1007 2460 1108 2488 liabere
1133 2460 1216 2496 jussit
1240 2460 1310 2488 Deus
1330 2460 1357 2487 in
1373 2468 1428 2495 quo
1444 2459 1552 2495 liturgia
1571 2459 1696 2495 quaedam

911 2511 1076 2539 servaretur,
1110 2513 1144 2533 ne
1178 2513 1254 2534 sacra
1277 2506 1382 2541 absque
1403 2505 1554 2533 reverentia
1567 2505 1698 2533 facientes

912 2552 990 2583 facile
1004 2552 1031 2579 in
1044 2552 1199 2580 daemonum
1213 2552 1319 2580 insidiis
1329 2552 1490 2580 eaderemus
1502 2573 1509 2584 ,
1525 2552 1565 2579 sic
1578 2549 1698 2579 Hebraeis

911 2599 1049 2625 desertum
1066 2599 1270 2626 transeuntibus
1291 2599 1360 2626 Deus
1387 2598 1553 2634 praescripsit
1575 2604 1604 2625 ut
1624 2601 1698 2625 esset

912 2643 1135 2678 tabernaculum;
1159 2644 1239 2679 idque
1256 2645 1301 2680 qui
1314 2645 1435 2672 valerent
1452 2649 1635 2679 asportarent,
1654 2649 1697 2671 ut-

912 2697 963 2724 que
978 2695 1148 2725 asportantes
1158 2692 1301 2725 anteirent,
1320 2699 1354 2718 ne
1368 2698 1464 2718 rursus
1473 2691 1520 2726 qui
1531 2698 1565 2718 ex
1577 2689 1698 2718 Ilebrzeis

836 2786 951 2816 ΝΟΤιΕ.

76 2874 101 2901 p.
109 2832 225 2894 (ξηιλ
240 2831 412 2862 Tlteodoreto
423 2842 450 2870 q.
464 2835 498 2863 48
509 2836 535 2863 in
546 2835 631 2863 Exod.
644 2835 737 2864 Videt.
750 2833 856 2867 LXXX,

214 2916 349 2947 ιτλτιιοι..
368 2917 425 2947 Gtt.
443 2917 491 2949 Cl.

913 2879 929 2907 ρ
1029 2836 1066 2864 Ex
1087 2836 1260 2868 Tlteodoreto
1273 2848 1300 2876 q.
1317 2840 1351 2867 σο
1374 2840 1402 2868 in
1424 2839 1509 2868 Exod.
1532 2839 1563 2867 Τ.
1584 2838 1692 2872 LXXX,

1482 2922 1521 2953 35
