1874 3070
181 112 247 146 1091

763 113 893 143 PIIOTII
913 113 1165 145 PA'I'RIARCIl/E
1180 116 1234 146 ΟΡ.

1741 114 1811 148 1092

179 172 380 208 praecedebant,
404 171 455 198 sibi
469 170 536 198 deos
565 175 729 205 quaererent,
753 176 849 204 utque,
866 172 966 206 populo

1060 181 1082 199 ν·
1106 173 1154 199 καὶ
1173 172 1360 207 αὺλιζομένων
1381 170 1526 198 ἵστασθαι·
1547 168 1604 206 εἶχε
1628 171 1657 198 δὲ
1674 171 1743 207 αὕτη
1762 173 1812 206 τῇς

181 219 328 249 assidente,
340 217 500 246 assiderent.
521 217 656 245 Praeterea
668 217 750 245 habet
759 218 967 246 tabernaculum

181 266 261 301 quasi
291 266 437 292 creationis
459 264 617 300 imaginem.
644 263 681 292 Ut
708 265 793 297 enim,
822 270 968 300 postquam

182 311 279 338 caelum
294 315 320 338 et
337 315 436 338 terram
452 311 560 338 fecisset
576 310 658 342 Deus,
675 311 701 338 in
721 312 811 338 medio
826 311 971 339 collocavit

184 358 400 388 ﬁrmamentum,
424 364 479 392 quo
507 363 714 385 secernerentur
735 357 858 386 ctelestia
883 362 971 386 terre-

181 403 300 436 stribus,
317 403 391 430 haud
420 403 509 435 aliter,
530 408 671 438 postquam
692 404 879 432 sanetuarium
910 412 972 432 esse

183 457 268 476 unum
291 449 524 484 prtescripsisset,
547 449 574 476 in
600 449 690 476 medio
718 449 778 484 ejus
801 450 866 485 poni
889 449 972 485 jussit

183 496 272 523 velum
292 495 364 530 quod
376 500 450 522 esset
460 503 509 529 pro
525 494 704 522 firmamento.
722 495 767 523 Sic
782 504 845 523 arca
862 496 889 523 iu
903 497 972 524 duas

184 543 271 571 divisa
288 546 330 569 est
346 545 454 576 partes;
474 546 578 576 partem
597 546 687 568 autem
704 549 764 576 quae
776 542 854 576 juxta
866 548 970 576 portam

185 593 244 615 erat
261 588 443 615 sanctuarium
457 587 612 622 appellavit,
625 588 780 615 interiorem
794 596 859 616 vero
871 588 970 616 Sancta

185 639 363 666 sanctorum;
389 640 474 668 utque
496 633 563 660 dicit
591 633 672 660 David
709 643 716 660 :
753 643 762 659 ‹
778 634 884 662 Caelum
909 635 972 662 (ταὶίί

186 681 312 711 Domino,
338 684 438 706 terram
460 684 550 706 autem
573 680 647 707 dedit
664 680 727 708 liliis
753 681 893 708 hominum
909 682 942 714 ⁸⁷,
961 691 970 708 ι

186 727 226 755 sic
255 726 375 754 exterior
396 726 546 753 sanctuarii
562 733 625 761 pars
633 726 696 753 data
713 731 755 754 cst
772 727 973 758 sacerdotibus.

187 773 300 801 interior
320 780 384 800 vero
408 773 509 800 intacta
537 773 678 806 remansit,
703 773 826 808 nullique
853 782 973 810 unquam

187 821 293 855 patuit,
331 820 384 847 nisi
421 827 529 848 summo
554 819 698 855 pontiﬁci,
730 824 757 847 et
780 820 865 849 semel
892 821 973 848 modo

187 866 344 902 quotannis.

224 913 274 940 llic
290 916 369 940 erant
392 912 539 940 simulacra
562 912 709 941 Cherubim
736 912 783 947 qui
801 913 975 948 incorporeas

189 962 338 992 potestates
352 957 514 993 ﬁgurabant.
544 958 573 985 In
588 958 678 985 medio
693 965 763 985 arca:
786 958 893 986 tabulas
909 958 976 992 legis

190 1005 332 1032 includens
343 1010 369 1032 et
385 1013 479 1032 urnam
496 1013 558 1033 cum
577 1012 689 1036 manna,
705 1008 731 1032 et
742 1005 845 1039 virgam
859 1005 976 1032 Aaronis

189 1052 381 1085 germinatam.
397 1049 447 1081 llic
462 1058 572 1086 quoque
588 1055 649 1077 erat
667 1049 888 1085 propitiatorium
904 1050 976 1085 quod

189 1096 318 1132 expansis
333 1096 395 1128 alis,
411 1095 707 1130 tegebantCherubim.
727 1094 789 1123 llmc
804 1095 874 1122 inter
885 1095 977 1122 omnia

189 1150 219 1170 se
242 1143 314 1170 Deus
333 1141 537 1169 manifestatum
557 1141 649 1168 dabat.
682 1140 751 1168 Cum
777 1141 850 1168 enim
880 1145 978 1168 natura

189 1187 281 1214 divina
307 1195 395 1222 neque
416 1194 548 1220 corporea
568 1187 613 1218 sit,
635 1193 723 1220 neque
742 1186 931 1221 ligurata,nec
945 1193 978 1213 ea

190 1241 303 1268 prorsus
318 1233 361 1260 cui
377 1232 476 1260 similis
496 1233 585 1268 imago
599 1236 733 1262 struatur,
761 1231 833 1259 Deus
852 1233 980 1266 prmcepit

191 1281 309 1308 maxima
338 1280 380 1308 sui
401 1280 487 1314 ipsius
500 1279 617 1315 insignia
639 1279 831 1314 repraesentari
848 1279 979 1314 symbolis

191 1335 252 1363 quae
271 1327 438 1354 tabernaculi
454 1327 527 1354 intus
539 1331 641 1354 essent.
671 1327 777 1354 Indices
790 1326 862 1354 enim
874 1326 980 1361 legisla-

192 1374 274 1401 tionis
296 1378 373 1401 erant
391 1373 506 1405 tabulae;
535 1373 680 1400 sacerdotii
709 1373 806 1407 virga,
835 1373 924 1400 victus
950 1373 979 1399 in

192 1424 302 1448 deserto
331 1428 443 1451 manna,
464 1420 726 1454 proplietiarumque
742 1419 979 1454 propitiatorium.

193 1467 258 1494 lude
265 1467 338 1494 enim
349 1466 505 1501 prophetias
515 1466 612 1493 edebat
630 1466 712 1493 Deus.
738 1465 805 1499 Quae
822 1465 906 1500 igitur
920 1465 980 1492 velo

1019 217 1134 250 κτίσεως
1146 218 1195 254 τὴν
1208 219 1300 245 εἰκόνα
1309 226 1316 233 ·
1329 218 1426 254 ὥσπερ
1441 217 1495 254 γὰρ
1508 218 1555 244 τὸν
1571 217 1688 252 οὐρανὸν
1700 219 1746 244 καὶ
1763 218 1812 253 τὴν

1019 265 1072 299 γῆν
1084 264 1290 300 δημιουργήσας
1303 265 1317 290 ὁ
1329 263 1396 295 Θεὸς
1411 264 1493 298 μέσον
1509 263 1608 298 ἔστησε
1623 262 1653 289 τδ
1668 263 1812 298 στερέωμα

1020 311 1054 338 δι’
1067 309 1151 338 αὑτοῦ
1168 310 1290 345 διορίσας
1302 309 1336 336 τὰ
1353 309 1409 337 ἄνω
1421 309 1477 336 τῶν
1493 309 1578 340 κάτω,
1594 308 1667 335 οὕτω
1681 309 1732 344 τὴν
1743 318 1810 344 σκηι

1021 356 1070 392 νὴν
1087 356 1152 391 μίαν
1167 355 1323 391 προστάξας
1337 354 1478 389 γενέσθαι,
1495 356 1524 381 ὲν
1543 355 1618 390 μέσῳ
1633 354 1813 389 διαταχθῆναι
1838 380 1841 383 .

1022 402 1128 429 κελεύει
1144 402 1175 429 τὸ
1189 402 1397 437 παραπέτασμα
1412 401 1441 427 ἑν
1455 401 1533 435 τύπῳ
1546 400 1593 427 τοῦ
1609 399 1812 435 στερεώματος·

1023 448 1070 475 καὶ
1086 448 1120 475 δι’
1142 447 1224 475 αὐτοῦ
1244 448 1358 484 διῄρητο
1377 448 1394 482 ἡ
1409 447 1541 479 κιϐωτός·
1556 446 1605 474 καὶ
1621 447 1652 472 τὸ
1667 446 1746 482 παρὰ
1765 447 1814 481 τὴν

1025 495 1111 530 ούραν
1137 494 1219 530 μέρος
1235 494 1364 521 ἐκάλεσεν
1389 494 1464 528 arta:
1481 495 1512 519 τδ
1541 492 1570 519 δὲ
1586 492 1632 518 τοῦ
1650 493 1815 526 παραπετά-

1025 550 1129 577 σματος
1141 541 1226 571 ἔνδον.
1237 541 1321 575 ’Λγια
1330 540 1425 575 ἁγίωνε
1436 540 1484 567 ml.
1493 539 1588 574 ὥσπερ
1602 538 1676 573 λέγει
1690 539 1705 564 ὁ
1719 538 1814 564 Δαϐίό·

1029 597 1038 614 ‹
1063 587 1093 614 '0
1115 587 1230 623 οὐρανὸς
1253 587 1300 613 τοῦ
1320 585 1438 622 ούρανοῦ
1462 585 1501 620 τῷ
1525 585 1632 621 Κυρίῳ,
1649 585 1700 620 τὴν
1712 585 1741 612 δὲ
1766 587 1816 619 γῆν

1026 634 1111 661 ἔδωκε
1125 635 1180 665 τοῖς
1197 634 1265 665 υἱοῖς
1279 633 1334 660 τῶν
1347 631 1516 668 ἀνθρώπων,
1537 641 1546 658 ι
1564 630 1635 658 οὕτω
1651 631 1700 657 καὶ
1715 631 1747 657 τὺ
1765 631 1817 663 ἔξω

1026 680 1075 715 μὲν
1091 679 1138 706 τοῦ
1156 679 1405 712 καταπετάσματος
1423 677 1560 712 εἰσητιτὸν
1579 674 1613 712 ἦν
1626 678 1683 708 τοῖς
1699 677 1815 712 ἱερεῦσι,

1024 727 1058 754 τὰ
1069 726 1097 752 δὲ
1113 725 1187 752 ένδον
1201 725 1327 759 ᾶψαυστα
1338 722 1373 760 ἦν
1387 725 1435 751 καὶ
1450 724 1543 752 ἄδυτα·
1557 724 1602 750 τὸν
1615 723 1749 760 ἀρχιερέα
1763 725 1817 759 γάρ

1027 773 1106 809 μόνον
1122 771 1195 804 ἅπαξ
1210 771 1258 798 τοῦ
1275 771 1352 803 ἔτους
1365 770 1448 806 νόμος
1462 768 1497 806 ἦν
1512 771 1637 798 εἰσιέναι.

1060 915 1116 942 ἿΙν
1129 915 1158 942 δὲ
1172 916 1230 942 ἐκεῖ
1244 914 1279 942 τὰ
1296 914 1351 942 τῶν
1367 915 1509 950 Χερουϐὶμ
1524 915 1714 950 εἰκονίσματα,
1732 913 1819 940 τύπον

1027 962 1080 988 τῶν
1091 962 1245 996 ἀσωμάτων
1258 961 1400 996 δυνάμεων
1417 961 1560 996 ἐπέχοντα·
1578 961 1608 987 ὲν
1623 960 1700 995 μέσῳ
1713 959 1743 986 δὲ
1755 960 1818 986 τού-

1026 1014 1081 1034 των
1100 1007 1117 1041 ἠ
1135 1005 1251 1037 κιϐωτὸς
1273 1005 1323 1037 τὰς
1347 1005 1455 1037 πλάκας
1470 1005 1570 1040 ἔχουσα
1572 1004 1640 1043 ⁸χιτοῡ
1658 1005 1756 1039 νόμου,
1775 1007 1819 1031 καὶ

1026 1051 1077 1087 τὴν
1092 1051 1210 1086 στάμνον
1225 1050 1272 1077 τοῦ
1289 1050 1388 1085 μάννα,
1403 1051 1452 1077 καὶ
1466 1050 1516 1085 τὴν
1534 1049 1632 1085 ῥάϐδον
1648 1048 1759 1085 ’Δαρὼν
1771 1050 1819 1083 τὴν

1029 1097 1234 1132 βλαστήσασαν*
1258 1096 1385 1123 ἐπέκειτο
1399 1096 1428 1122 δὲ
1447 1096 1515 1131 αὐτῇ
1538 1095 1569 1122 τὸ
1588 1095 1747 1130 ἱλαστήριον
1762 1097 1821 1127 ταῖς

1028 1143 1142 1179 πτέρυξι
1161 1143 1216 1170 τῶν
1236 1143 1379 1178 Χερουϐὶμ
1395 1142 1576 1177 σκιαζόμενον
1586 1150 1593 1156 ·
1614 1142 1644 1168 ὲν
1659 1141 1750 1177 τούτῳ
1763 1141 1792 1168 δὲ
1807 1142 1822 1168 6

1027 1190 1081 1217 τῶν
1105 1190 1174 1216 ὅλων
1196 1189 1261 1222 Θεὸς
1285 1190 1335 1225 τὴν
1358 1190 1463 1216 οἰκείαν
1488 1189 1653 1223 ἐπιφάνειαν
1682 1189 1821 1215 ἐποιεῖτο·

1029 1235 1123 1272 ἐπειδὴ
1142 1236 1196 1272 γὰρ
1211 1237 1228 1270 ἡ
1244 1236 1304 1262 θεία
1323 1236 1404 1270 φύσις
1420 1236 1539 1267 ἁνείδεός
1553 1244 1583 1262 τε
1605 1236 1653 1262 καὶ
1667 1235 1823 1270 ἀσχημάτι-

1030 1290 1108 1314 στος,
1123 1282 1169 1308 καὶ
1184 1282 1235 1317 τῆς
1253 1282 1382 1317 τοιαύτης
1402 1282 1495 1312 οὐσίας
1511 1281 1618 1312 εἰκόνας
1639 1279 1824 1315 τεκτῄνασδαι

1031 1329 1205 1355 παντάπασιν
1218 1328 1361 1361 ἀδύνατον,
1373 1328 1408 1355 τὰ
1419 1327 1540 1363 σύμϐολα
1555 1327 1608 1353 τῶν
1621 1327 1762 1362 μεγίστων
1778 1327 1824 1353 αύ-

1030 1375 1085 1400 τῶν
1107 1374 1217 1410 δωρεῶν
1242 1374 1315 1402 ἔνδον
1332 1375 1440 1402 κεῖσῦαι
1455 1374 1632 1410 προσέταξεν·
1656 1375 1684 1400 αί
1700 1374 1754 1409 μὲν
1773 1374 1826 1408 γάρ

1031 1421 1135 1452 πλάκες
1151 1421 1201 1456 τὴν
1221 1421 1384 1456 νομοθεσίαν
1400 1422 1512 1457 ἐδήλουν
1525 1429 1532 1435 ·
1555 1421 1604 1457 τὴν
1623 1420 1779 1455 ίερωσύνην
1799 1420 1827 1445 δὲ

1031 1468 1048 1503 ἡ
1064 1467 1171 1503 ῥάϐδος·
1188 1467 1219 1494 τὺ
1242 1468 1270 1495 δὲ
1287 1468 1375 1503 μάννα
1387 1467 1438 1503 τὴν
1453 1468 1483 1494 ἐν
1499 1467 1594 1503 ἐρήμῳ
1609 1467 1730 1501 τροφήν·
1755 1465 1788 1492 τὸ
1801 1465 1828 1491 δέ

195 1514 268 1541 intus
282 1512 391 1540 fuerant
403 1513 548 1546 collocata,
565 1513 688 1540 coelestia
704 1512 868 1545 referebant,
881 1517 910 1541 ,et
920 1512 975 1540 idec

1060 1523 1064 1541 ι
1081 1514 1235 1550 ἱλαστήριον
1249 1514 1300 1550 τῆς
1311 1515 1482 1550 προφητείας
1498 1513 1635 1548 σύμϐολον
1648 1511 1682 1548 ἦν
1697 1521 1703 1528 ·
1717 1512 1827 1539 ἐκεῖθεν

195 1567 259 1593 pars
273 1559 319 1586 illa
335 1558 435 1585 Sancta
445 1563 601 1586 sanctorum
613 1557 812 1593 appellabatur.
822 1557 880 1584 Hoc
887 1557 982 1584 beatus

195 1605 296 1633 Paulus
312 1609 426 1632 testatur
441 1605 535 1632 dicens
562 1613 570 1631 :
604 1614 613 1630 ι
628 1603 686 1631 Non
700 1604 772 1631 enim
785 1604 812 1630 in
826 1603 983 1631 manufacta

193 1654 291 1677 sancta
305 1649 384 1676 Jcsus
404 1649 527 1677 introivit
549 1648 715 1684 exemplaria
733 1655 873 1680 verorum,
891 1648 939 1676 sed
956 1648 984 1675 in

195 1697 284 1730 ipsum
305 1694 404 1722 cmlum
413 1695 447 1722 εδ.
477 1704 486 1721 ι
502 1694 573 1727 Quae
600 1700 690 1721 autem
709 1694 780 1722 citra
793 1693 883 1720 velum
895 1698 983 1724 erant,

195 1741 332 1769 terrestria
361 1741 599 1776 reprzesentabant.
619 1740 668 1767 Hic
678 1745 747 1771 erat,
767 1739 878 1767 australi
898 1744 986 1774 parte,

194 1786 390 1815 candelabrum
417 1791 518 1821 septem
548 1794 580 1812 ex
609 1785 757 1812 hastilibus
784 1790 932 1817 constans,
955 1789 984 1812 et

198 1841 281 1869 super
306 1833 498 1860 candelabrum
527 1832 647 1859 lucernae
665 1836 780 1867 septem,
797 1836 901 1866 septem
916 1831 983 1858 heb—

195 1879 321 1907 domadis
330 1879 388 1906 dies
409 1879 572 1914 tigurabant.
603 1878 641 1905 Ex
664 1878 766 1905 borcali
786 1883 874 1913 parte,
901 1884 982 1904 aurea

196 1934 289 1953 mensa
306 1933 389 1960 supra
401 1933 495 1960 quam,
510 1925 555 1951 l‘rei
573 1925 663 1959 jussu,
677 1932 761 1959 panes
775 1924 984 1959 imponebantur

195 1973 352 2004 duodecim,
370 1979 515 2006 aureasque
530 1971 628 2006 phialae
645 1971 733 1998 thuris
756 1975 784 1997 et
799 1970 864 1997 salis
887 1970 982 2004 plenae.

196 2019 268 2047 Inter
284 2018 477 2046 candelabrum
492 2022 519 2044 et
535 2016 751 2044 meusamaltare
761 2023 794 2043 ex
803 2023 872 2043 auro
885 2016 983 2043 stabat.

195 2065 260 2093 Hrcc
280 2064 417 2091 ordinatio
445 2070 505 2091 erat
528 2063 668 2091 fructuum
695 2070 766 2098 quos
790 2061 896 2090 homini
913 2068 984 2090 terra

196 2109 308 2145 prmbel.

1032 1560 1086 1596 γὰρ
1102 1560 1130 1587 αί
1148 1561 1315 1596 προρρήσεις
1330 1559 1468 1593 ἐγίνοντω
1488 1559 1523 1585 τὰ
1545 1559 1595 1593 μὲν
1614 1555 1661 1585 οὖν
1680 1557 1759 1584 ἔνδον
1781 1556 1828 1583 τοῦ

1033 1606 1291 1641 καταπετάσματος,
1306 1605 1362 1632 τῶν
1381 1605 1516 1641 οὐρανίων
1532 1603 1589 1640 εἶχε
1608 1604 1705 1631 τύπον·
1720 1603 1765 1630 διὸ
1782 1604 1830 1630 καὶ

1035 1652 1117 1686 Ἅγια
1130 1652 1185 1679 τῶν
1199 1653 1285 1686 ἁγίων
1293 1652 1452 1687 ὠνόμασιο·
1470 1652 1605 1687 μαρτυρεῖ
1617 1651 1646 1678 δὲ
1662 1649 1744 1677 τοῦτο
1758 1650 1806 1677 καὶ
1816 1651 1830 1676 ὁ

1036 1698 1171 1734 μακάριος
1190 1698 1297 1731 Παῦλος
1314 1698 1400 1732 λέγων
1415 1706 1423 1714 '
1439 1708 1448 1724 ι
1464 1698 1501 1725 Οὐ
1518 1699 1574 1732 γὰρ
1595 1698 1634 1728 εἰς
1649 1697 1830 1732 χειροποίητα

1036 1743 1102 1777 ἅγια
1117 1743 1241 1779 εἰσῆλθεν
1262 1745 1277 1770 ὁ
1295 1743 1412 1778 Χριστὸς
1435 1743 1570 1770 ἀντίτυπα
1592 1742 1646 1769 τῶν
1671 1742 1829 1777 ἀληθινῶν.

1031 1788 1088 1816 ἀλλ’
1100 1790 1141 1822 εἰς
1155 1790 1236 1817 αὑτὸν
1251 1789 1296 1817 τὸν
1312 1789 1438 1824 οὐρανόν·
1463 1799 1472 1816 ι
1488 1790 1523 1816 τὰ
1539 1789 1569 1815 δὲ
1584 1789 1681 1815 τούτου
1700 1789 1780 1820 ἐντὸς
1794 1789 1832 1814 εἰ-

1032 1835 1097 1862 κόνα
1112 1835 1195 1871 ἔφερε
1211 1835 1265 1862 τῶν
1277 1836 1408 1870 ἐπιγείων
1419 1843 1427 1851 ⁸
1440 1833 1496 1871 εἶχε
1508 1835 1537 1862 δὲ
1549 1835 1634 1862 ταῦτα
1649 1834 1766 1869 λυχνίαν
1784 1835 1831 1868 μὲν

1032 1881 1062 1908 ἐν
1080 1881 1119 1917 τῷ
1135 1881 1214 1916 νοτίῳ
1231 1882 1310 1917 μέρει
1323 1882 1513 1915 ὲπτάκαυλον,
1536 1881 1698 1916 ἰσαρίθμους
1714 1880 1832 1915 ἔχουσαν

1033 1926 1148 1962 λύχνους
1165 1928 1374 1962 ἐπικειμένουςο
1390 1927 1501 1963 ἐδήλουν
1516 1927 1546 1953 δὲ
1558 1924 1632 1953 οὗτοι
1647 1926 1703 1953 τῶν
1718 1926 1832 1962 ἡμερῶν

1033 1971 1083 2007 τῆς
1099 1973 1246 2008 ἑϐδομάδος
1259 1973 1305 2000 τὸν
1325 1973 1452 2008 ἀριθμόν·
1469 1972 1611 2008 τράπεζαν
1630 1972 1659 1999 δὲ
1682 1973 1713 1998 ὲν
1731 1972 1773 2007 τῷ
1791 1971 1833 2006 βο-

1035 2017 1100 2053 ρείῳ
1119 2019 1239 2054 χρυσῆν.
1254 2019 1300 2053 ἐφ’
1316 2016 1350 2054 ἧς
1366 2019 1466 2054 ἄρτους
1481 2017 1633 2054 προσέταξε
1647 2018 1831 2053 προσκεῖσθαι

1034 2064 1214 2098 δυοκαίδεκα,
1230 2064 1278 2091 καὶ
1298 2064 1397 2099 φιάλας
1416 2065 1521 2100 χρυσᾶς
1539 2065 1654 2099 πλήρεις
1677 2063 1830 2091 λιϐανωτοῦ

1035 2109 1083 2136 καὶ
1105 2109 1188 2138 ἁλῶν·
1211 2111 1240 2137 ὲν
1264 2110 1294 2137 δὲ
1311 2109 1351 2146 τῷ
1370 2110 1446 2146 μέσῳ
1466 2110 1516 2145 τῆς
1534 2118 1565 2136 τε
1586 2110 1700 2145 λυχνίας
1714 2110 1765 2136 καὶ
1784 2109 1832 2145 τῆς

196 2157 347 2193 τραπέζης,
364 2156 480 2192 χρυσοῦν
496 2157 586 2183 ἔκειτο
600 2155 806 2191 θυσιαστήριον
820 2154 908 2182 ταῦτα
920 2155 942 2182 δ’
957 2153 990 2192 ἦν
1011 2157 1188 2194 συντάγματα
1210 2158 1265 2186 τῶν
1279 2159 1339 2193 ’ἀπὸ
1355 2160 1406 2194 γῆς
1442 2159 1500 2190 τοῖς
1534 2158 1689 2194 ἀνθρώποις
1711 2158 1832 2194 656mm-

196 2204 286 2240 μένων
299 2203 423 2238 καρπῶν.

232 2247 350 2278 ἰΕηευιη
367 2254 461 2276 autem
479 2249 564 2276 altare
579 2249 611 2276 ad
642 2249 714 2284 quod
728 2249 846 2277 victimae
870 2250 974 2278 adduce

1076 2249 1133 2286 Πρὸ
1146 2250 1176 2277 δὲ
1190 2249 1240 2285 τῆς
1257 2251 1360 2286 σκηνῆς
1375 2250 1428 2282 ἔξω
1442 2249 1472 2276 τὸ
1488 2249 1607 2285 χαλκοῦν
1619 2249 1831 2285 ουσιαοτήριον,

194 2298 308 2328 bantur,
333 2304 426 2324 coram
448 2295 637 2327 tabernaculo,
656 2294 725 2322 foris
746 2295 893 2328 exstabat;
914 2296 987 2324 unde

197 2343 373 2378 perspicuum
399 2347 442 2369 est
458 2342 515 2369 hinc
538 2349 740 2376 supervacanea
764 2342 859 2375 fuisse,
878 2341 989 2377 Deoque

197 2389 355 2425 injucunda.
370 2387 433 2416 Haec
444 2387 555 2423 operari
571 2394 649 2414 sacra
661 2387 878 2417 Deusconcessit
887 2388 989 2417 Judzeis

196 2435 232 2463 ob
245 2442 342 2463 eorum
357 2434 556 2466 inﬁrmitatem,
585 2433 631 2460 sed
652 2433 740 2461 solum
758 2438 836 2462 extra
864 2435 991 2462 taberna-

197 2482 301 2513 culum,
316 2480 390 2508 velut
404 2479 581 2507 interioribus
594 2487 647 2508 non
658 2480 825 2514 necessaria,
836 2488 886 2508 nos
899 2485 990 2508 autem

198 2527 332 2555 solemnia
344 2530 439 2554 nostra
453 2526 631 2553 interioribus
641 2526 831 2562 exsequimur,
847 2525 903 2554 Deo
916 2526 990 2559 thus,

196 2573 430 2607 luccrnarumque
469 2571 619 2604 ﬂammam,
652 2577 679 2600 ct
710 2572 858 2608 mysticum
889 2580 991 2601 mensa:

197 2619 344 2646 oﬁ'erentes
361 2618 536 2646 sacriﬁcium.
565 2618 719 2653 Longitudo
735 2618 904 2646 tabernaculi
931 2622 991 2646 erat

197 2665 308 2699 triginta
323 2653 490 2700 cubit'orum,
512 2665 628 2692 latitudo
644 2664 750 2696 decem,
772 2664 845 2700 quod
871 2655 985 2692 educere

196 2711 278 2738 facile
293 2716 344 2744 est,
358 2719 421 2738 nam
437 2712 535 2747 viginti
549 2711 656 2739 tabulas
672 2719 735 2746 pars
752 2710 883 2738 australis
900 2711 984 2738 babe-

195 2757 252 2789 bat,
270 2761 298 2783 et
310 2756 420 2784 totidem
436 2757 566 2784 borealis.
583 2756 703 2784 Tabulas
713 2756 803 2784 ceteri
822 2756 985 2792 interpretes

195 2802 337 2831 columnas
347 2803 526 2838 appellarunt.
544 2801 611 2830 Cum
636 2810 700 2829 vero
710 2810 884 2838 unaquaeque
894 2802 985 2830 tabula

235 2859 259 2876 ⁸⁷
271 2859 340 2887 Psal.
359 2867 436 2893 cxiu,
453 2859 495 2887 lG.
518 2859 542 2874 ⁶ί⁴
556 2856 638 2886 Hebr.
658 2858 752 2891 mihi.

1035 2296 1067 2323 τὸ
1090 2296 1125 2323 τὰ
1152 2296 1362 2332 προσφερόμενα
1386 2295 1531 2332 δεχόμενον
1556 2295 1683 2330 θύματα’
1705 2296 1784 2330 δηλοί
1805 2296 1833 2322 δὲ

1037 2342 1115 2369 τοῦτο
1134 2342 1251 2378 περιττὰ
1265 2340 1335 2369 εἶναι
1350 2342 1438 2369 ταῦτα
1457 2343 1504 2369 καὶ
1524 2343 1562 2377 μὴ
1578 2342 1682 2378 ἀρεστὰ
1696 2343 1738 2377 τῷ
1762 2342 1831 2378 Θεῷ·

1038 2388 1100 2415 ὅθεν
1125 2389 1309 2416 ἐπιτελεῖσθαι
1331 2389 1381 2424 μὲν
1404 2389 1474 2416 αὐτὰ
1498 2389 1688 2424 συνεχώρησεν
1715 2389 1763 2416 διὰ
1786 2390 1833 2423 τὴν

1046 2435 1181 2462 Ἰουδαίων
1194 2435 1348 2468 ἀσθένειαν,
1364 2435 1416 2468 ἔξω
1427 2436 1455 2462 δὲ
1470 2436 1574 2471 σκηνῆς
1585 2436 1623 2467 ὼς
1634 2436 1685 2462 οὐκ
1697 2437 1833 2469 ἀναγκαία

1041 2481 1098 2512 τοῖς
1112 2480 1203 2508 ἔνδον·
1226 2481 1307 2516 ἡμεῖς
1321 2481 1350 2507 δὲ
1369 2482 1419 2516 τὴν
1439 2481 1497 2513 τοῖς
1514 2480 1588 2507 ἔνδον
1611 2481 1834 2516 ἀπονεμηθεῖσαν

1041 2527 1212 2563 λειτουργίαν
1225 2527 1406 2563 ἐπιτελοῦμεν
1415 2535 1422 2544 ⁸
1436 2527 1564 2563 θυμίαμα
1573 2527 1628 2563 γὰρ
1640 2527 1687 2554 καὶ
1697 2527 1835 2563 λυχνιαῖον

1041 2574 1099 2608 φῶς
1125 2574 1319 2609 προσφέρομεν
1335 2574 1376 2609 τῷ
1398 2573 1458 2609 Θεῷ
1481 2574 1529 2601 καὶ
1552 2574 1602 2608 τὴν
1629 2574 1767 2609 μυστικὴν
1786 2573 1835 2608 τῆς

1039 2619 1179 2655 τραπέζης
1200 2619 1366 2654 ἱερουργίαν*
1385 2620 1532 2655 τριάκοντα
1555 2619 1584 2646 δὲ
1611 2620 1723 2654 πήχεων
1745 2618 1780 2655 ἦν
1804 2621 1834 2646 τὸ

1041 2664 1127 2700 μῆκος
1143 2665 1193 2700 τῆς
1214 2666 1328 2701 σκηνῆς,
1351 2666 1398 2692 καὶ
1419 2666 1487 2693 δέκα
1509 2666 1540 2693 τὸ
1566 2663 1656 2702 εὖρος
1684 2667 1732 2693 καὶ
1755 2666 1835 2693 τοῦτο

1040 2711 1210 2746 καταμαθεῖν
1225 2711 1350 2744 εὐπετές·
1369 2711 1457 2739 εἴκοσι
1476 2712 1532 2748 γὰρ
1549 2712 1659 2744 σανίδας
1675 2710 1732 2747 εἶχε
1749 2712 1779 2738 τὸ
1793 2713 1835 2738 νό-

1040 2765 1097 2785 τιον
1110 2759 1204 2795 μέρος,
1221 2759 1267 2786 καῖ¹
1279 2759 1415 2791 τοσαύτας
1427 2759 1458 2786 τὺ
1472 2759 1587 2795 βόρειον·
1604 2759 1714 2790 σανίδας
1730 2759 1759 2785 δὲ
1771 2759 1835 2789 τοὺς

1042 2803 1153 2836 στύλους
1169 2805 1317 2840 ὠνόμασαν
1340 2806 1363 2833 οί
1382 2805 1458 2833 ἄλλοι
1473 2806 1652 2842 ἑρμηνευταί·
1667 2806 1788 2841 ἑκάστης
1806 2804 1835 2832 ὁὶ
