1874 3070
93 131 163 165 1093

540 129 589 165 AD
607 130 904 167 AMPHILOCHIUM
933 136 1106 173 QUIESTIO
1127 134 1303 168 CCLXVIII.

1649 138 1717 172 1094

90 187 195 218 σανίδος
210 187 299 223 πῆχυν
311 187 426 223 ἐχούσης
442 187 491 214 καὶ
504 188 602 224 ἥμισυ,
616 189 764 225 τριάκοντα
777 190 876 225 πήχεις
889 193 911 221 Α
927 190 954 217 in
971 198 1022 218 δεδι

971 191 1190 226 sesquicubitum
1219 189 1440 226 protenderetur,
1459 191 1555 226 viginti
1573 190 1657 227 igitur
1675 198 1717 222 ta-

87 233 117 259 αί
140 233 229 260 εἴκοσι
256 234 361 266 σανίδες
386 234 537 269 ἐπλήρουν·
557 234 629 261 οὕτω
652 236 734 263 πάλιν
755 235 785 262 τδ
807 236 876 270 πρὸς

87 279 195 314 δυσμὰς
219 279 374 306 ἀποϐλέπον
388 279 418 312 ἓξ
438 277 495 316 εἶχε
513 281 621 313 σανίδας
637 281 668 308 τὸ
687 281 753 308 αὐτὸ
778 281 877 316 μέτρον

88 325 204 360 ἐχούσας
219 325 323 352 καὶδύο
334 326 445 360 γωνίας·
459 326 562 353 δώδεκα
577 327 605 353 δέ
619 327 718 363 πήχεις
733 329 766 354 ἐκ
775 327 877 354 τούτων

89 371 268 406 συναγόμενοι
283 372 306 398 οί
321 372 371 407 μὲν
382 372 447 399 δέκα
461 372 491 399 τδ
503 372 579 399 ἔνδον
596 373 678 408 μέρος
692 373 839 409 ἐπλήρουν,
851 374 877 401 οι

87 418 116 444 δὲ
129 418 204 444 ἄλλοι
222 417 268 444 δύο
282 417 337 444 τῶν
360 419 500 454 ἑκατέρων
522 419 648 454 πλευρῶν
672 419 721 451 τὰς
743 420 877 456 ἁρμονίας

88 462 222 498 ἐδέχοντο·
239 464 271 490 ἐκ
286 463 378 498 μέντοι
391 463 438 490 τοῦ
456 463 523 499 ἐῴου
545 465 646 499 μέρους
663 465 713 500 τὴν
730 465 814 500 θύραν
829 473 876 499 γε-

89 510 182 537 νέσθαι
195 510 373 546 προσέταξεν,
386 510 430 537 ἵνα
437 512 485 537 καὶ
494 511 576 543 αὐτὸς
585 511 702 546 ἀνίσχων
712 513 726 538 ό
736 512 811 548 ἥλιος
822 509 877 539 οἷόν

89 565 149 583 τινα
169 556 356 592 προσκύνησιν
370 558 513 593 προσφέρῃ
527 559 587 590 τοῖς
602 557 781 593 προπυλαίοις
797 558 878 589 εὐθὺς

89 604 179 630 ἐκεῖσε
193 605 242 634 τὰς
258 603 371 636 ἀκτῖνας
385 603 552 638 ἐκπέμπων·
568 605 615 630 καὶ
631 605 656 630 οἱ
671 604 710 639 τῷ
727 604 787 640 Θεῷ
803 604 878 639 μόνῳ

89 649 266 685 λατρεύοντες
281 649 393 676 δπισθεν
408 649 454 676 τὸν
472 649 547 685 ἥλιον
563 650 647 685 ἔχωσι
664 651 732 686 πρὸς
746 650 796 686 τὴν
809 659 877 686 σκη-

88 695 136 729 νὴν
162 695 366 729 τετραμμένοι,
388 694 436 721 καὶ
454 694 491 730 μὴ
512 694 617 728 τοῦτον,
632 696 700 722 ἀλλὰ
722 696 767 723 τὸν
783 696 878 723 τούτου

89 740 208 776 Ιῐοιητὴν
216 740 400 775 προσκυνῶσι·
409 741 556 776 δρύφακτῴ
566 742 656 769 τοίνυν
668 743 684 778 ἡ
698 742 784 778 σκηνὴ
795 751 879 778 προσ-

89 786 190 822 εῴκει.
216 787 325 818 σανίδας
358 786 492 814 πάντοθεν
520 787 619 823 ἔχουσα
652 788 879 824 συνηρμοσμένας

88 833 229 868 ἀλλήλαις·
245 831 317 868 εἶχον
330 833 358 860 δὲ
375 833 423 860 καὶ
436 833 486 865 τὰς
498 833 592 869 βάσεις
602 834 725 870 ἀργυρᾶς
736 835 784 862 καὶ
797 844 879 870 κεφα-

930 236 1001 264 bula:
1016 237 1043 264 in
1063 237 1175 272 triginta
1198 237 1307 265 cubitos
1334 241 1416 264 erant
1439 242 1587 273 proleuste.
1609 239 1718 268 Rursus

928 290 989 318 quae
1009 290 1073 318 pars
1092 283 1203 319 respicit
1224 284 1258 311 ad
1273 283 1454 317 occidentem,
1469 291 1516 311 sex
1539 284 1659 314 habebat
1675 291 1717 313 ta-

928 329 1007 357 bulas
1038 329 1135 357 eadem
1159 337 1300 362 mensura,
1323 330 1448 364 duosque
1468 331 1594 366 angulos.
1610 331 1649 359 Ex
1674 332 1717 359 his

928 375 1074 404 duodecim
1087 375 1188 404 cubitis
1215 376 1252 404 ita
1267 376 1432 409 distributis,
1456 376 1551 404 decem
1565 367 1718 412 implebant

928 421 1085 449 interiorem
1112 426 1220 457 partem
1259 422 1351 449 caeteri
1399 422 1517 450 laterum
1555 422 1714 458 juncturam

928 467 1126 503 suscipiebant.
1158 467 1198 496 Ex
1225 475 1258 496 ea
1273 475 1339 495 vero
1355 473 1434 503 parte
1456 476 1518 503 quae
1543 469 1655 504 respicit
1681 469 1715 496 ad

928 515 1073 548 orientem,
1105 518 1212 550 portam
1229 522 1290 542 esse
1307 514 1403 549 jussit,
1423 520 1454 542 ut
1471 515 1529 550 ipse
1558 515 1650 543 oriens
1663 514 1717 547 sol,

929 560 1109 593 osculationc,
1127 565 1158 588 ut
1182 559 1220 587 ita
1249 561 1350 594 dicam,
1372 561 1538 588 vestibulum
1553 561 1718 596 complecte-

929 612 1015 639 retur,
1034 606 1126 634 statim
1153 607 1247 634 radios
1267 607 1428 640 immittens,
1443 611 1529 642 utque
1543 606 1591 642 qui
1608 607 1718 635 unicum

929 652 1016 679 Deum
1034 652 1174 679 adoraturi
1197 657 1300 685 essent,
1317 652 1349 680 ad
1363 653 1571 680 tabernaculum
1582 653 1718 685 conversi,

929 699 1064 726 orientem
1085 708 1100 726 a
1117 704 1197 735 tergo
1214 699 1301 727 solem
1317 699 1487 734 exciperent,
1511 707 1562 727 nec
1577 707 1652 732 eum,
1670 700 1717 728 sed

930 745 991 780 ejus
1008 745 1166 774 Creatorem
1176 745 1334 774 adorarent.
1349 745 1482 773 Tabulata
1501 746 1610 781 quidem
1629 746 1721 774 taber-

930 791 1060 819 naculum
1075 792 1163 820 slmile
1176 796 1244 825 erat,
1257 791 1399 820 columnas
1413 792 1597 827 undequaque
1613 792 1719 820 habens

931 838 999 866 alias
1015 838 1076 866 aliis
1087 845 1177 873 aptas.
1194 838 1231 865 lis
1245 843 1327 865 erant
1338 842 1474 873 argenteae
1497 837 1588 870 bases,
1605 838 1719 873 capitis-

89 879 163 911 λίδας
174 879 316 911 ὡσαύτως·
329 880 377 906 καὶ
390 876 469 906 αὗται
480 879 509 906 δέ
522 869 681 912 έξωθενγκαῖ
691 881 796 907 ἔνδοθεν
808 869 879 916 ἦσαν
894 869 916 899 Β
931 892 986 919 que
1004 889 1022 912 t¢

971 892 986 912 e
1004 889 1161 920 tegumenta
1176 892 1208 912 ex
1232 885 1329 912 eodem
1347 885 1471 918 metallo,
1487 884 1589 919 illaque
1616 884 1721 912 extrin-

88 926 254 961 ειλημμέναι
273 925 378 961 χρυσῷ·
395 926 440 952 τὸν
456 926 486 952 δέ
499 926 598 961 ὄροφον
618 925 691 963 εἶχεν
707 927 735 961 ἐξ
752 928 879 963 ὑφασμά-

88 980 143 998 των
168 971 310 1004 ποικίλων,
329 972 363 999 ἐκ
380 972 517 1008 διαφόρων
536 974 791 1009 κατεσκευασμένον
807 983 880 1010 χρω-

90 1019 185 1055 μάτων
197 1027 204 1033 ·
222 1019 253 1045 τὺ
270 1019 321 1054 μέν
334 1018 388 1054 γὰρ
405 1016 440 1054 ἦν
457 1019 600 1054 ἁλουργόν·
621 1019 651 1047 τὸ
670 1020 699 1047 δὲ
716 1020 847 1056 ροδοειδὲς
861 1020 878 1057 ἢ

89 1065 272 1100 κοκκοῆαφές·
288 1066 318 1092 τὺ
331 1066 359 1092 δὲ
375 1066 496 1102 ὑακίνθῳ
510 1067 686 1101 προσεοικός·
702 1067 718 1101 ὴ
736 1066 764 1093 δὲ
781 1066 879 1102 βύσσος

88 1112 138 1147 τὴν
156 1111 256 1147 λευκὴν
272 1110 330 1148 εἶχε
345 1113 441 1149 χρόαν·
456 1113 504 1140 καὶ
518 1112 606 1140 ταῦτα
622 1113 651 1140 δὲ
667 1113 721 1140 τῶν
738 1114 880 1149 τεσσάρων

89 1158 231 1194 στοιχείων
246 1156 280 1194 ἦν
305 1159 475 1194 αἰνίγματα·
497 1159 511 1185 ὸ
534 1159 584 1193 μὲν
609 1159 735 1191 ὑάκινθος
757 1158 796 1194 τῷ
818 1159 880 1195 ἀέρι

89 1205 245 1241 προσέοικε·
258 1205 289 1232 τὸ
303 1205 332 1232 δέ
350 1205 479 1241 pascuae;
494 1205 511 1240 ἢ
522 1204 693 1239 κοκκοϐαφές
704 1204 743 1240 τῷ
757 1204 835 1240 πυρί·
849 1205 880 1232 τὸ

88 1252 116 1278 δὲ
125 1251 258 1286 ἁλουργὸν
269 1251 367 1287 μηνύει
380 1251 431 1287 τὴν
446 1251 599 1278 θάλασσαν·
615 1251 705 1286 ἐκείνη
717 1251 772 1286 γὰρ
784 1251 880 1286 τρέφει

88 1298 134 1324 τὸν
147 1297 255 1332 κόχλον,
269 1297 299 1330 ἐξ
315 1295 348 1334 ἦς
362 1298 393 1324 τὸ
414 1298 542 1324 τοσοῦτον
557 1297 662 1332 γίνεται
684 1297 785 1333 χρῶμα
797 1305 804 1312 ·
819 1298 835 1333 ἠ
851 1297 880 1324 δὲ

90 1344 190 1380 βύσσος
204 1346 254 1381 τὴν
271 1346 333 1381 γῆν,
349 1346 381 1372 ἐκ
396 1344 498 1380 ταύτης
513 1345 567 1380 γὰρ
587 1344 694 1380 φύεται·
710 1345 758 1371 καὶ
772 1344 879 1380 δέρρεις

89 1390 117 1418 δὲ
128 1389 186 1426 εἷχε
199 1391 321 1427 τριχίνας
331 1391 519 1426 ἐπικειμένας,
529 1391 576 1418 καὶ
588 1390 679 1426 μέντοι
691 1391 738 1417 καὶ
748 1390 879 1427 διφθέρας

89 1437 227 1471 ποικίλας,
243 1437 313 1464 ὥστε
334 1437 381 1464 καὶ
395 1437 441 1464 τὸν
458 1437 536 1464 ὑετὸν
550 1436 704 1472 ἀπείργειν,

125 1482 181 1511 Καὶ
191 1484 246 1516 τοῖς
260 1483 362 1520 ίερεῦσι
376 1484 404 1510 δὲ
419 1483 590 1511 παντοδαπὸν
604 1483 752 1519 περιέθηκε
764 1482 877 1518 κόσμον,

89 1529 134 1555 τὸν
153 1529 203 1563 μὲν
219 1528 282 1555 λαὸν
307 1528 531 1564 καταπλήττοντα
553 1527 592 1563 τῷ
609 1528 730 1564 διαφόρῳ
745 1528 792 1555 τοῦ
814 1527 880 1563 σχή-

91 1584 176 1610 ματος
186 1596 193 1606 ,
207 1575 307 1606 αὐτοὺς
322 1574 351 1601 δέ
367 1575 431 1607 τοὺς
450 1575 541 1611 ἱερέας
561 1574 722 1602 διδάσκοντα
739 1575 812 1606 ὅπως
828 1574 881 1610 χρὴ

89 1619 140 1654 τὴν
165 1618 255 1655 ψυχὴν
275 1618 436 1654 ἐξωραῖζειν
461 1618 510 1646 καὶ
536 1620 668 1654 κοσμεῖν·
696 1618 831 1654 ὑποδύτην
853 1618 883 1645 δὲ

91 1665 169 1692 καλεῖ
187 1665 232 1691 τὸν
255 1665 397 1701 ἐνδότερον
420 1665 600 1701 χιτωνίσκον·
619 1663 769 1700 ἐπενδύτην
789 1665 817 1692 δὲ
837 1664 883 1691 τὸν

90 1712 195 1746 χιτῶνα
207 1711 253 1738 τὸν
265 1711 407 1747 ἐξώτερον·
423 1711 578 1738 ὑακίνθινον
588 1711 616 1737 δέ
631 1712 724 1738 τοῦτον
732 1710 882 1746 προσέταξε

91 1757 238 1792 γενέσθαι·
256 1757 362 1793 ποδήρη
382 1757 412 1784 δὲ
427 1757 634 1794 προσηγόρευσε
645 1756 682 1788 ὡς
701 1757 883 1793 μέχριᾶκρων

90 1804 146 1831 τῶν
163 1802 253 1830 ποδῶν
269 1804 399 1838 διήκοντα
412 1812 419 1819 ·
436 1804 581 1840 ἀπήρτησε
595 1803 623 1830 δὲ
639 1803 734 1830 τούτου
754 1803 883 1835 κώδωνας

91 1849 212 1886 χρυσοῦς
230 1850 278 1877 καὶ
299 1850 424 1886 ῥοΐσκους
441 1850 484 1877 ῐνα
499 1851 539 1882 είς
554 1850 587 1876 τὺ
599 1849 693 1877 ἄδυτον
708 1849 755 1876 καὶ
767 1850 883 1877 ἀνάκτο-

93 1905 140 1932 ρον
156 1896 207 1931 τῆς
224 1896 327 1931 σκηνῆς
340 1895 432 1923 εἰσιὼν
444 1916 451 1929 ,
469 1897 517 1923 καὶ
531 1896 580 1931 τὴν
598 1895 652 1922 ἀπὸ
668 1895 769 1922 τούτων
793 1895 883 1921 ἐπιτε-

91 1944 229 1978 λουμένην
243 1942 312 1978 ὴχὴν
327 1942 515 1978 εἰσδεχόμενος
531 1941 603 1978 μετὰ
614 1941 690 1973 δέους
701 1941 750 1977 τὴν
764 1940 884 1976 λειτουρ-

91 1990 156 2025 γίαν
169 1989 281 2024 ἐπιτελῇ
293 1989 331 2020 εις
342 1989 453 2024 μνήμην
465 1988 512 2015 τοῦ
524 1988 740 2024 προστεταχότος
753 1986 885 2021 ἀφικνού-

94 2043 186 2072 μενος·
207 2035 251 2062 διά
271 2043 313 2061 τοι
332 2032 412 2061 τοῦτο
427 2034 474 2062 καὶ
485 2035 500 2061 ὸ
515 2034 648 2070 ποδήρης.
665 2032 712 2061 τοῦ
733 2034 814 2070 ἀέρος
827 2032 884 2068 εἶχε

91 2084 124 2110 τὸ
140 2080 251 2118 χρῶμα·
273 2081 401 2113 ὑάκινθος
421 2081 450 2107 δέ
465 2079 499 2116 ἧν
514 2081 551 2113 ὡς
566 2081 599 2108 ἂν
613 2081 651 2112 εἰς
666 2079 759 2108 τοῦτον
775 2081 884 2116 ἀφορῶν

93 2118 240 2165 μετάρσιος
250 2127 370 2163 γίνηται·
384 2126 512 2154 ἐπέκειτο
521 2126 550 2153 δὲ
561 2127 594 2162 τῇ
607 2126 711 2162 κεφαλῇ
723 2124 830 2162 κίδαρις
839 2125 885 2152 τὸν

90 2174 209 2211 οὐρανὸν
219 2172 385 2209 μιμουμένη·
398 2172 571 2199 ὲπεκάλυπτε
580 2171 608 2198 δέ
620 2173 667 2198 καὶ
676 2171 765 2199 ταινία
776 2171 807 2198 τὸ
818 2171 884 2206 μιτ-

930 939 1010 960 secus
1025 936 1052 959 et
1069 938 1105 959 ex
1124 931 1247 959 interiori
1266 935 1343 966 parte
1364 939 1433 959 auro
1449 930 1589 959 distincta.
1606 930 1720 959 Tectum

928 986 960 1005 ex
976 978 1053 1006 varia
1065 983 1175 1006 textura
1201 979 1357 1011 constabat,
1374 978 1491 1006 diversis
1518 978 1659 1006 coloribus
1673 977 1721 1006 de-

928 1024 1045 1060 pictum,
1062 1028 1181 1060 parteex
1190 1024 1244 1052 alia
1263 1031 1444 1059 purpureum,
1461 1024 1514 1052 alia
1530 1032 1652 1059 roseum,
1667 1025 1720 1053 alia

929 1076 1012 1098 cocco
1020 1070 1148 1103 tinctum,
1170 1070 1223 1097 alia
1243 1070 1460 1106 hyaeinthinum,
1468 1071 1521 1098 alia
1533 1071 1669 1100 referente
1680 1073 1722 1100 al-

928 1115 994 1143 bum
1005 1116 1078 1151 byssi
1088 1116 1220 1144 colorem.
1228 1115 1292 1144 llaec
1301 1121 1418 1151 quatuor
1433 1117 1630 1145 elementorum
1642 1123 1721 1146 erant

929 1162 1234 1198 symbola.Hyacinthus
1240 1162 1297 1190 aeri
1305 1162 1365 1190 simi
1371 1162 1560 1195 lisest,roseus
1566 1164 1722 1193 coccineus«

929 1215 963 1235 ve
978 1207 1052 1236 color
1063 1207 1131 1243 igni,
1144 1215 1299 1243 purpureus
1309 1215 1374 1235 vero
1390 1215 1466 1236 mare
1481 1209 1638 1244 signiﬁcat;
1653 1210 1721 1238 illud

933 1255 1007 1282 enim
1022 1255 1109 1282 nutrit
1123 1255 1256 1282 concham
1270 1262 1304 1282 ex
1325 1262 1380 1289 qua
1392 1259 1446 1282 tam
1459 1256 1576 1290 pulcher
1594 1257 1721 1285 nascitur

929 1299 1024 1334 color;
1052 1304 1231 1334 repraesentat
1252 1300 1351 1336 hyssus
1375 1303 1478 1328 terram
1501 1308 1516 1328 e
1534 1309 1586 1336 qua
1613 1302 1719 1335 oritur;

931 1348 1015 1384 pelles
1040 1349 1123 1376 etiam
1141 1348 1267 1376 crinibus
1293 1347 1428 1376 confecta:
1447 1349 1501 1377 illis
1522 1349 1722 1385 superinductae

929 1398 1018 1427 erant,
1033 1395 1193 1430 exuviaqhe
1205 1394 1343 1422 distinctae
1365 1402 1426 1430 qua:
1447 1394 1561 1423 imbrem
1585 1400 1720 1423 arcerent.

965 1480 1096 1508 Praeterea
1114 1480 1303 1509 sacerdotibus
1323 1481 1525 1510 diversissimas
1546 1487 1636 1511 vestes
1650 1483 1721 1512 Deus

932 1527 1091 1562 a55ignavit,
1106 1534 1167 1562 qua:
1193 1527 1308 1562 populo,
1332 1527 1425 1555 cultus
1453 1527 1606 1561 varietate,
1638 1529 1723 1556 mira-

933 1572 1033 1600 tionem
1061 1576 1229 1605 moverent,
1255 1572 1383 1608 ipsosque
1410 1573 1541 1600 docerent
1566 1574 1722 1602 sacerdotes

932 1619 1072 1654 quomodo
1092 1619 1211 1646 animam
1238 1626 1377 1646 exornare
1395 1624 1594 1655 venustamque
1616 1620 1722 1648 efﬁcere

933 1668 1082 1699 oporteret.
1098 1663 1209 1692 Vestem
1225 1664 1384 1691 interiorem
1422 1665 1540 1700 appellat
1558 1666 1720 1699 tuniculam,

933 1709 1082 1736 amiculum
1109 1709 1287 1741 exteriorem,
1315 1714 1342 1736 et
1360 1708 1431 1737 hanc
1463 1710 1583 1738 tunicam
1609 1711 1722 1747 hyacin-

934 1754 1039 1781 thinam
1059 1762 1120 1782 esse
1135 1755 1314 1790 prwscripsit.
1331 1753 1382 1782 Cui
1399 1755 1432 1782 ad
1456 1755 1525 1783 imos
1554 1757 1636 1791 pedes
1656 1765 1722 1793 pro—

933 1799 1026 1827 missae
1041 1799 1134 1828 talaris
1149 1800 1370 1835 fuitcognomen,
1383 1801 1417 1828 de
1427 1809 1480 1836 qua
1493 1809 1577 1830 aurea
1591 1803 1723 1831 tintinna-

933 1844 997 1872 bula
1010 1844 1127 1879 speciem
1143 1845 1207 1872 mali
1232 1845 1327 1880 punici
1340 1845 1487 1874 referentia
1508 1847 1673 1882 pendebant,
1691 1854 1722 1877 ut

933 1890 961 1918 in
985 1890 1095 1926 adytum
1119 1895 1146 1918 ct
1181 1891 1285 1927 regiam
1320 1892 1488 1920 tabernaculi
1517 1900 1578 1920 cum
1607 1894 1723 1923 intraret

934 1937 1073 1969 sacerdos,
1090 1942 1218 1972 percepto
1235 1945 1330 1965 eorum
1353 1939 1457 1969 sonitu.
1478 1946 1542 1967 cum
1568 1941 1723 1969 reverentia

934 1983 1069 2011 solemnia
1082 1988 1234 2019 perageret,
1244 1983 1393 2012 recordans
1408 1985 1483 2013 illius
1497 1986 1544 2020 qui
1555 1986 1612 2013 hac
1629 1987 1722 2014 omnia

934 2035 1109 2065 praeceperat.
1136 2029 1319 2063 Quamobrem
1336 2030 1431 2059 talaris
1469 2031 1572 2059 aeriam
1601 2032 1722 2060 colorem

934 2075 1081 2109 referebat,
1096 2076 1313 2113 hyacintheaque
1336 2082 1395 2104 erat
1412 2081 1442 2104 ut
1470 2077 1503 2104 ad
1526 2085 1586 2104 eam
1614 2079 1724 2106 intuens

935 2127 1055 2150 mentem
1070 2123 1201 2151 sacerdos
1224 2130 1336 2150 sursum
1365 2127 1481 2150 teneret.
1507 2122 1724 2159 lmminebatque

935 2169 1037 2197 summi
1051 2169 1202 2198 sacerdotis
1227 2169 1311 2197 fronti
1329 2170 1408 2202 tiara,
1430 2170 1530 2197 caelum
1547 2171 1663 2204 imitata,
1683 2170 1724 2197 fa-

91 2229 168 2248 ωπον
180 2240 187 2253 ,
210 2220 244 2255 ἣν
265 2219 363 2254 μίτραν
380 2217 456 2245 εἶπον
472 2218 500 2245 οι
518 2217 730 2253 Ἐϐδομήκοντω
747 2215 804 2252 εἶχε
816 2216 840 2244 δ’
854 2217 882 2245 ἐν
897 2223 924 2253 ι)
935 2216 1005 2244 ciem

968 2223 1005 2243 3m
1031 2215 1192 2251 contegebat
1215 2216 1282 2242 vitta
1302 2223 1384 2250 quam
1413 2214 1589 2250 Septuaginta
1613 2216 1724 2243 mitram

92 2268 172 2302 μέσῳ
195 2265 265 2302 αὕτη
292 2265 408 2292 πέταλον
432 2264 552 2300 χρυσοῦν
576 2263 805 2298 ἐγγεγραμμένον
827 2262 890 2299 ἔχον

90 2313 141 2340 τοῦ
158 2311 227 2339 Θεοῦ
251 2312 391 2348 ἄφραστον
412 2311 497 2345 ὄνομα
516 2310 530 2337 ὃ
550 2309 678 2336 καλοῦσιν
700 2309 821 2345 Ἑϐραῖοι
842 2317 888 2335 τε-

91 2359 317 2395 τραγράμματον
328 2365 336 2373 ·
362 2357 507 2385 εὐλάϐειαν
523 2355 552 2383 δέ
574 2355 620 2382 τὸν
643 2354 707 2381 λαὸν
722 2353 889 2381 ἐκπαιδεύων

91 2406 127 2433 δι’
141 2405 303 2441 αίνίγματος
316 2403 395 2431 τοῦτο
411 2402 575 2438 δεδήλωκεν·
597 2399 791 2436 Ἐπιγράψεις
820 2399 886 2435 γὰρ,

92 2453 188 2488 φησὶν,
197 2451 270 2479 αὐτὸ
280 2450 413 2485 ἁγίασμα
429 2449 548 2483 Κυρίου.

136 2498 280 2525 Ἐκέλευσε
296 2497 325 2524 δὲ
341 2495 417 2532 αὐτῷ
431 2495 480 2522 καὶ
494 2494 640 2530 ἐφεστρίδα
654 2492 793 2528 γενέσθαι,
817 2493 852 2529 ἢν
863 2493 888 2519 οἱ

98 2544 315 2579 Ἐϐδομήκοντα,
332 2541 458 2577 ἐπωμίδα
468 2541 617 2568 ἐκάλεσαν·
637 2541 666 2566 ὲν
687 2540 716 2566 δέ
732 2540 791 2572 ταῖς
805 2539 887 2566 Βασι-

91 2589 181 2622 λείαις
211 2589 396 2625 εὑρίσκομεν,
421 2588 521 2623 ἐφοὺδ,
547 2586 632 2622 αὐτὴν
665 2586 736 2614 κατὰ
760 2586 810 2622 τὴν
832 2584 886 2612 τῶν

98 2635 237 2672 Ἐϐραίων
262 2634 387 2668 γλῶτταν
412 2633 624 2668 ὠνομασμένην·
654 2631 725 2667 αὕτη
747 2629 820 2667 εἶχεν
844 2630 887 2665 ἐφ’

94 2681 230 2716 ἐκατέρου
252 2680 302 2716 μὶν
318 2679 395 2716 ὤμου
416 2679 463 2720 δύο
490 2679 580 2711 λίθους
604 2678 760 2710 πολυτελεῖς
777 2678 888 2713 ἔχοντας

95 2729 151 2756 τῶν
177 2727 269 2764 φυλῶν
292 2726 342 2760 τὰς
362 2725 550 2762 προσηγορίας
579 2725 826 2761 ἐγγεγραμμένας·
849 2724 889 2760 τῷ

97 2775 193 2811 στήθει
207 2773 235 2801 δέ
249 2773 280 2801 τὸ
298 2772 468 2809 καλούμενον
481 2771 585 2807 λογεῖον
595 2770 644 2807 τὴν
656 2770 768 2806 λογικὴν
785 2778 889 2805 συγκα-

135 2867 157 2883 “
171 2865 258 2893 Exod.
269 2870 365 2897 nvnI,
380 2863 423 2892 17.

929 2261 1102 2296 appellarunt
1119 2269 1126 2295 ;
1146 2261 1273 2289 stabatin
1291 2261 1380 2288 medio
1406 2260 1506 2288 lamina
1519 2269 1601 2289 aurea
1629 2261 1656 2289 in
1670 2269 1724 2297 qua

935 2307 1120 2336 inenarrabile
1153 2307 1202 2335 Dei
1231 2315 1342 2339 nomen,
1365 2315 1381 2334 a
1399 2306 1502 2335 Judaais
1529 2312 1724 2342 tetragranuna

937 2354 1115 2389 appellatum,
1140 2353 1303 2388 inscriptum
1331 2357 1401 2380 erat.
1432 2351 1479 2381 Sic
1509 2352 1624 2388 ﬁgurate
1651 2353 1725 2382 Dens

936 2399 1066 2434 populum
1085 2398 1264 2438 reverentiam
1294 2398 1417 2430 docebat,
1432 2402 1462 2425 ut
1484 2405 1517 2425 ex
1531 2397 1573 2424 his
1593 2403 1725 2433 apparet:

938 2444 1059 2479 διαίρει,
1082 2446 1181 2481 inquit,
1209 2445 1294 2479 ipsum
1326 2449 1447 2470 sanctum
1475 2443 1588 2470 Domino
1602 2444 1638 2471 ⁶⁹.

972 2492 1295 2528 Ρηρεερίιίιιιοιιιιοῡειιε
1308 2498 1447 2518 summum
1463 2491 1631 2518 sacerdotem
1650 2490 1725 2517 indui

935 2544 1009 2568 veste
1015 2547 1096 2575 quam
1105 2536 1356 2574 superhumeralem
1367 2541 1532 2564 vocaverunt
1539 2536 1728 2571 Septuaginta,

935 2594 1018 2622 quam
1036 2589 1128 2614 autem
1153 2585 1180 2612 in
1196 2584 1297 2619 Regum
1308 2583 1387 2611 libris
1402 2583 1538 2618 appellant
1557 2582 1662 2618 Ephod,
1677 2581 1729 2610 Hc-

934 2632 1007 2661 braca
1033 2639 1100 2660 voce
1112 2630 1290 2666 designatam.
1305 2628 1375 2657 Huic
1400 2633 1478 2657 erant
1490 2635 1572 2664 super
1582 2632 1730 2663 utrumque

939 2678 1085 2706 humerum
1109 2677 1164 2705 duo
1178 2676 1290 2712 pretiosi
1305 2675 1411 2711 lapides
1422 2674 1546 2710 inscripti
1567 2673 1729 2702 nominibus

937 2724 1059 2752 tribuum
1071 2722 1164 2751 lsrael.
1181 2720 1210 2750 In
1220 2726 1339 2758 pectore,
1348 2720 1448 2748 mentis
1457 2725 1564 2755 tegmen
1580 2719 1728 2755 pectorale.

942 2769 1015 2799 Huic
1035 2777 1145 2806 quoque
1158 2767 1302 2797 duodecim
1318 2767 1423 2802 lapides
1438 2766 1522 2803 aptati
1541 2771 1629 2800 crant,
1647 2765 1731 2795 varii.
