1874 3070
170 124 240 156 1095

729 123 861 154 PHOTII
880 121 1132 153 ΡΛΤΗΙΛΒΟΗᾹΞ
1153 123 1206 152 CP.

1735 123 1809 156 1096

172 179 316 208 coloribus
348 179 492 206 micantes.
531 178 636 212 Quibus
671 179 773 206 indicto
803 179 885 210 bello,
921 179 1044 209 γυΙΑλύ

1039 179 1114 206 ἱπτον
1140 178 1254 214 καρδίαν
1267 186 1273 193 ·
1289 175 1346 214 εἶχε
1366 177 1394 205 δὲ
1409 178 1456 206 καὶ
1479 178 1559 206 τοῦτο
1584 175 1688 206 δώδεκα
1714 180 1808 212 λίθους

166 227 295 259 victoria,
311 226 352 253 vel
366 226 456 252 clades
469 225 687 260 signiﬁcabatur.
712 224 790 258 Quod
810 225 912 260 Regum
925 232 960 252 ex

170 273 284 301 historia
297 276 414 300 constat.
449 273 516 300 Cum
527 273 602 300 enim
618 272 750 300 adversus
767 272 848 299 Israel
859 272 958 299 bellum

168 318 352 354 suscepissent
366 317 470 350 hostes,
486 324 542 345 non
555 318 631 352 prius
641 324 725 344 attsus
740 322 781 344 est
797 316 861 344 Saul
871 317 958 344 aciem

168 364 304 391 instruere
319 370 402 398 quam
422 362 499 397 signa
514 362 637 389 victoriae
651 362 777 389 vidisset.
797 361 889 395 Quare
901 361 958 388 uni-

166 410 237 437 versi
249 410 345 436 mundi
363 408 436 436 Deus
455 409 538 436 dicit:
558 418 568 434 ο
583 408 726 443 Poncsque
753 409 890 436 rationale
911 407 958 442 ju-

166 455 231 482 dici‘r
243 455 270 481 in
285 459 396 489 pectore
407 455 511 486 Aaron,
528 458 555 481 et
570 454 595 480 in
625 458 741 488 utroque
761 453 846 480 latere
860 461 958 488 super-

166 500 327 528 humeralis.
343 509 353 526 r
378 500 561 534 Adjeeitque:
591 509 600 525 ε
619 499 763 535 Ponesque
794 499 822 526 in
850 507 882 526 eo
907 498 958 525 do-

165 547 280 575 ctrinam
309 551 336 573 et
356 546 496 573 veritatem
514 547 549 573 7°.
567 556 577 572 ι
608 545 821 580 Doctrtnamque
845 545 956 580 quidem

165 593 273 620 vocavit
289 593 367 628 signa
395 599 428 619 ex
459 591 513 618 illis
534 592 682 626 lapidibus,
714 592 858 619 veritatem
891 598 957 618 vero

163 638 306 673 signorum
333 637 519 664 veracitatem.
553 636 611 663 Hoc
639 636 712 664 enim
736 636 958 663 animadverten—

163 683 230 709 dum
243 689 344 710 censeo
362 681 436 716 quod
456 681 640 709 crassioribus
655 681 738 716 hujus
757 681 847 709 atatis
864 682 956 709 homi-

164 729 247 756 nibus
260 735 342 762 quam
358 732 387 754 ut
406 727 560 762 spiritualia
574 727 758 762 intelligerent
783 726 956 761 sapientissi—

164 781 226 801 mus
236 773 368 801 Dominus
383 778 476 801 noster
487 781 535 808 per
545 780 675 807 corporea
687 773 809 808 symbola
824 773 956 800 auxilium

163 820 359 856 suppeditavit,
388 820 467 848 nobis
494 824 584 846 autem
599 819 796 854 interpretatur
817 821 956 855 pectorale

1013 225 1280 260 προσηρμοσμένους
1295 224 1424 260 διάφορον
1447 224 1558 260 ἔχοντας
1582 226 1686 261 χρόαν·
1705 226 1752 253 διὰ
1777 227 1807 253 δὲ

1011 271 1092 296 τοῦ-ιο
1112 270 1239 305 ἐδηλοῦτο
1252 270 1372 305 πολέμου
1390 271 1638 306 συγκρστηθέντος,
1654 271 1671 307 ἢ
1692 272 1753 307 νίκη
1764 292 1772 304 ,
1789 273 1805 308 ἤ

1011 315 1080 352 ἧττα
1093 324 1100 331 ·
1118 316 1166 342 καὶ
1184 315 1264 343 τοῦτο
1278 316 1307 343 δὲ
1325 317 1382 343 τῶν
1396 316 1544 344 Βασιλειῶν
1560 317 1577 352 ἠ
1603 317 1712 352 ἱστορία
1733 318 1806 345 διδάν

1012 370 1092 388 σκει·
1123 363 1398 398 ἐπιστρατευσάντων
1433 363 1488 398 γὰρ
1513 363 1568 391 τῶν
1602 363 1742 399 πολεμίων
1766 363 1807 398 τῷ

1017 407 1126 443 Ἰσραὴλ
1138 408 1170 434 οὐ
1183 408 1317 444 πρότερον
1337 408 1489 444 ἐτόλμησεν
1503 409 1518 435 ὁ
1535 409 1623 436 Σαοὺλ
1643 409 1805 445 παρατάξα-

1011 453 1085 486 σθαι,
1100 454 1152 487 ἓως
1165 453 1218 481 εἶδε
1231 454 1265 482 τὰ
1273 455 1323 490 τῆς
1338 455 1417 490 νίκης
1430 455 1577 490 μηνύματα
1589 463 1596 471 ·
1610 456 1654 482 διὰ
1670 456 1752 482 τοῦτο
1766 457 1806 483 εί-

1010 499 1103 534 ρηκὼς
1115 500 1129 525 ὁ
1140 499 1195 526 τῶν
1205 500 1274 526 ὅλων
1286 500 1353 531 Θεός
1365 508 1373 515 ·
1388 509 1397 526 ι
1422 500 1476 526 Καὶ
1492 500 1634 535 ἐπιθήσεις
1647 501 1678 527 τὸ
1699 501 1805 534 λογεῖον

1009 544 1058 578 τῆς
1078 544 1197 579 κρίσεως
1221 545 1267 571 ἐπὶ
1292 545 1325 572 τὸ
1341 545 1439 580 στῆθος
1465 545 1589 581 Ἀαρὼν,
1613 546 1661 572 καὶ
1674 546 1805 580 συνάψεις

1008 589 1075 616 αὐτὸ
1087 589 1154 625 πρὸς
1166 589 1215 624 τὴν
1228 590 1354 625 ἐπωμίδα
1365 599 1373 607 ι
1387 599 1396 615 ι
1411 590 1536 625 ἐπήγαγε
1546 599 1552 605 ·
1570 600 1580 616 ι
1595 591 1650 617 Καὶ
1661 591 1805 626 ἐπιθήσεις

1009 635 1086 670 αὖτῷ
1100 635 1149 670 τὴν
1167 635 1285 671 δήλωσιν
1300 636 1349 663 καὶ
1359 635 1409 671 τὴν
1430 636 1560 671 ἀλήθειαν
1574 644 1582 652 ⁸
1599 645 1608 662 ι
1623 637 1670 663 καὶ
1685 637 1805 672 δήλωσιν

1009 681 1060 716 μέν
1074 681 1204 708 ἐκάλεσεν
1217 682 1252 708 τὰ
1263 681 1368 708 ἐκεῖθεν
1380 682 1528 718 μηνύματα
1537 690 1545 698 ’
1563 682 1694 718 ἀλήθειαν
1708 683 1737 710 δὲ
1747 683 1803 710 τῶν

1010 727 1176 762 μηνυμάτων
1191 728 1221 754 τὸ
1244 727 1359 763 ἀψευδές
1372 736 1379 742 ·
1396 728 1484 756 ἰστέον
1506 728 1556 764 μέν
1570 737 1613 755 τοι
1627 729 1666 762 ὡς
1683 730 1803 765 παχυτέ-

1008 780 1067 808 pot;
1076 772 1134 800 οὖσι
1150 774 1206 805 τοῖς
1222 774 1373 809 τηνικαῦτα
1393 775 1441 802 καὶ
1458 774 1512 802 τῶν
1527 775 1632 811 νοητῶν
1654 775 1802 810 ἐφικέσθαι

1009 818 1047 853 μὴ
1062 817 1239 854 δυναμένοις,
1254 818 1298 846 διὰ
1321 819 1375 846 τῶν
1392 819 1557 855 σωματικῶν
1579 820 1723 856 συμῦόλων
1749 822 1801 856 τὴν

164 866 317 902 θροευιοιίο
331 866 526 900 spiritualium,
544 865 666 902 chlamys
687 865 819 901 perfectio
835 866 958 898 virtutis,
976 858 996 885 Β
1010 864 1047 899 ὡς

1039 865 1145 899 ρέλειαν
1176 865 1340 900 όπάνσοφος
1370 866 1449 902 ἡμῶν
1481 867 1622 902 Δεσπότης
1652 868 1800 903 ἐπραγμα-

163 913 295 948 junctura
309 915 400 940 autem
411 912 546 940 concinna
556 911 702 946 pectoralis
709 911 893 948 etchlamydis
908 920 959 940 no-

167 959 210 986 bis
223 959 338 994 ﬁgurate
350 958 430 986 docet
445 958 506 985 lidei
522 962 550 985 et
563 957 694 986 eﬂectivze
709 958 818 986 virtutis
836 965 956 986 concen-

166 1003 281 1031 tionem.
298 1003 420 1031 Primum
436 1003 544 1038 imponi
555 1002 740 1038 chlamydem,
765 1002 864 1030 deinde
890 1003 954 1031 huic

163 1049 302 1084 pectorale
315 1049 404 1084 aptari
420 1048 558 1083 signiﬁcat
577 1053 680 1076 rectam
698 1047 797 1083 agendi
820 1048 952 1077 rationein

162 1094 282 1131 supponi
291 1094 441 1122 virtutibus
456 1094 674 1122 fundamentum.

1007 910 1100 938 τεύετο
1112 920 1119 927 ·
1135 912 1247 948 καὶγὰρ
1257 913 1340 948 ἡμεῖς
1363 913 1478 948 νοοῦμεν
1493 914 1537 941 διὰ
1553 914 1602 940 τοῦ
1623 914 1732 949 λογείου
1749 915 1800 950 τὴν

1007 957 1124 994 Θεωρίαν
1137 959 1192 986 τῶν
1201 959 1305 994 νοητῶν
1314 967 1321 974 ⁸
1341 959 1386 986 διὰ
1397 959 1426 986 δέ
1439 960 1489 995 τῆς
1503 961 1640 996 ἐπωμίδος
1652 961 1702 997 τὴν
1714 962 1800 996 ἐργα-

1005 1004 1066 1030 σίαν
1080 1004 1130 1039 τῆς
1158 1005 1269 1041 ἀρετῆς,
1286 1005 1333 1032 καὶ
1344 1005 1394 1041 τὴν
1408 1005 1457 1033 τοῦ
1471 1006 1576 1041 λογείου
1593 1007 1643 1034 καὶ
1656 1007 1706 1042 τῆς
1723 1007 1800 1034 ἐπω-

1004 1050 1080 1085 μίδος
1094 1051 1228 1087 ἁρμονίαν
1239 1060 1269 1078 τε
1286 1052 1334 1079 καὶ
1348 1052 1496 1086 συνάφειαν
1506 1052 1547 1084 είς
1556 1052 1605 1089 τὴν
1616 1053 1665 1088 τῆς
1680 1052 1799 1085 πίστεως

1006 1097 1053 1124 καὶ
1074 1097 1123 1132 τῆς
1135 1097 1241 1132 ἀγαθῆς
1255 1098 1380 1134 πράξεως
1393 1098 1568 1134 λαμὸάνομεν
1581 1099 1750 1134 συμφωνίαν·
1768 1099 1800 1126 τὸ

166 1142 196 1169 δὲ
216 1142 336 1178 πρώτοις
355 1141 524 1169 ἐπιτίθεσθαι
555 1142 605 1177 τὴν
631 1141 772 1177 ἐπωμίδα,
803 1139 854 1168 εἷθ’
876 1141 962 1174 οὕτως
976 1143 1062 1180 ταύτῃ
1073 1145 1103 1171 τὸ
1119 1145 1223 1180 λογεῖον
1237 1146 1420 1173 συνάπτεσθαι
1443 1146 1474 1174 τὸ
1487 1145 1536 1182 τὴν
1561 1146 1666 1182 ἀγαθὴν
1697 1147 1798 1183 πρᾶξιν

164 1188 322 1224 ὑποϐάθραν
337 1186 407 1216 εἶναι
422 1188 477 1215 τῶν
487 1188 603 1224 ἀρετῶν.

182 1244 348 1279 QUESTIO
362 1242 832 1316 (ΣΟΙΑΧΙέὰὲἐρξθιῗϐιΧΧΧἮί,
852 1243 934 1272 Tauf.

181 1349 269 1382 Quam
286 1348 318 1376 ob
334 1356 443 1375 causam
461 1347 564 1382 Moyses
578 1346 684 1375 tabulas
700 1347 854 1374 contriveril
869 1346 938 1383 (69).

1253 1248 1428 1276 ΕΡΩΤΗΚΙΣ
1455 1249 1536 1277 ΣΞΘ’.

1155 1347 1236 1374 Διατι
1261 1347 1313 1381 τὰς
1341 1347 1462 1381 πλάκας
1486 1348 1688 1384 συνέτριψεν,

595 1406 666 1431 Edita
681 1413 695 1431 ιι
710 1405 774 1430 Maio
790 1405 819 1438 (l.
832 1411 853 1430 c.
871 1413 896 1437 p.
910 1405 965 1436 151,
976 1411 1001 1437 q.
1017 1404 1084 1436 278).
1096 1404 1215 1430 -—Exod.
1232 1411 1312 1434 xxxu,
1326 1405 1363 1430 19.

197 1451 268 1484 Quia
285 1449 539 1486 erediditpopulum
553 1449 620 1485 legis
628 1457 690 1477 esse
707 1449 860 1484 indignum.
886 1448 956 1477 Cum

162 1497 237 1524 enim
261 1495 359 1523 tabula
389 1503 440 1530 pro
464 1495 603 1522 dotalibus
627 1494 726 1522 libellis
740 1499 843 1528 essent,
872 1501 957 1530 spon-

163 1549 252 1576 saque
263 1540 385 1568 nondum
414 1539 566 1567 thalamum
596 1539 730 1575 ingressa,
755 1547 817 1567 sese
843 1539 946 1574 prosti-

164 1586 273 1618 tuisset,
297 1585 374 1612 valde
396 1585 494 1616 iratus.
519 1589 549 1612 ut
575 1592 624 1619 par
643 1588 695 1616 est,
715 1584 806 1612 dotale
828 1584 952 1612 libellum

163 1632 274 1667 dirupit.
292 1629 572 1658 Animadvertendum
583 1630 706 1664 estquod
724 1635 788 1658 tunc
811 1630 844 1657 ad
858 1637 952 1666 preces

162 1678 309 1714 placabilis
326 1677 416 1705 factus
442 1676 526 1709 Deus,
541 1677 567 1704 in
589 1676 664 1704 aliud
694 1680 801 1712 tempus
815 1677 953 1704 distulerit

161 1732 268 1760 pmnas,
281 1724 375 1752 dicens
388 1733 395 1751 :
417 1733 426 1750 ι
442 1722 497 1758 Ego
512 1727 602 1750 autem
615 1722 642 1749 in
653 1721 697 1749 die
712 1722 823 1749 ultionis
838 1722 953 1749 visitabo

162 1772 254 1799 ethoc
273 1773 415 1805 peccatum
428 1776 524 1796 eorum
546 1768 580 1794 τί.
596 1777 606 1794 ι
635 1767 712 1801 Quod
728 1768 851 1803 Apostoli
861 1768 951 1795 verbis

162 1816 252 1843 simile
267 1818 329 1842 est:
362 1813 498 1849 «Ignoras
512 1813 642 1848 quoniam
669 1813 824 1848 benignitas
849 1813 894 1840 Dei
917 1814 951 1840 ad

165 1861 353 1896 paenitentiam
377 1865 403 1888 te
418 1858 555 1887 adducit?
588 1858 743 1886 Secundum
764 1863 854 1886 autern
878 1859 951 1886 duri-

162 1909 227 1935 tiam
245 1912 320 1934 tuatn
332 1907 376 1940 ",
392 1917 402 1933 ι
437 1911 464 1934 et
491 1906 607 1941 reliqua.
646 1906 773 1933 Attamen
812 1905 951 1940 lcgislator

162 1954 274 1989 cognito
287 1956 361 1989 quod
379 1953 522 1981 universus
537 1952 607 1980 Deus
627 1952 685 1987 jam
705 1951 790 1979 nollet
812 1959 873 1980 esse
886 1959 950 1979 cum

160 2000 275 2033 Judaeis.
295 2001 422 2036 angelum
449 2007 515 2027 vero
532 1999 566 2026 iis
591 1998 768 2034 prmiecturus
782 2002 865 2030 esset,
881 1999 950 2025 scire

160 2046 286 2082 quaesivit
305 2053 386 2080 quem
408 2049 482 2072 esset
512 2044 659 2076 missurus,
684 2042 891 2077 obsecravitque
917 2049 951 2069 ne

162 2094 196 2120 iis
209 2092 289 2120 daret
303 2098 469 2118 conservum
485 2090 595 2123 ducem,
614 2089 661 2117 sed
680 2089 738 2124 ipse
752 2094 800 2116 eos
811 2087 948 2123 dirigeret.

161 2137 242 2172 Quod
259 2137 304 2164 ubi
330 2136 497 2172 impetravit,
527 2135 635 2163 sublato
649 2134 743 2162 ebrius
770 2141 865 2161 amore
889 2141 949 2168 quae

163 2184 303 2212 hominem
329 2182 464 2210 excedunt
487 2181 635 2213 affectavit,
660 2179 881 2214 invisibilemque
899 2187 948 2207 na-

162 2237 254 2258 turam
284 2237 400 2258 oet-nere
430 2227 598 2262 concupivit.
621 2225 864 2253 Verumeuintvero
897 2225 949 2252 hoc

160 2285 222 2304 esse
235 2275 312 2304 nefas
322 2276 426 2309 didicit;
438 2282 499 2310 qum
516 2278 605 2301 autem
624 2272 656 2299 ad
673 2272 793 2299 divinam
812 2271 949 2306 pertinent

1039 1447 1153 1480 Λνάξιον
1183 1448 1277 1484 κρίνας
1289 1448 1333 1474 τὸν
1357 1447 1420 1475 λαὸν
1444 1449 1494 1484 τῆς
1506 1448 1667 1484 νομοθεσίας
1677 1457 1685 1464 ·
1701 1449 1797 1486 ἐπειδὴ

1004 1494 1057 1530 γὰρ
1069 1494 1214 1530 προικῴων
1227 1495 1425 1530 γραμματείων
1439 1495 1526 1522 τύπον
1546 1492 1619 1531 εῐχον
1637 1495 1665 1521 αί
1681 1495 1796 1527 πλάκες,

1003 1541 1018 1575 ἡ
1031 1539 1059 1566 δὲ
1075 1540 1168 1576 νύμφη
1185 1540 1237 1575 πρὸ
1253 1540 1304 1575 τῆς
1318 1540 1452 1572 παστάδος
1465 1540 1505 1572 είς
1519 1540 1641 1576 μοιχείαν
1654 1540 1796 1572 ἀπέκλινε,

1004 1586 1077 1622 μάλα
1093 1586 1206 1618 εἰκότως
1223 1586 1253 1612 τὸ
1265 1585 1401 1621 προικῷον
1423 1587 1614 1621 γραμματεῖον
1632 1585 1776 1621 διέῥρηξεν
1786 1593 1794 1601 ·

1005 1632 1186 1659 ἐπισκεπτέον
1203 1632 1252 1667 μὲν
1265 1631 1302 1663 ὡς
1318 1632 1378 1658 τότε
1394 1631 1541 1667 δεξάμενος
1551 1632 1565 1657 ό
1587 1631 1654 1663 Θεὸς
1669 1631 1720 1666 τὴν
1737 1632 1795 1658 ἱκε-

1005 1678 1078 1710 σίαν,
1095 1678 1247 1705 ἀπεδάλετο
1260 1678 1309 1713 τὴν
1324 1677 1458 1713 τιμωρίαν
1469 1685 1476 1692 ·
1493 1676 1671 1712 προστέθεικε
1683 1677 1724 1710 δέ,
1735 1686 1745 1703 ι
1756 1674 1795 1713 *ῌ

1003 1724 1025 1751 δ’
1037 1724 1070 1752 ἂν
1085 1724 1178 1760 ἡμέρᾳ.
1194 1725 1413 1759 ἑπισκέπτωμαι,
1425 1723 1518 1755 ἐπάξω
1528 1723 1571 1749 ἐπ’
1586 1723 1686 1758 αῦτοὺς
1703 1724 1795 1750 πᾶσαν

1002 1770 1052 1806 τὴν
1079 1771 1216 1807 ἁμαρτίαν
1245 1770 1337 1797 αὐτῶν
1351 1778 1357 1785 ν
1388 1780 1397 1796 ι
1426 1770 1500 1796 ἔοικε
1514 1769 1543 1796 δὲ
1557 1768 1637 1796 τοῦτο
1660 1771 1718 1801 τοῖς
1741 1770 1794 1796 ὑπὸ

1002 1818 1051 1844 τοῦ
1087 1817 1249 1844 ’Δποστόλου
1282 1816 1455 1852 εἰρημένοις-⁸
1493 1825 1503 1842 ι
1537 1815 1655 1849 ’Λγνοῶν
1689 1816 1731 1842 ὅτι
1763 1816 1794 1843 τὸ

1003 1862 1120 1898 χρηστὸν
1135 1862 1182 1889 τοῦ
1208 1861 1276 1889 Θεοῦ
1302 1863 1341 1894 είς
1358 1861 1504 1897 μετάνοιάν
1521 1869 1550 1887 σε
1571 1861 1652 1895 ἄγει·
1667 1861 1738 1888 κατὰ
1765 1861 1793 1888 δὲ

1001 1909 1052 1942 τὴν
1066 1907 1235 1943 σκλήροτητά
1247 1915 1304 1938 σου⁷
1325 1916 1334 1932 ι
1347 1906 1394 1932 καὶ
1405 1905 1470 1940 ἑξῆς
1483 1914 1490 1921 ’
1504 1906 1518 1932 ὁ
1539 1905 1631 1940 μέντοι
1643 1904 1793 1940 νομοθέτης

1001 1950 1120 1983 ἀκούσας
1135 1950 1173 1982 ὡς
1189 1950 1238 1977 οὐκ
1251 1950 1375 1982 ἀνέξεται
1391 1951 1510 1977 συνεῖναι
1521 1949 1612 1981 αὐτοῖς
1625 1950 1640 1976 ὁ
1655 1949 1711 1976 τῶν
1724 1949 1794 1976 ὅλων

1001 1996 1067 2028 Θεὸς
1079 1996 1118 2023 ἔτι
1131 2017 1137 2029 ,
1157 1996 1215 2023 ἀλλ’
1234 1996 1348 2030 ἄγγελον
1366 1996 1518 2030 ἐπιστήσει,
1550 1994 1634 2030 ᾔτησε
1651 1993 1701 2029 μὲν
1720 1994 1791 2028 γνῶ-

1001 2050 1045 2068 ναι
1060 2041 1105 2068 τὸν
1121 2041 1345 2076 ἐπιστησόμενον,
1361 2040 1521 2076 ὴντισὸλησε
1535 2040 1564 2066 δὲ
1579 2039 1616 2075 μὴ
1631 2039 1722 2066 δοῦναι
1741 2040 1790 2066 αὑ-

1002 2090 1056 2120 τοῖς
1076 2088 1219 2122 ὁμόδουλον
1240 2088 1371 2123 ἡγεμόνα,
1392 2087 1450 2114 ἀλλ’
1462 2087 1543 2114 αὑτὸν
1559 2087 1649 2113 αὐτῶν
1664 2086 1791 2122 καθηγή-

1001 2133 1113 2160 σασθαι·
1123 2133 1168 2168 ,ὡς
1183 2133 1210 2159 δὲ
1226 2133 1273 2159 καὶ
1290 2133 1391 2168 ταύτην
1405 2132 1467 2168 ἔσχε
1478 2132 1528 2167 τὴν
1546 2131 1633 2168 ἀρχὴν
1641 2131 1724 2167 ἔρωτι
1740 2141 1790 2167 με-

1000 2179 1071 2207 θύων
1089 2179 1278 2214 ἐπαινουμένῳ
1294 2179 1348 2206 τῶν
1366 2178 1436 2214 ὑπὲρ
1451 2178 1593 2213 ἄνθρωπον
1612 2178 1722 2213 ἠράσθη
1744 2178 1790 2204 καὶ

999 2226 1048 2261 τὴν
1063 2224 1176 2251 ἀθέατον
1197 2223 1276 2259 φύσιν
1292 2224 1356 2250 ἰδεῖν
1374 2222 1559 2258 ἐπεθύμησεν,
1575 2222 1643 2249 ἀλλὰ
1660 2222 1789 2258 μεμάθη-

1000 2280 1047 2298 κεν
1060 2271 1098 2302 ὡς
1111 2270 1188 2298 τοῦτο
1201 2270 1329 2298 ἀδύνατον
1339 2277 1346 2284 ·
1364 2269 1398 2295 τὰ
1411 2268 1440 2296 δέ
1463 2270 1513 2304 τῆς
1527 2268 1682 2303 οἰκονομίας
1694 2276 1725 2295 τε
1742 2270 1789 2295 καὶ

161 2323 362 2358 providentiam
371 2326 399 2349 et
410 2321 546 2349 actionem
564 2319 615 2354 (sic
629 2318 702 2346 enim
714 2317 890 2353 intelligenda
907 2320 950 2345 est
964 2327 987 2354 ι)
1001 2319 1044 2345 ἐνε

1039 2317 1151 2353 εργείας,
1169 2316 1241 2344 οὕτω
1257 2317 1311 2351 γὰρ
1326 2315 1366 2342 δεῖ
1382 2315 1451 2341 νοεῖν
1469 2314 1517 2341 τοῦ
1539 2314 1607 2340 Θεοῦ
1620 2314 1653 2340 τὰ
1665 2313 1787 2346 ὀπίσθια,

161 2370 298 2406 posterior
307 2368 355 2396 Dei
370 2368 444 2403 pars)
459 2365 639 2400 contemplari
653 2371 811 2400 pOSsumus,
823 2372 878 2391 non
888 2363 949 2399 qui-

160 2418 221 2445 dem
236 2416 337 2452 palam,
359 2414 407 2443 sed
433 2417 462 2440 ut
482 2411 589 2448 Moyses
605 2414 633 2438 et
654 2411 682 2438 in
697 2415 776 2446 petra
804 2410 884 2446 quasi
914 2409 949 2437 ab

161 2465 221 2498 ipso
239 2462 294 2490 Deo
307 2460 448 2493 collocati,
466 2459 508 2486 sic
524 2457 681 2485 ostenditur
707 2456 785 2484 ﬁrma
809 2456 873 2484 ﬁdei
892 2462 948 2484 sta-

161 2509 263 2540 bilitas,
279 2507 349 2534 etin
365 2504 500 2532 foramine
520 2502 600 2536 hujus
618 2502 718 2537 lapidis
733 2501 794 2530 ﬁdei
823 2501 947 2529 foramen

161 2557 284 2588 apparet,
299 2559 360 2587 qua:
368 2550 508 2577 inaccessa
523 2547 610 2576 oculis
628 2547 769 2582 corporeis
783 2550 810 2575 et
823 2546 948 2574 invisibi-

162 2599 197 2625 lia
215 2598 353 2633 perspicit.

198 2688 221 2703 ⁷⁸³
238 2686 324 2714 Exod.
343 2693 438 2719 xxvut,
450 2684 496 2712 58.
534 2683 555 2699 ’⁷¹
573 2682 660 2710 Exod.
677 2690 764 2716 xxxtt,
782 2684 826 2712 34.

997 2364 1135 2400 θεωρῆσαι
1155 2363 1268 2390 δυνατὸν
1286 2363 1342 2393 τοῖς
1363 2361 1436 2388 κατὰ
1453 2360 1588 2393 Μωῦσέα,
1604 2360 1665 2387 οὐδὲ
1680 2360 1788 2392 τούτοις

996 2411 1024 2437 δὲ
1039 2409 1132 2442 ἁπλῶς
1142 2431 1150 2442 ,
1163 2409 1221 2436 ἀλλ’
1233 2410 1273 2440 είς
1288 2408 1338 2443 τὴν
1357 2408 1461 2444 πέτραν
1485 2407 1532 2433 ὑπ’
1548 2405 1630 2433 αὐτοῦ
1655 2405 1703 2433 τοῦ
1718 2405 1786 2432 Θεοῦ

995 2455 1149 2490 τιθεμένοις
1160 2462 1167 2469 ο
1184 2453 1347 2489 σημαίνειδέ
1362 2451 1431 2487 αῦτη
1439 2451 1488 2486 τῆς
1500 2451 1618 2482 πίστεως
1628 2450 1658 2476 τὸ
1672 2451 1788 2486 στερὣ

996 2502 1044 2528 καὶ
1057 2500 1224 2536 ἁκράδαντον
1235 2507 1242 2514 ⁵
1258 2499 1305 2526 καὶ
1315 2498 1360 2525 διὰ
1370 2497 1419 2532 τῆς
1437 2497 1507 2531 όπῆς
1521 2496 1571 2532 τῆς
1586 2496 1698 2531 πέτρας,
1713 2496 1788 2531 δηλοῖ

995 2547 1022 2573 δὲ
1036 2546 1104 2582 αὕτη
1119 2547 1166 2583 τῆς
1176 2546 1293 2576 πίστεως
1306 2544 1443 2579 ὀφθαλμὸν
1455 2543 1609 2578 θεωροῦντα
1623 2543 1680 2574 τοῖς
1691 2541 1787 2578 αἰσθη-

994 2593 1050 2623 τοῖς
1066 2591 1213 2628 όφθαλὶιοῐς
1233 2591 1363 2625 ἀνέφικτα
1390 2589 1436 2615 xtl
1459 2589 1572 2616 ἀθέατα.

865 2681 887 2696 ⁷¹
900 2679 979 2710 Rom.
991 2690 1020 2714 ιι,
1037 2681 1065 2708 4.

922 2760 1037 2788 NOTAE.

195 2844 253 2878 (69)
270 2844 309 2872 Ex
323 2843 495 2874 Theodoreto
514 2841 591 2876 (1.68
611 2840 638 2867 in
661 2839 747 2867 Exod.
771 2838 803 2866 Τ.
818 2837 924 2873 LX'XX,
944 2845 971 2873 p.
984 2837 1046 2865 294.

1798 2643 1803 2661 l
