1874 3070
90 195 159 228 1097

371 251 537 278 ΕΡΩἸἮΣΙΣ
561 251 620 279 ΣΟ’.

233 339 298 373 Πῶς
308 339 343 366 ἐν
358 340 484 375 ἱματίοις
501 340 599 373 λέπρα
611 339 744 374 ὲτίνετο;

462 195 510 224 AD
529 193 826 225 AMPHILOCHIUM
845 190 1018 228 QUESTIO
1036 190 1336 220 CCLXIX-CCLXXI.

898 259 920 286 Α
949 246 1114 281 QUASSTIO
1133 244 1256 273 CCLXX.
1279 243 1371 279 [CoisL
1392 239 1603 274 CCLXXXVIII;
1626 239 1706 267 Taur.

1658 182 1731 216 1093

1240 287 1426 324 CCLxxvnq

964 339 1104 372 Quomodo
1132 337 1335 373 intelligendum
1359 337 1389 373 iu
1415 336 1578 373 aestimanti:
1598 335 1701 369 (aprum
1724 349 1734 360 ,ι

1247 373 1331 400 inesse
1349 371 1424 408 (70)?

529 429 602 455 Edita
617 436 630 454 a
646 429 710 455 Maio
726 430 755 461 (ι.
772 436 795 455 c.
812 437 836 461 p.
851 430 906 461 15$,
917 438 942 462 q.
957 431 1024 462 279).
1041 444 1072 450 -
1086 430 1169 456 Levit.
1184 436 1237 460 xm,
1250 430 1290 454 47.

128 483 233 516 Πολλὰς
248 484 338 516 αὐτοῖς
351 484 473 517 παιδείας
483 486 497 512 6
513 485 579 518 Θεὸς
588 486 717 518 τοιαύτας
725 487 865 522 ἐπήγαγεν
876 495 883 502 ·

91 530 193 558 αὐτίκα
207 530 272 564 γοῦν
291 531 339 557 καὶ
367 531 431 566 περὶ
456 530 566 566 λεπρῶν
585 532 679 558 οἰκιῶν
702 532 788 564 οὕτως
814 532 883 568 ἔφη·

94 586 105 602 ι
127 576 172 607 Ὠς
203 575 236 602 ἂν
250 576 388 612 εἰσέλθητε
408 577 448 608 εἰς
473 577 522 613 τὴν
536 578 588 612 γῆν
602 578 657 604 τῶν
673 577 836 605 Χαναναίων
852 578 886 614 ἢν

92 622 151 655 ἐγὼ
176 622 272 657 δίδωμι
301 623 385 658 ὑμῖν·
403 623 451 650 καὶ
472 623 549 650 δώσω
565 624 636 659 ἁφὴν
648 624 750 659 λέπρας
774 625 802 651 ὲν
828 625 888 656 ταῖς

92 667 194 699 οἰκίαις
202 667 252 701 τῆς
262 669 313 703 γῆς
322 667 372 703 τῆς
384 668 517 703 ἐγκτήτου
527 669 541 695 ὑ
546 669 614 704 μῶν,
634 678 643 695 ι
662 670 708 696 καὶ
720 669 783 704 ἑξῆς
794 677 801 684 ·
816 669 888 696 διδά-

94 721 157 739 σκει
171 713 199 739 δὲ
209 713 252 740 διὰ
263 713 365 740 τούτων
378 714 420 740 ὅτι
436 714 559 750 θεήλατοι
570 713 640 750 ἦσαν
653 716 682 742 at
697 716 810 750 πληγαὶ,
824 716 889 742 ποτὲ

95 759 147 793 μὲν
159 759 231 785 κατὰ
248 760 374 794 ἱματίων,
390 760 456 786 ποτὲ
468 760 498 787 δὲ
515 761 585 788 κατᾶ
605 761 700 788 οἰκιῶν
718 762 867 796 φερόμεναι
879 770 885 776 ·

92 803 182 830 ταῦτα
197 804 226 830 δὲ
240 804 290 840 τὴν
303 805 411 840 ἄφατον
424 804 472 832 τοῦ
489 805 558 832 Θεοῦ
574 806 780 841 φιλανθρωπίαν
792 807 887 842 ἀνεδή-

93 849 143 875 λου
152 857 160 865 ⁶
173 850 228 878 τῶν
235 850 289 886 γὰρ
303 850 454 886 ἀνθρώπων
469 852 694 887 ἁμαρτανόντων,
709 853 829 888 ἱματίοις
840 854 888 880 καὶ

93 895 196 927 οἰκίαις
211 896 328 932 ἐπέφερε
351 897 401 929 τὰς
417 897 535 933 πληγὰς,
550 898 595 925 διὰ
607 899 711 925 τούτων
725 900 781 930 τοῖς
800 899 885 926 ταῦτα
900 888 923 918 Β

92 943 275 978 κεκτημένοις
293 943 345 978 τὴν
359 943 508 979 θεραπείαν
523 945 684 980 προσφέρων
694 953 702 960 ·
718 945 789 972 ἔοικε
804 945 832 972 δὲ
847 946 886 981 τῷ

93 988 230 1024 λεπρῶντι
249 989 318 1025 οἴκῳ
334 990 348 1016 6
358 987 432 1022 οἶκος
440 990 487 1017 τοῦ
509 990 625 1026 Ἰσραὴλ,
638 989 670 1018 οὗ
685 992 815 1024 πολλάκις
836 992 886 1027 μὲν

91 1034 264 1069 ἐξῃρέθησαν
283 1035 407 1071 καθάπερ
416 1036 485 1063 λίθοι
499 1037 571 1068 τινὲς
586 1037 741 1072 λεπρῶντες
754 1039 778 1065 οἱ
794 1038 885 1074 πλημ-

93 1081 281 1115 μελήσαντες,
308 1082 373 1108 ποτὲ
387 1082 436 1117 μὲν
458 1082 503 1109 διὰ
528 1083 697 1119 Ἀσσυρίων,
718 1084 782 1110 ποτὲ
797 1084 825 1110 δὲ
844 1085 889 1111 διὰ

93 1126 291 1160 nasum-um,
310 1127 404 1155 ἄλλοτε
426 1128 455 1155 δὲ
478 1128 523 1156 διὰ
541 1129 705 1157 Μακεδόνων
720 1139 726 1146 ·
743 1130 837 1165 ἐπειδὴ
859 1130 889 1157 δὲ

95 1171 201 1204 παγίαν
216 1171 296 1207 ἔσχον
319 1173 368 1209 τὴν
381 1173 502 1210 λέπραν,
519 1174 604 1210 ἄρδην
627 1175 813 1210 καταλυθῆναι
839 1175 888 1208 τὴν

93 1216 185 1244 οἰκίαν
198 1218 212 1244 ὁ
230 1218 380 1255 νομοθέτης
395 1219 528 1247 ἐκέλευεν.

356 1276 524 1304 ΕΡΩΤΗΣΙΣ
540 1277 621 1303 EOA’.

970 487 1070 515 Judazis
1080 487 1173 514 multa).
1200 487 1324 521 talesque
1349 484 1537 512 institutiones
1551 490 1566 509 a
1583 482 1637 509 Deo
1657 481 1728 508 data:

937 538 1011 562 sunt.
1030 533 1130 561 Statim
1151 534 1234 569 igitur
1253 533 1287 559 de
1304 531 1420 566 leprosis
1433 529 1562 557 domibus
1583 528 1623 556 sic
1637 528 1728 562 Inqui-

937 582 1002 606 tur:
1017 587 1027 604 ι
1041 577 1110 606 Cum
1126 577 1242 612 ingressi
1256 577 1363 604 fueritis
1378 580 1479 603 terram
1494 575 1625 603 Chanaan
1645 581 1727 609 quam

939 632 989 660 ego
1013 624 1085 652 dabo
1109 623 1188 651 vobis
1211 624 1238 650 in
1264 622 1481 658 possessionem,
1504 621 1526 648 si
1551 619 1636 648 fuerit
1649 619 1727 655 plaga

939 669 1022 704 leprae
1044 670 1072 697 in
1090 669 1238 700 aedibus",
1251 678 1260 694 ι
1280 673 1307 696 et
1327 668 1444 703 reliqua.
1462 667 1508 694 Sic
1522 667 1603 694 doeet
1614 666 1726 694 vulnera

937 723 998 744 esse
1024 723 1039 743 a
1064 715 1121 743 Deo
1149 715 1284 748 immissa,
1313 714 1394 742 modo
1415 715 1442 740 in
1466 720 1574 746 vestes,
1598 712 1681 739 modo
1700 712 1727 738 in

937 762 1045 790 domos.
1063 761 1125 789 Haac
1147 765 1238 788 autem
1254 761 1312 796 ipsa
1330 760 1492 787 ineffabilem
1518 759 1564 786 Dei
1589 765 1653 793 erga
1679 757 1729 785 ho-

936 808 1025 835 mines
1041 815 1163 835 amorem
1179 807 1369 834 demonstrant
1387 815 1393 833 :
1414 805 1556 832 hominum
1574 804 1647 831 enim
1665 811 1728 838 pec-

936 859 1057 881 catorum
1083 853 1111 881 in
1134 853 1300 881 vestimenta
1335 858 1363 880 et
1389 852 1487 879 domos
1519 850 1632 877 vulnera
1665 856 1728 876 cum

939 900 1109 931 immitteret.
1127 899 1163 926 ita
1187 899 1360 927 sanationem
1377 905 1408 925 ea
1433 896 1638 933 possidentibus
1662 894 1728 922 οσο-

939 946 1025 973 rehat.
1037 945 1132 973 Simile
1141 950 1183 973 est
1196 945 1291 972 domui
1308 944 1421 979 leprosae
1438 943 1537 971 domus
1551 941 1635 970 Israel
1648 948 1662 967 c
1675 947 1729 975 qua

940 992 1103 1027 saepissime,
1116 992 1195 1025 quasi
1221 995 1304 1026 petra:
1331 989 1455 1024 quaedam
1469 1009 1475 1021 ,
1495 988 1583 1016 Juda‘i
1610 987 1728 1021 leprosi',

939 1037 966 1063 id
980 1041 1032 1069 est,
1048 1041 1207 1071 peccatores
1231 1035 1319 1063 avulsi
1348 1039 1422 1067 sunt,
1446 1041 1519 1061 nunc
1542 1033 1576 1060 ab
1595 1031 1728 1068 Assyriis,

938 1090 1012 1109 nunc
1029 1090 1044 1109 a
1061 1082 1230 1117 Babyloniis,
1252 1082 1321 1109 alias
1339 1081 1448 1108 tandem
1473 1088 1488 1107 ιι
1509 1078 1727 1108 Macedonibus;

938 1136 1000 1156 cum
1020 1132 1111 1156 autem
1141 1128 1291 1155 inveterata
1319 1127 1412 1155 domui
1435 1126 1544 1154 cuidam
1571 1125 1646 1160 lepra
1672 1124 1727 1150 ha).-

939 1179 1020 1206 reret,
1038 1174 1108 1201 hanc
1119 1174 1197 1201 evelli
1212 1173 1336 1201 funditus
1350 1172 1490 1208 lcgislator
1503 1171 1670 1206 imperabat.

939 1262 1104 1296 QUESTIO
1132 1263 1270 1291 CCLXXI.
1300 1263 1396 1299 [σοιτί.
1429 1261 1620 1293 CCLXXXIX,
1642 1259 1727 1288 Tum.

1249 1310 1414 1337 CLXXVIII.

98 1350 133 1379 τί
145 1353 286 1388 σημαίνει
299 1353 398 1382 τὰδύο
413 1355 529 1389 ὀρνίθια
540 1355 617 1392 ὑπὲρ
629 1355 681 1382 τοῦ
699 1354 885 1390 καθαριζομέ-
942 1357 1013 1390 Quid
1030 1357 1086 1392 sign

1227 1309 1428 1344 CCLXXVIIM

966 1357 1013 1384 uid
1030 1357 1176 1392 signiﬁcent
1192 1359 1253 1383 duo:
1274 1365 1333 1384 aues
1347 1363 1469 1392 quwﬂpro
1481 1355 1611 1390 expianda
1624 1355 1730 1382 homine

335 1398 391 1417 νου
405 1391 634 1425 προσφερόμενα
646 1398 656 1422 ;
1057 1391 1062 1392 ⁷

1057 1391 1062 1392 ⁷
1206 1392 1384 1426 o/[erebantur
1396 1391 1464 1426 (71).

538 1447 610 1472 Edita
625 1455 638 1472 a
652 1447 714 1472 Maio
730 1447 757 1479 (l.
776 1454 798 1472 ο.
814 1453 840 1478 p.
858 1448 911 1479 155,
927 1456 951 1480 q.
968 1449 1035 1481 280).
1052 1462 1082 1467 —-
1097 1448 1179 1473 Levit.
1195 1455 1245 1479 xw,
1262 1449 1286 1474 4.

133 1499 187 1525 Τοῦ
203 1499 338 1534 σωτηρίου
353 1499 456 1532 πάθους
471 1501 594 1536 περιέχει
613 1501 658 1528 τὸν
673 1501 759 1529 τύπον
769 1510 775 1517 '
792 1502 889 1538 ὥσπερ
902 1506 924 1534 C
976 1503 1077 1539 Figura

976 1503 1077 1539 Figura
1091 1508 1156 1532 sunt
1171 1503 1302 1531 salutaris
1318 1503 1465 1538 passionis.
1484 1501 1520 1529 Ut
1539 1502 1610 1529 enim
1629 1502 1730 1530 horum

95 1543 152 1579 γὰρ
166 1544 268 1571 τούτων
282 1544 313 1571 τὸ
326 1545 376 1580 μὶν
388 1543 495 1578 θύεται,
506 1546 536 1572 τὸ
554 1546 582 1572 δὲ
597 1547 637 1578 εις
653 1547 683 1573 τὸ
698 1546 746 1573 τοῦ
760 1547 888 1579 τυθέντος

94 1587 169 1625 αἷμα
184 1591 355 1626 βαπτόμενον
366 1591 510 1624 ἀπελύετο,
527 1592 613 1624 οὕτως
631 1593 701 1628 ὑπὲρ
714 1593 766 1629 τῆς
780 1594 887 1629 λεπρώ-

96 1646 149 1671 σης
164 1637 374 1673 ἀνθρωπότητος
391 1639 405 1664 6
424 1639 562 1673 Δεσπότης
577 1639 739 1677 ἐσταυρώθη
758 1641 887 1677 Χριστὸς,

96 1683 148 1718 τῆς
158 1683 209 1718 μὲν
223 1683 323 1719 σαρκὸς
334 1683 486 1719 δεξαμένης
495 1685 541 1711 τὸν
552 1685 676 1719 θάνατον,
690 1688 740 1722 τῆς
753 1687 781 1713 δὲ
793 1687 890 1723 Θεότη-

96 1737 144 1760 τος
159 1729 374 1765 οἱκειωσαμένης
389 1729 420 1756 τὸ
437 1730 487 1765 τῆς
503 1731 712 1767 ἀνθρωπότητος
729 1732 824 1764 πάθοςο
841 1733 888 1759 καὶ

98 1776 226 1811 καθάπερ
242 1775 318 1802 ὕδατι
340 1775 455 1812 καθαρῷ
473 1776 520 1803 τοῦ
546 1777 697 1812 σφαγέντος
714 1778 834 1814 ὀρνιθίου
858 1779 889 1806 ἰδ

96 1819 170 1856 αἷμα
192 1820 373 1857 μιγνύμενον,
389 1822 436 1849 καὶ
455 1823 578 1858 κεδρίνου
597 1823 676 1856 ξύλου
693 1824 741 1851 καὶ
760 1825 887 1852 ὑσσώπου

98 1867 148 1894 καὶ
163 1867 290 1894 κοκκίνου
304 1867 496 1903 κεκλωσμένον
513 1870 755 1905 περιρραινόμενος
768 1872 781 1897 6
800 1871 887 1898 καθα-

99 1911 243 1947 ριζόμενος
271 1912 372 1948 λεπρὸς
396 1912 523 1949 λαμπρός
547 1923 577 1940 τε
604 1915 650 1941 καὶ
674 1915 794 1951 καθαρὸς
820 1917 887 1943 ἀπο-

97 1957 249 1989 δείκνυται,
263 1956 350 1989 οὒτως
363 1958 378 1984 6
389 1957 428 1993 τῷ
446 1958 553 1994 Σωτῆρι
568 1959 705 1987 πιστεύων
718 1962 829 1997 Χριστῷ
842 1964 888 1989 καὶ

97 2002 138 2039 τῷ
159 2003 208 2030 τοῦ
231 2005 365 2039 παναγίου
389 2005 548 2040 Πνεύματος
568 2005 645 2034 ὕδατι
667 2006 886 2043 καθαιρόμενος,

97 2049 148 2082 τὰς
161 2050 217 2076 τῶν
230 2050 437 2086 ἁμαρτημάτων
450 2051 599 2078 ἀποϐάλλει
613 2053 734 2089 κηλῖδας·
752 2053 888 2088 σύμϐολον

97 2095 128 2122 δὲ
149 2095 181 2122 τὸ
205 2095 254 2130 μὲν
272 2095 396 2131 κέδρινον
419 2096 507 2130 ξύλον,
531 2097 581 2132 τῆς
602 2097 725 2131 ἀπαθοῦς
745 2098 888 2135 Θεότητος·

97 2140 223 2176 ἄσηπτον
243 2142 271 2168 δὲ
287 2141 319 2168 τὸ
337 2142 432 2175 ξύλονθ
455 2143 487 2169 τὸ
503 2143 531 2170 δὲ
550 2144 677 2172 κόκκινον
701 2145 732 2172 τὸ
755 2145 886 2180 κλωστὸν,

940 1548 992 1575 alia
1016 1548 1186 1581 immolatur,
1209 1547 1317 1583 aliaque
1341 1548 1367 1574 in
1401 1548 1562 1582 sanguinem
1584 1547 1731 1575 immolata:

941 1595 1069 1622 immersa
1081 1594 1279 1627 dimittebatur,
1289 1593 1358 1621 haud
1370 1594 1449 1621 aliter
1462 1601 1511 1628 pro
1522 1594 1642 1621 humana
1654 1593 1729 1628 lepra

941 1640 1074 1668 Dominus
1088 1640 1218 1668 Christus
1236 1640 1386 1668 cruciﬁxus
1402 1647 1518 1675 corpore
1531 1640 1642 1674 quidem
1655 1647 1729 1667 mor-

940 1690 994 1712 tem
1014 1686 1145 1720 suscepit,
1172 1686 1325 1721 divimeque
1348 1689 1455 1712 naturae
1473 1685 1651 1714 humanitatis
1668 1693 1731 1721 pas-

940 1731 1056 1758 sionem.
1074 1733 1113 1759 Ac
1127 1731 1209 1759 veluti
1226 1739 1309 1758 cruor
1332 1731 1479 1759 immolata
1507 1731 1566 1758 aris
1584 1734 1729 1766 postquam

942 1777 1043 1804 viventi
1063 1785 1143 1812 aqua:
1160 1777 1322 1805 commistus
1340 1777 1440 1809 fuerat,
1453 1777 1590 1812 homoque
1603 1776 1730 1812 leprosus

940 1823 1015 1858 ligno
1035 1823 1158 1854 cedrino,
1172 1823 1304 1858 hyssopo,
1325 1830 1464 1858 coccoque
1479 1829 1645 1857 conspersus
1658 1826 1728 1855 erat,

941 1874 1005 1896 tunc
1016 1869 1134 1896 mundus
1147 1869 1505 1903 purusquevidebatur;sie
1523 1869 1570 1903 qui
1589 1868 1615 1895 in
1634 1867 1733 1895 Salva—

939 1920 1025 1942 torem
1040 1915 1179 1942 Christum
1189 1915 1285 1947 credit,
1297 1920 1324 1942 et
1334 1915 1421 1942 sancti
1433 1915 1552 1949 Spiritus
1562 1922 1634 1950 aqua
1645 1923 1730 1950 purus

940 1961 1029 1990 factus
1058 1966 1112 1996 est,
1132 1969 1229 1989 omnes
1254 1966 1428 1997 peccaturum
1456 1962 1579 1989 maculas
1608 1961 1728 1996 projicit.

939 2007 1074 2043 Exprimit
1084 2008 1187 2042 lignum
1201 2008 1343 2035 cedrinum
1361 2012 1501 2042 expertem
1512 2008 1616 2035 doloris
1625 2008 1730 2035 divini-

940 2058 1038 2088 tatem;
1063 2047 1253 2090 incorruptum
1269 2055 1343 2082 enim
1357 2058 1399 2082 est
1419 2054 1471 2081 hoc
1486 2053 1609 2089 lignum;
1627 2060 1729 2081 coccus

941 2107 1005 2127 vero
1019 2100 1110 2128 nendo
1135 2100 1280 2132 deductus,
1309 2100 1512 2127 humanitatem
1534 2106 1567 2126 ex
1590 2099 1682 2126 anima
1703 2103 1731 2126 et

940 2153 1056 2181 corpore
1079 2146 1242 2179 conﬂatam;
1268 2145 1406 2182 hyssopus
1430 2145 1551 2180 Spiritus
1573 2147 1662 2172 sancti
1682 2151 1730 2172 ca-

97 2186 150 2223 τῇς
165 2187 198 2213 ὲκ
208 2187 296 2222 ψυχῆς
314 2188 360 2214 καὶ
376 2187 503 2223 σώματος
517 2189 737 2225 ἀνθρωπότητος-
753 2193 783 2218 τὸ
798 2192 826 2218 δὲ
840 2191 888 2219 ὖσ-
903 2183 925 2210 D
939 2193 1027 2221 Iorem
1052 2198 1079 2222 et

963 2201 1027 2221 irem
1052 2198 1079 2222 et
1103 2195 1277 2222 suavitatem.
1297 2193 1344 2221 Sic
1370 2193 1405 2221 iis
1428 2193 1475 2228 qui
1500 2193 1674 2228 baptizantur
1697 2200 1730 2219 ex

99 2239 202 2263 σωπον,
217 2231 267 2266 τῆς
288 2232 334 2258 τοῦ
350 2233 485 2267 παναγίου
500 2234 658 2269 Πνεύματος
674 2235 840 2272 θερμότητός
858 2246 887 2263 τε

100 2277 147 2303 καὶ
160 2277 293 2312 εὐοσμίας
303 2286 310 2293 ·
328 2278 371 2305 διὰ
385 2278 489 2305 τούτων
513 2280 537 2306 οἱ
560 2279 753 2315 βαπτιζόμενοι
774 2283 823 2316 τῆς
838 2282 888 2317 ψυ-

99 2322 182 2358 χικῆς
205 2323 421 2351 ἀπαλλάττονται
439 2325 559 2361 λέπρας’
576 2327 623 2352 καὶ
645 2327 662 2362 ή
682 2327 782 2363 κοτύλη
798 2328 826 2354 δὲ
841 2329 887 2356 τοῦ

101 2367 204 2399 ἐλαίου,
227 2367 276 2394 τοῦ
294 2369 483 2403 Πνευματικοῦ
509 2371 566 2396 ἐστι
591 2370 677 2407 μύρου
704 2374 862 2408 σημαντικὴ
881 2381 888 2388 ·

100 2414 176 2449 δηλοί
195 2414 223 2441 δὲ
247 2415 277 2441 τὸ
297 2416 490 2452 ὲπιχριόμενον
505 2417 594 2443 ἔλαιον
616 2418 655 2453 τῷ
671 2418 744 2454 ὠτὲῳ
758 2419 795 2454 τῷ
810 2419 891 2454 δεξιῷ

101 2461 149 2487 καὶ
167 2461 202 2495 τῇ
224 2461 300 2496 δεξιᾷ
317 2462 391 2496 χειρὶ
415 2463 462 2488 καὶ
483 2461 522 2497 τῷ
536 2462 615 2497 δεξιῷ
631 2463 711 2495 ποδὶ,
724 2463 754 2490 τὺ
771 2464 819 2499 μὲν
841 2465 891 2500 τὴν

101 2506 187 2541 ἀκοὴν
200 2508 256 2538 τοῖς
272 2507 370 2540 δεξιοῖς
387 2508 561 2543 ἀφοριεῖσθαι
578 2508 679 2543 λογίοις
688 2517 695 2524 ·
708 2510 757 2545 τὴν
770 2510 798 2536 δὲ
812 2511 890 2546 χεῖρα

103 2553 152 2580 καὶ
170 2553 218 2579 τὸν
235 2554 315 2587 πόδα,
338 2556 398 2586 ταῖς
412 2554 512 2587 δεξιαῖς
526 2555 658 2590 πράξεσιν
677 2556 890 2592 ὲπιὸαλλόμενον

939 2239 1031 2267 anima
1048 2240 1123 2275 lepra
1137 2240 1285 2274 adimitur;
1304 2239 1396 2267 cotula
1410 2240 1474 2267 oleo.
1489 2240 1569 2275 plena
1595 2238 1732 2274 signiﬁcat

940 2286 1028 2313 sancti
1041 2285 1160 2320 Spiritus
1185 2286 1313 2321 gratiam,
1341 2285 1441 2313 illitum
1469 2292 1553 2320 super
1574 2288 1730 2312 extremum

940 2331 1070 2358 auricula:
1083 2331 1195 2364 dextrae,
1215 2334 1243 2358 et
1265 2338 1348 2366 super
1363 2338 1475 2358 manum
1496 2330 1620 2358 dextram
1634 2333 1662 2357 et
1683 2336 1731 2364 pe-

941 2377 1021 2410 dem,
1051 2377 1141 2405 oleum
1174 2376 1304 2406 ostendit.
1333 2376 1464 2404 Auditum
1493 2375 1603 2411 quidem
1632 2374 1732 2411 aperiri

942 2422 1046 2450 dextris
1059 2423 1192 2457 eloquiis,
1209 2431 1321 2451 manum
1337 2430 1403 2450 vero
1415 2427 1442 2450 ct
1456 2423 1553 2457 pedem
1567 2426 1641 2449 recte
1658 2421 1731 2448 facta

942 2469 1141 2497 elaboraturos.
1166 2469 1266 2497 lllitum
1292 2474 1382 2497 autem
1402 2469 1486 2504 capiti
1512 2469 1612 2496 mentis
1634 2473 1733 2494 conse—

943 2515 1093 2542 orationem
1114 2516 1259 2551 signitical.
1282 2516 1333 2549 Qui
1349 2522 1441 2544 autem
1460 2515 1586 2551 leprosus
1602 2521 1732 2549 perman-

944 2561 1021 2594 serit,
1037 2569 1070 2589 ex
1084 2561 1205 2589 Ecclesia
1224 2562 1357 2593 ejiciatur.

101 2599 129 2625 δὲ
140 2600 188 2626 καὶ
199 2600 233 2634 τῇ
248 2601 364 2636 κεφαλῇ,
384 2601 434 2636 τὴν
453 2602 600 2638 ἀφιέρωσιν
613 2602 662 2630 τοῦ
674 2602 782 2637 λογικοῦ
797 2603 881 2638 δηλοῖ·
896 2605 911 2631 6
926 2606 976 2640 μέν
988 2616 1030 2634 τοι
1058 2607 1199 2643 διαμείνας
1223 2608 1323 2641 λεπρὸς
1341 2607 1394 2641 ἔξω
1422 2607 1473 2643 τῆς
1494 2607 1655 2643 Ἐκκλησίας
1677 2606 1730 2633 ἐκ·

103 2647 243 2676 ῦάλλεται.

139 2758 162 2775 ’⁸
175 2757 256 2785 Num.
272 2766 365 2791 xxxnv,
382 2759 409 2786 ‘2.

858 2815 974 2844 ΝΟΤΑΞ.

141 2875 206 2938 (Ξὲἥὲ
216 2874 254 2903 Ex
272 2874 444 2903 Theodoreto
459 2884 486 2910 (ι.
510 2876 542 2903 18
563 2875 590 2903 in
609 2875 693 2904 Levii.
719 2875 750 2903 Τ.
779 2874 886 2907 LXXX.

105 2919 132 2947 p.
154 2919 216 2938 axz.

1052 2875 1088 2903 Ex
1115 2874 1284 2903 Theudon-tu
1309 2884 1334 2909 τι.
1363 2875 1392 2902 l0
1418 2875 1443 2901 in
1461 2874 1544 2902 chit.
1569 2873 1600 2902 T.
1624 2874 1732 2905 LXXX,

987 2918 1012 2937 δ’
1024 2917 1048 2937 0.

945 2919 970 2945 P.
987 2917 1048 2937 οπο.
