1874 3070
76 175 146 210 ιιοι

431 176 482 206 AD
498 175 717 206 AMPHILOCH
723 175 793 205 [UM
813 175 877 211 QU/

971 174 988 205 3
1003 171 1354 204 CCLXXII-CCLXXIII;

1650 167 1722 200 1102

76 233 163 269 ἀρετῇ
180 233 228 258 καὶ
241 232 349 266 αἰτήσει
366 231 530 267 θαρροῦντες
547 232 593 258 ἐπὶ
612 231 663 267 τὴν
678 231 733 258 τῶν
747 232 868 266 ἀπορου-

971 240 974 257 l
999 230 1090 263 nobis,
1107 230 1156 258 sed
1169 229 1243 257 illius
1256 233 1284 256 et
1298 228 1400 255 virtute
1413 231 1441 254 et
1456 225 1643 261 postulatione
1656 225 1718 254 freti

78 279 172 313 μένων
185 278 262 306 λύσιν
280 277 371 312 βαδιοὺ
375 277 455 312 μεθα.

115 324 152 359 β’.
169 324 250 359 Τρεῖς
266 324 281 351 ὁ
295 324 408 356 παλαιὸς
425 323 475 353 καὶ
488 324 570 356 καλὸς
583 325 687 355 ἐκεῖνος
699 332 790 359 γερων
802 332 857 358 προ

79 371 171 402 κοπτὰς
185 371 241 397 εἴτε
264 369 356 402 τάξεις
372 370 426 397 εἴτε
448 370 581 405 βαθμοὺς,
595 371 649 398 εἴτε
673 379 700 397 τι
716 371 782 398 ἀλλο
797 370 873 405 φίλον

78 418 139 448 τοῖς
151 416 326 452 βουλομένοις
340 417 445 450 καλεῖν,
456 418 485 444 ὲν
500 418 556 448 τοῖς
573 416 706 452 παροῦσιν
720 417 873 444 ἐκδιδάσκει

81 464 224 498 ῥήμασιν·
251 462 421 498 ἀμεριμνίαν
441 462 497 489 τῶν
522 463 552 489 ἐν
574 461 624 497 βίῳ
648 462 697 489 καὶ
720 460 760 494 οἷς
776 463 791 489 ὁ
817 461 874 497 βίος

82 507 305 542 συγκαταλύεται
322 508 506 544 πραγμάτων,
532 508 689 543 προσευχὴν
704 507 811 540 ἄοκνον,
827 508 876 534 καὶ

81 554 177 589 τρίτον
201 554 335 589 ἐργασίαν
359 554 457 581 ἄσυλον
485 553 616 588 καρδίας·
633 553 703 579 ὥστε
731 554 810 588 δῆλον
835 554 876 580 ὅτι

84 601 172 636 μέσον
184 601 316 636 ἑκατέρου
332 600 385 627 τῶν
410 600 503 636 ἄκρων
521 601 538 634 ἡ
563 599 701 636 προσευχὴ
723 601 823 626 κεῖται.
847 599 877 627 '0

83 647 178 672 τοίνυν
191 646 241 681 τὴν
256 646 423 682 ἀμεριμνίαν
439 646 477 682 μὴ
501 646 672 681 κτησάμενος
686 646 748 672 οὐδὲ
765 646 800 673 τὰ
815 647 878 681 ἐφε-

84 693 137 728 ξῆς
151 693 198 720 δύο
215 692 328 725 δυνατός
350 694 408 720 ἐστι
426 693 575 728 μετελθεῖν.
599 693 679 719 Ἀλλὰ
697 693 724 719 τί
739 692 771 719 τὺ
786 691 879 719 ὲντεῦ-

86 740 150 772 Θεν;
166 739 204 766 re
219 739 302 775 μέσον
321 741 412 767 τοίνυν
427 740 488 775 ἦτοι
502 739 552 775 τὴν
577 739 732 776 προσευχὴν
751 739 879 775 μετερχό-

87 794 173 823 μενος
187 786 216 812 ὲν
234 785 327 821 μέσοις
339 786 436 821 γέγονε
451 787 507 818 τοῖς
520 785 623 818 καλοῖς,
640 786 690 812 κᾶν
708 785 793 821 μήπω
810 785 880 820 πρὸς

85 830 119 859 τὸ
134 831 218 867 ἄκρον
237 831 396 867 ἀναϐεϐήκῃ
411 831 466 859 τῶν
479 831 599 866 ἀγαθῶν.

124 925 160 955 γ’.
181 920 312 952 Ἐπότιζε
336 921 363 948 δ’
389 921 469 956 ὅμως
493 919 628 955 διψῶντα
659 921 707 947 καὶ
738 919 880 956 πόρρωθεν

73 968 159 996 ὀὖσα
185 969 202 1004 ἡ
225 968 274 995 τοῦ
301 968 469 1003 σελασφόρου
497 968 635 1003 θεάματος
665 967 807 1002 πλήρωσις
834 968 882 993 καὶ

86 1016 180 1052 τρυφὴ
197 1016 244 1043 καὶ
257 1015 322 1042 θέα·
340 1013 400 1042 εἶτα
416 1015 447 1041 οὐ
465 1015 545 1050 μέχρι
563 1014 664 1046 παντὸς
678 1014 725 1041 τοῦ
745 1014 882 1049 θεάματος

86 1062 227 1098 ἐτρύφων,
241 1062 309 1088 ἀλλά
324 1061 393 1097 μετὰ
415 1060 501 1087 ταῦτα
516 1060 597 1087 πάλιν
612 1060 640 1086 ὲν
653 1060 779 1093 ἐκείνοις,
801 1061 829 1086 ἐν
841 1057 883 1092 οἷς

87 1110 139 1136 καὶ
153 1108 261 1145 πρώην.
280 1108 313 1134 Τί
338 1108 387 1144 μὲν
400 1107 446 1134 οὖν
460 1106 494 1143 ἦν
513 1107 566 1144 πρὸ
586 1107 636 1142 τῆς
656 1108 757 1142 ὁρατῆς
775 1107 882 1142 μορφῆς

88 1158 119 1185 ὲν
135 1157 191 1188 τοῖς
212 1155 375 1191 ὁρωμένοις,
390 1155 445 1182 οὐδ’
460 1155 529 1181 αὺτά
549 1155 582 1181 τὰ
601 1154 728 1188 ὁρώμενα
747 1153 883 1180 διδάσκειν

90 1202 235 1238 ἠδύναντο,
245 1202 339 1238 ὥσπερ
354 1201 449 1228 εἴωθεν
458 1201 475 1236 ἡ
490 1201 550 1236 ὄψις
563 1201 597 1228 τὰ
612 1201 697 1228 πολλὰ
712 1201 765 1227 τῶν
778 1201 883 1236 ὀρωμὲ-

90 1258 147 1277 νων
160 1249 321 1280 διδάσκαλος
346 1248 488 1282 γίνεσθαι·
515 1248 575 1274 οὐδὲ
603 1248 657 1282 γὰρ
674 1245 708 1282 ἦν
733 1247 787 1274 τῶν
812 1247 884 1274 κατὰ

90 1295 173 1331 φύσιν
185 1295 234 1323 καὶ
248 1295 371 1331 συνήθων
397 1294 552 1330 θεαμάτων,
571 1295 639 1320 ἀλλὰ
662 1295 742 1329 χάρις
760 1292 794 1329 ἦν
809 1295 826 1329 ἡ
843 1294 883 1320 δι-

89 1343 177 1370 δοῦσα
192 1342 232 1370 τὰ.
250 1343 299 1378 μὲν
314 1343 392 1378 ὁρᾷν,
408 1342 443 1368 τὰ
457 1342 485 1369 δὲ
507 1341 625 1376 κρείττω
641 1340 757 1367 ποιοῦσα
772 1340 827 1367 τῶν
838 1341 883 1367 διὰ

90 1389 143 1424 τῆς
156 1389 244 1424 ὅψεως
255 1388 433 1424 καταλήψεων
443 1395 450 1403 ·
464 1388 512 1414 καὶ
522 1387 576 1423 γὰρ
590 1387 651 1414 οὐδὲ
677 1388 691 1414 ὁ
703 1386 806 1422 ταύτης
818 1387 885 1422 ἡμῖν

90 1436 143 1470 τῆς
170 1435 328 1471 ἀπορρήτου
355 1434 462 1470 τρυφῆς
491 1434 538 1460 καὶ
571 1433 688 1468 Θεωρίας
715 1432 885 1468 ἀρχιτέκτων

92 1483 185 1517 ἐφεῖτο
199 1483 245 1508 καὶ
257 1480 406 1516 συνεχώρει
420 1480 559 1515 ἀκραιφνῆ
572 1480 721 1515 λαμϐάνειν
734 1481 784 1516 τὴν
798 1479 886 1515 μάθη-

94 1538 150 1556 σιν.
169 1529 239 1555 Ἀλλ’
267 1528 355 1562 ἔγωγε
376 1527 452 1562 πόθῳ
466 1527 515 1554 καὶ
536 1527 619 1562 ἔρωτι
645 1527 742 1562 μαθεῖν
771 1526 886 1562 ἠρώτων

93 1576 182 1610 ὅμως,
207 1573 266 1605 πῶς
282 1573 314 1608 δὴ
335 1572 383 1599 νῦν
400 1574 414 1599 ὁ
438 1572 487 1607 τῆς
512 1571 648 1606 σωτηρίας
667 1571 745 1606 ἡμῶν
771 1571 886 1598 καὶτῶν
901 1584 922 1613 c

94 1620 188 1650 καλῶν
199 1620 342 1655 θεαμάτων
357 1618 506 1654 αὐτουργὸς
520 1618 654 1653 ὑπάρχει·
673 1618 720 1645 καὶ
735 1619 751 1653 ἡ
772 1618 889 1652 ἀπόκρι-

99 1677 144 1700 σις
162 1667 255 1701 ἔλεγεν
274 1667 304 1692 ὲν
329 1667 385 1697 τοῖς
402 1665 477 1696 ἰδίοις
496 1664 558 1699 μὲν,
574 1664 630 1691 ἀλλ’
646 1665 696 1690 οὐκ
717 1665 745 1690 ὲν
764 1660 805 1695 οἷς
816 1662 890 1698 ᾠκο-

95 1715 176 1749 νόμει
191 1714 239 1749 τὴν
251 1713 347 1748 ὅρασιν
359 1711 439 1739 εἶναι·
451 1712 486 1738 τὰ.
506 1711 555 1746 μὲν
567 1711 622 1745 γὰρ
634 1708 668 1745 ἦν
682 1709 890 1744 φιλανθρωπίας

97 1760 147 1787 καὶ
165 1758 408 1794 συγκαταῦάσεως,
431 1756 466 1783 τὰ
493 1756 522 1783 δὲ
537 1756 576 1792 τῷ
592 1756 630 1792 μὴ
651 1755 701 1790 τῆς
720 1755 825 1786 οἰκείας
845 1754 891 1787 ἐξ·

99 1806 227 1833 ίστασθαι
247 1804 355 1839 φύσεως
374 1805 405 1830 τὸ
416 1803 501 1830 ἀΐδιον
517 1802 710 1837 ὑπογράφοντα
724 1802 770 1827 καὶ
788 1800 891 1836 ἀμετά-

98 1851 210 1886 ϐλητον.
226 1847 294 1878 Εἶτα
314 1849 407 1884 ἐπειδή
435 1857 470 1883 με
500 1847 569 1883 πρὸς
590 1846 670 1881 φύσιν
695 1846 780 1881 ἀνῆγε
801 1845 892 1880 πάσης

97 1898 189 1933 ὂψεως
204 1897 252 1924 καὶ
263 1895 443 1932 καταλήψεως
463 1892 750 1929 ὑπεραναϐεϐηκυῖαν,
773 1891 891 1918 ἐπυνθα-

97 1945 191 1981 νὸμηι
202 1941 469 1979 ἐτιζπροσδιαπορῶν,
482 1941 519 1972 ὡς
532 1940 563 1967 El
575 1939 652 1967 ταῦθ’
666 1938 752 1970 οὕτως
768 1938 834 1973 ἔχει,
851 1938 892 1970 τίς

98 1990 116 2025 ἠ
132 1989 209 2023 δεξιά
223 1989 318 2020 στάσις
331 1988 379 2015 καὶ
403 1986 523 2022 καθέδρα
535 1985 582 2012 καὶ
596 1985 632 2012 τὰ
645 1986 699 2012 τῶν
714 1984 815 2011 ὑλικῶν
832 1984 893 2019 σχέ-

100 2044 172 2062 σεων
186 2035 232 2061 καὶ
256 2034 402 2061 διαθέσεων
424 2033 562 2068 ὀνόματα;
585 2031 638 2058 ποῦ
662 2031 717 2067 γὰρ
735 2031 792 2066 ἔχει
806 2030 893 2057 ταῦτα

98 2080 194 2117 χώραν
205 2080 332 2115 λέγεσθαι
348 2081 377 2106 ὲν
392 2076 433 2111 οἷς
455 2079 502 2106 καὶ
519 2078 573 2104 τῶν
588 2077 735 2113 ὁρωμένων
760 2077 794 2103 τὰ
808 2076 893 2103 πολλὰ

98 2129 149 2163 οὑχ
164 2127 258 2163 ὅρασίς
280 2127 364 2159 ἐστιν,
381 2126 450 2153 ἀλλά
466 2126 516 2160 τῆς
536 2125 686 2159 φαντασίας
704 2124 873 2155 ὃιατὺπωσις
885 2131 892 2138 ·

99 2177 114 2202 ὁ
130 2175 160 2202 δὲ
171 2174 225 2201 τῶν
237 2173 358 2209 ἀποριῶν
368 2172 504 2207 ἀκροατὴς
513 2171 659 2206 ἐπιτιμῶν,
672 2171 709 2202 ὡς
718 2170 801 2203 ἔοικε,
815 2169 894 2204 φιλο-

99 2222 249 2257 πράγμονα
268 2221 392 2247 ἔνστασιν
410 2220 458 2246 καὶ
477 2219 528 2245 οὐκ
546 2217 599 2244 ἐῶν
612 2216 761 2245 ἀπολαύειν
776 2215 823 2242 τοῦ
842 2215 893 2250 ζη-

923 277 957 303 ad
971 277 1119 304 dubiorum
1134 276 1299 303 solutionem
1327 273 1512 308 procedimus.

964 323 992 352 2,
1010 323 1078 350 Tres
1100 321 1232 357 antiquus
1257 321 1302 347 ille
1320 320 1465 354 b0nusque
1483 326 1566 346 senex
1593 325 1721 353 progres-

925 374 1018 402 siones
1038 370 1073 398 ad
1095 369 1224 396 virtutem
1246 367 1303 394 sive
1326 366 1436 393 ordines
1460 365 1519 392 sive
1544 364 1647 399 gradus
1663 365 1721 391 sive

926 418 991 454 quid
1007 416 1081 445 aliud
1099 415 1236 450 appellare
1259 413 1356 446 libeat,
1373 412 1400 439 in
1425 412 1468 439 his
1484 412 1575 438 verbis
1590 410 1694 438 indicat
1711 420 1718 437 :

927 464 1033 499 plenam
1049 467 1141 488 rerum
1164 459 1248 494 hujus
1264 458 1335 489 vitzc,
1358 465 1420 484 eum
1435 456 1535 492 quibus
1548 460 1577 483 et
1589 456 1650 490 ipsa
1665 455 1720 482 vita

928 509 1010 537 simul
1021 507 1126 539 interit,
1151 506 1297 538 incuriam,
1316 504 1439 532 sedulam
1455 508 1537 537 atque
1553 502 1718 530 indefessum

928 555 1090 586 oralionem,
1106 557 1134 580 et
1146 552 1225 580 tertio
1241 551 1403 578 inviolatam
1411 550 1501 578 cordis
1515 549 1699 584 operationem
1712 557 1720 579 ;

929 600 1001 628 unde
1021 603 1131 628 constat
1158 597 1275 624 mediam
1294 597 1364 624 inter
1384 600 1499 631 utraque
1519 600 1642 623 extrema
1658 602 1721 620 oru-

929 647 1030 673 tionem
1052 651 1122 672 esse.
1139 643 1191 676 Qui
1215 643 1298 676 igitur
1316 642 1469 676 neglectum
1497 648 1588 668 rerum
1606 639 1722 666 munda-

930 699 1031 720 narum
1054 698 1109 718 non
1128 689 1290 725 possederit,
1315 695 1366 715 nec
1391 687 1497 722 reliqpa
1522 687 1577 714 duo
1595 686 1722 721 persequi

930 737 1041 774 poterit.
1056 735 1159 764 Verum
1174 734 1240 770 quid
1255 733 1338 761 inde?
1351 733 1468 761 Medium
1487 732 1580 767 igitur,
1595 731 1721 758 videlicet

931 785 1105 816 orationem,
1137 789 1269 810 exercens
1297 781 1325 807 in
1353 780 1449 807 mediis
1482 778 1590 806 exsistit
1620 777 1722 809 bonis,

932 831 1059 867 quamvis
1079 829 1199 857 nondum
1228 828 1261 855 ad
1289 833 1441 854 extremum
1475 825 1610 852 bonorqu
1628 831 1724 851 ascen-

933 877 1011 904 derit.

968 923 995 950 5.
1021 921 1118 949 Polum
1129 928 1188 947 vero
1203 918 1304 947 sitienti
1320 917 1401 944 dabat
1417 916 1459 944 vel
1469 916 1577 943 eminus
1591 914 1725 941 exsistens

934 969 1069 1005 splendidi
1101 965 1250 1002 spectaculi
1282 965 1404 999 impletio
1421 967 1449 990 et
1475 961 1625 989 oblectatio
1640 966 1723 995 atque

933 1016 1025 1048 visio;
1042 1013 1140 1041 deinde
1163 1019 1218 1040 non
1244 1018 1332 1046 usque
1355 1011 1388 1038 ad
1406 1009 1564 1036 universum
1580 1011 1726 1042 spectacu-

934 1062 989 1089 lum
1009 1060 1175 1091 delieiabar;
1193 1058 1240 1085 sed
1258 1062 1350 1092 postea
1367 1062 1464 1082 rursus
1480 1062 1556 1081 eram
1575 1053 1601 1080 in
1621 1052 1686 1084 illis,
1699 1052 1726 1078 in

934 1107 1034 1143 quibus
1056 1110 1083 1133 et
1108 1109 1199 1132 antea.
1222 1103 1292 1137 Quid
1317 1102 1399 1137 igitur
1423 1105 1496 1127 esset
1513 1104 1575 1126 ante
1589 1097 1725 1126 visibilem

935 1152 1051 1179 formam
1076 1150 1103 1177 in
1128 1149 1223 1181 rebus,
1249 1155 1317 1183 quas
1334 1147 1466 1178 videmus,
1489 1152 1522 1172 ne
1537 1145 1602 1180 ipsa:
1616 1143 1726 1179 quidem

935 1207 990 1231 res,
1007 1205 1076 1232 quas
1093 1196 1229 1227 videmus,
1244 1196 1341 1222 docere
1353 1201 1403 1220 nos
1419 1196 1557 1228 poterant,
1572 1191 1644 1218 sicut
1659 1189 1728 1217 solet

936 1245 1004 1272 visio
1011 1244 1168 1278 frequenter
1176 1249 1271 1268 eorum
1282 1248 1341 1274 ιιιιιιι
1348 1239 1472 1266 ridentur
1480 1239 1641 1272 interpretes
1650 1244 1726 1268 csse;

937 1298 1024 1325 neque
1040 1289 1111 1316 enim
1136 1292 1195 1315 erat
1220 1295 1253 1315 ex
1270 1287 1301 1314 iis
1315 1286 1490 1321 spectaculis.
1507 1292 1569 1319 qua:
1592 1283 1727 1310 naturalia

938 1337 1070 1371 nobisque
1099 1334 1245 1362 familiaria
1279 1333 1431 1364 exsistunt,
1457 1331 1505 1358 sed
1529 1330 1616 1365 gratia
1647 1333 1727 1358 erat.

936 1391 997 1419 quae
1018 1382 1101 1409 dabat
1119 1381 1171 1408 alia
1187 1380 1298 1416 quidem
1317 1378 1458 1408 intuenda.
1472 1377 1525 1404 alia
1541 1384 1606 1403 vero
1624 1375 1729 1410 potiora

937 1429 1081 1457 oculorum
1106 1426 1282 1462 perceptione
1305 1423 1454 1456 elliciebat;
1478 1422 1581 1449 ctenim
1606 1429 1656 1448 nec
1673 1421 1730 1454 ipse

937 1486 1045 1506 arcana:
1065 1477 1146 1512 hujus
1161 1474 1353 1503 oblectationis
1373 1478 1400 1500 et
1420 1469 1659 1512 contemplationis
1682 1475 1731 1494 no-

939 1531 1001 1553 stra
1029 1529 1123 1551 auctor
1158 1520 1333 1558 permittebat
1359 1520 1403 1547 vel
1429 1509 1599 1546 concedebat
1626 1515 1730 1541 claram

939 1569 1011 1596 illius
1034 1567 1143 1594 haurire
1167 1565 1364 1600 cognitionem.
1391 1561 1443 1589 Sed
1469 1568 1520 1595 ego
1538 1558 1630 1586 studio
1647 1561 1729 1592 atque

941 1622 1036 1642 amore
1050 1612 1172 1641 discendi
1193 1610 1354 1639 sciscitabar
1380 1607 1571 1638 nihilominus,
1592 1605 1637 1632 ubi
1659 1611 1732 1631 nunc

941 1661 1037 1689 salutis
1047 1664 1147 1687 nostra:
1160 1658 1409 1693 praeclarorumque
1421 1653 1640 1690 spectaculorum
1652 1650 1732 1678 nobis

941 1711 1038 1735 auctor
1060 1709 1159 1733 exstet.
1176 1705 1209 1732 Et
1239 1703 1382 1738 responsio
1404 1701 1512 1729 dicebat
1531 1709 1537 1727 :
1565 1699 1592 1726 in
1614 1697 1734 1733 propriis

941 1752 1061 1788 quidem,
1079 1759 1133 1778 non
1148 1756 1237 1777 tamen
1257 1749 1284 1776 in
1298 1749 1398 1784 quibus
1414 1746 1580 1782 disponebat
1596 1744 1730 1770 visionem

941 1805 1023 1830 esse;
1040 1797 1097 1824 hmo
1108 1796 1182 1823 enim
1202 1799 1281 1822 erant
1296 1793 1473 1827 benignitatis
1495 1797 1519 1818 cl
1538 1788 1732 1824 indulgentiae;

943 1843 988 1870 illa
1000 1849 1066 1868 vero
1087 1840 1266 1868 aeternitatem
1291 1843 1373 1873 atque
1395 1835 1644 1864 inmutabilitatem
1661 1829 1733 1860 desi-

942 1888 1072 1925 gnabant,
1093 1887 1165 1922 quod
1190 1894 1222 1913 ex
1253 1885 1361 1920 propria
1382 1892 1436 1910 non
1460 1880 1599 1909 receth‘rrt-t
1623 1884 1733 1907 natura.

944 1935 1044 1962 Deinde
1053 1933 1099 1961 ubi
1109 1940 1151 1960 me
1159 1932 1192 1959 ad
1201 1938 1328 1959 naturam
1338 1930 1428 1958 evexit
1438 1928 1511 1956 omni
1522 1927 1628 1954 visione
1637 1931 1664 1953 et
1671 1932 1734 1952 con-

943 1980 1120 2015 templatione
1133 1977 1313 2013 superiorem,
1327 1974 1530 2010 interrogabam
1541 1972 1631 2000 adhuc
1649 1970 1735 1998 addu-

944 2028 1033 2057 bitans
1052 2035 1059 2053 :
1078 2025 1106 2053 Si
1119 2025 1225 2052 hrecita
1241 2032 1271 2052 se
1285 2023 1397 2056 habent,
1425 2028 1549 2055 quanam
1567 2023 1608 2046 est
1624 2017 1735 2045 dextera

944 2072 1025 2101 statio
1043 2075 1073 2101 et
1086 2069 1174 2099 sessio
1194 2074 1221 2097 et
1232 2068 1414 2096 materialium
1434 2065 1624 2093 habitudinum
1642 2064 1735 2097 dispo-

944 2119 1130 2153 sitionumque
1141 2115 1265 2144 nomina?
1276 2114 1328 2142 Ubi
1336 2115 1409 2142 enim
1420 2114 1478 2140 haee
1488 2113 1579 2140 locum
1592 2111 1691 2138 habent
1706 2115 1736 2136 ut

945 2165 1081 2196 dicantur,
1101 2163 1128 2191 in
1147 2162 1248 2198 quibus
1265 2166 1292 2189 et
1311 2161 1396 2188 multa
1413 2167 1520 2191 eorum,
1544 2166 1607 2193 quae
1622 2156 1732 2191 conspi-

945 2211 1065 2243 ciuntur,
1084 2217 1137 2237 non
1155 2209 1225 2236 visio
1237 2212 1312 2240 sunt,
1325 2208 1373 2235 sed
1392 2205 1598 2242 imaginationis
1614 2204 1736 2232 delinea-

98 2252 232 2304 τῆμάτος,
261 2268 384 2303 κρεῖττον
411 2266 496 2300 ἀκοῆς
522 2265 573 2299 ἔφη
602 2264 651 2299 τὴν
678 2263 814 2299 ἐρώτησιν
841 2271 877 2289 κα

971 2263 992 2283 ).
1017 2255 1064 2282 Ille
1085 2255 1288 2282 dubitationmn
1316 2252 1424 2280 auditor
1447 2252 1613 2286 im-rcpans,
1636 2254 1666 2276 ut
1689 2256 1736 2283 par

99 2316 200 2352 καιρὸν
211 2317 309 2343 οἰκεῖον
324 2314 397 2350 ἔχειν
407 2315 456 2350 τῆς
468 2311 675 2347 ἀποκαλύψεως.
694 2311 765 2345 Ἐγὼ
779 2310 808 2337 δὲ
820 2309 892 2344 φιλο.

99 2362 200 2389 νεικῶν
219 2361 259 2389 ἔτι
283 2361 330 2388 καὶ
357 2360 413 2395 rev}
427 2359 524 2395 καιρόν
544 2366 579 2394 με
599 2357 763 2392 συναγαγεῖν
789 2363 893 2391 παρεκ-

99 2409 183 2437 άλουν
193 2409 238 2435 καὶ
249 2408 287 2443 μὴ
299 2408 349 2443 τῆς
357 2407 444 2442 καλῆς
459 2406 620 2441 ἀποστερεῖν
638 2404 757 2439 ἐφέσεως
767 2411 773 2418 ·
789 2403 893 2433 ἐκεῖνος

98 2455 130 2482 δὲ
144 2454 192 2481 τοῦ
205 2453 354 2485 λυποῦντος
373 2453 410 2485 ὡς
425 2450 480 2479 οἷόν
495 2461 525 2478 τε
546 2452 594 2478 καὶ
608 2448 806 2485 ἀδημονοῦντος
822 2447 894 2475 ἁπά-

99 2509 158 2529 γων
172 2499 249 2526 οὔπω
258 2499 303 2525 τὸν
316 2498 411 2534 καιρὸν
424 2497 500 2534 ξλεγε
516 2497 657 2532 παρεῖναι·
676 2494 753 2521 οὔπω
768 2493 822 2528 γὰρ
834 2492 894 2519 οὐδὲ

99 2546 131 2573 τὸ
151 2546 209 2580 πῦρ
219 2545 251 2571 τὸ
264 2545 314 2581 τὴν
327 2544 483 2580 ἀφθαρσίαν
497 2543 616 2571 ἀνάπτον
632 2544 660 2569 ὲν
673 2542 730 2572 τοῖς
746 2539 806 2567 καθ’
816 2541 892 2575 ἡμᾶς

99 2591 297 2626 ἀναφλέγεται.

136 2725 169 2752 δ’.
189 2723 299 2758 Ταύτην
311 2721 358 2750 οὖν
371 2723 420 2758 τὴν
433 2723 591 2748 ὀπτασῖανὸ
611 2721 692 2753 καλὸς
707 2721 752 2748 καὶ
771 2720 894 2755 φιλόθεος

101 2771 151 2798 καὶ
165 2769 280 2800 παλαιὸς
293 2770 399 2800 ἐκεῖνος
412 2768 583 2802 ἀπαγγείλας
602 2767 691 2802 γέρων
707 2767 738 2792 οὑ
756 2766 894 2800 μεγαλαυ-

102 2817 155 2850 χεῖ,
174 2814 236 2841 οὐδὲ
263 2814 376 2841 τοιαῦτα
390 2813 554 2848 τεθεαμένος
578 2812 740 2848 ὲπαίρεται¹
766 2811 835 2838 ἀλλὰ
850 2812 896 2837 καὶ

102 2862 217 2896 ἄγνοιαν
234 2860 324 2895 ἑαυτῷ
353 2862 505 2894 προσάπτει
520 2859 608 2893 λέγων
620 2866 626 2872 ·
648 2858 705 2884 Οὐκ
724 2855 783 2884 οἶδα
807 2858 832 2884 εἰ
846 2858 895 2884 σὺν

103 2906 143 2943 τῷ
159 2907 201 2942 χοῖ
216 2906 303 2934 ταῦτα
325 2905 456 2941 ὲθεάμην,
472 2906 526 2933 εἴτε
550 2904 610 2933 καθ’
631 2903 730 2939 ἑαυτὴν
745 2903 793 2940 τῆς
807 2905 895 2939 ψυχῆς

944 2305 1013 2334 erat,
1029 2300 1167 2328 euriosam
1185 2298 1343 2326 instantiam
1362 2305 1411 2324 nec
1426 2296 1479 2323 frui
1497 2304 1540 2323 me
1556 2295 1649 2323 sitiens
1661 2303 1736 2329 qua;-

945 2347 1041 2375 stionis
1057 2347 1202 2379 solutione,
1222 2353 1275 2372 non
1297 2352 1377 2379 posse
1391 2343 1484 2371 auditu
1499 2342 1601 2377 percipi
1616 2343 1736 2368 interro-

944 2393 1080 2428 gationem
1100 2392 1199 2426 inquit,
1212 2398 1326 2426 eamque
1350 2389 1490 2424 proprium
1509 2387 1609 2415 habere
1631 2387 1735 2413 revela-

945 2439 1027 2466 tionis
1047 2442 1168 2473 tempus.
1180 2436 1238 2472 Ego
1261 2445 1324 2464 vero
1346 2436 1436 2463 adhuc
1448 2433 1618 2462 contendens
1631 2438 1655 2460 et
1669 2439 1736 2461 cmi—

945 2486 1017 2514 trahi
1041 2485 1109 2513 mihi
1154 2489 1260 2520 tempus
1298 2483 1431 2519 precabar
1456 2489 1507 2510 nec
1536 2488 1579 2508 me
1620 2481 1735 2508 honesta

945 2532 1096 2568 cupiditate
1112 2519 1243 2559 fraudari.
1265 2530 1311 2557 Ille
1324 2533 1415 2557 autem
1431 2519 1565 2559 dolorem,
1587 2535 1641 2563 qua
1659 2531 1735 2562 pele—

946 2583 997 2611 rat,
1013 2578 1228 2612 nmstitiamque
1249 2577 1343 2604 levans
1359 2576 1481 2603 nomium
1507 2575 1605 2602 adesse
1629 2574 1737 2600 dicebat

946 2631 1071 2660 tempus;
1098 2624 1219 2651 nondum
1241 2624 1313 2651 cnim
1342 2623 1422 2658 ignis,
1447 2623 1494 2657 qui
1521 2621 1736 2655 incorruptibili-

947 2677 1028 2699 latem
1057 2671 1186 2706 impertit,
1202 2670 1273 2697 inter
1304 2678 1353 2698 nos
1383 2670 1470 2697 ardet.

982 2717 1008 2744 4.
1023 2716 1100 2744 llanc
1115 2717 1197 2751 igitur
1212 2716 1344 2744 visionem
1369 2715 1458 2742 bonus
1486 2714 1543 2746 ille,
1570 2714 1633 2749 pius
1655 2717 1737 2748 atque

947 2766 1077 2800 antiquus
1095 2772 1178 2792 senex
1200 2765 1347 2792 cnuntians
1364 2770 1418 2790 non
1434 2772 1464 2790 se
1482 2762 1626 2796 magniﬁce
1639 2761 1735 2796 jactat,

948 2819 998 2839 nec
1020 2819 1050 2839 se
1067 2811 1140 2846 quod
1162 2811 1220 2838 huic
1245 2810 1343 2837 viderit
1362 2810 1478 2840 extollit.
1499 2809 1546 2836 sed
1563 2813 1590 2835 et
1609 2808 1737 2843 ignoran-

948 2857 1012 2884 tiam
1025 2856 1077 2884 sibi
1096 2856 1192 2884 tribuit
1206 2856 1332 2891 inquiens
1346 2863 1352 2882 :
1373 2853 1483 2886 Nescio,
1499 2862 1532 2880 an
1550 2861 1613 2881 cum
1624 2859 1739 2887 corpore

949 2908 1056 2930 terrcuo
1067 2902 1125 2930 inec
1139 2901 1272 2934 intuerer,
1282 2908 1317 2929 an
1327 2908 1392 2929 vero
1405 2899 1494 2928 anima
1508 2906 1555 2934 per
1569 2906 1600 2926 se
1610 2897 1644 2926 ad
1653 2896 1737 2925 Deum
