1874 3070
136 155 204 190 1ιο3

135 213 283 242 evolaverit
303 219 455 248 corpusque
477 212 511 239 ad
542 211 678 240 modicum
705 213 837 248 temperis
863 214 926 240 reli-
940 220 962 245 Λ

136 260 227 294 querit
248 266 280 286 ac
305 258 502 292 conjunctione
526 265 558 285 ac
581 257 710 286 mistione
722 265 785 286 eum
804 259 863 294 ipsa
879 266 923 286 se-

136 306 270 339 iunctum.

136 361 300 397 ρυιεετιο
317 361 478 390 cemxw.
498 361 593 396 [CoisL
609 361 722 394 cexet,
741 360 815 388 Maio
833 362 927 389 exinde

277 408 469 440 CCLXXXIV,
494 409 577 435 ’l'uur.
598 408 763 444 CCLXXXJ

207 452 262 480 Cur
274 453 399 487 populum
417 452 551 479 numerari
565 452 634 479 Deus
646 452 758 487 jusserit
774 452 851 487 (ἴδ’).

324 509 393 534 lidila
407 516 419 533 a
434 509 495 533 Maio
513 508 584 539 (Nov.
601 509 662 534 Coll.
678 513 694 534 t.
711 509 749 538 IX,
765 517 789 541 p.
807 509 872 540 156).
886 523 916 528 --
933 509 969 534 De

173 551 213 580 Ut
233 559 290 579 suae
312 551 501 586 promissionis
517 553 677 579 ostenderet
700 552 857 579 veritatem.
884 551 929 579 Et-

138 599 212 626 enitn
228 598 362 633 promissa
376 598 513 625 Abraham
526 597 643 630 faciens,
661 597 770 626 dixerat
785 607 791 624 :
811 608 820 624 ‹
839 598 929 626 Multi-

140 645 246 681 plieans
260 644 448 680 multiplicabo
460 652 554 673 semen
571 650 648 672 tuum
664 645 737 672 sicut
752 645 844 674 stellas
855 645 929 678 coeli,

140 694 167 716 vt
191 689 266 718 velut
291 697 400 717 arenam
426 697 486 724 quze
509 694 552 717 est
576 689 603 716 in
628 690 721 717 littore
750 690 835 717 maris
856 691 888 715 ⁷⁷.
917 699 926 714 ›

140 737 277 764 Caeterum
308 736 504 772 promissionis
529 737 673 764 veritatem
701 737 838 768 ostendit;
865 744 928 763 nam

105 814 109 818 ί
140 791 279 818 quaecum
307 784 340 811 de
363 782 482 819 Aa'gypto
506 784 611 816 egressi
628 782 747 810 fuisscnt
760 783 930 816 septuaginta

140 833 168 856 et
183 829 307 864 quinque
322 828 450 861 millium,
467 832 524 855 tum
542 832 672 855 sexcenta
684 827 737 855 tria
752 826 835 862 millia
851 826 932 862 quin-

140 875 214 910 genti
246 874 446 910 quinquaginta
478 875 600 902 virorum
617 875 755 902 numerati
771 879 845 906 sunt,
880 874 929 909 qui

141 923 266 955 poterant
282 920 315 947 ad
339 920 408 948 bella
423 920 585 955 procedere,
601 925 713 955 excepta
739 919 932 954 intempestiva

140 970 168 993 et
193 965 339 993 immatura
367 970 449 993 aelate
474 969 499 993 et
532 964 652 993 femineo
670 972 780 1001 genere,
807 969 834 991 et
859 964 930 991 tribu
946 958 969 987 Β

142 1011 217 1039 Levi.
245 1010 323 1038 Hane
349 1019 428 1038 suam
457 1011 538 1039 docet
571 1012 722 1047 potentiam
748 1010 835 1043 Deus,
866 1018 928 1038 eum

140 1058 230 1091 dicit:
250 1066 260 1091 ι
279 1057 420 1085 Attendite
449 1058 482 1085 ad
505 1057 643 1085 Abraham
680 1061 784 1092 patrem
808 1062 930 1084 vesn'um

140 1109 168 1130 et
189 1102 224 1131 ad
247 1101 344 1130 Saram
366 1110 427 1138 quae
450 1103 555 1138 peperit
580 1104 719 1138 vos,quia
737 1111 821 1131 unum
836 1103 931 1131 vocavi

140 1157 216 1183 cum,
229 1153 258 1176 et
272 1149 451 1184 multiplicavi
467 1157 529 1176 eum
544 1149 577 1176 "‘.
597 1159 604 1175 ι

140 1248 452 1283 QUESTIOCCLXXV
467 1249 562 1286 [CoisL
583 1251 695 1284 CCCVI,
713 1251 795 1277 Taur.
807 1250 932 1281 CCXCV,

391 1296 462 1324 Maio
481 1296 672 1332 ccuxxvi

142 1342 203 1376 Qua
216 1342 249 1370 de
259 1351 343 1370 causa
367 1343 456 1377 farina
469 1350 501 1368 ea:
511 1342 608 1369 hordeo
621 1350 668 1376 pro
685 1343 794 1370 muliere
806 1349 932 1370 accusata

371 1377 458 1412 stupri
474 1377 618 1412 a/ferretur
633 1378 701 1413 (74).

726 157 857 188 ΡΗΟΤΙΙ
877 159 1129 189 ΡᾹΤΗῘΑΒΟΗΙΕ
1141 159 1195 189 CP.

1702 155 1781 189 1104

979 215 1166 250 ἀνιπταμὲνης
1187 214 1255 249 πρὸς
1268 213 1298 240 τὸ
1314 215 1438 249 κρεῖττον
1452 214 1499 240 καὶ
1513 214 1543 240 τδ
1567 214 1646 249 σῶμα
1659 214 1780 242 λειποῦ-

977 269 1027 295 σης
1040 260 1086 286 ἐπὶ
1106 259 1205 294 βραχὺ,
1221 258 1268 285 τοῦ
1282 259 1351 294 πρὸς
1378 259 1464 294 αὐτὴν
1480 259 1632 295 συνδέσμου
1652 268 1780 296 κεχωρι-

978 305 1076 341 σμένον
1091 306 1139 334 καὶ
1154 305 1204 340 τῆς
1216 305 1406 340 ἀνακράσεως.

1239 354 1407 389 ΕΡΩΤΗΣΙΣ
1427 361 1506 389 xor.

979 451 1059 478 Διατί
1077 450 1264 485 προσέταξεν
1278 450 1477 485 ἀριθμηθῆναι
1493 450 1549 477 τὸν
1561 450 1640 477 λαὸν
1651 451 1668 478 ό
1679 450 1757 483 Θεός
1770 459 1781 483 ;

985 512 1114 534 numerato
1131 508 1177 534 Dei
1190 509 1262 540 jussu
1286 509 1385 540 populo.
1403 507 1475 532 Num.
1493 514 1509 538 ι,
1539 508 1586 532 1-3.

1016 553 1077 579 Ἲνα
1086 553 1136 587 τῆς
1150 552 1254 583 οἰκείας
1267 550 1436 585 ἐπαγγελίας
1452 550 1528 587 δείξῃ
1547 551 1577 577 τὸ
1589 550 1690 586 ἀληθές
1701 558 1709 565 ·
1725 550 1783 576 ὕπ-

981 599 1157 634 ισχνούμενος
1183 598 1238 634 γὰρ
1262 597 1301 634 τῷ
1331 596 1458 633 Ἀϐραὰμ
1486 597 1559 632 ἔφη’
1589 606 1599 623 ι
1627 596 1782 631 mnam»;

979 645 1108 680 πληθυνῶ
1123 645 1153 671 τὸ
1170 645 1283 680 σπέρμα
1299 653 1345 670 σου
1360 643 1399 674 ὡς
1414 643 1477 675 τοὺς
1493 643 1612 678 ἀστέρας
1628 642 1675 670 τοῦ
1693 643 1782 678 οὐρα-

980 691 1025 718 νοῦ
1040 691 1088 718 καὶ
1099 691 1136 722 ὡς
1149 691 1199 723 τὴν
1210 691 1302 725 ἄμμον
1313 690 1362 726 τὴν
1377 690 1452 725 παρὰ
1465 690 1495 716 τὸ
1508 690 1598 724 χεῖλος
1609 690 1660 724 τῆς
1675 689 1783 716 θαλάσ-

982 746 1031 772 σης
1044 746 1050 754 ·
1069 747 1078 762 ›
1098 737 1182 769 ἔδειξε
1196 736 1250 771 γὰρ
1265 737 1314 771 τὴν
1327 736 1375 771 τῆς
1399 735 1567 771 ἐπαγγελίας
1581 734 1714 770 ἀλήθειαν
1725 743 1732 750 ·
1748 736 1784 762 ἐκ

982 784 1062 810 πέντε
1077 783 1132 818 γὰρ
1151 783 1197 808 καὶ
1212 782 1400 818 ἐϐδομήκοντα
1409 781 1464 808 τῶν
1487 782 1526 813 είς
1545 781 1685 816 Αἴγυπτον
1711 790 1782 808 κατ-

982 829 1123 861 ελθόντων,
1151 827 1291 860 ἑξακόσιαι
1303 827 1422 862 χιλιάδες
1436 827 1484 854 καὶ
1494 827 1639 862 τρισχίλιοι
1653 826 1702 853 καὶ
1714 826 1784 859 ἑξα-

983 875 1068 902 κόσιοι
1080 875 1127 901 καὶ
1137 874 1309 909 πεντήκοντα
1317 873 1512 909 ἠριθμήθησαν
1523 873 1620 908 ἄνδρες
1632 873 1783 908 δυνάμενοι

984 920 1121 954 πολεμεῖν,
1137 921 1183 946 καὶ
1200 919 1304 954 ἐξώρου
1327 918 1436 955 ἡλικίας
1450 918 1561 953 καὶτῆς
1576 917 1666 954 ἀώρου
1690 927 1794 952 κεχω-,

985 966 1126 1002 ρισμένης,
1143 965 1190 992 καὶ
1206 966 1298 1000 μέντοι
1325 964 1431 991 καὶτοῦ
1443 963 1538 998 θήλεος
1555 964 1650 999 γένους
1666 965 1716 990 καὶ
1730 966 1781 999 τῆς

984 1012 1123 1046 λευῖτικῆς
1142 1011 1230 1046 φυλῆς
1241 1020 1247 1026 ·
1264 1010 1366 1046 ταύτην
1380 1011 1463 1037 αὐτοῦ
1481 1011 1615 1038 διδάσκων
1630 1011 1680 1046 τὴν
1699 1010 1782 1037 δύνα-

987 1058 1056 1094 μινὸ
1067 1057 1133 1089 Θεὸς
1149 1058 1195 1084 καὶ
1208 1057 1253 1084 διὰ
1267 1057 1314 1084 τοῦ
1323 1057 1433 1083 Ἡσαΐου
1448 1057 1499 1092 ἔφη
1512 1065 1519 1073 ·
1532 1067 1541 1082 ι
1553 1056 1724 1091 Ἐμϐλέψατε
1739 1058 1781 1088 είς

993 1104 1120 1140 ’Λϐραὰμ
1143 1104 1190 1130 τὸν
1215 1104 1322 1139 πατέρα
1348 1103 1426 1138 ὑμῶν
1445 1103 1493 1130 καὶ
1523 1103 1564 1135 είς
1589 1103 1699 1138 Σάρραν
1731 1103 1782 1137 τὴν

986 1150 1119 1176 ὠδίνασαν
1139 1149 1227 1183 ὑμᾶς,
1245 1149 1285 1175 ὅτι
1301 1145 1342 1180 εἷς
1360 1146 1405 1183 ἦν,
1422 1148 1470 1175 καὶ
1485 1148 1603 1175 ἐκάλεσα
1623 1148 1716 1183 αὑτὸν,
1734 1150 1783 1175 καὶ

987 1195 1124 1230 ἐπλήθυνα
1140 1195 1231 1221 αὐτόν.
1252 1204 1261 1219 ι

1245 1251 1414 1279 ΕΡΩΤΙΙΣΙΣ
1432 1251 1496 1279 ΣΟΕ
1507 1272 1515 1280 .

984 1345 1064 1372 Atat!
1079 1344 1210 1379 ἄλευρον
1220 1345 1356 1378 κρίθινον
1367 1344 1445 1377 ὑπὲρ
1464 1343 1520 1377 τῆς
1532 1341 1783 1379 ὑποπτευομένῃ(-

1157 1377 1356 1415 μοιχευθῆναι
1370 1377 1623 1414 sapae-exagitata;

558 1434 629 1463 Edita
641 1442 654 1460 a
667 1435 729 1460 Maio
745 1435 773 1466 (l.
785 1442 806 1460 ε,
819 1443 843 1467 p.
863 1436 916 1465 156,
933 1436 998 1468 137).
1013 1452 1041 1456 —
1054 1438 1091 1462 De
1108 1440 1177 1463 textu
1194 1437 1266 1462 Num.
1284 1443 1307 1467 ι’,
1325 1436 1363 1461 15.

178 1476 240 1512 Ipse
253 1477 386 1505 Dominus
407 1478 554 1512 explicavit
572 1479 688 1507 dicens:
706 1489 715 1505 ι
735 1479 805 1512 Quia
828 1480 934 1509 suerin-

143 1525 218 1551 cium
243 1525 385 1560 zelotypiae
414 1529 465 1557 est,
486 1524 655 1552 sacriﬁcium
675 1525 887 1558 recordationis,
910 1531 938 1554 et

144 1570 248 1598 oblatio
260 1570 411 1606 telotypim.
422 1580 432 1596 ι
445 1570 511 1598 Inde
528 1578 619 1606 neque
633 1571 734 1601 oleum.
763 1580 852 1608 neque
875 1573 938 1602 thus

145 1616 174 1643 in
199 1615 253 1643 hoc
275 1615 410 1643 saeriticio
436 1623 498 1644 esse
517 1616 618 1652 jussit;
647 1617 774 1645 orbatum
797 1623 840 1646 est
865 1619 938 1647 enim

146 1662 289 1690 suavitatis
305 1667 332 1690 et
341 1661 456 1696 iustitiae
472 1662 543 1691 luce.
569 1663 626 1692 Hoc
641 1663 780 1700 {prrecepit
799 1665 940 1701 legislator
953 1683 976 1714 c

146 1717 228 1745 quem
244 1717 298 1736 non
321 1708 461 1744 fugiebant
482 1710 628 1739 homicida:
650 1710 808 1739 Judamrum
832 1712 938 1749 cogita-

145 1755 253 1789 tiones;
268 1763 302 1782 ne
316 1756 389 1783 enim
406 1756 479 1783 tenui
498 1756 532 1783 de
544 1757 703 1792 suspicione
717 1758 850 1794 conjuges
863 1759 940 1786 occi-

146 1801 254 1834 derent,
273 1806 428 1836 suspectam
441 1802 540 1830 adduci
558 1803 645 1831 voluit
660 1804 692 1831 ad
708 1812 770 1832 eum
786 1805 831 1840 qui
844 1806 939 1832 omnia

147 1848 241 1876 abdita
256 1849 340 1876 etiam
353 1849 498 1884 perspicue
510 1851 597 1877 novit.
617 1860 627 1875 ι
643 1850 746 1878 Otl‘erct
768 1851 850 1886 igitur
867 1859 939 1884 eam,

146 1892 246 1930 inquit,
276 1893 405 1921 sacerdos
432 1898 460 1921 et
484 1898 586 1922 statuet
605 1902 697 1922 coram
716 1895 844 1929 Dmnino,
861 1904 941 1924 assu-

147 1943 258 1975 metque
279 1947 379 1975 aquam
395 1946 530 1974 sanetam,
541 1941 638 1968 vivens
647 1949 740 1968 coram
752 1942 869 1970 Domino
878 1942 912 1976 ",
926 1952 937 1969 ι

148 1990 176 2014 et
189 1986 306 2021 reliqua.
324 1986 389 2013 Haec
411 1991 503 2014 autem
517 1987 610 2015 omnia
631 1987 691 2015 ﬁeri
706 1995 721 2014 a
752 1988 869 2015 muliere
892 1995 940 2016 su-

148 2037 241 2069 specta
264 2032 398 2069 praecipit,
415 2037 446 2061 ut
458 2033 584 2068 perculsa
595 2034 705 2067 timore,
722 2034 745 2062 si
758 2034 940 2069 peccavisset,

149 2079 326 2107 conﬁteretur
334 2084 361 2107 et
370 2086 419 2114 per
426 2079 618 2114 paenitentiam
627 2080 733 2115 peccati
746 2080 941 2109 remissionem

150 2124 301 2160 acciperet.
324 2122 510 2156 Quamobrem
538 2125 619 2159 hanc,
650 2125 758 2153 detecto
777 2125 879 2161 capite,
907 2125 941 2154 ad

149 2169 299 2198 Dominum
325 2169 389 2197 duci
404 2169 498 2205 jubet,
519 2170 563 2199 his
575 2170 659 2199 dictis
676 2179 684 2198 :
704 2180 714 2198 ι
734 2170 834 2199 Omnia
849 2176 940 2200 autem

150 2214 225 2243 nuda
242 2218 270 2242 et
283 2219 377 2250 aperta
389 2221 453 2243 sunt
462 2216 550 2245 oculis
564 2216 624 2252 ejus
637 2216 672 2244 ".
691 2225 702 2243 ι
721 2216 742 2244 Ε
758 2218 942 2253 sequentibus

149 2261 224 2290 haud
234 2261 349 2290 dubium
361 2266 403 2291 est
414 2263 482 2299 quin
492 2263 528 2291 ita
539 2263 683 2291 mulierem
697 2268 800 2292 terrere
813 2264 940 2292 voluerit.

154 2318 163 2335 ι
181 2308 383 2344 Adjurahitque
406 2317 479 2342 eam,
509 2313 537 2337 et
558 2309 630 2338 dicet
649 2309 758 2339 mulieri
785 2311 940 2339 sacerdos:

1022 1482 1106 1513 Αὐτὸς
1123 1483 1137 1509 6
1156 1482 1295 1515 Δεσπότης
1310 1482 1484 1517 ἠρμήνεδσεν
1495 1489 1502 1496 ·
1519 1489 1529 1505 ‹
1544 1479 1621 1505 ’Ἐστι
1633 1479 1700 1513 γὰρ,
1719 1479 1782 1513 ἔφη,

988 1527 1069 1554 θυσία
1090 1527 1269 1562 ζηλοτυπίας,
1295 1526 1376 1553 θυσία
1403 1525 1589 1562 μνημοσύνου,
1613 1524 1693 1551 θυσία
1716 1524 1784 1550 ἀνα-

990 1573 1184 1608 μιμνήσκουσα
1208 1572 1363 1608 ἁμαρτίανν
1384 1581 1393 1597 ι
1414 1571 1476 1598 ὅθεν
1497 1571 1558 1598 οὐδὲ
1581 1570 1671 1596 ἔλαιον
1698 1569 1784 1604 αὐτὴν

989 1619 1050 1646 οὐδὲ
1067 1619 1175 1646 λίϐανον
1192 1619 1263 1655 ἔχειν
1288 1619 1455 1654 προσέταξεν
1466 1626 1473 1633 ’
1497 1618 1645 1654 ἐπέρηται
1665 1616 1721 1652 γὰρ
1737 1617 1784 1643 καὶ

991 1665 1040 1698 τῆς
1054 1665 1168 1697 εὐωδίας
1183 1666 1231 1692 καὶ
1253 1664 1300 1691 τοῦ
1316 1665 1365 1700 τῆς
1380 1664 1557 1699 δικαιοσύνης
1574 1663 1664 1698 φωτός
1674 1672 1681 1678 ·
1705 1662 1785 1689 τοῦτο

993 1711 1042 1747 μέν
1053 1720 1094 1737 τοι
1109 1711 1232 1746 γίνεσθαι
1249 1711 1447 1746 νενομοθέτηκε
1462 1711 1511 1745 τὴν
1530 1710 1673 1745 μιαιφόνον
1694 1708 1785 1734 αὐτῶν

991 1758 1173 1792 ἐπιστάμενος
1185 1757 1298 1792 γνώμην
1310 1765 1317 1773 ·
1331 1757 1376 1784 ἵνα
1389 1756 1444 1791 γὰρ
1466 1755 1504 1791 μὴ
1525 1755 1555 1789 ἐξ
1569 1754 1687 1789 ὑποψίας
1701 1763 1785 1781 κατα-

992 1803 1118 1830 κτείνωσι
1138 1803 1188 1834 τὰς
1202 1802 1364 1838 ὀμοζὺγους,
1385 1801 1514 1828 ἐκέλευσε
1527 1801 1577 1836 τὴν
1594 1801 1784 1837 ὑποπτευομέ·

993 1858 1040 1884 νην
1055 1849 1131 1885 αὑτῷ
1152 1849 1378 1884 προσενεχθῆναι,
1398 1848 1446 1875 Este
1463 1848 1496 1884 δὴ
1517 1849 1606 1875 πάντα
1622 1848 1669 1875 καὶ
1689 1847 1724 1874 τὰ
1738 1847 1786 1874 λα-

992 1896 1074 1932 θραῖα
1094 1895 1188 1930 σαφῶς
1211 1895 1402 1931 ἐπισταμένῳ·
1423 1905 1432 1922 ι
1454 1895 1665 1931 Προσάξειγάρ,
1689 1896 1786 1930 φησὶν,

991 1943 1006 1968 ὁ
1019 1943 1108 1978 ἱερεὺς
1120 1943 1166 1970 καὶ
1181 1943 1274 1978 στήσει
1289 1942 1337 1978 τὴν
1358 1944 1476 1976 γυναῖκα
1491 1942 1582 1969 ἔναντι
1599 1941 1647 1968 τοῦ
1669 1941 1785 1976 Κυρίου,

993 1991 1040 2016 καὶ
1055 1990 1170 2025 λήψεται
1185 1990 1199 2016 6
1217 1989 1305 2025 ἱερεὺς
1323 1989 1394 2024 ὕδωρ
1413 1988 1533 2024 καθαρὸν
1549 1988 1603 2021 ζῶν
1619 1989 1712 2015 ἔναντι
1733 1989 1788 2015 Κυ-

995 2037 1069 2072 ρίου’
1088 2046 1097 2063 ι
1119 2036 1166 2063 καὶ
1190 2036 1268 2071 ἑξῆς·
1283 2036 1370 2062 ταῦτα
1389 2035 1418 2061 δὲ
1434 2035 1523 2063 πάντα
1542 2035 1671 2070 γενέσθαι
1703 2043 1787 2070 προσ-

993 2082 1082 2116 έταξε,
1094 2083 1143 2118 τὴν
1155 2083 1272 2117 γυναῖκα
1289 2082 1339 2116 τὴν
1357 2081 1583 2116 ὑποπτευομένην
1604 2080 1786 2116 ἐκδειματῶν,

994 2130 1037 2156 ἵνα
1050 2130 1076 2157 εί
1087 2129 1251 2166 ἐξήμαρτεν,
1266 2129 1424 2164 ὁμολογήσῃ
1439 2129 1487 2156 καὶ
1499 2129 1544 2155 διὰ
1559 2128 1705 2163 μετανοίας
1717 2127 1788 2162 λάϐῃ

993 2176 1042 2212 τὴν
1053 2177 1151 2211 ᾶφεσιν
1163 2184 1170 2192 ·
1194 2175 1290 2202 τούτου
1305 2175 1386 2210 χάριν
1410 2176 1456 2201 καὶ
1477 2175 1635 2202 ἁκὰλυπτον
1647 2174 1735 2208 αὐτὴν
1749 2173 1787 2207 τῷ

993 2222 1052 2257 Θεῷ
1079 2221 1295 2258 προσενεχθῆναι
1319 2221 1443 2252 κελεύει,
1470 2220 1605 2247 διδάσκων
1629 2221 1671 2246 ὅτι
1694 2220 1787 2254 γυμνὰ

994 2270 1083 2297 πάντα
1107 2269 1154 2295 καὶ
1171 2259 1408 2303 τετραχηλισμένα
1430 2266 1545 2293 ἐνώπιον
1566 2266 1648 2293 αὑτοῦ
1661 2273 1668 2280 ·
1692 2266 1734 2292 ὅτι
1759 2266 1787 2293 δὲ

995 2315 1092 2348 ταῦτα,
1111 2314 1295 2350 δεδιττόμενος
1318 2314 1413 2349 αὐτὴν,
1429 2313 1556 2348 γενέσθαι
1578 2312 1740 2344 κεκέλευκε,
1753 2312 1786 2338 τὰ

152 2356 182 2383 Si
194 2363 250 2384 non
268 2355 399 2384 dormivit
409 2355 451 2383 vir
463 2355 569 2384 alienus
585 2360 687 2390 tecum,
703 2360 730 2384 et
743 2357 765 2385 si
777 2365 831 2386 non
839 2357 934 2393 pollut:

1023 2362 1058 2397 3;;
1084 2362 1233 2397 μαρτυρεῖ·
1256 2371 1263 2386 ι
1284 2360 1340 2387 Καὶ
1368 2360 1458 2396 ὁρκιεῖ
1482 2359 1568 2394 αὐτὴν
1591 2360 1605 2385 6
1625 2359 1715 2394 ἱερεὺς
1740 2359 1786 2385 καὶ

151 2409 194 2435 es,
214 2401 324 2430 deserto
337 2402 428 2430 mariti
456 2406 529 2434 toro,
555 2409 609 2431 non
635 2402 686 2430 tibi
705 2404 845 2432 nocebunt
865 2413 934 2440 aqua

1023 2408 1053 2433 isi
1117 2405 1244 2440 γυναικί·
1260 2404 1292 2432 El.
1309 2404 1346 2440 μὴ
1361 2404 1526 2439 κεκοίμηταί
1543 2412 1585 2435 τις
1601 2404 1671 2438 μετὰ
1687 2403 1744 2435 σοῦ,
1763 2404 1786 2429 εἰ

152 2449 212 2477 istae
223 2449 414 2477 amarissinue.
428 2448 475 2476 Slu
492 2454 583 2476 autem
600 2449 743 2478 declinasti
757 2458 774 2478 a
787 2451 847 2479 viro
857 2457 916 2484 tuo,
932 2462 934 2478 ι

1023 2452 1244 2488 ηπαραόἑδηνας
1259 2451 1405 2486 μιανθῆναι
1421 2450 1474 2476 ὑπὸ
1491 2450 1537 2475 τὸν
1558 2449 1642 2485 ἄνδρα
1658 2450 1785 2484 σεαυτῆς,

153 2499 182 2523 et
196 2495 302 2531 reliqua
320 2505 326 2523 :
348 2505 357 2521 ‹
371 2495 404 2522 ad
416 2501 524 2530 tempus
544 2495 590 2524 det
605 2501 631 2524 te
651 2496 782 2524 Dominus
807 2498 835 2524 in
857 2499 943 2526 malc-

153 2543 314 2575 dictionem,
340 2543 555 2577 exemplumque
587 2549 750 2572 cunctorum
783 2545 811 2572 in
842 2546 945 2581 populo

153 2593 220 2622 tuo;
237 2593 397 2623 putrescere
418 2587 500 2615 iaciat
515 2587 603 2616 femur
619 2593 708 2622 tuum,
725 2592 753 2616 et
773 2593 869 2618 uterus
888 2590 945 2618 dis-

150 2639 296 2669 rumpatur
307 2634 342 2661 ⁸¹.
362 2644 371 2660 ι
388 2633 469 2662 Jnssa
482 2639 542 2662 erat
557 2635 657 2663 mulier
674 2635 717 2663 his
740 2636 870 2671 precibus
896 2643 941 2664 as-

151 2681 260 2714 sentiri,
276 2689 309 2710 ac
324 2682 490 2717 respondere
509 2691 516 2708 :
541 2683 640 2710 Amen.
663 2690 753 2710 amen.
771 2683 940 2719 Praeceptum

192 2764 213 2782 "
226 2764 326 2794 Genes.
341 2774 397 2801 xvi,
415 2766 458 2793 to.
497 2765 520 2781 "’
539 2764 604 2794 lsai.
621 2773 660 2800 ιι,
678 2765 706 2793 2.
744 2765 768 2781 ’ν
783 2764 865 2793 Num.
898 2773 927 2796 ν.
946 2765 990 2792 16.

995 2499 1083 2531 ἁθῶος
1104 2499 1158 2525 ἴσθι
1184 2499 1238 2525 ἀπὸ
1260 2498 1307 2524 τοῦ
1330 2497 1457 2532 ἐλεγμοῦ·
1471 2496 1518 2523 τοῦ
1541 2495 1786 2531 ἐπικαταρωμένου

993 2545 1109 2570 τούτων
1126 2545 1149 2570 εἱ
1175 2543 1203 2570 δὲ
1229 2543 1437 2578 παραϐέϐηκας,
1459 2541 1595 2576 ὕπανδρος
1616 2540 1694 2572 οὖσα,
1715 2550 1724 2566 ι
1742 2540 1786 2566 καὶ

996 2590 1071 2624 ἑξῆς,
1085 2590 1164 2622 ἓως,‹
1183 2589 1219 2615 Οὺ
1243 2588 1298 2624 δῴη
1318 2597 1359 2614 σοι
1371 2588 1473 2622 Κύριος
1488 2588 1517 2613 ὲν
1532 2587 1587 2622 ἀρᾷ
1605 2586 1652 2613 καί
1666 2586 1787 2620 ἐνόρκιον

996 2639 1025 2663 ὲν
1043 2628 1119 2672 μέσῳ
1132 2635 1179 2663 τοῦ
1198 2636 1265 2662 λαοῦ
1283 2644 1340 2668 σου,
1355 2636 1383 2661 ἐν
1406 2634 1552 2669 τῷιδοῦναι
1574 2634 1619 2660 τὸν
1640 2634 1727 2669 μηρόν
1740 2641 1787 2659 σου

998 2682 1239 2718 περιπεπτωκέναι
1247 2682 1295 2708 καὶ
1307 2681 1357 2715 ⁸ἰὴν
1373 2681 1478 2708 κοιλίαν
1491 2689 1538 2707 σου
1555 2679 1745 2716 πεπρισμένην
1756 2687 1763 2695 ·
1773 2687 1783 2704 ι

1028 2766 1049 2781 ¹⁰
1065 2765 1131 2792 ibid.
1150 2764 1193 2792 18.
1215 2763 1238 2780 ⁸¹
1253 2764 1319 2792 ibid.
1346 2763 1390 2797 t9,
1405 2763 1450 2791 21.

913 2811 1030 2838 NOTAE.

189 2856 257 2892 (75⁸)
272 2858 498 2893 Deprompmrest
513 2857 706 2893 haequrestio
724 2865 755 2885 cx
774 2856 941 2885 Theodoreti

153 2902 180 2929 q.
194 2891 220 2921 in
232 2891 343 2922 Numer.
360 2899 378 2921 t.
391 2892 498 2924 LXXX,
518 2899 544 2927 p.
559 2891 621 2919 550.

1033 2857 1086 2890 (τί)
1102 2855 1336 2894 llicqquoquegx
1352 2853 1581 2894 _'|:h_eqdoret9_.q.
1606 2853 1636 2881 l0
1657 2853 1684 2881 in
1704 2853 1783 2880 Num.

998 2888 1142 2926 descripsit
1159 2888 1284 2919 Photitts.
1301 2889 1332 2916 Τ.
1352 2889 1457 2922 LXXX,
1471 2896 1498 2924 p.
1513 2888 1576 2916 358.
