1874 3070
54 176 126 209 1105

392 182 442 212 AD
459 181 757 214 AMPHILOCHIUM
776 184 949 220 QU/ESTIO
968 183 1320 215 CCLXXIV-CCI.XXVI.

1629 181 1698 215 1106

51 233 185 260 ἐκέλευσε
209 233 238 259 δὲ
255 233 302 260 καὶ
320 234 369 269 τὴν
393 236 512 269 γυναῖκα
537 236 711 264 συντίθεσθαι
731 239 764 274 τῇ
780 238 833 273 ἀρᾷ
846 259 852 270 ,

947 245 1016 273 oque
1044 241 1104 265 erat
1128 237 1180 264 ista
1217 236 1362 264 maledicta
1394 236 1539 264 scribenda
1564 244 1637 272 esse,
1670 243 1699 265 rt

53 280 104 307 καὶ
114 280 224 314 λέγειν·
239 280 366 308 Γένοιτό
379 290 429 316 μοι
440 290 446 297 ·
462 282 580 317 γένοιτό
589 293 641 318 μοι
653 292 660 299 ·
678 285 726 311 καὶ
745 285 854 321 γραφῆ-

53 336 100 354 vat
113 326 143 353 δὲ
158 327 208 362 τὴν
223 325 294 361 ἀρὰν
309 327 462 362 προσέταξε
483 329 532 356 καὶ
548 329 741 365 ἐξαλειφθῆναι
759 330 835 358 ὕδατι
845 340 853 348 ·

53 373 104 399 καὶ
124 373 198 399 πιεῖν
216 373 266 409 τὴν
290 375 411 408 γυναῖκα
423 374 454 401 τὸ
477 373 550 410 ὕδωρ
564 384 571 391 ι
596 376 729 411 πρότερον
755 376 783 403 δὲ
806 376 856 412 τὴν

55 418 156 445 θυσίαν
173 419 401 455 προσενεχθῆναι,
424 421 565 448 τουτέστιν
589 421 620 448 τὺ
641 422 761 458 κρίθινον
776 423 856 450 ἄλευ-

56 471 124 498 ρον·
143 461 203 490 εἶτα
228 464 350 491 διδάσκει
363 465 402 497 ὡς
418 466 507 498 άθῶος
534 467 583 502 μὲν
597 465 676 499 οὖσα,
703 467 783 502 ὑγιὴς
806 476 857 502 φυ-

55 509 245 545 λαχθήσεται-
272 510 364 546 ἔνοχος
389 512 418 538 δὲ
446 512 513 539 οὖσα
541 513 588 540 καὶ
617 514 792 549 κρύπτουσα,
821 515 855 550 τῇ

40 584 42 586 τ
57 554 147 591 πείρᾳ
164 555 317 590 μαθήσεται
336 557 387 591 τῆς
402 558 475 592 ἀρᾶς
496 558 546 593 τὴν
562 559 649 594 ἰσχὺν,
672 560 718 586 καὶ
731 560 780 595 τῆς
798 569 856 586 κοι-

57 600 122 633 λίας
144 601 383 638 διαῤῥηγνυμένης
399 604 446 630 καὶ
470 604 518 631 τοῦ
541 606 631 641 μηροῦ
647 606 856 638 διαπίπτοντοςι

57 646 94 673 δι’
111 643 151 673 ὧν
167 647 222 682 γὰρ
239 648 256 683 ἡ
271 648 406 684 ἁμαρτία,
421 649 466 677 διὰ
481 650 585 678 τούτων
599 652 763 687 ἡτιμωρία·
783 652 813 678 τὸ
829 653 858 679 δὲ

59 693 187 728 ὲνὸρκιον
203 693 276 720 οὓτω
293 696 404 729 νοητέον
415 704 423 712 ·
436 696 500 723 ὅταν
512 705 555 729 τις
568 697 644 724 δεινὰ
659 698 707 724 καὶ
720 699 858 733 ἀνήκεστα

59 738 150 773 πάθῃ,
164 739 278 765 εἰώθασί
290 748 362 772 τινες
377 740 509 776 ὀμνύντες
525 742 626 778 λέγειν,
642 743 689 780 Μὴ
711 743 826 779 πάθοιμι
840 745 858 770 ἃ

59 785 73 810 ὁ
92 783 167 810 δεῖνα
183 784 327 813 πέπονθεν.

321 843 489 871 ΕΡΩἸἩΣΙΣ
513 845 603 879 ΣΟΕΓ.

63 884 154 920 Τίνος
174 885 280 914 ἕνεκεν
305 887 531 951 ἀμρτάνουῖιν
563 890 655 924 εὐθὺς
686 891 791 927 ἐπάγει
805 892 859 926 τὰς

382 932 472 951 τιιιωο
485 933 539 951 ac:

382 932 522 959 τιμωρίας
528 933 539 957 ;

906 284 985 319 aquis
996 284 1140 317 delueuda,
1155 291 1241 319 aquas
1252 286 1344 310 autem
1357 282 1466 311 mulieri
1481 283 1697 318 exhauriendas,

907 331 1041 365 priusque
1067 330 1235 358 oblationem
1259 329 1369 359 ati‘erri.
1397 329 1423 357 id
1451 333 1493 357 est
1515 329 1697 358 hordeaceam

907 376 1034 404 farinam.
1055 375 1157 404 Deinde
1171 376 1303 403 admonet
1315 375 1469 409 mulierem,
1485 375 1508 403 si
1523 376 1559 403 sit
1575 376 1697 410 innoxia,

907 422 1072 449 incolumem
1097 421 1243 455 futuram;
1269 421 1310 448 sin
1337 426 1428 449 autem
1452 422 1570 449 obnoxia
1591 422 1697 457 culpam

907 469 986 501 celet,
1001 468 1166 503 experiendo
1183 467 1347 496 discituram
1371 475 1433 503 qua:
1449 467 1486 495 sit
1498 467 1699 495 exsecrationis

908 515 960 546 vis,
975 519 1002 542 et
1021 513 1127 549 dilapso
1145 518 1240 542 ventre
1252 513 1341 541 femur
1355 513 1604 549 putrefaciendum.
1620 512 1699 541 Unde

908 560 980 587 enim
1002 566 1154 595 peccatum,
1181 560 1279 588 exinde
1302 567 1394 596 poena.
1419 559 1619 596 Jusjurandum
1636 567 1700 587 vero

910 607 945 633 ita
964 606 1170 642 intelligendum
1184 611 1248 634 est:
1269 614 1332 635 cum
1352 607 1452 643 aliquis
1483 606 1556 635 mala
1572 611 1600 635 et
1627 607 1701 634 insa-

910 653 1008 680 nabilia
1021 653 1093 685 tulit,
1105 653 1312 688 solentquidam
1326 653 1578 689 cumjurejurando
1589 653 1700 682 dicere:

910 698 1020 727 Utinam
1037 700 1092 727 non
1107 699 1194 728 feram
1213 707 1274 735 quae
1288 700 1340 728 iste
1354 707 1503 736 perpessus
1518 704 1571 728 est.

985 853 1152 887 ‘QUZESTIO
1171 854 1334 883 CCLXXVI.
1357 854 1443 891 [Maio
1456 853 1632 891 CCLXXVH

875 920 896 946 Β
929 899 983 927 Cur
996 909 1011 927 a
1025 901 1207 936 peccatoribus
1229 910 1312 936 paena:
1332 903 1424 930 statim
1437 907 1596 938 expetantur
1613 900 1681 936 (75).

454 971 525 996 Edita
540 977 554 996 ι
568 971 631 996 Maio
647 972 676 1003 (l.
691 979 711 997 α.
724 979 748 1003 p.
765 973 821 1003 157,
837 973 861 999 ιε

956 976 992 1001 De
1004 978 1075 1001 textu
1091 976 1163 1002 Num.
1182 984 1215 1007 ιιι,
1234 977 1245 1002 1
1264 984 1318 1009 seq.

106 1012 207 1049 Ἀρχὴν
225 1009 300 1049 εἶχεν
315 1013 330 1040 ὁ
349 1013 431 1049 νόμος
443 1022 450 1030 ’
471 1014 526 1041 ἔδει
547 1015 636 1042 τοίνυν
650 1017 682 1050 τῇ
698 1017 753 1043 τῶν
772 1025 861 1052 παρα-

64 1058 216 1086 ϐαινόντων
242 1059 364 1096 τιμωρία
394 1060 613 1095 σωφρονίζεσθαι
638 1061 703 1094 τοὺς
730 1061 860 1095 λοιπούς·

64 1105 197 1141 ἁρμόδιος
216 1105 271 1141 γὰρ
288 1108 346 1138 τοῖς
362 1106 526 1142 ἀρχομένοις
542 1108 557 1134 ὸ
573 1107 656 1141 φόϐος
670 1116 677 1123 ·
700 1109 864 1141 συνέζευκτο

67 1152 162 1186 μέντοι
193 1153 227 1187 τῇ
251 1152 373 1188 τιμωρίᾳ
399 1153 611 1190 φιλανθρωπία·
648 1155 863 1190 μεταμελόμενοι

66 1198 124 1233 γὰρ
152 1197 361 1234 φιλανθρωπίας
397 1199 554 1235 ὰπήλαυον·
589 1200 691 1228 αὐτίκα
724 1201 792 1236 γοῦν
816 1201 863 1228 τοῦ

68 1243 202 1279 θεηλάτου
229 1244 316 1280 πυρὸς
333 1246 417 1280 μέρος
436 1254 463 1272 τι
482 1247 533 1281 τῆς
557 1247 736 1282 παρεμϐολῆς
761 1247 865 1275 ἀναλώ-

69 1298 179 1322 σαντος,
194 1288 255 1317 εἶτα
277 1292 388 1318 πάντων
410 1292 673 1329 συνδεδραμηκότων
694 1295 734 1326 εἰς
759 1293 863 1331 δέησιν,

69 1336 174 1371 ᾔτησεν
191 1337 206 1363 ὁ
222 1337 372 1373 νομοθέτης
387 1338 438 1373 τὴν
457 1338 571 1374 ἄφεσιν·
589 1340 711 1376 παρέσχε
726 1340 755 1367 δὲ
779 1341 864 1377 αὐτὴν

69 1383 84 1408 ὁ
103 1381 299 1417 φιλάνθρωπος
325 1382 392 1414 Θεός
405 1391 412 1398 '
435 1383 476 1410 ὅτι
494 1383 523 1410 δὲ
544 1384 637 1417 αὐτοῖς
659 1386 820 1420 ἀναγκαίως
835 1388 864 1414 αἰ

70 1428 204 1464 τιμωρίαι
227 1429 374 1464 ιπήγοντο,
388 1429 424 1456 τὰ
445 1429 511 1464 ὲξῆς
534 1432 686 1467 μαρτυρεί’
713 1432 795 1464 εὐθὺς
811 1432 865 1468 γὰρ

72 1475 143 1510 μετὰ
157 1475 210 1510 τὴν
224 1475 330 1502 παῦλαν
348 1475 561 1512 τῆς,τιμωρίας,
581 1479 632 1513 τῆς
654 1478 795 1513 Αἰγύπτου
819 1480 866 1506 καὶ

70 1522 126 1548 τῶν
147 1522 177 1549 ἓν
197 1521 331 1557 Αἰγύπτῳ
358 1522 409 1558 τὴν
433 1523 546 1558 μνήμην
569 1523 774 1551 ἀνενεώσαντοσ
793 1525 866 1560 μάλα

70 1568 161 1595 τοίνυν
178 1568 292 1600 εἰκότως
302 1569 335 1604 τῇ
346 1568 459 1596 ἐκείνων
479 1570 628 1605 ἀχαριστίᾳ
643 1571 693 1606 τὴν
710 1571 787 1598 θείαν
802 1580 867 1599 συν-

70 1615 124 1650 ῆψε
158 1615 317 1650 φιλοτιμίαν
336 1617 350 1643 ὁ
367 1617 544 1652 συγγραφεὺς
568 1618 603 1644 τά
624 1618 689 1653 περὶ
711 1619 759 1645 τοῦ
778 1619 866 1654 μάννα

70 1662 287 1698 διηγησάμενος,
308 1663 355 1690 καὶ
376 1663 417 1690 ὅτι
434 1663 464 1690 οὺ
489 1663 569 1698 μόνον
584 1665 666 1700 ἄρτου
679 1665 784 1700 χρείαν,
797 1665 867 1692 ἀλλὰ
882 1654 903 1683 c

72 1709 120 1735 καὶ
137 1709 228 1744 κρεῶν
249 1709 389 1745 ἐπλήρου·
407 1709 508 1745 ήληθον
529 1710 584 1745 γάρ
601 1712 630 1738 ὲν
652 1712 692 1747 τῷ
717 1712 794 1748 μύλῳ
818 1713 867 1739 καὶ

71 1755 181 1792 ἔτριϐον
193 1758 223 1783 ὲν
237 1758 270 1793 τῇ
282 1757 334 1792 θύα
344 1758 391 1783 καὶ
403 1757 491 1793 ἥψουν
506 1759 536 1785 ἐν
546 1759 579 1794 τῇ
595 1759 683 1794 χύτρᾳ
694 1760 742 1786 καὶ
755 1760 866 1786 ἐποίουν

72 1802 244 1838 ἐγκρυφίας·
270 1803 383 1829 ἐκείνων
413 1803 443 1829 δὲ
471 1803 682 1840 ὀλοφυρομένων
708 1806 867 1840 χαλεπαίνει

74 1848 126 1882 μὲν
141 1848 156 1874 ὁ
176 1848 317 1884 Δεσπότης
337 1848 414 1880 Θεὸς,
438 1849 608 1884 δυσχεραίνει
633 1850 661 1876 δὲ
684 1851 698 1877 ὁ
721 1851 868 1887 προφήτης

73 1894 120 1921 καὶ
139 1894 189 1930 βοᾷ
204 1894 309 1928 λέγων·
331 1903 340 1920 ι
356 1895 415 1922 Ἰνα
434 1895 461 1922 τί
486 1896 631 1928 ἑκάκωσας
649 1897 697 1923 τὸν
712 1896 868 1933 θεράποντα

73 1949 134 1972 σου,
151 1941 200 1966 καὶ
221 1941 293 1968 διατί
308 1941 358 1976 οὐχ
381 1941 488 1977 εὕρηκα
508 1941 590 1977 χάριν
606 1943 723 1970 ἐνώπιόν
744 1952 792 1970 σου
807 1945 869 1972 ἔπι-

72 1985 162 2013 θεῖναι
179 1995 224 2021 μοι
249 1986 298 2022 τὴν
313 1987 404 2022 ὁρμὴν
425 1987 474 2014 τοῦ
485 1987 552 2014 λαοῦ
571 1988 669 2016 τούτου
686 1989 731 2016 ἐπ’
746 1989 814 2025 ὲμέ;
831 1991 869 2026 μὴ

73 2033 130 2066 ἐγὼ
146 2033 176 2058 ἐν
187 2033 288 2068 γαστρὶ
303 2033 400 2060 ἔλαϐον
423 2034 469 2060 τὸν
488 2033 553 2061 λαὸν
569 2034 679 2069 τοῦτον;
696 2044 705 2060 ι
723 2036 772 2062 καὶ
784 2036 849 2071 ἑξῆς
860 2042 868 2052 ⁸

72 2078 212 2113 δεδήλωκε
225 2078 270 2107 διὰ
286 2079 390 2106 τούτων
403 2080 434 2107 τὸ
446 2081 542 2112 ἀτελὲς
553 2081 642 2108 αὐτῶν
656 2082 704 2109 καὶ
716 2091 748 2118 νη
754 2082 852 2115 πιῶδες
861 2092 868 2099 ·

73 2123 221 2159 θηλάζοντι
239 2124 294 2159 γὰρ
318 2125 418 2158 αὐτοὺς
441 2125 604 2160 ἀπείκασεν,
626 2127 691 2155 ἄλλο
717 2128 766 2163 μὲν
791 2128 869 2156 οὐδὲν

75 2171 249 2206 ἐργάσασθαι
263 2171 415 2207 δυναμένῳ,
429 2172 549 2209 ἐκϐυζᾷν
569 2174 597 2201 δὲ
615 2174 696 2209 μόνον
715 2175 870 2211 βουλομένῳ

76 2217 107 2244 τὸ
120 2217 209 2251 γάλα·
225 2218 320 2253 ιπειδὴ
333 2219 361 2245 δὲ
382 2219 485 2255 σφόδρα
494 2217 529 2256 ἦν
543 2219 576 2247 τὰ
594 2221 706 2257 ῥήματα
726 2221 760 2249 τὰ
772 2222 871 2257 δυσχε-

76 2265 226 2300 ραίνοντος,
242 2264 290 2292 καὶ
303 2266 337 2292 τὰ
349 2266 414 2302 ἑξῆς
430 2266 485 2304 γᾲρ
499 2266 594 2294 τοῦτον
607 2267 664 2303 ἔχει
681 2267 728 2294 τὸν
741 2267 815 2301 νοῦν,
829 2268 870 2295 δι-

947 1022 1013 1048 Erat
1041 1021 1093 1057 legi
1131 1030 1259 1058 suprema
1285 1026 1435 1058 potestas:
1468 1028 1582 1049 necesse
1610 1021 1705 1055 igitur,

913 1069 1030 1096 multata
1057 1069 1126 1104 legis
1141 1069 1302 1103 violatione,
1329 1069 1428 1097 docere
1453 1072 1579 1106 cmteros‘
1594 1068 1705 1101 sapien-

915 1115 989 1142 tiam.
1006 1115 1086 1143 Decet
1096 1115 1168 1142 enim
1179 1116 1303 1144 subditos
1317 1117 1410 1143 timor.
1421 1115 1475 1143 Sed
1489 1115 1636 1150 conjuncta
1648 1119 1706 1142 erat

914 1168 977 1188 cum
997 1168 1090 1188 amore
1118 1169 1208 1196 poma.
1232 1160 1308 1194 Quos
1333 1161 1406 1188 cnim
1429 1160 1593 1196 ptenitebat,
1612 1167 1706 1187 amore

915 1206 1086 1234 fruebantur.
1108 1206 1206 1234 Statim
1230 1207 1448 1242 igiturimmisso
1463 1207 1536 1242 igne,
1550 1211 1706 1242 magnaque

914 1253 1054 1281 exercitus
1077 1257 1154 1288 parte
1180 1259 1358 1288 consumpta,
1386 1253 1485 1280 deinde
1514 1253 1644 1281 omnibus
1673 1253 1706 1280 ad

915 1297 1122 1332 deprecationes
1136 1297 1377 1330 concurrentibus,
1394 1297 1500 1333 peccati
1514 1297 1705 1325 remissionem

915 1341 1067 1376 postulavit
1084 1341 1240 1376 iegislator;
1267 1345 1295 1368 et
1309 1341 1426 1376 benigne
1441 1349 1455 1367 a
1481 1340 1537 1368 Deo
1559 1341 1707 1368 exauditus

915 1393 967 1416 est.
988 1387 1091 1416 Judaeis
1113 1395 1211 1423 pinnas
1236 1395 1269 1415 ex
1296 1387 1461 1416 necessitate
1483 1387 1623 1415 immissas
1647 1395 1709 1422 quat

917 1439 1073 1470 sequuntur
1099 1434 1301 1462 demonstrant.
1321 1433 1373 1461 Vix
1401 1433 1476 1462 enim
1503 1433 1590 1469 priori
1621 1440 1710 1468 poena:

918 1481 980 1509 linis
998 1485 1069 1514 erat,
1087 1487 1169 1516 quam
1197 1479 1349 1516 (Egyptum
1376 1480 1599 1507 recordarentur.
1631 1478 1709 1506 Haud

918 1527 1057 1555 immerito
1073 1526 1156 1562 igitur
1168 1526 1320 1554 historicus
1341 1533 1404 1554 cum
1426 1526 1535 1560 ingrato
1551 1524 1709 1552 Judteorum

917 1573 1012 1600 animo
1027 1572 1148 1600 divinam
1164 1570 1272 1600 confert
1287 1571 1525 1604 muniﬁcentiam;
1540 1571 1568 1597 in
1585 1570 1629 1597 his
1649 1576 1711 1604 qua:

919 1618 952 1646 de
967 1625 1068 1646 manna
1083 1617 1216 1650 narravit,
1243 1617 1339 1645 dicens
1363 1617 1438 1645 illam
1449 1624 1505 1644 non
1518 1615 1607 1644 solum
1622 1615 1710 1650 panis,

920 1664 968 1692 sed
992 1665 1075 1692 etiam
1098 1664 1191 1692 carnis
1215 1663 1278 1691 loco
1312 1663 1408 1691 fuisse.
1442 1662 1518 1690 Hanc
1542 1661 1615 1688 enim
1639 1660 1712 1688 mola

919 1710 1083 1745 frangebant
1098 1714 1126 1737 et
1139 1709 1265 1736 terebant
1290 1709 1316 1736 in
1333 1708 1478 1740 mortario,
1505 1710 1534 1735 et
1556 1705 1714 1741 coquebant

919 1757 945 1783 in
962 1756 1029 1788 olla,
1052 1759 1079 1782 et
1095 1763 1129 1782 ex
1146 1762 1180 1782 eo
1194 1754 1311 1782 tortulas
1338 1753 1502 1781 efﬁciebant.
1520 1752 1648 1780 Graviter
1670 1751 1713 1778 la-

920 1806 1072 1829 mentantes
1087 1801 1216 1836 objurgat
1232 1800 1367 1828 Dominus
1381 1799 1463 1831 Deus.
1480 1806 1514 1826 ac
1528 1798 1644 1825 moleste
1659 1797 1713 1824 fert

920 1848 978 1883 ipse
992 1847 1125 1883 propheta
1140 1866 1148 1879 ,
1161 1847 1319 1874 exclamans
1333 1854 1340 1872 :
1361 1855 1370 1872 ι
1387 1845 1444 1872 Cur
1462 1844 1582 1871 aiﬂixisti
1603 1850 1712 1871 servum

919 1894 1018 1922 tuum?
1036 1894 1126 1927 Quare
1148 1901 1203 1921 non
1229 1893 1340 1920 invenio
1356 1892 1475 1927 gratiam
1501 1898 1593 1919 coram
1618 1889 1664 1917 te?
1681 1890 1715 1916 Et

920 1949 971 1969 cur
985 1940 1141 1975 imposuisti
1156 1939 1263 1974 pondus
1278 1938 1402 1966 universi
1420 1937 1514 1973 populi
1531 1936 1615 1972 hujus
1629 1942 1714 1970 super

922 1988 984 2015 me?
1009 1987 1137 2021 Nunquid
1155 1993 1206 2021 ego
1233 1984 1347 2020 concepi
1360 1991 1472 2011 omnem
1498 1983 1569 2010 hanc
1590 1981 1714 2009 muttituh

921 2035 1034 2062 dinem?
1057 2034 1099 2061 vel
1117 2033 1197 2068 genui
1213 2039 1274 2060 eam
1288 2031 1332 2058 3’?
1348 2040 1358 2057 ι
1374 2036 1401 2058 et
1423 2030 1540 2064 reliqua.
1567 2028 1615 2057 llis
1631 2027 1715 2056 dictis

923 2079 1025 2107 indicat
1035 2086 1118 2114 quam
1130 2078 1269 2113 simplices
1279 2076 1456 2112 puerilesque
1466 2074 1593 2107 fuerunt;
1605 2072 1715 2107 δυσαιιὶ

923 2133 1008 2162 puero
1020 2126 1082 2154 illos
1096 2125 1267 2160 comparavit
1279 2123 1327 2158 qui
1342 2122 1410 2150 nihil
1425 2121 1498 2149 aliud
1517 2121 1610 2148 facere
1623 2121 1716 2155 potest

924 2173 976 2201 nisi
992 2173 1035 2201 lac
1049 2179 1111 2201 cum
1136 2171 1306 2200 clamoribus
1346 2176 1506 2204 exposcere.
1530 2168 1601 2195 Cum
1624 2171 1716 2194 autem

925 2220 1096 2248 vehementia
1109 2223 1203 2247 essent
1215 2217 1317 2253 Moysis
1332 2216 1503 2251 indignantis
1530 2214 1624 2247 verba,
1651 2220 1716 2239 nam

924 2267 1068 2302 sequentia
1092 2265 1166 2293 hunc
1181 2272 1293 2293 sensum
1318 2263 1431 2295 habent,
1450 2261 1609 2289 admonitus
1632 2263 1675 2286 cst
1701 2265 1718 2285 a

74 2310 208 2337 δάσκεται
233 2312 308 2347 παρὰ
325 2313 372 2339 τοῦ
394 2314 532 2340 Δεσπότου
552 2314 631 2346 Θεοῦ,
645 2315 683 2347 ὡς
705 2315 755 2342 οὐκ
767 2315 861 2351 ἀνθρωη

949 2312 1044 2339 omino
1055 2313 1108 2339 Deo
1123 2311 1196 2338 hunc
1210 2309 1340 2345 populum
1353 2315 1408 2336 non
1423 2307 1544 2334 humana
1569 2308 1714 2338 potestate,

77 2356 146 2392 πίνῃ
158 2357 285 2393 δυνάμει,
304 2358 364 2394 θείᾳ.
377 2359 406 2386 δὲ
426 2360 518 2395 χάριτι
533 2360 578 2386 τὸν
587 2361 650 2388 λαὸν
665 2361 786 2397 κυϐερνᾷ
797 2370 804 2377 ν
818 2361 870 2397 ἔφη

76 2402 146 2438 γάρ·
155 2403 314 2438 εΣυνά-ίαγέ
323 2413 369 2439 μοι
379 2404 572 2440 ἐϐδομήκοντα
586 2406 687 2441 ἄνδρας
698 2415 704 2421 ·
712 2416 721 2432 ι
738 2405 799 2434 εἶτα
812 2407 871 2443 μετ’

75 2448 157 2482 ὀλίγα
167 2456 176 2464 ο
194 2458 204 2474 ι
220 2450 276 2476 Καὶ
290 2450 384 2484 ἁφελῶ
403 2451 510 2477 ἀπὸτοῦ
522 2452 680 2488 πνεύματος
691 2453 738 2480 τοῦ
753 2453 800 2480 ἐπὶ
818 2454 870 2487 σοὶ,

77 2493 125 2520 καὶ
136 2493 261 2529 ἐπιθήσω
277 2495 320 2521 ἐπ’
336 2495 436 2527 αὐτούς
449 2505 456 2511 ·
479 2496 527 2523 καὶ
547 2497 784 2533 συναντιλήψομαι
802 2500 872 2534 μετὰ

78 2539 127 2567 σοῦ
141 2541 191 2576 τὴν
203 2541 293 2577 ὁρμὴν
306 2541 354 2568 τοῦ
370 2542 438 2570 λαοῦ
456 2543 566 2576 τούτου,
582 2544 630 2571 καὶ
650 2545 700 2572 οὐκ
723 2546 806 2577 οἴσεις
822 2547 871 2573 αὺ-

75 2587 142 2618 τοὺς
168 2587 200 2614 σὺ
219 2587 315 2623 μόνος”
336 2598 346 2615 ι
372 2588 517 2625 μεμάθηκε
531 2589 560 2616 δὲ
582 2590 627 2617 διὰ
645 2590 748 2618 τούτων
761 2591 815 2618 τῶν
829 2591 875 2618 λό-

77 2641 135 2668 γων
150 2633 326 2670 ὀνομοθέτης
346 2635 384 2666 ὡς
400 2635 566 2671 ἀποχρῶσαν
585 2635 666 2663 ἔλαϐε
681 2638 714 2672 τῇ
732 2637 874 2674 οἰκονομίᾳ

78 2682 128 2715 τὴν
147 2679 243 2715 χάριν·
258 2680 304 2707 διὰ
330 2680 409 2708 τοῦτο
423 2679 516 2707 εἶπεν
538 2681 644 2716 ’Λφελῶ
659 2682 713 2708 ἀπὸ
727 2682 875 2716 τοΰ,πνεύ-

80 2725 166 2760 ματός
180 2734 227 2752 σου
240 2726 268 2752 ὲν
281 2725 324 2753 σοι
334 2733 340 2741 ·
352 2726 383 2753 οὺ
395 2726 448 2762 γὰρ
461 2727 598 2759 σπανίζων
609 2727 707 2762 ἐτέρας
718 2727 871 2764 δυνάμεως,

115 2781 139 2798 ⁸⁸
154 2780 238 2809 Num.
253 2790 293 2816 χι,
309 2783 354 2816 Η,
375 2783 418 2810 12.
457 2783 480 2799 ⁸³
493 2782 576 2811 Num.
593 2792 630 2818 ιιι,
645 2784 744 2812 (ἑά-25.

925 2359 972 2387 scd
993 2359 1081 2395 gratia
1098 2358 1145 2385 Dei
1162 2356 1328 2391 gubernari;
1345 2355 1412 2382 dicit
1435 2353 1509 2381 enim
1526 2361 1532 2379 :
1553 2362 1562 2378 ‹
1576 2352 1717 2386 C(mgrega

924 2406 993 2434 mihi
1010 2405 1183 2441 septuaginta
1193 2405 1279 2431 viros.
1298 2413 1307 2429 ι
1325 2400 1430 2429 Deinde
1448 2400 1532 2434 paulo
1545 2402 1628 2434 post:
1647 2397 1718 2424 «Λιι-

924 2453 1011 2481 feram
1029 2453 1062 2480 de
1077 2452 1176 2487 spiritu
1204 2450 1251 2486 qui
1272 2453 1314 2476 cst
1336 2449 1364 2475 in
1383 2453 1420 2480 le,
1442 2446 1602 2480 tradamque
1625 2444 1677 2476 eis,
1692 2447 1719 2471 et

925 2498 1086 2525 sustentabo
1098 2501 1188 2524 tecum
1202 2503 1272 2523 onus
1285 2494 1378 2530 populi
1391 2493 1483 2528 hujus,
1494 2497 1521 2519 et
1535 2499 1588 2518 non
1601 2495 1628 2517 tu
1642 2490 1718 2517 solus

925 2545 1048 2580 graveris
1063 2544 1096 2570 ”.
1127 2552 1136 2569 ι
1163 2542 1212 2570 llis
1240 2542 1331 2570 verbis
1361 2540 1491 2576 cognovit
1516 2538 1659 2573 legislator
1688 2544 1718 2564 se

926 2591 1106 2619 suﬂicicntem
1135 2591 1189 2617 vim
1215 2587 1442 2617 administranda:
1465 2586 1539 2622 genti
1566 2583 1716 2619 accepisse.

926 2639 1099 2673 Quapropter
1113 2636 1216 2664 dictum
1234 2639 1295 2663 erat
1310 2644 1317 2662 :
1342 2633 1474 2661 Auferam
1502 2632 1536 2659 de
1555 2630 1654 2666 spiritu
1670 2633 1719 2657 tuo

926 2685 954 2712 in
975 2689 1011 2717 te,
1028 2691 1083 2710 non
1098 2682 1170 2718 quod
1196 2681 1266 2709 Deus
1289 2685 1404 2708 externa
1425 2677 1548 2713 potentia
1572 2676 1717 2711 indigeret,

927 2737 1020 2757 verum
1036 2729 1076 2757 sic
1091 2729 1197 2755 loeutus
1210 2731 1253 2756 est
1263 2732 1292 2754 ut
1302 2725 1413 2762 Moysen
1427 2724 1544 2752 doceret
1556 2723 1716 2750 concessam

840 2830 957 2858 NOT/‘E.

840 2830 862 2858 Ν
888 2830 957 2858 T/E.

117 2875 175 2911 (75)
191 2876 254 2904 Haec
269 2877 386 2910 qmcstio
401 2876 478 2904 deest
499 2878 525 2904 in
548 2877 628 2905 codd.
647 2877 814 2906 Coisliniano
834 2829 1105 2910 cto'l'aurinensi;et
1118 2876 1176 2912 ipsa
1189 2882 1298 2911 quoque
1307 2883 1340 2903 ex
1367 2874 1539 2903 Theodoreto
1571 2874 1714 2907 desumpta

86 2917 131 2939 est
149 2920 176 2947 q.
195 2912 228 2939 18
246 2913 272 2941 ἱιι
288 2912 368 2940 Num.
388 2912 420 2940 Τ.
434 2912 540 2946 LXXX,
554 2921 579 2948 p.
602 2912 663 2940 570.
