1874 3070
161 159 230 194 1107

740 161 874 194 PHO'I‘II
886 160 1141 193 PATRIABCHE
1155 161 1210 192 CP.‘

1731 158 1803 190 1108

158 218 186 246 el
209 217 295 246 fuisse
307 216 362 244 vim
385 223 447 251 quae
460 215 496 244 ad
515 223 597 244 usum
621 214 822 252 suppeditaret.
838 215 930 244 Etenil

1041 216 1059 241 ι’
1075 215 1179 242 ἐκεῖνον
1193 213 1332 241 διδάσκων
1347 213 1386 245 ὡς
1402 212 1510 248 εἰλήφει
1528 211 1643 248 δύναμιν
1658 212 1802 248 ἀρκοῦσαν

160 262 333 299 septuaginta
348 261 416 289 viris
429 261 511 295 dans,
533 269 588 289 non
609 261 710 289 minuit
735 261 809 289 illius
824 262 952 297 gratiam,

161 314 192 338 ut
207 317 241 337 ex
255 313 354 336 eventu
375 312 495 336 constat.
511 307 614 336 Eadem
634 307 708 336 enim
733 311 762 336 et
786 308 902 343 imperio
924 312 952 336 et

161 352 303 381 miraculis
316 353 464 388 peragebat
477 360 560 388 quam
579 357 669 380 antea.
685 352 764 386 Quod
775 359 802 382 et
814 361 865 381 nos
881 361 951 389 quo-

161 400 228 427 tidie
243 399 318 427 idem
333 399 393 426 ﬁeri
404 399 541 427 videmus.
558 399 636 427 Multi
647 400 720 427 enim
735 399 770 428 ab
787 407 843 427 uno
859 407 953 427 sacer-

159 445 223 474 dote
245 444 398 480 baptizati,
426 445 474 472 alii
501 453 609 473 summo
620 445 762 474 sacerdote
780 445 953 479 consecrati,

160 499 316 527 munusque
346 491 472 519 divinum
499 491 682 527 accipientes,
711 492 826 520 minime
853 491 948 520 dantis

160 538 288 566 minuunt
299 538 428 573 gratiam,
441 543 469 566 et
480 537 533 574 ipsi
544 538 646 566 donum
658 538 790 566 eximium
801 537 950 573 accipiunt.

160 583 219 612 lloc
235 588 352 612 testatur
365 585 423 620 ipse
440 584 572 612 Dominus
589 585 663 612 servi
678 585 721 612 sui
736 583 880 620 suﬂragio,
905 584 951 612 cui

159 631 248 660 dixit:
268 641 277 658 ι
295 631 438 667 Cougrega
452 638 523 667 quos
538 634 568 658 tu
581 630 666 658 nosti.
681 640 691 656 ι

195 772 360 807 ΟΠᾹΞΞἸΊΟ
378 773 551 802 CCLXXVH.
569 773 664 810 [CoisL
682 773 808 808 CCXCII,
821 774 907 803 Taur.

469 820 646 856 CCLxxxu

160 867 216 895 Cur
239 867 430 902 prmrcripserit
449 866 518 894 Deus
535 866 715 902 factiosorum
736 867 872 894 thuribula
897 868 951 895 cirv

344 910 404 929 cum
435 902 521 929 altare
549 902 676 928 distribui
697 901 780 938 (76)?

1003 261 1038 296 τῇ
1053 260 1142 297 χρείᾳ,
1154 259 1235 287 τοῦτο
1248 260 1303 295 ἔφη
1316 267 1324 275 ·
1339 259 1381 286 ὅτι
1397 258 1451 294 γὰρ
1466 259 1514 286 καὶ⁸
1535 259 1594 290 τοῖς
1609 258 1801 294 ἐϐδομήκοντα

1003 307 1076 339 δοὺς,
1100 307 1151 333 οὐκ
1175 306 1293 342 ἐμείωσε
1305 305 1401 333 τούτου
1417 305 1467 341 τὴν
1483 305 1575 340 χάριν,
1589 305 1624 331 τά
1643 305 1799 340 πράγματα

1006 354 1143 389 μαρτυρεῖ
1153 361 1161 369 ·
1176 353 1210 380 τὰ
1225 352 1295 380 αὐτὰ
1308 351 1364 388 γὰρ
1385 352 1434 378 καὶ
1448 351 1600 386 οἱκονομῶν
1619 352 1667 378 xui.
1691 351 1800 386 θαυμα-

1001 398 1127 433 τουργῶν
1137 398 1250 424 διετέλει
1259 397 1278 425 ά
1291 398 1338 424 καὶ
1351 398 1501 434 πρότερον·
1514 397 1593 424 τοῦτο
1606 397 1654 424 καὶ
1670 397 1718 424 νῦν
1729 398 1801 433 ὁρῶ·

1004 452 1056 480 μεν
1066 444 1209 479 γινόμενον
1219 453 1226 459 ·
1238 444 1332 471 πολλοὶ
1342 445 1396 480 γὰρ
1408 444 1460 471 ὑπὸ
1471 443 1531 475 ἐνὸς
1542 443 1687 479 ἀνθρώπου
1703 445 1800 480 ἱερέως

1003 489 1208 526 βαπτιζόμενοι,
1225 491 1301 518 ἄλλοι
1317 491 1346 518 δὲ
1369 490 1444 526 παρὰ
1460 490 1613 526 ἀρχιερέως
1627 489 1800 525 χειροτονού-

1004 545 1091 571 μενοι,
1105 537 1153 564 καὶ
1168 537 1218 572 τὴν
1232 537 1309 564 θείαν
1319 536 1460 572 δεχόμενοι
1472 536 1588 571 δωρεὰν,
1603 536 1665 563 οὔτε
1681 536 1801 572 σμικρὺ-

1002 591 1078 610 νουσι
1088 583 1136 610 τοῦ
1153 583 1315 619 μεταδόντος
1327 583 1378 619 τὴν
1389 583 1480 619 χάριν,
1494 583 1542 609 καὶ
1557 583 1634 610 αὐτοὶ
1646 583 1678 609 τὸ
1694 582 1800 609 τέλειον

1001 628 1141 664 δέχονται·
1159 629 1359 666 μεμαρτύρηκε
1379 629 1472 665 μέντοι
1494 629 1508 655 ὁ
1525 629 1666 664 Δεσπότης
1698 628 1748 655 καὶ
1764 629 1799 663 τῇ

1001 674 1049 701 τοῦ
1060 675 1226 710 θεράποντος
1255 676 1342 712 ψήφῳ
1356 684 1363 691 ·
1377 675 1429 712 ἐφη
1445 676 1500 711 γὰρ
1523 674 1613 711 αὐτῷ·
1633 684 1643 701 ι
1667 674 1801 706 Ἐκλεξαι

1002 719 1049 752 οὓς
1064 719 1149 755 οἶδας.
1167 731 1178 749 ι

1264 779 1435 807 ΕΡΩΤΗΣΙΣ
1455 776 1538 806 ΣοΖ’.

1003 869 1085 896 Διατι
1111 867 1331 909 προσέταξενδ
1354 867 1426 909 Θερς
1457 867 1504 909 τὰ,
1519 865 1579 909 τρν-
1602 865 1802 909 στασιαστῶν

1057 901 1165 938 πυρεῖα
1175 904 1216 937 τῷ
1221 902 1426 937 θυσιαστηρίῳ
1437 901 1576 937 γενέσθαι
1587 901 1747 935 περιθεμας

439 958 507 983 Edita
521 965 536 983 a
552 958 615 983 llaio
632 957 659 990 (1.
676 965 699 984 c.
715 966 741 990 p.
758 958 813 989 138,
831 959 886 990 159,
902 966 927 991 q.
938 960 1005 993 287).
1021 973 1053 978 —
1070 961 1218 992 Explanatio
1231 960 1256 985 in
1267 960 1340 985 Num.
1357 966 1408 990 xvi,
1423 959 1452 983 37
1464 964 1518 989 seq.

200 998 235 1027 Ut
247 1003 409 1035 coargueret
426 1004 529 1026 tcmcrc
545 1000 679 1028 adversus
701 1001 885 1028 sacerdotium
909 1002 953 1029 in-

160 1050 255 1081 cepta,
287 1052 389 1081 eosque
422 1045 600 1073 conﬁrmaret
641 1047 687 1081 qui
724 1047 812 1075 sacris
841 1055 953 1082 operam

160 1092 273 1120 dabant.
288 1091 346 1119 lloc
358 1092 431 1119 enim
443 1092 531 1119 edixit
547 1102 553 1119 :
569 1101 578 1118 ι
592 1092 744 1120 Commone
757 1093 828 1121 ﬁlios
840 1093 951 1127 lsrael,»

161 1143 188 1166 et
205 1138 321 1173 reliqua.
338 1137 522 1171 Quamobrem
539 1139 723 1173 germinatam
741 1139 833 1166 Aaron
850 1139 955 1174 virgam

161 1183 292 1212 collocari
319 1184 348 1211 in
375 1191 439 1210 arca
462 1184 602 1219 prteccpit,
627 1190 654 1211 et
678 1192 776 1212 rursus
799 1186 955 1214 sacerdotes

161 1238 240 1258 sacra
254 1229 356 1262 facere,
373 1235 400 1257 ct
412 1229 521 1257 Levitas
537 1230 577 1257 eis
602 1230 826 1262 subministrare,
848 1237 899 1258 nec
920 1230 955 1257 ad

162 1278 260 1311 altare,
280 1284 332 1305 nec
348 1277 382 1304 ad
398 1284 477 1304 sacra
501 1276 633 1304 accedere
651 1284 728 1305 vasa.
748 1276 853 1305 Deinde
875 1276 956 1305 docet

161 1331 224 1359 qua
253 1323 445 1351 sacerdotibus
465 1322 539 1350 dono
563 1323 706 1350 darentur.
736 1323 851 1352 Oblatas
880 1324 955 1351 enim

163 1369 301 1405 primitias
315 1369 406 1404 panis.
424 1372 452 1396 et
468 1369 538 1403 vini,
552 1373 580 1396 et
594 1369 659 1402 olei,
675 1373 702 1397 et
718 1369 772 1396 cibi
796 1377 844 1397 eos
863 1377 957 1398 come-

163 1415 230 1444 dere
261 1415 451 1450 praescripsit,
481 1419 509 1443 et
537 1415 590 1443 alia
627 1423 798 1450 quaecunque
829 1415 956 1444 donaria.

165 1462 321 1497 Posteaquc
345 1462 493 1490 decrevit:
521 1471 530 1488 ι
546 1461 602 1489 Pro
632 1462 815 1497 primogenita
842 1463 959 1490 immun-

166 1508 266 1536 dorum
303 1508 466 1535 animalium
502 1508 623 1543 pretium
653 1515 714 1535 esse
749 1508 825 1536 siclis
853 1509 958 1543 argenti

165 1553 301 1588 quinque,
318 1554 441 1589 pondere
453 1553 617 1587 sanctuarii,
633 1553 719 1580 siclus
746 1553 844 1588 viginti
863 1553 959 1582 obolos

167 1600 268 1633 habet;
308 1599 474 1628 mundorum
507 1607 573 1627 vero
603 1599 765 1627 animalium
798 1600 958 1635 sanguinem

1041 1003 1088 1035 Εἱς
1102 1003 1212 1038 ἔλεγχον
1226 1001 1280 1028 τῶν
1302 1001 1373 1029 κατὰ
1388 1003 1437 1038 τῆς
1459 1001 1611 1037 ἱερωσύνης
1629 1000 1802 1036 θρασυνομέ-

1004 1057 1068 1080 νων,
1095 1049 1142 1076 καὶ
1169 1049 1316 1084 βεϐαίωσιν
1343 1047 1398 1075 τῶν
1426 1046 1580 1083 ἱερουργεῖν
1603 1046 1800 1082 τεταγμένων·

1004 1093 1084 1119 τοῦτο
1117 1092 1172 1129 γὰρ
1207 1093 1356 1128 ἐπήγαγε·
1389 1101 1400 1118 ι
1431 1091 1614 1128 Μνημόσυνον
1647 1093 1706 1122 τοῖς
1732 1092 1803 1122 υἱοῖς

1012 1139 1119 1176 Ἰσραὴλ
1132 1161 1140 1172 ,
1159 1149 1169 1165 ι
1184 1141 1232 1166 καὶ
1247 1138 1326 1174 ἑξῆς·
1342 1138 1439 1166 τούτου
1460 1139 1541 1174 χάριν
1557 1138 1604 1165 καὶ
1613 1137 1664 1173 τὴν
1682 1137 1803 1172 βλαστή-

1007 1195 1093 1214 σασαν
1107 1185 1154 1213 τοῦ
1182 1185 1288 1221 Ἀαρὼν
1306 1185 1405 1221 ῥάϐδον
1431 1184 1574 1220 ἐντεθῆναι
1599 1184 1752 1220 προσέταξε
1768 1185 1802 1220 τῇ

1006 1232 1132 1267 κιϐωτῷ·
1157 1232 1206 1259 καὶ
1228 1232 1310 1259 πάλιν
1338 1230 1520 1266 ἐνομοθέτησε
1545 1230 1609 1262 τοὺς
1632 1230 1682 1265 μὲν
1709 1230 1802 1265 ἱερέας

1008 1279 1172 1314 ἱερουργεῖν,
1194 1278 1258 1310 τοὺς
1279 1277 1308 1304 δὲ
1331 1277 1448 1308 Λευΐτας
1475 1277 1642 1311 ὑπουργεῖν,
1669 1277 1739 1311 μήτε
1765 1275 1802 1311 τῷ

1007 1325 1194 1360 θυσιαστηρίῳ
1215 1325 1283 1360 μήτε
1293 1325 1350 1356 τοῖς
1369 1324 1451 1359 ἱεροῖς
1466 1323 1635 1356 πελάζοντας
1655 1323 1783 1350 σκεύεσιν
1793 1330 1802 1338 ⁸

1007 1369 1066 1398 εἶτα
1074 1371 1194 1399 διδάσκει
1205 1372 1252 1397 καὶ
1261 1363 1321 1398 τίνα
1331 1371 1385 1407 χρὴ
1394 1371 1458 1402 τοὺς
1473 1370 1565 1406 ἱερέας
1575 1370 1726 1406 λαμϐάνειν
1736 1379 1742 1385 ’
1755 1370 1806 1402 τὰς

1008 1417 1062 1452 γὰρ
1079 1417 1154 1452 αὺτῷ
1178 1417 1405 1452 προσφερομένας
1421 1418 1549 1452 ἀπαρχάς
1570 1417 1645 1443 σίτου
1661 1418 1709 1443 καὶ
1730 1417 1806 1443 οἴνου

1009 1464 1057 1490 καὶ
1080 1463 1171 1490 ἐλαίου
1187 1464 1235 1490 καὶ
1263 1463 1364 1499 ἀρτων,
1385 1463 1484 1495 αὐτοὺς
1512 1462 1612 1490 ἐσθίειν
1639 1462 1807 1499 προσέταξε,

1009 1509 1058 1536 καὶ
1081 1509 1174 1544 μέντοι
1205 1509 1252 1535 καὶ
1273 1508 1309 1535 τὰ
1325 1508 1491 1543 ἀναθήματα
1510 1508 1557 1535 καὶ
1582 1508 1617 1535 τὰ
1641 1509 1808 1543 πρωτότοκα

1009 1555 1065 1581 τῶν
1079 1554 1131 1590 μὲν
1145 1554 1309 1590 ἀκαθάρτων
1328 1554 1437 1590 κτηνῶν
1452 1554 1558 1589 ὁρίσας,
1577 1553 1612 1581 τά
1626 1554 1706 1589 λίτρα
1725 1554 1808 1581 πέντε

1011 1601 1111 1627 σίκλων
1126 1601 1241 1627 ἕκαστον
1254 1600 1326 1627 κατὰ
1344 1600 1390 1627 τὸν
1406 1600 1497 1627 σίκλον
1517 1601 1563 1627 τὸν
1577 1600 1666 1635 ἆγιον,
1684 1601 1715 1632 ὃς
1730 1602 1808 1627 ἐστιν

167 1649 276 1674 tantum
293 1654 390 1675 eorum
412 1645 527 1674 fundere
544 1653 628 1681 super
642 1646 730 1673 altare
747 1650 775 1673 ct
786 1645 905 1673 farinam
918 1655 930 1674 ι]

1041 1655 1099 1673 κοσι
1113 1646 1201 1673 ὀόολοί
1211 1654 1218 1661 ·
1233 1646 1288 1673 τῶν
1301 1646 1330 1672 δὲ
1343 1646 1471 1682 καθαρῶν
1490 1647 1673 1681 πρωτοτόκων
1685 1647 1765 1679 ζώων
1776 1647 1810 1673 τδ

169 1691 251 1724 ferre,
270 1695 298 1718 et
311 1691 346 1718 ab
366 1690 420 1718 illis
435 1697 533 1718 carnes
549 1689 647 1724 accipi.
673 1688 752 1717 Sicut
773 1690 961 1725 pectusculum

169 1741 374 1770 consecratum,
389 1741 418 1764 et
431 1744 526 1765 armus
540 1735 646 1769 dexter,
672 1741 718 1764 tua
731 1740 813 1763 erunt
825 1735 859 1764 ³⁸.
879 1745 889 1762 ι
903 1736 962 1765 Hoc

168 1781 259 1810 foedus
274 1785 384 1817 pactum
399 1781 464 1809 salis
479 1781 636 1816 appellavit,
648 1782 790 1817 quoniam,
807 1782 962 1810 secundum

169 1829 263 1856 divum
287 1828 465 1864 Apostolum,
493 1837 503 1855 ι
519 1829 572 1862 Qui
599 1829 679 1856 altari
705 1829 874 1862 deserviunt,
898 1837 962 1856 cum

170 1875 253 1903 altari
264 1875 430 1911 participant
438 1875 472 1902 9".
487 1884 496 1901 ›
508 1875 531 1902 Α
543 1875 709 1911 quibusdam
719 1883 830 1912 quoque
841 1876 960 1904 dicitur:

169 1921 323 1956 Postquam
339 1922 367 1949 in
389 1921 518 1949 victimas
534 1922 623 1957 spargi
642 1921 683 1949 sal
699 1922 877 1957 praeseripsit,
903 1927 962 1949 tum

170 1968 292 1995 edixitet
304 1968 461 1996 sacerdotes
475 1972 502 1995 et
512 1967 621 1995 Levitas
635 1975 730 1995 omnes
742 1967 864 1995 decimas
873 1967 963 1995 lsrae-

171 2015 206 2043 lis
223 2015 252 2042 in
272 2015 474 2050 possessionem
491 2014 644 2046 habituros,
659 2019 687 2042 et
702 2014 824 2042 decimas
838 2014 908 2042 lucri
928 2022 963 2041 ex

171 2061 281 2093 ovibus,
302 2065 330 2088 et
343 2068 377 2088 ex
390 2060 490 2092 bobus,
507 2066 533 2088 et
558 2069 595 2089 ex
611 2065 777 2093 mercatura,
798 2065 826 2088 et
853 2068 886 2088 ex
909 2061 964 2089 alio

171 2112 338 2142 quocunque
360 2106 448 2133 lucro.
467 2105 598 2140 Praecepit
622 2113 733 2141 quoque
757 2105 866 2133 chitas
886 2113 902 2132 e
916 2105 964 2133 del

173 2152 254 2180 cimis
277 2151 398 2179 decimas
420 2151 520 2179 σθαι-ιε
545 2152 743 2179 sacerdotibus.
767 2149 848 2178 Jubct
871 2157 964 2178 sacer-

174 2197 254 2225 dotes
267 2197 397 2225 omnibus
412 2197 481 2225 locis
502 2196 600 2224 barum
618 2204 712 2224 rerum
727 2196 786 2223 ﬁeri
803 2195 962 2231 participes,

174 2241 298 2278 ipsisque
308 2242 445 2278 sepositas
458 2242 613 2271 hostiarum
630 2246 723 2276 partes
739 2241 813 2270 intus
824 2242 852 2269 in
864 2243 964 2278 templo

173 2289 328 2317 comedere.
358 2288 497 2324 Vocatque
520 2288 642 2316 decimas
662 2297 671 2313 ι
693 2286 813 2314 Pretium
840 2296 891 2323 pro
913 2289 964 2316 mi-

175 2334 290 2362 nisterio
316 2342 372 2368 quo
400 2334 502 2369 populo
524 2333 647 2361 serviunt
659 2333 700 2367 “;
722 2343 732 2360 ι
747 2334 843 2367 vobis,
858 2334 962 2370 inquit,

173 2379 385 2412 aediﬁcantibus,
409 2380 451 2406 vel
480 2379 679 2411 mercantibus,
705 2379 749 2406 vcl
773 2379 847 2407 domi
871 2380 965 2408 viven-

175 2425 262 2458 tibus,
279 2425 317 2452 illi
333 2433 383 2460 pro
395 2423 474 2452 vobis
485 2423 615 2451 omnibus
626 2423 722 2451 sedulo
737 2431 797 2451 meo
811 2425 965 2453 ministerio

175 2471 309 2498 serviunt.
325 2469 381 2497 Hoc
392 2476 503 2504 quoque
515 2469 600 2496 dicit:
621 2477 630 2494 ι
645 2468 713 2502 Quia
728 2469 846 2504 pretium
862 2475 903 2497 est
914 2478 964 2506 pro

174 2515 331 2544 ministerio
343 2515 365 2532 ³⁷
385 2524 407 2551 ιι
419 2514 492 2550 quod
509 2515 646 2550 praestatis
672 2515 701 2542 in
725 2515 900 2543 tabernaculo
925 2520 966 2544 te-

174 2561 306 2590 stimonii.

1014 1693 1064 1729 μὲν
1076 1689 1146 1728 αἷμα
1170 1693 1317 1728 ἐκχεθῆναι
1340 1692 1416 1728 παρὰ
1427 1692 1476 1729 τὴν
1497 1693 1544 1720 τοῦ
1560 1693 1740 1728 θυσιατηρίου
1757 1693 1808 1728 βά-

1013 1747 1067 1771 σιν,
1084 1739 1115 1765 τὸ
1128 1739 1158 1766 δὲ
1182 1739 1266 1775 στέαρ
1281 1738 1507 1774 προσενεχθῆναι,
1523 1739 1557 1765 τὰ
1572 1739 1601 1766 δέ
1623 1740 1691 1774 κρέα
1707 1740 1810 1772 αὐτοὺς

1012 1785 1163 1821 λαμϐάνειν
1175 1795 1183 1802 υ
1198 1785 1292 1821 ὥσπερ
1309 1785 1341 1821 δὴ
1352 1785 1382 1812 τὸ
1400 1785 1543 1820 στηθύνιον
1555 1786 1603 1812 καὶ
1615 1786 1662 1812 τὸν
1675 1786 1811 1821 βραχίονα

1012 1833 1068 1859 άπὸ
1081 1831 1136 1858 τῶν
1158 1831 1248 1859 ἄλλων
1272 1831 1402 1867 θυμάτων
1425 1831 1603 1866 κομίζονται·
1621 1831 1759 1867 διαθήκην
1781 1831 1811 1858 δὲ

1013 1878 1076 1910 ἁλὸς
1090 1878 1140 1913 τὴν
1153 1877 1298 1904 κοινωνίαν
1308 1878 1438 1905 ἐκάλεσεν
1448 1886 1454 1892 ·
1471 1877 1574 1913 ἐπειδὴ,
1592 1877 1662 1904 κατὰ
1675 1877 1722 1903 τὸν
1737 1877 1812 1904 θεῖον

1020 1923 1192 1955 Ἀπόστολον,
1208 1933 1218 1950 ι
1234 1924 1266 1950 Οἱ
1289 1923 1328 1958 τῷ
1351 1923 1539 1959 θυσιαστηρίῳ
1561 1923 1809 1958 προσεδρεύοντες,

1013 1969 1052 2005 τῷ
1075 1969 1261 2004 θυσιαστηρίῳ
1281 1969 1514 2004 συμμερίζονται·
1535 1978 1545 1994 ι
1564 1969 1635 1999 τινὲς
1660 1968 1688 1994 δέ
1714 1977 1808 2001 φασιν,

1014 2014 1108 2051 ἐπειδὴ
1126 2016 1187 2046 ταῖς
1201 2014 1308 2046 Θυσίαις
1332 2014 1529 2041 ἐπιϐάλλεσθαι
1543 2015 1607 2045 τοὺς
1626 2014 1694 2045 ἃλας
1710 2015 1811 2049 aposs-

1013 2061 1105 2093 ταξεν,
1119 2058 1179 2087 εἶτα
1189 2060 1310 2087 διδάσκει
1320 2061 1368 2087 καὶ
1379 2060 1442 2092 τοὺς
1456 2061 1548 2096 ἱερέας
1560 2060 1681 2092 καὶτοὺς
1691 2061 1812 2092 Λευῖτας

1014 2108 1061 2134 καὶ
1075 2106 1129 2134 τῶν
1144 2107 1198 2133 ἀπὸ
1218 2107 1268 2142 γῆς
1283 2107 1426 2142 φυομένων
1442 2107 1491 2139 τὰς
1508 2106 1633 2138 δεκάτας,
1651 2107 1698 2133 καὶ
1709 2107 1768 2132 τῶν
1780 2108 1812 2133 ἐκ

1014 2153 1149 2188 ποιμνίων
1159 2152 1206 2179 καὶ
1221 2153 1371 2188 βουκολίων
1392 2152 1619 2189 προσγενομένων
1633 2152 1752 2187 κερδῶν,
1764 2154 1811 2179 καὶ

1014 2198 1069 2225 τῶν
1085 2198 1115 2231 ἐξ
1139 2199 1275 2234 ἐμπορίας
1291 2199 1339 2226 xui.
1362 2199 1460 2235 ἐτέρας
1473 2198 1546 2230 τινὸς
1568 2198 1663 2233 χρείας
1675 2207 1682 2214 ι
1700 2198 1766 2230 τοὺς
1782 2199 1811 2225 δὲ

1015 2244 1131 2276 Λευττας
1151 2244 1206 2271 τῶν
1220 2244 1342 2272 δεκατῶν
1359 2245 1409 2276 τὰς
1429 2245 1545 2277 δεκάτας
1569 2245 1737 2280 προσφέρειν
1755 2246 1811 2276 τοῖς

1016 2290 1136 2326 ἱερεῦσι·
1151 2291 1198 2318 καὶ
1211 2290 1315 2318 τούτων
1336 2291 1386 2327 μὲν
1398 2293 1428 2318 ἐν
1444 2292 1526 2318 παντὶ
1543 2291 1618 2327 τόπῳ
1636 2291 1746 2317 κελεύει
1762 2300 1811 2326 με-

1014 2336 1195 2372 ταλαγχάνειν
1207 2344 1215 2353 ·
1232 2336 1268 2363 τὰ
1288 2337 1318 2364 δέ
1335 2346 1367 2372 γε
1389 2338 1421 2364 ἐκ
1436 2338 1492 2365 τῶν
1505 2338 1606 2365 θυσιῶν
1627 2339 1813 2373 ἀφωρισμένα

1013 2381 1114 2415 αὐτοῖς,
1133 2381 1206 2409 ἔνδον
1230 2382 1330 2409 ἐσθίειν
1352 2383 1382 2408 ἐν
1401 2382 1440 2418 τῷ
1455 2382 1528 2418 ναῷ·
1546 2383 1624 2409 καλεί
1648 2383 1678 2409 δὲ
1701 2383 1752 2410 xui.
1765 2383 1814 2414 τὰς

1012 2430 1129 2462 δεκάτας
1145 2439 1156 2456 ι
1170 2429 1274 2457 Μισθὺν
1284 2431 1322 2461 εἱς
1334 2430 1384 2466 τὴν
1397 2430 1444 2457 τοῦ
1457 2430 1522 2457 λαοῦ
1537 2430 1672 2466 ὠφέλειαν
1683 2438 1690 2446 ·
1711 2440 1721 2456 ι
1734 2429 1814 2465 ὑμῶν

1013 2476 1079 2511 γάρ,
1103 2475 1197 2511 φησὶν,
1212 2475 1426 2511 οἱκοδομούντων
1440 2476 1457 2511 ἢ
1467 2476 1698 2512 ἐμπορευομένων
1709 2477 1726 2511 ἢ
1742 2477 1815 2503 οἴκοι

1014 2521 1174 2555 διαγόντων,
1197 2518 1271 2548 οὗτοι
1292 2522 1353 2548 ἀντὶ
1376 2521 1488 2549 πάντων
1509 2521 1586 2558 ὑμῶν
1600 2523 1634 2557 τῇ
1649 2522 1704 2556 ἐμῇ
1726 2529 1815 2556 προσ-

1020 2566 1161 2602 εδρεύουσι
1185 2566 1357 2604 λειτουργίᾳ·
1373 2567 1453 2595 τοῦτο
1466 2567 1580 2604 γὰρὲφη
1592 2577 1599 2583 ·
1618 2577 1628 2594 ι
1647 2569 1689 2594 ὅτι
1716 2567 1816 2602 μισθὸς

1021 2611 1098 2647 ὑμῶν
1113 2607 1190 2644 οὗτός
1212 2613 1297 2645 ἐστιν,
1314 2613 1392 2640 »ἀντὶ
1401 2613 1456 2640 τῶν
1470 2613 1648 2650 λειτουργιῶν
1663 2613 1743 2648 ὑμῶν
1760 2612 1815 2640 τῶν

1021 2657 1050 2684 ἐν
1062 2658 1095 2694 τῇ
1113 2658 1200 2694 σκηνῇ
1215 2658 1263 2686 τοῦ
1278 2659 1438 2696 μαρτυρίου.

224 2754 249 2771 ⁸⁵
264 2754 342 2783 Num.
361 2763 400 2787 tu.
418 2756 462 2784 47.
479 2756 501 2772 ’⁵⁵
518 2755 526 2783 1
541 2756 605 2784 Cor.
627 2763 666 2787 Ix.
684 2756 727 2784 l5.
766 2757 788 2772 "
806 2755 887 2784 Num.
905 2765 930 2784 ιιι

1064 2759 1086 2774 ⁸⁷
1105 2759 1170 2788 ibid.
1187 2760 1213 2788 5.

935 2845 1050 2876 NOTAE.

217 2905 274 2939 (76)
287 2904 334 2933 Est
346 2903 511 2933 Theodoreti
527 2886 599 2932 [eius
609 2910 637 2938 q.
652 2902 687 2931 51
699 2902 725 2931 in
738 2903 820 2931 Num.
