1874 3070
201 166 269 201 1111

794 175 925 206 PHOTlI
945 176 1196 208 PATRIARCHIE
1218 180 1273 210 (ΣΡ.

1762 183 1833 215 1112

203 225 305 252 chorus
318 224 465 252 celebravit
479 225 601 254 divinum
624 235 688 263 erga
705 228 828 257 homines
848 237 947 257 amore

1038 230 1083 257 τοῦ
1107 231 1236 267 Σωτῆρος
1264 232 1342 268 ἡμῶν
1370 234 1560 270 γεννηθέντος,
1587 236 1667 271 χορὸς
1697 237 1828 271 ἀγγέλων

200 279 211 295 ι
227 270 318 298 Gloria
333 270 360 297 in
373 272 490 300 excelsis
509 273 576 306 Deo,
591 278 619 301 ct
634 274 660 301 in
678 278 748 302 terra
758 282 809 310 pax
825 275 983 304 hominibus

198 317 274 344 bonae
288 317 435 346 voluntatis
448 319 482 346 ".
502 328 512 345 ι
531 319 666 347 Praeterea
681 320 863 349 inseminatos
887 325 914 349 et
927 321 983 348 vir-

195 363 298 397 ginales
314 363 425 392 dolores
437 363 547 393 Gabriel
560 366 725 400 praedixerat
748 367 941 403 archangelus,
956 373 982 395 et

195 405 222 432 in
239 414 331 442 pugna
359 407 495 437 adversus
508 409 649 438 diabolum
666 416 745 439 erant
766 413 925 447 angelorum
941 413 982 441 le-

192 451 299 486 giones,
316 453 478 489 dictumque
504 459 548 483 est
564 464 571 483 :
590 465 598 482 ι
617 455 686 484 Ecce
701 457 790 492 angeli
806 463 982 486 accesserunt

193 503 220 526 et
248 499 447 528 ministrabant
470 501 496 529 ci
514 502 548 530 ⁸⁷.
566 510 577 528 ι
602 502 635 530 Ει
661 508 723 539 post
749 507 980 534 resurrectionem

193 545 296 580 angeli.
308 553 364 581 prie
375 547 502 582 sepulcro
529 549 664 583 sedentes,
683 551 980 580 nuntiantmulieribus

192 590 299 618 Domini
316 593 555 622 resurrectionem.
565 594 631 623 Item
646 597 866 631 angeli,Christo
880 598 913 626 ad
925 606 980 626 cm-

193 637 251 665 lum
269 646 396 672 reverso,
413 648 476 668 cum
492 642 624 676 apostolis
640 643 844 679 colloquuntur.
861 645 980 682 Angelus

191 683 317 712 Cornelio
328 693 458 721 magnum
472 687 581 716 Petrum
596 689 735 722 indicavit.
746 691 860 726 angelus
868 691 978 720 Petrum

190 730 286 758 eduxit
301 739 422 760 carcere.
439 733 498 768 ipse
518 735 598 763 divus
610 735 712 764 Paulus
735 745 828 765 secum
846 739 979 774 navigan~

189 774 263 802 tibus
279 775 409 805 dicebat:
438 787 447 804 ι
474 779 653 808 Astititenim
681 782 749 809 mihi
775 782 821 811 Dei
846 785 976 819 angelus.

188 820 268 855 cujus
285 829 346 849 sum
361 830 412 858 ego
426 823 460 857 ⁹⁸,
477 833 487 850 ι
503 829 529 852 et
545 825 630 853 multa
645 827 708 854 alia.
727 828 790 856 Haec
812 829 846 857 de
863 830 978 858 creden—

188 866 263 894 tibus
291 869 425 903 propheta
448 870 588 905 loquitur;
614 873 657 900 his
675 874 797 908 praedicit
823 876 926 908 verbis.
950 881 977 905 et

187 911 391 942 incredulorum
406 922 514 950 ptenas,
530 922 557 944 et
573 926 642 952 quas
658 919 693 946 ob
707 927 805 948 causas
817 922 975 956 punientur.
994 912 1013 938 Β

187 955 303 992 Propter
326 960 489 995 sanguinem
512 962 631 990 tiliorum
662 965 731 992 ultio
755 955 863 1002 sumpta
879 973 930 1002 est,
948 974 976 997 ct

187 1004 276 1028 sumet
287 1001 421 1032 Dominus
431 1004 465 1032 de
475 1005 597 1034 inimicis
609 1001 822 1048 suis,justitiam
831 1001 974 1048 retribuet,

184 1045 282 1080 eisque
306 1047 354 1081 qui
380 1055 442 1075 eum
470 1049 598 1082 oderunt.
611 1045 647 1079 ὀι
664 1054 826 1087 expurgabit
842 1045 975 1086 Dominus

184 1093 286 1116 terram
301 1092 394 1125 populi
410 1093 465 1120 sui.
478 1092 566 1122 Filios
583 1095 629 1122 Dei
641 1097 758 1132 appellat
772 1104 892 1133 sanctos,
905 1109 974 1136 quos

185 1133 358 1162 trucidarunt
381 1135 536 1165 homicidae.
561 1138 696 1175 Namque,
721 1147 751 1169 ut
777 1133 972 1178 prophetarum

162 1194 165 1198 -
182 1179 365 1209 mactationcs
388 1181 509 1211 omissas
529 1183 628 1212 faciam
648 1191 675 1214 et
691 1186 800 1215 Domini
823 1190 971 1219 salutarem

183 1224 358 1260 passionem,
391 1233 582 1258 mactaverunt
615 1236 642 1259 et
670 1232 803 1261 victorem
833 1237 971 1271 egregium

182 1269 364 1306 Stephanum,
380 1279 407 1301 et
422 1275 496 1310 ligno
508 1276 668 1305 occiderunt
684 1287 812 1315 magnum
827 1269 972 1318 Jacobum,

181 1319 210 1342 et
232 1323 377 1347 sexcentos
390 1320 470 1348 alios.
489 1321 615 1359 Denique
641 1325 738 1355 domos
761 1335 857 1357 eorum
882 1331 971 1366 quiin

181 1361 327 1413 Dominum
344 1366 502 1402 credebant,
519 1369 675 1406 depopulati
698 1378 774 1408 sunt,
801 1380 831 1402 ut
850 1361 972 1413 persaepe

180 1407 263 1437 divus
275 1409 378 1439 Paulus
389 1411 592 1444 Thessalonicis
604 1418 729 1447 scribens
744 1407 859 1449 testatur
872 1431 879 1450 :
893 1432 902 1448 ι
915 1407 971 1452 vos

179 1453 253 1491 enim
280 1454 432 1486 imitatores
457 1458 522 1487 iacti
544 1461 612 1489 estis
641 1468 801 1492 sanctorum
817 1467 863 1501 qui
889 1467 970 1496 Jeru-

179 1499 265 1527 salem
279 1506 354 1535 sunt,
370 1504 434 1538 quia
448 1505 544 1534 eadem
562 1509 636 1543 passi
653 1510 720 1538 estis
744 1518 772 1538 et
787 1499 837 1539 vos
866 1521 881 1540 a
902 1522 969 1543 con-

178 1544 329 1575 tribulibus
352 1550 465 1583 vestris,
487 1552 560 1580 sicut
581 1558 609 1581 et
633 1554 685 1590 ipsi
709 1564 724 1584 a
747 1555 851 1586 Judaeis
871 1561 918 1594 qui
942 1566 969 1590 et

178 1590 326 1621 Dominum
351 1596 511 1626 occiderunt
526 1598 633 1634 Jesum,
661 1607 689 1630 et
712 1603 787 1638 ipsos
807 1590 966 1642 prophetas,

177 1641 205 1664 et
219 1645 269 1666 nos
285 1643 423 1674 persecuti
435 1648 511 1677 sunt,
528 1649 556 1673 et
574 1645 631 1674 Deo
649 1655 703 1676 non
719 1650 839 1685 placent,
857 1658 885 1680 et
909 1662 969 1681 om-

177 1683 259 1711 nibus
273 1686 451 1716 adversantur
465 1691 499 1719 '9.
512 1701 521 1717 I
548 1691 611 1721 Haec
625 1683 738 1730 quoque
755 1683 887 1727 Dominus
912 1700 967 1730 illis

176 1732 353 1765 exprobravit
366 1734 393 1761 in
406 1737 536 1770 parabola
556 1738 664 1768 vineae:
686 1749 806 1778 namque
825 1752 967 1775 servorum

175 1777 260 1806 alium
269 1780 459 1815 verberarunt.
476 1784 561 1812 alium
575 1787 748 1823 occiderunt,
760 1777 849 1819 alium
865 1793 969 1828 lapida-

176 1828 285 1858 verunt,
299 1833 466 1862 quapropter
487 1828 575 1858 Judaei
589 1839 639 1867 per
654 1834 750 1862 orbem
775 1839 910 1865 terrarum
925 1839 968 1866 di-

175 1875 348 1904 spergentur.

211 2013 380 2047 QUES‘I'IO
397 2017 551 2048 ccurxxr
570 2020 667 2084 S‘Coisl.
687 2023 819 2060 ccxcv,
850 2027 932 2058 Taur.

477 2055 566 2083 CCLX
594 2057 680 2095 xw].

173 2094 374 2142 Curudemun't“
387 2100 478 2142 pontii
494 2103 602 2142 peccati
625 2094 719 2142 causai
733 2106 836 2141 Moyses
869 2111 964 2142 procul

207 2131 296 2174 videre
308 2131 459 2174 pollicitmn
470 2131 568 2164 le'rram
587 2131 684 2173 jussus
695 2131 962 2174 infifiéiroﬁﬁéié

212 2167 337 2201 populum
354 2170 503 2203 prohibitus
519 2167 589 2208 (80);

528 2227 600 2256 Edita
611 2237 625 2255 a
640 2231 704 2257 Malo
715 2233 743 2265 (l.
761 2239 784 2259 c.
800 2235 891 2268 p.141,
904 2244 927 2269 q.
944 2239 1010 2271 291).

209 2263 255 2293 Sic
279 2273 330 2295 nos
355 2275 514 2299 commonet
529 2271 603 2301 Deus
618 2281 649 2301 se
671 2263 772 2304 abillis
788 2263 837 2312 qui
860 2263 999 2312 esu-hiat),

172 2309 272 2339 virtute
295 2318 361 2340 sunt
377 2315 494 2349 praediti,
511 2324 649 2346 summam
668 2309 806 2350 virtutem-
820 2330 960 2361 expetere,

171 2361 285 2384 caeteros
296 2365 361 2386 vero
386 2359 514 2389 homines
528 2363 575 2398 qui
586 2364 695 2393 abunde
717 2366 790 2402 leges
810 2359 962 2406 transgre-Q

171 2401 297 2437 diuntur,
310 2405 445 2439 patienter
455 2407 599 2443 ferentem,
612 2416 722 2440 sanctos
735 2401 871 2448 homines,
879 2401 962 2453 hujus

172 2446 348 2483 indulgentiae
375 2459 430 2478 non
462 2451 552 2481 facere
576 2456 740 2492 participes;
765 2461 839 2494 quod
863 2446 895 2489 et
915 2446 962 2491 'ait

172 2493 289 2529 Sapiens
301 2496 412 2531 quidam
425 2506 448 2525 ιι
461 2498 569 2528 Parvuli
583 2503 694 2537 quidem
705 2493 782 2540 digni
797 2507 957 2537 misericor-

171 2540 235 2574 dias,
242 2546 368 2576 potentes
378 2548 503 2579 potenter
513 2549 711 2578 scrutabuntur
724 2553 771 2580 "‘.
785 2553 818 2581 Et
825 2553 958 2585 Dominus

172 2587 200 2614 in
211 2589 300 2616 sacris
314 2588 471 2627 Evangeliis
485 2602 492 2620 :
511 2603 521 2620 ι
536 2595 586 2623 Cui
599 2596 737 2625 modicum
752 2599 875 2634 dabitur,
899 2610 960 2630 mo-

171 2633 263 2661 dicum
278 2635 314 2662 ab
337 2636 383 2665 illo
409 2644 546 2674 repetetur
560 2642 580 2668 ¹.
600 2651 610 2668 ι
636 2642 900 2682 lntelligendumque
917 2653 961 2676 est

172 2679 226 2707 hoc
243 2688 250 2706 :
267 2683 339 2716 quod
353 2684 437 2713 alium
458 2685 539 2714 tinem
563 2689 616 2716 alia
635 2689 677 2717 via
693 2692 791 2727 quaerit
814 2693 959 2724 Dominus.

206 2740 230 2756 "
244 2739 310 2769 Luc.
324 2750 354 2777 ιι,
369 2743 412 2772 14.
451 2746 473 2762 ’⁷
488 2746 586 2776 Matth.
600 2756 636 2781 ιν,
651 2749 694 2776 11.
725 2750 747 2766 ’⁸
759 2751 819 2779 Act.
839 2761 923 2785 xxv",
939 2755 984 2783 25.

1036 276 1118 310 ὑμνεῖ
1143 276 1194 312 τὴν
1221 277 1297 305 θείαν
1321 278 1526 315 φιλανθρωπίαν
1555 279 1645 315 βοῶν’
1670 292 1680 308 ι
1700 283 1771 316 Δόξα
1798 285 1829 311 ὲν

1035 321 1158 356 ὑψίστοις
1173 322 1242 358 Θεῷ,
1258 323 1305 350 καὶ
1319 324 1365 351 ἐπὶ
1381 326 1433 360 γῆς
1443 326 1550 361 εἰρήνη,
1564 327 1594 353 ἐν
1608 327 1764 364 ἀνθρώποις
1781 331 1827 356 εὑ-

1033 368 1129 395 δοκιαο
1158 378 1168 396 ι
1189 369 1237 396 καὶ
1263 369 1313 402 τὰς
1339 371 1496 406 ἀσπάρτους
1520 372 1548 398 δὲ
1579 373 1627 399 καὶ
1659 373 1826 410 ἀλοχεύτους

1033 415 1141 447 ὲκείνας
1177 415 1276 449 ὠδῖνας
1309 417 1330 443 Γ
1332 417 1432 452 αὸριὴλ
1467 418 1634 454 προείρηκεν
1673 421 1688 447 ὁ
1715 421 1825 457 ἀρχάγ-

1033 461 1127 495 γελος·
1140 462 1192 489 κὰν
1213 462 1254 498 τῷ
1273 463 1342 499 πρὸς
1367 464 1413 490 τὸν
1435 464 1559 492 διάϐολον
1584 465 1670 499 ἀγῶνι
1691 468 1825 503 παρῆσαν

1031 507 1086 534 τῶν
1113 508 1237 542 ἀγγέλων
1262 509 1289 536 οἱ
1313 510 1409 545 δῆμον
1437 519 1447 536 ι
1469 511 1669 547 Προοελθόντες
1688 513 1754 549 γὰρ,
1771 523 1827 550 φη-

1033 554 1091 586 σὶν,
1117 554 1142 580 οί
1166 555 1296 588 ἄγγελοι,
1332 556 1475 590 διηκόνουν
1506 557 1598 593 αὺτῷ-
1635 567 1645 584 ι
1675 559 1724 586 καὶ
1750 561 1825 594 μετὰ

1033 599 1083 632 τὴν
1105 599 1258 628 ἀνάστασιν
1286 601 1398 635 ἄγγελοι
1422 602 1462 637 τῷ
1482 603 1561 638 τάφῳ
1582 604 1824 640 προσεδρεύουσιν,

1031 645 1272 682 εὐαγγελιζόμενοι
1300 649 1358 680 ταῖς
1388 649 1497 682 γυναιξὶ
1521 650 1572 685 τὴν
1600 651 1751 678 ἀνάστασιν
1773 654 1824 679 καὶ

1035 692 1093 723 τοῖς
1120 692 1281 726 ἀποστόλοις
1304 693 1375 729 μετὰ
1391 695 1440 729 τὴν
1455 696 1495 727 εἰς
1508 696 1639 731 οὐρανοὺς
1663 697 1758 725 ἄνοδον
1774 698 1822 724 τοῦ

1029 737 1167 765 Δεσπότου
1178 747 1186 755 ·
1201 740 1250 766 καὶ
1264 740 1304 775 τῷ
1326 741 1470 776 Κορνηλίῳ
1502 741 1619 777 ἄγγελος
1633 743 1667 770 τὰ
1691 744 1763 771 κατὰ
1776 745 1822 771 τὸν

1031 784 1116 818 μέγαν
1132 785 1235 820 Πέτρον
1253 787 1391 822 ἐμήνυσε·
1409 788 1456 814 καὶ
1479 788 1559 815 αὑτὸν
1573 789 1678 825 Πέτρον
1696 790 1747 825 τῆς
1769 799 1821 824 φυ-

1028 831 1116 866 λακῆς
1146 831 1263 866 ἄγγελος
1289 833 1424 868 ὲξήγαγε’
1441 835 1488 861 καὶ
1509 835 1524 861 ὁ
1539 834 1611 867 θεῖος
1634 836 1738 868 Παῦλος
1764 839 1822 869 τοῖς

1029 877 1213 912 συμπλέουσιν
1240 878 1309 914 ἔφη·
1328 888 1338 904 ι
1357 879 1446 914 Ὠφθη
1477 888 1522 914 μοι
1537 879 1585 906 τοῦ
1611 880 1680 907 Θεοῦ
1703 882 1821 916 ἄγγελος

1027 918 1058 949 οὗ
1071 923 1144 958 εἰμι·
1163 933 1172 949 ι
1189 923 1238 950 καὶ
1260 923 1345 952 πολλὰ
1359 924 1491 952 τοιαῦτα·
1514 926 1600 952 εἰπὼν
1626 927 1654 953 δὲ
1679 928 1745 963 περὶ
1764 929 1821 954 τῶν

1027 969 1248 996 πεπιστευκότων
1258 970 1273 996 ὁ
1291 972 1438 1006 προφήτης
1452 971 1550 1004 ταῦτα,
1563 973 1690 1007 προλέγει
1702 975 1750 1000 καὶ
1764 975 1822 1001 τῶν

1025 1015 1152 1042 ἀπίστων
1166 1015 1216 1048 τὰς
1229 1016 1368 1052 τιμωρίας
1383 1017 1431 1044 καὶ
1445 1018 1494 1050 τὰς
1509 1019 1598 1050 αἰτίας
1611 1019 1646 1046 δι’
1660 1019 1693 1051 ἃς
1708 1020 1821 1046 πείσον-

1024 1068 1070 1087 ται
1081 1069 1087 1076 ·
1105 1060 1156 1096 ἔφη
1172 1062 1242 1097 γάρ·
1262 1071 1272 1088 ι
1292 1063 1354 1090 Ὀτι
1366 1063 1396 1090 τὸ
1411 1061 1481 1099 αἷμα
1498 1064 1553 1091 τῶν
1566 1065 1632 1091 υἱῶν
1646 1066 1729 1092 αὐτοῦ
1743 1066 1820 1093 ἐκδι-

1025 1107 1122 1137 κεῖται,
1148 1108 1196 1134 καὶ
1214 1108 1365 1145 ἐκδικήσει,
1388 1110 1436 1136 καὶ
1456 1112 1643 1139 ἀνταποδώσει
1665 1113 1744 1148 δίκην
1759 1116 1818 1145 τοῖς

1024 1149 1142 1185 ἐχθροῖς,
1158 1151 1207 1178 καὶ
1229 1153 1286 1184 τοῖς
1302 1153 1428 1188 μισοῦσιν
1452 1155 1534 1182 αὑτὸν
1554 1157 1753 1192 ἀνταποδώσει,
1769 1161 1818 1185 καὶ
1848 1183 1852 1186 .

1024 1197 1185 1233 ἐκκαθαιρεῖ
1201 1198 1302 1234 Κύριος
1316 1201 1366 1236 τὴν
1378 1201 1430 1236 γῆν
1445 1201 1492 1229 τοῦ
1510 1202 1574 1229 λαοῦ
1592 1204 1687 1231 αὑτοῦ.
1706 1215 1715 1230 ι
1732 1205 1817 1238 Tisia;

1023 1242 1051 1269 δὲ
1065 1242 1133 1269 Θεοῦ
1151 1244 1268 1280 κέκληκε
1284 1245 1348 1278 τοὺς
1362 1247 1458 1281 ἁγίους
1471 1248 1518 1280 οὓς
1538 1249 1643 1277 ἀνεῖλον
1662 1251 1686 1277 oi
1701 1252 1817 1285 μιαιφό-

1024 1298 1063 1316 νοι
1074 1299 1081 1305 ·
1099 1291 1142 1317 ἵνα
1155 1291 1210 1326 γὰρ
1225 1291 1274 1324 τὰς
1288 1292 1342 1318 τῶν
1363 1294 1511 1329 προφητῶν
1529 1296 1637 1330 σφαγὰς
1653 1297 1817 1333 παραλίπω,

1023 1337 1070 1363 καὶ
1085 1336 1133 1363 τοῦ
1146 1337 1284 1364 Δεσπότου
1303 1338 1333 1365 τὸ
1349 1340 1483 1376 σωτήριον
1501 1341 1598 1375 πάθος,
1617 1342 1663 1369 τὸν
1680 1343 1730 1379 μὲν
1747 1345 1818 1370 καλ-

1022 1382 1123 1409 λίνικον
1147 1383 1312 1411 κατέλευσαν
1338 1385 1484 1421 Στέφανον,
1510 1386 1580 1423 ξύλῳ
1604 1388 1632 1415 δὲ
1656 1389 1703 1416 τὸν
1725 1390 1819 1424 μέγαν

1021 1428 1126 1456 ἀνεῖλον
1139 1428 1277 1464 Ἰάκωϐον,
1291 1431 1340 1457 καὶ
1349 1432 1434 1467 μυρία
1445 1432 1524 1465 ἄλλα,
1540 1434 1588 1461 καὶ
1602 1432 1656 1461 τῶν
1666 1435 1706 1470 τῷ
1717 1437 1818 1472 Κυρίῳ

1021 1475 1049 1501 δὲ
1063 1477 1287 1503 πεπιστευκότων
1303 1477 1354 1509 τὰς
1370 1478 1458 1510 οἰκίας
1474 1479 1672 1516 ἐξεπόρθησαν,
1692 1482 1731 1514 ὡς
1749 1483 1819 1510 πολ-

1022 1520 1103 1556 λαχοῦ
1116 1521 1223 1554 Παῦλος
1238 1524 1253 1549 ὁ
1269 1522 1340 1554 θεῖος
1356 1524 1406 1551 καὶ
1415 1524 1642 1554 Θεσσαλονικεῦσι
1653 1528 1683 1555 δὲ
1699 1530 1820 1564 γράφων

1020 1567 1257 1604 ἐπιμαρτύρεταιο
1277 1569 1425 1605 ιΙΜιμηταὶ
1438 1570 1493 1607 γὰρ
1509 1571 1635 1606 ἐγένεσθε
1649 1574 1705 1600 τῶν
1718 1576 1749 1601 ὲν
1766 1576 1818 1602 Ἱε-

1020 1612 1160 1647 ρουσαλὴμ
1173 1612 1259 1647 ἁγίων
1271 1621 1278 1628 ·
1293 1614 1328 1641 τὰ
1341 1614 1410 1642 αὐτὰ
1424 1616 1490 1652 γὰρ,
1499 1618 1575 1653 φησὶ,
1592 1620 1639 1645 καὶ
1652 1619 1734 1654 ὑμεῖς
1745 1621 1817 1649 ὲπάο

1019 1656 1080 1683 θετε
1103 1657 1155 1684 ὑπὸ
1171 1658 1226 1686 τῶν
1251 1659 1323 1686 ίδίων
1349 1661 1540 1696 συμφυλετῶν,
1562 1663 1689 1700 καθάπερ
1713 1666 1817 1693 ἐκεῖνοι

1019 1703 1072 1730 ὑπὸ
1092 1703 1228 1732 Ἰουδαίων
1242 1705 1296 1732 τῶν
1317 1707 1366 1733 καὶ
1389 1707 1435 1734 τὸν
1455 1708 1558 1745 Κύριον
1581 1710 1815 1746 ἀποκτεινάντων,

1018 1749 1139 1781 καὶτοὺς
1154 1750 1236 1782 ίδίους
1251 1752 1393 1788 προφήτας
1405 1753 1451 1780 καὶ
1462 1755 1537 1790 ἡμᾶς
1552 1756 1754 1791 ἐκδιωξάντων,
1768 1759 1815 1786 καὶ

1018 1795 1078 1830 Θεῷ
1090 1795 1128 1831 μὴ
1140 1797 1313 1832 ἀρεσκόντων
1323 1799 1370 1826 καὶ
1384 1800 1468 1827 πᾶσιν
1479 1800 1633 1837 ἀνθρώποις
1646 1804 1792 1832 ἐναντίων.
1803 1815 1813 1832 ι

1018 1841 1111 1870 Ταῦτα
1131 1844 1177 1870 καὶ
1194 1844 1208 1869 ὁ
1231 1844 1335 1880 Κύριος
1350 1845 1440 1873 αὐτῶν
1455 1848 1646 1884 κατηγόρησεν
1661 1850 1691 1877 ὲν
1714 1852 1749 1886 τῇ
1767 1852 1815 1878 τοῦ

1016 1887 1177 1923 ἀμπελῶνος
1187 1890 1341 1927 παραὸολῇ·
1355 1891 1395 1918 ὃτι
1406 1892 1461 1919 τῶν
1473 1893 1574 1921 δούλων
1587 1894 1618 1921 δν
1630 1895 1679 1930 μὲν
1691 1895 1814 1933 ἔδειραν,

1015 1933 1045 1960 ὃν
1059 1934 1088 1960 δὲ
1101 1935 1276 1969 ἀπέκτειναν,
1289 1936 1319 1964 ὃν
1333 1937 1362 1964 δὲ
1389 1937 1582 1975 ἐλιθοϐόλησαν
1593 1949 1601 1956 ·
1616 1941 1714 1969 τούτου
1731 1944 1815 1979 χάριν

1017 1977 1118 2014 αὖτοὺς
1147 1982 1187 2014 είς
1202 1983 1293 2010 πᾶσαν
1307 1984 1359 2019 τὴν
1371 1985 1535 2022 οἰκουμένην
1550 1987 1717 2024 διέσπειρεν.

1272 2039 1442 2067 ΕΡΩΤΗΣΙΣ
1461 2042 1547 2069 ΣΠΜ.

1014 2115 1045 2142 Τί
1070 2115 1183 2157 δῄςτοτε
1205 2117 1256 2157 ait}
1270 2119 1412 2157 ,σμικρὰν
1439 2120 1647 2157 {Unum-5.19:1!-
1675 2122 1815 2157 Μωῦσῆς

1045 2151 1204 2193 “oppetisse
1225 2151 1509 2193 ὶδρῖὴπροσετρχθῆ
1521 2151 1581 2189 τὴν
1600 2155 1669 2190 γῆν,
1684 2151 1812 2193 εἰσανιὶῖ

1043 2187 1108 2220 Teir
1124 2185 1159 2212 δὲ
1175 2186 1228 2213 τὸν
1241 2188 1318 2214 λαὸν
1333 2185 1473 2223 exeundi;
1485 2197 1495 2222 ;

1021 2254 1053 2260 -
1066 2242 1093 2267 in
1108 2243 1245 2269 Deuteron.
1265 2251 1342 2275 xxxii,
1360 2246 1398 2277 48,
1411 2247 1450 2272 52.

1048 2285 1173 2313 Διδάσκει
1186 2286 1230 2313 διὰ
1243 2287 1346 2314 τούτων
1357 2289 1432 2324 ἡμᾶς
1446 2289 1460 2316 ὁ
1471 2289 1547 2324 Θεὸς,
1559 2290 1597 2323 ὡς
1605 2291 1668 2323 τοὺς
1677 2291 1709 2318 ἐν
1722 2292 1810 2330 ἀρετῇ

1012 2332 1143 2365 τελείους,
1156 2334 1205 2370 τὴν
1220 2335 1307 2371 ἄκραν
1319 2337 1421 2372 ἀρετὴν
1439 2338 1565 2365 ἀπαιτεῖ·
1583 2339 1631 2366 καὶ
1643 2341 1703 2372 τοῖς
1717 2340 1810 2373 ἄλλοις

1012 2378 1167 2414 ἀνθρώποις
1190 2382 1297 2415 μεγάλα
1320 2384 1508 2419 παρανομοῦσι
1530 2385 1731 2421 μακροθυμῶν,
1752 2389 1810 2420 τοῖς

1012 2426 1100 2460 ἁγίοις
1116 2427 1219 2462 ταύτης
1234 2429 1264 2454 οὐ
1281 2429 1443 2463 μεταδίδωσι
1461 2431 1513 2466 τῆς
1530 2431 1713 2468 συγγνώμης’
1728 2434 1810 2460 τοῦτο

1012 2470 1059 2497 καὶ
1088 2471 1169 2506 σοφός
1190 2481 1228 2504 τις
1244 2482 1251 2488 ·
1268 2475 1282 2500 ὁ
1307 2474 1357 2509 μὲν
1380 2475 1435 2512 γὰρ
1455 2476 1606 2512 ἐλάχιστος.
1631 2479 1810 2512 συγγνωστός

1011 2515 1085 2542 ἐστιν
1101 2516 1203 2550 ἐλέους,
1220 2518 1327 2545 δυνατοὶ
1343 2519 1371 2546 δὲ
1383 2519 1504 2553 δυνατῶς
1527 2522 1724 2558 ἐτασθήσονται
1736 2532 1744 2539 ·
1762 2526 1810 2552 καὶ

1010 2562 1024 2588 ὁ
1038 2562 1141 2598 Κύριος
1163 2564 1192 2590 ἐν
1207 2565 1354 2601 τοίςίεροῖς
1372 2567 1564 2602 Εὐαγγελίοις⁹
1583 2565 1634 2604 ιᾯ
1653 2569 1704 2605 μὲν
1715 2570 1809 2605 ὀλίγον

1009 2606 1164 2643 δοθήσεται,
1179 2609 1270 2644 ὀλίγον
1285 2611 1468 2647 ἀπαιτήσουσι
1487 2614 1552 2649 παρ’
1563 2615 1647 2641 αὐτοῦ
1660 2623 1668 2630 -
1690 2625 1700 2641 ι
1717 2616 1806 2643 ἰστέον

1011 2653 1103 2687 μέντοι
1131 2655 1178 2681 καὶ
1196 2656 1286 2690 τοῦτο,
1301 2657 1340 2689 ὡς
1362 2658 1444 2694 ἕτερα
1459 2659 1492 2686 δι’
1514 2660 1618 2696 ἐτέρων
1630 2662 1644 2688 ό
1661 2662 1803 2697 Δεσπότης

1009 2703 1162 2738 οἰκονομεί’
1179 2703 1273 2741 ὥσπερ
1286 2706 1382 2741 ἀμέλει
1392 2707 1439 2733 καὶ
1451 2708 1558 2734 τουτονὶ
1571 2707 1617 2735 τὸν
1629 2708 1720 2744 μέγαν
1735 2718 1802 2743 προ·

1023 2760 1045 2775 ⁸³
1060 2759 1177 2789 lThess.
1195 2762 1281 2795 11,1ι1ι.
1301 2763 1336 2779 "'
1353 2763 1418 2799 Sap.
1431 2772 1469 2797 vt,
1487 2764 1512 2792 7.
1543 2765 1549 2780 '
1567 2764 1662 2793 Matth.
1679 2773 1740 2798 xm,
1758 2767 1800 2796 l8.

929 2813 1046 2846 NOT/E.

473 2853 731 2901 quires-tioribus,
750 2863 818 2891 quas
833 2865 848 2887 e
865 2857 1036 2892 Theodorcto
1054 2866 1173 2901 sumpsit
1187 2867 1310 2901 Pholius,

171 2879 206 2907 45
222 2879 409 2913 ἱιιύριιιυιοιι.
425 2886 456 2913 Τ.
476 2879 695 2924 ΙΑΧΧΧξρξδᾸῨξ

1341 2874 1428 2898 exstat
1454 2868 1527 2905 apud
1548 2868 1754 2898 Theodorctum
1770 2876 1797 2903 ιι.
