1874 3070
27 132 101 165 1113

380 135 430 164 AD
449 133 746 165 AMPHILOCHIUM
771 132 944 170 QUIESTIO
963 133 1353 166 CCLXXXI-CCLXXXIII.

1599 138 1668 171 1114

23 191 122 225 φήτην
135 190 186 217 οὐκ
197 190 290 217 ειασεν
303 190 342 222 εἰς
353 191 404 226 τὴν
414 191 466 226 γῆν
476 191 527 226 τῆς
537 191 706 226 ἐπαγγελίας
717 192 829 226 εἰσαγα-

917 211 919 217 ,
933 190 1009 219 enim
1025 190 1098 219 Deus
1109 197 1165 218 non
1179 194 1267 224 curat,
1285 191 1328 219 vel
1345 190 1435 227 potius
1448 199 1502 219 non
1516 192 1583 221 sinit
1596 193 1669 221 hunc

24 235 89 269 γετν
101 235 150 262 τὸν
165 234 242 264 λαὸν,
258 235 302 262 ἵνα
318 235 356 271 μὴ
375 236 413 268 ὡς
427 237 493 263 Θεὸν
510 237 591 264 αὑτὸν
614 236 783 264 σεδασθῶσιν
799 237 824 263 οἱ

31 281 220 317 Ἰσραηλῖται⁵
234 282 331 309 τούτου
347 282 427 318 χάριν
442 283 526 310 αὐτοῦ
536 283 584 311 καὶ
598 283 644 310 τὸν
658 284 745 319 τάφον
757 284 824 319 ἄδη-

24 328 74 354 λον
101 328 234 363 ἐποίησεν
252 329 266 355 ὀ
289 328 380 363 σοφῶς
402 328 438 355 τὰ
463 330 525 356 καθ’
547 330 621 365 ἡμᾶς
645 329 826 365 πρυτανεύων

25 375 110 406 Θεός.
130 375 239 402 Ειδέναι
258 375 286 401 δὲ
311 375 359 402 καὶ
379 375 460 403 τοῦτο
484 377 628 412 προσήκει,
645 376 683 408 ὠς
704 376 827 411 Μωῡαῆς

25 421 120 448 τύπον
131 421 189 457 ἔχει
204 421 253 448 τοῦ
273 421 376 457 νόμου·
393 421 434 448 διὸ
453 422 502 449 καὶ⁵
523 422 645 457 Μωῡσῆς
667 423 718 456 τὴν
740 430 826 457 προσ-

26 469 151 505 ηγορίαν
164 469 266 505 om»;
280 469 337 505 ἔχει
349 477 356 486 ·
371 470 463 505 ἔχουσι
477 470 542 505 γὰρ,
557 471 636 506 φησὶ,
645 470 766 497 Μωῠσέα
778 469 826 496 καὶ

25 514 98 546 τοὺς
124 516 270 551 προφήτας
281 523 289 530 ⁴
303 515 424 542 Μωῦσέα
448 516 496 542 τὸν
515 517 597 552 νόμον
622 516 742 548 καλέσας
755 524 761 531 ’
777 516 827 543 καὶ

27 561 173 596 πολλαχοῦ
200 561 280 588 τοῦτο
307 561 418 597 εὖροις”
444 561 542 597 ὥσπερ
563 562 618 598 γὰρ
639 562 756 594 Ἡσαΐας
780 561 828 589 καὶ

34 607 179 643 Ἱερεμίας
193 608 243 635 καὶ
262 607 393 644 Ἰεζεκιὴλ
405 609 436 636 οὗ
447 609 510 641 τοὺς
523 609 625 644 ἄνδρας
638 609 747 643 μόνους,
761 608 829 636 ἀλλὰ

27 655 81 682 καὶ
95 654 133 681 τὰ
143 655 257 681 ἐκείνων
271 655 362 690 βιϐλία
378 655 518 691 καλοῦμεν
527 664 534 671 ·
551 657 600 682 καὶ
612 656 707 690 σχεδὸν
718 655 750 682 τὸ
763 655 830 682 αὐτὸ

27 702 81 727 ἐπὶ
108 701 221 728 πάντων
245 701 368 738 καθορᾷν
399 702 460 728 ἐστι
484 702 540 728 τῶν
566 701 727 738 συγγραφὰς
755 701 831 732 θείας

27 747 274 775 ἀπολελοιπότωνο
287 747 360 775 οὕτω
372 748 420 775 καὶ
433 748 554 783 Μωῡσῆν
568 747 599 774 ού
617 748 663 775 τὸν
680 747 766 782 ἄνδρα
783 747 830 782 μό-

28 802 91 826 νον,
106 793 178 820 ἀλλὰ
193 794 244 820 καὶ
253 793 300 820 τὸν
314 794 398 829 νόμον
412 793 494 829 ἔστιν
504 794 568 820 ίδεῖν
585 793 754 829 κεκλημένον
767 801 774 809 ·
783 793 831 820 τύ-

29 848 86 871 πος
101 839 154 874 μὲν
166 837 214 866 οὖν
236 840 358 874 Μωῦσῆς
372 840 420 867 τοῦ
448 839 550 875 νόμου·
572 839 675 875 Ἰησοῦς
702 839 731 866 δὲ
753 840 768 866 ὀ
783 838 831 866 τοῦ

876 245 1004 273 magnum
1017 237 1179 273 prophetam
1193 237 1220 265 in
1232 242 1332 265 terram
1355 237 1519 273 promissam
1537 240 1668 275 populum

876 283 1064 318 introducere,
1091 291 1126 311 ne
1148 287 1179 311 ut
1203 291 1254 319 pro
1281 283 1336 312 Deo
1365 284 1443 311 illum
1471 290 1670 312 venerarentur

876 329 1017 362 lsraelitze,
1045 329 1142 357 eadem
1156 329 1191 356 de
1215 337 1299 357 causa
1318 330 1473 365 sepulcrum
1485 330 1545 365 ejus
1565 331 1670 358 abdidit

877 376 924 411 qui
942 376 1082 411 sapienter
1105 376 1243 404 humanas
1269 384 1315 404 res
1332 376 1490 404 moderatur
1512 376 1595 405 Deus.
1611 377 1670 405 Hoc

877 429 989 458 quoque
1002 422 1075 450 scire
1087 422 1222 451 debemus
1237 423 1350 459 Moysen
1364 423 1452 452 fuisse
1462 423 1530 459 legis
1543 423 1667 459 ﬁguram.

877 467 970 502 Quare
994 476 1147 504 cognomen
1173 469 1281 505 Moyses
1299 469 1382 498 habet
1403 469 1455 498 lex.
1475 469 1582 498 Habent
1595 470 1668 498 enim

877 515 990 552 Moysen
1003 520 1031 544 et
1044 517 1203 552 prophetas,
1218 518 1257 544 ait
1269 517 1424 552 Scriptura.
1442 517 1543 552 Legem
1559 517 1670 552 Moysen

878 562 1033 596 appellant,
1055 563 1128 598 quod
1158 562 1253 591 multis
1278 562 1348 591 locis
1371 564 1508 592 invenias.
1534 562 1571 591 Ut
1596 563 1670 592 enim

878 606 988 640 Isaiam,
1005 607 1153 635 Jeremiam
1165 613 1192 636 et
1203 608 1330 637 Ezechiel
1344 617 1399 637 non
1415 610 1489 637 viros
1514 609 1606 643 modo,
1622 609 1671 638 sed

879 652 962 680 etiam
975 660 1070 681 eorum
1086 653 1173 682 libras
1189 656 1370 690 appellamus,
1387 660 1471 690 utque
1485 656 1525 684 sic
1538 656 1671 684 habemus

880 706 976 727 omnes
1005 701 1202 736 propemodum
1215 710 1332 737 quorum
1359 710 1438 730 sacra
1454 706 1564 730 exstant
1576 709 1671 738 opera,

882 744 957 772 haud
981 745 1062 773 aliter
1083 745 1208 782 Moysen.
1232 754 1287 774 non
1301 747 1391 774 virum
1410 747 1502 780 modo,
1520 747 1567 775 sed
1586 747 1671 774 etiam

881 789 968 826 legem
983 790 1057 819 illius
1071 791 1124 819 hoc
1138 792 1250 820 nomine
1264 792 1396 828 appellari
1411 792 1548 820 videmus.
1563 791 1671 828 Moyses

882 834 965 870 igitur
979 835 1048 872 legis
1059 841 1102 865 est
1114 836 1214 873 tigura,
1230 836 1324 872 Iosue,
1335 837 1397 865 Nun
1409 838 1494 871 ﬁlius,
1507 837 1670 866 Salvatoris.

30 883 130 919 Ναυῆ.
145 883 231 916 τύπος
249 884 297 911 τοῦ
323 885 468 921 Σωτῆρος·
486 884 581 920 ὥσπερ
594 884 685 911 τοίνυν
709 884 830 919 Μωῡσῆς

945 881 1030 917 igitur
1057 881 1166 919 Moyses
1200 882 1313 918 quidem
1344 883 1439 911 eduxit
1471 883 1602 919 populum
1637 883 1673 911 de

13 931 17 955 ῗ
32 931 87 964 μὲν
102 930 225 966 ἐξήγαγε
244 931 291 958 τὸν
311 931 376 958 λαὸν
389 931 420 964 ἐξ
440 931 593 966 Αἰγύπτου,
616 930 720 966 Ἰησοῦς
737 930 767 957 δὲ
780 931 830 957 αὺ-

13 976 81 1014 ,τδν
94 977 137 1008 είς
159 976 209 1012 τὴν
235 977 446 1013 ἐπηγγελμένην
468 978 601 1014 είσήγαγσ
619 977 683 1012 γῆν,
707 976 794 1009 οὕτως
815 978 830 1004 ὀ

31 1023 120 1058 νόμος
138 1024 189 1058 τῆς
214 1024 264 1059 μὲν
277 1023 407 1056 ἀσεϐείας
430 1024 600 1052 ἀπαλλάττει
614 1025 678 1056 τοὺς
698 1024 830 1060 πειθομέ-

31 1076 109 1100 νους,
123 1069 142 1103 ἡ
157 1068 186 1095 δι
199 1068 258 1096 τῶν
272 1069 447 1105 Εὐαγγελίων
464 1070 546 1106 χάρις
566 1071 607 1102 είς
623 1070 673 1106 τὴν
689 1070 830 1105 βασιλείαν

32 1114 145 1148 εἰσάγει
160 1113 216 1142 τῶν
230 1115 366 1151 οὐρανῶν.

300 1172 472 1201 ΕΡΩΤΗΣΙΣ
490 1173 574 1202 SHB’.

36 1250 69 1276 Ti
84 1249 181 1277 ἐστιν·
202 1259 212 1276 ι
235 1251 286 1279 Ἐν
303 1251 395 1315 ὀλίτιὲ)
407 1261 446 1315 [gs
465 1254 577 1287 πείθεις
587 1254 767 1288 Χριστιανὸν
782 1263 829 1290 γε·

354 1296 374 1314 ν
391 1296 412 1314 σ
431 1296 460 1315 αι
471 1297 481 1315 .'
500 1298 510 1315 l

354 1296 460 1315 νεσσαι
471 1297 481 1321 ;
500 1298 510 1315 ι

879 926 1009 963 Egypto,
1025 927 1110 956 Josue
1123 933 1217 957 autem
1230 929 1258 957 in
1274 933 1377 957 terram
1393 930 1558 965 promissam
1583 929 1671 957 intro-

877 973 967 1007 duxit,
991 974 1033 1002 sic
1047 974 1092 1002 lex
1107 975 1218 1010 quidem
1242 975 1382 1011 impietate
1397 976 1541 1005 credentes
1562 975 1671 1009 liberat,

878 1020 967 1055 gratia
989 1027 1055 1049 vero
1080 1019 1223 1057 Evangelii
1246 1021 1276 1049 in
1299 1028 1415 1059 regnum
1432 1022 1566 1051 caelorum
1583 1022 1672 1050 intro-

878 1067 976 1096 mittit.

905 1167 1070 1204 QUIESTIO
1088 1168 1255 1213 CCLXXXII
1275 1169 1377 1232 g‘Coisl.
1403 1168 1540 1203 CCXCVII,
1558 1167 1643 1197 Taur.

1183 1204 1274 1232 (.CLX
1304 1204 1373 1232 XV].

1183 1204 1373 1241 CCLXXXV].

883 1251 954 1285 Quid
976 1255 1015 1279 est
1032 1251 1102 1278 hac:
1122 1260 1131 1277 ι
1149 1250 1182 1278 1η
1206 1250 1427 1320 ηἱὶιέῗὲεοιδιιαάεε
1442 1258 1482 1278 me
1490 1249 1673 1279 Christianum

364 1345 437 1371 Edita
448 1353 461 1370 a
478 1346 541 1371 Maio
554 1347 582 1379 (l.
596 1354 619 1372 c.
631 1355 655 1379 p.
669 1348 724 1378 ‘lll,
741 1349 796 1379 142,
811 1355 836 1380 q.
852 1344 1110 1377 29!).—Explanatio
1125 1345 1152 1369 in
1162 1343 1219 1368 Act.
1231 1342 1348 1374 xxii,28.

73 1386 217 1419 Τουτέστι,
233 1387 267 1415 δι’
279 1387 377 1423 ὀλίγων
397 1390 540 1425 ῥημάτων,
557 1391 586 1417 ὲν
603 1391 719 1428 βραχέσι
728 1392 830 1427 λόγοις,

35 1434 67 1460 ὲν
81 1433 162 1469 ὀλίγῃ
178 1434 351 1471 διδασκαλίᾳ,
365 1436 450 1472 χωρὶς
469 1436 568 1464 πολλοῦ
585 1439 668 1464 πόνου
684 1439 733 1465 καὶ
752 1447 831 1466 συνε-

35 1480 104 1515 χοῦς
126 1480 273 1514 διαλέξεως
286 1490 293 1497 ·
315 1480 356 1508 διδ
370 1483 418 1509 καὶ
432 1483 501 1519 πρὸς
526 1483 608 1511 αὑτὸν
626 1485 805 1521 καταλλήλως
817 1487 832 1514 ὀ

922 1389 950 1417 ld
968 1393 1023 1420 est,
1051 1387 1148 1423 paucis
1174 1379 1275 1418 verhis,
1302 1385 1378 1413 brevi
1405 1392 1543 1418 sermone,
1565 1384 1673 1412 modico

883 1436 1061 1467 documento,
1078 1434 1183 1468 absque
1207 1431 1295 1460 multo
1321 1431 1416 1459 labore
1438 1435 1467 1459 et
1484 1431 1595 1459 assidua
1615 1431 1673 1458 dis-

885 1482 1037 1518 putatione.
1048 1481 1139 1514 Quare
1153 1480 1186 1506 ad
1198 1478 1275 1506 illum
1289 1477 1459 1514 respondens
1472 1478 1573 1506 l'aulus
1588 1478 1672 1506 dicit:

37 1528 149 1577 “.1616:
167 1538 267 1565 φησιν’
294 1539 303 1556 t
324 1531 457 1567 Ιίὺξάμην
472 1531 506 1559 ἂν
519 1532 558 1568 τῷ
577 1533 648 1569 Θεῷ,
666 1543 675 1559 ι
690 1534 738 1561 καὶ¹
753 1532 831 1569 ἑξῆςο

917 1528 984 1564 Opto
1006 1535 1056 1563 per
1081 1526 1199 1558 Deum’,
1215 1534 1224 1552 ν
1257 1529 1285 1552 et
1320 1525 1438 1560 reliqua.
1463 1524 1579 1552 Perinde
1598 1532 1630 1552 ac
1651 1525 1675 1552 si

35 1572 97 1601 οἷον
110 1575 153 1602 ὅτι
164 1575 227 1611 ἐμοὶ
241 1576 344 1611 σπουδὴ
364 1576 445 1603 τοῦτο
459 1578 489 1604 τὸ
503 1578 632 1612 γενέσθαι
644 1580 748 1612 πάντας
763 1580 785 1606 Χ
790 1589 833 1616 ρι-

39 1621 183 1653 στιανούςι
197 1622 245 1648 καὶ
267 1622 346 1650 τοῦτό
369 1623 428 1650 ἐστί
453 1633 498 1659 μοι
514 1625 581 1661 εὐχὴ
596 1626 663 1659 πρὸς
676 1626 758 1654 Θεόψ
773 1627 835 1654 ἐπεὶ

39 1666 151 1702 ἕτοιμός
177 1667 234 1703 εἰμι
254 1668 302 1694 καὶ
327 1668 432 1696 πολλῶν
447 1668 533 1704 λόγων
550 1671 598 1696 καὶ
620 1671 719 1706 ὀλίγων
739 1671 789 1707 τὴν
805 1672 834 1698 ὲν

42 1713 156 1749 Χριστῷ
172 1713 321 1749 κηρύσσειν
337 1715 429 1754 πίστιν
444 1717 492 1743 καὶ
506 1717 576 1751 μετὰ
590 1718 673 1744 πόνου
688 1718 735 1744 καὶ
749 1717 834 1745 κόπου

42 1758 91 1784 καὶ
106 1759 140 1784 ὲκ
155 1757 203 1784 τοῦ
223 1759 396 1794 παραχρῆμα
406 1768 413 1775 ⁸
435 1761 519 1792 κόπος
535 1761 581 1788 καὶ
606 1761 687 1792 πόνος
707 1763 736 1789 ὲν
750 1763 782 1798 τῇ
795 1762 836 1789 δι-

42 1803 179 1839 δασκαλίᾳ
206 1805 252 1831 καὶ
274 1805 433 1840 κηρύγματι
458 1806 586 1842 οὐδαμῶς
610 1806 747 1841 λογίζεταί
769 1815 834 1842 μοι·

42 1851 102 1877 ἀλλ’
117 1848 178 1877 ἶσόν
194 1851 252 1878 ἐστι
267 1852 366 1887 κοπιᾷν
381 1853 430 1878 καὶ
447 1852 494 1888 μὴ,
509 1853 557 1879 καὶ
571 1853 655 1879 πολὺν
670 1853 764 1889 χρόνον
777 1853 836 1889 τρί-

42 1895 102 1924 σειν
112 1896 276 1932 κηρύττοντι
289 1898 337 1924 καὶ
351 1897 441 1932 ὀλίγον
453 1906 460 1913 ·
478 1898 559 1934 μόνον
572 1899 683 1930 είτινας
698 1899 754 1934 ὀρῶ
768 1899 837 1936 πρὸς

44 1943 90 1969 τὸν
104 1943 225 1978 Χριστὸν
247 1943 465 1979 ἐπιστρέφοντας
477 1952 484 1960 ·
499 1945 586 1972 ταῦτα
609 1945 638 1972 δὲ
659 1945 762 1980 ἔλεγεν,
779 1946 838 1981 ἅμα

46 1990 97 2024 μὲν
111 1990 144 2016 τὸ
153 1989 237 2016 αὐτοῦ
251 1990 394 2026 πρόθυμον
410 1991 458 2018 καὶ
471 1991 603 2027 διάπυρον
623 1991 837 2028 ἐνδεικνύμενος,

45 2036 105 2071 ἅμα
119 2036 150 2062 δὲ
172 2036 298 2063 κάκιῐνον
321 2037 532 2073 ἐκκαλούμενος,
549 2038 587 2069 ὡς
606 2039 630 2064 εἰ
658 2037 778 2073 βούλοιτο
792 2039 839 2065 καὶ

45 2082 133 2109 τλείω
150 2082 267 2109 ἀκοῦσαι
281 2083 328 2109 καὶ
337 2082 508 2119 τελειοτέρας
523 2083 698 2115 διδασκαλίας
720 2083 840 2111 ἀπολαῦ-

45 2136 103 2159 σαι,
122 2127 154 2154 οὐ
184 2127 264 2162 μόνον
287 2128 365 2155 οὐδὲν
393 2129 554 2164 ἀποκνήσει,
579 2129 638 2156 ἀλλ’
658 2129 748 2169 οὕτως,
765 2130 840 2157 ἐστὶν

45 2174 156 2209 ἕτοιμος
171 2174 218 2200 καὶ
239 2173 270 2201 τὸ
285 2175 426 2210 πρόθυμον
447 2176 586 2211 παρέχων,
604 2175 675 2215 ὥστε
692 2176 739 2203 καὶ
758 2177 840 2211 εὐχῆς

885 1575 992 1603 diceret
1005 1583 1012 1601 :
1027 1573 1102 1601 Nihil
1112 1572 1179 1600 mihi
1194 1571 1286 1608 potius
1295 1576 1336 1599 est
1345 1579 1428 1607 quam
1441 1579 1537 1599 omnes
1550 1571 1676 1599 homines

887 1621 944 1650 ﬁeri
956 1621 1142 1650 Christianos.
1156 1618 1203 1647 Hie
1218 1622 1284 1648 sunt
1301 1626 1369 1646 mea:
1383 1626 1479 1646 coram
1497 1618 1553 1646 Deo
1567 1625 1674 1653 preces,

885 1675 1005 1703 namque
1019 1671 1131 1703 paratus
1146 1673 1209 1694 sum
1241 1669 1269 1693 et
1292 1665 1320 1692 in
1345 1661 1453 1692 mou‘ico
1474 1669 1501 1692 et
1527 1665 1555 1692 in
1576 1671 1677 1699 magno

888 1706 1039 1749 pradicare
1054 1712 1135 1740 ﬁdem
1150 1709 1185 1739 in'
1197 1709 1351 1743 Christum,
1366 1718 1413 1745 per
1437 1710 1558 1738 laborem
1574 1715 1601 1738 et
1616 1717 1677 1737 mo-

887 1759 995 1787 lestiam
1011 1762 1039 1786 et
1052 1766 1085 1786 ex
1098 1761 1238 1793 tempore;
1253 1757 1409 1784 molestiam
1420 1757 1494 1784 enim
1520 1756 1678 1784 etlaborem

888 1805 960 1832 inter
973 1803 1128 1832 docendum
1143 1807 1171 1830 et
1183 1802 1387 1838 pratdicandum
1404 1802 1511 1830 minimi
1531 1802 1610 1830 facio.
1624 1801 1678 1829 Sed

890 1850 957 1878 milii
972 1858 1022 1886 par
1037 1854 1080 1878 est
1092 1850 1219 1877 laborare
1234 1849 1277 1876 vel
1298 1856 1365 1881 non,
1379 1852 1406 1876 et
1422 1848 1469 1876 diu
1483 1851 1530 1876 aut
1544 1848 1577 1876 ad
1599 1848 1680 1876 breve

888 1897 1047 1934 prazdicare,
1073 1896 1155 1925 modo
1176 1896 1284 1932 aliquos
1307 1895 1342 1924 ad
1367 1895 1509 1924 Christum
1529 1903 1680 1924 conversos

889 1944 1010 1972 videam.
1027 1943 1076 1972 llis
1100 1944 1184 1972 dictis
1200 1944 1372 1972 alacritatem
1396 1943 1480 1971 animi
1506 1947 1534 1971 et
1553 1944 1680 1971 ardorem

890 1998 942 2018 una
971 1989 1121 2018 indicabat.
1148 1989 1220 2018 Cum
1247 1983 1330 2025 igi'tur
1354 1989 1502 2024 Agrippam
1525 1990 1558 2017 ad
1595 1989 1681 2017 Deum

889 2039 1010 2069 vocaret,
1022 2040 1053 2063 ut
1066 2036 1091 2063 si
1121 2035 1254 2063 voluisset
1269 2035 1347 2070 plura
1358 2034 1454 2062 audire
1465 2035 1682 2070 amplioremque

891 2082 1046 2110 doctrinam
1059 2081 1187 2117 adipisci,
1197 2089 1251 2109 non
1267 2082 1355 2109 solum
1373 2081 1442 2109 nihil
1454 2081 1621 2114 reformidat,
1634 2081 1682 2109 sed

891 2128 974 2155 etiam
991 2128 1060 2156 adeo
1073 2132 1187 2163 paratus
1207 2131 1250 2156 est
1264 2131 1292 2155 et
1315 2127 1426 2161 ardens,
1444 2131 1474 2154 ut
1490 2127 1523 2154 ad
1539 2135 1636 2162 preces
1652 2135 1683 2154 se

892 2173 1028 2206 conferat,
1043 2174 1194 2202 dummodo
1207 2174 1379 2209 propositum
1394 2179 1569 2209 assequatur.
1581 2173 1683 2202 Precor

45 2221 128 2256 ἔργον
143 2219 210 2246 αὐτὸ
225 2221 353 2254 ποιεῖται,
370 2221 405 2248 ἂν
425 2221 506 2257 μόνον
521 2221 642 2258 τυγχάνῃ
657 2223 703 2249 τοῦ
717 2223 834 2249 σκοποῦ·

917 2221 965 2247 tim
987 2224 1015 2248 et
1039 2220 1067 2247 in
1092 2220 1201 2248 modico
1223 2224 1250 2248 et
1266 2220 1294 2247 in
1317 2228 1417 2256 magno
1428 2228 1483 2248 non
1499 2221 1588 2248 solum
1604 2226 1641 2252 te,
1655 2223 1683 2247 et

46 2266 177 2301 Εὑξάμην
192 2265 248 2301 γὰρ
261 2267 308 2294 καὶ
327 2267 356 2293 ἐν
381 2266 464 2302 ὀλίγῳ
487 2268 534 2295 καὶ
556 2269 585 2294 ὲν
600 2268 690 2304 πολλῷ
705 2268 735 2295 οὐ
758 2269 839 2304 μόνον

47 2312 87 2346 δὲ,
103 2320 132 2339 κ.
147 2320 174 2339 τ.
188 2311 214 2338 λ.

308 2370 476 2396 ΕΡΩἹἮΣΙΣ
495 2370 561 2396 ΣΠΓ
570 2391 578 2398 .

51 2447 81 2473 Τί
93 2447 189 2474 ἑστι-ι
204 2446 260 2474 Τοῦ
269 2446 444 2482 ὁρισθέντος
458 2447 528 2475 Υιοῦ
541 2448 615 2475 Θεοῦ
629 2448 663 2474 ἐν
675 2448 810 2484 δυνάμει.
827 2459 836 2475 ι

892 2271 990 2294 ςωιρτθ
995 2286 1001 2293 .

891 2367 1056 2401 ρυλεδτιο
1419 2366 1569 2399 CCXCVII,
1599 2366 1680 2394 Taur.

1194 2404 1383 2438 οριχλχιιι.

893 2449 966 2482 Quid
985 2449 1056 2476 istud
1071 2449 1202 2489 signiﬁcet
1221 2458 1228 2476 :
1246 2459 1255 2475 ι
1273 2449 1463 2483 Manifestatus
1476 2454 1514 2476 est
1532 2448 1619 2476 Filius
1634 2449 1682 2476 Dei

1183 2493 1211 2512 ιη
1234 2490 1371 2519 putestale.
1391 2495 1400 2510 ι

414 2538 488 2564 Edita
502 2545 516 2563 a
532 2539 595 2564 Maio
612 2539 642 2571 (ι.
658 2546 671 2564 c
692 2546 716 2570 p.
732 2540 822 2571 nam.
838 2540 905 2572 295).
921 2552 953 2557 —
969 2540 1117 2572 Explanallo
1133 2540 1158 2566 in
1175 2541 1244 2565 Rom.
1258 2548 1275 2570 i,
1292 2540 1314 2565 4.

83 2580 139 2608 Τοῦ
154 2581 195 2612 εἰς
206 2580 307 2616 γνῶσιν
322 2580 457 2615 ἐλθόντος,
474 2581 521 2608 τοῦ
542 2582 758 2616 ἑπιγνωσθέντος
772 2585 838 2619 ἡμῖν

50 2627 96 2654 καὶ
115 2626 320 2663 φανερωθέντος
337 2627 402 2654 Υἱοῦ
417 2627 486 2654 Θεοῦ
496 2636 504 2643 ο
516 2628 600 2655 πόθεν
609 2628 637 2655 δὲ
651 2629 837 2664 γνωσθέντοςς

50 2675 93 2702 διὰ
105 2675 161 2702 τῶν
181 2675 341 2711 προφητῶν,
360 2675 405 2702 διὰ
419 2675 474 2702 τῶν
492 2677 702 2711 ὲπιδειχθέντων
718 2678 839 2713 σημείων

53 2722 96 2748 ut
108 2721 261 2756 δυνάμεων,
276 2721 320 2748 διὰ
335 2721 383 2748 τοῦ
403 2722 565 2757 ἁγιαστικοῦ
581 2722 665 2750 αὐτοῦ
680 2723 839 2758 Πνεύματος

53 2768 65 2793 ὃ
78 2767 201 2803 παρέσχε
213 2768 271 2799 τοίς
287 2767 328 2800 είς
347 2767 430 2796 αὐτὸν
448 2768 633 2804 πιστεύουσιν,
645 2769 678 2797 δι’
692 2769 777 2805 αὐτῆς
793 2770 840 2797 αὺ-

70 2862 79 2876 “
89 2862 151 2889 Act.
166 2870 240 2893 XXVI,
251 2862 295 2890 29.

925 2583 1130 2617 Manifestatus,
1147 2584 1175 2612 id
1186 2588 1239 2616 est,
1252 2584 1332 2611 nobis
1347 2583 1374 2611 in
1395 2583 1521 2612 notitiam
1538 2583 1622 2616 venit,
1640 2591 1682 2611 se-

889 2637 942 2664 que
960 2631 1134 2666 perspicuum
1148 2635 1177 2658 et
1190 2631 1344 2658 revelatum
1362 2631 1442 2658 nobis
1453 2630 1588 2658 exhibuit.
1607 2629 1684 2657 Unde

890 2682 981 2705 autem
1008 2677 1043 2705 ad
1057 2677 1269 2705 notit-iam?Per
1296 2678 1454 2713 prophetas,
1479 2684 1530 2713 per
1555 2677 1633 2712 signa
1656 2681 1684 2705 et

890 2723 1023 2751 miracula
1042 2731 1103 2758 qua:
1121 2723 1148 2751 in
1177 2723 1266 2752 lucem
1290 2724 1461 2760 prodierunt,
1485 2731 1535 2759 per
1556 2728 1683 2751 sanctum

893 2770 953 2805 ejus
970 2768 1103 2805 Spiritum
1124 2777 1206 2804 quem
1222 2770 1337 2798 immisit
1353 2771 1393 2799 eis
1407 2771 1453 2806 qui
1469 2770 1496 2798 in
1508 2777 1570 2798 eum
1589 2769 1685 2798 crede-
