1874 3070
750 74 791 87 σε’-

198 123 267 157 1115

768 123 901 156 PHOTII
924 123 1176 155 PATRIARCHIE
1194 124 1249 155 (ΖΡ.

1755 121 1822 154 1116

196 182 274 215 bant,
287 184 315 209 et
329 187 377 216 per
389 180 542 209 mirabilem
560 180 632 209 hanc
642 187 658 208 c
672 180 789 209 mortuis
807 180 984 209 resurrectio-

1095 182 1146 217 τῆς
1156 181 1189 207 ἐκ
1205 179 1310 216 νεκρῶν
1324 180 1544 215 παραδοξοτάτης
1559 180 1695 216 ἐγέραεως
1707 188 1715 195 ·
1727 180 1822 206 τούτω

196 236 270 256 nem.
301 227 389 262 Hujus
418 227 500 263 igitur
528 235 611 263 quem
642 227 896 263 praenuntiaverunt
919 235 982 262 pro-

196 275 295 309 phetae,
317 275 376 308 qui,
393 273 531 302 declarata
557 277 701 308 potestate,
725 273 828 301 mundo
851 273 982 307 innotuit,

196 321 388 355 revelatusque
408 324 453 347 est
474 327 490 347 a
514 325 611 347 sancto
629 319 731 355 Spiritu
749 327 832 355 quem
853 320 985 348 credenti-

194 367 246 394 bus
267 367 293 393 in
309 374 339 394 se
355 366 481 401 praebuit,
498 366 545 401 qui
562 366 682 402 denique
696 374 726 394 se
739 374 788 402 per
802 366 983 394 resurrectio-

193 420 254 438 nem
286 420 364 439 suam
396 411 572 439 manifestum
599 413 684 446 dedit,
710 420 761 448 ego
791 421 853 441 sum
876 420 982 441 servus.

193 456 309 485 Etiamsi
333 465 442 491 servus,
459 458 507 485 sed
519 458 601 494 hujus
613 459 710 486 saltem
726 458 772 494 qui
794 467 843 494 per
858 463 934 486 tanta
957 463 984 486 et

193 503 259 530 talia
277 503 435 530 testimonia
456 504 575 531 ostendit
589 511 619 532 se
634 511 695 532 esse
709 504 808 532 Filium
831 504 890 532 Dei.
907 514 916 531 ι
934 505 984 532 Per

191 556 286 584 quem,
304 549 405 584 inquit,
432 550 591 585 accepimus
611 550 728 587 gratiam
751 556 778 578 et
800 551 983 586 apostolalum

192 595 225 622 ad
243 595 423 622 obedicndum
439 595 501 623 ﬁdei
514 596 535 623 ⁵.
552 606 561 622 ι
573 597 690 624 Perinde
703 604 735 624 ac
747 597 905 631 sidixisset,
923 597 983 624 Alia

193 641 276 668 etiam
293 641 452 668 testimonia
468 648 531 670 sunt
547 643 637 675 nobis,
659 650 692 671 ac
707 643 753 670 illa
771 651 832 678 quae
850 650 984 671 memora-

192 686 292 714 vimus.
326 685 415 714 Testis
444 691 486 715 est
512 687 570 722 ipsa
600 692 695 715 nostra
725 688 792 721 vita,
822 688 896 715 hunc
921 695 984 715 vere

193 729 291 758 Filium
304 738 366 759 esse
381 730 447 765 Dei;
462 739 517 766 quo
527 737 606 767 pacto
618 732 629 758 ’Ξ
644 732 702 760 lloc
716 733 821 760 scilicet
833 733 906 768 quod
922 741 985 760 cur-

191 777 279 805 rimus
292 781 320 804 et
336 784 519 812 properamus
539 777 571 805 ad
588 782 683 813 gentes
707 779 826 814 ignotas,
851 787 913 814 qua
934 787 984 807 au-

192 823 272 850 diunt
309 822 504 857 accipiuntque
529 823 718 850 testimonium
748 824 821 852 lidei.
848 824 917 852 Vere
943 829 983 851 te-

193 866 355 894 stimonium
379 870 421 894 est
448 866 549 893 divinae
573 866 807 896 manifestationis
833 868 983 899 hominem,

193 913 289 940 relicta
322 911 412 947 patria
438 910 614 947 familiaque,
647 912 683 940 ad
709 913 828 940 alienam
857 920 982 944 currere,

194 960 277 994 idque
300 958 413 985 minime
437 957 564 985 utilitatis
597 961 625 985 et
647 958 717 986 lucri
742 958 868 994 corporei
889 966 984 992 causa,

194 1004 259 1039 quid
277 1004 339 1032 dico
356 1003 390 1031 de
417 1003 494 1030 luero
518 1007 547 1030 et
566 1003 701 1031 utilitate?
720 1003 776 1031 imo
804 1004 984 1036 laborantem,

192 1049 369 1081 esurientem,
385 1048 570 1080 verberatum,
589 1046 767 1083 ﬁagellatum,
788 1053 985 1084 contemptum,

193 1097 241 1124 sed
257 1095 438 1122 nihilominus
458 1093 546 1121 ofﬁcio
561 1101 613 1121 suo
629 1093 767 1127 functum,
781 1100 807 1122 et
820 1094 903 1122 ﬁdem
918 1102 986 1130 pra:-

193 1141 341 1168 dicantem.
359 1139 526 1167 Esuriebat?
542 1139 591 1166 sed
605 1139 674 1168 alios
697 1140 805 1174 alebat;
825 1145 985 1168 contemne-

193 1188 260 1216 bant
276 1186 359 1214 eum?
383 1186 429 1213 sed
452 1185 551 1213 deinde
573 1186 763 1220 mirabantur;
788 1186 988 1214 verberabant?

195 1235 242 1262 sed
255 1234 281 1262 ei
294 1234 377 1261 ﬁdem
391 1232 572 1265 adhibebant;
588 1233 785 1267 cxpellebant?
799 1233 848 1262 sed
863 1233 987 1268 require-

194 1280 275 1313 bant;
306 1277 503 1314 ﬂagellabant?
526 1279 572 1306 sed
601 1278 721 1306 sudariis
755 1282 783 1306 et
809 1278 989 1306 snccentoriis

194 1326 320 1361 corporis
335 1326 409 1361 ejus.
421 1326 534 1354 vulnera
559 1325 703 1353 sanabant.
723 1324 795 1352 Num
810 1324 894 1360 igitur
912 1324 989 1360 parvi

195 1372 329 1400 momenti
342 1372 396 1400 hoc
411 1372 600 1402 testimonium
627 1377 681 1405 est,
696 1371 824 1407 quodque
845 1371 889 1398 his
908 1375 989 1398 antea

195 1418 278 1446 dictis
292 1419 412 1454 indigeat
429 1424 459 1446 ut
471 1426 523 1446 nos
537 1426 633 1447 omnes
647 1417 878 1446 commonefaciat
889 1416 989 1445 Filium

196 1464 245 1492 Dei
262 1472 324 1492 esse
339 1465 498 1492 Christum?

197 1519 363 1554 QUIESTIO
393 1518 695 1576 εειχὲςῗξξζῶξῧίῆιῆ
716 1516 877 1551 CCXCVIII,
905 1516 988 1545 Taur.
1004 1544 1028 1576 Ο

486 1553 677 1586 ουωωῡςγιι
685 1553 708 1588 ].

200 1615 272 1649 Quid
286 1614 336 1643 hoc
351 1615 386 1642 sit
401 1621 411 1642 :
428 1623 438 1640 ι
455 1613 608 1640 Prohibilus
627 1621 685 1640 sum
699 1620 780 1649 usque
793 1611 879 1639 adhuc
892 1617 922 1638 ιιι
938 1611 991 1639 ali-

375 1657 452 1685 quem
466 1649 584 1683 fructum
598 1649 709 1674 [iubeant
722 1648 789 1683 (81).
801 1657 810 1673 ι

1034 221 1082 251 οὖν
1106 223 1154 250 τοῦ
1181 223 1412 259 προαγγελθέντος
1437 224 1483 252 διὰ
1507 224 1562 251 τῶν
1587 224 1754 260 προφητῶν.
1777 225 1823 251 τοῦ

1034 270 1232 306 γνωρισθέντος
1246 271 1276 297 ἐν
1297 271 1331 306 τῇ
1353 270 1484 304 ἐπιδείξει
1504 271 1555 306 τῆς
1570 271 1714 306 δυνάμεως
1729 271 1823 304 αὑτοῦ,

1033 316 1080 344 τοῦ
1092 316 1293 353 φανερωθέντος
1304 318 1373 344 κατὰ
1384 317 1415 343 τὸ
1431 317 1589 352 ἀγιαστικδν
1601 317 1715 352 Πνεῦμα
1728 317 1743 344 ὃ
1752 326 1823 353 παρ-

1035 363 1100 399 έσχε
1125 364 1181 395 τοῖς
1200 363 1374 390 πιστεύουσιν
1407 363 1448 395 εις
1474 363 1568 396 αὐτὸν,
1584 363 1633 390 τοῦ
1656 363 1826 399 δηλωθέντος

1034 409 1067 437 ἐκ
1090 410 1140 444 τῆς
1164 410 1339 441 ἀναστάσεως
1362 409 1455 443 αὐτοῦ,
1473 410 1570 437 τούτου
1589 410 1648 445 elixi.
1673 409 1826 442 δοῦλος-εἰ

1034 457 1089 493 γὰρ
1102 457 1149 485 καὶ
1163 457 1265 489 δοῦλος,
1286 457 1354 484 ἀλλά
1370 456 1465 484 τούτου
1481 456 1583 490 δοῦλος,
1600 456 1648 483 τοῦ
1669 456 1714 483 διὰ
1729 456 1827 483 τοσού-

1033 513 1088 531 των
1111 505 1159 531 καὶ
1180 503 1347 539 τηλικούτων
1368 503 1526 539 μαρτυριῶν
1551 503 1734 535 πιστωθέντος
1758 503 1828 538 ἡμῖν

1034 551 1075 579 ὅτι
1089 551 1153 583 Υἱός
1165 552 1223 578 ἐστι
1243 550 1291 578 τοῦ
1308 550 1390 578 Θεοῦ·
1405 559 1415 577 ι
1433 551 1472 577 Δι’
1491 547 1532 583 οὗ,
1558 550 1651 585 φησὶν,
1672 550 1721 576 καὶ
1744 551 1827 585 ἡμεῖς

1034 597 1167 633 ἐλάϐομεν
1177 598 1257 633 χάριν
1267 598 1314 624 καὶ
1323 597 1477 632 ἀποστολὴν
1488 598 1528 628 εἰς
1538 597 1662 631 ὑπακοὴν
1671 596 1804 627 πίστεως.
1815 605 1824 621 ι

1034 641 1222 678 οἶον,Ἔχομεν
1236 642 1286 675 τὰς
1304 642 1466 678 μαρτυρίας,
1478 641 1571 676 φησὶν,
1581 642 1627 668 καὶ
1643 641 1673 674 ἐξ
1687 641 1778 668 ἀλλων
1793 640 1828 672 ἃς

1034 689 1147 723 εἴπομεν
1159 697 1165 703 ·
1188 689 1322 725 μαρτυρεῖ
1341 689 1370 716 δὲ
1383 689 1430 716 καὶ
1451 689 1481 715 τὸ
1495 689 1640 724 ἡμέτερον,
1658 688 1722 715 Υίδν
1742 689 1829 715 αὑτὸν

1034 735 1121 771 ἀληθῆ
1134 735 1205 762 εἶναι
1216 735 1283 762 Θεοῦ
1294 743 1302 751 ·
1324 737 1400 763 ποῖον
1414 735 1507 769 τοῦ-τος
1522 736 1553 763 τὸ
1567 736 1676 771 τρέχειν
1688 736 1739 770 μὲν
1751 736 1830 771 ἡμᾶς

1034 782 1082 809 καὶ
1091 781 1303 816 κατεπείγεσοαι
1315 782 1354 813 εἰς
1367 781 1402 808 τὰ
1410 781 1474 817 ἐθνη
1488 782 1507 809 ἃ.
1517 782 1566 809 οὐκ
1580 782 1706 817 ἔγνωμεν
1714 790 1721 797 ·
1732 781 1831 809 ἐκεῖνα

1034 828 1062 854 δὲ
1079 827 1227 855 ὑπακούειν
1241 828 1289 855 καὶ
1311 828 1437 864 δέχεσθαι
1452 829 1498 855 τὸν
1521 829 1600 863 λόγον
1614 829 1665 863 τῆς
1685 828 1808 860 πίστεως
1820 835 1829 843 ⁸

1037 873 1188 909 μαρτύριον
1199 874 1254 910 γὰρ
1262 874 1301 906 ὡς
1313 875 1422 910 ἀληθῶς
1438 874 1599 909 θεοφανείας
1607 875 1688 902 τοῦτο
1696 883 1704 890 ·
1719 875 1831 910 ἄνθρω-

1035 928 1087 947 πον
1099 921 1283 948 καταλιπόντα
1298 921 1416 956 πατρίδα
1434 921 1482 948 καὶ
1496 921 1574 955 γένος
1592 922 1700 957 τρέχειν
1721 921 1765 953 είς
1778 921 1831 948 ἀλ-

1035 967 1156 1004 λοτρίαν,
1172 967 1299 1003 οὐδεμιᾶς
1309 967 1469 1004 ὠφελείας-η
1484 967 1598 1003 κέρδους
1611 968 1692 995 ἕνεκα
1706 976 1832 1003 σωματιο

1037 1014 1102 1042 κοῦ’
1117 1013 1144 1040 τί
1157 1013 1229 1048 λέγω
1244 1013 1356 1049 κέρδους
1368 1013 1415 1040 καὶ
1428 1012 1578 1048 ὠφελεία;;
1595 1013 1662 1040 ἀλλὰ
1675 1013 1830 1045 κοπιῶντα,

1036 1060 1218 1096 λιμώττοντα,
1231 1060 1409 1095 τυπτόμενον,
1422 1059 1631 1095 μαστιζόμενον,
1646 1059 1831 1095 ὑπερορώμε-

1038 1115 1094 1138 νον,
1108 1107 1177 1134 ἀλλὰ
1200 1107 1275 1142 ὅμως
1295 1107 1326 1133 τὸ
1342 1107 1441 1133 οἰκεῖον
1465 1105 1546 1142 ἔργον
1568 1106 1687 1134 ἀνύοντα
1701 1107 1750 1134 καὶ
1779 1107 1832 1143 τὴν

1038 1154 1131 1181 πίστιν
1146 1153 1366 1188 καταγγέλλοντα
1378 1160 1386 1168 ⁸
1403 1152 1568 1189 ἐλίμωττεν;
1584 1153 1652 1180 ἀλλὰ
1669 1153 1717 1181 καὶ
1729 1154 1832 1186 ἄλλους

1039 1200 1170 1235 ἔτρεφεν·
1182 1199 1349 1235 ὑπερεώρων
1369 1199 1462 1233 αὑτόν;
1476 1199 1534 1226 ἀλλ’
1551 1199 1666 1235 ὕστερον
1683 1201 1731 1227 καὶ
1749 1200 1832 1227 ἐθαύ-

1041 1245 1141 1281 μαζον·
1160 1245 1292 1279 ἱτυπτονς
1312 1245 1370 1273 ἀλλ’
1384 1246 1527 1272 ἐπίστευον
1537 1254 1544 1262 ·
1559 1246 1689 1278 ὲδίωκονς
1705 1246 1766 1273 ἀλλ’
1785 1247 1834 1273 ἐπ·

1040 1292 1155 1328 εξήτουν
1164 1301 1172 1308 ·
1187 1291 1352 1326 ἐμάστιζον;
1377 1292 1445 1319 ἀλλά
1455 1293 1500 1320 διὰ
1510 1292 1564 1319 τῶν
1582 1292 1733 1328 σουδαρίων
1746 1293 1833 1320 αὑτοῦ

1041 1340 1088 1367 καὶ
1097 1340 1280 1375 σιμικινῠίων,
1295 1339 1350 1366 τῶν
1367 1339 1532 1375 σωματικῶν
1553 1339 1762 1374 ἀπηλλάσσοντο
1777 1348 1834 1374 μα-

1042 1385 1160 1420 στίγων·
1184 1384 1238 1421 ἆρα
1256 1385 1294 1421 μὴ
1316 1385 1414 1421 μικρὸν
1440 1384 1592 1421 μαρτύριον
1606 1384 1685 1412 τοῦτο
1705 1385 1723 1421 ἢ
1740 1385 1837 1412 ἐνδέον

1041 1432 1095 1459 τῶν
1109 1432 1317 1468 προειρημένων
1329 1452 1338 1466 ,
1362 1433 1403 1464 εἰς
1414 1432 1445 1459 τδ
1466 1431 1617 1467 ἐπιγνῶναι
1637 1431 1745 1464 πάντας
1769 1431 1838 1459 Υῑον

1042 1477 1111 1506 Θεοῦ
1124 1476 1194 1506 εἶναι
1205 1478 1251 1506 τὸν
1261 1478 1398 1513 Χριστόν;

1302 1536 1469 1564 ΕΡΩΤΗΣΙΣ
1488 1536 1573 1565 ΡΠΔ’.

1047 1615 1078 1642 Τί
1092 1614 1158 1641 ἐστι
1166 1621 1172 1628 ·
1180 1621 1189 1639 ‹
1200 1613 1255 1641 Καὶ
1269 1613 1427 1648 ἐκωλύθην
1438 1614 1506 1649 ἄχρι
1518 1615 1572 1642 τοῦ
1584 1614 1684 1650 δεῦρο,
1699 1615 1751 1643 ἵνα
1763 1622 1839 1650 καρ-

1306 1650 1366 1676 πόν
1379 1658 1445 1677 τινα
1460 1650 1542 1685 σχῶ;
1559 1659 1569 1676 ι

523 1706 592 1731 Edita
603 1713 617 1731 α
632 1705 695 1730 Maio
711 1705 740 1736 (l.
757 1712 778 1730 e.
794 1711 820 1736 p.
837 1704 890 1735 “2,
906 1704 960 1735 145,
975 1711 992 1736 q

1087 1718 1117 1723 —
1131 1704 1278 1737 Explanatio
1294 1705 1322 1731 in
1336 1706 1407 1732 Rom.
1424 1713 1442 1738 l,
1459 1706 1497 1731 15.

235 1747 299 1776 Haec
315 1748 411 1781 verba,
427 1747 536 1783 opinor,
552 1748 722 1782 transposila
747 1751 821 1780 sunt,
835 1750 863 1774 et
880 1746 934 1774 illis
949 1746 993 1774 hic

200 1802 308 1828 sensus,
327 1794 386 1822 htec
400 1799 442 1822 est
453 1794 622 1822 mntinuitas
638 1803 645 1821 :
666 1803 675 1819 ι
691 1793 759 1826 Quia
777 1801 849 1828 saepe
862 1791 993 1828 proposui

200 1842 294 1869 venire
313 1840 347 1868 ad
364 1847 414 1868 vos
438 1845 469 1868 ut
491 1840 610 1875 aliquem
632 1840 752 1867 fructum
769 1840 894 1870 habeam,
922 1844 949 1866 et
963 1839 991 1866 in

199 1888 287 1915 vobis.
304 1896 314 1912 ι
333 1885 383 1913 llic
395 1891 486 1913 autem
503 1886 536 1913 ad
551 1893 600 1913 eos
616 1885 776 1918 adveniens,
794 1893 877 1913 causa
894 1885 992 1913 fuisset

200 1940 250 1960 cur
263 1932 391 1967 copiosos
405 1931 515 1967 pietatis
530 1932 634 1960 fruetus
653 1931 767 1959 ferrent.
788 1931 865 1959 Haud
885 1931 990 1963 nescio,

200 1980 300 2014 inquit,
326 1979 406 2006 ﬁdem
434 1986 558 2014 sparsam
583 1985 645 2006 esse
666 1978 737 2006 inter
748 1985 808 2010 vos,
838 1978 886 2006 sed
909 1977 991 2005 etiam

201 2025 271 2052 hanc
281 2024 440 2060 frugiferam
458 2023 516 2051 ﬁeri
531 2024 655 2052 desidero
663 2025 726 2052 etin
741 2024 830 2057 vobis,
843 2028 872 2050 ut
886 2023 992 2052 fructus

200 2078 312 2106 carpere
328 2070 442 2105 possim.
462 2069 559 2098 Vestra
576 2071 648 2097 enim
662 2077 723 2098 mea
737 2069 829 2103 duco;
846 2069 870 2097 si
885 2069 992 2096 videam

201 2117 308 2144 fruetus
330 2116 357 2143 in
373 2116 462 2150 vobis,
495 2116 532 2144 ita
561 2116 685 2149 laetabor,
704 2115 818 2151 perinde
839 2123 871 2143 ac
898 2116 922 2143 si
943 2123 993 2151 ego

200 2163 308 2191 fructus
327 2163 438 2197 l'errem,
462 2163 552 2198 iisque
579 2167 694 2190 ornatus
711 2170 812 2190 essem.
837 2162 884 2190 Sic
907 2162 991 2190 inter-

199 2210 351 2246 pretandus
377 2210 422 2238 hic
450 2210 539 2243 locus,
570 2211 691 2238 admissa
717 2209 883 2237 inversione.
913 2208 991 2236 Tunc

199 2257 273 2284 enim
294 2257 369 2292 leges
392 2263 454 2291 quae
481 2260 635 2291 sequuntur
650 2264 657 2282 :
674 2264 683 2280 ι
700 2256 733 2282 Ει
753 2255 907 2289 prohibitus
927 2262 988 2282 sum

1083 1749 1151 1775 Καθ’
1166 1747 1320 1784 ὑπερϐατὸν
1334 1747 1459 1783 εἰρῆσθαί
1476 1757 1521 1783 μοι
1541 1747 1624 1781 δοκεῖ,
1640 1746 1673 1774 ἶν’
1719 1748 1752 1774 τὸ
1765 1749 1840 1776 κατά

1045 1795 1186 1830 συνέχειαν
1201 1794 1304 1826 οὕτως’
1321 1803 1331 1820 ι
1350 1794 1483 1826 Πολλάκις
1496 1793 1654 1829 προεθέμην
1669 1794 1758 1820 ἐλθεῖν
1768 1796 1841 1829 πρὸς

1044 1842 1128 1877 ὑμᾶς,
1147 1841 1190 1868 ἵνα
1204 1841 1265 1867 τινὰ
1284 1840 1389 1876 καρπὸν
1404 1839 1461 1875 σχῶ
1473 1849 1481 1856 ·
1500 1841 1547 1867 καὶ
1563 1840 1618 1876 γὰρ
1637 1840 1653 1875 ἡ
1669 1840 1767 1867 τούτου
1784 1850 1840 1868 πα·

1046 1887 1141 1924 ρουσία
1154 1889 1264 1919 πάντως
1281 1887 1380 1917 αὐτοὺς
1393 1888 1579 1922 καρποφορεῖν
1593 1888 1723 1921 ἐποίησεν
1735 1887 1771 1914 ἂν
1787 1888 1841 1923 τὴν

1043 1934 1200 1961 εὐσέϐειαν·
1226 1933 1257 1960 τὸ
1275 1932 1304 1960 δέ
1318 1932 1435 1968 καρπὸν,
1451 1930 1520 1965 οἶδα,
1539 1933 1633 1968 φησὶν,
1654 1934 1694 1960 ὅτι
1711 1935 1727 1969 ἡ
1741 1933 1839 1966 πίστις

1042 1980 1106 2015 ὑμῖν
1122 1979 1301 2013 ἐνέσπαρται,
1323 1978 1393 2007 ἀλλὰ
1415 1979 1462 2006 καὶ¹
1477 1979 1584 2014 καρπὸν
1608 1980 1684 2014 σχεῖν
1706 1980 1840 2015 ἐπιθυμῶ

1041 2026 1106 2063 παρ’
1120 2026 1197 2062 ὑμῶν
1214 2026 1258 2053 ἴνα
1284 2025 1391 2061 καρπὸν
1408 2025 1464 2061 σχῶ
1476 2033 1484 2040 ”
1500 2025 1534 2052 τά
1555 2025 1610 2061 γάρ
1625 2026 1760 2061 ὑμέτερα,
1781 2027 1840 2062 ὲμὶ

1041 2072 1183 2108 λογίζομαι
1195 2081 1202 2088 ·
1220 2073 1253 2099 ἂν
1277 2072 1323 2100 οὖν
1343 2072 1390 2099 ῐδω
1407 2071 1515 2108 καρπὸν
1535 2073 1564 2098 ὲν
1576 2073 1653 2108 ὑμῖν,
1676 2071 1767 2105 οὕτως
1791 2073 1839 2100 εύ-

1042 2119 1236 2155 φρανοήσομαι
1251 2119 1289 2151 ὼς
1303 2118 1384 2151 αὐτὸς
1398 2118 1455 2154 ἐγὼ
1466 2118 1511 2146 τὸν
1525 2119 1632 2154 καρπὸν
1646 2119 1727 2154 ἔχων,
1744 2120 1794 2146 καὶ
1808 2122 1839 2147 ἐν

1042 2165 1133 2201 τούτῳ
1148 2165 1242 2201 κομῶν
1254 2174 1262 2181 ·
1279 2165 1352 2192 οὕτω
1367 2165 1418 2201 μὲν
1431 2165 1486 2202 γὰρ
1505 2165 1530 2191 εί
1545 2165 1606 2192 καθ’
1626 2165 1781 2201 ὑπερϐατόν
1795 2175 1839 2199 τις

1043 2211 1155 2238 ἐκλάϐοι
1182 2211 1214 2238 ἰδ
1234 2211 1351 2247 χωρίον·
1377 2211 1455 2238 ἔσται
1473 2211 1529 2247 γὰρ
1554 2211 1585 2238 τδ
1606 2211 1727 2246 ἐφεξῆς·
1750 2221 1761 2238 ‹
1781 2213 1838 2240 Καὶ

1042 2257 1183 2292 ἐκωλύθην
1195 2256 1259 2292 ἄχρι
1273 2256 1321 2283 τοῦ
1334 2256 1429 2291 δεῦρο·
1450 2266 1460 2283 ι
1469 2257 1494 2283 εί
1504 2257 1532 2284 δὲ
1544 2257 1582 2292 μὴ
1592 2256 1654 2283 καθ’
1667 2257 1836 2293 ὑπερϐατὸν,

200 2309 287 2337 usque
302 2302 394 2329 adhuc
404 2302 425 2328 ⁸.
445 2311 455 2328 ι
482 2300 635 2336 Repudiata
656 2306 747 2328 autem
768 2301 934 2334 inversione,
951 2301 991 2328 sic

1083 2311 1113 2330 τω
1120 2302 1229 2338 νοηθείη
1238 2303 1270 2330 ἄν
1281 2310 1288 2317 ·
1297 2303 1468 2337 Ἐκωλύθην
1482 2302 1552 2338 ἄχρι
1561 2302 1616 2330 τοῦ
1626 2302 1725 2336 δεῦρο,
1733 2303 1786 2330 ἀνα
1790 2304 1838 2338 μὲ-

200 2349 257 2376 fere
278 2348 487 2384 intelligendum
514 2356 521 2374 :
540 2347 694 2374 Prohibitus
719 2355 871 2384 tantusque
895 2347 994 2380 adhuc,

199 2399 364 2430 exspectans
383 2394 471 2422 donec
494 2393 557 2421 ﬁdei
584 2393 690 2422 fructus
715 2394 742 2421 in
768 2394 845 2422 vobis
863 2394 994 2423 viderem.

200 2441 346 2474 Quomodo
371 2440 455 2476 igitur
482 2441 601 2469 fructum
632 2441 769 2469 feremus?
795 2442 862 2475 Quae
891 2442 995 2470 utilitas

201 2488 335 2514 adventus
356 2487 415 2514 tui?
432 2487 491 2514 lmo
506 2494 570 2514 vero
592 2487 695 2521 multa;
713 2495 766 2515 non
784 2489 869 2522 enim,
894 2489 993 2524 inquit,

201 2540 299 2560 onnics
319 2532 438 2566 fructus,
461 2537 489 2561 at
513 2533 623 2569 quidam
649 2535 745 2562 saltem
769 2536 885 2570 neglecti
908 2540 990 2569 sunt;

201 2587 275 2606 nunc
295 2579 376 2607 venio
395 2583 434 2612 ut,
447 2579 505 2615 jam
523 2580 623 2613 seduli,
647 2588 696 2616 per
713 2589 757 2609 me
771 2582 860 2617 parati
875 2581 936 2610 sitis
958 2583 992 2610 ad

203 2625 325 2660 reliquos
350 2624 457 2654 fructus
479 2626 619 2655 ferendos.
638 2626 745 2655 Etenim
772 2633 802 2655 ut
827 2636 992 2663 supervaca-

202 2678 284 2698 neum
313 2674 355 2699 est
381 2670 489 2701 fructus
510 2673 626 2701 eximios
651 2673 777 2702 edentem
793 2674 925 2707 excitare,
953 2673 994 2702 sic

244 2762 344 2792 'Rom.
361 2772 379 2799 l,
395 2764 423 2792 5.
461 2764 471 2780 ⁸
483 2763 564 2792 Rom.
584 2764 660 2797 ι,15.

1045 2358 1099 2376 νων
1120 2348 1229 2385 καρπὸν
1253 2349 1303 2384 τῆς
1318 2348 1438 2380 πίστεως
1453 2350 1482 2375 ἐν
1504 2349 1570 2385 ὑμῖν
1588 2349 1668 2375 ἰδεῖν·
1681 2349 1710 2375 τί
1738 2349 1786 2376 οὖν
1804 2349 1838 2376 ἄν

1043 2396 1090 2423 καὶ
1101 2394 1341 2431 καρποφορῶμεν;
1359 2394 1401 2426 τίς
1422 2395 1502 2431 χρεία
1517 2395 1568 2431 τῆς
1588 2394 1640 2430 σῆς
1659 2395 1836 2430 παρουσίας;

1044 2441 1130 2478 πολλὴ
1145 2441 1196 2477 μὶν
1208 2439 1255 2468 οὖν
1264 2449 1271 2456 ·
1284 2441 1315 2468 οὐ
1328 2441 1383 2477 γὰρ
1399 2441 1487 2468 πάντα
1500 2440 1547 2468 τὸν
1558 2441 1666 2476 καρπόν
1679 2449 1766 2477 φησιν
1780 2441 1839 2468 ἀνέ-

1044 2496 1136 2523 μενον,
1156 2487 1225 2514 ἀλλά
1241 2487 1303 2514 τινὰ
1319 2487 1426 2523 καρπόν
1437 2496 1445 2503 ο
1460 2487 1504 2515 ἵνα
1521 2488 1662 2523 πρόθυμον
1684 2488 1768 2520 αὐτὸς
1783 2496 1838 2515 πα-

1048 2536 1211 2571 ρασκευάσω
1224 2535 1272 2562 καὶ
1284 2535 1339 2562 τῶν
1351 2535 1480 2562 λείποντα
1495 2535 1590 2572 φέρειν
1605 2535 1712 2572 καρπόν
1724 2544 1730 2549 ·
1742 2535 1839 2570 ὥσπερ

1047 2582 1102 2617 γὰρ
1132 2581 1258 2619 περιττὸν
1281 2581 1312 2608 τὸ
1335 2581 1381 2608 τὸν
1406 2581 1518 2613 τελείως
1537 2581 1769 2618 καρποφοροῦντα
1797 2581 1839 2607 δι-

1045 2628 1168 2661 δάσκειν,
1185 2627 1257 2655 οὕτω
1272 2627 1413 2660 παντελῶς
1429 2628 1558 2655 ἐπίπονον
1578 2627 1625 2654 καὶ
1642 2627 1782 2663 μοχθηρὸν
1793 2627 1840 2654 τὸν

1050 2673 1173 2709 μηδόλως
1187 2674 1227 2707 εἰς
1243 2674 1398 2711 εὐκαρπίαν
1415 2673 1566 2711 εὔχρηστον
1580 2673 1619 2708 τῷ
1636 2674 1687 2709 τῆς
1710 2673 1842 2701 διδασκα-

959 2805 1076 2840 ΝΟΤΕ,

242 2868 298 2903 (8|)
312 2869 383 2898 Idem
395 2869 473 2898 Pauli
490 2873 580 2898 textus
596 2877 624 2905 q.
638 2868 697 2897 XCI
710 2868 865 2904 exponitur.
