1874 3070
52 135 125 168 1117

389 134 440 164 AD
461 131 759 163 AMPHILOCHIUM
778 131 952 168 QUIESTIO
972 129 1367 165 CCLXXXIV'CCLXXXVI

1631 126 1701 162 1118

53 191 119 223 λεας
131 190 242 226 ἀρότρῳ
253 189 451 226 ἐξεργάζεσθαι
470 188 519 216 καὶ
535 188 668 224 ἀροτριᾷν
678 197 685 204 ·
698 189 723 214 εὶ
735 188 788 224 γὰρ
806 197 839 215 κα

946 187 986 215 Ilti
1000 192 1028 215 et
1040 187 1159 222 improbi
1178 186 1282 214 laboris
1298 191 1340 214 est
1355 192 1420 213 arva
1440 184 1566 220 frugibus
1588 185 1703 213 minime

53 238 164 274 κλητοὶ,
178 237 238 264 ἀλλ’
253 234 300 263 οὖν
316 236 395 272 χρεία
410 235 458 262 καὶ
474 235 526 270 τῆς
548 234 652 266 οίκείας
666 234 856 270 προαιρέσεως

52 285 103 311 καὶ
124 283 263 319 σπουδῆς·
283 292 294 310 ‹
317 283 395 310 Ἐπεὶ
414 282 462 309 καὶ
485 281 580 309 πολλοὶ
597 281 704 317 κλητοὶ,
727 281 813 316 ὀλίγοι
825 280 855 308 δὲ

53 329 194 357 ἐκλεκτοί.
212 339 221 356 ι

319 438 486 465 ΕΡΩΤΗΣΙΣ
513 437 598 464 ΣΠΕ’.

56 519 90 546 Ti
103 520 172 558 ἐσμ
183 526 190 533 ·
208 527 219 545 ι
227 518 405 550 Δικαιοσύνη
413 518 469 552 γὰρ
481 518 556 545 Θεοῦ
568 517 604 544 ὲν
614 517 694 550 αὐτῷ
700 517 856 545 ἀποκαλύ-

368 561 473 580 πτεται
482 562 492 586 ;
507 563 517 579 ι

919 240 983 271 apta
1009 238 1104 263 aratro
1121 235 1255 262 doctrinae
1269 238 1376 261 vertere
1387 238 1416 261 et
1428 234 1565 266 subigere.
1581 233 1611 262 Si
1629 234 1703 262 enim

907 281 999 309 vocati
1022 279 1103 313 estis,
1121 285 1150 307 at
1163 279 1244 307 vobis
1264 286 1334 315 opus
1350 283 1393 306 est
1411 279 1522 314 propria
1540 284 1630 308 vestra
1647 280 1705 308 ele-

906 325 1010 358 ctione,
1027 325 1147 360 propriis
1163 323 1273 358 studiis,
1293 333 1306 350 ι
1318 323 1396 352 Multi
1421 324 1495 352 enim
1520 329 1585 352 sunt
1602 325 1704 359 vocati,

907 371 989 407 pauci
1000 378 1067 398 vero
1084 370 1163 398 electi
1172 370 1195 398 ⁸.
1211 379 1222 397 ι

911 437 1078 472 QUIESTIo
1106 436 1272 466 CCLXXXV’
1301 436 1413 472 [ᾱρίςιη
1437 436 1584 471 ccxmx,
1620 437 1704 464 Taur.

1192 471 1426 508 CCLXXXVIII].

937 520 1010 554 Quid
1023 521 1059 549 sit
1074 528 1084 549 :
1102 519 1240 547 (‘Justitia
1258 519 1329 546 enim
1344 518 1393 546 Dei
1409 519 1438 545 in
1455 526 1485 546 eo
1500 518 1647 546 revelatur?
1666 528 1676 544 ι

384 610 455 635 lidtta
470 616 484 635 a
499 609 562 635 Maio
578 609 606 641 (ι.
623 617 645 635 c.
662 616 687 642 p.
705 610 758 641 145,
774 609 830 639 Hi,
845 616 871 640 q.
887 609 954 640 295).
964 623 996 628 —
1011 608 1158 640 Explanatio
1173 607 1201 632 in
1215 606 1288 632 Rom.
1301 611 1319 636 ι,
1335 605 1374 630 17.

93 655 259 690 Δικαιοσύνη
275 655 329 690 γὰρ
341 654 420 687 Θεοῦ,
434 655 587 688 τουτέστιν,
607 657 624 690 ἡ
635 655 792 690 δικαιοσύνη
809 654 857 682 τοῦ

55 702 129 728 Θεοῦ
141 703 170 729 ὲν
179 702 217 737 τῷ
229 701 388 737 Εὐαγγελίῳ
398 701 482 729 αὐτοῦ
497 701 724 729 ἀποκαλύπτεται
739 702 787 729 καὶ
805 710 857 735 φα-

56 747 188 783 νεροῦται
199 755 206 762 ·
225 747 284 778 πῶς
298 746 345 773 καὶ
359 746 419 773 τίνα
430 746 547 782 τρόπον;
564 748 596 773 ἐκ
614 747 733 779 πίστεως
747 747 797 781 μὲν
810 746 857 773 τοῦ

944 653 1054 682 Iustitia
1074 653 1147 681 enim
1167 652 1226 686 Dei,
1243 652 1270 679 id
1282 656 1335 684 est,
1353 650 1461 687 justitia
1476 650 1523 678 Dei
1537 650 1565 677 in
1581 649 1706 684 Evange-

910 700 947 727 lio
964 707 1016 727 suo
1040 699 1163 727 revelata
1187 703 1215 726 et
1239 702 1353 726 retecta.
1377 696 1542 730 Quomodo?
1561 696 1674 723 Proﬁuit
1690 703 1706 722 e

910 747 963 775 ﬁde
983 746 1186 782 proselytorum
1204 745 1320 780 justitize
1345 743 1443 772 divinae
1466 742 1653 770 manifestatio
1675 748 1703 770 et
1731 738 1736 742 ”

58 793 232 829 προσιόντος,
246 793 295 828 τὴν
310 792 397 828 ἀρχὴν
413 792 591 828 λαμϐάνουσα
612 794 663 828 τῆς
675 793 839 829 φανερώσεω

946 792 1052 826 relatio,
1076 798 1229 826 rursusque
1242 790 1349 825 justitia
1372 789 1516 816 credentes
1530 788 1658 823 propellit
1678 791 1707 815 et

58 840 107 867 καὶ
125 839 321 875 ἀποκαλύψεως
332 848 338 854 ·
359 840 400 872 είς
419 840 511 867 πίστιν
527 840 556 867 δὲ
573 840 731 875 προάγουσα
749 840 797 867 καὶ
812 849 858 867 τε·

57 886 174 912 λειοῦσα
188 885 233 912 τὸν
251 885 472 918 πεπιστευκότα,
488 886 622 920 εἱλικρινῆ
646 886 693 912 καὶ
709 886 857 922 ἀκέραιον

57 931 110 967 οὐχ
125 932 159 966 ἣν
167 931 260 966 τέχναι
274 931 483 967 συγκροτοῦσιν,
493 931 551 958 ἀλλ’
564 931 599 967 ἣν
613 932 630 966 ἡ
642 931 746 958 ἄνωθεν
759 931 860 966 ἐλλαμ-

38 1007 42 1012 ι
57 977 107 1012 ψις
120 977 289 1013 χαριζομένη
301 977 339 1013 τῷ
355 978 448 1013 μέτρῳ
459 979 578 1013 παρέχει
589 977 641 1012 τῆς
652 978 840 1013 προαιρέσεως
850 985 858 993 ⁸

59 1023 134 1058 αὕτη
142 1023 196 1059 γάρ
209 1024 286 1050 ἐστιν
300 1024 317 1059 ἡ
329 1024 376 1050 τοῦ
391 1024 460 1051 Θεοῦ
479 1024 732 1060 ἀποκαλυπτομένη
752 1024 797 1052 διὰ
811 1023 859 1051 τοῦ

62 1070 232 1104 Εὐαγγελῐου
244 1070 412 1105 δικαιοσύνη,
423 1070 465 1097 ὅτι
477 1071 588 1106 σπέρμα
600 1070 718 1101 πίστεως
731 1070 859 1105 εὑροῦσα,

61 1116 172 1151 καρπὸν
186 1116 337 1152 βλαστῆσαι
354 1117 547 1152 παρεσκεύασε
556 1117 675 1147 πίστεως
686 1125 693 1131 ·
702 1116 759 1142 ἔστι
770 1117 797 1143 δὲ
812 1117 861 1143 καὶ

61 1164 153 1195 ἄλλως
166 1163 313 1190 ὑπολαϐεῖν
331 1163 379 1199 τὴν
389 1163 510 1190 διάνοιαν
520 1164 568 1190 τοῦ
585 1163 669 1199 ῥητοῦ
679 1171 686 1178 ·
696 1164 736 1190 ὅτι
747 1165 775 1190 ὲν
786 1162 861 1198 αὐτῷ

61 1209 103 1244 τῷ
115 1208 271 1236 πιστεύοντι
286 1209 304 1243 ἡ
316 1209 474 1244 δικαιοσύνη
497 1209 545 1236 τοῦ
562 1209 631 1236 Θεοῦ
647 1208 799 1244 καθορᾶται
815 1209 861 1236 καὶ

62 1254 248 1290 γινώσκεται·
265 1255 306 1281 ὄτι
328 1255 432 1290 μικρὰν
455 1255 548 1282 πίστιν
561 1255 749 1291 προαιρέσεως
771 1255 861 1282 λαϐὼν

62 1301 131 1336 παρ’
143 1299 238 1331 αὑτοῦ,
246 1300 311 1335 ὃλην
321 1300 396 1336 αὐτῷ
408 1301 458 1336 τὴν
473 1301 504 1333 εξ
516 1302 712 1337 ἀποκαλύψεως
724 1303 771 1329 καὶ
787 1303 862 1335 θείας

63 1347 193 1382 γνώσεως
212 1346 304 1373 πίστιν
316 1347 470 1382 παρέσχετο
481 1368 488 1381 ,
502 1348 534 1374 ὲκ
554 1348 604 1382 τῆς
616 1348 729 1380 ἀτελοῦς
744 1349 862 1381 πίστεως

63 1394 105 1425 εἰς
134 1392 254 1428 μεγάλην
281 1393 363 1419 αὑτὸν
386 1394 599 1429 χειραγωγήσας
625 1395 672 1421 καὶ
695 1395 863 1430 καταρτίσας

65 1440 184 1471 πίστεως
201 1439 357 1475 τελειότητα
372 1448 379 1456 ·
395 1437 455 1466 εἶτα
465 1439 557 1471 καθὼς
570 1440 726 1476 γέγραπται
738 1450 745 1458 ’
761 1451 770 1467 ι
795 1442 824 1469 '0
833 1442 862 1469 δὲ

912 838 1058 866 conﬁrmat
1073 837 1100 865 in
1113 837 1193 864 ﬁdem
1205 844 1302 872 puram
1322 839 1404 871 atque
1420 835 1607 869 incorruptam
1622 841 1705 869 quam

913 892 967 912 non
986 889 1059 912 artes
1074 883 1206 916 indicant,
1226 883 1273 911 sed
1285 883 1373 918 gratia
1389 881 1484 909 divina
1494 881 1612 915 desuper
1627 880 1707 916 nobis

912 935 1011 965 sponte
1033 936 1083 957 sua
1101 927 1209 956 tribuit.
1233 926 1297 954 Haec
1316 931 1360 954 est
1372 926 1446 954 enim
1463 925 1556 952 divina
1569 925 1615 952 illa
1629 932 1707 952 reve-

912 972 967 1000 lata
1001 979 1050 1008 per
1077 972 1253 1008 Evangelium
1279 971 1406 1007 justitia,
1430 978 1492 1005 quae
1515 970 1624 998 inventa
1645 970 1708 998 ﬁdei

913 1017 1020 1045 semina
1041 1017 1107 1045 fecit
1131 1021 1163 1044 ut
1181 1017 1370 1052 germinarent
1394 1017 1457 1044 lidei
1481 1016 1598 1044 fructus.
1622 1016 1709 1044 Aliter

916 1067 1004 1090 tamen
1020 1062 1105 1097 hujus
1119 1063 1194 1090 verbi
1209 1070 1309 1090 sensus
1327 1062 1442 1098 intelligi
1456 1066 1563 1097 potest,
1579 1063 1615 1089 ita
1633 1062 1708 1090 scili-

914 1113 958 1137 cet
973 1118 980 1136 :
999 1109 1094 1136 Divina
1109 1109 1259 1144 percipitur
1282 1113 1309 1136 et
1322 1109 1494 1144 dignoscitur
1508 1108 1614 1144 justitia
1640 1109 1709 1144 ipsis

914 1155 942 1182 in
972 1155 1148 1183 credentibus
1168 1155 1228 1190 qui,
1261 1159 1408 1190 postquam
1437 1155 1491 1182 Deo
1521 1155 1709 1190 praestiterunt

914 1199 1051 1227 modicam
1080 1208 1113 1227 ex
1141 1201 1283 1228 voluntate
1311 1201 1405 1233 ﬁdem,
1424 1200 1558 1235 integram
1584 1200 1708 1228 vicissim

915 1246 1053 1281 accipiant
1073 1246 1250 1274 revelationis
1269 1250 1296 1274 et
1315 1246 1414 1273 divina:
1432 1246 1555 1274 scientiae
1573 1246 1664 1279 ﬁdem,
1682 1251 1710 1274 ct

915 1297 949 1318 ex
965 1290 1040 1317 inani
1055 1291 1175 1326 quadam
1193 1290 1246 1318 ﬁde
1261 1290 1295 1318 ad
1319 1298 1455 1318 summam
1471 1291 1547 1318 illam
1569 1290 1630 1318 ﬁdei
1646 1298 1710 1325 per-

917 1334 1074 1367 fectionem.
1103 1335 1182 1371 quasi
1212 1343 1294 1362 manu
1325 1336 1460 1370 perducti,
1490 1335 1707 1363 constituuntur.

916 1382 994 1416 Quod
1009 1387 1101 1409 autem
1121 1382 1220 1410 deinde
1238 1382 1371 1417 scriptum
1389 1387 1432 1409 est
1449 1391 1455 1409 :
1472 1391 1481 1408 ι
1497 1381 1593 1409 Justus
1614 1382 1641 1408 in
1657 1381 1710 1409 ﬁde

917 1436 968 1456 sua
998 1429 1072 1457 vivet
1086 1429 1108 1462 °,
1129 1436 1163 1455 nc
1177 1428 1330 1461 existimes,
1357 1428 1458 1463 inquit,
1479 1428 1532 1456 hoc
1555 1436 1658 1455 novum
1682 1432 1710 1455 et

63 1486 169 1517 δίκαιος
179 1485 212 1513 ἐκ
221 1486 341 1517 πίστεως
353 1486 465 1521 ζήσεται
478 1493 485 1500 ·
498 1495 507 1511 ι
528 1486 566 1521 μὴ
592 1475 704 1523 νομίσῃς
732 1487 771 1520 δὲ,
788 1496 839 1522 φηο

946 1483 1016 1504 :cens
1030 1483 1102 1504 esse.
1118 1475 1176 1504 Hoc
1192 1475 1356 1511 jampridem
1381 1475 1454 1503 enim
1470 1475 1630 1510 prophetica
1644 1482 1711 1502 voce

67 1530 162 1557 καινὸν
178 1530 225 1557 καὶ
237 1529 394 1565 πρόσφατον
407 1538 414 1544 ·
447 1529 526 1556 τοῦτο
551 1532 712 1566 προφητικῇ
727 1533 803 1567 φωνῇ
815 1532 862 1559 τοῦ

72 1576 232 1611 ’Δὸσακοὺμ
246 1576 350 1604 ἄνωθεν
363 1576 635 1611 προανακηρύττεται
646 1585 653 1592 ·
666 1578 732 1613 ποία
754 1578 842 1615 ταύτῃ
854 1588 861 1611 ;

68 1632 79 1649 ι
90 1623 120 1650 '0
132 1623 163 1650 δὲ
175 1622 276 1654 δίκαιος
284 1624 316 1650 ἐκ
328 1622 446 1654 πίστεως
460 1623 583 1657 ζήσεται¹
601 1632 610 1649 ι
624 1624 773 1658 τουτέστιν,
788 1626 805 1661 ἡ
815 1626 862 1652 τοῦ

65 1669 172 1696 δικαίου
187 1669 235 1696 καὶ
243 1669 388 1696 σπουδαίου
402 1670 470 1704 ζωή”
477 1669 582 1697 δίκαιον
596 1670 651 1706 γὰρ
659 1671 705 1697 τὸν
715 1672 804 1698 πᾶσαν
814 1672 863 1707 τὴν

66 1716 168 1751 ἀρετὴν
182 1714 394 1751 κατορθώσαντα
420 1715 467 1742 νῦν
493 1715 566 1750 λέγει
579 1724 586 1731 ·
604 1716 701 1743 τούτου
718 1717 788 1752 οἶ)νή
805 1718 862 1753 ζωὴ

67 1761 160 1787 πίστει
176 1761 235 1787 ἐστὶ
247 1761 438 1796 περατουμένη
454 1761 501 1788 καὶ
519 1762 700 1797 συμπεριλαμ
707 1763 843 1799 6ανομένη
853 1772 861 1778 ·

67 1807 183 1842 ἄρχεται
203 1807 252 1841 μὲν
262 1807 315 1842 γὰρ
328 1807 383 1834 ἀπὸ
397 1807 447 1842 τῆς
462 1808 534 1835 κατὰ
551 1808 710 1844 προαίρεσιν
722 1809 840 1841 πίστεως
853 1818 861 1826 ο

67 1853 181 1887 τελευτᾷ
199 1852 227 1879 δὲ
246 1853 294 1880 καὶ¹
316 1853 539 1887 ἁποπερατοῦται
564 1855 605 1886 εἰς
618 1855 669 1889 τὴν
692 1856 762 1881 κατὰ
787 1855 864 1883 θείαν

66 1899 241 1933 ἀποκάλυψιν
254 1899 348 1926 πίστιν
359 1907 366 1915 ο
381 1900 420 1926 διδ
431 1901 474 1926 ἀεὶ
491 1900 505 1926 ὀ
516 1900 621 1931 δίκαιος
634 1900 667 1927 ὲκ
681 1900 799 1933 πίστεως
812 1902 862 1936 ζῆο

66 1945 99 1972 τό
114 1945 144 1972 δὲ
162 1945 290 1980 ζήσεται,
308 1945 350 1972 ὃτι
366 1946 415 1972 οὐκ
432 1945 513 1980 ἔζησε
527 1946 731 1981 μὲν,παύσεται
744 1947 783 1980 δὲ,
797 1947 864 1975 ἀλλὰ

67 1991 118 2018 καὶ
146 1991 231 2018 εἰσέτι
247 1991 374 2027 ζήσεται,
398 1992 435 2023 ὡς
457 1992 504 2018 καὶ
526 1992 659 2028 πρότερον
675 1993 760 2028 ζήσας
773 2001 780 2009 ·
796 1994 864 2029 ὅπερ

67 2035 129 2063 ἴσον
139 2037 191 2072 τῷ,
206 2037 250 2064 ἀεὶ
262 2037 295 2072 ζῇ
309 2039 340 2064 ἐκ
354 2038 471 2069 πίστεως
487 2046 495 2055 ⁸
511 2038 541 2065 τὺ
555 2038 583 2065 δὲ
597 2038 864 2072 ζήσεται,ἀντὶτοῦ,

67 2082 113 2109 διὰ
135 2081 236 2114 παντὸς
250 2083 280 2108 ὲν
293 2082 363 2118 αὐτῇ
376 2082 452 2109 ἔσται
473 2083 521 2109 καὶ
535 2084 747 2119 στηριχθήσεται
761 2091 768 2099 ·
795 2083 865 2111 ὥστε

69 2127 140 2165 μηδὲ
150 2128 201 2164 ζῇν
216 2128 354 2164 αῑρετσθαι
369 2129 455 2164 χωρὶς
464 2129 561 2164 αὐτῆς,
574 2129 641 2165 μηδὲ
651 2131 791 2158 ἀναπνεῖν.

327 2183 495 2211 ΕΡΩῚῊΣΙΣ
508 2184 599 2218 Σιιςι.

71 2263 105 2291 Τί
117 2262 184 2290 ἐστι
201 2263 233 2290 τὸ
244 2261 326 2296 παρὰ
342 2261 382 2294 τῷ
403 2262 571 2298 Ἀποστόλῳ
584 2263 741 2298 ειρημένον
752 2272 760 2281 ·
779 2273 788 2291 ι
806 2266 867 2292 Πα-

227 2297 338 2332 ράδοτε
350 2298 445 2325 αὑτὸν
465 2297 504 2331 τῷ
519 2297 659 2333 Eata-rc?)
679 2309 689 2326 ι

920 1521 1049 1550 Habacuc
1077 1522 1277 1557 proclamatum
1305 1526 1359 1549 est.
1387 1521 1549 1555 Quomodo?
1574 1530 1584 1547 ι
1612 1521 1709 1549 Justus

919 1573 1010 1601 autem
1026 1568 1053 1595 in
1068 1568 1121 1595 ﬁde
1144 1576 1194 1595 sua
1210 1567 1316 1594 vivet".
1334 1577 1344 1593 ›
1365 1566 1423 1596 Hoc.
1439 1567 1490 1595 viri
1504 1567 1582 1602 probi
1603 1571 1631 1595 et
1641 1567 1709 1602 justi

913 1613 1000 1641 vitam
1018 1614 1165 1649 signiﬁcat.
1192 1612 1287 1641 Justus
1304 1613 1377 1640 enim
1393 1617 1523 1640 censetur
1545 1612 1593 1648 qui
1614 1613 1708 1640 omnia

913 1666 976 1686 cum
990 1659 1090 1686 virtute
1105 1659 1185 1694 gerit.
1200 1658 1275 1686 lllius
1288 1666 1354 1693 ergo
1369 1659 1424 1686 vita
1443 1659 1471 1685 in
1485 1658 1537 1685 ﬁde
1555 1665 1605 1686 sua
1629 1658 1710 1693 quasi

914 1704 1112 1739 comprehensa
1129 1708 1156 1731 et
1174 1704 1268 1731 clausa
1281 1707 1334 1736 est,
1352 1707 1379 1730 ct
1398 1711 1414 1730 a
1432 1704 1485 1731 ﬁde
1500 1704 1657 1730 voluntaria
1671 1703 1710 1731 in-

914 1749 991 1783 cipit.
1012 1747 1185 1775 Postremum
1212 1755 1276 1774 vero
1298 1747 1331 1774 ad
1358 1747 1437 1773 ﬁdem
1459 1754 1475 1774 e
1498 1746 1590 1773 divina
1620 1751 1708 1773 ortam

914 1794 1082 1821 revolatione
1102 1793 1237 1828 pervenit.
1258 1792 1443 1825 Quamobrem
1465 1792 1595 1820 continuo
1617 1792 1710 1827 justus

915 1839 942 1867 in
960 1840 1013 1867 ﬁde
1029 1848 1077 1867 sua
1093 1839 1179 1873 vivit;
1200 1839 1333 1874 scriptum
1357 1842 1410 1871 est,
1426 1838 1508 1871 vivet,
1533 1838 1560 1865 id
1581 1842 1632 1870 est,
1653 1838 1709 1865 vita

912 1886 969 1921 jam
992 1886 1092 1918 caruit,
1114 1885 1181 1913 vita:
1203 1884 1266 1912 ﬁnis
1292 1885 1357 1918 erit;
1373 1889 1400 1912 at
1414 1884 1543 1918 deinceps
1563 1884 1710 1911 reviviscet

915 1934 945 1958 ut
961 1931 1038 1966 prius
1068 1930 1182 1963 vixerit;
1205 1937 1323 1964 quorum
1343 1936 1442 1956 sensus
1462 1929 1534 1956 idem
1563 1932 1606 1955 est
1627 1932 1710 1963 atque

916 1977 962 2005 ille
977 1977 1025 2004 :in
1041 1976 1094 2004 ﬁde
1107 1983 1158 2004 sua
1175 1977 1306 2004 continuo
1324 1975 1402 2008 vivit,
1420 1975 1473 2002 hoc
1489 1979 1580 2001 autem
1595 1974 1707 2001 verbum

915 2026 981 2052 vivet
995 2024 1108 2060 ponitur
1118 2031 1168 2060 pro
1182 2033 1189 2051 :
1205 2024 1233 2051 in
1249 2024 1295 2051 illa
1311 2028 1442 2058 perpetuo
1455 2022 1508 2050 erit
1520 2026 1548 2050 et
1562 2021 1710 2050 conﬁrma-

915 2071 1007 2105 bitur;
1026 2069 1065 2098 ita
1087 2074 1118 2098 ut
1143 2069 1204 2098 sine
1228 2069 1275 2098 illa
1297 2076 1349 2097 nec
1368 2069 1472 2103 vivere,
1496 2075 1548 2096 nec
1570 2067 1709 2103 respirare

916 2117 1016 2153 possit.

952 2182 1120 2218 QUJESTIO
1143 2182 1321 2224 cetxsxvt
1352 2181 1458 2245 [σοῖσι.
1485 2180 1564 2215 ccc,
1589 2179 1674 2208 Taur.

1207 2217 1350 2246 oeLxxx
1364 2217 1409 2254 x1.

1231 2217 1409 2246 CLXXXIX].

917 2266 976 2300 Quo
994 2270 1093 2302 spectet
1113 2265 1162 2293 hoc
1179 2263 1428 2327 Aptgtt‘tzltlinwve‘rbrm
1441 2271 1451 2291 :
1469 2272 1478 2289 ι
1495 2262 1604 2290 Tradite
1632 2260 1710 2289 illum

365 2357 437 2383 Edita
454 2365 468 2383 a
483 2357 546 2383 Maio
560 2358 589 2389 (1.
607 2365 629 2384 c.
646 2365 670 2390 p.
685 2359 738 2390 144,
754 2366 778 2391 q.
791 2360 860 2392 296).
871 2360 976 2392 -Quid
987 2360 1021 2385 sit
1033 2359 1133 2384 tradere
1149 2359 1254 2388 Satanae,
1267 2357 1277 2382 ι
1294 2357 1349 2382 Cor.
1362 2363 1386 2386 ν,
1399 2355 1422 2381 5.

107 2398 209 2425 Ὅτιτὸ
219 2398 385 2434 παραδοῦναι
396 2399 478 2426 αὑτὸν
485 2400 525 2436 τῷ
535 2401 642 2437 Σατανᾷ
650 2401 714 2437 περὶ
721 2400 768 2428 τοῦ
779 2402 870 2437 ἡμαρ-

69 2445 188 2480 τηκότος
209 2443 355 2480 Κορινθίου
380 2444 419 2481 τῷ
433 2445 570 2481 θεσπεσίῳ
585 2446 683 2482 Παύλῳ
710 2446 867 2482 εἰρημένον,

71 2493 141 2524 ἔστι,
158 2490 237 2526 φησι,
250 2491 351 2524 ἐξῶσαι
367 2492 449 2518 αὐτὸν
459 2491 508 2527 τῆς
517 2492 680 2528 Ἑκκλησίας
690 2500 698 2508 ·
712 2493 736 2519 οἱ
747 2492 802 2528 γὰρ
816 2491 871 2519 τῶν

78 2537 251 2572 Ἐκκλησιῶν
276 2537 478 2573 ἐξωθούμενοι,
495 2537 548 2572 ἔξω
561 2540 610 2575 τῆς
632 2539 706 2571 θείας
732 2539 870 2574 γινόμενοι

72 2582 257 2619 κηδεμονίας,
287 2583 341 2610 ὑπὸ
369 2584 418 2620 τὴν
448 2584 546 2621 βουλὴν
574 2585 621 2612 καὶ
638 2585 686 2621 τὴν
711 2585 870 2612 δυναστείαν

71 2630 206 2656 πίπτουσι
228 2630 278 2666 τὴν
308 2630 433 2657 ἐκείνου·
459 2631 550 2664 καλῶς
566 2631 596 2658 δὲ
621 2631 746 2667 ἐπήγαγε
757 2631 804 2657 καὶ
821 2630 868 2657 τό·

75 2688 85 2704 ι
97 2678 144 2709 Εἰς
154 2676 265 2712 ὄλεθρον
272 2678 321 2713 τῆς
331 2679 460 2714 σαρκὸς,ι
472 2680 579 2712 δεικνὺς
587 2680 627 2707 ὅτι
636 2679 696 2706 οὐδὲ
705 2679 782 2706 τοῦτο
792 2679 871 2713 ἀφει-

72 2724 117 2760 δίᾳ
132 2724 207 2750 ποιεῖ
218 2724 265 2750 καὶ
281 2724 366 2758 μίσει,
379 2726 436 2753 ἀλλ’
448 2727 491 2754 ἵνα
502 2728 537 2763 τῇ
551 2727 634 2762 πείρᾳ
646 2727 756 2761 γνόντες
771 2725 801 2751 τὸ
813 2725 871 2751 διά-

73 2779 169 2806 φορον,
195 2769 265 2805 πρὸς
290 2772 474 2808 μεταμέλειαν
503 2773 651 2800 νεύσωσιν·
677 2771 748 2798 οὕτω
770 2779 800 2797 τε
819 2770 870 2804 τῆς

117 2863 236 2891 “Matth.
249 2871 296 2897 xx,
312 2863 356 2890 tﬁ.
395 2863 497 2891 “Rom.
518 2872 537 2897 I,
553 2863 597 2891 t7.
634 2865 644 2881 ⁷
658 2864 761 2892 Hahae.
781 2871 811 2896 II,
829 2863 839 2889 l

947 2862 1012 2892 Cor.
1029 2869 1055 2896 ν,
1075 2860 1102 2889 5.

953 2401 1012 2430 Hoc
1023 2401 1149 2434 verbum,
1167 2409 1176 2426 ι
1191 2398 1303 2426 Tradite
1317 2398 1394 2424 illum
1404 2397 1523 2431 Satanae,
1537 2405 1547 2422 ι
1558 2396 1631 2432 quod
1645 2404 1710 2432 pro-

919 2451 980 2484 pter
994 2447 1130 2476 Corinthii
1150 2449 1291 2481 peccatum
1306 2444 1387 2472 divus
1407 2443 1492 2471 edidit
1504 2442 1617 2476 Paulus,
1638 2443 1711 2472 idem

919 2500 962 2523 est
982 2501 1016 2522 ac
1038 2494 1062 2522 si
1085 2491 1334 2527 dixisset:Ejicite
1349 2490 1424 2517 illum
1453 2497 1487 2517 ex
1504 2489 1642 2521 Ecclesia;
1662 2489 1710 2524 qui

919 2540 994 2569 enim
1013 2540 1121 2576 expulsi
1149 2543 1215 2567 sunt
1237 2545 1271 2566 ex
1290 2536 1414 2565 Ecclesia
1437 2540 1465 2564 et
1485 2536 1564 2571 ejecti
1579 2543 1595 2563 e
1618 2536 1711 2564 divina

921 2590 1080 2614 sanctorum
1101 2584 1243 2616 atﬁnitate,
1266 2581 1382 2609 arbitrio
1406 2585 1433 2608 et
1455 2580 1584 2616 potestati
1601 2580 1711 2609 Satame

918 2632 1134 2667 permittuntur;
1166 2633 1194 2657 et
1215 2628 1318 2664 optime
1349 2626 1448 2662 adjecit
1464 2635 1470 2654 :
1489 2625 1543 2653 (1η
1570 2626 1710 2654 ihteritum

919 2677 1011 2705 carnis
1023 2677 1052 2710 ';
1069 2685 1079 2702 ›
1098 2675 1247 2703 Ostendens
1271 2673 1307 2700 ita
1324 2679 1354 2700 se
1368 2671 1482 2699 minime
1500 2670 1669 2699 crudelitatis
1683 2676 1712 2700 et

919 2722 974 2751 odii
989 2728 1073 2750 causa
1082 2721 1108 2748 id
1117 2720 1220 2752 facere,
1231 2717 1279 2747 sed
1288 2715 1452 2752 utexemplo
1467 2716 1552 2750 docti,
1574 2722 1708 2752 quantum

920 2771 1065 2798 interesset
1081 2768 1166 2796 Deum
1183 2768 1253 2796 inter
1264 2773 1296 2795 ac
1312 2765 1456 2798 Satanam,
1471 2763 1504 2793 ad
1520 2764 1709 2800 pmnitentiam

1139 2861 1150 2878 ⁹
1162 2859 1227 2888 ibid.
