1886 3071
186 125 256 158 1119

733 128 865 158 ΡΗΟΤῙΙ
885 128 1138 160 PATRIARCH/E
1163 131 1218 160 ΕΡ,

1750 131 1818 165 1120

185 189 352 221 spectarent,
368 189 448 220 atque
466 185 502 212 ita
518 193 549 212 ex
569 190 704 221 potestate
717 186 819 214 diaboli
834 189 937 223 egressi
950 192 975 216 et

1062 189 1187 221 ναστείας
1202 189 1249 215 τοῦ
1257 188 1379 216 διαϐόλου
1397 189 1449 221 ἔξω
1464 189 1602 225 γινόμενοι
1616 191 1649 226 τῇ
1663 189 1712 217 τοῦ
1730 191 1820 226 κρείτ-

185 231 291 259 meliori
309 231 441 259 electione
457 230 539 264 facta,
555 230 678 258 futuram
700 231 816 259 salutem
836 239 977 260 mereren-

188 282 252 304 tur:
272 276 344 304 unde
360 279 387 304 et
403 276 504 311 adjecit
518 286 524 304 :
543 285 553 303 (
569 276 606 304 Ut
621 277 734 312 spiritus
744 278 835 305 salvus
843 278 879 306 sit
891 278 918 305 in
933 278 977 306 die

186 322 293 350 Domini
310 322 398 350 nostri
413 321 479 349 Jesu
493 321 612 350 Christi.
629 331 638 347 ι

349 417 514 452 QUAESTIO
534 418 726 446 cccxxxvn
739 419 805 455 (se).

186 465 256 498 Quid
271 465 319 492 hoc
335 466 421 492 valeat
437 473 446 492 :
462 474 472 490 ‹
484 465 517 492 1η
533 465 611 500 finem
637 474 684 500 pro
707 474 738 492 ea
755 474 813 500 qua:
834 466 976 494 haeredita-

426 506 478 527 tem
494 501 662 535 consequitur
675 501 706 528 '°.
724 512 733 526 ι

1026 241 1103 265 τονος
1123 234 1295 269 αἱρέσει,τῆς
1322 235 1460 270 σωτηρίας
1478 235 1578 267 αὐτοὺς
1598 236 1648 270 τῆς
1670 235 1820 271 μελλούσης

1027 281 1239 315 καταστήσωσιν
1253 280 1346 313 ἀξίους
1361 289 1369 296 ·
1384 281 1445 308 ὅθεν
1456 282 1503 308 καὶ
1518 282 1670 317 ἐπήγαγεν·
1689 291 1699 308 ι
1716 282 1778 309 Ἵνα
1791 284 1819 309 τὺ

1027 327 1137 362 πνεῦμα
1152 327 1227 363 σωθῇ
1240 329 1269 355 ὲν
1283 329 1317 364 τῇ
1332 328 1424 364 ἡμέρᾳ
1447 328 1492 355 τοῦ
1509 329 1614 364 Κυρίου
1629 329 1709 364 ἡμῶν
1730 328 1817 364 Ἰησοῦ

1025 374 1154 410 Χριστοῦ.
1177 384 1185 400 ι

1292 420 1459 448 ΕΡΩΤΗΣΙΣ
1470 421 1552 448 ΣΠΖ¹.

1034 469 1064 496 Τί
1089 469 1189 495 ἐστιν·
1221 478 1230 495 ι
1247 469 1300 502 Εἰς
1321 468 1354 495 τὸ
1383 467 1471 511 τέλος
1496 468 1572 502 ὑπὲρ
1594 468 1648 502 τῆς
1671 470 1819 503 κληρονο-

1339 511 1460 538 μουσης
1466 511 1475 535 ;
1492 512 1502 529 ι

262 558 333 584 Edita
344 565 357 583 a
371 559 432 583 Maio
450 558 478 589 (l.
491 565 513 583 c.
525 565 549 589 p.
563 558 617 589 144,
634 559 689 589 Hii,
703 566 727 590 q.
739 558 806 588 297).
822 573 854 578 —
865 559 928 590 Quid
943 559 990 585 sibl
1008 561 1061 584 vult
1078 560 1103 585 in
1119 559 1281 592 inscriptione
1294 560 1446 586 Psalmorum
1459 561 1537 587 illud:
1551 569 1560 585 ι
1576 562 1603 587 In
1619 562 1693 588 linem
1703 562 1717 587 Τ
1732 571 1741 587 ι

220 601 285 628 Tria
307 601 385 628 nobis
398 601 449 628 hac
463 600 497 627 de
509 601 661 635 quaestione
682 601 870 637 investiganda
886 606 951 629 sunt
968 611 975 629 :

185 646 252 680 Quae
266 646 372 674 haeres?
388 646 466 680 Quod
480 646 700 681 patrimonium?
720 646 752 673 Et
766 647 877 682 quando
892 647 977 675 luere-

185 693 275 721 ditas?
289 692 382 720 Haarcs
402 696 444 720 est
458 691 593 724 Ecclesia,
616 696 643 720 et
664 693 738 720 illius
752 694 911 728 plenitudo;
928 701 977 729 pa-

186 740 345 768 trimonium
363 739 437 775 quod
455 746 511 766 non
528 739 596 767 vidit
607 739 716 772 oculus,
736 747 787 767 nec
803 741 880 768 auris
896 741 976 768 audi-

1062 603 1132 638 Τρία
1148 604 1215 637 ἡμῖν
1229 602 1283 630 ἀπὸ
1301 602 1351 638 τῆς
1365 604 1522 639 ἐπιγραφῆς
1548 604 1695 640 ζητήματα
1717 605 1815 633 ἀνακύ-

1026 657 1089 674 πτει
1103 656 1111 665 ’
1126 648 1168 679 τίς
1182 648 1199 682 ὴ
1216 647 1434 684 κληρονομοῦσα,
1446 649 1487 681 τίς
1499 649 1513 676 ὀ
1532 649 1643 685 κλῆρος,
1661 651 1710 677 καὶ
1726 651 1793 678 πότε
1805 653 1821 687 ἡ

1025 694 1194 730 κληρονομία
1206 701 1213 709 ⁸
1238 694 1446 730 κληρονομοῦσα
1461 695 1511 730 μέν
1530 695 1604 722 ἐστιν
1630 695 1647 730 ἡ
1668 695 1821 731 Ἐκκλησία

1026 742 1073 768 καὶ
1091 741 1121 768 τὺ
1136 741 1274 777 πλήρωμα
1299 741 1397 776 αὐτῆς·
1415 740 1515 776 κλῆρος
1527 740 1555 767 δὲ
1572 740 1591 767 ἃ
1609 741 1751 776 ὀφθαλμὸς
1773 738 1821 769 ei)"

185 786 235 818 vit,
256 790 284 814 et
296 793 444 821 quousque
470 793 519 812 cor
541 785 663 813 hominis
689 793 745 813 non
772 786 897 822 erigitur,
921 786 975 814 hoc

1062 789 1080 813 ἰε
1091 807 1099 819 ,
1114 788 1161 814 καὶ
1171 786 1218 819 οὓς
1231 787 1282 814 οὐκ
1296 787 1409 822 ἢκουσε,
1420 788 1468 814 καὶ
1479 787 1525 813 ἐπὶ
1542 787 1657 822 καρδίαν
1672 787 1822 823 ἀνθρώπου

186 833 245 868 ipse
271 831 368 860 forsan
400 831 503 859 revelat
526 831 643 859 dicens:
660 831 693 858 In
721 832 810 866 ﬁnem,
833 833 908 868 quod
935 837 975 860 est

1062 842 1077 860 κ
1091 833 1174 867 ἀνέϐη
1189 841 1197 848 ·
1211 833 1242 859 τὸ
1253 832 1282 859 δὲ
1296 832 1360 859 πότε
1372 852 1380 865 ,
1392 833 1474 865 αὐτὸς
1483 833 1616 868 ἐδήλωσεν
1630 832 1725 865 εἰπὼν,
1740 834 1782 866 είς
1794 835 1823 860 τὸ

186 877 310 905 futurum
325 884 426 910 aevum,
442 884 496 904 non
508 881 600 904 autem
615 883 752 912 praesens;
765 886 815 905 Clll'
828 886 878 906 nos
892 879 977 906 haere-

185 926 235 952 des
249 924 392 952 inscribit?
405 923 540 956 Quoniam
554 924 625 951 illius
643 924 713 952 Deus
727 925 875 960 adoptavit.
888 922 978 959 Quos-

186 972 271 999 nam?
286 971 397 1006 Dignos.
413 971 465 1004 Qui
482 974 574 998 autem
588 970 680 1006 digni?
695 970 748 1004 Qui
766 971 896 1000 mandata
916 979 977 1000 ser-

187 1023 262 1044 vant.
276 1017 314 1045 De
325 1016 371 1044 illa
383 1017 489 1045 haerede
501 1016 603 1044 Paulus
616 1017 686 1044 dixit
701 1025 708 1044 :
725 1026 734 1043 ι
750 1016 889 1052 Despondi
905 1017 978 1045 enim

186 1071 236 1091 vos
252 1063 298 1090 uni
312 1063 371 1090 viro
383 1063 515 1098 virginem
531 1067 635 1091 castam
649 1063 780 1091 exhibere
793 1062 905 1091 Christo
918 1062 951 1090 “.
967 1072 976 1089 ι

187 1108 221 1136 Et
241 1107 362 1136 Joannes
385 1108 452 1136 dicit
469 1117 476 1136 :
495 1117 504 1134 ι
523 1108 575 1141 Qui
598 1108 680 1136 habet
701 1115 840 1143 sponsam.
860 1115 978 1144 sponsus

185 1159 227 1182 est
239 1155 278 1187 ¹²;
295 1163 304 1181 ι
322 1154 370 1183 sed
389 1154 435 1182 hic
453 1162 583 1189 sponsus,
604 1160 665 1190 post
679 1162 780 1189 paucos
792 1155 862 1186 dies,
877 1155 979 1182 amoris

185 1202 240 1228 vim
267 1201 398 1236 dispellit,
422 1204 515 1228 noster
537 1205 629 1228 autem
653 1207 772 1235 sponsus
800 1208 909 1235 semper
927 1207 979 1228 nos

187 1252 271 1281 amat,
292 1254 402 1282 semper
425 1246 563 1281 protendit
585 1253 718 1274 amorem.
737 1245 814 1279 Quod
834 1246 979 1273 conﬁrmat

187 1293 307 1321 Joannes
336 1300 467 1328 sponsum
495 1292 572 1319 illum
602 1292 760 1327 appellans;
789 1298 978 1327 sponsumque

187 1347 241 1366 non
256 1339 304 1374 qui
329 1342 436 1366 tantum
459 1338 602 1366 desideriis
618 1338 732 1370 ferveat,
757 1338 804 1366 sed
826 1338 911 1365 etiam
929 1338 977 1373 qui

186 1385 252 1413 velit
270 1393 367 1413 omnes
390 1392 450 1412 esse
467 1393 553 1412 unum
569 1392 670 1420 corpus
695 1389 723 1412 et
741 1392 822 1412 unam
843 1384 975 1418 animam,

192 1436 223 1458 ut
245 1436 341 1459 nostra
363 1431 474 1459 virtutis
495 1436 522 1459 et
548 1433 651 1459 amoris
668 1431 726 1466 lege
741 1436 904 1466 praeceptum
924 1436 975 1458 est.

1028 878 1118 910 τέλος·
1130 878 1200 914 ὅπερ
1215 878 1291 905 ἐστὶν
1302 879 1316 905 ό
1329 877 1447 913 μέλλων,
1464 878 1522 906 ἀλλ’
1535 878 1606 914 ούχό
1624 877 1722 914 παρὼν
1735 878 1804 906 αἰών
1816 888 1821 894 ·

1027 923 1097 950 διατι
1120 923 1148 949 δὲ
1166 923 1353 959 κληρονόμους
1368 924 1442 959 ἡμᾶς
1463 923 1615 959 ὲγγράφει;
1633 923 1676 951 ὅτι
1699 924 1824 959 υἱοποιή-

1029 979 1095 997 σατο
1106 978 1114 986 ο
1129 970 1205 1002 τίνας
1221 970 1269 1004 δέ;
1286 970 1348 1002 τοὺς
1362 970 1454 1004 ἀξίους
1471 977 1478 984 ·
1493 969 1563 1002 ἄξιοι
1577 970 1605 998 δὲ
1620 971 1712 1004 τίνες;
1729 972 1754 998 οἱ
1769 971 1823 998 τῶν

1028 1016 1142 1043 ἐντολῶν
1168 1016 1303 1051 φύλακες·
1321 1017 1386 1053 περὶ
1410 1016 1512 1052 ταύτης
1525 1017 1575 1052 τῆς
1596 1017 1823 1053 κληρονομούσης

1029 1062 1077 1089 καὶ
1092 1063 1106 1088 ὀ
1120 1061 1224 1094 Παῦλος
1239 1062 1333 1097 ἔλεγεν
1344 1070 1352 1077 ·
1370 1071 1380 1088 ε
1404 1062 1585 1098 Ἦρμοσάμην
1599 1063 1665 1098 ὑμῖν
1684 1063 1823 1099 παρθένον

1028 1106 1114 1142 ἁγνὴν
1131 1106 1172 1133 ἑνὶ
1185 1106 1262 1142 ἀνδρὶ
1286 1106 1459 1143 παραστῆσαι
1483 1107 1523 1143 τῷ
1550 1108 1678 1143 Χριστῷ-
1710 1118 1720 1134 ›
1745 1109 1818 1135 καὶὸ

1035 1152 1162 1188 Ἰωάννης
1182 1153 1281 1188 φησιν’
1314 1162 1324 1179 t
1351 1154 1380 1180 Ὀ
1400 1153 1471 1189 ἔχων
1497 1153 1546 1189 τὴν
1569 1153 1680 1189 νύμφην
1705 1155 1821 1190 νυμφξος

1029 1198 1112 1225 ιστίν·
1127 1207 1137 1224 ι
1150 1198 1208 1225 ἀλλ’
1220 1200 1234 1225 ό
1247 1199 1296 1234 μὲν
1306 1199 1423 1227 ἐνταῦθα
1435 1196 1550 1235 νῦμφίος
1563 1200 1632 1235 μετὰ
1643 1201 1692 1232 τὰς
1707 1201 1821 1236 πρώτας

1029 1244 1135 1279 ἡμέρας
1162 1244 1292 1272 καταλύει
1307 1245 1338 1272 τὸ
1354 1246 1470 1281 σφοδρὸν
1484 1245 1532 1273 τοῦ
1546 1246 1647 1282 ἓρωτος
1658 1265 1666 1278 ,
1677 1248 1691 1273 ό
1707 1246 1736 1273 δὲ
1753 1247 1820 1283 ἠμέ-

1027 1298 1106 1326 τερος
1127 1290 1242 1326 νυμφίος
1268 1290 1344 1326 μένει
1369 1291 1501 1327 διηνεκῶς
1524 1291 1641 1326 ἀγαπῶν
1662 1292 1757 1327 ἡμᾶς,
1775 1293 1820 1319 καὶ

1028 1337 1172 1364 ἐπιτείνων
1200 1337 1246 1364 τὸν
1269 1337 1370 1364 πόθον·
1400 1338 1469 1374 ὅπερ
1509 1338 1598 1374 δηλῶν
1628 1339 1642 1365 ό
1679 1339 1819 1374 Ἰωάννης,

1027 1384 1143 1418 νυμφίον
1161 1384 1242 1411 αὐτὸν
1257 1385 1402 1412 ὲπικάλει·
1415 1385 1458 1411 ὃτι
1479 1385 1651 1421 ἀκμάζοντες
1663 1386 1689 1412 οῐ
1718 1385 1798 1412 πόθοι
1811 1393 1818 1399 ⁸

1027 1429 1056 1455 ού
1074 1429 1118 1456 διὰ
1132 1429 1211 1456 τοῦτο
1226 1430 1254 1456 δὲ
1269 1430 1350 1464 μόνον
1362 1431 1489 1465 νυμφίος,
1505 1431 1574 1458 ἀλλὰ
1589 1431 1638 1458 καὶ
1659 1431 1701 1458 ὅτι
1716 1432 1820 1462 πάντας

190 1476 222 1503 Et
237 1476 470 1511 quemadmodum
484 1484 585 1512 sponsa
604 1477 697 1504 omnia
712 1476 779 1504 facit
794 1481 823 1504 ut
845 1477 904 1504 viro
919 1476 975 1511 pla-

1076 1475 1155 1510 σῶμα
1166 1473 1234 1502 εἶναι
1253 1475 1377 1510 βούλεται
1392 1477 1440 1503 καὶ
1455 1476 1521 1511 μίαν
1533 1476 1622 1512 ψυχὴν
1632 1477 1704 1504 κατά
1715 1477 1761 1504 τὸν
1773 1477 1822 1512 τῆς

188 1526 259 1555 ceat,
280 1522 321 1550 sic
342 1530 394 1550 nos
415 1530 523 1557 semper
542 1522 569 1550 in
595 1522 646 1550 hac
660 1522 716 1549 vita
731 1522 799 1550 tales
823 1529 884 1550 esse
901 1522 979 1550 debe~

189 1575 263 1601 mus,
283 1567 373 1603 qualis
393 1575 494 1602 sponsa
516 1567 546 1594 in
570 1567 623 1594 hac
637 1567 693 1601 die,
715 1575 779 1595 cum
809 1567 836 1594 in
858 1567 978 1595 thalamo

190 1613 278 1647 sedet,
300 1614 352 1641 hoc
366 1621 452 1641 unum
476 1613 603 1646 sollicita,
627 1614 767 1649 quomodo
780 1614 840 1641 viro
860 1614 976 1649 placeat.

189 1660 276 1696 Cujus
298 1667 407 1695 sponsae
437 1660 542 1688 scilicet
564 1660 650 1689 David
672 1661 836 1689 recordatur
858 1662 952 1689 dicens
970 1670 976 1689 :

191 1715 201 1731 ι
217 1705 312 1733 Astitit
328 1705 423 1741 regina
444 1713 460 1733 ει
485 1706 589 1734 dextris
602 1706 624 1722 ¹³
639 1715 649 1732 ι
683 1711 711 1734 et
734 1711 842 1734 caetera.
869 1706 975 1735 Vestem

189 1752 250 1786 ejus
262 1751 366 1785 vidisti,
379 1751 455 1779 visne
475 1759 586 1787 quoque
595 1752 689 1780 videre
701 1752 761 1788 ejus
776 1753 979 1781 calceamenta?

189 1797 253 1826 Ilaec
269 1798 373 1826 Paulus
391 1798 517 1826 ostendet
532 1798 630 1826 divina:
647 1799 702 1826 dux
724 1806 841 1834 sponsae,
859 1799 954 1827 dicens
970 1809 977 1827 :

193 1854 202 1870 ι
219 1844 252 1871 Et
270 1844 384 1872 calceati
405 1844 488 1880 pedes
508 1844 534 1871 in
550 1844 750 1879 praeparatione
772 1844 910 1880 Evangelii
931 1853 979 1880 pa-

189 1890 271 1918 cis“.
287 1899 298 1916 ι
329 1890 413 1918 Visne
436 1890 536 1918 intueri
557 1894 585 1918 et
609 1898 705 1918 zonam
725 1897 779 1925 qua
804 1891 839 1918 sit
864 1899 979 1919 concors

189 1945 253 1964 cum
273 1937 407 1964 veritate?
433 1947 443 1963 ι
459 1936 603 1964 Praecincti
620 1937 730 1964 lumbos
743 1937 775 1970 "’,
793 1947 802 1962 ι
827 1937 926 1973 inquit,
950 1938 979 1966 in

189 1983 316 2011 veritate.
334 1993 344 2009 ι
358 1982 441 2010 Visne
462 1988 489 2010 et
505 1983 587 2018 pedes
602 1983 713 2011 videre?
727 1983 797 2011 Audi
814 1983 978 2018 Propltetam

189 2029 346 2064 loquentem
370 2037 377 2056 :
404 2028 513 2062 «Quam
539 2029 657 2063 speciosi
683 2029 765 2064 pedes
787 2029 979 2065 evangelizau-

189 2075 257 2102 tium
284 2082 401 2110 pacem,
422 2075 667 2110 evangelilantium
697 2076 769 2102 bona
782 2075 818 2103 "l
836 2085 846 2100 ι
873 2075 905 2102 Ει
929 2076 980 2103 hoc

191 2121 257 2148 mihi
279 2121 451 2148 mirationem
466 2122 587 2156 stupenti
610 2122 709 2150 incutit
723 2122 807 2157 quod,
834 2127 978 2158 postquam

1030 1521 1131 1556 ἀρετῆς
1153 1521 1201 1547 καὶ
1226 1520 1275 1556 τῆς
1294 1521 1405 1556 ἀγάπης
1418 1520 1512 1555 λόγον·
1527 1521 1574 1548 καὶ
1599 1521 1640 1548 ὅτι
1658 1521 1786 1558 καθάπερ
1805 1522 1821 1556 ἡ

1030 1566 1122 1602 νύμφη
1134 1566 1222 1593 πάντα
1237 1568 1311 1594 ποιεῖ
1319 1567 1387 1602 πρὸς
1405 1567 1553 1602 ἀρέσκειαν
1570 1567 1616 1594 τοῦ
1630 1567 1737 1602 ἀνδρὸς,
1752 1568 1821 1594 οὕτω

1030 1613 1077 1640 καὶ
1087 1614 1162 1649 ἡμᾶς
1173 1613 1217 1640 διὰ
1235 1614 1337 1645 παντὸς
1355 1613 1403 1640 τοῦ
1421 1613 1479 1648 βίου
1500 1613 1639 1645 τοιούτους
1663 1611 1736 1640 εἶναι
1758 1614 1820 1649 χρὴ,

1029 1659 1073 1685 οἶα
1083 1659 1100 1694 ἡ
1115 1659 1210 1694 νύμφη
1225 1659 1296 1686 κατὰ
1309 1658 1359 1694 τὴν
1373 1659 1481 1695 ἡμέραν
1497 1658 1606 1694 ἐκείνην
1618 1678 1626 1691 ,
1639 1658 1684 1685 οἶα
1705 1658 1754 1685 ἐπὶ
1769 1659 1821 1684 τῶν

1031 1705 1175 1733 παστάδων
1202 1706 1363 1739 καθέζεται,
1391 1705 1420 1733 ἓν
1453 1705 1614 1742 μεριμνῶσα
1643 1706 1725 1741 μόνον
1748 1705 1822 1737 ὅπως

1031 1751 1118 1786 ἀρέσῃ
1133 1751 1173 1787 τῷ
1191 1751 1318 1787 νυμφίῳ·
1337 1752 1439 1786 ταύτης
1454 1752 1503 1787 τῆς
1517 1751 1628 1787 νύμφης
1645 1752 1693 1778 καὶ
1711 1753 1725 1778 ὁ
1741 1751 1823 1778 Δασὶδ

1032 1797 1168 1832 μέμνηται
1177 1796 1264 1830 λέγων
1276 1805 1284 1814 ³
1303 1806 1312 1823 ι
1325 1797 1476 1832 Παρέστηή
1490 1797 1635 1832 βασίλισσα
1650 1797 1683 1823 ὲκ
1693 1796 1799 1829 δεξιῶν,
1812 1805 1821 1820 ι

1030 1843 1077 1869 καὶ
1092 1841 1172 1878 ἑξῆς·
1183 1842 1238 1875 ίδες
1247 1843 1292 1870 τὸν
1305 1843 1454 1878 ἱματισμόν
1467 1850 1474 1858 ·
1487 1843 1575 1874 θέλεις
1587 1842 1616 1870 δὲ
1630 1842 1730 1869 εἰδέναι
1741 1843 1824 1877 αὐτῆς

1030 1890 1078 1917 καὶ
1090 1889 1125 1916 τὰ
1141 1889 1319 1925 ύποδήματας
1342 1888 1448 1921 Παῦλος
1462 1889 1583 1916 διδάσκει
1605 1890 1620 1916 ό
1639 1890 1825 1925 νυμφαγωγός

1031 1936 1133 1971 λέγων·
1163 1944 1172 1962 1
1197 1936 1410 1970 Ὺποδυσάμενοι
1431 1935 1494 1967 τοὺς
1510 1935 1594 1967 πόδας
1619 1935 1649 1962 ὲν
1679 1935 1825 1971 ἑτοιμασίᾳ

1031 1983 1077 2009 τοῦ
1094 1982 1261 2018 Εύαγγελίου
1273 1983 1322 2017 τῆς
1337 1982 1450 2018 εἰρήνης
1463 1990 1470 1997 ·
1491 1991 1499 2007 ι
1520 1981 1609 2012 θέλεις
1630 1981 1695 2008 ἰδεῖν
1711 1983 1761 2008 καὶ
1778 1981 1826 2016 τὴν

1031 2029 1119 2064 ζώνην
1128 2029 1186 2061 πῶς
1195 2029 1248 2055 ἀπὸ
1254 2028 1383 2064 ἀληθείας
1392 2028 1535 2062 σύγκειται
1545 2036 1552 2060 ;
1565 2037 1574 2053 ι
1591 2027 1825 2063 Περιζωσάμενοι,

1031 2077 1108 2112 φησὶ,
1124 2075 1175 2112 τὴν
1184 2075 1271 2110 όσφῦν
1288 2074 1368 2110 ἡμῶν
1382 2076 1410 2101 ὲν
1423 2074 1539 2110 ἀληθείᾳ
1551 2082 1558 2090 ·
1570 2084 1578 2100 ι
1594 2074 1685 2106 θέλεις
1702 2074 1753 2101 καὶ
1765 2075 1827 2106 τοὺς

1031 2122 1114 2154 πόδας
1131 2122 1215 2153 ίδεῖν;
1232 2122 1333 2148 ’Λκουε
1353 2121 1401 2148 τοῦ
1416 2121 1562 2156 Προφήτου
1583 2120 1727 2155 λέγοντος·
1748 2130 1759 2146 α
1784 2121 1827 2152 Ὧς

190 2167 244 2194 hoc
259 2167 341 2194 modo
361 2174 422 2194 sese
437 2174 556 2202 sponsus
576 2173 712 2201 ornasset,
730 2168 807 2195 venit
823 2175 877 2196 non
899 2176 975 2196 suam

1062 2168 1128 2194 οαϊοι
1153 2167 1178 2193 oi
1194 2167 1275 2198 πόδες
1287 2167 1342 2193 τῶν
1357 2165 1612 2201 εὐαγγελιζομένων
1632 2166 1760 2201 εἰρήνην,
1773 2166 1826 2192 τῶν

188 2217 331 2241 ostentans
347 2213 474 2249 gloriam,
490 2221 524 2241 ne
539 2213 639 2241 eximia
655 2214 859 2249 pulchritudine
871 2216 977 2251 percel—

189 2259 257 2286 leret
269 2266 398 2294 sponsam
413 2263 604 2294 amentemque
619 2259 731 2292 luceret,
745 2259 791 2287 sed
807 2260 881 2288 venit
894 2261 979 2289 vesti-

189 2308 281 2332 mento
311 2304 451 2332 involutus
483 2308 513 2332 ut
540 2305 597 2340 ipsa
624 2311 733 2336 sponsa.
756 2304 822 2338 Quae
850 2313 912 2333 cum
942 2306 978 2334 sit

188 2351 331 2387 sanguinis
356 2355 384 2379 et
412 2350 504 2378 carnis
523 2350 672 2385 particeps,
697 2357 814 2385 sponsus
839 2359 893 2379 non
918 2359 978 2380 eam

187 2405 298 2426 sursum
313 2401 402 2429 vocat,
415 2398 463 2425 sed
480 2397 536 2432 ipsc
552 2397 585 2424 ad
597 2405 657 2424 eam
673 2397 823 2431 descendit,
838 2398 875 2426 ita
891 2399 977 2435 legem

187 2446 337 2474 observans
361 2446 516 2481 sponsalcm
530 2453 591 2480 qua!
613 2446 671 2473 vult
691 2453 823 2481 sponsum
841 2446 874 2474 ad
896 2454 979 2482 spark

187 2499 245 2519 sam
264 2493 314 2519 ire.
330 2491 408 2525 Quod
432 2491 551 2519 ostendit
572 2492 683 2525 Paulus,
705 2492 820 2520 dicens:
839 2501 848 2518 ι
864 2492 978 2528 Propter

190 2535 242 2563 hoc
263 2535 401 2571 relinquet
423 2535 506 2575 homo
527 2541 630 2572 patrem
654 2541 682 2564 et
699 2542 812 2564 matrem
839 2545 929 2570 suam,
951 2542 978 2565 et

188 2583 338 2611 adh-.ercbit
353 2583 444 2610 uxori.
469 2583 678 2611 Sacramentum
696 2584 747 2612 hoc
770 2591 899 2619 magnum
923 2589 975 2618 est,

187 2636 238 2664 ego
253 2634 344 2657 autem
359 2629 423 2657 dico
436 2629 464 2657 in
478 2629 588 2658 Christo
604 2635 631 2658 et
644 2631 669 2657 in
684 2629 807 2658 Ecclesia
821 2631 853 2657 ".
870 2641 879 2657 ι
894 2630 975 2658 Post-

187 2683 269 2710 quam
284 2675 367 2711 igitur
383 2676 545 2704 accessisset
561 2676 594 2704 ad
603 2683 710 2712 sponsa:
725 2677 884 2710 stationem,
898 2685 974 2704 eam-

224 2736 246 2750 ¹⁰
258 2735 329 2764 Psal.
345 2744 371 2770 ν,
386 2735 412 2764 1.
451 2736 472 2752 ¹¹
484 2736 505 2764 ll
517 2736 580 2765 Cor.
599 2744 637 2767 xl.
652 2736 681 2763 2.
721 2736 742 2751 ¹¹
754 2735 833 2765 Joan.
850 2744 891 2771 ιιι,
905 2736 951 2765 29.

1062 2737 1095 2766 al.
1124 2743 1194 2768 μιν,
1219 2736 1259 2764 10.

190 2770 234 2798 Η.
272 2772 294 2787 "
305 2771 384 2800 ilont.
401 2780 429 2806 χ,
446 2771 490 2800 15.
529 2772 550 2788 ’⁷
563 2771 664 2807 Ephes.
680 2780 705 2801 ι’.
723 2771 766 2800 3i.

1030 2211 1282 2247 εὐαγγελιζομένων
1293 2211 1327 2238 τὰ
1343 2211 1434 2246 ἀγαθά
1446 2220 1454 2228 ι
1470 2221 1479 2237 ι
1504 2211 1551 2238 καὶ
1564 2211 1594 2238 τὸ
1609 2212 1641 2246 δὴ
1666 2211 1825 2247 θαυμαστὸν

1028 2259 1076 2286 καὶ
1093 2258 1253 2294 ἐκπλήξεως
1273 2257 1359 2293 γέμον
1372 2258 1413 2284 ὅτι
1428 2258 1476 2284 καὶ
1495 2257 1640 2292 κοσμήσας
1653 2256 1751 2284 τοῦτον
1779 2257 1824 2284 τὸν

1026 2305 1127 2340 τρόπον
1147 2303 1241 2341 ἦλθεν,
1266 2304 1326 2339 οὐχὶ
1352 2304 1402 2339 τὴν
1428 2304 1507 2337 δόξαν
1520 2302 1746 2338 ἐπιδεικνύμενος
1775 2303 1822 2338 τὴν

1028 2351 1136 2384 ἑαυτοῦ,
1149 2352 1192 2380 ἵνα
1206 2352 1242 2387 μὴ
1254 2349 1391 2387 ὑπερϐολὴ
1407 2350 1454 2377 τοῦ
1466 2349 1583 2382 κάλλους
1596 2348 1722 2384 ἐκπλήξῃ
1738 2349 1820 2383 αὐτὴν

1027 2399 1074 2426 καὶ
1088 2398 1252 2434 παράφρονα
1267 2397 1430 2433 ἐργάσηται,
1451 2395 1509 2423 ἀλλ’
1525 2396 1635 2431 ἔρχεται
1651 2395 1763 2430 ἱμάτιον
1774 2403 1821 2420 πε-

1028 2444 1223 2480 ρισεῧλημένος
1238 2440 1294 2470 οἷον
1309 2444 1429 2479 ηνύμφη
1442 2450 1450 2458 '
1469 2442 1623 2478 μετέσχηκε
1634 2440 1688 2476 γὰρ
1706 2440 1822 2473 αἵματος

1027 2490 1074 2517 καὶ
1090 2489 1190 2526 σαρκὸς
1205 2487 1405 2524 παραπλησίως
1414 2488 1482 2523 αὐτῇ
1495 2495 1503 2502 ·
1519 2487 1567 2513 καὶ
1577 2486 1628 2513 οὐκ
1642 2484 1725 2516 αὐτὸς
1738 2484 1823 2519 αὐτὴν

1027 2537 1082 2563 ἀνω
1107 2536 1201 2568 καλεῖ,
1225 2535 1283 2562 ἀλλ’
1307 2535 1387 2567 αὐτὸς
1422 2534 1490 2570 πρὸς
1515 2532 1602 2568 αὐτὴν
1626 2531 1822 2566 παραγίνεται,

1029 2583 1120 2618 τηρῶν
1137 2581 1278 2609 κάνταῦθα
1296 2581 1342 2608 τὸν
1358 2581 1406 2608 τοῦ
1423 2580 1540 2616 νυμφίου
1563 2578 1662 2613 νόμον,
1685 2577 1715 2610 ὃς
1744 2577 1823 2604 αὐτὸν

1030 2628 1091 2662 ἄγει
1110 2628 1178 2662 πρὸς
1198 2627 1248 2663 τὴν
1258 2626 1367 2662 νύμφην
1378 2635 1386 2642 ·
1402 2625 1472 2661 ὅπερ
1493 2625 1542 2652 καὶ
1557 2625 1572 2651 ό
1589 2624 1696 2655 Παῦλος
1710 2623 1804 2658 ἔλεγεν
1816 2631 1822 2638 ⁸

1032 2685 1042 2701 ι
1059 2675 1132 2702 ’Δντὶ
1145 2674 1239 2701 τούτου
1251 2673 1409 2708 καταλείψει
1418 2672 1466 2700 ἄνθ
1471 2680 1563 2708 ρωπος
1569 2671 1615 2698 τὸν
1625 2670 1731 2706 πατέρα
1740 2669 1821 2696 αὐτοῦ

1302 2734 1435 2770 “Ephcs.
1471 2741 1508 2766 vt,
1531 2731 1574 2760 l5.
1614 2731 1635 2747 “‘
1662 2731 1714 2758 lsa.
1735 2737 1821 2762 xuii.

944 2815 1061 2843 ΝΟΤᾹΞ.

224 2865 280 2900 (8‘2)
296 2866 358 2895 “me
371 2865 489 2903 qumstio
507 2865 582 2893 deest
596 2864 623 2892 in
640 2863 721 2892 codd.
735 2864 849 2892 Coislin.
860 2868 886 2892 et
904 2863 1074 2891 Taurinensi.
