1886 3071
87 201 155 234 112i

427 204 479 234 AD
493 203 790 234 AMPHILOCHIUM
809 203 982 240 QUIESTIO
1000 202 1430 234 CCLXXXVlI-CCLXXXIX.

1650 200 1718 247 ius

85 259 136 286 καὶ
148 257 199 294 τὴν
216 256 324 292 μητέρα
339 257 388 284 καὶ
402 258 672 295 προσκολληθήσεται
690 258 758 294 πρὸς
769 258 818 294 τὴν
830 267 881 293 γυ-

962 266 986 285 te
1007 258 1168 291 invenisset,
1192 258 1342 290 sordidam.
1363 257 1547 293 squalentem,
1565 256 1668 285 nudam
1688 263 1718 284 et

85 304 170 330 νατκα
186 303 268 329 αὐτοῦ
282 310 290 318 ·
304 303 334 329 τὺ
363 305 514 340 μυστήριον
532 304 612 331 τοῦτο
630 305 701 339 μέγα
714 304 790 332 ἐστίν
801 313 808 320 ·
825 303 881 337 ἐγὼ

85 350 117 377 δὲ
137 349 209 383 λέγω
221 350 262 381 είς
288 350 405 385 Χριστὸν
422 351 470 378 καὶ
487 351 534 387 τὴν
552 346 717 387 Ἐκκλησίαν
731 359 738 366 ·
761 360 772 377 ι
796 350 882 377 ἐλθὼν

85 397 179 423 τοίνυν
202 397 242 429 είς
267 396 299 423 τὸ
316 389 488 432 καταγώγιον
510 397 606 432 αὐτῆς,
630 397 678 424 καὶ
694 395 782 433 εὑρὼν
795 395 880 431 αὐτὴν

88 443 221 478 ρυπῶσαν
232 463 241 476 ,
268 443 429 478 αὐχμῶσαν,
442 444 561 479 γυμνὴν,
578 443 757 479 πεφυρμένην
771 442 879 478 αἵματι,

86 489 209 520 ἔλουσεν,
245 489 367 524 ἤλειψεν,
386 489 511 524 ἔθρεψεν,
535 490 659 516 ἐνέδυσεν
685 489 804 524 ίμάτιον,
822 486 880 515 οἷον

87 534 236 569 εὑρεθῇναι
250 535 344 570 ἕτερον
358 535 408 561 οὐκ
422 535 472 567 ἔνι,
490 535 570 566 αὐτὸς
585 535 654 570 αὐτῇ
671 535 817 570 γενόμενος
833 543 882 561 πε-

91 581 185 616 ριϐολή
199 589 206 595 ·
221 582 268 608 καὶ
280 581 371 607 λαὸὼν
385 581 471 617 αὐτὴν
481 581 568 613 οὕτως
584 581 681 614 ἀνάγει
696 581 735 613 είς
744 580 791 607 τὸν
803 581 885 615 οὐρα-

91 627 137 653 νόν
152 636 160 643 σ
175 626 277 661 ταύτης
294 627 446 662 συνήγορος
467 628 542 653 ἐστιν
556 628 570 653 ὁ
589 627 731 662 προφήτης
743 634 750 641 ·
766 627 815 653 καὶ
829 627 883 662 γὰρ

90 673 177 699 πολλὰ
192 674 239 699 καὶ
260 673 323 708 περὶ
340 672 386 699 τοῦ
400 672 517 707 νυμφίου
530 673 576 699 καὶ
590 672 656 708 περὶ
670 672 719 706 τῆς
733 680 884 707 νυμφαγωνν

89 721 153 754 γίας
171 721 218 746 καὶ
232 720 296 754 περὶ
309 720 363 746 τῶν
372 719 484 753 ἀγαθῶν
508 718 564 745 τῶν
592 718 790 753 διαδεξαμένων
812 717 897 753 αὐτὴν

931 304 1065 339 sanguine
1082 304 1263 339 inquinatam,
1285 303 1362 336 lavit,
1379 303 1469 335 unxit,
1493 302 1618 334 nutrivit,
1634 304 1719 331 vesti-

933 355 1081 385 mentaque
1098 350 1166 377 texit
1184 350 1230 377 tali
1243 349 1324 384 quale
1339 356 1419 376 nemo
1441 348 1515 376 aliud
1532 347 1622 376 simile
1643 357 1720 383 repe-

933 395 1056 429 rivisset;
1077 395 1135 431 ipse
1158 396 1231 423 enim
1252 395 1303 422 fuit
1322 395 1437 422 amictus
1466 394 1516 427 illi,
1531 399 1559 422 et
1572 399 1718 430 postquam

933 450 993 471 eam
1011 442 1186 478 sumpsisset,
1200 443 1233 470 ad
1248 443 1348 471 ccelum
1366 443 1471 471 eduxit.
1486 442 1590 477 Quibus
1602 443 1719 471 assenti-

933 494 978 517 tnr
991 489 1135 524 propheta,
1154 489 1201 524 qui
1217 489 1302 517 multa
1318 489 1351 518 de
1365 497 1478 525 sponso,
1496 490 1584 525 deque
1603 490 1719 525 nuptiis.

932 535 1022 570 deque
1043 535 1124 564 bonis
1147 536 1274 563 omnibus
1290 543 1352 571 qua:
1369 544 1477 571 sponsae
1491 540 1605 564 ventura
1626 541 1721 564 essent

932 581 1058 617 praedixit
1081 586 1109 609 et
1130 582 1319 616 proclamavit.
1344 580 1527 615 Quamobrem
1550 581 1584 609 de
1608 581 1655 609 illa
1679 582 1721 609 sic

931 626 1056 661 loquitur
1071 635 1080 655 :
1093 627 1163 660 Quid
1180 627 1267 662 poscit
1284 627 1389 654 haeres?
1403 626 1554 655 Audiamus
1567 628 1722 662 responsio-

932 680 995 700 nem
1011 681 1017 700 :
1034 682 1044 699 ι
1063 672 1151 700 Verba
1167 680 1229 700 mea
1246 672 1359 700 auribus
1374 673 1493 707 percipe,
1508 672 1623 701 Domine
1634 672 1684 700 η.)

933 720 1048 753 προεῖπε
1073 720 1120 746 καὶ
1143 719 1373 755 προανεφὼνησε·
1400 719 1444 746 διὰ
1466 719 1497 755 δὴ
1515 719 1594 746 τοῦτο
1609 718 1656 746 καὶ
1677 719 1722 745 ἐν·

88 767 178 793 ταῦοα
195 766 264 802 ὑπὲρ
281 767 365 801 αὐτῆς
381 767 500 792 ποιεῖται
520 765 566 792 τὸν
580 764 675 800 λόγον·
700 764 747 791 καὶ
762 763 789 791 τί
812 765 884 791 αἰτεῖ
901 765 918 801 ὴ
934 765 1158 801 κληρονομοῦσα;
1173 765 1348 800 ’Δκούσωμεν
1374 765 1401 792 τί
1424 774 1490 800 φησι
1502 773 1509 782 ·
1526 774 1536 791 ι
1555 766 1595 792 Τὰ
1611 765 1722 801 ῥήματά

91 821 144 848 μου
161 811 298 845 ἐνώτισαι,
312 813 408 847 Κύριε.
428 821 437 838 ι

339 859 507 886 ΕΡΩΤΗΣΙΣ
529 859 616 885 ΣΠΗ’.

94 937 208 971 «Κύριε.
216 936 258 972 μὴ
269 936 310 970 τῷ
321 935 402 970 θυμῷ
411 944 470 972 σου
479 935 604 970 ἐλέγξῃς
615 935 748 971 μειμηδὲ
757 935 796 971 τῆ
811 935 884 972 ὀργῆ

321 980 379 998 σου
394 971 561 1005 παιδεύσῃς
580 979 627 1004 με.
642 980 652 997 ι

899 863 922 891 Β
971 855 1136 891 QUAESTIO
1159 855 1474 892 cetxxxyinicmz.
1494 854 1582 888 cca],
1600 855 1681 883 Tum.

1272 891 1385 928 coxo];

939 935 1068 963 «Domine
1090 944 1121 963 ne
1139 936 1168 963 in
1187 936 1277 970 furore
1291 941 1454 977 tuo'arguas
1471 944 1524 969 me,
1538 944 1619 972 neque
1633 936 1661 964 in
1681 937 1722 963 ira

1184 977 1232 999 tua
1252 979 1381 1006 comptas
1396 979 1446 999 me.
1465 980 1474 998 ι

441 1029 513 1054 Edita
526 1036 540 1054 a
553 1028 615 1054 Maio
627 1030 655 1061 (l.
667 1037 689 1055 c.
701 1037 726 1061 p.
743 1029 796 1058 H5,
810 1029 865 1059 “6,
877 1036 902 1061 q.
913 1028 980 1060 298).
993 1043 1024 1048 —
1034 1029 1103 1055 Psal.
1115 1036 1150 1060 vr,
1162 1029 1186 1059 1,
1197 1030 1214 1054 2
1227 1036 1234 1060 ;
1247 1036 1348 1060 sumi,
1362 1030 1385 1055 1.

129 1073 216 1100 Ὀταν
230 1072 350 1109 ἀκούσῃς
367 1071 452 1108 θυμὸν
469 1072 515 1099 καὶ
531 1072 617 1108 ὀργὴν
633 1073 677 1099 ἐπὶ
693 1073 772 1106 Θεοῦ,
799 1073 884 1109 μηδὲν

91 1119 263 1155 ἀνθρώπινον
272 1118 444 1153 ὑποπτεύσῃς
456 1126 463 1133 ·
474 1117 703 1152 ωγκαταὸάσεως
712 1119 767 1153 γάρ
778 1119 835 1145 ἐστι
849 1118 884 1145 τὰ

93 1165 206 1200 ῥήματα
219 1171 226 1178 ·
241 1162 290 1189 καὶ
302 1163 355 1198 γὰρ
369 1163 400 1189 τὸ
408 1162 486 1188 Θεῖον
506 1162 635 1189 ἁπάντων
645 1162 818 1196 ἀπήλλακται
829 1164 885 1191 τῶν

93 1209 189 1236 παθῶν
202 1216 210 1224 ’
225 1208 377 1242 διαλέγεται
402 1208 431 1235 δὲ
448 1208 533 1240 οὕτως
554 1207 625 1235 ὥστε
641 1209 816 1244 καθάψασθαι
833 1210 883 1245 τῆς

92 1256 147 1282 τῶν
176 1255 339 1290 παχυτέρων
365 1254 504 1286 διανοίας·
534 1254 597 1281 ἐπεὶ
629 1254 677 1281 καὶ
697 1255 789 1290 ήμεῖς,
820 1256 885 1283 ὅταν

94 1301 245 1337 βαρϐάροις
286 1299 495 1335 διαλεγώμεθα,
527 1301 560 1335 τῇ
596 1300 708 1327 ἐκείνων
756 1300 886 1338 χρώμεθα

94 1347 224 1382 γλώσσῃ·
252 1346 304 1373 κᾶν
330 1345 399 1381 πρὸς
428 1345 535 1372 παιδίον
546 1345 741 1381 φθεγγώμεθα,
763 1347 886 1383 συμψελ-

95 1393 218 1427 λὶζομεν,
228 1391 279 1418 κᾶν
294 1392 426 1427 μυριάκις
438 1387 515 1426 ὦμεν
531 1392 618 1426 σοφοί·
633 1393 720 1425 ἄλλως
735 1402 765 1420 τε
788 1394 816 1420 δὲ
838 1394 886 1421 καὶ

95 1438 210 1473 ὁθυμὸς
234 1439 281 1465 καὶ
311 1438 327 1472 ὴ
355 1438 424 1473 ὀργὴ
451 1438 502 1464 οὐκ
529 1436 559 1470 ἐξ
586 1438 710 1473 ἀνάγκης
728 1439 813 1471 πάθος
831 1439 886 1466 τῶν

96 1484 323 1520 προῦαλλομένων
352 1484 422 1510 αὐτὰ
439 1483 621 1511 ἐνδείκνυται·
641 1486 670 1511 ἐν
698 1485 759 1511 δυσὶ
783 1485 838 1520 γὰρ
854 1485 886 1512 τὸ

97 1530 132 1558 δι’
157 1531 247 1558 αὐτῶν
273 1531 449 1566 ἐγγινόμενον
465 1530 551 1562 πάθος
571 1531 740 1564 συνίσταται,
758 1531 787 1558 ἐν
803 1540 833 1558 τε
847 1531 887 1567 τῷ

99 1577 265 1613 βαλλομένῳ,
289 1577 337 1604 καὶ
361 1577 390 1603 ιν
409 1574 450 1609 οἷς
468 1576 555 1604 ταῦτα
581 1577 735 1612 πλήττοντα
758 1577 886 1613 ἀλγεινὴν

97 1623 219 1651 διάθεσιν
258 1622 466 1658 ἀπεργάζεται·
495 1623 509 1650 ὃ
536 1632 566 1650 τε
588 1624 641 1659 γὰρ
673 1624 843 1660 θυμούμενος
870 1625 887 1661 ἢ

97 1669 275 1705 ὀργιζόμενος
288 1668 437 1695 διατίθεται
454 1677 514 1700 πως
531 1669 602 1696 κατὰ
615 1669 700 1696 ταῦτα
715 1677 722 1684 ·
739 1670 786 1696 καὶ
801 1671 816 1697 ό
842 1670 888 1697 τὸν

975 1071 1109 1099 Furorem
1133 1077 1161 1100 et
1177 1073 1247 1099 iram
1261 1071 1308 1099 Dei
1331 1071 1457 1105 audiens,
1481 1072 1550 1100 nihil
1571 1073 1722 1100 humanum

935 1117 1070 1153 suspicari
1084 1117 1178 1145 debes.
1201 1116 1265 1145 Haec
1285 1118 1358 1145 enim
1380 1123 1446 1145 sunt
1459 1126 1493 1146 ex
1508 1122 1588 1153 pacto
1611 1122 1638 1146 et
1654 1126 1722 1146 con-

935 1168 1018 1192 ventu
1032 1163 1125 1197 verba,
1138 1171 1200 1190 cum
1218 1164 1256 1190 sit
1270 1163 1390 1192 alienum
1409 1171 1424 1190 a
1441 1164 1547 1192 cunctis
1560 1164 1645 1192 animi
1663 1172 1722 1191 mo-

935 1210 1010 1237 tibus
1027 1209 1146 1237 Numen.
1162 1209 1208 1237 Sic
1231 1214 1322 1237 autem
1339 1210 1450 1238 locutus
1472 1214 1516 1238 est
1529 1210 1613 1243 Deus,
1636 1210 1723 1239 utch

936 1255 1022 1283 crassi
1049 1255 1174 1283 homines
1196 1255 1403 1291 intelligerent:
1427 1256 1536 1291 quando
1560 1257 1632 1285 enim
1658 1265 1723 1285 cum

936 1301 1061 1328 barbaris
1078 1301 1261 1336 colloquimur
1284 1309 1379 1330 eorum
1400 1301 1493 1337 lingua
1515 1302 1627 1336 utimur,
1644 1310 1678 1330 ac
1699 1304 1724 1330 si

937 1353 1029 1373 coram
1051 1347 1144 1380 pueris
1166 1347 1250 1374 verba
1265 1346 1393 1380 facimus,
1409 1348 1589 1381 balbutimur,
1610 1349 1663 1376 etsi
1676 1349 1724 1377 dc-

937 1392 993 1419 cies
1011 1391 1112 1419 millies
1137 1392 1218 1427 periti
1239 1400 1374 1420 essemus.
1399 1392 1534 1420 Caeterum
1555 1393 1676 1421 furorem
1697 1399 1725 1421 ct

937 1437 1006 1465 iram
1026 1438 1073 1473 qui
1088 1446 1142 1472 pra:
1163 1446 1193 1466 se
1212 1439 1304 1466 ferunt
1325 1446 1382 1466 non
1395 1439 1498 1467 idcirco
1514 1447 1547 1467 ex
1562 1440 1725 1467 necessitate

937 1483 1080 1511 declarant
1096 1484 1254 1512 interiorem
1273 1484 1358 1511 animi
1383 1489 1498 1512 motum.
1517 1485 1608 1513 Animi
1632 1489 1725 1513 motus

938 1537 953 1558 e
966 1530 1075 1557 duobus
1091 1534 1200 1558 constat
1216 1539 1223 1557 :
1239 1531 1316 1565 prius
1339 1535 1380 1558 est
1394 1531 1468 1566 quod
1483 1531 1618 1566 percellit,
1633 1536 1726 1566 postc-

939 1575 998 1604 rius
1012 1581 1103 1604 autem
1120 1576 1193 1611 quod
1214 1576 1258 1603 illa
1281 1577 1393 1604 molesta
1406 1576 1578 1612 perculsione
1592 1575 1727 1613 centingi-

939 1626 994 1650 tur.
1019 1622 1099 1649 Aliud
1113 1622 1216 1657 patitur
1230 1621 1276 1657 qui
1301 1622 1440 1654 irascitur,
1455 1622 1528 1650 aliud
1548 1622 1596 1658 qui
1618 1622 1665 1650 ira:
1678 1623 1729 1650 oh—

940 1668 1039 1695 noxius
1050 1672 1101 1701 est,
1115 1667 1241 1702 quamvis
1252 1667 1361 1702 utrique
1374 1668 1465 1696 inesse
1474 1668 1578 1703 aliquid
1591 1668 1728 1703 passionis

99 1715 186 1749 θυμὸν
199 1715 246 1741 κα)⁵
254 1714 301 1749 τὴν
308 1714 392 1750 ὀργὴν
408 1714 596 1749 ἐκδεξάμενος,
612 1715 736 1747 κάκεῖνος
750 1716 887 1748 πεπονθὼς

962 1713 1077 1740 ideatur.
1097 1713 1150 1741 Sed
1172 1719 1202 1741 ut
1222 1713 1371 1741 identidem
1396 1714 1520 1742 invenias
1538 1714 1612 1742 hunc
1637 1714 1727 1742 solum

98 1759 207 1795 διετέθη
220 1761 292 1786 κατὰ
305 1760 355 1795 τὴν
366 1760 484 1794 πάθῃσιν
499 1768 506 1776 ·
519 1761 547 1787 ὲν
559 1760 724 1796 ἀμφοτέροις
737 1761 787 1796 μὲν
798 1761 844 1788 οὖν
858 1762 888 1788 τὸ

99 1803 188 1834 πάθος
211 1804 323 1839 ὁρᾶται·
352 1804 410 1831 ἀλλ’
427 1804 522 1840 ὥσπερ
537 1804 610 1832 ἔστιν
623 1805 688 1832 ίδεῖν
707 1805 792 1832 ἐνίοτε
809 1807 889 1841 μόνον

98 1849 146 1875 τὴν
186 1849 404 1884 προὸαλλόμενον
432 1849 479 1876 τὸν
511 1850 596 1886 θυμὸν
632 1851 679 1877 καὶ
717 1850 766 1886 τὴν
804 1851 889 1888 ὀργὴν

99 1895 250 1929 πάσχοντα,
276 1895 345 1931 πρὸς
372 1895 402 1922 ὃν
429 1896 458 1923 δὲ
474 1896 561 1923 ταῦτα
590 1897 710 1932 ἀφίεται,
728 1897 820 1932 ἀπαθῆ
842 1898 890 1925 καὶ

98 1939 279 1967 ἀναλλοίωτον
292 1960 299 1973 ,
315 1940 380 1972 ῐσως
396 1942 541 1977 φιλοσοφίᾳ
558 1942 607 1978 τὴν
624 1942 712 1978 ψυχὴν
722 1942 888 1976 τονώσαντα,

99 1985 149 2012 καὶ
162 1985 279 2020 κρείττω
294 1985 344 2021 τῆς
358 1985 444 2022 ὀργῆς
456 1987 510 2013 τῶν
526 1986 704 2022 θυμουμένων
717 1988 763 2014 καὶ
778 1988 888 2023 ὀργιζο-

101 2031 192 2067 μένων
206 2032 351 2066 γενόμενον
362 2041 369 2048 ·
392 2032 450 2059 ἀλλ’
463 2033 540 2068 ὅμως
559 2033 610 2060 κᾶν
626 2034 657 2060 ἐν
671 2033 778 2070 θατέρῳ
791 2034 821 2060 τὸ
833 2034 888 2061 πά-

100 2077 148 2108 θος
160 2078 256 2112 ὁρᾶται
268 2085 275 2092 '
290 2077 365 2104 οὐδὲν
375 2075 456 2113 ἦττον
469 2078 555 2114 θυμὸς
574 2079 589 2106 ὁ
602 2079 688 2114 θυμὸς
707 2080 754 2106 καὶ
775 2080 791 2114 ἡ
820 2080 890 2115 ὀργὴ

99 2115 212 2155 λέγεται
225 2130 233 2138 ·
251 2121 323 2149 οὕτω
338 2122 389 2150 κᾶν
405 2123 485 2158 μόνος
499 2125 513 2150 ὁ
525 2123 570 2151 τὸν
587 2124 671 2160 θυμὸν
687 2124 736 2151 καὶ
747 2125 796 2160 τὴν
806 2124 890 2160 ὀργὴν

99 2167 276 2202 ἐκδεχόμενος
290 2169 360 2196 κατὰ
376 2169 408 2195 τὺ
420 2169 505 2202 πάθος
527 2170 674 2206 διατεθείη,
693 2170 741 2197 τοῦ
769 2171 891 2206 προϐαλ-

99 2213 216 2248 λομένου
241 2213 328 2241 ταῦτα
344 2215 428 2250 μηδὲν
441 2215 511 2248 ὅλως
523 2216 715 2248 ἁλλοιωθέντος
735 2217 751 2251 ἢ
768 2217 840 2244 κατά
863 2225 892 2243 τι

99 2259 187 2291 πάθος
194 2260 372 2293 διατεθέντος,
388 2262 465 2290 οὐδὲν
482 2262 592 2290 ἔλαττον
603 2263 703 2294 ταῦτα,
716 2263 774 2290 ἀλλ’
789 2263 890 2298 ὁμοίως

99 2305 187 2340 θυμὸς
201 2306 248 2332 καὶ
271 2306 340 2342 ὀργὴ
360 2307 445 2339 πάθος
471 2307 518 2334 καὶ¹
545 2308 626 2342 ἄλγος
653 2307 692 2344 τῷ
717 2307 891 2343 ὲκδεξαμένῳ

99 2352 318 2387 ὲμπεποιηκότα,
334 2353 473 2389 ἀκολούθῳ
488 2354 560 2390 λόγῳ
572 2355 674 2382 καλοῖτ’
683 2354 725 2382 ἄψ
739 2355 786 2381 καὶ
804 2355 891 2390 ἰατροὶ

942 1761 1158 1786 stomachantem
1181 1760 1359 1792 commoveri,
1383 1760 1461 1787 illum
1476 1764 1567 1788 autem
1589 1763 1635 1787 cui
1653 1761 1728 1796 prinr

941 1804 1063 1831 oll'ensus
1083 1809 1125 1832 est
1140 1804 1214 1832 nullo
1232 1809 1308 1832 motu
1324 1804 1468 1836 concitari,
1486 1805 1560 1839 quod
1584 1804 1654 1832 forte
1669 1806 1728 1832 ani-

942 1857 1017 1876 mum
1041 1849 1210 1885 philosophia
1234 1850 1346 1883 fultum,
1372 1857 1429 1885 prin
1455 1850 1604 1885 impetibus
1626 1850 1677 1878 im
1696 1858 1729 1878 ac

942 1895 1044 1923 furoris
1067 1896 1224 1929 sustulerit;
1252 1903 1285 1924 ac
1304 1901 1395 1923 tamen
1412 1896 1522 1931 utrique
1545 1896 1649 1932 aliquid
1666 1904 1730 1932 pas-

942 1941 1028 1968 sionis
1047 1948 1110 1968 esse
1129 1940 1264 1974 videatur,
1281 1941 1354 1976 quod
1381 1941 1457 1968 nullo
1478 1941 1637 1969 discrimine
1658 1941 1729 1969 iram

942 1994 1083 2014 vocamus.
1104 1986 1183 2014 Haud
1205 1986 1294 2019 aliter,
1311 1986 1416 2013 etiamsi
1436 1993 1517 2022 quem
1541 1986 1588 2013 iraa
1610 1987 1730 2022 impetus

943 2032 1080 2060 lacessivit
1103 2032 1127 2060 is
1151 2040 1222 2060 unus
1238 2037 1465 2068 permoveretur;
1481 2033 1529 2068 qui
1551 2036 1643 2060 autem
1659 2033 1730 2060 iram

943 2078 1090 2106 concitavit
1104 2086 1182 2114 aequo
1195 2078 1276 2113 plane
1293 2079 1387 2106 animo
1402 2084 1485 2111 esset,
1502 2079 1634 2114 nulloque
1653 2083 1730 2106 motu

943 2123 1067 2156 aﬂ'ectus.
1091 2124 1271 2152 nihiloseclus
1293 2132 1355 2160 quae
1372 2125 1477 2153 oll'enso
1491 2125 1730 2154 conturbationem

943 2172 972 2194 et
985 2167 1106 2195 dolorem
1123 2168 1284 2202 attulerunt,
1301 2169 1407 2205 vulgari
1422 2177 1560 2203 sermone,
1579 2171 1618 2198 ira
1635 2175 1663 2198 et
1675 2175 1732 2198 sto-

943 2214 1059 2241 machus
1073 2213 1286 2249 appellarentur.
1309 2214 1407 2242 Medici
1425 2223 1534 2251 quoque
1548 2215 1657 2251 quoties
1679 2216 1731 2243 ali-

944 2259 1010 2294 quid
1024 2259 1067 2287 vel
1084 2265 1220 2292 resecant,
1236 2261 1278 2288 vel
1292 2266 1422 2293 exurunt,
1442 2262 1488 2288 ira:
1507 2268 1560 2289 non
1578 2261 1730 2296 indulgent,

944 2314 1000 2334 non
1022 2307 1085 2334 irati
1102 2312 1168 2335 sunt
1182 2308 1315 2335 adversus
1329 2312 1503 2343 aegrotantes,
1519 2307 1566 2334 sed
1581 2308 1731 2335 commise-

945 2353 1050 2380 ratione
1069 2352 1158 2380 all‘ecti
1171 2357 1197 2380 et
1212 2360 1262 2381 eos
1275 2353 1373 2380 morbo
1387 2353 1505 2380 liberare
1521 2352 1653 2387 cupiunt;
1666 2360 1730 2382 cum

99 2398 129 2424 δὲ
148 2398 294 2433 τέμνοντες
313 2400 361 2426 καὶ
387 2400 511 2433 καίοντες
528 2401 558 2427 οὺ
570 2400 648 2436 θυμῷ
663 2401 740 2427 τοῦτο
757 2400 887 2433 ποιοῦσιν,

962 2399 1029 2433 ;itur
1048 2399 1140 2426 dicis:
1160 2408 1170 2425 ι
1185 2398 1224 2426 Ne
1242 2399 1270 2426 in
1290 2398 1384 2426 l'urore
1406 2403 1453 2426 tuo
1475 2406 1575 2433 arguas
1597 2406 1652 2431 me,
1670 2408 1680 2424 ›
1703 2399 1730 2426 id

98 2443 168 2470 ἀλλὰ
187 2444 282 2479 σκοπῷ
297 2446 348 2480 τῆς
370 2445 551 2481 διορθώσεως,
568 2447 619 2473 οὐκ
641 2446 814 2482 ὀργιζόμενοι
834 2447 890 2475 τοῖς

100 2490 263 2525 κάμνουσιν,
275 2490 332 2517 ἀλλ’
347 2491 486 2524 ἐλεοῦντες
499 2492 599 2524 αὐτοὺς
607 2492 654 2519 καὶ
665 2492 719 2519 τῶν
732 2492 892 2527 νοσημάτων

944 2450 1003 2478 est;
1020 2445 1074 2472 noli
1088 2453 1185 2481 poenas
1199 2454 1215 2473 a
1229 2453 1272 2473 me
1286 2446 1404 2481 exigere,
1419 2450 1446 2473 et
1461 2450 1633 2480 peccatorum
1652 2453 1729 2473 nico-

945 2499 1007 2518 rum
1022 2491 1167 2518 vindictam
1182 2499 1313 2526 quaerere.

99 2539 315 2572 ἀπαλλάττοντες
331 2548 339 2556 ·
356 2540 420 2567 ὅταν
432 2539 478 2566 οὖν
492 2540 564 2575 εἴπῃ·
591 2550 601 2566 ι
631 2540 676 2576 Μὴ
690 2540 730 2576 τῷ
758 2539 837 2574 θυμῷ
853 2548 900 2566 σου
921 2539 1033 2575 ἐλέγξῃς
1065 2548 1111 2574 με,
1130 2549 1139 2565 ι
1153 2539 1276 2566 τουτέστι
1290 2539 1336 2575 Μὴ
1359 2539 1514 2576 ἀπαιτήσῃς
1535 2548 1569 2574 με
1584 2539 1663 2575 δίκην
1675 2538 1730 2566 τῶν

99 2584 320 2620 ἡμαρτημένων,
350 2585 418 2620 μηδὲ
439 2585 587 2622 ἐπεξέλθῃς
608 2587 665 2618 τοῖς
692 2584 985 2621 πεπλημμελημένοις.

364 2633 530 2660 ΕΡΩΤΗΣΙΣ
555 2633 639 2660 ΣΠΘ’.

257 2711 322 2739 Ὅτι
345 2712 494 2748 ἐταράχθη
521 2712 557 2739 τὰ
573 2712 649 2740 ὀστᾶ
674 2721 745 2747 μου.

993 2631 1158 2666 ρωΕδΤιο
1175 2631 1471 2703 ϐαιΧὶὲἓὲΗῗοὶεί.
1493 2631 1593 2660 CCIII].
1613 2630 1695 2658 Taur.

1037 2723 1047 2739 ι
1066 2713 1198 2746 Quoniam
1213 2713 1373 2740 conturbata
1393 2718 1454 2740 sunt
1468 2721 1530 2740 ossa
1545 2720 1613 2740 mea.
1630 2721 1640 2738 ι

518 2768 590 2794 Edita
605 2776 619 2793 a
630 2768 692 2793 lllaio
705 2768 733 2800 (1.
750 2777 772 2794 c.
791 2777 817 2801 p.
830 2770 882 2802 146,
896 2771 950 2799 1η,
961 2780 986 2804 q.
999 2772 1065 2803 299).
1081 2786 1110 2791 -—
1125 2772 1153 2796 In
1169 2771 1234 2796 Psal.
1246 2777 1279 2802 vt,
1294 2771 1318 2796 2.

143 2809 226 2835 ’03τᾶ
253 2808 281 2835 δὲ
311 2809 429 2836 ἐνταῦθα
462 2809 537 2844 λέγει
572 2810 621 2845 τὴν
653 2810 730 2845 ἰσχὺν
761 2810 891 2839 ἃπασαν·

98 2855 224 2891 ταραχὴν
239 2855 267 2881 δὲ
283 2855 334 2891 τὴν
345 2855 462 2891 πληγὴν,
473 2856 522 2892 τὴν
535 2856 657 2891 κόλασιν,
672 2856 723 2892 τὴν
737 2857 872 2894 τιμωρίαν
883 2867 891 2875 ·

136 2924 158 2942 ³⁸
176 2925 249 2954 Psal.
264 2933 292 2959 v,
304 2925 332 2953 2.

235 2972 372 3004 ΡΑτιοι..
399 2974 458 3004 Gn.
475 2972 524 3005 Cl.

981 2814 1050 2842 Ossa
1067 2813 1111 2840 hic
1126 2814 1180 2840 vim
1205 2821 1313 2840 omnem
1337 2811 1505 2848 signiﬁcant.
1527 2811 1661 2839 Turbatio
1683 2820 1733 2847 pro

950 2861 1039 2896 plaga,
1056 2866 1147 2895 poena,
1169 2859 1288 2888 vindicta
1303 2859 1425 2895 ponitur.
1443 2852 1527 2887 Aiunt
1540 2859 1652 2894 quidam
1664 2880 1671 2892 ,
1689 2860 1733 2890 hic

1552 2970 1592 3001 36
