1886 3071
175 193 247 226 1123

755 195 887 226 PHOTII
903 196 1154 227 PATRIARCII/E
1173 197 1226 226 ΟΡ.

1736 196 1798 227 liii

175 259 190 279 a
208 250 362 279 turbatione
378 250 527 286 significari
544 255 646 278 metum
662 250 709 285 qui
725 258 758 277 ex
773 255 885 285 peccato
901 251 959 277 ori—

1031 252 1084 283 ινές
1095 260 1177 286 φασιν
1188 250 1303 278 ἐνταῦθα
1319 250 1440 286 ταραχὴν
1449 251 1540 285 λέγειν
1551 251 1643 282 αὑτὸν,
1653 251 1698 278 τὸν
1712 252 1744 278 ὲκ
1752 253 1799 287 τῆς

177 303 230 324 tur.
251 296 328 329 Quod
354 296 507 331 praesertim
533 297 561 323 in
584 296 738 323 libidinosis
766 296 962 331 cupiditatibus

176 344 333 377 contingere
356 342 437 375 solet,
454 350 531 377 aeque
547 349 579 369 ac
596 342 624 369 in
649 342 688 369 ira
703 346 731 369 et
746 342 773 369 in
797 342 962 370 calamitati-

176 391 237 415 bus.
253 389 319 422 Qua:
332 393 431 416 cuncta
445 389 565 415 animam
582 393 609 416 et
622 395 684 415 ossa
699 389 821 415 turbant.
840 387 889 415 llic
903 393 960 415 tum

176 434 285 469 pupillis
300 434 520 468 distorquentur,
545 438 572 461 et
592 434 660 461 nihil
682 434 755 461 oculi
771 438 844 461 recte
859 435 960 461 vident.

177 481 230 508 Sed
244 485 272 508 ut
286 481 322 507 ab
337 481 438 508 amenti
458 481 553 516 auriga
571 480 725 508 inordinate
737 481 877 507 ducuntur
888 481 961 514 equi,

175 527 216 554 sic
239 528 346 554 turbata
373 528 490 560 ratione,
513 527 604 554 omnia
629 527 848 559 confunduntur,
871 528 963 554 omnia

176 581 304 608 perversa
323 574 400 600 liunt.
421 572 497 600 Unde
510 579 600 600 autem
621 573 688 600 satis
703 573 808 600 oriatur
820 573 965 608 perturba-

177 620 233 646 tio?
248 627 365 653 narnque
388 618 413 646 id
438 619 640 654 explanandqu
665 627 755 654 operae
771 620 885 654 pretium
904 623 962 652 est;

180 673 236 692 non
257 665 330 692 enim
351 670 380 692 ut
400 673 476 692 mare
495 665 582 693 ventis
608 665 777 692 irruentibus
798 665 838 692 sic
860 665 962 695 anima,

177 711 316 746 inopinata
327 711 444 746 tprndam
455 711 644 739 vicissitudine
655 711 845 746 perturbatur;
857 711 903 738 sed
914 711 966 737 hoc

177 765 225 792 per
247 761 371 784 nostram
396 757 529 784 desidiam
554 757 628 784 licet.
644 756 795 784 Possumus
814 757 887 783 enim
911 755 966 783 eiii-

178 811 240 830 rere
257 807 287 829 ut
302 802 348 834 sit,
365 810 420 829 non
442 810 556 830 accensa
575 802 699 836 libidine,
718 802 821 837 peccati
839 801 965 834 occasio;

178 856 297 884 namque
325 849 347 876 si
369 849 508 876 flammam
529 857 584 876 non
613 849 758 882 accendes,
782 856 836 875 non
861 848 968 874 ardebit

178 897 320 928 caminus;
341 896 364 923 si
383 896 523 922 materiem
543 895 597 930 igni
622 895 726 930 lignum
749 903 802 922 non
826 894 965 928 subjicics,

1012 299 1150 334 ἁμαρτίας
1164 298 1306 332 γινόμενον
1317 297 1421 333 [φόϐον]
1435 306 1442 313 ·
1457 298 1536 324 τοῦτο
1545 298 1573 324 δὲ
1583 298 1701 332 μάλιστα
1716 299 1763 325 καὶ
1774 300 1800 325 ἐν

1013 343 1171 378 ἐπιθυμίαις
1185 343 1331 376 ἀσελγείας
1346 343 1505 378 συμδαίνειν
1519 343 1611 375 είωθε,
1629 343 1710 369 τοῦτο
1724 343 1753 369 δὲ
1772 344 1800 369 ὲν

1014 388 1093 424 θυμῷ
1106 389 1153 415 καὶ
1165 389 1195 414 ἐν
1211 389 1363 424 συμφοραῖς
1374 397 1382 404 ·
1401 389 1491 416 πάντα
1505 389 1560 424 γὰρ
1574 389 1660 415 ταῦτα
1674 391 1802 422 ταράττει

1013 434 1102 470 ψυχὴν
1129 434 1177 462 καὶ
1202 435 1279 467 ὀστᾶ,
1295 434 1344 461 καὶ
1368 435 1396 461 αἱ
1415 435 1495 470 κόραι
1513 435 1740 470 διαστρέφονται,
1758 437 1804 461 καὶ

1013 480 1074 506 οὐδὲ
1090 481 1116 506 οί
1128 479 1263 514 ὀφθαλμοὶ
1286 480 1357 507 κατὰ
1369 480 1446 512 τάξιν
1462 480 1617 515 βλέπουσιν,
1636 480 1693 507 ἀλλ’
1708 480 1804 516 ῶσπερ

1014 524 1122 560 ἡνιόχου
1145 524 1341 560 θορυϐηθέντος
1360 526 1488 557 ἀτάκτως
1503 526 1527 551 οἱ
1558 525 1636 552 ἵπποι
1662 526 1803 560 φέρονται,

1014 571 1085 597 οὕτω
1099 571 1146 597 τοῦ
1156 571 1286 606 λογισμοῦ
1303 571 1541 606 διαταραχθέντος,
1552 572 1640 599 πάντα
1651 575 1805 607 συγχεῖται,

1016 618 1104 644 πάντα
1114 617 1321 652 διαστρέφεται·
1334 618 1381 644 καὶ
1395 618 1453 649 πῶς
1460 617 1530 653 αὕτη
1541 619 1645 652 γίνεται
1655 620 1787 654 ἡταραχή
1798 628 1804 650 ;

1015 664 1164 697 ἀναγκαῖον
1176 664 1231 698 γὰρ
1246 664 1292 690 καὶ
1315 664 1394 690 τοῦτο
1417 665 1506 691 εἰπεῖν
1521 673 1528 680 ·
1548 665 1579 692 οὺ
1596 665 1651 700 γὰρ
1668 665 1766 701 ὥσπερ
1778 666 1806 690 ἐν

1016 709 1138 744 Θαλάσσῃ
1152 709 1227 745 παρὰ
1243 709 1292 745 τὴν
1306 710 1362 736 τῶν
1385 711 1550 745 πνευμάτων
1570 711 1709 746 ἐμϐολὴν,
1735 711 1808 738 οὕτω

1016 756 1064 782 καὶ
1077 756 1106 782 ἐν
1128 755 1218 792 ψυχῇ,
1246 756 1277 782 οὐ
1296 756 1367 783 κατά
1389 765 1451 784 τινα
1479 757 1609 792 ἀδόκητον
1632 757 1807 791 περίστασιν.

1017 801 1085 828 ἀλλὰ
1109 803 1184 837 παρὰ
1199 802 1249 837 τὴν
1262 803 1401 838 ἡμετέραν
1415 802 1553 838 ῥαθυμίαν
1569 802 1717 838 συμϐαίνει
1735 810 1742 818 ·
1760 803 1808 829 καὶ

1017 849 1071 883 γὰρ
1100 850 1148 875 καὶ
1173 849 1218 875 τοῦ
1234 849 1361 883 γενέσθαι
1391 850 1438 876 καὶ
1460 849 1506 876 τοῦ
1537 849 1574 885 μὴ
1598 849 1726 883 γενέσθαι
1757 850 1807 884 τὴν

1018 895 1180 931 περίστασιν
1194 895 1244 930 τῆς
1257 895 1394 931 ἁμαρτίας
1412 897 1493 930 ἡμεῖς
1511 896 1612 932 κύριοι,
1636 897 1687 930 τῆς
1708 896 1807 923 ἐπιθυ·

180 942 204 968 si
225 942 361 969 formosos
376 942 466 969 vultus
479 949 533 968 non
545 942 676 976 inquircs,
686 942 709 969 si
721 942 854 968 theatrum
865 940 962 974 iniqui-

1031 941 1079 972 ,ίας
1088 941 1279 977 ἁναπτομένης
1292 949 1299 956 ·
1316 940 1414 968 ἁλλ’ἆν
1431 941 1468 977 μὴ
1483 942 1515 968 σὺ
1526 941 1575 976 τὴν
1591 941 1677 976 φλόγα
1689 941 1807 976 thiam;

177 988 244 1015 tatis
259 987 465 1020 nonaccendes,
482 995 532 1014 nec
555 987 671 1022 dapibus
691 994 801 1015 carnem
817 985 966 1020 saginabis,

178 1035 376 1062 ncc’rationem
389 1034 451 1061 vino
469 1034 621 1068 demerges,
637 1041 692 1061 non
705 1038 829 1068 assurget
845 1032 966 1063 ﬂamma,

179 1087 232 1106 non
258 1078 457 1105 intractabilior
489 1077 546 1105 fera
572 1079 636 1110 fiet,
663 1085 717 1104 non
746 1077 966 1109 disturbabitur;

178 1124 258 1159 quasi
269 1123 422 1151 furentibus
433 1124 532 1156 ventis,
546 1124 761 1151 animicastitas.
776 1123 870 1150 Hocne
889 1121 967 1154 satis,

177 1171 298 1204 inquies,
325 1176 355 1196 ιιι
379 1170 486 1197 flainma
504 1170 608 1205 peccati
636 1170 749 1196 vitetur?
774 1169 897 1201 minime,
921 1166 968 1195 sed

179 1221 288 1251 oportet
317 1220 344 1243 et
367 1216 420 1242 alia
441 1215 556 1250 insuper
580 1215 660 1250 adjici
678 1224 684 1242 :
700 1214 838 1242 continuae
863 1220 967 1249 preces,

179 1267 337 1289 sanctorum
362 1262 544 1294 consuetudo,
568 1261 672 1296 aliquot
694 1260 832 1288 interdum
853 1260 968 1295 jejunio,

179 1307 295 1342 simplex
319 1306 427 1335 vivendi
455 1315 552 1342 genus,
576 1308 740 1334 necessaria
763 1307 967 1342 occupationes,

180 1353 389 1387 pt‘tescl'limque
415 1352 461 1379 Dei
488 1357 587 1384 metus,
612 1352 696 1379 futuri
716 1352 812 1388 judicii
834 1351 966 1378 memoria

181 1402 210 1425 et
231 1399 387 1425 mercedum
415 1406 477 1433 qua:
500 1398 582 1433 justis
603 1399 746 1433 desponsae
770 1398 892 1426 fuerunt.
911 1397 969 1425 Hoc

181 1451 231 1478 per
243 1444 333 1471 omnia
351 1452 480 1471 vesanam
494 1444 577 1470 animi
594 1444 846 1478 concupiscentiam
857 1450 968 1478 compe-

182 1497 259 1516 scere
276 1494 303 1516 «δι
316 1489 481 1516 ﬂuctuosum
500 1497 576 1516 mare
588 1489 696 1516 frenare
709 1489 824 1524 poteris.

1014 988 1064 1014 οὐκ
1077 988 1184 1023 αἴρεται
1200 989 1217 1023 ἡ
1235 988 1359 1023 κάμινος,
1375 988 1408 1014 ἂν
1423 988 1460 1023 μὴ
1475 989 1580 1023 τροφὴν
1599 988 1748 1023 παράσχῃς
1774 990 1806 1022 τῇ

1016 1032 1077 1069 ὕλῃ,
1092 1032 1125 1060 ἂν
1141 1033 1178 1068 μὴ
1197 1032 1246 1064 τὰς
1261 1033 1418 1068 εὐμόρφους
1429 1033 1504 1067 ὄψεις
1522 1034 1704 1069 περιεργάσῃ,
1721 1033 1755 1059 ἂν
1771 1034 1807 1068 μὴ

1016 1077 1132 1113 θέατρον
1167 1078 1344 1113 παρανομίας
1372 1077 1531 1113 ἀναϐαίνῃς,
1564 1077 1597 1104 ἂν
1627 1077 1665 1113 μὴ
1696 1078 1807 1113 πιαίνῃς

1015 1124 1106 1158 τρυφῇ
1130 1123 1180 1158 τὴν
1211 1125 1312 1159 σάρκα,
1332 1124 1365 1151 ἂν
1396 1123 1433 1159 μὴ
1457 1123 1658 1159 καταποντέζῃς
1680 1124 1745 1159 οϊνῳ
1764 1125 1807 1151 τὸν

1017 1168 1158 1204 λογισμὸν,
1188 1169 1238 1196 οὐκ
1263 1170 1372 1205 αἴρεται
1397 1171 1413 1206 ή
1436 1169 1520 1203 φλὸξ,
1549 1170 1579 1196 οὗ
1599 1170 1706 1204 γίνεται
1725 1169 1808 1204 χαλε-

1017 1214 1140 1249 πώτερον
1168 1215 1198 1241 τὸ
1226 1215 1332 1250 Θηρίον,
1364 1216 1395 1242 οὐ
1420 1216 1594 1252 διατέμνεται
1612 1215 1738 1250 καθάπερ
1757 1215 1808 1241 ὑπὸ

1017 1259 1180 1294 πνευμάτων
1201 1260 1306 1295 ἀγρίων
1319 1260 1369 1296 τῆς
1381 1260 1501 1292 διανοίας
1513 1260 1544 1287 τὸ
1557 1260 1688 1296 καθαρόν.
1713 1260 1809 1296 ’Δρκεῐ

1016 1301 1062 1330 οὖν
1081 1304 1176 1337 ταῦτα,
1192 1306 1271 1341 φησὶ,
1289 1305 1358 1341 πρὸς
1370 1305 1401 1332 τὸ
1413 1306 1555 1341 διαφυγεῖν
1571 1306 1620 1341 τὴν
1647 1305 1736 1341 φλόγα
1760 1306 1808 1340 τῆς

1017 1351 1169 1386 ἀμαρτίας;
1179 1353 1229 1379 οὑκ
1241 1353 1330 1389 ἀρκεῖ·
1340 1354 1408 1381 ἀλλά
1417 1354 1457 1380 δεῖ
1464 1355 1510 1381 καὶ
1516 1354 1598 1389 ἕτερα
1612 1353 1808 1389 προστεθῆναι,

1021 1399 1177 1433 προσευχὰς
1203 1399 1354 1434 διηνεκεῖς,
1382 1401 1467 1434 ἁγίων
1493 1401 1654 1431 συνουσίαν,
1679 1400 1809 1434 νηστείαν

1022 1443 1187 1480 σύμμετρον,
1207 1445 1313 1473 δίαιταν
1326 1445 1413 1481 λιτὴν,
1429 1446 1558 1481 ἀσχολίας
1575 1446 1739 1480 ἀναγκαίας⁸
1755 1445 1810 1480 πρὸ

1019 1488 1074 1515 τῶν
1099 1489 1186 1516 ἄλλων
1219 1491 1361 1524 ἁπάντων,
1392 1491 1440 1518 τοῦ
1469 1491 1537 1518 Θεοῦ
1564 1491 1609 1518 τὸν
1634 1491 1732 1526 φόϐον,
1760 1491 1809 1526 τὴν

183 1535 334 1570 μέλλουσαν
356 1536 458 1570 κρίσιν,
473 1535 523 1567 τὰς
537 1535 704 1568 ἐπαγγελίας
721 1535 912 1569 τῶνάγαθῶν·
930 1534 974 1561 διὰ
996 1534 1099 1562 τούτων
1127 1536 1237 1564 πάντων
1262 1538 1376 1565 δύνασαι
1411 1538 1561 1573 χαλινῶσαι
1588 1538 1638 1574 τὴν
1664 1537 1810 1564 λυσσῶσαν

183 1580 330 1615 ἐπιθυμέαν
349 1581 396 1607 καὶ
420 1581 517 1616 στῆσαι
535 1582 585 1615 τὴν
604 1581 806 1616 κυμαινομένην
819 1580 966 1608 θάλασσαν.

182 1636 344 1671 ΟΠίΕΞιΤΙΟ
362 1638 453 1666 C(IXC
474 1639 568 1675 [CoisL
595 1638 706 1666 CCClll.
728 1638 810 1665 Taur.
831 1637 968 1674 CCXCII].

274 1694 283 1710 ι
300 1684 419 1712 Clantuvi
442 1686 477 1712 ad
504 1691 537 1718 te,
553 1685 673 1717 Domine,
691 1685 788 1711 exaudi
804 1692 854 1712 me.
870 1693 879 1710 ι

1297 1637 1466 1663 ararum:
1479 1638 1534 1670 2L].

1027 1692 1036 1710 t
1054 1683 1151 1718 Κύριε,
1167 1682 1316 1717 ἐκέκραξα
1334 1684 1410 1717 πρὸς
1429 1683 1482 1716 σὲ,
1498 1683 1684 1710 είσάκουσόν
1705 1691 1777 1717 μου.
1798 1692 1807 1708 ι

519 1740 591 1766 Edita
606 1748 620 1765 a
633 1741 696 1766 Maio
707 1741 734 1772 (Ι.
748 1747 769 1765 c.
783 1748 808 1772 p.
826 1741 879 1771 Hi,
895 1748 920 1772 q.
937 1741 1002 1771 500).
1013 1753 1044 1758 —
1059 1741 1087 1766 In
1104 1739 1169 1765 Psal.
1184 1748 1240 1769 cn,
1256 1740 1268 1765 1
1283 1741 1378 1772 (Graece
1395 1741 1470 1771 cxu).

219 1782 282 1810 llaec
301 1782 384 1816 hujus
409 1782 505 1818 psalmi
528 1783 601 1810 dicta
621 1790 726 1815 omnes,
754 1788 783 1809 ut
807 1783 844 1810 ita
866 1783 962 1814 dicam,

1054 1782 1156 1809 Τούτου
1171 1782 1218 1808 τοῦ
1230 1782 1339 1817 ψαλμοῦ
1360 1782 1395 1809 τὰ
1412 1783 1461 1817 μὲν
1484 1783 1594 1818 ῥήματα
1613 1782 1745 1814 ἅπαντες,
1772 1783 1811 1815 ὡς

183 1830 285 1862 sciunt,
305 1834 333 1856 et
349 1834 405 1856 tota
426 1831 481 1856 vita
504 1829 666 1861 concinunt;
688 1836 786 1856 sensus
809 1833 899 1855 autent
919 1828 968 1855 ali-

184 1880 252 1910 quot
275 1874 421 1902 vcrborum
442 1882 490 1901 eos
513 1874 593 1901 fallit.
620 1873 698 1907 Quod
727 1874 761 1901 iis
785 1882 840 1901 non
873 1874 968 1901 leriter

185 1921 406 1956 exprobrandam
432 1925 486 1948 est.
508 1919 614 1947 Etenim
638 1920 704 1955 quid
731 1925 774 1948 est
796 1921 869 1947 aliud
885 1927 967 1955 quam

183 1967 300 2001 psallere
315 1971 371 2001 toto
382 1967 437 1999 die,
450 1967 496 1994 scd
512 1975 546 1994 ne
560 1967 645 1994 setuel
659 1967 768 2001 quidem
787 1967 884 2001 psalmi
906 1974 953 1994 seu

184 2019 246 2040 sum
264 2013 423 2048 requirere?
442 2013 566 2047 Namque
588 2013 640 2040 hoc
660 2018 702 2040 est
722 2013 846 2048 segnitiei
873 2017 900 2040 et
925 2020 956 2040 so

184 2060 286 2087 cordiae
310 2066 448 2086 summum
471 2059 604 2086 continuo
620 2059 767 2094 psalmum,
782 2067 796 2086 a
819 2059 969 2092 puerilibus

185 2105 264 2132 annis
289 2105 322 2131 ad
346 2104 469 2131 ultimam
494 2110 660 2132 senectutem
677 2105 703 2132 in
721 2113 771 2132 usu
793 2105 903 2136 habere;
920 2112 970 2132 nec

184 2149 259 2177 aliud
280 2155 459 2184 praeterquam
486 2150 568 2176 verba
587 2158 670 2178 sensu
692 2151 814 2178 carentia
836 2151 969 2178 memoria

184 2201 288 2229 tenere,
313 2201 413 2223 tectum
429 2203 513 2230 prope
538 2198 695 2223 thesaurum
717 2197 847 2229 assidere,
863 2204 970 2224 crume-

184 2249 304 2277 namque
319 2242 489 2276 obsignatam
517 2241 707 2274 circumferre,
732 2249 783 2269 nec
803 2250 969 2277 quemquam

184 2287 228 2315 vel
252 2287 413 2315 curiositate
438 2287 541 2321 impelli
559 2291 589 2314 ut
614 2287 697 2314 sciret
710 2295 764 2322 quo
786 2287 895 2315 demum
913 2288 969 2315 haec

183 2333 265 2361 verba
288 2338 455 2369 spectarent.
476 2334 604 2360 Attamen
620 2341 654 2360 ne
677 2333 729 2361 hoc
748 2335 856 2369 quidam
871 2334 967 2362 dicas:

184 2380 358 2414 perspicuum
374 2379 521 2414 quemdam
541 2387 588 2407 eos
606 2380 652 2406 tali
675 2384 783 2413 torpore
802 2380 924 2408 aﬂ‘ecisse
940 2384 970 2408 ut

184 2431 308 2459 quaerere
333 2425 492 2451 omitterent
513 2426 585 2459 quod
606 2425 634 2452 in
655 2432 780 2460 promptu
808 2433 882 2456 csset
905 2437 968 2456 cum

1021 1828 1119 1860 εἰπεῖν,
1132 1829 1216 1860 ἴσασι,
1233 1828 1280 1854 καὶ
1294 1828 1338 1854 διὰ
1353 1828 1443 1862 πάσης
1457 1828 1565 1863 ἡλικίας
1579 1828 1732 1854 διατελοῦσι
1743 1829 1811 1862 ψάλ-

1020 1873 1121 1905 λοντες.
1136 1873 1185 1909 τὴν
1197 1874 1225 1900 δὲ
1240 1873 1358 1900 διάνοιαν
1372 1875 1450 1900 ἐνίων
1460 1874 1514 1901 τῶν
1525 1874 1680 1910 εἰρημένων
1697 1875 1812 1908 ἀγνοοῦ-

1022 1929 1065 1946 σιν
1078 1928 1085 1935 ·
1102 1920 1171 1955 ὅπερ
1189 1920 1220 1946 οὐ
1237 1919 1336 1955 μικρὸν
1348 1921 1387 1951 εἰς
1400 1921 1566 1956 κατηγορίας
1579 1920 1659 1955 λόγον
1674 1928 1683 1937 ο
1697 1921 1812 1953 ψάλλειν

1023 1966 1073 2001 μὲν
1103 1966 1163 1993 καθ’
1178 1966 1295 2002 ἡμέραν,
1316 1965 1378 2001 μηδ’
1392 1966 1466 1999 ἅπαξ
1480 1967 1503 1993 δ’
1516 1967 1685 2002 ἐπιζητῆσαι
1712 1967 1812 2003 μαθεῖν

1021 2012 1068 2037 τὸν
1092 2011 1153 2038 νοῦν
1179 2011 1234 2038 τῶν
1261 2011 1437 2048 ψαλλομένων
1453 2020 1460 2027 ·
1486 2012 1532 2039 καὶ
1557 2013 1612 2047 γὰρ
1632 2013 1748 2044 νωθείας
1764 2014 1812 2040 καὶ

1023 2057 1186 2092 χαυνότητος
1216 2057 1343 2093 ἐσχάτης,
1368 2058 1413 2084 διὰ
1440 2059 1540 2090 παντὸς
1557 2058 1602 2086 τὸν
1626 2059 1735 2094 ψαλμὸν
1763 2061 1811 2086 καὶ

1022 2102 1054 2128 ἐκ
1079 2100 1190 2137 πρώτης
1207 2102 1314 2137 ἡλικίας
1335 2103 1374 2134 εἰς
1395 2103 1508 2138 ἔσχατον
1529 2105 1618 2138 γῆρας
1637 2104 1810 2138 μελετῶντας

1022 2148 1166 2181 διατελεῖν,
1179 2149 1214 2175 τὰ
1229 2149 1339 2184 ῥήματα
1357 2149 1436 2184 μόνον
1451 2150 1555 2182 εἰδότας
1567 2150 1658 2186 ἔρημα
1671 2150 1809 2182 διανοίας’

1023 2195 1071 2221 καὶ
1101 2195 1313 2229 παρακαθῆσθαι
1343 2195 1473 2230 θησαυρῷ
1504 2197 1741 2230 συνεσκιασμένῳ,
1765 2196 1811 2222 καὶ

1023 2238 1167 2274 βαλάντιον
1183 2240 1343 2275 περιφέρειν
1361 2240 1580 2276 ἐσφραγισμένον
1594 2249 1601 2256 ·
1619 2241 1667 2268 καὶ
1682 2241 1745 2267 οὐδὲ
1760 2242 1811 2268 ὑπὸ

1023 2286 1290 2321 πολυπραγμοσύνης
1316 2287 1480 2322 παρωξύνθη
1500 2295 1542 2318 τις
1567 2287 1675 2322 μαθεῖν,
1690 2287 1718 2314 τί
1745 2290 1810 2314 ποτε

1023 2331 1080 2357 ἐστι
1099 2331 1287 2366 τὸλεγόμενον
1304 2341 1312 2348 ·
1328 2332 1415 2360 καίτοι
1432 2341 1464 2367 γε
1480 2332 1540 2359 οὐδὲ
1569 2334 1657 2359 ἐκεῖνο
1682 2333 1757 2360 ἐστιν
1771 2334 1810 2359 εἰ-

1023 2378 1095 2409 πεῖν,
1106 2377 1147 2404 ὅτι
1163 2378 1253 2413 σαφής
1261 2386 1303 2410 τις
1316 2378 1355 2405 ὢν
1370 2379 1474 2410 πάντας
1486 2379 1526 2410 είς
1539 2379 1622 2406 ’ὑπνον
1635 2380 1723 2414 ἠγαγε
1737 2387 1746 2395 ·
1763 2380 1810 2406 καὶ

1022 2421 1072 2447 οὐκ
1101 2422 1191 2457 ἀφῆκε
1218 2423 1335 2458 ζητῆσαι
1351 2425 1381 2451 τὸ
1408 2425 1562 2460 προχείρως
1590 2426 1738 2460 κείμενον
1765 2427 1810 2453 καὶ

187 2470 345 2505 inexplicito
357 2471 398 2497 vir
412 2478 540 2498 sermone
553 2471 587 2498 sit
601 2471 714 2500 idmreus
728 2473 821 2500 leviter
831 2475 962 2502 dormien-

1031 2466 1076 2502 (ἀρ
1088 2468 1160 2494 ἐστιν
1175 2469 1282 2505 ἀσαφὴς
1297 2471 1344 2496 καὶ
1359 2470 1450 2502 ἱκανὸς
1470 2471 1602 2506 διεγεῖραι
1616 2471 1661 2497 τὸν
1689 2471 1728 2506 μὴ
1743 2472 1809 2506 σφό-

183 2515 257 2543 tibus
279 2515 443 2549 excitandis,
465 2523 515 2543 nec
535 2516 604 2544 alios
630 2517 729 2545 excitet
743 2527 824 2553 quam
841 2519 887 2554 qui
905 2520 968 2547 dor-

184 2562 284 2589 miunt.

185 2616 350 2650 ρυΔΕδΤΙΟ
363 2617 465 2646 CCXCI
478 2619 572 2655 [CoisL
585 2619 696 2648 CCCIV.
714 2620 794 2649 Taur.
818 2621 964 2659 CCXClll].

187 2673 197 2689 ι
207 2663 272 2691 Voce
283 2671 340 2691 mea
348 2665 382 2691 ad
397 2665 538 2692 Dominum
552 2666 675 2697 clamaui,
683 2675 742 2694 uoce
754 2675 811 2694 mea
822 2667 966 2695 Dominum

445 2702 598 2735 deprecatus
615 2710 683 2728 διιιη.
691 2711 699 2727 ι

1019 2512 1070 2548 δρα
1089 2514 1264 2549 καθεύδοντα,
1282 2516 1382 2551 μᾶλλον
1398 2517 1426 2544 δὲ
1443 2517 1547 2544 καὶτὸν
1566 2517 1741 2545 καθεύδοντα,

1256 2627 1424 2655 ΕΡΩἸἩΣΙΣ
1445 2629 1524 2662 ΣιιΑν.

1023 2681 1032 2697 ι
1046 2672 1132 2707 Φωνῇ
1136 2682 1197 2708 μου
1208 2673 1566 2711 πρὸςγΚύριονΑὲκέκριιξα,
1572 2675 1657 2710 φωνῇ
1664 2684 1726 2710 μου
1735 2677 1810 2711 πρὸς

1247 2710 1356 2743 Κύριον
1381 2709 1519 2743 ἐδεήθην.
1534 2719 1544 2736 ι

521 2758 615 2785 Editaa
631 2759 692 2784 Maio
709 2759 737 2791 (l.
754 2767 775 2784 c.
789 2767 814 2791 p.
831 2761 884 2791 147,
900 2769 925 2793 q.
938 2763 1037 2793 30!).—-
1052 2765 1079 2790 ln
1095 2766 1159 2792 Psal.
1170 2773 1233 2797 cxu,
1246 2768 1257 2791 1
1272 2767 1368 2799 (Graec
1382 2769 1467 2800 chu).

220 2809 292 2838 Duas
311 2811 355 2839 hic
369 2811 482 2839 virtutes
497 2812 638 2846 docemur,
652 2813 820 2841 fortitudinis
837 2821 968 2843 constan-

187 2857 263 2890 tiam,
275 2859 502 2894 cogitationisque
515 2859 713 2887 ordinationem
725 2868 732 2891 ;
746 2865 876 2895 praeterea
892 2861 967 2889 l'sal-

184 2904 272 2932 quisue
292 2905 374 2933 verba
400 2906 510 2933 tertium
530 2905 603 2933 aliud
625 2905 778 2941 signiﬁcant
795 2915 801 2933 :
816 2914 871 2935 non
895 2909 966 2938 enim

1058 2818 1110 2844 Δύο
1140 2819 1258 2846 ἐνταῦθα
1280 2820 1381 2856 ἀρετὰς
1406 2822 1587 2858 μανθάνομεν,
1605 2823 1637 2849 τό
1653 2831 1682 2849 τε
1699 2822 1808 2850 εὔτονον

1022 2864 1070 2899 τῆς
1088 2865 1252 2900 προθυμίας,
1267 2867 1297 2893 τό
1311 2876 1339 2894 τε
1359 2870 1574 2904 συντεταγμένον
1597 2870 1647 2905 τῆς
1672 2871 1805 2903 διανοέας,

1022 2910 1068 2937 καὶ
1085 2910 1177 2946 ἕτερον
1191 2912 1258 2948 πρὸς
1271 2912 1374 2946 τοὺ-τοις
1388 2914 1417 2941 τὸ
1432 2915 1514 2942 αὐτοῦ
1530 2914 1599 2944 εἶναι
1622 2916 1670 2952 τὴν
1687 2920 1780 2952 φωνην
1795 2925 1803 2933 ·
