1886 3071
81 222 150 256 1125

520 223 570 252 ΔΙ)
584 220 881 252 AMPIIILOCHIUM
900 218 1074 254 ΟΗᾹΞΞΤΙΟ
1089 218 1346 248 ΟΟΧΟ-(ΣΟΧΕΙΙΙ.

1639 219 1707 252 1126

71 281 102 306 οὐ
129 279 185 313 γὰρ
211 278 312 309 πάντες
342 277 404 304 οὔτε
422 278 497 312 φωνῇ
527 277 636 312 βοῶσιν,
655 277 717 303 οὒτε
739 276 807 311 πρὸς
820 275 842 301 τί

939 281 1015 301 mnes
1032 281 1120 307 neque
1138 281 1204 301 voce
1225 273 1353 304 clamant.
1369 280 1457 307 neque
1472 272 1592 308 propria,
1616 281 1707 309 neque

71 326 149 358 Θεὸν,
159 325 221 352 οὔτε
234 326 266 360 τῇ
281 324 378 360 οἰκείᾳ·
393 324 468 351 δεῖδὲ
481 324 591 350 ἅπαντα
602 323 688 350 ταῦτα
704 321 843 349 συνελθεῖν
853 329 862 336 ⁸

70 372 85 398 ὁ
96 371 158 398 κατ’
174 370 279 406 ἐχθρῶν
289 369 358 404 βοῶν
368 370 418 396 οὐκ
432 368 578 404 ἀνθρώπου
593 367 685 402 φωνὴν
700 368 862 402 προήσεται,

71 417 141 443 ἀλλά
152 415 248 452 Θηρίου
266 417 312 442 καὶ
323 415 412 450 ὄφεως
423 423 430 430 ·
447 416 462 442 ὁ
481 414 622 450 ῥᾳθυμῶν,
641 414 689 439 καὶ
706 412 743 448 μὴ
757 412 864 439 ἁκούων

71 459 109 489 ὧν
122 461 207 495 λέγει,
223 461 253 487 οὺ
268 460 337 496 πρὸς
351 460 397 486 τὸν
412 459 479 486 Θεὸν
490 459 550 494 βοᾷ,
566 458 624 485 ἀλλ’
637 458 699 493 είκῆ
714 458 760 484 καὶ
773 457 864 492 μάτην

71 509 221 543 φθέγγεται
239 515 246 522 ⁸
260 507 274 533 ὁ
290 506 327 542 μὴ
344 507 485 541 διεγείρων
501 507 550 540 τὴν
565 506 696 537 διάνοιαν,
707 505 759 532 κᾶν
776 505 863 540 μεγά-

70 555 104 581 λα
115 555 216 590 κρὰζῃ,
230 553 311 581 πάλιν
325 551 403 584 οὗτος
413 554 443 579 οὐ
459 552 517 588 βοᾷ.-
533 553 625 587 φωνὴν
635 552 700 587 γὰρ,
712 551 750 583 ὡς
766 551 864 578 πολλῶ

69 609 115 632 κις
129 600 215 635 ἔφθην
236 599 333 631 εἰπὼν,
348 600 379 626 οὐ
395 598 442 626 τὸν
452 599 529 625 τόνον
542 599 617 632 λέγει
634 598 681 625 τοῦ
696 598 862 633 πνεύματος,

69 647 140 674 ἀλλὰ
154 647 205 682 τὴν
227 645 450 680 συντεταγμένην
467 645 588 672 διάνοιαν
599 652 606 659 ⁸
624 644 682 672 ἀλλ’
698 645 748 679 οὐχ
765 644 861 676 οὕτως’

69 694 139 720 ἀλλὰ
165 694 200 720 τὰ
225 693 290 729 τρία
315 693 401 720 ταῦτα
425 693 555 726 συνάγει”
570 693 610 719 ὃτι
637 700 668 718 τε
696 693 792 726 φωνεῖ,
816 691 864 718 καὶ

68 741 139 776 πρὸς
154 740 200 766 τὸν
212 739 289 771 Θεὸν,
303 739 352 766 καὶ
370 741 403 775 τῇ
419 740 517 766 ἑαυτοῦ
531 741 607 775 φωνῇ
623 747 631 756 ⁶
649 739 695 766 διὰ
708 739 787 766 τοῦτο
800 739 862 766 δεύ-

67 795 148 822 τερον
164 787 231 821 φησί
246 795 252 801 ·
274 796 283 813 ι
301 787 379 821 Φωνῇ
396 795 457 821 μου,
472 786 521 813 καὶ
536 787 612 821 φωνῇ
630 794 693 820 μου.
709 794 719 811 ι

198 843 200 845 ι
332 832 503 858 ararum
520 831 601 865 Σιιιςι.

107 880 139 907 Ti
151 880 217 906 ἐστι
231 879 276 912 τὸ,
291 888 300 904 t
314 880 475 914 Εὑλόγησε
486 878 611 913 [ilexsz
623 878 677 905 τὸν
690 878 780 906 Δαϐίδ
787 887 797 912 ;
813 888 823 905 ι

917 319 950 345 ad
972 318 1075 350 Deum;
1102 323 1211 353 oportet
1235 323 1324 345 tamen
1347 318 1405 346 hate
1426 318 1476 344 tria
1500 325 1552 344 una
1566 318 1634 345 iieri.
1653 318 1706 351 Qui

916 364 1048 391 adversus
1063 364 1157 392 hostes
1176 364 1288 396 clamat,
1303 372 1357 391 non
1372 364 1519 390 humanum
1534 372 1628 392 vocem
1641 373 1706 399 pru—

915 410 975 442 mit,
997 409 1043 437 sed
1058 409 1124 437 fera:
1149 413 1176 436 et
1191 410 1338 444 serpentis.
1354 409 1406 442 Qui
1423 410 1562 445 negligens
1583 415 1635 443 est,
1654 418 1705 437 nec

916 456 992 483 audit
1007 456 1072 490 quid
1094 456 1177 488 dicat,
1191 464 1245 483 non
1261 457 1294 483 ad
1312 456 1398 484 Deum
1414 457 1523 488 clamat.
1541 457 1588 484 sed
1604 462 1704 484 temere

915 506 942 529 et
956 501 1095 528 incassum
1108 501 1240 536 loquitur.
1253 500 1306 534 Qui
1320 509 1375 528 non
1386 502 1576 537 expergefacta
1600 506 1702 533 mente.

914 548 967 576 etsi
986 547 1162 575 vehementer
1184 546 1360 580 vociferetur,
1384 555 1482 575 rursus
1510 549 1556 576 ille
1572 556 1627 576 non
1647 550 1703 576 cla-

915 598 982 621 mat.
998 593 1081 621 Vocis
1096 594 1182 626 enim,
1204 598 1235 621 ut
1247 594 1302 628 iam
1320 594 1453 626 dictitavi,
1470 601 1524 621 non
1543 595 1641 622 mentis
1664 601 1703 621 te-

914 648 1010 667 norent
1035 640 1146 673 indicat,
1173 640 1221 668 sed
1240 640 1355 668 usitatas
1380 641 1443 668 terit
1457 649 1548 668 voces.
1567 641 1627 668 Non
1653 650 1704 668 au-

915 692 968 715 tem
998 688 1039 715 sic
1071 687 1209 723 Propheta
1239 688 1286 722 qui
1320 689 1378 716 haec
1410 689 1460 715 tria
1491 689 1702 724 complectitur,

913 734 1070 769 clamatque
1085 734 1118 761 ad
1143 734 1238 766 Deum,
1263 739 1290 761 et
1306 735 1416 769 propria
1431 735 1517 768 ipsius
1532 743 1614 768 voce;
1634 744 1703 770 qua—

914 786 1026 816 propter
1041 780 1084 807 bis
1095 780 1232 807 exclamat
1247 790 1254 808 :
1273 790 1282 806 t
1298 779 1370 808 Voce
1383 788 1453 811 mea.
1470 789 1536 809 voce
1550 789 1621 824 mea.
1639 792 1648 807 ι

1013 826 1180 860 ρυιΕδἸΊΟ
1194 827 1308 855 υΟΧΟΙΙ
1322 828 1419 864 {Cuish
1441 828 1523 856 Tuur.
1535 829 1615 865 CIV].

932 876 1004 909 Quid
1018 876 1105 904 valeat
1117 875 1166 903 hoc
1185 877 1350 939 uerbggvédtq
1359 878 1506 939 (’iratulala
1521 884 1558 906 est
1579 878 1689 906 Melchol

454 980 526 1006 Edita
541 988 554 1016 ιι
569 981 631 1006 Maio
647 981 676 1012 (l.
697 987 720 1006 ε.
736 987 761 1012 p.
779 979 846 1011 ΗΒ).
862 993 893 999 —-
908 979 1055 1011 Explanatio
1071 982 1095 1005 in
1113 981 1134 1007 II
1149 981 1212 1012 Reg.
1228 988 1263 1011 vx,
1277 981 1318 1005 20.

102 1039 141 1066 Τὸ
153 1039 192 1070 δὲ,
209 1038 369 1072 Εὺλόγησε
386 1037 510 1071 Μελχὸλ
533 1037 588 1064 τὸν
603 1036 692 1063 Δαϐὶδ
704 1057 711 1068 ,
727 1035 864 1071 λαμϐάνει
881 1043 902 1070 Β

68 1087 118 1122 μὲν
133 1086 180 1112 καὶ
193 1087 224 1111 ἐκ
242 1085 290 1120 τῆς
305 1084 509 1119 προειρημένης
524 1081 701 1115 ἁναπτύξεως
715 1083 745 1109 τὸ
763 1085 858 1116 σαφές⁸

67 1134 127 1160 ἀντὶ
140 1132 196 1167 γὰρ
208 1132 255 1157 τοῦ
271 1130 481 1163 ἐξυυδὲνωσεν
494 1131 603 1166 εἴρηται
616 1137 623 1145 ·
641 1130 782 1165 ἀλλότριον
807 1130 861 1166 γὰρ

67 1179 156 1205 ἐδόκει
172 1179 202 1204 τὸ
222 1178 333 1212 γύναιον
349 1176 490 1212 βασιλικοῦ
506 1177 683 1212 φρονήματος
700 1177 747 1203 καὶ
765 1177 860 1211 δγκου,

66 1226 160 1259 χοροῖς
179 1224 227 1250 καὶ
247 1223 433 1258 σκιρτήμασιν
449 1221 629 1257 ἐνδιατρίϐειν
641 1231 647 1237 ·
661 1221 719 1249 ἀλλ’
734 1223 801 1248 αὐτὸ
813 1223 861 1258 μὲν

66 1271 147 1297 τοῦτο
160 1270 192 1296 τὸ
205 1270 327 1304 χορείαις
341 1269 378 1304 μὴ
395 1268 651 1304 συγκαταφέρεσθαι
665 1268 711 1295 τὸν
736 1267 860 1304 βασιλέα,

67 1317 118 1343 οὐκ
133 1316 343 1347 ἀνεπισκέπτως
359 1316 494 1349 ἐλογίζετο
510 1316 526 1350 ἡ
538 1314 585 1341 τοῦ
599 1315 685 1341 Σαοὺλ
699 1314 860 1350 θυγάτηρ...

66 1363 98 1389 τὺ
109 1363 138 1388 δὲ
152 1362 223 1388 Θεῖον
238 1361 321 1388 πὸοον
336 1361 559 1395 ἐπιδεικνύμενον
574 1361 622 1387 ἐπὶ
639 1360 766 1387 τοσοῦτον
792 1360 862 1387 ἁλῶ-

68 1417 114 1435 ναι
126 1408 165 1443 τῷ
181 1408 263 1443 Ξρωτι
284 1406 331 1433 τοῦ
355 1407 525 1442 ποθουμένου
549 1406 626 1433 ἐνίκα
639 1407 689 1442 τῆς
705 1407 862 1441 γυναικείας

69 1455 179 1490 φύσεως
204 1454 254 1489 τὴν
286 1453 407 1488 γνῶσιν·
431 1454 478 1480 καὶ
507 1453 658 1488 ἁγνοοῦσαν
688 1453 814 1489 διήλεγχε
827 1454 863 1480 τὰ

69 1501 173 1536 κέντρα
190 1500 238 1526 τοῦ
255 1499 399 1526 Δαυῖτικοῦ
429 1499 525 1527 πόθου.
543 1500 774 1535 Ἐπισημαίνεται
791 1501 818 1526 δὲ
831 1501 862 1527 τὸ

70 1547 193 1582 Γραμμα
206 1546 236 1573 τὸ
251 1547 333 1582 ἱερὸν,
348 1546 386 1578 ὡς
400 1547 492 1582 μήτηρ
509 1546 559 1573 οὐκ
577 1546 765 1582 ἐχρημάτισεν
792 1546 862 1583 αὕτη

70 1593 192 1624 παιδίου,
210 1593 259 1628 τῆς
287 1593 334 1619 ἐπὶ
358 1591 397 1628 τῷ
423 1591 505 1619 Δαῦὶδ
532 1592 631 1627 χλεύης
654 1593 864 1628 ἀπαγγέλλουσα

69 1640 119 1674 τὴν
145 1639 223 1673 δίκην
237 1647 243 1653 ·
259 1639 369 1673 ἀφίεται
391 1638 419 1664 at
439 1638 456 1674 ὴ
476 1638 582 1674 Μελχὺλ
611 1640 650 1671 είς
667 1639 717 1675 τὴν
741 1639 862 1675 περὶτοῦ

72 1685 156 1712 Δαϐὶδ
170 1685 365 1720 κατενεχθῆναι
378 1684 488 1720 χλεύην,
498 1685 580 1719 ἡνίκα
594 1684 672 1720 δίκην
687 1685 864 1720 χρεωστοῦσα

71 1732 212 1767 ἁπαιτηοῇ
229 1731 287 1767 «τὴν
314 1732 444 1758 ἀπαιδέαν
461 1740 468 1746 ·
481 1731 638 1758 ἁπαιτεῖται
663 1730 692 1758 δὲ
705 1731 753 1768 τὴν
775 1732 862 1758 ἀπαι-

71 1779 141 1812 δίαν,
158 1779 204 1806 ἵνα
223 1778 319 1813 μηδεὶς
337 1779 369 1804 ὲκ
384 1778 431 1804 τοῦ
448 1778 607 1813 σπέρματος
630 1778 698 1813 ὅπερ
721 1778 862 1812 ἀπειρύετο

71 1825 119 1851 τοῦ
136 1824 221 1850 Σαοὺλ
236 1823 284 1850 τοῦ
302 1823 443 1859 βασιλικοῦ
463 1824 586 1859 διάδοχος
607 1823 762 1859 ἀξιώματος
777 1833 862 1851 κατα-

72 1873 123 1907 στῇ
133 1879 140 1885 ·
154 1871 195 1897 ἔτι
207 1870 235 1897 δὲ
247 1871 290 1897 ἵνα
306 1871 343 1906 μὴ
361 1871 455 1902 στάσις
471 1870 525 1903 καὶ,
534 1870 613 1904 φόνος
629 1870 678 1897 τοῦ
689 1879 719 1897 τε
732 1869 761 1903 ἐξ
775 1871 862 1905 αὐτῆς

72 1918 288 1953 προεληλυθότος
302 1918 349 1943 καὶ
362 1917 418 1943 τῶν
443 1916 473 1949 ἐξ
493 1916 594 1952 ἐτέρων
614 1916 751 1951 γυναικῶν
767 1917 862 1951 ἐπιγε-

71 1964 192 1998 γονότων
206 1962 373 1998 διαπραχθῇ.

335 2009 505 2036 sparum:
520 2007 597 2042 xw.

158 2057 268 2083 Διατιὸ
286 2056 375 2083 Δασὶὸ
396 2056 430 2082 τὸ
451 2056 547 2090 ἐφοὺδ
562 2057 773 2090 περιεϐάλετο;

953 1035 1016 1063 lizee
1032 1035 1148 1063 Melo/tot
1169 1036 1306 1071 gratulata
1321 1041 1361 1063 est
1378 1035 1464 1063 Darid
1478 1037 1558 1072 plana
1585 1042 1650 1064 sunt
1670 1046 1704 1065 es

914 1082 956 1109 his
972 1090 1033 1117 qua:
1049 1091 1129 1118 supra
1147 1083 1309 1116 docuimus;
1324 1083 1404 1109 verba
1422 1083 1495 1109 enim
1512 1083 1630 1117 despexit
1644 1092 1705 1110 eum

913 1129 941 1155 in
950 1129 1030 1155 corde
1043 1137 1091 1155 suo
1110 1129 1150 1156 sic
1163 1129 1334 1164 interpretati
1354 1137 1460 1156 sumus.
1476 1129 1571 1156 Mulier
1585 1129 1704 1157 alicnqu

916 1184 931 1202 a
950 1176 1024 1210 regia
1043 1175 1176 1210 gravitate
1196 1181 1222 1203 et
1248 1175 1393 1210 majestate
1414 1176 1531 1203 ducebat
1561 1184 1653 1212 regem
1676 1177 1704 1205 iu

914 1222 1006 1249 choris
1021 1228 1048 1249 et
1061 1222 1255 1250 saltationibus
1279 1222 1396 1249 versari.
1413 1221 1471 1250 Hoc
1490 1223 1579 1257 ipsum
1605 1223 1705 1252 choros

914 1275 968 1295 non
985 1268 1083 1296 decere
1109 1276 1212 1304 regem,
1233 1277 1286 1296 non
1315 1269 1472 1296 inconsulto
1488 1270 1625 1304 cogitabat
1650 1270 1704 1298 lilia

915 1313 982 1342 Saul
997 1334 1004 1341 .
1022 1334 1029 1341 .
1042 1335 1049 1341 .
1062 1335 1068 1341 .
1086 1324 1093 1348 ;
1111 1315 1233 1342 divinum
1243 1323 1308 1342 vero
1323 1315 1489 1343 desiderium
1506 1317 1591 1351 quod,
1608 1321 1705 1351 captus

914 1368 1009 1388 amore
1024 1361 1120 1393 David,
1136 1367 1190 1388 tam
1206 1362 1384 1389 vehementer
1400 1363 1598 1395 declaraverat,
1620 1363 1704 1399 hujus

915 1407 1041 1434 mulieris
1057 1413 1183 1434 naturam
1203 1412 1230 1435 et
1250 1412 1368 1435 mentem
1385 1409 1548 1443 superabat;
1574 1409 1706 1444 ignoran-

915 1458 969 1480 tem
988 1453 1128 1488 redarguit
1154 1453 1277 1481 fervidus
1307 1453 1420 1482 Davidis
1436 1462 1523 1481 amor.
1545 1454 1661 1482 Docetur
1677 1455 1706 1481 itt

915 1499 1001 1526 sacris
1017 1498 1169 1534 Scripturis
1183 1499 1298 1526 Melchol
1313 1508 1453 1535 nunquam
1479 1502 1574 1528 matris
1596 1501 1707 1528 nomine

914 1551 1040 1572 vocatam
1059 1553 1131 1578 esse,
1165 1547 1260 1581 sicque
1289 1546 1460 1574 nuntiavisse
1478 1555 1530 1581 qua
1556 1547 1707 1575 adiceretur-

915 1598 997 1625 pmna
1011 1598 1061 1625 pro
1075 1591 1165 1619 allatis
1182 1591 1210 1618 in
1231 1592 1358 1619 Davidem
1375 1592 1518 1619 conviciis.
1540 1592 1708 1627 Repudiatur

915 1637 1032 1665 Melehol
1064 1647 1125 1674 qua:
1151 1638 1283 1667 Davidem
1321 1639 1455 1672 irriserat,
1490 1645 1517 1666 et
1543 1648 1592 1675 pro
1619 1642 1709 1668 exsul-

917 1684 1004 1711 venda
1022 1692 1114 1719 paula,
1128 1685 1261 1720 deinceps
1280 1693 1336 1712 non
1353 1686 1442 1720 parit:
1459 1686 1603 1714 sterilitate
1616 1692 1707 1714 autem

917 1730 1035 1757 afﬁcitur
1050 1739 1084 1758 ne
1099 1731 1247 1766 quisquam
1260 1739 1275 1759 e
1294 1733 1399 1759 semine
1415 1732 1482 1758 Saul
1499 1732 1526 1759 in
1540 1733 1644 1767 regiam
1659 1741 1708 1768 po-

918 1779 1043 1803 testatem
1057 1777 1232 1811 succederet,
1250 1782 1298 1805 aut
1312 1777 1444 1805 factiones
1455 1783 1483 1805 et
1495 1779 1642 1806 homicidia
1660 1787 1709 1813 per

917 1821 977 1856 ejus
1000 1822 1088 1849 ﬁlium
1104 1843 1111 1856 ,
1137 1824 1263 1859 aliosque
1283 1833 1315 1852 ex
1338 1825 1400 1852 aliis
1426 1825 1588 1854 mulieribus
1608 1825 1710 1867 liberos

917 1869 1066 1896 orirentur.

1011 2013 1179 2048 QUIESTIO
1202 2014 1326 2043 CCXCIII
1343 2014 1437 2051 [CoiaL
1457 2014 1540 2042 Taur.
1555 2015 1624 2053 CV].

1069 2061 1124 2088 Cur
1138 2058 1225 2088 David
1242 2061 1277 2088 sit
1292 2062 1426 2089 accinctus
1443 2061 1535 2096 Epitad
1551 2064 1564 2091 .’

349 2126 422 2152 Edita
435 2134 450 2151 a
465 2125 527 2150 Maio
544 2125 571 2157 (1.
583 2133 604 2151 c.
620 2134 645 2158 p.
658 2127 713 2158 148,
725 2135 750 2159 q.
761 2128 827 2158 305).
843 2143 875 2147 —
891 2129 917 2154 in
930 2130 952 2155 Il
968 2130 1030 2162 Reg.
1043 2137 1075 2160 Vl,
1090 2131 1133 2162 ‘u;
1147 2131 1157 2156 Ι
1173 2131 1320 2164 Paralipom.
1332 2138 1374 2162 xv,
1390 2132 1430 2156 27.

104 2182 222 2218 Εἴρηται
241 2181 269 2208 δὲ
291 2182 334 2208 ὅτι
359 2181 406 2208 ἐπὶ
421 2181 468 2207 τοῦ
484 2180 564 2207 Δαυῖδ
574 2201 582 2214 ,
598 2181 680 2215 ἐφούδ
689 2190 696 2197 ·
711 2181 799 2208 καίτοι
811 2182 862 2209 οὐκ

68 2230 130 2263 ἐξὸν
145 2229 220 2262 αὑτῷ
236 2227 356 2259 εὐσεϐῶς
372 2226 474 2262 βιοῦντι
495 2227 588 2262 ἱερέως
602 2227 698 2262 στολὴν
715 2228 862 2263 περιϐαλέ-

70 2276 152 2302 σθαισ
170 2274 238 2301 ἀλλὰ
256 2274 321 2308 περὶ
335 2272 430 2299 τούτου
451 2273 508 2299 τισὶ
528 2273 577 2309 μὲν
591 2272 707 2308 ἐρρήθη,
721 2273 759 2305 ὡς
787 2274 863 2300 ἐπει-

952 2183 1060 2211 Dictum
1088 2189 1130 2213 est
1150 2184 1279 2213 Davidem
1294 2185 1389 2220 Ephod
1411 2186 1535 2214 induisse
1549 2185 1624 2227 Quod
1642 2189 1706 2216 huic

916 2234 1010 2265 utpote
1020 2230 1125 2266 integra
1142 2231 1197 2258 vita
1211 2239 1266 2258 non
1294 2232 1401 2259 licebat.
1420 2231 1478 2259 Hac
1491 2232 1524 2259 de
1541 2240 1570 2260 re
1588 2233 1635 2260 alii
1653 2234 1706 2261 alia

916 2280 1094 2303 censuerunt.
1104 2276 1233 2304 Satuuele
1253 2277 1358 2304 scilicet
1371 2282 1490 2309 mortuo,
1511 2277 1627 2312 ejusque
1642 2278 1705 2306 ﬁliis

69 2322 101 2357 δὴ
117 2320 245 2356 Σαμουὴλ
259 2320 309 2355 μὲν
325 2319 445 2351 ἁπεδὶω,
461 2320 485 2346 οἱ
499 2319 527 2346 δὲ
545 2320 640 2346 τούτου
656 2319 749 2351 παῖδες
762 2319 842 2354 ἐξητά

937 2331 943 2348 I
957 2322 1062 2349 crimen
1075 2322 1196 2354 vocatis,
1213 2327 1243 2349 ut
1266 2327 1405 2357 oporteret
1418 2322 1588 2350 sacerdotem
1611 2330 1704 2350 aream

70 2369 148 2400 ζοντο
163 2367 192 2393 ὲν
203 2366 314 2398 αἰτίαις,
329 2366 382 2392 ἔδει
393 2365 422 2392 δὲ
439 2366 514 2401 ἱερέα
530 2365 580 2399 τῆς
596 2365 714 2392 κιϐωτοῦ
729 2365 776 2392 τοῦ
793 2365 861 2392 Θεοῦ

69 2411 304 2448 προπορεύεσθαι,
321 2412 369 2439 καὶ
384 2412 435 2438 οὐκ
445 2411 480 2447 ἦν
495 2413 509 2438 ὁ
523 2412 572 2446 τὴν
588 2412 741 2447 ὑπηρεσίαν
759 2412 862 2447 ταύτης

70 2459 235 2494 ἠξιωμένος,
246 2458 276 2490 ἐξ
292 2459 415 2494 ἀνάγκης
430 2458 444 2484 ὁ
457 2458 582 2494 βασιλεὺς
594 2458 644 2493 τὴν
657 2457 785 2493 τοιαύτην
797 2459 865 2484 ἀνα-

69 2507 178 2541 δέχεται
212 2505 394 2540 λειτουργίαν,
423 2505 471 2532 ἅτε
493 2504 526 2538 δὴ
552 2505 599 2530 καὶ
628 2504 682 2530 τῶν
705 2503 863 2537 ἀλλοφύλων

69 2554 119 2588 τὴν
150 2551 268 2578 κιϐωτὸν
299 2551 380 2581 αὐτὸς
407 2550 580 2585 ἀνενεγκών·
596 2549 636 2576 διδ
663 2549 711 2576 καὶ
738 2550 862 2585 χρησμὸν

72 2601 161 2626 ἀνεῖλε
176 2599 207 2625 τὸ
222 2598 303 2632 ὲφοὺδ
316 2599 396 2632 νίκην
417 2597 653 2633 ἐπαγγελλόμενον
668 2597 707 2632 τῷ
726 2597 835 2633 Ἰσραήλ
854 2605 861 2612 ·

71 2647 117 2672 καὶ
140 2646 190 2681 τὴν
214 2645 293 2680 νίκην
308 2645 322 2671 ὁ
336 2644 417 2671 Δαυῒδ
436 2645 579 2680 ἀνατίθησι
599 2643 638 2678 τῷ
659 2643 719 2679 Θεῴ
737 2651 744 2658 ·
763 2644 820 2679 ἃμα
835 2644 864 2670 δὲ

71 2691 319 2726 οὐδ’ἁτιμάζοντος
349 2689 383 2726 ἦν
406 2690 486 2717 τοῦτο
510 2691 560 2726 τὴν
587 2690 728 2725 ἱερατικὴν
756 2690 863 2722 στολὴν,

72 2738 141 2765 ἀλλὰ
156 2738 343 2773 σεϐαςομὲνου
357 2738 403 2764 καὶ
419 2737 468 2772 τῆς
479 2738 520 2763 δτι
534 2737 651 2772 μάλιστα
663 2736 745 2772 τιμῆς
758 2735 865 2768 ἀξιοῦν-

74 2792 120 2816 τος
129 2792 136 2800 ·
155 2784 262 2810 ἐδείκνυ
277 2784 332 2818 γὰρ
342 2783 375 2810 δι’
392 2780 430 2810 ὧν
442 2784 483 2814 εἰς
493 2783 602 2818 ἐκείνην
615 2782 797 2816 κατέφευγεν,
814 2782 863 2816 ὅση

73 2833 204 2867 ὠφείλετο
217 2834 273 2863 τοῖς
285 2833 323 2863 ὡς
336 2831 445 2868 ἀληθῶς
457 2830 575 2866 ἱερεῦσιν
589 2832 605 2866 ή
621 2831 688 2866 τιμή
699 2840 706 2846 ·
718 2827 755 2857 ὧν
770 2831 786 2866 ἡ
804 2839 865 2857 στο-

121 2879 161 2914 τῴ
179 2879 283 2914 βασιλεῖ
306 2879 384 2912 δόξαν
407 2887 436 2904 τε
450 2879 496 2904 καὶ
511 2878 589 2912 νίκην
606 2878 652 2904 καὶ
666 2877 800 2912 τοσαύτην
814 2877 865 2912 χά-

77 2935 118 2960 ριν
149 2926 284 2962 προξενεῖ.
309 2925 378 2952 Ἀλλ’
398 2925 469 2952 οὕτω
485 2925 536 2960 μὲν
557 2924 624 2952 ἔνιοί
640 2933 722 2959 φασιν
738 2932 745 2939 ·
762 2923 865 2958 ἑτέροις

75 2972 102 2998 δὲ
114 2972 190 2999 δοκεί
206 2972 243 3007 μὴ
257 2971 289 2999 ἄν
301 2981 366 2999 ποτε
382 2971 590 3007 κατατολμῆσαι
600 2971 646 2998 τὸν
660 2970 771 3006 βασιλέα
784 2969 866 2997 Δαυῖδ

914 2368 962 2402 Dei
973 2368 1139 2403 praecedere,
1152 2376 1185 2396 ac
1193 2375 1275 2396 nemo
1284 2368 1350 2396 tanti
1357 2374 1428 2396 esset
1436 2363 1580 2396 ministerii
1592 2369 1703 2405 dignus,

913 2422 946 2442 ex
959 2415 1126 2442 necessitate
1146 2422 1237 2450 regem
1251 2415 1303 2442 hoc
1317 2415 1409 2443 otlicio
1424 2415 1551 2442 functum
1568 2423 1641 2448 esse,
1655 2417 1703 2449 qui

913 2461 948 2488 ab
964 2461 1062 2489 alienis
1093 2462 1222 2497 gentibus
1250 2469 1341 2489 arcam
1360 2462 1419 2496 ipse
1444 2462 1586 2489 retulerat.
1613 2463 1704 2495 Quare

914 2506 1010 2542 Epltod
1038 2507 1112 2542 quod
1133 2508 1197 2535 (iliis
1224 2508 1307 2535 lsrael
1324 2508 1470 2535 victoriam
1483 2508 1631 2536 nuntiabat
1658 2509 1703 2535 in-

914 2553 973 2580 duit
987 2562 995 2586 ;
1008 2554 1093 2581 David
1109 2555 1192 2589 igitur
1211 2554 1355 2581 victoriam
1370 2555 1404 2582 ad
1422 2554 1508 2582 Deum
1523 2556 1607 2582 refert
1621 2564 1629 2588 ;
1648 2562 1703 2582 non

915 2604 1006 2626 autem
1020 2600 1072 2628 hoc
1086 2606 1146 2628 erat
1160 2600 1259 2628 stolam
1277 2601 1478 2628 contemnentis
1494 2600 1703 2632 sacerdotalem,

916 2645 963 2671 sed
984 2646 1142 2673 venerantis
1174 2650 1202 2673 et
1229 2653 1289 2673 eam
1311 2653 1394 2680 quam
1426 2645 1538 2673 maximi
1563 2645 1702 2673 facientis.

914 2690 1035 2726 Apparet
1048 2693 1120 2719 enim
1134 2700 1166 2720 ex
1178 2692 1212 2720 iis
1223 2693 1270 2727 qui
1286 2693 1320 2720 ad
1330 2693 1401 2720 hanc
1412 2693 1509 2720 stolam
1521 2692 1705 2726 confugerunt

915 2743 1035 2772 quantus
1055 2739 1201 2766 deberetur
1215 2746 1280 2766 vere
1303 2739 1493 2767 sacerdotibus
1516 2739 1616 2770 honor,
1634 2745 1704 2772 quo-

917 2792 978 2812 rum
998 2785 1067 2812 stola
1082 2786 1136 2819 regi
1155 2785 1270 2819 gloriam
1286 2790 1314 2814 et
1328 2786 1468 2813 victoriam
1488 2792 1515 2813 et
1526 2790 1629 2812 tantam
1640 2792 1704 2819 gra-

916 2831 981 2858 tiam
996 2832 1196 2866 suppeditabat.
1210 2832 1272 2859 llatc
1284 2840 1299 2858 a
1310 2832 1473 2867 quihusdam
1492 2833 1628 2864 dicuntur,
1641 2830 1704 2858 aliis

916 2882 1007 2905 autem
1019 2878 1108 2912 placet
1120 2886 1261 2912 nunquam
1277 2887 1375 2907 ausum
1402 2879 1488 2907 fuisse
1504 2886 1596 2914 regem
1617 2878 1704 2905 David

917 2924 1113 2952 sacerdotalem
1128 2925 1226 2952 stolam
1242 2925 1366 2956 induere.
1382 2925 1430 2953 sed
1455 2925 1542 2953 fuisse
1555 2924 1704 2958 quamdam

917 2971 1055 3006 propriam
1075 2971 1186 3006 regibus
1206 2976 1320 3005 vestem,
1341 2971 1385 3000 cui
1421 2970 1600 2999 sacerdotalis
1627 2969 1704 2998 stolae
