1886 3071
190 177 258 209 1127

765 175 898 207 ΡΗΟΤΙῙ
913 175 1167 206 PATRIARCH/E
1187 176 1241 206 CP.

1208 125 1223 138 δ

1749 180 1820 212 119.8

185 244 335 273 cognomen
347 241 417 268 erat,
428 242 544 271 eamque
573 234 623 262 illo
635 225 763 270 'tempore
779 241 795 261 a
815 241 878 269 rege
894 233 953 260 Dav1

1069 234 1173 270 ιατικὴν
1193 235 1291 270 στολὴν
1316 236 1491 272 περιϐαλεῖν,
1505 237 1563 265 ἀλλ’
1586 236 1655 265 εἷναί
1672 247 1709 271 τι,
1726 239 1820 274 φασὶν,

186 284 311 311 indutam
325 282 424 310 fuisse.

1029 279 1297 316 ἀποκεκληρωμένον
1312 284 1370 314 τοῖς
1387 282 1546 318 βασιλεῦσιν
1563 284 1726 320 ἀμφίασμα,
1741 284 1757 311 δ
1774 286 1822 311 καὶ

185 334 251 362 αὐτὸ
262 334 341 369 ἔφερε
355 332 406 368 τὴν
419 331 570 367 ὀνομασίαν
584 331 634 366 τῆς
652 328 795 365 ἱερατικῆς
810 326 975 363 στολῆς,καὶ
993 327 1074 355 τοῦτο
1104 331 1167 357 κατ’
1180 331 1269 358 ἐκεῖνο
1299 331 1397 367 καιροῦ
1415 332 1632 368 περιϐεϐλῆσθαι
1645 333 1694 360 τὸν
1709 333 1824 370 βασιλέα

184 381 425 462 Δαυϊᾍυλεδτιο
441 424 567 454 CCXCIV
601 422 697 459 lCoisl.
716 421 797 449 Taur.
823 420 904 456 CVI].

334 473 406 506 Quid
419 472 519 508 faceret
531 471 619 498 Adam
633 471 660 497 in
679 469 807 504 paradiso
823 470 835 495 1’

1299 420 1466 447 ararum:
1480 421 1558 455 ELA'.

1141 464 1173 491 Τί
1188 464 1336 499 ἔπραττεν
1352 465 1444 501 Ἀδὰμ
1466 467 1502 493 ἐν
1523 467 1718 503 παραδείσῳ;

426 529 498 555 Edita
513 537 526 554 a
542 528 604 554 Maio
616 529 644 561 (l.
661 536 683 554 c.
700 536 725 560 p-
741 527 799 558 149,
810 535 837 559 q.
850 526 916 556 504).
929 538 953 544 —-

1070 526 1125 550 dam
1141 527 1166 551 in
1181 525 1294 557 paradiso
1308 527 1406 552 fecerit.
1419 527 1481 553 Gen.
1495 535 1522 559 ιι,
1537 528 1577 553 15.

220 587 251 615 In
281 586 411 622 paradiso
434 586 586 614 collocatus
614 585 713 617 Adam,
745 591 833 619 neque
858 584 976 610 otiosam

186 641 276 670 neque
289 634 402 661 inertem
427 633 510 660 vitam
529 633 636 667 agebat,
654 631 702 660 sed
717 630 814 658 virtuti
832 629 976 657 incumbe-

186 681 243 712 bat,
255 684 282 707 et
295 679 329 707 ad
341 680 451 707 Virtutis
463 686 544 714 opera
562 686 623 706 sese
638 678 793 705 exercebat.
824 676 977 710 Quoniam-

187 736 241 764 que
257 726 366 754 virtutis
388 730 492 758 custos,
505 729 533 752 et
547 724 672 752 omnium
698 731 791 751 rerum
813 723 897 756 hujus
924 720 977 749 loci

187 766 355 802 constitutus
367 776 436 804 erat,
452 779 468 799 e
484 770 614 806 paradiso
628 771 657 797 in
666 769 796 797 exsilium
808 769 911 804 eiectus
924 772 976 796 est.

187 821 217 848 ln
230 819 320 848 medio
342 818 470 854 paradiso
484 821 545 845 erat
563 817 656 844 arbor.
674 815 733 849 Qua
750 816 784 843 de
811 823 895 843 causa
922 819 982 842 erat

187 867 251 896 vita:
266 865 368 893 arbor?
384 864 434 891 Est
448 863 511 890 huic
522 862 614 890 arbori
632 869 693 889 cum
708 862 791 889 corde
801 862 925 896 quaedam
943 861 980 888 si-

187 910 336 943 militudo;
361 909 461 936 etenim
479 913 510 935 ut
534 915 582 935 cor
598 907 719 934 medium
739 907 766 934 in
792 914 906 942 corpore
920 906 980 934 ani-

188 955 254 984 mali
268 953 456 987 constituitur,
474 953 514 981 sic
530 952 576 979 illa
596 953 658 979 vitae
672 952 757 980 arbor
776 952 804 979 in
820 952 909 979 medio
931 959 980 986 pa-

188 1004 273 1032 radisi
287 1002 426 1030 crescebat
440 1009 447 1035 ;
467 1001 520 1033 vel,
533 1001 554 1029 si
569 1000 618 1028 tibi
630 1000 718 1036 placet
735 1000 866 1036 mysticus
876 1006 978 1032 sermo,

188 1057 296 1078 sunma
330 1049 419 1077 virtus
446 1048 575 1076 rationali
603 1047 702 1075 arbore
734 1047 863 1083 ﬁgurata,
899 1046 979 1081 quasi

188 1096 290 1128 media,
302 1102 410 1123 summo
435 1102 450 1122 e
466 1097 559 1121 monte
574 1093 603 1121 in
620 1101 730 1121 omnem
745 1093 828 1120 vitam
856 1092 978 1127 proﬂuit.

190 1141 281 1177 thue
294 1142 349 1168 vita
379 1140 497 1168 medioe
514 1146 630 1174 corpore
666 1138 779 1171 diﬂ‘usa,
799 1145 895 1166 omnes
919 1137 980 1165 ani-

188 1189 270 1216 malis
287 1192 379 1223 partcs
389 1188 466 1214 vivas
482 1190 509 1214 et
524 1186 712 1213 coalescentes
727 1189 812 1216 tenet,
834 1185 874 1212 sic
890 1184 936 1211 illa
946 1191 980 1211 ex

189 1235 281 1263 medio
306 1233 389 1262 veluti
405 1233 482 1260 fonte
502 1233 615 1265 emissa,
630 1239 726 1259 omnes
749 1231 865 1259 virtutes
884 1231 980 1266 irrigat

189 1279 421 1315 etnutrit.'Prupe
437 1279 613 1314 intelligerent
632 1279 758 1305 arborem
769 1278 831 1305 vitae
845 1279 871 1305 in
892 1278 980 1304 medio

188 1328 315 1363 paradiso
328 1326 456 1362 positam,
473 1326 537 1360 quia
551 1324 688 1358 Christus,
707 1326 759 1352 vita
775 1331 879 1358 nostra,
891 1325 981 1353 media

190 1374 219 1400 in
236 1377 309 1400 terra
328 1371 402 1399 cruci
418 1379 468 1406 pro
481 1371 562 1398 nobis
590 1370 687 1398 aiiixus
714 1376 767 1399 est.
780 1371 904 1407 Namque
917 1373 981 1400 huic

190 1419 264 1455 ligno
277 1418 349 1453 quod
374 1417 494 1444 medium
512 1417 540 1443 in
559 1418 638 1444 terris
651 1423 720 1450 erat,
748 1418 820 1445 haud
844 1419 980 1447 absimilis

190 1472 258 1492 crux
277 1464 388 1492 dicitur.
398 1464 436 1491 De
447 1463 544 1490 arbore
559 1463 682 1490 scientia:
699 1464 763 1491 boni
778 1470 805 1491 et
816 1465 881 1492 mali
898 1466 980 1493 verba

190 1511 301 1546 quidem
315 1509 385 1537 facta
411 1514 486 1543 sunt,
500 1509 593 1536 nullus
609 1513 700 1536 autem
726 1509 803 1538 locus
826 1512 981 1547 assignatus

192 1561 245 1585 est.
259 1557 319 1590 Qua
330 1557 362 1583 de
376 1555 481 1583 causa?
497 1555 566 1588 Quia
592 1556 694 1582 malitia
709 1555 799 1584 locum
817 1565 869 1584 non
888 1558 979 1592 habet,

191 1603 240 1632 sed
250 1603 345 1630 virtuti
362 1602 557 1637 propemodum
572 1601 708 1635 conteret;
729 1602 828 1630 melius
851 1611 914 1631 vero
929 1606 982 1632 crit

193 1651 227 1677 de
242 1650 285 1677 his
299 1653 394 1684 postea
412 1648 563 1682 disputare.

1070 582 1114 609 Ἐν
1129 582 1158 609 δὲ
1180 582 1220 618 τῷ
1234 584 1393 620 παραδείσῳ
1407 584 1497 616 τεθεὶς
1515 585 1530 610 ὁ
1552 584 1637 620 ’Δδάμ
1662 585 1714 612 οὐκ
1738 585 1825 621 ἀργὸν

1028 629 1089 656 οὐδὲ
1112 629 1256 665 ἄπρακτον
1283 630 1456 658 ἐπολιτεύετο
1485 631 1554 666 βίον,
1571 631 1630 658 ἀλλ’
1646 632 1749 667 ἀρετῆς
1777 633 1825 668 μὲν

1029 675 1200 710 ἐπεμελεῖτο,
1212 677 1268 707 τοῖς
1291 676 1319 702 δὲ
1332 677 1393 703 κατ’
1407 678 1494 712 αὐτὴν
1518 677 1610 713 ἔργοις
1627 678 1802 714 ὲνησχολείτο
1816 685 1824 692 ·

1029 721 1071 747 διὸ
1089 722 1137 748 καὶ
1151 722 1235 757 ἡνίκα
1253 722 1301 764 τοῦ
1323 722 1411 757 φύλαξ
1431 721 1501 750 εἶναι
1518 725 1569 759 τῆς
1592 724 1694 759 ἀρετῆς
1709 724 1826 751 καὶτῶν

1029 767 1180 803 δεδομένων
1205 768 1314 804 ἐξέστη,
1333 771 1380 796 τοῦ
1406 771 1574 806 παραδείσου
1603 771 1654 806 τὴν
1674 771 1826 806 ὑπερορίαν

1029 814 1212 851 κατεδικάσθη
1224 823 1231 830 ·
1249 816 1331 851 μέσον
1347 816 1376 843 δὲ
1405 817 1454 843 τοῦ
1474 817 1641 851 παραδείσου
1661 817 1693 843 τὺ
1720 818 1801 849 ξύλον
1816 825 1824 833 ·

1030 860 1098 887 διότι
1111 861 1183 897 ζωῆς
1206 859 1240 897 ἦν
1264 861 1344 895 ξύλον
1363 871 1371 878 ·
1387 864 1435 890 καὶ
1462 863 1611 898 ἀναλογίαν
1638 864 1700 891 τινὰ
1728 864 1825 899 ὲπὲχει

1031 908 1100 941 πρὸς
1114 908 1164 943 τὴν
1177 909 1290 944 καρδίαν
1300 918 1308 925 ·
1328 909 1424 945 ὥσπερ
1440 910 1487 937 οὖν
1502 911 1571 946 αῦτη
1586 912 1616 937 ὲν
1633 911 1710 946 μέσῳ
1725 911 1767 946 τῷ
1779 912 1826 938 τοῦ

1033 954 1105 986 ζώου
1136 955 1340 992 καταϐέϐληται
1369 956 1580 992 σώματι,οὔτω
1607 957 1719 984 κάκεῖνο
1753 957 1826 993 ζωῆς

1032 1001 1167 1037 ὑπάρχον,
1189 1001 1268 1034 ξύλον
1283 1002 1366 1038 μέσον
1382 1003 1553 1036 ὲπεφύτευτο
1575 1004 1623 1030 τοῦ
1639 1004 1823 1040 παραδείσου·

1031 1049 1055 1074 εί
1072 1048 1101 1075 δέ
1127 1057 1169 1075 σοι
1197 1048 1276 1083 φίλον
1293 1049 1341 1075 καὶ
1353 1050 1367 1076 ὸ
1381 1049 1555 1084 ἀναγωγικὸς
1568 1050 1661 1084 λόγος,
1673 1051 1690 1086 ἠ
1708 1059 1825 1085 γενικωο

1030 1095 1110 1130 τάτη,
1131 1096 1223 1130 φασιν,
1239 1095 1324 1132 ἀρετὴ
1341 1097 1370 1123 ἐν
1382 1096 1421 1131 τῷ
1434 1096 1537 1133 λογικῷ
1557 1097 1733 1132 θεωρουμένη
1751 1097 1824 1132 ζώῳ,

1030 1144 1125 1178 ὥσπερ
1140 1143 1194 1170 ἀπὸ
1213 1143 1299 1178 μέσης
1316 1143 1390 1175 τινὸς
1412 1143 1570 1180 ἀκρωρείας
1587 1144 1634 1170 ἐπὶ
1659 1144 1754 1170 πᾶσαν
1769 1143 1825 1170 δια-

1031 1191 1118 1225 χεῖται
1142 1189 1243 1224 πρᾶξιν
1258 1198 1264 1205 ·
1284 1190 1330 1216 καὶ
1347 1189 1409 1216 καθ’
1425 1189 1455 1216 ὃν
1468 1190 1570 1225 τρόπον
1587 1191 1603 1226 ὴ
1619 1190 1677 1225 ζωὴ
1691 1191 1724 1217 ὲκ
1741 1191 1826 1226 μέσον

1031 1235 1103 1266 τινὸς
1117 1234 1218 1270 χωρίου
1234 1235 1418 1270 προχεομένη,
1434 1236 1524 1263 πάντα
1539 1236 1574 1263 τὰ
1595 1235 1642 1262 τοῦ
1659 1235 1730 1268 ζὼου
1755 1236 1825 1272 μέρη

1032 1281 1161 1315 ζωογονεῖ
1184 1289 1214 1307 τε
1241 1281 1289 1307 καὶ
1305 1280 1423 1316 συνέχει,
1442 1280 1513 1308 οὕτω
1530 1281 1577 1308 καὶ
1592 1281 1662 1316 αῦτη
1682 1282 1716 1308 ὲκ
1740 1281 1826 1317 μέσης

1031 1327 1104 1359 τινδς
1123 1327 1204 1354 οἱονεὶ
1220 1327 1313 1363 πηγῆς
1339 1327 1474 1361 προϊοῦσα
1500 1327 1577 1361 ἄρδει
1589 1336 1619 1353 τε
1633 1328 1680 1354 καὶ
1697 1328 1826 1363 ἐκτρέφει

1031 1374 1079 1400 καὶ
1103 1373 1153 1405 τὰς
1171 1372 1378 1408 ὑποϐεϐηκυίας
1392 1373 1461 1409 αὐτῇ
1483 1373 1581 1405 λοιπὰς
1597 1374 1710 1409 ἀρετὰς.
1727 1374 1826 1409 Ἐγγὺς

1031 1420 1055 1447 δ’
1069 1420 1102 1447 ἃν
1124 1421 1167 1454 εἴη
1191 1420 1319 1452 διανοεῖν,
1338 1420 1421 1453 μέσον
1438 1419 1566 1455 εἰρῆσθαι
1587 1420 1634 1447 τοῦ
1657 1420 1825 1455 παραδείσου

1032 1467 1062 1493 τὸ
1077 1467 1128 1503 τῆς
1150 1466 1223 1501 ζωῆς
1247 1465 1433 1501 πεφυτεῦσθαι
1457 1465 1546 1499 ξύλον,
1561 1466 1602 1493 ὅτι
1616 1467 1663 1493 καί
1677 1467 1797 1502 Χριστὸς
1808 1468 1825 1502 ή

1033 1512 1090 1548 ζωὴ
1115 1511 1193 1547 ήμῶν
1208 1513 1237 1538 ὲν
1254 1512 1329 1546 μέσῳ
1343 1511 1393 1545 τῆς
1408 1512 1459 1547 γῆς
1469 1511 1516 1538 τὸν
1530 1511 1601 1547 ὑπὲρ
1613 1511 1692 1548 ἡμῶν
1716 1512 1827 1545 ἐδέξατο

1034 1559 1152 1594 σταυρόν
1165 1566 1172 1572 '
1192 1558 1239 1585 καὶ
1265 1558 1320 1593 γὰρ
1336 1558 1377 1589 είς
1395 1557 1426 1584 τδ
1447 1558 1611 1593 μεσαίτατον
1626 1559 1694 1593 φασὶ
1708 1558 1760 1593 τῆς
1774 1559 1826 1594 γῆς

1034 1605 1065 1631 τὸ
1076 1604 1219 1641 ζωηφόρον
1235 1603 1323 1637 ξύλον,
1339 1603 1386 1630 τδν
1402 1604 1520 1640 σταυρὸν
1532 1605 1656 1640 παγῆναι
1672 1612 1679 1620 ·
1693 1605 1723 1632 τὸ
1737 1605 1767 1631 δὲ
1778 1605 1827 1637 ξύ-

993 1653 1016 1682 C
1032 1652 1078 1678 λον
1102 1650 1148 1678 τοῦ
1168 1649 1313 1684 γινώσκειν
1331 1649 1414 1677 καλὸν
1433 1651 1482 1677 καὶ
1497 1651 1616 1686 πονηρὸν
1637 1650 1748 1686 εῐρηται
1765 1651 1825 1686 μὲν,

191 1696 279 1728 οὐδεὶς
293 1696 322 1723 ὁὶ
346 1695 436 1731 χῶρος
459 1694 534 1730 αὐτῷ
554 1695 741 1722 ἀποτέτακται
754 1704 762 1712 ·
778 1696 850 1724 διατί
864 1699 948 1732 ;διότι
965 1703 982 1738 ἡ
1001 1701 1087 1730 κακία
1101 1699 1194 1735 χῶραν
1224 1698 1275 1725 οὐκ
1292 1697 1361 1733 ἔχει,
1392 1697 1462 1725 ἀλλά
1485 1700 1520 1735 τῇ
1541 1699 1625 1735 ἀρετῇ
1653 1699 1829 1735 παρυφίπαρ

190 1751 250 1770 ται.
266 1742 378 1778 ἄμεινον
403 1740 432 1767 δὲ
455 1740 526 1776 μετὰ
550 1740 637 1767 ταῦτα
646 1742 725 1777 περὶ
743 1743 839 1771 τούτου
862 1745 1036 1783 διαληπτέον.

276 1796 445 1832 QUESTIO
467 1796 689 1834 CCXCV[Cois!.
707 1798 790 1827 Taur.
812 1801 904 1839 cvm.

314 1845 369 1873 Cur
385 1840 432 1871 sui:
446 1851 549 1879 vespere
562 1844 747 1872 immolaretur
758 1855 842 1882 agnus
850 1849 864 1876 ?

1294 1803 1463 1830 ΕΙὮΤΗΣΙΣ
1491 1803 1572 1837 Σιιει.

1116 1849 1198 1877 Διατί
1223 1849 1297 1884 πρὸς
1322 1849 1457 1884 ἑσπέραν
1479 1849 1583 1877 ἐθύετο
1595 1851 1612 1877 ὁ
1627 1850 1724 1885 ἁμνός
1735 1859 1747 1883 ;

324 1902 397 1928 Edita
411 1908 425 1926 a
440 1901 503 1926 Maio
519 1901 549 1934 (ι.
565 1908 588 1926 ο.
604 1908 629 1933 p.
644 1902 699 1935 149,
709 1910 734 1935 q.
752 1904 818 1936 305).
835 1919 866 1924 —
881 1907 919 1932 De
936 1909 1054 1934 sacriﬁcio
1070 1909 1127 1940 agni
1143 1909 1297 1940 vespertino.
1311 1907 1389 1932 Exod.
1405 1915 1430 1937 ιι,
1443 1906 1467 1938 6;
1484 1906 1590 1932 Denter.
1605 1915 1657 1938 xw,
1671 1908 1696 1933 6.

229 1949 286 1978 Sub
300 1956 414 1985 vespere
428 1948 622 1977 immolabatur
636 1957 733 1985 agnus.
747 1951 811 1986 quia
822 1951 908 1987 ﬁgura
921 1959 982 1982 erat

191 1997 248 2025 veri
264 1996 328 2031 agni
356 1995 530 2031 pastor-isque
545 1995 646 2023 Christi
671 1996 770 2024 nostri.
786 1997 828 2024 Ad
850 2005 980 2028 occasum

193 2043 246 2071 diei
263 2043 378 2071 Creator
390 2046 483 2069 noster
495 2049 546 2077 pro
570 2042 649 2070 nobis
661 2042 842 2070 voluntariam
865 2049 980 2073 mortem

192 2089 272 2116 obiit.
297 2087 490 2122 Prmscriptum
517 2092 577 2115 erat
601 2088 768 2116 sacriﬁcium
786 2089 893 2122 oﬂ'erri,
916 2091 980 2119 luna

194 2135 303 2170 plenam
320 2135 420 2169 [lucem
440 2134 569 2162 habente.
600 2135 671 2162 Cum
685 2139 778 2163 autem
795 2134 921 2165 Salvator
934 2145 981 2173 ge-

191 2181 266 2208 neris
281 2180 368 2208 nostri
383 2187 438 2207 non
454 2179 544 2208 solum
559 2180 641 2208 homo
656 2180 818 2215 appelletur,
833 2182 978 2216 sedvDeus,

190 2227 297 2255 lunaris
308 2227 418 2262 quidem
432 2227 479 2254 lux
494 2226 580 2262 ﬁgura
599 2226 762 2260 divinitatis,
779 2227 875 2256 lunare
888 2234 979 2257 autem

190 2280 291 2308 ωψσε
304 2273 428 2308 corporis
442 2272 727 2308 assumpti.Pr-.cterea
738 2277 767 2300 ut
780 2273 845 2302 luna
856 2276 979 2310 quoties—

190 2326 299 2354 cunque
315 2319 447 2354 integram
460 2318 548 2345 lucem
569 2317 666 2352 adepta
677 2322 731 2350 est,
742 2319 870 2348 universo
880 2321 981 2349 mundo

190 2365 245 2393 «lux
260 2369 368 2401 praeest,
383 2365 535 2399 eodemque
550 2365 630 2392 niodo
641 2363 768 2393 Salv-ator
786 2371 888 2400 noster,
907 2367 981 2395 obita

1072 1954 1144 1989 Πρὸς
1158 1953 1279 1988 ἑσπέραν
1291 1953 1320 1979 δὲ
1332 1952 1428 1979 ἐθύετο
1441 1952 1455 1978 ὁ
1471 1952 1568 1988 ἀμνὸς,
1585 1953 1627 1980 ὅτι
1651 1953 1737 1980 τύπον
1760 1963 1828 1989 προ-

1034 2000 1167 2035 διέγραφε
1179 1998 1228 2026 τοῦ
1243 1997 1371 2034 ἀληθινοῦ
1388 1997 1476 2033 ἀμνοῦ
1500 1998 1549 2025 καὶ
1563 1998 1693 2034 ποιμένος
1707 2000 1828 2035 Χριστοῦ

1033 2046 1082 2073 τοῦ
1093 2044 1160 2072 Θεοῦ
1175 2044 1254 2080 ἡμῶν
1273 2052 1280 2059 ·
1296 2043 1342 2071 ἐπὶ
1362 2043 1479 2078 δυσμαῖς
1494 2044 1548 2079 γὰρ
1561 2044 1616 2070 τῶν
1630 2044 1738 2071 αίώνων
1749 2046 1798 2072 καὶ⁵
1813 2046 1827 2072 ὁ

1035 2092 1158 2126 πλάστης
1181 2091 1228 2118 τὸν
1247 2091 1317 2125 ὑπὲρ
1331 2089 1411 2126 ήμῶν
1425 2090 1549 2117 ἑκούσιον
1570 2090 1676 2124 ὑπέστη
1691 2090 1807 2118 θάνατον
1818 2099 1826 2107 ο

1036 2137 1211 2174 πλησιφαοῦς
1222 2137 1250 2164 δὲ
1268 2137 1316 2171 τῆς
1333 2136 1450 2172 σελήνης
1463 2136 1547 2172 οῦσης
1562 2137 1719 2172 προσήγετο
1733 2137 1764 2164 τὸ
1779 2137 1827 2164 θῦε

1035 2193 1074 2220 μα
1085 2193 1092 2200 ·
1111 2184 1174 2211 ἐπεὶ
1188 2184 1236 2211 καὶ
1253 2184 1268 2210 ὁ
1283 2182 1328 2210 τοῦ
1342 2183 1438 2217 γένους
1452 2182 1531 2218 ήμῶν
1545 2183 1641 2218 Σωτὴρ
1653 2183 1705 2210 οὐκ
1719 2184 1826 2219 ἄνθρω-

1032 2239 1084 2263 πος
1101 2231 1182 2266 μόνον
1206 2229 1405 2267 ἐχρημάτιζεν,
1419 2229 1488 2257 ἀλλὰ
1509 2230 1557 2256 καὶ
1571 2229 1637 2262 Θεός
1650 2239 1658 2247 ·
1675 2231 1724 2257 καὶ
1743 2231 1826 2258 τύπον

1033 2278 1081 2313 μὲν
1110 2279 1162 2312 τῆς
1188 2276 1322 2311 Θεότητος
1338 2277 1417 2312 φέρει
1429 2276 1459 2302 τὺ
1489 2277 1557 2311 φῶς,
1570 2276 1640 2303 τὸδὲ
1665 2276 1826 2312 σεληνιακὸν

1031 2322 1112 2357 σῶμα
1121 2322 1172 2356 τῆς
1186 2321 1408 2357 προσληφθείσης
1424 2322 1524 2357 σαρκός
1537 2331 1544 2338 ·
1563 2322 1633 2358 πλὴν
1645 2323 1741 2358 ἐπειδὴ
1756 2325 1827 2350 κατὰ

1029 2370 1079 2406 τὴν
1092 2369 1292 2405 κοσμογένειαν
1309 2368 1450 2405 ὁλοκλήρῳ
1466 2370 1536 2404 φωτὶ
1552 2370 1825 2406 καταλαμπομένηή

189 2417 288 2444 morte,
302 2417 400 2440 cuncta
426 2411 592 2439 recreaverit
620 2419 652 2439 ac
669 2411 806 2446 refecerit,
834 2414 906 2441 haud
926 2414 953 2442 in

1069 2417 1130 2453 λήνη
1151 2417 1287 2452 λαμϐάνει
1303 2417 1354 2452 τὴν
1370 2417 1548 2452 προαγωγὴν,
1561 2419 1576 2444 ὁ
1590 2417 1618 2444 δὲ
1637 2417 1686 2444 τοῦ
1699 2419 1826 2453 Σωτῆρος

190 2457 287 2485 merito
304 2457 368 2484 luna
391 2461 457 2484 tunc
485 2457 615 2492 temporis
641 2457 676 2485 ab
703 2465 737 2486 eo
763 2459 809 2494 qui
839 2460 978 2495 sapienter

189 2503 282 2530 omnia
293 2502 374 2537 regit,
389 2502 524 2537 integram
542 2503 629 2531 lucem
644 2503 774 2532 exhibere
787 2505 865 2539 jussa
880 2511 932 2534 est.

279 2642 444 2676 QUESTIO
458 2644 582 2673 CCXCVI
594 2645 700 2682 [ϐοἱέη
716 2647 798 2675 Ταιιν.
809 2648 888 2685 Cle.

189 2688 261 2723 Quid
274 2697 307 2716 ea:
315 2689 356 2716 his
363 2691 447 2718 verbis
459 2691 659 2726 intelligendum
666 2702 675 2718 ι
681 2692 784 2720 Ponant
792 2702 884 2721 arcum
891 2703 978 2724 meum

493 2727 522 2753 in
536 2727 669 2754 nubibus?
681 2737 690 2753 ι

1031 2463 1101 2499 ὑπὲρ
1115 2462 1163 2489 τοῦ
1179 2463 1275 2497 γένους
1293 2462 1408 2495 θάνατος
1424 2464 1574 2490 ἀνανέωσίν
1587 2473 1617 2491 τε
1640 2465 1688 2491 καὶ
1710 2465 1826 2492 ἀνακαί-

1031 2518 1103 2536 νισιν
1119 2509 1347 2545 ἐπραγματεύετο
1358 2510 1406 2537 τοῦ
1424 2510 1525 2543 παντὸς
1537 2530 1545 2543 ,
1562 2511 1676 2544 εἰκότως
1690 2512 1708 2546 ἡ
1724 2512 1824 2547 σελήνη

1030 2555 1061 2582 τδ
1073 2556 1131 2591 φῶς
1158 2556 1295 2592 ἀμεῐωτον
1315 2557 1378 2583 κατ’
1395 2558 1482 2584 ἐκεῖνο
1506 2558 1604 2593 καιροῦ
1622 2558 1756 2593 παρέχειν
1773 2559 1826 2586 ὑπὸ

1030 2601 1078 2628 τοῦ
1095 2602 1184 2629 πάντα
1197 2602 1287 2636 σοφῶς
1297 2602 1505 2638 οίκονομοῦντος
1517 2602 1670 2639 ἀπετάχθη.

1288 2657 1457 2686 ΕΡΩΤηΣιΣ
1470 2659 1558 2693 atq".

1030 2703 1061 2730 Τί
1078 2703 1155 2737 ἐστι,
1177 2713 1187 2730 ι
1206 2704 1295 2739 Θήσω
1314 2705 1348 2732 τὸ
1372 2705 1464 2738 τόξον
1477 2714 1538 2740 μου
1551 2706 1587 2733 ἐν
1600 2706 1638 2741 τῇ
1651 2708 1766 2742 νεφέλῃ
1781 2716 1791 2740 ;
1811 2718 1821 2734 ι

539 2784 612 2809 Edita
627 2792 641 2809 a
657 2784 720 2810 Maio
732 2785 760 2815 (Ι.
772 2792 795 2810 c.
812 2793 837 2818 ρ.
854 2787 908 2818 150,
923 2795 949 2820 q.
966 2790 1033 2823 506).
1045 2806 1076 2811 —
1094 2795 1239 2826 Explanatio
1255 2796 1280 2820 in
1296 2796 1358 2821 Gen.
1376 2803 1411 2827 ix,
1424 2795 1462 2822 13.

224 2824 325 2854 Arcum
340 2825 368 2854 in
377 2827 512 2859 nubibus.
526 2828 668 2862 gentilium
677 2828 724 2856 [iiii
741 2830 878 2864 quoddam
893 2837 975 2859 natu-

184 2871 242 2900 rale
259 2877 357 2907 putant
369 2881 448 2908 opus,
464 2874 536 2907 quod
547 2881 639 2905 suam.
655 2875 726 2902 unde
738 2876 809 2903 solet
820 2877 904 2904 nubes
913 2885 976 2905 con-

1066 2837 1102 2863 Τὸ
1111 2831 1145 2864 ’δὲ
1161 2840 1190 2864 ὲν
1202 2839 1235 2874 τῇ
1249 2839 1350 2874 νεφέλῃ
1361 2838 1582 2875 τόξονἙλλήνων
1599 2839 1648 2875 μὲν
1663 2839 1758 2871 παῖδες
1768 2848 1820 2872 φυ-

1030 2881 1106 2908 σικόν
1134 2891 1161 2908 τι
1191 2883 1350 2917 νομίζουσιν
1366 2883 1458 2919 ἔργον,
1475 2885 1521 2911 καὶ
1535 2884 1583 2919 ἀφ’
1599 2881 1630 2911 οῦ
1651 2884 1761 2918 νεφέλαι
1774 2885 1821 2911 καὶ

183 2918 354 2962 ltitutionem
373 2919 473 2955 accipit
488 2928 496 2954 ;
513 2919 576 2948 divo
593 2924 685 2949 autem
699 2920 785 2957 Moysi
808 2929 941 2958 quantum

1069 2936 1114 2961 ιος,
1129 2929 1240 2955 κάκεῖνο
1256 2929 1307 2964 τὴν
1324 2929 1458 2957 σύστασιν
1472 2929 1606 2966 λαμϐάνει
1616 2939 1623 2946 ·
1639 2930 1678 2966 τῷ
1688 2930 1716 2956 δέ
1726 2938 1758 2964 γε
1773 2930 1818 2957 θε-
