1886 3071
68 110 139 144 1129

449 112 497 143 AD
519 112 814 142 AMPHILOCIIIUM
833 113 855 146 Ο

935 111 1004 141 iTIO
1021 111 1153 142 CCXCIV
1158 109 1346 143 -CCXCVIII.

1622 111 1693 145 1130

67 171 174 206 σπεσίῳ
188 171 301 197 Μωῡσεῖ
314 170 376 197 ὅσον
388 170 442 198 ἀπὸ
453 172 502 206 τῆς
519 170 573 197 τῶν
585 170 684 203 λέξεων
696 170 852 205 προφανοῦς

935 170 1098 202 :nilicatione
1116 169 1264 197 verborum
1280 169 1342 204 ejus
1356 168 1534 204 perspicuum
1553 174 1607 201 est,
1634 178 1689 198 non

67 215 209 251 σημασίας
221 215 270 242 οὐκ
289 216 376 243 ἐδόκει
389 216 478 248 τοῦτο,
496 215 564 242 ἀλλὰ
577 215 726 250 σύγχρονον
741 214 811 242 εἶναι
820 217 854 250 τῇ

67 261 201 297 δεδομένῃ
211 261 340 297 διαθήκῃ·
357 270 366 287 ι
396 261 462 288 Ἰδοὺ
484 260 549 296 γὰρ,
565 260 644 295 φησὶ,
657 261 752 295 τίθημι
764 260 795 287 τὸ
808 260 855 286 τόν

43 321 44 325 η
68 307 114 340 ξον
146 316 198 342 μου
224 308 253 334 ἐν
273 309 307 342 τῇ
332 307 441 343 νεφέλῃ,
459 307 496 338 ὡς
511 307 558 333 νῦν
582 305 725 340 τιθεμένου
744 306 856 341 καὶτῆς

43 362 48 396 ᾖ
67 353 203 388 διαθήκης
219 352 433 388 χρηματίζοντος
446 352 559 387 σημείου
572 360 579 368 ·
597 361 606 378 ι
626 352 703 378 οὐδὲν
715 352 743 378 δὲ
755 352 855 379 ἄτοπον

44 398 50 427 l
67 400 171 425 ἐννοεῖν
185 400 233 426 καὶ
252 400 360 434 φάσεως
372 399 421 434 μὲν
433 399 559 433 ἀπαρχὴν
581 397 720 434 [ἀπαρχῆς
731 397 754 433 η
769 406 855 433 προσ-

68 444 153 480 ϐολὴν
168 442 240 471 εῖναι
251 445 282 471 τὸ
294 445 383 478 τόξον,
394 444 440 471 ἐπὶ
452 444 598 479 βεϐαιώσει
613 444 641 470 δὲ
654 444 705 478 τῆς
727 443 796 478 πρὸς
809 443 855 470 τὸν

70 491 136 518 Νῶε
153 491 286 526 διαθήκης
310 491 340 518 τὸ
368 491 444 517 Θεῖον
459 491 526 517 αὐτὸ
542 490 765 526 προσλαμϐάνειν
778 498 785 506 ·
801 487 857 517 οἷον

69 537 108 569 ὡς
122 537 148 564 εί
163 537 299 571 λέγοντες,
315 538 357 564 ὅτι
368 537 421 569 ἕως
438 537 472 564 ἂν
487 537 567 564 τοῦτο
579 537 693 572 γένηται
706 537 754 563 καὶ
768 537 785 572 ἠ
806 537 858 571 φύε-

71 591 115 614 σις
135 582 167 608 τὸ
184 583 283 609 οἰκεῖον
307 582 475 618 προδάληται
501 582 593 617 ἔργον,
608 583 658 609 οὑκ
677 583 754 609 ἔσται
770 591 857 609 κατα-

72 627 208 663 κλυσμός·
228 627 287 654 καθ’
298 627 316 654 ἃ
331 628 364 655 ἄν
374 637 415 659 τις
428 628 510 655 εῖποι·
529 629 602 660 Ἕως
616 627 662 656 οὖν
674 629 855 664 ἀνταναιρεθῇ

69 675 89 710 ὴ
103 674 214 710 σελήνη,
229 674 278 701 καὶ
291 674 344 706 ἕως
361 674 395 702 ἂν
412 675 426 701 δ
438 674 514 710 ἥλιος
539 675 584 701 τὸν
605 674 730 709 οὐράνιον
748 674 857 709 διατρέ-

72 729 130 755 χων
145 719 228 747 πόλον
249 721 283 747 τὰ
303 719 413 752 ἐπίγεια
433 721 545 755 φωτίζει
558 729 565 736 ·
582 720 651 754 ὅπερ
673 720 747 746 ἐστίν
759 728 767 736 ·
784 720 860 749 Ἕως

71 766 89 800 ἡ
105 764 186 799 φύσις
199 766 246 792 τὸν
261 766 360 794 οίκεῖον
373 766 470 801 εἱρμὸν
482 765 609 798 διασώζει
625 765 672 793 καὶ
694 766 763 801 πρὸς
779 765 857 792 λύσιν

69 811 102 837 σὺ
116 811 287 846 διαστρέφει,
299 812 352 844 ἕως
365 811 427 838 τότε
441 811 472 838 τὸ
490 811 660 846 ἀνθρώπινον
680 812 759 846 γένος
771 820 857 839 κατα-

906 216 976 243 idem
1000 215 1106 242 videtur
1120 214 1167 242 sed
1183 222 1303 242 coaevum
1339 214 1425 242 fuisse
1448 222 1543 243 arcum
1565 217 1692 243 concessi

905 262 970 289 olim
987 261 1143 289 hominibus
1159 253 1342 289 Testamenti:
1363 271 1372 287 ι
1388 262 1469 294 Ecce,
1491 261 1582 296 inquit
1606 261 1689 294 Deus,

907 314 978 342 pono
993 314 1087 334 arcum
1102 314 1193 334 meum
1209 306 1235 333 in
1262 306 1392 339 nubibus,
1408 312 1435 334 et
1449 306 1502 333 erit
1515 307 1623 341 signum
1637 306 1691 334 fac-

906 352 979 380 deris
993 352 1129 387 pactique.
1145 361 1155 378 ι
1173 351 1285 379 Minime
1307 356 1398 379 autem
1415 352 1564 379 absurdum
1579 352 1692 379 credere

907 406 1000 426 arcum
1020 399 1099 433 quasi
1113 399 1251 434 adjectum
1264 399 1358 426 statim
1382 400 1465 426 verbo
1481 403 1620 426 auctorem
1636 406 1695 434 quo

906 444 964 479 ipse
993 444 1066 472 Deus
1077 445 1252 472 conﬁrmaret
1278 452 1434 472 auruncum
1460 444 1566 472 Nocmo
1588 445 1689 472 imitus.

907 490 1021 518 Perinde
1034 498 1067 518 ae
1081 491 1104 518 si
1120 490 1223 518 dictum
1248 496 1321 518 esset
1336 490 1458 525 quandiu
1472 499 1553 519 arcus
1568 491 1618 519 istc
1630 499 1694 526 per-

908 536 1038 567 manebit,
1049 540 1076 562 et
1092 539 1190 562 natura
1215 543 1296 563 suum
1321 542 1392 570 opus
1412 540 1534 571 peraget.
1552 535 1619 563 Non.
1640 535 1696 562 erit

907 581 1050 614 diluvium,
1083 581 1154 616 quod
1168 581 1239 608 idem
1256 585 1298 608 est
1320 585 1423 615 atque:
1451 581 1579 614 Quandiu
1610 581 1696 609 stabit

907 626 983 660 luna,
1007 631 1035 654 et
1049 627 1090 654 sol
1109 627 1208 654 coelum
1240 634 1413 661 percurrens,
1446 628 1586 654 terrestria
1596 627 1696 654 illumi-

908 673 981 700 nabit
993 681 1001 706 ;
1014 673 1065 706 vel,
1085 673 1211 706 Quandiu
1223 677 1319 700 natura
1341 673 1398 701 suis
1414 673 1493 700 nudis
1512 673 1694 708 astriugctur.

907 723 935 745 et
947 718 981 746 ad
995 718 1200 746 dissolutionem
1214 726 1269 745 non
1282 722 1412 750 vertetur,
1428 718 1520 745 tandiu
1537 721 1628 753 genus'
1641 719 1695 745 hu-

908 770 1019 790 manum
1032 762 1138 790 diluvio
1162 770 1216 790 non
1243 763 1381 798 punietur.
1411 762 1553 798 Syriorum
1580 770 1628 790 rex
1658 762 1695 789 ad

908 808 1035 837 Elisaaum
1053 809 1127 836 misit
1138 809 1186 844 qui
1203 809 1280 837 hunc
1290 809 1324 837 de
1339 809 1412 844 regis
1425 810 1479 836 vita
1499 809 1695 843 interrogaret,

69 855 187 892 κλυσμῷ
197 856 371 892 ἀτιμώρητον
385 857 463 884 ἔσται
480 865 487 872 ’
504 859 518 884 ὁ
532 857 561 884 δὲ
575 856 701 892 βασιλεὺς
725 859 776 892 τῆς
804 858 857 884 Συ-

935 854 1034 882 iamvis
1061 854 1107 882 ille
1125 862 1179 881 non
1194 853 1260 887 Deo,
1286 854 1333 882 sed
1349 854 1430 882 idolis
1453 853 1608 882 inserviret.
1625 851 1695 879 Pro-

71 899 133 936 ρίας
166 900 264 935 μαθεῖν
286 901 448 928 ἀποστέλλει
465 901 530 937 περὶ
543 902 593 936 τῆς
607 901 680 937 ζωῆς
693 902 775 929 αὐτοῦ
789 903 857 938 πρὸς

67 948 116 975 τὸν
133 947 285 974 Ἐλισσαῖον
303 955 311 963 ⁸
337 948 426 974 καίτοι
452 948 489 983 μὴ
515 948 555 983 τῷ
577 948 648 984 Θεῷ,
665 948 722 975 ἀλλ’
738 949 857 982 εἰδώλοις

68 993 222 1027 λατρεύων,
238 993 279 1019 ὅτι
290 994 433 1029 προφήτην
453 993 535 1020 αὐτὸν
549 993 689 1029 πανταχοῦ
699 994 858 1030 διήγγελλεν

71 1040 90 1073 ἡ
107 1039 198 1074 φήμη,
213 1039 259 1066 καὶ
280 1039 385 1074 ήνόσος
403 1040 540 1066 ἐπιστᾶσα
551 1039 591 1075 τῷ
606 1040 710 1075 βασιλεῖ
725 1041 859 1076 συνηνάγ-

69 1085 135 1116 καζε
152 1083 285 1112 πυθέσθαι
296 1085 364 1120 πρὸς
378 1083 434 1111 οἷον
446 1085 615 1120 ἀποΰήσεται
629 1085 715 1117 τέλος.

329 1140 497 1168 εΡΩΤΗΣιΣ
519 1141 596 1175 Σιιῑν.

67 1188 187 1221 Δίκαιος
209 1187 244 1214 68
269 1188 287 1214 ὁ
312 1188 375 1215 Νῶε
403 1188 569 1222 τυγχάνων,
597 1187 675 1214 διατι
701 1189 857 1216 ἁλίσκεται

241 1222 327 1258 μέθῃ,
340 1222 391 1250 καί
403 1224 440 1250 οὺ
456 1223 560 1250 δίδωσι
572 1223 661 1257 δίκην
672 1232 681 1255 ;

905 900 994 935 pheta;
1015 904 1106 927 autem
1133 899 1207 927 fama
1237 900 1359 935 undique
1389 899 1548 935 pervulgata
1572 902 1642 930 erat,
1668 903 1696 924 et

905 946 1064 975 istiusmodi
1094 950 1154 973 erat
1185 946 1299 974 morbus
1322 945 1380 980 regi
1395 945 1503 973 instans
1529 949 1558 971 ut
1584 950 1700 971 necesse

907 991 983 1019 ﬁeret
996 991 1132 1020 sciscitari
1148 998 1229 1026 quem
1246 991 1281 1018 ad
1296 990 1379 1018 ﬁnem
1394 990 1519 1018 exiturus
1532 993 1615 1017 esset.

987 1143 1150 1177 QUIESTIO
1166 1142 1301 1171 CCXCVII
1315 1142 1424 1179 [Coist.,
1441 1142 1523 1170 Taur.
1539 1141 1613 1178 CX]:

910 1189 976 1217 Cum
985 1189 1076 1224 justus
1090 1195 1155 1217 esset
1172 1188 1229 1216 Noe
1242 1209 1249 1221 ,
1268 1188 1463 1250 cur‘ebrietatis
1483 1193 1592 1222 argutus
1606 1195 1699 1222 paena:

1225 1232 1277 1250 non
1290 1232 1318 1250 se
1333 1228 1382 1250 vat.

1225 1232 1277 1251 non
1290 1228 1382 1251 salvat.

307 1279 380 1304 Edita
390 1286 403 1304 a
417 1278 481 1304 Maio
492 1279 521 1311 (l.
539 1286 560 1304 c.
572 1286 596 1311 p.
610 1279 699 1311 150,q.
711 1280 778 1312 307).
790 1294 820 1299 —
834 1282 872 1307 De
883 1281 935 1306 Noe
948 1281 1019 1306 ebrio
1030 1287 1076 1306 nec
1085 1284 1166 1307 tamen
1177 1283 1273 1313 punito.
1287 1281 1349 1306 Gen.
1363 1288 1397 1312 ιι,
1413 1282 1453 1307 21.

104 1321 215 1352 Δίκαιος
240 1321 269 1348 δὲ
283 1322 298 1348 ό
313 1321 375 1348 Νῶε
389 1321 531 1357 τυγχάνων
554 1321 695 1349 ἁλίσκεται
721 1323 792 1360 μέθῃ
812 1324 859 1350 καὶ

69 1368 101 1394 οὺ
117 1367 210 1394 δίδωσι
225 1367 314 1403 δίκην,
329 1368 370 1394 ὅτι
390 1368 459 1402 μήτε
472 1368 592 1403 ἀκρασίᾳ
611 1369 782 1404 κεχρημένος
809 1369 858 1404 τὴν

71 1413 161 1448 μέθην
186 1412 301 1446 ὑπέστη,
319 1413 366 1439 καὶ
383 1412 465 1447 νόμον
490 1413 542 1439 οὐκ
572 1411 631 1448 εἶχε
656 1413 707 1448 τῆς
724 1414 764 1445 εἰς
779 1414 860 1449 κόρον

69 1458 240 1493 ἀπείργοντα
253 1457 409 1489 οἱνοποσίας
421 1465 429 1472 ·
443 1457 531 1489 ἄλλως
547 1467 577 1484 τε
593 1458 621 1484 δὲ
635 1458 684 1485 καὶ
699 1459 797 1494 ἀγνοίᾳ
808 1458 858 1494 τῆς

70 1505 208 1540 χρήσεως,
224 1503 282 1530 ἀλλ’
293 1504 353 1539 οὺχὶ
368 1503 521 1538 πολυποσίᾳ
536 1505 686 1531 κατέπεσεν
697 1506 737 1537 είς
754 1505 856 1540 μέθην·

71 1550 235 1585 κιρνάμενος
246 1550 301 1585 γὰρ
316 1551 331 1576 δ
345 1547 416 1582 οἶνος
429 1550 478 1585 οὺχ
494 1549 580 1581 οὕτως
595 1550 650 1576 τῶν
662 1550 859 1577 ὲπιθολούντων

71 1596 168 1632 ἀτμῶν
177 1596 222 1623 τὸν
236 1596 389 1631 ἐγκέφαλον
401 1596 501 1631 πληροῖ
513 1596 561 1622 καὶ
577 1596 608 1622 τὸ
628 1596 790 1632 ἡγεμονικὸν
803 1597 862 1622 ἑπι-

73 1642 194 1674 σκοτίζει
206 1649 214 1657 ·
231 1643 248 1677 ὴ
265 1641 294 1668 δὲ
307 1642 426 1676 ἄκρατος
441 1641 537 1668 τούτου
556 1642 701 1677 προσφορὰ
727 1642 862 1678 θερμοτέ-

74 1697 136 1723 ρους
163 1687 276 1719 τούτους
301 1687 475 1722 ἀναφέρουσα
504 1687 551 1714 καὶ
574 1687 754 1722 δριμυτέρους
767 1687 816 1714 καὶ
831 1687 862 1719 ἐξ

72 1734 162 1768 ὀλίγου
178 1733 300 1768 πόματος
316 1732 437 1767 μάλιστα
450 1733 506 1764 τοῖς
528 1733 671 1767 ἀσυνήθως
691 1733 759 1768 πρὸς
782 1733 862 1760 τοῦτο

71 1779 253 1814 διακειμένοις
277 1779 455 1813 ἐνεργάζεται
468 1779 497 1805 τὸ
511 1779 596 1809 πάθος
609 1787 617 1793 ·
635 1779 704 1814 πλὴν
719 1780 734 1806 ὁ
759 1779 860 1806 θεσπέ-

72 1835 129 1859 σιος
143 1825 258 1858 Παῦλος,
267 1825 319 1861 πρὸ
328 1824 406 1859 ἡμῶν
416 1824 462 1851 τὸν
473 1824 542 1859 ὑπὲρ
553 1825 636 1851 αὑτοῦ
645 1826 763 1852 ποιεῖται
771 1825 859 1859 λόγον,

75 1881 86 1897 ι
96 1871 242 1906 ’Δμαρτία,
252 1870 376 1906 φάσκων,
390 1870 441 1897 οὐκ
453 1869 597 1904 ἐλλογεῖτο,
610 1871 647 1906 μὴ
661 1870 737 1902 ὄντος
748 1871 857 1906 νόμου·»

70 1917 112 1944 διὸ
129 1916 216 1943 πολλὰ
228 1916 262 1943 ἂν
275 1916 366 1952 εὕροις
381 1916 452 1942 κατὰ
463 1916 514 1950 τὴν
530 1916 648 1943 παλαιὰν
664 1916 771 1952 ἐκείνην
786 1917 860 1943 πολι-

70 1964 147 1991 τείαν
156 1963 220 1995 τοὺς
234 1962 403 1998 θαυμασίους
417 1962 539 1993 ἐκείνους
558 1961 658 1998 ἄνδρας
676 1962 860 1998 διαπεπραχό-

70 2018 121 2042 τας
143 2008 173 2042 ἐξ
203 2008 342 2044 ἀπειρίας,
356 2008 387 2040 ἐξ
407 2004 445 2034 ὧν
475 2007 566 2039 αὐτοῖς
597 2007 709 2042 οὐδεμία
737 2016 861 2043 παρηκο-

70 2055 189 2091 λούθησε
202 2055 263 2090 δίκη
275 2061 282 2069 ”
302 2054 361 2081 νυνὶ
384 2053 414 2080 δὲ
426 2053 488 2080 ἐπεὶ
501 2053 566 2090 παρ’
579 2054 645 2089 ἡμῖν
657 2054 706 2080 καὶ
721 2054 797 2089 νόμοι
810 2055 860 2082 καὶ

70 2102 126 2129 τῶν
137 2101 282 2137 πρακτέων
296 2101 313 2136 ἡ
329 2099 428 2135 γνῶσις
440 2100 654 2136 ἐπιφανεστάτη,
667 2100 786 2133 εὐλόγως
796 2101 859 2132 τοὺς

71 2147 303 2184 παραεεῦηκότας
327 2146 346 2181 ἡ
367 2145 418 2180 τῆς
444 2145 618 2181 παρανομίας
641 2145 802 2180 ὑποδέχεται
815 2153 859 2171 τι-

73 2193 177 2230 μωρία.

336 2261 504 2289 ΕΡΩἸῊΣΙΣ
516 2261 598 2294 Σιιῐιι.

71 2307 170 2334 Πόθεν
182 2306 249 2334 ἐστι
263 2307 318 2342 τῆς
329 2308 452 2341 Γραρῆς
467 2305 639 2342 λαϐεῖνγύπὸ
650 2305 704 2333 τοῦ
717 2305 861 2332 διαϐόλου

272 2343 326 2369 τὸν
345 2343 431 2377 Ὰδαμ
446 2341 635 2375 ἀπατηθῆναι
648 2349 659 2373 ;

954 1324 1023 1353 Cum
1036 1324 1128 1358 justus
1150 1329 1222 1352 esset
1240 1323 1306 1358 Noe,
1323 1324 1462 1352 ebrietatis
1486 1323 1620 1359 arguitur,
1646 1330 1702 1350 nee

909 1378 1004 1406 pmuas
1021 1371 1112 1404 solvit,
1130 1371 1194 1406 quia
1225 1379 1279 1398 non
1302 1378 1335 1398 ex
1365 1370 1578 1404 intemperantia
1604 1368 1702 1397 ebrius

908 1417 998 1445 Iactus
1012 1422 1064 1451 est,
1077 1423 1104 1445 et
1131 1418 1253 1445 nondum
1268 1417 1401 1444 adversus
1430 1417 1555 1444 ebriosos
1570 1415 1698 1443 homines

908 1462 962 1490 lata
973 1467 1033 1490 erat
1046 1463 1100 1496 lex,
1115 1463 1267 1497 praesertim
1290 1469 1357 1489 cum-
1386 1462 1446 1488 vini
1464 1461 1581 1495 inscius,
1603 1469 1657 1488 nun
1670 1468 1704 1488 se

913 1509 996 1536 nimia
1015 1510 1161 1544 cupiditate
1176 1509 1287 1536 bibendi
1306 1509 1368 1536 vino
1388 1509 1505 1536 obrutus
1522 1509 1577 1542 sit;
1596 1512 1698 1542 tempe-

913 1561 1002 1583 ratum
1017 1563 1095 1591 aqua:
1120 1555 1215 1582 vinum
1228 1563 1283 1582 non
1300 1555 1367 1582 adeo
1385 1555 1542 1582 turbulento
1565 1554 1699 1588 anhelitu,

912 1602 1054 1629 cerebrum
1072 1602 1175 1636 implet,
1205 1605 1340 1636 caputque
1360 1601 1528 1628 obtenebrat.
1561 1600 1704 1628 Meracum

911 1653 1002 1674 autem
1018 1648 1111 1674 vinum
1127 1647 1267 1675 calefactis
1290 1646 1448 1674 hominibus
1466 1646 1601 1673 lbritatem
1625 1646 1699 1673 addit

912 1693 954 1720 vel
983 1692 1090 1719 modice
1111 1692 1252 1725 haustum,
1277 1692 1483 1727 praesertimque
1512 1693 1629 1720 insuetis
1640 1693 1700 1719 ani-

911 1745 985 1765 mum
1004 1737 1134 1765 incendit.
1152 1738 1287 1765 (laterum
1314 1737 1394 1765 divus
1422 1737 1523 1765 Paulus
1551 1743 1614 1765 ante
1648 1745 1703 1765 nos

911 1791 968 1811 rem
980 1783 1091 1818 agitavit
1104 1784 1217 1812 dicens:
1235 1793 1245 1810 ι
1263 1783 1407 1811 Peccatum
1419 1788 1512 1811 autem
1535 1792 1589 1812 non
1608 1785 1698 1819 impu-

911 1830 1013 1857 tabitur
1033 1829 1146 1865 quando
1160 1837 1214 1857 non
1227 1835 1303 1858 esset
1316 1831 1360 1858 lex
1374 1831 1395 1846 ι’
1411 1839 1435 1858 ι.
1457 1831 1640 1863 Quamobrem
1669 1830 1697 1856 iu

911 1875 1022 1910 antiqua
1041 1875 1100 1910 lege
1110 1875 1250 1903 mirabiles
1260 1875 1353 1903 videas
1368 1883 1489 1911 persaepe
1500 1876 1576 1903 viros
1597 1876 1702 1911 quibus

911 1921 938 1949 id
950 1921 1219 1956 inexpertisaccidit,
1234 1929 1268 1948 ex
1282 1929 1336 1956 quo
1353 1922 1428 1948 nulla
1458 1926 1548 1948 tamen
1574 1921 1613 1949 eis
1631 1929 1697 1949 con-

911 1972 1002 1994 secuta
1015 1971 1057 1995 est
1081 1974 1172 2002 paena.
1186 1966 1265 1994 Nunc
1296 1971 1386 1994 autem
1419 1968 1498 2002 apud.
1518 1975 1570 1995 nos
1586 1975 1647 1995 cum
1671 1972 1700 1994 et

911 2011 953 2039 lex
977 2017 1004 2039 et
1017 2019 1108 2039 rerum
1126 2020 1187 2048 quae
1217 2017 1282 2040 sunt
1303 2011 1434 2040 facienda:
1462 2013 1582 2048 cognitio
1609 2014 1706 2041 mani~

910 2057 1008 2085 festata
1022 2059 1069 2091 sit,
1094 2063 1166 2086 recte
1188 2066 1235 2086 eos
1257 2059 1303 2094 qui
1333 2059 1586 2095 legestransgressi
1616 2063 1694 2093 sunt,

916 2105 1144 2140 transgressionis
1154 2112 1234 2139 paena
1244 2105 1358 2139 excipit.

983 2256 1148 2290 QUESTIO
1171 2258 1318 2286 CCXCVIII
1340 2258 1528 2294 [CoileTaun
1547 2259 1629 2295 CXI].

914 2304 956 2331 Ea:
971 2312 1022 2339 quo
1038 2303 1182 2338 Scriptura:l
1195 2304 1252 2331 loco
1271 2310 1384 2335 constat.
1411 2305 1542 2331 Adamum
1558 2313 1574 2332 a
1595 2304 1700 2332 diabolo

1187 2340 1331 2374 deceptum-
1340 2348 1397 2366 esse
1408 2340 1421 2366 Ρ
1434 2348 1436 2351 ‘

242 2398 369 2424 Editarum
380 2406 394 2423 a
406 2398 494 2423 Wolﬁo
504 2398 628 2422 tricesima
643 2400 726 2422 octava
736 2397 807 2429 (Cur.
824 2395 926 2427 Pkilol.,
938 2398 957 2421 t.
974 2396 1004 2426 V,
1014 2403 1039 2428 p.
1054 2396 1110 2427 692,
1119 2396 1184 2421 ¹695.
1195 2396 1307 2422 Galland.
1318 2396 1385 2427 Xlll,
1396 2396 1454 2428 709,
1463 2397 1519 2430 710)

111 2453 146 2479 ’0
167 2452 196 2480 δὲ
216 2452 397 2488 ὲπηρώτησας
409 2473 417 2485 ,
442 2451 480 2484 ὡς
494 2451 575 2478 πόθεν
601 2452 660 2478 ἐστι
675 2451 725 2486 τῆς
743 2451 858 2487 Γραφῆς

71 2499 176 2532 λαᾶεῖν,
201 2498 253 2525 ὑπὸ
274 2498 320 2525 τοῦ
345 2497 469 2525 διαϐόλου
500 2497 547 2524 τὸν
568 2497 653 2532 Ἀδὰμ
675 2497 858 2533 ἀπατηθῆναι,

73 2547 142 2573 πᾶσι
155 2545 204 2580 μὲν
214 2544 338 2571 εὐσεϐέσι
347 2544 487 2579 νομίζεται
501 2543 591 2576 τοῦτο,
601 2543 661 2570 ἀλλ’
674 2544 692 2578 ἡ
700 2544 795 2580 Γραφὴ
804 2543 859 2578 (85)

72 2592 116 2618 διὰ
131 2590 178 2618 τοῦ
192 2590 280 2625 ὄφεως
302 2591 384 2625 μόνον
398 2589 572 2624 ἀπατηοῆναι
589 2589 645 2624 (84)
660 2591 709 2624 τὴν
724 2588 808 2622 Εὔαν,
825 2588 862 2615 δι’

110 2670 133 2686 *⁵
147 2669 227 2697 Rom.
244 2677 271 2701 v,
285 2669 334 2697 15.

945 2451 1022 2484 Quod
1032 2451 1144 2486 quaeris,
1157 2451 1229 2478 unde
1239 2458 1271 2478 ex
1283 2450 1425 2486 Scriptura
1437 2455 1544 2478 constet
1563 2450 1700 2478 Adamum

911 2507 926 2526 a
941 2499 1052 2526 diabolo
1070 2506 1131 2526 esse
1145 2498 1305 2530 seductum,
1331 2498 1358 2525 id
1374 2498 1483 2533 quidem
1503 2499 1556 2533 piis
1569 2497 1707 2525 omnibus.

913 2544 1084 2579 exploratum
1102 2544 1228 2570 habetur.
1245 2542 1388 2577 Scriptura
1406 2548 1508 2576 tamen,
1525 2551 1587 2578 qua:
1612 2543 1697 2570 Evam

912 2594 1018 2617 tantum
1034 2597 1081 2624 per
1108 2592 1272 2624 serpentem,
1300 2597 1348 2624 per
1377 2590 1453 2618 illam
1470 2598 1535 2618 vero
1561 2590 1711 2619 Adamunn

834 2725 950 2755 ΝΟΤΑΞ.

110 2790 168 2823 (83)
188 2789 254 2816 Post
275 2788 368 2825 γραφὴ

111 2825 170 2861 (Si)
181 2824 302 2853 Coislin.’
311 2826 496 2860 ἀπατηθῆναι,
507 2825 584 2852 Culb.
602 2824 795 2859 ἀπαιτηοῆναι.

391 2790 524 2818 excidisse
546 2789 653 2816 videtur
677 2787 748 2816 facili
765 2787 841 2822 lapsu
859 2787 973 2821 librarii,
