1886 3071
174 2870 181 2883 ι.

200 99 264 132 1131

775 103 906 133 ΡΗΟΤΙΙ
921 104 1172 134 PATRIARCH/E
1187 106 1242 135 (ΣΡ.

1753 97 1824 128 1Ῑῖἶὲ

198 158 341 192 deceptum
354 156 435 188 sistit,
454 156 661 183 lnculentiorem
674 155 780 191 quaesiti
796 157 876 191 hujus
903 157 962 184 solu

1077 157 1118 192 ἧς
1143 158 1171 184 δὲ
1192 158 1237 184 τὸν
1257 157 1343 191 Ἀδὰμ
1367 155 1491 189 εἰσάγει,
1509 152 1747 189 περιφανεστέραν
1768 153 1820 179 toﬁ

199 204 302 231 tionem
317 203 402 230 aﬂ‘ert.
422 203 480 236 Ipse
494 202 566 228 enim
595 201 728 229 Dominus
743 206 837 230 noster
851 202 879 229 ln
893 202 982 229 Evan-

199 249 278 285 geliis
292 257 340 276 nos
368 249 471 280 docuit,
497 248 614 275 dicens:
634 248 704 275 «ille
730 249 764 275 ab
787 248 866 276 initio
895 248 983 276 homi-

200 296 259 323 cida
272 295 354 322 est“.
369 304 378 320 ι
400 294 493 329 Neque
504 294 575 321 enim
593 294 642 324 ibi,
655 294 728 328 quod
741 295 880 322 nonnullis
893 295 982 321 visum

199 345 250 370 est,
265 341 379 367 Cainum
392 341 482 366 innuit
498 349 504 372 ;
518 340 564 368 sed
581 340 607 367 in
623 340 712 375 ipsum
733 340 862 367 Satanam
878 341 983 367 crimen

199 386 252 412 hoc
263 385 356 412 refert.
374 384 493 419 Serpens
516 386 660 420 enim,qui
686 385 787 412 diaboli
809 385 982 412 instrumen—

199 437 257 458 tum
273 437 399 462 vocalur.
420 431 486 458 nihil
502 431 578 458 dubii
597 435 698 464 movet,
727 432 828 466 quippe
855 431 902 465 qui
927 432 985 465 pri-

199 477 304 504 marius
319 482 345 504 et
369 477 494 512 priueeps
520 477 687 504 seductionis
701 482 796 504 auctor
820 477 912 503 haberi
931 485 984 504 non

200 522 296 556 possit.
317 522 462 556 Propterea
478 529 542 549 vero
568 529 614 555 per
629 526 793 556 serpentem,
820 529 873 548 non
891 527 984 548 autem

200 575 249 602 per
269 568 341 594 aliud
374 568 475 594 animal
504 568 592 595 malus
621 568 725 594 daemon
769 567 893 594 fraudem
922 567 987 594 Evze

200 613 277 644 facit,
303 614 375 647 quod
393 613 495 639 animal
510 613 576 639 illud
608 613 717 639 mulieri
745 613 897 647 jucundum
911 618 985 641 esset

199 659 272 691 ideo,
285 659 427 693 quoniam,
444 666 492 693 pro
510 658 641 693 singulari
657 658 749 685 indole
766 666 824 690 sua,
841 659 894 686 alia
912 666 988 693 quze-

200 712 309 738 cunque
325 704 457 730 imitando
471 703 600 731 facillime
616 705 770 738 exprimere
785 710 902 739 poterat.
916 706 985 732 Cum

200 757 266 777 vero
287 754 417 784 prteterea
439 749 565 776 diabolus
583 750 684 776 animal
713 751 766 777 hoc
783 751 900 778 naturali
916 759 987 786 qua-

200 795 263 821 dam
278 794 427 829 sagacitate
441 794 605 821 instructum
623 795 737 826 videret,
758 795 830 822 idem
845 795 880 821 illi
899 795 988 821 maxi-

1033 201 1190 238 ζητήματος
1204 203 1255 238 τὴν
1268 202 1345 228 λύσιν
1359 201 1426 236 ἔχει.
1443 199 1529 232 Αὐτὸς
1550 199 1605 235 γὰρ
1637 199 1651 225 ό
1672 198 1773 233 Κύριος
1793 199 1825 225 ἐν

1034 249 1212 282 Εὑαγγελίοις
1235 248 1352 280 ἐδίδαξεν
1372 248 1447 282 ἡμᾶς
1469 245 1574 272 εἰπών·
1604 254 1613 270 ι
1637 244 1755 275 Ἐκεῖνος
1772 244 1824 270 ἀπ’

1034 296 1120 330 ἀρχῆς
1149 294 1372 330 ἀνθρωποκτόνος
1399 293 1482 320 ἐστίν.
1503 302 1513 319 ›
1531 292 1586 319 Καὶ
1614 291 1669 326 γὰρ
1696 291 1755 324 οὐχ,
1785 290 1826 321 ὡς

1035 341 1117 371 ἐνίοις
1133 339 1205 372 ἔδοξε
1216 359 1224 371 ,
1240 340 1287 366 τὸν
1309 339 1380 366 Κάἳν
1398 337 1506 373 μηνύει,
1531 337 1589 364 ἀλλ’
1616 337 1656 367 είς
1679 335 1761 361 αὐτὸν
1778 335 1826 361 τὸν

1035 386 1158 411 Σατανᾶν
1179 385 1229 420 τὴν
1252 384 1421 419 κατηγορίαν
1444 383 1586 417 ἀναφέρει.
1617 382 1648 407 ’0
1670 381 1726 416 γὰρ
1751 381 1825 414 heu,

1035 430 1150 465 ὄργανον
1182 430 1232 465 μὲν
1261 429 1309 456 τοῦ
1334 428 1459 455 διαϐόλου
1484 426 1674 463 χρηματίζων,
1695 425 1827 460 οὐδεμίαν

1037 476 1186 511 παρέχεται
1202 475 1320 508 ἀπορίαν
1332 493 1340 506 ,
1357 472 1508 507 αὐτουργὸς
1531 472 1559 498 δὲ
1583 471 1631 497 καὶ
1660 470 1828 505 πρωταίτιος

1035 522 1085 556 τῆς
1099 520 1208 555 ἀπάτης
1223 518 1349 554 οὐδαμῶς
1367 518 1400 545 ἄν
1415 517 1465 552 ἔχῃ
1480 515 1573 552 χώραν
1585 515 1760 550 νομισθῆναι.
1775 514 1828 540 Διὰ

1036 567 1117 593 τοῦτο
1127 566 1166 597 δὲ,
1181 567 1228 592 καὶ
1240 566 1302 600 οὐχ)⁸
1315 565 1349 591 δι’
1362 564 1443 590 ἄλλον
1459 562 1541 595 ζώου,
1565 561 1699 597 προσάγει
1712 562 1727 587 ὁ
1739 568 1828 594 πονη-

1040 613 1085 648 ρὸς
1099 613 1148 647 τὴν
1162 611 1270 647 ἀπάτην
1284 612 1317 646 τῇ
1331 609 1389 645 Εὕα
1401 630 1408 641 ,
1423 610 1464 636 ὅτι
1477 607 1675 644 κεχαρισμένον
1695 604 1730 641 ἦν
1748 605 1830 632 τοῦτο

1037 659 1068 686 τὸ
1084 657 1153 690 ζῶον
1164 659 1197 693 τῇ
1215 658 1336 691 γυναικὶ,
1358 655 1403 681 διὰ
1413 654 1461 681 τοῦ
1476 653 1524 689 τὴν
1542 653 1626 687 ἀλλην
1643 651 1759 685 εὺφυῗαν
1781 651 1829 676 καὶ

1038 704 1106 739 πρὸς
1127 703 1157 730 τὸ
1183 702 1354 738 μιμήσασθαι
1378 700 1490 727 δυνατὺν
1513 697 1559 734 ἦν.
1573 698 1678 728 ’Λλλως
1691 705 1721 723 τε
1737 697 1765 723 δὲ
1782 696 1830 722 καί

1037 759 1109 781 τινος
1130 748 1250 784 ὲμφύτου
1268 747 1381 783 μετέχον
1403 746 1483 772 τούτο
1498 745 1528 771 τὸ
1544 745 1612 776 ζῶον
1628 743 1702 778 ὁρῶν
1724 742 1830 777 φρονή-

1040 803 1109 825 σεως
1122 795 1136 820 ὁ
1150 793 1272 823 διὰδολος
1284 813 1292 826 ,
1315 791 1468 827 ἐπιτήδειον
1486 789 1598 824 ἐνόμισε
1622 788 1690 823 ’πρὸς
1705 788 1755 822 τὴν
1775 787 1830 812 ὑπ-

201 848 246 868 me
270 840 361 867 visum
391 846 432 867 est
457 840 704 870 accommodatum,
728 841 808 875 cujus
832 841 967 868 ministeri

1078 840 1153 867 εσίαν
1169 839 1244 874 αὐτῷ
1253 838 1304 873 τῆς
1317 837 1426 870 ἀπάτης
1443 834 1612 871 χρηματίσαι
1631 833 1759 868 ὄργανον,
1779 831 1830 857 ita

201 887 236 913 ad
260 886 383 914 fraudem
413 886 566 914 faciendam
596 891 738 919 uteretur;
767 887 894 921 inprimis
923 894 986 914 eum

201 931 276 958 idem
305 937 370 958 tunc
384 931 494 967 quidem
510 932 631 966 linguam
654 932 766 959 haberet
780 932 813 959 ad
827 932 908 959 verba
924 940 988 968 pro-

201 976 315 1004 ferenda
344 977 480 1004 idoneam.
508 977 617 1005 lnterim
650 977 781 1004 ineffabili
809 978 988 1013 providentia

201 1022 317 1049 debetur
330 1023 412 1049 etiam
427 1023 504 1055 illud,
522 1023 594 1058 quod
605 1030 718 1057 serpens
729 1030 809 1050 voces
825 1024 988 1051 articulatas

201 1067 323 1095 formare
339 1069 435 1103 potuit.
457 1068 526 1096 Cum
542 1068 615 1096 enim
633 1068 765 1096 Conditor
782 1070 906 1104 optimus
923 1069 987 1096 ntali

204 1114 336 1141 damnonis
367 1113 514 1141 consilium
542 1114 719 1149 perspiceret,
752 1115 886 1150 sciretque
912 1122 986 1147 eum,

200 1159 252 1186 nisi
272 1163 426 1194 serpentem
441 1159 546 1188 fraudis
559 1167 616 1187 suae
634 1161 848 1188 instrumentum
864 1161 987 1194 haberet,

200 1204 358 1233 hominibus
369 1205 435 1240 ipsis
446 1205 609 1233 admutuam
622 1206 858 1241 suideceptioncm
872 1214 988 1234 usurum

199 1259 271 1284 esse,
286 1257 440 1286 serpentem
455 1253 604 1279 humanam
631 1260 724 1279 vorem
751 1254 876 1280 emittere
891 1262 989 1288 passus

199 1302 252 1329 ost,
280 1306 313 1325 ne
343 1299 475 1333 pernicies
505 1300 647 1326 hominum
669 1308 701 1327 ex
736 1300 803 1335 ipsis
830 1301 988 1328 hominibus

200 1350 369 1375 nasceretur,
387 1345 507 1380 malique
523 1346 600 1380 origo
617 1346 653 1373 ab
669 1346 735 1380 ipsis
761 1347 893 1381 prodiret.
910 1346 988 1380 Quod

200 1389 222 1416 si
235 1390 308 1416 enim
333 1390 384 1425 ipsi
400 1396 527 1418 auctores
552 1392 742 1425 persuasionis
767 1392 800 1419 ad
819 1393 988 1427 peccandutu

200 1436 379 1469 exstitissent,
399 1437 470 1464 idem
485 1438 539 1464 illis
557 1446 607 1465 usu
624 1439 753 1470 venisset,
779 1440 850 1474 quod
868 1441 988 1474 serpenti

200 1484 309 1515 accidit,
323 1484 359 1511 ita
386 1484 507 1518 quidem,
525 1489 554 1511 ut
576 1485 635 1512 sine
658 1485 784 1513 instituto
810 1494 901 1513 causae
924 1495 989 1513 exa—

200 1529 285 1557 mine,
307 1528 339 1554 ad
365 1529 518 1562 exemplum
555 1530 701 1562 serpentis,
733 1530 987 1558 condemuatoriam

201 1575 364 1601 sententiam
396 1575 576 1602 audivissent.
595 1575 688 1610 Itaque
716 1577 853 1604 sermonis
875 1577 987 1604 humani

200 1619 316 1646 facultas
333 1619 451 1654 serpenti
466 1620 642 1654 permittitur,
660 1628 693 1647 ne
712 1621 794 1648 homo
807 1622 870 1648 mali
887 1627 984 1649 auctor

202 1665 285 1693 fuisse
310 1665 455 1692 videretur.
476 1664 514 1692 ita
529 1666 602 1693 enim
627 1666 699 1694 Deus
726 1674 807 1701 agere
831 1669 985 1701 consuevit,

199 1717 240 1738 ut.
257 1719 305 1746 per
320 1719 380 1746 qua:
395 1711 570 1739 adversarius
594 1712 681 1740 maias
707 1718 778 1740 artes
794 1714 916 1746 molitur,
938 1722 986 1748 per

200 1757 293 1784 eadem
308 1756 426 1791 pessima
440 1756 500 1791 ejus
517 1757 632 1784 consilia
647 1761 786 1785 evertatet
802 1759 949 1787 disturbet.

267 1811 428 1845 QUIESTIO
441 1811 567 1839 CCXCIX
581 1811 676 1848 [CoisL
696 1813 789 1845 Taur.,
812 1813 918 1851 CXVI].

217 1858 288 1891 Quid
302 1859 358 1886 lim:
373 1858 498 1893 valeant;
519 1868 529 1884 ‹
545 1858 666 1892 Domine,
688 1868 741 1887 non
755 1867 793 1888 est
818 1862 967 1889 exaltatum

513 1902 558 1922 cor
572 1903 667 1922 meum.
674 1904 683 1920 ι

1038 885 1070 921 δὴ
1097 885 1213 920 μάλιστα
1234 884 1281 909 καὶ
1306 882 1433 917 γλῶσσαν
1449 881 1570 916 ῥήμασιν
1596 876 1830 912 ὑπηρετήσασῦαι

1038 932 1153 967 λαχόντα
1166 931 1226 957 τότε
1239 930 1284 956 τὸν
1297 929 1369 964 ὅφιν.
1390 927 1545 963 ’Δφράστου
1559 926 1588 952 δὲ
1603 923 1731 960 προνοίας
1747 922 1831 956 ἔργον

1037 975 1072 1014 ἦν
1087 977 1134 1004 καὶ
1147 977 1188 1008 τὸ,
1202 976 1247 1003 τὸν
1259 975 1322 1010 ὅφιν
1337 974 1430 1009 φωνὰς
1455 972 1606 1007 ἐνάρθρους
1621 970 1742 1005 ἀφιέναι.
1765 969 1831 996 Ἐν-

1037 1023 1110 1059 ορῶν
1124 1023 1179 1057 γὰρ
1190 1023 1204 1048 ό
1218 1022 1323 1055 πλάνης
1333 1021 1384 1051 τὰς
1398 1019 1445 1046 τοῦ
1458 1017 1578 1052 πονηροῦ
1592 1017 1697 1047 ἐννοίας
1707 1036 1715 1047 ,
1729 1015 1779 1042 καὶ
1793 1015 1832 1046 ὡς

1039 1072 1063 1097 εί
1079 1070 1116 1106 μὴ
1139 1070 1184 1096 τὸν
1208 1068 1270 1103 ὅφιν
1285 1068 1403 1102 ὄργανον
1418 1066 1468 1100 τῆς
1486 1065 1593 1098 ἀπάτης
1611 1063 1699 1094 λάδοι,
1729 1061 1832 1092 αὐτοὺς

1039 1114 1160 1145 ἐκείνους
1177 1112 1240 1143 τοὺς
1257 1109 1419 1146 ἀνθρώπους
1445 1110 1486 1140 είς
1511 1108 1560 1144 τὴν
1586 1107 1691 1134 ἑαυτῶν
1717 1106 1831 1140 ἀπάτην

1040 1158 1241 1193 συλαγωγήσει,
1265 1157 1402 1192 συγχωρεῖ
1426 1156 1472 1182 τὸν
1485 1155 1547 1189 ὅφιν
1563 1153 1752 1188 ἀνθρωπίνους
1770 1161 1831 1186 φω-

1038 1206 1087 1237 νὰς
1100 1206 1236 1240 προϊέναι,
1246 1204 1290 1231 ἵνα
1306 1203 1343 1239 μὴ
1357 1203 1388 1235 ἐξ
1403 1202 1493 1230 αὐτῶν
1508 1201 1562 1228 τῶν
1579 1199 1732 1236 ἀνθρώπων
1745 1199 1764 1233 ἡ
1776 1198 1832 1224 τῶν

1039 1250 1192 1285 ἀνθρώπων
1205 1249 1280 1284 λύμη
1294 1248 1481 1283 ἐκϐλαστήσῃ,
1498 1247 1546 1273 καὶ
1560 1247 1577 1280 ἡ
1592 1244 1640 1271 τοῦ
1653 1243 1742 1271 κακοῦ
1755 1243 1831 1278 ἀρχὴ

1039 1296 1143 1323 ἐκεῖθεν
1155 1294 1204 1330 τὴν
1219 1293 1332 1330 πρόοδον
1346 1292 1433 1319 λάϐοι.
1447 1293 1478 1318 Εἰ
1493 1291 1548 1326 γὰρ
1564 1290 1642 1317 αὐτοὶ
1655 1290 1705 1324 τῆς
1718 1289 1821 1322 εἰσηγή

1041 1351 1109 1373 σεως
1121 1341 1168 1368 τοῦ
1185 1340 1384 1376 ἁμαρτήματος
1399 1337 1600 1373 καθεστηκότες
1614 1336 1746 1371 ὤφθησαν
1760 1336 1833 1370 ἀρχα

1038 1389 1121 1423 ηγοὶ,
1147 1388 1215 1421 ὅπερ
1239 1386 1272 1413 ἂν
1295 1386 1341 1412 ἐπὶ
1364 1384 1411 1411 τοῦ
1433 1384 1521 1418 ὄφεως
1546 1382 1684 1418 ἐπράχθη,
1709 1381 1757 1407 καὶ
1787 1379 1832 1405 ἐπ’

1041 1434 1152 1460 ἐκείνων
1166 1432 1200 1459 ἂν
1213 1431 1391 1465 διεφυλάχοη.
1408 1430 1463 1456 Καὶ
1478 1429 1533 1456 οὐδ’
1546 1428 1718 1463 ἀνακρίσεως
1732 1425 1835 1460 τυχόν-

1039 1489 1085 1511 τες
1100 1480 1145 1511 ἂν,
1163 1479 1258 1514 ὥσπερ
1273 1479 1327 1505 οὐδ’
1342 1479 1355 1506 ὁ
1372 1477 1445 1511 ὄφις,
1459 1476 1508 1510 τὴν
1523 1473 1760 1505 καταδικάζουσαν
1776 1472 1837 1498 ἐδέ-

1040 1528 1120 1561 ξαντο
1132 1526 1235 1562 ψῆφον,
1255 1525 1338 1552 Ἀλλὰ
1352 1524 1561 1559 παραχωρείται
1574 1521 1614 1557 τῷ
1627 1522 1688 1555 ὄφει
1709 1520 1766 1546 τῶν
1789 1520 1837 1546 ἀν-

1041 1574 1158 1609 θρώπων
1172 1574 1185 1600 ὁ
1197 1573 1287 1606 λόγος.
1305 1572 1349 1598 ἵνα
1366 1571 1404 1606 μὴ
1424 1571 1438 1596 ὁ
1464 1568 1608 1604 ἄνθρωπος
1623 1566 1745 1602 ἀρχηγὸς
1761 1565 1836 1600 ὀφθῇ

1039 1619 1224 1655 γεγενημένος
1234 1620 1284 1654 τῆς
1297 1618 1408 1650 κακίας,
1421 1616 1549 1644 Τοιοῦτον
1565 1615 1620 1650 γὰρ
1632 1615 1662 1641 τὸ
1677 1614 1770 1640 Θεῐον.
1787 1613 1837 1645 Ἐξ

1039 1662 1077 1691 ὧν
1092 1665 1107 1691 ό
1124 1664 1312 1699 ἀντικείμενος
1327 1663 1377 1698 τὴν
1397 1660 1578 1695 κακοτεχνίαν
1601 1659 1767 1689 ἐπινοεῖται,
1789 1657 1837 1683 διὰ

1037 1709 1140 1736 τούτων
1167 1709 1251 1736 αὑτοῦ
1276 1709 1311 1736 τὰ
1340 1708 1526 1744 μηχανήματα
1549 1705 1712 1741 περιτρέπει
1736 1712 1769 1730 τε
1787 1703 1837 1730 καὶ

1040 1755 1181 1782 καταλύει.

1291 1810 1461 1837 armum:
1487 1808 1566 1842 mea

1043 1857 1075 1884 Τί
1093 1857 1158 1884 ἐστι
1173 1877 1181 1890 ,
1205 1867 1214 1882 ι
1230 1857 1329 1891 Κύριε,
1347 1857 1404 1891 οὺχ
1423 1855 1528 1890 ὑψώθη
1551 1854 1570 1888 αἱ
1593 1853 1698 1887 καρδία
1713 1860 1776 1886 μου
1795 1860 1802 1867 ·
1823 1860 1834 1877 ι

734 1952 827 1978 Editaa
838 1953 900 1978 Maio
912 1955 986 1984 (Nov.
1001 1956 1061 1982 Coll.
1076 1961 1093 1982 ι.
1107 1958 1148 1988 Ix,
1159 1965 1184 1989 ρ.
1198 1957 1263 1989 ιδι).

233 1993 296 2021 llaec
317 1994 412 2026 verba,
439 2003 450 2020 ‹
475 1994 601 2026 Domine,
622 2001 677 2021 non
699 1999 741 2022 est
759 1996 908 2023 exaltatum
939 2005 987 2024 cor

199 2049 302 2073 meum,
318 2049 406 2076 neque
427 2041 490 2068 elati
507 2045 571 2068 sunt
586 2041 657 2068 oculi
672 2041 735 2074 mei,
749 2049 836 2076 neque
850 2043 987 2070 ambulavi

1077 2000 1114 2027 Τὸ
1126 2001 1164 2031 δὲ,
1182 2010 1191 2026 ι
1210 2000 1306 2036 Κύριε,
1334 2001 1385 2034 οὐχ
1401 1998 1496 2034 ὑψώθη
1522 1998 1539 2032 ἡ
1559 1997 1657 2031 καρδία
1677 2005 1741 2030 μου.
1771 1997 1836 2023 οὐδὲ

1043 2046 1280 2081 ἐμετεωρίσθησαν
1298 2047 1323 2072 οἱ
1342 2044 1478 2080 ὀφθαλμοί
1508 2052 1572 2078 μου,
1595 2043 1656 2069 οὐδὲ
1676 2043 1836 2077 ἐπορεύθην

199 2086 227 2112 in
239 2086 358 2120 magnis,
375 2093 463 2120 neque
477 2086 504 2112 in
519 2086 691 2113 mirabilibus
703 2094 786 2119 super
799 2095 842 2114 me
854 2088 887 2120 “,
899 2097 908 2113 ι
926 2089 967 2116 lim

1079 2089 1216 2124 μεγάλοις,
1226 2090 1285 2116 οὐδὲ
1298 2090 1327 2116 ὲν
1337 2089 1497 2124 θαυμασίοις
1518 2088 1589 2122 ὑπὲρ
1598 2087 1657 2122 ἐμὲ,
1674 2096 1684 2112 ι
1694 2087 1767 2122 τάχα
1784 2088 1837 2122 μὲν

200 2131 227 2157 in
248 2131 335 2165 ipsum
359 2130 452 2158 forsan
471 2131 555 2158 David
575 2131 741 2159 conferenda
761 2137 836 2160 sunt.
853 2133 905 2166 Qui
921 2142 982 2161 cum

200 2184 312 2211 regnum
327 2177 441 2212 adeptus
456 2181 538 2209 esset,
555 2177 674 2212 plurima
690 2177 722 2204 de
742 2178 868 2205 hostibus
884 2184 986 2214 troptea

199 2222 401 2255 constituisset,
430 2226 564 2256 anteaque
585 2230 600 2249 e
616 2226 726 2257 pastore
744 2231 790 2250 rex
812 2223 911 2257 factus,
937 2234 985 2261 spe

199 2267 303 2302 majora
324 2273 488 2295 consecutus
499 2272 580 2300 esset,
597 2276 657 2295 cum
675 2268 744 2295 iram
758 2269 890 2297 adversus
903 2271 985 2298 Nabal

199 2314 288 2350 palam
306 2315 477 2342 exercuisset
501 2315 651 2341 irruentem
668 2314 723 2341 filio
749 2323 842 2343 necem
860 2322 985 2344 contem-

197 2360 300 2394 platus,
321 2360 407 2386 multa
424 2364 554 2394 expertus
569 2366 584 2385 a
598 2357 667 2386 Joab
685 2364 712 2386 et
725 2359 815 2387 Semei
828 2366 986 2396 czeteraque

198 2406 225 2433 id
244 2413 330 2440 genus
352 2405 456 2439 majore
475 2405 574 2438 dignus
596 2405 743 2433 miratione
760 2406 878 2439 videtur,
908 2408 983 2442 quod

197 2459 261 2478 cum
292 2451 374 2477 tantis
388 2455 414 2477 et
436 2449 535 2476 talibus
551 2450 633 2477 rebus
649 2455 768 2479 tentatus
786 2457 868 2484 esset,
887 2452 985 2480 fractae

198 2504 254 2523 non
281 2501 346 2522 sunt
370 2495 430 2530 ejus
457 2496 543 2529 vires,
571 2497 770 2531 ncc,quam\'is
806 2506 852 2532 spe
880 2500 986 2533 majora

200 2542 317 2576 adeptus
334 2541 474 2573 intumuit,
487 2544 663 2570 autanimum
673 2545 779 2576 extulit,
792 2549 841 2571 aut
853 2553 912 2572 sese
925 2545 986 2579 plus

198 2588 411 2622 aequojactavit.
427 2588 530 2616 Cuncta
545 2589 656 2617 enimad
670 2598 804 2618 summam
812 2591 986 2626 omnipoten-

199 2634 236 2660 tis
247 2634 392 2669 onmiaque
406 2636 522 2670 regentis
535 2635 580 2670 Dei
594 2637 742 2670 potentiam
755 2637 898 2670 referebat,
911 2638 986 2665 verbi

199 2679 283 2713 hujus
311 2688 446 2715 nusquam
473 2682 637 2710 immemor:
672 2692 682 2708 Ι
698 2682 754 2718 Ego
777 2689 868 2711 autem
885 2685 987 2712 vermis

198 2733 272 2758 sum,
288 2730 315 2753 et
327 2735 380 2754 non
396 2727 491 2761 homo,
506 2729 647 2757 hominum
662 2729 779 2757 dedecus
789 2734 817 2757 et
834 2731 929 2766 populi
939 2731 987 2758 ab-

235 2816 258 2832 “
275 2815 351 2846 Joan.
367 2827 425 2851 vttt.
446 2819 490 2847 45.
530 2821 549 2837 υ
568 2819 641 2848 Psal.
654 2828 735 2854 ουκ,
751 2821 776 2854 1,
789 2821 816 2848 2.

1037 2136 1083 2162 καὶ
1100 2137 1139 2166 εἰς
1167 2136 1247 2162 αὐτὸν
1263 2135 1411 2170 ἐκληφθείη
1438 2135 1483 2161 τὸν
1507 2133 1646 2160 Δασίδ.Τὺ
1670 2133 1726 2166 γὰρ
1754 2133 1836 2167 βασι-

1036 2181 1110 2208 λείαν
1122 2181 1170 2216 μὲν
1183 2181 1377 2216 περιεζῶσθαι,
1391 2180 1451 2207 κατ’
1465 2179 1569 2215 ἐχθρῶν
1578 2180 1607 2206 δὲ
1618 2178 1750 2209 πολλάκις
1765 2180 1832 2213 τρό-

1037 2235 1104 2252 παια
1118 2227 1280 2260 ἀναστῆσαι,
1297 2226 1344 2253 καὶ
1371 2226 1424 2260 πρὸ
1444 2225 1548 2252 τούτων
1569 2225 1623 2251 ἀπὸ
1646 2225 1778 2259 ποιμένος
1805 2227 1835 2251 ἐν

1038 2272 1183 2308 βασιλείοις
1199 2272 1362 2305 διαιτᾶσθαι,
1379 2272 1426 2298 καὶ
1453 2272 1583 2306 μειζόνων
1598 2272 1614 2306 ἢ
1642 2272 1703 2298 κατ’
1720 2271 1834 2301 ἐλπίδας

1036 2318 1188 2351 ἀξιοῦσθαι,
1200 2319 1247 2344 καὶ
1263 2318 1348 2353 ὀργὴν
1365 2317 1478 2353 ὕστερον
1493 2317 1566 2344 κατά
1592 2316 1638 2343 τοῦ
1659 2316 1756 2343 Νέδα).
1773 2317 1835 2342 επι-

1036 2364 1306 2399 δεδεῖχθαι,θανάτου
1320 2372 1350 2390 τε
1365 2364 1514 2398 ἀπαίτησιν
1526 2363 1678 2397 ἐπισκῆψαι
1692 2362 1732 2397 τῷ
1743 2363 1832 2392 παιδὶ,

1037 2410 1113 2446 παρά
1127 2418 1155 2437 τε
1170 2409 1217 2435 τοῦ
1242 2409 1320 2436 Ἰωᾶϐ
1332 2410 1379 2436 καὶ
1396 2410 1443 2436 τοῦ
1458 2409 1557 2443 Σεμεεί¹
1582 2408 1686 2439 λαϐεῖν,
1704 2409 1753 2435 καὶ
1781 2409 1831 2434 ὅσα

1038 2454 1105 2480 ἄλλα
1124 2454 1249 2484 τοιαῦτα.
1272 2453 1498 2489 Θαυμασιὼτερον
1524 2454 1573 2489 μὲν
1589 2453 1737 2487 ἀποφαίνει
1765 2454 1835 2488 μᾶ).-

1037 2500 1083 2526 λον
1093 2500 1138 2526 τὸν
1154 2500 1236 2526 Δαῦὶδ
1256 2501 1279 2526 εἰ
1293 2500 1321 2526 ἐν
1336 2499 1472 2531 τοσούτοις
1482 2500 1528 2526 καὶ
1543 2499 1674 2530 τοιούτοις
1701 2499 1833 2530 ἐξεταζό-

1040 2555 1128 2582 μενος,
1149 2546 1179 2572 τὸ
1204 2547 1255 2581 τῆς
1282 2545 1373 2582 ψυχῆς
1392 2546 1442 2572 οὐκ
1464 2545 1597 2580 ἐκλονήθη
1629 2544 1739 2578 πάγων,
1769 2544 1832 2570 οὑδὲ

1040 2591 1170 2626 μειζόνων
1189 2592 1205 2626 ἢ
1233 2591 1304 2618 κατὰ
1327 2590 1376 2623 τὰς
1398 2591 1509 2623 ἐλπίδας
1540 2589 1700 2624 ἀξιούμενος
1725 2589 1832 2624 ἐπῆρεν

1039 2636 1135 2663 ἑαυτοῦ
1150 2638 1198 2664 καὶ
1210 2637 1375 2673 ὑπερύψωσε
1389 2637 1439 2672 τὴν
1458 2636 1583 2671 καρδίαν,
1603 2635 1694 2671 μεῖζον
1712 2635 1729 2671 ἦ
1744 2643 1832 2669 προσ-

1038 2683 1090 2717 ῇκε
1115 2681 1150 2708 τὰ
1170 2682 1231 2709 καθ’
1252 2683 1347 2709 ἑαυτὸν
1381 2682 1604 2717 φανταζόμενος·
1631 2681 1689 2707 ἀλλ’
1711 2681 1754 2713 εἰς
1780 2680 1832 2714 τὴν

1040 2728 1247 2764 παντοκράτορα
1268 2729 1315 2756 καὶ
1346 2728 1526 2764 κυριεύουσαν
1553 2728 1607 2755 τῶν
1631 2728 1701 2755 ὅλων
1719 2726 1833 2754 ἅπαντα
