1886 3071
80 130 143 162 1ιῖἓῖ

520 133 571 164 AD
590 134 886 165 AMPHILOCHIUM
904 134 1076 172 QUKESTIO
1094 134 1240 166 CCXCIX.

1639 131 1706 164 ΗΜ

77 188 166 223 φέρων
185 187 270 214 ὲτίθει
287 187 430 223 Πρόνοιαν,
449 188 570 224 οὐδαμοῦ
593 190 681 225 λήθην
714 190 863 226 λαμϐάνων
880 195 902 223 Α
915 192 998 228 jectio
1010 192 1044 218 ι’.

966 192 998 219 Lio
1010 192 1044 218 ".
1061 201 1070 218 ι
1090 191 1119 219 Si
1136 192 1198 226 quis
1221 190 1300 218 aliter
1317 190 1376 217 iich
1395 190 1478 217 verba
1503 190 1706 224 interpretetur,

77 233 132 266 τοῦ,
147 242 157 258 ι
175 232 248 267 Ἐγὼ
262 233 291 260 δέ
302 234 361 269 εἰμι
377 233 486 269 σκώληξ
501 236 548 261 καὶ
563 235 614 262 οὐκ
626 235 779 272 ἄνθρωπος,
794 235 866 263 ὀνει-

77 280 119 311 ὃος
145 280 298 316 ἀνθρώπων
327 281 376 308 καὶ
401 281 571 317 ἐξουθένημα
588 283 666 310 λαοῦ.
688 293 697 309 ι
716 284 746 310 Εἰ
771 283 800 311 δέ
824 293 867 316 τις

79 326 165 353 ἐθέλοι
183 327 214 353 τὸ
235 327 381 362 εἰρημένον
407 328 535 356 ἐκλαϐεῖν
559 329 659 363 καὶέφ*
681 329 776 366 ἑτέρου
794 331 868 362 τινος

79 373 126 406 τὴν
151 373 355 407 ταπεινόφρονα
376 374 477 409 ἀρετὴν
498 374 714 410 κατορθωκότος,
729 377 777 402 καὶ
797 374 868 403 εἶναι

79 417 158 444 τοῦτο
169 417 264 452 ὥσπερ
282 419 384 454 στήλην
398 419 445 445 καὶ
470 418 634 456 ὑπογραφὴν
651 421 747 456 ἀνδρὸς
759 421 792 448 ἂν
803 422 870 457 φρό-

80 473 154 498 νημα
170 466 402 501 τεταπεινωμένον
419 467 466 494 καὶ¹
483 467 712 502 συντετριμμένον
727 468 868 504 φέροντος,

80 509 135 535 οὐδ’
152 505 229 540 οὗτος
240 509 273 536 ἂν
285 510 327 545 εἴη
342 511 390 538 τοῦ
405 512 674 548 είκότωςφερόμενος
688 513 740 547 ἔξω
756 523 763 530 ·
778 523 872 541 ταπει-

81 555 235 591 νοφροσύνῃ
248 556 271 582 δ’
288 556 345 588 οὖν.
355 557 394 588 ὼς
408 558 466 585 ἔστι
488 559 655 594 πολλαχόθεν
672 559 774 592 λαϐεῖν,
788 561 834 586 καὶ
857 561 871 587 ὁ

82 600 171 634 μέγας
192 602 363 637 ἐκεκόσμητο
380 603 472 631 Δαῦίδ.
504 605 603 636 Ἐνίοις
625 605 653 632 δὲ
669 606 717 632 καὶ
741 607 780 638 είς
807 606 872 641 ὃλην

81 646 131 680 τὴν
146 646 406 683 ἀνθρωπίνηννρύσιν
417 649 506 681 ἔδοξεν
519 649 720 686 ἐναρμόζεσθαι
734 651 764 678 τὸ
779 652 871 687 ῥητόν.

82 691 159 728 Αὕτη
177 693 241 728 γὰρ,
257 695 333 730 φησὶ,
355 695 399 722 διὰ
411 696 461 731 τὴν
482 695 626 722 ἀσθένειαν
648 697 696 732 τῆς
711 698 810 733 σαρκδς
826 698 874 724 καὶ

82 737 138 764 τῶν
151 739 216 774 περὶ¹
230 739 259 766 τὸ
273 740 353 774 σῶμα
374 741 517 777 φυομένων
533 750 562 768 τε
573 742 620 768 καὶ
629 742 874 778 ἀναστρεφομένων

82 783 191 815 παθῶν,
225 785 280 811 οὐδ’
306 786 397 812 ὅντινα
421 787 519 822 καιρὸν
550 787 740 814 ἀνατείνεσθαι
767 797 796 815 τε
828 789 875 815 καὶ

81 829 251 864 ἁνυψοῦσθαι
259 831 328 867 ὑπὲρ
339 831 438 866 ἑαυτὴν
451 832 574 864 δύναται,
582 833 664 859 οίονεὶ
671 833 709 869 τῷ
717 833 794 869 βάρει
807 833 874 861 καθ-

82 875 239 911 ελκομένηο
257 878 305 904 καὶ
331 877 397 904 ποτὲ
425 878 475 913 μὲν
498 878 596 913 τούτῳ,
623 879 689 905 ποτὲ
713 880 742 906 δὲ
779 880 875 916 ἐκείνῳ
891 870 911 898 Β

83 922 267 958 βαρυνομένη,
284 924 330 950 καὶ
345 923 479 959 μηδέποτε
494 925 601 961 καθαρὰ
617 925 663 952 τοῦ
677 925 875 961 διενοχλοῦντός

81 976 110 994 τε
143 969 190 996 καὶ
225 969 363 1003 βιάζοντος
387 971 663 1006 καθεστηκυῖα,μηδὲ
678 972 727 1004 τὰς
744 973 875 1008 μεγίστας

81 1022 111 1040 τε
129 1014 178 1041 καὶ
185 1014 248 1050 περὶ
262 1015 348 1050 αὐτῆς
355 1016 561 1050 ἀναλογίζεσθαι
569 1017 734 1053 δεδυνημένη
754 1018 856 1050 ἐννοίας
865 1026 873 1033 ⁸

82 1059 155 1087 ἀλλὰ
170 1061 260 1093 καλῶς
281 1069 314 1095 γε
332 1061 458 1095 ποιοῦσα,
471 1062 523 1098 γῆν
543 1071 573 1089 τε
593 1062 678 1098 αὐτὴν
705 1063 752 1090 καὶ
776 1064 874 1091 σποδὸν

83 1107 204 1140 ἡγεῖται,
219 1107 266 1133 καὶ
274 1107 441 1144 ἀναξίαντῆς
456 1109 527 1144 ὑπὲρ
539 1108 682 1144 ἄνθρωπον
699 1110 858 1143 ἀναϐάσεως
868 1119 875 1125 ·

84 1152 130 1178 ἶνα
143 1152 182 1187 μὴ
192 1153 383 1186 μεταλαὸοὖσα
399 1154 448 1181 τοῦ
464 1154 544 1187 ξύλου
568 1156 660 1189 ἐφέσει
677 1156 814 1192 θεότητος,
831 1157 879 1183 καὶ

83 1198 174 1232 αὐτῆς
189 1199 238 1234 τῆς
254 1200 415 1236 πρεπούσης
433 1202 500 1237 αὐτῇ
518 1202 564 1229 καὶ
583 1203 806 1238 ὲναρμοζομένης
827 1203 880 1229 πά-

83 1244 128 1271 λιν
144 1245 247 1277 τάξεως
262 1248 411 1283 κατενεχθῇ
431 1255 438 1262 ·
459 1248 584 1275 ἐντεῦθεν
594 1249 622 1275 δὲ
637 1249 699 1284 ὑψοί
720 1250 769 1285 τὴν
790 1250 881 1286 ψυχὴν

919 245 1005 272 eaque
1023 236 1124 264 referat
1135 237 1168 264 ad
1188 236 1260 263 hunc
1275 235 1363 262 virum
1384 235 1534 263 humilitatl
1556 236 1707 268 subditum,

918 284 941 311 si
959 283 1033 310 dicat
1047 283 1148 317 scripta
1164 286 1191 309 et
1203 282 1273 309 edita
1299 289 1360 308 esse
1375 282 1410 308 ab
1427 289 1461 309 eo
1487 289 1536 308 cor
1551 282 1701 309 contritum

919 334 944 356 et
964 329 1139 356 humiliatqu
1167 333 1290 363 gerente,
1316 328 1361 355 hic
1385 336 1496 362 quoque
1523 336 1540 354 ιι
1569 333 1643 355 recta
1663 328 1707 354 via

920 383 974 402 non
1000 375 1171 402 abhorreret.
1187 373 1312 409 Namque
1339 374 1503 407 humilitate,
1525 378 1555 401 ut
1582 373 1676 400 multis
1691 381 1707 400 ο

920 421 989 448 locis
1009 420 1158 455 colligitur,
1184 427 1301 454 magnus
1325 423 1441 447 ornatus
1459 425 1501 447 est
1528 419 1622 447 David.
1645 420 1709 448 limo

922 465 1057 494 sententia
1072 465 1198 500 pluribus
1213 465 1296 491 etiam
1313 465 1372 492 visa
1385 469 1428 492 est
1446 465 1593 492 humanam
1609 465 1642 492 ad
1657 473 1708 492 na-

923 517 1011 539 turam
1028 516 1161 546 spectare.
1178 510 1239 538 llaec
1255 510 1338 543 enim,
1349 511 1487 546 inquiunt,
1500 516 1611 546 propter
1620 512 1712 539 carnis

923 558 1109 586 inlirmilatem
1153 564 1303 592 onmesque
1330 556 1440 584 dolores
1467 557 1514 592 qui
1542 557 1570 584 in
1596 564 1715 592 corpore

924 607 1072 642 gignuntur
1098 609 1125 632 et
1147 603 1272 631 incidunt
1301 603 1412 638 proprio
1445 604 1566 638 pomlere
1599 607 1712 639 gravata

924 657 978 676 non
994 656 1025 676 ea
1053 653 1094 676 est
1111 656 1170 683 qua:
1206 648 1248 675 vel
1279 648 1312 674 ad
1330 648 1468 675 modicum
1497 656 1582 683 supra
1595 649 1713 681 seipsatn

923 695 990 730 erigi
1009 699 1035 722 et
1051 695 1137 722 attolli
1158 699 1249 729 queat.
1275 694 1380 721 Etenim
1406 701 1479 721 nunc
1511 694 1553 721 his
1571 702 1645 721 nunc
1662 694 1715 721 illis

925 746 1049 773 onerata,
1070 749 1121 768 nec
1149 749 1270 776 unquam
1291 741 1447 768 tttrbatione
1475 745 1502 767 et
1532 740 1718 775 oppressione

927 788 1051 819 liberata,
1076 787 1142 814 nihil
1161 794 1290 821 magnum
1305 786 1338 813 de
1362 793 1392 813 se
1412 787 1567 820 excogitat;
1596 785 1643 812 sed
1671 793 1716 811 se-

927 835 1025 869 ipsam,
1043 833 1114 860 haud
1129 833 1266 860 immerito
1297 833 1418 868 quidem,
1434 832 1502 859 nihil
1530 837 1628 866 praeter
1652 831 1715 865 pul-

928 890 1017 910 verem
1034 886 1061 910 et
1085 883 1206 910 cinerem
1225 889 1287 910 esse
1299 881 1441 908 existimat
1458 885 1485 907 et
1502 879 1643 913 indignam
1657 887 1718 914 qua:

925 937 1008 964 supra
1020 928 1158 956 hominem
1177 931 1313 961 assurgat.
1329 926 1387 959 Qua
1405 926 1431 953 in
1444 925 1580 953 sententia
1596 932 1720 952 commo-

925 979 1010 1006 ratur,
1027 980 1072 1004 ne,
1099 972 1234 1007 particeps
1263 972 1354 999 erucis
1372 970 1453 1004 facta,
1483 970 1634 1004 sitiensque
1659 969 1718 996 dei-

925 1019 999 1051 tatis,
1018 1018 1127 1046 recedat
1139 1018 1173 1045 ab
1185 1017 1236 1045 ista
1255 1017 1317 1044 vita:
1334 1018 1440 1045 ratione
1450 1025 1511 1051 quae
1528 1017 1617 1051 ipsam
1630 1015 1718 1045 decet.

924 1065 1044 1100 huicque
1069 1063 1304 1091 accommodatur.
1338 1063 1413 1091 Crux
1428 1067 1520 1090 autem
1549 1063 1575 1089 in
1605 1061 1721 1088 sublime

928 1110 981 1138 fert
992 1111 1110 1137 animam
1130 1113 1157 1137 et
1175 1109 1319 1144 proprium
1335 1109 1426 1136 cibum
1442 1109 1467 1136 ei
1486 1108 1598 1143 prrebet,
1611 1113 1638 1134 et
1659 1107 1721 1135 illas

930 1156 1108 1192 cogitationes
1117 1163 1178 1190 qua:
1186 1155 1358 1190 simulatque
1368 1163 1468 1190 corpus
1478 1154 1513 1181 ali
1527 1162 1580 1181 non
1594 1157 1720 1188 possunt.

931 1202 1055 1237 Namth
1080 1202 1132 1229 hoc
1149 1203 1276 1235 verbum,
1293 1207 1323 1228 ut
1348 1202 1395 1236 qui
1422 1209 1438 1228 a
1451 1201 1520 1228 lacte
1532 1200 1665 1235 depulsus
1682 1204 1723 1227 est

933 1251 965 1276 ad
978 1255 1094 1275 matrem
1109 1256 1188 1276 suam
1208 1268 1216 1276 .
1231 1269 1238 1276 .

85 1291 135 1316 καὶ
146 1291 240 1326 τρέφει
251 1291 301 1327 τὴν
317 1293 410 1327 ἡδεῖαν
434 1294 549 1330 τροφὴν.
565 1295 673 1326 ὲκείνας
700 1296 749 1327 τὰς
773 1297 879 1328 ἐννοίας
896 1296 928 1327 ἃς
944 1295 1015 1330 μετὰ
1033 1295 1080 1321 τοῦ
1096 1295 1222 1330 σώματος
1235 1294 1414 1330 τραφῆναιιού
1443 1294 1555 1321 δύναται
1567 1301 1576 1310 ο
1609 1293 1657 1320 καὶ
1669 1292 1723 1327 γὰρ

85 1337 135 1369 τὸ,
151 1346 160 1363 ι
185 1337 229 1369 Ὠς
243 1337 273 1364 τὸ
298 1339 608 1376 ὰπογεγαλακτισμὲνον
626 1342 672 1368 ἐπὶ
699 1342 749 1377 τὴν
777 1343 884 1378 μητέρα
901 1342 1019 1369 αὑτοῦ...
1041 1350 1050 1366 ι

123 1383 171 1418 Τῷ
198 1384 288 1418 μέντοι
307 1386 347 1417 εἰς
359 1386 404 1412 τὸν
420 1386 522 1422 Κύριον
535 1387 613 1422 ήμῶν
634 1387 739 1423 Ἰησοῦν
763 1389 882 1424 Χριστὸν

87 1430 274 1466 μεταφέροντι
304 1431 354 1467 τὴν
375 1433 536 1468 ἑρμηνείαν,
551 1434 598 1461 καὶ
619 1436 790 1470 προφητείαν
811 1434 883 1462 εἶναι

85 1477 135 1504 τὴν
158 1478 265 1504 ἐκείνου
280 1478 337 1513 βίον
363 1480 410 1506 καὶ
424 1480 555 1515 τρόπαιον
578 1481 789 1517 ὑπογράφουσαν
803 1482 883 1515 δόξαν

87 1525 257 1559 ποιουμένῳ,
271 1525 331 1552 οὐδὲ
352 1525 432 1552 τοῦτο
452 1526 486 1553 ἂν
511 1527 617 1561 γένοιτο
639 1529 696 1560 τοῖς
719 1528 884 1564 δευτερείοις

88 1570 298 1620 ἐναριθμεῖσθαι
312 1571 367 1620 τῷν
481 1573 608 1620 περὶτῆς
627 1574 734 1608 ῥήσεως
749 1576 884 1611 τεθεωρη-
897 1589 919 1620 C

87 1616 190 1642 κάτων·
207 1616 361 1653 ὥσπεργὰρ
371 1618 425 1650 τὸ,‹
433 1619 552 1654 Ὠρυξαν
563 1621 658 1656 χεῖράς
675 1629 726 1656 μου
743 1622 790 1648 καὶ
799 1623 883 1654 πόδας

90 1670 173 1697 pou,»
187 1662 271 1689 A:6‘:8
282 1663 332 1698 μὲν
357 1663 441 1698 λέγει,
456 1665 496 1696 εἰς
511 1665 629 1700 Χριστὸν
647 1666 674 1692 δὲ
690 1667 781 1702 ἐξέϐη,
798 1667 884 1700 οὕτως

88 1709 141 1736 καὶ
150 1710 179 1735 τὸ
187 1709 356 1746 εἰρημένον,ι
367 1710 479 1737 Ἐθεντό
489 1719 522 1746 με
532 1713 561 1737 ὲν
570 1711 664 1747 λάκκῳ
672 1713 829 1748 κατωτάτῳ,
838 1714 884 1740 καὶ

89 1755 283 1790 διεμερίσαντο
295 1756 330 1782 τὰ
348 1756 443 1791 ἱμάτιά
459 1766 539 1792 μου,ι
558 1758 606 1784 καὶ
620 1759 706 1794 μυρία
716 1758 793 1785 ἄλλα·
807 1759 885 1786 τοῦτο

89 1801 121 1827 δὲ
134 1801 183 1827 καὶ
204 1801 220 1827 6
249 1801 356 1833 Παῦλος
375 1803 506 1838 συνορῶν,
525 1803 738 1838 αἰχμαλωτίζειν
758 1806 886 1840 παραινεῖ

90 1847 150 1873 πᾶν
168 1847 257 1882 νόημα
271 1848 311 1879 είς
322 1847 372 1883 τὴν
387 1848 513 1884 ὑπακοὴν
530 1849 578 1876 τοῦ
604 1850 724 1886 Χριστοῦ
737 1859 744 1866 ι
769 1851 817 1877 καὶ
832 1851 886 1887 γὰρ

89 1890 150 1917 οὐδ’
172 1891 266 1927 ὑψώθη
280 1893 397 1927 Χριστὸς
421 1894 434 1920 ὁ
458 1894 525 1925 Θεὸς
541 1895 620 1929 ἡμῶν
650 1896 664 1922 6
690 1895 760 1930 ὑπὲρ
786 1897 887 1928 παντὸς

90 1936 182 1972 ῦψους
192 1937 240 1964 καὶ
257 1937 346 1973 πάσης
359 1939 598 1974 ὑπεροχῆςτελῶν,
610 1940 671 1966 οὐδὲ
683 1942 885 1977 ἐμετεωρίσοη·

91 1984 199 2018 pinei;
221 1984 250 2010 δὲ
267 1984 297 2010 τὺ
323 1985 502 2012 ἀποστολικδν
526 1986 630 2012 είπεῖν·
650 1988 722 2023 «Οὐχ
740 1989 888 2023 ἁρπαγμὸν

90 2030 222 2064 ἡγήσατο
233 2029 263 2055 τὸ
278 2027 348 2056 εἶναι
363 2030 409 2057 ῐσα
423 2031 493 2066 Θεῷ,
508 2031 567 2058 ἀλλ’
578 2032 801 2060 ἐαυτὸνὲκένωσε
823 2042 889 2069 μορ-

91 2076 151 2112 φῆν
168 2075 261 2102 δούλου
274 2076 376 2108 λαϐὼν,
391 2077 438 2103 καὶ
454 2078 575 2112 σχήματι
590 2079 716 2114 εὑρεθεὶς
732 2079 769 2111 ὡς
784 2079 890 2115 ἄνθρω-

91 2131 159 2154 πος,
176 2123 361 2149 ἐταπείνωσεν
375 2123 469 2150 ἑαυτὸν
486 2124 702 2160 μέχριοανάτου·
716 2135 725 2151 ι
743 2127 791 2153 καὶ
807 2127 890 2159 αὐτὸς

90 2169 123 2195 δὲ
139 2169 244 2199 ἐκεῖνος
257 2168 328 2195 κατὰ
336 2169 432 2204 καιρὸν
442 2169 490 2196 τοῦ
502 2170 604 2202 πάθους
614 2172 706 2206 φησιν·
714 2182 722 2197 ι
734 2172 890 2208 Ἢδυνάμην

94 2214 292 2249 παρακαλέσαι
310 2214 356 2241 τὸν
377 2215 487 2251 Πατέρα
506 2225 568 2251 μου,
589 2217 634 2243 καὶ
661 2217 820 2253 παρέστησέ
845 2226 891 2253 μοι

966 1387 1018 1421 Qui
1035 1387 1067 1414 ad
1086 1387 1232 1414 Dominum
1252 1392 1379 1415 nostrttm
1402 1386 1497 1414 Jesum
1523 1387 1663 1415 Christum
1681 1388 1724 1415 in-

932 1434 1153 1468 terpretationem
1171 1433 1288 1467 confert,
1316 1434 1453 1468 habetque
1483 1434 1566 1460 vitam
1591 1435 1650 1469 ejus
1663 1443 1726 1470 pro-

931 1479 1053 1514 phetiam
1079 1486 1133 1513 qua
1151 1482 1282 1512 tropmum
1309 1478 1467 1505 inscribitur
1490 1479 1582 1513 iisqui
1600 1479 1727 1506 Deolan-

933 1527 994 1554 dein
1019 1525 1184 1557 retribuunt,
1210 1531 1264 1551 μου
1291 1525 1313 1551 is
1343 1532 1396 1552 non
1417 1525 1569 1552 Secundum
1594 1525 1728 1552 obtinebit

945 1571 1035 1598 locum
1059 1571 1130 1597 inter
1146 1579 1194 1597 eos
1208 1570 1255 1604 qui
1271 1570 1321 1597 hac
1334 1569 1368 1597 de
1384 1570 1518 1597 sententia
1536 1575 1608 1597 recte
1624 1571 1728 1605 cogita—

936 1621 1044 1644 verunt.
1066 1625 1075 1642 ι
1105 1617 1139 1645 Ut
1158 1617 1230 1644 enim
1252 1616 1380 1643 foderunt
1396 1624 1494 1644 manus
1518 1625 1592 1643 meas
1604 1624 1628 1643 et
1649 1617 1729 1651 pedes

935 1672 1011 1691 meos
1021 1664 1053 1696 ’³,
1084 1674 1093 1689 ι
1121 1663 1187 1691 dicit
1212 1663 1308 1696 David,
1324 1663 1464 1690 Christum
1490 1668 1604 1698 spectat,
1621 1664 1661 1690 sic
1678 1663 1729 1690 hoc

935 1712 1049 1743 dictum,
1065 1710 1268 1738 descenderunt
1285 1717 1327 1736 me
1343 1710 1368 1736 in
1394 1710 1490 1736 inlltna
1513 1709 1596 1741 fossa,
1613 1715 1640 1735 et
1657 1718 1665 1733 ι
1685 1708 1730 1735 υἱ-

936 1757 1058 1783 riserunt
1073 1756 1124 1784 sibi
1142 1756 1304 1782 vestimenta
1321 1762 1380 1782 mea
1395 1755 1418 1769 "
1438 1763 1447 1780 ›
1470 1758 1497 1780 et
1512 1759 1641 1781 sexcenta
1657 1754 1729 1785 alia;

936 1801 1007 1836 qttod
1026 1807 1053 1828 el
1069 1801 1126 1836 ipse
1147 1800 1275 1835 intelligit
1297 1799 1408 1827 Paulus.
1432 1798 1546 1826 Omnem
1573 1806 1681 1825 sensum
1697 1799 1732 1825 ad

937 1847 1075 1874 Christum
1107 1847 1237 1878 referens,
1272 1853 1390 1880 namque
1404 1853 1437 1872 ne
1454 1845 1542 1871 elatus
1559 1844 1666 1878 quidem
1682 1843 1733 1870 fuit

938 1887 1065 1921 Christus
1082 1892 1153 1920 Deus
1168 1898 1261 1920 noster
1279 1893 1325 1927 qui
1340 1885 1421 1926 super
1436 1899 1544 1918 onmem
1558 1890 1731 1917 altitudinem

939 1945 966 1966 et
980 1939 1158 1967 eminentiam
1173 1943 1370 1970 commoratur,
1389 1945 1439 1964 nec
1453 1938 1478 1963 in
1491 1937 1608 1964 sublime
1624 1942 1735 1963 erectus

941 1985 1001 2012 fuit.
1016 1984 1062 2012 γει
1088 1985 1180 2020 potius
1198 1983 1379 2019 apostolicum
1407 1982 1522 2009 verbum
1544 1981 1733 2016 hujuscemodi

941 2036 983 2058 est
998 2040 1006 2058 :
1027 2041 1036 2057 ι
1055 2030 1114 2057 Νοη
1131 2030 1255 2064 rapinam
1286 2029 1437 2056 arhitrattts
1461 2032 1503 2055 est
1521 2035 1582 2054 esse
1597 2036 1626 2054 se
1640 2035 1733 2061 {equa-

943 2077 995 2104 lem
1013 2076 1080 2109 Deo,
1094 2076 1140 2104 sed
1159 2076 1335 2110 semetipsum
1352 2074 1515 2105 cxinanivit,
1532 2074 1647 2101 formam
1663 2074 1735 2101 διιτνί

942 2123 1089 2158 accipiens,
1105 2123 1131 2150 in
1159 2122 1366 2150 similitudinem
1384 2121 1523 2148 hominum
1536 2120 1634 2152 factus,
1647 2127 1674 2148 et
1690 2121 1737 2147 luta

942 2169 1059 2197 miliavit
1087 2169 1265 2204 semetipsum
1292 2176 1379 2203 usque
1405 2168 1438 2194 ad
1464 2167 1618 2194 mortem“.
1641 2177 1649 2192 ι
1678 2166 1736 2201 Ipse

944 2217 1026 2243 etiatu
1042 2216 1076 2243 ad
1090 2216 1225 2250 passionis
1238 2220 1345 2250 tempus
1359 2215 1430 2241 dixit
1448 2223 1454 2241 :
1480 2223 1489 2240 ι
1511 2213 1621 2241 Possem
1638 2221 1736 2247 rogare

94 2259 227 2290 πλείονας
243 2259 260 2295 ἢ
274 2259 378 2286 δώδεκα
394 2260 531 2294 λεγεῶνας
549 2262 701 2296 ἀγγέλων-ι
714 2262 783 2295 ἀλλ’,
800 2261 830 2289 οὗ
846 2271 891 2298 μοι
905 2265 932 2295 1)
945 2261 1051 2288 Patrem

966 2266 1051 2288 atrctn
1071 2269 1174 2292 meum,
1193 2266 1220 2288 et
1244 2260 1386 2287 exhiberet
1402 2258 1469 2285 tnihi
1494 2259 1575 2285 modo
1591 2258 1739 2292 plusquam

94 2305 210 2340 γνώμη,
232 2307 263 2331 τὸ
283 2306 426 2341 tenacem,
443 2307 558 2342 μέγεθος
577 2308 606 2334 δὲ
632 2309 680 2335 καὶ
705 2308 892 2344 θαυμασιὸτης

95 2348 173 2383 ὑπὲρ
183 2348 265 2375 αὑτὸν
279 2349 341 2376 οὕτε
358 2348 393 2385 ἦν
411 2350 473 2377 οὔτε
484 2351 635 2385 ὑπενοεῖτο,
650 2352 712 2379 οὔτε
734 2353 816 2385 αὐτὸς
834 2353 894 2380 οὐδὲ

94 2395 262 2430 ἐπεστράφη
275 2397 339 2422 ποτὲ
349 2397 564 2433 ὑπερενεχοῆναι
576 2399 674 2433 τούτῳ.
694 2399 727 2426 Τί
739 2399 794 2435 γὰρ
807 2399 841 2426 ἂν
851 2400 894 2435 εἴη

95 2441 327 2477 θαυμασιώτερον
339 2443 356 2478 ἢ
374 2443 468 2478 μεῖζον
482 2443 532 2478 τῆς
550 2445 620 2480 ὑπὲρ
641 2446 694 2472 πᾶν
711 2446 827 2480 μέγεθος
847 2446 895 2472 κο.)⁸

96 2487 213 2522 ἀξίωμα
238 2488 458 2524 ὑπεριδρυμένης
477 2490 587 2524 φύσεως
610 2490 721 2526 Geticis;
746 2490 815 2526 πλὴν
836 2491 894 2518 ἀλλ’

96 2535 164 2562 οὐδὲ
172 2535 210 2566 ὡς
218 2535 362 2570 ἄνθρωπος
369 2536 427 2565 τοῖς
436 2536 548 2563 κατὰτὰ
556 2537 683 2572 περίγεια
691 2537 738 2564 καὶ
749 2537 798 2573 τὴν
807 2538 896 2574 σάρκα

100 2581 229 2616 μεγάλην
243 2581 324 2613 δόξαν
341 2583 386 2608 καὶ
401 2583 483 2617 δγκον
501 2583 746 2618 περιϐεϐλημένοις
762 2584 824 2611 οὐδὲ
835 2585 898 2610 τού-

98 2636 162 2659 τοις
172 2628 359 2662 συνημιλλᾶτο
366 2627 414 2654 καὶ
424 2628 630 2663 συνεπορεύετο·
642 2629 777 2664 μᾶλλονδὲ
785 2630 898 2656 τούναν-

99 2673 163 2700 τίον
175 2673 250 2700 ἆπαν
260 2674 495 2710 ταπεινοφροσύνῃ
504 2675 551 2701 καὶ
563 2675 720 2710 μετριότητι
732 2676 791 2702 ὅλον
802 2676 899 2703 ἑαυτὸν

101 2719 294 2756 ίὲιερῥὺθμιζε“
304 2720 345 2746 διὸ
354 2720 420 2747 καὶό
429 2721 582 2756 προφήτης·
595 2730 604 2747 ι
615 2721 712 2757 Χαῖρε,
725 2723 802 2756 φησι,
815 2722 900 2756 θύγα-

102 2775 156 2802 τερ
169 2766 238 2793 Σιών
250 2774 257 2782 ·
273 2776 282 2792 ι
296 2767 343 2794 καὶ
355 2767 405 2802 τῆς
418 2768 506 2800 αἰτίας
522 2768 539 2803 ἡ
554 2767 637 2804 χαρὰ,
651 2778 660 2794 ι
679 2768 743 2795 Ὀτι
755 2769 842 2804 πρᾶος
853 2770 900 2796 καὶ

145 2872 169 2887 ³³
186 2870 262 2899 Psal.
276 2879 336 2905 ut,
349 2871 376 2900 7.
414 2872 437 2888 υ
452 2871 525 2899 l’sal.
545 2878 606 2904 xxi,
619 2871 660 2899 17.

700 2871 721 2887 ³³
738 2871 804 2899 ibid.
824 2871 864 2899 l9.
892 2871 926 2910 {1"
942 2869 1043 2906 Philip.
1059 2877 1089 2903 u,
1107 2870 1134 2903 6,
1149 2868 1175 2903 7,
1188 2869 1216 2897 8.

943 2307 1087 2336 duodecim
1106 2307 1227 2342 legiones
1243 2307 1401 2341 angelorum
1413 2305 1457 2338 ’5’;
1478 2314 1487 2330 ›
1505 2305 1563 2336 sed,
1579 2311 1608 2330 ut
1627 2305 1735 2337 Opinor,

943 2353 1069 2384 altitudo.
1098 2351 1258 2387 magnitudo
1287 2355 1313 2378 et
1341 2350 1486 2378 admiratio
1507 2349 1534 2376 in
1552 2349 1662 2375 Christo
1687 2356 1738 2375 nec

943 2404 1032 2430 erant,
1049 2406 1098 2425 nec
1111 2397 1344 2432 suspiciebantur.
1365 2395 1420 2423 Nec
1435 2395 1494 2430 ipse
1513 2394 1639 2430 qumsivit
1668 2402 1738 2429 quo-

945 2445 1028 2471 modo
1055 2443 1162 2470 ueteris
1190 2442 1376 2469 antecelleret.
1397 2441 1467 2474 Quid
1484 2441 1567 2467 enim.
1582 2439 1737 2467 mirabilius

945 2491 988 2518 vel
1000 2489 1089 2524 majus
1116 2492 1190 2517 esset
1217 2496 1299 2524 quam
1330 2493 1437 2514 natura.
1452 2487 1543 2514 divina
1570 2493 1633 2521 qua:
1653 2494 1736 2520 super

945 2544 1055 2563 omnem
1083 2534 1300 2570 magnitudinem
1322 2538 1350 2560 et
1375 2533 1547 2568 maiestatem
1572 2532 1740 2559 collocatur?

947 2583 1082 2610 Praeterea
1110 2581 1239 2609 Christus
1263 2589 1307 2613 tte,
1330 2585 1360 2607 ut
1382 2580 1464 2607 homo
1486 2579 1608 2614 quidem,
1625 2586 1686 2606 cum
1700 2579 1740 2604 eis

947 2628 1004 2662 qui,
1023 2627 1046 2655 si
1067 2627 1100 2654 ad
1115 2632 1223 2654 terrena
1242 2631 1267 2653 et
1285 2634 1418 2660 corporea
1432 2631 1549 2660 spectes,
1567 2624 1653 2651 multo
1668 2625 1738 2652 fastu

949 2674 1167 2706 circumdantur,
1211 2673 1403 2704 contendebat,
1437 2675 1484 2699 aut
1514 2670 1738 2698 conversabatur.

950 2719 1008 2748 lmo
1024 2716 1090 2748 vero
1107 2728 1137 2748 se
1152 2724 1238 2747 tottnn
1255 2721 1282 2746 in
1307 2719 1462 2747 humilitate
1477 2721 1505 2746 et
1519 2716 1652 2744 modestia
1666 2725 1742 2744 com-

951 2767 1079 2802 ponebat.
1093 2767 1183 2800 Quare
1195 2766 1345 2802 prOpheta:
1361 2765 1500 2799 «Exsulta,
1517 2763 1572 2792 lilia
1586 2761 1665 2798 Sion;
1680 2771 1746 2791 nam

1255 2869 1298 2896 ἐϋ·
1316 2869 1383 2897 ibid.
