1886 3071
183 124 253 158 1135

760 132 890 163 ΡΗΟΤΙΙ
905 133 1156 165 ΡΑΤΒΙΑΒΟΗΕ
1170 136 1225 166 CP.

1742 137 1814 170 1136

180 188 264 208 causa
276 185 319 227 est
330 180 377 208 tibi
388 181 490 217 gaudii.
506 183 636 218 quoniam
647 184 757 220 quietus
768 190 795 213 et
814 192 972 215 mansuetus
986 195 1010 223 Α
1023 189 1097 224 ἥσυχα

1059 197 1123 224 υχος
1136 189 1198 225 ἥκει
1213 197 1254 216 σοι
1273 189 1290 216 ὀ
1301 189 1444 224 βασιλεύς·
1459 199 1469 216 ι
1486 191 1518 217 τὸ
1530 190 1570 224 δὲ,
1587 191 1813 227 ἀπογεγαλακτι-

180 227 256 254 venit
268 226 302 254 ad
315 231 341 254 te
357 234 404 254 rex
416 227 449 255 ".
465 237 475 253 ι
499 228 555 257 lloc
575 230 688 257 verbum
703 238 718 257 a
734 230 803 258 lacte
821 232 966 266 depulsum

180 279 244 299 cum
268 273 310 300 his
325 272 394 300 forte
416 279 589 309 congrueret,
607 276 671 310 quia
690 276 809 304 animam
826 285 908 312 quam
923 285 968 306 as-

181 323 337 353 sumpserat
353 319 388 346 ad
414 320 555 355 antiquata
571 325 598 348 et
612 321 780 356 primitivam
805 322 966 359 dignitatem

179 364 298 397 reduxit,
324 365 398 400 quod
414 366 484 393 idem
498 371 540 394 est
565 375 598 394 ac
610 367 680 395 lacte
695 368 840 403 depulsum
857 370 891 397 ad
909 378 968 397 ma-

183 414 253 438 trem
277 419 366 439 suam.
392 412 420 439 Si
438 412 502 447 quis
525 419 616 441 autem
634 415 799 450 intelligeret
827 416 966 444 Christum

177 464 322 494 postquam
334 464 418 495 utque
431 460 512 492 Deus.
529 466 614 497 utque
628 463 710 491 homo
723 465 968 493 commorationem

178 512 258 531 suam
281 505 353 532 inter
376 506 502 535 homines
522 508 635 543 peregit,
660 516 757 536 rursus
778 510 811 536 ad
825 514 968 545 paternum

178 551 312 584 gremium
332 559 366 579 ex
381 560 436 587 quo
460 561 588 588 egressus
610 560 670 582 erat
689 563 829 583 reversum
850 564 922 589 esse,
945 557 969 585 is

177 604 288 631 quoque
299 597 458 626 verisimilia
475 600 634 633 conjiceret.
652 600 779 636 Namque
796 602 861 629 illuc
877 610 972 629 recur-

179 649 252 674 rcns,
274 646 301 669 et
323 649 436 678 accepto
463 652 545 680 super
566 647 659 674 omnia
680 647 795 681 judicio,
819 655 915 675 omnes
943 648 971 675 in

178 688 354 723 semetipsum
379 690 552 725 justilicavit.
578 692 650 727 quod
678 701 712 720 ex
728 693 771 721 his
795 693 887 721 verbis
905 701 972 721 con-

178 737 233 761 stat
251 742 259 762 :
279 744 289 760 ι
307 735 445 763 llestitues
459 737 493 764 ad
510 737 630 765 auimatn
644 745 745 766 meam.
763 748 773 765 ι

265 790 431 824 ΟΠᾸΕ5ΤΙΟ
450 793 514 820 CCC
535 793 632 830 [CoisL
660 794 744 822 Taur.
768 793 874 832 CXIII].

196 835 251 864 Cur
261 838 291 865 in
306 838 369 866 rubo
387 847 434 866 nec
449 840 477 866 in
493 839 554 901 (dig
572 840 667 890 ple’nta
692 841 778 876 Moysi
803 841 956 876 apparuerit

554 883 614 901 eus.

554 883 599 902 eus
607 883 614 901 2

1018 235 1127 269 σμένον,
1141 234 1324 270 ἐναρμοσθείη
1341 235 1375 261 ἂν
1386 235 1445 267 τοῖς
1454 235 1622 271 εἰρημένοις,
1634 237 1675 264 ὅτι
1691 239 1739 264 καὶ
1759 239 1812 274 τὴν

1017 280 1105 316 ψυχὴν
1120 281 1153 316 ἢν
1177 281 1360 317 προσείληφεν
1382 281 1430 308 ἐπὶ
1452 281 1483 308 τὸ
1508 282 1621 317 ἀρχαῖον
1648 284 1734 319 αὐτὴν
1761 286 1812 312 καὶ

1017 327 1179 362 προγονικὸν
1196 328 1372 363 ἐπανήγαγεν
1385 328 1495 363 ἀξίωμα
1511 335 1519 344 ⁸
1537 329 1617 355 τοῦτο
1634 329 1688 365 γὰρ
1707 331 1741 357 ἂν
1764 331 1810 366 εἴη

1017 373 1059 405 τδ,
1076 382 1086 399 t
1097 373 1141 405 Ὧς
1150 372 1181 399 τὺ
1194 373 1500 409 ἀπογεγαλακτισμένον
1512 375 1559 401 ἐπὶ
1568 375 1617 410 τὴν
1633 377 1741 412 μητέρα
1757 378 1810 403 αὑ-

1018 417 1065 443 τοῦ
1080 425 1086 432 ·
1098 426 1107 443 ι
1127 418 1151 444 εἰ
1165 417 1193 444 δέ
1212 426 1254 449 τις
1275 417 1363 444 ἐθέλοι
1387 419 1458 444 νοεῖν
1477 419 1519 445 ὅτι
1536 420 1583 446 καὶ
1601 419 1650 452 τὴν
1664 422 1733 456 μετὰ
1755 421 1812 448 τῶν

1018 463 1173 498 ἀνθρώπων
1190 464 1364 499 ἀναστροφὴν
1380 464 1540 500 θεοπρεπῶς
1547 474 1578 491 τε
1605 466 1652 493 καὶ
1667 467 1811 502 ἀνθρωπο-

1020 508 1133 544 πρεπῶς
1147 509 1259 541 τελέσας
1282 510 1364 537 πάλιν
1385 510 1433 537 ἐπὶ
1454 511 1517 542 τοὺς
1527 509 1737 546 πατρικοὺς,ὦν
1759 514 1812 539 οὐκ

1020 555 1255 590 ὲξέστη,κόλπους
1269 556 1415 590 ἐπανῆλθε,
1435 558 1482 583 καὶ
1503 554 1580 589 οὗτος
1607 558 1640 585 ἂν
1659 558 1694 584 τὰ.
1716 559 1812 585 εἰκότα

1020 601 1078 635 ἐρεῖ
1093 609 1099 615 ·
1126 601 1174 628 καὶ
1197 602 1252 635 γὰρ
1280 602 1370 628 ἐκεῖσε
1397 601 1560 637 ἀναδραμὼν
1592 603 1640 629 καὶ
1665 603 1715 638 τὴν
1739 604 1812 639 ὑπὲρ

1009 646 1130 672 .πάντων
1143 646 1233 682 κρίσιν
1247 646 1402 682 δεξάμενος,
1418 647 1561 674 ἐδικαίωσε
1577 649 1682 680 πάντας
1698 649 1728 675 ὲν
1743 650 1809 676 ἑαυ-

1022 691 1072 727 τῷ,
1084 692 1153 727 ὅπερ
1172 692 1342 728 ὑποδηλώσει
1356 693 1390 720 ἃν
1406 693 1453 720 καὶ
1468 693 1510 726 τὸ,
1525 702 1535 719 ‹
1547 694 1591 725 Ὧς
1609 695 1812 727 ἀνταποδώσεις

1022 737 1068 764 ἐπὶ
1086 737 1137 773 τὴν
1145 737 1236 773 ψυχήν
1247 746 1310 773 μου.
1323 747 1332 764 ι

1302 794 1468 821 ΕΡΩΤΗΣΙΣ
1489 795 1529 823 Τ’.

1025 839 1105 866 Atat!
1116 839 1151 866 ἐν
1159 839 1244 872 βάτῳ
1259 839 1307 866 καὶ
1321 841 1376 876 οὐκ
1385 840 1421 867 ἐν
1434 841 1524 875 ἑτέρῳ
1538 841 1622 876 φυτῷ
1633 841 1673 875 τῷ
1689 842 1813 870 Μωῦσεῐ

1272 875 1432 902 όπτάνεται
1440 877 1457 904 ό
1471 877 1561 910 Θεός;

624 930 697 956 Edita
711 938 726 956 a
736 930 798 956 Maio
810 931 838 963 (l.
852 938 874 956 c.
886 931 1036 962 p.152-l5l,
1045 937 1071 962 q.
1081 930 1148 961 509).
1160 943 1191 949 --
1201 930 1280 955 Exod.
1291 937 1326 962 in,
1339 931 1363 956 3.

215 970 314 1000 Multas
331 971 367 1000 ob
379 980 496 1006 causas;
513 977 541 1000 at
557 972 720 1009 priusquam
735 975 909 1002 excutiamus
918 982 973 1010 qua

179 1017 215 1046 de
228 1025 310 1045 causa
338 1019 507 1053 apparuerit.
526 1019 617 1047 dicere
635 1019 744 1054 expedit
762 1020 813 1048 tria
838 1020 889 1048 hoc
901 1028 974 1056 sym-

182 1064 275 1092 bolum
292 1064 461 1099 signiﬁcare.
482 1064 531 1092 Vel
548 1070 577 1092 ιιι
591 1066 676 1093 rubus
689 1066 815 1099 ardebat,
831 1075 881 1094 nec
897 1074 974 1094 com-

181 1109 342 1142 burebatur,
367 1111 407 1138 sic
427 1110 511 1138 Israel
535 1111 687 1139 obnoxium
709 1112 849 1147 periculis,
875 1112 972 1147 pmnis,

181 1155 354 1191 ﬂammisque
383 1157 503 1184 miseriae
518 1158 620 1192 quibus
634 1166 696 1186 eum
711 1159 824 1186 servitio
835 1158 973 1193 objectum

182 1202 300 1238 Egyptii
315 1204 460 1234 vexabant.
476 1204 532 1231 sola
547 1203 593 1231 Dei
606 1204 702 1231 dextra
716 1213 732 1232 e
751 1210 838 1232 morte
850 1209 877 1231 et
891 1205 975 1232 exitio

182 1254 307 1284 ereptum
333 1250 428 1278 fuisse.
442 1249 491 1277 Vel
509 1250 595 1278 Deum
613 1250 745 1284 Verbum,
761 1251 851 1278 Patris
870 1251 974 1284 lumen,

183 1295 389 1330 incorporeum,
405 1296 561 1324 divinitatis
586 1297 675 1332 ignem
694 1297 816 1325 terrestri
832 1301 859 1324 ct
874 1305 976 1332 corpo-

184 1349 232 1368 reo
247 1334 365 1376 Virginis
395 1341 458 1368 sinu
491 1341 612 1373 fulsisse,
646 1341 922 1377 inconsumptamque
949 1345 978 1368 ct

183 1388 314 1415 intactam
334 1386 470 1422 Virginem
495 1395 557 1423 qua:
577 1392 739 1423 conceperat
764 1389 927 1416 servavisse.
947 1387 977 1414 Si

184 1433 273 1461 mavis
297 1433 355 1468 ipse
383 1433 538 1461 Divinitatis
564 1434 635 1469 ignis
652 1434 780 1462 humanas
801 1435 978 1463 consociatus

185 1479 303 1511 nal‘urzc,
322 1479 394 1506 illam
417 1480 527 1514 quidem
546 1480 700 1511 mundabit.
719 1481 907 1512 consecrabit,
923 1488 977 1508 non

187 1529 279 1553 autent
306 1525 459 1556 comburet.
478 1533 528 1553 nec
542 1526 651 1554 delebit.
669 1526 979 1555 Verumenimverohtec

187 1568 249 1596 rubi
280 1569 410 1604 mysterio
435 1571 654 1605 praeligurantur.
677 1571 827 1606 rubnsque,
856 1579 907 1598 nec
923 1572 976 1599 alia

1059 974 1109 1000 Διὰ
1119 973 1218 1004 πολλὰς
1240 973 1347 1004 αἰτίας·
1373 974 1510 1009 μᾶλλονδὲ
1526 974 1579 1010 πρὸ
1590 973 1641 1006 τοῦ
1664 973 1815 1002 ἀποδοῦναι

1023 1019 1074 1051 τὰς
1084 1019 1154 1045 διατί
1170 1018 1248 1053 ὤφθη
1264 1019 1366 1051 αίτιας,
1384 1019 1496 1054 ἄμεινον
1511 1021 1598 1047 εἰπεῖν
1614 1020 1655 1047 δτι
1675 1020 1741 1056 τρία
1753 1020 1815 1046 τινὰ

1023 1065 1054 1092 τὸ
1081 1064 1215 1100 σύμϐολον
1241 1065 1356 1099 μηνύει·
1377 1065 1393 1101 ἢ
1416 1065 1457 1092 ὅτι
1478 1066 1573 1102 ὥσπερ
1595 1066 1612 1101 ἡ
1636 1066 1717 1101 βάτος
1745 1066 1814 1101 πυρὶ

1025 1112 1260 1148 περιελαμϐάνετο
1285 1112 1347 1148 μὲν,
1367 1113 1397 1140 οὺ
1412 1113 1571 1141 κατεκαίετο
1590 1113 1630 1145 δὲ,
1645 1113 1714 1140 οὖτα.
1737 1114 1786 1140 καὶ
1800 1114 1815 1140 ὸ

1031 1158 1139 1194 Ἰσραὴλ
1149 1158 1258 1189 ἔκδοτος
1272 1159 1329 1190 τοῖς
1342 1160 1506 1195 πειρασμοῖς
1518 1159 1566 1186 καὶ
1588 1161 1648 1190 ταῖς
1667 1160 1814 1195 τιμωρίαις

1026 1205 1072 1231 καὶ
1081 1206 1114 1240 τῇ
1134 1204 1214 1239 φλογὶ
1223 1206 1271 1239 τῆς
1283 1205 1471 1241 ταλαιπωρίας
1499 1207 1534 1241 ἣν
1557 1206 1650 1238 αὐτοῖς
1669 1207 1694 1232 οἱ
1714 1206 1817 1240 αίχμα-

1026 1249 1210 1282 λωτεύσαντες
1228 1251 1361 1286 ὑφῆπτον,
1373 1251 1442 1288 μόνῃ
1451 1252 1479 1278 δὲ
1486 1253 1520 1286 τῇ
1531 1252 1577 1278 τοῦ
1591 1251 1660 1279 Θεοῦ
1677 1251 1753 1287 δεξιᾷ
1767 1251 1816 1278 τοῦ

1027 1296 1065 1331 μὴ
1090 1295 1248 1323 διολωλέναι
1271 1296 1318 1322 καὶ
1345 1297 1572 1332 ἁποτεφρωθῆναι
1595 1297 1816 1332 διετηρήθησαν·

1026 1341 1043 1376 ἦ
1062 1342 1104 1368 ὃτι
1114 1341 1128 1367 ὁ
1143 1341 1209 1372 Θεὸς
1223 1341 1310 1375 Λόγος
1323 1341 1354 1367 τὸ
1364 1342 1421 1375 φῶς
1441 1342 1471 1368 τὸ
1485 1343 1620 1377 πατρικὸν
1637 1342 1723 1369 καὶτὸ
1734 1343 1818 1369 ἆῠλον

1027 1388 1077 1422 τῆς
1093 1388 1226 1423 Θεότητος
1241 1387 1297 1424 πῦρ
1314 1389 1343 1414 ὲν
1366 1389 1399 1424 τῇ
1414 1389 1503 1424 γεηρᾷ
1526 1397 1555 1415 τε
1583 1389 1630 1415 καὶ
1650 1389 1749 1415 ὑλώδει
1767 1388 1818 1423 τῆς
1835 1388 1839 1391 ’

1027 1433 1168 1469 Παρθένου
1183 1434 1277 1469 μήτρα
1300 1434 1520 1469 περιαστράψαν,
1537 1433 1743 1468 ἀκατάφλεκτον
1771 1435 1821 1458 καὶ

1027 1480 1158 1515 ἀπήμονα
1184 1479 1313 1506 διασώσει
1341 1480 1390 1516 τὴν
1413 1479 1564 1514 δεξαμένην
1592 1479 1679 1506 αὑτό·
1701 1478 1726 1505 εί
1753 1478 1821 1513 βού-

1027 1525 1069 1551 λει
1098 1525 1127 1551 δὲ
1165 1525 1195 1551 τὸ
1226 1525 1292 1552 αὐτὸ
1319 1525 1369 1559 τῆς
1398 1525 1525 1560 θεότητος
1564 1524 1620 1560 πῦρ
1647 1525 1681 1560 τῇ
1711 1524 1822 1560 ἀνθρω-

1029 1570 1095 1606 πίνῃ
1119 1570 1325 1606 προσομιλῆσαν
1353 1570 1434 1605 φύσει
1449 1590 1456 1602 ,
1482 1569 1658 1606 πυρακτώσει
1688 1570 1739 1605 μὲν
1772 1571 1823 1596 καὶ

188 1613 281 1648 planta
305 1613 451 1649 subjicitur
472 1614 539 1650 igni.
566 1614 648 1642 Forte
669 1615 800 1651 quoniam
821 1616 848 1643 in
869 1616 977 1644 deserto
991 1610 1013 1640 (ἒ
1030 1615 1097 1642 θεοπ

1059 1616 1196 1650 ηοποιήσει,
1207 1615 1238 1642 οὺ
1263 1615 1428 1649 καταφλέξει
1445 1615 1474 1642 δὲ
1490 1615 1539 1642 καὶ
1563 1614 1722 1648 ἐξαφανίσει
1733 1623 1739 1629 ”
1751 1615 1824 1642 ἀλλὰ

191 1658 265 1686 nulla
291 1659 346 1687 alia
365 1659 456 1694 planta
479 1660 658 1694 gignebatur;
676 1661 718 1687 vel
736 1661 830 1692 etiam.
848 1666 878 1689 ut
893 1661 979 1689 disea-

190 1713 252 1733 mus
266 1705 354 1741 ignem
380 1706 504 1734 divinum
522 1713 584 1734 cum
598 1710 722 1733 naturam
741 1707 886 1734 humanam
904 1716 980 1734 cutu-

191 1752 353 1784 plecteretur
365 1761 426 1788 qua:
436 1758 546 1788 peccata
560 1761 610 1781 sua
623 1759 652 1781 ut
667 1754 762 1789 spinas
775 1754 892 1789 projicit.
905 1753 980 1788 illam

191 1797 386 1830 inllammasse,
407 1807 461 1828 non
478 1804 569 1827 autem
583 1801 797 1835 consumpsisse.
813 1800 866 1827 Sed
886 1800 980 1835 spinas

191 1846 394 1874 circumduntes
436 1847 576 1875 exussisse
597 1855 629 1874 ac
648 1847 791 1874 deleviSSc.
808 1846 856 1874 Vel
869 1847 980 1875 sialiud

193 1898 218 1919 te
231 1893 318 1927 juvat,
343 1892 371 1920 in
400 1893 470 1920 rubo
490 1893 541 1920 isto
555 1898 685 1929 apparent
699 1893 836 1928 pleraque
848 1893 980 1928 gentium,

193 1937 306 1974 abiectis
332 1939 366 1966 de
395 1938 450 1966 Deo
478 1939 658 1974 opinionibus
681 1944 823 1973 correplte,
849 1943 876 1966 et
901 1939 981 1974 quasi

194 1986 331 2013 atheismo
353 1986 484 2019 obsessae,
500 1986 606 2014 semina
624 1990 800 2020 peccatorum
827 1992 919 2012 secum
939 1986 981 2012 l'ev

194 2037 296 2064 rentes,
311 2032 546 2070 pulrel'actamque
558 2033 584 2058 in
595 2031 680 2060 Deum
691 2032 906 2062 venerationem.
920 2039 980 2066 quae

194 2078 332 2105 debebant
351 2079 438 2106 sancti
456 2077 574 2115 Spiritus
590 2079 707 2107 adventu
721 2083 748 2107 et
764 2077 985 2105 manifestatione

195 2122 318 2157 accendi,
331 2127 358 2150 et
373 2123 486 2158 spinoso
514 2123 560 2150 illo
582 2124 743 2158 ingratoque
781 2129 876 2151 errore
905 2130 985 2149 Inun-

197 2168 268 2200 dari.
282 2168 407 2203 ignisque
436 2168 521 2196 divini
537 2168 628 2196 radios
640 2169 775 2202 accipere.
794 2177 804 2193 ι
823 2167 892 2202 Ipse,
905 2171 986 2202 prout

197 2215 301 2243 dictum
331 2219 393 2247 est,
420 2214 572 2250 baptizabit
598 2222 648 2241 vos
674 2214 701 2242 in
718 2213 820 2249 Spiritu
847 2220 942 2242 sancto
960 2219 987 2242 et

1029 1663 1165 1697 προτυποῖ
1184 1662 1234 1697 μὲν
1247 1661 1277 1688 τὸ
1293 1661 1340 1687 ἐπὶ
1362 1662 1411 1695 τῆς
1426 1660 1508 1696 βάτου
1527 1661 1676 1695 μυστήριον
1694 1660 1760 1691 tam;
1786 1660 1824 1686 ἂν

1029 1708 1064 1735 τὰ
1082 1707 1211 1734 τοιαῦταθ
1225 1707 1273 1734 καὶ
1301 1708 1318 1743 ἡ
1334 1707 1414 1741 βάτος
1431 1707 1459 1733 δὲ
1483 1706 1664 1734 ὑποὸάλλεται
1691 1705 1730 1740 τῷ
1751 1706 1826 1740 πυρὶ

1030 1754 1078 1782 καὶ
1107 1754 1168 1789 οὐχὶ
1182 1753 1266 1788 φυτὸν
1290 1753 1383 1788 ἕτερον
1403 1760 1410 1767 '
1427 1752 1498 1787 τάχα
1524 1751 1574 1787 μὲν
1590 1752 1686 1787 ὅτιπερ
1706 1751 1761 1778 οὐδ’
1787 1749 1825 1786 ἦν

1013 1837 1016 1840 ξ
1031 1801 1124 1836 ἐτέρου
1138 1800 1212 1832 τινος
1226 1801 1243 1835 ἡ
1259 1799 1362 1834 ἔρημος
1384 1799 1460 1834 παρὰ
1477 1798 1556 1826 τοῦτο
1568 1798 1653 1833 φυτοῦ
1679 1798 1826 1834 καρποφό-

1033 1855 1078 1884 ρος
1090 1855 1097 1862 ·
1115 1847 1155 1874 ἔτι
1169 1846 1197 1873 δὲ
1223 1846 1270 1873 καὶ
1293 1846 1336 1872 ἵνα
1354 1845 1496 1880 μάθωμεν,
1511 1845 1550 1876 ὡς
1576 1844 1626 1879 τὴν
1646 1844 1826 1880 ἀνθρωπίνην

1033 1893 1114 1928 φύσιν
1129 1892 1160 1918 τὸ
1172 1892 1221 1926 τῆς
1239 1890 1367 1925 θεότητος
1388 1890 1536 1926 περιλαϐὸν
1562 1889 1629 1926 πῦρ,
1643 1889 1725 1916 οἱονεί
1745 1898 1827 1920 τινας

1032 1939 1154 1970 ἀκάνθας
1167 1939 1216 1970 τὰς
1228 1938 1367 1973 ἁμαρτίας
1388 1936 1626 1972 προϐεϐλημένην,
1641 1935 1744 1971 ταύτην
1774 1935 1828 1970 μὲν

1033 1985 1185 2019 ὲφλόγιζεν,
1200 1984 1231 2010 οὐ
1245 1984 1374 2011 κατέκαιε
1389 1982 1418 2009 δέ
1431 1990 1438 1998 ·
1455 1982 1504 2014 τὰς
1513 1983 1542 2009 δὲ
1556 1983 1621 2016 περὶ¹
1633 1982 1722 2017 αὐτὴν
1737 1982 1828 2008 ἀκάν-

1034 2031 1084 2063 θας
1110 2031 1241 2058 κατέκαιε
1267 2030 1315 2056 καὶ
1335 2028 1488 2064 διέφθειρεν
1507 2036 1515 2044 ο
1534 2029 1559 2055 ει
1593 2027 1683 2063 βούλει
1701 2027 1746 2058 δὲ,
1778 2028 1829 2054 καὶ

1034 2077 1149 2111 ἐπείπερ
1165 2077 1200 2105 τὰ
1221 2076 1312 2111 πλήθη
1321 2076 1374 2102 τῶν
1391 2075 1476 2102 ὲθνιῖιν
1489 2076 1550 2105 ταῖς
1562 2074 1745 2109 χαμαιπετέσι
1761 2074 1829 2109 περὶ

1035 2123 1103 2150 Θεοῦ
1121 2131 1153 2149 συ
1157 2122 1262 2158 ρόμενα
1274 2121 1415 2152 διανοίαις,
1433 2121 1480 2149 καὶ
1494 2117 1550 2147 οἷον
1559 2122 1590 2155 τῇ
1601 2120 1730 2154 ἀθεότητι
1744 2128 1829 2155 περι-

1036 2168 1186 2204 κεχυμένα,
1204 2167 1252 2194 καὶ
1265 2167 1314 2198 τὰς
1328 2167 1383 2193 τῶν
1400 2166 1544 2202 ἁμαρτιῶν
1561 2166 1713 2201 ἐκφέροντα
1741 2166 1830 2200 ἐκφύ-

1038 2223 1104 2246 σεις,
1112 2214 1160 2240 καὶ
1171 2212 1220 2248 τὴν
1230 2213 1277 2239 τοῦ
1289 2212 1460 2247 σεδάσματος
1474 2211 1605 2238 σύστασιν
1611 2211 1830 2246 σαθρὰνὲμελλε

198 2262 252 2296 igni
265 2262 298 2289 ".
318 2271 327 2287 ι
348 2260 384 2289 Ut
406 2266 496 2290 autem
519 2260 690 2288 manifestior
721 2260 875 2298 clariorque
914 2265 987 2288 esset
1001 2280 1023 2308 ο
1037 2260 1066 2286 δὲ
1081 2269 1096 2286 τ

1059 2259 1168 2286 ιταῦτα
1191 2260 1226 2294 τῇ
1241 2258 1288 2287 τοῦ
1304 2258 1382 2291 ἁγίου
1410 2256 1568 2292 Πνεύματος
1598 2258 1772 2291 ἐπιφοιτήσει
1800 2265 1830 2283 τε

199 2309 296 2343 ﬁgura,
320 2311 473 2335 mentoraut
494 2307 592 2335 rubum
607 2307 719 2337 arsisse,
737 2314 789 2333 non
806 2311 894 2333 autem
909 2314 985 2334 com-

199 2353 311 2384 bustum
325 2360 396 2384 esse.
413 2352 537 2387 Namque
553 2351 638 2379 rubus
656 2359 754 2386 repens
770 2356 797 2380 et
809 2352 946 2386 spinosus,
961 2353 984 2380 si

201 2399 235 2429 ad
253 2405 379 2429 naturam
392 2399 453 2433 ejus
468 2403 585 2433 spectes,
608 2397 733 2424 inlirmus
749 2404 810 2430 est;
827 2399 851 2429 si
866 2398 899 2426 ad
924 2407 985 2434 spc-

200 2446 284 2477 ciem,
306 2452 390 2480 super
413 2450 514 2473 terram
534 2444 659 2471 diﬂ'nsus.
681 2443 746 2478 Quze
767 2450 866 2472 cuncta
887 2445 986 2472 rubum

202 2492 274 2518 inter
293 2495 321 2517 et
351 2489 468 2524 gentiles
507 2489 631 2527 quadam
669 2483 828 2517 communia
867 2495 984 2525 ponunt.

204 2537 318 2571 Insuper
345 2535 397 2561 hac
422 2533 530 2569 quidem
547 2534 638 2572 planta
667 2534 735 2561 nihil
761 2534 816 2562 fere
844 2535 990 2569 humilius,

204 2589 276 2616 qua.
304 2580 410 2608 etiamsi
426 2584 566 2619 augescat,
595 2587 735 2619 nunquam
755 2585 845 2609 tamen
861 2582 991 2617 assurgit,

205 2627 337 2662 humique
349 2633 458 2660 semper
472 2626 624 2665 proserpit:
643 2626 715 2659 ignis
729 2627 901 2659 autemJeve
915 2629 994 2662 quid-

205 2674 269 2700 dam
296 2679 358 2699 cum
386 2671 496 2704 habent,
524 2679 556 2700 ex
587 2671 716 2699 omnibus
730 2679 792 2705 quas
806 2679 887 2699 sensu
907 2673 995 2709 perci-

209 2720 319 2753 piuntur
342 2718 459 2745 maxime
481 2717 514 2745 ad
540 2717 646 2745 excelsa
677 2722 704 2744 et
729 2717 858 2744 sublimia
899 2719 993 2745 tendit.

209 2766 269 2799 Quo
291 2764 458 2801 signiﬁcatur
471 2764 541 2792 hanc
558 2771 612 2799 pra:
627 2763 734 2791 caeteris
748 2763 876 2794 omnibus
891 2764 994 2792 consti-

246 2855 269 2873 “
283 2854 368 2892 Soph.
387 2863 428 2888 Ill,
444 2854 487 2886 Η,
526 2854 547 2870 ¹⁷
568 2853 652 2882 Marc.
669 2861 688 2886 ι,
708 2853 736 2881 8.

1040 2306 1086 2333 καὶ
1102 2305 1244 2340 ἐλλάμψει,
1257 2305 1307 2339 τῆς
1331 2304 1380 2339 μὲν
1395 2303 1566 2334 ἀκανθώδους
1586 2303 1633 2330 καὶ
1653 2302 1832 2334 ζιζανιὼδους

1040 2352 1253 2387 περιφλέγεσθαι
1275 2351 1324 2381 καὶ
1349 2349 1585 2384 ἀποκαθαίρεσθαι
1607 2348 1724 2382 πλάνης,
1739 2348 1831 2380 τὰςδὲ

1039 2397 1086 2427 τοῦ
1107 2396 1198 2423 θεῖκοῦ
1215 2395 1301 2431 πυρὸς
1313 2396 1423 2426 ἀκτῖνας
1445 2393 1636 2428 ὑποδέχεσθαι.
1660 2392 1749 2424 Αὐτὸς
1765 2392 1831 2426 γὰρ,

1041 2444 1120 2478 φησὶ,
1139 2442 1265 2477 βαπτίσει
1283 2442 1354 2476 ὑμᾶς
1369 2442 1398 2467 ὲν
1412 2439 1551 2473 Πνεύματι
1575 2438 1645 2473 ἁγιῳ
1666 2438 1715 2464 καὶ
1737 2438 1807 2473 πυρί
1824 2445 1832 2453 υ

1042 2489 1074 2515 [ν’
1089 2487 1289 2524 ὲμφανέστερόν
1303 2496 1333 2513 τε
1347 2488 1394 2517 καί
1414 2486 1633 2522 τηλαυγέστερον
1648 2484 1679 2512 τὸ
1699 2484 1834 2515 εἰκονιζό-

1043 2543 1123 2570 μενον
1137 2533 1378 2570 προσδιατυπωθῇ,
1390 2533 1407 2567 ἡ
1417 2532 1497 2567 βάτος
1507 2530 1770 2566 παραλαμδάνιται,
1781 2530 1835 2556 ὑπ-

1042 2580 1214 2616 ηρετουμένη
1229 2580 1289 2615 μὲν,
1302 2580 1332 2606 οὐ
1342 2579 1496 2614 φλεγομένη
1507 2577 1535 2605 δὲ
1542 2577 1583 2612 τῷ
1596 2576 1673 2611 πυρίε
1685 2576 1836 2611 χαμερπής

1042 2636 1071 2654 τε
1080 2628 1134 2661 γάρ
1143 2628 1201 2654 ἐστι
1213 2627 1260 2653 καὶ
1273 2625 1434 2660 ἀκανθώδης
1443 2625 1490 2650 καὶ
1496 2624 1545 2659 τὴν
1561 2624 1708 2650 ὑπόστασιν
1717 2622 1836 2656 ἀσθενὴς

1045 2673 1092 2700 καὶ
1107 2673 1178 2703 κατὰ
1190 2672 1240 2707 τὴν
1253 2671 1314 2706 ww
1329 2670 1505 2705 διηπλωμένη
1522 2669 1571 2704 τῆς
1587 2669 1640 2703 γῆς
1653 2677 1660 2683 ·
1677 2668 1740 2694 καθ’
1753 2667 1773 2694 ἃ.
1788 2669 1837 2693 καὶ

1045 2719 1094 2754 τὴν
1130 2718 1278 2752 ἀναλογίαν
1307 2718 1376 2753 πρὸς
1405 2717 1491 2751 αὐτὴν
1520 2715 1648 2747 διασώζει
1684 2713 1721 2740 τὰ
1759 2713 1835 2747 ἔθνη.

1049 2766 1109 2792 Ἔτι
1131 2764 1159 2794 δὲ
1177 2763 1224 2791 τοῦ
1243 2764 1364 2793 τοιούτου
1393 2762 1443 2798 μὲν
1475 2761 1559 2797 φυτοῦ
1588 2759 1683 2796 σχεδόν
1707 2767 1736 2787 τι
1760 2759 1836 2786 οὐδὲν
