1886 3071
65 131 137 165 1137

478 129 529 159 AD
546 128 842 159 AMPHILOCHIUM
858 129 1030 164 QUIESTIO
1055 129 1130 160 CCC.
1147 127 1240 159 CCCI.

1628 123 1695 156 “7’8

63 186 270 221 ταπεινότερον,
284 185 342 212 ἀλλ’
358 185 443 220 αὔξην
466 185 515 220 μέν
537 192 598 211 τινα
618 184 734 220 δέχεται,
748 184 853 211 οὐδέπω
869 193 890 219 Α
905 191 909 212 1

960 193 990 212 ιη]
1001 190 1029 213 et
1043 185 1219 213 excellentem
1236 183 1284 211 Dei
1297 187 1424 210 naturam
1437 181 1537 216 (ignem
1547 181 1619 209 enim
1637 188 1699 216 per-

63 234 89 260 δ⁸
107 232 250 268 ἐπαίρεται
265 232 315 266 τῆς
330 231 382 266 γῆς
394 240 401 247 ·
418 231 462 258 ἀεὶ
486 231 514 257 δὲ
527 231 614 266 ταύτῃ
630 231 782 266 προσέρπει
799 239 807 245 ⁸
822 231 853 257 τὸ

63 281 95 306 δὲ
110 279 169 315 πῦρ
192 278 294 313 κοῦφόν
312 286 342 304 τε
365 277 481 304 καὶτῶν
506 277 558 304 ὅσα
581 276 704 312 κρίνεται
729 276 854 311 αἰσθήσει

63 324 292 361 ἀωφερέστατόν
303 332 333 350 τε
346 323 394 350 καὶ
408 322 555 350 ἀνώτατον
567 323 605 354 ὡς
615 322 647 349 ἂν
658 322 704 349 οὖν
715 321 853 357 ὲπιδειχϐῇ

64 373 109 399 ὃτι
126 373 145 405 ἡ
163 371 274 398 πάντων
287 370 453 404 ὑπερέκεινα
469 369 522 396 τῶν
539 369 622 396 ὅντων
636 368 810 404 ἀνῳκισμένη
824 376 855 394 τε

63 419 117 444 καὶ
135 417 288 452 ὑψηλοτέρα
317 417 366 451 τῆς
384 415 510 451 θεότητος
528 415 609 450 φύσις
636 415 703 451 (πῦρ
721 415 775 450 γὰρ
791 413 856 440 πολ-

63 464 151 495 λάκις
165 465 182 499 ή
197 462 293 498 Γραφὴ
311 462 358 489 τὸν
378 462 444 488 Θεὸν
459 460 686 497 ὀνομάζει),πρὺς
696 460 745 496 τὴν
760 469 856 488 ταπει-

64 510 186 545 νοτέραν
202 509 284 544 φύσιν
295 508 352 535 τῶν
366 507 518 543 ἀνθρώπων
529 509 561 543 τῇ
578 507 656 542 πηλῷ
677 507 725 533 καὶ
735 507 770 542 γῇ
793 515 859 541 συμ-

65 554 251 590 πεφυρμένην
259 555 310 581 οὑκ
315 553 455 589 ἀπηξίωσε
466 553 615 585 κατελθεῖν,
626 551 783 585 εἰκότως,τῶ
793 552 860 578 ὐπο-

65 602 198 636 δείγματι
217 600 384 636 κατάλληλον
406 599 568 636 παρελήφθη
584 599 679 632 φυτόν.
699 599 759 625 Ἔτι
780 598 802 625 δ’
826 598 859 624 ἂν

66 647 286 682 ἐπιθεωρήσαις,
304 647 342 678 ὡς
355 646 403 673 τοῦ
428 646 562 681 Ἐὕραίων
589 645 684 677 ἔθνους
702 644 860 679 αὐτομολεῖν

67 702 134 726 πως
160 692 317 729 ἐπιρῤεπῶς
338 692 447 728 ἔχοντος
470 692 539 727 πρὸς
568 691 721 723 πολυθεῖαν,
736 690 784 717 ἆτε
805 691 861 721 τοῖς

66 739 128 766 τῶν
141 739 299 774 Αἰγυπτίων
315 739 404 766 ἔθεσιν
421 738 472 765 οὑκ
492 738 592 772 ὀλίγοις
612 737 686 764 ἔτεσι
711 744 861 764 συναναπε-

67 786 228 821 φυρμένου,
237 786 282 812 ἵνα
292 785 330 820 μὴ
341 785 433 816 αὐτοῖς
444 784 594 820 πρόσϐασίς
605 793 647 815 τις
664 784 704 814 εἰς
717 782 862 809 πολυθεῖαν

905 237 976 265 saepe
992 230 1134 264 Scriptura
1148 229 1233 256 Deum
1249 227 1339 262 vocat)
1359 234 1414 254 non
1445 226 1617 261 dedignatam
1634 233 1695 253 esse

904 276 939 303 ad
970 275 1180 303 humilissimam
1208 274 1350 301 hominum
1379 277 1504 300 naturam
1530 272 1595 299 limo
1612 276 1696 298 terra-

905 328 959 356 que
977 321 1150 349 commistam
1177 320 1354 348 descendere.
1372 318 1468 346 Merito
1493 318 1575 353 igitur
1603 318 1695 352 planta

907 368 973 395 hinc
991 371 1095 395 natura:
1107 374 1255 402 congruum
1269 365 1421 399 exemplum
1432 369 1567 398 sumptum
1579 367 1629 390 est.
1641 363 1696 389 Hoc

907 413 990 441 etiam
1013 413 1200 440 animadverte
1213 411 1297 446 quod,
1321 418 1383 438 cum
1405 410 1508 437 inesset
1521 408 1696 441 Hebraeorum

908 459 980 494 genti
1012 458 1169 493 proclivitas
1191 457 1224 484 ad
1247 456 1449 487 idololatriam,
1460 454 1612 490 prodigium
1626 453 1698 481 istud

908 504 978 532 adeo
994 503 1111 534 fmdam,
1131 502 1213 529 vilem
1228 501 1447 534 indecoramque
1474 507 1529 534 prae
1546 499 1625 526 idolis
1644 498 1714 541 for-1'

909 558 981 577 mam
997 549 1118 583 suscepit
1137 556 1170 575 ne
1186 548 1287 582 gradus
1313 555 1402 574 novus
1426 547 1460 573 ad
1487 546 1547 573 haec
1567 545 1637 572 idola
1665 544 1700 572 iis

910 600 1120 631 supponeretur,
1151 594 1256 621 scilicet
1284 602 1318 621 ne
1358 594 1464 621 visione
1488 591 1629 622 commoti,
1648 595 1697 618 aut

910 643 997 677 ipsam
1025 641 1071 667 Dei
1099 639 1218 674 speciem
1251 646 1300 674 pro
1315 638 1370 666 Deo
1386 642 1518 673 ponentes
1545 637 1720 667 adorarentﬁg

910 692 959 715 aut
972 687 1049 722 signa
1067 690 1094 712 et
1113 686 1213 720 figuras
1241 686 1274 711 ad
1289 684 1348 718 ejus
1366 683 1573 710 similitudinem
1600 679 1701 707 imitati

911 741 971 761 cum
987 731 1180 763 confecissent,
1198 731 1256 757 hare
1281 737 1410 756 manuum
1428 735 1541 756 suarum
1566 734 1647 761 opera
1664 725 1702 752 uti

912 780 979 808 deos
999 782 1206 806 venerarcnlur.
1226 775 1278 809 Qui
1300 775 1372 802 enim
1399 773 1514 801 vitulum
1546 772 1628 798 tantis
1651 771 1703 797 im-

67 816 252 867 ιιτεριγένηται
264 816 342 866 ὲν-τιῖξ)
355 816 479 866 τοιούτῳ,
499 830 615 866 εἰδεχθεί
633 838 662 856 τε
676 829 723 856 καὶ
743 828 862 863 ταπεινῷ
879 862 896 867 _

960 825 1004 853 Isis
1019 819 1200 854 excuderunt,
1236 828 1342 857 proque
1355 820 1410 847 Deo
1437 819 1613 847 simulacrum
1628 816 1704 844 bovi-

67 862 123 905 καὶ
144 862 334 914 ανεπιτηδείῳ-
345 878 414 914 πρὸς
442 862 612 914 παραγωγὴν
640 876 741 909 ξοάνων
770 862 860 911 παραέ
877 862 898 889 Β

964 872 1051 908 capite
1072 871 1236 898 instructum
1271 869 1457 896 ad0raverunt
1484 866 1530 893 ubi
1547 865 1621 892 nulla
1645 872 1705 892 om-

67 924 214 950 δείκνυται
229 923 259 951 τδ
285 924 335 951 θαῦ
341 932 388 959 μα’
401 924 445 951 ἵνα
463 924 501 960 μὴ
515 923 734 957 καταπλαγέντες
748 922 778 948 τὸ
792 921 862 957 6ρὼ-

70 978 169 1005 μενον,
184 970 200 1006 ἦ
213 970 278 997 αὐτό
291 979 323 1005 γε
337 971 368 997 τὸ
382 968 453 1002 εἶδος
470 970 518 997 τοῦ
532 969 600 997 Θεοῦ
626 968 718 1000 αὐτοῦ,
740 969 779 999 εἰς
797 967 864 994 Θεὸν

68 1016 300 1053 ἁναγραψάμενοι
322 1017 566 1052 προσκυνήσωσιν
583 1015 599 1051 ἢ
621 1014 815 1048 διαγλύφοντες
835 1012 865 1045 ἐξ

69 1061 159 1088 αὐτοῦ
171 1062 369 1098 ἀπεικάσματα
381 1070 411 1088 τε
425 1062 473 1088 κα)⁸
483 1060 653 1096 ὁμοιώματα,
664 1059 702 1091 ὡς
719 1058 796 1089 θεοὺς
816 1058 866 1084 αὐ-

69 1107 131 1134 τῶν
146 1108 182 1134 τὰ
195 1107 250 1134 τῶν
270 1108 371 1143 χειρῶν
391 1107 461 1143 ἔργα
484 1107 712 1141 προσκυνήσωσιν
731 1112 738 1119 ·
756 1105 781 1130 οἰ
810 1103 864 1138 γὰρ

73 1154 149 1190 μετὰ
159 1154 294 1190 τοσαύτης
309 1154 412 1189 ζημίας
425 1153 684 1189 μοσχοποιήσαντες,
696 1151 743 1177 καὶ
756 1151 794 1182 ὡς
807 1149 866 1184 Θεῷ

913 920 977 947 nino
1001 919 1046 946 Dei
1071 915 1256 944 manifestatio
1280 914 1442 946 exstiterat,
1471 911 1536 947 quid
1565 919 1616 938 non
1644 909 1705 936 ausi

915 969 1011 994 essent
1037 964 1060 992 si
1083 962 1248 998 tempestiva
1273 961 1397 996 quaedam
1423 964 1451 987 et
1475 962 1607 993 usurpata
1621 956 1705 984 herba

919 1011 1061 1039 innoxiam
1082 1009 1173 1037 ferens
1196 1008 1334 1035 ﬂammam
1359 1006 1426 1040 ipsis
1454 1005 1624 1040 apparuisset
1638 1011 1706 1037 prae-

920 1057 1014 1084 sertim
1046 1063 1108 1083 cum
1145 1053 1313 1081 audivissent
1336 1051 1519 1087 legislatorem
1545 1050 1703 1081 dicentem;

920 1112 930 1129 ι
960 1100 1066 1137 (Deus)
1102 1100 1209 1127 vocavit
1243 1106 1306 1127 eum
1351 1097 1497 1134 (Moysen)
1537 1096 1570 1123 de
1617 1095 1706 1122 medio

921 1148 980 1174 ruhi
990 1147 1022 1173 ’⁸.
1041 1155 1051 1171 ι

70 1186 116 1235 ἰτῷ
128 1200 207 1236 τύπῳ
218 1186 412 1236 τῆςττοῦ-βοδς
426 1186 549 1235 κεφαλῆς
570 1186 823 1235 προσκυνήσαντες,
838 1198 867 1223 ὲν
886 1192 908 1230 ᾧ
922 1195 990 1230 μηδὲ
1006 1192 1171 1227 θεοσημείαν
1206 1191 1267 1227 μηδ’
1299 1188 1441 1226 ἡντιναοῦν
1457 1188 1615 1219 ἐθεάσαντο,
1630 1186 1657 1212 τί
1675 1186 1709 1212 ἄν

73 1231 153 1273 οὗτοι
166 1231 217 1273 ουκ
231 1231 407 1282 ἐτόλμησαν,’-
417 1247 442 1273 εἰ
455 1231 509 1273 τῶν
527 1231 646 1281 ’ὦραπίων
659 1253 686 1271 τι
705 1231 797 1278 ξρυτῶν
821 1243 870 1269 καὶ
887 1241 955 1277 πρὸς
985 1239 1081 1275 χρείαν
1108 1237 1271 1272 ἐπιτηδείων
1287 1236 1317 1262 τὸ
1327 1235 1384 1271 πῦρ
1399 1235 1492 1266 αὐτοῖς
1505 1234 1647 1268 ἀφλέκτως
1658 1231 1708 1266 φέ-

74 1303 127 1332 ρον
146 1294 283 1329 ἐφαίνετο,
309 1294 428 1330 μάλιστα
445 1294 596 1330 ἀκηκοότες
609 1291 656 1319 τοῦ
674 1291 821 1326 νομοθέτου
840 1290 966 1325 λέγοντος
980 1296 988 1304 ·
1006 1297 1016 1313 ‹
1037 1286 1182 1321 Ἐλάλησεν
1195 1285 1209 1311 ὸ
1219 1284 1285 1315 Θεὸς
1298 1283 1338 1317 τῷ
1354 1283 1466 1310 Μωΰσεῖ
1477 1284 1510 1309 ὲκ
1517 1283 1566 1316 τῆς
1580 1282 1674 1316 βάτου.

344 1350 510 1377 ΕΡΩΤΗΣΙΣ
528 1350 591 1377 TA’.

79 1397 116 1427 Τί
131 1397 244 1432 δήποτε
264 1398 319 1425 τοῦ
344 1397 420 1425 Θεοῦ
447 1396 668 1431 διαρῤήξαντος
691 1396 742 1423 καί
767 1397 867 1432 διαμε-

110 1435 260 1468 ρισαντος
273 1434 327 1460 τὸν
343 1433 403 1459 τῶν
421 1433 563 1466 Ἐϐραίων
574 1432 662 1468 λαρν,
677 1433 726 1458 καί
742 1433 796 1468 τὸν
811 1432 869 1465 μὲν

115 1466 161 1501 sl;-
180 1469 346 1503 Σαμάρειαν
352 1468 538 1500 ἐξῳκικότος,
551 1466 605 1503 τὸν
618 1466 653 1493 δὲ
664 1468 707 1498 εἰς
719 1467 776 1501 τὴν
799 1468 868 1494 ἰου-

116 1502 523 1537 δαίανὲτκαταλελοιπότος
536 1511 543 1518 ·
559 1502 718 1536 γέγραπται
749 1503 803 1537 γὰρ
831 1503 871 1535 ὼς

117 1536 203 1566 εἶπεν
211 1540 227 1566 ό
235 1536 342 1572 Κύριος
349 1538 390 1570 τῷ
399 1537 579 1570 Σολομῶνα·
587 1536 784 1570 Διαρῤήσσων
793 1537 873 1571 Grap-

116 1574 204 1608 ῥήξω
242 1574 299 1607 τὴν
328 1573 493 1608 ,βασιλείαν
523 1580 592 1599 amr
625 1572 742 1608 ᾆκείνου
770 1573 875 1608 τοίνυτ

117 1606 370 1643 διαρῤηπνύντος,
400 1607 430 1643 τί
454 1607 566 1641 δήποτε
591 1606 661 1640 τοὺς
674 1607 731 1640 τὴν
747 1608 782 1634 ἐκ
798 1607 873 1643 Θεοῦ

120 1641 271 1677 διαίρεἀιν
303 1642 497 1675 ὑποστάντας
519 1643 651 1677 μέμψεσι
686 1641 874 1670 καθυπυϐάλ-

119 1676 215 1714 days?
242 1678 432 1711 xalaltlatc;
461 1676 534 1705 Θεοῦ
557 1676 614 1711 γὰρ
624 1676 872 1714 διαρῤήσρ-ονξζρς,

129 1706 176 1747 τιὶ-
192 1713 230 1753 ἂν·
241 1706 428 1753 σιιῖαᾲφρειὴ
442 1714 490 1740 καί
510 1706 656 1747 μερίσλιὸν
667 1706 875 1742 κᾶταδικάζοιὲ-
886 1706 910 1738 C

122 1758 186 1782 τος,
197 1749 244 1782 τίς
257 1749 403 1781 ἑξελεῐται
419 1756 428 1780 ;

1023 1340 1188 1376 ΩΠᾸΞΒΤΙΟ
1201 1340 1275 1368 CCCI
1288 1339 1382 1375 [CoisL
1400 1338 1483 1366 Taur.
1498 1337 1603 1373 CXIV].

920 1389 992 1422 Quid
1008 1388 1124 1419 tandem,
1136 1395 1196 1413 cum
1205 1386 1273 1413 Deus
1285 1386 1392 1422 scidgrit
1402 1390 1426 1411 et
1435 1385 1557 1422 diviserit
1568 1383 1710 1422 Hebreum

955 1423 1091 1459 populum,
1105 1417 1318 1459 a'ljisrquidentirt
1333 1420 1486 1459 Samu_riam
1499 1418 1632 1459 relegatis.
1649 1417 1711 1459 aliis

960 1452 1049 1486 autem
1066 1452 1093 1484 in
1117 1452 1214 1483 Juddza
1231 1456 1330 1482 relictis
1354 1455 1493 1489 (scriptum
1508 1452 1634 1489 est’enint
1659 1452 1712 1489 Do-

959 1494 1060 1520 minum
1074 1493 1108 1519 ad
1127 1492 1295 1519 Sulomonem
1308 1490 1428 1517 dixisse:
1446 1489 1574 1516 Scindena
1592 1488 1713 1514 scindam

960 1536 1068 1563 regnum
1083 1527 1180 1560 tuum).
1195 1533 1336 1563 cunt_cr__qo_
1350 1525 1420 1563 [)eus
1435 1525 1491 1563 ipse
1503 1524 1615 1563 scindat,
1634 1530 1713 1563 quam

961 1557 1001 1591 ob"
1010 1571 1128 1593 causam,
1145 1557 1204 1588 illas
1222 1561 1266 1596 qui
1283 1557 1527 1596 d'iuisionisu'bjerli
1542 1565 1603 1596 sunt
1621 1566 1637 1583 α
1650 1557 1713 1596 Deo,

962 1599 1086 1626 conviciis
1103 1592 1247 1624 obruamur
1260 1600 1285 1622 et
1299 1603 1332 1622 ea:
1345 1592 1544 1629 probationibus
1557 1595 1568 1620 ?
1582 1593 1633 1619 Deo
1645 1592 1715 1619 enim

962 1634 1106 1664 scindente,
1132 1633 1189 1667 qui:
1212 1630 1410 1667 conjungatur?
1430 1635 1454 1657 et
1479 1630 1635 1656 divisionem
1653 1635 1716 1654 san-

962 1670 1054 1701 ciente,
1069 1668 1128 1703 quis
1138 1666 1265 1702 expiatur
1277 1666 1289 1693 2’

86 1819 162 1847 Edita
172 1827 187 1845 a
197 1819 260 1844 Italo
272 1819 301 1848 (l.
313 1825 336 1844 c.
348 1825 373 1850 p.
386 1818 427 1849 95,
440 1825 465 1850 q.
479 1817 531 1850 70).
544 1831 576 1836 -
586 1818 625 1844 De
638 1817 710 1849 reg-ni
719 1815 947 1876 Judaltiililiivés‘ioie
957 1819 1012 1868 ηηω
1021 1820 1035 1837 a
1046 1813 1099 1838 Deo
1113 1811 1176 1836 facta
1189 1810 1282 1835 dicitur
1293 1811 1320 1834 et
1331 1811 1412 1834 tamen
1424 1807 1517 1839 populo
1529 1805 1588 1831 vitio
1599 1805 1716 1829 vertitur.

899 1864 904 1869 .
945 1862 952 1875 ,
997 1863 1002 1868 .

899 1864 904 1869 .
918 1862 952 1875 ιιι,
967 1862 1002 1868 ι..

124 1905 162 1931 Τὸ
179 1904 228 1940 μὲν
239 1902 285 1932 οὖν
296 1904 458 1939 διαπορηθέν
475 1913 526 1935 σοι,
541 1903 568 1930 εἰ
580 1912 607 1930 τι
628 1903 775 1939 μέμνηται,
791 1900 878 1928 τοιοῦ-

87 1957 146 1976 τον.
167 1949 275 1976 Εἱδὲναι
291 1949 319 1975 δὲ
335 1949 375 1975 δεῖ
388 1949 418 1975 οὺ
437 1949 516 1984 μόνον
531 1949 577 1975 ἐπὶ
593 1949 642 1984 τῆς
657 1947 798 1983 παρούσης
810 1948 878 1974 ἁπο-

90 1995 165 2030 ρίας,
180 1994 248 2021 ἀλλὰ
263 1995 310 2021 καὶ
329 1995 376 2021 ἐπὶ
389 1994 444 2020 τῶν
460 1994 547 2021 ἄλλων
562 1994 690 2021 ἁπάντων
713 1993 768 2019 τῶν
788 2000 879 2027 παρα-

89 2039 210 2074 πλησίαν
222 2040 272 2076 τὴν
289 2039 449 2075 περίστασιν
477 2040 605 2074 ἑχόντων,
621 2039 660 2071 ὡς
675 2040 702 2066 αἰ
717 2038 879 2074 προλαμϐά⁴

91 2093 187 2111 νουσαι
209 2084 258 2120 τῆς
273 2085 412 2117 ὲκὸάσεως
426 2086 612 2121 τιμωρητικαὶ
627 2085 674 2112 τοῦ
689 2085 757 2112 Θεοῦ
781 2085 878 2119 ψῆφοι,

90 2130 144 2157 οὐκ
158 2130 240 2157 αὑταὶ
270 2130 321 2165 τῆς
336 2130 476 2162 ἐκϐάσεως
490 2131 540 2166 τὴν
555 2131 644 2157 αἰτίαν
670 2130 738 2157 εἰσὶν
755 2129 880 2156 ἀναδεδε-

92 2176 205 2210 γμέναι·
222 2176 253 2202 οὺ
274 2177 329 2210 γὰρ
345 2176 371 2203 εῐ
384 2185 410 2202 τι
425 2176 480 2203 τῶν
505 2176 694 2211 γενησομένων
719 2177 880 2212 προθεωρή-

93 2231 146 2254 σας
164 2231 207 2253 τις
234 2223 460 2257 προαναφωνήσει
474 2222 533 2249 οὐδ’
546 2223 596 2256 ἐφ’
611 2222 689 2258 ἡμῶν
707 2223 761 2248 τῶν
775 2222 881 2257 ἀνθρω-

93 2268 192 2299 πίνων,
210 2268 322 2302 μήτοιγε
340 2267 371 2294 τὺ
385 2268 472 2299 Θεῖον,
503 2267 584 2299 αὐτὸς
597 2267 630 2294 ἂν
644 2269 687 2302 εἴη
706 2268 809 2299 δίκαιος
832 2267 882 2303 τὴν

93 2314 185 2341 αἰτίαν
211 2313 283 2348 ἐχειν
313 2313 368 2340 τῶν
393 2313 590 2349 ἑκϐεὸηκὸτων·
610 2313 719 2348 λέγεται
742 2313 788 2340 οὖν
805 2315 834 2340 ἐν
849 2315 881 2349 τῇ

95 2359 159 2394 θεία
185 2358 281 2394 Γραφῇ
307 2359 341 2385 τὰ
354 2357 476 2385 τοιαῦτα·
492 2358 530 2390 ὡς
554 2359 588 2385 ἂν
608 2359 646 2394 μὴ
658 2359 697 2390 εἰς
713 2359 808 2394 ἑτέραν
822 2358 885 2385 τινὰ

95 2404 213 2439 δύναμιν
227 2404 274 2430 καὶ¹
298 2404 387 2439 ἀρχὴν
397 2404 447 2435 τὰς
465 2404 511 2430 ἐπὶ
522 2405 579 2435 τοῖς
596 2404 801 2439 ἡμαρτημένοις
819 2405 884 2439 ἡμῖν

95 2449 272 2484 ἐπαγομένας
295 2449 429 2485 τιμωρίας
444 2450 644 2484 προαχθείημεν
666 2450 821 2485 ἀναφέρειν·
839 2449 885 2476 καὶ

96 2495 201 2529 ταύτην
223 2496 237 2522 ὁ
271 2494 341 2526 θεῖος
367 2495 446 2530 λόγος
473 2495 522 2531 τὴν
547 2496 675 2522 ὑπόνοιαν
704 2496 884 2529 ἀναστέλλων,

962 1898 1039 1931 Quod
1051 1905 1116 1932 ergo
1134 1901 1160 1924 te
1177 1902 1341 1931 suspensum
1358 1893 1451 1925 habet,
1468 1891 1491 1919 si
1507 1891 1575 1918 bene
1590 1889 1714 1920 memini,

929 1945 985 1972 tale
998 1949 1050 1972 est.
1070 1944 1144 1971 Scito
1159 1948 1249 1970 autem
1270 1949 1338 1976 opus
1351 1945 1402 1971 est,
1416 1947 1468 1966 non
1485 1942 1589 1964 tantum
1605 1936 1631 1962 in
1648 1942 1717 1970 pra:-

928 1991 998 2019 senti
1028 1990 1121 2022 dubio,
1146 1989 1193 2016 sed
1213 1993 1241 2016 et
1262 1988 1290 2015 in
1312 1986 1443 2014 omnibus
1460 1984 1521 2011 aliis
1541 1982 1646 2010 similes
1662 1982 1717 2008 cir-

930 2037 1110 2065 cumstantias
1131 2035 1317 2066 offerentibus,
1332 2033 1439 2060 ultricia
1454 2031 1501 2058 Dei
1517 2031 1636 2060 decreta,
1656 2035 1718 2063 qua:

929 2089 1056 2112 eventum
1081 2082 1252 2119 praecedunt,
1269 2087 1383 2108 causam
1402 2082 1516 2106 eventus
1533 2083 1586 2103 non
1598 2081 1659 2103 esse
1675 2081 1718 2100 I'C‘

930 2130 1050 2166 putanda
1065 2139 1071 2157 :
1087 2129 1187 2157 etenim
1200 2128 1222 2155 si
1237 2127 1301 2162 quid
1316 2126 1439 2153 futurum
1455 2123 1552 2158 aliquis
1566 2119 1718 2156 praevidens

930 2165 1090 2211 proclamet,
1105 2181 1155 2201 nec
1169 2182 1184 2201 a
1202 2173 1282 2200 nobis
1296 2171 1466 2202 hominibus,
1484 2176 1534 2195 nec
1549 2171 1621 2194 certe
1637 2174 1651 2192 a
1663 2165 1719 2192 Deo

932 2229 1016 2249 causa
1028 2221 1173 2248 habebitur
1185 2223 1310 2246 eventus.
1330 2217 1407 2244 Talia
1421 2222 1488 2250 ergo
1503 2215 1529 2240 in
1542 2213 1633 2240 divina
1643 2211 1720 2238 Scri-

932 2273 1012 2303 ptura
1036 2267 1173 2298 dicuntur,
1198 2273 1232 2292 ne
1246 2265 1279 2291 ad
1303 2270 1399 2299 poenas
1414 2268 1463 2296 pro
1486 2258 1605 2294 peccatis
1618 2256 1720 2303 nostris

933 2300 1050 2341 inﬂictas
1070 2312 1103 2339 ad
1117 2312 1198 2338 aliam
1211 2312 1373 2345 potestatem
1394 2310 1421 2333 ct
1435 2303 1585 2339 potentiam
1601 2300 1722 2328 referen-

934 2360 982 2387 das
1004 2359 1177 2389 inducamur,
1201 2363 1283 2391 quam
1300 2353 1392 2381 divina
1409 2349 1542 2378 sententia
1565 2347 1721 2382 opinionem

934 2405 1096 2440 reprimens,
1120 2411 1181 2438 quae
1206 2407 1319 2437 propter
1334 2402 1446 2434 peccata
1470 2395 1549 2423 nobis
1563 2397 1628 2421 sunt
1645 2399 1722 2419 even-

936 2457 996 2478 tura
1024 2450 1199 2485 praanuntiat,
1229 2453 1256 2476 et
1278 2447 1371 2482 primo
1399 2443 1510 2479 quidem
1534 2447 1618 2468 causa
1634 2446 1666 2466 ea
1681 2441 1724 2465 est

937 2506 986 2525 cur
1015 2497 1158 2531 imputatio
1182 2496 1296 2523 istorum
1328 2492 1362 2519 ad
1383 2489 1551 2518 divinitatem
1578 2486 1721 2514 referatur.

98 2540 283 2578 προαγορεύει
295 2541 331 2570 τὰ
358 2542 406 2576 ἐφ’
421 2539 462 2574 οἷς
485 2542 646 2578 ἡμάρτομεν
677 2533 909 2578 συμὸησόμενα.¹

960 2546 1064 2574 ecuuda
1075 2551 1142 2572 vero
1156 2543 1228 2579 quod
1241 2549 1303 2569 cum
1322 2540 1350 2568 in
1372 2546 1421 2566 sua
1435 2538 1471 2565 sit
1487 2539 1621 2572 potestate
1637 2531 1723 2566 repri-

98 2591 156 2618 Καὶ
171 2589 221 2625 μία
239 2590 289 2625 μὲν
303 2589 378 2617 αἰτία
397 2590 466 2625 αὕτη
494 2589 541 2617 τοῦ
555 2590 604 2625 τὴν
622 2589 712 2617 αἰτίαν
723 2591 779 2617 τῶν
797 2590 886 2618 τοιού-

98 2644 155 2661 των
180 2635 220 2666 εἰς
236 2635 267 2660 τὸ
294 2636 370 2661 θεῖον
391 2635 441 2670 τὴν
454 2635 593 2671 ἀναφορὰν
618 2635 700 2670 ἔχειν’
719 2635 833 2670 δευτέρα
848 2635 886 2669 δὲ,

99 2682 143 2709 ὅτι
157 2681 268 2713 δυνατὸς
280 2681 319 2708 ὢν
335 2682 460 2716 ἐπισχεῖν
471 2682 520 2716 τὴν
540 2682 607 2717 πρὸς
622 2682 657 2708 τὰ
669 2681 752 2718 χείρω
769 2683 835 2717 ἡμῖν
847 2683 890 2718 ρο-

101 2729 168 2763 πὴν,
183 2729 234 2754 οὐκ
257 2728 424 2761 ὲκὸιάζεται,
447 2727 508 2755 οὐδὲ
525 2729 592 2763 πρὸς
605 2730 734 2756 τάναντία
752 2729 888 2764 μεθέλκει·

937 2599 1011 2620 mere
1019 2595 1141 2618 nostram
1150 2578 1182 2616 ad
1197 2587 1291 2623 pejora
1304 2584 1519 2614 inclinationem,
1533 2588 1584 2608 nec
1594 2578 1722 2610 refrenat,

937 2645 988 2666 nec
1004 2637 1039 2664 ad
1060 2634 1199 2664 contraria
1214 2633 1337 2661 attrahit.
1354 2630 1420 2657 Tale
1439 2633 1481 2656 est
1496 2631 1586 2654 autem
1601 2628 1629 2652 et
1645 2624 1695 2650 hoc
1713 2631 1721 2650 ε

941 2693 950 2710 ι
965 2684 1078 2712 Faciens
1092 2689 1185 2718 pacem
1198 2684 1226 2708 et
1238 2686 1336 2708 creans
1351 2677 1421 2704 mala
1429 2676 1478 2702 η.»
1491 2674 1541 2701 Et:
1555 2683 1564 2699 ι
1578 2670 1641 2698 Scio
1650 2669 1724 2705 quod

938 2739 993 2758 non
1011 2730 1102 2758 audiet
1119 2736 1144 2756 te
1160 2728 1266 2756 Pharao
1280 2735 1288 2755 :
1304 2729 1416 2761 propter
1430 2721 1506 2758 quod
1518 2718 1652 2748 induraho
1675 2722 1723 2743 cor

102 2774 226 2802 τοιοῦτον
242 2774 271 2801 δὲ
287 2775 334 2802 καὶ
359 2775 402 2808 τὸ,
417 2784 426 2801 ι
439 2775 468 2803 ’0
485 2775 570 2802 ποιῶν
586 2775 698 2811 εἰρήνην
727 2776 773 2803 καὶ
801 2776 901 2809 κτίζων

964 2777 1037 2805 us”.
1057 2785 1066 2802 ι
1086 2775 1204 2809 Etenim,
1230 2773 1297 2802 dicit
1322 2770 1464 2803 indurato,
1485 2774 1540 2795 non
1564 2763 1637 2801 quod
1664 2762 1726 2798 ipse

143 2866 166 2884 ³⁸
180 2865 232 2894 lsa.
251 2873 314 2899 XLV,
331 2865 356 2893 7.
394 2865 418 2882 ¹⁹
428 2867 467 2894 Ex
482 2865 542 2893 cod.
559 2874 605 2898 vn,
621 2865 649 2893 5.
