1886 3071
177 118 246 150 llflC)

758 118 891 149 ΡΗΟΤΙΙ
910 119 1165 165 ΡᾼΤΒΙΑΚΟΗΙΕ
1179 119 1234 149 CP.

1749 118 1819 151 lito

173 185 223 204 cor
243 175 395 202 Pharaonis
417 175 443 202 in
469 175 600 203 duritiam
628 175 665 204 sit
696 183 893 209 conversurus,
916 178 964 205 sed

1063 179 1114 206 ια’»
1136 179 1193 209 καὶ.
1212 177 1292 205 «οἶδα
1305 178 1345 204 ὅτι
1360 177 1410 204 οὐκ
1424 177 1570 205 ἀκούσεταί
1585 186 1631 203 σου
1646 177 1757 210 Φαραῶ-
1776 179 1820 204 ὄιζι

173 223 248 258 quod
265 222 298 249 ad
313 223 384 249 illam
402 222 484 249 istum
503 222 680 250 inclinantem
695 227 723 250 et
735 231 898 252 conversum
911 231 967 251 non

174 270 277 296 relevet
303 275 353 295 nec
370 268 499 297 refrenet.
518 275 553 295 ne
578 269 705 296 humana:
719 274 825 301 natura:
851 270 968 298 liberum

173 315 318 342 arbitrium
347 313 464 341 auferat.
484 313 643 349 Egyptium
677 320 772 342 contra
799 317 969 344 voluntatem

174 361 336 388 inclinatum
354 368 407 386 non
431 365 519 387 mutat
536 368 586 388 nec
601 361 781 388 convertitad
798 362 898 388 malam
919 369 970 388 vo-

175 408 325 439 luntatem;
347 407 398 434 hoc
410 407 482 433 enim
507 407 644 441 significat
675 408 816 434 indurabo.
843 407 970 435 Contine!

173 452 244 480 forte
261 453 406 488 quemdam
428 453 510 480 alium
524 454 619 480 eadem
636 453 716 481 lectio
733 462 844 482 sensum
861 463 868 482 :
884 454 970 481 Indu-

174 499 250 531 rabo,
268 499 294 526 id
309 504 362 532 est,
379 500 454 527 dura;
466 503 493 527 et
514 499 625 527 indocili
649 501 735 527 menti
758 500 825 528 dura
842 499 969 528 inducam

174 550 202 573 et
219 546 375 573 istiusmodi
390 545 507 574 feritatis
520 547 614 581 digna.

1016 225 1096 250 τοῦτο
1124 223 1268 259 σκληρυνῶ
1292 223 1343 257 τὴν
1365 223 1479 257 καρδίαν
1507 221 1618 248 αὐτοῦ’»
1633 222 1680 248 καὶ
1700 222 1756 257 γὰρ
1777 223 1818 252 τὸ,

1017 269 1191 304 σκληρυνῶ,
1219 270 1268 304 οὐχ
1284 269 1326 295 ὅτι
1349 270 1432 301 αὐτὸς
1447 268 1496 302 τὴν
1515 267 1562 294 τοῦ
1586 267 1686 303 Φαραὼ
1703 267 1820 303 καῴἱσν

1021 318 1191 354 μεταπλάσει
1219 317 1260 348 είς
1275 316 1460 352 σκληρότητα,
1482 315 1547 342 ἀλλ’
1573 315 1614 340 ὅτι
1631 315 1699 349 πρὸς
1715 314 1820 349 ταύτην

1021 364 1103 391 αὑτοῦ
1119 364 1249 400 ρέποντος
1266 364 1314 390 καὶ
1343 362 1596 397 συνεστραμμένου,
1615 361 1677 388 οὐδὲ
1703 362 1820 396 ἀναχαι-

1023 410 1103 442 τίζει,
1124 410 1167 436 ἵνα
1189 410 1226 445 μὴ
1244 409 1357 444 περιέλῃ
1383 409 1432 443 τῆς
1458 408 1632 442 ἀνθρωπίνης
1650 407 1760 441 φύσεως
1792 407 1820 433 τὸ

1023 454 1205 487 αὐτεξούσιον·
1221 455 1269 481 καὶ
1291 454 1362 489 παρ’
1381 454 1504 480 ἑκούσιον
1521 453 1568 479 τοῦ
1583 452 1736 486 Αίγυπτίου
1764 451 1821 486 ὡρ-

1025 501 1143 536 μηκότος
1158 521 1166 534 ,
1192 501 1223 527 οὐ
1252 500 1399 534 μεταϐαλεῖ
1427 499 1487 525 οὐδὲ
1505 499 1670 533 μεταστήσει
1696 498 1766 533 πρὸς
1791 497 1823 523 το

1023 547 1161 574 ἀκούσιον·
1178 546 1258 573 τοῦτο
1275 546 1329 581 γάρ
1343 547 1401 572 ἐστι
1414 546 1454 577 τὸ,
1471 544 1727 579 σκληρυνῶ.”Εχοι
1743 543 1773 570 δ’
1788 543 1822 570 ἄν

174 601 236 619 τινα
250 593 297 619 καὶ
318 593 444 628 ἐτέρανή
462 593 534 626 λέξις
546 593 616 627 αὕτη
631 593 880 628 παραδηλουμένην
911 593 1100 628 περιπέτειαν·
1114 592 1279 627 σκληρυνῶ
1298 592 1352 627 γὰρ
1385 591 1446 618 ἀντὶ
1470 591 1530 624 τοῦ,
1548 590 1660 626 σκληρῷ
1689 590 1738 617 καὶ
1753 590 1821 616 ἁτε-

177 640 276 676 ράμονι
291 640 340 674 τὴν
365 640 480 676 γνώμην
506 640 563 667 ὄντι
580 641 686 676 σκληρὰ
702 641 776 676 αὑτῷ
803 641 897 674 ἐπάξω
920 641 968 668 καὶ
985 641 1036 677 τῆς
1049 641 1096 668 τοῦ
1112 642 1213 677 τρόπου
1225 640 1368 675 ὠμότητος
1386 639 1498 672 ἐπάξια.

212 685 250 713 Ita
275 694 351 721 ergo,
376 687 447 714 sicut
466 686 606 719 diximus,
636 687 789 722 prmvidens
814 688 885 715 Deus
911 688 973 715 illos

178 733 288 767 proprio
307 736 382 759 motu
400 737 427 759 et
443 733 553 767 propria
567 733 705 760 voluntate
717 732 839 760 Roboam
851 733 974 760 desertu-

178 787 222 806 ros
237 787 307 810 esse,
335 787 502 814 servumque
523 783 551 806 et
582 784 737 814 apostatam
769 778 914 812 Jeroboam
929 787 974 807 se-

178 825 302 859 quendos
324 833 395 857 csse,
412 831 438 853 et
464 826 640 853 dividendam
661 833 722 854 esse
737 830 843 861 gentem
861 826 888 853 in
904 826 974 854 duas

179 874 282 904 partes,
305 870 387 904 hujus
414 871 551 906 (inquam)
580 871 767 906 cognitionem
784 872 855 899 sicut
869 877 895 899 et
913 879 973 899 om-

180 917 257 942 nium
273 916 390 943 aliorum
409 924 607 952 prasoccupans
623 917 707 950 Deus,
721 925 783 952 quae
799 917 893 946 futura
908 923 974 946 sunt

180 962 347 996 prtenuntiat
369 967 396 989 et
409 963 476 990 dicit
491 971 499 990 :
521 962 650 991 Seindam
667 972 781 999 regnum
807 968 895 998 tuum,
910 972 974 1000 pro-

180 1012 241 1042 pter
252 1007 320 1035 duas
334 1015 432 1036 causas
444 1009 501 1044 jam
518 1009 704 1044 supradictas.
722 1010 751 1037 Si
771 1011 845 1038 enim
860 1010 916 1038 Deo
935 1011 974 1038 ita

181 1061 288 1088 semper
300 1053 438 1088 loquente,
454 1059 481 1082 et
489 1055 521 1082 ad
533 1056 711 1091 semetipsum
725 1056 818 1083 omnia
827 1056 973 1090 referente,

181 1103 300 1125 attamen
321 1099 359 1126 illi
388 1100 422 1126 ad
449 1100 518 1128 alios
545 1108 606 1128 sese
629 1105 820 1129 convertentes
848 1102 974 1135 deos,et

182 1145 319 1171 Astartem
345 1153 407 1180 qua:
431 1146 549 1174 Artemis
580 1147 653 1182 apud
677 1147 786 1175 Graecos
811 1152 925 1175 vocatur
947 1152 975 1175 et

181 1189 302 1218 Cbamos
319 1194 346 1218 et
369 1199 480 1219 muscas
502 1193 635 1226 colentes,
654 1194 715 1221 istis
730 1201 787 1221 sua:
801 1194 865 1221 vita:
881 1195 974 1229 provi-

182 1237 303 1264 dentiam
312 1242 340 1265 et
359 1238 532 1266 durationem
548 1240 745 1273 attribuerunt,
762 1241 796 1268 ad
811 1241 877 1276 quid
889 1241 975 1268 auda-

181 1283 232 1311 cia:
250 1292 303 1311 non
326 1285 477 1318 venissent,
494 1286 518 1313 si
532 1294 565 1314 ex
581 1292 739 1314 sanctarum
765 1286 974 1322 Scripturarum

182 1329 309 1363 lectione,
338 1331 393 1359 illis
413 1332 475 1359 data
504 1332 601 1360 fuisset
624 1333 735 1361 occasio
756 1334 881 1368 quaedam
901 1334 977 1368 cogi—

182 1377 268 1410 tandi,
289 1377 372 1404 alium
384 1378 530 1412 quemdam
543 1387 603 1406 esse
615 1379 696 1406 linem
712 1379 802 1414 panis
817 1379 975 1413 facientem,

182 1425 210 1448 et
224 1429 257 1448 e.\'
273 1421 328 1448 alio
347 1423 468 1457 quodam
495 1424 632 1451 malorum
650 1432 720 1452 onus
735 1425 853 1452 venire?
877 1424 976 1452 Videas

183 1471 273 1494 autem
300 1467 327 1494 in
352 1469 502 1496 tentationc
529 1469 596 1504 justi
621 1469 673 1497 Job
700 1470 785 1498 Deum
811 1472 976 1498 tentationes

185 1513 391 1547 permittentem
406 1518 434 1542 et
459 1516 527 1542 lines
543 1516 679 1550 quosdam
704 1517 847 1544 tentationi
873 1516 978 1544 consti-

185 1563 283 1592 tuens;
299 1559 375 1586 verbi
389 1561 486 1593 gratia,
499 1561 552 1588 hoc
571 1562 652 1588 datur
667 1562 716 1589 tibi
731 1567 845 1595 tentare,
855 1563 883 1589 in
901 1557 976 1589 illum

1059 688 1138 714 υῦτω
1152 687 1184 722 δὴ
1197 687 1244 714 οὖν
1259 685 1389 719 ἐνταῦθα,
1409 686 1503 721 ὥσπερ
1518 685 1635 721 ἔφημεν,
1651 685 1778 720 προειδδς
1790 685 1823 712 τδ

1021 733 1099 760 Θεῖον
1115 732 1153 764 ὡς
1172 734 1200 766 ἐξ
1217 733 1324 764 οίκείας
1343 732 1435 767 ὁρμῆς
1460 732 1508 758 καὶ
1527 731 1666 766 θελήσεως
1693 732 1818 766 ἀποστή-

1024 788 1114 807 σονται
1129 779 1179 815 μὲν
1194 779 1240 805 τοῦ
1265 779 1396 814 Ῥοϐοὰμ,
1415 778 1629 813 ἀκολουθήσουσι
1642 778 1670 805 δὲ
1681 778 1720 813 τῷ
1733 777 1822 812 δούλῳ

1022 827 1070 853 καὶ
1085 825 1226 860 ἀποστάτῃ
1246 825 1388 860 Ἰεροδοὰμ
1411 825 1459 852 καὶ
1482 825 1679 859 μερισθήσεται
1695 826 1725 851 τὺ
1743 825 1822 856 ἔθνος

1023 874 1063 904 εἰς
1077 873 1210 908 τμήματα
1224 871 1280 903 δύο,
1295 871 1390 898 τούτου
1402 871 1452 906 τὴν
1467 871 1572 905 γνῶσιν
1585 871 1659 897 ὥσπε
1663 879 1679 906 ρ
1698 871 1746 897 καὶ
1766 871 1823 896 τῶν

1023 907 1112 946 ἄλλων
1126 918 1253 945 ἁπάντων
1269 917 1443 953 προειληφὼς
1457 918 1471 943 ό
1487 917 1566 950 Θεὸς,
1590 917 1774 952 προαγορεύει
1790 916 1822 942 τὸ

1027 965 1168 1000 ἐσόμενον,
1184 965 1230 992 καί
1258 973 1326 1000 φησι
1340 972 1349 981 ο
1363 963 1508 1000 Διαρρήξω
1533 964 1584 997 τὴν
1612 962 1763 997 βασιλείαν,
1776 963 1822 989 διὰ

1024 1010 1075 1042 τὰς
1088 1010 1292 1046 προειρημένας
1305 1010 1459 1045 ἔμπροσθεν
1473 1009 1563 1040 αἰτίας
1577 1009 1633 1036 δύο.
1656 1009 1688 1036 Εἰ
1704 1009 1759 1043 γὰρ
1774 1009 1822 1035 καὶ

1025 1056 1097 1084 οὕτω
1112 1056 1158 1084 τοῦ
1173 1056 1251 1082 Θείου
1273 1055 1412 1091 πανταχοῦ
1426 1055 1550 1089 λέγοντος
1563 1055 1611 1082 καὶ
1624 1055 1664 1086 είς
1681 1055 1778 1081 ἑαυτὸν
1791 1054 1823 1080 τὸ

1025 1105 1080 1131 πᾶν
1091 1103 1283 1138 ἀναφέροντος,
1292 1103 1322 1129 οὑ
1331 1102 1448 1128 διέλιπον
1463 1102 1540 1128 αὐτοὶ
1547 1102 1616 1137 πρὸς
1626 1101 1736 1136 ἑτέρους
1750 1102 1821 1127 ἀπο-

1025 1150 1168 1187 τρέχοντες
1177 1149 1364 1185 Θεοὺς,καὶτῇ
1382 1148 1516 1184 Ἀστὰρτῃ
1527 1148 1589 1184 ἥτις
1601 1148 1659 1174 ἐστὶ
1673 1147 1737 1182 παρ’
1756 1147 1822 1173 Ἕλι

1025 1196 1105 1231 λησιν
1133 1195 1278 1231 Ἄρτεμις,
1297 1195 1347 1222 καὶ
1365 1195 1404 1230 τῷ
1418 1195 1521 1229 Χαμὼς
1531 1195 1578 1221 καὶ
1597 1195 1656 1224 ταῖς
1669 1193 1764 1228 μυῖαις
1773 1194 1822 1218 λα-

1025 1242 1179 1279 τρεύοντες,
1189 1241 1326 1272 κάκείνοις
1335 1241 1384 1276 τῆς
1393 1240 1499 1267 ἑαυτῶν
1509 1240 1581 1274 ζωῆς
1591 1240 1642 1274 τὴν
1653 1238 1783 1275 πρόνοιάν
1793 1247 1822 1264 τε

1026 1290 1075 1316 καὶ
1091 1288 1140 1323 τὴν
1152 1287 1284 1322 διαμονὴν
1299 1287 1508 1322 περιάπτοντες,
1524 1286 1552 1312 τί
1561 1285 1611 1312 οὐκ
1620 1285 1653 1312 ἂν
1666 1284 1824 1319 ἐτόλμησαν

1027 1335 1054 1361 εἲ
1070 1334 1130 1361 τινά
1145 1333 1227 1360 ποθεν
1237 1332 1328 1359 λαῦεῖν
1345 1332 1474 1367 ἀφορμὴν
1490 1331 1571 1366 ἔσχον
1593 1332 1625 1357 ὲκ
1642 1329 1692 1364 τῆς
1717 1329 1773 1356 τῶν
1787 1330 1825 1354 ἱε-

1030 1380 1084 1416 ρῶν
1097 1379 1273 1416 Γραμμάτων
1288 1377 1468 1409 διανοίας,ὡς
1483 1377 1563 1408 ἄλλος
1578 1377 1620 1409 τίς
1639 1378 1714 1404 ἐστιν
1732 1377 1826 1408 αὐτοῖς

1026 1425 1042 1451 ό
1057 1423 1106 1455 τὰς
1121 1422 1260 1458 τιμωρίας
1290 1422 1403 1458 ὁρίζων,
1419 1422 1467 1448 καὶ
1482 1422 1512 1454 ἐξ
1531 1422 1624 1458 ἐτέρου
1651 1422 1724 1453 τινὸς
1737 1423 1754 1457 ἡ
1771 1422 1826 1447 τῶν

1028 1470 1158 1505 χειρόνων
1173 1470 1265 1501 αὐτοῖς
1287 1468 1383 1495 ἕπεται
1399 1468 1470 1504 φορά
1486 1477 1494 1501 ;
1507 1467 1586 1500 Ἴδοις
1599 1468 1628 1494 δ’
1643 1467 1676 1495 ἂν
1692 1468 1740 1495 καὶ
1753 1468 1826 1494 κατὰ

1027 1515 1059 1542 τὸ
1074 1516 1251 1551 πειρατήριον
1262 1513 1309 1540 τοῦ
1325 1514 1431 1541 δικαίου
1449 1513 1508 1541 ’1ὼὸ
1518 1514 1564 1540 τὸν
1573 1513 1638 1540 Θεὸν
1653 1513 1827 1548 συγχωροῦν-

1028 1569 1063 1587 τα
1074 1561 1140 1592 τοὺς
1165 1561 1339 1596 πειρασμοὺς
1367 1560 1416 1587 καὶ
1432 1561 1512 1595 ὄρους
1539 1559 1615 1590 τινὰς
1642 1559 1827 1594 καθορίζοντα

186 1609 276 1631 autem
300 1613 333 1632 ne
352 1613 464 1633 manum
488 1607 628 1635 extendas.
644 1608 740 1636 Omnia
757 1608 831 1636 enim
851 1609 886 1636 ab
903 1609 976 1636 omni

1063 1616 1068 1632 ›
1081 1605 1249 1643 σπειράζξιινιτι⁵
1262 1604 1328 1639 οἷον,
1348 1607 1418 1633 Τάδε
1430 1606 1531 1633 δίδοται
1548 1614 1590 1632 σοι
1604 1605 1747 1640 πειράσαι,
1762 1604 1827 1631 τού-

186 1651 289 1684 p0tenti
312 1652 420 1684 dextra,
444 1653 526 1680 modo
538 1654 649 1688 quidem
671 1654 817 1690 adjuvante
836 1659 863 1682 et
876 1663 978 1690 coope-

187 1701 276 1730 rante,
298 1697 380 1725 modo
401 1699 577 1733 permittente
595 1705 623 1727 et
645 1707 700 1728 non
721 1700 896 1736 impediente,
912 1710 980 1737 pen-

185 1742 236 1770 den
241 1747 260 1770 t.

224 1833 329 1862 Similis
343 1838 435 1862 autem
445 1834 538 1870 aliquo
552 1836 634 1863 modo
650 1836 759 1863 videtur
768 1841 795 1863 et
810 1837 868 1864 hmo
880 1837 980 1865 lectio:

190 1891 200 1908 ‹
219 1882 253 1909 Et
280 1881 385 1908 addidit
407 1880 486 1909 furor
514 1882 621 1910 Domini
650 1883 732 1911 irasci
759 1888 854 1911 contra
884 1883 981 1915 Israel,

187 1928 390 1962 commovitque
420 1927 505 1956 David
530 1929 557 1956 in
582 1930 622 1957 eis
648 1929 785 1958 dicentem
805 1937 813 1957 :
831 1930 980 1957 Dinumera

188 1973 314 2000 Israel”.
337 1981 346 1998 ι
367 1971 465 2000 Incitat
489 1973 563 2001 enim
586 1973 672 2001 David
690 1974 725 2002 ad
751 1974 836 2002 Israel
856 1974 982 2002 dinume-

187 2019 305 2047 randum
331 2021 395 2055 quia
417 2028 480 2055 erga
495 2020 564 2054 justi
583 2019 686 2054 judicis
700 2019 770 2047 iram
790 2023 818 2047 et
832 2019 980 2048 vindictam

188 2067 318 2094 lsraelitae
340 2074 390 2101 pro
405 2067 525 2100 peccatis
543 2067 601 2094 suis
616 2066 754 2094 debitores
770 2070 869 2099 erant;
885 2071 913 2094 et
927 2074 981 2094 non

189 2116 230 2139 est
257 2111 329 2139 alius
356 2111 499 2146 impellens
523 2111 652 2139 Davidem
672 2119 705 2139 ac
724 2111 769 2138 ille
793 2111 840 2146 qui
855 2111 982 2139 irascitur

189 2162 284 2184 contra
313 2157 396 2185 Israel
428 2162 456 2185 et
479 2158 526 2193 qui
550 2165 647 2193 ptenas
681 2158 710 2185 in
725 2158 802 2185 illum
819 2157 982 2187 induc-turus

188 2208 261 2232 erat.
274 2204 380 2232 Etenim
394 2206 498 2240 peccati
514 2212 564 2233 nos
578 2213 642 2232 reos
657 2205 771 2236 scimus,
791 2205 980 2232 testimonium

189 2250 271 2277 etiam
289 2250 496 2285 perhibentibus
522 2250 624 2278 divinis
649 2249 771 2283 Litteris,
796 2251 980 2279 accidentium

1029 1661 1076 1681 του
1092 1653 1121 1680 δὲ
1143 1654 1180 1688 μὴ
1193 1653 1260 1690 ἅψῃ.
1277 1653 1371 1680 Πάντα
1383 1653 1438 1688 γὰρ
1450 1653 1499 1687 τῆς
1511 1651 1765 1686 παντοκρατορικῆς
1778 1651 1827 1684 ἑξ-

1028 1700 1115 1736 ἦπται
1131 1699 1231 1733 δεξιᾶς,
1248 1699 1283 1726 τὰ
1314 1700 1363 1734 μὲν
1394 1698 1666 1734 ἀντιλαμϐανομένης
1689 1698 1738 1724 καὶ
1753 1706 1827 1732 συμ-

1030 1745 1215 1780 πραττούσης,
1236 1744 1272 1771 τὰ
1295 1744 1324 1771 δὲ
1341 1744 1561 1780 παραχωρούσης
1589 1743 1637 1770 καὶ
1658 1743 1709 1769 οὐκ
1723 1743 1826 1777 ἀπειρ-

1030 1792 1144 1827 γούσηςο

1067 1837 1261 1872 Παραπλήτιον
1277 1836 1305 1863 δέ
1322 1845 1382 1868 πως
1408 1834 1565 1863 εἶναιδοκεῖ
1588 1835 1636 1861 καὶ
1659 1834 1700 1866 τδ,
1715 1843 1725 1860 ι
1739 1834 1830 1867 Προσ-

1031 1884 1107 1911 έθετο
1114 1884 1183 1920 ὀργὴ
1195 1883 1352 1919 Κυρίουτοῦ
1363 1883 1524 1918 θυμωθῆναι
1533 1883 1582 1909 ἐπὶ
1590 1881 1707 1917 Ἰσραήλ.
1717 1881 1773 1908 Καὶ
1781 1881 1831 1907 ἐπ-

1032 1930 1122 1957 ἑσεισε
1135 1930 1181 1956 τὸν
1203 1929 1286 1956 Δαὸὶδ
1303 1930 1343 1961 εἰς
1356 1929 1456 1960 αὐτοὺς
1476 1927 1573 1962 λέγων,
1593 1927 1760 1962 ’Δρίθμησον
1783 1927 1831 1952 τὸν

1038 1977 1159 2012 Ἰσραήλ.
1178 1986 1187 2002 ι
1205 1975 1337 2003 Ἐπισείει
1357 1975 1412 2011 γὰρ
1436 1975 1484 2002 τὸν
1498 1974 1581 2001 Δασὶδ
1609 1973 1762 2010 ἀριθμῆσαι
1784 1973 1831 2000 τὸν

1038 2023 1156 2059 Ἰσραὴλ,
1175 2023 1217 2049 ὅτι
1227 2023 1273 2049 τοῦ
1286 2022 1390 2049 δικαίου
1404 2021 1499 2058 κριτοῦ
1511 2021 1580 2056 ὀργὴ
1594 2021 1642 2048 καὶ
1657 2020 1779 2055 τιμωρία
1790 2019 1831 2054 τῷ

1038 2070 1146 2105 Ἰσραὴλ
1154 2070 1187 2104 ἐφ
1195 2067 1248 2101 ὀἷς
1261 2069 1384 2104 ἥμαρτον
1395 2067 1612 2103 ἐκεχρεὼστητο·
1621 2067 1670 2093 καὶ
1681 2067 1731 2093 οὐκ
1743 2066 1827 2097 ἄλλος

1031 2116 1074 2147 τίς
1087 2117 1163 2142 ἐστιν
1171 2116 1184 2142 6
1192 2115 1326 2142 ἀνασείων
1338 2114 1383 2141 τὸν
1392 2113 1486 2146 Δαΰὶδ,
1499 2113 1557 2140 ἀλλ’
1571 2114 1585 2140 ό
1593 2112 1768 2148 ὠργισμένος
1779 2112 1831 2146 μὲν

1031 2162 1071 2198 τῷ
1092 2161 1213 2198 Ἰσραὴλ,
1231 2161 1389 2194 ἐπενεγκετν
1411 2159 1440 2186 δὲ
1459 2159 1564 2194 μέλλων
1585 2159 1678 2190 αὐτοῖς
1693 2158 1744 2193 τὴν
1768 2166 1830 2184 ποι-

1032 2209 1092 2244 νήν.
1109 2208 1164 2235 Καὶ
1176 2207 1230 2242 γὰρ
1245 2207 1296 2241 τῆς
1310 2207 1359 2242 μὲν
1376 2206 1514 2241 ἁμαρτίας
1529 2206 1628 2236 αὐτοὺς
1645 2205 1727 2241 ἴσμεν
1742 2214 1774 2232 τε
1790 2206 1830 2232 αἱ·

1032 2254 1117 2287 τίους,
1130 2254 1227 2280 καὶτὰ
1252 2253 1313 2280 θεῖα
1340 2253 1573 2287 διαμαρτύρονται
1590 2252 1689 2286 Λόγια,
1715 2253 1772 2278 τῶν
1801 2252 1829 2278 δὲ

190 2301 280 2324 autem
295 2296 374 2325 nobis
390 2305 439 2332 pro
458 2297 578 2332 peccatis
595 2296 803 2324 tribulationum
820 2296 911 2324 divina
929 2303 976 2324 vo—

1063 2299 1185 2336 χομὲνων
1200 2299 1267 2334 ἡμῖν
1279 2299 1328 2333 ἐφ’
1352 2296 1393 2329 οἷς
1409 2298 1636 2334 ἐξαμαρτάνομεν
1661 2297 1798 2333 ϐλιὸερὼν
1812 2299 1830 2332 ἡ

190 2342 283 2370 luntas
303 2347 345 2370 est
371 2347 477 2370 auctor.
497 2341 566 2370 Justi
588 2342 662 2369 enim
688 2345 731 2369 est
751 2341 852 2376 judicis
872 2349 981 2376 poenam

191 2395 241 2423 pro
272 2389 407 2423 gravitate
432 2387 526 2416 delicti
553 2391 692 2420 statuere;
709 2387 810 2415 etenim
837 2387 885 2415 ira:
898 2396 981 2416 causa

191 2439 266 2468 sunt,
283 2435 330 2470 qui
347 2438 547 2470 peccaverunt;
570 2434 612 2461 ira
623 2438 714 2462 autem
733 2433 794 2462 istis
811 2434 982 2469 punitionem

191 2481 312 2514 induxit,
342 2481 434 2508 medio
456 2485 566 2515 sumpto
586 2479 683 2513 David,
698 2488 780 2515 quem
797 2480 847 2516 ipsi
862 2479 983 2508 oﬂ'ende-

191 2532 264 2560 rant,
284 2533 396 2564 propter
411 2527 486 2563 quod
502 2531 530 2555 et
545 2528 603 2562 ipse
614 2527 641 2555 in
656 2527 741 2555 Deum
754 2533 924 2563 peccaverat,
940 2532 981 2555 et-

192 2573 266 2601 enim
278 2574 474 2605 dinumeravit,
494 2574 620 2608 quamvis
637 2573 714 2601 illum
739 2574 820 2602 citius
833 2574 895 2602 aliis
917 2581 986 2602 con-

194 2621 380 2654 dcmnaver-it;
398 2620 464 2648 dicit
477 2621 550 2648 enim
565 2629 572 2648 :
594 2619 735 2649 Percussit
752 2629 800 2649 cor
823 2621 906 2649 David
920 2629 984 2649 cum

196 2671 307 2702 propter
321 2667 414 2702 populi
429 2667 630 2695 recensionem.
643 2666 723 2700 Quali
737 2675 802 2695 vero
815 2675 865 2703 pro
885 2668 985 2695 delicto

195 2712 311 2747 populus
326 2721 421 2748 poenas
433 2714 498 2742 dare
506 2713 634 2750 dignatus
644 2715 706 2742 est?
717 2722 808 2741 nonne
818 2714 929 2742 evidens
945 2718 986 2742 est

197 2767 248 2795 pro
261 2759 459 2789 insurrectione
473 2766 570 2790 contra
591 2761 676 2789 David
690 2769 772 2789 suum
789 2768 890 2796 regem,
921 2768 984 2788 cum

199 2807 299 2843 t'ejccta
313 2808 431 2843 legitima
443 2814 471 2836 et
487 2809 562 2844 justa
575 2811 721 2843 potestate,
738 2807 765 2834 in
780 2807 900 2836 favorem
915 2807 987 2836 illius

235 2866 257 2882 "
275 2865 359 2895 Exod.
375 2874 431 2900 xiv,
450 2865 495 2907 ιε
532 2863 646 2894 “Num.
665 2872 728 2900 xxv,
747 2863 775 2892 4.

1032 2346 1092 2373 θεία
1116 2345 1207 2381 ψῆφος
1221 2345 1398 2381 δημιουργός
1428 2343 1524 2380 κριτοῦ
1551 2344 1606 2378 γὰρ
1621 2343 1741 2374 δικαίου,
1760 2343 1830 2378 πρὸς

1031 2392 1081 2428 τὴν
1094 2391 1148 2418 τῶν
1162 2392 1252 2428 ἔργων
1271 2392 1414 2427 βαρύτητα
1429 2391 1477 2418 καὶ
1490 2391 1540 2426 τὴν
1556 2390 1606 2417 ἐπ’
1621 2390 1722 2421 αὐτοὺς
1740 2398 1829 2425 τιμω-

1033 2439 1095 2476 ρίαν
1111 2438 1293 2474 ἁρμόζεσθαι.
1306 2439 1362 2465 Καὶ
1377 2438 1431 2473 γὰρ
1457 2437 1508 2472 τῆς
1526 2437 1575 2471 μὲν
1590 2436 1676 2471 ὀργῆς
1693 2437 1717 2462 οἱ
1739 2436 1831 2471 iunp-

1031 2486 1146 2521 τηκότες
1162 2485 1310 2520 παραίτιοι·
1325 2485 1342 2520 ἡ
1356 2484 1385 2511 δὲ
1397 2484 1467 2520 ὀργὴ
1495 2483 1602 2515 τούτοις
1627 2483 1678 2519 τὴν
1692 2482 1832 2518 τιμωρίαν

1033 2531 1172 2567 ἐπήγαγε,
1194 2531 1278 2567 μέσου
1302 2529 1588 2566 παραλαμϐανομένου
1613 2528 1661 2556 τοῦ
1678 2528 1774 2559 Δσσιδ,
1791 2529 1832 2558 εἰς

1032 2577 1063 2604 ὃν
1079 2577 1178 2604 ἐκεῖνοι
1197 2577 1414 2613 προσέκρουσαν,
1427 2576 1471 2602 διὰ
1483 2575 1515 2602 τὸ
1535 2575 1584 2602 καὶ
1603 2574 1685 2601 αὐτὸν
1699 2575 1831 2610 ἡμαρτη-

1033 2624 1112 2650 κέναι
1136 2622 1206 2658 Θεῷ’
1225 2624 1271 2649 καὶ
1291 2623 1346 2658 γὰρ
1359 2622 1524 2657 ὴρίθμησενο
1539 2622 1565 2648 εί
1593 2621 1640 2647 καὶ
1657 2621 1757 2647 θᾶττον
1778 2621 1837 2647 αὒ-·

1032 2669 1079 2697 τὸν
1094 2669 1146 2705 πρὸ
1152 2670 1206 2696 τῶν
1212 2669 1300 2696 ἄλλων
1313 2668 1504 2696 κατεδίκασεν-
1515 2667 1583 2703 φησι
1595 2668 1675 2703 γάρ-ι
1689 2667 1830 2700 Ἐπάταξε

1034 2715 1134 2751 καρδία
1149 2714 1231 2743 Δαϐὶδ
1246 2716 1327 2742 αὑτὸν
1344 2715 1386 2742 ὅτι
1402 2714 1541 2750 ἠρίθμησε
1562 2714 1608 2740 τὸν
1623 2714 1697 2740 λαόν.
1718 2722 1727 2738 ι
1747 2713 1833 2743 Ποίας

1039 2761 1068 2788 δὲ
1078 2761 1251 2797 παρανομίας
1262 2761 1416 2796 τηνικαῦτα
1428 2761 1442 2787 ὁ
1457 2760 1520 2791 λαὸς
1536 2759 1665 2794 ὑποσχεῖν
1678 2760 1834 2786 ἐδικαιοῦτο

1041 2807 1187 2844 τιμωρίαν,
1201 2808 1219 2844 ἢ
1239 2807 1362 2844 δηλονότι
1376 2807 1427 2841 τῆς
1456 2806 1667 2838 ἐπαναστάσεως
1683 2806 1734 2840 τῆς
1760 2806 1836 2833 κατὰ
