1886 3071
199 127 271 160 1143

796 132 926 163 I’lIO'i‘II
941 134 1194 164 PATRIAllCH/E
1205 133 1260 163 ΕΡ.

1752 133 1806 166 illi

190 184 350 218 regnavisse
369 184 534 219 accepimus,
551 190 605 213 tam
622 186 678 214 cito
693 194 709 214 e
728 187 805 223 lapsu
826 195 856 215 se
878 188 949 214 altul‘

1036 188 1102 215 κατὰ
1123 187 1174 223 τὴν
1203 188 1318 224 καρδίαν
1346 187 1557 215 πεπολιτεῦσθαι
1579 190 1807 224 μεμαρτυρημένος

191 230 404 265 pcenitentiaque
420 236 447 258 ct
475 231 605 267 lacrymis
630 237 746 260 conatus
763 239 805 261 est
824 233 916 261 delere
931 235 984 260 iui-

193 276 325 310 quitatem
341 284 429 308 suam,
447 285 538 304 nonne
561 283 667 312 oportet
690 287 739 306 nos
756 279 803 314 qui
831 287 884 306 non
900 281 984 308 semel

193 326 299 348 tantum
316 322 476 356 cecidimus,
493 323 540 350 sed
557 324 689 352 continuo
704 325 833 358 labimur,
851 326 942 354 facere
955 331 985 354 ut

191 367 266 401 largo
277 367 341 394 lletu
358 373 382 395 et
398 369 515 396 contrito
529 370 612 397 corde
626 375 735 406 peccata
750 377 843 398 nostra
857 373 985 400 emende-

191 413 273 440 mus?
301 414 501 449 Argumentum
521 424 631 451 quoque
658 416 711 443 hoc
732 422 772 443 est
800 425 835 444 ne
856 418 983 452 quidam,

189 458 292 486 virtute
308 459 441 495 insignes,
458 469 520 488 cum
535 461 563 488 in
574 469 620 489 eos
636 469 744 490 errores
759 462 921 496 deciderint,
937 463 985 498 qui

191 509 257 531 sunt
269 505 398 539 hominis,
415 506 588 541 semetipsos,
605 509 679 535 omni
693 508 817 543 deposita
832 516 880 544 spe
892 529 899 541 ,
921 518 985 544 pes-

191 551 338 583 sumdeut;
352 553 399 579 sed
421 554 512 587 potius
528 554 671 581 attendant
684 554 792 582 beatum
817 555 890 583 hunc
906 556 985 583 Davi-

191 595 265 628 dem,
287 602 390 632 quanto
413 598 515 626 scelere
538 600 690 634 astrictum,
705 609 787 635 quam
801 602 855 629 cito
868 602 984 630 salutem

192 642 338 677 invenerit,
354 649 383 671 ut
398 649 425 671 et
437 645 489 679 ipsi
501 645 597 673 eodem
609 646 699 673 studio
714 647 984 680 excitentur,rassur-

192 693 267 723 gant,
281 690 488 725 emendatisque
512 691 636 719 moribus
656 691 735 718 unice
750 692 860 719 demum
882 699 984 721 consu-

192 734 288 766 lentes,
310 736 430 770 priorem
450 737 632 771 integritatem
654 745 740 772 usque
762 738 864 766 colant.
880 738 984 766 Forsan

192 787 302 815 quoque
316 786 393 808 tanto
404 787 517 816 peccato
530 783 698 817 permittitur
709 784 888 811 succumbere
900 784 984 812 David

192 833 227 854 ne
249 825 334 854 Judaai
373 827 516 854 audientes
544 835 642 863 magna
670 836 732 863 qua:
763 829 796 856 de
828 829 874 856 illo
898 837 984 857 sacrae

193 873 341 908 Scriptura:
357 877 503 905 testantur,
520 881 553 900 ex
572 881 651 908 aequo
667 874 741 901 illum
759 882 822 902 eum
838 875 892 902 Deo
911 875 986 902 cole—
1001 865 1022 893 Β

193 923 272 952 rent;
289 919 389 946 etenim
409 919 503 946 eadem
519 919 553 947 de
574 927 657 947 causa
678 919 779 955 Moysis
798 928 898 956 corpus
919 921 985 948 sub-

193 968 300 998 replum
314 968 372 997 est;
386 964 568 999 ignotumque
582 972 667 1000 usque
691 965 724 992 ad
746 973 864 1000 praesens
877 970 984 1001 tempus

193 1010 288 1038 allliis
310 1009 390 1038 Israel
418 1015 541 1043 vocatur,
570 1011 708 1046 Divusque
729 1011 828 1039 Paulus
853 1011 924 1039 idem
950 1011 984 1039 de

193 1055 341 1090 scmeptiso
366 1055 487 1083 declarat
509 1056 604 1084 dicens
626 1066 632 1083 :
659 1065 669 1082 ί
692 1055 731 1084 Ne
754 1056 901 1092 quisquam
929 1064 989 1084 sese

194 1100 429 1134 seandalizaverit
446 1109 530 1137 super
555 1109 598 1129 me
627 1107 736 1137 propter
770 1102 843 1137 quod
868 1102 942 1130 videt
960 1108 989 1131 et

193 1147 287 1180 audit;
303 1155 312 1172 ι
330 1151 357 1174 et
368 1147 458 1182 reipsa
474 1147 616 1183 gentilium
632 1147 744 1182 quidam
777 1155 829 1175 una
853 1148 988 1175 vidissent

194 1193 316 1228 prodigia
331 1200 392 1229 quae
413 1194 472 1228 ipse
486 1198 514 1221 et
529 1193 669 1221 Barnabas
683 1193 876 1229 perpetrabant
891 1197 921 1221 ut
934 1193 986 1222 diis

194 1246 274 1267 sacra
288 1238 378 1268 facere
394 1243 621 1276 properaverant.

287 1383 452 1417 QUESTIO
468 1384 570 1412 CCClll
588 1384 683 1421 [CoisL
703 1385 786 1413 Taur.
799 1385 904 1422 CXVI].

230 1428 320 1462 Quare
354 1430 425 1458 Deus
460 1432 664 1467 primogenitum
705 1431 795 1460 Israel
828 1433 949 1460 vocavit?

1035 233 1114 265 Θεοῦ,
1132 233 1223 260 πεσὼν
1237 230 1316 264 οὗτος
1330 233 1427 260 θᾶττον
1442 233 1542 268 ἀνέστη
1556 234 1603 260 καὶ
1616 233 1662 260 διὰ
1679 236 1807 268 μετανοίας

1035 279 1083 306 καὶ
1097 279 1223 315 δακρύων
1236 279 1400 306 ἐσπούδασεν
1409 279 1599 314 ὲκκαθᾶραιτὸ
1612 279 1808 315 ὀλίσθημανπῶς

1036 324 1067 350 οὐ
1085 324 1138 360 χρὴ
1149 325 1196 351 καὶ
1207 325 1280 359 ἡμᾶς
1303 325 1353 359 οὺχ
1368 324 1442 357 ἅπαξ
1462 325 1607 356 πεσόντας,
1621 325 1690 351 ἀλλὰ
1705 325 1745 352 διὰ
1754 335 1808 352 παν-

1035 370 1080 402 τὸς
1091 370 1251 402 πίπτοντας,
1266 370 1378 405 θερμοῖς
1392 372 1449 402 τοῖς
1464 370 1580 405 δάκρυσι
1599 371 1649 396 καὶ
1664 379 1806 407 συντετριμ-

1037 417 1105 452 μένῃ
1118 416 1217 452 καρδίᾳ
1230 416 1390 450 ἀπαλείφειν
1406 416 1553 451 πειρᾶσθαι
1567 417 1601 443 τὰ
1617 417 1807 452 ἁμαρτήματα;

1034 461 1075 488 ἔτι
1089 462 1128 493 δὲ,
1145 461 1188 487 ἴνα
1199 461 1235 496 μὴ
1250 461 1351 496 δήποτέ
1366 469 1438 492 τινες
1450 460 1505 486 τῶν
1522 461 1551 487 ὲν
1562 460 1752 496 κατορθώμασι
1764 461 1808 487 δια-

1036 507 1210 542 λαμπόντων,
1227 503 1270 533 οἷα
1285 502 1362 541 astra
1377 505 1537 543 ἀνθρώπινα
1555 507 1596 538 εἰς
1611 507 1780 542 παράπτωμά
1788 516 1808 533 τι

1035 553 1272 589 κατωλισθηκότες
1283 552 1441 587 ἀπογνώσει
1457 553 1571 584 ἑαυτοὺς
1586 553 1634 580 καὶ
1661 553 1809 588 animm;

1036 599 1193 634 παραδῶσιν
1206 607 1212 614 ·
1229 599 1287 626 ἀλλ’
1306 599 1416 634 ἔχοντες
1439 599 1484 625 τὸν
1502 599 1641 634 μακάριον
1657 599 1754 624 ἐκεῖνον
1765 600 1808 624 Δα-

1035 646 1079 672 δὶδ
1099 645 1266 681 τηλικαύτην
1285 645 1333 680 μὲν
1350 645 1523 680 παρανομίαν
1549 644 1739 679 εἰργασμένον,
1751 645 1809 670 οὕτω

1035 691 1064 718 δι
1089 692 1200 726 ταχεῖαν
1233 690 1282 726 τὴν
1301 690 1451 725 θεραπείαν
1476 690 1651 726 εὑρημένον,
1677 691 1722 717 καὶ
1746 691 1809 717 αὐτοὶ

1035 737 1104 772 πρὸς
1113 737 1159 764 τὸν
1170 737 1261 772 ὅμοιον
1271 737 1435 763 διαναστῶσι
1452 737 1542 772 ζῆλον,
1554 737 1601 763 καὶ
1615 737 1662 763 τοῦ
1677 736 1806 771 πτώματος

1035 783 1246 818 ἀνασφαλέντες,
1264 783 1311 810 καὶ
1338 783 1387 818 τῆς
1418 783 1562 818 μετανοίας
1587 782 1645 809 ὅλοι
1673 784 1808 816 γεγονότες,

1037 829 1091 856 τῶν
1115 829 1253 864 προτέρων
1278 828 1393 863 ἔχωνται
1421 828 1647 863 κατορθωμάτων
1665 836 1673 844 ·
1706 828 1764 860 ἴσως
1785 829 1807 855 δὲ

1039 874 1086 901 καὶ
1102 876 1239 910 συγχωρεῖ
1250 876 1264 901 ὁ
1280 874 1345 906 Θεὸς
1361 875 1400 906 είς
1416 874 1555 910 ἁμαρτίαν
1565 876 1662 901 πεσεῖν
1676 874 1720 901 τδν
1732 875 1808 906 Δασιδ,

1039 920 1082 948 ἵνα
1094 920 1132 955 μὴ
1144 921 1193 952 τὰς
1209 920 1260 955 τῆς
1281 921 1357 956 ἱερᾶς
1372 920 1483 955 Γραφῆς
1498 920 1563 955 περὶ
1577 919 1663 946 αὑτοῦ
1678 920 1809 955 μαρτυρίας

1037 966 1068 994 τὸ
1088 967 1222 994 Ἰουδαίων
1235 967 1311 999 ἔθνος
1325 966 1470 998 ἀκούοντες
1485 966 1525 997 είς
1535 966 1601 992 Θεὸν
1619 966 1700 993 αὐτὸν
1713 966 1810 999 ἀναστή-

1039 1021 1106 1040 σωσι
1118 1021 1126 1029 ο
1141 1013 1189 1040 καὶ
1203 1013 1259 1048 γὰρ
1274 1012 1362 1040 καὶτὸ
1376 1012 1515 1043 Μωῡσέως
1527 1011 1609 1047 σῶμα
1627 1011 1672 1038 διὰ
1684 1011 1731 1046 τὴν
1741 1011 1809 1046 αὐτὴν

1038 1058 1128 1086 αίτίαν
1146 1058 1304 1094 μετατεθὲν,
1317 1057 1456 1092 ἄγνωστον
1473 1057 1555 1092 μέχρι
1570 1056 1619 1083 καὶ
1632 1057 1745 1092 τήμερον
1756 1065 1809 1091 χρη-

1039 1102 1146 1139 ματίζει
1159 1104 1217 1134 τοῖς
1230 1103 1259 1136 ἐξ
1288 1102 1413 1138 Ίσραήλ’
1431 1102 1480 1129 καὶ
1490 1103 1504 1129 ὁ
1521 1102 1667 1133 θεσπέσιος
1682 1102 1709 1128 δὲ
1722 1102 1808 1132 Παῦλος

1036 1147 1156 1174 τοιοῦτόν
1170 1155 1197 1173 τι
1217 1147 1282 1182 περὶ
1297 1146 1380 1174 αὑτοῦ
1392 1146 1520 1182 ὐποδηλοῖ
1534 1146 1635 1173 λαλῶν·
1648 1147 1721 1173 ι”1να
1738 1147 1809 1181 μήτις

1035 1192 1229 1228 ὑπολογίσηταί
1240 1201 1282 1223 τις
1292 1192 1358 1228 περὶ
1368 1192 1437 1228 ἐμοῦ
1446 1191 1517 1227 ὑπὲρ
1525 1192 1539 1218 ὃ
1553 1192 1648 1227 βλέπει
1661 1192 1706 1219 καὶ
1715 1191 1808 1218 ἀκούει·

1035 1239 1104 1267 ἀλλὰ
1117 1239 1163 1265 και
1173 1247 1245 1271 τινες
1254 1238 1308 1266 τῶν
1321 1238 1532 1272 Ἐλληνιζόντων
1540 1237 1601 1264 ἐπεὶ
1616 1236 1809 1272 τερατουργοῦν-

1037 1293 1087 1316 τας
1098 1281 1169 1311 εἶδον
1185 1284 1267 1311 αὐτόν
1277 1293 1307 1310 τε
1324 1285 1372 1311 καὶ
1388 1284 1543 1320 Βαρνάῦαν,
1559 1283 1598 1316 ὡς
1623 1283 1694 1316 050i;
1707 1282 1808 1319 προσφέ-

1039 1338 1096 1367 ρειν
1109 1329 1204 1362 θυσίας
1220 1329 1368 1366 ὥρμησαν.

1306 1386 1476 1418 ΕΡΩΤΗΣΙΣ
1494 1387 1554 1414 TI".

1039 1432 1120 1460 Διατί
1131 1431 1320 1466 πρωτότοκον
1336 1432 1352 1458 ό
1370 1431 1444 1464 Θεὸς
1465 1431 1519 1458 τὸν
1543 1433 1665 1467 Ἰσραὴλ
1680 1431 1808 1460 ἐκάλεσε.

459 1489 470 1504 ³
744 1487 816 1513 Edita
827 1495 841 1512 a
851 1488 913 1512 Malo
929 1487 1156 1519 (l.c.q.100,101,
1167 1486 1272 1518 (1.152).

231 1527 303 1556 Deus
319 1528 400 1556 Israel
415 1529 626 1565 primogenitum
642 1535 733 1560 vocat.
747 1538 808 1557 cum
825 1529 936 1564 Moysen

1074 1529 1252 1564 Πρωτότοκον
1269 1527 1297 1554 δὲ
1309 1527 1324 1554 ὁ
1343 1527 1410 1559 Θεὸς
1427 1527 1473 1554 τὸν
1507 1526 1616 1562 Ἰσραὴλ
1641 1527 1725 1559 καλεῖ,
1744 1526 1810 1561 ἡνίκα

197 1575 366 1603 Pharaonem
375 1575 460 1607 misit,
471 1575 505 1602 ad
513 1576 712 1603 ostendendum
722 1580 853 1611 quantum
866 1583 988 1603 amorem

196 1624 224 1648 et
233 1624 362 1654 quantam
370 1621 600 1656 charitatemcrga
609 1621 685 1648 illum
699 1622 825 1649 habebat.
836 1621 883 1649 Sic
896 1621 989 1656 aliquo

197 1665 279 1692 modo
299 1665 333 1692 ad
352 1665 460 1701 Moysen
486 1666 669 1701 loquebatur:
697 1666 820 1702 Loquere
842 1667 987 1694 Pharaoni.

198 1711 335 1744 Quantum
347 1715 374 1738 tu
391 1719 511 1738 amorem
519 1718 584 1747 erga
591 1711 675 1738 tilium
690 1716 766 1738 tuum
779 1711 988 1746 primogenitum

197 1755 281 1784 habes
291 1760 318 1783 et
325 1763 428 1785 servas.
440 1761 545 1784 tantum
554 1761 618 1791 puta
625 1761 651 1784 et
662 1756 748 1784 Deum
758 1756 858 1784 habere
868 1764 930 1791 erga
940 1763 989 1790 po-

197 1802 290 1837 pulum
301 1801 393 1829 lsrael.
405 1801 499 1837 itaque
508 1810 561 1830 non
573 1803 764 1837 acquieseente
775 1802 822 1829 illo
834 1801 988 1829 liberationi

196 1853 224 1874 et
239 1848 335 1875 reditui
359 1848 454 1880 Israel,
471 1854 566 1875 contra
580 1849 777 1883 primogenitos
797 1846 949 1875 Pharaonis
960 1851 988 1873 et

197 1892 389 1929 [Egyptiorum
407 1894 487 1930 plaga
512 1894 603 1921 irruit.
620 1903 629 1919 ι
647 1893 718 1921 Deus
743 1898 834 1921 autem
862 1901 925 1921 cum
952 1893 988 1921 sit

196 1941 319 1966 omnium
350 1941 472 1974 gentium
505 1939 591 1967 factor
622 1945 649 1967 et
679 1944 792 1971 auctor,
821 1939 859 1967 ita
888 1944 930 1967 est
961 1943 988 1966 et

196 1987 319 2014 omnium
338 1987 518 2022 providentia.
540 1986 723 2021 Sequentibus
748 1991 838 2012 autem
863 1985 989 2020 tempori-

198 2034 258 2065 bus,
273 2042 369 2061 omnes
385 2039 478 2069 gentes
489 2033 523 2060 ad
538 2033 661 2060 eamdem
675 2033 857 2068 cognitionem
871 2039 988 2059 conver-

196 2087 278 2107 surus
293 2083 352 2107 erat
379 2083 405 2106 et
430 2084 643 2111 convocaturus,
671 2083 699 2106 et
720 2079 790 2106 lilios
815 2083 842 2105 et
867 2078 988 2105 hwredes

197 2126 292 2161 gratiae
305 2125 471 2152 redditurus.
484 2125 555 2152 Ante
572 2125 634 2153 illas
649 2130 741 2152 autem
757 2128 864 2159 gentem
882 2123 987 2151 Israeli-

197 2172 279 2199 ticam
300 2170 392 2206 elegit,
408 2175 438 2198 ut
454 2178 501 2205 per
517 2170 590 2197 illam
606 2177 702 2197 omnes
717 2169 785 2197 alias
797 2169 962 2196 conduceret
977 2177 985 2195 :

196 2217 269 2254 quod
285 2221 312 2244 et
326 2216 516 2244 demonstrant
527 2216 654 2252 apostoli,
670 2216 716 2250 qui
731 2215 840 2250 quidem
856 2223 888 2242 ex
903 2214 985 2242 Israel
1000 2211 1021 2240 D

197 2264 249 2292 orti
271 2267 337 2291 sunt
350 2263 472 2290 omnium
494 2267 586 2290 autem
611 2261 736 2296 magistri
760 2265 787 2288 et
807 2261 986 2288 conductores

198 2310 260 2338 l'acti
276 2314 350 2342 sunt,
375 2314 519 2345 propterea
552 2308 682 2336 Israelitis
715 2315 767 2335 vox
796 2307 986 2342 primogenitae

197 2357 296 2384 donata
315 2360 368 2384 est.
395 2355 454 2383 Non
484 2355 586 2390 recepit
608 2359 700 2381 autem
727 2354 764 2381 illi
788 2354 987 2389 primogenitus

198 2403 305 2439 pietatis
332 2402 539 2438 perfectionem,
568 2401 661 2436 itaque
686 2401 772 2427 durus
803 2403 830 2427 et
860 2399 987 2427 indocilis

197 2450 287 2477 lactus
302 2453 345 2477 est
357 2457 410 2476 non
424 2448 512 2475 solum
525 2448 553 2474 in
568 2447 696 2482 Egypto,
711 2446 758 2474 sed
769 2450 796 2473 et
807 2449 868 2480 post
882 2445 985 2472 exitum

197 2496 225 2524 in
241 2496 360 2523 deserto.
381 2493 494 2528 Propter
509 2493 582 2528 quod
597 2492 805 2527 perfectioribus
820 2498 874 2518 non
889 2491 986 2526 digna-

197 2548 242 2569 tus
256 2545 298 2568 est
309 2540 446 2576 mysteriis
464 2545 491 2566 et
503 2547 552 2574 per
564 2539 650 2574 legem
667 2538 780 2566 secundi
793 2537 898 2565 ordinis
913 2544 987 2564 sem-

198 2595 247 2623 per
263 2587 426 2614 instituitur.
451 2586 519 2614 Cum
541 2586 614 2613 enim
631 2585 717 2620 legem
739 2584 832 2618 digito
853 2582 901 2610 Dei
915 2582 985 2610 scri-

199 2640 272 2670 ptam
287 2653 294 2666 ,
318 2633 472 2667 tabulisque
490 2632 618 2660 humanis
641 2631 767 2658 manibus
787 2638 841 2657 non
853 2628 986 2656 conlectis

197 2677 371 2713 insculplam,
388 2677 472 2712 legem
485 2677 564 2704 nobis
578 2684 593 2704 a
607 2675 717 2704 Christo
732 2674 848 2702 dandam
867 2674 989 2709 ﬁguran-

200 2727 270 2754 tem,
285 2723 401 2758 populus
424 2721 564 2754 Hebraeus,
581 2725 691 2756 propter
711 2717 790 2748 vituli
806 2720 880 2747 aurci
897 2723 988 2746 trans-

201 2768 367 2804 grcssioncm
394 2772 420 2795 et
447 2767 633 2802 impietatem,
658 2774 712 2794 nou
744 2766 872 2801 dignatus
906 2764 988 2792 fuerit

200 2814 333 2849 accipere,
348 2814 452 2848 accepit
466 2813 615 2841 secundam
633 2820 715 2847 quam
731 2811 837 2846 Moyscs
854 2811 953 2838 tabulis
972 2818 988 2838 a

201 2870 230 2890 se
245 2861 336 2898 politis
351 2861 500 2896 inscripsit.
517 2860 545 2889 Si
577 2860 648 2888 enim
674 2860 747 2894 ipsas
772 2866 788 2887 a
802 2858 857 2887 Dco
871 2857 987 2892 scriptas

1039 1575 1084 1602 τὸν
1097 1575 1201 1610 Μωῦσῆ
1218 1573 1367 1601 ἀπέστελλε
1398 1573 1467 1608 πρὸς
1486 1573 1533 1600 τὸν
1551 1574 1665 1609 Φαραὼ,
1690 1571 1810 1600 ἐνδεικνύ-

1041 1629 1122 1656 μενος
1147 1621 1197 1656 τὴν
1223 1621 1336 1656 ἀγάπην
1368 1619 1415 1647 καὶ
1449 1620 1568 1655 στοργὴν
1595 1621 1665 1656 ὅσην
1685 1617 1739 1654 εἶχε
1758 1617 1810 1652 περὶ

1039 1667 1134 1694 αὐτόν’
1162 1667 1263 1693 ὡσανε)⁸
1289 1667 1365 1701 ἔλεγε
1391 1666 1430 1701 τῷ
1455 1666 1583 1693 Μωῦσεί·
1606 1675 1616 1692 ‹
1631 1666 1752 1700 Λάλησον
1777 1662 1809 1696 τῷ

1038 1712 1154 1748 Φαραὼ,
1170 1712 1211 1739 ὅτι
1233 1711 1346 1747 Ἦλίκην
1362 1711 1394 1739 σὺ
1410 1712 1528 1746 στοργὴν
1554 1711 1620 1747 περὶ
1636 1711 1682 1738 τὸν
1702 1710 1743 1736 σὺν
1763 1708 1810 1734 υίδν

1038 1758 1084 1784 τὸν
1099 1757 1272 1793 πρωτότοκον
1292 1757 1365 1792 έχεις
1383 1756 1430 1784 καὶ¹
1445 1756 1595 1792 διατηρεῖς,
1613 1757 1664 1792 τὴν
1685 1754 1761 1790 αὐτὴν
1775 1754 1810 1779 ὲν-

1038 1804 1094 1830 νόει
1109 1804 1156 1830 καὶ
1170 1803 1239 1839 πρὸς
1254 1803 1285 1830 τὸ
1302 1804 1380 1837 γένος
1398 1803 1446 1829 τοῦ
1471 1802 1580 1838 Ἰσραὴλ
1591 1802 1664 1837 ἔχειν
1684 1798 1808 1828 τὸνθεόν·

1038 1850 1078 1877 διδ
1093 1851 1141 1877 καὶ
1152 1849 1329 1881 ἀπειθοῦντος
1345 1850 1415 1885 πρὸς
1431 1849 1481 1885 τὴν
1496 1849 1655 1884 ἐλευθερίαν
1671 1849 1718 1875 καὶ
1731 1847 1809 1874 ἄνοδον

1038 1896 1086 1923 τοῦ
1108 1895 1225 1932 Ἰσραὴλ,
1241 1896 1312 1923 κατὰ
1324 1895 1379 1922 τῶν
1394 1895 1576 1931 πρωτοτόκων
1590 1895 1639 1922 τοῦ
1656 1894 1751 1930 Φαραὼ
1771 1891 1809 1918 καὶ

1037 1943 1092 1971 τῶν
1108 1943 1266 1978 Αἰγυπτίων
1289 1943 1400 1978 ἀφίεται
1417 1944 1433 1978 ὴ
1460 1943 1551 1978 πληγή
1565 1951 1573 1958 ν
1594 1953 1603 1969 ι
1628 1943 1668 1970 ἔτι
1692 1943 1718 1969 δὲ
1732 1940 1809 1971 ὁΘεὸς

1038 1988 1132 2024 ἐπειδὴ
1152 1989 1279 2016 ἁπάντων
1290 1989 1364 2015 ἐστὶν
1379 1988 1465 2015 ἐθνῶν
1483 1989 1608 2023 πλάστης
1624 1989 1672 2015 καὶ
1692 1988 1807 2022 δημιουρα

1037 2035 1095 2069 γδς,
1115 2034 1186 2061 οὕτω
1202 2034 1249 2061 καὶ
1263 2033 1374 2060 πάντων
1389 2034 1562 2069 προνοητής·
1577 2035 1684 2069 χρόνοις
1699 2032 1720 2058 δ’
1742 2030 1808 2058 ὑστέ-

1038 2090 1095 2116 ροις
1109 2081 1144 2107 τὰ
1170 2081 1234 2116 ἔθνη
1260 2080 1350 2107 πάντα
1377 2079 1447 2116 πρὸς
1473 2080 1524 2114 τὴν
1551 2079 1658 2106 οἰκείαν
1680 2078 1808 2112 ἐπίγνωσιν

1037 2126 1150 2162 ἔμελλεν
1166 2126 1343 2162 ἐπιστρέφειν
1371 2125 1419 2152 καὶ
1449 2124 1543 2152 καλεῖν
1567 2125 1616 2151 καὶ
1641 2124 1716 2156 υἱοὺς
1737 2121 1806 2149 αὐτοῦ

1037 2175 1084 2200 καὶ
1098 2173 1284 2209 κληρονόμους
1308 2173 1358 2208 τῆς
1385 2172 1497 2207 χάριτος
1511 2173 1690 2207 ἀποφαίνειν·
1713 2171 1761 2206 πρὸ
1784 2169 1805 2194 δὲ

1036 2217 1140 2244 τούτων
1161 2218 1192 2245 τὸ
1220 2218 1295 2248 ἔθνος
1307 2217 1449 2250 ἐξελέξατο
1468 2217 1514 2244 τοῦ
1544 2218 1654 2252 Ἰσραὴλ
1677 2217 1714 2248 ὡς
1741 2215 1769 2242 ἂν
1780 2212 1807 2239 δι’

1035 2263 1120 2290 αὑτοῦ
1141 2264 1283 2299 συναγάγῃ
1294 2263 1342 2290 καὶ
1358 2264 1424 2294 τοὺς
1443 2263 1551 2295 ἄλλους.
1572 2264 1628 2290 Καὶ
1653 2262 1769 2298 δηλοῦσιν
1786 2259 1805 2284 οἱ

1036 2309 1182 2336 ἀπόστολοι
1204 2309 1284 2336 τοῦτο
1305 2308 1335 2342 ἐξ
1364 2309 1474 2344 Ἰσραὴλ
1501 2310 1550 2345 μὲν
1578 2309 1689 2343 φύντες,
1714 2308 1806 2334 πάντων

1035 2354 1064 2381 δὲ
1079 2354 1135 2381 τῶν
1150 2354 1236 2381 ἐθνῶν
1247 2353 1402 2381 διδάσκαλοι
1416 2354 1464 2381 καὶ
1490 2355 1659 2388 συναγωγεῖς
1673 2348 1805 2388 γεγενημέ·

1036 2408 1090 2427 νοι·
1105 2400 1149 2427 διὰ
1165 2399 1244 2426 τοῦτο
1255 2400 1312 2431 τοῖς
1325 2399 1506 2435 Ἰσραηλίταις
1522 2401 1539 2434 ἡ
1553 2400 1737 2434 πρωτότοκος
1749 2397 1801 2430 ἐχα·

1037 2446 1116 2481 ρίσθη
1133 2447 1221 2480 φωνή.
1247 2446 1284 2472 Οὐ
1301 2446 1445 2481 Λαμόάνει
1459 2446 1488 2472 δὲ
1511 2446 1526 2472 ὁ
1553 2446 1723 2480 πρωτότοκος
1742 2438 1805 2470 οὗτος

1035 2492 1072 2519 τὰ
1104 2492 1156 2527 τῆς
1172 2491 1313 2523 εὐσεσείας
1347 2491 1598 2527 τελεώτερα’δι4τι
1630 2490 1742 2525 σκληρὸς
1766 2485 1804 2513 καὶ

1036 2537 1151 2572 ἀπειθὴς
1161 2537 1287 2571 γέγονεν,
1302 2536 1332 2562 οὐ
1351 2536 1422 2562 κατὰ
1433 2535 1482 2571 τὴν
1492 2535 1633 2570 Αἴγυπτον
1649 2536 1734 2570 μόνον,
1747 2531 1804 2559 ἀλλά

1038 2583 1107 2620 μετά
1121 2583 1170 2618 τὴν
1184 2582 1214 2616 ἐξ
1225 2581 1363 2616 Αἰγύπτου
1374 2581 1463 2614 ἔξοδον
1480 2582 1510 2607 ἐν
1523 2583 1555 2617 τῇ
1573 2581 1680 2618 ἐρήμῳ.
1707 2579 1749 2606 Διὸ
1759 2576 1803 2603 τῶν

1038 2629 1088 2664 μὲν
1113 2628 1289 2662 τελειοτὲρων
1317 2627 1368 2653 οὐκ
1396 2626 1521 2658 ἀξιοῦται
1540 2627 1706 2662 μυστηρίων,
1727 2623 1765 2650 διὰ
1782 2620 1804 2646 δὲ

1035 2674 1083 2700 τοῦ
1099 2673 1230 2708 δευτέραν
1245 2672 1322 2704 τάξιν
1334 2672 1442 2707 ἔχοντος
1455 2672 1539 2707 νόμου
1556 2673 1626 2704 τέως
1640 2667 1803 2703 παιδαγωγεῖ·

1035 2727 1091 2745 ται.
1128 2717 1204 2744 Ἐπεὶ
1238 2717 1285 2743 καὶ
1309 2716 1354 2742 τίνω
1385 2716 1510 2751 δακτύλῳ
1539 2716 1607 2742 Θεοῦ
1632 2710 1803 2749 γεγραμμένον

1035 2764 1117 2799 νόμον
1131 2763 1213 2795 πλαξί
1236 2771 1266 2789 τε
1291 2762 1512 2798 ἀχειροποιήτοις
1536 2759 1758 2795 ἐντετυπωμένον,
1779 2754 1803 2784 ὃς

1035 2811 1080 2836 τὶν
1095 2809 1230 2845 ἡμέτερον
1250 2809 1383 2836 καὶκατὰ
1408 2808 1526 2844 Χριστδν
1555 2807 1706 2843 προετὼιτου
1731 2802 1800 2836 νόμον

1036 2857 1085 2884 οὐκ
1101 2856 1223 2889 ἀξιοῦται
1239 2855 1365 2889 δέξασθαι
1386 2855 1415 2882 τὸ
1443 2854 1578 2882 Ἰουδαίων
1609 2854 1681 2884 ἔθνος
1703 2850 1743 2877 διὰ
1762 2846 1800 2879 τὴν
