1886 3071
101 186 172 218 1145

500 188 550 218 AD
570 187 871 219 AMPHILOCHIUM
892 189 1066 225 QUZESTIO
1081 189 1204 227 CCCUI,
1223 189 1338 219 CCClV.

1011 114 1055 122 Ν-.

1667 189 1738 222 1146

97 243 165 280 περὶ
184 243 231 270 τὸν
260 243 361 279 μόσχον
386 242 545 270 δυσσέόειάν
562 251 591 268 τε
620 243 667 269 καὶ
696 242 841 278 παρανομίι

992 243 1049 271 ulas
1076 249 1103 271 et
1124 243 1220 271 melius
1235 251 1317 277 quant
1337 242 1371 269 ab
1386 242 1513 271 humanis
1529 245 1656 274 manibus
1668 247 1736 282 poli-

97 290 235 325 λαμόἀνει
250 289 278 316 δὲ
292 289 338 316 τὸν
350 288 476 324 δεύτερον
491 289 539 316 καὶ
554 288 584 315 ὃν
599 288 721 323 Μωΰσῆς
737 288 836 320 πλαξὶν
854 289 887 321 ἃς

96 334 180 365 αὐτὸς
193 333 337 366 ὲλάξευσεν
353 334 516 369 ἐγεγράφει.
543 334 576 360 Εἰ
587 334 640 369 γὰρ
658 333 744 365 αὑτὰς
754 333 803 365 τὰς
822 333 887 360 θεο-

95 388 222 415 γραφονς
237 379 347 411 πλάκας
361 378 457 406 ἔλαϐον
468 379 515 406 καὶ
529 381 654 415 κρεῖττον
672 379 689 414 ἢ
710 379 782 405 κατὰ
796 379 889 413 χειρὸς

95 426 180 461 ἔργον
208 425 450 461 ἑκλελαξευμένας,
478 425 548 460 τάχα
580 424 613 451 ἂν
626 425 673 451 καὶ
698 424 777 456 θεοὺς
800 424 887 456 αὑτὰς

95 471 214 508 ἡγοῦντο
230 472 276 498 καὶ
290 472 336 498 ἐπὶ
350 471 442 506 μεῖζον
456 471 506 506 τὴν
520 469 596 497 θείαν
608 470 669 497 κατ’
692 470 784 497 αὐτῶν
801 469 888 505 ὀργὴν

95 518 204 554 ἀνῆψαν
215 526 224 533 ·
237 518 295 544 ἀλλ’
313 517 427 549 ἐκείνοις
443 518 491 553 μὲν
516 517 551 544 δι’
569 517 601 553 ἦν
625 517 732 552 ἔφημεν
747 516 837 543 αἰτίαν
854 516 890 542 τὰ

94 565 255 599 τελειότερα
276 564 307 590 οὐ
330 564 511 600 παραδίδοται
533 563 588 591 τῶν
614 562 784 598 μυστηρίων.
827 561 888 589 Ἐπ’

94 611 220 646 ἐσχάτων
231 610 260 637 δὲ
274 610 386 646 ἡμερῶν
411 609 557 645 ἅνθρωπος
569 609 692 644 γεγονὼς
716 609 730 635 ό
749 607 796 634 τοῦ
822 607 888 634 Θεοῦ

92 657 196 691 Λόγος,
210 657 258 683 καὶ
273 656 386 691 θέμενος
401 656 436 683 τὰ
450 655 514 691 ἔθνη
529 656 567 687 είς
597 656 684 687 υἱοὺς,
708 655 816 681 δίδωσιν
838 654 888 680 αὺ-

94 704 154 734 τοῖς
168 702 259 729 οὐκέτι
281 702 330 737 τὴν
361 703 390 728 ὲν
419 702 499 736 τύπῳ
523 701 571 728 καὶ
598 702 662 736 σκιᾷ
685 699 888 728 παλαιωθεῖσαν

96 748 239 784 λατρείαν,
255 748 323 775 ἀλλὰ
339 748 388 775 καὶ
401 748 431 774 ὲν
444 747 559 783 ἀληθείᾳ
573 747 620 773 καὶ
645 747 790 782 πράγματι
819 747 883 773 νεά-

95 794 198 826 ζουσάν
212 803 241 820 τε
259 795 306 821 καὶ
321 794 531 829 ἐνακμάζουσαν
546 794 577 820 τὸ
593 793 645 827 τῆς
663 793 804 824 εὐσεϐείας
819 793 890 828 ἀκή-

96 848 182 876 ρατον
211 839 324 871 κάλλος.
342 840 455 866 Πάντων
492 839 559 873 γοῦν
589 838 804 874 υἱοοετηθέντων
827 838 883 865 τῶν

95 886 195 918 ἐθνῶν,
213 886 326 918 εἰκότως
348 885 362 911 ὁ
379 886 433 922 πρὸ
449 885 540 913 αὐτῶν
552 886 592 918 εἰς
617 885 754 912 υἱοθεσίαν
779 885 889 921 κληθεὶς

943 294 984 316 tas
998 290 1159 324 accepisset,
1169 298 1216 317 eas
1235 297 1297 317 mox
1323 294 1353 317 ut
1373 289 1438 318 deos
1453 291 1594 319 habuisset
1609 297 1638 320 et
1651 292 1737 321 Deum

940 340 1036 363 contra
1049 344 1079 364 se
1097 336 1130 363 ad
1147 336 1279 371 majorem
1302 336 1370 364 iram
1386 337 1542 365 excitasset.
1558 338 1613 366 Illis
1626 339 1736 374 quidem

940 386 1053 416 propter
1085 389 1166 416 quam
1199 382 1319 409 diximus
1352 390 1463 410 causam
1487 383 1649 418 perfectiora
1681 392 1736 412 non

941 432 1005 455 sunt
1022 428 1120 455 tradita
1153 429 1293 469 mysteria.
1325 427 1488 456 Novissimis
1514 434 1604 457 autem
1626 430 1735 462 diebus.

942 473 1024 501 homo
1038 473 1139 501 factum
1154 474 1201 500 Dei
1222 473 1354 506 Verbum,
1374 475 1501 509 gentibus
1516 475 1542 501 in
1561 475 1734 510 adoptionem

941 519 1058 547 ﬁliorum
1076 521 1199 552 vocatis,
1225 520 1278 547 illis
1300 527 1356 547 non
1379 521 1436 555 jam
1460 521 1552 556 ﬁguris
1571 527 1600 549 et
1617 522 1735 549 tenebris

942 567 1062 601 antiquis
1079 566 1272 593 obumbratum
1288 567 1392 593 cultum
1410 566 1494 599 dedit,
1518 567 1564 594 sed
1582 568 1608 594 in
1623 568 1736 595 veritate

942 616 969 638 et
986 612 1012 638 in
1033 619 1115 646 opere
1138 613 1332 643 virescentem,
1358 617 1384 640 et
1402 621 1500 647 purum
1521 614 1631 648 pietatis
1654 613 1736 640 deco-

942 665 999 685 rem
1014 659 1220 693 producemem.
1236 658 1372 686 Omnibus
1385 667 1450 694 ergo
1468 660 1600 694 gentibus
1618 660 1644 686 in
1662 661 1734 687 ado-

942 705 1061 740 ptionem
1080 705 1196 731 ﬁliorum
1223 706 1344 737 vocatis,
1368 706 1465 732 merito
1479 705 1525 740 qui
1543 710 1605 732 ante
1625 705 1686 733 illas
1705 706 1732 732 in

943 750 1117 785 adoptionem
1140 755 1253 778 vocatus
1272 755 1326 783 est,
1354 750 1472 785 populus
1493 749 1574 777 Israel
1596 750 1734 785 primoge-

943 796 1017 823 nitus
1038 795 1146 822 dicitur.
1168 795 1216 823 Hic
1232 801 1321 823 autem
1339 800 1366 822 et
1379 796 1430 822 hoc
1450 802 1558 822 mecum
1577 794 1732 825 considera.

944 842 992 869 Dei
1012 841 1131 873 Yerbum
1157 849 1190 869 ex
1213 842 1315 869 semine
1331 841 1421 873 lDavid
1447 842 1559 868 veniens
1581 841 1732 868 secundum

945 888 1141 914 humanitatem
1167 893 1290 922 apparet.
1309 887 1360 914 Per
1375 887 1450 914 illum
1466 891 1556 914 autem
1577 893 1658 913 omne
1675 886 1733 920 pri—

95 932 274 966 πρωτότοκος
289 920 407 966 ἐλέγετο⁷
423 931 471 958 τοῦ
501 931 610 966 Ἰσραὴλ
627 931 701 963 λαός.
717 928 781 957 ’Ὧδε
793 931 820 957 δέ

987 934 1109 969 genitum
1123 920 1244 968 Egrpti,
1258 937 1289 960 ut
1301 933 1382 968 impia
1396 937 1424 960 et
1435 932 1572 959 incredula
1584 931 1731 966 generatio,

95 979 147 1004 καὶ
173 978 265 1013 ἕτερον
293 978 404 1004 σκόπει·
434 978 463 1004 '0
490 976 537 1004 τοῦ
563 976 630 1004 Θεοῦ
656 977 743 1011 Λόγος
757 977 790 1003 ἐκ
805 986 839 1004 στι

989 980 1020 1007 rti
1033 985 1061 1006 et
1080 980 1248 1014 corruptinni
1277 979 1430 1014 subjectum
1448 978 1509 1005 l'uit.
1525 978 1593 1006 Cum
1611 985 1678 1012 ergo
1699 985 1733 1004 ex

97 1034 186 1061 ματος
210 1026 334 1061 φαίνεται
375 1025 444 1052 κατὰ
480 1025 512 1051 τὸ
543 1024 714 1060 ἀνθρώπινον
749 1024 841 1057 ὲληλυ(

989 1024 1021 1051 tel
1037 1030 1115 1052 ortus
1127 1026 1162 1051 sit
1181 1024 1370 1060 [Egyptiorum
1388 1024 1546 1051 interfector
1569 1024 1733 1058 primogeni-

105 1071 217 1107 Ἰσραήλ
227 1079 234 1086 ·
249 1071 282 1098 δι’
295 1070 379 1098 αὑτοῦ
396 1070 424 1097 δὲ
441 1070 614 1106 πρωτότοκον
642 1070 715 1097 ἅπαν
728 1070 849 1103 Αίγυπτι

989 1078 1039 1100 tm.
1062 1071 1273 1105 primogenitum
1288 1075 1315 1098 et
1329 1069 1411 1097 Israel
1429 1074 1518 1096 vocat.
1535 1069 1592 1096 Hoc
1609 1069 1733 1103 Evange-

99 1117 159 1151 κὺν,
176 1118 316 1144 τουτέστιν
328 1117 429 1149 ἀσεὸὲς
446 1117 493 1143 καὶ
508 1116 588 1144 ἄθεον
610 1116 747 1150 γέννημα,
777 1115 816 1150 τῷ
838 1116 843 1140 l

987 1125 998 1144 ο
1014 1118 1145 1144 describit
1161 1118 1256 1145 dicens
1273 1125 1280 1143 :
1308 1127 1317 1143 ι
1338 1117 1375 1143 Ex
1393 1117 1510 1152 [Egyplo
1527 1116 1621 1144 vocavi
1647 1115 1731 1142 ﬁlium

99 1163 175 1198 νάτῳ
191 1164 238 1190 καὶ
247 1165 280 1198 τῇ
295 1164 384 1199 φθορᾷ
403 1162 598 1197 ὑποῦἐῦληται.
626 1162 702 1188 Ἐπεὶ
718 1160 765 1188 οὖν
788 1163 820 1187 ἐκ
837 1170 843 1178 ο

987 1170 1027 1188 um
1039 1163 1071 1189 ³⁸.
1093 1172 1102 1188 ι
1120 1162 1185 1196 Quae
1201 1167 1265 1191 sunt
1279 1171 1345 1198 ergo
1369 1164 1483 1190 meliora
1502 1162 1641 1197 pensanda
1657 1166 1731 1189 sunt.

105 1209 216 1246 Ἰσραὴλ
249 1210 328 1244 ἔφυό
356 1209 411 1236 τῶν
441 1209 636 1243 Αἰγυπτιακῶν
669 1208 816 1243 ἀναιρέτης
839 1208 1046 1242 πρωτοτόκων,
1069 1210 1245 1243 πρωτότοκον
1273 1210 1320 1236 καὶ
1343 1209 1389 1235 τὸν
1418 1208 1528 1244 Ἰσραὴλ
1556 1208 1644 1235 καλεῖ.
1676 1207 1734 1237 Καὶ

99 1255 180 1282 τοῦτο
203 1255 257 1291 ἄρα
284 1257 332 1282 καὶ
355 1256 369 1283 ὁ
389 1255 590 1290 Εὑαγγελιστὴς
617 1253 790 1290 ἀναγράφει·
814 1262 825 1279 ι
854 1253 900 1285 Ἐξ
917 1253 1058 1288 Αἰγύπτου
1090 1256 1207 1282 ἐκάλεσα
1225 1256 1271 1282 τὸν
1283 1255 1348 1282 Υίόν
1366 1263 1428 1290 μου.
1452 1254 1673 1281 ιἘπισκεπτέον
1686 1251 1734 1280 οὖν

100 1302 213 1336 ἄμεινον
239 1301 344 1328 τούτων
355 1321 363 1328 .

375 1357 542 1383 ΕΡΩΤΗΣΙΣ
557 1356 616 1382 ΤΔ¹.

136 1403 204 1436 Πῶς
214 1405 241 1431 οι
255 1402 378 1438 οὐρανοὶ
397 1402 568 1438 διηγοῦνται
579 1401 674 1434 δόξαν
689 1401 742 1429 τοῦ
759 1399 836 1428 Θεοῦ
844 1407 855 1432 ;

1016 1345 1180 1379 QUASS'I‘IO
1202 1345 1300 1373 CCCIV
1318 1337 1412 1381 [σοίει.
1431 1344 1512 1371 Τηιιν.
1526 1343 1664 1378 cxvm];

1067 1393 1204 1426 Quomodo
1219 1393 1277 1420 ια’ίί
1293 1397 1414 1419 enm-rent
1429 1392 1541 1427 gloriam
1553 1391 1620 1418 Dei?

456 1472 530 1497 Edita
539 1478 553 1496 a
564 1471 628 1496 Maio
640 1471 668 1503 (l.
682 1476 706 1496 c.
717 1477 742 1502 p.
752 1470 793 1501 97,
803 1470 844 1501 98,
855 1475 882 1500 q.
891 1468 976 1499 8!).——
984 1467 1013 1491 In
1024 1465 1088 1490 Psal.
1099 1471 1158 1489 xvm
1174 1464 1261 1496 (Graec.
1278 1462 1342 1493 xix),
1359 1463 1383 1488 1.

137 1527 170 1555 Οἱ
187 1527 216 1554 δὲ
229 1527 339 1562 οὐρανοὶ⁴
353 1525 391 1562 μὴ
405 1525 513 1561 ἔχοντες
539 1525 625 1560 στόμα
640 1524 796 1560 διηγοῦνται
813 1522 881 1554 δόξατ

991 1519 1058 1552 Iteli,
1072 1526 1135 1546 cum
1160 1526 1192 1545 os
1213 1525 1267 1545 non
1293 1517 1423 1550 habeant,
1435 1516 1549 1550 gloriam
1564 1514 1612 1543 Dei
1628 1523 1735 1543 annun-

101 1573 181 1606 Θεοῦ,
196 1573 262 1600 διότι
277 1573 310 1599 ὲκ
324 1572 455 1606 μεγέθους
478 1571 526 1598 καὶ
550 1571 682 1606 καλλονῆς
708 1569 866 1605 κτισμάτων
880 1569 895 1595 ὁ

100 1626 293 1655 γενεσιουργος
312 1619 473 1653 θεωρεῖται,
487 1617 534 1644 καὶ
560 1617 591 1644 τὸ
620 1616 685 1651 περὶ
700 1616 770 1643 αὐτὰ
801 1615 894 1650 θαῦμα

100 1669 159 1699 τοῖς
185 1675 218 1702 γε
235 1665 378 1701 φρονοῦσιν
394 1665 434 1696 είς
454 1665 500 1691 τὸν
530 1663 701 1699 Δημιουργὸν
729 1662 893 1697 ἀναφέρεται

100 1712 151 1739 καὶ
164 1711 306 1738 διαδαίνεν
325 1709 395 1736 ὥστε
409 1710 433 1736 οἱ
463 1709 572 1744 οὐρανοὶ
586 1709 646 1743 οὐχὶ
671 1708 787 1743 ῥήμασι,
821 1707 894 1742 πρόι-

101 1766 190 1793 γμασι
199 1757 229 1783 δὲ
244 1757 294 1791 τήν
304 1764 333 1782 τε
347 1755 462 1790 δύναμιν
476 1753 690 1789 ἀνακηρύττουσι
699 1752 747 1778 τοῦ
758 1753 893 1787 Δημιουρ-

100 1803 166 1838 γοῦ,
185 1802 234 1829 καὶ
256 1801 324 1836 πρὸς
338 1800 492 1833 δοξολογίαν
507 1798 698 1833 παρακαλοῦσι
724 1797 790 1828 τοὺς
806 1795 894 1832 ὀρθῶς

101 1849 195 1880 αὐτοῖς
208 1847 369 1882 ὲνορῶντας·
399 1846 423 1872 εί
437 1845 465 1871 δὲ
480 1844 546 1871 κατ’
562 1842 691 1878 ἐπιϐολὴν
704 1842 821 1877 θεωρίας
834 1841 894 1867 ἐθε-

101 1895 197 1931 λήσοις
221 1894 332 1925 ἐννοεῖν,
347 1891 475 1928 εὑρήσεις
498 1890 630 1925 οὐρανοὺς
642 1890 705 1920 τοὺς
717 1887 892 1918 ἀποστόλους,

102 1940 129 1967 οἱ
153 1939 319 1974 διηγήσαντο
346 1936 377 1963 τὺ
407 1934 571 1968 Εὑαγγέλιον
600 1932 649 1960 τοῦ
676 1931 794 1967 Χριστοῦ
818 1932 893 1967 πάσῃ

100 1987 136 2022 τῇ
152 1984 308 2019 οἰκουμένῃ,
318 1982 366 2009 καὶ
375 1981 495 2013 δοξάζειν
508 1980 554 2005 τὸν
564 1978 630 2005 Θεὸν
640 1977 686 2005 τὸν
695 1978 764 2012 ὑπὲρ
775 1976 853 2012 ήμῶν
860 1976 894 2003 τὰ

101 2031 227 2067 ἡμέτερα
240 2029 420 2060 ἀναλαϐόντα,
431 2024 574 2058 ὐπέδειξάν
586 2033 616 2051 τε
629 2024 676 2050 καὶ
690 2023 892 2058 καθηγήσαντο·

103 2079 129 2105 εἰ
146 2077 236 2112 βούλει
263 2076 302 2108 δὲ,
321 2075 486 2110 διηγήσαντο
499 2074 523 2099 οἱ
547 2071 656 2106 οὐρανοὶ
680 2069 730 2105 τὴν
743 2069 821 2102 δόξαν
845 2068 892 2094 τοῦ

102 2123 173 2151 Θεοῦ
184 2122 262 2158 ήμῶν
279 2120 409 2156 Χριστοῦ,
424 2119 506 2154 ἡνίκα
522 2118 576 2144 τῶν
592 2116 733 2152 πατρικῶν
758 2115 795 2150 μὴ
810 2123 894 2141 κενω-

104 2168 163 2199 Θεὶς
186 2167 305 2198 κόλπων,
328 2166 360 2191 ἐκ
373 2163 511 2199 Παρθένου
538 2161 627 2195 σάρκα
638 2160 730 2186 λαϐεῖν
757 2158 894 2194 κατηξίω-

949 1567 1019 1594 tiant
1035 1565 1062 1592 in
1083 1572 1116 1591 eo
1130 1571 1211 1591 sensu
1230 1563 1302 1598 quod
1321 1571 1354 1590 ex
1370 1562 1559 1597 magnitudine
1572 1567 1599 1590 et
1612 1562 1736 1589 multitu-

948 1613 1011 1639 dine
1027 1616 1180 1639 creatarunl
1197 1617 1288 1637 rerum
1309 1614 1405 1636 auctor
1427 1609 1597 1643 dignoscitur
1618 1612 1645 1635 et
1669 1608 1738 1636 isto-

947 1667 1008 1686 rum
1022 1657 1166 1685 admiratio
1186 1664 1200 1683 a
1215 1656 1384 1691 sapientibus
1406 1655 1439 1682 ad
1456 1660 1596 1682 auctorem
1619 1654 1738 1682 refertur

947 1711 975 1733 et
1000 1704 1137 1736 ascendit;
1167 1703 1204 1730 ita
1233 1707 1262 1730 ut
1288 1702 1350 1729 cmli
1378 1709 1432 1728 non
1462 1701 1563 1733 verbis,
1586 1700 1633 1727 sed
1657 1700 1737 1728 factis

947 1750 1086 1778 Creatoris
1108 1748 1255 1783 potentiam
1275 1747 1422 1782 prmdicent
1443 1750 1471 1773 et
1486 1746 1518 1773 ad
1540 1746 1617 1772 illum
1636 1745 1737 1780 gloriﬁ-

946 1796 1064 1824 caudum
1082 1795 1142 1822 illos
1160 1793 1206 1828 qui
1230 1792 1312 1820 rectis
1336 1792 1425 1819 oculis
1448 1791 1476 1818 in
1495 1792 1562 1818 istos
1589 1790 1738 1825 respiciunt

947 1842 1103 1869 hortentur.
1119 1839 1146 1866 Si
1164 1846 1254 1866 autem
1270 1846 1353 1872 supra
1366 1837 1484 1864 risibilia
1498 1842 1617 1864 mentem
1631 1837 1738 1864 elevare

947 1886 1077 1918 volueris,
1096 1886 1180 1912 caelos
1196 1883 1316 1910 invenies
1341 1882 1480 1917 apostolos
1498 1889 1559 1908 esse
1585 1881 1631 1916 qui
1649 1881 1737 1908 Evan-

948 1932 1050 1967 gelium
1075 1930 1175 1958 Christi
1199 1930 1225 1956 in
1247 1929 1373 1955 universa
1398 1932 1469 1954 terra
1496 1927 1736 1958 annuntiaverunt,

946 1983 974 2006 et
993 1978 1026 2005 ad
1042 1978 1125 2004 Deum
1140 1976 1187 2011 qui
1204 1983 1285 2010 supra
1302 1974 1487 2009 nosmetipsos
1511 1977 1604 2000 nostra
1627 1979 1736 1999 assum-

947 2024 1003 2059 psit
1031 2022 1237 2057 gloriticandum
1253 2020 1403 2047 docuerunt
1428 2024 1456 2045 et
1480 2018 1678 2045 instruxerunt.
1706 2016 1733 2043 Si

946 2076 1037 2098 autem
1066 2067 1196 2100 volueris,
1225 2065 1426 2093 annuntiabant
1452 2064 1512 2091 οωΙὶ
1542 2063 1656 2098 gloriam
1689 2061 1735 2088 Dei

948 2115 1033 2143 nostri
1057 2114 1120 2142 Jesu
1144 2112 1261 2144 Christi,
1278 2118 1352 2142 cum,
1371 2115 1484 2145 paterno
1500 2109 1561 2136 sinu
1587 2116 1641 2135 non
1659 2108 1737 2135 dere-

947 2165 1025 2195 licto,
1050 2170 1084 2189 ex
1109 2160 1220 2195 Virgine
1245 2158 1381 2186 incaruari
1402 2157 1529 2192 dignatus
1547 2159 1590 2183 est
1611 2160 1638 2182 et
1659 2155 1736 2182 illum

104 2222 165 2245 σεν,
180 2213 228 2239 καὶ
237 2209 311 2246 εἶχεν
325 2209 406 2236 αὑτὸν
416 2210 431 2244 ἠ
441 2207 563 2243 Βηθλεὲμ
574 2206 622 2233 καὶ
635 2206 665 2232 τὸ
678 2205 820 2240 σπήλαιον·
832 2213 847 2230 τ

992 2209 1086 2237 ιίιιεθηι
1101 2213 1128 2235 et
1143 2213 1262 2242 pnesepe
1277 2205 1440 2232 habuerunt.
1453 2203 1530 2230 Tunc
1541 2202 1614 2229 enim
1626 2208 1736 2236 praescr-

103 2262 160 2296 γὰρ
182 2260 225 2295 δή,
240 2259 300 2285 τότε
314 2258 332 2292 ή
348 2258 377 2283 ὲν
390 2256 446 2287 τοῖς
461 2254 583 2290 οὐρανοῖς
596 2251 784 2288 ἀριθμουμένη
803 2250 893 2284 φύσις,

103 2307 184 2335 τοῦτο
198 2305 247 2340 μὲν
260 2306 277 2340 ἠ
296 2303 392 2339 ὁρατὴ,
416 2301 494 2328 τοῦτο
516 2299 545 2326 δὲ
564 2299 637 2333 καὶὴ
665 2298 734 2332 ὑπὲρ
747 2297 777 2323 τὸ
789 2296 896 2332 ὁρώμε-

104 2361 161 2386 νον,
182 2349 342 2387 ὑπηρετείτό
355 2357 385 2374 τε
400 2348 447 2375 καὶ
464 2345 650 2382 καθυπούργει
675 2344 713 2378 τῷ
737 2342 865 2377 θαύματυ
876 2342 893 2377 ὴ

105 2401 158 2437 μὲν
168 2398 248 2426 οἱονεί
259 2406 318 2424 τινα
326 2396 435 2431 κήρυκα
447 2394 535 2421 κοινὸν
544 2393 588 2420 τὸν
594 2392 695 2427 ἀστέρα
705 2389 895 2425 χειροτονοῦσα

104 2435 153 2475 καὶ
161 2444 347 2482 προῦάλ).ουσα
356 2440 538 2476 ἀνακηρύττει
548 2438 594 2465 τοῦ
605 2438 739 2464 Δεσπότου
750 2435 892 2470 τὴνδὸξαν,

104 2493 155 2520 καὶ
184 2491 230 2517 τὸν
259 2489 448 2526 κρυπτόμενον
471 2486 581 2521 βασιλέα
595 2485 634 2511 δι’
658 2483 716 2514 ἑνὸς
745 2482 893 2516 δορυφόρου

104 2536 349 2575 ¹ιιίροπομπεύουσιι·
368 2535 385 2570 ἡ
407 2534 435 2559 δὲ
468 2531 569 2566 πλῆθος
586 2530 716 2565 στρατιᾶς
741 2527 893 2562 προϐαλλο-

108 2573 178 2620 μένη
192 2583 238 2610 τὸν
253 2582 372 2616 κτίστην
388 2578 546 2609 αἰνούντων,
566 2576 614 2603 καὶ
640 2575 694 2601 τῶν
722 2573 893 2607 τελουμένων

105 2618 137 2658 τὸ
166 2629 259 2664 θαῦμα
277 2626 463 2662 διηγουμένων
483 2623 521 2658 τῷ
533 2634 536 2637 ·
550 2622 653 2658 ᾄσματι
667 2629 674 2636 ·
700 2620 806 2656 ῥηθεῖεν
820 2618 842 2644 δ’
852 2618 893 2664 γᾶν

106 2677 157 2703 οὐκ
171 2663 324 2704 ἀπεικότως
352 2672 376 2698 οὶ
391 2670 502 2705 ἄγγελοι
525 2667 635 2702 οὐρανοὶ
650 2686 658 2698 ,
675 2666 723 2693 ἆτε
746 2665 777 2699 δὴ
792 2663 893 2691 ἄνωθεν

107 2721 257 2757 ἀφιγμένοι
281 2718 349 2754 πρὸς
377 2717 410 2744 τὰ
429 2715 547 2750 ἐπίγεια·
573 2713 641 2740 εἰδὲ
670 2712 717 2738 καὶ
743 2710 788 2736 τὸν
818 2709 894 2743 ἥλιον

107 2755 297 2798 ὲθέλόιςλδεῖν
320 2763 366 2790 ἐπὶ
376 2762 414 2798 τῷ
437 2759 595 2794 Δεσποτικῷ
619 2758 700 2785 πάθει
727 2755 893 2790 σκυθρωπά-

107 2815 199 2848 ζοντα,
215 2813 262 2840 καὶ
273 2811 307 2846 τῇ
322 2808 450 2837 ἀποθέσει
463 2807 511 2834 τοῦ
526 2803 704 2842 περικαλλοῦς
715 2802 820 2829 ἐκείνου
836 2808 892 2835 φω-

144 2923 167 2940 ⁸⁹
181 2922 251 2951 Osee
263 2929 301 2956 st,
313 2920 350 2955 ‘2;
377 2917 472 2947 Matth.
490 2924 521 2950 ll,
539 2915 581 2944 15.

950 2256 998 2282 tim
1022 2258 1156 2281 creaturae
1170 2260 1230 2287 qua:
1245 2251 1272 2277 in
1288 2251 1365 2278 cmlis
1389 2253 1567 2276 numerantur
1589 2251 1642 2273 tam
1668 2246 1736 2273 visi-

948 2301 1017 2328 biles
1036 2307 1116 2333 quam
1141 2297 1309 2329 invisibiles,
1336 2295 1467 2322 miraculo
1493 2292 1685 2320 ministrabant
1707 2297 1734 2318 ct

949 2346 1112 2374 serviebant.
1125 2345 1179 2371 Illa:
1194 2344 1302 2379 quidem
1313 2343 1384 2369 sicut
1397 2347 1548 2375 praeconem
1561 2346 1731 2366 communem

949 2392 1053 2419 stellam
1072 2391 1202 2425 eligentes
1222 2394 1249 2416 ct
1265 2387 1471 2423 praemittentes,
1493 2384 1600 2411 Domini
1620 2384 1733 2418 gloriam

947 2443 975 2465 et
988 2437 1177 2465 absconditum
1202 2442 1293 2469 regem
1321 2441 1368 2468 per
1394 2439 1478 2459 unum
1502 2430 1643 2458 custodem
1668 2437 1734 2456 cou-

947 2485 1126 2515 cotuitantes,
1161 2482 1318 2516 praedicant.
1353 2478 1400 2505 lla:
1429 2485 1493 2504 vero
1533 2475 1734 2503 multitudinem

947 2533 1084 2560 exercitus
1103 2530 1298 2565 praemittentes
1315 2527 1349 2553 ad
1363 2525 1528 2553 laudandum
1540 2523 1629 2550 ﬂeum
1650 2527 1678 2550 et
1700 2523 1734 2549 ad

947 2582 1057 2613 operata
1078 2575 1214 2603 mirabilia
1237 2573 1351 2601 canticis
1375 2571 1547 2599 celebranda.
1568 2569 1642 2596 Dicet
1665 2568 1735 2595 forte

948 2624 1047 2658 aliquis
1058 2623 1126 2650 satis
1139 2620 1324 2649 vcrisimiliter
1349 2621 1460 2652 angelos
1473 2623 1533 2644 esse
1541 2614 1636 2646 cmlds,
1650 2615 1736 2649 siqui-

947 2671 1008 2697 dem
1025 2677 1040 2696 e
1063 2669 1133 2696 cmlo
1147 2671 1281 2695 venerunt
1295 2666 1329 2693 ad
1340 2669 1458 2693 terrena.
1473 2662 1501 2689 Si
1519 2669 1583 2690 vero
1602 2666 1630 2689 et
1649 2661 1734 2688 solent

947 2715 1067 2742 volueris
1100 2714 1190 2741 videre
1226 2716 1338 2747 propter
1374 2709 1544 2737 Dominicam
1579 2707 1735 2743 passionem

947 2762 1139 2797 pallescentem
1150 2781 1157 2793 ,
1183 2765 1211 2787 et
1237 2758 1360 2793 deposito
1376 2756 1545 2791 praepulchro
1558 2761 1608 2782 suo
1622 2752 1735 2784 lumine,

948 2806 1116 2835 divinitatem
1135 2809 1160 2832 et
1188 2802 1337 2839 potentiam
1363 2800 1491 2837 patientis
1516 2798 1734 2831 annuntiantcm,
