1886 3071
83 206 153 238 1ὶ49

475 205 526 235 ΑΙ)
542 199 839 233 AMPHILOCHIUM
853 199 1027 235 ΟυᾹῖιεἸῚΟ
1041 201 1140 238 CCCV,
1159 202 1274 232 CCCVI.

1645 200 1714 233 1150

80 262 185 294 σιτότης
199 261 248 288 καὶ
262 260 366 297 Κύριος
387 259 435 287 καὶ
453 259 586 292 Βασιλεὺς
601 259 775 296 χρηματίζει,
793 265 875 292 προσ-

962 257 1021 284 inus
1033 261 1059 284 et
1077 257 1134 284 ltex
1158 258 1356 292 appellaretur,
1380 260 1510 292 tanquam
1535 258 1665 286 adoratus
1680 261 1714 285 ab

78 307 249 342 κυνούμενός
263 315 293 334 τε
316 307 363 334 ὑπ’
377 306 467 334 αὐτῶν
484 307 532 332 καὶ
544 306 783 342 δορυφορούμενος
804 305 873 341 (87).

925 303 993 335 illis,
1015 306 1044 331 et
1064 304 1195 331 satellitio
1217 304 1292 337 regio
1319 304 1448 338 stipatus.
1471 304 1606 336 Quoniam
1631 312 1715 339 porro

80 354 112 380 Et
139 354 161 380 δ’
185 354 226 380 ὅτι
249 354 354 381 ἐκεῖθεν
382 353 531 388 ἐτύγχανεν
559 354 606 380 καὶ
634 353 761 388 Ἀϐραὰμ
780 353 796 378 ὸ
821 361 875 378 πα-

962 351 988 378 le
1013 350 1187 378 Abrahamus
1211 351 1364 385 patriarcha
1397 351 1531 378 oriundus
1554 352 1637 378 etiam
1665 352 1717 379 fuit

77 401 216 435 τριάρχης
255 401 299 436 (ὲκ
334 400 476 431 Χαλδαίων
512 399 567 434 γὰρ
594 401 647 434 γῆς
682 399 791 435 πρῶτος
823 399 875 426 ἀπα

79 454 154 481 αρας
176 446 340 480 θεσγνωσίαν
361 444 515 480 ἐκήρυξεν),
528 444 574 471 διὰ
594 444 674 471 τοῦτο
686 445 734 471 καὶ
748 442 822 471 οὗτοι
835 444 875 474 εἰς

80 492 271 527 προσκύνησιν
307 491 354 518 τοῦ
397 491 524 527 Σωτῆρος
546 490 652 526 πρῶτοι
692 491 746 516 τῶν
787 489 876 516 ἄλλων

79 538 189 564 ἐκεῖθεν
203 537 368 573 ἐκινήθησαν
383 537 599 573 παραγενέσθαι,
614 537 720 572 τρανῶς
733 535 877 563 διασαλπι-

81 585 184 620 ζούσης
203 585 252 619 τῆς
270 584 399 619 τοιαύτης
412 584 578 619 οἰκονομίας,
588 584 628 610 ὅτι
643 585 657 610 ὁ
678 582 759 614 αὑτός
776 583 849 609 ἐστιν
861 582 876 609 ὁ

81 632 132 658 καὶ
154 631 215 658 τότε
233 631 280 658 κα).
295 631 343 658 νῦν
359 630 489 665 ἐνεργῶν,
513 630 575 657 τότε
601 629 653 665 μὲν
672 630 810 662 τυπικῶς,
828 628 876 656 νῦν

81 677 112 704 δὲ
123 677 215 709 αὐτοῖς
227 677 372 712 πράγμασι
387 677 434 704 κα)¹
448 676 563 713 ἀληθείᾳ
574 685 581 691 ·
596 675 657 703 οὐδὲ
676 675 755 702 τοῦτο
781 676 814 702 ἂν
833 675 875 711 εἴη

81 724 133 758 τῆς
148 724 231 759 ὀρθῆς
242 723 352 750 ἄπωθεν
365 723 495 755 διανοίας.
516 724 582 750 Νόει
595 723 624 750 δέ
639 731 685 758 μοι
709 723 830 750 κάκεῖνο·
845 722 877 748 Οἱ

82 770 237 805 ’Δσσυρίων
265 769 385 806 βασιλεῖς
406 771 457 805 τήν
481 778 512 797 τε
537 769 715 806 Ἰερουσαλὴμ
749 769 878 800 πολλάκις

83 816 258 851 ἐπόρθησαν,
285 816 333 842 καὶ
366 817 401 843 τὰ
434 817 464 844 ἐν
496 816 536 851 τῷ
563 817 628 852 θείῳ
661 816 714 852 νεῷ
748 816 879 850 κειμήλια.

83 863 272 897 ἀπεσύλησαν.
297 862 352 890 Καὶ
387 862 468 889 αὑτὸν
492 862 548 889 ἔσθ’
571 863 616 889 ὅτε
639 863 685 890 τὸν
708 863 771 890 ναὸν
794 863 877 898 πυρὸς

83 909 166 942 ἔργον
183 908 384 942 ἀποφήναντες.
415 908 471 935 Καὶ
500 909 551 935 ὃσα
578 908 647 935 ἄλλα
667 909 684 944 ἠ
704 908 770 943 περὶ
793 907 878 934 ταῦτα

85 953 193 990 ἱστορία
219 953 356 985 διέξεισιν.
390 953 422 980 Ἡ
442 953 471 981 δὲ
493 954 548 980 τῶν
565 953 718 988 Ἀσσυρίων
738 953 811 989 ἀρχὴ
836 954 877 985 είς

84 1000 196 1035 Πέρσας
211 999 357 1034 μετέπεσε,
379 1000 426 1026 καὶ
440 1000 486 1027 τὸν
498 999 613 1032 ἐκείνοις
625 1000 741 1027 πλοῦτον
755 1000 875 1032 ἅπαντα,

59 1058 71 1062 ο
83 1045 146 1076 ὅσος
158 1045 214 1079 (88;
228 1053 257 1071 τε
268 1046 297 1071 ὲν
311 1045 453 1080 λαφύροις,
465 1046 512 1072 καὶ
524 1045 586 1077 ὅσος
600 1046 629 1072 ὲν
643 1045 773 1080 ὑπηκόων
784 1046 877 1081 φόροις

85 1092 126 1122 είς
140 1091 261 1123 ἐκείνους
273 1092 507 1126 συμμετέστησεν.
527 1092 606 1126 Ἀγει
619 1092 710 1118 τοίνυν
718 1092 732 1118 ὁ
741 1091 806 1123 Θεὸς
813 1093 878 1124 τοὺς

85 1136 194 1171 Πέρσας
211 1137 251 1167 εἰς
268 1136 454 1172 προσκύνησιν
473 1136 520 1163 τοῦ
538 1137 669 1172 βασιλέως
682 1137 730 1164 τοῦ
758 1138 875 1174 Ἰσραὴλ,

83 1182 113 1214 ὃς
138 1184 196 1209 ἐστι
219 1182 338 1218 Χριστὸς
360 1184 374 1210 ὁ
403 1182 469 1214 Θεὸς
493 1183 583 1218 ἡμῶν,
610 1180 686 1217 ᾧτινι
706 1185 754 1212 καὶ
785 1186 876 1212 ἀνεῖτο

87 1227 138 1258 μὲν
164 1228 193 1253 ἐν
223 1227 422 1262 Ἰεροσολύμοις
436 1228 513 1259 νεὼς,
537 1228 702 1263 ἀνεφέροντο
731 1229 760 1255 δὲ
780 1229 828 1256 καὶ
849 1231 876 1256 αἱ

87 1273 179 1299 θυσίαι
188 1273 255 1307 (89),
272 1274 319 1299 κα)⁹
332 1273 459 1308 τρέχουσι
471 1274 596 1309 δρομέως
607 1293 614 1306 ,
627 1275 674 1301 καὶ
688 1275 877 1310 προσφέρουσι

85 1319 148 1344 ἀντὶ
164 1318 213 1352 μὲν
222 1319 272 1352 τῆς
284 1319 360 1354 παρὰ
371 1319 424 1345 τῶν
440 1319 565 1354 πατέρων
582 1320 673 1347 αὐτῶν
687 1321 877 1356 γεγενημένης

85 1364 127 1394 είς
142 1363 178 1389 τὰ
194 1364 255 1398 ἱερὰ
275 1364 321 1390 τοῦ
342 1364 409 1391 Θεοῦ
438 1366 549 1400 ἀτιμίας
565 1366 659 1402 τιμὴν,
686 1367 746 1393 ἀντὶ
769 1367 797 1393 δὲ
822 1367 877 1395 τῶν

84 1408 248 1443 δυσφημιῶν
277 1409 433 1443 θεολογίαν,
463 1411 510 1437 καὶ
537 1412 723 1447 προσκύνησιν
742 1413 802 1439 ἀντὶ
826 1413 878 1448 τῆς

85 1454 170 1490 ἄλλης
190 1455 344 1490 παροινίας,
356 1456 416 1482 ἀντὶ
428 1455 456 1482 δὲ
470 1455 523 1483 τῶν
534 1457 782 1493 συλαγωγηθέντων
792 1458 876 1494 δῶρα¹

84 1501 135 1535 τῆς
151 1501 316 1536 προγονικῆς
337 1501 430 1537 ὥσπερ
456 1502 744 1538 ὑπεραπολογούμενοι
763 1503 876 1540 τόλμης,

85 1547 134 1573 καὶ
150 1546 199 1582 τὴν
220 1547 385 1582 συγγνώμην
403 1547 518 1579 ἐκείνοις
538 1548 582 1575 διὰ
600 1549 649 1584 τῆς
672 1550 775 1582 οἰκείας
795 1551 878 1577 ἑκκα-

927 398 971 433 (is
993 398 1080 430 enim,
1103 405 1136 424 ex
1152 397 1344 424 ChaliIa-orum
1368 398 1480 433 regione
1508 397 1628 432 primunt
1650 405 1715 431 pro-

925 443 1025 475 fectus,
1046 443 1129 470 divini
1144 442 1271 470 Numinis
1295 443 1479 477 cognitionem
1493 442 1600 477 publice
1623 443 1715 477 ursit),

926 493 1069 525 propterea
1083 493 1110 516 et
1125 489 1165 515 illi
1184 488 1265 523 primi
1280 489 1402 515 omnium
1416 489 1528 516 excitati
1542 494 1616 521 sunt,
1637 494 1667 515 ut
1682 497 1716 516 ex

926 534 1022 561 eadem
1043 535 1153 568 regione
1180 535 1213 562 ad
1230 534 1334 561 cultum
1356 533 1493 561 Salvatori
1516 534 1714 567 praestandum,

927 582 1097 614 advolarent,
1123 581 1382 616 sapientissimaqne
1404 582 1463 609 haec
1482 589 1576 608 rerum
1599 581 1716 609 (ιιι-θοιῑο

926 629 1071 664 perspicue
1090 627 1255 664 signiﬁcaret
1271 627 1397 654 eumdem
1414 635 1483 660 esse,
1512 628 1559 663 qui
1576 633 1602 655 et
1616 633 1679 654 tunc
1691 633 1718 654 et

928 682 1001 702 nunc
1015 679 1187 709 operaretur,
1201 677 1267 700 tunc
1283 674 1394 708 quidem
1411 673 1436 700 in
1457 674 1538 709 typis,
1560 681 1634 701 nunc
1653 681 1718 700 vero

928 728 957 748 re
981 720 1039 755 ipsa
1056 724 1083 746 et
1100 728 1191 754 opere.
1208 719 1236 746 Si
1261 720 1322 754 quis
1347 719 1384 746 ita
1402 724 1515 751 statuat,
1545 727 1595 746 nec
1615 719 1689 746 hunc
1702 726 1718 745 a

929 771 1003 794 recto
1015 766 1119 801 judicio
1135 765 1287 801 putaverim
1303 766 1442 794 aberrare.
1454 764 1514 792 Jam
1539 773 1606 792 vero
1621 770 1648 792 et
1666 765 1719 792 hoc

929 812 1014 839 velim
1043 812 1193 854 (inpendas.
1218 812 1396 847 Assyriorum
1423 819 1500 846 reges
1530 811 1719 846 Hierosolyma

930 866 1002 894 satpe
1017 862 1223 894 expugnarunt,
1243 858 1403 893 templique,
1423 857 1479 885 Deo
1501 858 1584 889 sacri,
1610 857 1719 884 eimelia

931 905 1112 937 abstulerunt,
1125 905 1214 939 ipsum
1225 904 1361 931 interdum
1375 904 1505 938 templum
1519 904 1588 939 ignis
1599 903 1719 938 praedam

892 931 916 960 Β
930 951 1071 982 facientes.
1090 955 1120 978 ut
1136 931 1213 986 plura
1225 950 1277 978 alia
1291 955 1407 983 taceam,
1421 931 1482 985 quae
1499 931 1719 977 devius-historia

929 997 1022 1025 tradit.
1049 997 1148 1024 Postea
1176 997 1353 1032 Assyriorum
1383 996 1530 1031 imperium
1556 996 1590 1023 ad
1620 995 1719 1023 Persas

929 1044 1065 1078 pervenit,
1079 1051 1231 1078 omnesque
1243 1051 1339 1070 eorum
1353 1050 1431 1078 opes,
1442 1050 1504 1075 qua:
1514 1041 1557 1069 vel
1571 1042 1598 1068 in
1612 1042 1718 1076 spoliis,

928 1091 970 1118 vel
994 1091 1021 1118 in
1049 1091 1237 1126 subjectorum
1262 1090 1372 1118 tributis
1398 1090 1493 1125 positae
1513 1092 1601 1121 erant,
1623 1089 1656 1115 ad
1670 1096 1719 1115 eos

929 1138 1179 1165 transferebantur.
1210 1138 1282 1165 Deus
1306 1137 1397 1171 itaque
1426 1136 1525 1163 Persas
1553 1136 1656 1163 excitat
1684 1135 1720 1162 ad

929 1185 1117 1212 adorationem
1136 1183 1218 1218 Regis
1232 1183 1352 1215 lsraelis,
1367 1182 1414 1218 qui
1430 1187 1472 1209 est
1485 1182 1628 1212 Christus,
1646 1181 1719 1208 Deus

929 1235 1032 1263 noster,
1047 1231 1092 1258 cui
1108 1235 1135 1258 et
1149 1230 1281 1265 templum
1302 1229 1498 1265 Hierosolymis
1513 1233 1635 1256 erectum
1648 1234 1718 1260 erat,

928 1283 955 1305 et
968 1277 1104 1306 sacriﬁcia
1121 1277 1317 1304 offerebantur.
1333 1276 1373 1303 Illi
1394 1276 1478 1303 citato
1497 1283 1580 1303 cursu
1596 1276 1630 1302 ad
1655 1282 1719 1302 eum

929 1323 1065 1355 feruntur,
1083 1323 1163 1357 eique
1181 1329 1231 1357 pro
1246 1322 1366 1357 probris,
1389 1329 1405 1348 a
1432 1321 1584 1356 majoribus
1610 1321 1669 1349 suis
1690 1321 1717 1347 in

929 1377 1007 1397 sacra
1023 1368 1167 1404 conjectis,
1197 1370 1340 1401 honorem,
1359 1376 1409 1403 pro
1426 1367 1536 1403 injuriis
1562 1367 1635 1399 ﬁdei,
1656 1371 1719 1393 tan—

929 1424 1011 1451 quam
1040 1416 1066 1442 in
1089 1414 1187 1448 Deum,
1209 1414 1427 1450 professionem,
1450 1421 1500 1449 pro
1521 1413 1632 1448 ﬂagitiis
1657 1412 1718 1440 aliis

929 1461 1045 1492 cultum,
1061 1468 1111 1494 pro
1124 1459 1218 1494 spoliis
1239 1459 1304 1486 olim
1322 1458 1404 1486 factis
1426 1458 1498 1486 dona
1513 1457 1642 1490 oliorum,
1666 1457 1719 1485 hoc

929 1507 1012 1534 modo
1035 1507 1114 1542 quasi
1138 1507 1239 1534 avitam
1265 1506 1446 1534 temeritatem
1469 1506 1638 1539 excusaturi,
1673 1512 1719 1533 ve-

931 1553 1059 1588 niamque
1078 1553 1131 1580 illis
1159 1553 1278 1587 propriis
1303 1552 1362 1580 suis
1383 1552 1509 1580 moribus
1530 1552 1718 1587 procuratori.

85 1593 213 1626 λούμενοι
236 1593 373 1628 πράξεως.
405 1593 461 1620 Καὶ
489 1595 674 1630 προσφέρουσι
700 1595 750 1630 μὲν
777 1596 875 1631 χρυσὸν

962 1607 1073 1627 ηιιυνυιι)
1088 1599 1199 1634 quidem
1214 1599 1333 1627 offerunt
1345 1607 1395 1634 pro
1407 1607 1476 1627 auro
1492 1599 1538 1627 illo
1553 1604 1580 1627 et
1591 1600 1718 1632 cimeliis,

84 1637 148 1664 ἀντὶ
160 1637 207 1663 τοῦ
223 1637 325 1673 χρυσοῦ
342 1638 456 1665 καὶτῶν
477 1639 560 1674 ἱερῶν
576 1640 727 1675 κειμηλίων
738 1661 745 1674 ,
761 1638 799 1668 ὧν
814 1641 876 1668 ἐσύ-

84 1683 172 1718 λησαν
184 1691 190 1698 ·
200 1683 307 1710 λίϐανον
314 1683 342 1710 δὲ
355 1685 415 1711 ἀντ)¹
425 1684 479 1712 τῶν
495 1685 605 1718 θυσιῶν,
620 1686 653 1718 ἃς
667 1686 818 1721 ἐκώλυσαν,
829 1689 877 1715 καὶ

86 1729 213 1764 σμύρναν
230 1729 276 1755 ἐπὶ
287 1730 350 1761 τοὺς
362 1729 436 1762 ἅπαξ
451 1730 497 1757 ὑπ’
507 1731 596 1758 αὐτῶν
607 1732 795 1768 ἀνῃρημένους
807 1733 874 1769 (90),

85 1774 171 1800 πάλαι
188 1774 257 1799 κατὰ
278 1774 328 1809 τὴν
352 1775 512 1810 πολιορκίαν
529 1777 591 1812 ὲνῆν
612 1778 702 1809 αὐτοῖς
723 1779 876 1814 ἀναστῆσαι

83 1819 134 1845 καὶ
163 1820 352 1854 παραστῆσαι,
381 1820 476 1856 ὥσπερ
499 1821 581 1858 τιμὴν
612 1823 727 1855 ἐκείνοις
749 1825 804 1859 (9i)
827 1825 875 1860 τὴν

85 1864 210 1899 σμύρναν
225 1864 394 1900 κομίζοντες,
411 1866 480 1901 τάχα
490 1867 518 1893 δὲ
531 1868 579 1894 καὶ
595 1868 643 1904 τὴν
655 1869 770 1906 γνώμην
786 1871 875 1898 αὐτῶν

83 1909 298 1945 ἐνδεικνύμενοι.
333 1911 377 1943 Ὠς
401 1913 465 1946 τόγε
490 1914 533 1940 ἐπ’
563 1914 658 1947 αὑταῖς
683 1918 731 1943 καὶ
754 1917 799 1944 τὸν
826 1927 876 1944 κα-

81 1958 279 1992 ταστραφέντα
313 1958 394 1991 ναὸν,
422 1960 470 1986 καὶ
502 1960 552 1996 τὴν
583 1961 660 1988 πόλιν
697 1963 876 2000 Ἰερουσαλὴμ

83 2002 193 2038 αἱρετὸν
231 2002 285 2038 (92)
304 2001 337 2039 ἦν
357 2005 522 2037 ἀνανεῶσαι.
558 2007 614 2033 Καὶ
652 2007 741 2044 γὰρὴ
766 2010 875 2046 σμύρνα

84 2048 249 2082 συσφίγγειν
273 2049 368 2076 εἴωθεν
396 2050 430 2077 τὰ
452 2051 586 2079 διεστῶτα
607 2054 654 2080 καὶ
676 2054 874 2090 διεσπασμένα.

82 2094 140 2121 Καὶ
154 2094 209 2129 γὰρ
222 2096 246 2121 εἰ
257 2096 304 2122 καὶ
319 2096 366 2122 ἐπὶ
383 2097 498 2132 Ἕσδρᾳ
516 2098 572 2133 (95)
589 2108 618 2125 τε
633 2101 681 2127 καὶ
708 2102 875 2135 Ζοροϐάϐελ

83 2140 222 2176 ἀνηνέχθη
238 2141 300 2168 τινὰ
318 2142 372 2169 τῶν
394 2143 685 2180 λαφυραγωγηθέντων
703 2147 793 2182 ἱερῶν,
816 2148 874 2175 ἀλλ’

83 2186 132 2212 οὖν
148 2187 246 2218 ἐνδεῶς
270 2187 421 2222 ἐπράττετο
446 2189 543 2222 ταῦτα,
565 2191 635 2226 μήτε
654 2193 700 2219 τοῦ
728 2194 874 2230 Λυτρωτοῦ

83 2231 133 2258 καὶ
146 2232 274 2267 Σωτῆρος
290 2234 370 2268 ἡμῶν
388 2237 620 2270 παραγεγονότος,
637 2239 705 2274 μήτε
715 2240 806 2266 αὐτῶν
819 2240 874 2268 τῶν

84 2277 340 2312 συλαγωγησάντων
357 2281 572 2316 αὐτοπρόσωπον
586 2284 634 2318 τὴν
650 2287 809 2322 προσφορὰν
818 2289 872 2314 τῶν
885 2284 913 2314 D

85 2323 290 2359 σεσυλημένων,
318 2325 387 2352 ἀλλὰ
415 2327 449 2353 δι’
478 2328 580 2363 ἐτέρων
606 2332 787 2367 ποιουμένων.
805 2334 875 2370 Προ-

85 2369 202 2405 μήνυμα
215 2370 239 2397 δ’
249 2371 283 2399 ἂν
295 2372 338 2407 εἴη
352 2373 398 2399 καὶ
414 2374 430 2408 ὴ
449 2374 563 2409 Περσῶν
585 2376 681 2412 πρώτη
707 2379 808 2412 ἄφιξις,
832 2369 876 2408 γὸτι

82 2415 195 2450 πρῶτον
211 2417 236 2442 οἱ
251 2416 280 2449 ἐξ
293 2417 390 2450 ἐθνῶν,
407 2419 480 2455 ἥπερ
490 2419 547 2455 (94)
563 2421 703 2459 ὁἸσραὴλ,
718 2425 764 2451 τὸν
777 2427 876 2453 οἰκεῖον

81 2460 281 2495 ἐπιγνώσονται
310 2463 460 2500 Δεσπότην.
490 2465 551 2492 Είδὲ
579 2475 623 2500 τις
651 2469 738 2497 ἐθέλοι
770 2471 817 2498 καὶ
841 2472 876 2499 τὰ

930 1652 991 1679 qua:
1011 1652 1058 1679 per
1072 1644 1196 1678 rapinam
1215 1644 1279 1671 olim
1298 1644 1486 1677 abstulerant;
1509 1644 1570 1671 thus
1589 1652 1655 1671 vero
1671 1653 1720 1679 pro

929 1689 1083 1720 sacriﬁciis.
1097 1697 1157 1724 qure
1167 1689 1226 1716 ﬁeri
1238 1693 1381 1716 vetuerant
1391 1698 1397 1723 ;
1408 1695 1434 1716 et
1448 1690 1586 1724 myrrham
1601 1689 1720 1725 denique

929 1741 979 1768 pro
996 1733 1062 1764 illis,
1079 1734 1124 1767 qui
1141 1733 1175 1759 ab
1200 1733 1267 1767 ipsis
1282 1738 1361 1760 erant
1384 1733 1525 1766 trucidati,
1548 1741 1674 1768 quosque
1691 1733 1718 1760 in

897 1803 899 1806 .
929 1779 1120 1814 frequentibus
1134 1779 1194 1806 suis
1213 1778 1414 1812 obsidionibus,
1429 1779 1551 1805 excitare
1564 1783 1592 1806 et
1607 1779 1634 1806 in
1649 1779 1720 1806 inte-

928 1835 1005 1861 grum
1023 1827 1167 1854 restituere
1183 1825 1356 1860 potuissent;
1374 1825 1418 1852 his
1443 1825 1516 1852 enim
1534 1826 1644 1861 myrrha
1659 1827 1719 1854 cul-

929 1879 986 1901 tum
1000 1873 1081 1908 quasi
1095 1881 1175 1900 suum
1200 1877 1227 1900 et
1241 1873 1362 1900 studium
1376 1873 1471 1900 testari
1496 1877 1635 1907 poterant.
1649 1873 1718 1901 For-

929 1924 1002 1946 tasse
1013 1926 1078 1946 vero
1088 1918 1171 1945 etiam
1186 1925 1233 1953 per
1245 1917 1384 1953 myrrham
1400 1917 1484 1944 animi
1498 1919 1540 1945 sui
1553 1919 1717 1946 sententiam

927 1965 1070 1993 declarare
1094 1964 1253 1994 voluerunt.
1280 1963 1354 1998 quod
1377 1964 1483 1991 scilicet
1499 1972 1548 1999 pro
1572 1965 1643 1992 virili
1668 1973 1717 1993 sua

927 2017 1007 2047 parte
1023 2011 1155 2046 templum
1171 2011 1235 2038 olim
1252 2018 1378 2038 eversmn
1404 2015 1432 2038 et
1450 2011 1546 2038 urbem
1561 2010 1716 2039 Jerusalem

929 2059 1086 2086 instaurare
1102 2057 1219 2091 libenter
1238 2057 1350 2084 vellent.
1367 2056 1476 2091 Myrrha
1490 2058 1563 2084 enim
1590 2066 1632 2090 ea,
1656 2067 1717 2094 qua:

927 2105 1058 2133 distracta
1071 2108 1099 2131 et
1117 2103 1269 2131 disturbata
1283 2108 1359 2135 sunt,
1378 2104 1568 2138 constringere
1581 2108 1608 2130 et
1629 2104 1718 2131 conti-

926 2160 993 2179 nere
1006 2152 1089 2179 solet.
1108 2151 1240 2184 Quamvis
1253 2151 1327 2178 enim
1343 2151 1394 2178 sub
1410 2150 1500 2178 Esdra
1513 2155 1540 2178 et
1556 2150 1716 2178 Zarobabele

927 2198 1072 2231 nonnulla,
1100 2206 1162 2233 quae
1187 2205 1221 2225 ex
1251 2198 1340 2225 sacris
1366 2198 1392 2224 in
1418 2197 1537 2232 praadam
1564 2203 1715 2229 cesserant,

926 2244 1101 2276 oﬂcrrcittiir,
1117 2249 1199 2271 tenue
1221 2248 1311 2271 tamen
1328 2244 1393 2271 illud
1411 2251 1493 2270 omne
1515 2249 1543 2270 et
1565 2244 1622 2270 leve
1645 2248 1714 2275 erat.

927 2300 989 2319 cum
1006 2299 1056 2319 nec
1071 2291 1214 2318 Liberator
1233 2295 1260 2317 et
1275 2292 1404 2317 Servator
1426 2295 1520 2318 noster
1545 2290 1713 2324 advenisset,

926 2346 978 2365 nec
990 2337 1040 2368 illi,
1056 2337 1103 2371 qui
1124 2335 1244 2371 praedam
1258 2335 1392 2367 fecerant,
1410 2335 1498 2369 spolia
1524 2335 1569 2362 illa
1587 2335 1650 2369 ipsi,
1666 2336 1713 2362 sed

927 2391 974 2419 per
997 2383 1077 2414 alios,
1103 2382 1244 2409 oll‘errent.
1271 2381 1357 2408 Porro
1380 2380 1449 2407 idem
1479 2380 1624 2407 Persarum
1651 2386 1714 2407 ante

927 2434 1042 2457 czeteros
1057 2428 1192 2455 adventus
1206 2426 1443 2462 praesigniﬁcabat,
1463 2425 1578 2460 gentiles
1596 2426 1711 2460 priores.

925 2483 1009 2510 quam
1028 2473 1150 2507 Judatos,
1167 2473 1313 2501 Dominum
1329 2480 1409 2500 suum
1431 2472 1573 2507 agnituros
1594 2478 1665 2499 esse.
1684 2471 1712 2499 Si

850 2562 967 2592 ΝΟΤᾹΖ.

117 2659 176 2699 (87)
189 2659 272 2688 Coisl.
287 2660 542 2699 δῳρυφοροὺμενος.
553 2660 713 2699 Legendum
721 2664 812 2692 videri
826 2671 875 2699 po-

79 2699 154 2723 terat
163 2695 317 2730 δωροφορού
323 2704 413 2730 μενος,
426 2695 503 2731 quasi
514 2695 665 2724 muneribus
676 2695 872 2726 cohonestut'us.

76 2731 198 2768 'Prajstat
215 2738 280 2757 vero
296 2736 422 2768 nostrum
442 2732 520 2763 illud,
544 2740 599 2766 quo
620 2737 646 2759 et
663 2733 776 2761 Pbotius
793 2736 872 2768 alias,

961 2665 1019 2700 (89)
1032 2665 1117 2693 Coisl.
1134 2664 1210 2693 male
1225 2664 1362 2692 ἀνθυσίαι.

962 2696 1020 2736 (90)
1032 2701 1096 2728 Post
1115 2701 1305 2736 ἀνῃρημένους
1313 2704 1388 2736 "pulp
1404 2707 1451 2734 per
1472 2697 1631 2736 afﬁnitatem
1656 2696 1711 2731 syl—

924 2732 993 2763 laba:
1010 2732 1117 2763 'ultima:
1136 2732 1272 2763 eicidisse
1296 2732 1343 2767 οὓς
1370 2732 1505 2770 frequenti
1537 2732 1711 2760 librariorum

81 2771 110 2794 et
130 2766 284 2799 Scriptores
300 2766 458 2800 frequenter
473 2771 598 2799 utuntur,
617 2768 662 2795 ubi
685 2770 719 2795 de
742 2766 874 2797 satellitio
924 2771 1041 2799 incuria.

82 2803 160 2844 Legio
185 2801 446 2844 sermonest..‘\_’ide
468 2809 529 2843 qua:
553 2802 773 2844 ἀοιξορυφόροις
796 2806 874 2831 atfert

81 2834 212 2880 Elisiush
225 2835 251 2862 in
265 2834 411 2880 lForLuitis.
431 2834 516 2877 sacris
543 2845 583 2880 ιι..
594 2834 734 2880 5θ;ἐι’(1ὶξ
760 2834 873 2874 δορυφο-

80 2871 178 2933 ροῦἕὲι
194 2871 292 2898 Ezech.
329 2871 512 2906 Spanhcmius
549 2873 583 2900 ad
616 2873 734 2902 (ἔωσαν-εδ
767 2871 872 2902 nam

80 2916 108 2933 υ.
183 2927 189 2933 .

80 2916 108 2942 ρ.
124 2908 189 2933 584.

117 2942 175 2978 (88)
195 2941 233 2970 lta
242 2941 317 2970 Colb.
333 2950 382 2978 pro
399 2943 478 2970 Ὅσα.

961 2806 1017 2841 (91,)
1038 2805 1077 2832 lta
1095 2805 1186 2841 scribo
1201 2813 1251 2840 pro
1262 2805 1393 2841 ἐκείνους.
1428 2831 1430 2839 ,

961 2841 1017 2875 (9‘2)
1038 2841 1084 2868 Sic
1103 2840 1180 2867 Colb.
1196 2848 1245 2874 pro
1259 2840 1377 2875 ἀρετῶν.

966 2877 1018 2911 (95)
1037 2875 1109 2902 ldeut
1126 2883 1176 2910 pro
1196 2875 1290 2910 Ἕδρα.

975 2887 1018 2911 VO)
1037 2887 1109 2902 luclll
1127 2887 1176 2910 pI'U
1209 2887 1290 2910 [δορα.

962 2887 1018 2947 im)
1038 2911 1084 2938 Sic
1095 2911 1187 2940 scribo
1200 2918 1248 2946 pro
1266 2910 1356 2944 εἴπερ.
