1886 3071
188 195 260 233 1151

753 192 886 225 PHOTII
905 191 1160 224 PATRIARCHIE
1175 191 1230 222 CP.

1750 189 1830 222 1152

187 252 252 288 quis
265 250 386 287 denique
397 249 432 278 de
448 249 549 278 oblatis
565 249 621 278 illis
634 252 757 277 statuere
771 248 860 281 malit,
877 255 977 275 aurum

1057 245 1269 281 οοσκομισθέντα
1296 244 1372 280 δῶρα
1396 243 1443 271 τὸν
1469 243 1520 280 μὲν
1544 242 1645 279 χρυσὸν
1660 242 1697 275 ὡς
1713 243 1831 271 Βασιλεῖ

187 297 298 333 quidem
323 296 446 328 Christo,
473 299 504 323 ut
526 295 595 331 Regi
619 295 702 330 hujus
723 294 867 327 universi,
892 294 983 321 instar

191 343 298 377 tributi,
323 347 351 370 et
368 343 395 370 in
415 342 579 370 obedientiaa
601 346 807 376 argumentum,
821 340 885 368 thus
902 346 980 373 vero,

188 394 220 417 ut
233 389 300 422 Deo,
318 388 459 424 myrrham
484 388 613 423 denique,
629 392 661 415 ut
685 387 742 418 tali.
764 387 811 422 qui
828 393 879 422 pro
901 385 982 413 nobis

187 434 342 462 moriturus
358 433 402 465 sit,
415 433 507 460 oblata
519 440 598 466 esse;
612 432 638 459 id
653 439 763 467 quoque
779 438 835 459 n0n
849 431 981 459 inconve-

188 480 299 507 nienter
313 479 394 506 modo
410 479 492 506 dictis
502 479 580 514 jungi
598 479 694 513 possit.

269 525 438 559 QUIESTIO
458 525 571 553 cccvn
591 524 688 561 [CoiaL
709 524 793 552 Taur.
813 522 908 559 CXX].

188 573 242 600 Cur
259 573 379 609 principii
402 573 519 609 Herodes
538 571 645 609 Magis,
680 571 725 609 qui
747 569 982 609 Saluato_rem_n.o-

224 604 309 635 atrum
327 604 461 635 Christum
484 604 623 634 adoraturi
643 604 781 633 veniebant
796 612 806 631 :
825 613 834 629 ι
850 604 982 638 lnquin’le

224 644 374 678 diligenter,
389 653 398 668 ι
408 643 540 677 inquiens,
551 651 560 668 (
573 642 599 669 in
608 649 718 676 puerum
727 649 737 674 ;
746 640 790 667 ubi
799 646 861 678 pero
875 639 981 678 iii-vene-

222 674 466 739 ritii,“r;nuntiaie
483 677 568 710 mihi,
586 674 616 704 ut
642 681 668 703 et
682 684 729 712 ego
746 676 850 703 ueniens
868 674 979 701 adorem

223 722 283 739 eum
355 723 365 739 1

223 722 283 740 eum
296 714 340 739 “7
355 723 365 739 ι

1030 291 1248 328 προσενεχθῆναι
1275 290 1330 317 τῶν
1352 290 1436 323 ὅλων,
1468 290 1551 316 οἱονεὶ
1581 290 1665 324 φόρον
1687 289 1749 316 τινὰ
1776 290 1830 317 καὶ

1030 339 1155 374 ὑπακοῆς
1180 339 1323 373 ξσημεῐον,
1350 337 1389 369 ὡς
1416 336 1477 372 Θεῷ
1500 336 1530 364 δέ
1562 335 1608 363 τὸν
1635 335 1745 363 λίϐανον
1778 337 1831 362 καὶ

1031 384 1167 420 σμύρναν,
1185 383 1223 415 ὡς
1238 383 1272 410 δι’
1284 383 1358 418 ἡμᾶς
1375 382 1551 417 γενησομένῳ
1560 380 1668 416 νεκρῷ,
1684 381 1733 408 καὶ
1743 379 1830 408 τοῦτο

1029 430 1080 458 οὔκ
1094 430 1128 457 ἂν
1140 428 1319 465 ἀναρμόστως
1332 427 1371 464 τῷ
1389 427 1547 464 προτεθέντι
1571 426 1750 463 περιαφθείη.

1311 519 1482 547 ΕΡΩΤΗΣΙΣ
1499 520 1559 546 TZ'.

1030 566 1082 594 Διὰ
1110 565 1139 593 τι
1160 565 1368 593 ἐπικελεύεται
1388 567 1405 593 ὁ
1426 565 1556 600 Ἡρώδης
1581 566 1643 600 τοῖς
1660 567 1705 600 εις
1731 573 1832 600 προσ-

1064 602 1199 634 κύνησιν
1213 602 1346 635 ἣκουσιν
1358 601 1412 636 τοῦ
1433 601 1570 635 Σωτῆρος
1587 601 1674 636 ’ἡμῶν
1688 601 1830 636 Χριστοῦ

1061 636 1179 672 μάγοις,
1195 647 1206 663 ι
1225 636 1365 670 Ἀκριϐῶς
1380 635 1554 672 ἐξετάσατε,
1565 635 1672 671 MM,
1688 635 1758 670 περὶ
1774 636 1832 662 τοῦ

1064 671 1196 702 παιδίου,
1213 672 1292 698 ἐπὰν
1306 671 1339 698 δὲ
1353 671 1469 705 εὕρητε,
1480 671 1680 707 tinam-etme
1693 681 1744 707 μοι
1755 692 1764 704 ,
1779 672 1833 698 ἵνα

1064 708 1145 742 κάγὼ
1156 707 1255 735 ἐλθὼν
1264 707 1469 741 προσκυνήσω
1486 708 1566 740 αὐτῷ
1578 713 1590 740 ;
1607 717 1617 734 ι

402 769 530 795 Editarum
541 769 655 793 aWolllo
666 766 855 800 quadragesima
871 767 900 798 (l.
911 772 933 791 c.
949 772 975 797 p.
986 763 1100 789 697-699.
1112 763 1225 789 Galland.
1237 770 1263 795 p.
1274 763 1329 792 711,
1345 763 1402 794 712,
1416 769 1443 788 n.
1456 763 1495 794 15,
1505 770 1531 794 q.
1543 763 1609 794 l20).

228 812 258 839 Id
274 811 386 847 quidem
405 811 560 838 secundum
577 818 690 838 sensum
706 810 852 837 litteralem
866 808 928 836 ideo
946 808 982 835 l'a-
997 812 1019 840 Β

189 859 297 890 elebat,
321 857 395 893 quod
411 857 470 892 ipse
492 862 551 884 erat
577 856 635 884 Rex
657 856 774 888 Judaeaa,
797 860 982 891 perceptoque

192 905 275 939 ltegis
293 908 373 939 partu
395 903 634 936 eonsternahatur,
657 908 739 938 atque
762 902 832 929 adeo
852 909 915 929 eum
937 901 983 927 in-

193 952 318 978 terlicere
346 950 483 983 studebat,
509 951 557 985 qui
584 949 729 984 imperium
757 948 810 976 sibi
836 951 983 982 erepturus

193 995 350 1022 videbatur.
369 994 508 1027 Quoniam
530 1001 596 1021 vero
610 1001 673 1021 eum
692 992 837 1021 dilliculter
859 991 983 1019 invenire

193 1045 314 1074 poterat,
333 1041 413 1068 dolos
427 1044 454 1068 et
472 1040 597 1067 fraudem
614 1039 711 1067 nectit.
736 1038 886 1074 Propterea
899 1038 981 1065 etiam

193 1089 232 1115 ait
249 1096 255 1114 :
274 1097 284 1113 ι
302 1087 335 1114 Ut
351 1091 378 1114 et
395 1094 445 1122 ego
457 1086 572 1114 veniens
585 1086 698 1113 adorem
714 1085 802 1112 illum.
818 1094 827 1111 ι
850 1084 914 1112 Haec
935 1091 983 1111 ex-

192 1134 291 1169 positio
303 1141 337 1161 ex
350 1133 442 1161 verbis
456 1132 523 1168 ipsis
536 1132 670 1160 nascitur.
683 1131 810 1159 Fortasse
824 1139 890 1158 vero
899 1131 982 1158 etiam

196 1180 299 1207 invitus
315 1180 373 1214 ipse
399 1179 578 1214 praenuntiat,
597 1178 656 1205 fore
685 1181 715 1205 ut
731 1186 786 1205 non
802 1177 892 1205 solum
917 1184 984 1212 gen-

195 1227 257 1254 tiles
273 1234 322 1261 per
341 1225 450 1259 Persas,
476 1226 522 1260 qui
540 1225 660 1260 primum
678 1228 821 1256 venerant,
841 1223 982 1250 Christum

193 1271 351 1302 adorarent,
372 1270 420 1298 sed
436 1273 464 1297 et
478 1268 570 1296 Judaea
586 1269 724 1301 universa,
742 1272 804 1303 post
828 1267 933 1295 cultum
949 1267 984 1295 ab

197 1317 252 1344 illis
267 1317 431 1351 praestitum,
450 1323 514 1342 eum
530 1315 658 1350 religiose
674 1318 862 1342 veneraretur.
882 1312 942 1346 Vel,
959 1313 982 1340 si

196 1364 288 1397 malis,
306 1363 462 1398 procliviori
477 1361 559 1390 modo
573 1363 644 1390 ratio
658 1363 745 1398 typica
760 1361 868 1389 ostendi
884 1360 983 1396 possit.

195 1410 317 1447 Herodes
333 1410 405 1448 enim
419 1409 478 1444 ipse
492 1409 562 1437 duas
585 1409 647 1436 illas
668 1414 762 1444 gentes
785 1412 985 1443 repraesentare

195 1461 289 1491 queat,
315 1456 362 1491 qui
385 1463 418 1483 ex
443 1455 570 1490 gentibus
591 1460 669 1482 ortus
693 1454 795 1482 Judaeis
820 1454 983 1488 imperabat,

195 1507 278 1536 atque
304 1502 382 1533 adeo,
407 1501 535 1536 quamvis
551 1500 666 1532 invitus,
684 1505 721 1532 et,
744 1507 805 1535 qua:
817 1500 901 1532 dicat,
925 1500 985 1535 ipse

197 1549 321 1579 nescius,
340 1548 499 1582 prophetam
526 1547 592 1582 agit,
610 1555 814 1582 personamque
830 1547 914 1575 totius
938 1554 985 1582 ge-

196 1594 271 1621 neris
285 1594 409 1626 humani,
427 1593 568 1628 gentilium
584 1601 661 1628 aeque
682 1601 714 1621 ac
727 1592 897 1625 Iudaeorum,
922 1602 985 1621 sns-

196 1639 288 1666 tinens
305 1658 313 1671 ,
346 1637 401 1665 Deo
425 1638 458 1664 ad
485 1637 612 1665 homines
637 1638 795 1667 divertenti.
825 1638 984 1673 religiosum

196 1685 301 1712 cultum
330 1683 515 1719 praestandum
538 1692 617 1717 esse,
642 1684 797 1719 proﬁtetur.
823 1684 897 1712 Nihil
921 1691 986 1712 vero

197 1732 297 1763 obstat,
321 1731 468 1766 quominus
491 1731 654 1766 prophetam
681 1731 772 1766 egisse
798 1731 982 1758 existimetur.

197 1778 329 1806 Similiter
357 1778 430 1805 enim
449 1782 475 1805 et
495 1777 613 1813 Caiphas
634 1778 778 1813 ignorabat
801 1778 868 1813 quid
889 1777 986 1813 loque-

197 1829 286 1852 retur.
300 1822 370 1850 Nam
397 1823 461 1851 dum
481 1831 559 1851 mens
581 1824 642 1858 ejus
659 1823 810 1851 furibunda
836 1824 863 1851 in
884 1825 985 1852 caedem

197 1870 346 1903 ferebatur,
363 1871 443 1898 labiis
459 1874 548 1897 tamen
564 1870 724 1897 vaticinium
741 1871 850 1902 edebat,
863 1871 958 1899 dicens
977 1880 984 1898 :

200 1927 209 1942 ε
230 1916 344 1944 Ρνιεειει
359 1925 443 1943 unum
468 1917 607 1944 hominem
625 1917 707 1949 mori,
723 1925 804 1952 quam
820 1922 904 1945 totam
920 1925 986 1953 gen-

197 1967 251 1990 tem
269 1963 359 1997 perire
374 1963 406 1989 ³⁵.
425 1972 433 1987 ι
449 1961 506 1990 Nisi
533 1963 606 1990 enim
639 1962 766 1990 Christus
796 1962 868 1991 Deus
893 1969 986 1991 noster

198 2014 313 2037 mortem
324 2009 449 2041 obiisset,
465 2017 551 2044 genus
566 2010 718 2037 humanum
734 2017 875 2044 nunquam
890 2009 987 2038 fuisset

198 2053 345 2081 salvatum.
363 2053 495 2086 Quamvis
509 2054 583 2081 enim
599 2058 715 2090 uterque
725 2062 822 2082 eorum
835 2055 908 2083 dono
923 2063 987 2090 pro-

197 2100 308 2134 phetico
333 2104 406 2127 esset
429 2100 570 2135 indignus,
595 2100 659 2128 hinc
683 2104 776 2128 tamen
797 2101 985 2134 sacerdotalis,

1071 805 1154 833 Ὅσον
1182 805 1232 842 μὲν
1263 805 1318 832 ἀπὸ
1343 804 1390 831 τοῦ
1419 805 1592 840 γράμματος.
1620 805 1666 833 διὰ
1683 805 1833 833 τοῦτο’ὂτι

1034 852 1165 888 βασιλεὺς
1190 849 1227 888 ἧν
1248 852 1300 886 τῆς
1321 851 1469 884 Ἰουδαίας,
1501 852 1550 878 καὶ
1580 851 1712 887 βασιλέως
1747 853 1833 879 τόκον

1033 898 1172 932 ἀκούσας,
1201 897 1340 933 ἐταράχθη
1373 906 1403 924 τε
1430 899 1478 924 καὶ
1511 898 1603 933 ἐζήτει
1638 899 1747 926 ἀνελεῖν
1784 900 1833 925 τὸν

1033 945 1210 979 ἐλπιζόμενον
1235 944 1391 980 παραλῦσαι
1421 945 1471 980 τῆς
1490 944 1630 980 βασιλείας
1649 945 1742 973 αὐτόν.
1774 946 1833 973 Καὶ

1033 992 1147 1026 ἐπείπερ
1160 991 1211 1018 οὒκ
1237 988 1271 1027 ἦν
1288 992 1353 1026 ῥᾷον
1381 991 1464 1018 αὑτὸν
1491 991 1628 1027 ἀνευρεῖν,
1654 991 1731 1018 δόλον
1760 1001 1832 1027 προ-

1033 1038 1161 1065 ϐάλλεται
1181 1038 1229 1064 καὶ
1246 1037 1365 1073 ἀπάτην.
1381 1038 1438 1065 Καὶ
1450 1037 1494 1064 διὰ
1509 1037 1591 1065 τοῦτό
1606 1046 1692 1074 φησιν
1706 1046 1715 1054 ·
1739 1048 1751 1064 ‹
1771 1040 1832 1065 Ἶνα

1033 1083 1112 1118 κάγὼ
1127 1083 1214 1112 ἐλθὼν
1235 1088 1419 1122 προσκυνήσω
1433 1086 1519 1122 αὐτῷ.
1544 1096 1554 1112 ι
1576 1086 1646 1113 Ἀλλ’
1659 1086 1730 1122 αὕτη
1751 1087 1830 1123 μὲνὴ

1033 1131 1080 1158 ἐπὶ
1103 1131 1142 1166 τῷ
1157 1132 1302 1167 γράμματι
1328 1132 1504 1168 κατανόησις.
1522 1132 1600 1167 Τάχα
1624 1132 1654 1159 δέ
1678 1132 1727 1159 καὶ
1754 1133 1832 1160 ἄκων

1033 1177 1202 1212 προφητεύει
1217 1178 1247 1204 τὸ
1262 1178 1370 1213 μέλλον,
1381 1179 1423 1205 ὅτι
1439 1178 1477 1214 μὴ
1494 1178 1574 1213 μόνον
1589 1178 1623 1205 τὰ
1638 1177 1702 1213 ἐθνη
1714 1178 1761 1205 διὰ
1775 1179 1832 1205 τῶν

1034 1223 1148 1258 Περσῶν
1175 1224 1363 1258 προσκυνήσει
1378 1223 1426 1250 τὸν
1448 1223 1576 1258 Χριστὸν,
1592 1223 1662 1250 ἀλλὰ
1687 1224 1760 1259 μετὰ
1782 1224 1832 1259 τὴν

1035 1269 1146 1296 ἐκείνων
1162 1269 1353 1304 προσκύνησιν
1365 1270 1412 1296 καὶ
1424 1269 1539 1296 Ἰουδαία
1550 1269 1627 1296 πᾶσα
1642 1270 1833 1305 προσκυνήσει

1033 1315 1118 1351 αὐτῷ.
1134 1316 1166 1342 Ei
1183 1316 1274 1352 βούλει
1301 1317 1346 1349 δέ,
1374 1317 1423 1343 καὶ
1447 1316 1562 1343 αὐτόθεν
1581 1316 1667 1352 ἐχειὸ
1682 1316 1773 1348 τύπος
1802 1316 1833 1343 τὸ

1035 1361 1248 1389 ἀπευθύνεσθαι.
1257 1362 1318 1389 Τῶν
1327 1362 1382 1398 γὰρ
1395 1362 1442 1390 δύο
1453 1362 1526 1389 λαῶν
1538 1353 1617 1398 φέροι
1630 1362 1663 1389 ἂν
1675 1363 1690 1389 ὁ
1704 1362 1834 1398 Ἡρώδης

1035 1408 1199 1444 ἐκτύπωμα.
1223 1409 1269 1442 Ἐξ
1281 1409 1367 1436 ἐθνῶν
1382 1411 1437 1445 γὰρ
1450 1410 1489 1436 ὢν
1509 1410 1646 1437 Ἰουδαίων
1657 1410 1832 1442 ἐϐασίλευεν,

1036 1455 1084 1482 καὶ
1107 1455 1150 1491 εἴη
1175 1455 1208 1482 ἂν
1235 1456 1311 1483 ἄκων
1334 1456 1381 1482 καὶ
1409 1455 1448 1491 μὴ
1469 1455 1565 1488 εἰδὼς,
1594 1456 1609 1482 ὃ
1636 1456 1728 1490 λέγει,
1755 1456 1834 1491 ὅμως

1036 1500 1234 1536 προφητεύων,
1266 1502 1316 1528 καὶ
1343 1501 1380 1533 ὡς
1407 1503 1440 1529 ἐκ
1466 1501 1615 1537 προσώπου
1641 1502 1745 1534 παντὸς
1784 1502 1833 1529 τοῦ

1035 1547 1207 1582 ἀνθρωπίνου
1222 1547 1319 1581 γένους
1335 1545 1391 1575 οἷον
1410 1548 1496 1576 ἐθνῶν
1514 1557 1544 1575 τε
1562 1549 1610 1576 καὶ
1634 1549 1774 1576 Ἰουδαίων
1782 1550 1834 1584 τὴν

1036 1594 1222 1628 προσκύνησιν
1243 1594 1447 1630 ἁνομολογήσας
1468 1595 1507 1630 τῷ
1532 1595 1734 1631 ἐπιδημήσαντι
1764 1595 1835 1631 πρὸς

1035 1638 1197 1675 ἀνθρώπους
1228 1639 1297 1674 Θεῷ.
1334 1640 1417 1666 Ούδέν
1447 1640 1476 1667 δὲ
1508 1639 1608 1667 κωλύει
1641 1641 1833 1675 προφητεύειν

1035 1684 1126 1711 αὐτόν.
1143 1685 1198 1711 Καὶ
1213 1684 1268 1720 γὰρ
1278 1685 1326 1711 καὶ
1336 1685 1350 1711 ὁ
1363 1685 1492 1720 Καῖάφας
1506 1685 1556 1712 οὐκ
1567 1685 1625 1721 ᾔδει
1638 1685 1698 1720 μὲν,
1713 1685 1728 1712 δ
1743 1686 1834 1720 λέγει.

1042 1730 1122 1758 Ἀλλὰ
1132 1731 1218 1767 τὸτῆς
1229 1731 1342 1767 καρδίας
1355 1732 1438 1758 αὑτοῦ
1449 1732 1583 1767 μανιῶδες
1597 1733 1664 1767 πρὸς
1673 1734 1836 1769 μιαιφονίαν

1035 1777 1208 1813 ἀνηρέθιστο,
1222 1777 1257 1804 τὰ
1268 1778 1344 1814 χείλη
1365 1778 1394 1804 δὲ
1411 1779 1581 1813 προφητείαν
1596 1779 1724 1815 ἐξέφερον
1739 1781 1769 1807 ἐν
1795 1780 1835 1816 τῷ

1035 1822 1141 1857 λέγειν·
1158 1833 1167 1849 ι
1185 1824 1335 1859 Συμφέρει,
1352 1824 1396 1850 ἵνα
1410 1821 1450 1856 εἷς
1464 1825 1599 1860 ἀποθάνῃ,
1613 1826 1660 1851 καὶ
1673 1826 1711 1861 μὴ
1726 1826 1791 1852 ὅλον
1805 1828 1835 1853 τὸ

1035 1868 1112 1900 ἔθνος
1126 1869 1272 1904 ἀπόληται.
1293 1878 1303 1894 ι
1325 1869 1380 1896 Καὶ
1395 1871 1449 1904 γὰρ
1462 1871 1486 1896 εί
1503 1870 1540 1904 μὴ
1561 1871 1679 1906 Χριστὸς
1692 1871 1834 1898 ἀπέθανεν

1035 1916 1049 1942 ὁ
1066 1914 1133 1947 Θεὸς
1148 1915 1240 1950 ἡμῶν,
1254 1915 1305 1941 οὐκ
1319 1914 1352 1942 ἂν
1369 1915 1400 1941 τί)
1416 1914 1588 1950 ἀνθρώπινον
1604 1916 1683 1950 γένος
1699 1916 1832 1948 ἐσώζετο.

1035 1961 1067 1987 Εἰ
1086 1960 1141 1995 γὰρ
1165 1961 1211 1987 καὶ
1241 1960 1351 1993 ἀνάξιος
1376 1961 1506 1996 ἑκάτερος
1539 1961 1631 1988 αὐτῶν
1656 1965 1833 1998 προφητικοῦ

1036 2009 1204 2045 χαρίσματος
1226 2009 1384 2045 ἐτύγχανεν,
1397 2009 1456 2036 ἀλλ’
1466 2008 1513 2037 οὖν
1529 2010 1592 2044 τόγε
1606 2010 1657 2046 τῆς
1679 2011 1834 2046 ἱερωσύνης

1036 2055 1157 2090 ἀξίωμα,
1174 2056 1223 2083 καὶ⁸
1238 2056 1269 2082 τὺ
1289 2055 1338 2091 τῆς
1354 2055 1496 2091 βασιλείας
1511 2056 1552 2083 ἔτι
1573 2056 1645 2088 τινὸς
1660 2057 1834 2092 χαρίσματος

1036 2102 1247 2138 παραπήλαυεν,
1253 2102 1330 2130 οὔπω
1335 2103 1385 2138 τῆς
1394 2103 1463 2130 κατὰ
1472 2103 1520 2131 τοῦ
1527 2104 1662 2130 Δεσπὰτου
1674 2104 1834 2139 μιαιφονίας

198 2146 262 2173 hinc
280 2146 352 2181 regia
365 2145 497 2181 dignitas,
508 2145 572 2173 doni
588 2146 705 2182 alicujus
718 2146 838 2175 fructum
852 2149 980 2183 capiebat.

1059 2148 1148 2180 ούτοις
1168 2148 1388 2184 τετολμημένης.
1417 2149 1499 2181 Ἴδοις
1533 2149 1555 2176 δ’
1581 2149 1614 2176 ἂν
1630 2150 1833 2185 παραπλησίως

199 2192 425 2227 quandoquidem
448 2192 482 2219 ad
499 2193 602 2220 eaedem
626 2193 734 2220 Domini
757 2194 844 2222 nostri
866 2195 988 2223 nondum

200 2243 280 2266 erant
303 2238 454 2274 progressi.
471 2238 572 2267 Videas
596 2246 662 2266 vero
684 2239 812 2267 similiter
831 2241 912 2268 etiam
935 2241 988 2269 alia

199 2285 337 2320 quaedam,
366 2286 440 2312 malo
466 2284 577 2320 quidem
604 2285 698 2312 animo
725 2289 754 2313 et
780 2287 989 2321 sanguinolento

198 2332 301 2366 impetu
318 2332 436 2367 prolata,
455 2331 543 2358 instar
558 2331 763 2364 vaticiniorum,
783 2336 910 2360 eventum
931 2341 991 2361 sor—

201 2377 250 2404 tita
267 2378 363 2405 fuisse.
377 2377 443 2404 Tale
455 2381 515 2404 erat
527 2376 620 2404 illudu
639 2376 756 2412 Sanguis
769 2377 827 2412 ejus
841 2385 922 2413 super
936 2386 987 2406 nos

197 2428 224 2451 et
240 2431 322 2459 super
339 2424 442 2451 liberos
463 2427 575 2451 nostros
584 2423 606 2439 ³⁸
624 2444 630 2450 .
650 2433 659 2448 ι
690 2423 810 2452 Tandem
830 2425 903 2452 enim
921 2433 986 2453 san-

198 2468 289 2503 guinis
305 2468 414 2500 eﬂ‘usio,
438 2472 465 2494 et
481 2467 568 2494 czedes
591 2467 689 2503 gladiis
714 2468 802 2502 facta,
821 2477 868 2497 eos
892 2470 986 2505 oppri-

197 2514 301 2541 mebat.
315 2513 370 2541 Nec
383 2514 474 2541 minus
490 2514 554 2542 illud
571 2523 578 2542 :
595 2524 604 2540 ι
618 2515 645 2542 Si
658 2523 720 2542 eum
735 2515 828 2543 vivere
839 2516 985 2550 patiamur,

198 2567 294 2587 omnes
309 2559 335 2586 in
352 2567 414 2587 eum
434 2560 556 2594 credent;
572 2564 639 2588 tunc
654 2561 762 2588 venient
774 2561 902 2593 Romani,
921 2570 987 2597 gen-

200 2610 310 2639 temque
326 2609 448 2632 nostram
461 2610 488 2632 et
503 2606 595 2632 urbem
611 2606 740 2633 delebunt
751 2606 784 2632 ³⁷.
799 2615 808 2632 ›
822 2605 889 2633 Nam
902 2608 984 2634 etiam

198 2649 276 2678 inviti
291 2649 382 2676 vivere
399 2658 460 2677 eum
480 2651 662 2685 patiebantur,
680 2659 742 2678 cum
758 2659 812 2678 non
831 2656 943 2686 possent
956 2652 983 2678 in

197 2701 261 2721 eum
276 2694 423 2726 dominari,
440 2695 486 2730 qui
507 2695 568 2722 vitae
586 2699 646 2723 erat
661 2703 745 2730 penu,
757 2702 784 2723 et
801 2696 892 2723 omnia
912 2696 983 2723 vivi-

198 2740 309 2768 licabat.
331 2741 476 2776 Propterea
502 2742 605 2769 malum
637 2743 748 2777 quidem
778 2747 807 2770 et
836 2744 987 2778 sanguino-

198 2787 300 2814 lentum
325 2788 447 2815 animum
469 2788 632 2823 prodebant,
658 2796 743 2823 scopo
764 2797 828 2817 vero
853 2790 987 2830 frustrati,

197 2838 223 2862 et
237 2834 286 2869 ipsi
301 2839 328 2862 et
340 2839 397 2862 tota
412 2843 491 2870 gens,
508 2841 536 2863 et
549 2836 693 2871 templum,
709 2842 737 2864 et
761 2837 827 2864 urbs
849 2837 987 2872 peribant.

233 2924 256 2939 "
273 2924 367 2954 Matth.
385 2933 414 2959 ιι,
432 2924 459 2953 8.
480 2925 502 2942 ³⁵
516 2923 596 2952 Joan.
617 2932 655 2958 ιι,
673 2923 717 2953 50.

1038 2194 1145 2226 τούτοις
1174 2195 1221 2221 καὶ
1250 2194 1332 2231 ἕτερά
1346 2203 1408 2222 τινα
1439 2195 1586 2231 κακούργῳ
1603 2196 1652 2229 μὲν
1671 2196 1771 2233 γνώμῃ
1786 2197 1833 2224 καὶ

1037 2242 1111 2276 ὁρμῇ
1123 2241 1259 2277 μιαιφόνῳ
1274 2242 1509 2278 προενηνεγμένα,
1525 2243 1612 2278 πέρας
1625 2243 1653 2270 δὲ
1662 2245 1832 2279 προφητικὸν

1039 2287 1177 2322 εἰληφότα.
1202 2287 1256 2319 Ὧς,
1271 2297 1280 2313 ι
1297 2287 1334 2313 Τὸ
1346 2285 1415 2322 αἷμα
1434 2287 1517 2314 αὑτοῦ
1533 2288 1576 2322 ἐφ’
1593 2289 1668 2324 ἡμᾶς
1679 2289 1729 2316 καὶ
1739 2290 1787 2316 ἐπὶ
1799 2290 1832 2316 τὰ

1038 2334 1122 2360 τέκνα
1136 2333 1226 2369 ἡμῶν.
1241 2343 1251 2359 ι
1270 2334 1325 2360 Καὶ
1341 2334 1397 2369 γὰρ
1410 2334 1545 2361 ἐπέπεσεν
1559 2334 1651 2366 αὐτοῖς
1674 2334 1791 2370 ἔσχατον
1815 2336 1830 2370 ή

1039 2379 1094 2406 τῶν
1111 2379 1236 2414 αἱμάτων
1248 2379 1369 2414 ἔκχυσις,
1387 2379 1435 2407 καὶ
1449 2381 1463 2406 ὁ
1477 2380 1521 2407 διὰ
1539 2379 1633 2415 ξίφους
1649 2375 1740 2415 φόνος.
1766 2381 1830 2413 Καὶ,

1044 2434 1053 2450 ι
1065 2425 1128 2451 Ἐὰν
1143 2426 1258 2460 ἀφῶμεν
1273 2426 1354 2452 αὑτὸν
1376 2426 1441 2461 ζῇν,
1457 2426 1558 2458 πάντες
1583 2426 1778 2453 πιστεύσουσιν
1793 2427 1832 2457 είς

1040 2470 1131 2502 αὑτὸν,
1146 2471 1193 2497 καὶ
1201 2470 1356 2497 ἐλεύσονται
1372 2472 1396 2498 οἱ
1415 2471 1556 2507 Ῥωμαῖοι,
1570 2473 1617 2499 καὶ
1629 2473 1744 2508 ἀροῦσιν
1755 2473 1832 2508 ἡμῶν

1040 2515 1071 2542 τὸ
1102 2516 1178 2548 ἔθνος
1205 2517 1252 2543 καὶ
1269 2517 1319 2551 τὴν
1348 2517 1437 2544 πόλιν.
1459 2527 1468 2543 ι
1497 2518 1554 2544 Καὶ
1576 2519 1630 2554 γὰρ
1654 2519 1767 2553 ἀφῆκαν
1787 2524 1833 2545 και

1038 2561 1150 2593 ἄκοντες
1163 2561 1223 2598 ζῇν.
1242 2563 1278 2589 Οὐ
1291 2563 1346 2599 γὰρ
1354 2563 1486 2597 ἠδύναντο
1497 2564 1588 2599 κύριοι
1603 2566 1774 2599 καταστῆναι
1784 2565 1832 2591 τοῦ

1036 2608 1086 2642 τῆς
1101 2607 1174 2643 ζωῆς
1189 2609 1315 2643 ταμείου,
1331 2609 1379 2635 καὶ
1395 2610 1593 2642 ζωοποιοῦντος
1611 2611 1645 2638 τὰ
1663 2612 1770 2638 πάντα.
1787 2611 1832 2638 Διὸ

1036 2653 1086 2688 τὴν
1103 2653 1152 2687 μὲν
1172 2654 1295 2689 πονηρὰν
1311 2654 1359 2680 καὶ
1381 2655 1526 2689 μιαιφόνον
1552 2656 1686 2691 ἐνέφηναν
1706 2657 1831 2692 γνώμην,

1039 2699 1086 2726 τοῦ
1096 2699 1124 2726 δὲ
1141 2700 1242 2726 σκοποῦ
1261 2701 1298 2735 μὴ
1319 2701 1448 2736 τυχόντες
1462 2702 1604 2729 ἀπώλοντο
1619 2703 1666 2730 καὶ
1682 2703 1772 2733 αὐτοὶ,
1786 2704 1832 2730 καὶ

1040 2746 1076 2772 τὰ
1087 2746 1164 2782 γένη,
1186 2747 1233 2773 καὶ
1257 2748 1272 2774 ό
1297 2748 1372 2780 ναὸς,
1398 2748 1446 2775 καὶ
1475 2749 1492 2784 ὴ
1510 2749 1597 2780 πόλις.
1612 2750 1661 2776 ’ον
1683 2749 1712 2776 δὲ
1737 2750 1832 2781 ἔδοξαν

1043 2793 1158 2825 ἀνελεῖν,
1170 2793 1265 2820 τοῦτον
1277 2794 1350 2828 ζωῆς
1367 2795 1486 2830 χορηγὸν
1503 2796 1551 2822 καὶ
1570 2795 1756 2828 ζωοποιοῦντα
1770 2797 1832 2827 τοὺς

1043 2839 1156 2874 νεκροὺς
1169 2839 1202 2866 τὰ
1223 2839 1286 2874 ἔθνη
1297 2839 1450 2876 δεξάμενοι,
1465 2842 1512 2869 καὶ
1524 2842 1573 2877 τὴν
1584 2842 1616 2868 ὲκ
1632 2841 1738 2877 νεκρῶν
1753 2840 1832 2868 αὑτοῦ

768 2926 790 2941 ³⁵
804 2925 899 2953 Matth.
914 2933 998 2953 uvn.
1104 2927 1124 2942 ³⁷
1137 2926 1216 2955 Joan.
1234 2936 1272 2960 xi,
1289 2928 1333 2955 48.
