1886 3071
51 163 116 196 1153
157 164 166 172 ’

439 166 490 196 ΑΙ)
501 158 801 196 AMPHILOCHIUM
813 164 987 201 QUAESTIO
999 167 1258 198 CCCVII-CCCIX.

1610 168 1679 202 1154

50 220 259 258 προσκυνοῦντες
277 221 438 252 ἀνάστασιν.
454 221 522 247 Θεὸν
543 220 632 247 ῖσασιν
645 219 771 254 ἀληθινὸν
787 220 805 246 ὲι

916 229 974 248 uem
989 229 1056 249 vero
1071 221 1122 249 sibi
1139 229 1155 249 e
1169 222 1260 249 medio
1285 222 1381 251 tollere
1402 223 1578 257 videbantur,
1604 226 1679 254 hunc

48 267 161 304 σωτηρίᾳ
168 266 217 294 τοῦ
225 267 323 301 γένους
332 267 593 302 ὲνανθρωπήσαντα,
604 266 650 292 καὶ
657 264 836 300 λατρεύουσιν

46 313 194 349 εἰλικρινῶς
201 313 249 340 καὶ
266 312 432 345 θειάζουσιν.
449 311 504 339 Καί
519 320 551 346 γε
559 311 593 347 δὴ
607 311 687 338 καὶοὶ
701 311 833 346 Ῥωμαῖοι

46 359 202 392 ἐπιστάντες
219 361 312 391 αὐτοῖς
333 359 456 394 πολέμῳ,
473 360 523 393 τήν
537 367 569 385 τε
590 358 668 385 πόλιν
684 358 834 392 κατεστρέ-

44 405 137 439 ψανιο,
149 404 196 432 καὶ
214 405 261 432 τὸν
280 404 344 432 ναδν
372 404 579 440 κατηρήμωσαν
592 403 659 440 (95),
675 404 723 430 καὶ
737 403 776 438 τῷ
789 402 835 430 διὰ

45 451 135 486 ξίφους
148 450 257 486 θανάτῳ
273 450 305 477 τὺ
329 449 407 482 ἔθνος
425 450 581 484 ὑπήγαγον.
594 449 727 485 Εὑρήσεις
741 449 771 476 δὲ
786 450 836 476 καὶ

44 497 102 524 ὄνον
112 497 139 523 ὲν
148 498 204 529 τοῖς
217 497 367 533 Γράμμασι
377 496 433 527 τοῖς
444 495 575 527 Παλαιοῖς
590 493 838 529 προμανθάνουσάν

43 552 71 570 τε
94 543 140 570 καὶ
151 542 389 578 προδιδάσκουσαν
412 541 447 569 τὰ
482 540 601 576 ἐσόμενα
617 540 688 576 (96).
726 540 773 574 Ἐξ
798 537 838 568 ὧν

44 589 170 615 ἁπάντων
187 588 264 615 οὐδὲν
276 588 383 615 κωλῦον
397 587 560 622 θεωρήσεις,
581 586 629 613 καὶ
643 585 690 612 τὸν
713 585 839 621 Ἡρώδην

43 635 131 661 εἰπεῖν
144 634 214 662 κατὰ
227 634 402 670 προφητικὸν
416 633 502 660 τύπον
517 632 550 660 τὰ
566 631 636 667 πρὸς
647 632 710 664 τοὺς
733 632 838 666 μάγους

44 679 185 714 είρημένα.

888 271 995 302 gentes,
1010 272 1143 302 tanquam
1165 268 1228 296 vitae
1242 274 1382 296 auctorem
1406 273 1434 297 et
1448 275 1574 298 mortuos
1590 271 1679 299 vivifi-

887 317 1008 346 cantem,
1025 313 1203 349 recipientes,
1228 315 1344 350 ejusque
1368 322 1402 342 ex
1419 317 1536 344 mortuis
1555 325 1680 347 resurre-

888 359 1009 386 ctionem
1032 359 1160 395 religiose
1181 364 1357 393 venerantes,
1379 362 1519 396 eumdem,
1537 367 1567 390 ut
1581 371 1678 391 verum

887 405 986 438 Deum,
996 406 1022 432 in
1037 407 1154 433 salutem
1167 406 1275 441 generis
1286 406 1399 435 humani
1411 408 1550 436 hominem
1564 409 1678 442 factum,

887 455 1042 486 agnoscunt
1060 452 1224 487 sincereque
1241 453 1336 480 colunt
1348 457 1376 481 et
1391 459 1563 482 reverentur.
1579 455 1620 482 Ah
1638 457 1679 483 al-

887 501 946 524 tera
968 504 1034 524 vero
1050 501 1128 532 parte
1152 496 1283 530 Romani,
1310 497 1383 526 bello
1407 498 1434 527 in
1460 499 1522 527 illos
1543 505 1629 533 moto,
1653 506 1682 528 et.

888 543 984 570 urbem
1003 544 1175 576 evertebant,
1192 549 1220 571 et
1242 544 1375 580 templum
1400 545 1589 580 devastabant,
1612 555 1680 582 gen-

888 592 999 623 temque
1021 595 1131 616 omnem
1157 588 1248 623 gladio
1274 590 1458 623 perimebant.
1487 590 1586 619 Videas
1615 600 1681 620 vero

887 633 971 660 etiam
993 632 1100 660 asinam
1121 633 1243 662 inlibris
1260 633 1368 662 Veteris
1388 634 1559 663 Testamenti
1581 644 1682 671 reprae-

888 678 992 705 sentari
1015 677 1107 706 futura
1128 683 1157 706 et
1173 679 1300 707 edoctam
1323 685 1352 708 et
1372 681 1616 715 pramuntiantem.
1640 681 1681 708 Ex

44 726 88 754 his
104 725 230 754 omnibus
243 725 389 760 intelliges,
410 724 478 752 nihil
498 725 620 756 obstare,
643 723 793 758 quominus
813 723 935 752 Herodes
949 725 1111 760 prophetico
1134 733 1213 753 more
1236 727 1271 754 ad
1289 734 1384 762 magos
1400 727 1510 756 loculus
1521 734 1679 758 censeatur.

306 770 475 798 ΕΡΩΤΗΣΙΣ
490 769 555 798 Tﬂ'.

88 818 139 845 Διὰ
151 817 181 845 τι
191 819 208 845 ὁ
228 817 401 852 Πρόδρομος
418 816 537 851 ἐλέγχει
556 816 610 844 τὸν
631 816 784 852 Ἠρώὸην;

950 770 1118 804 QUESTIO
1137 772 1260 800 CCCVIII
1278 772 1387 809 [Coisl.,
1407 774 1492 801 Taur.
1512 775 1619 812 CXXI].

907 816 998 849 Quare
1010 825 1161 852 prwcursor
1176 817 1318 854 (Joannes)
1334 817 1466 846 Herodem
1478 820 1663 855 reprehendit?

42 875 167 902 Editarum
182 882 197 901 α
213 875 303 900 Wolﬁo
315 875 501 907 quadragesima
511 876 590 910 prima
601 876 630 907 (ι.
641 882 664 910 c_.
676 883 701 906 p.
717 875 772 905 700,
788 875 844 910 γει-ι.
856 875 981 910 (ξειὶιτειιιὰἸ
992 876 1090 910 p._712,
1111 875 1193 910 n._16,
1203 883 1228 908 q.
1249 876 1315 907 121).
1327 890 1358 895 —
1372 877 1411 902 De
1425 877 1525 903 Herode
1542 884 1556 902 a
1570 878 1681 910 Baptista

538 907 635 932 Joanne
648 907 786 938 iucrepato.
803 906 888 932 Matth.
901 913 953 936 xrv,
970 907 999 936 4;
1016 907 1076 931 Luc.
1092 914 1129 938 Ill,
1141 907 1180 932 19.

87 965 118 992 '0
130 964 158 991 δὲ
172 964 331 1000 Πρόδρομος
339 964 387 990 καὶ
402 952 560 996 Βαπτιςῖτὴς
580 963 710 999 Ἰωάννης
731 964 805 1000 ὲλέγ)

925 965 1082 992 Praecursor
1097 965 1133 996 fet
1156 963 1280 999 Baptista
1302 964 1424 993 Joannes
1445 965 1593 997 Ilerodem,
1619 969 1680 993 tau-

44 1013 91 1039 τὸν
111 1010 234 1046 Ἡρώδην
248 1010 363 1041 δικαίως
388 1010 428 1042 εἰς
451 1010 626 1046 παρανομίαν
641 1010 836 1038 ἀποκλίναντα.

43 1058 100 1084 Καὶ
111 1057 165 1093 γὰρ
179 1057 205 1083 ει
218 1057 248 1090 ἐξ
258 1056 417 1090 ἀλλοφύλων
431 1057 578 1091 κατήγετο,
592 1056 727 1091 ἀπόγονος
740 1057 778 1084 ὢν
789 1057 837 1084 τοῦ

42 1102 160 1130 παλαιοῦ
179 1102 312 1138 Ἡρώδου,
328 1102 387 1129 ἀλλ’
401 1101 449 1128 οὖν
471 1102 607 1130 Ἰουδαίων
624 1112 653 1130 τε
668 1103 837 1136 ἐϐασίλευεν,

42 1150 90 1177 καὶ
113 1150 168 1181 τοῖς
187 1149 322 1176 Ἰουδαίων
348 1148 522 1176 ἐπολιτεύετο
539 1149 634 1185 νόμοις
654 1151 703 1177 καὶ
727 1150 817 1177 ἔθεσιν
829 1171 836 1183 ,

41 1196 90 1223 καὶ
118 1195 168 1221 οὐκ
191 1194 256 1229 ὲξῆν
271 1193 354 1229 αὐτῷ
370 1195 442 1222 κατὰ
459 1195 523 1227 τοὺς
548 1195 649 1230 νόμους
667 1195 698 1229 ἐξ
721 1195 838 1230 ἀδελφοῦ

42 1241 128 1268 παῖδα
142 1240 257 1275 ἔχουσαν
276 1240 326 1275 τὴν
349 1240 501 1276 Ἡρωδιάδα
516 1241 556 1273 είς
568 1241 657 1276 γάμον
681 1241 836 1268 ἀναλαϐεῖν.

46 1287 76 1313 Ὁ
91 1287 146 1322 γὰρ
160 1286 252 1321 νόμος,
281 1286 395 1318 ἄπαιδος
414 1286 463 1321 μὲν
489 1286 539 1313 τοῦ
565 1286 680 1321 ἀδελφοῦ
706 1287 838 1322 τελευτή-

40 1340 156 1363 σαντος,
189 1330 334 1365 ἐπιτρέπει
360 1331 411 1366 τὴν
428 1331 497 1366 πρὸς
521 1331 572 1367 τὴν
597 1333 715 1366 γυναῖκα
739 1332 837 1359 τούτου

39 1378 199 1412 συνάφειαν,
212 1386 222 1402 ι
234 1377 304 1410 Ἰνα,
315 1378 408 1413 φησὶν,
418 1377 516 1414 ἐγείρῃ
524 1377 636 1413 σπέρμα
644 1377 684 1413 τῷ
695 1377 812 1412 ἀδελφῷ.
827 1387 836 1404 ν

38 1422 301 1458 Καταλελειμμένου
328 1423 358 1449 δὲ
381 1422 541 1457 σπέρματος
565 1423 615 1448 καὶ
638 1422 737 1457 γονῆς,
772 1422 840 1449 ἀπο-

37 1469 172 1505 τρόπαιον
188 1466 224 1504 ἧν
240 1469 257 1504 ἡ
279 1467 336 1504 (97)
353 1468 421 1505 πρὸς
446 1468 496 1503 τὴν
523 1467 634 1504 νύμφην
657 1467 761 1502 ὁμιλία.
784 1467 840 1494 Καὶ

36 1515 86 1541 τὸν
100 1514 211 1549 ἔλεγχον
223 1514 239 1541 ὸ
248 1513 407 1549 Πρόδρομος
428 1514 556 1546 ποιεῖται,
565 1513 596 1539 οὐ
611 1512 740 1539 τοσοῦτον
760 1512 840 1548 κηδό-

40 1569 122 1596 μενος
136 1560 253 1593 ἐκείνου,
270 1560 332 1586 ὅσον
345 1559 376 1586 τὸ
388 1559 492 1595 πλῆθος
508 1558 682 1594 διορθοῦσθαι
705 1559 836 1594 πρόνοιαν

38 1605 136 1632 ποιῶν.
158 1605 215 1632 Καὶ
236 1605 290 1640 γὰρ
306 1604 361 1632 τῶν
387 1605 444 1636 τοῖς
474 1604 589 1639 ἄρχουσι
624 1604 672 1630 καὶ
697 1603 839 1638 βασιλεῦσι

889 1017 972 1045 quam
989 1010 1017 1037 in
1036 1013 1177 1045 peccatum
1193 1014 1332 1042 ruentem,
1354 1014 1428 1038 recte
1451 1011 1679 1046 reprehendebat.

889 1056 1020 1090 Quamvis
1031 1056 1103 1083 enim
1118 1056 1270 1091 alienigena
1281 1062 1365 1089 esset,
1380 1055 1497 1084 Herodis
1511 1057 1676 1092 antiquioris

893 1110 991 1139 nepos,
1009 1101 1112 1130 Judaeis
1133 1106 1225 1130 tamen
1249 1101 1415 1137 imperabat,
1436 1107 1463 1130 et
1474 1103 1507 1130 ad
1519 1102 1680 1130 Judaeorum

891 1148 964 1184 leges
982 1156 1016 1176 ac
1035 1148 1162 1176 instituta
1183 1148 1268 1175 vitam
1292 1148 1488 1183 componebat,
1504 1157 1593 1184 neque
1611 1149 1681 1177 adeo

891 1201 940 1228 per
966 1194 1040 1229 leges
1076 1193 1136 1221 iIeri
1163 1198 1271 1228 poterat
1295 1195 1326 1220 ut
1350 1192 1546 1226 Ilerodiadem,
1567 1202 1628 1228 quae
1646 1201 1681 1221 ex

891 1238 975 1266 fratre
990 1242 1145 1274 pepererat,
1168 1246 1280 1266 uxorem
1297 1237 1422 1266 duceret.
1436 1237 1491 1266 Lex
1506 1238 1590 1271 enim,
1604 1246 1682 1267 mor--

891 1288 940 1312 tuo
955 1283 1015 1312 sine
1031 1283 1137 1311 relictis
1154 1283 1220 1311 ﬁliis
1238 1283 1335 1316 fratre,
1359 1282 1440 1311 fratri
1463 1284 1543 1311 alteri
1563 1291 1682 1312 consue-

891 1328 1013 1356 tudinem
1022 1336 1085 1356 eum
1101 1336 1188 1356 uxore
1202 1328 1341 1356 demortui
1355 1329 1489 1364 integram
1501 1329 1577 1362 facit,
1600 1339 1610 1356 ‹
1622 1329 1656 1357 Ut
1669 1340 1679 1356 ι

890 1374 995 1402 scilicet
1009 1383 1019 1400 ι
1033 1374 1108 1402 fratri
1127 1382 1221 1403 semen
1232 1375 1333 1402 excitet
1350 1374 1418 1403 "-“.
1434 1385 1444 1401 ›
1459 1375 1568 1403 Semine
1580 1381 1684 1404 veroet

891 1421 1015 1449 masculo
1040 1421 1147 1455 relicto,
1172 1421 1342 1456 prohibitum
1370 1426 1430 1449 erat
1455 1429 1518 1449 eum
1545 1421 1682 1456 ejusmodi

891 1475 977 1495 uxore
990 1468 1138 1504 conjugale
1153 1468 1362 1496 commercium.
1377 1467 1536 1496 Praecursor
1549 1468 1642 1503 itaque
1654 1468 1683 1496 in

891 1512 1026 1542 Herodem
1057 1513 1262 1546 animadvertit,
1287 1517 1413 1541 nontam
1429 1513 1517 1548 ipsius
1544 1513 1683 1541 rationem

893 1559 1009 1593 habens,
1029 1567 1112 1595 quam
1129 1559 1164 1587 ad
1182 1559 1280 1595 vulgus
1302 1559 1506 1587 emendandum
1522 1558 1683 1594 respiciens.

892 1605 1009 1639 Quando
1023 1605 1097 1633 enim
1114 1613 1158 1638 ea,
1173 1613 1236 1640 qua:
1254 1605 1289 1632 ab
1303 1604 1506 1640 imperantibus
1527 1609 1555 1631 et
1573 1604 1684 1640 regibus
1725 1613 1728 1616 ’

40 1651 302 1687 πλημμελουμένων
320 1651 528 1686 ἀνεπιτιμήτων
546 1650 695 1686 μενόντων,
723 1649 805 1684 ἑτοίμι

916 1659 976 1679 rave
992 1656 1148 1687 patrantur,
1171 1651 1233 1679 sine
1257 1650 1500 1678 animadversione
1521 1651 1685 1685 praetermit-

38 1698 70 1725 τὸ
86 1697 191 1732 πλῆθος
205 1697 274 1733 πρὸς
287 1697 339 1733 τὴν
350 1697 467 1732 μίμησιν
482 1696 694 1732 παρακαλεῖται.
710 1696 840 1723 Ἐκείνων

37 1744 67 1770 δὲ
81 1744 131 1779 τῆς
145 1743 274 1779 πράξεως
301 1743 563 1778 ἀναχαιτιζομένων,
581 1743 767 1777 ἀναγκάζεται
787 1741 836 1769 καλ¹

36 1790 68 1816 τὸ
99 1790 221 1825 ὑπήκοον
254 1789 451 1824 εὐλαϐέστερον
481 1789 552 1823 πρὸς
586 1788 637 1820 τὰς
662 1787 837 1824 παρανομίας

35 1835 204 1863 διακεῖσθαι.
234 1836 364 1871 Περίεστι
381 1836 410 1862 δέ
430 1844 475 1871 μοι
497 1835 545 1862 καὶ
570 1835 610 1866 είς
636 1835 748 1870 μνήμην
777 1834 836 1861 νυνὶ

36 1881 165 1912 ﬂanti;
185 1880 319 1916 Ἱστορίας
347 1882 500 1914 ἀνάγνωσις
531 1881 570 1912 ὡς
600 1881 701 1916 καὶτῷ
728 1879 837 1916 ἀδελφῷ

34 1927 113 1954 ιῦσὰν
140 1929 155 1954 ὁ
172 1927 241 1963 πρὸς
265 1927 314 1962 τὴν
334 1927 440 1954 ἐκείνου
469 1929 588 1962 γυναῖκα
615 1926 687 1962 ἔρως
716 1926 754 1962 μὴ
780 1926 837 1962 (98)

33 1973 233 2001 ἀιακόπτοιτο.
250 1973 304 2000 Καὶ
330 1972 365 1999 δι’
379 1973 464 2008 ἄμφω
477 1972 566 2000 ταῦτα
586 1972 792 2008 σταθερώτερόν
808 1980 838 1999 τε

35 2018 85 2044 καὶ
129 2017 442 2052 παρρησιαστικώτερον
476 2017 492 2043 δ
519 2017 679 2052 Πρὸδρομος
716 2018 759 2053 εἴη
798 2017 839 2053 τῷ

39 2063 153 2099 Ἡρώδῃ
171 2063 396 2098 προσφερόμενος
412 2063 460 2089 τὸν
484 2062 607 2098 ἔλεγχον.

260 2108 428 2134 ΕΡΩΤΗΣΙΣ
459 2108 510 2134 ΤΘ¹
526 2108 594 2144 (99).

32 2155 101 2188 Πῶς
125 2155 254 2189 νοητέον
273 2155 315 2181 τό·
329 2163 338 2179 ι
362 2154 410 2180 Ἐν
420 2154 556 2189 γενητοῖς
571 2154 721 2188 γυναικῶν
729 2155 836 2189 μείζων

93 2190 237 2217 Ἰωάννου
249 2189 303 2216 τοῦ
317 2189 489 2217 Βαπτιστοῦ
507 2190 563 2216 οὐκ
577 2189 733 2224 ἐγήγερται
741 2199 750 2224 ;
770 2201 780 2217 ι

895 1702 1001 1731 tuntur,
1016 1697 1204 1732 subjectorum
1218 1697 1316 1732 vulgus
1327 1696 1361 1724 ad
1373 1696 1482 1724 illorum
1499 1696 1684 1724 imitationem

891 1742 973 1769 facile
997 1742 1144 1776 abripitur.
1162 1741 1282 1774 Quando
1307 1748 1372 1769 vero
1400 1742 1440 1769 illi
1467 1749 1482 1769 a
1513 1741 1684 1769 facinoribus

891 1787 1028 1823 ejusmodi
1052 1788 1245 1823 prohibentur,
1275 1785 1548 1823 subjectos‘quoque
1569 1787 1604 1814 ab
1628 1787 1684 1815 illis

890 1833 1048 1868 diligentius
1064 1832 1117 1860 sibi
1131 1840 1228 1861 cavere
1243 1840 1358 1861 necesse
1371 1838 1424 1861 est.
1446 1832 1529 1860 Venit
1549 1837 1683 1868 przeterea

888 1879 916 1906 in
939 1883 1057 1906 mentem
1081 1879 1221 1915 recordari
1249 1887 1285 1907 ex
1308 1878 1418 1907 Veteris
1434 1878 1602 1907 Testamenti
1627 1880 1683 1906 lec-

887 1926 971 1958 tione,
987 1925 1066 1953 fratri
1081 1933 1191 1960 quoque
1209 1932 1334 1953 amorem
1348 1925 1375 1953 in
1390 1925 1484 1952 fratris
1496 1932 1609 1952 uxorem
1621 1932 1683 1952 esse

889 1971 1054 2005 prohibitum
1071 1972 1105 1999 ".
1135 1971 1289 2007 Utrumque
1314 1972 1413 1999 horum
1434 1971 1538 2004 effecit,
1563 1978 1593 1998 ut
1610 1971 1682 1998 Prae-

889 2024 987 2044 cursor
1002 2020 1080 2044 tanto
1104 2017 1282 2045 constantius
1302 2021 1331 2045 et
1353 2017 1469 2045 liberius
1496 2017 1525 2045 in
1545 2015 1681 2044 Herodem

890 2063 1127 2091 animadverteret.

951 2108 1115 2142 QUIESTIO
1135 2109 1240 2138 CCCIX
1262 2109 1372 2147 [Coisl.,
1394 2109 1474 2136 Taur.
1495 2108 1614 2146 CXXII].

890 2153 1026 2191 Quomodo
1038 2156 1229 2191 accipiendum
1245 2161 1286 2184 eu
1305 2156 1373 2183 illud
1393 2164 1402 2183 :
1426 2166 1435 2181 ι
1461 2155 1536 2183 Inter
1554 2161 1631 2182 natos
1649 2163 1682 2182 ea:

926 2190 1081 2218 mulieribus
1104 2191 1203 2226 rmajor
1235 2192 1340 2219 Joanne
1374 2191 1499 2226 Baptista
1534 2198 1585 2218 non
1618 2198 1680 2217 sur-

926 2226 993 2252 rexit
1004 2226 1047 2252 “2'
1062 2235 1071 2252 ι
1087 2225 1154 2261 (99).

192 2278 319 2304 Editarum
329 2286 343 2303 a
357 2279 448 2304 Wolﬁo
457 2279 644 2310 quadragesima
656 2281 763 2305 secunda
780 2281 809 2313 (1.
821 2287 844 2306 c.
855 2288 880 2312 p.
891 2280 1005 2306 τοι-τοι.
1016 2281 1128 2308 Galland.
1143 2288 1170 2313 p.
1181 2282 1297 2314 “2,715,
1308 2289 1333 2308 n.
1351 2283 1407 2313 I79,
1416 2289 1441 2313 q.
1459 2281 1524 2313 122).

66 2321 141 2357 Περὶ
172 2320 219 2348 τοῦ
251 2321 281 2348 ὲν
306 2321 430 2356 γενητοῖς
452 2320 592 2354 γυναικῶν
616 2321 653 2356 μὴ
683 2322 803 2357 ὲγηγέρθ

927 2321 965 2350 De
981 2329 1025 2356 eo,
1038 2323 1180 2358 quomodo
1192 2324 1264 2351 inter
1280 2329 1359 2352 natos
1375 2333 1408 2352 ex
1419 2324 1583 2352 mulieribus
1596 2330 1679 2351 nemo

30 2369 150 2403 μείζονα
183 2367 306 2394 Ἰωάννου
341 2366 389 2393 τοῦ
428 2367 596 2400 Βαπτιστοῦ,
634 2368 682 2394 καὶ
715 2368 790 2400 ὅπως
821 2369 836 2396 ό

30 2414 201 2449 μικρότερος
229 2413 258 2439 ἐν
287 2414 320 2448 τῇ
350 2412 475 2448 βασιλείᾳ
497 2411 552 2438 τῶν
578 2412 702 2447 οὐρανῶν
733 2412 836 2448 μείζων

28 2459 117 2486 αὑτοῦ
132 2460 219 2491 ἐστιν,
233 2458 342 2494 εἴρηται
359 2457 410 2493 μέν
427 2466 472 2493 μοι
489 2458 537 2485 καὶ
561 2458 680 2493 ἀλλαχοῦ
690 2458 739 2494 (ί).
751 2459 835 2486 Οὐδὲν

27 2504 58 2530 δὲ
71 2504 179 2531 κωλύει
187 2503 239 2539 τῆς
248 2503 325 2539 ὑμῶν
338 2504 472 2539 αἰτήσεως
487 2504 568 2538 χάριν
584 2504 672 2530 ἐκεῖνο
685 2503 833 2539 διαλαϐεῖν,

26 2551 94 2586 ὡςὴ
109 2551 222 2578 διάνοια
237 2549 285 2576 τοῦ
301 2549 397 2585 ῥητοῦ,
412 2549 451 2584 μὴ
467 2548 617 2585 ὲγηγέρθαι
642 2550 671 2576 ἐν
695 2550 736 2586 τῷ
759 2552 834 2587 νόμῳ

884 2367 990 2397 Joanne
1005 2369 1129 2405 Baptista
1143 2370 1245 2406 major,
1262 2370 1412 2403 exstiterit,
1429 2374 1457 2398 et
1471 2370 1610 2405 quomodo
1625 2370 1678 2396 mi-

883 2415 976 2444 nimus
991 2415 1019 2444 in
1035 2423 1121 2452 regno
1133 2416 1276 2452 {caelorum
1300 2417 1348 2445 illo
1364 2416 1455 2452 major
1475 2424 1538 2444 esse
1559 2416 1678 2449 dicatur.

882 2462 947 2490 alibi
963 2470 979 2491 a
995 2470 1040 2491 me
1050 2463 1223 2498 disputatum
1237 2462 1367 2492 est.Nihil
1386 2471 1451 2491 vero
1464 2463 1603 2499 prohibet,
1624 2470 1680 2498 quo

882 2508 975 2536 minus
986 2509 1029 2544 |ad
1051 2509 1168 2544 petitum
1181 2509 1312 2544 Ivestrum
1334 2509 1425 2537 denuo
1446 2517 1619 2540 maneamus.
1635 2509 1679 2537 di-«

881 2559 956 2581 etum
969 2554 1034 2583 illud
1042 2555 1095 2583 hoc
1105 2555 1158 2583 sibi
1175 2554 1254 2589 velle,
1273 2554 1346 2590 quod
1358 2555 1385 2583 in
1404 2555 1489 2584 veteri
1503 2554 1679 2584 Testamento

80 2608 148 2625 ³⁸·“
160 2608 242 2636 Deut.
259 2617 322 2642 xxv,
341 2609 368 2636 5.
406 2608 429 2624 "
442 2607 530 2635 Levit.
550 2607 685 2642 “111,16.
724 2608 747 2625 “
764 2608 860 2637 Matth.
876 2619 915 2644 ar,
930 2612 972 2639 ll.

797 2658 917 2686 ΝΟΤΔΕ.

64 2704 126 2741 (95)
145 2705 188 2741 ιω
204 2704 297 2741 scribo
312 2712 362 2740 pro
379 2705 604 2741 Κατηρήπωσαν.

63 2740 125 2775 (96)
143 2740 384 2774 Respicitasinam
399 2741 518 2768 Balaami
530 2740 611 2768 Nutu.
637 2749 694 2768 xm
707 2762 714 2775 ,
729 2741 775 2769 9.3.

63 2774 125 2809 (9'1)
153 2775 187 2801 ‘H
202 2774 279 2802 Colb.
296 2782 345 2809 pro
359 2776 418 2802 καί.

145 2809 186 2836 Τὸ
197 2809 240 2845 μή
254 2810 343 2838 alieno
359 2811 421 2838 loco
444 2811 562 2846 positum
597 2816 648 2844 est,
681 2817 708 2839 et
732 2813 835 2840 rectius

22 2850 240 2916 οηίίὲὶῃὸἔηυο
272 2885 465 2916 argumentum
495 2889 522 2917 q.
553 2881 681 2910 CCXXIII
720 2882 834 2912 Photius

200 2929 340 2964 Ριηοι..
361 2930 424 2961 Gn.
441 2929 498 2962 CI.

1062 2744 1169 2781 scilicet
1185 2752 1378 2781 argumentum
1391 2745 1504 2773 Photius
1534 2745 1677 2781 persequi-

885 2783 942 2816 tur1
953 2779 1002 2816 sed
1017 2780 1070 2807 alia
1084 2780 1205 2816 quadam
1219 2779 1339 2814 ratione,
1353 2781 1380 2808 in
1396 2781 1510 2816 epistola
1530 2779 1582 2808 I255
1593 2780 1678 2816 (nunc

884 2822 911 2849 q.
929 2814 992 2849 222)
1008 2822 1070 2849 qua:
1088 2814 1147 2850 ipsa
1177 2816 1289 2846 totidem
1313 2814 1458 2845 verbis-in
1484 2814 1676 2851 Amphilocltiis

885 2854 973 2877 exstat
987 2858 1064 2878 num.
1080 2850 1142 2878 I76.

1461 2933 1499 2965 3'1
