1886 3071
223 195 292 227 1155

805 187 935 219 ΡΗΟΤΙΙ
954 186 1206 217 PATRIARCILE
1221 187 1276 216 (ΞΡ.

1781 185 1852 217 1156

215 261 269 279 non
294 250 444 279 surrexerit
468 250 599 285 propheta
627 248 687 283 ipso
720 247 818 282 major.
845 247 892 274 llle
925 245 998 273 cnim

1083 245 1197 281 ιρίστησι
1216 244 1328 280 μείζονα
1346 244 1490 278 προφήτην
1512 243 1606 272 αὑτοῦ.
1622 244 1678 270 Καὶ
1695 243 1750 278 γὰρ
1775 243 1851 278 πλη-

213 295 282 330 quod
306 295 338 322 ad
363 297 470 329 tempus
486 293 597 321 Christo
622 292 766 327 proximus
783 296 852 324 erat,
866 295 893 318 et
919 298 1001 318 voca-

213 343 293 368 batur
310 350 320 367 ι
342 349 393 368 vox
411 340 576 368 clamantis:
600 339 697 366 Parate
719 338 791 365 viam
809 337 917 365 Domini
935 337 969 368 ‘7,
989 345 998 362 ι

213 386 407 421 pronuntians.
424 385 568 420 Scriptura
586 385 680 420 itaque
699 383 748 416 ait,
769 383 843 418 quod
859 389 940 410 nemo
955 382 1001 409 illo

213 431 300 466 major
311 430 480 463 surrexerit;
495 437 548 456 non
563 436 628 456 vero
643 429 703 456 ideo
719 429 839 464 cogitare
853 435 904 456 nos
913 427 1000 463 jubet,

211 477 286 511 quod
308 476 380 503 idem
397 475 425 503 in
443 475 570 510 gradum,
588 474 696 502 caeteris
715 474 845 502 omnibus
862 474 1000 506 altiorem,

211 522 294 549 fuerit
317 525 439 549 evectus.
465 520 522 549 Hoc
545 528 621 553 vero,
650 520 724 555 quod
749 519 909 547 Praecursor
937 518 1001 546 aliis

211 567 341 595 omnibus
354 567 442 601 major
455 566 501 599 sit,
518 573 574 593 nou
589 565 715 601 prohibet
743 564 894 600 quominus
920 564 998 592 multi

212 615 258 642 alii
275 614 395 650 aequales
410 610 463 648 ipsi
478 613 642 641 habeantur.

251 661 376 687 Alterum
392 666 458 686 vero
474 658 540 686 illud
555 667 562 685 ε
582 668 592 684 ι
608 657 738 685 Minimus
750 664 826 690 vero,
845 656 932 691 major
949 656 995 683 illo

211 710 272 739 est;
290 715 299 731 ι
313 705 358 732 alii
374 705 483 740 quidem
498 704 533 732 de
548 703 659 731 Christo
668 702 818 738 accipiunt,
834 702 1001 737 qui,quam-

211 752 253 779 vis
265 751 399 778 Dominus
411 753 494 783 esset,
508 753 588 778 aetate
597 753 688 776 tamen
703 748 881 784 corporisque
896 751 1001 774 statura

212 803 240 825 et
253 798 324 833 vulgi
341 797 447 832 judicio
466 805 499 823 eo
513 799 638 830 tempore
656 795 747 822 minor
767 794 926 821 haberetur.
945 792 1001 827 Ego

212 850 288 875 vero,
307 846 337 869 ut
355 841 420 869 alibi
433 841 466 869 de
480 841 534 868 hoc
549 844 691 867 momento
706 839 870 867 sententiam
882 838 950 869 dixi,
964 838 1001 864 ita

213 887 279 914 huic
293 886 459 922 expositioni
480 886 613 921 phrasin:
633 895 643 912 ‹
661 886 732 913 Inter
747 889 826 913 natos
846 892 879 912 ex
901 883 1001 912 mulic-
1026 912 1029 915 ,

1056 291 1192 322 σιαίτατός
1206 299 1236 316 τε
1255 290 1326 317 κατὰ
1340 290 1402 320 τοὺς
1412 289 1526 324 χρόνους
1539 289 1635 324 γέγονε
1648 288 1696 315 τοῦ
1715 290 1850 325 Χριστοῦ,

1055 337 1102 363 καὶ
1118 346 1127 362 ι
1143 336 1219 372 φωνὴ
1236 335 1351 371 βοῶντος
1363 335 1582 369 ἀναγέγραπται,
1599 335 1780 370 Ἑτοιμάσατε
1797 336 1851 369 τὴν

1054 382 1112 409 ὁδὸν
1125 382 1171 409 τοῦ
1191 382 1305 418 Κυρίου,
1334 391 1344 408 ι
1361 381 1585 413 διασαλπίζουσα.
1610 381 1680 416 Φησὶ¹
1694 380 1718 407 δ’
1731 380 1780 407 οὖν
1800 381 1851 407 καὶ

1055 427 1086 454 τὸ
1103 428 1232 464 γράμμα,
1248 427 1284 459 ὼς
1305 426 1387 454 αὑτοῦ
1412 427 1461 462 μὲν
1477 426 1579 462 μείζων
1606 426 1684 458 ἄλλος
1708 427 1760 453 οὐκ
1781 427 1850 461 ἐγή-

1055 481 1169 508 γερται,
1192 472 1222 499 οὐ
1247 471 1450 506 συναναγκάζει
1476 471 1504 498 δὲ
1529 471 1609 503 νοεῖν,
1631 471 1670 503 ὡς
1693 467 1775 503 οὗτος
1793 471 1851 497 τῶν

1055 517 1183 544 ἁπάντων
1200 518 1240 549 εἰς
1253 517 1357 552 βαθμὸν
1369 517 1512 552 ,ἀνέδραμε
1527 516 1648 551 μείζονα.
1660 515 1698 542 Τὸ
1714 516 1742 542 δὲ
1756 516 1795 551 μὴ
1810 516 1850 549 (2)

1056 561 1167 598 μείζονα
1180 562 1226 590 τὸν
1241 562 1397 598 Πρόδρομον
1414 561 1469 589 τῶν
1482 561 1570 588 ἄλλων
1582 559 1662 594 εἶναι,
1675 561 1757 587 τοῦτο
1770 561 1851 587 οὐδὲν

1055 607 1154 635 κωλῦει
1173 607 1286 639 πολλοὺς
1300 607 1464 643 συνδραμεῖν
1478 606 1552 642 αὐτῷ
1568 607 1636 642 πρὸς
1652 606 1774 642 ἰσότητα.

1089 657 1127 683 Τὸ
1143 656 1234 692 μέντοι
1246 664 1255 672 θ
1273 665 1282 682 ι
1293 656 1323 683 '0
1332 656 1360 683 δὲ
1375 655 1536 691 μικρότερος
1548 655 1631 682 αὐτοῦ
1647 654 1750 689 μείζων
1763 653 1849 680 αὑτοῦ

1054 703 1138 735 ἔστιν,
1161 712 1171 729 ›
1190 703 1215 729 οί
1230 703 1279 738 μὲν
1290 702 1462 736 ὲξειλήφασιν
1475 701 1540 736 περὶ
1549 701 1595 727 τοῦ
1609 699 1741 736 Χριστοῦ,
1758 700 1851 735 χρόνῳ

1053 757 1083 774 τε
1112 748 1160 775 καὶ
1189 749 1222 782 τῇ
1257 748 1304 774 τοῦ
1333 747 1458 783 σώματος
1477 747 1629 782 ἀναδρομῇ,
1660 746 1708 772 καὶ
1730 747 1764 780 τῇ
1790 746 1849 771 τῶν

1055 792 1160 819 πολλῶν
1185 792 1316 827 ὑπολήψει
1336 792 1396 818 κατ’
1414 792 1502 818 ἐκεῖνο
1516 791 1613 826 καιροῦ
1626 790 1656 817 τὺ
1682 791 1850 826 μικρότερον

1054 837 1238 873 ἁποφέροντος
1251 837 1298 864 τοῦ
1309 837 1456 865 Δεσπότου.
1474 835 1553 871 Ἐμοὶ
1568 836 1597 862 δὲ
1607 835 1686 863 τοῦτο
1699 837 1748 863 καὶ
1763 836 1849 863 ἀλλα-

1051 882 1102 918 ’χοῦ
1113 883 1164 918 τῆς
1178 883 1336 918 πρεπούσης
1348 882 1453 918 διαίτης
1465 881 1579 917 ἠξίωται
1606 881 1692 917 (5-4).
1713 881 1781 908 ἀλλὰ
1798 882 1850 908 καὶ

213 932 303 965 ribus,
324 941 333 958 ι
352 931 492 959 adversari
508 931 648 959 existimo.
668 930 796 958 Christus
811 930 885 958 enim
901 938 955 957 non
968 936 1001 956 ex

1099 940 1108 956 ι
1127 931 1156 957 ὲν
1172 931 1295 965 γενητοῖς
1311 929 1447 963 γυναικῶν
1465 938 1474 954 ι
1490 928 1548 962 ἔχει
1576 936 1604 954 τι
1630 927 1797 954 ἀντιπῖπτον
1812 928 1847 961 τῇ

213 975 329 1003 muliere
342 974 515 1010 simpliciter,
528 974 575 1002 sed
589 981 622 1002 ex
635 973 746 1009 Virgine
758 977 840 1001 natus
851 978 891 1000 est
904 982 910 1000 :
925 973 1002 1008 virgo

213 1028 279 1047 vero
294 1021 393 1048 mulier
408 1020 518 1055 proprie
537 1019 670 1055 appellari
690 1026 744 1046 non
763 1022 865 1054 potest,
882 1017 934 1045 nisi
954 1025 1003 1045 vo-

212 1073 270 1092 cem
287 1073 321 1093 eo
340 1065 494 1101 signiﬁcatu
516 1065 630 1092 induere
644 1064 721 1097 velis,
738 1071 794 1098 quo
806 1063 887 1090 divus
901 1063 1002 1090 Paulus

215 1119 281 1139 usus
302 1116 354 1144 est,
374 1111 468 1139 dicens
488 1120 494 1138 :
517 1121 525 1137 ι
544 1109 630 1138 Natus
651 1118 684 1138 ex
707 1109 824 1138 muliere
841 1109 875 1137 "‘.
898 1119 907 1135 ›
933 1109 1001 1136 Cum

212 1158 294 1192 igitur
307 1157 433 1185 Christus
450 1165 485 1185 ex
503 1156 625 1192 Virgine,
647 1164 701 1183 non
727 1161 819 1183 autem
843 1155 954 1190 proprie
968 1163 1002 1182 cx

213 1203 337 1236 muliere,
356 1207 436 1230 natus
451 1203 498 1236 sit,
512 1203 610 1230 merito
625 1202 736 1237 quidem
757 1209 773 1228 a
784 1201 1000 1235 comparatione,

211 1258 275 1277 eum
297 1249 403 1277 Joanne
424 1249 604 1282 instituenda,
623 1247 783 1276 distinxisse
805 1254 836 1275 se
859 1246 1002 1274 existima-

212 1295 296 1322 hitur.

247 1339 301 1366 Alii
317 1346 380 1366 vero
391 1338 561 1366 contendunt
583 1339 716 1366 minorem
730 1338 756 1365 in
771 1345 856 1374 regno
869 1338 1001 1366 cmlorum

213 1387 267 1413 hoc
287 1386 347 1413 loco
359 1393 422 1413 eum
437 1385 503 1418 dici,
518 1385 565 1420 qui
581 1385 676 1419 gratim
700 1385 764 1412 novi
783 1385 896 1413 foederis
912 1384 1002 1412 factus

216 1430 253 1458 sit
269 1431 405 1465 particeps
419 1439 425 1457 :
449 1430 500 1457 hoc
515 1430 619 1458 scilicet
636 1438 731 1464 sensu,
746 1430 884 1458 neminem
901 1437 933 1457 ex
955 1429 1000 1462 iis,

213 1477 259 1510 qui
272 1476 323 1503 sub
336 1476 393 1510 lege
403 1475 488 1510 geniti
501 1475 568 1508 sint,
583 1475 742 1504 hominibus
755 1476 860 1504 Joanne
870 1475 1002 1511 majorem

215 1529 293 1554 esse;
317 1529 349 1548 ex
371 1521 405 1548 iis
422 1529 499 1554 vero,
525 1521 572 1556 qui
595 1525 659 1556 post
683 1523 799 1557 gratiam
821 1522 998 1557 przedicatam

212 1567 379 1599 exstiterint,
393 1567 477 1594 etiam
495 1567 637 1594 minimum
653 1568 760 1602 priores
779 1572 872 1602 partes
897 1567 924 1594 in
939 1572 1001 1594 tan-

215 1618 271 1641 tum
284 1617 388 1646 tenere,
407 1613 435 1640 in
453 1617 587 1648 quantum
603 1598 663 1640 istis
685 1598 822 1640 mactatus
842 1617 885 1640 est
909 1613 1001 1646 bonis,
1016 1598 1037 1628 θ

213 1667 333 1694 quorum
347 1659 392 1687 ille
403 1657 547 1695 (Joannes)
558 1666 613 1686 non
626 1662 690 1686 ante
702 1659 792 1687 factus
806 1659 843 1686 sit
853 1659 1001 1694 particeps.

214 1705 243 1733 Si
259 1705 323 1740 quis
339 1705 410 1732 enim
429 1704 536 1732 ratione
559 1708 685 1740 typorum
701 1708 728 1731 et
749 1704 943 1739 praeludiorum
960 1704 1003 1731 di‘

214 1752 320 1787 gnitate
343 1757 370 1779 et
392 1751 582 1786 praerogativis
600 1751 736 1778 maximus
759 1751 904 1782 habeatur,
931 1750 1002 1777 idem

215 1804 319 1831 tamen,
338 1797 433 1826 habito
460 1797 494 1824 ad
520 1805 565 1824 res
593 1797 676 1832 ipsas,
699 1804 762 1831 quae
784 1803 868 1831 opere
889 1796 949 1831 ipso
974 1802 1004 1823 se

215 1845 319 1872 sistunt
334 1849 362 1872 et
379 1843 601 1879 conspiciuntur,
625 1847 764 1878 respectu,
782 1849 923 1877 nunquam
939 1849 1005 1869 cau-

214 1895 274 1915 sam
293 1888 438 1920 invenerlt,
455 1894 505 1914 cur
521 1895 550 1915 se
564 1894 627 1914 cum
642 1893 685 1920 eo,
699 1887 747 1921 qui
761 1886 906 1914 minimum
921 1885 1005 1913 etiam

216 1933 308 1960 locum
328 1936 431 1965 tuetur,
456 1935 607 1967 comparet.
627 1931 761 1964 Quamvis
786 1931 861 1959 enim
885 1932 1005 1959 Joannes

216 1979 356 2006 Christum
377 1978 467 2013 ipsum
489 1978 600 2011 viderit,
626 1978 754 2013 sacrique
779 1978 879 2006 lavacri
904 1983 1006 2014 myste—

216 2024 290 2050 rium
315 2023 525 2056 administrarit,
540 2023 676 2059 Agnique,
701 2027 813 2058 peccata
835 2023 930 2050 mundi
954 2023 1006 2050 tol-

218 2069 314 2102 lentis,
328 2069 406 2096 testis
418 2069 554 2097 exstiterit
566 2077 622 2097 non
636 2069 817 2102 inﬁciandus;
832 2068 903 2096 idem
915 2073 1006 2097 tamen

219 2122 252 2142 eo
271 2118 405 2150 tempore,
429 2122 484 2150 quo
508 2115 552 2142 lex
573 2119 601 2142 et
626 2115 730 2142 umbrae
751 2114 841 2142 adhuc
864 2118 943 2141 erant
964 2122 1007 2142 su-

219 2161 359 2195 perstites,
387 2168 437 2188 nec
461 2161 548 2196 gratia
568 2161 641 2189 clare
664 2160 799 2196 pleneque
821 2160 956 2194 eluxerat,
973 2168 1007 2188 ex

219 2207 275 2234 vita
289 2208 417 2236 excessit.
431 2207 501 2235 Cum
526 2207 600 2235 enim
618 2207 644 2234 in
663 2214 774 2235 carcere
796 2212 959 2241 versaretur,
981 2212 1008 2236 et

219 2253 287 2279 czedi
311 2261 366 2280 non
382 2252 550 2288 promerita),
571 2257 681 2288 propter
696 2252 961 2281 animadversionem
979 2254 1006 2280 in

219 2298 337 2326 violatas
350 2299 424 2334 leges
445 2298 595 2331 Mosaicas,
608 2298 665 2332 jam
682 2297 822 2333 subjectus
844 2302 927 2331 esset,
950 2303 1007 2326 tum

220 2344 331 2371 demum
348 2343 481 2371 Dominus
505 2347 612 2375 noster,
636 2341 715 2371 Jesus
738 2342 877 2377 Christus,
894 2351 1009 2379 regnum

220 2390 268 2417 Dei
285 2390 437 2425 praedicare
457 2388 615 2423 incipiebat.
630 2388 778 2424 Propterea
800 2397 883 2417 nemo
901 2397 1009 2421 eorum.

219 2437 266 2471 qui
278 2444 311 2464 ex
327 2443 398 2471 aqua
408 2440 435 2462 et
447 2434 551 2470 Spiritu
562 2435 714 2470 regenerati
724 2439 815 2469 erant,
829 2440 855 2463 et
875 2436 1010 2464 Paracleti

220 2489 336 2509 accessu
362 2481 497 2516 donisque
523 2481 598 2516 digni
621 2481 804 2514 habebantur,
834 2483 970 2511 secundas
994 2490 1009 2510 a

221 2527 327 2555 Joanne
353 2530 445 2562 partes
465 2531 557 2554 tenere
580 2526 697 2562 judicari
726 2527 825 2562 possit.
855 2527 913 2555 lmo
943 2535 1009 2556 vero

223 2572 306 2600 etiam
319 2573 353 2606 is,
361 2572 408 2608 qui
421 2572 546 2600 inﬁmum
557 2572 648 2600 locum
660 2577 786 2607 occupet,
799 2573 873 2601 illius
883 2578 1009 2608 respectu

257 2639 279 2656 "
290 2640 384 2668 Matth.
403 2647 443 2675 In,
461 2640 487 2668 5.
507 2640 531 2656 ιδ
547 2639 636 2668 Galat.
653 2647 691 2673 iV,
705 2641 732 2667 4.

1053 974 1242 1010 προειρημένῃ
1261 973 1419 1006 ἀναπτύξει.
1436 973 1473 999 Οὐ
1490 973 1544 1008 γὰρ
1557 974 1590 999 ὲκ
1607 972 1734 1006 γυναικὸς
1752 972 1848 1004 ἁπλῶς

1053 1019 1198 1054 γεγένηται
1212 1020 1226 1045 ὁ
1245 1019 1375 1053 Χριστὸς,
1391 1017 1449 1044 ἀλλ’
1460 1019 1493 1044 ἐκ
1508 1017 1659 1053 Παρθένου.
1677 1017 1709 1043 Ἦ
1731 1017 1760 1044 δὲ
1771 1018 1850 1052 Παρ-

1054 1064 1130 1096 Θένος
1144 1065 1194 1091 οὐκ
1209 1065 1242 1091 ἂν
1260 1064 1362 1099 κυρίως
1374 1063 1585 1100 κληθείηλιυνὴ,
1600 1065 1624 1090 εί
1639 1064 1677 1099 μή
1699 1072 1742 1095 τις
1759 1065 1848 1092 ἐθέλοι

1052 1110 1091 1144 τῷ
1109 1111 1211 1146 ῥήματι
1227 1110 1463 1146 καταχρήσασθαι,
1479 1110 1516 1142 ὥς
1533 1118 1584 1136 που
1600 1110 1648 1136 καὶ
1671 1111 1686 1136 ό
1703 1109 1847 1142 θεσπέσιος

1053 1154 1159 1187 Παῦλός
1186 1163 1271 1190 φησι·
1310 1165 1318 1182 ι
1343 1155 1489 1190 Γενόμενος
1527 1155 1559 1182 ὲκ
1587 1155 1725 1189 γυναικός.
1749 1165 1758 1182 ι
1799 1156 1847 1182 Ἐκ

1053 1201 1192 1237 Παρθένου
1208 1201 1280 1229 οὖνό
1307 1201 1424 1238 Χριστὸς
1440 1201 1590 1236 προελθὼν,
1611 1201 1669 1228 ἀλλ’
1687 1202 1718 1228 οὐ
1744 1202 1847 1237 κυρίως

1053 1249 1086 1274 ἐκ
1100 1247 1240 1281 γυναικὸς,
1257 1247 1355 1274 ἑαυτὸν
1369 1247 1403 1274 ἂν
1418 1247 1457 1282 (5)
1474 1238 1626 1279 ἐξωτάττοι
1642 1247 1692 1282 τῆς
1716 1247 1786 1282 πρὸς
1802 1248 1848 1273 τὸν

1060 1293 1185 1328 Ἰωάννην
1196 1293 1374 1328 συγκρίσεως.

1090 1339 1200 1374 ’Έτεροι
1224 1339 1253 1366 δέ
1279 1347 1344 1373 φασι
1375 1339 1538 1375 μικρότερον
1559 1340 1587 1366 ὲν
1602 1340 1635 1374 τῇ
1651 1338 1776 1374 βασιλεία
1791 1339 1849 1366 τῶν

1053 1385 1174 1421 οὐρανῶν
1184 1385 1300 1412 ἐνταῦθα
1308 1385 1434 1421 εἰρῆσθαι
1443 1386 1489 1412 τδν
1496 1385 1646 1418 ἀξιωθέντα
1659 1386 1709 1421 τῆς
1724 1386 1848 1422 χάριτος.

1055 1432 1098 1458 ῖνα
1110 1431 1153 1468 εἴη
1170 1431 1291 1459 τοιοῦτον
1306 1433 1320 1459 ὁ
1336 1432 1408 1464 νοῦς·
1425 1432 1488 1459 Τῶν
1499 1432 1550 1468 μὲν
1564 1433 1635 1460 κατὰ
1656 1433 1756 1468 νόμους
1767 1441 1850 1468 γεγο-

1054 1479 1137 1506 νότων
1150 1478 1302 1514 ἁνθρώπων
1312 1478 1399 1510 οὐδεὶς
1414 1478 1449 1505 ἂν
1461 1479 1505 1514 εἴη
1522 1479 1569 1505 τοῦ
1586 1479 1710 1506 Ἰωάννου
1728 1480 1845 1515 μείζων·

1054 1525 1108 1552 τῶν
1125 1524 1154 1552 δὲ
1180 1525 1249 1560 μετὰ
1276 1524 1326 1560 τὴν
1342 1523 1423 1560 χάριν
1439 1524 1630 1558 ἁναφανέντων
1653 1525 1716 1551 ὅσον
1739 1526 1786 1552 ἐπὶ
1808 1526 1853 1560 τῷ

1055 1571 1216 1606 ἀξιωθῆναι,
1243 1567 1281 1598 ὧν
1310 1571 1411 1602 ἐκεῖνος
1442 1571 1493 1597 οὐκ
1519 1570 1620 1604 ἔφθασε
1649 1572 1752 1606 τυχεῖν,
1777 1572 1855 1598 κατά

1054 1617 1133 1644 τοῦτο
1145 1617 1176 1644 τὸ
1186 1617 1246 1644 κατ’
1257 1615 1340 1643 αὐτοῦ
1359 1616 1450 1652 μεῖζον
1467 1617 1481 1642 ό
1490 1616 1655 1651 μικρότερος
1668 1616 1855 1650 ἀπενέγκοιτο

1055 1664 1098 1692 ἄν.
1116 1663 1171 1690 Καὶ
1187 1663 1243 1699 γὰρ
1256 1664 1346 1694 ὁποῖος
1355 1663 1388 1689 ἄν
1402 1671 1444 1694 τις
1460 1662 1498 1689 ὣν
1513 1663 1543 1689 ἐν
1556 1663 1611 1694 τοῖς
1622 1662 1719 1694 τύποις
1733 1664 1781 1689 χαί
1794 1665 1856 1695 τοῖς

1055 1709 1284 1744 προχαράγμασιν
1304 1707 1375 1735 κατὰ
1395 1708 1509 1743 μέγεθος
1525 1708 1572 1734 καὶ
1592 1707 1671 1739 δόξαν
1696 1708 1854 1744 προκριθῇ,

1055 1752 1132 1786 οὗτος
1146 1754 1200 1781 τῶν
1213 1755 1242 1781 ὲν
1253 1756 1286 1790 τῇ
1306 1753 1421 1789 ἀληθεία
1438 1754 1485 1780 καὶ
1502 1753 1594 1784 αὐτοῖς
1620 1755 1677 1785 τοῖς
1703 1754 1857 1789 πράγμασι

1030 1813 1033 1815 ·
1057 1801 1280 1835 συντεταγμένων
1307 1808 1337 1826 τε
1360 1800 1408 1826 καὶ
1431 1799 1624 1833 ἀναφανέντων
1644 1800 1705 1826 οὐδὲ
1729 1800 1779 1826 106
1802 1802 1856 1836 τὴν

1055 1846 1174 1881 ἐσχάτην
1196 1844 1337 1876 δοκοῦντος
1359 1843 1436 1876 τάξιν
1456 1843 1565 1878 ἐπέχειν
1584 1845 1624 1875 εἰς
1641 1844 1753 1879 ίσότητα
1771 1845 1855 1879 λόγον

1056 1892 1177 1927 εὑρήσει.
1194 1890 1224 1917 El
1236 1890 1291 1926 γὰρ
1303 1890 1350 1917 καὶ
1363 1891 1377 1917 ὸ
1394 1889 1521 1924 Ἰωάννης
1536 1890 1675 1926 αὐτόπτης
1688 1890 1787 1924 γέγονε
1802 1891 1855 1918 τοῦ

1057 1935 1186 1972 Χριστοῦ,
1202 1936 1249 1963 καὶ
1264 1934 1301 1970 τῷ
1314 1935 1361 1961 τοῦ
1375 1934 1564 1970 βαπτίσματος
1581 1934 1726 1969 μυστηρίῳ
1746 1934 1855 1970 ὑπηρε-

1057 1983 1167 2018 τήσατο,
1201 1981 1249 2008 καὶ
1277 1982 1383 2016 μάρτυς
1403 1980 1567 2015 διαπρύσιος
1592 1979 1641 2006 τοῦ
1669 1979 1790 2015 Ἀμνοῦ,
1805 1980 1856 2007 106

1058 2029 1181 2064 αἴροντος
1196 2027 1245 2062 τὴν
1263 2026 1403 2061 ἁμαρτίαν
1419 2025 1467 2052 τοῦ
1490 2025 1607 2061 κόσμου,
1626 2026 1745 2060 κατέστη
1758 2034 1767 2042 ·
1794 2026 1855 2053 ἀλλ’

1058 2075 1108 2102 οὐκ
1121 2074 1160 2110 (6)
1173 2073 1213 2100 ἑτι
1227 2072 1274 2100 τοῦ
1292 2073 1375 2108 νόμου
1386 2072 1434 2098 καὶ
1446 2072 1495 2107 τῆς
1507 2072 1588 2103 σκιᾶς
1603 2072 1632 2098 ὲν
1643 2073 1700 2103 τοῖς
1713 2072 1856 2106 λειψάνοις

1060 2119 1227 2154 σωζομένης,
1255 2117 1302 2144 καὶ
1333 2117 1416 2152 μήπω
1439 2115 1567 2151 καθαρῶς
1587 2116 1634 2143 καὶ
1663 2116 1777 2148 τελείως
1805 2118 1855 2152 τῆς

1059 2164 1171 2199 χάριτος
1196 2162 1415 2198 ἁναλαμψάσης,
1443 2161 1523 2193 αὐτὸς
1556 2161 1674 2197 μετέστη
1703 2161 1752 2188 τοῦ
1783 2162 1854 2197 βίον.

1069 2210 1146 2237 Ἐπεὶ
1165 2209 1220 2244 γὰρ
1230 2208 1260 2235 τό
1279 2217 1310 2234 τε
1324 2208 1428 2242 οἴκημα
1442 2207 1545 2242 ᾤκησε,
1560 2207 1607 2233 καὶ
1624 2207 1673 2242 τὴν
1688 2207 1732 2234 ἐπ’
1748 2208 1855 2243 ἐλέγχῳ

1059 2255 1108 2290 τῆς
1120 2253 1174 2282 τῶν
1183 2252 1338 2281 Μωσαῖκῶν
1346 2253 1435 2287 νόμων
1451 2252 1635 2287 παραὸάσεως
1644 2251 1737 2279 ἄδικον
1746 2253 1854 2289 ὑπέστη

1061 2300 1179 2335 σφαγὴν,
1194 2298 1263 2334 μετὰ
1273 2298 1357 2325 ταῦτα
1378 2298 1480 2333 ἧρξατο
1496 2299 1510 2324 ὁ
1528 2298 1632 2334 Κύριος
1648 2298 1729 2333 ἡμῶν
1745 2299 1855 2334 Ἰησοῦς

1058 2346 1177 2381 Χριστὸς
1189 2344 1336 2380 κηρύττειν
1356 2344 1390 2371 τὰ
1405 2344 1469 2380 περὶ
1480 2343 1532 2379 τῆς
1545 2344 1684 2379 βασιλείας
1701 2344 1748 2371 106
1772 2345 1852 2372 Θεοῦ.

1059 2391 1114 2418 Καὶ
1132 2391 1177 2418 διὰ
1197 2391 1286 2422 τοῦτο,
1310 2391 1368 2417 ὅσοι
1393 2399 1422 2417 τε
1446 2389 1481 2416 δι’
1507 2389 1605 2422 ὓδατος
1626 2391 1674 2416 καὶ
1694 2390 1864 2426 Πνεύματος·

1058 2436 1300 2472 ὰνεγεννήθησαν,
1333 2435 1380 2462 καὶ
1408 2435 1458 2470 τῆς
1488 2435 1688 2471 ὲπιφοιτήσεως
1721 2432 1770 2463 καὶ
1799 2438 1855 2463 τῶν

1058 2482 1238 2519 χαρισμάτων
1250 2482 1298 2509 τοῦ
1314 2482 1492 2518 Παρακλήτου
1505 2481 1673 2517 ἠξιώθησαν,
1689 2482 1797 2510 τούτων
1805 2485 1855 2510 οὐκ

1057 2529 1090 2556 ἄν
1106 2537 1146 2560 τις
1159 2528 1193 2555 τὰ
1209 2527 1350 2563 δευτερεῖα
1366 2528 1443 2563 σχοίη
1463 2527 1509 2554 τοῦ
1532 2529 1670 2556 Ἰωάννου.
1691 2529 1775 2556 Ἀλλὰ
1800 2530 1857 2565 γὰρ

1059 2574 1132 2600 καὶὸ
1157 2574 1207 2608 τὴν
1231 2572 1393 2600 τελευταίαν
1419 2573 1496 2607 τάξιν
1521 2573 1612 2610 λαχὼν
1633 2575 1664 2601 τὺ
1693 2576 1755 2602 κατ’
1771 2575 1856 2602 αὑτοῦ

971 2719 1086 2748 NOTAE.

258 2775 297 2812 (2)
310 2777 347 2813 μή
357 2776 424 2804 illud
439 2783 596 2812 expungere
613 2784 660 2813 res
677 2776 735 2812 ipsa
748 2775 956 2813 jubet._gNatum
975 2776 1008 2804 il-

221 2811 268 2840 lud
282 2811 388 2840 videtur
418 2818 452 2839 ex
466 2811 560 2848 prima
573 2811 773 2848 _syllaba’vocis
797 2811 918 2847 μείζονα,
934 2819 1005 2848 quae,

220 2848 328 2910 inhione
342 2847 581 2910 pr‘onunliationis
593 2853 663 2876 tunc
670 2851 798 2883 receptae,
810 2854 873 2875 cum
889 2853 955 2876 voce
968 2847 1006 2883 μὴ

239 2890 254 2910 l
273 2891 316 2910 em
339 2890 368 2911 es
382 2900 391 2909 υ

1099 2776 1171 2838 (5-,?
1185 2776 1245 2804 Vid.
1262 2777 1406 2817 epistolam
1426 2778 1508 2806 modo
1543 2779 1707 2814 appellatam
1737 2787 1764 2815 ρ.
1790 2779 1856 2813 181,

1099 2817 1128 2838 ιι.
1169 2817 1364 2838 ontacuuame.

1061 2812 1128 2839 edit.
1141 2812 1364 2840 Montacutianze.

1097 2846 1135 2881 (5)
1150 2847 1202 2873 ’Δν
1215 2853 1257 2875 est
1272 2855 1305 2874 ex
1319 2847 1393 2876 Colb.

1102 2881 1139 2917 (6)
1159 2881 1318 2917 chendum
1348 2886 1415 2918 puto
1436 2883 1493 2910 οὖν.
