1886 3071
202 287 319 319 poterat,
337 281 442 309 exitum
465 277 572 310 habuit,
592 281 683 310 neque
696 272 818 309 precatio
830 270 876 297 illa
891 272 992 296 eventu
1010 270 1031 297 Α

204 332 365 359 conﬁrmata
387 332 440 356 est.
467 325 600 354 Dominus
623 322 694 350 enim
722 324 826 350 noster,
852 317 993 345 hominum

205 374 425 405 amantissimus,
435 371 600 408 generisque
612 366 698 395 nostri
711 365 848 396 Salvator,
857 366 996 398 precatur,

205 430 241 449 ne
251 426 390 449 statuatur
401 407 455 446 hoc
467 420 608 454 peccatum
622 414 689 446 illis,
700 412 745 447 qui
758 419 788 439 se
798 407 997 439 crucilixeriut,

207 467 327 503 primum
342 465 454 500 quidem
471 463 543 496 ideo,
559 465 590 488 ut
606 457 790 487 humanitatis
804 455 885 483 nobis
895 458 922 481 et
938 460 999 479 mu-

208 519 262 542 tua:
277 510 477 541 benevolentiae
489 507 646 542 exemplum
664 505 756 536 sistat,
778 506 807 528 ut
831 508 867 528 ne
889 499 916 526 in
938 498 1000 526 illos

209 568 329 597 quoque,
348 548 523 594 quimortem
537 553 616 581 nobis
631 548 784 578 machinari
797 546 933 578 videntur,
949 544 1000 577 ira,

211 604 440 636 excandescentia
466 607 494 630 et
514 600 583 629 diris
608 597 783 625 invehamur.
809 592 912 619 Deinde
937 597 1003 618 vero

213 658 341 689 precatur
359 651 453 682 etiam,
475 656 510 676 ne
532 647 587 675 illis
609 646 748 672 statuatur
773 641 826 668 hoc
850 641 1004 674 peccatum,

213 700 260 736 qui
276 699 410 726 desistant
423 703 438 723 a
454 694 538 726 malo,
564 699 616 720 nec
629 697 712 725 porro
733 688 761 716 in
777 686 849 714 idem
870 683 1005 720 protervi-

215 728 279 773 tlatis
301 749 328 771 ct
346 740 530 778 improbitatis
552 738 662 767 culmen
684 733 848 763 evehantur.
869 731 941 763 Jam,
959 728 1006 764 qui

214 791 382 819 destiterunt
394 796 409 815 a
422 786 540 819 malitia,
554 783 610 811 illis
623 788 705 818 poena
717 777 859 807 commissi
882 774 1007 804 criminis

217 842 271 861 non
292 831 393 860 inﬂicta
409 835 461 858 est.
476 828 554 856 Multi
568 827 642 855 enim
662 824 821 852 Iudaeorum
843 828 898 848 non
919 820 1008 848 solum

219 879 327 906 veniam
342 877 415 904 nacti
437 880 511 908 sunt,
525 873 571 902 sed
588 875 616 899 et
632 871 777 899 veritatem
793 873 888 903 postea
907 865 1009 897 edocti,

218 928 245 951 et
261 923 370 958 pietatis
383 921 475 950 studio
494 919 581 952 ducti,
595 917 643 945 tilii
664 919 692 944 et
715 914 837 943 heredes
857 910 932 947 regni
952 918 1010 939 ca:-

219 969 296 996 lestis
310 971 466 996 evaserunt.
479 965 531 999 Qui
545 971 608 992 vero
622 962 656 990 ab
675 959 827 996 impietatis
845 958 936 986 studio
949 964 1011 992 pro-

220 1015 345 1043 vehendo
359 1014 411 1042 sibi
423 1020 478 1041 non
501 1001 701 1046 temperarunt,
716 1007 763 1036 sed
779 1005 867 1034 caedes
889 1002 1011 1032 caedibus

221 1061 403 1093 cumulantes,
442 1060 470 1087 in
503 1057 651 1085 maximam
674 1053 822 1082 amentiam
856 1055 921 1079 sunt
947 1056 1012 1084 pro-

223 1108 304 1142 lapsi,
325 1106 366 1134 illi
388 1105 498 1141 quidem
515 1103 614 1132 merito
634 1107 730 1137 poenas
746 1099 891 1127 dederunt.
904 1095 1012 1124 Nihilo—

223 1153 314 1180 minus
330 1156 420 1178 tamen
444 1150 502 1177 hzec
527 1146 681 1176 Salvatoris
700 1144 788 1172 nostri
812 1141 934 1178 precatio
952 1144 1012 1168 rata

223 1199 285 1231 fuit,
307 1205 358 1226 nec
372 1204 456 1231 scopo
472 1203 522 1224 suo
534 1194 644 1222 excidit.
660 1191 728 1220 Novi
743 1188 854 1225 quidem
866 1186 1015 1215 nonnullos

223 1245 307 1271 alium
329 1250 441 1271 sensum
461 1241 535 1269 dicto
559 1240 625 1267 huic
641 1237 788 1272 subjicere,
819 1234 892 1270 quod
918 1239 1016 1266 nempe

225 1291 276 1322 illi,
292 1290 339 1325 qui
354 1288 495 1317 Christum
510 1285 718 1320 cruciﬁgebant,
732 1285 761 1309 et
775 1278 946 1316 perpessioni
957 1277 1016 1312 ejus

224 1337 350 1368 aderant,
365 1341 420 1362 non
432 1341 466 1361 ex
477 1331 581 1360 Judaais
590 1331 703 1361 fuerint,
717 1328 763 1356 sed
779 1326 896 1355 Romani
912 1325 1016 1360 potius,

226 1388 253 1411 et
261 1390 293 1410 ex
306 1382 368 1409 aliis
378 1380 506 1416 gentibus
518 1378 584 1411 orti,
598 1385 660 1404 eum
671 1374 758 1403 Judaei
774 1373 894 1409 professi
903 1371 1016 1403 fuerint,

226 1427 366 1456 Christum
381 1424 535 1453 secundum
554 1423 643 1458 legem
659 1427 738 1449 suam
752 1419 822 1446 mori
839 1417 951 1451 deb‘ere,
967 1416 1018 1444 sibi

227 1480 292 1500 vero
302 1480 356 1500 non
366 1471 449 1499 licere
458 1476 625 1505 quemquam
636 1464 926 1499 occiderePostquam
936 1463 1019 1490 etiam

228 1519 370 1547 Christum
395 1516 482 1543 Pilato
508 1514 698 1544 tradiderunt,
723 1510 824 1539 milites
847 1508 966 1536 Romani
994 1512 1021 1535 et

231 1564 376 1601 gentilium
394 1561 442 1590 alii
459 1568 567 1594 eorum,
587 1566 649 1593 qua:
664 1560 759 1592 postea
770 1556 800 1583 in
817 1555 959 1582 Christum
971 1561 1020 1588 pa-

230 1600 394 1643 trabantur,
414 1606 569 1635 administri
593 1608 680 1632 erant.
702 1603 771 1630 Cum
797 1602 871 1629 enim
893 1600 1020 1628 Christus

230 1655 390 1692 prodendus
400 1657 484 1684 esset,
496 1650 595 1684 Judaei,
609 1653 742 1684 tanquam
756 1644 889 1674 Romanis
896 1643 1021 1679 subjecti,

231 1689 283 1728 nec
297 1707 340 1733 ea,
360 1705 422 1734 quae
438 1696 549 1728 vellent,
571 1694 703 1730 perﬁcere
717 1692 852 1724 valentes,
873 1697 928 1718 non
940 1689 1025 1717 aude-

232 1748 300 1775 bant
321 1746 372 1773 soli
395 1749 538 1779 capturam
554 1741 614 1776 ejus
639 1740 791 1774 suscipere.
815 1737 862 1766 sed
884 1736 1024 1770 cohortem

231 1792 325 1829 potius
335 1796 363 1820 et
372 1791 512 1818 tribunum
525 1788 644 1823 aliquem
658 1786 710 1815 sibi
726 1784 886 1821 iungebant.
904 1782 1029 1817 Propter-

233 1846 266 1867 ea
280 1838 414 1866 Dominus
429 1840 535 1868 noster,
552 1833 634 1862 Jesus
649 1833 778 1861 Christus
788 1852 795 1865 ,
819 1834 952 1865 tanquam
974 1828 1028 1856 hu-

235 1885 311 1913 mani
325 1883 433 1920 generis
447 1881 708 1910 amantissimus.et
724 1881 858 1906 creaturae
873 1883 931 1904 suae
947 1881 1029 1910 pros-

235 1919 351 1967 piciens,
364 1928 564 1964 benignitatem
577 1931 603 1954 et
614 1924 813 1953 humanitatem
825 1929 901 1950 suam
911 1919 1030 1956 quadam

237 1963 405 2013 precationis
417 1963 536 2001 formula
549 1975 743 2006 expressurus,
752 1966 821 1994 dicit
833 1974 840 1993 :
853 1974 862 1992 ι
875 1963 914 1992 Ne
925 1967 1031 1991 statuas

238 2008 294 2050 illis
307 2021 361 2048 hoc
371 2023 529 2055 peccatum;
545 2026 553 2043 ι
571 2021 598 2044 et
615 2019 710 2051 postea
725 2012 816 2040 addit:
831 2021 840 2036 ι
854 2009 949 2045 Neque
958 2008 1030 2036 enim

240 2066 345 2098 sciunt,
362 2073 423 2100 qua:
445 2063 560 2091 faciunt.
579 2072 587 2089 ι
613 2060 684 2088 Vere
697 2059 770 2087 enim
796 2060 824 2085 et
845 2055 1032 2083 Romanorum

240 2118 334 2140 turma
347 2116 375 2138 et
385 2110 501 2146 gentiles
514 2107 611 2143 caeteril
624 2106 796 2136 nesciebant,
815 2101 881 2138 quid
900 2101 1031 2128 iacerent.

241 2157 338 2194 Neque
354 2157 428 2185 enim
441 2163 472 2184 ea
488 2159 568 2183 erant
587 2153 687 2186 edocti,
707 2158 768 2187 quae
783 2150 826 2178 lex
847 2152 874 2176 et
893 2147 1035 2184 prophetae

243 2206 278 2234 de
293 2193 328 2233 eo
349 2202 613 2239 praenuntiaverant.
629 2199 761 2226 Precatur
783 2196 886 2231 itaque,
905 2193 1035 2229 inquiunt

242 2251 294 2283 illi,
316 2257 366 2286 pro
381 2247 526 2280 Romanis,
543 2249 571 2274 et
592 2243 742 2281 gentilibus
753 2241 873 2273 caeteris,
895 2243 922 2267 et
941 2245 1035 2274 preca-

771 214 901 246 ΡΗΟΤΙΙ
921 209 1174 243 ΡΛΤΠΙΑΗΟΗᾹΞ
1188 208 1236 238 CP.

1045 266 1130 301 6ηκεν
1146 264 1186 294 είς
1213 261 1312 297 πέρας,
1328 258 1388 285 οὐδὲ
1405 257 1436 284 τὸ
1448 256 1525 287 τέλος
1540 253 1698 289 ἀπείληφεν
1718 253 1734 288 ἡ
1761 251 1842 287 εὐχή.

1047 296 1162 345 Εδχεται
1173 308 1221 343 μὲν
1237 296 1293 341 γὰρ
1308 305 1322 331 ὁ
1337 302 1529 339 φιλάνθρωπος
1543 299 1622 335 ήμῶν
1633 298 1784 332 Δεσπότης,
1799 296 1846 322 καὶ

1047 357 1094 384 τοῦ
1107 356 1203 390 γένους
1214 352 1321 386 Σωτὴρ,
1335 350 1373 386 μὴ
1388 349 1484 383 στῆναι
1507 347 1564 377 τοῖς
1585 343 1779 378 σταυρώσασιν
1793 341 1843 376 τὴν

1049 387 1197 438 ἁμαρτίαν,
1217 398 1297 425 τοῦτο
1316 396 1364 432 μὲν
1380 393 1547 428 ὑπογράφων
1560 392 1626 426 ἡμῖν
1639 387 1847 425 φιλανθρωπίας

1048 433 1151 479 τδπους
1164 446 1212 473 καὶ
1223 445 1273 479 τῆς
1285 443 1354 479 πρὸς
1371 440 1503 482 ἀλλήλους
1515 438 1634 468 εὐνοίας,
1648 436 1692 462 ἵνα
1706 434 1778 470 μηδὲ
1790 433 1848 459 κατ’

1050 495 1139 522 αὐτῶν
1153 492 1208 520 τῶν
1223 490 1373 517 δοκούντων
1401 479 1485 522 φονᾷν
1500 483 1562 511 καθ’
1579 482 1674 519 ἡμῶν,
1690 482 1731 511 είς
1749 479 1850 515 θυμοὺς

1051 539 1207 576 ἐφερόμεθα
1227 536 1296 573 (14),
1312 535 1360 562 καὶ
1373 533 1469 570 ὀργὰς,
1485 530 1623 566 καὶάράς.
1636 529 1758 555 Ἔπειτα
1772 527 1802 554 δὲ
1817 526 1851 561 μὴ

1054 571 1148 620 στῆναί
1164 583 1213 617 μὲν
1228 571 1319 611 αὐτοῖς
1334 578 1480 613 ἐπεύχεται
1495 576 1545 611 τὴν
1563 574 1715 610 ἁμαρτίαν,
1736 571 1851 606 ἱσταμέ-

1054 617 1110 662 νοις
1121 628 1168 655 τοῦ
1189 626 1286 659 κακοῦ,
1305 625 1352 652 καὶ
1373 624 1411 659 μὴ
1435 621 1603 658 πορρωτέρω
1617 619 1785 655 φερομένοις
1809 617 1853 644 ἐπὶ

1055 676 1100 703 τὸν
1116 673 1253 706 αὐτὸντῆς
1266 670 1410 704 ἀσελγείας
1425 676 1455 695 τε
1469 667 1517 694 καὶ
1527 664 1703 701 παρανομίας
1717 663 1854 699 κρημνὸν.

1057 722 1111 750 Καὶ
1127 721 1184 748 ὅσοι
1200 728 1233 754 γε
1256 718 1375 753 ἔστησαν
1389 714 1437 742 τοῦ
1466 712 1565 744 κακοῦ,
1579 712 1629 739 οὐκ
1647 711 1752 745 ἐπέστη
1764 709 1856 740 αὐτοῖς

1057 768 1111 795 οὐδ’
1128 768 1145 802 ὴ
1159 765 1214 792 τῶν
1234 762 1450 799 ἁμαρτηθέντων
1466 760 1541 794 δίκη.
1558 758 1657 785 Πολλοῖ⁵
1673 757 1730 792 γὰρ
1755 757 1791 782 ὲκ
1806 755 1857 782 τῶν

1065 801 1201 842 Ἰουδαίων
1210 812 1239 839 οὺ
1259 810 1339 846 μόνον
1352 809 1400 844 τῆς
1417 806 1585 842 συγγνώμης
1600 804 1780 839 ἀπήλαυσαν,
1793 801 1857 829 ἀλλὰ

1059 861 1108 888 καὶ
1120 860 1170 895 τὴν
1185 857 1315 893 ἀλήθειαν
1337 853 1551 891 μεταμαθόντες,
1574 848 1856 886 προσδεδραμηκότες

1061 909 1095 943 τῇ
1112 894 1249 939 εὐσεϐείᾳ,
1266 903 1321 930 υἱοὶ
1334 902 1382 929 καὶ
1398 899 1563 936 κληρονόμοι
1579 897 1629 933 τῆς
1657 896 1712 923 τῶν
1734 894 1859 930 οὐρανῶν

1027 943 1048 971 Β
1066 940 1205 990 βασιλείας
1224 949 1439 985 ἀπεδείχθησαν.
1454 946 1534 973 Ὅσοι
1557 944 1586 971 δὲ
1609 944 1659 979 τῆς
1682 942 1780 979 πρόσω
1810 940 1860 968 τῶν

1066 986 1161 1027 κακῶν
1177 998 1228 1024 οὐκ
1242 996 1360 1030 ἔστησαν
1376 993 1473 1028 φορᾶς,
1485 990 1553 1018 ἀλλὰ
1568 988 1725 1025 μιαιφονίας
1742 987 1793 1014 ἐπὶ
1808 986 1860 1021 (15)

1069 1044 1237 1082 μιαιφονίαις
1251 1040 1464 1078 προστιθέντες,
1488 1039 1528 1068 εἰς
1558 1036 1674 1071 ἔσχατον
1708 1033 1859 1066 ἐξώκειλαν

1067 1078 1207 1122 ἀπονοίας,
1220 1086 1293 1116 οὗτοι
1309 1086 1357 1123 μὲν
1369 1084 1482 1116 δικαίως
1497 1084 1546 1119 τὴν
1556 1082 1635 1115 δίκην
1647 1080 1784 1107 ἀπέτισαν
1797 1078 1862 1113 (16).

1069 1136 1152 1163 Οὐδὲν
1166 1135 1193 1161 δὲ
1207 1131 1288 1169 ἦττον
1301 1133 1318 1168 ἡ
1332 1130 1379 1158 τοῦ
1393 1130 1520 1164 Σωτῆρος
1534 1127 1603 1162 εὐχὴ
1619 1125 1728 1161 ἔμεινεν
1743 1125 1785 1159 μὴ
1810 1124 1862 1150 δια-

1069 1180 1192 1208 πεσοῦσα
1217 1178 1264 1205 τοῦ
1295 1175 1408 1203 σκοποῦ,
1433 1172 1499 1200 Οἶδα
1530 1172 1559 1199 δέ
1589 1179 1665 1202 τινας
1690 1170 1739 1196 καὶ
1769 1169 1865 1204 ἑτέραν

1070 1226 1198 1261 τοιαύτην
1215 1221 1450 1256 ὺποῦαλλομένους
1464 1218 1584 1246 διάνοιαν
1601 1215 1641 1251 τῷ
1654 1214 1742 1251 ῥητῷ,
1770 1214 1864 1247 ὅτιπερ

1070 1259 1286 1307 οίσταυροῦντες
1297 1268 1343 1294 τὸν
1358 1265 1476 1302 Χριστὸν
1494 1264 1541 1292 καὶ
1557 1263 1692 1298 παρόντες
1712 1259 1752 1295 τῷ
1772 1259 1864 1290 πάθει,

1071 1320 1132 1355 οὐχὶ
1139 1305 1193 1346 τῶν
1206 1315 1340 1344 Ἰουδαίων
1349 1312 1419 1349 ἦσάν
1430 1319 1514 1342 τινες,
1530 1309 1662 1344 Ῥωμαῖοι
1669 1307 1698 1334 δὲ
1707 1305 1815 1342 μᾶλλον
1824 1306 1867 1331 καί

1071 1351 1144 1397 τινες
1155 1363 1186 1396 ὲξ
1198 1363 1298 1397 ἑτέρων
1310 1359 1407 1391 ὲθνῶν,
1418 1357 1472 1384 τῶν
1489 1354 1623 1383 Ἰουδαίων
1632 1351 1867 1387 ἀποφηναμένων,

1073 1413 1111 1443 ὠς
1125 1421 1133 1437 ι
1148 1409 1226 1437 Κατὰ
1234 1408 1280 1435 τὸν
1288 1407 1370 1442 νόμον
1385 1404 1464 1440 ήμῶν
1477 1402 1580 1438 ὀφείλει
1594 1401 1754 1432 ἀποθανεῖν,
1769 1400 1838 1435 ἡμῖν
1845 1398 1869 1424 δὲ

1074 1458 1124 1485 οὐκ
1139 1456 1243 1489 ἔξεστιν
1259 1453 1355 1480 οὐδένα
1363 1450 1535 1478 ἀποκτεῖναι.
1551 1457 1561 1474 ι
1577 1445 1644 1474 Εἶτα
1654 1446 1701 1473 καὶ
1709 1444 1750 1480 τῷ
1762 1444 1870 1478 Πιλὰτῳ

1075 1501 1306 1540 παραδεδωκότων
1321 1498 1366 1526 τδν
1379 1495 1497 1532 Χριστὸν
1512 1495 1537 1522 οί
1554 1494 1687 1529 Ῥωμαῖοι
1702 1490 1871 1526 στρατιῶται

1076 1551 1123 1577 καὶ
1149 1548 1204 1575 τῶν
1230 1545 1333 1573 λοιπῶν
1361 1542 1447 1570 ὲθνῶν
1472 1539 1660 1576 ὑπηρετοῦντα
1688 1537 1788 1564 λοιπὸν
1821 1537 1872 1566 τοῖς

1076 1592 1274 1631 πραττομένοις
1287 1590 1357 1617 κατὰ
1369 1586 1500 1624 Χριστοῦ.
1516 1586 1571 1613 Καὶ
1583 1585 1636 1620 γὰρ
1652 1584 1681 1611 ὲν
1693 1584 1727 1618 τῇ
1741 1582 1874 1618 προδοσῖα

1076 1629 1123 1668 τοῦ
1145 1639 1293 1671 Δεσπότου,
1313 1636 1361 1663 ἂτε
1389 1634 1423 1670 δὴ
1448 1633 1581 1668 ὑπόφοροι
1608 1631 1684 1662 ὄντες
1701 1629 1727 1656 οι
1749 1629 1875 1655 Ἰουδαῖοι

1084 1685 1240 1721 Ῥωμαίοις,
1248 1683 1297 1710 καὶ
1309 1682 1358 1709 οὐκ
1370 1680 1431 1712 ego»,
1438 1679 1529 1710 αὐτοῖς
1539 1677 1681 1712 πράττειν,
1688 1674 1706 1702 ἃ
1714 1674 1874 1710 ἠϐούλοντο,

1079 1733 1154 1761 αὐτοὶ
1173 1732 1223 1767 μὲν
1236 1729 1307 1757 κατὰ
1324 1728 1406 1764 μόνας
1421 1726 1472 1754 οὐκ
1487 1724 1609 1759 ἐτόλμων
1622 1723 1751 1758 παρεῖναι
1764 1723 1804 1757 τῇ
1819 1721 1876 1747 συλ-

1077 1779 1170 1815 λήψει,
1195 1777 1243 1812 τὴν
1273 1776 1302 1802 δὲ
1322 1775 1438 1809 σπεῖραν
1461 1771 1509 1799 καὶ
1534 1771 1581 1797 τὸν
1615 1769 1756 1805 χιλίαρχον
1786 1768 1876 1798 αὑτάς

1080 1812 1305 1858 συνεπεφέροντο.
1322 1820 1351 1847 '0
1360 1819 1406 1846 οὖν
1418 1818 1521 1853 Κύριος
1535 1815 1614 1852 ἡμῶν
1629 1813 1734 1850 Ἰησοῦς
1745 1812 1877 1849 Χριστὸς.

1080 1873 1094 1899 ὁ
1113 1871 1179 1906 περὶ
1200 1869 1230 1896 τὸ
1247 1866 1418 1904 ἀνθρώπινον
1437 1865 1515 1899 γένος
1544 1861 1748 1898 φιλάνθρωπος,
1768 1860 1820 1887 καὶ
1836 1858 1876 1885 τώ

1080 1917 1182 1945 οἰκείου
1194 1914 1354 1949 πλάσματος
1365 1909 1578 1947 προνοούμενος,
1589 1907 1639 1943 τὴν
1653 1906 1786 1942 βούλησιν
1800 1904 1878 1932 αὐτώ

1082 1963 1130 1990 καὶ
1146 1962 1196 1997 τὴν
1211 1957 1418 1996 φιλανθρωπίαν
1432 1957 1473 1988 εἰς
1488 1955 1572 1991 εὐχῆς
1589 1952 1770 1988 σχηματίζων
1785 1951 1878 1980 τύπον.

1083 2009 1175 2044 φησίν·
1195 2017 1205 2033 (
1222 2006 1268 2042 Μὴ
1281 2006 1383 2041 στήσῃς
1400 2003 1492 2034 αὐτοῖς
1508 2001 1558 2037 τὴν
1581 1999 1720 2036 ἁμαρτίαν
1733 1998 1856 2033 ταύτην·
1868 2005 1878 2021 ι

1083 2052 1154 2087 εἶτα,
1172 2062 1182 2080 ‹
1192 2052 1231 2080 Οὺ
1245 2052 1299 2087 γὰρ
1309 2050 1398 2077 οίδασι
1410 2049 1436 2075 τί
1450 2048 1569 2075 ποιοῦσι.
1583 2056 1593 2073 ›
1612 2045 1658 2081 Τῷ
1670 2045 1730 2072 δντι
1741 2046 1798 2079 γὰρ
1809 2044 1839 2071 τό
1852 2051 1878 2069 ε

1090 2099 1234 2136 Ῥωμαίων
1259 2097 1369 2132 στίφος,
1394 2096 1441 2122 καὶ
1458 2094 1484 2121 οἱ
1508 2093 1538 2127 ἐξ
1554 2092 1640 2120 ἐθνῶν
1656 2092 1707 2118 οὐκ
1732 2091 1847 2122 omnem,
1864 2089 1878 2115 ἆ

1085 2134 1260 2183 πράττουσιν.
1273 2143 1341 2170 Οὐδὲ
1352 2142 1407 2177 γὰρ
1425 2139 1495 2177 ἦσαν
1511 2137 1821 2175 μεμυσταγωγημένοι,
1838 2135 1853 2162 ἃ
1868 2134 1878 2160 ἀ

1086 2180 1168 2228 νόμος
1189 2190 1414 2227 προανεκήρυττε
1435 2187 1483 2214 καὶ
1500 2187 1525 2213 οἱ
1550 2184 1692 2221 προφῆται
1707 2183 1775 2218 περὶ
1790 2180 1878 2209 αὐτοῦ.

1087 2237 1272 2274 Προσεύχεται
1283 2233 1329 2263 οὖν
1344 2234 1416 2270 ὑπὲρ
1426 2232 1481 2260 τῶν
1507 2231 1664 2267 Ῥωμαίων,
1680 2230 1759 2264 φασὶ,
1777 2227 1878 2256 καὶτῶν

243 2274 331 2326 tionisr
343 2295 428 2330 hujus
452 2292 561 2321 fructus
586 2274 651 2317 mox
666 2287 802 2323 apparuit.
825 2286 864 2313 lta
882 2285 956 2312 enim
973 2284 1033 2318 ipso

1097 2285 1182 2319 θνῶν,
1198 2284 1244 2311 καὶ
1252 2282 1352 2310 αὐτίκα
1364 2282 1413 2317 τῆς
1421 2279 1505 2316 εὐχῆς
1516 2278 1642 2314 φαίνεται
1651 2275 1794 2311 ὸκαρπός.
1805 2274 1878 2305 Ἴδοις

241 2342 428 2380 perpessionis
435 2344 557 2375 tempore
564 2335 753 2366 centurionem
761 2334 865 2365 videas,
873 2331 1035 2360 erucitixum

243 2376 321 2418 illum
344 2387 391 2415 Dei
416 2386 517 2413 Filium
543 2381 681 2419 proﬁteri;
702 2380 784 2416 paulo
805 2383 866 2414 post
878 2385 943 2405 vero
965 2376 1037 2404 Lon-

243 2435 336 2470 ginum
362 2432 451 2464 illum,
475 2430 566 2458 virum
596 2426 805 2458 admirandum,
836 2431 890 2452 non
916 2421 1036 2458 proﬁteri

245 2481 336 2508 solum
349 2482 378 2507 et
395 2477 511 2506 credere
529 2475 558 2503 in
577 2474 733 2506 Christum,
750 2472 798 2500 sed
820 2475 849 2500 et
873 2471 1036 2506 martyrium

245 2533 296 2562 pro
319 2532 352 2553 eo
375 2523 525 2556 sustinere,
546 2521 664 2556 ﬁdeique
683 2527 740 2548 suae
756 2518 944 2547 sinceritatem
965 2523 1038 2543 nun-

247 2578 332 2606 quam
350 2569 540 2599 temerandam
561 2571 692 2597 testatam
714 2565 817 2593 facere.
845 2563 944 2591 Multos
967 2570 1038 2598 prae-

248 2622 323 2646 terea
346 2617 415 2645 alios
430 2623 465 2644 ex
487 2616 534 2648 iis,
559 2614 607 2650 qui
636 2619 702 2641 tunc
721 2614 870 2647 praesentes
891 2613 983 2642 erant,
1008 2609 1036 2636 in

1085 2332 1140 2367 γὰρ
1152 2332 1182 2358 ἐν
1189 2329 1264 2365 αὑτῷ
1272 2328 1311 2364 τῷ
1325 2327 1373 2354 τοῦ
1387 2326 1492 2358 πάθους
1504 2323 1594 2360 καιρῷ
1609 2324 1657 2350 τὸν
1673 2322 1878 2357 ἑκατόνταρχον,

1085 2379 1149 2406 Υίδν
1165 2376 1234 2404 Θεοῦ
1255 2374 1448 2410 ἁναΰοήσαντα
1459 2371 1505 2398 τὸν
1519 2368 1744 2405 ἐσταυρωμένον,
1758 2368 1807 2395 καὶ
1824 2368 1878 2400 μετ

1085 2425 1175 2459 ὀλίγον
1192 2422 1325 2456 Λογγῖνον
1339 2419 1397 2456 (17)
1414 2419 1529 2450 ἐκεῖνον,
1554 2416 1601 2443 τὸν
1611 2415 1766 2450 θαυμάσιον
1792 2413 1878 2448 ἄνδρας

1086 2470 1137 2496 οὐκ
1165 2467 1408 2503 ἀνομολογήσαντα
1434 2464 1532 2499 μόνον,
1548 2462 1597 2489 καὶ
1618 2460 1825 2487 πεπιστευκότα
1848 2458 1878 2487 εἰς

1091 2501 1307 2551 Χριστὸνξάλλὰ
1333 2511 1382 2538 καὶ
1407 2509 1558 2546 μαρτυρίου
1581 2506 1683 2543 δρόμον
1708 2505 1782 2540 ὑπὲρ
1806 2501 1878 2530 αὑτοέ

1093 2549 1266 2596 ἀνειληφότα,
1285 2559 1334 2586 καὶ
1357 2558 1455 2593 αἵματι
1479 2556 1510 2583 τὸ
1526 2556 1577 2591 τῆς
1597 2554 1718 2585 πίστεως
1743 2549 1878 2586 είλικρινὲι

1091 2608 1140 2636 καὶ
1180 2595 1380 2642 απαράτρωτον
1414 2600 1634 2636 ἐπιδεδειγμένον
1651 2607 1657 2614 ·
1693 2599 1743 2625 καὶ
1775 2595 1878 2624 πολλοὺς

976 2685 1092 2714 ΝΟΤΑΞ.

301 2768 344 2799 14)
363 2767 454 2795 Malim
471 2765 630 2801 φερώμεθα.

304 2797 345 2838 15)
364 2797 596 2838 μιαιφονίας-ἐπι,
624 2807 659 2827 ex
677 2797 752 2826 Colb.

289 2835 346 2909 E16)
364 2835 438 2866 Ideni
452 2844 503 2872 pro
519 2835 688 2868 ἀπέστησαν.

302 2873 345 2907 17)
356 2873 414 2900 Hoc
432 2871 544 2909 nomine
559 2869 672 2909 Photius

302 2866 345 2907 l7}
356 2873 414 2900 Hoc
432 2866 544 2899 nomine
559 2866 672 2907 Photius
688 2869 732 2896 vel
747 2868 842 2907 ipsum
852 2866 1045 2907 illum-centu:

254 2899 586 2948 rioneinintelligitnvel
603 2904 729 2948 militem,
757 2899 805 2943 qui
836 2899 1045 2948 latusi_po‘rnini

256 2935 345 2972 nostri
361 2943 457 2972 lancea
467 2935 600 2970 confodit.
616 2939 738 2972 Uterque
752 2935 828 2967 enim
845 2937 880 2965 ab
895 2935 956 2964 aliis
971 2935 1045 2964 Grae-

1096 2759 1136 2786 cis
1151 2757 1334 2794 scriptoribus
1354 2754 1577 2794 _it:_t_appellatur.
1599 2751 1678 2794 Yide,
1704 2757 1771 2794 qua:
1793 2748 1876 2782 scrips

1098 2795 1126 2821 in
1150 2786 1302 2821 his'Curis
1328 2792 1363 2818 ad
1386 2786 1483 2817 Matth.
1506 2796 1590 2819 xxvn,
1611 2787 1658 2819 δός
1684 2790 1713 2813 et
1730 2786 1810 2813 Joan.
1833 2791 1878 2810 m.

1097 2830 1141 2857 54.
1166 2828 1266 2856 Confer
1289 2827 1354 2854 Acta
1380 2830 1534 2853 sanctorum
1556 2821 1772 2857 Autuerpiensia
1798 2825 1878 2857 utens:

1097 2854 1207 2894 blartio.
1218 2854 1293 2890 tom.
1306 2862 1340 2894 ll,
1357 2869 1419 2897 pag.
1437 2860 1487 2897 581
1510 2867 1582 2897 seq,
1597 2857 1647 2885 ubi
1664 2854 1699 2885 de
1715 2854 1878 2884 centurione,

1098 2904 1126 2928 et
1145 2898 1243 2935 p.566
1270 2895 1420 2933 δοίιίι.“ιιι)ἱ
1443 2896 1478 2924 de
1503 2895 1600 2922 milite.
