1886 3071
82 155 149 188 1261

488 159 536 188 AD
548 158 845 190 AMPHILOCHIUM
867 160 1040 195 QII/ESTIO
1059 161 1196 194 CCCXII.
1224 161 1377 192 CCCXIII.

1655 160 1726 194 1162

78 209 177 241 ἄλλους
204 209 335 245 εὑρήσεις
351 210 406 238 τῶν
425 211 486 238 τότε
510 213 653 246 παρόντων
670 214 720 248 τῆς
738 213 873 245 υίοθεσίας

951 216 1044 242 [lorum
1064 215 1111 243 Dei
1126 223 1271 244 numerum
1287 220 1423 251 receptos,
1449 221 1536 252 atque
1553 217 1622 246 adeo
1637 226 1722 255 regno

77 255 251 289 ἠξιωμένους
265 255 333 283 Θεοῦ
351 257 400 283 καὶ
414 257 465 292 τῆς
479 257 591 285 αἰωνίου
609 258 646 295 μὴ
663 259 877 291 ἐκπεπτωκότας

79 300 230 335 βασιλείας.

347 347 515 375 ΕΡΩΤΗΣΙΣ
533 347 606 375 TIB’.

77 391 174 420 Πόσοι
184 393 329 428 Ἀστέριοι
348 395 490 429 γεγόνασι
509 395 559 421 καὶ
574 395 618 428 τίς
633 396 652 430 ή
667 395 741 429 δόξα
755 397 871 431 nimim;

931 265 1033 288 aeterno
1046 268 1100 289 non
1113 262 1238 296 privatos
1252 262 1402 290 inveneris.

983 348 1148 383 QUAESTIO
1163 349 1279 377 cccxn
1311 349 1419 386 [Coisl..
1442 350 1525 378 Taur.
1543 350 1666 387 CXXV].

962 395 1034 428 Quot
1045 395 1145 422 Asterii
1161 395 1245 430 fuere,
1261 400 1286 423 et
1302 404 1426 431 quwnam
1446 397 1562 430 ipsorum
1578 397 1687 431 opinio?

562 451 634 477 Edita
651 459 664 477 a
680 452 708 477 Β.
725 453 757 478 de
773 454 930 479 Montt‘aucon
946 452 1022 484 (Bibl.
1040 452 1115 478 Coisl.
1132 459 1157 484 p.
1173 453 1242 484 546).

115 488 178 515 ’Ότι
205 490 384 526 συνήκμασαν
406 492 455 527 μὲν
485 492 621 528 Ἀστέριοι
649 494 714 526 δύο,
736 495 751 521 ὅ
777 504 807 522 τε
824 495 875 530 τῆς

84 533 195 569 ’Δρείας
220 534 323 572 λύσσης
350 537 540 572 ὑπασπιστὴς,
563 539 611 566 καὶ
639 540 654 566 ό
676 541 731 567 τῶν
752 541 873 568 εὐσεϐῶν

74 579 225 615 δογμάτων
241 583 387 619 τρόφιμος.
409 585 457 617 Ὃς
480 586 527 612 καὶ
549 585 588 622 τῷ
606 586 719 622 μεγάλῳ
735 587 785 622 μὲν
806 587 872 614 Ἰου-

75 625 164 662 λιανῷ
177 628 279 661 φοιτῶν
290 630 345 662 τοῖς
359 631 514 666 μοναδικοϊς
529 632 690 667 ὲγυμνάσθη
713 633 873 669 παλαίσμα-

77 681 135 705 σιν,
148 673 233 701 ἔτιτὸ
250 676 394 711 μειράκιον
412 677 537 710 διεξιών·
553 678 667 714 ὕστερον
687 679 715 706 δὲ
731 679 780 706 καὶ
792 679 878 716 μονῆς

74 719 234 755 ἀσητικῆς
260 722 447 759 καθηγήσατο,
473 719 504 750 οὗ
520 724 568 752 καὶ
596 725 721 760 μαθητὴς
737 726 808 761 μετὰ
830 727 877 753 καὶ

74 764 170 792 ἄλλων
185 767 291 794 πολλῶν
307 769 450 804 ἐπισήμων
472 771 579 806 ἀνδρῶν
595 771 782 807 ἐχρημάτισεν
799 773 814 799 6
828 782 877 800 πο-

74 811 263 848 λυθρύλλητος
291 814 421 847 Ἀκάκιος
443 817 457 842 6
483 816 608 852 Βεροίας.
629 817 659 844 '0
673 818 702 845 δὲ
732 819 876 854 Ἀρειανῆς

73 857 213 909 αίρέσεως
225 859 342 909 ἐρασῖὴς
351 862 518 909 σοφιστικὴν
531 863 580 898 μὲν
593 863 626 890 ὲκ
641 864 710 891 νέων
722 865 790 900 μετή
796 874 876 901 ρχετο
892 881 912 909 Β

73 902 187 938 τέχνην,
212 904 261 931 καὶ
283 906 316 940 τῇ
329 906 385 933 τῶν
409 906 541 942 Ἐλλήνων
556 908 744 945 ἁνετέθραπτο
766 911 872 947 πλάντγ

72 949 127 984 ὀψὲ
141 950 170 976 δὲ
181 950 227 977 τὸν
240 951 458 988 Χριστιανισμδν
475 955 692 990 ὑποκρινόμενος
706 956 747 989 είς
760 956 809 993 τὴν
819 957 874 984 τῶν

80 995 232 1030 ’Ᾱρειανῶν
249 996 378 1025 ἀπέκλινε
392 1000 500 1034 μοῖραν.
518 1000 574 1026 Καὶ
588 1001 602 1028 6
618 1001 668 1036 μὲν
683 1001 760 1038 δίκην
774 1002 874 1030 ἔδωκεν

71 1040 106 1066 ὲν
123 1040 273 1077 Ἀντιοχείᾳ.
291 1043 342 1078 τῆς
357 1044 509 1072 ἀκολάστου
525 1046 652 1082 γλώσσης
664 1056 672 1064 ο
694 1048 774 1083 ἔργον
792 1057 873 1084 γεγο-

73 1086 123 1118 νὸς
137 1087 187 1122 τῆς
206 1088 350 1117 Ἰουλιανοῦ
371 1091 419 1118 τοῦ
435 1091 589 1128 θαυμασίου
610 1095 776 1130 προσευχῆς.
797 1095 826 1121 '0
845 1095 873 1122 δὲ

73 1132 124 1159 τὸν
138 1133 211 1160 ὅσιον
226 1135 266 1166 είς
281 1136 330 1171 τὴν
344 1136 405 1163 κατ’
426 1137 510 1164 αὐτοῦ
524 1138 633 1167 δικαίαν
648 1140 785 1177 τιμωρίαν
799 1141 872 1168 διαν-

73 1179 203 1215 έστησεν.
221 1181 334 1218 Ἕτερος
355 1183 402 1210 οὖν
423 1183 454 1210 τὸ
474 1184 586 1220 Θρέμμα
603 1186 653 1220 τῆς
674 1186 810 1221 ὀροοξίας,
826 1187 873 1214 καὶ

48 1254 52 1257 ,
69 1225 168 1261 ἔτερος
181 1228 195 1253 6
207 1228 255 1263 τῆς
270 1228 376 1264 πλάνης
392 1230 492 1269 κῆρυξ.
512 1231 583 1257 Ἀλλ’
603 1232 658 1259 οὐδ’
671 1234 684 1259 6
700 1233 750 1268 τὴν
766 1232 872 1268 ἐκφρα-

71 1280 119 1298 σιν
130 1272 182 1307 τῆς
200 1273 339 1310 μάρτυρος
353 1276 499 1312 Εὐφημίας
510 1277 597 1304 ἀνατα
603 1278 731 1313 ξάμενος,
743 1279 832 1305 κοινόν
844 1288 870 1305 τι

72 1318 155 1353 φέρει
170 1319 238 1354 πρὸς
253 1321 299 1347 τὸν
312 1321 362 1356 τῆς
382 1322 543 1354 δυσσεϐείας
566 1323 728 1359 ὐπέρμαχον
742 1332 748 1338 “
764 1324 872 1360 πρῶτον

73 1364 128 1398 μὲν
143 1365 172 1398 ἐξ
190 1361 228 1392 ὧν
250 1366 347 1393 θᾶττον
365 1368 380 1394 6
394 1368 528 1404 δυσσεϐὴς
547 1369 662 1396 ἀπέτισε
681 1370 732 1406 τὴν
746 1371 842 1406 δίκην⁶
858 1372 872 1398 6

70 1409 129 1445 γὰρ
143 1411 193 1446 τῆς
206 1412 355 1448 εἰρημένης
367 1414 472 1446 εἰκόνος
483 1414 698 1450 λογογραφήσας
708 1416 757 1452 τὴν
767 1417 872 1452 ἐκφρα-

71 1464 128 1487 σιν,
142 1455 180 1487 ὡς
196 1457 224 1483 ἐν
240 1466 312 1484 τισιν
337 1458 420 1485 αὑτοῦ
443 1460 498 1487 τῶν
514 1460 602 1494 λόγων
625 1461 817 1497 διαλαμϐάνει,
831 1463 872 1495 εὶς

71 1500 145 1536 βαθῦ
154 1502 242 1536 γῆρας
252 1503 299 1530 τοῦ
311 1503 368 1538 βίου
385 1505 566 1541 κατήντησεν·
584 1506 719 1542 δεύτερον,
734 1508 748 1534 6
761 1508 811 1543 μὲν
823 1509 872 1543 τῆς

965 494 1066 521 Eodem
1083 497 1204 528 tempore
1220 493 1339 522 floruere
1356 493 1459 522 Asterii
1480 494 1546 527 duo,
1560 495 1629 523 alter
1644 495 1723 524 Aria-

931 540 984 567 nici
999 539 1103 567 furoris
1123 544 1321 575 propugnator,
1350 539 1420 568 alter
1434 540 1542 574 piorum
1563 541 1721 576 dogmatum

927 586 1066 617 alumnus,
1077 585 1196 620 quicum
1208 592 1337 621 magnum
1354 585 1431 613 illum
1441 585 1583 614 Iulianum
1593 586 1723 622 frequens

928 633 1025 667 adiret,
1043 633 1258 661 adolescentiam
1281 641 1412 661 emensus
1437 633 1464 661 in
1489 635 1641 662 monastica
1663 643 1723 662 sese

925 680 1050 715 palaestra
1079 679 1212 712 exercuit,
1232 679 1400 714 demumqtre
1426 680 1537 708 ascetici
1563 681 1731 708 monasterii

924 725 1071 761 praefectus
1088 724 1152 758 fuit,
1169 724 1251 759 cujus
1273 732 1337 752 cum
1363 725 1426 752 aliis
1450 725 1544 752 multis
1567 726 1727 754 illustribus

923 771 991 799 viris
1019 770 1172 806 discipulus
1203 770 1257 798 fuit
1291 770 1492 798 celeberrimus
1525 771 1572 798 ille
1603 770 1721 798 Aeacius

925 817 1039 845 Hermae.
1055 817 1104 844 ille
1119 823 1182 844 vero
1197 816 1308 844 Arianae
1324 817 1421 844 haeresi
1434 816 1572 850 addictus,
1586 817 1720 851 sophisti-

925 871 985 891 cam
1004 870 1018 890 a
1037 863 1138 890 teneris
1155 862 1236 890 annis
1257 866 1344 890 artem
1368 862 1466 896 coluit,
1488 867 1512 890 et
1531 863 1558 890 in
1577 863 1718 897 gentilium

927 915 1021 935 errore
1034 907 1169 935 educatus
1183 911 1226 934 est
1240 916 1247 934 :
1266 907 1372 934 tardius
1388 914 1453 935 vero
1477 906 1719 936 Christianismum

927 954 1072 986 simulans,
1100 954 1127 980 in
1155 952 1322 980 Arianorum
1346 958 1452 988 partem
1480 953 1636 981 declinavit.
1661 953 1721 988 Ipse

927 1007 993 1026 vero
1006 999 1041 1026 ob
1056 998 1224 1034 petulantem
1239 998 1362 1033 linguam
1387 1006 1484 1033 pmnas
1498 998 1651 1026 Antiochia:
1670 998 1719 1026 de-

927 1045 983 1078 dit,
1015 1044 1041 1072 id
1066 1048 1197 1079 operante
1220 1043 1376 1071 admirandi
1400 1043 1503 1071 Juliani
1530 1044 1654 1071 oratione
1670 1051 1678 1071 :
1693 1049 1720 1071 et

927 1095 1053 1119 sanctum
1072 1090 1160 1117 virum
1178 1089 1310 1117 excitavit
1324 1087 1359 1116 ad
1373 1088 1479 1123 justum
1497 1088 1661 1124 supplicium
1685 1089 1720 1117 de

926 1143 956 1164 se
972 1135 1149 1164 sumendum.
1167 1134 1246 1161 Alter
1263 1134 1348 1169 igitur
1364 1133 1392 1161 in
1412 1134 1565 1162 orthodoxa
1581 1133 1635 1162 tide
1649 1134 1718 1162 edu-

926 1186 1006 1210 catus
1026 1185 1084 1214 est;
1109 1180 1179 1208 alter
1194 1180 1300 1208 erroris
1321 1186 1413 1214 praeco
1433 1179 1496 1207 fuit.
1511 1180 1558 1207 Ille
1574 1187 1656 1214 porro
1671 1180 1718 1215 qui

925 1228 960 1255 de
982 1231 1076 1254 sancta
1093 1230 1212 1261 martyre
1233 1224 1387 1260 Euphemia
1409 1225 1596 1253 narrationem
1621 1225 1717 1258 edidit,

926 1272 995 1300 nihil
1021 1278 1169 1300 commune
1195 1278 1258 1298 cum
1282 1269 1431 1305 impietatis
1456 1269 1601 1297 defensore
1625 1270 1716 1297 habet.

926 1319 1019 1347 Primo
1032 1318 1143 1354 quidem
1164 1317 1296 1352 quoniam
1318 1317 1419 1352 impius
1439 1316 1484 1344 ille
1506 1317 1642 1344 maturius
1658 1324 1717 1351 pm-

926 1373 976 1393 nas
993 1365 1069 1392 dedit
1090 1373 1096 1391 :
1114 1371 1177 1390 nam
1192 1362 1240 1398 qui
1256 1362 1290 1390 de
1307 1366 1459 1390 memorata
1482 1362 1603 1397 imagine
1620 1369 1718 1389 narra-

926 1411 1028 1438 tionem
1050 1409 1180 1441 instituit,
1207 1413 1238 1436 ut
1261 1409 1288 1435 in
1303 1407 1422 1443 quadam
1447 1408 1493 1435 ille
1516 1408 1641 1435 oratione
1667 1416 1716 1435 sua

925 1457 1032 1484 indicat
1047 1475 1054 1487 ,
1082 1455 1115 1483 ad
1143 1459 1302 1490 provectam
1327 1458 1496 1482 senectutem
1521 1454 1655 1481 devenit:
1675 1461 1718 1481 se-

925 1502 1028 1533 cundo,
1044 1502 1090 1529 ille
1102 1501 1206 1528 Ariano
1221 1500 1315 1528 furore
1334 1500 1433 1535 plenus
1449 1504 1526 1533 erat;
1547 1499 1590 1527 hic
1603 1506 1669 1527 vero
1689 1499 1717 1526 in

78 1547 226 1583 ’Δρειανῆς
239 1548 344 1584 λύσσης
358 1550 538 1587 ἐπεπλήρωτο
551 1560 557 1567 ·
574 1548 653 1584 οὗτος
666 1553 694 1579 δὲ
707 1553 736 1580 ὲν
753 1555 811 1586 τοῖς
829 1555 870 1581 οί-

951 1548 1034 1583 :riptis
1058 1546 1116 1574 suis
1141 1547 1323 1574 orthodoxam
1344 1546 1508 1574 sententiam
1531 1553 1586 1580 pra:
1607 1553 1637 1573 se
1654 1544 1716 1577 fert,

71 1593 161 1625 κείοις
175 1594 266 1628 λόγοις
280 1595 315 1622 τὰ
329 1596 383 1622 τῶν
396 1596 547 1632 ὀρθοδόξων
567 1597 739 1633 δογματίζει,
758 1599 809 1626 οὐκ
824 1601 870 1627 ὲκ-

73 1639 193 1673 μιόντων
208 1639 239 1676 [1.
262 1641 294 1667 ἐκ
319 1641 357 1677 μὴ
370 1641 467 1678 ὄντων]
481 1643 529 1669 τὸν
553 1643 619 1669 Υίὺν
645 1644 693 1670 καὶ
710 1644 799 1679 Λόγον
820 1646 870 1672 τοῦ

72 1683 144 1710 Θεοῦ
158 1683 196 1715 ὡς
212 1685 226 1711 6
237 1685 367 1721 μεμηνὼς
380 1686 530 1722 δυσφημῶν
546 1687 698 1723 Ἀστέριος,
710 1689 754 1715 ἀεὶ
766 1689 793 1715 δὲ
805 1689 870 1716 ὄντα

72 1728 210 1763 θεολογῶν
228 1729 276 1756 καὶ
292 1730 335 1756 ἀεὶ
351 1731 467 1757 συνόντα
483 1731 523 1767 τῷ
544 1732 645 1768 Πατρί.
659 1733 767 1768 Τρίτον,
792 1734 806 1760 6
823 1734 872 1769 μὲν

73 1774 214 1809 αἱρετικὸς
237 1775 377 1811 Ἀστέριος
399 1776 429 1803 οὐ
453 1776 504 1812 τῆς
527 1777 687 1813 Ἀμασείας,
706 1778 765 1805 ἀλλ’
787 1779 872 1816 ἄλλης

72 1819 148 1851 τινὸς
160 1820 264 1852 πόλεως
288 1821 493 1858 πλησιαζούσης
505 1824 539 1858 τῇ
556 1823 705 1858 ’Δντιόχου,
716 1824 812 1859 μισθὸν
822 1825 872 1861 τῆς

73 1865 206 1898 ἀσεϐείας
223 1867 299 1903 παρὰ
318 1867 376 1895 τῶν
400 1870 622 1905 συναιρεσιωτῶν
640 1865 690 1905 τὴν
716 1872 871 1907 ἐπισκοπὴν

72 1909 202 1945 εἴληφεν·
218 1911 284 1947 ἑξῆς
309 1914 356 1939 καὶ
371 1914 544 1950 μιτάκλητος
569 1915 598 1941 ἐν
618 1915 768 1952 ’Δντιοχείᾳ
793 1918 870 1954 παρὰ

72 1957 131 1983 τῶν
152 1957 313 1993 ὀμοφρόνων
329 1959 451 1994 γεγονὼς
474 1961 521 1987 ἐπὶ
536 1961 682 1997 συμμαχίᾳ
705 1961 751 1988 τοῦ
773 1962 871 1990 δυσσε-

71 2002 109 2037 δή
113 2010 209 2037 ματος,
221 2005 280 2036 ταῖς
294 2004 341 2031 τοῦ
354 2005 507 2041 θαυμασίου
530 2007 675 2034 Ἰουλιανοῦ
693 2011 870 2044 προσευχαῖς,

71 2048 112 2081 ὡς
139 2050 318 2085 προείρηται,
334 2051 381 2078 τὸν
401 2051 459 2087 βίον
473 2052 574 2085 ἀθλίως
591 2054 788 2090 κατέστρεψεν.
810 2055 872 2082 Ἐπὶ

71 2095 182 2127 τούτοις
194 2097 210 2122 6
231 2096 282 2130 μὲν
293 2096 412 2124 διδάσκει
423 2098 453 2124 τὸ
468 2099 606 2133 ποίμνιον,
626 2100 674 2127 καὶ
686 2100 871 2135 φιλοπονείται

72 2140 206 2176 περὶτῶν
227 2142 343 2177 ἀρετῶν,
360 2144 470 2179 ἀπάσης
489 2144 625 2173 δείκνυται
651 2146 798 2182 θεαρέστου
822 2156 872 2174 πο-

71 2185 178 2218 λιτείας
191 2187 364 2223 καταγώγιον
376 2196 385 2204 ο
399 2189 414 2216 6
434 2189 462 2216 δὲ
486 2190 563 2217 οὐδὲν
577 2191 700 2219 τοιοῦτον
724 2192 795 2228 ἔχων
810 2194 870 2220 ἐπι-

71 2240 90 2268 γ
95 2231 252 2261 ινώσκεται.

343 2282 514 2309 ΕΡΩΤΠΣΙΣ
525 2283 597 2310 ΤΙΓ¹.

219 2327 354 2362 Περῖτοῦ
376 2329 536 2356 ἰακὼὸκαὶ
554 2328 608 2363 τῆς
625 2329 725 2362 Λείας.

924 1601 1021 1628 nempe
1041 1592 1142 1620 Filium
1167 1597 1196 1621 et
1219 1591 1337 1619 Verbum
1364 1591 1411 1619 Dei
1438 1599 1494 1619 non
1518 1599 1579 1619 esse
1602 1598 1635 1619 ex
1662 1599 1716 1617 non

923 1638 1110 1671 exstantibus,
1129 1642 1158 1665 ut
1184 1637 1306 1665 furiosus
1329 1637 1375 1665 ille
1390 1637 1517 1665 Asterius
1542 1637 1625 1671 impie
1639 1636 1716 1664 dice-

923 1685 986 1717 bat;
1002 1685 1050 1712 sed
1072 1691 1179 1718 semper
1194 1690 1266 1715 esse,
1283 1687 1310 1709 et
1325 1689 1435 1717 semper
1456 1682 1531 1708 Patri
1546 1682 1716 1709 coexsistere

924 1730 1078 1765 theologice
1092 1729 1211 1757 allirmat
1227 1738 1235 1756 :
1253 1729 1345 1761 tertio,
1361 1728 1506 1755 haereticus
1519 1727 1563 1754 ille
1580 1727 1715 1758 Asterius.

923 1783 978 1802 non
994 1775 1128 1808 Amaseae,
1147 1775 1194 1802 sed
1217 1774 1330 1802 alterius
1343 1780 1428 1808 prope
1443 1773 1620 1800 Antiochiam
1639 1772 1715 1800 urbis

922 1822 1112 1857 episcopatum
1130 1829 1145 1848 a
1163 1821 1247 1848 sociis
1270 1820 1328 1848 suis
1352 1819 1490 1847 lueretieis
1511 1818 1538 1846 in
1561 1818 1715 1846 mercedem

923 1869 1072 1904 impietatis
1101 1869 1216 1903 accepit.
1241 1867 1346 1894 Deinde
1370 1866 1522 1893 accersitus
1547 1865 1581 1892 ab
1604 1864 1716 1892 asseclis

923 1913 1109 1945 Antiochiam,
1138 1918 1169 1940 ut
1202 1912 1371 1947 impietatem
1397 1919 1491 1939 secum
1518 1915 1714 1946 propugnaret,

923 1959 1076 1988 admirandi
1091 1959 1193 1987 Iuliani
1214 1958 1353 1994 precibus,
1377 1961 1409 1984 ut
1432 1964 1517 1990 supra
1536 1957 1640 1983 dictum
1662 1960 1713 1988 est,

923 2006 1005 2033 vitam
1031 2005 1132 2032 misere
1157 2004 1267 2032 clausit.
1291 2003 1331 2030 Ad
1350 2004 1408 2030 haec
1435 2009 1510 2035 vero,
1540 2001 1584 2028 illc
1604 2009 1714 2036 gregem

923 2052 1013 2084 docet,
1028 2051 1062 2078 de
1076 2050 1225 2078 virtutibus
1241 2049 1449 2076 lucubrationes
1461 2047 1555 2078 edidit,
1571 2047 1717 2081 omnisque

923 2098 985 2125 vita:
999 2097 1086 2132 probe
1101 2095 1276 2123 instituenda
1292 2094 1414 2121 mcthodi
1431 2093 1633 2128 receptaculum
1654 2096 1713 2119 est:

923 2144 975 2172 istc
995 2150 1058 2171 vero
1079 2141 1145 2169 nihil
1165 2140 1324 2175 huiusmodi
1342 2140 1473 2167 habuisse
1490 2138 1712 2174 deprehenditur.

975 2280 1139 2315 ρυλΕςΤιο
1159 2279 1283 2307 CCCXIII
1303 2278 1397 2315 [CuisL
1415 2278 1496 2305 Taur.
1519 2278 1647 2314 CXXVI].

1189 2325 1226 2352 De
1239 2325 1322 2352 Jacab
1336 2331 1360 2352 et
1373 2325 1449 2352 Leia.

376 2371 471 2397 Editaa
488 2372 550 2396 Maio
563 2373 638 2405 (Nov.
651 2372 713 2398 Coll.
728 2376 746 2397 t.
763 2373 804 2402 1X,
821 2380 845 2404 ρ.
859 2371 1070 2405 157,158,q.515
1081 2375 1107 2396 et
1122 2370 1215 2395 ultima.
1232 2372 1260 2395 In
1277 2371 1339 2396 Gen.
1359 2370 1438 2402 xxix).

110 2410 172 2440 Ὅτι
190 2417 240 2446 μεν
257 2412 325 2447 μετὰ
341 2413 488 2439 ἑπταετίαν
506 2413 521 2439 6
538 2412 637 2440 Ἰακὼϐ
650 2413 700 2448 τὴν
712 2413 796 2441 Λείαν
810 2415 871 2442 ἀντὶ

69 2460 122 2495 τῆς
141 2458 244 2493 Ῥαχὴλ
264 2459 304 2490 εἰς
321 2459 439 2493 γυναῖκα
458 2458 611 2494 παρέλαϐε,
627 2459 706 2494 δῆλον
729 2461 746 2496 ἡ
773 2460 869 2496 Γραφὴ

71 2505 156 2531 ποιεῖ·
175 2503 224 2530 καὶ
244 2504 285 2530 ὅτι
307 2504 369 2531 ἀντὶ
398 2504 522 2537 δουλείας
536 2504 631 2540 ἄλλης,
651 2505 722 2532 ἑπτὰ
751 2506 797 2533 καὶ
818 2507 867 2533 αὐ-

71 2549 122 2585 τῆς
132 2548 180 2584 ἔτη
192 2549 439 2585 παρατεινομένης,
453 2550 505 2586 τὴν
519 2550 622 2587 Ῥαχὴλ
632 2551 763 2586 ἠγάγετο,
779 2551 827 2578 καὶ
834 2553 866 2579 ὲκ

70 2594 171 2621 τούτου
185 2593 279 2629 σαφῶς
293 2594 414 2622 διδάσκει
433 2603 440 2611 ·
456 2596 481 2622 εἰ
495 2595 523 2622 δὲ
534 2596 721 2632 ὑποσχόμενος
736 2597 786 2632 τὴν
804 2597 865 2624 δου-

73 2640 151 2667 λείαν
165 2640 247 2673 εὐθὺς
263 2640 373 2675 ἐλαϐεν,
398 2642 415 2677 ἢ
431 2642 479 2669 καὶ
497 2642 566 2678 μετὰ
584 2643 614 2669 τὺ
627 2642 742 2670 διελθεῖν
764 2644 867 2678 ταύτην

72 2686 151 2721 ὃλην,
163 2685 276 2721 ὕστερον
296 2687 487 2722 ἡγάγετο,οὺκ
508 2688 740 2723 ἁντιπαραδίδωσι
762 2690 866 2725 σαφῶς,

72 2732 134 2760 ἀλλ’
145 2732 294 2767 ἀμφίδοξον
315 2734 379 2760 ὅσον
398 2733 452 2760 ἀπὸ
472 2733 528 2761 τῶν
551 2734 682 2769 ῥημάτων
699 2735 842 2763 ὑπολείπει
859 2745 866 2752 ·

74 2777 192 2812 πότερον
205 2778 393 2813 ὑποσχόμενος
408 2779 459 2814 τὴν
472 2779 595 2806 δουλείαν
614 2780 696 2812 εὐθὺς
708 2781 757 2808 τὸν
773 2782 869 2817 μισθὸν

72 2825 124 2859 τῆς
147 2823 248 2859 Ῥαχὴλ
261 2824 395 2860 ἐλαϐεν,ἢ
411 2826 481 2861 μετὰ
491 2826 540 2862 τὴν
555 2826 611 2854 τῶν
627 2826 717 2855 πόνων
735 2828 866 2862 ἐπίδειξιν

73 2869 178 2906 καὶτῆς
184 2870 358 2906 ὑποσχέσεως
365 2871 413 2907 τὴν
421 2872 627 2909 συμπλήρωσιν,
638 2874 706 2909 μετὰ
714 2873 791 2902 τοῦτο
799 2876 867 2911 πρὸς

954 2414 1034 2447 Quod
1072 2418 1135 2448 post
1178 2413 1377 2441 hebdomadem
1420 2421 1555 2440 anulorum
1597 2412 1715 2442 Iacobus

919 2460 1012 2487 Leiam
1033 2467 1083 2495 pro
1110 2459 1214 2487 Rachel
1241 2467 1354 2486 uxorem
1384 2458 1546 2494 sumpserit,
1575 2459 1716 2494 Scriptura

918 2509 1050 2539 testatur;
1078 2506 1206 2541 quodque
1246 2508 1308 2540 post
1338 2505 1420 2532 alium
1455 2505 1522 2533 item
1547 2512 1596 2540 per
1611 2510 1714 2537 septem

916 2558 1005 2579 annos
1043 2551 1209 2579 famulitium
1245 2549 1392 2578 Racliclem
1422 2550 1531 2577 duxerit
1561 2557 1594 2577 ex
1618 2550 1714 2577 eadem

915 2597 1092 2632 perspicuum
1122 2601 1174 2625 est.
1213 2596 1311 2624 Utrum
1331 2603 1395 2623 vero
1428 2596 1521 2623 statim
1548 2600 1609 2630 post
1636 2595 1715 2630 polli-

917 2644 1001 2671 citum
1031 2644 1197 2671 famulitium
1232 2650 1345 2671 uxorem
1384 2643 1550 2678 sumpserit,
1583 2650 1616 2669 an
1653 2648 1716 2677 post

918 2691 1085 2719 famulitium
1123 2691 1320 2725 adimpletum,
1349 2698 1404 2718 non
1423 2690 1556 2725 liquidum
1585 2694 1637 2723 est,
1667 2690 1714 2718 sed

919 2742 1054 2772 quantum
1080 2744 1113 2764 ex
1140 2737 1231 2764 verbis
1255 2737 1426 2772 ambiguum.
1454 2736 1553 2764 Utrum
1580 2741 1658 2771 pacta
1681 2736 1715 2763 de

919 2782 1056 2810 famulitio
1070 2782 1135 2816 ﬁde,
1151 2782 1308 2810 mercedem
1326 2782 1473 2810 Rachelem
1497 2782 1643 2817 acceperit,
1666 2789 1712 2814 an,

923 2834 1020 2857 exacto
1034 2828 1128 2856 labore
1142 2833 1169 2856 et
1180 2829 1315 2857 absolutis
1336 2829 1498 2863 promissis,
1537 2829 1713 2856 matrimonio

926 2882 986 2903 eam
999 2875 1052 2904 sibi
1067 2874 1204 2910 iunxerit.
1223 2882 1257 2903 ex
1279 2874 1371 2903 verbis
1388 2875 1460 2903 inter
1491 2879 1635 2910 utramque
1649 2881 1707 2903 scn-
