1886 3071
207 163 274 196 1163

804 165 931 196 PHO'I-‘II
949 164 1201 195 PATRIARCH/E
1217 164 1271 194 CP.

1765 160 1830 193 1161

204 219 317 246 tentiam
334 225 410 246 mens
425 218 508 246 dubia
523 218 646 246 ﬂuctuat.
674 218 806 251 Quaedam
835 226 965 253 argumen

1054 217 1133 252 τάμον
1139 217 1259 252 ἠγάγετο
1267 225 1274 232 υ
1285 216 1341 243 ἀλλ’
1350 216 1405 243 ἀπὸ
1414 216 1464 251 μὲν
1477 215 1523 243 τοῦ
1532 216 1616 252 ῥητοῦ
1627 216 1694 250 πρδς
1701 216 1830 251 ὲκάτερεν

203 263 238 291 ad
259 263 286 290 id
313 263 455 298 inclinant,
483 265 558 299 quod
585 269 663 299 pacta
690 265 742 292 ﬁde
767 265 860 293 statim
889 264 993 292 sociam

204 308 323 336 Iacobus
348 309 483 345 virginem
509 310 654 345 acceperit.
687 309 787 338 Verum
820 310 843 336 si
866 309 995 344 {peractis

205 359 308 388 septem
323 355 404 382 annis
426 362 487 382 eam
512 355 645 388 duxisset,
670 354 755 382 Iacob
778 355 916 382 videretur
940 362 994 382 non

203 397 292 424 solum
316 397 396 425 annis
416 398 511 432 viginti
539 399 609 433 apud
626 398 728 432 Laban,
748 402 777 425 ut
798 398 928 432 scriptum
942 402 993 430 est,

202 447 400 476 commoratus,
419 443 466 470 sed
481 443 565 469 multo
580 443 692 471 diutius.
707 442 774 470 Nam
786 443 808 470 si
820 447 880 477 poat
892 447 994 477 septem

202 494 291 514 annos
304 487 453 515 Rachelem
468 488 520 516 sibi
532 489 635 522 iunxit,
649 489 722 516 aliud
735 489 850 523 spatium
865 488 995 522 temporis

201 532 326 567 elapsum
343 537 384 561 est
400 534 427 561 in
441 541 496 569 quo
510 542 559 562 sua
578 535 603 562 ei
618 535 749 562 sterilitas
766 535 929 570 exprobrata
941 537 992 568 est,

203 578 370 612 ancillasque
380 577 481 606 Iacobo
490 579 523 606 ad
534 579 637 607 sobolis
643 579 858 614 procreationem
869 579 994 614 praebuit,

203 623 310 658 inatque
353 629 496 659 postquam
523 624 550 651 in
575 625 638 652 sinu
663 625 867 659 concepissent,
895 631 995 659 pueros

204 674 369 705 genuerunt.
396 670 456 703 Quo
468 675 590 706 tempore
601 675 711 706 peracto
735 671 807 699 aliud
838 671 942 699 exstitit
966 672 993 698 in

204 722 259 750 quo
292 716 419 748 Rachel,
449 716 599 744 sterilitatis
628 721 740 751 purgata
765 717 993 752 exprobratione,

203 760 297 795 genuit
310 760 472 795 Iosephum.
495 761 618 796 Denique
632 767 693 797 post
707 767 814 797 partum
830 761 993 796 Iosephum,

203 812 250 832 sex
268 812 357 832 annos
373 805 495 833 declarat
513 806 652 842 Scriptura
667 815 714 842 per
729 815 799 842 quos
813 806 934 835 Iacobus
947 815 995 842 pro

201 854 280 883 pacta
296 851 388 878 ovium
413 852 538 879 mercede
561 852 670 880 Labano
683 853 831 880 famulatus
853 857 911 886 est;
938 853 995 880 haec

202 899 325 930 tempora
349 904 404 924 non
422 897 517 932 viginti
539 905 627 925 annos
648 898 737 926 solum
758 899 985 934 complectuntur.
1001 891 1024 920 B

201 939 325 975 Namque
342 942 402 969 istis
426 943 596 978 temporibus
611 944 634 971 si
650 944 782 979 adieceris
803 944 868 972 illud
887 944 914 971 in
936 952 989 980 quo

200 985 302 1014 sterilis
316 985 368 1015 fuit
392 986 512 1020 Rachel,
542 992 568 1015 et
595 989 622 1016 in
646 997 700 1024 quo
719 994 872 1025 genuerunt
889 997 989 1025 pueros

199 1031 316 1064 ancillae,
331 1033 448 1067 spatium
465 1033 549 1061 multo
558 1034 665 1069 longius
684 1035 829 1070 colligitur.
845 1035 911 1068 Quae
924 1042 988 1062 vero

197 1083 304 1104 merces
318 1076 420 1105 Iacobo
437 1078 508 1106 inter
528 1081 736 1114 quatuordecim
777 1085 805 1108 et
829 1088 876 1108 sex
900 1088 988 1108 annos

197 1121 331 1150 famulato
357 1124 529 1151 decernitur?
551 1132 613 1152 cum
639 1126 712 1153 nullo
739 1126 871 1160 temporis
899 1127 987 1162 spatio

196 1167 323 1195 videatur
349 1168 433 1197 Iacob
454 1169 623 1198 famulitium
645 1171 705 1199 sine
728 1173 854 1200 mercede
879 1173 985 1201 tulisse.

195 1211 303 1239 Etenim
319 1212 347 1239 in
360 1213 447 1247 prima
467 1222 601 1242 annorum
615 1216 793 1250 hebdomade,
809 1225 858 1252 pro
875 1217 985 1251 Rachel,

194 1264 302 1285 merces
316 1258 341 1285 ei
364 1258 445 1292 Leia;
471 1267 521 1294 pro
544 1262 662 1289 secunda
677 1262 844 1291 hebdomade
872 1263 984 1295 Rachel.

193 1309 299 1337 proque
321 1310 369 1331 sex
391 1304 453 1332 aliis
472 1306 552 1335 annis
583 1307 636 1334 sibi
655 1313 796 1343 comparat
819 1317 893 1337 oves.
914 1309 985 1343 Quid

193 1346 278 1380 igitur
290 1355 340 1382 pro
350 1348 443 1384 elapso
457 1350 528 1378 inter
540 1354 749 1386 quatuordecim
775 1358 803 1381 et
814 1362 860 1382 sex
875 1355 985 1383 ultimos

193 1398 282 1419 annos
299 1394 408 1427 spatio?
433 1394 499 1428 Quae
513 1396 567 1424 alia
586 1405 691 1425 merces
715 1398 871 1434 detegitur?
896 1400 985 1435 Opor-

194 1440 262 1480 teret
273 1438 357 1470 enim,
374 1439 398 1467 si
409 1439 528 1469 Iacobus
545 1443 753 1476 quatuordecim
769 1445 849 1473 annis
867 1447 984 1480 peractis

193 1479 340 1510 Rachelem
356 1484 407 1512 sibi
421 1485 606 1520 adiunxisset,
621 1492 649 1516 et
662 1488 775 1522 Rachel,
788 1479 906 1524 primum
927 1496 982 1520 ste-

192 1528 264 1561 rilis,
289 1529 387 1557 deinde
397 1532 568 1566 peperisset,
589 1534 643 1563 alio
663 1539 784 1570 tempore
809 1543 982 1573 consumpto,

192 1573 276 1608 hujus
293 1582 402 1610 quoque
418 1577 500 1611 spatii
520 1578 675 1606 mercedem
700 1584 792 1607 notam
821 1582 984 1615 praeﬁnitam

192 1617 289 1647 fuisse.
322 1619 375 1647 Sed
413 1630 547 1658 nusquam
585 1623 733 1660 Scriptura;
777 1626 831 1655 alia
868 1634 984 1661 merces,

191 1671 329 1699 nusquam
344 1666 417 1694 aliud
432 1672 539 1704 tempus
556 1675 656 1705 praeter
672 1673 880 1706 quatuordecim
895 1679 923 1702 et
936 1683 983 1703 sex

190 1716 278 1757 annos
292 1731 300 1744 ,
328 1718 475 1749 supputato
500 1715 557 1750 jam
593 1718 711 1753 tempori
731 1718 864 1755 ;medium
887 1721 980 1757 ,inter-

190 1754 311 1789 ponitur.

1049 261 1189 296 μερίζεται
1203 262 1220 296 ἠ
1233 261 1346 288 διάνοια·
1358 261 1483 295 λογισμοὶ
1492 261 1520 287 δέ
1538 269 1611 292 τινες
1621 260 1722 295 μᾶλλον
1737 260 1829 295 ῥέπειν
1845 296 1847 302 Ἰ

1045 305 1091 332 τὸν
1106 305 1167 332 νοῦν
1176 305 1404 338 ὑποτίθενται,ὼς
1418 305 1488 340 μετὰ
1501 305 1550 340 τὴν
1560 305 1707 340 ὑπόσχεσιν
1716 306 1754 336 εἰς
1769 306 1830 339 ὀμι-

1045 349 1105 377 λίαν
1118 350 1199 381 εὐθὺς
1207 350 1237 376 τδ
1247 349 1358 384 γύναιον
1368 349 1565 385 προσελάϐετο·
1581 350 1642 376 ἐπεὶ
1656 350 1681 376 εί
1694 350 1764 385 μετὰ
1781 350 1828 384 τὴν

1045 395 1243 430 συμπλήρωσιν
1250 394 1301 429 τῆς
1309 395 1454 426 ἑπταετίας
1460 394 1562 429 ταύτην
1569 395 1699 429 ὴγὰγετο,
1710 395 1742 420 οὺ
1752 395 1830 429 μόνον

1045 439 1131 465 εῐκοσι
1143 439 1189 474 ἔτη
1206 439 1235 465 ὲν
1247 440 1280 474 τῇ
1293 439 1339 465 τοῦ
1353 438 1446 466 Λάὸαν
1454 439 1528 475 οίκίᾳ
1541 440 1555 466 ὁ
1577 439 1685 473 Ἰακὼϐ,
1696 440 1736 472 ὡς
1752 440 1830 471 αὑτός

1046 492 1123 518 φησι,
1137 483 1279 519 διατρίψας
1291 484 1426 518 φαίνεται,
1439 484 1508 511 ἀλλὰ
1518 485 1566 511 καὶ
1577 485 1678 512 τούτων
1694 485 1808 511 πλείονα
1824 494 1829 499 ·

1044 530 1068 555 εἰ
1095 529 1148 564 γὰρ
1160 529 1229 564 μετὰ
1243 530 1569 565 τεσσαρεσκαιδεκαετίαν
1581 531 1632 565 τὴν
1649 530 1752 566 Ῥαχὴλ
1762 531 1831 564 ὴγά-

1045 583 1120 609 γετο,
1145 575 1241 610 χρόνος
1263 574 1372 607 πάντως
1392 575 1487 611 ἕτερος
1509 575 1671 611 διεληλύθει,
1700 577 1730 602 ὲν
1753 573 1777 609 ᾧ
1805 584 1832 602 τε

1045 621 1062 655 ἡ
1085 620 1228 656 στείρωσις
1258 620 1343 654 αὐτῆς
1368 620 1537 657 διηλέγχετο,
1556 621 1604 648 καὶ
1616 622 1645 648 ὲν
1658 618 1693 656 -ᾦ
1709 621 1760 652 τὰς
1769 630 1832 647 παι-

1045 665 1139 697 δίσκας
1150 665 1191 696 είς
1208 665 1380 693 παιδοποιίαν
1390 665 1428 702 τῷ
1444 666 1543 693 Ἰακὼὸ
1554 667 1713 702 παρείχετο,
1722 667 1753 693 ὲν
1767 663 1789 700 ᾧ
1802 675 1832 693 τε

1046 710 1150 748 ἐκεῖναι
1162 710 1234 737 κατὰ
1248 711 1367 745 γαστρὸς
1389 711 1521 738 λαϐοῦσαι
1539 712 1604 744 τοὺς
1627 712 1724 744 παῖδας
1740 713 1833 739 ἀπέτι-

1046 764 1119 787 κτον,
1139 756 1187 782 καὶ
1210 756 1280 791 μετὰ
1296 756 1390 784 τοῦτον
1401 757 1493 792 ἕτερος
1519 758 1548 784 ὲν
1577 754 1630 794 ᾦὴ
1651 757 1751 793 Ῥαχὴλ
1779 758 1833 784 τῶν

1045 799 1205 835 ὀνειδισμῶν
1222 801 1395 837 ἀπολυομένη
1406 802 1457 837 τῆς
1471 802 1653 837 στειρὼσεως,
1668 802 1712 829 τὸν
1734 803 1832 838 Ἰωσὴφ

1045 845 1214 872 ἐτεκνώσατο
1230 854 1237 862 ·
1250 844 1310 873 εἶτα
1326 847 1395 881 μετὰ
1411 847 1457 873 τὸν
1475 847 1554 874 τόκον
1566 847 1614 873 τοῦ
1634 848 1734 882 Ἰωσὴφ
1750 848 1833 882 ἕτερα

1039 889 1069 921 ἐξ
1079 890 1291 926 ἐπισημαίνεται
1307 892 1324 926 ὴ
1336 891 1430 928 Γραφὴ
1442 892 1489 918 ὲπὶ
1506 892 1593 927 μισθῷ
1608 893 1754 927 προϐάτων
1770 893 1834 920 δου-

1044 935 1138 963 λεῦσαι
1151 936 1197 963 τὸν
1215 937 1313 964 Ἰακὼϐ
1329 937 1368 973 τῷ
1381 938 1486 972 Λάϐαν,
1503 939 1565 974 οὐχὶ
1581 940 1650 974 μόνα
1666 939 1756 966 εἴκοσι
1767 948 1832 973 συγ-

1043 981 1239 1015 κεφαλαιοῦται
1255 991 1262 998 ·
1278 982 1346 1009 ἀλλὰ
1360 983 1408 1010 καὶ
1423 985 1480 1015 τοῖς
1491 985 1597 1019 χρόνοις
1607 985 1712 1016 τούτοις
1729 986 1832 1019 μεταξὺ

1042 1026 1256 1060 προστιθεμένου
1270 1027 1331 1054 καθ’
1343 1028 1373 1055 ὃν
1396 1036 1426 1054 τε
1448 1029 1619 1065 ὲστείρευσεν
1633 1031 1650 1065 ἡ
1667 1029 1769 1066 Ῥαχὴλ
1786 1031 1832 1057 καὶ

1042 1070 1103 1097 καθ’
1119 1071 1148 1097 ὂν
1162 1072 1190 1098 αι
1205 1072 1348 1099 παιδίσκαι
1363 1072 1478 1107 ἔτικτον,
1495 1073 1577 1101 πλέον
1586 1076 1599 1102 ὁ
1608 1075 1703 1110 χρόνος
1714 1077 1830 1110 συνάγει

1040 1125 1085 1142 ται
1100 1125 1107 1132 ·
1123 1117 1166 1149 τίς
1180 1117 1208 1144 δὲ
1222 1118 1269 1144 καὶ
1285 1118 1382 1153 μισθὸς
1398 1120 1494 1146 τούτου
1507 1120 1538 1147 τὸ
1556 1121 1659 1156 μεταξὺ
1677 1122 1732 1147 τῶν
1747 1121 1828 1148 δεκα-

1040 1161 1180 1197 τεσσάρων
1204 1163 1308 1198 χρόνων
1329 1164 1438 1191 καὶτῶν
1454 1165 1485 1198 ἒξ
1496 1165 1651 1201 τῷλἹακὼϐ
1671 1166 1828 1193 δουλεύοντι

1039 1205 1078 1240 τῷ
1096 1206 1190 1234 Λάὸαν
1201 1208 1378 1243 ἀφορίζεται;
1393 1210 1417 1236 εί
1427 1210 1457 1236 δὲ
1470 1211 1599 1246 οὐδεμίαν
1613 1211 1668 1238 τῶν
1687 1212 1823 1247 περιόδων

1039 1251 1078 1286 τῷ
1100 1252 1198 1279 Ἰακὼϐ
1216 1254 1341 1287 φαίνεται
1354 1255 1451 1290 ἀμισθὶ
1471 1256 1520 1292 τὴν
1536 1256 1658 1284 δουλείαν
1675 1257 1829 1284 ἐταλαιπω-

1041 1299 1132 1332 ρεϊτο·
1149 1299 1179 1325 ἐν
1207 1299 1255 1334 μὲν
1282 1299 1336 1335 γὰρ
1355 1302 1388 1337 τῇ
1417 1301 1513 1338 πρώτῃ
1539 1303 1672 1338 ἑπταετίᾳ
1693 1303 1755 1329 ἀντὶ
1779 1303 1830 1338 τῆς

1045 1345 1177 1381 Ῥαχήλή
1203 1346 1271 1372 Λεία
1295 1347 1390 1381 μισθὸς
1411 1348 1497 1384 αὐτῷ.
1517 1349 1578 1376 ἀντὶ
1595 1349 1623 1375 δὲ
1636 1349 1686 1384 τῆς
1700 1349 1830 1383 δευτέρας

1038 1391 1055 1424 ἠ
1076 1390 1177 1426 Ῥαχὴλ
1194 1399 1200 1406 ’
1217 1391 1264 1418 καὶ
1281 1392 1342 1419 ἀντὶ
1370 1393 1426 1419 τῶν
1438 1393 1599 1421 τελευταίων
1614 1394 1682 1420 ἑτῶν
1699 1394 1740 1427 ἓξ,
1757 1395 1773 1420 ὀ
1785 1394 1829 1420 διὰ

1037 1435 1092 1462 τῶν
1103 1436 1247 1471 προϐάτων
1261 1437 1336 1473 αὒτῷ
1347 1438 1553 1474 χορηγούμενος
1569 1447 1577 1454 ·
1602 1439 1664 1466 ἀντὶ
1681 1440 1747 1473 γοῦν
1780 1439 1827 1466 τοῦ

1039 1481 1140 1515 μεταξὺ
1157 1482 1252 1517 χρόνου
1277 1484 1327 1518 τῆς
1351 1484 1682 1519 τεσσαρεσκαιδεκαετίας
1696 1485 1745 1512 καὶ
1773 1485 1828 1511 τῶν

1037 1526 1199 1553 τελευταίων
1209 1527 1248 1560 ἓξ,
1260 1528 1303 1560 τίς
1316 1528 1529 1562 ἐπιγινώσκεται
1541 1530 1636 1565 μισθὸς
1644 1531 1756 1566 ἕτερος
1774 1531 1830 1558 ἔδει

997 1565 1019 1594 C
1035 1572 1064 1598 δὲ
1090 1573 1114 1598 εί
1140 1572 1209 1606 μετὰ
1232 1573 1282 1609 τὴν
1302 1575 1499 1610 συμπλήρωσιν
1528 1576 1579 1611 τῆς
1600 1565 1830 1613 τεσσαρεσκαιδε·

1035 1617 1147 1649 καετίας
1171 1618 1222 1653 τὴν
1250 1618 1377 1654 Ῥαχὴλό
1411 1619 1507 1648 Ἰακὼϐ
1530 1620 1646 1657 ἔγημεν,
1670 1620 1720 1648 εἷθ’
1741 1622 1831 1654 οὕτως

1034 1662 1051 1696 ή
1070 1663 1200 1699 παιδίσκη
1221 1664 1270 1691 καὶ
1293 1665 1310 1700 ἡ
1333 1665 1434 1701 Ῥαχὴλ
1464 1667 1643 1701 στειρεύουσα
1664 1668 1711 1694 καὶ
1743 1668 1827 1694 πάλιν

1032 1707 1166 1735 τίκτουσα
1198 1709 1294 1744 χρόνον
1318 1709 1398 1738 ἄλλον
1426 1711 1634 1745 κατηνάλωσαν,
1662 1712 1709 1738 καὶ
1731 1713 1829 1739 τούτου

1034 1752 1080 1783 τὸν
1094 1753 1191 1789 μισθὸν
1206 1753 1374 1782 καθεστάναι
1389 1755 1528 1791 γνώριμον
1543 1763 1551 1770 ·
1569 1755 1628 1783 ἀλλ’
1642 1756 1763 1791 οὐδαμοῦ
1778 1757 1830 1792 τῆς

1029 1799 1141 1834 Γραφῆς
1168 1798 1230 1826 οὔτε
1254 1800 1350 1834 μισθὸς
1375 1801 1518 1835 φαίνεται,
1538 1801 1600 1829 οὕτε
1632 1802 1728 1837 χρόνος
1747 1802 1829 1835 ἄλλος

1031 1844 1108 1880 παρὰ
1116 1845 1150 1872 τὰ
1158 1845 1346 1882 δεκατέσσαρα
1359 1848 1404 1874 καὶ
1419 1848 1454 1874 τὰ
1466 1847 1496 1880 ἒξ
1511 1848 1558 1885 ἔτη
1582 1849 1761 1885 παρενθήκην
1775 1849 1827 1875 ὲπο

1030 1889 1100 1927 έχων
1116 1890 1202 1925 λόγων
1224 1893 1482 1927 συγκατάταττεται.

899 1996 1101 2029 MONITUM.

223 2049 292 2097 [ante
306 2048 514 2081 quaestionema
527 2050 607 2078 nobis
625 2051 705 2086 juxta
722 2053 843 2082 indicem
859 2054 921 2082 Vat.
942 2064 1058 2085 numero
1087 2057 1213 2086 CCCXIII
1231 2059 1367 2095 signatam
1389 2060 1479 2089 Maius
1500 2065 1620 2097 quatuor
1646 2062 1715 2091 alias
1735 2063 1827 2097 publi-

185 2093 267 2126 cavit,
285 2102 347 2129 quae
359 2096 446 2125 titulis
463 2102 490 2126 et
507 2099 734 2135 inscriptionibus
748 2103 867 2137 propriis
879 2109 974 2133 carent
988 2109 1016 2132 et
1031 2107 1126 2134 nescio
1141 2114 1196 2142 qua
1211 2109 1423 2137 amanuensium
1437 2109 1601 2145 negligentia
1617 2117 1673 2138 non
1689 2111 1717 2138 in
1732 2111 1826 2138 indice

183 2147 334 2170 numeratae
353 2143 472 2173 fuerunt.
489 2147 544 2176 Nos
561 2148 622 2183 has,
638 2157 672 2177 ne
694 2151 779 2178 series
792 2152 975 2185 quaastiouum
993 2159 1020 2181 et
1042 2163 1175 2183 numerus
1193 2157 1327 2191 turbetur,
1343 2159 1463 2193 propriis
1484 2160 1606 2194 signatas
1627 2159 1754 2187 numeris
1773 2160 1824 2187 ad-

181 2189 335 2225 iungimus,
352 2199 414 2220 cum
437 2194 543 2222 numeri
581 2196 634 2224 sub
658 2197 759 2231 quibus
783 2198 854 2232 apud
883 2198 982 2228 Maium
999 2208 1150 2236 apparent,
1175 2203 1277 2231 turbati
1306 2189 1362 2232 sint
1387 2189 1415 2233 et
1437 2206 1498 2233 dua:
1510 2189 1694 2241 “quaestiones
1722 2206 1823 2234 eodem

181 2245 298 2266 numero
314 2241 403 2268 notari
424 2241 568 2278 deberent,
588 2244 611 2272 si
633 2251 696 2271 eum
709 2244 759 2272 hac
774 2245 802 2272 in
821 2254 852 2274 re
869 2255 1055 2284 sequeremur.
1072 2250 1137 2278 Post
1163 2252 1213 2280 has
1235 2257 1353 2287 quatuor
1375 2255 1541 2289 quaestiones
1559 2262 1607 2283 eas
1625 2259 1732 2290 septem
1751 2255 1822 2283 alias

181 2284 389 2320 collocabimus,
404 2289 506 2323 quibus
522 2290 674 2318 Vaticanus
691 2290 778 2319 codex
796 2299 879 2321 caret.

414 2334 579 2368 QUIESTIO
597 2336 732 2364 CCCXIV.

1295 2345 1461 2373 ΕΡΩἸἩΣΙΣ
1481 2348 1552 2375 Τ1Δ’.

743 2395 779 2422 De
792 2397 888 2430 populo
899 2398 978 2432 jussu
996 2398 1103 2427 Davidis
1118 2407 1264 2429 numerato.

486 2435 558 2461 Edita
568 2444 582 2461 a
592 2437 655 2463 Maio
671 2439 698 2471 (ί.
720 2446 741 2464 t'.
758 2447 782 2471 p.
799 2441 919 2473 155,155,
930 2451 954 2474 q.
967 2443 1033 2475 3H).
1047 2445 1073 2469 In
1085 2445 1106 2470 II
1119 2446 1181 2477 Reg.
1196 2453 1277 2476 xxxiv,
1292 2447 1301 2472 ί
1314 2448 1394 2473 Paral.
1409 2455 1459 2478 xxi,
1475 2449 1494 2474 1.

218 2487 277 2515 Iloc
294 2489 404 2516 verbum
418 2489 531 2518 secundi
556 2489 660 2526 Regum
690 2493 763 2526 libri,
789 2504 797 2520 ι
815 2494 968 2524 Commovit

176 2532 262 2560 David
274 2533 295 2549 ⁵¹
309 2540 315 2558 :
336 2542 345 2558 ι
367 2532 443 2560 vides
467 2541 474 2558 :
491 2537 518 2560 ct
543 2534 570 2561 in
585 2535 672 2569 primo
687 2537 915 2574 Paralipomenon
928 2540 969 2568 sic

175 2585 360 2612 expressum:
393 2587 403 2604 ι
431 2579 612 2609 Consurrexit
638 2587 728 2610 autem
760 2584 843 2612 Satan
873 2590 967 2614 contra

174 2622 270 2654 Israel,
284 2628 312 2650 et
328 2624 474 2652 concitavit
491 2625 574 2654 David
590 2632 620 2655 ut
634 2635 791 2658 numeraret
802 2629 893 2659 Israel.
909 2632 933 2647 δ’
955 2642 964 2658 ι

173 2667 239 2696 Haec
252 2668 307 2696 duo
329 2670 380 2697 etsi
397 2672 534 2700 contraria
551 2673 714 2708 videantur,
739 2675 853 2704 minime
876 2681 967 2706 tamen

174 2719 335 2748 repugnant.
352 2715 438 2744 Furor
451 2718 562 2752 quidem
577 2719 686 2747 Domini
700 2722 848 2749 commovit
867 2723 962 2757 David,

173 2760 282 2794 impulit
295 2761 399 2790 scilicet
413 2768 440 2791 et
455 2764 579 2793 incitavit
604 2766 637 2793 ad
653 2767 735 2795 Israel
752 2769 960 2802 numerandum.

172 2810 284 2840 propter
299 2809 389 2843 populi
409 2810 600 2838 defectionem.
622 2811 704 2840 Satan
722 2821 794 2847 vero,
812 2821 840 2842 ut
856 2823 962 2851 scmper

205 2863 225 2902 f‘
242 2861 261 2889 II
276 2863 340 2901 Reg.
356 2875 427 2899 xxiv,
447 2869 468 2894 I.
508 2869 530 2884 ³³
551 2869 663 2896 IParal.
677 2878 731 2903 χχι,
752 2872 774 2898 1.

1054 2497 1090 2523 Τὸ
1106 2498 1197 2532 μέντοι
1211 2500 1293 2535 ῥητὸν
1307 2501 1321 2528 ὃ
1350 2502 1378 2528 ἐν
1394 2503 1427 2537 τῇ
1449 2502 1567 2537 δευτέρᾳ
1583 2503 1638 2530 τῶν
1656 2503 1820 2539 Βασιλειῶν,

1020 2552 1030 2569 ‹
1041 2542 1190 2577 Ἀνέσεισε,
1204 2546 1305 2579 κεῖται,
1317 2546 1362 2573 τὸν
1374 2547 1466 2578 Δαόὶδ.
1479 2557 1489 2573 ι
1502 2547 1581 2575 τοῦτο
1590 2549 1622 2584 δὴ
1635 2549 1663 2575 ἐν
1675 2551 1708 2585 τῇ
1719 2550 1820 2587 πρώτῃ

1016 2589 1070 2615 τῶν
1084 2589 1343 2626 Παραλειπομένων,
1359 2602 1369 2618 ‹
1379 2593 1495 2628 Ανέστη,
1509 2595 1716 2629 παρατέθειται,
1726 2596 1819 2623 Σατὰν

1017 2635 1056 2670 τῷ
1076 2636 1185 2672 Ἰσραήλ
1208 2640 1215 2646 ’
1229 2638 1276 2664 καὶ
1296 2638 1427 2665 ἀπέσεισε
1439 2639 1485 2666 τὸν
1498 2641 1581 2667 Δαόὶδ
1593 2641 1748 2676 ἀριθμῆσαι
1769 2643 1816 2669 τὸν

1017 2680 1080 2708 λαόν
1097 2689 1104 2697 ·
1117 2691 1127 2708 ι
1142 2682 1188 2710 καὶ
1201 2683 1252 2710 οὐχ
1261 2683 1335 2712 ἐστιν
1350 2685 1479 2721 ἀλλήλοις
1491 2686 1601 2713 ἐναντία
1617 2686 1717 2721 ταῦτα,
1730 2689 1755 2714 εί
1769 2689 1817 2714 καὶ

1018 2726 1092 2753 δοκεῖ
1111 2735 1117 2767 '_
1141 2728 1224 2763 ἡμὲν
1248 2729 1295 2756 τοῦ
1312 2730 1380 2757 Θεοῦ
1397 2730 1466 2767 ὀργὴ
1492 2731 1617 2759 ἁνέσεισε
1645 2732 1691 2759 τον
1719 2734 1815 2766 Δαόὶδ,

1019 2775 1080 2808 ὴτοι
1096 2775 1207 2811 ἐκίνησε
1224 2777 1271 2803 καὶ
1296 2778 1450 2806 διεσάλευσε
1481 2780 1550 2814 πρὸς
1575 2780 1625 2816 τὴν
1649 2780 1812 2817 ἀρίθμησιν,

1015 2819 1058 2846 διὰ
1066 2820 1114 2856 τὴν
1124 2822 1275 2851 ἀπόστασιν
1289 2823 1335 2852 τοῦ
1353 2825 1429 2852 λαοῦ.
1440 2826 1475 2852 Τὸ
1488 2826 1526 2858 δὲ,
1546 2827 1645 2860 Σατάν,
1659 2827 1696 2859 ὡς
1708 2828 1813 2856 ἐπίπαν
