1886 3071
89 179 161 212 1165

466 183 516 212 ΑΒ
528 182 824 213 AMPHILOCHIUM
843 183 1015 219 QUAESTIO
1034 186 1176 224 CCCXIV,
1195 187 1321 218 CCCXV.

1655 183 1721 215 11136

87 241 182 268 εἴωθεν
203 241 232 267 ὲν
251 241 284 276 τῇ
297 240 358 276 θείᾳ
367 239 461 275 Γραφῇ
476 240 536 266 ἀντὶ
552 239 610 272 τοῦ,
627 239 804 275 κολαφισμός,
819 240 877 273 καὶ,
892 242 915 271 Δ
931 245 956 271 in
976 241 1084 277 Scriptu

982 241 1117 277 Scriptura
1141 250 1218 271 sacra
1237 243 1320 275 solet,
1347 251 1396 278 pro
1422 250 1500 277 pmna
1529 247 1556 270 et
1575 243 1723 270 tentatione

88 287 252 322 πειρασμὸς,
273 285 507 321 ὲκλαμϐάνεσθαι·
517 285 588 312 ὥστε
603 286 627 312 εἰ
640 285 688 311 καὶ
702 285 740 321 μὴ
757 284 880 321 ὠργίσθη

87 334 166 366 Θεὸς,
177 333 227 360 οὐκ
246 333 279 360 ἂν
293 332 436 366 ἀνεσείσθη
452 332 466 358 ὁ
475 331 569 364 Δαεὶδ,
579 332 638 366 ἦτοι
651 331 718 366 πρὸς
730 330 880 367 ἐνθύμησιν

91 378 211 413 μετέστη
220 377 267 404 τοῦ
276 377 429 412 ἀριθμῆσαι
438 376 484 403 τὸν
498 376 562 404 λαόν
577 384 584 390 ·
597 377 622 403 εἰ
633 376 661 403 δὲ
673 376 711 412 μὴ
723 376 878 412 ἀνεπείσθη,

88 424 144 450 οὐδ’
160 424 175 450 ὸ
194 422 345 458 πειρασμὸς
365 422 446 448 ἔπεσε
463 422 502 457 τῷ
517 421 637 457 Ἰσραὴλ,
648 422 732 457 ἦγουν
745 422 760 448 ὸ
773 421 861 448 Σατὰν
872 430 878 436 ·

88 468 156 495 αὐτὸ
166 468 219 502 γὰρ
237 467 268 494 τδ
287 466 473 502 ἀριθμηθῆναι
496 465 576 492 τοῦτο
591 466 676 492 αῐτιον
700 466 808 500 λέγεται
833 465 880 491 τοῦ

88 513 255 549 πειρασμοῦ,
264 513 353 539 καίτοι
365 513 415 547 τῆς
433 513 609 544 ἀποστάσεως
625 511 724 546 μᾶλλον
734 511 782 547 τὴν
791 512 881 540 αἰτίαν

89 559 287 593 ἀποτεκοὺσης.
296 558 374 584 Ἐπεὶ
387 558 436 584 καὶ
448 558 568 592 Μωῡσῆς
579 557 727 593 ἠρίθμησε,
738 558 786 584 καλ.
801 558 882 584 Δαὸὶδ

89 603 174 630 πάλιν
189 603 257 638 μετὰ
265 603 315 638 τὴν
328 603 435 638 πληγήν
446 611 455 620 ⁸
466 603 513 629 καὶ
525 603 638 637 οὐδεμιᾷ
646 602 748 629 τούτων
758 603 812 629 τῶν
823 604 882 637 ἀρι-

90 649 220 683 θμήσεων
236 649 299 675 οὔτε
316 648 412 683 μῶμος
427 647 490 674 οὔτε
503 647 595 682 πληγὴ
605 647 824 682 ἐγκατέσκηψεν·
841 648 882 674 ὅτι

89 694 121 720 δὲ
145 694 186 726 τὺ,
205 694 304 726 Σατάν,
324 694 385 721 ἀντὶ
401 693 449 720 τοῦ
465 693 619 729 πειρασμοῦ
640 694 687 719 καὶ
712 693 882 728 κολαφισμοῦ

89 740 270 776 λαμὸἁνεται,
280 741 328 767 καὶ
336 740 365 773 ἐξ
373 739 474 776 ἑτέρων
483 739 571 775 δῆλον·
581 739 629 766 καὶ
641 748 651 765 ι
663 739 808 775 ’Δνέστησε
817 740 881 774 γὰρ,

90 787 170 822 φησὶ,
184 786 272 813 Σατὰν
283 787 331 813 ἐπὶ
356 785 464 821 Ἰσραὴλ
479 786 561 821 ’Δδερ
575 786 620 813 τὸν
632 785 769 812 Ἰουδαῖον·
785 795 794 811 1
809 785 855 812 καὶ
869 787 883 812 ὁ

90 832 240 864 ἀπόστολος
255 832 368 864 Παῦλος·
385 841 394 857 ι
415 832 508 867 Ἐδόθη
526 841 571 867 μοι
586 831 685 866 σκόλοψ
695 833 728 867 τῇ
743 833 823 867 σαρκῖ
833 831 882 865 ἄγ-

90 877 171 912 γελος
182 878 281 911 Σατὰν,
297 878 340 904 ἴνα
358 886 391 913 με
403 877 545 914 κολαφίζῃ·
561 887 570 904 ι
585 875 640 904 οἷον
653 877 768 911 ἄγγελος
780 878 825 903 καὶ
834 878 884 903 ὐπ-

933 284 1078 318 excipitur.
1107 285 1144 313 lta
1171 291 1200 313 ut
1217 287 1240 314 si
1264 295 1317 314 non
1335 287 1420 314 iratus
1444 286 1538 313 fuisset
1553 285 1643 319 Deus,
1668 293 1722 313 non

933 335 1087 359 commotus
1101 332 1198 360 fuisset
1212 332 1315 366 David,
1339 340 1389 360 nec
1409 333 1538 359 nimirum
1558 332 1650 367 populi
1672 339 1724 358 nu-

934 376 1058 403 merandi
1081 377 1226 405 consilium
1251 378 1279 405 in
1307 378 1400 405 animo
1421 377 1560 413 agitasset.
1585 377 1612 404 Si
1633 381 1723 404 atttetn

934 428 987 448 non
1004 428 1156 451 commotus
1174 423 1281 456 fuisset,
1307 428 1381 452 certe
1406 423 1435 451 in
1463 423 1545 451 Israel
1572 423 1723 458 periculum

935 475 989 495 non
1002 468 1150 502 incidisset,
1163 469 1189 497 id
1203 476 1254 503 est,
1268 470 1362 498 Satan.
1376 469 1412 498 Ut
1424 470 1497 498 enim
1510 469 1650 504 Scriptura
1663 476 1725 504 per-

935 514 1025 547 hibet,
1046 516 1201 543 numeratio
1218 517 1308 550 populi
1322 524 1403 543 causa
1417 516 1500 551 pestis
1511 515 1572 543 fuit.
1587 514 1623 542 Ut
1635 519 1725 543 autent

936 567 964 586 se
978 567 1022 587 res
1040 561 1130 593 habet,
1149 560 1267 588 defectio
1281 562 1373 596 populi
1397 562 1477 589 talem
1490 561 1593 597 peperit
1609 561 1724 588 cladem.

936 603 1041 630 Etenim
1057 603 1163 640 Moyses
1179 613 1287 640 quoque
1299 606 1430 641 populum
1447 606 1613 638 numeravit,
1627 604 1725 632 David—

936 658 989 685 que
1003 658 1100 678 rursus
1115 655 1178 686 post
1193 657 1294 686 pestem
1309 659 1315 678 :
1335 655 1453 679 attamen
1476 652 1541 678 nulli
1558 653 1655 679 harum
1672 659 1725 677 nu-

937 697 1116 724 merationum
1126 698 1268 729 neclabes.
1285 705 1334 726 nec
1349 705 1429 734 paena
1439 697 1572 724 incubuit.
1589 696 1723 723 Caeterum

937 749 986 777 pro
995 749 1074 776 paena
1085 746 1111 769 et
1119 743 1240 778 periculo
1248 742 1330 771 Satan
1338 742 1502 778 deprehendi
1511 746 1539 769 et
1547 749 1579 768 ex
1588 741 1648 769 aliis
1658 741 1726 768 locis

937 791 1073 815 constat.c
1083 787 1230 816 Suscitavit
1246 789 1316 816 enim
1333 788 1427 820 Satan,
1442 788 1481 815 ait
1496 787 1648 822 Scriptura,
1662 793 1727 814 cou-

938 834 978 857 tra
1003 830 1087 858 Israel
1107 831 1180 859 Ader
1193 831 1334 866 ludatum;
1357 842 1366 858 ι
1383 831 1539 866 Paulusque
1565 829 1724 866 apostolus:

939 885 950 901 ι
964 875 1048 904 Datus
1066 881 1109 904 est
1123 877 1190 904 mihi
1204 877 1332 905 stimulus
1351 877 1443 904 carnis
1456 884 1523 905 meae
1540 875 1653 911 angelus
1670 875 1723 902 Sa-

89 923 195 958 ηρέτης
216 923 370 958 πειρασμοῦ
387 931 433 950 και
448 922 628 958 κολαφίσμοῦ·
645 922 777 955 τουτέστι,
793 922 834 948 Δι’
848 917 878 948 οῦ
895 918 915 947 Β
931 925 1011 955 lanae,
1023 921 1088 955 quit

982 929 1011 955 aa,
1023 921 1068 955 qui
1080 929 1123 950 me
1136 922 1286 958 colaphich
1295 922 1364 955 “"°,
1376 932 1385 948 ι
1400 923 1426 950 in
1436 929 1491 957 quo
1499 921 1608 957 ponitur
1616 920 1728 955 angelus

93 977 140 1004 μοι
164 969 189 995 οἰ
211 968 375 1004 κολαφισμοὶ
395 969 443 996 καὶ
467 970 492 995 οἰ
524 968 674 1003 πειρασμοὶ
701 967 881 1002 ἐπέρχονταιο

90 1013 238 1041 αἰνίττοιτο
251 1015 274 1040 δ’
285 1014 318 1041 ἂν
335 1014 365 1040 τὸ
381 1014 462 1049 ῥητὸν
485 1014 546 1050 ἦτοι
560 1013 732 1048 Ἀλέξανδρον
748 1013 792 1039 τὸν
808 1013 882 1039 Χαλ-

91 1059 146 1087 κέα
161 1060 207 1087 τδν
222 1060 305 1086 πολλά
325 1061 398 1087 κακὰ
409 1059 593 1094 ἐπενεγκόντα
605 1059 643 1093 τῷ
661 1059 770 1094 Παύλῳ,
785 1059 802 1094 ἢ
819 1059 880 1090 τοὺς

91 1106 155 1132 κατ’
167 1106 255 1132 ὲκεΐνο
269 1106 367 1142 καιροῦ
391 1106 540 1141 τυράννους
557 1105 604 1132 καὶ
626 1104 882 1140 ἑτεροδιδασκαλους

89 1149 326 1186 ἐπανισταμένους
339 1151 425 1187 αὐτῷ,
435 1151 483 1178 καὶ
491 1151 597 1177 πολλῶν
607 1150 768 1186 πειρασμῶν
779 1150 883 1181 αἰτίους

91 1196 142 1223 καὶ
167 1196 307 1229 διακόνους
324 1197 399 1232 αὐτῷ
414 1192 627 1232 γεγενημένους.

357 1297 526 1324 ΕΡΩΤΗΣΙΣ
538 1297 612 1324 Τ1Ε’.

932 974 982 1002 pro
1009 967 1163 996 ministerio
1191 976 1277 1003 poenae
1301 973 1328 997 et
1346 969 1516 1001 tentationis,
1547 967 1574 995 id
1598 972 1650 999 est,
1675 966 1725 993 Per

932 1021 1013 1047 quem
1044 1014 1110 1041 mihi
1143 1015 1250 1049 colaphi
1286 1019 1313 1043 et
1348 1015 1513 1042 tentationes
1553 1014 1721 1048 inﬂiguntur.

931 1057 1053 1086 Obscure
1067 1065 1157 1093 posset
1171 1060 1326 1094 signiﬁcare
1344 1061 1394 1088 hoc
1417 1060 1530 1088 verbum
1549 1059 1589 1086 vel
1606 1059 1724 1085 Alexan-

931 1103 1011 1130 drum
1040 1105 1165 1131 zerarium
1196 1106 1329 1133 artiﬁcem
1359 1113 1441 1140 aquo
1463 1105 1548 1132 multa
1572 1111 1669 1140 passus
1686 1108 1728 1130 est

935 1147 1047 1181 Paulus,
1071 1149 1113 1176 vel
1130 1149 1211 1184 hujus
1226 1150 1358 1185 temporis
1377 1157 1456 1185 reges
1480 1154 1508 1177 et
1533 1149 1657 1177 homines
1680 1148 1727 1183 qui

938 1194 990 1221 alia
1002 1194 1130 1222 docentes
1143 1195 1223 1230 eique
1236 1196 1268 1223 ad
1277 1196 1375 1223 versati
1387 1196 1534 1223 multarum
1549 1194 1727 1223 tentationttm

939 1245 1065 1268 auctores
1079 1246 1106 1268 et
1119 1241 1239 1269 ministri
1254 1240 1337 1269 Paulo
1354 1241 1471 1269 fuerant.

1186 1297 1350 1331 QUESTIO
1362 1297 1484 1326 CCCXV.

523 1354 577 1381 Cur
594 1353 679 1381 David
692 1354 731 1380 vir
747 1354 890 1381 secundant
905 1362 950 1382 cor
962 1354 1011 1382 Dei
1026 1355 1176 1389 appellatus
1193 1355 1284 1389 fuerit.

615 1399 684 1425 Edita
698 1407 711 1424 a
728 1399 790 1424 Maio
807 1400 834 1431 (l.
852 1407 874 1425 c.
892 1407 916 1432 p.
936 1400 991 1431 155,
1010 1400 1062 1431 156,
1075 1408 1099 1425 n.
1115 1400 1182 1432 512).

130 1453 215 1486 Τὸδὲ,
232 1461 242 1479 ‹
265 1447 351 1487 Εὗρον
365 1451 411 1479 τὸν
433 1451 515 1479 Δαόὶδ
532 1451 615 1487 ἄνδρα
634 1451 705 1478 κατὰ
718 1451 767 1487 τὴν
780 1451 894 1487 καρδίαν

93 1508 161 1535 μου,
172 1508 182 1525 ι
197 1498 286 1534 ῥητῶς
303 1498 351 1534 μὲν
364 1497 450 1529 οὕτως
463 1498 492 1524 ἐν
507 1498 542 1533 τῇ
560 1497 665 1532 Παλαιᾷ
684 1497 778 1533 Γραφῇ
795 1497 844 1523 οὐκ
859 1497 893 1524 ἂν

92 1546 161 1581 stips
167 1544 236 1580 θείη·
246 1544 332 1579 είγὰρ
340 1543 387 1570 καὶ
401 1543 430 1570 ἐν
441 1543 566 1578 Ψαλμοῖς
573 1543 675 1578 ᾄδεται·
689 1552 698 1568 ι
713 1539 798 1578 Εὗρον
811 1542 893 1569 Δαὸὶδ

93 1591 141 1617 τὸν
146 1590 238 1617 δοῦλόν
252 1598 314 1626 μου,
324 1590 352 1616 ὲν
361 1589 431 1624 ἁγίῳ
444 1589 526 1624 ὲλαίῳ
536 1588 633 1624 ἐχρισα
649 1589 741 1616 αὐτόν·
753 1599 769 1623 1¹
776 1589 835 1616 ἀλλ’
845 1589 892 1616 οὖν

94 1635 165 1662 mli;
176 1635 223 1662 τοῦ
238 1635 384 1671 εἰρημένου
397 1634 479 1670 ῥητοῦ
501 1637 534 1671 τῇ
550 1635 622 1668 λέξει
637 1635 794 1670 διέστηκεψ
809 1634 892 1669 ἐγγύ-

982 1451 1040 1480 Hoc
1053 1453 1164 1480 verbum
1179 1461 1186 1479 :
1203 1461 1212 1478 ι
1228 1451 1321 1480 Inveni
1334 1452 1419 1480 David
1433 1451 1571 1481 hominem
1583 1452 1735 1480 secundum

943 1505 992 1525 cor
1014 1506 1116 1532 meum,
1133 1507 1142 1524 ι
1169 1499 1337 1526 nominatum
1358 1500 1386 1527 in
1411 1499 1496 1527 veteri
1525 1499 1666 1534 Scriptura
1693 1500 1733 1526 sic

944 1549 998 1570 non
1021 1542 1158 1575 invenies,
1192 1551 1348 1579 quanquam
1369 1549 1396 1572 et
1419 1544 1446 1571 in
1470 1544 1584 1572 Psalmis
1603 1545 1732 1572 canitur:

946 1596 955 1612 ι
975 1587 1067 1614 Inveni
1096 1588 1182 1616 David
1209 1596 1317 1617 servum
1338 1597 1443 1623 meum;
1472 1589 1533 1617 oleo
1555 1593 1652 1617 sancto
1673 1597 1735 1617 meo.

943 1633 1009 1660 unxi
1024 1633 1127 1661 eum".
1146 1644 1154 1660 ι
1173 1633 1225 1662 Sed
1241 1635 1332 1670 priora
1345 1635 1424 1670 longe
1437 1635 1523 1663 abhis
1538 1635 1656 1663 distant:
1673 1643 1737 1670 pro-

95 1690 175 1718 τερον
189 1682 212 1708 δ’
224 1682 257 1708 ἂν
267 1681 310 1716 εἰη
328 1682 428 1716 μᾶλλον
443 1681 474 1708 τὸ
485 1681 631 1717 εἰρημένον
640 1681 680 1717 τῷ
695 1681 822 1717 προφήτῃ
834 1681 887 1707 Σα-
901 1675 923 1704 (Ξ
939 1679 1055 1714 piusque
1082 1687 1089 1707 ι

982 1686 1055 1714 Isque
1082 1680 1224 1708 accederet
1248 1680 1321 1715 quod
1356 1680 1488 1715 propheta
1522 1680 1632 1708 Samuel
1659 1681 1735 1708 Sauli

97 1728 185 1764 μουὴλ
195 1727 262 1763 πρὸς
279 1727 324 1754 τδν
337 1727 424 1754 Σαούλ
434 1735 441 1743 '
453 1727 591 1760 ὀνειδίζων
605 1727 660 1763 γὰρ
679 1727 759 1755 αὑτὸν
771 1727 821 1763 τὴν
840 1736 893 1754 πα-

97 1775 217 1810 ράὸασιν
234 1773 289 1800 τῶν
301 1773 421 1808 νομικῶν
434 1773 550 1801 ἐντολῶν
568 1773 616 1801 καὶ
629 1773 678 1809 τὴν
697 1773 835 1800 ἔκπτωσιν
847 1774 895 1809 τῆς

97 1820 238 1854 βασιλείας
248 1820 323 1855 αὑτῷ
336 1820 552 1855 προαναφωνῶν,
575 1820 643 1854 φησὶ
657 1819 725 1854 πρὸς
745 1819 838 1851 αὑτὸν,
854 1819 894 1845 ὅτι

98 1865 226 1901 «Ἐπειδὴ
237 1866 269 1892 σὺ
276 1866 345 1892 κατά
353 1865 483 1897 τὰςὸδοὺς
493 1864 595 1900 Κυρίου
602 1864 688 1891 καὶτὰ
697 1864 895 1899 προστάγματα

95 1911 179 1937 αὑτοῦ
188 1911 351 1947 πορεύεσθαι
360 1912 391 1938 οὐ
401 1910 646 1946 βούλει,1εκλέξεται
657 1909 746 1945 ἑαυτῷ
755 1909 841 1941 ὁΘεὸς
849 1909 896 1937 ἄν·

95 1956 149 1991 δρα
158 1956 229 1982 κατὰ
238 1957 288 1990 τὴν
296 1956 409 1990 καρδίαν
421 1956 516 1989 αὑτοῦ,
526 1956 555 1988 ὃς
568 1956 677 1990 ποιήσει
687 1955 774 1982 πάντα
782 1955 818 1982 τὰ
831 1955 895 1991 ἀρε-

96 2002 149 2028 στὰ
162 2000 276 2028 ἐνώπιον
288 2002 369 2028 αὐτοῦ
381 2010 389 2018 ο
402 2011 412 2028 ›
423 2001 480 2028 ἀλλ’
488 2003 512 2028 εἰ
524 2002 571 2028 καὶ
579 2001 747 2036 πλατύτερον
759 2001 838 2028 τοῦτο
844 2001 895 2036 τῆς

96 2047 205 2082 ρήσεως
217 2046 268 2081 τῆς
280 2047 430 2082 ψαλμικῆς,
445 2046 514 2082 πλὴν
527 2047 556 2073 οὐ
566 2045 636 2073 κατὰ
644 2046 730 2073 πάντα
739 2045 896 2080 ἀπαράτρεε

97 2093 164 2120 πτόν
173 2094 232 2120 ἐστι
238 2094 293 2124 τοῖς
299 2093 412 2126 ὀνόμασι
420 2092 488 2128 πρὸς
496 2092 536 2125 τὸ,
543 2102 551 2117 ι
557 2089 643 2127 Εὗρον
650 2091 695 2118 τδν
702 2091 783 2118 Δαὸὶδ
792 2091 837 2117 τὸν
847 2090 894 2116 τοῦ

103 2135 202 2163 Ἰεσσαὶ
212 2135 295 2172 ἄνδρα
307 2136 378 2163 κατὰ
384 2136 432 2171 τὴν
444 2135 557 2171 καρδίαν
570 2143 631 2170 μου·
644 2145 652 2161 ι
666 2134 724 2161 ἀλλ’
734 2132 780 2161 οὖν
792 2133 870 2160 τοῦτο
881 2134 895 2159 ὁ

97 2181 241 2213 θεσπέσιος
260 2180 366 2212 Παῦλος
375 2180 454 2212 εἰδὼς
464 2182 504 2212 εἰς
516 2181 618 2207 ἐκεῖνον
628 2179 791 2216 δημηγορῶν
799 2180 825 2206 ὲ»
835 2180 895 2211 ταῖς

96 2225 219 2262 Πράξεσι
233 2225 394 2261 σχηματίζει
407 2233 414 2240 '
430 2225 500 2261 ἀνὴρ
517 2225 545 2252 δὲ
558 2225 666 2259 λέγεται
681 2224 752 2251 κατὰ
763 2224 811 2259 τὴν
826 2232 895 2259 καρ-

97 2271 158 2299 δίαν
172 2270 220 2298 τοῦ
235 2271 303 2298 Θεοῦ
317 2270 450 2306 εὑρῆσθαι
466 2272 480 2297 ὁ
504 2271 595 2304 Δαὸὶδ,
612 2271 706 2306 ἐπειδὴ
730 2270 835 2298 πολλῶν
849 2271 894 2297 ὲν-

97 2317 185 2344 τολῶν
195 2317 388 2352 ὑπαρχουσῶν,
396 2316 430 2343 δι’
451 2312 489 2343 ὧν
500 2316 514 2342 ό
530 2318 578 2352 τῆς
599 2316 700 2352 ἀρετῆς
723 2315 894 2351 χαρακτηρί-

944 1725 1026 1758 dixit,
1065 1733 1126 1753 cum
1153 1726 1307 1762 increparet
1347 1733 1409 1754 eum
1441 1725 1568 1760 quoniam
1607 1727 1736 1754 mandata.

945 1776 1133 1806 transgressus
1152 1776 1229 1805 erat,
1246 1773 1325 1808 eique
1345 1772 1504 1807 przediceret
1519 1771 1577 1799 fore
1598 1777 1629 1799 ut
1650 1779 1735 1807 regno

945 1817 1089 1852 pelleretur
1108 1826 1114 1845 :
1139 1827 1148 1844 ι
1169 1817 1238 1852 Quia
1254 1819 1282 1846 in
1296 1818 1357 1846 vias
1382 1818 1491 1846 Domini
1516 1818 1659 1847 ambulare
1684 1826 1736 1846 no.

945 1861 1033 1896 luisti,
1062 1866 1089 1890 et
1114 1863 1243 1891 mandata
1271 1863 1345 1890 illius
1369 1870 1423 1904 non
1449 1863 1614 1896 custodisti,
1631 1868 1743 1899 quaeret,

947 1905 1079 1934 Dominus
1102 1906 1155 1934 sibi
1178 1907 1267 1934 virum
1292 1907 1371 1942 juxta
1397 1915 1444 1935 cor
1471 1916 1567 1941 suum,
1589 1908 1637 1943 qui
1654 1908 1736 1936 faciet

946 1958 1042 1979 omnes
1057 1952 1209 1980 voluntates
1219 1952 1280 1988 ejus
1291 1953 1326 1980 ³².
1346 1963 1356 1980 ›
1375 1953 1428 1981 Sed
1442 1954 1567 1989 quamvis
1579 1954 1638 1982 hate
1652 1954 1735 1989 paulo

946 1998 1118 2033 expressiora
1139 1998 1194 2026 sint
1208 2006 1290 2033 quam
1308 2007 1340 2027 ea
1363 2008 1425 2035 quae
1444 2000 1496 2027 fert
1516 2001 1654 2035 psalmus,
1679 2008 1735 2028 non

948 2048 1037 2070 tamen
1051 2043 1126 2070 omni
1154 2051 1186 2071 ex
1211 2049 1286 2078 parte
1303 2052 1363 2072 cum
1387 2046 1440 2073 illis
1455 2046 1545 2079 verbis
1558 2051 1733 2082 congruunt:

949 2095 957 2111 ι
975 2085 1066 2114 Inveni
1095 2086 1180 2114 David
1203 2086 1279 2115 Jesse
1301 2088 1400 2122 ﬁliuni,
1423 2089 1561 2117 hominem
1587 2090 1664 2125 juxta
1688 2098 1736 2118 cor

947 2139 1048 2165 meum,
1062 2141 1070 2158 ι
1086 2140 1146 2166 quae
1154 2132 1233 2161 divus
1244 2133 1355 2167 Paulus,
1370 2136 1492 2169 quamvis
1501 2135 1621 2170 apprime
1631 2140 1733 2169 nosset,

947 2182 1065 2206 attamen
1083 2185 1174 2206 coram
1190 2179 1289 2214 populo
1304 2180 1337 2207 de
1352 2180 1441 2208 activa
1458 2181 1520 2209 vita;
1533 2182 1639 2209 ratione
1653 2181 1734 2210 verba

947 2223 1050 2252 faciens
1061 2224 1106 2256 "‘,
1120 2232 1201 2252 voces
1217 2232 1300 2260 supra
1314 2226 1402 2254 dictas
1419 2234 1466 2262 per
1482 2227 1642 2256 abusionem
1656 2236 1735 2257 usur-

947 2268 1031 2301 pavit.
1044 2267 1148 2300 Dicitur
1164 2267 1249 2296 David
1275 2269 1353 2304 juxta
1366 2277 1414 2297 cor
1433 2270 1481 2298 Dei
1502 2271 1628 2300 inventus
1641 2272 1733 2306 fuisse,

945 2312 1029 2346 quod,
1053 2313 1147 2341 multis
1163 2313 1300 2342 mandatis
1323 2314 1488 2350 vigentibus,
1514 2317 1615 2351 quibus
1627 2318 1736 2346 virtutis

99 2362 177 2395 ζεται
187 2362 298 2398 τρόπος,
309 2363 422 2397 οὐδεμία
435 2362 502 2398 ἄλλη
526 2362 616 2397 ἵστησι
634 2361 751 2396 πλησίον
761 2361 829 2388 Θεοῦ
848 2361 894 2387 καὶ
910 2361 932 2388 D
945 2357 1086 2392 proprium

982 2357 1086 2392 oprium
1110 2358 1292 2393 exprimitur,
1320 2359 1423 2387 nullum
1451 2361 1525 2389 aliud
1559 2363 1670 2398 propius
1700 2364 1736 2392 ad

98 2409 161 2436 ὅσον
177 2407 337 2444 ἀνθρωπίνῃ
354 2408 433 2443 φύσει
446 2407 562 2435 δυνατὸν
582 2409 620 2439 εἰς
643 2408 694 2442 τὴν
710 2408 778 2442 πρὸς
789 2407 891 2435 ἐκεῖνον

98 2454 232 2489 ὁμοίωσιν
242 2453 413 2486 ἀναϐιϐάζει,
425 2453 464 2485 ὡς
473 2453 505 2480 τὸ
524 2453 588 2485 τοὺς
601 2452 714 2488 ἐχθροὺς
728 2451 891 2488 ἀμείϐεσθαι

78 2516 85 2526 .
98 2500 223 2534 ἀγαθοῖς·
236 2500 283 2526 καὶ
306 2499 361 2534 γὰρ
374 2500 389 2526 ὸ
412 2498 549 2534 Κυριακδς
568 2499 598 2525 ὲν
615 2497 790 2532 Εὑαγγελίοις
815 2497 893 2530 λόγος

99 2545 178 2580 φησί·
196 2544 327 2572 «Γίνεσθε
348 2543 521 2580 οἰκτίρμονες
541 2544 579 2576 ὡς
597 2544 644 2570 καὶ
663 2544 677 2570 6
701 2542 796 2578 Πατὴρ
816 2541 892 2577 ὑμῶν

38 2618 41 2622 ,
98 2590 266 2626 οἰκτίρμων
282 2589 364 2621 αὐτὸς
376 2589 432 2625 γὰρ
443 2589 583 2616 ἀνατέλλει
597 2588 641 2615 τὸν
661 2588 736 2623 ἥλιον
749 2587 832 2614 αὑτοῦ
843 2586 890 2613 ἐπὶ

97 2635 220 2669 ἀγαθοὺς
235 2636 282 2663 καὶ
290 2636 442 2671 πονηρούςο
459 2645 468 2661 ι
483 2636 530 2662 καὶ
553 2635 642 2663 πάλιν·
658 2644 667 2660 ι
680 2634 777 2666 Καλῶς
792 2634 892 2660 ποιεῖτε

96 2682 155 2712 τοῖς
167 2681 293 2715 μισοῦσιν
303 2681 388 2716 ὑμᾶς,
407 2681 454 2708 ἵνα
469 2680 585 2716 γένησθε
612 2680 700 2715 ὅμοιοι
716 2678 763 2706 τοῦ
786 2677 892 2713 Πατρός

99 2733 152 2760 μου
165 2726 212 2752 τοῦ
220 2724 254 2752 ’ὲν
261 2728 317 2757 τοῖς
326 2726 464 2761 οὐρανοῖς·
477 2734 487 2750 ι
502 2723 589 2759 ὁγοῦν
608 2723 691 2751 Δαϐὶδ
705 2723 806 2757 ταύτην
824 2730 892 2748 κατ-

97 2771 223 2806 ορθώσας
237 2772 287 2806 τὴν
301 2771 413 2806 ἀρετὴν,
423 2772 447 2797 εἰ
460 2770 507 2798 καὶ
518 2771 546 2797 ἐν
566 2769 666 2802 ἄλλοις,
680 2769 727 2796 ἅτε
741 2768 773 2803 δὴ
785 2768 890 2802 ἀνορω-

946 2402 1029 2430 Deum
1040 2410 1091 2430 nos
1101 2403 1182 2439 erigit
1192 2409 1218 2431 et
1230 2409 1362 2440 quantum
1383 2405 1511 2434 humana:
1527 2413 1632 2436 natura;
1643 2409 1735 2437 datum

945 2453 997 2480 est,
1024 2449 1059 2476 ad
1078 2449 1285 2478 similitudinem
1304 2451 1378 2479 illius
1402 2451 1484 2485 tollit,
1510 2461 1593 2488 quam
1616 2454 1735 2484 inimicis

946 2493 1048 2521 nostris
1079 2493 1149 2521 bona
1180 2502 1228 2530 pro
1255 2496 1336 2524 malis
1363 2497 1525 2526 retribuere.
1556 2497 1680 2534 Namque
1707 2501 1735 2528 in

947 2538 1094 2574 Evangelio
1116 2540 1186 2568 dixit
1209 2540 1344 2571 Dominus
1363 2552 1370 2570 :
1396 2551 1406 2568 ι
1425 2542 1518 2571 Estote
1535 2551 1601 2579 ergo
1627 2546 1735 2574 miscri-

947 2584 1044 2612 cordes
1055 2585 1127 2612 sicut
1137 2589 1163 2612 et
1173 2584 1254 2613 Pater
1264 2591 1355 2614 vester
1367 2587 1525 2616 misericors
1537 2593 1589 2616 est.
1603 2589 1649 2617 Ille
1662 2591 1734 2618 enim

947 2630 1030 2657 solem
1056 2638 1135 2658 suum
1160 2630 1226 2658 oriri
1243 2630 1309 2659 facit
1319 2640 1401 2668 super
1415 2633 1501 2662 bonos
1523 2638 1550 2662 et
1572 2635 1658 2663 malos
1668 2636 1700 2663 ³³.
1722 2646 1732 2662 ι

946 2675 1106 2711 Rursusque
1131 2685 1138 2703 :
1168 2685 1177 2702 ι
1205 2676 1361 2707 Bcnefacite
1387 2680 1430 2708 his
1456 2680 1503 2716 qui
1535 2681 1652 2709 oderunt
1674 2689 1734 2715 vos,

947 2725 976 2747 ut
989 2721 1050 2748 sitis
1064 2721 1112 2748 lilii
1128 2720 1216 2751 Patris
1228 2725 1313 2751 vestri
1328 2725 1376 2760 qui
1390 2725 1416 2753 in
1432 2726 1511 2755 caelis
1524 2727 1607 2756 est“.
1621 2736 1632 2754 ι
1651 2726 1735 2755 David

946 2767 1026 2801 igitur
1039 2766 1084 2794 illa
1102 2767 1202 2796 virtute
1227 2770 1367 2804 praeditus,
1393 2773 1519 2806 quamvis
1535 2773 1586 2800 alia
1602 2781 1636 2801 ex
1661 2777 1736 2807 parte

131 2875 193 2891 ⁵¹”³⁰
208 2873 230 2902 ll
243 2874 308 2902 Cor.
329 2882 376 2906 xu,
391 2873 416 2900 7.
450 2874 470 2889 "
483 2873 554 2901 Psal.
571 2880 704 2906 Lxxxvut,
715 2873 760 2899 “3i.
789 2872 810 2887 ³³
828 2870 916 2905 chg.
931 2877 990 2903 xm,
1005 2869 1058 2905 M._
1075 2869 1106 2887 "'
1122 2870 1182 2899 Act.
1198 2879 1257 2906 xui,
1272 2872 1316 2900 2'3.
1346 2874 1368 2889 ³³
1382 2873 1447 2902 Luc.
1460 2874 1549 2907 \‘t,3li.
1577 2874 1598 2890 ³⁸
1612 2875 1678 2903 ibid.
1690 2875 1718 2902 2'
