1886 3071
92 147 162 181 1169

472 150 523 180 AD
537 148 834 180 AMPHILOCHIUM
849 149 1023 184 QUIESTIO
1044 150 1341 183 CCCXVII-CCCXX.

1664 153 1734 188 1170

89 205 147 236 δεις
164 204 209 231 διὰ
233 202 288 231 τῶν
313 202 443 238 Θυμάτων
466 203 636 238 ἐπελύγαζον
651 203 698 231 τὸν
725 204 796 239 ἀέρα
810 212 818 219 ·
836 213 860 231 κι

962 209 1008 232 iter
1021 205 1159 232 sacriﬁcia
1176 212 1267 232 aerem
1279 205 1504 234 obscurantibus.
1518 205 1670 243 Heritoque
1697 211 1732 236 ad

88 249 205 281 εἰκότως
219 248 288 284 πρὸς
303 248 425 284 ἑσπέραν
446 247 476 274 τδ
490 248 679 283 προχαράττον
693 247 742 284 τὴν
768 248 885 284 νομικὴν

88 296 187 323 θυσίαν
210 295 376 331 κατεφέρετο
395 296 452 327 τοῖς
477 294 658 330 Ἰσραηλίταις
677 302 685 310 ·
701 294 832 327 ὡσαύτως
855 295 884 321 δὲ

87 343 118 369 sl
131 352 174 376 τις
194 342 272 375 ἄλλος
291 342 416 378 ἐθελήσει
435 342 528 369 λαϐεῖν
551 341 631 368 τοῦτο
647 342 685 374 ὡς
697 341 884 378 προχάραγμα

87 389 139 423 τῆς
153 390 193 421 είς
205 389 324 424 Χριστὸν
348 388 476 419 πίστεως.
497 388 547 415 οὐκ
563 388 596 415 ἂν
610 387 657 414 τοῦ
674 388 779 420 εἰκότος
794 396 883 423 παρα-

87 435 218 471 ειίινιιλείη⁸
232 434 279 462 καὶ
297 434 343 461 τοῦ
356 433 481 470 σώματος
495 434 524 461 δέ
536 434 656 470 Χριστοῦ
666 434 680 461 ὁ
693 433 782 461 λαϐὼν
794 434 881 461 ἐδίδου

86 482 146 512 τοῖς
157 481 292 516 μαθηταῖς
300 482 315 507 δ
325 481 526 517 Σωτὴρλέγωνδ
541 480 659 515 «Φάγετε
667 480 780 514 πάντες,
794 490 804 506 ι
814 480 884 511 εἴτις

86 527 269 562 προτύπωσιν
283 527 351 561 φαίη
367 526 398 553 τὸ
412 528 511 562 μάννα,
523 527 642 561 εὐλόγως
655 526 689 553 ἂν
708 526 784 562 εὕροι
797 526 828 553 τδ
851 527 882 553 ἐν

86 579 122 614 τῇ
139 578 231 613 πρωῖᾳ
248 576 328 604 τοῦτο
341 575 473 611 φέρεσθαι
489 576 545 607 τοῖς
561 575 813 610 Ἰσραηλίταις’καὶ
827 575 882 612 γὰρ

87 624 106 659 ἠ
121 622 256 658 καθολικὴ
272 622 320 649 τοῦ
336 621 404 648 Θεοῦ
416 639 422 644 -
433 621 592 656 Ἐκκλησία,
608 620 689 648 τοῦτο
703 622 762 648 νυνὶ
784 621 882 656 διαφυ-

85 670 192 702 λάττει,
205 670 234 696 ἐν
249 669 290 703 τῷ
304 669 357 703 τῆς
371 668 478 704 πρωϊας
497 667 586 702 καιρῷ
600 667 650 702 τὴν
665 667 742 703 ἱερὰν
767 668 815 694 καὶ
831 677 882 694 κα-

85 715 176 751 Θαρὰν
191 715 239 742 καὶ
250 714 420 749 ἀναίμακτον
429 713 525 740 θυσίαν
537 711 757 748 μυπαγωγοῦσα
767 713 816 740 καὶ
830 713 880 749 τὴν

84 761 136 788 τοῦ
152 761 286 796 παναγίου
295 759 455 794 Πνεύματος
465 759 546 794 χάριν
559 758 737 794 ἐκδεχομένη.

348 803 517 831 ΕΡΩΤΗΣΙΣ
543 803 615 830 ἸΊΖ’.

935 258 1077 285 vesperam
1118 250 1191 285 quod
1232 251 1359 286 legitimae
1388 256 1449 279 erat
1486 251 1605 280 victimae
1647 253 1733 290 ﬁgura

936 295 1069 323 lsraelitis
1089 301 1274 332 ortygometra
1297 297 1485 325 tliﬂ‘erebatur.
1518 297 1620 325 Eodem
1648 300 1731 327 modo

935 350 990 370 non
1011 350 1026 370 a
1050 341 1232 378 conjicienilis
1258 342 1422 370 abhorreret
1450 342 1498 378 qui
1526 342 1580 371 hoc
1607 349 1733 372 censeret

934 388 1162 424 praenuntiavisse
1183 388 1263 415 tidem
1280 387 1308 415 in
1332 387 1485 415 Christum.
1507 387 1615 424 Corpus
1639 394 1731 416 autem

935 434 1039 462 Christi
1052 434 1126 469 quod
1146 438 1290 469 postquam
1315 434 1432 469 cepisset
1457 433 1584 462 Christus
1605 434 1732 462 Salvator

935 486 1031 510 noster
1040 480 1184 516 discipulis
1192 480 1266 508 dedit
1277 480 1373 508 dicens
1384 489 1391 508 :
1404 480 1561 509 «Comedite
1572 488 1668 508 omnes
1677 480 1711 508 ³⁵.
1720 491 1729 507 ι

935 529 965 557 Si
984 529 1047 564 quis
1061 527 1264 564 praatlguratum
1278 535 1338 555 esse
1352 535 1451 555 manna
1468 527 1583 562 diceret,
1608 532 1734 555 censeret

935 583 1037 603 manna
1048 575 1149 602 merito
1161 574 1292 601 lsraelitis
1304 581 1385 601 mane
1398 574 1510 601 allatum
1521 581 1599 608 esse;
1613 582 1732 609 namque

935 621 1070 649 catholica
1097 620 1146 648 Dei
1171 620 1294 648 Ecclesia
1321 627 1426 648 morem
1443 621 1517 649 hunc
1541 621 1622 649 hodie
1647 621 1730 649 etiam

936 667 1063 695 observat
1078 674 1141 694 cum
1159 673 1240 693 mane
1253 671 1378 693 sanctum
1394 674 1547 702 purumque
1562 672 1590 695 et
1604 668 1733 695 incruen-

934 717 992 740 tum
1025 711 1192 740 sacriﬁcium
1228 711 1369 745 celebret,
1408 717 1519 748 accepta
1560 714 1731 743 sanctissimi

933 759 1052 794 Spiritus
1064 759 1165 795 gratia.

1172 805 1334 840 QUIESTIO
1349 805 1499 834 CCCXVH.

444 863 516 889 Edita
532 870 546 888 a
562 863 625 889 Malo
641 863 670 896 (1.
686 870 709 889 c.
725 870 751 896 p.
767 863 822 895 156,
840 864 895 896 157,
909 871 936 891 n.
952 865 1019 898 5-H).
1038 879 1069 886 —
1087 867 1116 892 In
1131 866 1193 892 Gen.
1209 873 1269 897 xvu,
1285 867 1300 891 2
1315 873 1385 898 seqq.

131 910 179 937 Ἐν
192 909 285 942 μέντοι
300 907 349 943 τῷ·
364 917 373 934 ι
387 907 468 943 Θήσω
476 907 525 942 τὴν
532 907 667 942 διαθήκην
678 915 728 943 μου
739 907 791 934 ἀνὰ
801 907 860 943 μέσ(

970 908 999 936 In
1014 909 1067 937 hoc
1080 910 1174 943 verbo,
1196 919 1206 936 ι
1223 909 1348 937 Statuam
1364 915 1475 945 pactum
1490 918 1581 938 meum
1597 910 1669 939 inter
1685 918 1730 938 me

84 955 157 992 ἐμοῦ
174 956 222 982 καὶ
231 953 279 980 σοῦ
294 963 304 979 ι
316 952 384 989 πρὸς
392 952 439 979 τὸν
452 951 578 988 ’Δόραὰμ
589 953 737 987 εἰρημένῳ,
749 952 882 988 διαθήκην

86 1003 140 1039 μὲν
152 1001 186 1028 τὰ
202 1001 250 1028 νῦν
262 1000 311 1035 τὴν
327 999 479 1035 περιτομὴν
491 998 576 1034 δηλοῖ⁴
594 998 626 1025 τὸ
641 998 681 1031 δὲ,
697 1007 706 1025 ι
719 999 781 1026 ’Δνὰ
797 999 882 1034 μέσον

86 1048 158 1083 ἐμοῦ
170 1047 218 1074 καὶ
234 1046 292 1079 σοῦ,
307 1046 348 1072 ὅτι
363 1045 436 1080 Αὕτη
447 1045 501 1080 ἐμὴ
515 1044 634 1080 διαθήκη
656 1045 812 1080 μεσιτεύσει
827 1046 882 1080 ἀμ-

84 1097 149 1129 φοῖν
179 1093 348 1128 ἁναμεταξὺ,
371 1092 414 1119 ὅτι
439 1091 566 1126 ἀψευδεῖς
598 1099 640 1118 σοι
665 1092 693 1118 αἱ
721 1091 787 1127 παρ’
810 1091 878 1127 ἐμοῦ

84 1141 196 1168 ἔσονται
210 1140 401 1174 ἐπαγγελίαν»
412 1139 525 1166 δύναται
534 1139 609 1172 δὲτὸ,
623 1149 632 1165 ι
644 1139 708 1166 Ἀνὰ
716 1139 799 1174 μέσον
813 1139 882 1175 ἐμοῦ

85 1188 136 1214 καὶ
153 1186 200 1214 σοῦ
217 1197 226 1213 ι
238 1187 286 1214 καὶ
297 1187 429 1222 χρονικήν
441 1194 502 1213 τινα
513 1186 669 1221 παράτασιν
685 1185 881 1221 ὑπεμφαίνειν,

84 1233 136 1259 καὶ
162 1231 265 1266 ταύτην
287 1231 315 1257 εί
335 1239 377 1263 τις
407 1230 504 1266 ἔμελλε
531 1232 565 1266 τῇ
595 1231 732 1266 περιτομῇ
753 1239 880 1267 παραμε-

83 1278 224 1313 τρεῖσθαι,
239 1278 353 1304 ὡσανεί·
369 1277 399 1305 '0
410 1277 460 1313 τὴν
471 1277 538 1312 πρὸς
554 1277 584 1304 σὲ
595 1278 654 1304 νυνὶ
668 1277 801 1313 διαθήκην
817 1285 882 1304 συν-

87 1324 166 1355 ιστὰς
200 1323 267 1358 ἐγὼ,
285 1323 362 1350 ἔσται
375 1324 419 1350 ὅτε
436 1324 589 1359 γενήσομαι
611 1323 756 1359 ἄνθρωπος
772 1331 779 1338 '
793 1323 842 1350 καὶ
863 1324 881 1359 ή

84 1369 204 1404 διαθήκη
221 1378 272 1404 μου
289 1369 359 1405 αὕτη
375 1369 434 1404 ἦτοι
448 1370 465 1404 ἡ
483 1369 619 1404 περιτομὴ
636 1369 690 1395 ἀπὸ
703 1368 750 1396 σοῦ
765 1369 815 1404 τὴν
830 1369 883 1405 ἀρ-

85 1415 139 1451 χὴν
151 1414 282 1447 λαϐοῦσα,
301 1414 399 1450 μέχρις
418 1414 486 1449 ἐμοῦ
502 1414 712 1450 διακρατὴσασα
725 1413 802 1449 λήξει
813 1423 822 1430 ο
834 1413 884 1442 καὶ

84 1460 152 1495 γὰρ]
175 1460 245 1495 μετὰ
262 1458 312 1494 τὴν
338 1458 490 1494 περιτομὴν
512 1458 559 1485 τοῦ
583 1458 720 1485 Δεσπότου
749 1457 881 1494 Χριστοῦ,

85 1505 181 1532 οὐκέτι
196 1504 288 1541 χώραν
309 1504 389 1539 ἔσχεν
404 1505 433 1539 δή
457 1503 529 1530 κατὰ
560 1504 643 1540 νόμον
671 1503 807 1540 γενομένη
833 1504 882 1540 τῆς

85 1550 271 1586 ἀκροϐυστίας
285 1549 420 1585 περιτομή
432 1557 439 1564 ·
448 1547 506 1576 ἀλλ’
521 1548 579 1575 ὅσοι
596 1548 822 1584 περιετμήθηοαν
835 1550 884 1575 καὶ

86 1597 313 1633 παρανομοῦντες
327 1596 568 1633 περιετμήθηοαν·
578 1597 595 1632 ή
610 1596 638 1623 δὲ
654 1597 731 1632 παρὰ
741 1595 801 1632 Θεῷ
816 1595 883 1632 ὡρι·
895 1587 919 1619 c

88 1644 178 1680 σμένη
196 1643 332 1679 περιτομή
344 1643 373 1670 ἐν
395 1642 470 1678 αὐτῷ
480 1643 620 1670 πέπαυται
633 1641 673 1678 τῷ
688 1642 809 1678 Χριστῷ,

350 1699 519 1727 ΕΡΩΤΗΣΙΣ
535 1700 615 1727 TIH'.

88 1747 142 1774 Διὰ
156 1747 186 1774 τί
199 1746 384 1780 ease/amre?-
396 1747 412 1773 ὀ
435 1745 556 1780 Ἰησοῦς
571 1744 611 1777 τῷ
625 1745 734 1778 Πέτρῳ,
762 1745 817 1772 τὸν
832 1744 883 1773 θά-

248 1790 342 1809 νατον
359 1780 643 1815 δυσανασχετοῦντι
657 1781 696 1816 (1)
709 1788 716 1812 ;

932 958 959 982 et
973 958 1009 987 te,
1029 963 1039 980 ι
1051 954 1188 982 Abraham
1205 954 1289 988 dicto,
1303 956 1374 983 Deus
1391 955 1514 983 ostendit
1532 956 1604 991 pacti
1618 956 1728 991 quidem

932 999 974 1027 sui
989 999 1097 1034 signum
1114 1008 1177 1028 esse
1191 1000 1444 1028 circumcisionem.
1466 1000 1524 1028 Hoc
1539 1008 1616 1034 vero,
1631 1010 1641 1026 ι
1656 1001 1731 1028 Inter

933 1053 977 1073 me
990 1049 1018 1073 et
1029 1051 1065 1078 te,
1079 1055 1089 1073 ι
1104 1046 1176 1073 hanc
1190 1046 1245 1073 vim
1261 1046 1343 1074 habet
1357 1055 1364 1073 :
1383 1055 1392 1071 ι
1409 1045 1500 1081 Ipsum
1514 1054 1606 1074 meum
1619 1050 1729 1081 pactum

933 1093 960 1120 in
973 1094 1064 1121 medio
1082 1094 1136 1121 erit
1160 1094 1231 1122 inter
1247 1102 1298 1122 nos
1323 1095 1454 1130 quoniam
1477 1102 1544 1122 mete
1571 1102 1624 1121 non
1649 1099 1730 1122 erunt

932 1139 1009 1167 falsae
1023 1140 1234 1175 promissiones.
1248 1150 1258 1167 ι
1282 1139 1378 1169 Potest
1390 1147 1501 1175 quoque
1513 1141 1565 1167 hoc
1578 1149 1587 1165 ι
1601 1139 1672 1167 Inter
1684 1147 1729 1166 me

932 1189 960 1214 et
976 1189 1002 1213 te
1020 1195 1030 1212 ι
1049 1187 1166 1221 spatium
1193 1187 1327 1221 temporis
1347 1185 1502 1220 designare,
1518 1185 1601 1219 quod,
1626 1185 1648 1211 si
1665 1184 1729 1218 quis

932 1232 998 1260 velit
1014 1232 1226 1260 circumcisione
1241 1232 1342 1264 metiri,
1358 1231 1502 1259 habebitur
1515 1231 1587 1259 Deus
1601 1231 1659 1258 haec
1670 1229 1729 1258 fere

933 1277 1028 1305 dicens
1045 1276 1179 1304 :Pactum
1197 1277 1268 1312 quod
1284 1284 1335 1312 ego
1351 1276 1440 1311 pepigi
1464 1279 1553 1303 tecum
1574 1275 1628 1302 crit
1640 1281 1728 1309 usque

933 1321 967 1348 ad
976 1327 1085 1357 tempus
1098 1330 1152 1357 quo
1168 1322 1251 1349 homo
1266 1323 1340 1349 ﬁam.
1357 1321 1390 1348 Et
1407 1329 1498 1349 meum
1511 1325 1632 1356 pactum,
1649 1320 1727 1348 scili-

932 1374 975 1396 cet
992 1369 1167 1397 circumcisio
1192 1377 1254 1405 qua:
1280 1377 1296 1396 a
1320 1374 1347 1397 te
1374 1369 1485 1404 incipiet
1512 1376 1600 1404 usque
1626 1369 1660 1395 ad
1683 1376 1727 1396 me

932 1415 1045 1451 vigebit.
1079 1415 1186 1443 Etenim
1217 1419 1279 1450 post
1311 1415 1419 1442 Domini
1449 1415 1552 1443 Christi
1579 1415 1727 1442 circumci-

933 1459 1051 1493 sionem,
1065 1460 1169 1488 nullam
1183 1460 1241 1496 jam
1261 1460 1356 1488 habuit
1371 1460 1460 1488 locum
1483 1459 1608 1495 praeputii
1628 1467 1726 1487 secun.

933 1506 998 1533 dum
1014 1506 1101 1541 legem
1113 1506 1300 1534 circumcisio.
1314 1506 1367 1533 Sed
1382 1513 1464 1541 quam
1479 1505 1558 1532 multi
1573 1505 1729 1533 circumcisi

934 1556 1000 1580 sunt
1011 1556 1066 1579 tam
1082 1552 1159 1579 multi
1172 1556 1269 1580 contra
1288 1551 1394 1587 legem;
1413 1551 1471 1579 haec
1491 1555 1583 1578 autem
1609 1551 1728 1578 circum-

934 1597 1004 1626 cisio
1020 1605 1037 1625 a
1051 1597 1107 1626 Deo
1122 1597 1255 1634 praeﬁnita
1267 1598 1293 1625 in
1310 1598 1369 1633 ipso
1387 1597 1496 1625 Christo
1512 1597 1594 1625 ﬁnem
1611 1597 1703 1625 habet.

992 1697 1158 1732 onmno
1176 1698 1327 1726 cccxvm
1349 1699 1443 1735 [CoisL
1466 1698 1548 1726 τηαν.
1568 1697 1675 1734 xcru].

933 1742 1024 1775 Quare
1038 1741 1120 1770 Iesus
1143 1742 1266 1783 Petrum,
1287 1748 1414 1806 mortem?
1423 1744 1481 1779 ejus
1502 1751 1570 1778 aegre
1591 1743 1727 1778 ferentem,

1248 1783 1393 1806 increpavit

1248 1783 1393 1813 tucrepavtt

273 1840 403 1866 Editarum
414 1848 429 1866 a
439 1840 528 1865 Wolﬁo
537 1839 727 1871 quadragesima
735 1839 822 1870 quinta
837 1837 909 1870 (Cur.
921 1835 1025 1867 PhiloL.
1037 1838 1058 1862 ι.
1068 1836 1099 1867 V,
1116 1844 1140 1869 p.
1153 1837 1210 1863 684.
1224 1838 1327 1863 Galland
1348 1845 1374 1870 p.
1389 1838 1445 1869 706,
1457 1845 1483 1863 n.
1491 1838 1529 1870 9).

128 1885 248 1921 Ὀτιπερ
264 1885 290 1911 εί
317 1885 365 1911 καὶ
382 1884 487 1920 φίλτρῳ
504 1882 603 1916 ζέοντι,
631 1883 679 1910 καὶ⁸
704 1883 806 1918 στοργῇ
833 1882 883 1917 ἐμ-

89 1932 172 1967 πύρῳ
184 1931 272 1958 ἐδόκει
286 1931 458 1966 προαγαγεῖν
479 1930 511 1956 τὺ
536 1929 624 1965 ῥῆμα,
640 1928 699 1955 ἀλλ’
712 1928 760 1955 οὗν
784 1927 882 1964 ἡδονὴν

89 1979 189 2013 ιφερεν
211 1977 251 2012 τῷ
275 1976 404 2012 διαὸόλῳ.
422 1976 476 2003 Τοῦ
492 1975 547 2012 γὰρ
566 1975 605 2011 μή
624 1975 721 2002 παθεῖν
744 1974 791 2001 τὸν
814 1975 883 2010 Χρι-

91 2024 168 2056 στὸν,
190 2023 287 2058 κέρδος
310 2020 345 2058 ἦν
371 2023 500 2058 μέγιστον
514 2021 553 2057 τῷ
568 2022 692 2057 Σατανᾷ,
717 2021 766 2048 ἅτε
787 2021 820 2056 δὴ
834 2021 884 2056 τῆς

88 2070 146 2097 τῶν
180 2069 335 2104 ἀνθρώπων
360 2067 518 2103 τυραννίδος
545 2067 595 2094 οὐκ
623 2067 804 2102 ἐξισταμένῳ.
833 2067 882 2094 Διὰ

86 2114 168 2142 τοῦτο
182 2114 229 2141 οὖν
243 2114 291 2141 καὶ
306 2114 323 2149 ἡ
349 2113 511 2149 ἐπιτίμησις
530 2112 607 2147 λέγει
617 2120 624 2127 ·
641 2122 651 2139 ι
668 2113 778 2147 ’Υπαγε
794 2112 882 2140 ὀπίσω

90 2169 156 2197 μου,
170 2160 289 2193 Σατανᾶ,
307 2159 376 2186 διότι
390 2158 421 2186 οὐ
437 2159 548 2194 φρονεῖς
558 2159 592 2186 τὰ
604 2157 652 2185 τοῦ
668 2157 747 2186 Θεοῦ.
769 2166 779 2184 ι

968 1879 1062 1908 Causa
1085 1880 1124 1908 rei
1139 1880 1198 1908 haec
1213 1885 1265 1913 est,
1283 1882 1368 1916 quod.
1385 1881 1513 1916 quamvis
1527 1889 1561 1910 ex
1578 1881 1667 1910 calido
1683 1882 1727 1910 af-

935 1924 1011 1953 fectu
1027 1929 1054 1954 et
1069 1933 1165 1954 amore
1181 1925 1305 1954 fervente
1328 1927 1364 1954 ito
1377 1927 1452 1962 loqui
1466 1927 1615 1961 videretur,
1631 1929 1726 1957 eadem

934 1972 1027 1996 tamen
1059 1977 1144 2005 opera
1172 1969 1283 1998 diabolo
1303 1976 1410 2006 gratum
1437 1971 1565 2000 faciebat.
1587 1973 1727 2001 Christum

932 2014 1009 2041 enim
1031 2022 1085 2042 non
1108 2015 1225 2050 perpeti,
1255 2016 1406 2043 maximum
1431 2017 1539 2045 lucrum
1561 2019 1728 2047 conciliabat

933 2058 1054 2093 Satanae,
1080 2060 1114 2088 de
1140 2065 1277 2095 potestate
1303 2069 1354 2089 sua
1378 2062 1407 2090 in
1434 2063 1562 2092 homines
1584 2073 1726 2100 nunquam

931 2104 1055 2140 alioquin
1083 2105 1267 2134 deturbando.
1293 2107 1442 2143 Propterea
1467 2110 1549 2136 etiam
1576 2110 1728 2146 increpatio

934 2149 973 2178 ita
1002 2150 1141 2179 habebat:
1159 2161 1169 2178 ι
1189 2151 1358 2186 Retrocede,
1392 2153 1513 2189 Satana,
1538 2163 1627 2191 neque
1651 2156 1725 2185 enim

935 2195 1008 2230 sapis
1024 2203 1066 2230 ea,
1082 2204 1144 2232 qua:
1157 2197 1207 2226 Dei
1222 2203 1287 2226 sunt
1298 2198 1333 2227 ³⁸.
1349 2199 1369 2234 tl

581 2245 747 2280 QUIESTIO
771 2247 899 2276 cccx1x
928 2250 1022 2287 [CoisL
1043 2253 1123 2281 Taur.
1143 2253 1247 2291 xcm.

643 2291 683 2319 De
695 2293 836 2321 Abaalomi
851 2295 989 2325 seditione.
1004 2313 1038 2320 —
1052 2299 1168 2328 luedita.

89 2343 121 2371 Τί
139 2341 282 2377 σημαίνει
304 2339 325 2374 ἡ
349 2339 402 2368 τοῦ
414 2339 583 2402 gemam
597 2338 639 2373 τῷ
655 2340 743 2375 πατρὶ
765 2341 876 2370 ἐπανά-

438 2384 540 2402 τασιεε

438 2384 524 2408 τασις
530 2384 540 2408 ;

123 2422 180 2457 Τὴν
201 2422 257 2448 τῶν
281 2420 418 2448 Ἰουδαίων
442 2420 571 2454 είκονίζει
593 2421 664 2449 κατὰ
677 2421 724 2449 τοῦ
750 2423 878 2461 Σωτῆρος

85 2468 282 2495 ἐπανάστασιν.
287 2486 294 2494 .
299 2486 318 2495 ..

364 2511 534 2539 ΕΡΩΤΗΣΙΣ
547 2512 612 2540 TK’.

87 2557 157 2595 Πῷς
176 2557 215 2595 (2)
230 2557 448 2595 ἐντελλόμενος
460 2559 477 2585 ό
490 2557 603 2595 ,Σωτὴρ
615 2559 733 2593 πάντας
746 2560 877 2595 ἀγαπᾷν,

122 2592 270 2620 ἐπιτάττει
289 2594 425 2630 fama?
448 2593 521 2630 τοὺς
550 2594 686 2630 μαθητὰς
704 2595 748 2628 είς
765 2592 799 2622 τὸ
825 2592 878 2630 θὶήέ

120 2636 230 2663 ρυγμα,
240 2627 557 2662 μηδένα,άσπὰζεσθαὶ
576 2628 651 2655 κατὰ
672 2627 836 2664 τὴν⁷ὁὸόν;

969 2345 1040 2379 Quid
1053 2348 1190 2383 signiﬁcat
1211 2349 1350 2376 Αωρίωνιί
1370 2355 1464 2377 contra
1484 2356 1588 2385 patrem
1607 2353 1725 2382 sedilia?

968 2422 1081 2457 Figurat
1105 2423 1263 2454 Judaeorum
1301 2428 1464 2456 seditionem
1495 2435 1593 2463 contra
1627 2431 1724 2459 Salva-

931 2472 1019 2496 torem
1039 2491 1046 2496 .
1064 2489 1072 2497 .
1090 2489 1098 2497 .

1002 2515 1167 2548 QUIESTIO
1186 2517 1301 2546 CCCXX
1322 2518 1419 2555 [CoiaL
1448 2520 1530 2548 Taur.
1552 2522 1644 2559 XCV].

933 2561 1223 2604 Quomodo_8aloalor
1253 2570 1365 2604 noster,_
1389 2575 1478 2594 omnes
1499 2577 1590 2596 amare
1608 2570 1724 2604 jubvm,

969 2597 1117 2641 dircipu'los
1137 2604 1224 2627 tamen
1246 2602 1365 2641 θρίου-σά
1384 2603 1589 2641 prmi/{equitum
1606 2597 1724 2640 mittens;

970 2637 1102 2669 prwcr‘pit,
1121 2642 1152 2662 ne
1165 2643 1241 2670 quem
1258 2637 1287 2663 in
1300 2637 1342 2664 cia
1356 2638 1472 2664 salutent
1482 2638 1503 2653 ‘°
1512 2638 1524 2664 ’ἶ

196 2685 322 2710 Editarum
339 2693 353 2710 a
366 2684 457 2710 Wolﬁo
473 2685 660 2716 quadragesima
677 2690 749 2712 sexta
766 2688 837 2719 (Cur.
848 2689 952 2719 PIu'loL,
969 2692 990 2714 t.
1008 2690 1039 2720 ν,
1058 2697 1082 2722 p.
1099 2691 1154 2716 68L
1173 2692 1286 2718 Galland.
1304 2700 1329 2724 p.
1347 2694 1402 2723 706.
1419 2701 1445 2719 ιι.
1466 2695 1503 2724 ιο,
1520 2702 1545 2727 q.
1563 2697 1614 2726 9t).

125 2727 212 2759 Ἔδει,
241 2728 283 2754 ὅτι
316 2727 367 2754 οὑκ
394 2727 468 2754 ἐστιν
494 2727 604 2754 ἐναντία
632 2728 719 2756 ταῦτα
743 2729 876 2765 ἀλλήλων.

969 2731 1098 2766 Noverat,
1113 2741 1144 2761 ea
1161 2735 1212 2762 sibi
1224 2735 1340 2763 invicem
1352 2743 1406 2763 non
1420 2737 1570 2765 adversari.
1586 2740 1725 2776 Amplexiv

124 2797 147 2813 ³⁸
161 2796 258 2826 Matth.
278 2804 354 2829 xxvi,
371 2796 415 2824 26.
455 2797 477 2813 ²⁹
495 2796 593 2825 Matth.
615 2798 724 2830 xvt,23.
764 2799 785 2815 “‘
802 2799 866 2827 an.
883 2809 909 2833 x,
930 2801 958 2828 ιι.

830 2858 947 2887 NOTAE.

124 2901 164 2937 (Ι)
182 2900 263 2931 Deest
277 2902 305 2930 in
319 2902 380 2931 cod.
396 2902 473 2932 Colb.

975 2907 1010 2942 (2)
1028 2907 1201 2939 Dcsidcratur
1215 2915 1241 2940 ct
1259 2912 1311 2942 hoc
1324 2920 1485 2950 responsum
1499 2915 1526 2943 in
1539 2916 1616 2945 Colb.
