1886 3071
207 171 276 204 1191

794 175 924 205 ΡΠΟΤΙῙ
941 175 1193 206 PATRIARCIIIE
1212 176 1268 208 ΟΡ.

1770 177 1832 211 1192

207 236 279 261 nem,
297 229 367 264 quod
382 236 412 256 ea
431 229 536 256 nullum
552 229 635 256 cilicii
659 237 743 264 genus
757 249 764 263 ,
781 237 836 264 quo
853 231 988 258 honestan

1081 232 1205 267 ιροένον,
1230 232 1268 263 ὡς
1294 231 1453 266 φυλάξασαν
1482 232 1572 260 πάντα
1595 233 1630 260 τὰ
1656 234 1691 269 τῇ
1721 234 1832 271 σώφρονι

207 280 358 302 matronam
372 275 505 302 adversus
521 275 610 302 virum
629 283 710 302 suum
728 275 805 310 fungi
820 276 908 309 decet,
931 283 995 312 erga

205 328 266 347 cum
282 321 486 354 praetermiserit
501 321 552 355 (‘2).

224 375 297 409 Quod
313 376 382 403 enim
398 376 424 404 in
437 385 467 404 ea
483 381 573 403 natum
586 382 640 410 est,
656 377 688 404 de
704 376 806 404 Suiritu
819 381 910 404 sancto
930 381 979 403 est.

240 476 342 503 Pharii.
359 475 399 502 Ad
420 483 468 503 eos
484 475 531 510 qui
551 475 619 503 forte
631 481 756 511 quaerant
769 476 946 512 quamobrem
963 483 994 504 ex

205 520 309 556 Spiritu
336 525 431 548 sancto
454 526 603 555 conceptus
631 521 738 549 dicatur
767 521 893 549 Christus
918 529 995 548 :non

204 567 277 594 enim
287 566 372 594 Filius
384 565 513 600 Spiritus,
526 565 572 593 sed
583 565 672 593 Patris
681 566 808 594 Christus
824 575 830 593 ι
844 566 884 594 sie
896 573 994 594 occur-

212 612 294 644 ritur,
315 611 446 646 Spiritum
469 611 521 638 dici
540 611 667 638 deitatem
684 611 895 647 omnem,juxta
922 611 995 646 quod

206 658 330 685 Salvator
342 657 379 684 ait
397 667 403 684 :
423 656 540 691 Spiritus
565 662 604 684 est
624 657 741 691 Deus,et
762 666 805 685 eos
819 659 864 692 qui
882 658 994 684 adorant

202 704 338 738 ipsum,in
352 702 453 738 Spiritu
464 706 488 729 et
505 703 613 730 veritate
630 708 730 738 oportet
745 703 867 730 adorare.
884 703 996 738 Proprie

203 753 295 776 tamen
319 752 346 775 et
361 747 537 775 notionaliter
554 747 655 774 dicitur
675 748 794 782 Spiritus
812 752 924 775 sanctus
940 755 993 774 una

204 801 320 829 persona
336 794 489 820 Trinitatis.
517 792 652 820 Cmterum
681 793 734 820 hoc
763 793 824 820 loco
850 793 994 820 mentione

204 838 323 872 Spiritus
339 839 427 866 sancti
440 838 504 865 licet
518 837 668 872 intelligere
682 838 811 865 virtutem
824 837 897 864 Filii.
925 837 993 865 Nam

204 890 231 911 et
243 884 328 912 Filius
338 884 455 919 Spiritus
464 888 589 916 vocatur,
599 888 692 919 utpote
704 883 785 911 Deus.
798 883 888 911 Mirari
900 889 992 911 autem

1047 277 1156 310 γυναικὶ
1174 277 1314 313 πρέποντα
1329 277 1398 313 πρὸς
1415 277 1460 305 τὸν
1473 279 1574 315 ἑαυτῆς
1588 278 1716 314 σύζυγον.

1050 379 1084 406 Τὸ
1105 377 1160 413 γὰρ
1185 378 1222 405 ἐν
1243 378 1321 413 αὐτῇ
1333 380 1493 442 rer-r3133,
1513 380 1547 407 ἐκ
1565 380 1741 416 Πνεύματός
1753 380 1833 408 ἐστιν

1418 424 1494 450 τιου.

1082 470 1206 499 Φωτίου.
1231 470 1304 508 Πρὸς
1322 472 1385 504 τοὺς
1404 472 1534 506 λέγοντας
1554 471 1614 504 πῶς
1631 472 1665 499 ὲκ
1679 471 1832 508 Πνεύματος

1046 517 1126 552 ἁγίου
1143 518 1160 553 ἡ
1175 518 1273 553 κύησις
1291 526 1299 533 ·
1326 518 1357 544 οὺ
1375 518 1428 553 γάρ
1448 519 1522 544 ἐστιν
1536 518 1550 544 6
1565 517 1684 554 Χριστὸς
1705 517 1770 548 Υἱὸς
1788 517 1832 544 τοῦ

1047 564 1215 599 Πνεύματος,
1232 564 1300 591 ἀλλὰ
1314 564 1362 591 τοῦ
1378 564 1482 599 Πατρός
1494 573 1503 601 ξ
1527 563 1601 590 ἐστιν
1615 564 1702 590 εἰπεῖν
1714 571 1722 579 ⁸
1737 564 1779 590 ὅτι
1792 563 1832 590 λέ-

1046 618 1124 644 γεται
1148 610 1260 644 Πνεῦμα
1282 611 1358 636 πᾶσα
1380 610 1521 646 ἡθεότης.
1540 609 1578 641 ὥς
1592 618 1660 645 φησι
1679 611 1694 637 6
1719 609 1831 644 Σωτήρ·

1046 655 1168 690 Πνεῦμα
1183 656 1200 682 ὀ
1217 655 1361 688 Θεὸςῇκαι
1381 655 1453 688 τοὺς
1471 655 1724 689 προσκυνοῦντας
1745 653 1834 681 αὐτὼ·

1045 700 1080 726 ἐν
1093 700 1241 734 Πνεύματι
1254 699 1302 726 καὶ
1316 698 1440 733 ἀληθείᾳ
1455 700 1501 726 δεῖ
1511 701 1705 734 προσκυνεῖν.
1722 699 1833 732 Λέγεται

1045 746 1074 773 δὲ
1091 745 1163 777 ἰδίως
1179 745 1271 772 καὶτὸ
1297 745 1410 780 Πνεῦμα
1426 745 1456 772 τὸ
1471 745 1566 779 ἅγιον,
1587 744 1726 771 τουτέστιν
1748 745 1765 779 ἡ
1787 744 1833 779 μία

1046 792 1195 823 ὑπόστασις
1209 799 1217 805 ·
1241 789 1338 817 οὐκοῦν
1358 791 1406 817 καὶ
1428 791 1542 826 Πνεῦμα
1559 790 1637 825 ἆγισν
1667 790 1727 816 ἐστι
1744 790 1833 824 νοῆσαι

1045 838 1093 865 καὶ
1118 838 1167 874 τὴν
1188 837 1236 864 τοῦ
1263 837 1328 864 Υίοῦ
1355 837 1488 872 δύναμιν·
1517 837 1564 863 καὶ
1586 837 1641 871 γὰρ
1665 835 1713 862 καὶ
1735 836 1751 861 6
1774 834 1833 864 Υἱὸς

1046 885 1159 921 Πνεῦμα
1175 885 1309 917 καλεῖται,
1328 884 1396 911 καθὸ
1410 884 1476 916 Θεός
1493 890 1501 898 ⁰
1528 884 1559 910 οὒ
1577 884 1618 911 δεῖ
1633 884 1662 910 δὲ
1676 882 1812 917 θαυμάσαι
1824 889 1831 896 '

205 938 260 957 non
275 933 392 964 oportet.
404 929 455 962 Qui
467 928 539 956 enim
549 935 581 955 ex
591 936 646 956 uno
660 929 719 956 viro
733 929 826 956 eduxit
838 929 988 961 mulierem,

1081 932 1153 967 ,γὰρ
1179 933 1211 958 ὲκ
1235 931 1316 967 μόνου
1331 930 1379 957 τοῦ
1403 931 1498 966 ἀνδρὸς
1523 930 1683 964 ὲξαγαγόντι
1706 930 1831 963 γυναῖκα,

205 975 299 1010 quidni
314 975 399 1010 possit
413 975 484 1002 idem
499 983 531 1003 ex
546 982 599 1002 uua
619 981 728 1010 quoque
741 974 854 1002 muliere
870 981 987 1010 puerum

204 1021 319 1048 educere
334 1021 393 1056 (3)?

206 1076 284 1103 Vens.
297 1077 342 1103 22.
359 1076 416 1103 Hoc
427 1082 514 1103 autem
534 1081 617 1104 totum
633 1077 732 1112 factum
744 1081 792 1108 est,
810 1080 839 1103 ut
860 1076 994 1112 adimple-

235 1116 307 1139 retur
320 1112 388 1146 quod
401 1112 502 1138 dictant
514 1117 552 1139 est
572 1120 589 1139 ιι
605 1112 719 1139 Domino
733 1120 778 1146 per
789 1112 957 1146 prophetam.

239 1167 341 1194 Photii.
358 1166 471 1194 Comma
487 1167 557 1195 istud
581 1167 620 1195 sic
636 1175 666 1195 sc
685 1167 788 1194 habens
805 1177 811 1194 :
831 1166 887 1194 Hoc
906 1172 994 1193 autent

205 1215 287 1238 totum
302 1211 401 1245 factum
413 1215 462 1243 est,
478 1215 529 1238 etc.
545 1211 654 1238 cuinam
671 1211 845 1237 tribuendum
872 1218 995 1245 personae

203 1258 265 1286 est?
279 1258 426 1293 Angelone,
441 1265 474 1284 an
498 1257 696 1292 evangelista?
709 1257 738 1284 ln
753 1257 872 1292 speciem
885 1257 993 1291 quidem

203 1303 291 1337 angeli
309 1308 370 1336 est,
385 1307 415 1330 ut
442 1303 525 1330 etiam
549 1302 730 1337 interpretum
749 1301 862 1336 quidam
885 1301 994 1335 docent,

203 1357 232 1376 re
246 1354 335 1376 tamen
351 1355 423 1381 vera,
439 1348 580 1383 scriptoris
598 1348 647 1384 (1t).

203 1404 267 1432 CAP.
293 1403 325 1430 ll.
353 1402 436 1431 Vens.
458 1404 502 1431 l3.
520 1403 645 1436 Quicum
669 1405 853 1437 recessissent,
870 1411 928 1430 ecce
947 1412 996 1430 an-

239 1439 311 1473 gelus
324 1438 428 1465 Domini
444 1440 568 1473 apparuit
583 1440 611 1466 in
634 1441 733 1466 somnis
750 1439 859 1473 Josep/t,
876 1438 967 1465 dicens
982 1447 992 1465 .'

239 1475 323 1508 Surge
337 1479 362 1500 et
374 1475 462 1508 accipe
488 1482 598 1508 puerum
617 1478 642 1501 et
660 1479 774 1501 matrem
796 1475 864 1509 ejus,
890 1477 915 1501 at
935 1473 996 1509 fuge

235 1510 266 1535 in
281 1508 437 1543 zEgyptum.

239 1564 343 1591 Photii.
361 1563 388 1591 ln
406 1563 552 1598 (Emptum
584 1556 812 1598 fugithChristus,
837 1568 868 1592 ut
882 1568 910 1592 et
925 1564 996 1593 hanc

203 1611 398 1642 sauctilicaret,
431 1609 662 1644 quemadmodum
688 1608 853 1645 Babylonem
869 1617 918 1644 per
936 1610 994 1637 Ma-
1007 1599 1030 1630 (ἶ

205 1664 254 1691 gos
267 1656 313 1690 qui
334 1655 367 1682 ad
396 1662 459 1682 eum
488 1654 659 1684 adorandum
675 1660 819 1688 venerant,
837 1655 995 1684 sanctiﬁca-

204 1706 290 1729 verat.

206 1761 274 1787 CAP.
293 1759 337 1787 111.
355 1759 440 1787 Vens.
459 1759 485 1787 9.
506 1759 541 1786 Et
573 1767 604 1786 ne
633 1758 718 1786 velitis
747 1759 832 1786 dicere
855 1759 928 1786 intra
938 1767 994 1792 vos,

238 1795 348 1822 Patrem
360 1796 486 1822 habemus
504 1795 638 1822 Abraham
650 1802 658 1821 :
669 1795 729 1820 dico
748 1794 818 1821 enim
832 1794 914 1824 vobis,
931 1802 995 1829 quo-

241 1831 313 1857 niam
328 1835 419 1865 patem
444 1835 482 1857 est
498 1830 568 1856 Deus
587 1829 619 1856 de
636 1828 770 1863 lapidibus
787 1829 846 1856 istis
861 1830 992 1857 suscitare

243 1865 311 1900 ﬁlios
326 1865 448 1892 Abraltw.

241 1923 341 1951 Photii.
366 1923 444 1956 Quod
471 1914 575 1958 lapides
607 1922 658 1950 hos
688 1922 765 1955 dicit,
783 1930 837 1949 non
857 1927 947 1950 tamen
967 1923 993 1949 iu

202 1969 339 2004 lapidibus
368 1969 451 1996 haeret
479 1968 522 1996 vis
551 1968 703 2001 sententiae,
734 1967 780 1995 sed
808 1968 933 1995 homines
948 1968 994 1995 de-

203 2015 296 2050 signat
309 2021 388 2049 quos,
401 2014 575 2048 imperfectos
592 2014 655 2040 licet
669 2017 697 2040 et
716 2012 839 2040 inﬁdeles
854 2018 880 2040 et
894 2020 994 2048 paupe-

203 2066 260 2090 res,
279 2062 370 2092 potest
394 2065 509 2091 magnos
535 2061 562 2084 et
590 2057 712 2083 illustres
726 2056 844 2089 allicere,
860 2057 883 2083 si
903 2061 992 2083 tamen

204 2104 257 2139 ipsi
280 2104 372 2131 sinant
394 2106 422 2129 et
449 2102 554 2136 velint;
584 2101 816 2136 quemadmodum
843 2100 991 2134 Abraham,

203 2150 278 2185 quod
305 2149 361 2178 Deo
386 2147 511 2182 credidit,
530 2155 564 2176 ex
579 2148 680 2184 ignotis
690 2147 828 2175 natalibus
845 2147 991 2181 obscurus,

202 2197 318 2226 illustris
333 2196 421 2224 evasit
435 2195 486 2231 (5).

271 2254 354 2282 Vens.
369 2253 413 2280 12.
427 2252 512 2287 Cujus
527 2250 703 2279 ventitabrum
715 2250 745 2277 in
757 2258 836 2277 manu
850 2250 918 2285 ejus.

1044 978 1158 1005 δυνατόν
1180 979 1238 1004 ἔστι
1265 977 1313 1004 καὶ
1335 977 1367 1003 ὲκ
1389 977 1472 1012 μόνης
1489 976 1618 1011 γυναικὸς
1638 976 1722 1003 παῖδα
1738 975 1832 1010 ὲξαγα-

1044 1024 1114 1058 γεῖν.

1048 1080 1138 1107 Τοῦτο
1158 1079 1193 1106 δὲ
1208 1080 1283 1107 ὅλον
1303 1080 1436 1115 γέγονεν,
1461 1079 1512 1106 ἵνα
1529 1077 1674 1115 ῖιληρωθῇ
1693 1076 1727 1104 τὸ
1742 1076 1834 1111 ῥηθὲν

1151 1115 1210 1142 ὑπὸ
1223 1115 1277 1142 τοῦ
1294 1113 1405 1150 Κυρίου
1422 1114 1472 1142 διὰ
1490 1113 1543 1141 τοῦ
1564 1113 1730 1148 προφήτου.

1046 1175 1053 1199 '.
1081 1172 1205 1199 Φωτίου.
1226 1172 1264 1198 Τὸ
1279 1171 1371 1208 ῥητὸν,
1389 1172 1419 1198 τὸ
1432 1171 1511 1206 λέγον
1522 1179 1529 1186 ·
1547 1171 1638 1198 Τοῦτο
1654 1169 1688 1196 δὲ
1705 1169 1779 1196 ὅλον
1790 1168 1834 1202 τέ-

1045 1226 1125 1253 rore,
1136 1217 1208 1249 τίνος
1222 1217 1255 1244 ἂν
1266 1218 1319 1253 εἴη,
1333 1217 1378 1244 τοῦ
1391 1218 1508 1252 ἀγγέλου
1523 1217 1539 1252 ἦ
1551 1216 1598 1243 τοῦ
1621 1214 1813 1249 εὐαγγελιποῦ
1824 1222 1832 1245 ;

1045 1264 1090 1298 Τῷ
1112 1265 1161 1299 μὲν
1188 1264 1278 1291 δοκεῖν
1302 1263 1349 1290 τοῦ
1374 1263 1509 1298 ἀγγέλου,
1534 1262 1572 1293 ὥς
1595 1261 1661 1296 φασί
1684 1269 1759 1291 τινες
1781 1259 1834 1286 τῶν

1045 1310 1232 1346 ἑρμηνευτῶν,
1248 1311 1283 1346 τῇ
1297 1310 1326 1337 δὲ
1341 1309 1459 1346 ἀληθείᾳ
1473 1308 1520 1336 τοῦ
1536 1307 1728 1343 συγγραφέως.

1053 1400 1325 1443 Ἀναχωρησάντών
1338 1407 1372 1434 δὲ
1383 1406 1492 1443 αὐξῶν,
1507 1405 1572 1443 ίᾷοὺ
1586 1405 1714 1443 ἅγγελος
1726 1405 1835 1443 Κιέρίου

1082 1441 1217 1478 φαινέτω
1233 1444 1296 1470 κατ’
1309 1443 1382 1476 ὄναρ
1397 1441 1580 1478 τῷλιωσὴφ,
1595 1441 1710 1478 Jtérm”
1726 1441 1838 1478 ¹ἰἒγερο

1083 1474 1144 1511 θεὶς
1159 1478 1314 1512 παράλαϐε
1333 1474 1369 1504 td
1385 1477 1505 1503 παιδίον
1520 1474 1569 1503 καὶ
1590 1474 1647 1509 τὴν⁸
1657 1474 1772 1510 μητέρα
1785 1476 1838 1502 αὑ-

1081 1513 1146 1546 τοῦ,
1162 1514 1212 1540 καὶ
1229 1513 1320 1548 φεῦγε
1336 1513 1381 1545 είς
1396 1512 1561 1546 Αιγυπτον.

1083 1571 1207 1597 Φωτίυυ.
1228 1569 1275 1602 El;
1291 1568 1428 1603 Αἴγυπτον
1442 1567 1538 1602 φεύγει
1552 1567 1567 1593 ὁ
1583 1566 1713 1602 Χριπδς,
1734 1566 1778 1593 ἴνα
1793 1566 1842 1593 καὶ

1046 1616 1146 1651 ταύτην
1157 1613 1384 1652 ἁγιάσῃ’“ὥσπερ
1394 1614 1444 1650 τὴν
1458 1611 1605 1640 Βαϐυλῶνα
1618 1612 1662 1639 διὰ
1675 1612 1730 1639 τῶν
1744 1613 1842 1648 μάγων

1046 1661 1160 1696 ἡγίασεν
1175 1660 1307 1687 ἐλθόντων
1322 1660 1364 1692 εις
1380 1659 1567 1695 προσκύνησιν
1584 1657 1679 1686 αὐτοῦ.

1046 1763 1102 1791 Καὶ
1114 1762 1157 1798 μὴ
1173 1762 1282 1796 δόξητε
1296 1761 1398 1798 λέγειν
1408 1761 1443 1788 ἐν
1453 1760 1583 1798 ἑαυζοῖς,
1599 1759 1717 1798 autem
1728 1760 1843 1794 ἔχομεν

1080 1795 1135 1825 τὸὶ·
1151 1795 1286 1832 Ἀδραάμ
1301 1805 1309 1812 ·
1336 1795 1417 1830 λέγω
1434 1796 1491 1830 γὰρ
1509 1796 1591 1832 ὑμῖν.
1610 1795 1657 1832 ἔτι
1679 1795 1808 1832 δύναται
1826 1798 1842 1832 ῥ

1083 1833 1156 1866 Θεὸς
1173 1830 1211 1860 ἐνί
1231 1830 1291 1859 τῶν
1307 1832 1401 1859 λίθων
1423 1832 1537 1858 τούτων
1558 1830 1667 1866 ἐγεῖραι
1691 1830 1786 1858 τέκνα
1802 1830 1842 1863 τῷ

1088 1868 1226 1902 Ἀϐραάμ.

1080 1925 1203 1952 Φωτιου.
1220 1924 1257 1951 Τὸ
1270 1924 1302 1950 ἐκ
1317 1924 1371 1951 τῶν
1387 1923 1470 1951 λίθων
1488 1913 1601 1955 eodem;
1617 1922 1648 1949 οὐ
1666 1922 1730 1954 τοὺς
1747 1921 1840 1954 λίθους

1045 1971 1144 2003 αὐτοὺς
1170 1971 1264 2004 λέγει·
1292 1970 1350 1997 ἀλλ’
1371 1970 1412 1996 ὅτι
1437 1970 1467 2002 ἐξ
1489 1969 1640 2005 ἀνθρώπων
1664 1968 1772 1996 ἀτελῶν
1794 1969 1841 1995 καὶ

1044 2017 1167 2044 ἀπίστων
1183 2016 1230 2043 καὶ
1244 2017 1369 2051 πενήτων
1386 2015 1496 2042 δύναται
1520 2015 1654 2051 μεγάλους
1667 2023 1697 2041 τε
1714 2014 1763 2041 καὶ
1778 2015 1839 2040 ἐπι-

1045 2063 1149 2099 σήμους
1159 2063 1280 2098 ποιῆσαι,
1293 2062 1396 2098 ἐάνπερ
1406 2062 1518 2089 ἐθέλωσι
1527 2071 1535 2078 ·
1551 2061 1676 2096 καθάπερ
1689 2060 1841 2096 ὸἊϐραὰμ

1043 2107 1192 2140 πιστεύσας
1206 2107 1265 2142 Θεῷ
1277 2107 1306 2141 ἐξ
1321 2107 1436 2143 ἀσήμων
1449 2107 1560 2142 γέγονεν
1577 2106 1724 2141 ἐπίσημος.

1181 2254 1222 2286 Οὔ
1239 2256 1272 2284 τὸ
1287 2255 1384 2283 πτύον
1400 2255 1436 2282 ἐν
1450 2254 1486 2290 τῇ
1501 2254 1577 2290 χειρὶ
1592 2254 1700 2282 αὐτοῦ.

236 2312 336 2339 Photii.
356 2310 433 2338 Sicut
444 2310 518 2338 enim
538 2309 566 2336 in
580 2308 742 2343 supellectili
758 2308 873 2335 aliarum
889 2308 988 2336 artium

1081 2313 1201 2340 Φωτίου.
1223 2313 1327 2348 Ὠσπερ
1344 2312 1399 2348 γὰρ
1421 2312 1468 2338 ἐπὶ
1491 2311 1546 2338 τῶν
1568 2311 1656 2338 ἄλλων
1674 2311 1838 2346 ἐπιστημῶν

199 2364 265 2387 sunt
281 2359 464 2386 instrumenta
494 2359 570 2383 certa
600 2354 635 2382 ad
655 2354 866 2382 discernendum
885 2361 917 2382 ea
929 2362 990 2389 qua:

197 2406 277 2440 juxta
311 2404 393 2431 tinem
419 2407 446 2430 et
469 2401 625 2429 institutum
646 2401 781 2436 cujusque
801 2400 844 2428 vel
859 2400 930 2428 bona
947 2401 988 2428 vel

200 2457 282 2478 secus
294 2454 369 2481 sunt,
385 2449 426 2476 sic
441 2448 502 2475 etin
520 2447 687 2483 agricultura
701 2445 879 2481 frugibusque
893 2446 987 2474 labore

200 2495 305 2523 rustico
336 2495 453 2526 eductis,
472 2501 535 2520 area
557 2498 584 2521 et
600 2492 783 2520 ventilabrum
799 2497 852 2520 est.
879 2492 907 2519 ln
921 2499 986 2520 area

199 2541 301 2576 quippe
322 2540 491 2568 frumentum
509 2547 523 2567 a
546 2539 623 2574 palea
641 2539 818 2567 discernitur.
833 2537 893 2571 Qua
910 2538 988 2565 silui-

199 2586 315 2614 litudine
338 2586 483 2614 adumbrat
513 2585 673 2617 Ecclesium,
700 2590 728 2612 et
753 2585 798 2612 Dei
815 2585 869 2611 vim
884 2584 988 2613 discer-

198 2633 310 2658 uentem
329 2638 344 2658 a
362 2631 440 2661 bonis
456 2637 503 2658 eos
516 2631 563 2666 qui
578 2630 646 2658 tales
660 2637 714 2658 non
731 2634 797 2658 sunt
812 2629 861 2665 (6).

1044 2358 1101 2384 ἐστι
1116 2358 1177 2385 τινὰ
1191 2357 1295 2393 ὄργανα
1319 2357 1475 2393 διακριτικὰ
1500 2356 1555 2383 τῶν
1580 2356 1652 2383 κατὰ
1666 2357 1716 2391 τὴν
1738 2357 1838 2391 τέχνην

1041 2403 1133 2430 καλῶν
1146 2412 1177 2429 τε
1191 2404 1237 2430 καὶ
1259 2403 1387 2430 ἐναντίων
1397 2411 1404 2418 ·
1433 2402 1504 2429 οὕτω
1520 2402 1567 2429 καὶ
1580 2402 1609 2429 ὲν
1621 2403 1678 2433 τοῖς
1693 2410 1838 2437 γεωργου-

1043 2447 1134 2483 μένοις
1149 2449 1166 2484 ὴ
1182 2448 1253 2480 ’ἅλως
1275 2449 1334 2475 ἐστὶ
1349 2449 1396 2475 καὶ
1409 2448 1439 2474 τὸ
1458 2448 1553 2476 πτύον.
1568 2447 1615 2475 Ἐν
1629 2447 1684 2483 γὰρ
1698 2449 1733 2483 τῇ
1751 2448 1837 2475 ἂλωνι

1040 2495 1055 2520 6
1069 2495 1140 2525 σῖτος
1171 2494 1226 2520 ἀπὸ
1242 2494 1289 2520 τοῦ
1312 2494 1414 2529 ἀκύρου
1429 2494 1597 2529 διακρίνεται
1613 2501 1621 2510 ³
1648 2490 1749 2520 οἷστισι
1765 2502 1838 2529 παρ-

1041 2540 1145 2572 εικάζει
1158 2541 1207 2575 τήν
1221 2548 1252 2566 τε
1272 2539 1436 2575 Ἐκκλησίαν
1451 2539 1498 2566 καὶ
1515 2539 1563 2575 τὴν
1581 2539 1774 2575 διακρίνουσαν
1786 2539 1837 2565 to}

1040 2586 1108 2612 Θεοῦ
1138 2586 1251 2621 δύναμιν
1281 2585 1336 2612 ἀπὸ
1366 2585 1422 2613 τῶν
1452 2585 1562 2621 ἀγαθῶν
1585 2585 1649 2618 τοὺς
1675 2585 1715 2621 μὴ
1744 2584 1837 2612 τοιού-

1039 2639 1111 2664 τους.

955 2729 1070 2758 NOT/E.

245 2812 273 2841 21
288 2812 331 2841 Cf.
346 2812 529 2846 Qttmstionem
549 2812 628 2843 XXII,
645 2812 674 2839 (ἶ.

246 2848 273 2881 5)
287 2848 329 2876 cr.
343 2848 375 2882 Q.
395 2847 477 2874 xxu.

233 2883 272 2918 (ι)
289 2883 331 2911 cr.
346 2884 378 2916 ρ.
395 2882 477 2910 xxv.

1072 2812 1110 2843 (δ)
1124 2811 1164 2840 cr.
1180 2820 1205 2847 q.
1222 2811 1315 2840 χχχι.

1074 2847 1112 2881 to)
1130 2848 1171 2874 cr.
1190 2846 1217 2882 'q.
1237 2846 1345 2874 χχχιι.
