1886 3071
118 166 187 199 1205

670 164 904 195 FRAGMENTA
921 163 962 194 IN
977 162 1212 192 MATTEL'EUM.

1677 154 1749 187 1206

117 224 170 251 Kal
193 221 382 253 ἀκούσαντες
398 221 424 248 οι
448 221 578 255 μαθηται
605 219 724 251 ἐπε-σον,
740 219 790 246 ἐπὶ
816 219 906 254 πρόσ-

1006 226 1022 242 ι.
1041 216 1121 243 XV".
1132 216 1224 255 Avens.
1241 215 1268 242 6.
1297 215 1330 241 lit
1349 214 1485 254 audientes
1499 212 1639 255 discipuli”
1650 211 1749 239 cecide-

204 265 286 284 ωπον
300 255 409 289 αὐτῶν,
422 256 470 282 καὶ
480 255 674 289 ἐφοϐήθησαν
689 255 817 290 σφόδρα.

151 314 274 342 Φωτιου.
301 313 410 348 Ἐπειδὴ
428 314 458 340 τὸ
477 314 526 348 τῆς
539 313 667 347 θεότητος
687 313 797 347 ἀξίωμα
815 321 905 348 παρα-

116 360 305 396 γυμνούμενον
327 360 475 386 ἐθεάσαντο
498 361 522 386 o!
548 359 707 392 ἀπόστολοι,
731 359 844 394 καὶτῆς
859 359 906 385 τοῦ

117 406 224 441 Πατρδς
239 407 331 440 φωνῆς
345 406 477 441 ἥκουσαν,
489 403 559 432 εἶδον
572 405 600 432 δὲ
612 405 658 432 τὸν
669 406 790 440 Μωῡσῆν
804 405 851 432 καὶ
862 405 907 431 τὸν

123 450 216 476 Ἠλίαν
233 450 426 486 δουλοπρεπεῖ-ς
440 450 664 485 παρεστηκότας,
679 451 720 482 είς
736 450 907 485 τελειοτέραν

117 495 274 531 ἀνήχθησαν
291 495 395 522 ἔννοιαν
417 496 481 530 περὶ
502 496 549 523 τοῦ
567 496 692 531 Σωτῆρος
706 515 714 528 ,
732 496 779 522 καὶ
795 496 831 527 ὡς
853 496 908 531 ἄρα

120 541 229 576 ἀληθῶς
240 539 317 573 οὗτός
331 543 403 568 ἐστιν
415 542 429 568 6
442 542 546 578 μέλλων
561 542 725 578 λυτροῦσθαι
738 543 783 570 τὸν
801 542 908 578 Ἰσραὴλ

117 588 166 614 καὶ
181 588 196 614 6
217 587 321 621 μέλλων
334 588 480 623 ἔρχεσθαι,
499 584 578 620 οὗτος
592 589 606 615 6
626 588 693 620 Θεὸς
708 588 763 616 τῶν
781 589 908 623 πατέρων

117 633 208 668 ήμῶν,
222 633 236 660 ὁ
244 634 348 669 Κριτής
363 634 473 666 ζώντων
485 635 533 661 καὶ
545 635 662 670 νεκρῶν.

122 722 190 749 Τότε
204 721 347 758 συνῆκαν
374 725 402 750 οἱ
409 725 546 760 μαθηταί
553 725 598 752 ὅτι
624 725 691 760 περὶ
709 726 845 755 Ἰωάννου
857 727 909 754 τοῦ

332 758 501 787 Βαυ-ιτιστοῦ
518 758 603 787 εἶπεν
620 758 732 794 αὐτοῖς.

155 816 279 843 Φωτίου.
297 817 336 843 Οὐ
349 817 387 852 τῷ
401 817 513 854 ὀνόματί
528 819 603 846 ἐστιν
622 819 714 852 Ἠλίας
729 821 744 848 6
765 821 909 858 Ἰωάννης,

119 862 187 889 ἀλλὰ
199 864 232 897 τῇ
245 863 382 898 ὁμοιότητι
397 864 452 890 τῶν
464 864 601 899 πράξεων.
619 866 674 892 Καὶ
685 867 740 902 γὰρ
759 867 910 904 ἀμφότεροι

121 907 270 943 πρόδρομοι
294 909 441 944 ἐτύγχανον
462 911 512 945 τῆς
533 911 579 937 τοῦ
601 912 720 948 Χριστοῦ
740 917 908 953 παρουσίας,

119 955 134 980 6
149 955 199 989 μὲν
221 955 271 989 τῆς
285 955 437 990 προτέρας,
453 957 467 983 6
482 957 511 983 δὲ
528 957 578 993 τῆς
591 957 732 994 δευτέρας.
749 962 804 988 Καὶ
819 964 911 999 ἀμφό-

119 1008 195 1035 τεροι
211 1001 275 1032 τοὺς
293 1001 448 1034 πολιτικοὺς
461 1002 591 1037 θορύϐους
604 1003 746 1040 ἐξέφυγον.
761 1009 816 1036 Καὶ
833 1011 847 1036 ὁ
861 1011 911 1046 μὲν

127 1046 218 1078 Ἠλίας
242 1046 308 1082 ᾠκει
329 1048 376 1075 τὸν
397 1048 557 1084 Κάρμηλον·
581 1052 595 1077 6
615 1051 643 1078 δὲ
674 1053 801 1090 Ἰωάννης
822 1056 851 1083 ὲν
876 1058 908 1092 τῇ

121 1093 216 1129 ἐρήμῳ
230 1093 360 1129 διέτριϐε·
375 1095 423 1122 καὶ
442 1097 513 1122 κατὰ
528 1097 562 1123 τὰ
575 1097 642 1124 ἄλλα
657 1099 685 1126 δὲ
701 1084 814 1136 πλείστη
832 1084 910 1137 ἐτύγῖ

121 1148 202 1174 χανεν
218 1140 309 1171 αὐτοῖς
326 1141 342 1175 ή
358 1141 496 1176 ὁμοιότης.
511 1143 566 1168 Καὶ
579 1143 659 1171 τοῦτο
672 1145 748 1180 δηλοῖ
764 1147 778 1173 6
794 1148 912 1183 Χριστὸς

121 1186 219 1219 λέγων,
243 1187 283 1213 ὅτι
298 1184 413 1214 Ἦλθεν
433 1188 547 1221 Ἠλίας,
568 1189 626 1215 ἀλλ’
639 1191 696 1217 οὐκ
709 1191 849 1226 ἔγνωσαν
860 1196 912 1221 αὐ-

121 1233 192 1283 to'r'.
216 1233 356 1261 τουτέστιν
379 1235 393 1261 6
425 1235 552 1270 Ἰωάννης
576 1237 590 1263 6
609 1238 679 1264 κατὰ
705 1238 796 1265 πάντα
821 1240 912 1274 ὅμοιος

122 1286 208 1305 αντω.

157 1324 213 1352 Kal
227 1325 408 1360 ἐπετίμησεν
419 1327 499 1360 αὐτῷ
510 1329 527 1355 ό
548 1329 679 1363 Ἰησοῦς,
696 1339 724 1357 κ.
739 1339 764 1358 τ.
783 1330 809 1359 λ.

157 1372 282 1400 Φωτίου.
308 1372 362 1400 Τοῦ
389 1374 427 1409 μὴ
445 1376 537 1409 τυχεῖν
563 1377 613 1410 τῆς
640 1376 738 1408 ἰάσεως
762 1377 826 1413 τρία
845 1377 915 1404 εἰσὶν

124 1417 208 1450 αἴτια,
222 1419 336 1446 ἀπιστία
349 1419 403 1446 τῶν
418 1421 610 1455 παρεστώτων,
625 1423 673 1449 καὶ
689 1424 706 1458 ὴ
719 1424 784 1459 περὶ
798 1424 832 1450 τὰ
847 1423 914 1451 θαύ-

125 1473 199 1499 ματα
217 1464 388 1499 ὀλιγοπιστία
403 1466 457 1493 τῶν
479 1467 608 1501 μαθητῶν
620 1489 628 1501 ,
650 1469 698 1496 καὶ
715 1470 732 1505 ἡ
747 1470 794 1497 τοῦ
817 1470 915 1505 δαιμο-

124 1511 267 1546 νιζομένου
281 1513 490 1548 γαστριμαργία
507 1515 555 1541 καὶ
567 1514 719 1550 ἀδηφαγία.

162 1569 235 1596 Οὐαί
249 1568 289 1603 τῷ
307 1569 410 1605 κόσμῳ
422 1571 482 1598 ἀπὸ
497 1570 557 1598 τῶν
567 1572 758 1601 σκανδάλων.

162 1638 286 1666 Φωτίου.
306 1639 424 1666 Πλεῖστα
446 1641 511 1675 περὶ
535 1640 590 1667 τῶν
617 1641 774 1669 σκανδάλων
794 1642 879 1670 είπὼν
901 1643 916 1669 ὸ

127 1684 223 1720 Σωτὴρ
249 1685 297 1711 καὶ
321 1684 459 1720 θρηνήσας
481 1686 526 1712 τὸν
546 1686 660 1721 κόσμον,
683 1687 778 1722 θρηνεῖ
801 1688 850 1715 καὶ
871 1688 918 1715 τὸν

127 1729 270 1764 ἄνθρωπον
295 1729 333 1762 ὡς
355 1731 475 1766 ἐργάτην
498 1731 552 1758 τῶν
567 1732 671 1765 κακῶν,
695 1733 803 1764 δεικνὺς
820 1734 860 1760 ὅτι
886 1733 917 1760 οὐ

129 1775 210 1810 μόνον
222 1775 275 1812 χρὴ
288 1776 322 1803 τὰ
336 1777 472 1804 σκάνδαλα
483 1777 628 1813 ἐκφεύγειν
642 1779 690 1805 καὶ
702 1779 917 1814 ἀποτρέπεσθαι,

128 1821 196 1848 ἀλλᾶ
214 1822 261 1848 καλ⁵
283 1822 347 1854 τοὺς
362 1822 397 1849 τὰ
411 1823 523 1849 τοιαῦτα
539 1823 711 1862 πράσσοντας
738 1824 775 1859 μὴ
790 1824 918 1858 ἀποδέχε.

130 1867 202 1895 σθαι.
219 1867 276 1902 Τὴν
290 1869 344 1903 γὰρ
360 1869 429 1903 μετὰ
442 1868 544 1896 τούτων
558 1870 732 1905 ἀναστροφὴν
745 1871 785 1901 εις
803 1870 919 1906 μίμησιν

129 1913 219 1941 αὐτῶν
233 1914 406 1941 ἐκκαλεῖσθαι
419 1915 484 1947 τοὺς
499 1914 547 1942 ἀνθ
553 1914 661 1950 ρώπους
677 1916 837 1950 ἀναγκαῖον.

131 2002 187 2031 Kal
209 2003 237 2030 ει
258 2004 276 2031 ὁ
297 2003 452 2039 ὀφθαλμός
479 2012 538 2032 σου
561 2005 752 2036 σκανδαλίζει
770 2014 818 2039 σε,
832 2005 920 2039 ἐξελε

257 2039 352 2066 αὑτὸν
369 2040 418 2067 καί
433 2039 514 2072 βάλε
527 2040 587 2067 ἀπὸ
600 2040 668 2074 σοῦ,
687 2050 713 2068 κ.
731 2050 757 2072 τ.
773 2041 799 2068 λ.

168 2095 292 2124 Φωτίου.
308 2095 367 2123 Κᾶν
379 2096 494 2131 φιλικῶς
507 2097 551 2132 εἴη
564 2106 605 2128 τις
616 2097 685 2133 πρὸς
700 2098 729 2124 σὲ
739 2097 921 2132 διακείμενος,

133 2141 177 2176 εῑη
189 2141 218 2167 δὲ
233 2141 352 2176 ἐργάτης
365 2150 396 2168 τε
411 2142 460 2170 καὶ
479 2142 646 2178 δημιουργὸς
666 2144 721 2171 τῶν
742 2143 848 2176 κακῶν,
858 2145 923 2171 ἁπο-

134 2186 280 2222 κολλήθητι
306 2187 400 2221 αὐτοῦ,
420 2188 470 2223 τὴν
485 2188 588 2224 βλάϐην
611 2189 742 2217 ἐκκλίνων
758 2190 808 2226 τῆς
833 2190 923 2226 ψυχῆς

134 2233 182 2260 καὶ
197 2233 244 2260 τὸν
258 2233 290 2260 ἐκ
301 2233 352 2269 τῆς
369 2234 512 2266 συνουσίας
526 2234 609 2261 αὑτοῦ
625 2235 674 2262 ἱόν.

143 2333 211 2360 Ἐὰν
233 2332 268 2360 δὲ
279 2332 436 2367 ἁμαρτήσῃ
449 2333 492 2366 εις
504 2332 542 2360 σὲ
564 2335 581 2361 ὀ
597 2333 728 2368 ἀδελφός
738 2342 806 2365 σου,
818 2333 924 2367 ὕπαγε,

136 2368 186 2395 καὶ
200 2368 328 2403 ἔλεγξον
344 2369 438 2395 αὐτὸν
449 2367 564 2402 μεταξὺ
579 2369 638 2395 σοῦ
649 2369 698 2395 καί
713 2369 806 2396 αὐτοῦ
817 2369 925 2404 μόνον.

173 2427 298 2454 Φωτίου.
321 2427 391 2458 Τοὺς
409 2426 634 2458 σκανδαλίζοντας
655 2426 701 2453 τὸν
724 2426 838 2462 πλησίον
858 2427 926 2453 ἀπο-

137 2473 307 2508 τρεπόμενος
321 2474 335 2499 ὸ
349 2472 454 2507 Σωτὴρ,
475 2472 522 2499 νῦν
539 2471 741 2507 παραμυθεῖται
755 2473 819 2503 τοὺς
836 2481 926 2498 σκαν-

137 2518 331 2553 δαλιζομένους
344 2538 351 2550 ,
377 2518 423 2544 καὶ
448 2517 521 2551 λέγει
538 2517 604 2552 πρὸς
622 2516 731 2549 αὐτούς·
747 2517 793 2552 Μή
807 2516 926 2543 καταπέ-

140 2573 205 2599 σητε
226 2563 381 2594 ἐννοοῦντες
406 2563 439 2598 ἣν
459 2561 594 2597 ὑπέστητε
607 2562 724 2595 ἀδικίαν,
740 2563 800 2588 ἐπεὶ
816 2561 927 2588 δυνατόν

139 2611 213 2636 ἐςτιν
237 2611 276 2641 είς
299 2609 370 2644 μέγα
394 2609 488 2644 κέρδος
505 2607 685 2643 μεταστῆσαι.
712 2607 773 2640 Πῶς
797 2607 826 2634 δὲ
850 2608 929 2634 τοῦτο

140 2656 300 2691 γενήσεταις
319 2656 348 2682 Εἰ
362 2655 409 2681 τὸν
422 2654 588 2690 ἀδικήσαντά
601 2663 630 2681 σε
642 2654 703 2681 κατ’
719 2654 787 2681 ίδίαν
799 2654 928 2688 ἐλέγξεις,

141 2701 270 2728 δεικνύων
297 2700 370 2736 αὐτῴ
401 2701 431 2727 τὸ
463 2700 625 2736 ἁμάρτημα.
645 2699 844 2730 Μετανοοῦντος
871 2700 926 2735 γὰρ

142 2745 246 2773 ἐκείνου
261 2746 303 2781 ἐφ’
319 2743 360 2778 οἷς
383 2745 499 2782 ἔπραξεν
513 2746 552 2778 εἰς
566 2746 606 2779 σὲ,
623 2746 694 2780 μέγα
708 2753 750 2771 σοι
769 2744 863 2781 κέρδος
880 2754 928 2779 γε-

1042 256 1104 278 runt
1130 252 1156 278 in
1171 251 1266 285 [aciem
1281 258 1356 276 suam
1366 269 1373 281 ,
1387 254 1410 276 et
1421 250 1563 276 timuerunt
1578 247 1663 275 valde.

992 307 1093 334 letii.
1107 306 1257 340 Pestquam
1280 304 1450 338 maiestatem
1485 302 1636 330 divinitatis
1649 301 1751 329 nudam

955 352 1011 387 jam
1029 352 1143 386 apostoli
1170 350 1284 378 contuiti
1303 353 1387 382 sunt,
1407 354 1434 375 et
1462 348 1551 375 Patris
1579 354 1672 374 vocem
1701 354 1751 373 au-

958 398 1085 430 dierunt,
1116 396 1227 431 Moysen
1257 402 1368 431 quoque
1398 398 1480 428 atque
1514 393 1601 420 Elian]
1623 391 1751 418 famulari

958 442 1050 477 specie
1082 450 1115 470 ac
1146 442 1299 469 reverentia
1332 444 1495 475 apparentes
1517 445 1697 472 conspexere;
1724 437 1751 462 in

959 489 1148 518 sublimiorem
1167 488 1255 516 evecti
1270 487 1418 522 quamdam
1428 491 1493 513 sunt
1509 484 1702 520 cogitationem
1718 482 1752 509 de

960 534 1112 567 Salvatore,
1125 533 1254 560 nimirum
1275 533 1350 559 illum
1373 538 1434 558 esse
1461 537 1554 557 revera
1572 536 1634 556 eum
1651 527 1696 563 qui
1711 534 1753 554 rc—

959 581 1120 614 dempturus
1131 583 1203 606 esset
1218 578 1300 605 Israel
1314 585 1321 604 :
1340 577 1417 604 illum
1436 575 1483 610 qui
1495 578 1627 602 venturus
1638 579 1753 607 exspec-

961 626 1068 652 tabatur
1084 625 1155 651 Deus
1171 628 1276 659 patrum
1297 626 1467 654 nostrorum,
1485 619 1573 647 Judex
1588 619 1710 646 vivorum
1724 620 1753 643 et

961 675 1132 698 mortuorum
1138 690 1145 697 ι

961 716 1042 745 Vsus.
1056 717 1100 744 13.
1117 714 1384 743 Tuncintellexerunt
1396 712 1522 746 discipuli
1538 712 1598 747 quia
1609 711 1640 738 de
1650 709 1753 738 Joanne

1200 749 1325 784 Baptista
1345 748 1454 775 dixisset
1464 748 1513 774 eis.

997 806 1098 834 Pltotii.
1125 805 1245 833 Joannes
1261 812 1317 832 non
1344 804 1454 832 nomine
1475 804 1585 838 quidem
1607 801 1679 829 Elias
1698 806 1751 835 est,

963 853 1009 880 sed
1025 851 1205 879 similitudine
1221 858 1313 877 rerum
1329 854 1478 883 gestarum.
1492 847 1581 874 Ambo
1596 846 1669 874 enim
1683 853 1752 880 pra:-

925 887 947 915 Β
959 905 1088 925 cursores
1107 896 1238 923 adventus
1252 894 1374 927 Christi;
1395 894 1440 920 ille
1468 893 1579 928 prioris,
1602 892 1646 918 lric
1661 895 1755 925 poste-

966 942 1059 970 rioris.
1081 940 1202 976 Uterque
1229 940 1324 968 civiles
1353 940 1487 967 luutultns
1507 945 1532 965 et
1551 937 1756 973 pertubaliones

966 989 1104 1016 Saecularis
1122 987 1185 1015 vita:
1217 986 1371 1014 secedendo
1391 986 1470 1020 fugit.
1497 984 1530 1011 Et
1552 984 1626 1011 Elias
1645 983 1755 1018 quidem

965 1034 1121 1062 Carmelom
1149 1033 1304 1065 habitavit,
1332 1031 1453 1059 Joannes
1482 1036 1572 1058 autem
1602 1030 1628 1057 in
1649 1029 1756 1056 deserto

967 1084 1154 1108 commoratus
1168 1083 1221 1106 est.
1235 1079 1304 1106 Aliis
1319 1085 1428 1113 quoque
1447 1078 1472 1104 in
1487 1077 1625 1112 plerisque
1637 1075 1758 1102 maxima

967 1127 1038 1154 inter
1054 1126 1129 1161 ipsos
1141 1124 1294 1154 similitudo
1309 1124 1424 1151 exstitit.
1440 1123 1497 1150 lloe
1529 1122 1664 1157 signiﬁcat
1677 1120 1756 1147 Chri-

966 1171 1126 1200 stusdiceus
1143 1180 1149 1198 :
1169 1170 1327 1206 QuialElias
1344 1170 1424 1202 venit,
1438 1169 1496 1202 sed,
1510 1177 1562 1194 mm
1579 1169 1753 1202 cognoverunt

966 1227 1036 1246 eum.
1052 1217 1109 1246 Hoc
1127 1216 1297 1245 estloannes
1312 1215 1360 1251 ipsi
1372 1223 1420 1250 per
1431 1215 1523 1242 omnia
1540 1213 1639 1241 similis

1048 1303 1131 1330 Vens.
1148 1302 1192 1329 18.
1209 1302 1243 1328 Et
1257 1300 1400 1335 increpavit
1419 1299 1496 1326 illum
1511 1298 1600 1331 Iesus.
1617 1302 1669 1325 etc.

1005 1348 1107 1377 P/totii.
1132 1348 1287 1382 Quominus
1297 1346 1466 1374 curationem
1477 1348 1694 1379 consequeretur
1706 1343 1758 1370 tria

969 1395 1137 1422 obstiterunt
1157 1403 1164 1420 :
1184 1392 1362 1420 incredulitas
1379 1391 1539 1421 astantium,
1560 1394 1586 1416 et
1600 1389 1627 1415 in
1643 1387 1760 1415 miracu-

969 1439 1057 1466 lorum
1072 1438 1233 1473 operatione
1251 1437 1351 1471 exigua
1370 1435 1438 1463 ﬁdes
1460 1434 1667 1469 discipulorum,
1682 1433 1759 1460 deni-

970 1492 1023 1520 que
1049 1484 1111 1519 gula
1130 1488 1158 1511 et
1184 1483 1319 1511 voracitas
1345 1481 1417 1508 illius
1440 1480 1486 1515 qui
1504 1488 1519 1506 a
1539 1479 1662 1506 daemone
1677 1485 1760 1505 vexa-

972 1531 1062 1558 batur.

1019 1568 1195 1613 ολιιῘΧνιη.
1213 1584 1293 1613 Vsus.
1311 1584 1338 1612 'l.
1369 1583 1414 1610 Vw
1436 1583 1534 1610 mundo
1547 1591 1564 1610 ιι
1580 1581 1726 1609 scandulis.

1006 1643 1107 1670 Pliotii.
1136 1643 1203 1670 Cum
1229 1641 1347 1677 plurima
1381 1642 1415 1669 de
1441 1641 1578 1668 scandulis
1609 1643 1764 1674 perorasset

970 1688 1098 1716 Christus
1121 1693 1148 1715 et
1167 1687 1300 1715 mundum
1325 1687 1505 1724 deplorasset,
1523 1686 1647 1720 deplorat
1662 1690 1690 1712 et
1713 1683 1761 1711 ho-

971 1733 1072 1761 minem
1102 1733 1234 1759 malornm
1258 1739 1409 1764 auctorem,
1430 1731 1576 1758 ostendens
1586 1737 1640 1756 non
1657 1733 1763 1755 tantum

972 1779 1100 1814 fugienda
1115 1782 1142 1806 et
1156 1779 1311 1813 repellenda
1333 1786 1394 1805 esse
1411 1777 1552 1808 scandala,
1569 1784 1662 1803 verum
1674 1780 1701 1802 et
1716 1782 1764 1802 eos

973 1824 1019 1858 qui
1034 1823 1097 1850 talia
1112 1827 1198 1858 agunt
1211 1830 1383 1858 nequaquam
1398 1829 1459 1849 esse
1470 1820 1653 1848 admittendos
1680 1819 1707 1846 in
1725 1819 1765 1846 [ιν

974 1869 1158 1896 miliaritatnn
1174 1876 1207 1895 ac
1218 1868 1387 1896 convictum.
1404 1867 1618 1894 Conversatione
1631 1865 1764 1900 siquidem

973 1919 1000 1943 et
1010 1914 1209 1942 consuetudine
1227 1913 1321 1940 talium
1338 1920 1448 1940 necesse
1462 1916 1504 1939 est
1521 1911 1662 1947 provocari
1679 1911 1766 1938 homi-

974 1969 1023 1989 nes
1040 1961 1072 1987 ad
1089 1960 1270 1987 imitationem
1286 1960 1353 1994 (12).

974 2007 1055 2035 Vens.
1072 2007 1098 2035 9.
1113 2005 1149 2033 Et
1164 2006 1187 2033 si
1202 2006 1292 2032 oculus
1310 2011 1370 2032 tuus
1386 2004 1555 2032 scandalizat
1569 2010 1603 2037 te,
1617 2010 1679 2031 erue
1695 2010 1766 2034 eum,

1210 2047 1233 2068 et
1252 2041 1351 2075 projice
1369 2040 1415 2067 abs
1429 2046 1465 2072 te,
1475 2045 1529 2067 etc.

1009 2088 1110 2116 Pltotii.
1125 2087 1281 2121 Quamlibet
1302 2087 1433 2114 benevole
1461 2086 1498 2114 sit
1523 2085 1637 2113 allectus
1662 2091 1727 2118 erga
1742 2088 1768 2111 te

975 2146 1112 2182 quispiam
1128 2166 1136 2180 ,
1150 2146 1186 2173 sit
1198 2149 1289 2172 autem
1308 2144 1379 2172 idem
1404 2143 1545 2179 operarius
1557 2147 1585 2170 et
1598 2146 1694 2169 auctor
1710 2149 1768 2168 ma-

976 2194 1064 2220 lorum
1083 2201 1090 2219 :
1108 2192 1237 2220 abscinde
1259 2197 1284 2218 te
1301 2191 1336 2218 ab
1361 2191 1419 2222 illo,
1447 2190 1594 2225 perniciem
1611 2189 1709 2216 anima:
1720 2189 1768 2216 de-

977 2238 1096 2269 clinans,
1112 2241 1140 2264 et
1156 2243 1322 2272 proserpens
1332 2244 1364 2264 ex
1379 2236 1544 2271 contagione
1559 2234 1769 2262 consuetudinis

978 2283 1058 2311 istius
1077 2290 1211 2310 venenum
1228 2290 1394 2317 praecavens.

978 2330 1115 2359 VulsJ5.
1125 2330 1156 2358 Si
1166 2335 1252 2357 autem
1260 2330 1404 2364 peccaverit
1420 2329 1446 2355 in
1467 2333 1491 2355 te
1507 2329 1589 2363 frater
1606 2333 1678 2361 tuus,
1694 2328 1768 2362 vade,

1118 2371 1142 2393 et
1155 2366 1255 2400 corripe
1269 2366 1336 2392 inter
1349 2369 1371 2391 te
1381 2369 1405 2391 et
1423 2365 1509 2399 ipsum
1522 2364 1607 2391 solum
1619 2384 1625 2389 .

1016 2423 1120 2450 Pltotii.
1138 2422 1294 2450 Detestatus
1311 2421 1437 2448 Salvator
1452 2428 1500 2448 eos
1520 2421 1566 2456 qui
1585 2420 1772 2448 scandalizaut

978 2470 1151 2504 proximum,
1183 2475 1256 2495 nunc
1284 2475 1331 2495 eos
1352 2467 1510 2495 consolatur
1539 2467 1585 2501 qui
1613 2468 1770 2495 scandalum

980 2515 1133 2550 patiuntur.
1150 2519 1177 2541 et
1197 2513 1264 2540 dicit
1277 2513 1310 2540 ad
1334 2513 1395 2540 illos
1411 2521 1418 2540 :
1440 2511 1479 2540 Ne
1507 2513 1600 2539 animo
1615 2518 1772 2540 consterne-

981 2560 1047 2587 mini
1064 2564 1224 2594 reputantes
1241 2564 1374 2594 quantum
1393 2559 1501 2594 injuriae
1516 2558 1614 2586 vulnus
1632 2559 1771 2594 acceperi-

982 2606 1027 2638 tis,
1045 2605 1266 2640 quandoquidem
1281 2605 1337 2632 lieri
1355 2610 1445 2640 potest
1461 2610 1490 2632 ut
1505 2605 1572 2632 illud
1588 2605 1772 2639 quodcunque

983 2651 1010 2678 in
1027 2660 1154 2687 magnotu
1181 2652 1259 2678 vobis
1283 2651 1391 2678 lucrum
1411 2655 1598 2679 convertatur.
1628 2650 1772 2683 Quomodo

980 2703 1070 2725 autem
1087 2698 1111 2725 id
1123 2697 1221 2725 ﬁet?Si
1231 2702 1370 2725 auctorem
1386 2698 1489 2733 injuri-.2
1499 2697 1625 2732 privatim
1638 2698 1772 2732 argueris,

981 2752 1060 2773 suum
1075 2745 1110 2771 illi
1125 2749 1267 2780 peccatum
1281 2745 1437 2772 ostendens.
1457 2743 1486 2772 Si
1499 2744 1573 2771 enim
1604 2750 1666 2770 eum
1686 2743 1773 2778 pecni-

882 2835 984 2864 NO'UE
989 2856 996 2864 .

182 2913 387 2950 (12)cr.q.v.
