1886 3071
121 175 190 208 1213

713 174 943 204 FRAGMENTA
961 174 1003 204 IN
1024 174 1161 204 LUCAM.

1690 171 1758 204 12M

120 233 170 260 καὶ
184 231 222 268 μὴ
235 231 363 259 τοσοῦτον
378 232 463 268 μῦσος
477 230 657 267 ἐργάσασθαι.
677 231 753 258 Ἐπεὶ
765 231 796 258 οὑ
811 240 915 259 παντα-
930 235 951 263 Α
968 240 973 267 ι

998 233 1108 260 aculum
1136 231 1330 260 conscisceret.
1366 230 1461 266 Neque
1495 230 1568 258 enim
1595 230 1757 265 iuramentis

121 278 171 314 χοῦ
184 279 215 305 τὺ
236 279 361 313 εὐορκεῖν
375 277 477 312 ἀγαθόν
489 285 496 293 ·
515 277 628 311 λέγεται
642 277 671 303 δὲ
693 277 889 312 σπεκουλάτωρ
902 276 917 302 ὸ

118 325 229 359 δήμιος,
252 323 423 360 στρατιώτης
445 324 459 350 ό
481 323 530 350 ἐπὶ
551 323 590 358 τῷ
605 322 729 357 φονεύειν
744 323 809 354 τοὺς
827 331 915 349 κατα-

119 371 230 404 κρίτους
241 369 417 404 τεταγμένος.
430 367 539 404 Πτῶμα
549 369 578 396 δὲ
589 368 698 403 λέγεται
714 368 745 395 τὸ
755 367 802 395 τοῦ
815 367 914 404 νεκροῦ

120 423 213 449 σωμα.

120 460 174 488 Καὶ
192 459 277 487 εἷπεν
294 461 396 493 αὐτοῖς
407 468 414 475 ·
436 460 525 486 Δεῦτε
544 459 628 494 ὑμεῖς
647 459 731 485 αὐτοὶ
750 458 815 485 κατ’
835 458 914 486 ιδίαν

173 497 218 528 εις
230 496 342 530 ἔρημον
354 497 456 526 τόπον,
471 496 520 521 καὶ
534 494 727 521 ἀναπαύεσθε
741 494 856 527 ὀλίγον.

154 541 278 568 φωτίου.
294 540 344 566 Διὰ
357 539 461 567 τούτων
475 540 595 566 διδάσκει
608 539 671 570 τοὺς
686 539 733 573 τῆς
751 538 913 573 Ἐκκλησίας

117 587 311 618 διδασκάλους,
333 586 369 621 μὴ
387 585 534 617 διαπαντὸς
555 587 611 617 τοῖς
627 585 716 621 δχλοις
738 585 852 616 ἑαυτοὺς
865 585 912 610 ὲκ-

117 633 237 664 διδόναι,
265 631 333 658 ἀλλὰ
357 632 405 658 καὶ
428 631 621 658 συστέλλεσθαι
643 631 690 657 καὶ
713 630 826 662 tamen:
850 629 913 656 καθ’

117 678 243 710 ἑαυτοὺς,
264 676 311 704 καὶ
335 676 381 703 τὸν
397 676 459 703 νοῦν
483 677 612 711 συνάγειν
629 677 661 702 ὲκ
688 676 736 710 τῆς
760 676 812 709 ἔξω
833 684 912 711 περι-

117 715 216 756 φορᾶς,
232 720 281 746 καὶ
300 720 363 751 τοὺς
381 720 538 752 κοπιῶντας
555 721 583 757 ἐν
599 720 671 755 λόγῳ
687 720 849 755 θεραπεύειν
865 720 912 746 καὶ

119 766 286 801 σωματικῶς
312 765 475 799 ἀναπαύειν,
500 766 619 801 μάλιστα
637 765 708 801 μετὰ
721 766 772 802 τὴν
785 766 835 801 τῆς
851 766 911 792 δια-

117 812 212 847 κονίας
227 811 414 847 ἐκπλήρωσιν.

971 282 1045 306 stare
1061 279 1088 305 in
1107 278 1182 305 omni
1210 285 1276 305 casu
1301 277 1437 304 laudabile
1461 281 1512 304 est.
1545 276 1648 304 Dicitur
1673 285 1758 312 porro

970 323 1128 359 speculator
1140 323 1266 358 publicus
1281 322 1404 350 carnifex
1427 321 1462 348 ad
1485 320 1641 349 multandos
1667 327 1758 349 morte

967 376 1038 404 quos
1058 369 1118 396 neci
1148 368 1255 403 judices
1280 367 1442 395 addixerunt
1463 367 1636 394 constitutus.
1654 366 1758 401 Πτῶμα

967 421 1041 446 vero,
1053 416 1175 446 cadaver,
1188 413 1288 441 dicitur
1303 420 1402 447 corpus
1419 411 1529 439 mortui.

969 459 1051 487 Vens.
1067 460 1113 487 5|.
1133 459 1166 486 lit
1182 460 1220 486 ait
1234 459 1288 486 illis
1305 467 1313 484 :
1335 458 1424 485 Venite
1444 465 1561 484 seorsum
1579 458 1606 484 in
1627 455 1756 483 desertum

1135 494 1232 526 locum,
1244 500 1267 521 et
1286 493 1436 528 requiescite
1448 493 1586 527 pusillum.

1002 539 1104 568 Pltotii.
1124 540 1177 567 Per
1195 540 1252 567 hinc
1268 539 1347 566 docet
1357 539 1486 566 Ecclesia:
1501 538 1658 573 magistros,
1671 545 1705 564 ne
1728 546 1757 564 se

969 589 1041 613 totos
1057 590 1084 612 ct
1099 585 1125 612 in
1145 592 1227 612 omne
1242 590 1350 620 tempus
1367 585 1523 612 condonent
1537 584 1633 611 usibus
1646 588 1673 610 ct
1683 591 1757 611 curm

967 630 1151 658 multitudinis
1167 638 1174 657 :
1190 630 1237 658 sed
1255 629 1417 656 contrahant
1431 637 1460 656 se
1476 629 1624 661 interdum,
1639 633 1666 656 et
1681 629 1753 663 apud

970 684 1001 704 se
1021 676 1086 709 sint,
1098 676 1212 704 collecta
1224 683 1256 703 ex
1280 675 1362 702 nimia
1379 674 1525 702 dill‘usione
1543 679 1647 701 mente.
1674 674 1758 700 Docet

968 725 1098 755 prteterea
1115 720 1286 755 praepositos,
1297 724 1326 747 ut
1342 719 1442 754 quibus
1454 724 1569 746 utuntur
1580 718 1714 745 ministris
1728 720 1754 744 in

969 765 1105 793 laborioso
1119 765 1251 792 exercitio
1261 764 1475 800 praedicationis,
1486 767 1514 790 et
1524 763 1614 798 plebis
1628 763 1756 790 crud‘en-

968 811 1020 843 dae,
1032 819 1152 846 congrua
1169 811 1339 846 providentia
1353 809 1508 842 consulant,
1524 817 1653 836 concessa
1666 810 1753 840 statis,

118 860 201 890 prout
211 863 282 891 opus
292 860 345 888 est,
368 855 537 891 temporibus
552 863 686 892 corporea
710 857 793 884 etiam
814 857 976 885 remissione
993 864 1025 885 ac
1057 857 1161 892 quiete,
1193 856 1313 884 maxime
1343 861 1407 891 past
1438 856 1574 891 expletum
1603 854 1753 890 praescripti

118 910 232 938 pensum
245 903 348 938 operis.

125 948 157 976 '0
177 949 212 976 δὲ
236 948 361 984 Ἰησοῦς,
380 947 465 977 εἶπεν
477 958 486 965 ·
516 949 619 984 Ἄφετε
638 949 736 982 αὑτήν
748 958 755 966 ·
779 951 808 977 τι
831 949 909 984 αὐτῇ
922 952 946 982 Β
959 950 973 978 (

996 958 1022 978 ην.
1036 948 1108 978 XIV.
1124 949 1206 978 Vens.
1228 948 1255 976 6.
1272 949 1350 977 Iesus
1365 955 1452 977 autem
1473 949 1539 977 dixit
1553 958 1563 977 :
1580 949 1664 978 Sinite
1683 957 1752 980 eam,

153 985 269 1046 :61!on
287 983 447 1019 παρέχετε;
469 983 566 1012 καλὸν
584 985 675 1020 ἔργον
692 985 852 1020 εἰργάσατο
874 983 908 1012 si

170 1027 207 1046 uo
222 1039 230 1046 .

167 1027 230 1054 μοι.

155 1065 280 1092 Φωτίου.
299 1065 332 1091 τι
349 1065 451 1096 κόπους
465 1063 603 1101 παρέχετε
626 1065 659 1100 τῇ
683 1065 792 1099 γυναικί
808 1065 911 1101 ;φησὶν

118 1111 133 1136 ὸ
153 1110 249 1146 Σωτήρ
263 1119 272 1126 ·
298 1110 337 1143 εις
353 1111 407 1145 γὰρ
421 1110 467 1138 τὸν
488 1110 674 1145 ἐνταφιασμόν
695 1119 747 1145 μου
764 1111 843 1138 τοῦτο
861 1119 912 1137 πε-

119 1156 228 1191 ποίηκε.
241 1155 334 1183 Ταῦτα
344 1156 372 1183 δὲ
382 1156 456 1190 λέγει
469 1156 712 1191 παραμυθούμενος
725 1156 773 1192 τὴν
783 1157 910 1191 γυναῖκα,

119 1203 166 1230 καὶ
176 1202 321 1238 ἐλευθέραν
330 1203 462 1230 δεικνύων
473 1203 522 1238 τῆς
532 1203 586 1229 τῶν
596 1202 755 1230 ἀποστόλων
768 1203 801 1238 μέ
805 1203 909 1238 μψεως.

118 1247 251 1274 Τοσοῦτον
264 1248 319 1282 γὰρ
333 1247 439 1282 ἀπέχω,
462 1247 539 1282 φησι,
565 1247 611 1274 τοῦ
635 1247 795 1283 μέμψασθαι
814 1248 910 1283 αὐτὴν,

122 1292 194 1319 ὥστε
218 1293 280 1319 οὐδὲ
307 1293 407 1328 ἀφήσω
431 1293 524 1320 λαϐεῖν
553 1294 585 1320 τὸ
611 1293 798 1328 γεγενημένον
828 1294 914 1329 αὐτῆς

119 1338 200 1373 ἔργον
213 1338 287 1366 ’ἀλλ’
302 1339 372 1371 ἅπας
387 1340 401 1366 ὸ
413 1339 515 1374 κόσμος
529 1338 675 1373 γνώσεται·
688 1339 742 1366 ἀπὺ
757 1339 812 1374 γὰρ
828 1340 915 1374 μεγά-

117 1384 167 1419 λης
178 1384 298 1417 διανοίας
311 1382 346 1421 ἦν
357 1385 446 1418 τοῦτο,
454 1385 502 1411 καὶ
513 1384 612 1420 πολλῆς
619 1385 772 1420 τεκμήριον
785 1386 913 1418 πίστεως.

995 986 1058 1027 quid
1074 986 1115 1012 illi
1140 985 1245 1012 molt’ati
1267 986 1352 1012 eatis?
1368 985 1472 1012 Bonum
1499 994 1563 1019 opus
1588 989 1695 1020 operata
1713 988 1752 1011 est

996 1029 1025 1047 111
1042 1029 1092 1047 me.

997 1064 1098 1092 Phatii.
1115 1064 1186 1098 Quid
1201 1065 1307 1094 molesti
1321 1065 1389 1093 estis
1403 1064 1512 1092 mulieri
1528 1064 1588 1091 ?ait
1612 1063 1749 1095 Salvator,

963 1112 991 1139 in
1007 1112 1174 1146 sepulturam
1187 1113 1258 1140 cnim
1275 1119 1363 1138 meam
1381 1111 1433 1138 hoc
1446 1110 1519 1137 fecit.
1532 1109 1594 1137 Haec
1604 1116 1669 1136 vero
1682 1109 1752 1136 dixit

963 1158 1111 1186 consolans
1124 1157 1279 1190 mulierem,
1297 1162 1325 1185 et
1337 1156 1485 1185 ostendens
1505 1156 1540 1183 ab
1554 1155 1686 1190 apostolis
1698 1155 1752 1182 im-

964 1203 1063 1231 merito
1077 1203 1193 1238 culpari.
1210 1203 1327 1230 Tantum
1344 1203 1429 1235 enim,
1449 1201 1547 1236 inquit,
1563 1201 1660 1228 absum
1676 1208 1691 1228 a
1707 1208 1750 1227 re-

964 1249 1158 1283 prcbendemlo
1166 1248 1253 1281 illam,
1269 1252 1299 1275 ut
1315 1255 1369 1275 non
1385 1254 1519 1282 passurus
1535 1246 1586 1273 sim
1601 1245 1686 1272 latere
1697 1245 1751 1272 hoc

965 1294 1038 1329 quod
1053 1293 1116 1321 fecit
1129 1301 1198 1329 opus
1212 1303 1220 1321 :
1235 1294 1281 1321 sed
1294 1293 1441 1321 ell‘ecturus
1455 1296 1485 1320 ut
1500 1297 1574 1319 totus
1586 1291 1652 1318 illud
1669 1299 1749 1318 Inun-

968 1339 1020 1367 dns
1038 1339 1117 1367 sciat.
1133 1339 1155 1366 A
1173 1346 1270 1374 magno
1284 1339 1407 1366 videlicet
1425 1339 1518 1365 animo
1541 1337 1567 1365 id
1592 1337 1751 1371 proﬁcisce-

966 1387 1056 1417 batur,
1069 1389 1096 1412 et
1107 1385 1199 1412 multa:
1211 1389 1271 1411 erat
1287 1384 1418 1411 indicium
1432 1383 1504 1410 ﬁdei.

563 1524 921 1570 FRAGMENTA
975 1524 1037 1568 IN
1091 1522 1306 1567 LUCAM.

154 1598 276 1626 Φωτίου.
307 1599 346 1626 Τὸ
380 1600 523 1636 προοίμιον
552 1600 600 1627 τοῦ
640 1599 833 1634 εὐαγγελιποῦ
859 1599 906 1625 δύο

115 1643 178 1670 τινὰ
189 1643 325 1677 κεφάλαια
342 1645 480 1680 περιέχει·
497 1645 628 1672 σύστασιν
642 1652 673 1671 τε
681 1644 736 1671 τῶν
751 1644 805 1679 πρὸ
821 1643 902 1670 αὑτοῦ

115 1689 146 1714 τὸ
170 1688 336 1722 Εὑαγγέλιον
357 1691 584 1726 συγγραψάντων,
610 1688 665 1716 οἷον
691 1689 831 1717 Matthiae
855 1689 904 1715 καὶ

993 1597 1058 1625 Car.
1092 1597 1113 1625 1.
1148 1596 1249 1624 Photii.
1286 1596 1465 1632 Evangelistae
1501 1597 1664 1632 prothium
1695 1598 1750 1626 duo

959 1644 1082 1679 quzedam
1094 1651 1194 1679 puncta
1209 1643 1400 1678 complectitur
1412 1651 1419 1669 :
1443 1643 1580 1678 objectum
1591 1651 1687 1671 eorum
1700 1645 1746 1678 qui

958 1695 1021 1716 ante
1043 1690 1130 1724 ipsum
1154 1689 1330 1724 Evangelium
1347 1689 1587 1723 conscripserunt,
1602 1689 1747 1716 Mattbteus

114 1733 242 1768 Μάρκου,
249 1734 295 1759 καὶ
304 1734 450 1769 ἀπολογίαν
458 1735 490 1762 δι’
498 1736 532 1769 ἢν
543 1736 590 1761 καὶ
600 1734 680 1765 αὐτὸς
690 1734 737 1760 ἐπὶ
747 1734 778 1760 τὸ
789 1733 906 1767 συγγρά-
921 1739 943 1769 c
958 1743 971 1763 ε

999 1736 1061 1762 licet
1084 1739 1111 1762 et
1138 1735 1256 1767 Marcus,
1276 1740 1303 1761 et
1321 1735 1437 1762 rati0nis
1471 1735 1694 1769 explicationem,
1710 1737 1747 1762 ob

115 1788 177 1813 φειν
189 1777 279 1814 ἦλθεν.
292 1779 384 1807 Εἰπὼν
392 1781 420 1807 δὲ
428 1781 468 1814 τὺ,
478 1781 688 1815 ἐπεχείρησαν,
699 1779 770 1812 λέξιν
788 1779 904 1813 δυναμέ-

114 1824 215 1860 νηνὲπι
220 1833 250 1851 τε
257 1825 311 1851 τῶν
319 1826 461 1862 τολμηρῶς
469 1827 629 1861 ἁπτομένων
638 1826 687 1860 τῆς
697 1825 850 1855 ὑποθέσεως
859 1825 904 1859 ἀρ·

116 1870 234 1904 μάττειν,
245 1871 292 1897 καὶ
303 1871 349 1898 ἐπὶ
355 1871 409 1898 τῶν
420 1872 542 1904 εὐλαϐῶς
553 1872 621 1907 αὐτῇ
634 1871 800 1906 προσιόντων
811 1878 817 1883 ·
827 1869 903 1896 δυσὶν

113 1915 321 1950 ὲπιδιορθώεεσι
335 1917 366 1943 τὸ
383 1917 534 1952 ἀμφίϐολον
551 1918 600 1953 τῆς
617 1917 716 1949 λέξεως
731 1915 901 1950 ὲπιδιορθοῦ-

113 1970 170 1994 ται,
187 1962 219 1988 ἐκ
231 1970 261 1988 τε
272 1962 318 1988 τοῦ
334 1963 422 1988 εἰπεῖν
433 1962 500 1996 περι
514 1962 574 1989 τῶν
586 1959 902 1996 πεπληροφορημένων

113 2007 186 2041 ἡμῖν
200 2007 388 2041 πραγμάτων,
411 2009 457 2034 καὶ
480 2009 511 2034 ὲκ
530 2007 577 2034 τοῦ
601 2008 698 2039 εἰπεῖν,
714 2006 811 2038 καθὼς
826 2013 901 2039 παρ-

112 2051 228 2078 έδοσαν
246 2053 272 2078 at'
297 2053 452 2084 αὐτόπται,
471 2053 515 2079 καὶ
538 2051 611 2088 ἑξῆς.
635 2053 665 2079 Ol
678 2053 731 2087 γὰρ
745 2052 804 2078 κατ’
819 2052 901 2085 ἄμφω

112 2096 201 2123 ταῦτα
211 2097 412 2132 ἐπιχειροῦντες
420 2098 585 2133 διηγεῖσθαι,
595 2098 715 2132 δηλονότι
725 2096 900 2128 πανευλαὸῶς

113 2141 161 2167 καὶ
176 2141 284 2172 οἰκείως
300 2142 490 2177 ἐπιχειροῦσι·
506 2144 539 2177 τῇ
560 2143 609 2178 μὲν
629 2142 782 2177 ἀδιστάκτῳ
797 2141 900 2177 πληρο-

112 2185 196 2221 φορίᾳ
213 2186 244 2213 τὸ
263 2187 362 2222 ἀληθὲς
382 2188 618 2222 ἀπαγγέλλοντες,
641 2190 675 2222 τῇ
697 2188 725 2214 δὲ
744 2186 900 2222 ἀξιοπιστίᾳ

112 2231 167 2256 τῶν
179 2231 408 2266 παραδεδωκότων
421 2233 450 2260 et
467 2233 672 2269 εὐπαρὰδεκτον
690 2233 898 2267 εἰσηγούμενοι·

112 2276 173 2310 ἅμα
187 2276 216 2303 δὲ
232 2278 279 2303 καὶ
291 2278 331 2309 τὸ,
344 2278 529 2312 παρέδοσαν,
543 2279 661 2313 ἔμφασιν
674 2279 747 2313 ἔχειν
764 2287 809 2314 μοι
825 2279 900 2306 δοκεῖ

111 2321 162 2356 τῆς
189 2323 235 2348 ἐπὶ
252 2322 282 2349 τὸ
309 2323 356 2350 καὶ
388 2324 474 2359 αὐτῆς
500 2325 698 2358 παραδιδόναι
728 2325 896 2360 προτροπῆς.

111 2368 214 2401 Καθὼς
231 2369 285 2403 γὰρ
299 2369 409 2396 ἐκεῖνοι
428 2369 611 2403 παρέδοσαν,
626 2370 674 2396 καὶ
691 2370 790 2402 αὐτοὺς
806 2371 898 2405 δεήσει

955 1788 1036 1816 quam
1066 1782 1098 1807 ad
1115 1780 1290 1808 scribendum
1316 1781 1414 1808 ductus
1433 1786 1483 1808 est.
1506 1780 1624 1808 Dicendo
1643 1786 1745 1813 autent,

955 1827 1044 1853 conati
1057 1831 1129 1856 sunt.
1143 1834 1236 1854 vocem
1257 1826 1366 1853 adhibet
1379 1831 1441 1861 apte
1461 1826 1641 1861 scriptoribus
1660 1827 1746 1854 auda-

954 1872 1014 1899 cius
1041 1872 1178 1906 quoddam
1213 1871 1410 1898 intentantibus
1440 1876 1630 1905 argumentum
1645 1879 1746 1899 conve-

953 1917 1083 1948 nientcm,
1100 1921 1127 1944 et
1143 1917 1175 1943 ad
1196 1917 1249 1945 hoc
1270 1917 1313 1952 pie
1331 1917 1536 1944 accedentibus.
1554 1916 1666 1945 Duabus
1681 1925 1745 1945 eor-

954 1961 1119 1989 rectionibus
1133 1961 1207 1989 vocis
1223 1962 1456 1996 amphibologiam
1476 1963 1614 1993 emendat.
1629 1963 1745 1990 dicendo

951 2007 984 2033 de
998 2007 1074 2033 rebus
1085 2014 1143 2041 qua:
1158 2007 1184 2034 in
1200 2007 1275 2034 nobis
1288 2007 1506 2042 complacitum,
1523 2012 1559 2041 et,
1576 2009 1642 2035 sicut
1658 2009 1744 2036 tradi;

952 2051 1045 2078 derunt
1057 2051 1102 2086 qui
1121 2052 1172 2086 ipsi
1200 2052 1330 2084 viderunt,
1356 2057 1409 2080 etc.
1425 2052 1475 2085 Qui
1492 2054 1565 2080 enim
1592 2053 1742 2081 secundum

951 2097 1006 2124 duo
1033 2097 1090 2125 haec
1102 2105 1215 2125 narrare
1234 2103 1380 2130 conantur,
1398 2098 1538 2126 evidenter
1564 2099 1637 2134 piam
1652 2104 1679 2127 et
1695 2099 1744 2126 do-

951 2143 1093 2170 mesticam
1132 2151 1189 2171 rem
1212 2147 1366 2176 conantur;
1390 2144 1557 2172 inconcussa
1581 2145 1745 2173 certitudine

951 2197 1045 2217 verum
1064 2194 1218 2222 narrantes,
1235 2198 1267 2218 ex
1284 2191 1432 2218 voracitate
1446 2199 1543 2219 eorum
1561 2192 1607 2226 qui
1626 2192 1745 2220 tradide-

950 2239 1016 2261 runt
1047 2236 1233 2262 narrationem
1264 2236 1412 2270 legitimam
1442 2241 1620 2270 exponentes.
1650 2237 1739 2265 Simul

950 2285 1039 2306 autem
1058 2279 1124 2307 illud
1141 2300 1148 2310 ,
1166 2281 1346 2312 tradiderunt,
1360 2281 1450 2316 majus
1465 2281 1566 2316 aliquid
1588 2282 1653 2313 mibi
1671 2283 1743 2310 indi-

949 2332 1012 2352 care
1026 2325 1144 2357 videtur,
1160 2334 1240 2360 quam
1257 2327 1384 2361 exprimit
1399 2327 1449 2354 hoc
1468 2327 1557 2362 ipsum
1575 2329 1741 2357 vocabulum

950 2370 1063 2398 tradere.
1079 2371 1155 2398 Sicut
1170 2373 1239 2398 enim
1255 2372 1299 2398 isti
1314 2372 1492 2405 tradiderunt,
1507 2377 1533 2400 et
1549 2373 1609 2402 illos
1635 2381 1744 2409 oporte-

111 2414 193 2441 πάλιν
204 2416 307 2450 ἐκεῖθεν
319 2416 532 2451 παρειληφότας,
543 2417 681 2452 ἀκολούθῳ
690 2417 762 2452 λόγῳ
772 2416 897 2452 ἀλλήλοις
911 2412 938 2442 Ῑ)
950 2416 973 2443 b:

999 2435 1006 2447 ,
1024 2424 1084 2443 cum
1101 2425 1197 2444 rursus
1210 2417 1272 2444 inde
1286 2418 1466 2452 accepissent,
1475 2418 1606 2446 conlormi
1618 2427 1744 2448 sermone

108 2460 197 2487 ταῦτα
218 2462 408 2496 παραδιδόναι’
432 2460 507 2494 εἶτα,
524 2462 586 2488 ἐπεὶ
602 2462 725 2497 ἀγράφου
740 2463 789 2497 τῆς
807 2470 898 2497 παρα-

109 2506 209 2538 δόσεως
224 2507 379 2542 γινομένης,
398 2508 504 2542 ἀνάγκη
525 2505 559 2543 ἦν
576 2508 656 2533 πάλιν
678 2508 741 2539 τοὺς
763 2507 897 2542 παρειλη-

109 2553 195 2586 φότας
217 2553 307 2585 ἄλλοις
330 2554 518 2589 παραδοῦναι·
542 2553 688 2580 κάντεῦθεν
709 2553 849 2580 συνέϐαινε
862 2553 897 2580 τὰ

80 2634 87 2637 α
109 2598 323 2633 παραδιδόμενα,
336 2599 353 2634 ἢ
364 2599 433 2634 λήθῃ
447 2599 501 2625 τῶν
514 2599 543 2625 ὲν
564 2599 637 2634 μέσῳ
650 2599 867 2634 ὑποδεχομένων,
881 2599 896 2634 ἦ

109 2644 272 2678 ῥᾳδιουργίᾳ
297 2643 382 2671 πολλὰ
405 2644 666 2679 παραπεποιῆσθαι*
693 2645 761 2670 ὅπου
792 2653 824 2678 γε
849 2645 896 2671 καὶ

108 2689 311 2723 γεγραμμένων
330 2689 402 2721 τινὲς
412 2689 567 2725 ἐτόλμησαν
582 2689 669 2716 ταῦτα
685 2689 894 2724 παραφοειρειν.

115 2735 194 2762 Ἐπεὶ
205 2733 252 2762 οὖν
264 2736 398 2771 ἀγράφων
409 2736 494 2762 ὄντων
506 2735 559 2762 τῶν
573 2735 807 2771 παραδιδομένων,
822 2736 896 2767 εἰκὸς

107 2778 142 2815 ἦν
169 2780 257 2808 ἄτοπα
285 2781 370 2808 πολλὰ
403 2782 572 2817 συμῦαίνειν,
605 2781 644 2816 τῷ
671 2781 769 2817 μακρῷ
795 2781 894 2816 χρόνῳ,

108 2826 222 2859 εἰκότως
234 2828 258 2854 ot
273 2827 334 2855 ἀπὸ
349 2827 409 2855 τῶν
420 2828 579 2856 αὐτοπτῶν
594 2828 645 2854 καὶ
661 2827 821 2861 ὑπηρετῶν
841 2827 895 2854 τοῦ

109 2873 206 2908 λόγου
227 2874 330 2910 πρῶτοι
354 2873 564 2910 παρειληφότες,
594 2874 734 2909 ἔγγραφον
757 2873 838 2901 παντὶ
856 2873 895 2908 τῷ

949 2460 1007 2488 ὴίοε
1018 2461 1079 2488 aliis
1093 2462 1237 2490 tradidisse
1254 2471 1262 2489 :
1280 2462 1389 2495 deinde,
1405 2470 1467 2490 cum
1487 2463 1586 2498 scripta
1603 2472 1656 2491 non
1674 2464 1743 2492 ἴοι-ιιι

949 2507 1072 2538 traditio,
1099 2515 1211 2535 necesse
1235 2507 1286 2535 l‘uit
1309 2508 1408 2535 iterent
1438 2509 1488 2536 bos
1512 2510 1558 2543 qui
1574 2510 1647 2537 illam
1664 2517 1742 2538 accc-

951 2552 1066 2588 pisscnt,
1093 2554 1154 2581 aliis
1171 2555 1278 2582 tradere
1292 2563 1300 2587 ;
1316 2554 1431 2589 indeque
1448 2556 1563 2591 contigit
1575 2563 1635 2590 quae
1654 2557 1742 2584 trade—

948 2599 1059 2631 bantur,
1076 2605 1123 2627 aut
1139 2601 1274 2628 oblivione
1298 2608 1393 2628 eorum
1409 2601 1455 2636 qui
1474 2602 1500 2628 in
1519 2603 1611 2629 medio
1623 2603 1742 2637 accipie-

947 2645 1024 2678 bant,
1041 2651 1087 2673 aut
1106 2646 1201 2674 l‘raude
1220 2647 1247 2674 in
1266 2647 1360 2674 multis
1387 2649 1500 2675 alterata
1516 2647 1613 2679 fuisse,
1631 2649 1741 2683 quando

947 2691 1057 2726 quidem
1081 2692 1163 2719 etiam
1181 2693 1237 2719 haec
1253 2693 1354 2727 scripta
1370 2693 1455 2728 aliqui
1471 2694 1530 2721 ausi
1543 2698 1607 2720 sunt
1618 2701 1741 2721 corrum-

947 2745 1021 2772 pere.
1048 2737 1116 2765 Cum
1135 2739 1227 2773 igitur,
1245 2739 1374 2774 quoniam
1399 2747 1452 2767 non
1469 2739 1571 2774 scripta
1588 2745 1666 2767 erant
1679 2747 1741 2775 qua:

947 2782 1135 2816 tradebantur,
1174 2783 1296 2818 profecto
1330 2784 1402 2811 nulla
1436 2784 1526 2812 aliena
1563 2784 1740 2820 irrcpsissent

949 2828 1034 2868 multo
1050 2833 1182 2863 tempore,
1196 2830 1243 2865 qui
1274 2830 1307 2857 ab
1323 2831 1365 2858 his
1375 2831 1420 2866 qui
1445 2830 1565 2858 viderant
1581 2835 1607 2858 et
1623 2830 1739 2858 ministri

950 2874 1053 2908 fuerant
1066 2876 1205 2910 sermonis,
1216 2877 1297 2911 primi
1308 2881 1481 2912 acceperant,
1494 2877 1624 2913 scriptam
1636 2876 1738 2906 mundo
