1886 3071
157 164 227 201 1215

743 165 856 198 ΡΠΟἸἿ
859 166 873 197 Ι
893 165 1146 198 PATRIARCII/E
1164 165 1217 198 (ΖΡ.

1718 158 1792 200 tuo

156 227 287 254 universo
322 225 513 261 prastiterunt
544 224 739 258 traditionem;
772 228 800 252 et
827 223 952 252 fraudem

1044 232 1100 260 τμῳ
1113 223 1284 260 παρέσχοντο
1296 223 1347 259 τὴν
1362 213 1593 258 παράδοσῖνίκαὶ
1608 222 1660 259 τὴν
1676 222 1790 251 ἐπίϐου-

133 290 137 295 .
156 271 333 305 expellentes,
348 274 375 297 et
387 270 553 297 oblivionem
566 270 706 302 tollentes,
726 273 754 296 et
767 269 951 304 integritatem

157 315 294 343 traditioni
312 319 503 349 suppetentes.
519 314 572 342 Sed
597 314 742 342 Matthaeus
754 318 781 342 et
796 313 907 341 Marcus
922 318 953 341 ut

159 365 322 397 acceperunt
345 362 387 390 sic
412 365 440 388 et
460 360 653 394 tradiderunt;
679 360 726 386 alii
745 367 822 392 vero,
840 364 870 387 ut
893 359 953 387 illos

156 415 238 442 prava
253 412 280 434 et
295 406 439 434 temeraria
460 413 540 434 meus
568 406 686 440 impulit,
704 405 796 433 conati
811 410 876 432 sunt
891 413 954 432 nur—

156 459 218 478 rare
234 451 351 486 propriae
367 450 543 485 cogitationis
565 451 704 486 ﬁgmenta,
722 454 753 477 ut
773 449 951 484 Evangelium

155 498 189 524 ad
205 496 349 532 Egyptios
363 496 478 527 dictum,
495 500 522 523 et
534 495 709 530 Evangelium
726 495 780 522 τῶν
799 495 951 523 duodecim.

156 542 224 570 Nam
240 546 269 569 ut
283 541 422 569 frumento
440 542 556 575 zizania,
583 542 624 569 sic
640 541 749 568 veritati
766 541 864 568 nititur
879 548 955 568 men-

156 587 266 616 dacium
296 587 458 622 insurgere;
486 587 538 615 ista
553 592 646 614 autem
670 595 685 614 a
712 587 819 622 piorum
834 591 910 614 coetu
927 591 956 614 et

158 634 289 661 memoria
305 633 443 660 exsulant.
468 632 521 661 Sed
536 633 635 661 beatus
655 633 745 660 Lucas
766 652 775 665 ,
792 631 864 660 Inter
882 638 954 667 quae,

157 679 232 712 dicit,
249 684 279 706 ut
292 679 389 706 horum
403 680 450 714 qui
462 684 525 707 ante
540 679 628 715 ipsum
638 679 816 713 Evangelium
831 679 952 713 scripse-

157 731 222 753 runt
237 726 372 754 veracitas
388 730 509 758 constet,
538 726 566 753 in
587 726 678 754 simile
707 726 762 753 illis
783 725 954 761 propositum

158 772 320 807 ingreditur,
352 771 387 799 ob
410 771 535 799 eamdem
573 778 686 798 causam
711 779 772 806 qua:
796 775 823 798 et
838 771 891 798 illis
905 770 957 797 fuit

159 817 308 845 scribendi.
342 816 377 844 Ut
407 817 482 844 enim
517 816 557 844 illi
585 824 619 844 eo
646 817 719 852 quod
735 820 912 851 acceperunt,
929 820 956 843 ct

159 868 288 897 tanquam
318 867 485 897 acceperunt
506 862 642 895 scribunt,
657 862 697 889 sic
715 867 744 889 et
756 862 814 897 ipse
828 869 862 889 eo
879 861 952 896 quod

160 917 174 936 a
194 908 338 943 principio,
353 912 381 935 et
401 912 534 942 tanquam
550 912 696 935 assecutus
716 912 769 940 est,
783 907 822 934 ita
839 907 873 934 ad
886 907 954 934 scri-
967 894 991 924 B

159 953 278 981 bendum
295 952 430 980 adductus
447 956 506 985 est;
521 960 577 980 non
591 952 674 988 igitur
689 952 828 980 contraria
844 952 899 979 illis
914 951 955 979 l'a-

161 999 244 1030 ciem,
259 998 307 1026 sed
324 1005 378 1025 una
397 997 585 1033 progrediens,
601 998 655 1025 imo
669 997 818 1025 testiﬁcans
834 996 942 1024 scribit.

159 1044 247 1071 Aliam
272 1051 381 1079 quoque
400 1044 435 1071 ob
450 1051 574 1076 causam,
592 1047 623 1070 ut
637 1042 791 1078 Theophilo
805 1042 916 1070 cuidam
934 1049 950 1069 a

160 1091 216 1118 Deo
232 1090 341 1122 dilecto,
357 1097 420 1118 eum
436 1089 512 1117 illum
528 1089 556 1116 in
573 1089 690 1117 veritate
705 1089 855 1122 curaverit,
872 1093 899 1116 et
913 1088 952 1116 illi

161 1136 222 1164 ﬁdei
249 1143 405 1163 sermonem
431 1143 486 1162 non
508 1135 647 1170 scriptum
679 1134 842 1168 tradiderit,
866 1140 956 1169 neque

160 1182 254 1210 auditu
270 1183 331 1209 solo
350 1181 410 1209 haec
422 1181 535 1208 credere
545 1188 675 1209 securum
689 1189 745 1208 non
762 1181 808 1214 sit,
825 1188 874 1216 per
887 1181 955 1209 seri-

160 1233 206 1263 pta
231 1228 270 1255 illi
292 1227 467 1255 securitatem
483 1227 643 1259 verborum,
669 1227 702 1254 de
725 1227 820 1262 quibus
835 1227 956 1254 eruditus

160 1279 210 1306 est,
225 1277 344 1308 pra‘stet,
357 1277 384 1300 et
398 1280 447 1308 per
461 1273 539 1300 illum
554 1273 656 1300 mundo
667 1273 795 1300 universo
810 1273 955 1301 utilitatem

161 1320 301 1354 largiatur.
327 1319 424 1346 Merito
447 1326 514 1354 ergo
530 1319 571 1346 illi
598 1320 735 1354 prowmio
752 1327 821 1354 opus
839 1319 908 1352 fuit;
926 1319 956 1346 in

160 1372 216 1399 quo
228 1364 366 1399 objectum
381 1363 599 1399 praecedentium
622 1364 856 1399 evangelistarum
872 1371 958 1398 expo-

161 1411 245 1444 nitur,
269 1414 297 1437 et
309 1417 392 1438 causa
406 1410 441 1438 ob
454 1418 538 1445 quam
556 1414 618 1445 post
635 1409 698 1438 illos
720 1410 832 1445 scripsit
849 1409 957 1445 signiﬁ-

161 1462 260 1490 catur;
290 1465 353 1484 cum
376 1456 415 1484 illi
441 1455 511 1483 nihil
536 1456 611 1483 circa
643 1455 784 1490 proprium
813 1454 975 1489 objectum’

162 1503 292 1535 dixerint,
307 1503 353 1530 sed
374 1506 506 1537 tanquam
522 1501 588 1530 huic
603 1501 791 1529 testimonium
803 1500 837 1528 de
850 1507 880 1529 se
889 1500 959 1528 dan-

162 1549 228 1577 dum
247 1547 420 1583 reliquerint.

198 1635 283 1663 Vsns.
297 1635 344 1663 29.
360 1634 462 1662 Photii.
479 1632 551 1667 Quid
572 1633 651 1666 vidit,
663 1637 690 1661 et
704 1639 756 1661 cur
773 1633 884 1661 turbata
899 1634 960 1662 est?

163 1682 238 1710 Vidit
250 1681 376 1717 angelum
398 1680 483 1708 castis
503 1679 590 1707 oculis
612 1679 775 1713 intuentem,
791 1679 840 1707 sed
865 1681 959 1716 sponsi

162 1728 265 1756 indicia
294 1731 449 1763 gerentem;
472 1733 542 1761 puro
575 1729 689 1761 aspectu
711 1726 957 1761 contemplantem.

163 1776 211 1804 sed
228 1774 385 1810 nuptiarum
399 1772 503 1800 foedera
535 1772 720 1800 nuntiantem.
734 1772 791 1800 Hos
819 1773 957 1808 nuptiales

163 1827 306 1849 sermones
333 1818 460 1851 audiens,
486 1821 515 1845 et
537 1817 721 1853 cupiditatum
747 1817 959 1845 conversatione

163 1869 303 1900 emet-tem
334 1863 457 1891 habitum
482 1870 610 1894 cernens,
635 1862 678 1897 bis
694 1863 796 1890 rationi
809 1863 958 1890 contrariis

163 1911 255 1940 verbis
268 1910 375 1938 turbata
386 1913 440 1937 est.
452 1907 550 1940 Video,
559 1907 658 1943 inquit,
671 1908 790 1944 legatum
803 1908 847 1944 pie
865 1912 958 1936 astan-

163 1962 229 1991 tem,
245 1960 273 1984 et
291 1956 352 1984 Izeto
368 1955 460 1983 animo
472 1954 600 1982 nuntium
615 1954 734 1982 suadeor
746 1954 893 1990 accipere;
908 1954 956 1982 sed

162 2001 302 2036 nuptiales
330 1999 398 2027 milii
419 2006 561 2027 sermones
572 1998 678 2033 dirigit,
692 2003 720 2026 et
735 1999 858 2026 laetitiam
873 1999 900 2026 in
921 1999 957 2025 ti-

163 2054 270 2075 morem
283 2045 431 2077 convertit,
457 2050 485 2072 et
499 2046 619 2072 animam
633 2044 724 2072 turbat
739 2046 847 2073 nuntio.
873 2044 956 2072 Video

164 2094 271 2120 vultum
286 2091 345 2125 eius
354 2091 460 2125 pudore
474 2097 653 2124 conspersum
665 2098 672 2122 ;
682 2090 728 2117 sed
740 2090 849 2124 nuptias
859 2089 956 2118 adesse

165 2139 283 2167 nuntiat.
302 2137 386 2164 Video
410 2136 558 2172 prudenter
580 2136 774 2171 alloquentem,
794 2137 841 2164 sed
856 2143 955 2164 conce-

165 2185 267 2221 ptionis
282 2184 364 2212 verba
394 2183 532 2218 loquitur;
558 2186 586 2209 et
600 2181 765 2217 virginitatis
782 2189 860 2210 amor
897 2190 956 2210 ser-

1003 269 1052 306 λὴν
1065 269 1274 302 ἀπελαύνοντες,
1293 269 1342 296 καὶ
1353 268 1404 304 τὴν
1416 268 1502 304 λήθην
1512 268 1726 301 ἀνακόπτοντες,
1742 269 1791 298 καὶ

1000 315 1032 342 τὺ
1053 315 1196 347 ἀνελλιπὲς
1217 315 1251 350 τῇ
1272 314 1422 350 παραδόσει
1451 313 1689 350 περιποιούμενοι.
1711 314 1792 341 ’Δλλά

1001 361 1145 393 Ματθαῖος¹
1149 362 1198 396 μὲν
1204 361 1252 388 καὶ
1260 361 1383 394 Μάρκος,
1390 360 1428 392 ὡς
1435 360 1599 396 παρέλαϐον,
1609 359 1682 386 οὕτω
1689 360 1739 386 καὶ
1744 367 1794 386 πα-

1003 407 1129 442 ρέδοσαν·
1140 406 1215 434 ἄλλοι
1228 406 1256 433 δὲ
1272 405 1362 438 καθὼς
1371 407 1469 438 αὐτοὺς
1478 406 1495 441 ἠ
1504 405 1612 441 ¹ιιιονηρά
1622 405 1670 432 καὶ
1678 405 1794 440 θρασεῖα

1004 452 1138 488 συνήλασε
1159 451 1268 487 γνώμη,
1289 451 1472 487 ἐπεχείρησαν
1495 451 1650 486 διηγεῖσθαι
1668 450 1792 482 διανοίας

1004 498 1071 529 ιδίας
1081 497 1292 533 ἀναπλάσματα,
1301 498 1378 530 eme
1385 497 1531 533 λεγόμενον
1543 496 1605 523 κατ’
1613 497 1792 530 Αἰγυπτίους,

1002 543 1052 570 καὶ
1071 541 1127 570 τῶν
1147 543 1253 570 δώδεκα
1278 541 1455 577 Εύαγγέλιον.
1481 542 1526 574 Ὦς
1541 541 1596 578 γὰρ
1610 541 1650 576 τῷ
1674 542 1741 576 σίτῳ
1763 541 1794 567 τδ

1003 589 1133 623 ζιζάνιον,
1149 589 1236 621 οὕτως
1249 589 1297 616 καὶ
1309 590 1342 624 τῇ
1361 588 1477 624 ἀληθείᾳ
1491 581 1641 623 φιλονεικεῖ
1655 587 1688 614 τδ
1696 587 1796 622 ψεῦδος

1004 634 1237 662 ιπισυνίστασθαι.
1268 634 1338 661 Ἀλλ’
1359 634 1453 660 ὲκὲῖνα
1477 633 1527 668 μὲν
1542 632 1734 660 εὐσεϐούντων
1748 632 1796 658 καὶ

1004 681 1087 716 χοροῦ
1109 681 1157 708 καὶ
1177 681 1287 716 μνήμης
1313 679 1542 715 ἐξωστράκισται.
1569 678 1600 705 '0
1614 677 1644 705 δὲ
1660 678 1796 713 μακάριος

1005 726 1126 757 Λουκᾶς·
1143 727 1182 753 Δι’
1206 722 1243 752 ὧν
1265 725 1318 761 ἔφη
1344 724 1533 760 συστήσασθαι
1557 726 1613 751 τῶν
1635 723 1690 758 πρὸ
1712 722 1796 750 αὑτοῦ

1005 771 1207 805 εὐαγγελιστῶν
1221 770 1270 806 τὴν
1283 770 1438 806 ἀκρίϐειαν,
1457 769 1503 796 ἐπὶ
1514 768 1563 804 τὴν
1572 768 1670 802 ὁμοίαν
1681 768 1797 799 ἐκείνοις

1006 817 1166 852 προαίρεσιν
1173 816 1331 852 ἔρχεται,δι⁶
1341 816 1432 843 αἰτίαν
1441 815 1475 842 δι’
1483 815 1516 850 ἢν
1524 814 1661 846 κάκείνοις
1679 813 1798 850 γράφειν

1006 863 1125 898 ἐγένετο.
1143 863 1189 894 Ὦς
1201 862 1255 898 γὰρ
1270 863 1370 889 ἐκεῖνοι
1381 861 1449 888 διότι
1462 860 1627 896 παρέλαϐον,
1642 859 1690 887 καὶ
1704 860 1798 891 καθὼς

1005 908 1161 944 παρέλαϐον
1184 908 1349 944 γράφουσιν,
1371 907 1443 934 οὕτω
1460 906 1508 933 καὶ
1530 902 1607 938 οὗτος
1622 905 1691 933 διότι
1706 906 1756 932 καὶ
1768 905 1798 938 ἐξ

1004 955 1103 990 ἀρχῆς,
1132 953 1180 982 καὶ
1205 953 1299 986 καθὼς
1322 952 1518 990 ἠκολούθησεν,
1543 951 1616 980 οὕτω
1638 952 1687 978 καὶ
1713 951 1756 982 εἰς
1768 950 1800 977 το

1005 1001 1126 1037 γράφειν
1141 1001 1283 1036 ἐλήλυθεν.
1301 1000 1360 1027 Οὺκ
1373 998 1484 1027 ἐναντία
1504 995 1551 1026 οὖν
1572 998 1702 1033 πράττων
1727 995 1800 1024 ὲκεί-

1005 1055 1073 1080 νοις,
1088 1046 1158 1074 ἀλλὰ
1169 1046 1326 1082 συντρέχων
1339 1046 1388 1072 καὶ
1399 1043 1685 1081 συμμαρτυρούμενος
1695 1041 1800 1078 μᾶλλον

1007 1092 1124 1128 γράφειο
1142 1092 1177 1119 δι’
1203 1091 1301 1127 ἑτέραν
1328 1090 1358 1117 δὲ
1380 1089 1480 1123 αἰτίαν,
1507 1090 1549 1116 δτι
1577 1087 1708 1123 Θεόφιλόν
1735 1095 1800 1114 τινα

1007 1136 1117 1171 θεοφιλῆ
1135 1136 1323 1172 ἐργασάμενος
1340 1134 1460 1170 ἀληθῶς,
1486 1134 1534 1160 καὶ
1548 1133 1594 1160 τδν
1607 1132 1656 1168 τῆς
1679 1131 1800 1162 πίστεως

1006 1183 1082 1218 αὑτῷ
1089 1181 1289 1218 παραδεδωκὼς
1296 1181 1427 1217 ἀγράφως
1431 1179 1593 1215 λόγον,ἀκοῇ
1600 1178 1628 1205 δὲ
1634 1177 1722 1205 ταῦτα
1731 1177 1801 1214 μόνῃ

1007 1228 1132 1256 πιστεύει
1147 1228 1197 1255 οὐκ
1217 1225 1252 1264 ἦν
1270 1227 1401 1263 ἀσφαλὲς,
1413 1226 1461 1254 καὶ
1479 1225 1637 1260 διάγραφῆς
1656 1223 1732 1259 αὐτῷ
1751 1223 1802 1258 τὴν

1006 1275 1156 1311 ἀσφάλειαν
1163 1274 1218 1301 τῶν
1226 1273 1454 1308 κατηχηθέντων
1459 1272 1546 1306 λόγων
1553 1273 1605 1299 ἀπε
1610 1270 1802 1306 ργάζεταιριαὶ

1006 1321 1040 1348 δι’
1051 1319 1134 1348 αὑτοῦ
1145 1319 1228 1347 παντὶ
1235 1319 1274 1354 τῷ
1288 1320 1384 1354 κόσμῳ
1400 1318 1574 1353 δαψιλεύεται
1589 1317 1639 1352 τὴν
1649 1316 1799 1350 ὠφέλειαν.

1007 1367 1127 1398 Εἰκότως
1141 1363 1188 1393 οὖν
1204 1360 1282 1397 οὗτος
1293 1365 1340 1391 καὶ
1354 1364 1498 1400 προοιμίου
1513 1362 1629 1398 ἐδεήθη·
1644 1358 1680 1388 δι’
1694 1356 1725 1388 οὗ
1740 1361 1759 1396 ἦ
1770 1368 1800 1387 τε

1009 1412 1138 1443 σύστασις
1151 1410 1205 1437 τῶν
1220 1411 1273 1447 πρὸ
1287 1410 1369 1437 αὺτοῦ
1386 1408 1622 1445 πραγματεύεται,
1634 1407 1682 1433 καὶ
1695 1408 1713 1443 ἡ
1726 1405 1801 1433 αἰτία

1008 1458 1043 1485 δι’
1060 1458 1094 1493 ἦν
1109 1457 1174 1493 μετ’
1191 1456 1312 1488 ἐκείνους
1332 1455 1462 1491 ἔγραψεν,
1481 1453 1709 1488 ἐπιγινώσκεται·
1727 1452 1801 1479 ὲκεί-

1010 1513 1065 1532 νων
1081 1503 1164 1539 μηδὲν
1176 1503 1245 1538 ὑπὲρ
1258 1503 1308 1538 τῆς
1323 1502 1392 1534 ιδίας
1409 1501 1542 1528 εἰπόντων
1559 1500 1728 1532 συστάσεως·
1741 1498 1801 1526 ἀλλ’

971 1563 993 1593 c
1012 1547 1108 1583 ὥσπερ
1132 1547 1220 1582 τούτῳ
1235 1545 1284 1582 τὴν
1301 1546 1373 1583 ὑπὲρ
1395 1545 1486 1574 αὐτῶν
1509 1545 1664 1582 μαρτυρίαν
1685 1543 1802 1572 καταλεο

1009 1593 1154 1621 λοιπδτων.

1044 1639 1168 1666 φωτιου.
1199 1638 1232 1666 Τί
1268 1637 1371 1671 ἰδοῦσα,
1397 1638 1446 1666 καὶ
1468 1637 1543 1670 τίνος
1575 1637 1670 1666 ινεκεν
1702 1638 1800 1666 διετα-

1005 1685 1131 1720 ράχθη;
1159 1683 1263 1711 ἰδοῦσα
1285 1684 1332 1711 τον
1358 1683 1474 1718 ἄγγελον
1498 1683 1592 1718 ἁγνοῖς
1619 1684 1679 1715 τοῖς
1701 1683 1803 1719 ὀφθαλ-

1010 1733 1071 1767 μοῖς
1081 1730 1248 1764 ἀτενίζοντα,
1261 1729 1331 1761 ἀλλᾲ
1343 1729 1499 1766 μνηστῆρος
1505 1729 1653 1765 μηνύματα
1659 1729 1777 1765 φέροντα
1790 1737 1798 1745 ·

1008 1776 1122 1812 καθαρῷ
1137 1776 1275 1812 βλέμματι
1288 1776 1503 1812 προσανέχοντα,
1512 1775 1580 1802 ἀλλὰ
1585 1775 1677 1811 γάμου
1684 1775 1801 1810 λέγοντα

1009 1822 1221 1857 συναλλάγματα
1230 1830 1238 1838 ·
1250 1821 1352 1848 τούτων
1370 1821 1426 1848 τῶν
1439 1821 1583 1856 νυμφικῶν
1601 1820 1738 1857 ῥημάτων
1750 1829 1800 1855 γι-

1007 1867 1109 1902 νομένη
1124 1867 1268 1902 κατήκοος,
1286 1867 1334 1894 καὶ
1356 1866 1450 1893 παθῶν
1465 1866 1587 1902 ἀμέτοχα
1612 1866 1662 1900 τῆς
1689 1866 1801 1901 ὁμιλίας

1007 1913 1041 1940 τὰ
1054 1912 1180 1948 σχήματα
1189 1912 1335 1947 βλέπουσα,
1345 1913 1405 1943 ταῖς
1413 1911 1467 1938 τῶν
1483 1911 1623 1946 λογισμῶν
1630 1910 1802 1942 ἀντιπνοίανς

1007 1958 1275 1994 ἑταράσσετο.”ορὦ,
1292 1957 1370 1993 φησὶ,
1387 1957 1433 1984 τὸν
1456 1956 1578 1992 μηνυτὴν
1594 1955 1717 1987 εὐλαϐῶς
1729 1964 1802 1990 παρ-

1009 2004 1162 2039 ιστάμενον,
1186 2004 1234 2030 καὶ
1248 2002 1405 2038 περιχαριῖκ
1425 2002 1476 2038 τὴν
1495 2002 1624 2037 ἀγγελίαν
1651 2001 1800 2028 ἀναιτείθο⁴

1009 2057 1059 2085 μαι
1073 2048 1201 2081 δέξασθαι
1212 2057 1219 2065 ο
1232 2049 1300 2076 ἀλλά
1310 2048 1463 2083 νυμφικούς
1477 2056 1523 2083 μοι
1549 2048 1647 2082 λόγους
1676 2047 1800 2083 προϐάλ-

1006 2094 1156 2126 λεται,καὶ
1178 2093 1228 2129 τὴν
1256 2094 1345 2128 χαρὰν
1373 2094 1414 2124 είς
1442 2092 1526 2127 φόϐον
1557 2092 1724 2128 μεθίστησι,
1751 2092 1799 2119 καὶ

1007 2140 1116 2175 θορυϐεῖ
1131 2141 1180 2175 τὴν
1190 2139 1278 2175 ψυχὴν
1291 2138 1330 2174 τῷ
1344 2139 1494 2174 μηνύματι.
1517 2138 1589 2174 Ὀρῶ
1605 2139 1636 2165 τδ
1651 2138 1800 2174 πρόσωπον

1007 2185 1077 2212 αἰδοῖ
1107 2185 1326 2221 συστελλόμενον,
1337 2184 1406 2212 ἀλλά
1427 2184 1546 2220 νυμφίου
1574 2193 1620 2220 μοι
1646 2183 1800 2219 παρουσίαν

165 2239 274 2260 nionem
297 2235 328 2258 ut
353 2230 478 2258 dolosum
503 2228 637 2263 suspicari
653 2228 736 2263 cogit.
754 2227 860 2255 Etenim
874 2228 952 2264 legati

1045 2231 1218 2265 αγγέλλεται.
1253 2231 1324 2266 ’0ρῶ
1353 2231 1471 2262 συνετῶς
1500 2230 1704 2265 διαλεγόμενον,
1731 2229 1800 2257 ἀλλὰ

165 2283 233 2306 tunc
249 2278 336 2305 forma
350 2282 377 2304 et
397 2275 526 2307 astantia,
554 2282 616 2302 cum
634 2274 746 2302 habitus
761 2275 898 2308 decentia,
912 2275 954 2302 di-

165 2325 229 2352 vine
257 2324 365 2351 venisse
397 2321 502 2349 indicat
531 2320 715 2355 legationem;
747 2321 829 2348 verba
863 2325 954 2348 autem

165 2369 260 2404 sponsi
275 2368 406 2397 indicium
421 2366 579 2395 exhibentia
597 2365 720 2394 abnuere
728 2366 844 2394 suadent
858 2373 955 2395 assen-

166 2420 238 2444 sum.

168 2462 288 2499 μηνυτοῦ
301 2462 348 2489 καὶ
358 2460 537 2494 κατάστασις,
551 2467 601 2487 συν
613 2460 653 2495 τῷ
669 2460 828 2504 κοσμίῳτρῦ
843 2461 993 2497 σχήματος,

1008 2276 1165 2312 συλλήψεως
1184 2277 1295 2312 ῥήματα
1312 2276 1478 2311 φθέγγεται·
1493 2276 1543 2303 καὶ
1557 2276 1609 2312 τῆς
1623 2275 1775 2310 παρθενίας
1785 2276 1799 2302 δ

1009 2323 1091 2354 πόθος
1105 2323 1151 2350 τὸν
1165 2321 1245 2356 λόγον
1270 2323 1308 2354 ὡς
1321 2322 1397 2348 δόλον
1413 2321 1578 2348 ὑποπτεύειν
1595 2320 1734 2356 βιάζεται.
1750 2320 1798 2347 Διὰ

1008 2367 1087 2394 τοῦτο
1104 2368 1319 2404 ὲκταράσσομαι.
1334 2367 1372 2399 ὠς
1384 2367 1522 2404 ἰσορρόπῳ
1535 2367 1633 2402 γνώμῃ
1644 2367 1798 2402 τδπρᾶγμα

1010 2412 1262 2448 ζυγοπατοῦμενον
1280 2412 1429 2447 βλέπουσα.
1460 2413 1493 2440 Ἦ
1514 2413 1572 2445 ἕξις
1595 2413 1645 2448 μιν
1670 2412 1727 2448 γὰρ
1752 2413 1799 2439 τοῦ

1009 2461 1102 2488 θεόθεν
1113 2461 1192 2496 ἥκειν
1221 2459 1344 2487 διδάσκει
1371 2460 1402 2486 τδ
1434 2459 1565 2495 μήνυμα’
1584 2458 1619 2485 τὰ
1647 2459 1797 2494 ρήματαδὲ

168 2509 323 2546 μνηστῆρος
338 2509 456 2544 ἔμφασιν
471 2508 696 2544 ξύπεμφαίνοντα,
716 2509 856 2536 ἀνανεύειν
867 2510 955 2536 πείθει
974 2508 1024 2544 τὴν
1042 2509 1252 2543 συγκατάθεσιν.

202 2555 301 2583 Pharii.
322 2554 440 2581 Turbata
464 2558 502 2582 est
526 2554 554 2581 in
569 2563 698 2588 sermone,
722 2563 776 2583 non
794 2556 956 2584 beneiicium

167 2601 320 2630 abhorruit.
337 2600 456 2628 Turbata
473 2604 523 2633 est,
539 2601 586 2628 sed
603 2601 739 2629 collocuta
759 2607 818 2635 est;
840 2606 867 2629 et
896 2608 956 2630 m0-

165 2649 231 2676 dum
244 2647 418 2675 salutationis
433 2647 622 2681 considerans,
639 2655 794 2675 sermonem
809 2653 900 2676 autem
915 2648 957 2676 vi-

166 2690 341 2724 dens;rationi
353 2691 553 2724 adversantem,
569 2691 666 2719 timore
678 2692 803 2726 prudenti
816 2697 894 2727 capta
903 2697 955 2725 est,

165 2741 193 2764 et
199 2741 356 2764 extraneam
371 2736 544 2764 salutationis
553 2738 664 2764 modum
676 2736 874 2764 reformidavit.
885 2737 956 2770 Quid

166 2782 250 2817 igitur
263 2783 399 2817 angelus?
428 2791 494 2811 num
509 2784 635 2819 permisit
654 2791 714 2811 eam
734 2785 851 2813 diversis
873 2785 952 2820 cegi-

165 2827 315 2856 tationibus
330 2828 446 2862 turbari,
459 2833 486 2856 et
501 2829 671 2857 anxietatum
693 2829 821 2858 ﬂuctibus
837 2830 956 2866 agitari?

163 2878 193 2903 et
205 2875 342 2910 quomodo
360 2875 495 2913 mandati,
506 2883 561 2904 non
578 2876 668 2904 malus
683 2875 809 2905 minister
825 2876 955 2911 probatus

1045 2556 1168 2582 Φωτίου.
1189 2555 1368 2590 Ἐθορυϐήθη
1381 2553 1560 2588 τοῖςλόγυις,
1571 2553 1623 2579 οὐκ
1636 2552 1797 2588 ἀπεστράφη

1008 2601 1057 2638 τὴν
1070 2601 1239 2636 εὐεργεσίαν.
1261 2600 1452 2635 Διεταράχθη,
1470 2599 1539 2626 ἀλλά
1553 2599 1717 2633 διελογίζετο
1730 2606 1737 2613 '
1753 2599 1800 2625 καὶ

1006 2647 1053 2674 τὸν
1066 2647 1166 2683 τρόπον
1198 2647 1248 2682 μὲν
1269 2647 1435 2682 ἐπιζητοῦσα
1457 2645 1504 2672 τοῦ
1525 2645 1684 2679 ἀσπασμοῦ,
1711 2646 1758 2671 τον
1771 2644 1799 2670 δὲ

1007 2693 1085 2728 λόγον
1098 2693 1188 2729 ὁρῶσα
1199 2693 1380 2728 διαφεύγοντα
1395 2693 1458 2724 τοὺς
1472 2691 1630 2727 λογισμοὺς,
1645 2690 1720 2725 φόϐῳ
1735 2697 1799 2716 κατ-

1010 2740 1098 2776 είχετο
1115 2739 1246 2775 σώφρονι,
1261 2740 1310 2766 καὶ
1333 2740 1363 2765 τὸ
1379 2739 1453 2771 ξένον
1480 2737 1528 2764 τοῦ
1559 2736 1707 2771 ἀσπασμοῦ
1733 2745 1797 2763 κατ-

1009 2787 1167 2822 επλήττετο.
1183 2787 1215 2814 Τί
1228 2786 1274 2814 οὖν
1292 2787 1306 2813 ὁ
1325 2785 1459 2820 ἀγγελος;
1477 2782 1531 2819 ἆρα
1555 2784 1704 2811 κατέλιπεν
1716 2784 1797 2818 αὐτὴν

1009 2832 1068 2863 ταῖς
1083 2831 1268 2863 ἀντισπώσαις
1281 2831 1414 2863 διανοίαις
1442 2829 1639 2866 ταράσσεσθαι,
1669 2829 1718 2856 καὶ
1740 2830 1797 2859 ταῖς

1009 2878 1114 2913 κύμασι
1127 2879 1181 2906 τῶν
1194 2876 1545 2917 ἀποριῶν-κλυδωνίζεσθαι
1555 2884 1562 2910 ;
1574 2876 1620 2903 καὶ
1633 2875 1694 2908 πῶς
1707 2876 1741 2903 ἂν
1750 2873 1794 2901 τοῦ
