1886 3071
118 205 331 242 προστάγματος
341 205 372 233 οὐ
384 204 487 241 φαῦλος
499 204 639 241 ὑπηρέτης
650 205 782 241 ἠλέγχετο
793 214 800 238 ;
812 205 870 237 πῶς
883 204 913 231 δὲ
929 207 951 234 Α

116 251 196 283 δίκας
204 252 255 278 οὐκ
266 252 300 279 ἂν
310 251 422 284 δικαίως
432 251 637 287 εἰσεπράττετο,
653 252 695 278 ὅτι
711 252 761 287 τὴν
775 251 912 286 παρθένον

118 297 293 334 θορυϐεῖσθαι
305 298 451 331 κατέλιπες
462 298 507 325 διὰ
521 298 552 325 τὺ
566 299 604 333 μὴ
616 295 687 325 εἷναι
700 299 789 325 τοίνυν
799 296 913 324 δυνατὸν

117 344 323 379 θορυϐουμένην
341 344 388 371 καὶ
407 344 590 379 φοϐουμένην,
613 343 734 379 ἀκριϐῶς
750 343 862 370 ἀκούειν
878 342 913 369 τά

117 389 315 425 λεχθησόμενα,
330 389 375 416 διὰ
386 389 465 416 τοῦτο
477 389 536 416 λύει
551 389 661 426 πρῶτον
673 389 810 424 αὐτῆςτὸν
818 389 912 423 φόϐον.

154 435 279 462 Φωτίου.
297 435 354 462 Οὐκ
368 435 478 470 ἀπάτην
491 433 573 471 ἦλθον
583 435 700 471 λαλῆσαί
717 444 769 468 σοι,
783 435 852 462 ἀλλὰ
865 434 914 468 τῆς

119 480 228 515 ἀπάτης
248 480 390 515 ἀναίρεσιν
416 480 627 516 εἰσηγήσασθαι.
657 481 694 507 Οὐ
711 480 847 516 πλανῆσαι
861 489 914 507 πα-

121 526 268 562 ραγέγονα,
281 527 331 562 τῆς
345 527 373 553 δὲ
386 527 490 561 πλάνης
506 527 642 562 λύτρωσιν
655 527 845 563 ἐγγυήσασθαι
855 535 863 542 ·
880 527 911 554 ού

120 571 236 607 συλῆσαί
251 580 294 598 σοι
307 572 357 607 τὴν
372 572 472 600 ἄσυλον
488 573 637 609 παρθενίαν
658 573 833 609 ἐπεδήμησα,
847 573 914 600 ἀλλὰ

118 617 167 644 τοῦ
179 617 299 645 πλάστου
311 618 360 653 τῆς
375 618 524 654 παρθενίας
539 619 586 646 κει)¹
599 619 719 654 φύλακος
734 620 784 654 τὴν
802 619 912 654 ἐνοίκη-

120 668 164 687 σιν
179 659 407 695 εὐαγγελίσασθαι
420 669 427 677 ·
442 662 491 689 οὐκ
504 662 592 697 ὅφεώς
606 664 664 697 είμι
677 663 810 698 πονηρίας
824 663 915 690 διάκο-

120 713 177 738 νος,
192 705 261 732 ἀλλὰ
283 705 330 732 τοῦ
359 707 564 742 καταργοῦντος
594 707 640 733 τὸν
662 708 726 741 ὅφιν
752 707 914 738 ἀπόστολος.

120 751 326 786 Νυμφοστόλος,
354 752 405 778 οὐκ
432 752 575 785 ἐπίϐουλος
607 753 801 788 παραγέγονα’
818 750 915 788 ’χαρᾶς

120 798 260 833 πρόξενος,
271 798 302 824 οὐ
316 798 404 834 λύπης
413 799 567 834 παραίτιος·
582 799 722 835 σωτηρίας
734 798 914 833 προάγγελος,

122 843 174 870 οὐκ
184 843 322 876 ἀπωλείας
333 844 496 879 σύμϐουλος·
512 844 567 879 ἐγὼ
579 845 635 877 τοῖς
645 845 840 881 προστάγμασι
858 846 915 875 τοῖς

121 890 298 922 Δεσποτικοῖς
317 890 381 922 τοὺς
408 891 472 923 σοὺς
494 890 642 926 λογισμοὺς
657 891 836 927 θεραπεύσω·
858 891 914 926 ἐγὼ

121 935 185 967 τοὺς
199 935 316 972 δεσμοὺς
331 936 515 971 διαλύσωξτῆς
528 937 658 972 ἀπορίας.

160 979 216 1008 Τοῦ
235 981 340 1008 αὐτοῦ.
356 981 475 1016 Χάριτός
490 982 548 1008 ἐστι
566 981 642 1014 θείας
653 982 668 1009 ὁ
686 981 844 1018 ἀσπασμὸς,
858 982 915 1009 ἀλλ’

121 1025 154 1052 οὐ
168 1026 276 1060 φύσεως
288 1026 428 1062 ὑπουργός
437 1035 443 1042 ·
456 1027 568 1063 χάριτος
582 1028 686 1063 θεῖκῆς,
710 1028 762 1056 οὐκ
776 1028 916 1064 ἀνθρωπί-

122 1081 173 1108 νης
192 1073 339 1108 ἐπιϐουλῆς
350 1081 358 1089 ⁸
374 1073 487 1110 χάριτος
501 1074 547 1101 τὸν
563 1073 734 1110 ἀνθρώπινον
750 1074 916 1111 ὑπερπηδὼ-

123 1126 175 1154 σης
190 1117 330 1154 λογισμόν.
351 1118 422 1146 Ἀλλ’
437 1120 502 1146 ὅταν
525 1120 606 1155 χάριν
628 1119 760 1156 ἀκούσῃς,
777 1120 916 1156 ἄνθρωπε,

123 1164 163 1199 μὴ
181 1164 270 1200 μάτην
284 1164 315 1190 τὸ
325 1165 450 1200 χάρισμα
459 1167 492 1200 τῇ
510 1165 643 1201 Παρθένῳ
671 1166 857 1201 χορηγηθῆναι
874 1175 918 1192 νο-

124 1209 208 1245 μίσῃς
217 1217 224 1223 ·
243 1209 312 1245 μηδὲ
327 1209 483 1245 φιλοτιμίαν
491 1209 614 1237 διάκενον
623 1209 654 1237 τὸ
667 1209 752 1245 δῶρον
766 1210 916 1247 ὑπολάϐῃς.

125 1251 197 1289 Εὗρε
209 1254 264 1289 γὰρ
278 1254 360 1290 χάριν
380 1255 397 1290 ἡ
414 1254 557 1290 Παρθένος
574 1255 651 1290 παρὰ
670 1255 740 1290 Θεῷ,
767 1255 810 1281 ὅτι
838 1255 918 1287 ἀξίαν

124 1301 225 1336 ἑαυτὴν
235 1301 274 1337 τῷ
290 1301 457 1337 Δημιουργῷ
474 1301 692 1328 κατεσκεύασεν·
706 1302 748 1328 ὅτι
771 1301 811 1337 τῷ
825 1301 917 1328 κάλλει

123 1347 174 1380 τῆς
189 1347 299 1381 ἁγνείας
311 1347 361 1383 τὴν
375 1347 476 1382 ἑαυτῆς
503 1347 591 1382 ψυχὴν
618 1348 771 1383 ὼραῖσασα,
788 1356 919 1382 κατοικη-

123 1393 219 1429 τήριον
237 1393 399 1429 ἀξιέραστον
415 1393 516 1428 ἑαυτὴν
541 1393 588 1420 τοῦ
610 1394 682 1429 λόγῳ
705 1395 768 1426 τοὺς
786 1394 918 1430 οὐρανοὺς

125 1438 328 1475 στερεώσαντος
345 1439 530 1475 ἡτοιμάσατο·
547 1440 587 1467 ὅτι
603 1440 633 1467 σὺ
650 1440 735 1475 μόνην
748 1440 798 1475 τὴν
815 1439 919 1476 παρθε-

125 1483 186 1510 νίαν
196 1484 330 1519 ἄχραντον
339 1484 509 1520 διετήρησεν,
521 1484 590 1511 ἀλλά
596 1493 627 1519 γε
641 1485 687 1511 καὶ
695 1484 744 1520 τὴν
755 1485 919 1521 προαίρεσιν

717 148 951 180 FRAGMENTA
966 147 1008 179 IN
1025 148 1164 180 LUCAM.

1693 145 1762 180 1218

966 209 1008 231 est
1020 204 1031 224 ν
1046 204 1186 239 quomodo
1199 210 1295 239 poenas
1312 210 1368 231 non
1384 202 1459 238 jnste
1474 202 1588 235 subiit,
1613 203 1685 238 quod
1706 204 1762 231 vir-

964 249 1053 284 ginem
1068 249 1174 276 turbari
1194 248 1340 284 permisit?
1363 248 1431 281 Quia
1453 256 1506 275 non
1527 252 1587 275 erat
1601 247 1684 283 igitur
1696 255 1762 284 pos-

964 293 1044 321 sibile
1074 294 1211 322 turbatam
1243 298 1271 321 et
1295 293 1417 321 territam
1433 294 1530 320 audire
1555 298 1685 321 accurate
1700 301 1762 329 quae

963 339 1078 367 dicenda
1117 343 1207 373 erant,
1232 340 1293 368 ideo
1321 340 1440 375 primum
1473 340 1534 375 ejus
1565 344 1671 368 metum
1704 341 1762 368 sol-

963 386 1012 413 vit.
1386 382 1393 391 ‘

1000 431 1138 459 Vens.30.
1152 431 1249 459 Photii.
1264 431 1322 459 Non
1335 430 1460 459 fraudem
1476 431 1537 459 veni
1560 431 1610 459 tibi
1624 431 1760 464 dicturus,

965 477 1012 505 sed
1026 477 1131 504 fraudis
1147 477 1360 505 destructionem
1375 477 1534 505 educturus.
1547 477 1607 504 Non
1634 476 1669 504 ad
1683 483 1761 503 erro.

966 531 1024 551 rem
1036 524 1109 557 veni,
1128 524 1174 551 sed
1188 524 1221 551 ad
1234 524 1337 552 erroris
1364 524 1528 553 solutionem
1554 522 1760 551 arcessendam.

966 568 1026 597 Non
1044 569 1173 598 intactam
1188 570 1372 605 virginitatem
1395 574 1524 605 rapturus
1536 569 1613 601 affui,
1640 569 1688 597 sed
1711 569 1762 596 vir-

965 615 1088 651 ginitatis
1100 616 1221 644 auctoris
1233 619 1261 643 et
1273 616 1394 643 custodis
1408 616 1556 643 adventum
1570 615 1758 642 nuntiaturus.

965 663 1026 690 Non
1051 663 1184 697 serpentis
1195 663 1306 690 malitiae
1323 670 1384 690 sum
1403 662 1539 695 minister,
1557 662 1604 689 sed
1625 661 1760 696 serpentis

966 708 1145 736 destructoris
1164 709 1315 743 apostolus.
1328 707 1490 742 Nuptiarum
1509 708 1634 738 nuntius.
1650 714 1704 735 non
1718 707 1761 735 in-

967 753 1082 782 sidiator
1099 754 1195 781 adsum
1210 763 1216 781 :
1232 754 1326 789 gratia:
1343 761 1442 789 praeco,
1461 761 1516 781 non
1532 753 1636 781 doloris
1652 761 1733 782 causa
1749 761 1757 786 ;

967 798 1063 826 salutis
1077 798 1201 833 angelus,
1228 805 1282 825 non
1297 797 1459 833 perditionis
1473 798 1609 833 complex.
1634 798 1689 832 Ego
1706 796 1761 824 Do-

967 843 1034 870 mini
1055 851 1103 878 per
1127 843 1255 870 mandata
1280 843 1415 870 rationem
1445 847 1519 870 tuam
1552 842 1675 877 ‘sanabo,
1708 849 1761 877 ego

966 889 1111 917 anxietatis
1125 889 1232 917 vincula
1246 887 1373 917 solvam.‘

1003 977 1142 1013 Ejusdem.
1157 978 1258 1006 Gratiae
1273 979 1372 1006 divitum
1387 979 1517 1006 salutatio
1535 983 1588 1011 est,
1602 985 1656 1006 non
1669 982 1762 1006 autem

967 1028 1071 1052 naturae
1098 1024 1280 1059 obsequium;
1312 1025 1406 1060 gratia.-
1421 1025 1531 1058 divinae,
1553 1032 1608 1052 non
1635 1025 1763 1052 humana:

968 1070 1073 1098 fraudis
1089 1079 1097 1104 ;
1113 1071 1208 1106 gratiae
1227 1071 1380 1098 humanum
1407 1071 1575 1099 intellectum
1592 1070 1760 1106 superantis.

969 1116 1021 1144 Sed
1034 1123 1096 1143 cum
1113 1116 1228 1151 gratiam
1241 1116 1373 1149 audieris,
1390 1123 1406 1143 ο
1425 1117 1518 1147 homo,
1536 1124 1570 1143 ne
1581 1115 1684 1142 frustra
1700 1114 1762 1142 Vir-

968 1163 1023 1198 gini
1037 1162 1154 1198 gratiam
1172 1163 1243 1190 hanc
1259 1162 1409 1198 praestitum
1420 1170 1482 1190 esse
1494 1162 1657 1195 arbitreris;
1675 1168 1763 1196 neque

969 1207 1160 1236 liberalitatem
1189 1207 1271 1235 inane
1291 1208 1393 1235 donum
1417 1215 1542 1235 censeas.
1562 1206 1670 1234 Invenit
1684 1206 1760 1234 enim

969 1255 1084 1290 gratiam
1106 1254 1188 1290 Virgo
1202 1254 1274 1290 apud
1303 1253 1387 1281 Deum
1405 1263 1412 1288 ;
1434 1253 1507 1289 quod
1540 1261 1570 1281 se
1581 1253 1690 1288 dignam
1707 1253 1763 1280 Deo

969 1300 1160 1335 comparavit;
1177 1300 1252 1335 quod
1271 1300 1409 1328 castitatis
1422 1299 1628 1335 pulchritudine
1641 1299 1762 1326 animam

970 1352 1048 1372 suam
1063 1352 1211 1378 exornans,
1223 1344 1333 1379 dignum
1347 1344 1533 1371 habitaculum
1546 1349 1631 1371 semet
1646 1344 1670 1370 ei
1683 1343 1764 1378 cujus

971 1390 1053 1417 verbo
1085 1389 1146 1417 coeli
1160 1389 1259 1416 ﬁrmati
1287 1393 1352 1416 sunt
1374 1389 1534 1422 disposuit;
1554 1388 1626 1423 quod
1644 1395 1699 1415 non
1720 1395 1765 1416 so-

970 1437 1027 1464 lum
1047 1437 1232 1472 virginitatem
1251 1436 1409 1463 inviolatam
1425 1436 1557 1469 servavit,
1573 1435 1622 1463 sed
1635 1436 1765 1463 volunta-

973 1487 1055 1512 tatem
1070 1482 1340 1518 irreprehensibilem
1360 1481 1528 1515 custodivit;
1545 1482 1617 1517 quod
1641 1489 1657 1508 e
1671 1481 1765 1517 pueris

125 1529 277 1564 ἀμόΛυντον
306 1531 491 1566 συνετήρησεν
509 1537 517 1545 ·
554 1530 596 1557 ὄτι
631 1530 664 1557 ὲκ
701 1529 817 1565 βρέφους
852 1531 900 1558 καθ

1004 1529 1057 1556 Deo
1073 1528 1241 1556 sanctificata
1256 1533 1310 1561 est,
1324 1528 1454 1563 templum
1469 1528 1613 1563 spirituale
1635 1536 1690 1555 non
1706 1536 1766 1555 mae

125 1575 246 1611 ηγιάσθη
259 1575 329 1610 θεῷ,
343 1575 419 1608 λαὸς
433 1575 553 1611 ἔμψυχος
566 1576 613 1603 καὶ
628 1576 776 1608 ἀλάξευτος
794 1577 833 1612 τῷ
844 1577 921 1612 βασι-

126 1620 169 1647 λεῖ
182 1621 231 1655 τῆς
248 1621 326 1656 δόξης
338 1621 576 1657 οἰκοδομούμενος,
594 1622 638 1649 διὰ
666 1622 697 1649 τὸ
725 1623 773 1650 τοῦ
791 1623 920 1659 σώματος

125 1666 310 1702 ἀκηλίδωτον·
330 1667 375 1694 διὰ
401 1667 431 1694 τὺ
454 1667 503 1702 τῆς
530 1667 679 1703 παρθενίας
696 1667 898 1704 ὑπέρλαμπρον
912 1675 920 1683 ·

125 1712 171 1739 διὰ
181 1712 211 1739 τὺ
224 1713 275 1747 τῆς
299 1713 411 1747 ἁγνείας
430 1713 580 1748 ἀμόλυντον
592 1720 599 1729 ·
620 1713 665 1740 διά
679 1714 710 1740 τὸ
723 1714 773 1749 τῆς
792 1713 922 1749 προαιρέ-

127 1767 198 1790 σεως
212 1759 407 1795 καθαρώτατον
418 1768 426 1775 ·
440 1760 484 1786 διὰ
493 1759 523 1785 τὸ
530 1759 580 1794 τῆς
589 1759 680 1795 ψυχῆς
694 1759 762 1795 πρὸς
775 1759 826 1796 τὴν
832 1760 922 1795 ἁμαρ-

125 1805 189 1830 τίαν
205 1804 334 1839 ἀρρεπὲς,
347 1804 394 1831 καὶ
405 1804 452 1832 τοῦ
466 1805 620 1841 κρείττονος
628 1805 836 1840 ἀμετάπτωτον.

163 1850 287 1877 Φωτίου.
310 1850 348 1877 Τὸ
366 1850 473 1886 μέλλον,
484 1849 523 1882 ὡς
540 1851 592 1886 ήδη
608 1851 695 1887 παρὸν
717 1851 899 1885 ἀποφαίνεται
910 1859 918 1866 ·

126 1896 190 1924 ἀντὶ
203 1897 257 1931 γὰρ
280 1896 339 1929 τοῦ,
368 1896 499 1930 ποιήσει,
516 1898 599 1932 φησὶν
616 1897 774 1932 ἐποίησεν,
801 1897 840 1930 ὡς
867 1897 918 1934 ἤδη

127 1942 300 1977 κατορθωθὲν
314 1943 362 1969 καὶ
371 1943 519 1978 γενόμενον
537 1943 589 1978 τῆς
604 1943 700 1975 αὑτοῦ,
714 1944 792 1979 φησὶ,
816 1945 919 1979 χειρὸς,

126 1987 178 2014 οὐκ
190 1987 337 2022 ἀνθρώπου
353 1987 385 2014 τὸ
410 1987 491 2023 ἔργον
502 1995 509 2002 ·
531 1987 674 2020 Ἐποίησε
693 1986 814 2022 κράτος,
829 1987 859 2013 οὺ
876 1986 920 2013 διὰ

126 2033 269 2066 Μωῡσέως
285 2033 322 2070 (1)
336 2033 374 2066 ὡς
385 2034 470 2060 πάλαι
480 2033 527 2060 ἐπὶ
540 2035 605 2065 τοὺς
619 2033 792 2067 Αίγυπτίους·
806 2033 867 2060 οὐδὲ
877 2033 921 2060 διὰ

126 2080 217 2116 Ἰησοῦ
231 2080 278 2107 τοῦ
294 2081 385 2116 Ναυῆ,
402 2081 441 2112 ὡς
467 2080 529 2107 τότε
550 2079 743 2115 Ἰεριχούντεια
767 2079 845 2115 τείχη
868 2087 920 2106 κα-

126 2126 244 2153 τασείων
260 2127 378 2163 περιόδῳ
390 2126 485 2162 ἱερέων
497 2127 545 2153 καὶ
559 2126 718 2160 σαλπίγγων
728 2126 781 2161 ἠχῇ
793 2134 799 2141 ·
811 2125 873 2152 οὐδὲ
886 2125 920 2152 δι’

127 2173 257 2207 ἀγγέλου,
269 2172 307 2204 ὡς
321 2172 402 2207 ἡνίκα
414 2172 463 2204 τὰς
487 2172 585 2198 ἑκατὸν
606 2172 770 2207 ὀγδοήκοντα
783 2170 863 2197 πέντε
876 2179 919 2205 χι-

126 2217 221 2248 λιάδας
240 2206 446 2252 κατεστρώννυε
463 2217 517 2244 τῶν
532 2217 671 2252 πολεμίων
683 2225 691 2232 ·
713 2216 773 2243 οὐδὲ
790 2216 824 2243 δι’
839 2216 919 2243 ἄλλου
936 2206 957 2234 Ῐ)

125 2264 210 2295 τινός·
227 2263 296 2290 ἀλλά
314 2263 358 2289 διὰ
370 2264 443 2294 τίνος
456 2272 464 2297 ;
478 2263 513 2290 δι’
525 2263 607 2290 αὑτοῦ
621 2262 667 2289 τοῦ
685 2263 787 2290 οἰκείου
803 2262 916 2298 βραχίο-

126 2318 182 2341 νος.
194 2309 320 2344 Βραχιων
331 2309 360 2336 δὲ
374 2308 422 2335 τοῦ
446 2308 563 2344 Πατρός,
578 2309 592 2335 ό
602 2308 675 2340 Υἱός·
694 2308 766 2335 κατὰ
781 2308 821 2340 τὺ,
831 2308 917 2335 Ὲλυ-

125 2355 230 2389 τρώσω
243 2355 278 2382 ἐν
285 2354 430 2389 βραχίονι
446 2360 506 2381 σου
530 2354 584 2380 τὸν
597 2354 675 2381 λαόν
696 2361 765 2381 σου.
786 2354 824 2380 Δι’
835 2353 918 2381 αὐτοῦ

126 2400 174 2429 οὖν
187 2402 266 2437 νίκην
277 2401 438 2437 εἰργάσατο.
455 2400 504 2428 καὶ
524 2402 655 2435 τροπαῖον
668 2400 766 2436 ἔστησε
777 2400 849 2428 κατά
865 2400 919 2427 τῶν

127 2448 213 2476 πάλαι
225 2447 430 2483 τυραννούντων
453 2445 510 2474 τῶν
521 2446 639 2482 ἐχθρῶν.

166 2493 222 2522 Τοῦ
236 2493 341 2521 αὑτοῦ.
364 2493 629 2528 Κατστροπώσατο,
654 2494 747 2530 φησὶν,
765 2493 816 2520 οὐκ
838 2493 920 2527 Αἰγυ-

127 2540 262 2576 πτίους,ἣ
275 2539 436 2575 Ἀσσυρίους
448 2539 466 2575 ἢ
476 2539 537 2566 τόδε
544 2539 575 2566 τὸ
586 2539 728 2575 πολέμιον,
742 2539 811 2567 ἀλλὰ
830 2538 920 2566 πάντα

126 2586 258 2621 λογισμὸν
266 2586 443 2621 ὑπερήφανον
459 2586 584 2613 τουτέστι
603 2586 641 2622 μὴ
655 2586 849 2614 ὑποκύπτοντα
873 2585 921 2612 καὶ

128 2631 332 2667 πειθαρχοῦντα
349 2633 384 2667 τῇ
405 2631 541 2667 παρουσίᾳ
566 2631 660 2659 αὑτοῦ.
687 2631 851 2658 Διεσκέδασε
872 2630 919 2657 καὶ

128 2678 374 2714 σαθρὰςάπήλεγξε
386 2679 436 2710 τὰς
459 2678 651 2714 ὑπερηφάνως
657 2677 777 2709 διανοίας
787 2678 837 2712 τῆς
851 2685 920 2712 καρ-

126 2724 186 2758 δίας
199 2725 301 2759 αὐτῶν,
311 2726 344 2758 ἃς
352 2725 431 2762 ἔσχον
439 2726 479 2758 είς
487 2726 518 2752 τὸ
533 2725 572 2762 μὴ
585 2723 731 2751 πιστεῦσαι
740 2724 788 2751 καὶ
797 2722 917 2758 φοϐηθῆ-

126 2780 173 2799 ναι
188 2771 451 2808 αὺτδν,διελίκμησε
464 2772 514 2804 τὰς
524 2770 716 2807 ὑπερηφάνους
736 2769 791 2796 τῶν
811 2769 849 2805 μὴ
871 2777 919 2795 πι-

973 1574 1116 1602 nul’actum
1131 1575 1189 1610 regi
1211 1574 1304 1610 gloria:
1327 1573 1518 1607 habitandum,
1538 1578 1649 1609 propter
1663 1581 1765 1608 carpo-

973 1620 1012 1648 ris
1030 1620 1188 1656 puritatem,
1217 1624 1328 1655 propter
1348 1619 1515 1654 virginitatis
1536 1620 1632 1652 decus,
1653 1624 1766 1655 propter

972 1666 1108 1694 castitatis
1130 1665 1326 1700 integritatem,
1354 1668 1466 1699 propter
1487 1664 1635 1692 voluntatis
1654 1664 1766 1692 mundi-

973 1712 1049 1745 tiam,
1066 1716 1179 1747 propter
1190 1711 1288 1739 animte
1309 1715 1404 1738 contra
1427 1715 1571 1745 peccatum
1595 1710 1766 1743 ﬁrmitatem,

972 1763 999 1785 et
1012 1758 1040 1784 in
1055 1758 1127 1786 bono
1141 1757 1336 1785 constantiam.

1007 1803 1090 1831 Vens.
1107 1803 1152 1831 49.
1167 1803 1267 1830 Photii.
1284 1803 1429 1837 Futurum,
1444 1808 1474 1831 ut
1500 1802 1555 1838 iam
1580 1810 1701 1838 praesens
1716 1809 1766 1837 ap-

971 1854 1058 1886 paret.
1073 1849 1143 1877 Nam
1168 1858 1218 1886 pro
1245 1851 1336 1885 faciet,
1350 1851 1426 1885 dicit,
1445 1851 1517 1886 fecit,
1546 1850 1626 1885 quasi
1639 1849 1698 1883 jam
1722 1849 1764 1876 fa-

971 1900 1046 1924 ctum
1065 1900 1092 1924 et
1106 1896 1257 1931 perfectum
1273 1904 1370 1925 manus
1379 1897 1449 1932 ejus,
1466 1904 1520 1924 non
1534 1896 1656 1924 hominis
1681 1901 1763 1930 opus.

974 1941 1048 1970 Fecit
1062 1943 1217 1977 potentiam,
1243 1951 1297 1970 non
1321 1951 1370 1978 per
1385 1943 1493 1978 Moysen
1511 1948 1541 1970 ut
1556 1943 1622 1970 olim
1639 1942 1667 1970 in
1681 1941 1766 1978 Egy-

971 1991 1056 2025 ptioa;
1073 1997 1162 2025 neque
1180 1997 1228 2024 per
1238 1989 1302 2017 Jesu
1329 1990 1414 2016 tilium
1428 1988 1511 2022 Nave,
1527 1993 1557 2016 ut
1573 1994 1639 2016 tunc
1652 1987 1764 2016 Iericho

972 2037 1074 2065 moenia
1101 2036 1245 2064 excutiens
1281 2043 1330 2070 per
1357 2036 1532 2063 sacerdotum
1559 2034 1706 2062 circuitum
1737 2038 1767 2062 et

972 2083 1100 2110 tubarum
1118 2089 1237 2114 sonum;
1262 2088 1351 2116 neque
1364 2089 1412 2116 per
1432 2081 1569 2115 angelum,
1600 2083 1630 2107 ut
1654 2079 1764 2115 quando

971 2130 1079 2154 centum
1097 2126 1219 2161 quinque
1233 2129 1260 2152 et
1274 2126 1410 2160 octoginta
1425 2124 1510 2152 millia
1523 2124 1643 2151 hostium
1660 2129 1765 2152 macta-

972 2170 1024 2202 vit;
1042 2177 1130 2204 neque
1151 2169 1235 2196 alium
1249 2168 1380 2204 aliquem.
1405 2168 1456 2195 Sed
1472 2176 1520 2202 per
1534 2168 1696 2203 quodnam?
1717 2175 1766 2202 per

972 2221 1053 2240 suum
1069 2212 1208 2247 proprium
1224 2212 1378 2240 brachium.
1398 2211 1544 2239 Brachium
1556 2217 1648 2239 autem
1663 2211 1763 2242 Patris.

970 2258 1074 2292 Filius;
1088 2258 1238 2286 secundum
1254 2258 1327 2293 quod
1340 2257 1457 2286 dicitur:
1470 2256 1601 2284 Liberaui
1615 2257 1642 2283 in
1656 2257 1764 2283 brachio

971 2311 1015 2333 tua
1032 2304 1158 2340 populum
1173 2310 1257 2332 tuum.
1276 2304 1327 2332 Per
1343 2304 1417 2331 hunc
1444 2303 1528 2339 igitur
1544 2303 1685 2331 victoriam
1698 2303 1764 2330 ade—

970 2356 1034 2387 ptus
1048 2357 1100 2384 est,
1126 2357 1153 2380 et
1184 2356 1316 2387 trOpaeum
1335 2352 1433 2380 statuit
1450 2356 1544 2380 contra
1560 2351 1621 2378 illos
1638 2350 1685 2385 qui
1699 2350 1764 2377 olim

970 2399 1195 2432 dominabantur,
1210 2398 1348 2426 inimicos.

1009 2490 1147 2525 Ejusdem.
1168 2489 1306 2524 Disponit,
1321 2493 1352 2515 ut
1366 2487 1499 2522 loquitur,
1530 2494 1583 2513 non
1609 2484 1764 2520 .‘Egyplios,

971 2536 1164 2572 nutAssyrios,
1180 2540 1229 2563 aut
1248 2535 1352 2563 similes
1371 2534 1473 2566 hostes,
1490 2532 1539 2562 sed
1558 2539 1668 2559 omnem
1687 2529 1766 2557 intel-

972 2583 1073 2611 lectum
1101 2590 1131 2611 se
1154 2581 1343 2614 extollentem,
1367 2579 1394 2607 id
1417 2584 1526 2607 estnon
1543 2578 1719 2606 inclinantem
1734 2584 1764 2604 se

973 2637 1024 2658 nec
1037 2629 1242 2657 submittentem
1261 2634 1353 2655 coram
1370 2626 1440 2661 ipso.
1455 2624 1591 2660 Dispersit
1605 2627 1632 2650 et
1645 2623 1765 2650 caducas

973 2682 1035 2702 esse
1057 2674 1176 2701 convicit
1199 2673 1330 2709 superbas
1345 2671 1526 2707 cogitationes
1548 2669 1639 2698 cordis
1650 2668 1762 2704 eorum,

971 2728 1041 2756 quas
1066 2720 1221 2748 habuerunt
1246 2726 1308 2747 cum
1330 2725 1385 2746 non
1411 2716 1590 2745 crediderunt
1614 2722 1664 2743 nec
1687 2717 1765 2744 illum

973 2771 1141 2795 metuerunt.
1173 2766 1307 2803 Dispersit
1343 2764 1476 2800 superbas
1512 2771 1568 2792 non
1594 2764 1767 2793 credentium

902 2824 1018 2855 ΝΟΤΛΕ.

167 2877 208 2912 (t)
224 2866 473 2905 Confer'v‘olumcn
485 2877 603 2912 primum
618 2876 711 2913 prima:
732 2876 858 2905 editionis
869 2883 896 2912 p.
914 2875 978 2904 l90.

291 2923 427 2953 PATROL.
450 2923 509 2954 Gn.
534 2923 584 2954 Cl.

1563 2916 1602 2946 39
