1886 3071
142 151 212 185 121'.)

139 212 256 239 mentes,
285 214 336 234 nec
365 205 419 233 illis
443 204 569 232 umbram
592 203 781 232 excusationis
805 203 928 236 reliquit.
948 205 968 232 Α

139 251 208 280 Nam
223 251 334 288 proprio
359 250 452 282 corde,
465 257 527 277 cum
553 249 617 277 talia
635 249 767 276 haberent
782 248 816 275 de
829 247 931 282 quibus

139 299 302 326 erubescere
317 297 451 325 debebant
478 295 562 323 inﬂati
578 300 653 327 sunt,
678 299 705 322 et
727 294 847 322 fructum
869 301 932 328 pro-

139 344 205 380 piia:
233 343 331 371 mentis
344 342 483 375 lethalem,
498 341 719 369 incredulitatem
742 339 931 376 praebuerunt.

174 431 313 460 \'zns.52.
340 429 442 457 Photii.
467 427 503 456 Ut
529 429 622 458 homo.
652 427 783 462 exponit;
816 435 878 453 nam
904 431 933 453 ut

139 479 222 510 Deus,
239 485 322 512 supra
349 476 422 511 quod
440 481 568 510 magnum
583 477 635 501 est.

175 523 312 558 Ejusdem.
327 521 441 556 Magnus
452 520 513 552 erit,
529 519 602 554 quod
615 519 673 553 jam
686 523 756 550 erat,
774 518 825 546 etsi
843 518 934 545 carnis

139 567 322 596 humilitatem
341 566 439 593 induit.
455 564 515 592 Non
541 564 613 592 enim
631 563 811 591 humanitatis
826 570 935 590 assunt-

140 615 209 649 ptio,
233 613 449 649 magnitudinem
467 611 607 638 imminuit
627 609 796 642 divinitatis;
817 609 864 638 sed
886 617 936 644 po-

141 662 197 688 tius
217 661 350 688 attollitur
373 660 407 688 ad
422 660 496 687 illam
513 658 693 686 humanitatis
706 658 857 686 humilitas.
876 657 936 684 Etsi

140 706 226 740 igitur
240 705 274 733 ad
288 713 398 733 carnem
412 704 549 732 demissus
567 708 620 735 est,
636 703 674 730 ita
703 708 795 731 tamen
815 705 865 730 erit
878 711 935 730 ma—

138 758 216 785 gnus,
228 756 258 778 ut
280 756 350 780 erat.

177 796 316 832 Ejusdem.
339 795 409 830 Non,
438 797 549 824 nomine
572 801 601 824 tu
624 795 794 831 appellabis,
819 793 866 821 sed
891 793 937 819 ille

138 843 295 876 vocabitur;
317 851 333 871 a
353 851 420 878 quo,
436 851 470 870 an
487 842 627 870 evidenter
647 849 694 876 per
708 840 936 868 consubstantia-

140 890 192 916 lctu
205 888 335 916 Patrem?
362 889 446 916 Nemo
472 889 541 916 enim
564 889 634 915 novit
650 887 751 914 Filium
766 887 818 914 nisi
832 887 930 918 Pater;
949 881 969 909 Β

139 936 166 962 in
183 943 238 971 quo
254 939 345 962 autem
371 939 414 962 est
429 942 492 962 vera
518 934 638 969 COgnitio
654 934 750 968 geniti,
768 934 813 960 hic
829 940 929 960 nomen

138 981 306 1016 imposuisse
333 981 500 1008 conveniens
522 980 569 1016 qui
597 980 733 1012 credatur,
761 980 860 1014 dignus
876 984 929 1006 est.

138 1024 287 1061 Propterea
310 1026 376 1053 dicit
395 1035 401 1052 :
421 1026 472 1054 llic
495 1031 533 1054 est
549 1027 637 1054 Filius
654 1034 726 1053 meus
743 1026 866 1052 dilectus.
883 1023 932 1050 Est

139 1072 222 1107 igitur
237 1079 356 1107 semper,
374 1073 424 1100 etsi
449 1081 524 1100 nunc
551 1080 653 1100 nomen
682 1071 721 1098 illi
749 1071 783 1098 ad
807 1074 930 1097 nostram

138 1117 344 1144 instructionem
359 1117 522 1144 declaratur.
531 1117 594 1144 ideo
608 1116 754 1148 vocabitur,
764 1115 863 1150 inquit,
876 1123 930 1142 non

138 1162 195 1190 ﬁet.
212 1161 277 1190 Erat
307 1162 380 1190 enim
409 1167 472 1190 ante
494 1162 592 1190 saecula
617 1160 861 1189 consubstantialis
877 1168 931 1187 una

138 1215 200 1235 cuiu
230 1207 311 1235 Patre
337 1215 465 1243 regnans.
483 1207 560 1235 llunc
576 1207 724 1242 concipies,
740 1206 823 1240 hujus
843 1210 932 1232 mater

137 1254 310 1287 ostenderis;
345 1255 416 1281 hunc
450 1259 514 1282 tuus
539 1254 680 1289 virgineus
709 1257 805 1280 uterus
824 1251 928 1286 recipit,

137 1307 218 1335 quem
238 1300 371 1328 C(Blorum
387 1301 559 1328 immensitas
573 1307 628 1328 non
643 1299 772 1328 continet.

172 1387 272 1416 Photii.
289 1388 341 1416 Sed
354 1388 419 1424 quid
432 1388 465 1415 ad
479 1388 531 1416 ista
556 1387 729 1415 sanctissima
753 1385 854 1421 Virgo?
866 1393 930 1413 num

136 1435 227 1462 verbis
253 1435 397 1467 mollitam,
414 1440 461 1461 aut
483 1434 635 1461 intellectui
661 1433 787 1462 auditum
813 1433 930 1459 libenter

136 1481 302 1516 praebentem
316 1480 385 1508 dixit
401 1480 558 1508 inconsulto
575 1486 720 1507 assensum
738 1485 768 1507 se
780 1477 932 1513 praestare?

137 1534 262 1554 minime.

946 1547 968 1577 C

172 1618 238 1646 Cn.
255 1617 287 1644 ll.
306 1617 389 1647 luas.
412 1617 458 1646 54.
475 1616 574 1644 Photii.
606 1615 680 1649 Scio,
708 1615 808 1650 inquit,
826 1619 928 1649 aperte,

139 1668 169 1691 ut
182 1667 357 1699 conceptum,
385 1663 610 1698 praegnationem,
653 1666 680 1689 et
699 1661 799 1689 Filium
829 1661 896 1688 mihi
908 1665 936 1688 et

136 1713 246 1744 partum
289 1716 415 1736 enarras.
452 1708 506 1736 Sed
537 1709 624 1736 multo
659 1707 747 1743 magis
769 1707 934 1734 anxietatem

137 1756 252 1788 auxisti,
279 1763 296 1783 ο
313 1756 436 1791 Angele;
462 1760 557 1791 parttts
573 1755 646 1783 enim
669 1754 760 1782 omnis
774 1754 826 1781 viri
840 1754 934 1789 cogni-

136 1803 211 1830 tione
242 1807 427 1837 comparatur.
460 1802 518 1830 Mea
549 1807 641 1830 autem
666 1802 788 1829 virorum
804 1801 936 1828 societate

137 1848 327 1880 abhorrentia,
344 1855 402 1875 non
420 1848 487 1875 mihi
506 1848 624 1882 primum
639 1847 848 1882 intelligentiam
863 1854 936 1881 prae-

138 1898 193 1922 stat
209 1894 293 1930 hujus
301 1894 488 1929 conceptionis
501 1901 509 1926 ς
521 1893 661 1929 quomodo
672 1900 738 1928 ergo
750 1894 802 1920 erit
814 1893 934 1928 genitus,

136 1941 217 1975 cujus
231 1940 339 1976 genitor
354 1947 408 1967 non
425 1940 623 1976 cognoscitur?

173 1985 275 2013 Photii.
304 1985 357 2018 Qui
376 1986 459 2020 ‘enim
484 1986 637 2013 sterilitatis
660 1986 802 2013 vinculum
835 1985 934 2018 solvit,

136 2032 197 2066 ipse
212 2036 322 2067 partum
338 2031 377 2058 illi
393 2036 483 2066 potest
497 2035 636 2067 pra-stare,
651 2032 755 2067 absque
769 2031 821 2058 viri
833 2038 935 2066 coope-

135 2078 253 2105 ratione.
269 2077 321 2111 Qui
337 2078 412 2104 enim
429 2078 558 2105 siccatam
583 2078 702 2105 radicem
719 2078 747 2105 in
764 2076 934 2105 iructiieram

138 2123 260 2159 stipitem
282 2127 430 2156 restaurat,
447 2124 492 2152 hic
507 2132 617 2158 quoque
630 2124 690 2151 sine
706 2124 822 2150 humore
838 2130 932 2157 agrum

138 2169 165 2196 in
192 2168 337 2196 {cenndum
363 2176 459 2196 arvum
483 2169 521 2196 illi
537 2168 691 2196 renovabit.
709 2168 757 2195 Sin
777 2172 868 2195 autem
884 2175 933 2194 vo-

136 2214 220 2242 luerit
240 2221 287 2249 per
308 2215 431 2250 exempla
459 2214 540 2242 iidem
570 2213 668 2241 horum
685 2221 746 2248 quae
768 2213 930 2241 nuntiantur
946 2216 968 2243 D

137 2262 272 2297 accipere,
287 2262 378 2297 parvis
397 2268 496 2296 magna
508 2267 687 2295 componens,
701 2264 727 2286 et
745 2267 794 2294 per
814 2266 926 2295 praeter.

137 2308 175 2336 ita
207 2308 286 2336 ﬁdem
305 2307 407 2335 addens
421 2307 538 2340 inturis;
554 2307 591 2334 ita
605 2307 734 2341 concipiet
756 2307 783 2333 in
807 2311 882 2333 utero
905 2311 930 2333 et

137 2355 225 2389 paries
243 2355 341 2389 ﬁlium,
370 2360 399 2382 ut
415 2355 490 2390 virga
515 2354 605 2381 Aaron
629 2353 731 2380 inculta
755 2353 927 2388 germinavit,

138 2399 217 2434 quasi
237 2399 358 2426 radicum
374 2407 425 2434 ope
442 2399 554 2433 adjuta;
571 2402 601 2425 ut
618 2405 664 2426 ros
677 2406 692 2425 e
708 2398 778 2426 casio
798 2398 824 2425 in
842 2398 929 2426 vellus

137 2445 318 2478 descendens,
344 2445 433 2480 ipsum
461 2445 550 2489 solum
579 2445 687 2481 rigavit.
709 2449 809 2472 terram
835 2450 927 2472 autem

136 2498 194 2517 non
219 2490 405 2522 humectavit;
421 2494 450 2516 ut
473 2490 557 2517 rubus
578 2490 639 2526 igne
657 2490 735 2521 arsit,
749 2497 776 2517 et
792 2489 928 2517 ﬂammam

136 2537 264 2564 nutriens
274 2544 328 2563 non
345 2542 527 2571 consumptus
549 2541 590 2564 est
608 2547 614 2564 :
631 2537 672 2564 sic
693 2542 722 2564 et
738 2541 767 2564 tu
789 2536 930 2570 concipies

137 2583 234 2616 tilium,
260 2590 370 2610 carnem
395 2587 539 2618 prmstans,
563 2582 725 2610 alimentum
753 2582 926 2610 immateriali

137 2629 193 2664 igni
218 2628 357 2664 praebens,
382 2634 409 2656 et
436 2629 722 2664 incorruptibilitatem
748 2635 926 2657 conservans.

134 2673 204 2700 Haec
220 2673 293 2701 enim
316 2679 389 2702 tuam
409 2675 514 2710 pridem
537 2676 748 2711 praetigurabant
765 2675 927 2712 praegnatio-

141 2727 222 2751 nem;
249 2720 375 2748 innovata
403 2727 466 2749 sunt
497 2722 548 2750 ista
577 2727 604 2749 et
634 2723 875 2758 prmexstiterunt,
898 2727 928 2749 ut

138 2765 263 2801 mysterii
285 2767 312 2794 in
330 2772 356 2794 te
372 2767 530 2796 exsistentis
557 2769 755 2797 adumbrarent
773 2769 928 2804 incompre-

137 2811 360 2841 liensibilitatem.

743 147 873 180 ΡΗΟΤΙῙ
890 145 1145 177 ΡΑΤΒΙΑΗΕΗᾹΞ
1163 142 1217 176 CP.

1705 145 1715 176 1
1721 146 1777 179 220

984 200 1156 227 στευσάντων
1163 200 1294 233 διανοίας,
1303 200 1363 227 οὺδὶ
1370 200 1451 228 σκιὰν
1461 200 1553 232 αὐτοῖς
1562 199 1703 227 ὑπολιπὼν
1712 201 1780 228 ἁπο-

982 246 1086 281 λογίας.
1115 246 1182 272 Ἀπὸ
1201 246 1256 280 γὰρ
1278 247 1382 279 οἰκείας
1407 246 1521 282 καρδίας
1546 245 1635 271 καίτοι
1662 245 1779 272 τοσαῦτα

983 291 1090 327 ἔχοντες
1112 292 1147 318 τὰ
1166 291 1343 319 δυσωποῦντα
1363 292 1473 325 αὐτοὺς,
1499 291 1709 326 ἐφυσιώθησαν·
1732 294 1778 318 καὶ

983 338 1091 373 καρπὸν
1102 336 1225 373 ὀλέθριον
1235 339 1286 374 τῆς
1300 338 1368 369 ιδίας
1379 337 1480 373 ψυχῆς,
1493 337 1543 373 τὴν
1553 337 1686 364 ἀπιστίαν
1709 345 1778 372 παρ-

985 384 1050 417 έστη
1057 392 1116 410 σαν.

1020 430 1062 465 [Ρ.
1078 431 1122 457 Π.
1141 430 1181 467 a.]
1199 430 1324 458 Φωτίου.
1345 430 1383 457 Τὸ
1402 430 1573 466 ἀνθρώπινον
1607 429 1777 457 ὑποὸάλλων·

984 475 1021 508 ὡς
1030 477 1084 511 γὰρ
1096 476 1173 508 Θεὸς,
1186 477 1233 503 καὶ
1249 476 1320 512 ὑπὲρ
1331 477 1363 502 τδ
1377 476 1458 511 μέγα.

1024 522 1079 549 τοῦ
1091 522 1194 549 αὐτοῦ.
1206 522 1245 549 ’Ἠ
1256 522 1351 556 μέγας
1362 523 1448 549 ἔσται
1461 522 1532 558 ὅπερ
1552 519 1597 557 ἦν,
1614 523 1639 548 εί
1660 523 1710 550 καὶ
1729 524 1779 559 τὴν

987 568 1142 604 βραχύτητα
1156 569 1207 603 τῆς
1227 568 1328 604 σαρκὸς
1344 568 1500 595 ὑποδύεται.
1516 568 1585 595 οὐδὲ
1605 567 1674 603 γὰρ,
1687 569 1742 595 οὐδ’
1759 570 1776 604 ἡ

985 615 1034 646 τῆς
1047 614 1258 649 ἀνθρωπότητος
1281 614 1445 649 πρόσληψις,
1464 614 1496 640 τὸ
1512 613 1627 649 μέγεθος
1642 623 1778 650 κατασμι-

986 659 1083 694 κρύνει
1097 660 1147 695 τῆς
1164 660 1300 694 Θεύτητος,
1318 660 1386 686 ἀλλὰ
1410 659 1575 694 συνυψοῦται
1591 659 1692 694 μᾶλλον
1708 661 1778 696 αὐτῇ

985 706 1016 732 τὸ
1027 706 1155 733 ταπεινὸν
1175 705 1226 741 τῆς
1245 705 1468 741 ἀνθρωπότητος.
1487 705 1547 732 Κᾶν
1562 706 1628 739 γοῦν
1648 706 1778 742 πτωχεύῃ

986 752 1034 788 τὴν
1047 753 1147 788 σάρκα,
1159 752 1228 778 ἀλλὰ
1242 752 1290 779 καὶ
1307 752 1402 785 οὕτως
1418 751 1514 786 μέγας
1524 751 1611 779 ἔσται
1625 751 1722 788 ὥσπερ
1733 751 1778 788 ἦν.

1025 798 1082 826 Τοῦ
1101 797 1204 825 αὐτοῦ.
1222 798 1322 824 Οὐκέτι
1345 798 1378 824 σὺ
1397 797 1448 833 τὴν
1464 798 1562 833 κλῆσιν
1577 798 1781 834 ,ὀνοματοθετή-

988 852 1054 877 σεις,
1068 843 1126 871 ἀλλ’
1145 844 1249 875 ἐκεῖνος
1264 842 1460 877 κληθήσεται.
1476 843 1554 879 Παρὰ
1568 843 1651 876 τινος,
1667 844 1685 879 ἢ
1698 843 1780 880 δηλο-

984 891 1040 917 νότι
1059 889 1136 925 παρὰ
1147 888 1195 916 τοῦ
1218 889 1363 924 ὁμοουσίου
1382 888 1506 924 Ila-:96“
1521 888 1620 920 οὐδεὶς
1638 889 1694 924 τὰρ
1715 888 1782 916 οῖδα

983 936 1037 963 τὸν
1056 935 1136 969 Υιὸν,
1150 936 1177 962 εί
1187 935 1231 969 μὴ
1252 936 1268 962 ὁ
1284 934 1386 969 Πατήρ
1396 943 1403 950 ·
1426 935 1493 970 παρ’
1507 932 1538 962 οὗ
1555 935 1583 962 δὲ
1599 935 1700 969 γνῶσις
1713 935 1781 972 ἁλη-

982 982 1032 1018 θὴς
1045 981 1094 1008 τοῦ
1108 982 1289 1016 γεννήματος,
1300 977 1377 1012 οὗτος
1393 980 1528 1008 ἐπιθεῖναι
1542 981 1590 1008 καὶ
1603 980 1700 1015 κλῆσιν
1714 988 1780 1008 κατ-

982 1027 1097 1063 άλληλον
1121 1026 1296 1059 ἀξιόπιστος·
1319 1026 1360 1053 διὸ
1383 1027 1431 1053 καί
1457 1034 1556 1061 φησιν·
1571 1024 1671 1058 οὗτός
1681 1026 1748 1053 ἐστι
1762 1027 1780 1053 ὀ

981 1073 1048 1107 Υἱός
1058 1082 1119 1108 μου
1139 1074 1154 1100 ό
1169 1072 1334 1106 ἀγαπητός.
1348 1073 1442 1099 Ἔστιν
1460 1071 1506 1099 οὖν
1526 1072 1581 1104 ἀεὶ,
1597 1073 1621 1098 ει
1643 1072 1690 1099 καὶ
1702 1072 1750 1099 νῦν
1761 1074 1779 1108 ἡ

982 1119 1079 1155 κλῆσις
1093 1119 1168 1153 αὐτῷ
1178 1119 1218 1150 είς
1231 1119 1370 1153 ἡμετέραν
1381 1117 1556 1144 διδασκαλίαν
1570 1117 1776 1152 πεφανέρωται.

982 1166 1031 1192 Διὰ
1053 1164 1134 1191 τοῦτο
1158 1165 1203 1192 καὶ
1228 1163 1425 1198 κληθήσεται,
1452 1163 1547 1199 φησὶν,
1572 1163 1603 1190 οὐ
1620 1163 1779 1198 γενήσεται.

981 1209 1036 1238 Ἷῐν
1052 1211 1107 1245 γὰρ
1121 1211 1169 1237 καὶ
1186 1211 1240 1246 πρὸ
1253 1210 1360 1237 αἰώνων
1374 1209 1414 1245 τῷ
1429 1209 1567 1245 ὀμοουσίῳ
1595 1209 1780 1243 ωνεδριάζων

982 1255 1080 1291 Πατρί.
1095 1256 1198 1282 Τοῦτον
1213 1255 1348 1291 συλλήψῃ,
1359 1255 1456 1282 τούτου
1471 1255 1563 1291 μήτηρ
1578 1254 1779 1290 ἀναδειχθήσῃ,

981 1300 1077 1328 τοῦτον
1093 1301 1108 1327 ὸ
1120 1301 1167 1332 σὸς
1181 1300 1348 1336 παρθενικὸς
1359 1301 1520 1336 ὑποδέχεται
1529 1300 1639 1332 κόλπος,
1652 1300 1683 1326 ὃν
1695 1300 1781 1336 οὐρά-

982 1355 1039 1373 νιον
1050 1347 1101 1373 οὐκ
1120 1346 1244 1382 ἐχώρησε
1257 1346 1352 1378 κῦτος.

1018 1391 1061 1427 [Ρ.
1077 1392 1120 1420 18.
1135 1391 1177 1428 α.]
1189 1393 1313 1419 Φωτίου.
1334 1391 1414 1418 Ἀλλά
1429 1391 1456 1418 τί
1476 1391 1546 1426 πρὸς
1559 1391 1646 1418 ταῦτα
1665 1392 1682 1426 ἡ
1712 1400 1781 1418 παν-

985 1438 1052 1472 αγία
1071 1438 1226 1473 Παρθένος;
1242 1435 1296 1473 ἆρα
1311 1437 1393 1469 εὐθὺς
1406 1436 1632 1472 κατεμαλακίσοη
1650 1437 1707 1468 τοῖς
1734 1436 1780 1463 λύ-

982 1492 1054 1517 γοις,
1071 1483 1088 1519 ἢ
1101 1483 1150 1515 τὰς
1165 1483 1250 1515 ἀκοὰς
1260 1483 1347 1518 ἡδέως
1364 1483 1560 1510 ἀναπετάσασα
1572 1483 1628 1514 τοῖς
1637 1482 1780 1518 λογισμοῖς

984 1529 1072 1563 ἐφῆκε
1095 1527 1188 1563 φέρειν
1213 1528 1400 1560 ἀνεξετάστως
1417 1529 1467 1563 τὴν
1485 1527 1708 1561 συγκατάθεσιν;
1729 1526 1781 1553 Οὐ-

986 1576 1091 1610 δαμῶς.

1023 1620 1063 1656 [Ρ.
1076 1620 1108 1648 18
1121 1620 1160 1658 a.]
1173 1621 1295 1648 Φωτιου.
1306 1619 1382 1653 Οἶδα,
1400 1621 1494 1656 φησιν,
1510 1620 1651 1655 ἐμφανῶς,
1665 1621 1703 1652 ὡς
1721 1620 1781 1647 σύλ-

979 1667 1067 1702 -ληψιν
1086 1668 1135 1693 καὶ
1157 1669 1321 1703 κυοφορίαν,
1341 1667 1388 1694 καὶ
1409 1667 1474 1693 Υίόν
1497 1675 1554 1702 μοι,
1572 1666 1620 1693 καὶ
1632 1666 1723 1699 τόκον,
1737 1667 1780 1694 lo-

987 1715 1147 1748 γογραφεῐς.
1169 1714 1250 1741 Ἀλλὰ
1266 1714 1357 1750 πολλῷ
1373 1714 1455 1741 πλέον
1466 1713 1589 1749 ηὖξησας
1598 1713 1647 1749 τὴν
1662 1715 1780 1750 ἀπορίαν

986 1755 1009 1785 ὦ
1025 1759 1135 1793 ἄγγελε.
1148 1760 1233 1792 Τόκος
1244 1760 1298 1795 γὰρ
1309 1759 1393 1793 ἀπας,
1405 1759 1502 1795 ἀνδρὸς
1512 1760 1640 1794 κοινωνίᾳ
1651 1761 1779 1787 συνίστα-

986 1812 1042 1831 ται’
1058 1806 1073 1840 ἡ
1089 1805 1117 1831 δὲ
1128 1805 1179 1840 τῆς
1195 1806 1265 1840 πρὸς
1279 1806 1380 1841 ἄνδρας
1393 1805 1501 1840 ὁμιλίας
1513 1804 1700 1840 ἀλλοτρίωσις,
1718 1805 1780 1833 οὐδὲ

987 1851 1037 1885 τὴν
1048 1850 1136 1886 ἀρχὴν
1148 1852 1188 1883 είς
1204 1851 1290 1887 ἀκοὴν
1303 1851 1467 1887 κατέρχεται
1478 1851 1527 1886 τῆς
1538 1850 1706 1886 συλλήψεως.
1715 1851 1779 1883 Πῶς

985 1895 1033 1923 οὖν
1058 1895 1134 1923 ἔσται
1157 1905 1205 1932 μοι
1231 1897 1366 1932 γέννημα,
1388 1893 1420 1923 οὗ
1448 1896 1591 1932 γεννήτωρ
1616 1896 1667 1923 οὐκ
1693 1896 1780 1931 ἐγνώ-

989 1950 1080 1977 ρισται
1090 1952 1097 1976 ;

1023 1986 1100 2023 [Ρεε.
1123 1987 1155 2014 ἓ(
1174 1987 1213 2023 a.]
1230 1988 1353 2015 Φιιντίου.
1375 1988 1405 2014 '0
1427 1987 1482 2024 γὰρ
1511 1989 1684 2025 πειρὼσεως
1705 1988 1781 2016 λύων

985 2032 1083 2068 δεσμὰ,
1098 2032 1179 2064 αὐτὸς
1196 2033 1243 2059 καὶ
1263 2033 1344 2060 τόκον
1364 2033 1454 2069 ἑαυτῷ
1466 2034 1581 2063 δύναται
1604 2035 1780 2063 κατασκευά-

985 2086 1041 2111 σαι,
1051 2078 1112 2114 δίχα
1127 2079 1268 2114 μεσιτείας
1282 2079 1388 2115 ἀνδρός.
1405 2080 1435 2107 '0
1445 2081 1494 2116 τὴν
1506 2081 1538 2116 ξη
1544 2081 1689 2118 ρανθεῖσαν
1699 2081 1781 2117 ῥίζαν

985 2125 1024 2158 είς
1038 2125 1213 2161 καρποφόρον
1234 2126 1360 2161 στέλεχος
1377 2126 1546 2161 ἀνανεώσας,
1569 2127 1650 2160 αὐτὸς
1665 2128 1714 2154 καὶ
1729 2128 1780 2162 τὴν

984 2171 1100 2207 ἄνικμον
1122 2171 1244 2207 ἄρουραν
1270 2173 1310 2204 είς
1329 2172 1445 2209 εὔφορον
1459 2172 1552 2209 χώραν
1571 2174 1662 2209 ἑαυτῷ
1683 2183 1778 2200 καινο-

982 2217 1103 2252 ποιὴσει.
1119 2217 1168 2243 "Av
1183 2217 1212 2243 δὲ
1227 2217 1310 2254 βούλῃ
1324 2219 1371 2245 καὶ
1393 2219 1597 2254 παραδείγμασι
1610 2220 1664 2246 τῶν
1680 2220 1780 2255 ἀπηγ-

984 2261 1125 2296 γελμένων
1141 2261 1192 2296 τὴν
1212 2262 1302 2289 πίστιν
1318 2263 1539 2298 παραδέξασθαι,
1553 2265 1663 2299 μικροῖς
1678 2265 1713 2291 τὰ
1730 2273 1779 2300 με.

984 2305 1055 2340 γάλα
1075 2305 1238 2338 είκάζουσα,
1261 2307 1309 2334 καὶ
1329 2308 1386 2339 τοῖς
1408 2307 1527 2342 φθάσασι
1553 2309 1722 2344 πιστουμένη
1745 2310 1779 2336 τὰ

986 2351 1134 2386 μέλλοντα,
1150 2351 1238 2383 οὕτως
1259 2352 1410 2387 συλλήψῃ
1436 2353 1471 2379 ἐν
1493 2354 1599 2388 γαστρὶ
1625 2355 1676 2381 καί
1704 2355 1779 2390 τέξῃ

981 2395 1060 2427 υἱὸν,
1078 2396 1116 2429 ὡς
1129 2397 1146 2432 ἡ
1162 2395 1262 2432 ῥάϐδος
1287 2396 1396 2433 Ἀαρὼν
1411 2399 1598 2434 ἀγεωργήτως
1614 2399 1776 2435 ἐϐλάστησε,

981 2441 1016 2468 τὰ
1029 2442 1084 2467 τῶν
1109 2443 1304 2479 ὲρῤιζωμένων
1318 2445 1504 2479 ἑνεργήσασιι⁸
1517 2444 1558 2478 ὡς
1572 2446 1586 2472 ὁ
1604 2446 1682 2478 ὑετὸς
1695 2447 1779 2482 οὐρα-

981 2487 1056 2514 νόοεν
1071 2487 1116 2515 ἐπὶ
1128 2489 1174 2515 τὸν
1185 2490 1270 2518 πόκον
1287 2490 1449 2525 φερόμενος,
1466 2490 1547 2518 αὑτὸν
1561 2492 1644 2526 μόνον
1655 2492 1777 2525 mena.

980 2532 1031 2566 τὴν
1040 2532 1068 2559 δὲ
1088 2532 1141 2566 γῆν
1161 2533 1213 2560 οὑιι
1227 2533 1377 2570 ὲδρόσιςενι
1400 2534 1438 2567 ὡς
1453 2536 1470 2571 ὴ
1487 2535 1568 2570 βάτος
1584 2536 1616 2562 τδ
1641 2536 1699 2571 πῦρ
1723 2538 1777 2564 Cm-

980 2575 1098 2610 εδέχετο,
1108 2576 1156 2602 καὶ
1167 2577 1217 2611 τὴν
1226 2577 1315 2611 φλόγα
1324 2578 1472 2612 τρέφουσα,
1483 2580 1533 2606 οὐκ
1541 2580 1695 2616 ἐφθείρετο·
1704 2581 1777 2608 οὕτω

980 2620 1028 2646 καὶ
1046 2620 1078 2646 σὺ
1101 2621 1225 2658 συλλήψῃ
1243 2623 1301 2650 υἱὸν
1319 2624 1411 2658 σάρκα
1424 2625 1597 2658 δανείζουσα,
1619 2628 1725 2663 τροφὴν
1738 2628 1776 2663 τῷ

982 2665 1057 2701 ἁΰλῳ
1074 2668 1143 2703 πυρὶ
1167 2669 1336 2704 παρέχουσα,
1357 2672 1404 2697 καὶ
1426 2671 1476 2707 τὴν
1500 2672 1657 2708 ἀφθαρσίαν
1680 2673 1776 2700 ἀνθέλ-

983 2720 1078 2739 κουσα.
1093 2713 1186 2740 Ταῦτα
1198 2715 1253 2750 γὰρ
1268 2714 1318 2750 τὴν
1332 2715 1383 2758 σῂν
1398 2717 1541 2752 πόρρωθεν
1564 2718 1774 2755 προεζωγράφει

982 2758 1149 2793 κυοφορίαν·
1181 2761 1376 2798 ὲκαινοποιήθη
1402 2763 1490 2793 ταῦτα
1516 2765 1564 2790 καὶ
1594 2767 1772 2802 προϋπέστη,

982 2802 1026 2854 ilva.
1038 2803 1084 2829 τοῦ
1096 2805 1165 2832 κατὰ
1185 2805 1214 2832 οὲ
1237 2807 1386 2843 μυστηρίου
1408 2811 1604 2847 σκιαγραφήσῃ
1623 2811 1653 2838 τὸ
1667 2812 1771 2840 diuta-

983 2857 1096 2884 Αηπτον.
