1886 3071
135 181 199 212 1‘22!

131 281 209 314 ἅγιον
225 281 422 309 ἐπελεύσεσθαι
438 283 633 319 διετράνωσας,
646 286 739 313 οὐκέτι.
754 288 920 323 ἀντιπίπτω,

129 326 190 353 οὔδε
203 327 348 361 ἀντιλέγω.
367 328 527 362 Γενηθήτω
542 338 594 364 μοι
615 330 691 357 κατὰ
709 331 740 358 τὺ
751 332 835 367 ῥῆμά
851 342 920 361 σου.

128 371 161 398 El
174 371 240 404 ἀξία
251 372 294 407 τῷ
304 373 428 408 Δεσπότῃ
445 374 587 410 κρίνομαι,
605 376 772 412 ὑπουργήσω
787 380 921 414 χαίρουσα

127 417 169 453 τῷ
191 417 336 453 θελήματι·
350 418 374 444 εἰ
397 420 411 446 ὁ
432 419 558 456 Πλὰστης
571 421 610 456 τῷ
626 422 766 458 πλάσματι
782 425 921 452 ἀναπαύε-

126 472 183 496 ται,
206 464 383 499 οῐκοδομείτω
399 465 445 492 τὸν
466 464 539 493 οἶκον
560 468 642 500 αὐτὸς
662 469 762 505 ἑαυτῷ,
787 471 825 503 ὼς
845 472 920 499 εὐδό-

127 517 206 543 κησε-
221 508 431 540 ζωοπλαστείτω
446 510 474 537 ἐν
496 511 558 546 ἐμοὶ
573 512 623 548 τὴν
637 513 727 548 σάρκα
742 515 793 551 τὴν
809 516 918 549 ἑαυτοῦ,

125 554 164 587 ὡς
181 554 252 582 οἶδεν
267 555 348 586 αὐτὸς
365 556 413 583 καὶ
427 556 464 588 ὠς
485 556 628 592 βούλεται·
644 559 750 593 γένοιτό
768 570 813 596 μοι
834 562 868 589 τὰ
884 564 918 590 σὰ

125 599 238 635 ῥήματα
252 599 445 636 περατούμενα
459 601 615 636 πράγματι,

160 645 200 682 [μ.
211 646 256 673 27.
275 645 313 682 a.]
323 646 446 674 Φωτίου.
471 647 500 673 Ὀ
516 648 671 683 ἀσπασμὸς,
685 649 788 677 ἄνωθεν
803 659 810 666 ·
821 653 838 687 ἠ
856 652 919 679 σύλ-

123 692 205 727 ληψις
215 693 334 728 ἄσπορος
345 701 352 708 ·
371 693 387 727 ἠ
403 693 511 729 κύησις,
527 694 673 730 ἄφραστος·
688 696 792 728 ὠδῖνες,
806 698 918 733 ἀλόχευ-

122 745 164 764 τοι
176 745 183 753 ·
199 738 316 773 σφραγὶς
335 738 385 773 τῆς
401 738 559 774 παρθενίας,
572 740 588 775 ἡ
600 740 655 767 τῶν
667 741 768 768 ὠδίνων
784 742 915 776 διάλυσις·

121 786 136 812 ό
160 784 249 817 τόκος,
272 785 392 820 ἄφθορος
407 785 474 812 ’καὶ
499 786 517 821 ἡ
541 786 672 820 τεκοῦσα,
704 788 839 823 παρθένος
869 791 917 817 καὶ

123 831 192 865 μετὰ
220 831 356 866 γέννησιν.
386 831 453 863 Θεὸς
475 831 505 858 ὲν
534 832 641 867 σαρκὶ,
669 833 699 859 τὸ
733 834 914 870 τικτόμενον·

121 876 202 911 χορὸς
224 876 357 910 ἀγγέλων,
370 874 446 912 ᾆσμα
466 877 497 903 τὸ
526 876 618 913 θαῦμα
641 877 807 913 ποιούμενοι.
829 880 915 908 Ἔνθα

119 921 254 948 τοσούτων
273 923 320 949 καὶ
340 923 506 957 τηλικούτων
535 923 673 960 συνδρομὴ
688 945 695 957 ,
722 925 781 957 πῶς
807 927 839 953 ἄν
870 935 911 960 τις
926 923 950 954 Β

119 967 380 1003 διαμφισϐητήσειε,
408 969 462 996 κᾶν
481 969 570 996 πάντα
595 970 702 997 ὰσεὸεἰν
729 971 806 999 ἔθετο
831 973 909 1008 μελέ-

119 1021 179 1048 την,
192 1014 233 1040 ὅτι
258 1014 296 1049 μὴ
324 1014 384 1050 οὐχὶ
406 1014 573 1050 ταρθένοςή
599 1016 738 1051 Παρθένος
759 1018 806 1044 καὶ
827 1018 909 1055 μέχρι

119 1059 212 1091 τέλους
226 1059 378 1094 διέμεινεν;
395 1060 465 1087 ὥστε
477 1061 494 1095 ἡ
507 1061 562 1087 τῶν
583 1061 728 1097 ἁχράντων
743 1063 830 1097 λόγων
843 1064 909 1101 ἀλή-

118 1105 179 1132 θεια
192 1106 222 1132 τὸ
238 1106 288 1141 μὲν
300 1106 451 1140 παράδοξον
467 1107 514 1133 καὶ
527 1107 671 1142 ὑπερφυὲς
683 1108 730 1134 καὶ
745 1109 816 1144 ὑπὲρ
829 1111 909 1137 κατά-

117 1151 210 1187 ληψιν,
227 1152 364 1188 ἠϐουλήθη
391 1153 574 1188 παραστῆσαι,
590 1154 658 1188 ὓπερ
675 1154 733 1180 ἐστὶ
744 1155 824 1187 τόκος
843 1156 907 1183 ἄνευ

117 1196 216 1232 ἀνδρὸς
225 1196 410 1230 ἐπιγνώσεως·
437 1197 468 1223 τὸ
483 1197 512 1223 δὲ
538 1197 607 1231 μετὰ
629 1196 726 1230 ταῦτα,
750 1199 821 1224 νοεῖν
847 1207 908 1226 κατ-

115 1241 210 1268 έλιπεν
217 1242 255 1274 ὠς
264 1242 420 1269 ἀκόλουθον.
429 1243 465 1269 Τὸ
477 1243 532 1277 γὰρ
542 1241 592 1278 τὴν
599 1243 628 1268 ἐν
639 1243 711 1278 τόκῳ
725 1243 907 1279 παρθενεύου-

116 1296 177 1321 σαν,
193 1289 249 1322 aut;
259 1288 290 1315 τὸ
311 1288 403 1315 λοιπὸν
415 1288 470 1315 διὰη
486 1288 544 1323 βίου
558 1287 746 1323 παρθενεύειν,
758 1288 820 1316 οὔτε
845 1298 906 1317 και-

118 1335 164 1361 νὸν
181 1335 249 1366 ὅλως
264 1334 280 1369 ἢ
298 1334 460 1369 παράδοξον,
483 1334 550 1360 ἀλλά
564 1334 610 1360 καὶ
631 1336 688 1366 τοῖς
704 1336 905 1372 προηγησαμέ-

115 1389 171 1412 νοις
190 1380 220 1412 EE
235 1380 384 1414 ἀναγκαίου
412 1379 512 1415 μᾶλλον
532 1380 675 1414 ἑπόμενον.
692 1380 797 1411 ¹’Λλλως
813 1389 841 1407 τε
858 1381 905 1407 καὶ

114 1426 168 1452 τῶν
198 1425 334 1452 Ἰουδαίων
358 1425 428 1457 τέως
455 1425 643 1459 ἐπιστομίζειν
669 1425 684 1451 ό
707 1425 906 1461 εὐαγγελιστὴς

113 1472 185 1506 ετνω
195 1471 225 1498 τὸ
236 1471 406 1507 βλάσφημον,
420 1471 445 1498 οἶ
464 1472 495 1498 ἐκ
510 1471 639 1506 πορνείας
661 1471 707 1498 τὸν
723 1471 843 1507 ἄσπορον
861 1473 905 1499 τό·

112 1526 161 1545 κον
172 1517 304 1553 διέσυρον,
321 1517 366 1544 Διδ
379 1517 425 1544 καὶ
439 1517 506 1553 πρὸς
517 1517 566 1552 τὴν
576 1517 687 1544 ἐκείνων
699 1517 806 1544 ῐσταται
821 1519 905 1544 κακός

112 1571 198 1596 vom,
217 1563 249 1590 δι’
266 1561 305 1590 ὢν
326 1564 421 1598 τρανοῖ
443 1563 493 1598 τῆς
520 1562 654 1598 τεκούσης
681 1563 712 1590 τὺ
738 1563 878 1598 ἀνέπαφον
895 1573 902 1580 ·

728 187 962 221 FRAGMENTA
976 192 1016 223 IN
1029 195 1167 227 LUCAM.

166 234 244 270 [Pag.
270 235 306 262 22
327 235 367 272 b.]
392 237 516 264 Φωτίου.
537 237 614 264 Ἐπεί
635 247 691 273 μοι,
706 242 790 276 φησὶ,
811 243 903 279 Πνεῦμ

1013 247 1114 278 Photii.

1697 208 1766 242 1222

1146 251 1281 284 Quoniam
1305 255 1384 288 mihi,
1412 257 1512 293 inquit,
1541 260 1674 297 Spiritum
1700 274 1765 295 sau-

973 299 1046 322 ctum
1063 304 1291 332 superventurum
1307 309 1369 330 esse
1382 303 1557 339 signiﬁcasti.
1574 316 1629 337 non
1653 312 1763 346 resisto,

972 349 1026 368 non
1040 345 1210 373 contradieo.
1230 346 1252 372 F
1265 352 1292 374 at
1310 349 1375 376 mihi
1390 352 1535 380 secundum
1556 356 1664 383 verbum
1677 362 1762 391 tuum,

972 387 995 415 si
1012 388 1093 423 digna
1118 398 1132 417 ιι
1158 390 1274 420 Domino
1296 394 1423 428 judicor,
1457 405 1541 432 pareo
1564 401 1686 436 gaudens
1703 387 1763 439 ejus

972 433 1123 467 voluntati;
1141 436 1164 463 si
1179 436 1293 465 Creator
1306 439 1333 466 iu
1350 447 1475 470 creatura
1495 433 1630 479 moratur,
1647 433 1763 477 adiﬁcet

971 478 1024 506 sibi
1042 479 1098 514 ipse
1113 481 1235 515 domum,
1249 489 1288 514 ut,
1298 485 1418 514 libuerit.
1433 488 1565 518 lnl‘ormet
1579 492 1606 519 in
1621 500 1666 521 me
1683 502 1762 523 suam

971 532 1094 559 carnem,
1118 532 1148 554 ut
1163 529 1216 556 scit
1239 530 1297 565 ipse
1313 536 1384 560 etut
1406 535 1480 567 vult;
1507 536 1574 564 ﬁant
1589 539 1657 567 mihi
1679 541 1762 570 verba

970 576 1016 598 tua
1032 573 1121 608 reipsa
1138 577 1282 611 completa.

1005 663 1102 693 Pholii.
1138 666 1273 696 Salutatio
1301 671 1436 706 caelestis;
1464 677 1607 712 conceptio
1629 679 1690 707 sine
1715 689 1760 708 se-

969 710 1059 744 mine;
1076 715 1228 748 praegnatio
1253 716 1418 753 ineﬁ'ahilis;
1446 710 1558 750 dolores
1579 724 1639 752 sine
1661 731 1760 760 partu;

970 757 1137 792 virginitatis
1164 761 1306 796 sigillum,
1330 764 1456 794 dolorum
1492 768 1635 804 liberatio;
1661 757 1760 807 partus

969 803 1134 839 inviolatus;
1151 807 1261 842 pariens
1276 810 1352 846 virgo
1368 817 1395 839 et
1408 819 1470 847 post
1491 820 1599 849 partum
1613 803 1708 850 {Deus
1731 821 1759 848 iu

967 857 1069 884 carne,
1091 860 1173 886 quem
1188 857 1309 890 peperit;
1331 859 1491 893 angelorum
1515 862 1618 891 chorus
1643 866 1759 894 canticis

967 897 1122 932 prodigium
1144 900 1352 930 celebrantium.
1371 903 1421 932 Hic
1442 906 1535 934 talium
1564 914 1591 936 et
1616 914 1758 940 tantorum

964 941 1018 969 fuit
1026 950 1193 979 concursus;
1207 949 1346 981 quomodo
1352 952 1530 982 contenderet
1540 954 1650 989 aliquis,
1661 965 1759 992 quam~

965 989 1007 1017 vis
1031 997 1114 1020 omne
1140 991 1171 1021 in
1195 993 1363 1029 impietatem
1391 998 1513 1027 studium
1538 1004 1669 1035 posuerit.
1702 1014 1757 1033 non

963 1035 1097 1072 virginem
1122 1038 1157 1066 ad
1181 1039 1264 1067 ﬁnem
1294 1044 1491 1077 permansisse,
1521 1054 1584 1074 cum
1610 1051 1755 1078 Verborum

963 1081 1190 1112 intemeratarum
1207 1087 1310 1115 veritas
1324 1090 1468 1118 ostendere
1482 1092 1602 1121 voluerit
1619 1103 1676 1122 rem
1695 1101 1756 1124 stu-

962 1128 1079 1163 pendum
1095 1135 1123 1158 et
1143 1139 1225 1166 supra
1242 1138 1370 1163 naturam
1391 1141 1420 1164 et
1442 1137 1608 1167 intellectum
1627 1143 1754 1176 positam,

962 1182 1024 1208 quae
1048 1180 1100 1209 est.
1126 1183 1221 1212 partus
1243 1180 1303 1208 sine
1323 1181 1373 1208 viri
1389 1185 1566 1218 cognitione?
1580 1185 1644 1219 Quae
1661 1193 1752 1216 autem

962 1227 1125 1257 sequuntur,
1149 1225 1288 1259 explicare
1312 1227 1419 1263 inutile,
1445 1235 1539 1265 utpote
1567 1236 1751 1263 consectaria.

963 1267 1103 1303 Virginem
1119 1271 1192 1298 enim
1211 1272 1237 1299 in
1254 1278 1332 1307 partu
1348 1274 1446 1309 fuisse.
1464 1282 1491 1305 et
1504 1279 1609 1314 reliqua
1629 1282 1683 1309 vita
1698 1283 1754 1310 vir-

960 1314 1052 1348 ginem
1070 1323 1243 1351 permanere,
1259 1327 1347 1354 neque
1358 1329 1458 1350 novum
1475 1325 1588 1353 omnino
1604 1334 1647 1355 est
1662 1336 1752 1364 neque

960 1361 1137 1395 stupendum,
1154 1363 1200 1390 sed
1212 1365 1304 1398 potius
1318 1368 1474 1396 necessario
1485 1377 1518 1397 ex
1535 1376 1614 1399 antea
1631 1361 1752 1404 narratis

960 1407 1096 1441 sequitur.
1127 1408 1186 1436 lmo
1219 1409 1378 1439 Judteorum
1410 1420 1521 1449 quoque
1551 1416 1750 1452 blasphemiam

960 1454 1106 1482 retundere
1132 1456 1221 1489 potuit
1253 1457 1430 1492 evangelista,
1458 1460 1505 1494 qui
1525 1468 1540 1488 e
1568 1464 1751 1493 fornicatione

959 1506 1020 1528 esse
1047 1501 1243 1530 inseminatum
1274 1509 1383 1538 partum
1408 1506 1611 1537 obtrectabant.
1636 1510 1700 1539 [deo
1724 1518 1752 1540 et

959 1549 1054 1574 contra
1071 1547 1180 1576 illorum
1197 1549 1294 1576 malam
1309 1556 1427 1578 mentem
1443 1558 1613 1588 statuuntur,
1625 1564 1674 1592 per
1689 1567 1750 1593 qua:

111 1593 243 1634 ἀλλὰκαὶ
255 1608 285 1634 τὸ
296 1593 362 1640 ἓωέ,
380 1593 532 1643 ἐνίοτε-μὲν
551 1608 620 1643 πρὸς
632 1593 841 1646 ἀντιδιαστολὴν
857 1609 903 1636 τοῦ

989 1593 1091 1622 ιιίθιιιὶε
1105 1595 1301 1625 inviolabilitas
1316 1597 1531 1635 demonstretur,
1555 1604 1601 1631 sed
1616 1609 1644 1631 et
1658 1606 1686 1632 τὸ
1699 1608 1749 1633 do-

113 1654 213 1690 ἑφεξῆς
228 1654 336 1690 χρόνου,
353 1654 391 1686 ὡς
406 1655 525 1689 ετρηται,
545 1654 802 1689 παραλαμϐάνεται,
819 1656 905 1682 ἐνίοτε

109 1700 138 1727 δὲ
151 1700 197 1725 ἐπὶ
211 1699 326 1734 δηλώσει
341 1699 467 1734 μεγάλων
481 1699 570 1734 ἔργων
581 1700 628 1726 καὶ
639 1699 808 1736 ϐεοπρεπῶν,
818 1701 905 1728 καθά‹

110 1754 164 1782 περ
185 1746 242 1777 νῦν,
264 1746 296 1773 οὐ
321 1745 372 1781 μὴν
388 1745 457 1781 πρὸς
483 1745 686 1781 ἀντιδιαστολὴν
714 1746 808 1781 ἐτέρου
839 1748 902 1782 χρό-

109 1802 157 1820 νου
171 1793 253 1824 τινος,
269 1792 337 1819 ἀλλὰ
353 1792 401 1818 καὶ
417 1792 573 1818 τούναντίον
587 1793 626 1822 εἰς
642 1792 812 1827 ὐποδήλωσιν
829 1795 899 1820 ἁπε-

109 1838 208 1874 ράντου
244 1837 439 1873 διαστήματος.
463 1838 518 1864 Καὶ
545 1837 671 1864 ἀνατελεϊ
699 1838 754 1873 γὰρ
769 1839 809 1873 εὲν
841 1840 902 1871 ταῖς

108 1884 226 1920 ἡμέραις
259 1884 340 1910 αὑτοῦ
371 1883 539 1918 δικαιοσύνη,
557 1883 609 1915 ἕως
632 1880 662 1910 οὗ
687 1884 866 1920 ἁνταναιρεθῇ
884 1886 900 1919 ὴ

108 1931 207 1965 σελήνη
218 1939 224 1945 ”
233 1931 290 1963 καὶ,
301 1929 400 1957 Κάθου
414 1930 447 1956 ἐκ
460 1929 568 1962 δεξιῶν
578 1939 648 1965 μου,
659 1930 714 1964 ἕως
725 1931 764 1958 ἂν
775 1931 814 1958 θῶ
830 1931 900 1964 τοὺς

105 1975 229 2010 ἐχθρούς
241 1982 298 2001 σου
310 1974 476 2002 ὑποπόδιον
488 1973 547 2000 τῶν
559 1974 660 2001 ποδῶν
672 1982 742 2001 σου·
757 1974 815 2006 καὶ,
831 1975 900 2002 Μεθ’

106 2020 190 2055 ὑμῶν
201 2021 258 2056 εἶμι
283 2020 339 2052 ἕως
355 2019 410 2053 τῆς
427 2020 617 2053 συντελείας.
632 2019 715 2055 Δῆλον
728 2020 782 2056 γὰρ
802 2020 840 2052 ὡς
855 2023 898 2048 ὲν-

105 2065 193 2092 ταῦθα
214 2066 246 2092 τὸ
264 2065 319 2098 ἕως
334 2066 364 2092 οὐ
390 2065 516 2100 χρονικόν
539 2075 565 2092 τι
583 2065 721 2101 μεθόριον,
749 2065 797 2092 καὶ
811 2066 898 2101 πέρας

104 2112 281 2147 παρεισάγει,
298 2111 414 2147 μέγεθος
430 2111 458 2138 δὲ
487 2111 567 2138 θείων
587 2111 759 2147 πραγμάτων
783 2112 800 2146 ἡ
824 2111 897 2143 λέξις

105 2155 310 2192 παραδηλοῦσα,
325 2157 364 2188 εἰς
379 2156 571 2191 ὰπεριόριστον
586 2156 741 2191 παράτασιν
765 2156 811 2182 τὸν
833 2156 896 2184 νοῦν

103 2203 158 2230 τῶν
177 2203 396 2239 ἐντυγχανόντων
425 2202 596 2238 ἀναπέμπει.
611 2203 667 2229 Καὶ
686 2203 754 2230 ἄλλα
765 2203 793 2229 δὲ
809 2204 894 2238 μυρία

103 2249 177 2275 ἔστιν
190 2248 290 2283 εὑρεῖν,
303 2248 336 2275 δι*
352 2244 390 2274 ὧν
401 2247 478 2282 δῆλον
496 2248 726 2281 καθίσταται,¹ὼς
743 2249 815 2282 gem
844 2249 891 2276 τοῦ

102 2294 235 2330 διηνεκῶς
252 2294 300 2320 καὶ
314 2296 354 2326 εἰς
373 2294 418 2321 τὸν
436 2294 562 2331 αἱῶνα,ή
584 2294 657 2327 λέξις
681 2294 892 2331 παραλαμϐάνε-

101 2349 157 2367 ται.
170 2340 255 2367 Ὅταν
270 2338 316 2367 οὖν
330 2340 454 2373 δείξωσιν
468 2341 493 2366 οἰ
518 2340 608 2367 πάντα
623 2341 745 2376 θρασεῖς,
761 2342 828 2377 μετὰ
844 2341 893 2377 τὴν

101 2387 148 2422 τῆς
163 2386 276 2422 σελήνης
289 2387 490 2422 ἀνταναίρεσιν,
506 2387 555 2422 τὴν
571 2386 620 2413 τοῦ
629 2387 748 2422 Χριστοῦ
761 2387 808 2413 καὶ
823 2387 891 2413 Θεοῦ

100 2433 180 2468 ἡμῶν
204 2432 378 2468 δικαιοσύνην
409 2434 449 2464 εἰς
468 2433 497 2459 τὺ
516 2432 553 2468 μὴ
577 2432 607 2459 ὃν
631 2433 828 2465 κατοδύουσαν,
845 2434 891 2459 καὶ

102 2479 172 2514 μετά
184 2486 215 2512 γε
228 2478 259 2504 τὸ
276 2478 439 2513 ὑποτεϐἦναι
456 2479 518 2510 τοὺς
540 2478 654 2513 ὲχοροῦς
676 2478 759 2505 αὑτοῦ
783 2479 835 2513 τῆς
858 2480 891 2505 ὲκ

98 2524 194 2556 δεξιῶν
209 2523 343 2558 καθέδρας
357 2523 404 2549 τοῦ
420 2523 525 2558 Πατρος
547 2523 792 2559 παρακινούμενον,
812 2524 828 2559 ἢ
844 2525 891 2551 καὶ

100 2570 169 2605 μετὰ
182 2570 232 2604 τὴν
246 2569 400 2596 συντέλειαν
427 2569 474 2595 τοῦ
489 2569 597 2602 αἰῶνος,
613 2571 657 2596 ὅτε
683 2570 783 2606 μᾶλλον
798 2572 889 2603 αὐτοῖς

95 2618 113 2652 ἡ
129 2617 268 2647 οἰκείωσις
282 2617 337 2642 τῶν
349 2615 479 2651 μαθητῶν
495 2616 690 2651 ἀφιστάμενον,
709 2617 772 2643 τότε
793 2617 888 2644 διαπο-

97 2662 232 2698 ρεξτωσαν
248 2662 294 2687 καὶ
313 2661 337 2687 sl
355 2660 425 2695 μετὰ
438 2661 483 2687 τὸν
494 2660 612 2696 ἄρρητον
626 2661 705 2688 τόκον
719 2662 815 2698 ἀνδρὸς
828 2663 889 2698 ὀμι-

94 2708 156 2739 λίας
167 2708 184 2742 ὴ
200 2706 338 2741 Παρθένος
353 2706 528 2742 ὲμελέτησεν.

130 2753 205 2789 [ρος.
224 2754 269 2787 59,
296 2753 335 2790 ιι]
349 2754 473 2782 Φωτίου.
498 2754 664 2787 Συντελέσας
692 2757 706 2782 ὁ
732 2756 887 2791 πρεσϐύτης

93 2802 143 2835 τὴν
161 2801 202 2832 εἰς
228 2800 258 2826 τδ
284 2800 361 2827 Θεῖον
388 2801 553 2836 δοξολογίαν,
568 2803 699 2839 τρέπεται
723 2802 816 2830 λοιπὸν
839 2803 887 2832 ἐπὶ

130 2899 224 2928 ll'sal.
241 2908 295 2934 cu,
311 2902 336 2930 l.

958 1647 1014 1668 nec.
1038 1648 1112 1668 nunc
1134 1640 1162 1668 in
1185 1642 1344 1671 distantiam
1369 1647 1451 1674 seriei
1476 1650 1620 1683 temporis.
1640 1653 1750 1686 quando

957 1684 1121 1718 adhibetur,
1151 1686 1329 1721 intelligitur,
1359 1697 1433 1717 nunc
1461 1691 1488 1718 in
1518 1684 1746 1727 signiﬁcationem

957 1735 1117 1762 magnorum
1136 1735 1162 1757 et
1181 1731 1336 1759 divinorum
1353 1741 1486 1768 operum;
1503 1737 1576 1765 sicut
1591 1739 1637 1767 hic
1660 1743 1748 1769 sumi-

956 1781 1011 1807 tur,
1034 1785 1088 1804 non
1109 1778 1136 1805 in
1162 1778 1321 1807 distantiam
1347 1781 1418 1810 alius
1434 1783 1577 1818 cujusdam
1602 1789 1746 1822 temporis,

955 1824 1001 1850 sed
1015 1831 1030 1850 e
1049 1825 1189 1853 contrario
1202 1826 1236 1853 ad
1254 1828 1451 1856 ostendendam
1467 1830 1602 1860 inﬁnitam
1622 1833 1746 1863 duratio-

953 1877 1025 1896 nem.
1041 1871 1144 1898 Etenim
1161 1878 1255 1908 surget
1270 1875 1296 1900 in
1318 1875 1415 1903 diebus
1438 1876 1498 1912 ejus
1523 1877 1641 1911 iustitia.
1658 1881 1746 1910 donec

952 1915 1109 1944 destruatur
1134 1918 1217 1951 luna;
1244 1924 1281 1952 et,
1307 1919 1374 1948 Sede
1395 1930 1411 1948 ιι
1439 1923 1541 1950 dextris
1567 1927 1642 1959 nisis,
1664 1928 1746 1955 donec

950 1970 1046 1994 ponam
1066 1963 1187 1991 inimicos
1209 1970 1266 1992 tuos
1281 1967 1427 1994 scabetlum
1441 1969 1537 2003 pedum
1554 1976 1660 1999 tuorum
1672 1974 1699 2007 1;
1718 1982 1745 2002 et

956 2008 1096 2037 Vobiscum
1114 2019 1172 2038 sum
1189 2012 1274 2040 donec
1297 2016 1383 2042 veniat
1400 2021 1603 2047 conummalio.
1623 2021 1743 2050 Evidcns

949 2056 1021 2082 enim
1035 2061 1077 2084 est
1093 2057 1128 2084 ibi
1144 2059 1176 2084 τὸ
1187 2062 1280 2092 donec,
1297 2069 1349 2088 non
1366 2066 1544 2098 temporalem
1561 2066 1674 2094 limitem
1695 2075 1742 2096 aut

949 2104 1096 2131 terminum
1124 2105 1275 2139 adducere;
1302 2107 1361 2136 haec
1379 2116 1433 2136 vos
1455 2115 1546 2138 autent
1573 2114 1742 2149 magnitudi-

948 2157 1010 2177 nem
1038 2149 1194 2178 divinarum
1226 2159 1318 2180 rerum
1352 2156 1520 2187 ostendens.
1549 2158 1576 2184 in
1605 2159 1740 2189 inﬁnitam

946 2198 1133 2225 extensionem
1149 2198 1237 2226 ideam
1253 2207 1344 2227 rerum
1358 2209 1420 2236 qua:
1435 2202 1472 2230 ibi
1488 2211 1638 2234 occurrunt
1652 2208 1739 2235 addu-

946 2245 992 2271 cit.
1010 2244 1070 2272 Alia
1083 2248 1172 2272 autem
1194 2246 1327 2280 permulta
1342 2247 1457 2276 inveniri
1474 2257 1600 2284 possunt,
1616 2260 1663 2286 per
1676 2262 1738 2288 qua:

945 2290 1092 2318 evidenter
1101 2291 1242 2323 statuitur,
1256 2291 1325 2319 hanc
1341 2300 1435 2320 vocem
1448 2302 1498 2328 pro
1512 2303 1564 2322 non
1583 2297 1737 2333 interrupto

943 2340 970 2364 et
985 2336 1011 2363 in
1036 2337 1136 2364 saecula
1153 2337 1268 2364 assumi.
1293 2337 1411 2371 Quando
1437 2339 1520 2374 igitur
1540 2342 1585 2369 isti
1607 2343 1734 2371 audacis-

943 2383 1017 2415 simi,
1037 2383 1195 2414 ostendunt,
1213 2390 1275 2418 post
1298 2385 1372 2412 Iun-re
1394 2386 1609 2415 destructionem
1632 2389 1734 2418 Christi

941 2435 969 2457 et
983 2429 1029 2458 Dei
1051 2431 1139 2457 nostri
1153 2431 1288 2465 justitiam
1311 2432 1338 2458 in
1356 2431 1472 2459 nihilum
1489 2434 1593 2468 reduci,
1610 2440 1638 2463 et
1657 2441 1734 2471 post-

941 2485 1022 2512 quam
1038 2478 1121 2512 positi
1141 2478 1242 2505 luerint
1267 2479 1319 2506 sub
1341 2480 1456 2514 pedibus
1476 2480 1536 2513 eius
1559 2482 1676 2514 inimici.
1699 2484 1734 2511 il-

941 2523 996 2550 lum
1021 2530 1036 2549 e
1055 2522 1118 2550 sede
1141 2523 1175 2550 ad
1201 2523 1290 2551 Patris
1308 2525 1448 2551 dexteram
1472 2526 1563 2560 dejici,
1588 2532 1635 2555 aut
1650 2529 1733 2557 etiam

941 2574 1002 2604 post
1027 2570 1293 2597 consummationem
1318 2571 1423 2603 saeCuli.
1440 2579 1502 2599 cum
1527 2573 1620 2607 potius
1642 2574 1694 2609 ipsi
1717 2585 1732 2603 a

940 2615 1137 2651 discipulorum
1169 2617 1315 2644 mansione
1338 2617 1521 2652 repellentur;
1551 2623 1616 2647 tunc
1644 2621 1732 2649 ambi-

939 2666 1014 2696 gam,
1040 2669 1074 2688 an
1098 2665 1159 2696 post
1177 2661 1340 2689 ineli'abilem
1363 2667 1470 2697 partum
1494 2663 1544 2689 viri
1569 2663 1730 2692 societatem

939 2708 1016 2743 virgo
1030 2709 1178 2736 curaverit.

973 2754 1073 2781 Photii.
1093 2754 1161 2782 Cum
1188 2754 1350 2790 perfecisset
1377 2763 1461 2783 senex
1486 2763 1564 2783 suam
1590 2756 1618 2784 in
1642 2757 1729 2785 Deum

938 2802 1122 2838 doxologiam,
1139 2802 1249 2830 demum
1270 2804 1440 2832 convertitur
1460 2804 1493 2831 ad
1510 2804 1730 2833 benedictionem
