1886 3071
132 157 201 190 1223

711 157 841 189 PHOTII
860 157 1113 189 PATRIARCHIE
1131 157 1185 187 (ΞΡ.

1690 157 1760 190 1224

131 218 228 238 eorum
249 209 294 245 qui
319 217 431 245 puerum
449 210 624 239 inducebant.
649 211 749 240 Deinde
773 212 807 240 ad
831 213 933 243 solam,

1033 211 1159 246 εὐλογίαν
1172 210 1227 238 τῶν
1245 211 1405 246 ἀγαγόντων
1423 211 1455 238 τὸ
1477 211 1577 248 βρέφος
1592 220 1599 227 ·
1613 209 1673 240 εἶτα
1686 213 1760 241 έκεῖ-

131 261 247 283 matrem
279 262 434 283 sermonem
456 256 550 291 dirigit
575 257 817 286 :benedictlonem
845 259 918 286 enim

133 302 267 329 ambobus
299 302 495 335 communicat,
527 302 573 330 sed
601 303 803 331 reconditorum
833 304 921 339 magis

134 347 339 383 praedictionem
366 349 416 375 soli
443 350 525 376 matri
548 349 650 384 dirigit,
676 354 706 377 ut
725 357 775 385 per
797 357 922 378 commu-

132 401 194 420 nem
220 393 437 422 benedictionem
465 394 586 427 parentis
611 394 701 429 specie
724 402 776 422 non
800 394 922 430 privetur

132 438 233 473 Joscph
244 459 252 473 ,
277 439 323 466 sed
338 446 385 473 per
400 438 482 466 verba
497 439 598 473 quibus
621 443 736 466 matrem
760 439 920 474 alloquitur,

134 484 272 519 Virginem
289 485 323 511 ab
338 484 391 511 isto
410 484 579 511 discernens.
597 484 668 511 illam
686 489 715 512 ut
730 493 792 512 vere
808 490 921 512 matan

132 531 290 566 compellat,
305 538 387 566 quam
417 530 554 557 henedicit
573 536 602 557 ut
615 531 710 558 divinte
729 531 859 558 voluntati
875 531 923 558 ob-

134 581 305 611 sequentem.
321 575 403 608 Tum,
417 575 483 602 dicit
497 575 530 602 ad
550 575 624 602 illam
643 584 650 602 2
665 574 717 602 Hic
729 577 828 610 positus
839 580 878 602 est
895 576 924 602 in

134 623 243 649 mittam
259 626 283 649 et
295 621 515 649 resurrectionem
531 621 674 648 multorum
690 622 718 647 in
729 620 826 648 Israel.
841 621 923 649 Vides

136 667 276 702 quomodo
292 671 377 694 totam
391 667 516 702 mysterii
532 666 716 694 oeconomiam
733 666 837 702 Virgilii
858 673 923 702 ape-

136 713 181 745 rit,
199 717 227 740 et
247 712 285 739 illi
306 713 408 747 praebet
423 712 506 747 hujus
521 713 718 740 narrationem.
741 712 857 739 Ruinam
881 713 925 740 hic

135 759 202 787 dicit
218 766 313 786 eorum
328 758 374 793 qui
396 766 411 785 e
425 758 479 786 ﬁde
496 758 522 785 in
542 758 681 785 Christum
702 763 730 785 et
748 758 848 793 pietate
864 765 926 785 cor-

136 809 230 838 ruent;
252 804 471 831 resurrectionem
496 809 597 837 autem,
617 812 712 831 eorum
734 805 778 839 qui
800 804 876 831 illum
897 808 926 831 ut

137 849 306 877 Salvatorem
322 853 471 884 agnoscent
485 849 552 883 (18).

176 939 273 967 Pliotii.
305 937 496 966 Sanctissimae
520 941 547 964 et
573 943 681 971 semper
702 935 815 972 virginis
837 934 928 962 Mariae

138 986 258 1014 animam
277 985 384 1021 gladius
405 984 570 1019 pertransiit,
593 985 628 1010 ob
649 983 735 1017 ipsam
759 981 927 1010 salutiferam

138 1031 242 1059 Christi
259 1031 428 1066 passionem,
445 1037 501 1057 non
518 1034 548 1056 ut
561 1028 651 1056 dubiis
667 1027 811 1055 sententiis
827 1027 928 1062 agitata

140 1079 184 1109 sit,
213 1084 264 1104 nec
285 1075 486 1104 incredulitatis
507 1074 607 1110 jaculis
629 1074 787 1107 vulnerata;
810 1079 861 1100 nec
880 1079 930 1107 pro

141 1123 183 1151 his
212 1122 313 1158 quibus
341 1122 488 1158 gaudebat,
519 1121 641 1148 dolorem
670 1125 853 1153 commutatis,
881 1120 929 1147 sed

141 1175 265 1196 materna
289 1168 383 1196 sinens
406 1168 511 1195 viscera
548 1167 656 1201 propria
685 1166 797 1197 sentire,
821 1170 931 1200 propter

142 1216 294 1243 naturalem
316 1214 509 1250 sympathiam,
535 1213 605 1239 Filio
627 1212 771 1239 cruciﬂxo.
785 1211 931 1244 Quomodo

142 1262 214 1289 enim
229 1265 316 1288 mater
332 1268 385 1288 non
401 1264 540 1295 pateretur
555 1259 649 1287 videns
663 1259 762 1291 ﬁlium,
777 1262 805 1285 et
816 1264 931 1292 praeser—

143 1308 190 1335 tim
220 1311 319 1333 natura
349 1305 469 1333 humana
499 1305 580 1340 longe
609 1306 762 1337 meliorem,
786 1311 930 1339 pravorum

143 1360 240 1388 poenas
256 1351 407 1379 ferentem?
423 1352 475 1378 hoc
490 1351 589 1378 accidit
615 1350 752 1378 inviolatae
766 1349 847 1376 Verbi
871 1357 933 1376 ma-

144 1399 188 1429 tri,
215 1397 335 1427 amarior
362 1401 390 1424 et
419 1397 542 1424 acerbior
571 1397 646 1424 omni
671 1397 761 1432 gladio
787 1396 874 1423 dolor.
903 1395 933 1422 Si

143 1445 215 1472 enim
247 1444 350 1472 multas
383 1443 479 1470 habuit
513 1443 650 1471 [inuitatis
684 1450 805 1475 causas,
847 1441 933 1469 Deum

146 1490 237 1518 sciens
264 1490 440 1516 incarnatum
468 1496 548 1517 suum
576 1488 675 1516 Filium
702 1495 773 1521 esse,
805 1488 851 1515 sed
878 1494 934 1514 non

971 258 1016 285 θεν
1029 257 1098 293 πρὸς
1114 257 1199 293 μόνην
1215 257 1265 294 τὴν
1290 258 1398 294 μητέρα
1413 258 1582 294 ἀποστρέφει
1597 259 1645 286 τὸν
1669 259 1759 294 λόγον.

970 303 1027 339 Τῆς
1040 304 1090 339 μὲν
1112 303 1168 338 γὰρ
1196 302 1322 338 εὐλογίας
1351 304 1455 339 ἀμφοῖν
1476 303 1651 338 μεταδίδωσι,
1668 305 1761 340 τὴνδὲ

970 351 1123 387 πρόρρησιν
1134 350 1190 378 τῶν
1207 349 1445 386 άποῤῥητοτέρων,
1461 350 1495 385 τῇ
1519 350 1605 385 μητρὶ
1629 351 1763 386 προσάγει

973 395 1053 431 μόνῃ,
1071 395 1115 423 ἵνα
1130 395 1175 422 διὰ
1185 394 1234 430 μὲν
1244 395 1294 428 τῆς
1306 394 1400 429 κοινῆς
1415 393 1541 428 εὐλογίας
1560 393 1607 421 τοῦ
1623 395 1764 430 σχήματος

970 441 1026 467 τῶν
1037 440 1217 476 γεννητόρων,
1231 439 1268 475 μὴ
1281 439 1470 475 ἀπογυμνώσῃ
1483 439 1529 466 τὸν
1545 439 1645 476 Ἰωσήφ
1657 449 1665 457 ο
1676 441 1723 468 διὰ
1735 442 1766 469 δὲ

971 487 1026 513 τῶν
1039 487 1106 522 πρὸς
1117 486 1167 521 τὴν
1187 486 1294 521 μητέρα
1314 485 1411 519 λόγων,
1427 485 1477 521 τὴν
1493 484 1633 521 Παρθένον
1658 487 1765 514 ἐκείνου

971 532 1134 564 διαστείλας,
1152 533 1201 567 τὴν
1215 533 1252 563 ὡς
1279 531 1387 566 ἀληθῶς
1406 531 1569 567 άνακηρύξῃ
1597 532 1716 569 μητέρα,
1729 533 1767 568 ἢν

972 579 1020 606 καὶ
1032 578 1139 613 εὐλογεϊ
1149 578 1188 610 ὡς
1209 577 1422 613 ὑπηρετήσσσαν
1438 577 1499 613 θείᾳ
1518 577 1609 614 βουλῇ.
1624 579 1692 606 Εἶτα
1717 581 1767 607 καὶ

973 624 1127 659 διαλέγεται
1139 623 1209 659 πρὸς
1234 623 1331 657 αὐτήν·
1349 620 1445 656 οὗτος
1465 622 1559 650 κεῖται
1588 625 1629 657 είς
1649 624 1768 652 πτῶσιν

974 668 1023 695 κιιί
1032 667 1203 696 ἀνάστασιν
1212 667 1335 695 πολλῶν
1344 668 1381 695 ἐν
1391 668 1431 701 τῷ
1447 667 1584 704 Ἰσραήλ.
1598 670 1680 705 ὀρᾷς
1690 670 1767 702 ὅπως

974 714 1038 749 ὅλην
1054 713 1101 740 τοῦ
1116 713 1266 749 μυστηρίου
1281 713 1330 749 τὴν
1349 713 1505 749 οἰκονομίαν
1524 715 1593 750 πρὸς
1616 715 1667 750 τὴν
1693 716 1769 751 Παρ-

976 759 1052 787 θένον
1065 759 1206 794 ἀναφέρει,
1226 758 1340 795 κάκείνῃ
1351 761 1467 787 ποιεῖται
1490 759 1541 796 τὴν
1558 760 1654 787 τούτου
1670 761 1769 796 διήγη-

977 813 1036 838 σιν;
1050 805 1098 832 καὶ
1118 804 1235 832 πτῶσιν
1250 805 1299 840 μὲν
1312 805 1387 839 λέγει
1408 805 1535 837 ἐνταῦθα,
1551 805 1606 833 τῶν
1619 807 1769 833 ἐκπεπτω-

977 850 1064 876 κότων
1075 851 1125 885 τῆς
1138 850 1178 881 είς
1194 849 1311 885 Χριστὸν
1333 849 1451 881 πίστεως
1465 850 1514 876 καὶ
1527 849 1679 882 εὐσεϐείας·
1693 849 1768 878 ἀνά-

941 883 964 913 B
978 902 1092 923 στασιν
1102 883 1141 928 δὲ,
1158 895 1213 922 τῶν
1222 883 1420 930 ’ἐπεγνωκότων
1431 896 1476 922 τὸν
1489 896 1614 932 Σωτῆρα.

1014 940 1052 976 [p.
1066 941 1111 968 40.
1122 940 1161 977 a.]
1175 941 1299 968 Φωτίου.
1315 941 1372 976 Τῆς
1388 941 1524 975 παναγίας
1548 942 1597 969 καὶ
1622 942 1667 968 ἀει
1695 950 1771 978 παρ-

978 987 1055 1014 θένου
1069 987 1179 1023 Μαρίας
1209 987 1258 1023 τὴν
1271 987 1360 1022 ψυχὴν
1376 987 1499 1023 ῥομφαία
1520 987 1623 1023 διῆλθε,
1640 988 1702 1015 κατ’
1717 988 1770 1014 αὺ-

978 1033 1009 1059 τδ
1024 1032 1055 1059 τὺ
1075 1033 1209 1068 σωτήριον
1232 1032 1280 1060 τοῦ
1300 1033 1420 1069 Χριστοῦ
1441 1033 1537 1065 πάθος,
1557 1034 1607 1060 οὐκ
1629 1034 1772 1061 ἐπιδιστά-

980 1078 1056 1110 ζουσι
1079 1078 1219 1114 λογισμοῖς
1248 1077 1427 1114 βαλλομένης,
1449 1079 1500 1105 οὐκ
1525 1079 1654 1110 ἀπιστίας
1678 1079 1772 1114 βέλεσι

979 1123 1203 1160 τιτρωσκομένης
1212 1132 1219 1140 ·
1235 1123 1285 1151 οὐκ
1294 1125 1337 1159 ἐφ’
1347 1123 1387 1156 οἷς
1398 1124 1557 1161 ἔχαιρε,τὴν
1568 1124 1658 1160 λύπην
1671 1125 1774 1152 ἀλλασ-

982 1169 1109 1205 σομένης,
1136 1169 1204 1196 ἀλλὰ
1230 1169 1353 1205 μητρικὰ
1373 1170 1514 1207 σπλάγχνα
1543 1170 1682 1206 διδούσης,
1701 1171 1773 1206 πρὸς

981 1215 1030 1249 τὴν
1057 1215 1178 1251 ἔμφυτον
1200 1216 1384 1251 συμπάθειαν,
1410 1216 1693 1252 άνασκολοπιζομένου
1723 1217 1772 1244 τοῦ

982 1260 1058 1292 Υίοῦ,
1071 1261 1200 1296 πράττειν
1210 1261 1244 1287 τὰ
1257 1262 1354 1289 οἰκεῖα.
1366 1262 1399 1288 Τί
1413 1262 1470 1297 γὰρ
1495 1262 1586 1298 μήτηρ
1599 1262 1649 1289 οὐκ
1664 1261 1698 1289 ἂν
1715 1263 1772 1290 πά-

983 1305 1024 1332 θοι
1040 1305 1176 1340 βλέπουσα
1189 1306 1235 1332 τὸν
1251 1305 1315 1332 Υἰὺν
1326 1307 1373 1333 καὶ
1392 1307 1510 1342 μάλιστα
1533 1308 1582 1344 τῆς
1597 1307 1775 1344 ἀνθρωπίνης

984 1351 1092 1385 φύσεως
1101 1351 1310 1387 πολιτευόμενον
1322 1354 1456 1388 κρεῖττον,
1467 1354 1517 1386 τὰς
1533 1354 1587 1381 τῶν
1606 1353 1775 1390 κακούργων

985 1397 1120 1432 ὑπέχοντα
1135 1397 1226 1431 δίκας;
1239 1394 1324 1425 Τοῦτο
1337 1399 1432 1433 γέγονε
1445 1401 1478 1435 τῇ
1490 1400 1671 1436 παναχράντῳ
1682 1401 1777 1436 Μητρὶ

984 1442 1032 1470 τοῦ
1063 1443 1161 1477 Λόγου,
1182 1444 1344 1479 πικρότερον
1371 1445 1421 1471 καὶ
1447 1445 1611 1481 δριμύτερον
1638 1446 1777 1481 ῥομφαίας

987 1487 1096 1522 ἁπάσης
1110 1488 1141 1514 τὺ
1155 1488 1252 1519 πάθος.
1267 1488 1298 1514 Εἰ
1311 1488 1366 1524 γὰρ
1376 1489 1424 1516 καὶ
1439 1490 1541 1522 πολλὰς
1558 1491 1703 1524 ὑποθέσεις
1718 1489 1777 1527 εἶχε

146 1535 259 1562 omnino
277 1535 352 1570 leges
375 1540 479 1562 natura:
499 1534 592 1566 solvil,
615 1534 754 1561 concessit
768 1538 859 1560 autem
883 1541 933 1560 na-

1020 1533 1054 1560 ;δν
1065 1533 1164 1560 εἰδέναι
1176 1533 1222 1559 τὸν
1238 1533 1303 1560 Υἰδν
1330 1536 1552 1570 σεσαρκωμένον,
1570 1536 1628 1563 ἀλλ’
1654 1534 1702 1563 οὖν
1727 1537 1778 1563 οὐκ

145 1586 215 1608 ιιιηο
225 1584 255 1608 ut
267 1580 338 1607 intra
349 1581 475 1615 proprios
490 1580 608 1607 emineat
620 1580 698 1607 lines.
709 1579 769 1606 Ideo
783 1584 811 1606 et
822 1579 936 1606 horren-

146 1627 208 1654 dam
227 1627 380 1660 passionem
399 1625 527 1658 videntis,
543 1625 674 1652 maternis
689 1624 777 1652 oculis
794 1624 935 1658 subjectus

146 1676 284 1707 aspectus.
311 1679 359 1698 ceu
381 1671 462 1706 gladii
479 1671 601 1703 vulnere,
625 1669 745 1697 animam
768 1669 828 1705 ejus
842 1669 937 1697 vulne-

147 1718 217 1746 ravit
229 1722 257 1746 et
269 1717 372 1746 divisit.

187 1803 266 1832 CAP.
285 1803 330 1831 lli.
350 1803 434 1832 Vens.
459 1805 487 1832 '5.
509 1804 610 1832 Photii.
640 1804 715 1832 Licet
739 1804 841 1840 pariter
861 1804 938 1839 cogi-

148 1855 206 1878 tare
220 1856 246 1878 et
263 1850 364 1883 dicere,
384 1851 545 1885 praestitisse
559 1855 731 1885 peccatorum
747 1850 938 1877 remissionem

147 1897 332 1925 Praecursoris
344 1904 455 1932 quoque
468 1897 615 1931 baptisma,
628 1903 682 1923 non
693 1902 784 1923 autem
796 1896 937 1928 omnium;

148 1944 220 1971 sicut
235 1950 286 1971 nec
296 1942 398 1978 legales
414 1943 586 1970 caeremonim
604 1947 631 1970 et
652 1943 865 1970 immolationes.
879 1941 938 1969 Non

148 1990 222 2016 enim
243 1989 428 2016 admissarum
460 1996 524 2016 cum
545 1988 779 2023 praemeditatione
804 1987 938 2017 caedium.

150 2043 238 2070 neque
264 2035 288 2063 si
315 2035 378 2070 quis
405 2034 520 2062 aliorum
547 2033 754 2069 coniunctiones
785 2031 940 2060 transfode-

150 2083 195 2115 rit,
224 2089 313 2116 neque
342 2081 464 2114 illorum,
493 2085 607 2115 propter
630 2087 692 2115 quae
716 2079 868 2107 horrendus
889 2078 941 2106 iste

150 2133 178 2156 et.
198 2127 318 2155 cwlestis
341 2127 410 2162 ignis
436 2127 464 2154 in
486 2131 617 2154 nocentes
634 2125 735 2153 invidia
764 2124 866 2151 missus
887 2128 940 2157 est,

151 2180 240 2208 neque
266 2172 416 2200 multorum
434 2171 656 2199 facinorosorum
679 2175 706 2197 et
730 2169 861 2197 similium
881 2176 942 2203 ope<

986 1578 1033 1605 ἐπὶ
1047 1579 1154 1615 πάντων
1170 1579 1231 1605 ἔλυε
1246 1581 1310 1612 τοὺς
1328 1582 1379 1615 τῆς
1404 1581 1512 1614 φύσεως
1533 1581 1643 1616 νόμους,
1657 1582 1775 1608 ἐνεδίδου

986 1624 1014 1651 δὲ
1030 1623 1078 1650 καὶ
1102 1625 1135 1659 τῇ
1161 1624 1251 1658 φύσει,
1263 1627 1319 1657 τοῖς
1340 1625 1450 1658 οἰκείοις
1477 1626 1669 1661 ἐνδιαπρέπειν
1694 1627 1778 1662 ὅροις.

987 1670 1031 1696 Διὸ
1046 1670 1094 1696 καὶ
1112 1670 1197 1702 πάθος
1214 1671 1327 1705 φρικτὸν
1341 1671 1434 1706 ὁρῶσα
1448 1674 1593 1708 μητρικοῖς
1615 1671 1777 1707 ὀφθαλμοῖς,

988 1714 1170 1750 προκείμενον
1203 1715 1305 1750 θέαμα,
1326 1717 1397 1744 κατὰ
1422 1716 1530 1752 πληγὴν
1557 1717 1706 1753 ῥομφαίας,
1730 1717 1779 1752 τὴν

988 1759 1074 1794 ψυχὴν
1088 1760 1216 1795 ὲτέμνετό
1230 1769 1260 1786 τε
1276 1761 1322 1787 καὶ
1337 1761 1544 1796 κατεμερίζετο.

1027 1805 1065 1840 Ιρ.
1076 1806 1109 1833 49
1126 1805 1166 1840 a.]
1181 1806 1294 1834 Φωτίου
1308 1807 1359 1834 καί
1374 1808 1527 1841 Imp/1.1m)
1551 1807 1779 1843 Ἰεροσολύμων.

991 1851 1100 1883 Ἔξεστι
1120 1851 1149 1878 δὲ
1178 1851 1244 1884 ίσως
1261 1853 1371 1889 φρονεῖν
1382 1861 1412 1880 τε
1435 1854 1480 1880 καὶ
1493 1853 1593 1888 λέγειν,
1607 1853 1644 1885 ὡς
1665 1854 1782 1889 παρεῖχε

991 1897 1041 1932 μὲν
1072 1898 1279 1934 ἁμαρτημάτων
1308 1898 1406 1933 ἄφεσιν
1421 1899 1469 1926 καὶ
1495 1899 1526 1926 τὸ
1548 1899 1595 1926 τοῦ
1621 1900 1782 1936 Προδρομου

991 1942 1132 1978 βάπτισμα
1149 1951 1155 1959 ·
1168 1944 1197 1970 οὺ
1211 1943 1321 1970 πάντων
1341 1944 1369 1971 δέ
1384 1952 1391 1959 ⁶
1410 1944 1505 1980 ὥσπερ
1530 1944 1585 1971 οὐδ’
1611 1945 1640 1970 αι
1670 1946 1783 1979 νομικαὶ

989 1989 1096 2015 τελεταὶ
1107 1990 1154 2016 καὶ
1170 1989 1271 2017 θυσίαι.
1282 1990 1350 2017 οὐδὲ
1365 1990 1420 2025 γὰρ
1428 1990 1483 2017 τῶν
1496 1991 1529 2017 ὲκ
1539 1990 1668 2025 προνοίας
1681 1991 1781 2024 φόνων,

989 2035 1044 2061 οὐδ’
1057 2034 1084 2060 εἴ
1097 2043 1138 2066 τις
1155 2035 1311 2070 ἀλλοτρίους
1329 2036 1435 2071 γάμους
1450 2036 1591 2071 διώρυξεν,
1606 2036 1663 2062 οὐδ’
1676 2036 1727 2063 ὅσα
1753 2037 1783 2062 τὸ

991 2079 1104 2114 φρικτδν
1118 2080 1206 2106 έκεῖνο
1217 2081 1263 2106 καὶ
1273 2081 1399 2116 οὐράνιον
1413 2081 1469 2116 πῦρ
1485 2081 1542 2112 τοῖς
1559 2080 1663 2116 ἐνόχοις
1680 2079 1783 2116 ζημίας

991 2125 1149 2157 ὲπέὸοιλλον,
1165 2125 1220 2152 οὐδ’
1236 2126 1322 2152 ἄλλων
1338 2126 1443 2152 πολλῶν
1458 2126 1610 2160 ἐξαγίστων
1625 2126 1673 2153 καὶ
1692 2134 1784 2161 παρα-

992 2171 1115 2206 πλησίων
1127 2171 1215 2206 ἐργων
1229 2171 1278 2207 τὴν
1292 2172 1437 2207 κάθαρσιν,
1454 2171 1515 2198 οὔτε
1532 2173 1546 2199 ὁ
1560 2172 1642 2207 νόμος
1658 2171 1721 2198 οὔτε
1753 2172 1783 2198 τὺ

151 2226 212 2246 rum
239 2218 466 2250 mundationem,
501 2223 589 2251 neque
615 2215 675 2249 lex,
705 2222 795 2250 neque
825 2214 933 2242 Joannis

1020 2216 1119 2243 ωάννου
1131 2216 1308 2252 διεπράττετο
1333 2217 1475 2253 βάπτισμα
1485 2226 1492 2233 ·
1505 2217 1574 2244 ἀλλὰ
1580 2217 1684 2244 τούτων
1698 2218 1785 2245 ἁπάν-

151 2266 286 2300 baptisma
301 2265 457 2300 praestabat.
477 2262 530 2290 Sed
552 2263 586 2290 de
599 2262 641 2289 his
662 2262 800 2294 omnibus,
822 2268 883 2296 qua:
895 2261 939 2288 lex

153 2318 208 2338 non
223 2314 399 2346 praecaverat,
421 2314 449 2337 et
462 2309 569 2344 primus
593 2307 733 2342 legislator
746 2307 940 2338 damnaverat.

153 2365 249 2393 poenas
270 2357 377 2392 gladius
391 2355 518 2390 sumpsit.
537 2353 652 2381 Joannis
677 2358 768 2380 autem
792 2353 940 2388 baptisma,

154 2403 282 2431 omnibus
304 2403 332 2429 in
356 2401 492 2434 salutem,
518 2404 612 2434 utpote
633 2399 720 2426 multo
743 2398 833 2434 majus
859 2398 943 2426 fuerit

154 2450 235 2478 solita
252 2449 363 2481 virtute,
380 2447 500 2483 patebat.
516 2446 671 2475 Prazstabat
681 2447 764 2482 igitur
777 2450 804 2474 et
819 2445 943 2474 Praecur-

154 2496 225 2523 soris
243 2494 389 2529 baptisma,
402 2498 431 2521 ut
453 2493 556 2521 dictum
577 2497 629 2524 est.
644 2498 820 2528 peccatorum
846 2492 944 2519 remis-

155 2542 274 2573 sionem,
298 2547 353 2567 non
378 2544 470 2567 autem
487 2539 628 2573 omnium;
647 2539 697 2566 hoc
720 2539 793 2567 enim
811 2537 944 2566 Dominici

155 2586 328 2622 baptismatis
339 2585 478 2620 proprium
492 2590 544 2613 est.
558 2585 610 2613 Sed
624 2585 782 2620 praestabat,
797 2583 945 2619 perfectio-

156 2641 217 2662 nem
232 2632 367 2659 Salvatori
385 2639 560 2667 praaparans;
575 2632 717 2659 mundatio
741 2636 810 2664 erat,
826 2630 944 2657 munda-

157 2680 260 2705 tionem
275 2678 448 2713 praecedens;
474 2681 501 2704 et
522 2677 650 2705 remissio
671 2684 718 2712 per
739 2679 856 2711 partem,
874 2675 944 2702 inte-

156 2731 232 2759 gram
249 2724 435 2753 remissionem
450 2724 591 2756 anteiens;
606 2722 765 2758 imperfecta
776 2721 944 2757 puriﬁcatio,

991 2270 1045 2289 των
1061 2263 1075 2289 ὀ
1088 2262 1138 2297 μὲν
1152 2263 1232 2298 νόμος
1249 2264 1299 2290 ὅσα
1320 2263 1356 2298 μὴ
1376 2263 1520 2298 προλαϐὼν
1532 2263 1546 2290 ὀ
1571 2263 1681 2298 πρῶτος
1705 2271 1785 2298 νομο-

992 2308 1073 2343 θέτης
1093 2309 1286 2344 είσεπράττετο
1317 2309 1445 2344 δικαστὴν
1460 2309 1491 2335 τὸ
1518 2308 1594 2342 ξίφος
1611 2308 1735 2340 ἐκάθιζε.
1748 2309 1784 2335 Τὸ

992 2353 1020 2380 δὲ
1048 2353 1170 2381 Ἰωάννου
1195 2353 1335 2389 βάπτισμα
1353 2355 1393 2385 εἰς
1414 2355 1444 2381 τὸ
1469 2355 1558 2381 κοινὸν
1578 2355 1626 2381 καὶ
1639 2355 1783 2389 σωτήριον,

992 2399 1029 2430 ὡς
1046 2399 1134 2434 πολλῷ
1150 2400 1242 2434 μεῖζον
1267 2400 1389 2435 ὑπάρχον
1402 2401 1452 2435 τῆς
1481 2401 1549 2432 ἰδίας
1580 2399 1683 2435 ἰσχύος,
1714 2408 1785 2435 παρ-

996 2445 1116 2480 έπεμπε.
1134 2446 1249 2481 Παρείχε
1273 2446 1323 2480 μὲν
1335 2445 1380 2472 οὗν
1396 2447 1443 2472 καὶ
1457 2445 1487 2472 τὸ
1502 2445 1548 2472 τοῦ
1564 2446 1723 2481 Προδρόμου
1740 2446 1786 2481 βά-

996 2500 1112 2526 πτισμα,
1121 2491 1216 2527 ὥσπερ
1225 2492 1340 2527 εἴρηται,
1349 2491 1404 2519 τῶν
1420 2491 1625 2527 ἁμαρτημάτων
1633 2491 1732 2526 ἄφεσιν
1739 2500 1746 2506 ⁸
1756 2492 1785 2518 οὗ

998 2538 1108 2564 πάντων
1120 2538 1148 2564 δέ
1170 2546 1177 2554 ·
1195 2538 1275 2564 τοῦτο
1300 2537 1355 2573 γὰρ
1372 2538 1418 2565 τοῦ
1433 2537 1599 2565 Δεσποτικοῦ
1623 2537 1654 2565 τὸ
1680 2537 1786 2572 ἐξαίρε-

996 2591 1041 2609 τον
1059 2590 1065 2597 ·
1091 2583 1207 2618 παρεῖχε
1224 2583 1264 2615 δὲ,
1281 2582 1496 2619 προευτρεπίξον
1522 2582 1560 2617 τῷ
1589 2581 1717 2617 σωτηρίῳ
1738 2583 1786 2615 τὴν

994 2628 1149 2664 τελειότητα
1158 2636 1164 2643 ·
1180 2629 1226 2655 καὶ
1240 2628 1351 2665 λουτρὸν
1366 2626 1400 2664 ἦν
1414 2628 1467 2664 πρὸ
1481 2627 1596 2663 λουτροῦ
1609 2636 1616 2644 ·
1631 2628 1678 2654 καὶ
1691 2627 1787 2661 ἄφεσις

996 2675 1029 2701 ὲκ
1041 2673 1151 2710 μέρους,
1166 2674 1219 2710 πρὸ
1234 2676 1284 2710 τῆς
1298 2673 1450 2705 παντελοῦς
1465 2673 1600 2708 ἀφέσεως⁸
1617 2673 1666 2700 καὶ
1689 2671 1786 2707 ἀτελὴς

997 2721 1129 2757 κάθαρσις
1142 2721 1375 2757 προοιμιαζομὲνη
1389 2721 1438 2757 τὴν
1459 2719 1624 2747 τελειοποιόν
1642 2727 1650 2736 ·
1673 2719 1721 2746 καὶ
1742 2727 1787 2746 κα·

911 2790 1026 2818 NOTAE.

193 2863 247 2899 (ιδ)
267 2863 309 2891 ur.
325 2871 352 2898 q.
371 2861 460 2890 CLVII
489 2860 629 2888 chxvr.
