1886 3071
98 155 166 188 1225

693 155 924 187 FRAGMENTA
941 155 984 186 IN
994 155 1134 186 LUCAM.

1661 150 1728 182 1226

97 214 193 249 θαῖρον
210 212 262 248 μιν
275 213 310 240 τὰ
336 213 479 248 φθάσαντα
495 213 552 241 τῶν
576 208 795 249 ἁμαρτημάτων,
812 212 889 239 οὐδὲν

991 210 1068 239 lecta:
1081 210 1154 237 viam
1171 209 1338 243 disponens;
1357 208 1494 236 mundans
1505 205 1614 243 quidem
1630 215 1646 235 a
1663 215 1726 243 pec-

97 259 121 286 δ’
131 259 253 294 ἀσφαλὲς
277 259 333 286 οὐδ’
346 259 477 295 ἐχέγγυον
491 260 556 295 περὶ
570 259 624 286 τῶν
641 259 795 294 μελλόντων
808 267 889 294 χαρι-

99 304 223 338 ζόμενον.
242 304 279 331 Τὸ
306 304 472 331 Δεσποτικδν
495 304 524 330 δὲ
546 303 594 331 καὶ
624 304 760 339 σωτήριον
782 303 891 330 πάντων

101 349 152 385 μὲν
166 349 220 376 τῶν
235 349 426 385 προλαϐόντων
453 349 557 385 ῥύσιον,
575 348 671 384 ῥώμης
684 349 714 376 δὲ
725 349 892 385 παρεκτικδν

99 394 150 421 καὶ
164 393 266 429 ἰσχύος,
280 394 319 430 μὴ
328 394 398 421 κατὰ
413 396 463 426 τὰς
477 395 590 431 πρώτας
600 395 753 430 ὀλισθήσεις
768 395 810 422 ἔτι
822 395 893 430 πρὸς

99 439 223 475 τὰπάθη
242 440 443 475 κατασύρεσθαι
458 447 466 455 ⁶
490 441 539 468 καὶ
565 440 595 468 τὺ
623 441 683 476 μὲν,
701 441 742 473 είς
767 441 817 477 τὴν
838 441 893 468 τῶν

101 486 225 522 οὐρανῶν
236 487 367 522 ἀναφέρει
381 487 531 522 βασιλείαν,
546 487 594 515 καὶ
606 487 637 514 τὺ
653 487 746 523 μεῖζον
771 487 891 521 πάντων,

103 531 240 559 υἱοθεσίαν
250 532 392 567 χαρίζεται
409 541 417 550 ο
431 533 462 559 τὸ
479 533 507 560 δὲ
523 532 605 560 τινῶν
626 534 677 568 μὲν
700 533 799 568 ἄφεσιν
822 542 894 569 παρ-

104 575 173 610 έχει,
199 574 261 602 οὔτε
275 576 305 603 δὲ
329 577 494 613 κληρουχίαν
518 577 640 613 οὐρανῶν
665 577 816 613 βασιλείας,
833 578 894 606 οὐδὲ

104 619 197 655 mne
215 621 314 656 μᾶλλον
328 622 397 658 πρὸς
416 622 554 655 υἱοθεσίας
578 623 738 656 ἀναδισάζει
761 623 870 659 ἀξίωμα
886 632 893 639 ·

105 665 294 701 ἑντελέστερον
303 666 333 693 δὲ
347 667 412 703 περὶ
426 667 528 695 τούτων
542 669 572 695 ὲν
594 669 634 704 τῷ
659 669 771 705 Ἰωάννῃ
797 670 845 696 καὶ
856 669 896 704 τῷ

105 711 241 745 Ματθαίῳ
253 712 372 748 εῐρηται.
391 713 496 740 Ἑκεῖσε
509 713 556 741 οὖν
563 715 626 746 τοὺς
636 715 794 750 φιλολόγους
807 724 896 751 παρα-

106 756 278 792 πέμψαντες,
293 758 374 793 ἡμεῖς
388 758 435 785 ἐπὶ
450 759 484 786 τὰ
497 760 615 795 ἐχόμενα
628 760 725 795 ῐωμεν.

144 802 269 830 Φωτίου.
290 803 348 830 Οὐκ
362 801 415 830 οῐδε
431 804 542 832 σύνοδον
556 805 679 841 ἀλλήλων
694 805 836 838 πλεονεξία
850 805 898 832 καὶ

940 257 1011 285 catis
1035 255 1194 292 pratteritis,
1214 255 1260 283 sed
1277 254 1345 282 nihil
1361 255 1516 286 tutamenti,
1540 254 1608 281 nihil
1624 254 1731 282 roboris

941 305 976 333 ad
987 305 1078 333 futura
1089 304 1220 339 largiens.
1234 302 1341 330 Domini
1356 306 1446 329 autem
1468 307 1496 329 et
1511 301 1661 329 Salvatoris
1679 302 1730 329 ba-

942 352 1052 387 ptisma,
1067 351 1159 378 omnia
1174 349 1312 384 praeterita
1327 348 1433 379 lavans,
1448 348 1578 374 virtutem
1598 351 1626 374 et
1642 347 1730 374 robur

942 400 1064 433 praestat,
1090 403 1123 423 ne
1150 395 1178 422 in
1202 394 1306 429 priores
1331 393 1426 428 lapsus
1447 393 1504 427 jam
1530 393 1563 419 ad
1588 392 1732 427 passiones

943 442 1127 478 abripiamur;
1154 441 1210 468 imo
1225 439 1254 468 in
1279 439 1411 468 ctelorum
1435 446 1548 473 regnum
1570 438 1731 470 introducit,

943 493 971 518 et
989 488 1061 524 quod
1080 487 1209 515 omnibus
1223 486 1314 523 majus
1339 490 1391 518 est,
1415 485 1532 513 ﬁliorum
1558 485 1733 521 adoptionem

943 536 1069 570 largitur.
1084 533 1199 561 Joannis
1214 538 1307 561 autem
1328 532 1464 567 baptisma
1480 535 1656 566 peccatorum
1672 530 1734 564 qui-

945 583 1008 610 dem
1024 581 1214 609 remissionem
1237 579 1351 615 praabet,
1372 579 1418 606 scd
1443 586 1497 605 non
1522 577 1643 605 ctelestis
1659 576 1734 610 regni

946 627 1144 659 hmreditatem,
1169 633 1257 660 neque
1289 625 1376 652 multo
1403 624 1491 657 magis
1519 623 1552 650 ad
1580 621 1736 656 adoptionis

946 673 1105 708 dignitatem
1129 671 1238 699 attollit.
1262 669 1389 705 Apertius
1409 668 1442 695 de
1464 668 1507 695 his
1529 668 1557 694 in
1582 666 1688 694 Joanne
1710 670 1738 693 et

948 718 1075 745 Matutam
1100 717 1210 752 legitur,
1235 715 1268 742 ad
1288 722 1358 749 quos
1382 713 1534 749 philologos
1555 713 1736 742 remittentes.

948 772 999 793 nos
1013 764 1046 791 ad
1065 762 1234 798 propositum
1250 761 1404 788 volvamus.

983 808 1059 836 CAP.
1075 807 1145 834 XVI.
1163 806 1245 834 Vsus.
1263 806 1308 834 5|.
1327 805 1428 832 Photii.
1449 803 1508 831 Non
1530 803 1646 830 invicem
1671 810 1739 830 con-

108 848 300 884 φιλανθρωπία
311 857 319 864 ·
332 850 443 885 μακρὰν
454 851 552 886 ἀπέχει
566 852 636 888 ἀνὴρ
643 852 768 888 ἐλεήμων
780 852 830 887 τῆς
842 852 894 880 τῶν

991 856 1064 882 miunt
1079 853 1193 882 avaritia
1219 857 1247 880 et
1270 851 1440 883 liberalitas;
1466 849 1584 877 multum
1605 849 1682 876 abest
1699 848 1740 875 vir

108 894 296 922 πλουτούντων
323 896 511 931 μὶααδελφίας.
542 898 591 925 Διὰ
622 897 703 925 τοῦτο
716 918 725 931 ,
747 899 795 925 καὶ
822 899 901 934 μέγα

109 938 213 975 χάσμα
227 941 387 977 ἐστήρικται
401 943 504 977 μεταξὺ
516 943 628 980 γεέννης
640 944 687 971 καὶ
702 944 850 980 βασιλείας.

148 1028 187 1065 [ρ.
207 1030 272 1058 228.
287 1031 329 1068 b.]
343 1033 468 1061 Φωτίου.
483 1030 564 1061 Ἧλοι
577 1035 626 1067 τὰς
650 1036 820 1069 Δεσποτικὰς
844 1038 903 1066 δια-

113 1076 250 1111 περονῶσι
263 1077 405 1113 παλάμας,
420 1080 467 1106 καὶ
480 1081 544 1112 τοὺς
560 1081 610 1116 τῆς
625 1082 727 1114 κακίας
751 1083 831 1118 ἡμῶν
846 1086 903 1117 τοῖς

114 1121 209 1155 μέλεσι
222 1123 420 1158 παρεμφὺντας
434 1125 523 1158 ὄζους,
539 1127 586 1161 ὑφ’
608 1124 646 1154 ὧν
671 1127 839 1164 ὲξερημοῦτο
855 1131 903 1158 καὶ

113 1167 264 1195 ὲκακύνετο
283 1169 314 1196 τὸ
326 1170 508 1205 ἀνθρώπινον,
524 1173 621 1204 αὐταῖς
633 1173 778 1201 ἀνασπῶσι
803 1174 902 1211 ῥίζαις,

112 1212 249 1247 Στέφανος
263 1214 293 1246 ἐξ
303 1215 429 1242 ἀκανθῶν
443 1217 475 1251 τῇ
491 1217 595 1253 κεφαλῇ
620 1219 844 1254 περισφίγγεται,
857 1222 905 1248 καὶ

112 1259 128 1285 ὁ
150 1258 320 1292 πολυώδυνος
343 1261 394 1296 τῆς
421 1262 541 1294 παλαιᾶς
553 1264 677 1300 κατάρας
698 1266 790 1298 κλοιὸς
812 1268 902 1294 ἀπαυ-

113 1304 249 1340 χενίζεται
263 1313 271 1321 ·
292 1305 376 1342 λόγχῃ
400 1307 507 1344 πλευρὰ
534 1308 719 1345 διορύσσεται.
743 1312 791 1339 καὶ
815 1314 832 1348 ή
856 1314 905 1350 τῆς

113 1352 252 1387 σωτηρίας
265 1353 345 1388 ἡμῶν
357 1354 559 1390 ἀναπομοῦται
572 1357 660 1393 πηγή.

150 1395 189 1432 [ρ.
198 1396 260 1425 506.
272 1397 311 1433 b.]
327 1399 451 1427 Φωτιου.
464 1401 572 1428 Μᾶλλον
580 1402 608 1429 δὲ
618 1402 766 1437 ῥήγνυται
776 1407 905 1434 καταπέ-

113 1450 215 1478 τασμα
221 1443 275 1471 τοῦ
282 1444 369 1477 ναοῦ,
378 1445 450 1482 ξύλῳ
461 1446 507 1473 τοῦ
519 1448 654 1475 Δεσπότου
668 1451 852 1487 κρεμαμένου,
862 1453 905 1480 διὰ

112 1488 226 1535 πολλὰς,
235 1488 323 1525 οἶμαι,
332 1490 381 1523 τὰς
390 1492 490 1524 αἰτίας.
505 1493 542 1520 Τὸ
557 1493 608 1529 μὲν
622 1495 676 1530 γὰρ
691 1495 740 1531 τὴν
751 1497 803 1532 γῆν
819 1498 906 1535 κλόνῳ

952 900 1110 929 misericors
1125 899 1159 926 ab
1175 898 1237 925 odio
1248 897 1363 924 divitum
1379 896 1406 923 in
1419 895 1531 929 fratres;
1543 900 1698 930 propterea,
1713 899 1740 921 et

953 954 1077 981 maguum
1091 945 1227 979 ﬁrmatum
1250 948 1292 970 est
1312 942 1486 970 intervallum
1507 941 1659 977 gehennam
1672 940 1742 967 inter

952 996 979 1020 et
998 999 1123 1027 regnum.

988 1037 1065 1066 CAP.
1079 1036 1162 1064 XVII.
1177 1035 1261 1064 Vens.
1275 1036 1320 1063 55.
1335 1034 1436 1063 Photii.
1451 1034 1527 1063 Clavi
1552 1033 1661 1061 Domini
1683 1033 1743 1068 pal-

953 1090 1012 1110 mas
1030 1082 1203 1116 transligunt,
1219 1085 1247 1108 et
1262 1080 1376 1108 malitiae
1397 1085 1498 1106 nostra:
1511 1077 1643 1105 membris
1657 1077 1743 1104 iuba:-

953 1133 1044 1156 rentes
1064 1128 1152 1155 nodos
1166 1148 1173 1162 ,
1193 1135 1240 1162 per
1255 1134 1326 1162 quos
1337 1130 1475 1153 vastatum
1494 1128 1521 1152 et
1533 1128 1690 1158 corruptum
1702 1129 1744 1150 est

955 1175 1103 1202 lmmanum
1121 1180 1218 1210 genus,
1242 1173 1310 1207 ipsis
1333 1172 1454 1199 evellunt
1468 1169 1617 1198 radicibus.
1635 1169 1744 1196 Corona

954 1228 969 1248 e
986 1220 1072 1255 spinis
1094 1220 1174 1254 capiti
1191 1219 1425 1250 circumducitur,
1444 1221 1472 1245 et
1484 1223 1657 1245 aerumnosus
1672 1216 1745 1243 auti-

955 1275 1017 1302 ηυδε
1033 1265 1234 1294 maledictionis
1249 1269 1361 1299 torques
1380 1263 1536 1299 rumpitur;
1555 1263 1651 1291 lancea
1670 1262 1744 1289 latus

955 1313 1098 1345 dividitur,
1119 1315 1146 1340 et
1159 1311 1239 1339 nobis
1252 1310 1347 1338 salutis
1361 1309 1423 1338 fons
1438 1309 1570 1345 aperitur.

991 1404 1068 1433 CAP.
1083 1403 1180 1432 XXIII.
1195 1401 1278 1430 Vsus.
1296 1402 1343 1429 45.
1361 1400 1461 1428 Pltotii.
1475 1399 1570 1427 Potius
1595 1404 1662 1425 vero
1680 1397 1748 1423 scis-

955 1459 1013 1478 sum
1024 1455 1062 1477 est
1076 1450 1160 1477 velum
1175 1448 1275 1484 templi,
1288 1448 1361 1483 ligno
1377 1454 1440 1475 cum
1453 1445 1587 1473 Dominus
1605 1443 1747 1478 penderet.

955 1497 991 1524 ob
1008 1496 1151 1531 plurimas,
1171 1500 1248 1532 puto,
1268 1501 1376 1522 causas.
1392 1493 1470 1527 Quod
1488 1492 1560 1519 enim
1577 1495 1647 1518 terra
1672 1495 1750 1516 molu

114 1534 221 1570 μικροῦι
227 1535 282 1562 δεῖν
296 1538 552 1574 συγκατενεχθῆναι,
564 1539 675 1568 δυνατόν
688 1542 746 1569 ἔστι
757 1544 811 1576 τοῖς
822 1546 894 1580 ἀγνω

991 1551 1057 1570 trum
1066 1541 1187 1578 oportuit
1198 1541 1307 1577 agitari,
1320 1539 1454 1576 possibile
1467 1543 1509 1566 est
1521 1536 1671 1565 incredulis
1684 1535 1751 1563 illud

114 1580 226 1627 μονοῦσι
237 1582 284 1608 καὶ
297 1582 337 1614 εἰς
351 1584 386 1610 τὰ
397 1583 467 1611 κατὰ
479 1584 559 1620 φύσιν
571 1586 683 1621 ἀνάγειν
698 1588 753 1615 τῶν
770 1591 910 1627 στοιχείων

113 1626 200 1662 πάθη.
208 1626 245 1653 Τδ
252 1627 280 1654 δὲ
289 1628 407 1664 ῥαγῆναι
415 1630 445 1656 τὺ
452 1631 663 1668 καταπέτασμα,
672 1635 786 1670 μηδενὸς
793 1626 911 1671 μάλιστα

113 1673 294 1705 διασπῶντος,
310 1674 365 1701 ἀπὺ
378 1675 482 1703 ἄνωθεν
495 1677 548 1710 ἕως
564 1678 650 1710 κάτω.
663 1680 810 1717 θεομηνίαν
824 1684 855 1710 τδ
868 1685 911 1712 τέ-

115 1725 166 1765 ρας
184 1717 331 1765 δείκνυσιν.
348 1717 403 1746 Ἦν
413 1720 442 1747 δὲ
461 1722 508 1748 καὶ
523 1722 666 1758 σύμϐολονῖ
676 1726 725 1752 καὶ
741 1728 911 1765 προμήνυμα

114 1763 167 1798 τῆς
181 1763 225 1790 ἀεὶ
240 1766 434 1802 καταστροφῆς
460 1776 490 1794 τε
519 1769 567 1796 καὶ
593 1769 793 1806 ὲξερημώσεως
813 1774 860 1800 τοῦ
873 1763 913 1801 -τε

115 1809 293 1845 περιωνύμου
321 1811 386 1838 ναοῦ
405 1812 561 1841 Ἰουδαϊκῶν
583 1815 709 1844 τελετῶν.
726 1818 781 1845 Καὶ
810 1819 910 1854 τρίτον,

116 1855 157 1887 ὡς
181 1856 277 1883 οὐκέτι
310 1857 390 1893 μέρει
422 1859 538 1895 τινὶτῆς
559 1861 724 1898 οἰκουμένης
745 1864 762 1899 ὴ
787 1865 914 1893 εὐσέϐεια

115 1901 369 1938 συγκλεισθήσεται·
377 1904 434 1931 ἀλλ’
445 1905 552 1933 ἅπαντα
562 1907 596 1934 τὰ
609 1907 723 1944 πέρατα,
732 1910 786 1937 τῶν
792 1911 913 1947 ἀπορρή-

114 1955 171 1973 των
179 1948 208 1973 ὲν
218 1948 368 1976 ἀπολαύσει
380 1951 535 1986 γενήσεται.
553 1953 614 1980 Ἔτι
624 1954 640 1988 ἡ
652 1954 768 1987 κιὸωτὸς
785 1957 831 1983 καὶ
838 1957 871 1983 τὰ
885 1957 913 1983 ὲν

116 1995 199 2030 αὐτῇ,
212 1996 283 2022 κατὰ
296 1996 343 2023 τδν
365 1997 451 2025 τύπον
464 1998 560 2033 γέγονε
577 2000 624 2027 τοῦ
645 2001 790 2037 ἀνθρώπου
801 2004 848 2030 καὶ
860 2003 914 2030 τῶν

116 2040 171 2067 ὑπὸ
197 2041 243 2068 τὸν
269 2042 404 2078 οὐρανὸν,
435 2044 506 2080 αὕτη
535 2046 564 2072 δὲ
593 2047 727 2082 διείργετο
757 2048 796 2083 τῷ
828 2057 915 2076 κατα-

116 2087 290 2123 πετάσματι,
313 2090 361 2116 καὶ
388 2091 581 2126 ἀπεκρύπτετο
595 2101 603 2109 ·
628 2093 723 2128 ἐδήλου
751 2094 780 2121 δὲ
801 2094 851 2129 τὴν
874 2095 915 2127 εἰς

117 2134 251 2170 οὐρανοὺς
265 2136 379 2169 εἴσοδον,
399 2137 554 2173 ἀνθρώποις
571 2139 677 2166 ἄϐατον.
697 2141 914 2176 συντετηρῆσθαι

116 2180 198 2211 τέως.
218 2180 420 2216 Ῥήγνυταιοῦν
430 2183 461 2210 τὸ
478 2185 677 2221 καταπέτασμα
692 2185 812 2222 Χριστοῦ
833 2195 913 2214 σταυ-

960 1590 1159 1617 elementorum
1169 1587 1287 1615 naturali
1297 1585 1498 1622 perturbationi
1509 1583 1672 1615 attribuere,
1682 1582 1753 1610 suis-

961 1645 1022 1665 sum
1032 1643 1096 1664 vero
1111 1642 1174 1663 esse
1187 1634 1290 1667 velum,
1305 1632 1415 1661 nemine
1426 1630 1578 1667 praesertim
1595 1628 1752 1658 divellente.

961 1691 977 1711 a
993 1688 1101 1710 summo
1116 1688 1204 1715 usque
1220 1680 1361 1709 deorsum.
1375 1678 1422 1705 Dei
1442 1678 1509 1704 iram
1530 1676 1582 1704 hoc
1597 1675 1753 1710 prodigium

963 1726 1093 1755 Ostendit.
1109 1725 1175 1752 Erat
1192 1729 1283 1752 autem
1312 1722 1468 1758 symbolum
1485 1725 1513 1748 et
1540 1720 1672 1748 indicium
1690 1726 1753 1753 per—

964 1778 1053 1808 petuae
1069 1770 1265 1799 destructionis
1283 1773 1310 1796 et
1326 1767 1490 1796 vastationis
1516 1765 1610 1801 inclyti
1624 1763 1752 1792 Iudaico-

963 1825 1024 1846 rum
1040 1818 1143 1845 rituum
1154 1816 1258 1850 templi.
1274 1814 1308 1842 Et
1318 1813 1409 1846 tertio,
1423 1813 1496 1848 quod
1509 1820 1561 1839 non
1577 1815 1653 1846 parte
1663 1810 1755 1845 aliqua

964 1865 1039 1893 orbis
1053 1864 1147 1898 religio
1158 1861 1351 1894 concludetur;
1365 1860 1413 1887 sed
1426 1865 1525 1886 omnes
1535 1858 1603 1885 ﬁnes
1612 1857 1639 1883 in
1654 1860 1755 1892 myste-

964 1912 1068 1939 riorum
1087 1909 1324 1944 participationem
1347 1906 1530 1934 adducentur.
1558 1903 1618 1931 Jam
1642 1910 1704 1930 arca
1729 1906 1757 1930 ct

965 1965 1025 1993 qua:
1038 1956 1205 1988 includebat,
1226 1953 1379 1982 secundum
1397 1952 1513 1987 ﬁguram
1540 1950 1612 1978 facta
1636 1953 1678 1977 est
1704 1949 1756 1976 ho-

965 2003 1049 2031 minis
1057 2007 1085 2030 et
1094 2009 1186 2030 eorum
1202 2008 1263 2036 qua:
1274 2000 1326 2028 sub
1340 1999 1411 2026 caelo
1423 2002 1505 2030 sunt;
1523 1997 1580 2024 haec
1591 2000 1682 2023 autem
1696 1994 1756 2021 velo

966 2050 1146 2086 separabatur
1158 2054 1185 2076 et
1198 2047 1404 2078 occultabatur;
1436 2042 1598 2072 ostendebat
1622 2041 1756 2068 hactenus

965 2097 1097 2124 caelorum
1110 2095 1264 2130 ingreSSum
1280 2092 1439 2120 hominibus
1451 2089 1615 2125 impervium
1629 2094 1757 2122 perman—

966 2141 1055 2174 sisse;
1070 2139 1204 2167 scinditur
1217 2146 1283 2173 ergo
1299 2137 1401 2169 velum,
1417 2144 1479 2163 cum
1495 2134 1620 2162 Christus
1632 2137 1674 2160 est
1693 2140 1756 2160 cru-

967 2185 1075 2217 ciﬁxus,
1091 2185 1223 2212 ccelorum
1243 2183 1399 2218 ingressum
1425 2180 1554 2208 omnibus
1569 2177 1760 2215 pratconizans

117 2227 263 2261 ρουμένου,
278 2227 328 2263 τὴν
347 2229 387 2261 είς
414 2229 528 2263 οὐρανὸν
545 2217 647 2257 εἴσοδον
669 2217 752 2258 πᾶσιν
765 2232 832 2268 ἡμῖν
846 2231 894 2259 ὑπ(

1004 2229 1173 2257 annuntians
1186 2228 1253 2264 (19).

119 2272 252 2305 σαλπίζον
263 2274 311 2300 καὶ
330 2274 586 2311 εὐαγγελιζόμενον.

154 2319 279 2346 Φωτίου.
296 2317 352 2346 Ἦν
375 2329 441 2347 ποτε
470 2321 585 2357 κρύφιος
609 2322 686 2356 φίλος
702 2323 717 2349 δ
736 2323 846 2358 Ἰωσὴφ,
866 2323 915 2351 καὶ

117 2365 276 2402 νυκτερινὸς
306 2366 426 2401 Χριστοῦ
454 2367 588 2404 μαθητής·
616 2368 674 2396 ἀλλ’
703 2367 821 2405 ὕστερον
847 2370 914 2402 τοὺς

117 2411 236 2446 δεσμοὺς
249 2413 409 2448 ἀπορρήξας
421 2413 473 2449 τῆς
489 2414 600 2446 δειλίας,
616 2414 670 2441 τῶν
687 2416 728 2446 εἰς
744 2416 774 2442 τὸ
797 2415 914 2451 φανερὸν

119 2457 270 2492 φιλούντων
285 2458 452 2495 Θερμότερός
462 2468 492 2486 τε
506 2461 554 2487 καὶ
568 2460 791 2497 θαρῤαλεὼτερος
805 2461 913 2496 γέγονε·

119 2504 212 2532 καὶτὸ
227 2505 392 2533 Δεσποτικὺν
414 2507 444 2533 ὲν
463 2506 542 2542 ὕϐρει
565 2507 740 2543 κρεμάμενον
765 2507 845 2543 σῶμα
868 2507 914 2534 τοῦ

119 2550 200 2584 ξύλου
215 2551 349 2584 καθελὼν,
361 2552 411 2588 τῆς
423 2553 540 2588 δυνατῆς
551 2553 700 2589 θεραπείας
710 2554 761 2581 οὐκ
775 2554 911 2589 ἠμέλησε,

121 2597 255 2632 ῥημάτων
288 2598 462 2635 μετριότητι,
487 2599 533 2626 τὸν
563 2599 698 2635 πολυτελῆ
741 2600 914 2636 μαργαρίτην

119 2643 341 2678 ἐμπορευόμενος
356 2663 364 2676 ,
387 2644 436 2671 καὶ
458 2644 588 2680 κρύπτων
614 2645 718 2674 τούτων
745 2646 776 2672 τὸ
796 2645 914 2673 σπουδα-

119 2688 245 2724 ζόμενον.
264 2690 332 2717 Οὐδὲ
346 2689 401 2726 γὰρ
419 2690 457 2723 ὡς
480 2691 512 2726 δή
528 2700 554 2718 τι
574 2691 645 2726 μέγα
671 2691 778 2727 φρονῶν
796 2692 813 2728 ἢ
836 2692 916 2727 φθεγ-

1002 2321 1085 2348 Vsus.
1101 2319 1147 2348 50.
1171 2319 1269 2346 ΡΙιοῑεὶ.
1286 2317 1351 2345 Erat
1365 2317 1437 2345 forte
1449 2316 1574 2344 eccultus
1591 2315 1697 2343 amicus
1712 2313 1759 2341 Jo-

969 2366 1047 2400 seph,
1066 2369 1093 2394 et
1107 2369 1257 2393 nocturnus
1271 2363 1374 2390 Christi
1391 2361 1544 2397 discipulus
1558 2369 1566 2394 ;
1582 2361 1630 2388 sed
1648 2360 1758 2387 tandem

966 2418 1055 2441 metus
1083 2418 1213 2446 rumpens
1238 2409 1346 2437 vincula
1359 2429 1367 2442 ,
1397 2407 1526 2435 omnibus
1542 2406 1588 2441 qui
1606 2405 1695 2441 palam
1714 2413 1758 2432 se-

966 2461 1120 2496 quebantur
1136 2457 1286 2485 ferventior
1297 2459 1325 2482 et
1341 2454 1472 2482 audacior
1485 2453 1573 2480 factus
1589 2457 1640 2480 est.
1658 2452 1690 2479 Et
1705 2451 1759 2478 Do-

967 2506 1035 2534 mini
1058 2512 1160 2540 corpus
1183 2503 1211 2531 in
1231 2501 1396 2530 contumelia
1426 2506 1612 2534 suspensum,
1639 2505 1655 2524 ιι
1686 2497 1759 2532 ligno

967 2552 1126 2584 demittens,
1147 2549 1221 2586 quod
1248 2548 1341 2584 potuit
1367 2546 1530 2582 obsequium
1556 2552 1612 2572 non
1628 2543 1760 2578 neglexit,

967 2600 1117 2627 verborum
1143 2596 1344 2627 moderatione,
1369 2593 1518 2630 ptetiosam
1536 2598 1632 2620 emens
1652 2597 1761 2624 marga-

968 2647 1062 2679 ritam,
1080 2650 1108 2673 et
1120 2644 1218 2672 horum
1228 2642 1350 2671 valorem
1364 2641 1466 2670 celans.
1478 2638 1537 2667 Non
1551 2638 1624 2666 enim
1635 2640 1666 2664 ut
1679 2636 1761 2663 homo

970 2697 1062 2721 meme
1076 2695 1103 2719 et
1135 2697 1262 2719 sermone
1282 2687 1418 2724 superbus
1430 2705 1438 2718 ,
1453 2691 1554 2719 corpus
1574 2684 1694 2719 expetit,
1713 2681 1763 2709 scd

884 2791 999 2819 ΝΟΤᾹΞ.

153 2861 209 2896 (ιθ)
225 2860 268 2889 cr.
285 2869 311 2896 q.
330 2861 430 2890 ccxu.
