1886 3071
137 135 206 168 1227

715 134 846 165 PHOTII
860 134 1114 167 PATRIARCHzE
1133 135 1188 165 CP.

1685 133 1756 166 1E8

135 196 164 218 ut
181 189 375 219 misericordiae
392 193 419 216 et
433 188 590 217 liberalitati
604 189 711 217 deditus
722 210 730 223 ,
746 190 773 217 in
798 190 917 225 sepultu-

1010 199 1094 224 ιενος,
1111 190 1195 222 οὕτως
1210 188 1336 224 τὸ⁶σῶμα
1352 187 1489 225 ἐπιζητεῖ,
1508 188 1566 215 ἀλλ’
1577 187 1615 221 ὡς
1629 187 1664 215 ἂν
1679 188 1762 225 ἐλαίῳ

137 242 196 262 ram
214 239 352 262 mortuum
367 233 450 268 petit;
468 238 495 261 et
515 233 617 260 accedit
636 233 670 260 ad
691 233 822 268 Pilatum,
839 235 921 262 timo-

136 287 194 306 rem
209 284 236 307 et
251 286 379 314 pavorem
407 278 559 310 excutiens,
575 279 654 312 quasi
671 278 786 306 consilio
802 286 920 306 consen-

136 327 215 356 tiens.
237 325 337 353 deferri
353 332 454 359 corpus
477 324 578 352 mortui
594 324 737 358 hortatur;
765 324 820 360 jam
847 325 921 352 enim

135 379 283 406 parasceve
302 371 443 398 occidente
456 371 514 398 sole
530 370 682 402 desinebat.
698 375 724 398 et
747 371 790 398 lex
810 370 921 399 Sahbati

135 418 260 452 prasenti
275 417 468 450 illucescebat;
490 422 517 444 ct
542 417 706 452 persuadere
730 417 818 452 magis
844 422 922 446 ratus

133 467 185 495 est,
201 463 286 497 legem
299 463 401 498 pariter
417 462 587 497 praetendens
599 483 607 494 ,
626 470 678 497 qua
696 463 838 490 vetabatur
855 471 919 492 sus-

133 517 217 543 pensa
243 517 354 536 manere
379 516 494 543 corpora
519 508 724 537 cruciﬁxorum.
744 509 830 538 ιιιᾱωί
847 511 920 538 enim

133 555 186 581 alia
201 558 295 581 contra
321 554 406 588 legem
427 557 547 588 agentes,
561 558 587 581 et
609 559 701 588 aperta
717 553 807 581 fronte
829 555 919 589 patria

133 598 259 625 instituta
287 597 539 631 transgredientes,
567 597 591 624 si
620 597 685 632 quid
713 597 845 624 voluntati
865 606 918 625 non

133 643 301 671 contrarium
317 643 489 676 occurrebat,
501 647 528 670 et
542 642 702 670 facillimum
717 645 865 679 completu,
881 645 919 672 le-

133 690 174 724 gis
186 690 213 717 in
229 690 281 717 hoc
298 690 479 717 reverentiam
493 689 637 716 curabant.
662 689 700 716 Da
721 690 787 717 mihi
801 709 808 722 ,
831 689 920 725 inquit

132 734 233 770 Joseph
246 757 252 768 ,
277 735 299 762 si
316 735 377 768 vis,
395 735 511 769 sepelire
536 742 635 768 corpus
655 733 722 761 Jesu
752 742 833 768 quem
862 735 918 761 noti

132 787 229 807 omnes
244 780 467 814 derelinquentes
484 779 630 812 abierunt;
655 777 735 813 cujus
755 778 834 804 multi
854 785 920 805 con-
932 786 941 789 ν

132 827 279 853 currebant
293 826 319 852 in
331 826 459 861 passione
473 829 653 860 spectatores,
667 832 739 851 nunc
752 829 843 851 autem
856 824 918 850 nul-

971 237 1019 264 καὶ
1029 236 1221 272 φιλανθρωπίᾳ
1237 235 1333 268 διδοὺς,
1350 236 1390 268 είς
1407 235 1495 270 ταφὴν
1516 235 1632 262 αἰτεῖται
1650 234 1696 261 τὸν
1716 242 1761 261 νι-

970 283 1047 317 κρόν·
1061 282 1109 309 καὶ
1124 282 1264 317 πρόσεισι
1277 281 1336 316 μὲν
1349 281 1390 314 τῷ
1401 279 1529 314 Πιλὰτφ,
1546 279 1626 307 ὄκνον
1652 279 1759 306 ἅπαντα

970 329 1018 355 καὶ
1035 327 1117 362 φόϐον
1146 327 1381 362 ἁπορῥιψάμενος,
1395 324 1440 353 οἷα
1458 326 1487 353 δὲ
1499 326 1598 362 βουλῆς
1612 325 1758 358 κοινωνῶν,

970 374 1167 409 κατενεχθῆναι
1179 373 1209 400 τὸ
1222 373 1304 408 σῶμα
1322 373 1369 400 τοῦ
1388 372 1549 407 τεθνηκότος
1568 371 1757 406 συμϐουλεύει.

973 420 1042 453 Ἤδη
1059 420 1114 455 γὰρ
1127 420 1176 455 τῆς
1190 419 1368 454 παρασκευῆς
1389 419 1448 448 ταῖς
1465 416 1513 444 τού
1540 417 1618 453 ἡλίου
1642 417 1761 452 δυσμαῖς

970 465 1220 501 συνυποληγούσης,
1232 464 1300 490 καὶὸ
1310 463 1357 490 τοῦ
1371 462 1509 490 Σαϐϐάτου
1520 463 1602 497 νόμος
1615 463 1648 497 τῇ
1663 461 1760 488 ἐπιού-

970 518 1005 546 σῃ
1018 509 1237 543 συνανεφαίνετο·
1259 508 1306 534 καὶ
1328 507 1513 542 πιθανώτερος
1528 506 1626 539 ἐδόκει,
1642 505 1689 533 καὶ
1712 506 1760 532 τὸν

969 557 1051 591 νόμον
1065 556 1130 586 ἴσως
1158 553 1315 588 ὑποφαίνων
1327 572 1335 586 ,
1350 553 1384 580 δι’
1406 553 1436 579 ὂν
1450 553 1500 579 οὐκ
1522 553 1605 588 ἐχρῆν
1632 552 1759 587 μετέωρα

970 602 1061 637 μένειν
1077 601 1119 627 ἐτι
1129 601 1164 628 τὰ
1177 599 1293 635 σώματα
1310 600 1363 626 τῶν
1378 600 1466 634 άνῃρη
1472 599 1570 633 μένων.
1583 597 1624 624 Τὰ
1638 597 1687 633 μὲν
1703 597 1760 633 γὰρ

968 647 1036 675 ἄλλα
1048 647 1103 673 τῶν
1125 646 1259 673 Ἰουδαίων
1273 645 1416 679 ὲκθέσμως
1437 644 1620 679 πραττόντων,
1634 643 1681 670 καὶ
1693 643 1761 669 ἁπε-

971 692 1129 729 ρικαλύπτῳ
1143 693 1175 727 τῇ
1192 691 1296 726 κεφαλῇ
1310 691 1364 717 τῶν
1380 689 1501 725 πατρίων
1521 688 1758 723 ἐκδιαιτωμένων,

969 739 998 764 ὲν
1009 735 1049 770 οίς
1063 737 1140 764 οὐδὲν
1160 736 1306 763 ἀντίπαλον
1332 735 1380 762 τοῦ
1404 735 1555 771 θελήματος
1568 734 1686 769 ἀπήντα,
1710 734 1760 760 καὶ

970 785 1067 820 ῥᾷστον
1094 781 1128 819 ἦν
1156 783 1307 816 ἐκτελέσαι,
1319 783 1337 816 ἡ
1359 782 1427 817 περιέ
1443 782 1506 813 τοὺς
1523 781 1621 816 νόμους
1632 779 1762 807 εὐλάϐεια

968 827 1181 860 κατεσπούδαζε,
1195 828 1251 855 Καὶ
1260 828 1304 860 δός
1322 835 1378 863 μοι,
1392 827 1475 862 φησὶν
1491 827 1505 853 ό
1524 826 1635 862 Ἰωσὴφ,
1648 826 1674 852 εί
1696 824 1761 860 βού-

133 873 175 898 lus
192 872 353 906 permansit,
374 879 408 899 ne
424 871 574 898 amicorum
590 870 711 905 quidem,
731 870 765 897 ad
783 869 917 905 sepelien-

1012 895 1018 907 ,
1034 874 1116 909 θάψαι
1126 874 1172 900 τὸν
1184 873 1280 909 νεκρὸν
1294 873 1340 900 τοῦ
1361 872 1461 907 Ἰησοῦ,
1473 872 1503 899 ὃν
1516 871 1675 906 οίιγνωστοὶ
1689 871 1758 897 πάν-

132 917 209 950 dum,
228 917 305 944 abest
317 924 333 944 a
347 921 373 944 te
384 917 417 943 de
431 923 516 949 regno
536 919 626 942 metus
640 923 648 945 ;
673 920 796 942 mortuus
814 918 855 942 est
871 916 918 950 qui

133 967 295 997 potestatem
318 962 494 998 magistratus
521 965 705 996 occupaturus
728 961 917 989 incusabatur.

132 1008 171 1035 Ad
190 1008 276 1043 ipsam
294 1008 482 1043 apparentiam
497 1015 595 1042 expers
608 1007 684 1034 visus
699 1011 742 1033 est
768 1007 857 1034 omnis
877 1007 919 1034 in—

130 1052 260 1085 justitite:
276 1059 356 1086 quem
373 1052 568 1086 prophetarum
591 1050 759 1078 interfectrix
782 1051 874 1086 lingua
891 1057 918 1079 et

131 1105 185 1124 vox
202 1103 228 1124 et
243 1105 352 1130 manus,
364 1102 390 1125 te
410 1097 481 1124 ferre
495 1101 624 1125 censente
648 1097 838 1124 humaniorem
853 1105 917 1125 sen-

132 1143 257 1174 tentiam,
276 1143 327 1170 sub
341 1143 543 1170 damnationem
562 1142 659 1169 mortis
676 1142 850 1170 induxerunt.
880 1143 917 1169 Da

132 1187 198 1214 mihi
212 1195 333 1214 annuere
347 1187 472 1223 gratiam,
491 1195 538 1222 per
559 1194 642 1222 quam
659 1187 728 1214 alios
744 1187 854 1214 minime
869 1188 916 1214 Iae-

132 1233 196 1259 dere
210 1237 305 1267 potes;
332 1241 384 1260 non
400 1232 473 1260 enim
489 1231 645 1260 Judaeorum
669 1232 749 1260 turba
766 1240 836 1273 aegre
850 1233 918 1260 feret

132 1279 154 1306 si
170 1283 240 1306 terra
253 1279 558 1307 noveritabsconditum
571 1279 722 1307 inimicum.
736 1279 820 1314 Magis
835 1279 918 1313 igitur

132 1325 270 1358 dolebunt,
296 1325 319 1352 si
336 1331 474 1353 mortuum
495 1333 576 1360 quem
591 1326 704 1352 oderant
730 1326 860 1355 viderint,
890 1325 916 1352 id

134 1376 188 1402 est,
201 1378 295 1398 eorum
313 1371 453 1398 victimam
476 1379 557 1399 cruce
579 1371 790 1406 triumphantem
802 1366 929 1398 cernen?

132 1417 199 1444 tium
220 1417 424 1444 miserationem
441 1417 633 1449 adducentem,
656 1421 684 1444 et
698 1417 915 1452 crueiiigeutium

131 1463 319 1490 crudelitatem
330 1463 496 1498 exprobrare
504 1463 697 1497 inspirantem;
708 1470 797 1497 neque
804 1463 919 1490 Caesaris

131 1508 284 1535 alnicitiam
302 1516 357 1543 pra:
372 1516 402 1536 se
413 1507 514 1535 ferent.
532 1507 592 1534 Non
608 1516 649 1540 es,
665 1508 796 1541 dicentes,
814 1508 919 1535 amicus

131 1553 258 1585 Caesaris,
272 1553 295 1580 si
310 1554 426 1581 cadaver
445 1553 553 1580 dederis
563 1557 636 1579 terra
651 1553 774 1587 sepeliri;
788 1553 847 1580 sine
864 1554 920 1580 hae-

132 1598 271 1630 sitatione,
289 1598 312 1626 si
330 1599 369 1625 vis
381 1603 497 1630 tantum,
513 1598 668 1632 implebitnr
685 1606 745 1626 mea
761 1599 917 1634 postulatio.

132 1642 245 1670 Talibus
255 1642 335 1670 Pilati
346 1646 464 1670 mentem
479 1643 621 1670 incantans
632 1643 733 1675 verbis,
748 1644 918 1678 propositum

131 1689 245 1722 obtinet,
260 1694 287 1716 et
306 1690 391 1716 sumit
403 1689 528 1717 avulsum
544 1696 645 1724 corpus
660 1688 738 1722 Jesu,
751 1694 778 1717 ct
800 1690 917 1718 assuetis

131 1735 249 1762 honorat
265 1735 347 1762 curis.

967 928 1012 952 τες
1030 919 1130 955 ᾤχοντο
1147 919 1356 952 καταλιπόντες,
1371 915 1401 946 οὗ
1417 918 1511 944 πολλοὶ
1536 917 1587 953 μὲν
1611 917 1762 952 συνέρρεον

969 965 1015 992 ἐπὶ
1027 966 1066 1000 τῷ
1081 965 1163 992 πάθει
1180 965 1276 992 θεαταὶ
1305 964 1352 991 νῦν
1368 964 1389 991 δ’
1414 963 1502 995 οὐδεὶς
1528 963 1683 998 ὑπέμεινεν,
1696 961 1762 988 οὐδὲ

968 1009 1022 1036 τῶν
1047 1010 1142 1045 φίλων,
1163 1010 1354 1044 ὲνταφιαστής.
1372 1007 1487 1035 Ἀπεστι
1513 1015 1553 1034 σοι
1573 1006 1654 1041 φόϐος
1680 1006 1762 1041 βασι-

968 1055 1052 1087 λείας·
1067 1055 1198 1090 τέθνηκεν
1211 1056 1226 1082 ὁ
1238 1055 1268 1082 τὸ
1280 1055 1381 1091 κράτος
1398 1054 1448 1089 μὲν
1463 1055 1512 1089 τῆς
1531 1053 1656 1085 ἐξουσίας
1669 1052 1762 1087 ἁρπα-

959 1110 1014 1138 ,σαι
1032 1100 1280 1136 κατηγορούμενος,
1301 1101 1382 1136 μέχρι
1395 1100 1423 1127 δὲ
1436 1100 1483 1126 καὶ
1499 1099 1582 1134 αὐτῆς
1596 1098 1760 1134 προφάσεως

968 1146 1056 1177 άθὼος
1078 1147 1172 1180 ὀφθεὶς
1194 1146 1293 1177 παντὸς
1308 1146 1485 1180 ἀδικήματος·
1502 1145 1531 1171 ὃν
1543 1143 1761 1179 προφητοκτόνος

967 1189 1078 1225 γλῶσσα
1092 1191 1139 1218 καὶ
1153 1191 1229 1225 φωνὴ
1247 1190 1294 1217 καὶ
1313 1191 1415 1225 χεῖρες,
1442 1188 1488 1215 σοῦ
1511 1187 1652 1218 δοκοῦντος
1665 1185 1762 1221 φέρειν

968 1236 1225 1272 φιλανθρωποτέραν
1250 1236 1350 1271 ψῆφον,
1376 1235 1428 1262 ύπδ
1447 1235 1538 1270 κρίσιν
1561 1234 1663 1268 ήγαγον
1678 1232 1762 1259 θανά-

967 1293 1024 1310 του.
1041 1284 1090 1314 Δός
1106 1292 1150 1318 μοι
1165 1283 1244 1318 χάριν
1271 1283 1425 1318 ὁμολογεῖν,
1448 1282 1481 1308 δι’
1503 1279 1536 1317 ἧς
1548 1281 1658 1316 ἐτέρους
1683 1280 1762 1306 οὖδὲν

967 1329 1087 1364 ζημιοῖς.
1105 1328 1173 1356 Οὐδὲ
1186 1329 1250 1364 γὰρ,
1268 1329 1321 1355 οὐδ’
1333 1330 1347 1355 ὁ
1363 1328 1416 1354 τῶν
1439 1327 1573 1354 Ἰουδαίων
1588 1326 1665 1362 όχλος
1683 1327 1762 1353 ἀνιά-

968 1383 1044 1401 σεται
1059 1376 1094 1410 γῇ
1109 1374 1239 1409 μαθόντες
1251 1375 1297 1401 τὸν
1313 1375 1412 1410 ἐχθρὸν
1425 1373 1638 1408 καλυπτόμενον.
1651 1373 1762 1400 Μᾶλλον

973 1421 1022 1456 μὲν
1035 1420 1298 1456 οὖνηδυσχεραίνουσι
1310 1421 1356 1447 καὶ
1375 1419 1469 1455 νεκρὸν
1489 1419 1534 1445 τὸν
1551 1419 1597 1445 ὑπ’
1612 1418 1701 1445 αὐτῶν
1718 1427 1763 1452 μι-

971 1466 1103 1501 σούμενον
1119 1466 1273 1501 βλέποντες·
1297 1466 1376 1493 τοῦτο
1400 1466 1448 1502 μὲν
1472 1465 1521 1500 τὴν
1539 1464 1628 1491 αὐτῶν
1650 1471 1762 1498 μιαιφο-

968 1512 1028 1539 νίαν
1043 1512 1082 1547 τῷ
1099 1512 1208 1547 σταυρῷ
1224 1512 1424 1548 θριαμϐεύοντα
1437 1531 1445 1543 ,
1461 1511 1539 1538 τοῦτο
1559 1511 1588 1536 δὲ
1604 1510 1659 1536 τῶν
1675 1509 1761 1543 όρών-

967 1567 1022 1584 των
1033 1558 1079 1584 τὸν
1093 1558 1167 1584 ἑλεον
1181 1559 1305 1590 ἕλκοντα,
1319 1559 1366 1585 καὶ
1383 1557 1436 1584 τῶν
1453 1556 1762 1592 σταυρωσάντωνὲκκα-

968 1603 1098 1639 λούμενον
1124 1604 1306 1639 μυσάττεσθαι
1327 1604 1376 1639 τὴν
1390 1603 1529 1638 ὠμότητα·
1547 1602 1606 1629 οὐδε
1623 1602 1673 1635 τὴν
1694 1601 1762 1628 Καί-

971 1658 1056 1684 σαρος
1082 1650 1249 1677 ἐπισείσουσι
1271 1650 1362 1685 φιλίαν
1375 1670 1383 1682 ,
1402 1650 1458 1676 υύκ
1469 1647 1494 1676 εί
1520 1649 1606 1684 φίλος,
1622 1648 1760 1682 λέγοντες.

970 1694 1016 1721 τοῦ
1035 1695 1186 1731 Καίσαρος,
1202 1696 1226 1723 εί
1239 1696 1334 1731 νεκρὸν
1346 1696 1423 1728 δίδως
1436 1697 1469 1730 τῇ
1485 1696 1520 1730 γῇ
1535 1693 1760 1729 κατορύττεσθαι.

978 1740 1205 1776 ’Δπροφάσιστος,
1218 1743 1245 1768 εἰ
1263 1742 1350 1777 βούλει
1365 1742 1459 1777 μόνον,
1473 1741 1490 1776 ή
1504 1741 1641 1776 πλήρωσις
1656 1741 1706 1774 τῆς
1719 1739 1762 1764 αἱ-

130 1783 245 1817 τήσεως-
261 1781 373 1813 Τούτοις
382 1781 432 1818 τὴν
447 1781 494 1808 τοῦ
506 1780 623 1809 Πιλάτου
641 1781 802 1816 κατεπᾴδων
832 1783 932 1820 ψυχὴν,
952 1788 1082 1823 τυγχάνει
1101 1788 1148 1815 τοῦ
1167 1788 1288 1821 σκοποῦ,
1309 1788 1356 1814 καὶ⁴
1381 1786 1516 1822 λαμϐάνει
1553 1785 1718 1820 καθαιρεθὲν
1729 1793 1762 1821 ἐδ

131 1828 211 1864 σῶμα
230 1828 276 1856 τοῦ
298 1828 397 1865 Ἰησοῦ,
411 1828 513 1864 καὶτῆς
525 1828 657 1864 συνήθους
677 1829 748 1862 ἀξιοῖ
764 1830 916 1866 φροντίδος.

166 1876 303 1911 Ejusdem.
324 1875 434 1912 Myrrha
453 1876 538 1911 igitur
552 1883 657 1910 ungens
682 1883 709 1905 et
731 1878 790 1906 aloe
816 1887 917 1913 corpus

133 1922 252 1955 Domini,
267 1923 339 1957 quod
353 1922 469 1950 mortuis
484 1922 556 1957 apud
569 1921 678 1951 Iudaeos
695 1924 783 1951 honor
798 1924 920 1953 funebris

131 1974 201 2002 erat,
219 1974 245 1997 et
262 1969 423 1996 mortuariis
439 1969 632 2005 circumligans
649 1969 741 1998 fasciis
756 1991 763 2003 ,
791 1971 818 1998 in
848 1978 920 1998 novo

132 2015 244 2049 deponit
260 2019 447 2042 monumento.
470 2014 576 2042 Novum
600 2020 690 2041 autem
711 2021 917 2043 monumentum

131 2061 252 2096 paravitf,
270 2066 300 2087 ut
323 2060 374 2094 ipsi
397 2060 511 2088 Domina
525 2061 663 2095 quomodo
679 2062 767 2095 potuit
786 2062 918 2088 honorem

133 2106 234 2142 Joseph
249 2111 430 2141 expromeret.
463 2106 623 2141 Sepulcrum
646 2108 718 2134 enim
742 2115 843 2134 novum
864 2112 923 2135 erat

133 2158 160 2180 ‹;ι
179 2153 331 2187 proprium,
361 2160 415 2179 non
440 2157 528 2179 autem
549 2160 716 2185 commune,
743 2158 770 2180 et
797 2154 923 2188 plurimis

1010 1879 1064 1907 Τοῦ
1080 1879 1184 1906 αὐτοῦ.
1200 1878 1327 1914 Σμύρνης
1347 1874 1394 1904 οὖν
1420 1875 1595 1903 ὲπιπλάσσων
1617 1875 1665 1901 καὶ
1679 1873 1762 1909 ἀλόης

972 1925 1002 1952 τδ
1018 1926 1097 1961 σῶμα
1109 1925 1139 1952 te
1153 1923 1326 1957 Δεσποτικδν,
1350 1923 1365 1950 ὃ
1387 1924 1444 1954 τοῖς
1468 1921 1614 1948 τελευτῶσι
1638 1921 1715 1955 παρὰ
1728 1929 1761 1955 γε

972 1973 1030 2000 τοῖς
1045 1972 1185 2003 ’1ουδαίοις
1197 1970 1264 2006 τιμὴ
1272 1969 1425 2000 τελευταία,
1435 1968 1481 1994 καὶ
1494 1969 1549 1999 τοῖς
1564 1966 1763 2002 νεκροστολίοις

972 2016 1153 2052 περιελίσσων
1181 2015 1312 2047 ὀθονίοις,
1327 2014 1395 2050 πρὸς
1419 2013 1458 2048 τῷ
1484 2011 1571 2047 καινῷ
1595 2011 1761 2046 κατατίθησι

975 2063 1110 2098 μνημείῳ⁸
1130 2062 1223 2089 καινὸν
1238 2061 1267 2088 δὲ
1279 2061 1309 2088 τὺ
1331 2061 1462 2096 μνημεῖον
1475 2057 1694 2093 παρεσκεύαστο,
1709 2057 1761 2084 αὒ-

972 2108 1012 2143 τῷ
1027 2117 1059 2134 τε
1071 2108 1111 2143 τῷ
1129 2107 1253 2143 Δεοπότῃ
1275 2107 1321 2132 τὸν
1339 2105 1450 2132 δυνατὸν
1467 2105 1568 2140 τρόπον
1591 2102 1638 2129 τοῦ
1661 2102 1761 2138 Ἰωσὴφ

974 2154 1056 2189 τιμὴν
1083 2153 1287 2189 ἐξευρίσκοντος
1302 2162 1309 2168 ·
1323 2153 1408 2188 τάφος
1425 2153 1479 2188 γὰρ
1503 2151 1595 2183 καινὸς
1610 2151 1658 2177 καὶ
1683 2150 1759 2182 ἴδιος,

141 2199 350 2225 :ontaminatum
365 2199 542 2232 corporibus,
562 2203 597 2237 qut
623 2198 649 2225 in
676 2199 792 2226 mortuis
816 2200 917 2234 sepulto

1010 2200 1042 2227 λὰ
1059 2200 1096 2235 μὴ
1110 2199 1198 2231 κοινὸς
1213 2199 1261 2225 καὶ
1275 2199 1382 2230 πολλοῖς
1391 2197 1626 2232 ἐκλελυμασμένος
1639 2196 1759 2230 σώμασι,

137 2244 316 2271 reverentiam
331 2248 456 2279 praestet;
481 2249 508 2271 et
523 2244 658 2278 duplicem
680 2244 714 2271 ob
729 2245 809 2271 aliam
828 2246 920 2279 dispo-

133 2290 213 2317 sitam
227 2297 242 2317 a
255 2289 311 2317 Deo
326 2298 437 2317 causam
450 2298 456 2316 :
469 2291 554 2324 primo
566 2290 686 2324 quidem,
703 2298 736 2317 ne
751 2298 813 2318 cum
831 2299 922 2318 resur-

134 2336 263 2364 ret-tionis
292 2336 452 2363 miraculum
484 2336 664 2370 contigisset,
697 2337 731 2363 ab
757 2337 920 2364 audentibus

133 2380 223 2407 omnia
235 2379 337 2408 Iudaeis
351 2385 378 2407 et
391 2387 444 2407 non
465 2381 690 2408 erubescentibus
706 2382 777 2409 alius
804 2383 919 2416 quidam

133 2427 356 2462 consepultorum
374 2427 529 2461 divulgatus
544 2426 634 2459 foret,
669 2435 723 2454 non
752 2428 796 2454 ille
812 2429 857 2462 qui
887 2429 921 2456 ab

133 2474 188 2502 illis
203 2474 236 2501 ad
249 2481 358 2501 crucem
376 2473 574 2500 condemnatus
586 2479 654 2506 erat,
669 2478 849 2507 mortuorum,
861 2483 921 2502 sur-

134 2518 254 2550 rexisse;
274 2517 320 2544 sed
331 2521 361 2544 ut
371 2517 424 2544 illis
435 2517 615 2552 untlequaque
628 2518 820 2552 praecideretur
831 2519 920 2546 omnis

133 2562 266 2589 mendacii
285 2567 311 2588 ot
326 2562 353 2589 in
366 2562 450 2589 Deum
466 2563 522 2590 odii
539 2563 658 2591 occasio.
678 2563 804 2592 Secundo
817 2569 919 2597 autem,

133 2616 166 2635 ne
182 2609 338 2636 viderentur
363 2609 419 2636 sola
441 2609 486 2637 illa
503 2617 517 2636 e
539 2611 664 2644 sepulcro
680 2611 836 2639 surrexisse
854 2619 918 2637 cor-

133 2662 209 2688 pora,
229 2654 329 2688 quibus
350 2655 457 2682 Domini
479 2663 578 2691 corpus
594 2657 759 2692 applicatum
783 2661 809 2684 et
824 2657 919 2684 admo-

133 2703 192 2726 tum
223 2699 338 2733 luisset;
366 2700 439 2736 quod
466 2702 548 2728 etiam
579 2702 614 2729 ab
644 2703 736 2736 aliquo
761 2708 918 2730 sanctorum

132 2752 247 2780 rorpore
263 2745 368 2774 vivente
381 2747 470 2774 adhuc
485 2747 636 2781 dill‘erebat,
654 2752 682 2775 et
696 2756 710 2774 a
723 2747 827 2775 fortiori
844 2756 918 2775 mor-

134 2797 190 2818 tuo.
208 2790 261 2818 Sed
283 2797 322 2825 ut,
348 2797 477 2829 tanquam
497 2801 579 2828 super
602 2794 695 2820 omnia
725 2794 807 2822 fuerit
824 2799 918 2821 contra

133 2837 268 2865 infernum
298 2840 417 2873 potentia
446 2839 552 2867 Domini
579 2839 768 2872 manifestata,
798 2840 917 2868 nondum

970 2245 1019 2280 τὴν
1033 2244 1070 2276 ὼς
1086 2245 1114 2270 ὲν
1124 2245 1229 2279 νεκροῖς
1242 2244 1281 2279 τῷ
1292 2244 1455 2279 θαπτομένῳ
1467 2242 1614 2278 προσνέμει
1629 2241 1761 2276 σεμνότη-

970 2298 1015 2316 τα·
1040 2290 1086 2316 καὶ
1100 2289 1197 2324 διπλῆς
1220 2289 1304 2324 ἄλλης
1326 2288 1554 2323 οἱκονομουμένης
1568 2287 1656 2317 atria;
1667 2286 1758 2317 ἕνεκα,

973 2336 1038 2371 μιᾶς
1056 2336 1114 2370 μὲν,
1140 2335 1183 2361 ἵνα
1202 2334 1240 2370 μὴ
1253 2335 1300 2361 τοῦ
1319 2336 1369 2369 τῆς
1384 2335 1558 2364 ἀναστάσεως
1580 2332 1758 2366 ἐπιτελουμέ-

971 2390 1017 2409 νου
1033 2381 1173 2416 θαύματος
1187 2383 1244 2412 τοῖς
1259 2381 1347 2407 πάντα
1365 2380 1485 2415 τολμῶσι
1503 2380 1549 2405 καὶ
1562 2376 1758 2412 ἀναισχυντθῦ-

971 2436 1013 2454 σιν
1034 2426 1183 2460 Ἰουδαίοις,
1200 2427 1277 2458 ἄλλος
1294 2435 1334 2458 τις
1349 2427 1403 2453 τῶν
1417 2424 1644 2460 συντεθαμμένων
1658 2425 1757 2458 ἐπιφη-

973 2472 1066 2508 μισθῇ,
1079 2473 1128 2507 οὐχ
1151 2473 1166 2498 ό
1177 2473 1242 2508 παρ’
1258 2472 1346 2498 αὐτῶν
1357 2471 1394 2506 τῷ
1406 2471 1515 2506 σταυρῷ
1526 2469 1759 2504 καταδεδικασμέ-

971 2526 1026 2550 νος,
1047 2518 1100 2544 τῶν
1116 2518 1220 2553 νεκρῶν
1233 2517 1422 2552 ἀνιστάμενος,
1438 2517 1493 2543 ἀλλ’
1508 2517 1550 2542 ἵνα
1570 2516 1662 2547 αὐτοῖς
1688 2524 1756 2541 παν-

970 2561 1111 2600 ταχόθενῇ
1125 2564 1199 2590 πᾶσα
1211 2563 1386 2599 ψευδολογίας
1413 2564 1460 2589 καὶ
1475 2561 1622 2598 θεομαχίας
1647 2569 1758 2596 neptu-

972 2611 1098 2647 κομμένη
1115 2612 1250 2647 πρόφασις
1263 2620 1270 2626 '
1285 2611 1380 2646 ἐτέρας
1402 2612 1440 2643 δὲ,
1458 2611 1505 2637 τοῦ
1528 2610 1566 2645 μὴ
1588 2609 1664 2641 δόξαι
1689 2609 1757 2635 τισὶν

970 2659 1062 2685 ἐκεῖνα
1081 2658 1149 2693 μόνα
1176 2658 1230 2684 τῶν
1245 2658 1378 2692 σωμάτων
1392 2657 1571 2691 ἐξαναστῆναι
1587 2655 1635 2683 τοῦ
1657 2655 1754 2689 τάφου,

970 2701 1009 2736 οἷς
1023 2704 1053 2730 τὸ
1068 2704 1231 2730 Δεσποτικὸν
1247 2703 1415 2738 ὲπεχωρίαζε
1430 2703 1509 2737 σῶμα
1523 2702 1571 2728 καὶ
1581 2701 1755 2736 ἐπλησίαζεν

970 2749 1001 2775 ὃν
1018 2749 1064 2776 καί
1083 2757 1155 2780 τινος
1171 2749 1224 2775 τῶν
1247 2749 1333 2782 ἁγίων
1359 2748 1442 2774 πάλαι
1470 2747 1517 2773 καὶ
1532 2746 1632 2778 ζῶντος
1653 2746 1694 2772 ἔτι
1717 2746 1756 2771 δι-

971 2794 1146 2830 επέπρακτο,
1164 2796 1211 2822 καὶ
1234 2794 1266 2822 αὖ
1285 2795 1506 2830 τελευτήσαντος
1526 2793 1593 2820 ἀλλὰ
1618 2794 1652 2819 ἶν’
1664 2793 1756 2827 ὥσπερ

970 2839 1040 2875 ὑπὲρ
1057 2840 1163 2868 πάντων
1181 2840 1223 2876 εἴη
1238 2840 1269 2867 τὸ
1285 2840 1356 2868 κατὰ
1369 2840 1414 2867 τοῦ
1435 2839 1497 2874 ᾅδου
1514 2840 1612 2875 κράτος
1627 2839 1640 2865 ό
1654 2834 1754 2865 Δεσπό-
