1886 3071
116 165 186 198 1229

713 167 944 199 FRAGMENTA
954 166 995 196 IN
1012 167 1153 198 LUCAM.

1681 167 1750 200 1230

113 233 164 259 της
175 223 398 260 ἀναδεδεγμένος,
415 224 487 252 οὕτω
504 225 552 252 καὶ
560 224 614 252 τῶν
627 224 766 260 πανταχοῦ
787 226 838 260 γῆς
858 234 887 252 κο

1009 233 1063 260 que
1091 233 1139 261 per
1157 230 1245 254 terras
1268 230 1296 254 et
1326 226 1414 254 maria
1433 225 1544 262 agitatis
1571 227 1747 262 corporibus,

115 270 255 305 θαλάσσης
271 270 474 307 διερριμμένων
489 271 635 306 σωμάτων,
648 272 695 298 καὶ
708 272 776 306 πυρὶ
789 273 837 298 καὶ
849 271 911 307 ἀέρι

113 317 360 352 διεσκεδασμένων,
375 317 512 353 λαμπρῶς
527 318 684 353 ὲπιγνωσθῇ
696 318 736 353 τῷ
750 318 844 353 οίκείῳ
858 318 912 345 πά-

116 362 159 390 θει
187 363 429 399 διαπεπραγμένος
452 364 502 400 τὴν
515 364 682 392 ἀνάστασινο
699 363 740 396 οἷς
755 364 809 400 γὰρ
832 365 913 392 τινῶν

120 409 171 444 μὲν
186 409 218 435 οὺ
239 409 423 436 συνετέθαπτο
446 409 566 445 σώμασι,
589 409 684 436 πολλοὶ
703 409 733 436 δὲ
752 409 807 437 τῶν
823 410 914 444 ἁγίων

116 454 294 487 ἀναστάντες,
308 454 400 482 ἄλλοθί
412 463 463 481 που
481 455 529 482 καὶ
543 453 635 481 ἄλλοθι
647 455 695 482 καὶ
706 455 846 490 σποράδην
862 455 911 482 καὶ

113 500 145 526 οὗ
160 500 231 527 κατά
243 499 274 526 τὸ
289 500 453 527 Δεσποτικδν
478 500 575 536 μνῆμα
593 500 726 535 κείμενοι,
746 500 851 532 πολλοῖς
867 498 916 536 ἦλ-

119 537 166 572 θον
181 546 222 577 εἰς
232 545 396 581 ἐμφάνειαν·
411 545 457 572 διὰ
471 545 576 572 τούτων
603 545 704 581 μᾶλλον
719 546 824 582 τρανῶς
853 546 916 573 ὲπι-

116 591 267 623 δείκνυται,
285 591 324 628 μὴ
339 592 394 619 τῶν
408 591 470 627 μὲν,
483 592 577 620 τῶνδὲ
597 593 646 628 μὴ,
671 593 731 620 ἀλλ’
748 593 816 628 ὑπὲρ
843 593 912 620 πάν-

114 645 169 664 των
184 637 223 672 τῷ
233 638 355 673 Δεσπότῃ
366 637 424 672 ὂ,τε
439 638 555 670 θάνατος
566 639 750 674 γεγενημένος
763 639 812 665 καὶ
823 639 840 674 ἡ
850 639 918 666 ἀνά-

116 691 222 715 στασις·
237 683 282 710 διὰ
306 683 394 710 ταῦτα
408 683 462 719 γὰρ
474 681 521 711 οὖν
538 684 584 711 καὶ
596 684 718 716 τοιαῦτα,
741 684 834 716 καινὸς
847 684 862 710 ό
871 685 919 711 Δεε

115 728 245 761 σποτικδς
258 728 344 763 τάφος
361 729 400 765 τῷ
418 729 517 765 Ἰωσήφ
526 728 778 761 ἐλιάξευτοοέκείνου
797 731 848 765 μὲν
868 730 917 766 μὴ,

117 774 287 810 συνορῶντος
300 775 366 806 τσως
378 774 500 808 ἅπαντα,
516 775 589 802 ἀλλὰ
602 775 671 810 πρὸς
694 774 725 802 ἐν
737 783 780 810 γε,
798 776 849 811 τὴν
877 783 918 802 τι-

117 819 181 854 μὴν,
192 819 406 851 ἀτωῦλέποντος’
421 819 472 855 τῆς
493 819 568 850 θείας
581 819 624 853 δὴ
634 820 681 846 καὶ
696 819 782 846 ταῦτα
796 828 919 855 προκατ-

115 864 279 899 αρτιζούσης
297 866 346 891 καὶ
374 865 624 900 συνοικονομούσης
651 865 846 900 προγνώσεως.

152 910 192 946 [ρ.
201 898 265 937 516.
276 909 315 946 a.]
323 911 448 939 Mla”.
461 911 499 938 οὺ
509 898 563 947 μὴν
572 898 742 945 ὑποληπτέον
751 911 816 946 ὁτιὴ
826 911 914 946 παρά-
930 898 954 929 Β

116 954 195 986 δασις
204 955 268 987 τοὺς
276 956 433 991 ὀφθαλμοὺς
445 956 558 983 ἐκείνων
573 956 716 992 διήνοιξεν,
731 957 834 990 ἄπαγε.
845 957 914 984 Οὐδὲ

116 1001 182 1036 γὰρ,
196 1002 292 1028 οὐδ’ἐν
306 1002 376 1036 αὐτῇ
393 1002 550 1037 stupeﬁat;
564 1003 722 1038 γέγραπται
737 1003 801 1035 τοὺς
815 1002 915 1037 ὀφθαλ-

118 1047 184 1081 μοὺς
200 1047 291 1073 αὐτῶν
311 1047 472 1082 διηνοίχθαι,
494 1047 563 1074 ἀλλὰ
581 1047 649 1083 μετὰ
669 1048 719 1083 τὴν
745 1049 913 1084 παράϐασιν.

118 1092 207 1126 Ὅπερ
214 1091 335 1118 τοιοῦτόν
344 1092 416 1120 ἔστι.
428 1092 507 1119 Μετά
521 1093 568 1127 τὴν
584 1093 724 1128 ἁμαρτίαν
736 1093 774 1125 ὼς
784 1094 819 1121 τὰ
829 1095 914 1122 πολλά

117 1137 265 1171 ἐπίγνωσις
280 1136 328 1164 τοῦ
342 1137 543 1173 ἁμαρτήματος
557 1138 675 1172 γίνεται,
690 1139 738 1166 καὶ
752 1140 782 1166 τὸ
799 1140 913 1176 μέγεθος

117 1182 165 1209 τοῦ
191 1183 369 1219 τολμήματος
392 1183 455 1210 τότε
480 1184 583 1218 μᾶλλον
605 1184 837 1219 snt-{imbutum
858 1186 912 1213 Τοῦ

116 1228 172 1264 γὰρ
189 1229 423 1265 ἑπιπροσθοῦντος
447 1229 551 1261 πάθους
575 1231 622 1257 καὶ
637 1230 776 1263 κινοῦντος
804 1231 913 1266 οἴστρου

117 1274 187 1310 πρὸς
203 1274 252 1311 τὴν
262 1275 410 1310 ἁμαρτίαν,
426 1276 498 1310 μετά
519 1276 568 1311 τὴν
584 1275 720 1311 ἔκθεσμον
742 1277 842 1312 πρᾶξιν
862 1286 912 1304 πε-

118 1321 270 1356 παυμένον,
289 1322 350 1349 τότε
366 1321 460 1357 ὥσπερ
472 1322 606 1358 διακύψας
620 1323 670 1357 τῆς
687 1323 788 1357 πολλῆς
804 1323 914 1358 ἐκείνης

118 1368 219 1403 ἀχλύος
233 1370 247 1395 ό
261 1368 391 1404 λογισμὸς
401 1369 449 1395 καὶ
463 1369 605 1404 ἀνανήψας
617 1370 705 1405 ἐφορᾷ
720 1370 755 1396 τὰ
785 1378 913 1405 πεπραγ-

121 1413 190 1447 μένα
206 1413 253 1439 καὶ
279 1414 319 1444 εἰς
344 1413 404 1440 οῖαν
430 1414 596 1440 κατάστασιν
617 1414 647 1446 ἐξ
660 1414 719 1446 οἵας
749 1415 911 1450 μετηνέχθη,

120 1459 223 1493 μᾶλλον
245 1459 381 1495 λαμϐάνει
405 1460 455 1495 τὴν
473 1460 661 1495 συναίσθησιν,
677 1460 770 1487 καὶτὸ
794 1461 914 1493 συνειδὸς

119 1506 272 1541 τιτρῶσκον
285 1506 366 1533 αὐτὸν
382 1507 429 1533 καὶ
444 1506 577 1542 διεγεῖρον
592 1507 653 1542 ἔχον
664 1527 672 1540 ,
689 1506 830 1534 διαϐλέπει
845 1516 912 1543 τρα-

120 1551 172 1582 νῶς
189 1551 206 1578 ἃ
221 1551 268 1578 τοῦ
283 1551 385 1584 πάθους
401 1552 641 1588 ὲπιπροσθοῦντος,
653 1553 702 1588 οὐχ
723 1553 824 1588 ὁμοίως
837 1553 912 1580 ἔϐλε-

120 1607 182 1625 ’κεν⁸
200 1598 288 1630 ἄλλως
303 1598 331 1625 δὲ
346 1599 414 1634 πρδς
424 1599 474 1634 τὴν
482 1592 743 1634 ἀμαρτίαννὲκαστος
757 1600 865 1636 χωρῶν,
883 1598 923 1632 οἷς

121 1645 135 1670 ὁ
151 1645 266 1680 πονηρὸς
295 1644 517 1680 διαγαργαλίζων
546 1654 576 1672 τε
594 1646 641 1672 καὶ
661 1646 820 1680 ὑποθέλγων
850 1646 924 1681 ἡμᾶς

121 1691 276 1726 ἐκθηλῠνει,
293 1691 340 1718 καὶ
353 1692 453 1726 γνόφου
478 1691 588 1728 πληροῖ,
604 1693 815 1727 κεκαρωμένους
827 1693 923 1729 ὥσπερ

123 1739 201 1773 φέρει
223 1738 288 1770 τοὺς
311 1738 469 1774 λογισμοὺς,
485 1740 533 1766 καὶ
554 1740 755 1775 πεπηρωμένον
768 1740 798 1766 τὸ
812 1741 924 1767 ὸπτικδν

122 1784 172 1817 τῆς
184 1783 359 1818 διακρίσεως.
369 1784 447 1810 Μετὰ
456 1784 483 1810 δὲ
497 1783 546 1820 τὴν
563 1781 668 1820 ’πρᾶξιν
682 1784 729 1811 ὑπ’
743 1785 804 1820 δψιν
818 1785 879 1820 ἄγει
895 1786 924 1812 τὸ

122 1827 269 1863 τολμηθὲν,
283 1828 330 1855 καὶ
342 1829 527 1855 ἁνακαλὺπτει
541 1830 659 1865 πικρῶς,
674 1829 689 1855 ὃ
702 1830 835 1865 πρότερον
857 1831 923 1857 πο).-

123 1874 184 1906 λαῖς
204 1874 337 1909 μηχαναῖς
355 1875 567 1902 συνεκάλυπτεν·
587 1873 657 1908 εἷτα,
675 1875 716 1902 δι’
729 1872 767 1903 ὧν
790 1877 921 1912 κατάφωυ

125 1930 173 1957 ρον
185 1922 232 1948 τὸν
246 1921 328 1956 ὄγκον
345 1922 473 1950 ἀποτελεῖ
488 1923 535 1950 τοῦ
556 1923 742 1959 τολμήματος,
762 1924 830 1960 πρὸς
855 1925 921 1952 ἀπό·

124 1975 225 2000 γνωσιν
244 1966 326 1994 ὠθεῖν
349 1968 479 2004 πειρᾶται
493 1969 539 1995 τὸν
561 1969 769 2005 ἀμαρτήσαντα.
790 1970 825 1996 Τὸ
847 1970 923 2004 γοῦν,

125 2013 351 2048 Διηνοίκθησαν
376 2013 476 2041 αὐτῶν
499 2016 527 2042 οι
551 2015 755 2051 ὀφθαλμοῑ,οὐ
783 2016 850 2052 πρὸς
878 2017 924 2044 τὸν

126 2058 283 2094 ἔμπροσθεν
306 2059 413 2095 χρόνον,
425 2060 487 2086 οὐδὲ
512 2060 577 2095 πρὶν
594 2061 610 2097 ἢ
626 2062 675 2096 τῆς
689 2061 799 2096 ἐντολῆς
824 2062 925 2095 αὐτοὺς

125 2106 264 2137 ἐκπεσεῖν,
282 2105 487 2141 παραληπτέον.
500 2106 567 2133 Τότε
580 2107 634 2142 γὰρ
648 2107 839 2143 ήνεῳγμένους
851 2107 925 2143 εἶχον

127 2151 239 2187 μᾶλλον,
250 2152 335 2187 μήπω
343 2151 390 2178 τοῦ
407 2152 557 2187 δφεωςτοῖς
569 2153 745 2189 ψιθυρισμοῖς
753 2154 925 2182 ὑποκλαπέν-

127 2206 183 2230 τες,
193 2197 240 2224 καὶ
252 2198 368 2233 συνορᾷν
382 2198 413 2224 τὺ
423 2199 573 2233 πρακτέον,
590 2198 743 2234 ὲγρήγορον
757 2199 854 2235 ἔφερον
873 2200 923 2236 τὴν

964 279 1052 306 neque
1067 271 1095 299 in
1109 272 1171 307 igne
1189 277 1217 300 et
1234 279 1297 300 aere
1323 272 1468 308 dispersis,
1499 273 1572 300 clare
1597 278 1759 302 nosceretur

964 319 1076 353 propria
1094 318 1196 346 virtute
1215 319 1445 347 resurrectionem
1471 319 1635 354 patravisse.
1654 319 1760 353 Quibus

964 363 1039 390 enim
1057 371 1112 391 non
1138 364 1316 398 consepultus
1331 369 1391 393 erat
1411 365 1584 399 corporibus,
1602 365 1680 392 multi
1696 373 1760 392 san-

965 413 1076 436 ctorum
1095 414 1283 444 resurgentes,
1302 410 1338 437 ibi
1355 414 1382 437 et
1398 409 1464 437 alibi
1483 413 1511 437 et
1534 410 1635 444 passim
1663 413 1761 437 etnon

965 455 1049 490 juxta
1062 455 1171 483 Domini
1188 459 1397 483 monumentum
1408 455 1545 491 jacentes,
1566 455 1661 483 multis
1675 463 1761 491 appa-

966 506 1094 528 ruerunt.
1120 500 1171 528 Pcr
1190 501 1248 528 base
1272 505 1366 536 aperte
1394 501 1484 536 magis
1501 500 1675 533 ostenditur,
1704 509 1760 528 non

968 545 1077 578 horum,
1100 553 1190 580 neque
1212 545 1339 579 illorum,
1365 545 1415 574 sed
1438 546 1630 574 universorum
1645 544 1762 572 Domino

967 590 1069 619 factata
1079 599 1140 619 esse
1151 596 1269 619 mortem
1280 596 1307 619 et
1318 592 1560 620 resurrectionem.
1576 591 1691 626 Propter
1700 599 1762 626 quae

968 635 1051 670 igitur
1064 640 1091 662 et
1108 636 1184 669 talia,
1203 643 1304 663 novum
1317 635 1435 663 Domino
1454 637 1612 671 sepulcrum
1628 643 1645 663 a
1659 635 1762 670 Ioseph

968 680 1090 708 excisum
1106 685 1166 715 est;
1194 682 1241 716 qui
1271 681 1382 716 quidem
1409 690 1464 710 non
1487 683 1580 710 omnia
1601 682 1660 710 haec
1679 683 1763 711 simul

969 725 1090 758 videbat,
1106 726 1154 754 sed
1174 734 1270 759 unum,
1290 726 1422 755 honorem
1438 727 1554 760 scilicet,
1583 727 1761 761 intendebat;

969 772 1133 806 praevisione
1152 776 1243 799 autem
1255 772 1348 800 divina
1364 778 1464 801 cuneta
1479 777 1649 808 praeparante
1664 777 1692 800 et
1705 772 1764 801 dis-

969 822 1096 852 ponente.

1004 921 1079 949 CAP.
1096 921 1192 951 XXIV.
1212 922 1294 952 Vens.
1314 924 1359 952 5i.
1379 923 1481 951 Photii.
1499 923 1557 952 Non
1571 923 1700 959 equidem
1718 923 1763 951 in-

968 966 1143 1002 telligendum
1166 975 1263 996 eorum
1285 969 1382 996 oculos
1409 970 1628 1004 transgressione
1653 974 1764 1005 apertos

967 1011 1065 1046 fuisse,
1088 1014 1170 1042 absit.
1189 1013 1284 1049 Neque
1301 1016 1374 1042 enim
1406 1015 1433 1043 in
1465 1016 1523 1051 ipsa
1542 1016 1764 1051 transgressione

967 1058 1099 1093 scriptum
1116 1064 1158 1087 est
1173 1064 1283 1095 apertos
1299 1060 1383 1088 fuisse
1395 1069 1490 1090 eorum
1510 1061 1616 1094 oculos,
1638 1062 1683 1088 sed
1701 1065 1762 1096 post

968 1105 1225 1139 transgressionem.
1265 1105 1337 1134 Idem
1367 1111 1409 1134 est
1434 1107 1506 1142 quod
1533 1111 1594 1141 post
1620 1111 1762 1141 peccatum

967 1151 1056 1185 major
1075 1151 1198 1187 cognitio
1210 1151 1321 1180 oil‘ensa:
1329 1153 1422 1185 datur,
1434 1157 1460 1180 et
1470 1153 1592 1181 audaciae
1604 1152 1764 1187 magnitudo

968 1199 1033 1223 tunc
1048 1197 1136 1232 magis
1154 1198 1340 1233 cognoscitur.
1367 1198 1437 1226 Nam
1464 1198 1616 1225 otl‘uscaute
1639 1198 1763 1225 animum

967 1239 1097 1274 passione
1112 1245 1140 1269 et
1155 1241 1182 1268 in
1194 1246 1336 1276 peccatum
1352 1242 1456 1270 furiose
1474 1248 1610 1273 movente.
1620 1241 1764 1276 postuefa-

968 1286 1036 1313 riam
1047 1292 1138 1315 autem
1148 1288 1285 1316 actionem
1295 1289 1450 1322 desinente,
1461 1294 1539 1322 tunc,
1551 1292 1622 1316 \cIut
1633 1289 1668 1315 ab
1678 1296 1763 1322 opaca

968 1331 1014 1357 illa
1030 1332 1105 1359 nube
1120 1336 1148 1360 et
1167 1333 1247 1368 quasi
1272 1333 1406 1361 ebrietate
1427 1334 1518 1362 soluta
1543 1334 1614 1360 ratio
1628 1334 1764 1360 actionem

969 1376 1102 1410 intuetur,
1124 1382 1151 1406 et
1168 1385 1230 1406 cum
1249 1379 1275 1406 in
1293 1379 1375 1406 alium
1392 1387 1425 1407 ex
1441 1380 1496 1407 alio
1521 1384 1624 1407 statum
1646 1379 1765 1406 adducta

969 1426 1022 1454 est,
1043 1424 1130 1459 magis
1153 1425 1353 1453 conscientiam
1373 1425 1460 1458 audit,
1477 1433 1539 1460 qua:
1558 1425 1634 1452 velut
1660 1424 1765 1452 aculeis

968 1474 1063 1501 pressa
1081 1473 1109 1496 et
1124 1469 1242 1497 excitata
1271 1470 1345 1497 clare
1370 1471 1506 1506 conspicit
1521 1489 1529 1502 .
1550 1478 1611 1506 quae
1635 1470 1766 1506 passione

968 1512 1119 1540 offuseante
1134 1520 1188 1540 non
1202 1514 1298 1542 eadem
1312 1515 1425 1542 viderat.
1444 1515 1529 1543 Aliter
1545 1520 1635 1542 autent
1651 1515 1686 1542 ad
1700 1522 1764 1549 pec-

973 1564 1064 1587 catum
1083 1559 1200 1595 quisque
1215 1561 1310 1593 tendit,
1325 1569 1387 1588 eum
1403 1561 1550 1596 malignus,
1572 1561 1674 1596 quibus
1687 1561 1766 1588 blan-

975 1607 1053 1634 diens
1067 1613 1094 1635 et
1109 1607 1254 1635 incaulans
1266 1615 1317 1636 nos
1325 1607 1448 1636 debilitat
1462 1613 1490 1636 et
1503 1608 1623 1636 tenebris
1638 1607 1766 1642 cnniplct.

975 1655 1144 1690 soporiferas
1163 1656 1283 1683 rationes
1303 1656 1425 1689 adducit,
1457 1661 1485 1684 et
1508 1656 1621 1684 oculum
1649 1654 1768 1682 occludit

975 1702 1159 1730 conscientia:
1178 1701 1230 1729 Sed
1247 1706 1310 1736 post
1323 1693 1472 1734 actionem,
1497 1706 1562 1729 ante
1579 1702 1675 1728 oculos
1692 1700 1769 1735 ponit

975 1747 1048 1782 quod
1066 1755 1165 1775 ausum
1181 1752 1232 1778 est,
1251 1752 1278 1774 et
1295 1755 1389 1774 amare
1401 1747 1501 1782 aperit,
1512 1747 1587 1782 quod
1604 1746 1681 1781 prius
1693 1746 1767 1773 mul-

975 1792 1011 1820 tis
1027 1792 1133 1819 artibus
1150 1793 1306 1824 velaverat;
1320 1792 1430 1826 deinde,
1449 1796 1479 1820 ut
1502 1791 1679 1819 manifestam
1701 1791 1769 1818 faci-

977 1838 1052 1866 noris
1066 1839 1228 1874 gravitatem
1241 1843 1425 1871 consummet,
1444 1838 1471 1865 in
1485 1837 1705 1873 desperationem
1727 1837 1769 1864 in-

974 1883 1060 1918 jicere
1077 1884 1174 1911 nititur
1190 1889 1373 1918 peccatorem.
1391 1883 1458 1910 lllud
1473 1883 1558 1918 igitur
1574 1891 1581 1910 :
1598 1883 1691 1918 Aperti
1707 1886 1770 1910 sunt

976 1930 1046 1957 oculi
1056 1938 1158 1962 eorum,
1175 1937 1228 1958 non
1252 1929 1416 1965 praecedenti
1433 1934 1564 1964 tempore,
1587 1936 1675 1964 neque
1693 1933 1770 1956 ante-

975 1983 1056 2010 quam
1069 1975 1095 2001 in
1109 1975 1268 2002 mandatum
1282 1976 1480 2009 peceavissent,
1492 1973 1698 2009 intelligendum
1708 1977 1766 2002 est:

977 2021 1094 2055 Quando
1108 2022 1182 2049 enim
1199 2021 1296 2049 oculos
1315 2021 1453 2048 habebant
1465 2024 1575 2054 apertos
1589 2019 1687 2055 magis,
1701 2026 1770 2047 non-

975 2071 1041 2098 dum
1055 2069 1191 2104 serpentis
1206 2068 1311 2104 decepti
1327 2067 1484 2099 fraudibus,
1511 2071 1539 2094 et
1563 2067 1597 2095 ad
1621 2067 1768 2093 videndum

976 2115 1042 2151 quid
1057 2115 1192 2149 agendum
1204 2119 1287 2146 esset,
1299 2113 1407 2148 vigilem
1419 2113 1552 2150 gerebant
1561 2117 1689 2139 mentem.
1700 2111 1770 2138 Cum

978 2161 1061 2197 igitur
1074 2161 1166 2189 videse
1180 2168 1233 2187 nou
1246 2165 1382 2195 poterant,
1400 2159 1427 2187 in
1446 2164 1587 2195 peceatum
1602 2158 1768 2186 inciderunt.

980 2209 1000 2236 Ε
1015 2207 1154 2235 contrario
1182 2211 1273 2234 autent
1289 2207 1337 2242 qui
1360 2207 1389 2234 iu
1410 2211 1552 2242 peccatum
1577 2205 1685 2240 agendo
1703 2205 1769 2232 caeci

126 2243 257 2270 διάνοιαν.
267 2243 371 2270 Οὐκοῦν
381 2243 412 2270 τὸ
422 2243 530 2279 βλέπειν
539 2244 589 2270 οὐκ
599 2244 716 2279 ἔχοντες,
726 2245 772 2272 ἐπὶ
781 2245 829 2281 τῆς
836 2247 887 2282 ἀμρ

1009 2258 1069 2287 ant,
1086 2259 1198 2290 peracto
1214 2258 1328 2289 peccato
1351 2253 1439 2281 visum
1463 2255 1705 2287 recuperaveruut.
1729 2250 1771 2279 lbi

127 2290 188 2321 τίας
219 2289 361 2316 ἀνέλαῦοψ
377 2290 532 2317 τούναντίον
550 2289 578 2316 δὲ
594 2289 644 2326 τὴν
669 2290 808 2327 ἁμαρτίαν
829 2293 859 2318 ὲν
884 2291 923 2327 τῷ

129 2337 262 2370 πράττειν
283 2335 484 2370 τυφλώττοντες
503 2357 510 2369 ,
542 2336 722 2372 πεπαυμένης
745 2337 795 2373 τὴν
828 2339 925 2374 ὅρασιν

131 2382 317 2417 ἀνεκτήσαντο
338 2389 345 2397 ·
372 2381 489 2409 ἐνταῦθα
507 2382 599 2417 μέντοι
613 2382 654 2416 τὸ,
669 2383 892 2417 Διηνοίχθησαν
902 2385 930 2411 οι

130 2427 290 2463 ὀφθαλμοὶ,
307 2428 367 2454 ἀντὶ
383 2428 441 2461 τοῦ,
463 2428 493 2454 τὸ
505 2428 614 2463 βλέμμα
628 2428 718 2455 αὐτῶν
739 2428 846 2466 ὠξύνθη
861 2429 929 2464 πρὸς

130 2475 289 2510 ἐπίγνωσιν·
303 2476 438 2512 ᾠκονόμει
453 2475 506 2512 γὰρ
518 2476 586 2507 τέως
597 2477 611 2503 ὁ
629 2475 732 2512 Κύριος
753 2476 784 2503 τδ
799 2476 838 2513 μὴ
857 2485 927 2511 γνω-

132 2520 230 2555 σθῆναι
244 2522 347 2553 αὐτοῖς,
365 2521 446 2557 μέχρι
460 2521 510 2556 τῆς
524 2521 572 2547 τοῦ
584 2521 668 2556 ἄρτου
682 2522 814 2553 κλάσεως.

168 2568 206 2604 [ρ.
226 2568 279 2595 517
296 2566 334 2603 a.]
355 2568 411 2595 Τοῦ
427 2568 531 2595 αὐτοῦ.
547 2567 692 2603 Συντέμνει
706 2568 756 2603 τὴν
770 2568 928 2604 ὑπόσχεσιν,

131 2615 175 2642 διὰ
190 2614 239 2649 τὴν
252 2613 426 2649 ὀλιγοψυχίαν
435 2614 488 2640 τῶν
503 2614 648 2649 μαθητῶν
663 2615 710 2641 καὶ
725 2615 769 2641 διά
781 2615 861 2642 τοῦτο
876 2616 930 2651 πρὸ

132 2661 182 2695 τῆς
192 2659 335 2690 Γαλιλαίας
346 2660 374 2685 ἐν
385 2659 477 2690 αὐτοῖς
494 2659 701 2694 Ἰεροσολύμοις,
709 2661 800 2692 αὐτοῖς
811 2661 929 2695 ἐμφανί-

133 2707 220 2739 ζεται,
239 2707 285 2733 καὶ
303 2706 334 2733 οὐ
349 2706 436 2741 δήπου
450 2705 530 2732 τοῦτο
553 2706 602 2740 τῆς
617 2706 783 2740 ἐπαγγελίας
801 2708 929 2742 παράϐα-

134 2761 188 2784 σις.
210 2752 313 2787 Ταχεῖα
323 2751 352 2778 δὲ
368 2751 471 2786 μᾶλλον
484 2751 516 2777 ὲκ
533 2751 634 2786 πολλῆς
659 2751 865 2786 φιλανθρωπίας
881 2753 929 2779 ὲκ-

135 2798 288 2832 πλήρωσιςι
307 2797 384 2832 ὤφθη
398 2797 426 2824 δὲ
443 2797 512 2832 μετὰ
522 2796 609 2823 ταῦτα
629 2797 675 2824 καὶ
691 2798 720 2823 ὲν
735 2799 768 2832 τῇ
789 2797 928 2834 Γαλιλαίᾳ,

135 2843 307 2880 ὃτεὰπῆλθον
314 2845 380 2871 ἐκεῖ·
391 2843 581 2876 Ἀπελθόντες
591 2842 655 2878 γὰρ,
662 2843 754 2879 φησιν,
762 2843 876 2879 ὄψεσθέ
879 2852 928 2879 με.

980 2306 1047 2333 ergo
1059 2299 1160 2327 dicitur
1174 2309 1180 2327 :
1196 2299 1286 2333 Aperti
1297 2302 1360 2325 sunt
1375 2305 1467 2325 eorum
1484 2297 1564 2328 oculi,
1579 2301 1708 2332 tanquam
1725 2297 1770 2324 di-

981 2350 1101 2377 ceretur,
1115 2346 1190 2373 visus
1205 2352 1302 2372 eorum
1319 2344 1404 2380 magis
1421 2344 1454 2372 ad
1473 2344 1655 2379 cognitionem
1673 2348 1772 2370 acutus

981 2389 1070 2418 factus
1090 2396 1142 2418 est.
1158 2390 1283 2425 Disponit
1298 2390 1370 2418 enim
1390 2389 1523 2418 Dominus
1538 2398 1574 2418 ne
1588 2390 1720 2419 hactenus
1736 2389 1770 2417 ab

982 2437 1034 2464 illis
1052 2441 1192 2468 noscatur,
1204 2443 1292 2472 usque
1303 2436 1336 2464 ad
1350 2435 1514 2464 fractiouem
1539 2436 1628 2471 panis.

1015 2569 1098 2597 Vens.
1113 2569 1157 2600 56,
1174 2568 1313 2604 Ejusdem.
1340 2567 1554 2597 Promissionem
1578 2569 1704 2601 reducit,
1735 2570 1772 2596 ob

981 2616 1179 2650 discipulorum
1204 2615 1458 2650 pusillanimitatem
1486 2618 1514 2642 et
1543 2619 1687 2650 propterea
1717 2623 1772 2650 prie

980 2661 1091 2688 Galilaca
1107 2661 1173 2696 ipsis
1186 2659 1364 2696 Jerosolymis
1376 2660 1431 2688 illis
1446 2664 1569 2695 apparet,
1583 2665 1610 2688 et
1621 2661 1648 2688 id
1658 2662 1773 2690 minime

981 2712 1024 2735 est
1041 2707 1169 2742 promissi
1184 2706 1295 2734 violatio
1309 2715 1316 2739 ;
1343 2707 1441 2735 celeris
1455 2707 1546 2742 potius
1565 2711 1607 2734 est
1626 2715 1659 2734 ex
1673 2715 1772 2742 magna

981 2754 1116 2781 charitnte
1130 2753 1262 2788 impletio.
1279 2752 1361 2781 Visus
1384 2757 1426 2781 est
1454 2757 1544 2780 autem
1562 2753 1680 2788 posthac
1698 2757 1726 2780 et
1742 2753 1772 2779 in

982 2799 1102 2831 Galilaa,
1117 2799 1180 2834 quia
1199 2799 1252 2827 huc
1275 2799 1407 2827 abierant.
1429 2799 1501 2826 Dicit
1519 2799 1591 2827 cuitu
1610 2808 1616 2827 :
1632 2798 1709 2827 Abite
1721 2819 1729 2832 ,
1746 2805 1772 2826 ιι

981 2845 1102 2874 videbitis
1117 2853 1166 2873 me.
