1886 3071
129 152 194 185 1231
224 164 226 167 ·

695 155 824 186 ΡΗΟΤΙΙ
839 156 1086 186 ΡΑἝΒΙΑΒΟΗᾸΞ
1104 156 1160 186 CP.

1683 157 1754 189 1232

533 311 888 356 FRAGMENTA
938 312 1002 355 IN
1049 305 1358 358 JOANNEM.

787 394 826 422 Ex
841 395 944 424 Catena
958 394 1094 424 Corderii.

128 514 206 542 CAP.
233 512 277 540 IV.
303 510 444 549 Ῡειιετ-ίὸ.
467 509 609 549 Respondit
632 508 760 549 Jecus_,_et
782 508 850 549 dixit
875 511 921 539 ei:

1012 514 1130 549 πεκρίθη
1153 514 1170 541 ό
1197 514 1328 548 Ἰησοῦς,
1358 514 1408 543 καὶ
1433 513 1517 542 εἷπον
1537 513 1634 549 αὐτῇ·
1659 515 1724 549 Πᾶς
1742 515 1761 543 ὁ

166 549 258 576 Omnis
278 547 324 581 qui
351 545 414 572 bibit
438 552 471 572 ea;
508 553 578 579 aqua
595 544 655 577 Ιιαι,
693 545 762 571 sitiet
788 545 884 581 iterum
910 554 920 574 :

163 584 209 618 qui
234 580 321 622 autem
343 580 436 622 biberit
446 587 484 606 ea:
507 587 577 616 aqua
601 587 681 614 quam
708 587 755 615 ego
782 580 850 607 dabo
885 581 920 614 ei,

164 625 216 645 non
222 621 293 644 sitiet
310 623 337 642 ιη
348 621 483 642 aeternum.

170 663 271 690 Photii.
286 661 399 688 Dicente
419 660 463 688 illa
480 670 486 687 :
500 659 631 695 Nunquid
648 664 675 688 tu
695 660 784 696 major
792 669 821 690 es
836 661 920 689 Patro

129 713 226 736 nostro
246 706 350 735 Iacob?
365 713 419 733 non
446 705 601 740 respondit:
617 705 698 733 Certe
722 706 810 740 major
836 714 920 734 sum:

130 755 205 782 visus
226 754 300 782 enim
320 752 419 780 fuisset
440 759 500 779 sese
515 755 619 778 tantum
636 751 774 785 iactitare,
800 752 923 779 nondum

131 801 174 828 sui
192 799 264 828 iacta
279 799 452 834 probatione.
478 797 516 824 Ex
535 797 618 825 dictis
649 803 739 824 autem
769 798 796 825 id
813 798 921 826 astruit.

130 846 192 874 Non
215 845 288 873 enim
302 845 465 879 simpliciter
481 843 568 871 dixit:
583 843 658 870 Dabo
671 843 719 870 tibi
734 851 835 878 aquam
855 843 922 877 ;sed

133 893 209 927 prius
222 891 268 918 illa
283 890 367 918 Jacob
383 890 517 924 neglecta,
529 897 606 917 suam
623 889 726 921 laudat.
737 897 753 916 a
775 897 921 916 munerum

133 943 245 969 natura,
278 937 402 964 dantium
417 936 512 963 volens
531 935 709 963 did‘erentiam
725 935 881 967 ostendere,
896 939 923 962 et

133 987 264 1019 quantum
291 981 350 1017 ipse
365 981 549 1016 patriarcliam
562 981 707 1008 excelleret
724 990 731 1007 :
750 987 814 1007 nam
835 980 858 1008 si
872 980 923 1006 mi-

135 1029 215 1060 raris,
234 1028 333 1063 inquit,
357 1026 441 1055 Jacob
464 1027 534 1054 hanc
562 1035 661 1062 aquam
692 1026 811 1060 dedisse,
837 1026 922 1054 haece

133 1075 220 1102 multo
234 1074 450 1109 praestantiorem
467 1073 537 1100 dabo
550 1073 597 1100 tibi
609 1073 676 1108 (21).

135 1132 218 1159 Vens.
235 1130 280 1158 20.
293 1129 390 1157 Patres
403 1129 487 1156 nostri
510 1129 536 1155 in
560 1133 646 1155 monte
667 1129 714 1156 hoc
730 1129 920 1162 adorauerunt,

169 1172 192 1193 et
207 1174 252 1193 uos
263 1165 364 1198 dicitis,
378 1165 440 1199 quia
453 1163 626 1198 Jerosolymis
642 1168 680 1191 est
698 1166 781 1196 locus,
798 1165 843 1191 ubi
856 1165 921 1192 ada-

173 1209 233 1227 rare
245 1205 356 1234 oportet.

172 1245 273 1273 Pliotii.
289 1244 377 1272 Judaei
395 1243 578 1271 crassioribus
587 1243 620 1271 de
633 1243 723 1271 divina
741 1245 923 1279 corporisque

135 1296 245 1327 experte
259 1295 357 1318 natura
374 1290 667 1325 opinionibusjmbuti,
678 1289 856 1326 Jerosolymis
872 1290 924 1317 du-

141 1343 216 1364 tuxat
230 1337 263 1364 ab
277 1337 406 1364 omnibus
422 1336 507 1364 Deum
539 1336 708 1363 adorandum
723 1343 785 1364 esse
809 1340 923 1363 conten-

141 1383 255 1416 debant,
272 1383 350 1417 quasi
375 1383 458 1410 semel
482 1386 538 1409 tota
567 1382 666 1409 ibidem
697 1382 926 1417 incomprehensa

137 1431 182 1457 illa
208 1434 234 1456 ct
261 1428 406 1456 ineﬂ'abilis
433 1432 541 1460 natura,
567 1428 594 1454 in
614 1435 697 1455 unum
725 1427 927 1462 quodammodo

137 1480 278 1510 compacta
297 1480 324 1503 et
337 1474 545 1509 circumscripta
561 1473 639 1501 foret.
655 1473 847 1506 Quamobrem
866 1477 928 1499 tan-

137 1530 220 1558 quam
250 1522 362 1549 omnino
387 1521 468 1547 rudes
503 1520 601 1546 hacin
625 1527 655 1546 re
682 1527 767 1554 arque
797 1519 926 1553 imperiti,

139 1575 206 1594 voce
221 1566 416 1601 prophetarum
444 1564 600 1599 reprehensi
615 1568 690 1596 sunt,
703 1564 810 1591 dicente
838 1563 928 1590 Domi-

139 1620 176 1640 no
192 1611 312 1639 :leum
326 1610 391 1637 mihi
414 1610 499 1642 sedes,
516 1615 587 1636 terra
607 1614 695 1636 autem
717 1609 864 1636 scabetlum
885 1617 929 1643 pe-

140 1660 204 1686 dum
229 1666 356 1685 meorum.
388 1656 500 1689 Qualem
522 1656 628 1682 domum
651 1655 820 1690 tediﬁcabitis
848 1655 928 1687 mihi,

139 1702 205 1729 dicit
219 1701 369 1728 Dominus?
387 1700 433 1728 νει
450 1701 508 1735 quis
524 1700 598 1727 locus
619 1701 715 1735 quietis
729 1700 814 1728 mare?
834 1699 929 1728 Sama-

140 1747 223 1775 ritani
237 1754 301 1774 vero
312 1753 433 1778 rursum,
458 1750 498 1772 ut-
509 1745 569 1772 loco
579 1749 606 1771 et
627 1744 745 1779 regione,
762 1745 803 1772 sic
834 1749 861 1772 et
887 1744 930 1771 in~

140 1792 221 1820 scitia
237 1792 409 1826 ruditateque
421 1790 503 1818 vicini
527 1789 638 1821 Iudaeis,
655 1790 681 1817 in
712 1796 804 1817 monte
819 1790 929 1818 Garizin

140 1839 225 1871 dicto,
241 1838 379 1865 orationes
397 1844 429 1864 ac
452 1843 547 1871 preces
560 1835 709 1864 faciendas.
722 1835 922 1867 existimantes,

142 1883 242 1910 merito
255 1883 339 1910 risum
367 1889 421 1909 non
439 1880 582 1916 eﬂ‘ugiunt.
599 1879 686 1915 Hujus
713 1885 802 1907 autem
826 1881 930 1908 stolida:

143 1926 348 1961 superstitionis
377 1925 551 1952 occasionem
571 1925 624 1952 illis
646 1925 761 1959 praebuit
788 1925 833 1952 illa
849 1925 930 1952 bene-

143 1972 238 2004 dictio,
255 1979 336 2007 quam
354 1971 381 1998 in
392 1970 483 1998 Garizi
502 1976 595 1998 monte
610 1970 700 1997 datam
716 1978 748 1996 ex
760 1969 928 1999 Deuterono-

143 2019 200 2046 mio
214 2017 418 2052 cognoscimus.
434 2016 543 2044 Ilancce
562 2015 741 2051 qna-stionem
767 2016 818 2042 ista
833 2016 930 2043 mulier

146 2063 280 2091 Salvatori
296 2068 425 2097 tanquam
453 2062 592 2096 problema
619 2060 809 2087 dillicillimum
827 2067 929 2094 propo-

144 2109 197 2141 nit,
222 2108 316 2136 dicens
333 2117 339 2134 :
358 2107 453 2134 Patres
473 2106 557 2133 nostri
573 2106 601 2132 in
614 2111 702 2132 monte
728 2106 776 2132 hoc
802 2109 930 2132 adgrave-

145 2160 219 2188 ruut,
235 2159 262 2180 et
280 2161 341 2188 quae
353 2158 515 2188 sequuntur.
533 2152 573 2179 Ad
587 2151 660 2186 quod
672 2152 814 2186 respondit
837 2152 932 2179 Salva-

146 2205 189 2228 tor
205 2199 279 2228 :Non
290 2200 346 2234 jam
361 2199 478 2233 amplius
502 2197 648 2232 quaesitum
668 2197 700 2224 iri
716 2197 816 2229 locum,
832 2197 858 2224 in
877 2205 932 2232 quo

146 2247 254 2282 proprie
270 2246 341 2274 Deus
360 2249 470 2280 putetur
494 2243 635 2276 habitare;
656 2243 704 2270 sed
728 2247 758 2270 ut
774 2243 821 2278 qui
839 2244 931 2271 omnia

146 2292 268 2328 impleat,
297 2297 324 2319 et
345 2291 472 2318 universa
496 2289 645 2321 contineat,
663 2296 697 2315 ex
726 2296 932 2324 suo,quemque

147 2339 208 2365 loco
224 2337 366 2364 Dominum
396 2336 586 2368 adoraturum,
615 2334 844 2370 quemadmodum
871 2335 932 2369 qui-

146 2384 209 2411 dam
226 2388 384 2410 sanctorum
402 2381 595 2416 prophetarum
613 2382 661 2408 ait.
679 2379 779 2407 Iloram
803 2385 889 2408 autem
905 2386 933 2409 et

147 2436 255 2464 tempus
279 2429 443 2463 ejuscemodi
477 2429 579 2455 rituum
606 2428 835 2463 abrogandoruin,
855 2433 934 2456 vocat

1011 549 1108 584 πίνῳις
1118 548 1153 576 ἐκ
1171 549 1225 576 τοῦ
1242 549 1354 584 ὕδατος,
1369 549 1490 584 τούτου,
1504 548 1629 584 διψήσει
1650 550 1760 577 πάλιν·

1010 582 1045 616 ὃς
1057 583 1083 609 δ’
1094 583 1133 610 ἂν
1142 584 1197 617 πίῃ
1210 583 1244 610 ἐκ
1257 584 1310 611 τοῦ
1322 583 1442 616 ὕδατος,
1454 583 1490 614 οὗ
1501 582 1558 617 ἐγὼ
1571 582 1658 612 δώσω
1668 584 1761 617 αὐτῷ,

1010 619 1047 644 οὐ
1059 618 1102 652 μὴ
1117 617 1236 652 διψήσῃ
1249 619 1294 652 εὶς
1306 619 1360 646 τὸν
1375 619 1478 647 αἰῶνα.

1010 662 1132 689 Φωτίου.
1159 662 1300 697 Λεγούσης
1319 663 1415 698 αὐτῆς,
1432 663 1480 697 Μὴ
1493 662 1534 690 σὺ
1545 662 1652 697 μείζων
1668 659 1698 689 εἳ
1707 660 1763 688 τοῦ

975 708 1087 743 πατρὸς
1099 707 1184 743 ἡμῶν
1198 707 1301 737 Ἰακώϐ
1311 716 1320 740 ;
1334 708 1393 736 οὐκ
1402 707 1488 741 εἴπεν,
1502 709 1558 736 Καὶ
1572 707 1674 743 μείζων
1687 707 1762 742 εἰμί·

976 753 1049 786 ἔδοξε
1064 754 1118 788 γὰρ
1143 753 1176 781 ἂν
1193 753 1346 788 κομπάζειν
1362 754 1452 789 μόνον,
1475 754 1525 790 τῆς
1541 753 1704 785 ἀποδείξεως
1723 753 1764 788 μὴ

976 799 1151 835 φαινομένης.
1164 800 1204 825 Δι’
1218 796 1255 826 ὧν
1267 799 1295 826 δὲ
1309 799 1394 834 λέγει,
1408 799 1486 826 τοῦτο
1499 799 1710 830 κατασκευάζει.
1723 798 1763 825 Οὔ

975 844 1029 880 γὰρ
1046 843 1139 875 ἁπλῶς
1162 841 1251 876 εἶπεν,
1272 844 1355 871 Δώσω
1377 853 1418 871 σοι
1440 844 1523 879 ὕδωρ,
1545 843 1614 870 ἀλλὰ
1627 844 1765 879 πρότερον

975 890 1084 925 ἀμελῶν
1098 891 1128 917 τὸ
1142 890 1189 917 τοῦ
1211 890 1321 921 Ἰακὼϐ,
1343 891 1403 917 τότε
1421 891 1530 926 ἐπαίρει
1542 891 1573 917 τδ
1587 889 1694 922 ἑαυτοῦ,
1709 890 1765 918 ἀπὺ

975 937 1024 972 τῆς
1037 936 1090 963 τῶν
1106 937 1216 972 δωρεῶν
1229 936 1348 971 φύσεως,
1364 936 1395 963 τδ
1410 936 1538 972 διάφορον
1553 936 1607 963 τῶν
1617 936 1765 971 διδομένων

976 981 1149 1017 παραστῆσαι
1164 981 1336 1017 βουλόμενος,
1352 981 1398 1008 καὶ
1411 981 1460 1016 τὴν
1478 982 1615 1017 ὑπεροχὴν
1629 981 1679 1017 τὴν
1693 981 1766 1016 πρὸς

974 1028 1020 1055 τὸν
1030 1027 1213 1063 πατριάρχην.
1224 1028 1255 1054 Et
1266 1027 1320 1062 γὰρ
1333 1027 1493 1062 θαυμάζεις,
1506 1028 1584 1061 φησι,
1596 1027 1642 1054 τὸν
1652 1027 1764 1059 Ἰακὼὸ,

975 1074 1016 1101 ὅτι
1024 1073 1104 1100 τοῦτο
1117 1073 1199 1100 ἔδωκε
1207 1072 1237 1100 τὺ
1247 1072 1329 1108 ὕδωρ,
1338 1072 1405 1099 πολὺ
1413 1073 1507 1099 τούτου
1517 1072 1613 1107 βελτίω
1625 1072 1705 1099 δώσω
1711 1081 1764 1100 σοι.

954 1135 966 1146 ¹
977 1131 1009 1158 Ol
1018 1130 1142 1165 πατέρες
1151 1130 1235 1165 ἡμῶν
1244 1130 1279 1157 ἐν
1289 1129 1330 1162 τῷ
1339 1131 1398 1164 ὄρει
1411 1131 1505 1163 τούτῳ
1516 1129 1764 1165 προσεκύνησαν,

1011 1166 1060 1192 καὶ
1075 1164 1159 1200 ὖμεῖς
1179 1166 1300 1200 λέγετε,
1320 1165 1363 1191 ὅτι
1384 1165 1419 1191 ὲν
1443 1165 1664 1199 Ἰεροσολύμοις
1677 1164 1766 1192 ἐστὶν

942 1191 963 1218 Β
1010 1191 1235 1233 ότόέιῖς,’ὄποίι
1255 1191 1301 1227 δεῖ
1319 1191 1513 1234 προσκυιίεῗν.

1012 1246 1134 1272 Φωτιου.
1159 1245 1191 1271 Οἱ
1204 1245 1330 1272 Ἰουδαῖοι
1344 1244 1500 1280 παχυτέρας
1513 1244 1553 1271 ἐτι
1566 1244 1617 1276 τὰς
1631 1244 1697 1280 περὶ
1715 1244 1767 1279 τῆς

978 1290 1052 1322 θείας
1065 1299 1094 1317 τε
1107 1290 1152 1317 καὶ
1171 1290 1316 1326 ἀσωμάτου
1336 1291 1443 1325 φύσεως
1458 1289 1598 1325 διαλήψεις
1613 1290 1766 1325 δεχόμενοι,

976 1337 1005 1363 ἐν
1021 1336 1113 1371 μόνοις
1132 1337 1189 1368 τοῖς
1214 1335 1413 1371 Ἱεροσολύμοις
1432 1336 1531 1371 χρῆναι
1553 1335 1769 1371 προσκυνεῖσθαι

976 1383 1023 1409 τὺν
1040 1382 1088 1409 ἐπὶ
1109 1382 1213 1413 πάντας
1229 1381 1295 1408 Θεὸν
1311 1381 1478 1414 διετείνοντο,
1497 1382 1535 1413 ὡς
1551 1381 1624 1414 ἅπαξ
1638 1381 1703 1416 ὅλης
1715 1380 1769 1415 τῆς

978 1429 1097 1464 ἀρρήτου
1109 1428 1155 1454 καὶ
1170 1427 1364 1463 ἀκαταλήπτου
1380 1427 1486 1462 φύσεως
1500 1427 1686 1462 καταλυούσης
1698 1427 1768 1459 ἐκεῖ,

978 1475 1026 1501 καὶ
1049 1473 1301 1509 περιγραφομένης.
1323 1473 1369 1500 Διὸ
1382 1473 1414 1509 δὴ
1430 1474 1476 1500 καὶ
1496 1473 1557 1500 λίαν
1571 1472 1770 1504 ἀσυνετοῦντες

978 1520 1024 1546 ἐπὶ
1041 1519 1129 1554 τούτῳ
1142 1518 1185 1546 διὰ
1200 1518 1250 1552 τῆς
1266 1518 1321 1546 τῶν
1336 1518 1484 1554 προφητῶν
1501 1518 1647 1553 ὴλέγχοντο
1662 1517 1769 1552 φωνῆς,

979 1564 1025 1591 τοῦ
1042 1563 1109 1590 Θεοῦ
1133 1563 1258 1598 λέγοντος
1269 1571 1277 1579 ·
1300 1563 1332 1590 '0
1348 1564 1476 1597 οὐρανός
1493 1572 1544 1598 μοι
1560 1563 1677 1597 θρόνος,
1696 1563 1716 1596 ἡ
1735 1562 1771 1589 δὲ

978 1608 1017 1644 νῆ
1035 1609 1203 1636 ὑποπόδιον
1221 1609 1282 1636 τῶν
1296 1608 1397 1636 ποδῶν
1407 1617 1478 1644 μου.
1493 1609 1584 1636 Ποῖον
1596 1606 1682 1635 οἶκον
1689 1609 1770 1635 οἱκο-

979 1653 1127 1688 ὃομήσετέ
1138 1663 1199 1689 μοι,
1221 1654 1302 1689 λέγει
1323 1654 1446 1688 Κύριος;
1461 1655 1500 1682 ’Ἡ
1513 1654 1559 1687 τίς
1572 1654 1589 1680 ὀ
1607 1654 1700 1686 τόπος
1714 1652 1770 1686 τῆς

979 1700 1195 1733 καταπαύσεώς
1205 1709 1283 1735 pou;
1301 1700 1469 1736 Σαμαρεῖται
1484 1700 1512 1726 δὲ
1527 1699 1607 1727 πάλιν
1627 1699 1657 1725 οὺ
1674 1700 1770 1734 πόρῤω

979 1747 1030 1781 τῆς
1043 1745 1179 1773 Ἰουδαίων
1193 1745 1315 1781 ἀμαθίας
1333 1746 1466 1781 κείμενοι,
1484 1745 1577 1781 χώραν
1591 1754 1621 1771 τε
1638 1744 1707 1780 ὁμοῦ
1723 1744 1770 1771 καὶ

980 1792 1158 1819 ἀπαιδευσίαν
1181 1792 1281 1828 ὅμορον
1304 1791 1421 1827 ἔχοντες,
1449 1792 1479 1818 ἐν
1500 1791 1559 1827 ὄρει
1575 1791 1615 1826 τῷ
1632 1790 1768 1825 Γαριζεὶν,

981 1838 1051 1865 οὕτω
1073 1838 1244 1874 καλουμένῳ,
1268 1838 1316 1865 καὶ
1334 1837 1533 1874 προσεύχεσθαι
1552 1837 1607 1863 δεῖν
1622 1837 1669 1863 καὶ
1682 1844 1770 1871 προσ-

980 1886 1072 1912 κυνεῖν
1083 1885 1213 1921 οἰόμενοι,
1224 1885 1254 1911 τὸ
1268 1884 1398 1918 γελᾶσθαι
1411 1883 1522 1915 δικαίως
1535 1883 1566 1910 οὗ
1581 1882 1770 1917 διαφεύγουσι.

981 1931 1079 1964 Γέγονε
1102 1930 1131 1957 δὲ
1154 1930 1200 1957 καὶ
1226 1930 1317 1962 αὐτοῖς
1340 1930 1389 1965 τῆς
1412 1930 1505 1960 ἀνοίας
1527 1930 1544 1964 ἡ
1571 1928 1720 1964 πρόφασις,
1741 1928 1772 1954 τὸ

979 1975 1101 2002 δεδόσθαι
1126 1976 1176 2010 τὴν
1199 1976 1324 2009 εὐλογίαν
1348 1976 1378 2002 ὲν
1400 1975 1459 2010 ὄρει
1477 1975 1614 2009 Γαριζεὶν,
1633 1973 1725 2005 καθὼς
1742 1975 1772 2000 ἐν

980 2020 1182 2055 Δευτερονομίῳ
1205 2020 1397 2055 γεγραμμένον
1420 2019 1593 2054 εὑρίσκομεν.
1620 2018 1730 2053 Ταύτην
1753 2019 1770 2053 ἡ

981 2065 1049 2101 γυνὴ
1075 2065 1114 2101 τῷ
1138 2066 1244 2102 Σωτῆρι
1264 2066 1314 2101 τὴν
1339 2065 1464 2101 ζήτησιν,
1483 2065 1521 2095 ὡς
1542 2063 1772 2099 δυσκατάληπτον

981 2111 1126 2147 πρόϐλημα
1135 2112 1303 2148 προΐσχεται,
1315 2112 1440 2145 λέγουσα,
1454 2112 1493 2138 ὅτι
1509 2113 1541 2138 οι
1552 2110 1678 2144 πατέρες
1687 2109 1773 2144 ἡμῶν

981 2158 1015 2186 ἐν
1028 2158 1068 2191 τῷ
1076 2158 1136 2192 ὄρει
1144 2158 1237 2190 τούτῳ
1248 2158 1494 2190 προσεκύνησαν,
1504 2158 1550 2184 καὶ
1563 2157 1598 2184 τὰ
1610 2156 1685 2192 ἑξῆς.
1701 2156 1773 2191 Πρὸς

983 2205 997 2232 ὃ
1011 2213 1093 2240 φησιν
1109 2205 1124 2231 ὁ
1141 2204 1247 2238 Σωτὴρ,
1266 2203 1364 2230 Οὐκέτι
1391 2202 1540 2238 ζητήσεται
1554 2203 1636 2234 τόπος
1659 2203 1688 2229 ὲν
1702 2198 1725 2236 ᾧ
1740 2202 1774 2237 δὴ

984 2251 1087 2286 κυρίως
1102 2250 1239 2283 οἰήσονται
1253 2249 1389 2275 κατοικεῖν
1404 2249 1449 2274 τὸν
1463 2248 1541 2280 Θεὸν,
1556 2247 1613 2275 ἀλλ’
1628 2247 1667 2279 ὡς
1683 2248 1773 2275 πάντα

986 2295 1143 2330 πληροῦντι,
1162 2294 1210 2321 καὶ
1228 2293 1350 2329 συνέχειν
1365 2293 1494 2329 ἰσχύοντι,
1512 2294 1723 2329 προσκυνήσωσι
1735 2293 1774 2328 τῷ

985 2340 1091 2377 Κυρίῳ,
1116 2340 1230 2371 ἕκαστος
1251 2340 1284 2366 ὲκ
1302 2339 1351 2366 τοῦ
1368 2340 1452 2366 τόπου
1468 2339 1562 2372 αὐτοῦ,
1589 2339 1717 2374 καθάπερ
1733 2338 1774 2371 τίς

985 2394 1052 2421 φησι
1069 2385 1123 2412 τῶν
1138 2384 1222 2420 ἁγίων
1235 2384 1391 2420 προφητῶν.
1410 2385 1495 2420 Ὥραν
1509 2383 1539 2410 δὲ
1553 2384 1601 2411 καὶ
1618 2384 1715 2418 καιρὸν
1726 2384 1774 2417 τῆς

984 2433 1039 2459 τῶν
1053 2430 1181 2458 τοιούτων
1194 2430 1264 2457 ἐθῶν
1289 2430 1495 2465 μεταστάσεως,
1521 2429 1570 2466 τὴν
1585 2429 1683 2457 ἑαυτοῦ
1705 2430 1775 2464 μετὰ

148 2481 312 2509 corporeum
335 2481 416 2501 suum
433 2473 460 2501 in
476 2473 550 2500 hunc
561 2472 692 2500 mundum
708 2473 852 2501 adventum
863 2474 919 2510 (22)

1012 2477 1109 2512 bna-rec
1122 2477 1270 2512 ἐπιδημίαν
1283 2477 1312 2503 ὲν
1327 2476 1421 2512 κόσμῳ
1436 2475 1528 2511 φησιν.

765 2543 804 2570 Ex
822 2548 934 2577 catena,
951 2548 972 2572 t.
988 2545 1021 2578 ll,
1036 2553 1063 2580 p.
1080 2546 1143 2574 ΔΗ.

186 2635 362 2664 οΑΡ,Χνι-ι.
387 2635 469 2663 γωδ.
492 2637 580 2663 15η...
605 2636 702 2663 Diccns
723 2645 729 2663 :
760 2635 793 2664 Ut
819 2637 931 2664 habeant

150 2683 279 2720 gaudium
294 2690 379 2710 meum
393 2682 539 2717 impletum,
555 2682 674 2710 ostendit
690 2682 772 2716 clare,
794 2684 866 2718 quod
886 2690 934 2710 vo-

153 2733 213 2760 lens
228 2730 289 2758 illos
302 2738 318 2757 a
328 2730 412 2758 multa
437 2730 553 2757 liberare
574 2729 718 2758 aﬂliclione
728 2751 736 2764 ,
753 2729 936 2765 praecedenter

134 2818 136 2820 δ
188 2848 248 2884 (ιιι)
262 2847 304 2876 cr.
316 2849 348 2883 Q.
365 2847 482 2875 Lxxw.

1021 2637 1122 2670 Εἰπὼν,
1140 2637 1203 2664 Ἵνα
1216 2637 1308 2671 ἔχωσι
1322 2635 1380 2670 τὴν
1394 2635 1489 2670 χαρὰν
1501 2634 1558 2668 τὴν
1571 2633 1649 2668 ἐμὴν
1662 2635 1774 2667 πεπλη-

983 2683 1131 2719 ρωμένην,
1144 2684 1278 2719 ἐδήλωσεν
1294 2682 1387 2717 σαφῶς
1403 2683 1445 2709 ὄτι
1458 2681 1543 2708 θέλων
1554 2681 1652 2713 αὐτοὺς
1663 2680 1717 2707 ἀπὸ
1726 2680 1775 2714 τῆς

989 2731 1090 2767 πολλῆς
1106 2730 1312 2766 ἀνακτήσασθαι
1323 2729 1452 2764 θλίψεως,
1464 2727 1499 2756 τὰ
1512 2727 1703 2765 προειρημένα
1715 2727 1775 2755 ἔλα-

911 2796 1025 2825 NOTAE.

1028 2844 1084 2880 (‘22)
1102 2844 1144 2871 Cf.
1161 2844 1193 2878 Q.
1208 2843 1325 2871 LXXIV.
