1886 3071
120 179 188 213 1233

521 180 751 211 FRAGMENTA
782 179 823 210 IN
850 179 1064 211 EPISTOLAM
1090 181 1142 212 AD
1159 180 1350 212 ROMANOS.

1686 180 1754 213 1234

119 236 212 273 λησεν,
229 237 270 264 διδ
282 238 329 265 καὶ
343 237 410 272 πρὸς
424 237 473 274 τὴν
493 237 603 265 ἐκείνων
616 236 840 272 συγκαταϐαίνων
853 236 894 263 διά

999 241 1034 263 :ta
1054 236 1164 264 loculus
1183 240 1236 270 est,
1258 241 1400 272 propterea
1426 235 1459 264 ad
1485 243 1582 264 eorum
1601 235 1754 272 intelligen-

118 291 194 309 νοιαν
213 283 458 319 (παραμυθεῖσθαι
470 284 524 318 γὰρ
539 283 637 315 αὐτοὺς
654 282 713 310 ἀλλ’
729 283 759 309 οὐ
774 282 910 309 διδάσκειν

117 328 166 355 νῦν
180 329 230 365 τὴν
242 330 292 365 τῆς
306 329 446 364 θεολογίας
461 329 606 364 ἀκρίϐειαν
629 328 785 363 ἐϐούλετο),
804 328 910 364 ἀνθρω-

117 373 280 410 πινώτερον,
296 376 344 402 καὶ
359 375 397 407 ὼς
409 376 509 401 ἐκεῖνοι
523 375 653 410 ἠδύναντο
676 375 910 410 παραμυθεῖσθαι,

116 418 282 454 διαλέγεται,
303 421 441 454 Τήρησπ
463 421 583 454 αὐτοὺς,
605 420 702 454 λέγων,
727 420 785 451 καὶ,
806 420 856 447 Ἐν
872 418 912 454 τῷ

117 465 242 500 ὀνόματί
251 474 320 494 o'ov'
332 466 390 498 καὶ,
402 467 467 493 Ὅτε
476 465 558 501 ήμην
567 465 602 492 ἐν
611 464 650 498 τῷ
661 466 774 500 κόσμῳ,
784 465 912 500 ἐτήρουν

118 511 241 544 αὐτοὺς,
264 512 312 538 καὶ
327 512 362 538 τὰ
382 512 474 547 ὅμοια.
497 511 593 547 Χαρὰν
608 511 637 538 δὲ
651 511 701 547 τὴν
720 511 801 546 ἐμὴν,
817 512 910 546 φησὶν,

117 553 174 583 οἷον
187 557 237 592 τὴν
249 557 452 593 πνευματικὴν,
467 557 516 593 τὴν
539 556 720 592 στηρίζουσαν
734 555 834 591 ψυχὰς,
852 555 911 582 ἀλλ’

117 603 179 638 οὐχὶ
191 604 321 639 τοιαύτην
345 601 404 631 οἷαν
420 604 434 630 ὁ
450 604 553 639 κόσμος
579 603 645 638 ἔχει,
670 602 715 630 διὰ
731 603 838 638 τρυφῆς
862 603 912 629 καὶ

116 647 220 683 ἡδονῶν
236 649 284 676 καὶ
301 650 466 684 σωματικῶν
480 649 631 680 εὐπαθείας
646 648 857 684 συνισταμένην.

959 282 1026 309 tiam
1038 282 1208 310 descendens
1223 291 1229 316 ;
1250 283 1387 310 consolari
1405 283 1479 310 enim
1505 291 1565 314 cos.
1580 291 1635 310 non
1662 288 1754 311 autent

960 328 1058 356 docere
1073 336 1147 356 nunc
1164 329 1308 364 theologia!
1335 329 1478 357 veritatem
1495 329 1613 356 volebat.
1644 328 1755 356 lluma—

962 381 1028 401 num
1045 375 1132 410 magis
1143 375 1291 408 quoddam,
1306 375 1413 409 etquod
1430 374 1491 402 illos
1506 374 1642 402 consolari
1655 375 1753 409 possit,

961 420 1117 455 exponitur.
1136 419 1218 447 Serva
1230 420 1300 451 illos.
1322 420 1410 455 inquit
1424 428 1431 453 ;
1444 425 1471 448 et
1487 429 1501 448 ε,
1514 419 1547 447 In
1562 421 1667 448 nomine
1693 424 1753 452 tuo;

962 469 990 493 et
1003 473 1011 493 :
1030 465 1097 493 Cum
1110 474 1192 493 essem
1205 465 1233 493 in
1246 465 1355 499 mundo,
1380 466 1518 493 servabam
1532 474 1586 499 eos,
1602 470 1629 493 et
1641 465 1752 493 similia.

963 512 1098 540 Gaudium
1115 517 1206 541 autem
1227 521 1331 546 meum,
1351 514 1452 549 inquit,
1469 520 1500 542 ut
1526 514 1675 549 spirituale.
1693 515 1754 541 ani-

962 566 1022 586 mas
1052 559 1236 591 tirmans,sed
1264 567 1320 587 non
1334 561 1415 595 quale
1441 560 1564 588 mundus
1595 560 1688 592 habet,
1706 567 1755 587 vo—

961 604 1074 638 luptate,
1102 604 1208 634 deliciis
1235 610 1264 635 et
1278 606 1469 642 corporalibus
1508 605 1662 634 commodis
1685 613 1754 633 con-

963 656 1050 678 Stans.

118 704 181 732 Haec
195 705 276 733 habet
296 705 327 740 Β,
341 706 390 734 sed
407 705 508 734 forsam
524 705 705 749 PhotiiAsunt,
721 710 752 749 ut
769 705 860 749 milita.
874 705 940 746 alia,
958 706 1067 749 scholia
1080 715 1142 749 qua:
1159 707 1359 749 interieci_t_i_ste
1374 708 1448 742 cod.,
1461 707 1509 736 sed
1525 706 1636 735 nomine
1649 706 1710 743 ejus
1727 707 1755 735 in

482 749 570 775 marg.
600 740 704 775 scripto
718 739 758 768 sic
771 739 825 774 φῶ.
839 739 908 768 Huic
923 745 1015 769 autem
1029 739 1134 770 scholia
1149 750 1204 770 non
1220 739 1380 771 ascribitur.

278 904 638 950 FRAGMENTA
661 905 722 949 IN
761 902 1091 948 EPISTOLAS
1126 904 1335 949 SANCTI
1387 905 1589 949 PAULI.

761 990 802 1018 Ex
813 990 917 1019 Catena
927 989 1117 1017 Crameriana.

616 1097 643 1128 Ι.
664 1097 706 1128 1N
722 1096 953 1127 EPISTOLAM
971 1096 1025 1126 AD
1049 1093 1256 1125 ROMANOS.

820 1160 953 1194 (Caneri.
969 1164 988 1187 t.
999 1158 1057 1195 IV.)

124 1276 206 1306 Ἀλλ’
230 1275 433 1304 ἐϐασίλευσεν
447 1275 465 1302 ὁ
487 1274 616 1307 θάνατος
635 1273 695 1302 ἀπὸ
714 1274 802 1308 Ἀδὰμ
821 1274 894 1310 μέχρ

999 1273 1036 1302 Ρ.
1053 1273 1084 1300 V.
1112 1272 1197 1300 Vens.
1215 1271 1258 1300 Η.
1296 1270 1350 1310 Sed
1372 1270 1497 1310 Iegnavit
1521 1278 1593 1297 mors
1613 1271 1646 1296 ab
1668 1269 1757 1297 Adam

437 1310 597 1342 Μωῦσέως.

154 1358 279 1385 Φωτίου.
296 1357 366 1392 Τρία
382 1356 456 1383 ἐστὶν
471 1357 501 1383 ὲν
519 1355 626 1388 τούτοις
645 1356 703 1388 τοϊς
720 1355 912 1392 παραϐολικῶς

118 1404 246 1439 ἀλλήλοις
271 1402 478 1439 παρατεθεῖσιν,
509 1402 639 1438 ὁμοιότης
661 1411 714 1436 τις,
742 1401 910 1437 ἐναντιότης,

118 1449 270 1486 ὑπερϐολή.
297 1449 377 1476 Κατὰ
405 1448 454 1484 τὴν
481 1448 630 1483 ὁμοιότητα
654 1447 812 1483 ἐναντιότης
841 1447 910 1483 μὲν,

119 1495 254 1532 ἁμαρτία,
263 1494 468 1531 ἀναμάρτητον·
483 1494 570 1530 ἔχθρα
582 1494 651 1529 πρὸς
661 1494 738 1528 Θεὸν,
751 1493 911 1529 καταλλαγὴ

118 1542 188 1578 πρὸς
201 1541 277 1568 Θεόψ
287 1541 460 1577 κατάκριμα,
472 1540 610 1576 δικαίωμα
623 1548 630 1555 ·
642 1540 768 1567 ἀπώλεια
778 1540 826 1567 καὶ
841 1539 913 1567 πτῶ-

119 1597 159 1623 μα
174 1587 222 1614 καὶ
237 1587 362 1620 θάνατος,
378 1587 502 1622 σωτηρία
516 1587 562 1613 καὶ
575 1585 632 1622 ζωὴ
647 1586 695 1613 καὶ
709 1586 869 1619 ἀνάστασις.
879 1586 913 1614 Ἠ

120 1634 170 1668 μὲν
179 1632 226 1660 οὖν
241 1633 398 1668 ἐναντιότης
409 1634 438 1659 ὲν
452 1632 568 1664 τούτοις·
584 1633 601 1668 ὴ
617 1632 647 1659 δὲ
663 1632 802 1668 ὁμοιότης,
818 1632 913 1668 ὥσπερ

117 1681 153 1708 δι’
173 1681 234 1713 ἑνὸς
245 1671 302 1713 τοῖς
319 1682 405 1708 πᾶσιν
419 1681 582 1715 ὲπιγέγονεν
594 1688 601 1696 ·
624 1681 641 1716 ἡ
662 1680 690 1707 δὲ
706 1681 854 1716 ὑπερϐολὴ,
870 1681 912 1707 ὅτι

117 1728 165 1754 ἐπὶ
179 1728 230 1762 μὲν
247 1727 304 1754 τῶν
318 1727 451 1763 χειρόνων
470 1726 654 1761 συνέπραξαν,
670 1727 710 1762 τῷ
727 1727 768 1753 ἐνὶ
779 1728 803 1753 οἱ
821 1727 913 1753 πολλοὶ

118 1773 166 1800 ἐπὶ
189 1773 220 1800 τὸ
247 1773 394 1808 μετασχεῖν
420 1772 514 1805 αὐτοῖς
532 1773 588 1799 τῶν
608 1771 717 1805 κακῶν,
740 1773 787 1798 ἐπὶ
810 1772 838 1799 δὲ
858 1772 912 1799 τῶν

118 1819 270 1854 ἀμεινόνων
287 1818 386 1852 οὐδεὶς,
410 1818 579 1854 συνέπραξεν
599 1817 666 1845 ἀλλὰ
685 1818 764 1853 μόνον
783 1818 830 1845 τοῦ
853 1818 913 1849 ἑνὸς

117 1864 239 1902 Χριστοῦ
253 1865 284 1891 τδ
307 1866 431 1900 χάρισμα
450 1865 575 1899 γέγονεν.
591 1864 674 1891 Ὥστε
690 1863 740 1899 οὑχ
750 1864 851 1899 ὁμοίως
866 1864 913 1891 καὶ

120 1910 231 1944 ἐπίσης,
250 1909 319 1937 ἀλλὰ
339 1909 402 1936 καθ’
416 1908 571 1945 ὑπερϐολὴν
592 1909 641 1936 καὶ
662 1909 695 1936 ὲκ
719 1909 880 1944 περισσείας
893 1910 911 1944 ὴ

118 1956 257 1992 ὁμοιότης.
265 1955 351 1983 Πάλιν
359 1955 402 1982 διὰ
410 1955 458 1982 τοῦ
472 1955 559 1990 ’Δδὰμ
567 1955 623 1982 τῶν
632 1955 763 1990 χειρόνων
772 1955 911 1990 εἰσαχθέν-

1214 1315 1297 1342 usque
1315 1306 1350 1333 ad
1368 1305 1488 1341 Moysen.

997 1353 1099 1381 Photii.
1120 1352 1184 1380 Tria
1200 1355 1265 1380 sunt
1281 1351 1308 1379 in
1325 1352 1368 1379 his
1391 1350 1548 1386 parabolice
1569 1350 1640 1378 inter
1662 1357 1692 1378 se
1714 1350 1756 1377 iu-

960 1398 1049 1426 vicem
1064 1396 1172 1425 collatis
1182 1416 1190 1429 ,
1205 1395 1358 1423 similitudo
1373 1395 1498 1430 quaedam
1508 1415 1516 1427 ,
1535 1393 1688 1429 oppositio.
1706 1393 1757 1429 hy-

961 1443 1082 1479 perbole.
1095 1442 1251 1470 Secundum
1266 1441 1475 1469 similitudinem
1491 1440 1629 1475 oppositio
1642 1440 1755 1479 quidem

962 1489 1009 1521 ﬁt,
1025 1496 1116 1522 non,
1132 1488 1281 1521 innocens;
1297 1487 1391 1514 odium
1412 1487 1439 1513 in
1455 1487 1552 1518 Deum,
1564 1486 1707 1513 conversio
1722 1485 1757 1512 ad

962 1536 1068 1568 Deum;
1089 1533 1248 1566 damnatio,
1268 1532 1449 1568 justiticatio;
1471 1531 1606 1566 perditio,
1631 1531 1758 1558 interitus

963 1585 990 1609 ct
1006 1588 1095 1613 mors;
1112 1580 1198 1611 salus.
1212 1579 1267 1606 vita
1282 1582 1310 1605 et
1325 1577 1501 1606 resurrectio.
1517 1576 1565 1604 Est
1575 1576 1658 1611 igitur
1673 1583 1759 1610 oppo-

962 1627 1025 1655 sitiu
1041 1627 1068 1654 in
1085 1625 1149 1654 istis
1165 1635 1172 1653 :
1198 1624 1350 1652 similitudo
1373 1627 1464 1651 autem
1477 1643 1484 1655 ,
1510 1622 1584 1650 sicut
1607 1629 1656 1657 per
1671 1629 1758 1648 unum

963 1672 990 1699 in
1008 1676 1104 1699 omnes
1122 1670 1283 1706 pertransiit
1300 1678 1307 1698 :
1336 1669 1483 1705 hyperbole
1508 1674 1618 1700 autem,
1642 1667 1707 1703 quia
1730 1667 1757 1694 in

963 1718 1070 1746 delictis
1095 1717 1177 1746 simul
1202 1716 1307 1752 operati
1332 1720 1414 1748 sunt,
1437 1715 1466 1743 in
1486 1722 1542 1742 uno
1565 1714 1666 1746 multi,
1685 1713 1759 1748 quod

962 1763 1014 1798 ipsi
1031 1763 1059 1790 in
1074 1762 1155 1790 malis
1181 1761 1311 1797 operibus
1325 1761 1606 1792 communicaverunt,
1622 1760 1648 1786 in
1661 1759 1758 1786 melio-

963 1809 1039 1837 ribus
1054 1817 1120 1837 vero
1136 1808 1228 1836 nullus
1251 1812 1380 1842 operatus
1401 1811 1464 1840 est,
1480 1807 1539 1840 {sed
1556 1810 1661 1833 tantum
1675 1805 1757 1832 unius

964 1855 1068 1883 Christi
1080 1855 1166 1890 gratia
1184 1853 1256 1881 facta
1272 1857 1325 1880 est.
1336 1853 1376 1880 ita
1389 1861 1444 1880 non
1460 1852 1588 1880 similiter
1601 1858 1652 1878 nec
1665 1858 1759 1886 aequa-

965 1901 1047 1934 liter,
1065 1900 1113 1929 sed
1129 1899 1305 1936 hyperbolice
1322 1904 1350 1926 et
1364 1907 1396 1926 ex
1413 1897 1663 1934 Super-abundantia
1681 1896 1760 1924 simi-

964 1945 1062 1973 litudo.
1091 1944 1198 1972 Rursus
1215 1952 1279 1972 cum
1302 1951 1349 1979 per
1369 1944 1455 1971 Adam
1481 1943 1582 1970 delicta
1603 1942 1759 1970 inlroducta

118 1989 185 2034 των,
203 1989 255 2029 olm
275 2001 396 2038 ἀνῃρέθη
421 2001 501 2037 μόνον
521 1989 708 2037 ταῦτα,
728 2000 766 2033 ὡς
779 1989 894 2028 ἐναντίοι

999 1996 1055 2019 rent
1067 2011 1074 2022 ,
1091 2000 1147 2019 non
1162 1991 1252 2018 solum
1268 1990 1359 2018 ablata
1376 1994 1441 2018 sunt
1454 1990 1500 2016 illa
1511 2010 1519 2022 ,
1542 1989 1615 2024 quod
1631 1989 1659 2015 in
1674 1995 1760 2023 oppo-

119 2049 213 2084 ὅμοιον
228 2048 276 2074 καὶ
295 2045 437 2082 ἀνάλογον,
453 2047 521 2074 ἀλλὰ
542 2047 590 2074 καὶ
610 2047 724 2083 ἐπεδόθη
748 2046 825 2082 παρά
847 2047 915 2082 Χρι-

119 2093 184 2121 στοῦ
199 2093 234 2120 τὰ
247 2093 362 2129 ἀμείνω·
378 2094 448 2130 ὅπερ
461 2093 511 2129 τὴν
523 2092 676 2129 ὑπερϐολὴν
692 2093 740 2119 καὶ
752 2091 801 2129 τὴν
816 2100 914 2128 περισ-

120 2140 198 2167 σείαν
208 2139 386 2176 παρίστησιν.

120 2197 235 2232 Ὠσπερ
253 2195 309 2232 γὰρ
323 2195 374 2224 διὰ
388 2195 442 2232 τῆς
459 2196 616 2232 παρακοῆς
635 2196 689 2224 τοῦ
701 2195 782 2229 ἐνὸς,
798 2204 826 2222 κ.
839 2203 866 2222 τ.
886 2194 913 2223 λ.

154 2274 280 2302 Φωτίου.
307 2275 401 2302 Εἰπὼν
419 2275 463 2301 δτι
482 2274 567 2306 τύπος
586 2262 621 2310 ἦν
638 2274 653 2301 ό
675 2273 764 2309 ’Δδὰμ
783 2273 829 2301 τοῦ
847 2274 915 2309 Χριο

120 2320 202 2348 στοῦ·
214 2320 300 2353 τύπος
323 2321 351 2348 δὲ
376 2320 498 2356 δηλονότι
517 2321 550 2346 ἐκ
573 2319 620 2346 τοῦ
641 2320 776 2347 ἐναντίου.
797 2320 840 2352 Ὧς
859 2319 914 2354 γὰρ

119 2367 224 2399 ἐκεῖνος
241 2367 328 2398 αἴτιος
339 2366 494 2402 ἀνθρώποις
505 2372 518 2386 ι
529 2366 657 2398 θανάτου,
671 2365 759 2397 οὕτως
771 2366 785 2392 ὁ
796 2364 915 2401 Χριστὸς

119 2413 207 2444 αἴτιος
224 2411 381 2447 ἀνθρώποις
401 2411 586 2443 ἀναστάσεως.
603 2409 697 2437 Εἰπὼν
711 2410 769 2442 οὖν,
785 2410 824 2442 ὡς
847 2409 915 2445 ἔφη-

121 2467 182 2494 μεν,
197 2459 238 2485 ὅτι
253 2457 338 2489 τύπος
350 2455 384 2492 ἦν
399 2458 412 2484 δ
429 2457 516 2491 ’Δδὰμ
532 2457 580 2484 τοῦ
591 2456 725 2492 Χριστοῦ·
741 2455 835 2491 ἐπειδὴ
850 2455 915 2490 μέλ-

119 2505 174 2532 λων
191 2504 257 2530 αὐτὸ
267 2503 494 2535 κατασκευάζειν,
508 2503 538 2529 οὺ
551 2503 631 2538 μόνον
641 2502 691 2537 τὴν
704 2502 851 2537 ὁμοιότητα
864 2509 915 2528 κα-

119 2550 288 2586 τασκευάζει
312 2549 360 2576 καὶ
377 2549 473 2582 τύπον,
498 2549 567 2576 ἀλλὰ
592 2549 640 2576 καὶ
661 2549 711 2583 τὴν
731 2547 813 2583 ἐντῷ
835 2547 915 2582 τύπῳ

119 2597 168 2625 καὶ
182 2597 326 2632 ὁμοιότητι
343 2595 480 2631 ὑπεροχὴν
501 2595 550 2622 καὶ
568 2595 736 2630 περισσείαν,
753 2594 838 2621 Τοῦτο
860 2594 915 2630 γὰρ

120 2643 290 2670 ἐνδείκνυται
311 2641 356 2669 διὰ
375 2642 423 2668 τοῦ
441 2641 542 2675 λέγειν,
558 2640 616 2668 ἀλλ’
628 2641 677 2676 οὐχ
698 2641 737 2673 ὡς
767 2641 797 2667 τὸ
820 2640 913 2677 παρά-

120 2696 235 2724 πτωμα·
250 2689 299 2716 καὶ
310 2688 401 2722 πάλιν,
419 2678 527 2723 καὶόὺχ
548 2687 587 2720 ὡς
605 2687 666 2719 ἑνὸς
692 2688 911 2723 ἁμαρτήσαντος.

126 2736 206 2764 Ἐπεὶ
220 2734 267 2762 οὖν
279 2735 408 2763 σύνθετον
419 2734 494 2770 αὐτῷ
505 2743 564 2767 πως
579 2735 675 2770 γέγονε
689 2734 721 2761 τὺ
734 2735 913 2771 ἐπιχείρημα,

121 2781 307 2818 ἁνομοιότητά
334 2789 394 2813 πως
421 2781 451 2808 ὲν
476 2781 617 2816 ὁμοιότητι
643 2780 837 2808 διαπλέκοντι·
867 2780 915 2808 νῦν

966 2038 1027 2065 sitis
1044 2037 1252 2065 similitudinem
1275 2041 1303 2064 et
1326 2036 1480 2071 analogiam
1498 2043 1554 2070 prae
1569 2042 1598 2062 se
1613 2034 1684 2066 fert,
1711 2034 1760 2061 sed

965 2084 1028 2111 data
1046 2088 1111 2111 sunt
1129 2090 1177 2118 per
1191 2082 1333 2110 Christum
1352 2082 1485 2115 meliora;
1503 2081 1576 2116 quod
1593 2079 1759 2116 hyperbolen

965 2134 993 2157 et
1010 2127 1288 2164 superabundantiam
1303 2130 1422 2162 praestat.

965 2186 1048 2215 Vens.
1069 2186 1114 2214 19.
1131 2184 1362 2219 Quemadmodum
1387 2184 1457 2212 enim
1481 2192 1528 2219 per
1553 2182 1760 2210 inobedientiam

1278 2232 1356 2259 unius
1366 2251 1374 2263 ,
1390 2235 1444 2259 etc.

1001 2278 1103 2306 Photii.
1133 2277 1239 2314 Typum
1259 2277 1325 2305 dicit
1351 2277 1438 2305 fuisse
1462 2276 1548 2303 Adam
1567 2275 1693 2309 Christi;
1719 2280 1761 2311 ty-

966 2333 1019 2361 pus
1038 2331 1128 2354 autem
1154 2325 1295 2352 evidenter
1320 2327 1363 2351 est
1383 2331 1417 2351 ex
1441 2322 1623 2358 oppositione.
1636 2321 1672 2350 Ut
1687 2322 1760 2349 enim

966 2372 1011 2400 ille
1027 2378 1111 2400 causa
1133 2369 1294 2398 hominibus
1317 2369 1415 2397 mortis
1433 2368 1500 2401 fuit,
1521 2369 1563 2396 sic
1583 2372 1611 2396 et
1631 2367 1760 2396 Christus

965 2424 1050 2445 causa
1072 2415 1232 2444 hominibus
1258 2414 1482 2442 resurrectionis.
1511 2413 1583 2441 Dicit
1607 2413 1710 2449 igitur,
1731 2418 1761 2440 ut

965 2463 1140 2494 notavimus.
1166 2467 1258 2498 typum
1284 2460 1370 2488 fuisse
1392 2461 1479 2488 Adam
1496 2460 1616 2493 Christi;
1640 2468 1703 2487 cum
1733 2459 1760 2487 id

965 2508 1142 2543 expositurus
1163 2512 1206 2535 est
1218 2527 1226 2539 ,
1246 2514 1301 2534 non
1316 2506 1405 2534 solum
1423 2505 1631 2534 similitudinem
1648 2507 1762 2541 exponit

965 2558 992 2581 et
1007 2558 1099 2589 typum
1111 2573 1119 2585 ,
1140 2553 1188 2581 sed
1202 2553 1286 2580 etiam
1304 2553 1331 2580 in
1350 2558 1413 2587 typo
1428 2556 1453 2579 et
1469 2551 1650 2579 similitudine
1663 2559 1761 2579 exces-

966 2606 1026 2626 sum
1044 2603 1071 2626 et
1099 2598 1392 2634 superabundantiam.
1415 2596 1471 2625 Hoc
1486 2597 1558 2624 enim
1577 2596 1698 2624 ostendit
1719 2596 1761 2623 di-

966 2643 1052 2670 ccndo
1064 2663 1071 2676 ,
1089 2643 1138 2670 sed
1153 2649 1209 2669 non
1223 2642 1296 2670 sicut
1310 2642 1440 2669 delictum
1451 2662 1459 2674 ,
1484 2645 1511 2668 et
1527 2648 1623 2668 rursus
1635 2660 1642 2673 ,
1664 2645 1692 2667 et
1705 2647 1760 2667 non

967 2689 1039 2717 sicut
1061 2696 1115 2716 uno
1126 2692 1267 2724 peccante.
1284 2688 1352 2716 Cum
1369 2688 1453 2723 igitur
1465 2687 1618 2722 composita
1638 2686 1676 2713 illi
1690 2694 1762 2721 quo-

968 2735 1116 2763 dammodo
1135 2734 1208 2762 facta
1225 2734 1261 2763 sit
1281 2734 1418 2770 expositio
1432 2753 1441 2766 ,
1468 2732 1712 2761 absimilitudinem
1724 2731 1762 2759 si-

970 2779 1119 2808 militudini
1129 2780 1260 2809 inserenti
1272 2788 1281 2814 ;
1293 2787 1365 2808 nunc
1378 2779 1451 2808 idem
1465 2779 1613 2809 reassumit
1622 2799 1630 2812 ,
1645 2786 1762 2807 meram-

762 2842 883 2871 VARUE
910 2841 1113 2871 LECTIONES.

161 2882 175 2898 ι
194 2877 264 2907 Cod.
282 2878 438 2916 ἅνθρωπος,
456 2879 504 2908 sed
519 2887 607 2915 marg.
626 2888 671 2916 γρ.
686 2877 851 2914 ἀνθρώποις.
