1886 3071
149 157 219 190 1235

731 155 861 186 PHOTII
883 153 1137 184 PATRIARCH/E
1153 155 1208 186 (ΞΡ.

1725 157 1790 190 1236

147 223 202 251 que
223 213 432 242 similitudinem
459 211 601 244 ostendit,
627 218 677 238 nec
702 210 801 237 miscet
826 208 942 243 aliquam

1031 208 1260 244 ιαναλαμδάνεται
1271 208 1323 245 μὲν
1332 208 1363 236 τὸ
1377 209 1454 243 αὐτὸ,
1466 210 1596 246 καθαρῶς
1606 210 1635 238 δὲ
1647 210 1697 246 τὴν
1705 213 1791 247 ὁμοιό-

148 270 181 289 ex
207 261 326 288 dictione
347 258 573 287 absimilitudinis
596 255 819 292 repugnantiam.
836 255 942 282 Deinde

148 312 241 342 aperte
255 310 282 333 et
301 305 373 333 nude
385 305 578 332 demonstrans
591 323 598 335 .
620 303 684 338 quia
703 302 774 330 sicut
794 309 841 335 per
857 307 942 327 unum

149 359 224 379 mors
247 350 393 385 regnavit,
423 349 510 376 multo
530 349 618 382 magis
637 349 663 374 in
681 347 733 374 vita
758 345 882 381 regnabit
897 353 945 379 per

148 402 232 422 unum
257 394 419 426 Christum,
449 393 546 428 adjicit
574 397 703 426 tanquam
735 390 942 418 conclusionem

148 443 262 472 ducens,
276 446 304 468 et
319 441 344 467 in
361 441 526 475 apertiorem
547 439 636 466 adhuc
651 443 677 465 et
695 437 859 472 prcssiorem
877 443 943 470 pro-

148 489 252 515 ducens
265 493 437 519 sermonem,
454 491 481 513 et
497 485 563 511 dicit
580 494 587 511 :
604 484 691 519 Igitur
704 483 772 510 sicut
795 490 841 516 per
862 489 944 508 unum

147 534 275 561 delistum
304 533 332 560 in
355 540 444 559 omnes
472 531 590 558 homines
612 530 818 561 condemnatio,
837 533 864 556 et
883 535 945 562 quae

147 584 311 614 sequuntur.
330 579 431 606 Deinde
453 585 515 605 cum
538 577 564 604 in
582 577 672 611 primo
687 575 842 610 composita
859 581 944 609 expo-

148 626 247 652 sitione
265 625 368 658 utitur,
380 625 407 651 in
424 624 545 651 secundo
562 623 696 658 explicata
714 627 741 649 et
762 621 894 656 repetita,
917 625 945 648 ct

147 672 174 699 in
191 679 257 698 voce
272 672 359 703 sicut,
389 671 561 698 conclusioni
586 670 703 705 abjecta.
727 669 860 696 Delicium
882 668 941 703 qui-

146 717 208 744 dem
225 721 252 744 et
265 717 367 744 donum
388 721 415 743 et
438 716 693 743 condemnationem
707 735 714 747 ,
728 719 755 741 et
766 712 943 741 donationem

146 768 174 790 et
192 763 418 798 justilicationem
442 767 576 790 memorat
596 771 603 789 :
629 761 702 788 unde
724 761 806 787 etiam
836 759 944 786 initium

146 810 275 844 sumpsit.
292 809 372 837 Nullo
393 811 474 837 modo
493 808 696 836 contrariorum
712 806 857 840 utriusque
871 812 946 832 con-

146 856 229 882 nexio
254 856 372 882 iudicata
395 860 448 882 est.
472 853 550 881 Nunc
575 854 640 880 illud
667 852 780 887 exponit
803 855 831 878 et
857 850 945 885 aperit

147 900 252 932 dicens,
273 899 346 934 quod
363 907 448 927 unum
464 907 497 926 ex
515 899 700 926 inobedientia
718 896 860 927 manavit,
874 897 944 922 alte-

147 952 208 970 runt
233 948 324 970 autcm
349 951 382 970 ex
406 943 560 970 obedientia
587 942 695 974 ﬂoruit;
720 941 758 967 ita
780 945 809 966 ut
830 940 945 966 demou-

146 989 244 1016 stratio
258 989 324 1016 illud
347 989 382 1016 sit
395 989 577 1024 expositionis
593 988 620 1015 in
639 995 693 1022 qua
708 985 834 1013 exhibuit
851 990 944 1020 typum

146 1037 174 1059 et
198 1033 425 1064 similitudinem,
441 1033 523 1067 quale
543 1037 585 1059 est
605 1031 688 1063 illud,
711 1029 742 1057 Si
767 1030 837 1056 enim
866 1029 944 1056 unius

145 1077 242 1104 delicto
260 1086 329 1104 mors
339 1097 346 1109 .
361 1082 413 1105 etc.

996 263 1065 289 τητα
1078 255 1199 282 δείκνυσι
1209 264 1215 271 ·
1233 257 1282 282 καὶ
1297 256 1389 283 οὐκέτι
1412 255 1522 283 πλέκων
1542 256 1606 283 ὅσον
1620 257 1676 283 ἀπὸ
1688 257 1736 292 τῆς
1748 258 1790 285 λέ-

996 300 1064 333 ξεώς
1073 309 1136 328 τινα
1150 302 1345 337 ἀνομοιότητος
1359 302 1462 338 μάχην·
1476 300 1537 329 εἶτα
1547 302 1643 336 σαφῶς
1656 302 1737 329 τοῦτο
1746 305 1790 330 καὶ

995 346 1125 382 καθαρῶς
1146 347 1343 383 ἐνδειξάμενος,
1360 349 1401 375 ὅτι
1418 348 1512 384 ὥσπερ
1527 349 1564 376 δι’
1579 348 1640 380 ἐνὸς
1651 349 1790 376 ἐϐασίλευ-

997 401 1044 419 σεν
1058 394 1073 419 ὁ
1087 393 1211 425 θάνατος,
1237 395 1327 430 πολλῷ
1343 394 1446 430 μᾶλλον
1464 395 1493 422 ἐν
1517 395 1575 431 ζωῇ
1588 395 1746 431 βασιλεύσει
1758 395 1790 422 δι’

1000 438 1061 470 ἐνὸς
1089 438 1222 474 Χριστοῦ,
1239 441 1337 475 ἐπάγει
1348 440 1443 476 ὥσπερ
1463 442 1728 477 συμπεραινόμενος,
1747 441 1792 467 καὶ

997 484 1038 515 είς
1061 484 1092 511 τὸ
1112 484 1153 511 ἐτι
1179 487 1348 521 σαφέστερον
1370 487 1420 513 καὶ
1442 487 1658 523 συνεσταλμένον
1681 487 1791 521 ἀνάγων

998 529 1045 556 τὸν
1060 530 1151 562 λόγον,
1172 531 1219 558 καί
1235 540 1329 567 φησιν·
1353 541 1362 558 ι
1382 533 1454 568 Ἀρα
1467 530 1524 560 οὖν
1537 533 1578 565 ὠς
1597 533 1636 560 δι’
1650 533 1720 566 ἐνὸς
1735 541 1791 560 παι

993 576 1193 611 ραπτώματος
1217 578 1261 610 είς
1289 577 1405 611 πάντας
1433 578 1611 612 ἀνθρώπους
1636 579 1672 606 τὸ
1697 579 1793 606 κατά-

995 629 1098 655 κριμα,
1121 631 1130 648 ι
1148 622 1196 648 καὶ
1219 621 1253 649 τὰ
1273 622 1348 658 ἑξῆς.
1367 621 1436 650 Εἶτα
1455 624 1503 651 καὶ
1527 624 1624 660 ἐπειδὴ
1646 625 1694 652 καὶ
1711 626 1742 652 ὲν
1755 625 1793 661 τῷ

997 667 1099 702 πρώτῳ
1118 667 1165 694 καὶ
1184 668 1305 704 συνθέτῳ
1329 669 1536 705 ἐπιχειρήματι,
1554 670 1603 697 καὶ
1625 672 1656 698 ὲν
1674 670 1715 707 τῷ
1734 671 1794 698 δευ-

995 712 1068 748 τέρῳ
1083 712 1132 740 καὶ
1144 713 1391 750 διακεκαθαρμένῳ
1405 716 1451 742 καὶ
1465 715 1692 752 ἐπαναληπτικῷο
1706 718 1754 744 καὶ
1766 719 1794 744 ἐν

995 758 1035 794 τῷ
1057 757 1160 794 ὥσπερ
1192 760 1407 796 συμπεράσματι
1432 762 1618 798 ἐπενεχθέντα..
1637 763 1795 799 [lupa-usti)-

998 811 1082 838 ματος
1107 804 1157 839 μὲν
1182 805 1231 832 καὶ
1254 806 1425 841 χαρίσματος
1453 807 1501 834 καὶ
1522 808 1729 844 κατακρίματος
1747 810 1796 836 καὶ

999 849 1164 885 δωρήματος
1189 851 1238 878 καὶ
1260 851 1447 887 δικαιώματος
1467 854 1515 880 καὶ
1536 854 1666 881 τοιούτων
1690 863 1796 890 μνημο-

999 894 1083 920 νεύει·
1108 895 1172 922 ὅθεν
1200 897 1248 923 καὶ
1269 897 1320 933 τὴν
1343 898 1430 934 ἀρχὴν
1451 897 1573 934 εἴληφεν·
1599 900 1719 936 ἑκάτερα
1742 901 1797 927 τῶν

1000 940 1131 967 ἐναντίων
1151 942 1168 977 ἡ
1195 943 1337 978 συστοιχία
1361 943 1431 979 αὕτη
1460 945 1567 972 οὐδέπω
1590 946 1797 982 ἐπεσημήνατο.

1000 986 1059 1013 Νῦν
1084 988 1151 1015 αὐτὸ
1177 988 1257 1016 τοῦτο
1285 990 1414 1025 διασαφεῖ
1438 991 1486 1017 καὶ
1513 990 1722 1024 ἀποκαλύπτει,
1750 991 1796 1018 καὶ

1001 1034 1146 1068 φησιν.ὃτι
1159 1035 1194 1062 τὰ
1210 1035 1260 1070 μὲν
1274 1036 1306 1063 ὲκ
1321 1037 1465 1072 παρακοῆς
1478 1036 1620 1073 ὲρρύη,τὰ
1634 1037 1664 1065 δὲ
1689 1038 1719 1072 ἐξ
1744 1038 1798 1065 ὑπ-

997 1080 1085 1115 ακοῆς
1103 1081 1222 1117 ἠνθησεν
1236 1090 1243 1096 ·
1257 1081 1327 1109 ὥστε
1348 1084 1600 1111 κατασκευαστικὸν
1614 1084 1647 1112 ἂν
1661 1085 1704 1120 εῐη
1715 1084 1798 1112 τοῦτο

146 1122 193 1148 τοῦ
217 1123 433 1158 ἐπιχειρήματος
446 1123 496 1149 τοῦ
518 1121 774 1154 κατασκευάζοντος
790 1119 836 1146 τὸν
850 1118 939 1146 τύπον
958 1124 1005 1150 καὶ
1037 1125 1087 1161 τὴν
1112 1127 1272 1164 ὁμοιότητα,
1288 1125 1345 1155 οἷον
1366 1128 1424 1162 τοῦ,
1447 1130 1482 1156 El
1502 1129 1557 1165 γὰρ
1591 1128 1632 1162 τῷ
1651 1118 1707 1157 tofi
1726 1130 1796 1163 ἐνὸς

145 1169 359 1202 παραπτώματι
372 1171 388 1196 ὁ
404 1169 545 1203 θάνατος.
565 1179 574 1195 ι
593 1169 642 1196 καὶ
655 1168 730 1203 ἑξῆς.

183 1227 241 1254 Non
259 1228 384 1255 eumdem
400 1236 554 1256 sermonem
567 1227 676 1263 repetit,
692 1232 722 1254 ut
737 1228 828 1262 putari
841 1234 944 1263 posset.

146 1272 256 1300 divinus
283 1274 431 1309 Apostolus
453 1275 479 1301 in
507 1274 587 1306 istis,
612 1274 660 1302 sed
692 1274 765 1301 clare
783 1274 899 1301 multum
918 1278 946 1302 et

146 1324 221 1346 recte
235 1321 373 1347 connectit
386 1326 413 1347 et
427 1320 550 1356 disponit
565 1321 619 1347 vim
636 1321 735 1348 horum
752 1321 884 1356 capitum.
897 1320 945 1349 Est

147 1366 230 1401 igitur
248 1366 336 1393 illud:
362 1365 414 1393 Sed
436 1375 488 1394 non
508 1368 577 1394 sicut
592 1367 738 1399 delictum,
763 1371 791 1394 et
814 1375 875 1400 qua).
900 1375 943 1394 sev

147 1418 281 1447 quuntur,
303 1422 390 1449 usque
403 1415 436 1442 ad
453 1423 460 1441 :
481 1414 522 1440 Ex
540 1414 632 1441 multis
645 1415 750 1442 delictis
768 1415 795 1441 in
807 1414 945 1449 justi/ica-

148 1459 266 1492 tionem,
289 1459 427 1494 expositio
449 1459 569 1493 quidem,
597 1464 626 1486 ut
649 1460 782 1492 diximus,
801 1465 891 1494 typum
917 1464 944 1487 et

147 1505 355 1532 similitudinem
378 1505 543 1538 ostendens;
567 1506 660 1533 deerat
680 1513 746 1539 ergo
765 1505 890 1533 claritate
918 1510 945 1533 et

148 1551 339 1584 explicatione.
353 1549 421 1578 Illud
445 1555 557 1585 praestat
575 1558 636 1585 quae
649 1551 775 1585 sequitur
788 1550 922 1591 expositio
936 1570 944 1582 ,

149 1599 275 1629 repetens
288 1595 345 1628 jam
360 1595 432 1622 dicta
443 1616 452 1628 ,
468 1601 496 1623 et
510 1596 651 1631 explicans
665 1601 692 1624 et
706 1597 733 1624 in
748 1603 842 1632 aperto
860 1605 945 1632 expo-

148 1649 228 1668 nens.
252 1639 304 1668 Sed
321 1642 464 1676 oportebat
483 1648 509 1670 et
525 1643 590 1670 huic
612 1651 722 1678 quoque
735 1644 942 1675 conclusionem

146 1687 217 1720 dari,
232 1693 262 1714 ut
272 1695 327 1715 non
340 1696 373 1716 ex
389 1688 530 1723 ltypothesi
545 1694 651 1716 tantum
665 1690 790 1717 videatur
805 1695 943 1718 constare.

148 1730 206 1758 lloc
218 1739 272 1758 non
284 1732 397 1764 omittit,
408 1734 454 1760 sed
467 1738 597 1768 tanquam
609 1735 815 1763 conclusionem
827 1735 943 1769 ducens,

147 1783 174 1804 et
188 1778 325 1805 sermonis
340 1778 455 1806 veritate
471 1779 559 1807 ﬁdens
571 1799 580 1813 ,
597 1788 660 1807 cum
684 1781 865 1808 allirmatione
880 1789 945 1816 pro-

147 1822 200 1849 fcrt
222 1831 230 1850 :
251 1821 340 1858 Igitur
363 1824 432 1851 sicut
453 1833 498 1859 per
515 1826 592 1852 unius
615 1826 752 1859 delictum,
779 1831 833 1854 etc.
860 1826 943 1854 Dein-

148 1869 204 1900 de,
232 1876 295 1896 cum
317 1870 399 1904 igitur
420 1871 534 1898 minime
548 1871 576 1898 in
602 1872 702 1900 talibus
723 1873 944 1908 expositionibus

147 1915 218 1943 dixit
233 1915 305 1943 unde
322 1916 449 1944 habuerit
463 1918 630 1953 principium
644 1919 808 1953 justilieatio
827 1923 855 1946 et
875 1926 943 1946 con-

147 1961 307 1993 demnatio,
330 1969 419 1998 neque
447 1962 513 1990 illud
536 1965 743 1998 prauermittit,
765 1964 813 1992 sed
830 1963 944 2000 exponit

146 2007 261 2036 dicens:
280 2007 356 2036 Sicut
375 2009 444 2036 enim
460 2017 506 2043 per
521 2010 728 2037 inobedientiam
739 2031 746 2043 ι
766 2015 821 2039 etc.

146 2108 225 2137 (LAP.
240 2109 295 2137 Vll.
313 2110 396 2140 Vens.
418 2112 445 2140 8.
465 2112 530 2140 Sine
548 2114 618 2141 enim
634 2114 689 2150 lege
705 2119 844 2149 peccatum
867 2123 940 2142 mor-

449 2152 540 2183 ituum
554 2154 623 2176 erat.

181 2190 328 2220 Peccatum
349 2193 460 2228 quidem
481 2200 622 2222 mortuum
638 2199 712 2228 erat;
739 2203 790 2231 ego
806 2200 898 2224 autem
914 2196 941 2224 in

149 2237 201 2264 \‘ilit
215 2245 290 2266 eram
305 2259 312 2272 ,
333 2245 428 2275 utpote
444 2248 499 2267 non
516 2241 642 2269 turbatus
653 2261 661 2274 ,
686 2249 740 2268 non
757 2247 918 2270 vutneratus
932 2262 940 2274 ,

1031 1227 1068 1255 Οὐ
1087 1228 1248 1263 ταυτολογεῖ
1259 1229 1360 1261 τοίνυν,
1376 1229 1414 1262 ὡς
1430 1230 1464 1257 ἄν
1481 1239 1526 1263 τις
1547 1229 1665 1266 οἰηθείη,
1685 1231 1700 1258 δ
1722 1231 1796 1263 θεῖος

1000 1274 1164 1306 ’Ᾱπύστολος
1179 1275 1209 1300 ἐν
1223 1275 1340 1307 τούτοις,
1355 1275 1423 1303 ἀλλὰ
1440 1276 1533 1311 σαφῶς
1545 1277 1606 1303 λίαν
1623 1277 1671 1304 καὶ
1684 1277 1795 1313 διηκρμ

997 1317 1130 1353 ϐωμένως
1155 1319 1317 1356 ἀλληλουχεί
1335 1321 1383 1348 καὶ
1407 1322 1529 1349 ὲντὰττει
1553 1322 1609 1349 τῶν
1634 1323 1794 1357 κεφαλαίων

993 1364 1042 1400 τὴν
1059 1364 1175 1400 δύναμιν
1187 1373 1193 1380 '
1211 1365 1270 1392 ἐστι
1288 1366 1337 1401 μὲν
1350 1364 1397 1393 οὖν
1411 1367 1443 1393 τὸ
1457 1367 1516 1402 μὲν,
1533 1367 1616 1396 Ἀλλ’
1635 1369 1691 1403 οὐχ
1702 1369 1747 1402 ὡς
1763 1369 1796 1396 τὸ

993 1410 1188 1446 παράπτωμα,
1223 1413 1269 1439 καί¹
1288 1412 1361 1448 ἑξῆς,
1389 1413 1442 1446 ’ἑως
1468 1414 1527 1446 τοῦ,
1540 1415 1575 1441 ἐκ
1596 1414 1723 1442 πολλῶν
1737 1424 1796 1442 πα-

990 1455 1195 1490 ραπτωμάτων
1221 1458 1265 1491 εις
1296 1457 1451 1494 δικαίωμα,
1479 1459 1646 1496 ἐπιχείρημα
1667 1461 1730 1496 μὲν,
1759 1462 1796 1493 ὡς

994 1501 1111 1536 ἔφημεν,
1133 1502 1270 1530 δεικτικὸν
1290 1503 1338 1530 τοῦ
1364 1505 1450 1531 τύπου
1476 1505 1524 1532 καὶ
1546 1507 1596 1542 τῆς
1620 1506 1793 1543 ὁμοιότητος.

1001 1547 1102 1574 Ἐδεῖτο
1129 1547 1177 1574 οὖν
1206 1549 1357 1585 σαφηνείας
1387 1551 1433 1577 καὶ
1461 1551 1678 1587 διακαθάρσεως.
1707 1553 1797 1580 Τοῦτο

996 1594 1070 1620 ποιεῖ
1081 1593 1112 1620 τὸ
1122 1593 1221 1629 ἑφεξῆς
1232 1595 1410 1632 ἐπιχείρημα,
1427 1597 1656 1632 ἑπαναλαμὸἀνον
1675 1598 1707 1625 τὸ
1725 1608 1796 1635 προ-

995 1639 1141 1674 ειρημένον
1157 1639 1205 1666 καὶ
1216 1640 1393 1677 διακαθαῖρον
1402 1642 1449 1669 καὶ
1462 1643 1503 1675 εις
1513 1642 1543 1670 τὸ
1554 1643 1639 1679 σαφὲς
1650 1643 1794 1679 ἀπαγγέλ-

995 1685 1052 1711 λον·
1069 1685 1128 1713 ἀλλ’
1147 1686 1201 1713 ἔδει
1227 1687 1274 1714 καὶ
1289 1687 1369 1715 τοῦτο
1384 1688 1477 1716 λαϐεῖν
1499 1690 1622 1726 ἀξίωμα,
1643 1691 1691 1718 καὶ
1708 1692 1751 1728 μὴ
1767 1692 1797 1724 ἐξ

997 1731 1154 1764 ὑποθέσεως
1170 1733 1361 1768 προτείνεσθαι
1382 1735 1474 1771 μόνον.
1492 1736 1560 1763 Οὐδὲ
1574 1737 1655 1763 τοῦτο
1668 1739 1794 1774 παρορᾷ,

996 1776 1054 1802 ἀλλ’
1068 1776 1163 1812 ὥσπερ
1177 1780 1443 1816 συμπεραινόμενος,
1456 1782 1504 1808 καὶ
1517 1783 1550 1818 τῇ
1565 1782 1612 1809 τοῦ
1630 1782 1710 1817 λόγου
1725 1783 1795 1819 Θαρ-

997 1821 1053 1856 ρῶν
1071 1822 1195 1859 ἀληθείᾳ,
1217 1825 1287 1858 μετὰ
1305 1824 1479 1860 βεὸαιώσεως
1500 1827 1697 1862 ἀποφαίνεται·
1717 1829 1797 1863 ’Λρα

995 1864 1054 1895 οὖν
1077 1869 1118 1901 ὡς
1139 1868 1176 1895 δι’
1197 1869 1266 1903 ἐνὸς
1291 1872 1539 1908 παραπτώματος,
1577 1874 1624 1900 καὶ
1646 1875 1680 1901 τὰ
1715 1875 1794 1910 ἑξῆς.

996 1911 1073 1946 Εἶτα,
1086 1914 1147 1941 ἐπεὶ
1165 1914 1211 1941 οὖν
1227 1913 1260 1950 ἦν
1278 1915 1364 1943 εἰπὼν
1380 1918 1409 1944 ὲν
1426 1918 1564 1950 τοσούτοις
1577 1919 1796 1955 ἐπιχειρήμασιν

995 1959 1115 1994 οὐδαμοῦ
1128 1960 1210 1986 πόθεν
1231 1961 1310 1996 ἔσχεν
1323 1962 1412 1998 ἀρχὴν
1435 1964 1465 1990 τὸ
1479 1963 1619 1999 δικαίωμα
1635 1965 1683 1992 καὶ
1698 1966 1731 1992 τὸ
1745 1975 1795 1993 κα-

994 2005 1128 2040 τάκριμα,
1152 2007 1212 2033 οὐδὲ
1237 2007 1316 2034 τοῦτο
1344 2009 1463 2045 παρορᾷ,
1488 2009 1557 2037 ἀλλὰ
1576 2010 1670 2044 τίθησι
1691 2011 1794 2046 λέγων,

995 2050 1110 2086 Ὥσπερ
1125 2051 1179 2087 γὰρ
1192 2053 1240 2080 διὰ
1258 2053 1313 2089 τῆς
1325 2055 1492 2090 παρακοῆς,
1527 2057 1574 2083 καὶ
1591 2056 1667 2092 ἑξῆς.

1117 2119 1211 2153 Χωρὶς
1228 2119 1284 2154 γὰρ
1300 2119 1396 2154 νόμον
1410 2120 1538 2155 ἁμαρτία
1554 2121 1660 2156 νεκρά.

1031 2202 1155 2230 Φωτίου.
1176 2202 1208 2230 Ἦ
1229 2203 1279 2238 μὲν
1300 2203 1422 2239 ἁμαρτία
1444 2204 1546 2239 νεκρά·
1561 2204 1616 2239 ἐγὼ
1631 2205 1659 2232 δὲ
1677 2206 1707 2233 ἑν
1722 2207 1790 2242 ζωῇ,

987 2249 1043 2279 λᾶτε
1059 2249 1096 2286 μὴ
1118 2249 1310 2285 ἐνοχλούμενος
1325 2251 1394 2286 μηδὲ
1404 2252 1583 2286 νυττόμενος,
1595 2253 1664 2287 μηδὲ
1678 2253 1792 2288 νεκρού-

148 2292 202 2311 non
219 2285 327 2312 occisus
342 2286 377 2313 ab
390 2285 447 2313 illo.
461 2285 606 2318 Quomodo
621 2294 686 2322 ergo
701 2287 798 2315 revixit
812 2287 878 2315 illud
895 2295 942 2323 per

1033 2304 1077 2327 νος
1089 2296 1136 2322 ὑπ’
1150 2296 1246 2331 αὐτῆς.
1264 2285 1387 2330 Πῶςγοῦν
1408 2285 1542 2333 ἀνέζησεν
1565 2285 1656 2333 ἐκείνη
1675 2285 1790 2326 διὰ-τοῦ

149 2330 256 2364 legum?
279 2330 444 2364 Quomodo?
461 2331 540 2364 Quod
552 2352 559 2364 ,
573 2332 636 2359 data
652 2332 710 2367 lege
721 2353 727 2364 ,
746 2333 831 2369 magis
847 2334 880 2360 ad
892 2334 942 2360 im-

148 2377 327 2411 pugnandum
344 2377 491 2404 incitatum
507 2382 549 2404 est
561 2398 569 2411 ,
588 2382 614 2405 et
627 2378 759 2413 quidquid
777 2387 875 2408 nocere
895 2387 944 2415 po-

149 2427 217 2449 terat
237 2431 335 2450 ausutn
359 2428 415 2455 est,
432 2429 562 2458 tanquam
581 2426 770 2452 carouandum
794 2424 854 2453 fore
870 2426 945 2454 hunc

148 2469 196 2504 qui
222 2470 381 2496 mandatum
409 2470 560 2498 servaverit
587 2471 765 2499 considerans
782 2492 790 2505 ,
819 2476 847 2499 et
881 2471 943 2499 ideo

149 2515 238 2550 magis
250 2515 414 2543 invidiosum
426 2516 539 2544 factum.
550 2517 584 2544 Et
598 2525 648 2553 ego
665 2526 762 2546 rursus
774 2525 943 2553 cognoscens

148 2568 196 2595 per
212 2561 297 2596 legem
311 2568 463 2596 peccatum,
477 2567 504 2590 et
516 2564 580 2598 quia
596 2563 622 2590 in
638 2564 690 2591 hac
706 2564 862 2600 cognitione
876 2572 939 2599 age-

149 2606 212 2632 bam
228 2614 289 2641 quae
302 2607 388 2634 vitare
402 2609 556 2642 oportebat,
575 2609 662 2644 magis
681 2615 825 2645 propterea
846 2617 943 2645 pecea—

148 2653 233 2686 barn;
254 2659 280 2681 et
295 2655 382 2690 magis
404 2655 471 2684 illud
487 2661 583 2684 contra
604 2666 648 2685 me
669 2659 762 2687 valens
780 2659 941 2693 elliciebam,

149 2699 232 2726 robur
255 2699 293 2727 illi
318 2701 421 2730 addens
448 2710 497 2737 per
517 2704 702 2738 cognitionem
723 2711 802 2733 actus
827 2706 940 2741 injusti,

148 2750 176 2774 et
193 2747 276 2775 debili
289 2753 316 2775 et
340 2754 448 2777 tnorluo
466 2750 538 2778 vires
559 2755 587 2778 et
600 2752 683 2778 vitam
703 2753 852 2779 suscitans.
869 2752 938 2780 Cum

149 2799 239 2820 autem
254 2794 342 2827 vixit,
365 2803 407 2822 tne
424 2796 533 2823 occidit.
551 2796 704 2831 Antequam
723 2797 789 2824 illud
808 2797 841 2824 ad
857 2798 939 2825 vitam

148 2846 341 2874 revocaretur,
356 2841 480 2868 vivebam
494 2849 545 2876 ego
564 2842 662 2877 magis.
689 2842 755 2870 Illud
771 2848 861 2870 autem
880 2849 940 2871 erat

149 2892 208 2914 ante
225 2887 312 2923 lrgcm
330 2893 355 2915 et
369 2888 542 2922 mandatum;
569 2888 605 2916 ita
627 2893 665 2922 ut,
683 2890 808 2924 quamvis
826 2889 867 2917 lex
885 2898 938 2916 non

993 2341 1095 2377 νόμους
1114 2341 1180 2368 Τίνα
1196 2343 1296 2378 τρόπον
1309 2352 1317 2376 ;
1331 2343 1372 2370 ὅτι
1382 2343 1430 2370 τοῦ
1448 2344 1529 2379 νόμου
1546 2344 1668 2376 δοθέντος
1687 2345 1791 2380 μᾶλλον

987 2388 1084 2424 ,ἐκείνη
1108 2388 1178 2424 πρὸς
1192 2388 1315 2416 ἐπίθεσιν
1330 2389 1508 2425 παρωξύνθη,
1523 2390 1572 2417 καὶ
1590 2388 1648 2417 οἷον
1667 2391 1789 2427 tmperi-

993 2442 1039 2460 σαι
1052 2433 1192 2469 ὥρμησεν·
1206 2434 1255 2462 ἅτε
1269 2435 1301 2470 δὴ
1318 2436 1367 2462 καὶ
1382 2435 1582 2470 στεφανοῦσθαι
1599 2436 1733 2471 μέλλοντα
1743 2437 1789 2463 τὸν

992 2479 1149 2514 φυλάξαντα
1159 2480 1209 2516 τὴν
1224 2480 1334 2516 ἐντολὴν
1348 2481 1575 2517 ὑπολογιζομένη,
1593 2482 1639 2509 καὶ
1652 2482 1697 2510 διὰ
1709 2483 1788 2510 τοῦτο

996 2526 1098 2561 μᾶλλον
1120 2527 1365 2555 διασασκαίνουσα.
1389 2528 1446 2555 Καὶ
1462 2528 1519 2562 ἐγὼ
1540 2529 1622 2556 πάλιν
1646 2530 1729 2564 γνοὺς
1744 2531 1789 2557 διὰ

993 2572 1042 2607 τῆς
1059 2573 1169 2607 ἐντολῆς
1183 2574 1231 2608 τὴν
1242 2573 1393 2609 ἁμαρτίαν,
1405 2575 1443 2605 ὡς
1463 2575 1492 2601 ὲν
1513 2575 1614 2609 γνώσει
1629 2577 1759 2610 πράττων
1770 2576 1789 2603 ἃ.

993 2615 1106 2651 φεύγειν
1129 2616 1194 2649 ἔδει,
1223 2617 1325 2652 μᾶλλον
1351 2618 1422 2646 κατὰ
1443 2618 1522 2646 τοῦτο
1543 2620 1712 2655 ἡμάρτανον
1739 2621 1788 2646 καὶ

995 2663 1096 2697 μᾶλλον
1110 2663 1196 2699 αὐτὴν
1209 2663 1269 2690 κατ’
1285 2664 1405 2699 ἐμαυτοῦ
1425 2664 1607 2700 ὲπερώννυον,
1624 2665 1702 2700 ἰσχὺν
1718 2667 1787 2700 αὐτῇ

992 2708 1036 2736 διὰ
1048 2709 1098 2744 τῆς
1121 2710 1193 2736 κατὰ
1207 2710 1309 2744 γνῶσιν
1329 2711 1431 2738 ἀτόπου
1453 2711 1580 2746 πράξεως
1600 2713 1786 2748 ἐπιχορηγῶν,

993 2754 1041 2780 καὶ
1060 2751 1116 2781 οἷον
1131 2754 1233 2790 ἀσθενῆ
1256 2755 1303 2782 καὶ
1317 2757 1525 2791 νενεκρωμένην
1546 2755 1630 2783 οὖσαν
1653 2757 1787 2792 ἐνισχύων

991 2800 1040 2826 καὶ
1056 2799 1256 2835 ἀναζωπυρῶν.
1278 2801 1311 2827 Ἦ
1327 2801 1355 2827 δὲ
1368 2801 1476 2836 ζήσασα
1490 2802 1541 2838 ἐμὲ
1563 2803 1709 2837 ὲνέκρωσε.
1728 2802 1786 2837 Πρὸ

990 2845 1018 2871 δὲ
1029 2845 1077 2872 τοῦ
1101 2846 1237 2881 ἁναζῆσαι
1253 2847 1370 2882 ἐκείνην,
1389 2847 1444 2881 ἐγὼ
1468 2847 1537 2880 ἔζων
1563 2848 1674 2883 μᾶλλον.
1699 2848 1785 2874 Τοῦτο

992 2891 1020 2918 δὲ
1035 2889 1069 2927 ἦν
1085 2891 1137 2928 πρδ
1161 2892 1208 2920 τοῦ
1233 2892 1315 2928 νόμου
1336 2893 1383 2920 καὶ
1398 2894 1447 2929 τῆς
1463 2893 1590 2928 ἐντολῆς·
1612 2894 1682 2920 ὥστε
1698 2894 1722 2920 εἰ
1737 2894 1784 2920 καὶ
