1886 3071
141 153 210 186 1239

725 155 856 186 PHOTII
872 156 1124 188 PATRIARClLE
1143 157 1198 188 ΟΡ.

1699 158 1768 191 1240

140 212 202 245 tiae,
219 215 247 238 et
261 209 335 237 illius
358 209 442 237 robur
454 209 528 244 quod
551 209 580 237 in
603 209 664 245 ipso
677 213 740 242 est;
756 214 886 245 tanquam
901 214 931 238 ut

1027 220 1045 238 ιν
1062 212 1143 247 αὐτῇ.
1160 209 1225 239 Οἷον
1239 211 1273 238 ἵν’
1288 211 1358 248 ὅπερ
1374 211 1450 239 ἐστὶν
1472 212 1521 248 ὅλη
1537 213 1576 245 ὡς
1595 212 1644 249 ὅλη
1660 214 1773 250 γένηται

140 257 215 294 quod
238 261 325 285 totum
343 261 402 289 est,
429 261 516 284 totum
538 256 681 285 manifeste
699 263 839 293 appareat.
863 258 932 286 Cum

140 306 214 332 enim
240 304 375 331 malorum
395 303 512 330 aliorum
535 303 752 339 magnitudinem
775 310 934 339 comparare

141 349 286 381 volumus,
312 355 462 383 possumus
482 347 557 374 aliud
573 347 639 382 quid
656 347 775 382 adjicere
797 348 837 375 illi
860 348 934 382 quod

143 394 310 428 atlligimur;
333 397 364 420 ιιι
387 393 520 420 scelestus
535 396 595 420 erat
606 393 633 420 in
651 397 755 420 tantum
771 392 854 426 Cain,
869 393 935 428 quia

129 437 268 464 ‘fatricida
285 436 375 464 factus
388 442 429 464 est
449 457 458 470 ,
486 441 514 464 et
534 436 590 464 Deo
607 438 713 472 primus
729 438 860 465 mentitus
882 442 934 465 est.

145 481 176 508 Et
190 489 296 514 rursus,
308 489 364 509 non
382 489 430 517 per
445 482 631 518 prodigiorum
647 483 832 510 ostensionem
845 483 935 510 addu-

144 533 205 555 ctus
224 531 269 555 est
286 527 394 555 Pharao
409 527 444 554 ad
459 527 630 555 liberandum
648 527 796 561 lsraelitas,
814 532 844 556 ut
858 529 937 556 exhi-

144 575 240 601 beatur
271 574 346 601 illius
376 574 519 601 sententiae
548 573 696 600 crudelitas
723 578 751 600 et
782 574 875 601 odium
903 574 930 601 in

145 621 249 652 Deum;
273 625 302 647 et.
328 619 357 646 in
379 619 485 647 caeteris
511 619 594 646 idem.
626 618 695 646 Nam
715 619 832 647 inveniri
851 624 939 653 potest

145 673 160 692 a
172 665 249 699 iquid
274 665 401 700 praesenti
426 665 500 692 malo
524 664 603 700 pejus
617 684 625 697 ,
641 666 722 699 cujus
737 664 939 700 perpetratione

145 709 192 744 qui
214 708 309 744 inique
330 713 480 743 operantur
490 709 656 736 conveniens
667 708 828 744 malignitati
839 716 939 736 nomen

145 754 294 789 accipiunt.
309 754 455 782 Peccatum
469 758 560 781 autem
575 775 584 788 ,
601 761 664 782 cum
677 753 725 781 illo
735 774 742 786 ,
761 759 791 781 ut
803 754 938 789 diximus,

147 800 215 827 nihil
230 801 309 835 pejus
328 800 445 827 inveniri
466 804 576 834 potest,
593 799 683 836 ipsum
708 807 738 828 se
754 808 802 835 per
818 808 849 829 se
867 802 941 830 desi-

146 851 229 882 gnat;
245 853 365 872 amaram
383 850 410 872 et
425 846 553 873 acerbam
569 845 651 873 simul
665 846 836 879 gravitatem,
849 851 942 882 tyran-

987 257 1118 292 ἐκφανής.
1147 257 1210 283 Ἐπὶ
1229 256 1280 292 μὲν
1297 257 1352 292 γὰρ
1369 256 1424 283 τῶν
1440 257 1528 285 ἄλλων
1546 257 1702 294 ὑπερϐολήν
1714 268 1773 286 τινα

985 301 1109 334 θέλοντες
1132 303 1319 337 παραστῆσαι⁹
1340 302 1480 337 δυνάμεθα
1503 301 1569 329 ἄλλο
1586 311 1614 329 τι
1630 303 1773 339 ἐπιφέρειν

984 347 1024 382 τῷ
1035 347 1224 383 διασυρομένῳ
1240 347 1286 382 ὑφ’
1301 347 1399 383 ὴμῶνι
1411 345 1468 375 οἷον
1483 348 1583 384 μιαρὸς
1603 346 1639 384 ἦν
1654 349 1703 376 ἐπὶ
1714 357 1774 377 τοσ-

985 392 1064 420 οῦτον
1097 393 1111 419 ό
1126 393 1211 420 Κάῖν·
1234 392 1277 419 ὅτι
1296 392 1345 419 καὶ
1357 392 1552 428 ἀδελφοκτόνος
1575 393 1703 427 ἐγένετο·
1727 394 1776 421 καὶ

986 436 1054 463 Θεὸν
1068 436 1177 472 πρῶτος
1196 436 1342 471 ἐψεύσατο.
1363 437 1419 464 Καὶ
1432 437 1525 469 πάλιν,
1546 437 1609 464 οὐδὲ
1629 437 1703 472 μετὰ
1725 438 1776 473 τὴν

985 482 1041 509 τῶν
1055 482 1205 517 τεραστίων
1219 482 1348 516 ἐπίδειξιν
1360 483 1520 519 παρεκλήθη
1531 483 1633 519 Φαραὼ
1641 484 1777 512 ἀπολῦσαι

987 527 1052 558 τοὺς
1083 527 1272 562 Ἰσραηλιταςο
1297 528 1341 555 ἵνα
1365 529 1436 564 φανῇ
1462 529 1546 556 αὐταῦ
1577 530 1609 557 τὸ
1625 530 1701 565 ὠμὸν
1727 530 1778 566 τῆς

986 573 1100 608 γνώμης
1117 572 1167 599 καὶ
1189 572 1317 608 θεομισές
1327 580 1336 588 ο
1361 574 1409 600 καὶ
1424 574 1473 600 ἐπὶ
1486 574 1541 601 τῶν
1553 575 1643 602 ἄλλων
1662 575 1776 610 ὁμοίως.

989 617 1068 644 Ἐστι
1086 617 1142 653 γὰρ
1164 617 1256 652 εὑρεῖν
1277 625 1305 645 τι
1330 618 1421 653 χεῖρον
1443 618 1498 645 τῶν
1518 618 1718 654 ὑποκειμένων,
1745 616 1777 647 οὖ

990 662 1171 698 μετασχόντες
1186 663 1212 689 ot
1226 664 1440 699 πονηρευόμενοι
1455 664 1506 696 τὰς
1517 666 1577 692 κατ’
1591 666 1681 693 ἐκεῖνο
1691 674 1779 701 προσ-

989 707 1103 742 ηγορίας
1120 707 1299 742 ἐπιδέχονται.
1338 708 1401 735 Ἐπὶ
1420 708 1449 735 δὲ
1469 709 1519 744 τῆς
1542 708 1700 744 ἁμαρτίας,
1718 710 1781 737 ἐπεὶ

988 753 1102 790 ταύτης,
1111 753 1150 785 ὥς
1172 754 1290 790 ἔφημεν,
1305 754 1356 781 οὐκ
1374 754 1434 781 ἐστι
1458 756 1551 790 χεῖρον
1578 755 1680 789 εὑρεῖν·
1694 755 1781 790 αὐτῆς

991 799 1035 833 ἔφ’
1052 798 1151 834 ἑαυτῆς
1167 798 1351 834 κατηγόρησε.
1371 798 1482 834 Πικρῶς
1510 798 1568 834 ἅμα
1589 799 1638 826 καὶ
1659 799 1781 834 δριμέως

990 844 1038 871 τδν
1059 843 1143 878 ὄγκον
1165 843 1263 879 αὐτῆς,
1281 844 1330 871 καὶ
1349 843 1380 870 τὺ
1399 843 1561 878 τυραννικὸν
1581 844 1640 879 ἅμα
1658 845 1708 871 καὶ
1730 844 1781 871 ἀνα

148 892 292 926 nicamque
317 896 344 918 et
363 891 493 918 invictam
512 891 565 918 vim
587 892 716 919 ostendit.
744 891 814 919 Cum
837 893 938 921 certius

1027 888 1162 924 νέρϐλητον
1183 888 1403 924 ἐνδεικνύμενος.
1429 888 1508 915 Ἐπεὶ
1532 888 1561 915 δὲ
1577 888 1782 924 ἀσφαλέστερόν

147 935 288 963 censuerit
317 935 371 962 dici
398 943 446 970 per
478 935 600 963 nominis
629 937 816 972 tautologiam,
840 939 938 965 iterum

149 987 247 1007 nomen
263 979 412 1006 reassumit
422 997 430 1011 ,
445 979 512 1006 dicit
522 979 596 1006 enim
611 979 757 1014 epitlietice
786 988 797 1007 :
820 980 939 1010 Peccam

147 1028 293 1059 peccatum.
332 1024 495 1052 Accrbitatis
534 1024 688 1059 designatio
729 1026 854 1054 absoluta
885 1031 938 1055 est.

145 1070 327 1106 Cognominat
341 1076 368 1097 et
385 1077 439 1097 non
459 1070 573 1098 omnino
589 1078 605 1098 a
629 1071 738 1098 nomine
756 1072 894 1107 abscedit;
910 1074 938 1101 in

146 1123 201 1150 quo
223 1119 314 1143 autem
341 1115 440 1142 solutio
461 1123 523 1142 esse
550 1115 668 1148 videtur,
690 1116 745 1143 vim
770 1117 847 1145 addit
868 1118 938 1153 adji-

145 1163 240 1194 ciens,
264 1169 346 1196 supra
360 1161 485 1194 modum;
514 1165 541 1188 et
556 1161 594 1189 ita
608 1161 730 1196 apertius
743 1162 825 1190 simul
839 1167 867 1190 et
883 1163 939 1191 ior-

146 1207 220 1240 tius,
248 1207 423 1235 acerbitatem
438 1215 548 1242 quoque
560 1208 730 1243 exprimente
744 1215 872 1238 sermone
888 1210 939 1238 uti-

147 1257 192 1280 tur
203 1253 298 1282 dicens
320 1252 388 1288 :_Ut
407 1253 456 1287 [iui
471 1261 554 1288 supra
580 1252 688 1281 modum
708 1262 821 1289 peccans
849 1263 939 1291 pecca-

148 1303 216 1326 tum.

182 1389 266 1417 Vens.
281 1388 326 1416 16.
344 1388 374 1416 Si
389 1395 478 1416 autem
492 1389 561 1425 quod
575 1390 647 1423 nolo,
663 1390 732 1418 illud
747 1391 830 1426 facio.

185 1434 288 1461 Photii.
306 1434 348 1462 Τιι
363 1442 427 1462 vero
443 1435 509 1462 tnihi
526 1434 566 1463 sic
581 1436 662 1463 verba
678 1436 837 1469 patefacias.
856 1436 938 1465 Post-

149 1488 232 1515 quam
247 1482 425 1508 venu'idatus
441 1485 468 1508 et
482 1481 534 1508 sub
548 1486 661 1516 peccato
675 1475 764 1510 factus
786 1486 828 1510 est
844 1482 937 1515 homo,

150 1534 205 1554 non
219 1527 363 1562 cognoscit
378 1527 451 1562 quod
476 1531 617 1562 operatur,
644 1527 717 1562 turpi
738 1528 938 1556 consuetudine

151 1572 264 1599 omnino
280 1572 320 1598 illi
338 1572 508 1604 dominante,
541 1579 629 1601 neque
643 1572 830 1600 consentiente
851 1578 881 1600 ut
895 1573 938 1600 vi-
951 1563 973 1592 ε·

151 1617 214 1645 deat
244 1617 348 1644 malum
375 1625 437 1644 esse
460 1616 533 1652 quod
563 1618 628 1652 agit.
652 1618 836 1651 Quamobrem
865 1619 939 1654 quod

151 1663 265 1695 odisset,
283 1663 307 1690 si
324 1662 452 1690 innoxius
465 1667 493 1690 et
507 1663 576 1691 liber
592 1668 676 1697 esset,
692 1668 720 1691 et
733 1664 806 1699 quod
821 1672 876 1692 non
890 1665 941 1692 eli-

152 1711 239 1743 geret.
269 1707 336 1735 illud
360 1707 445 1742 eligit.
470 1706 530 1735 Jatn
556 1708 728 1736 venundatus
756 1712 857 1735 etnon
873 1716 941 1736 suus

153 1754 219 1789 agit.
236 1753 264 1781 Si
282 1761 347 1781 vero
363 1753 431 1781 liber
448 1757 476 1781 et
494 1753 625 1782 innoxius
639 1758 666 1781 et
679 1761 757 1782 meus
773 1753 870 1786 forem,
886 1762 941 1782 non

153 1800 282 1834 eligerem
306 1807 367 1834 quae
387 1806 461 1826 nunc
485 1798 566 1831 facio,
588 1800 721 1827 consentio
745 1800 796 1835 legi
817 1800 941 1834 quoniam

153 1845 221 1872 bona
234 1850 283 1872 est.
298 1844 426 1872 lllaenim
444 1848 476 1872 ut
494 1844 597 1880 fugiam
618 1845 684 1872 mihi
700 1845 848 1877 consentit,
869 1853 940 1880 quae,

152 1892 218 1919 dum
235 1899 285 1926 ego
302 1891 329 1918 in
354 1891 463 1926 propria
487 1895 590 1917 natura:
617 1890 743 1918 libertate
763 1898 872 1923 versor,
896 1890 942 1918 fu-

154 1938 252 1974 gienda
268 1938 364 1965 censui
380 1942 407 1965 et
424 1936 539 1964 odibilia
553 1943 625 1964 esse.
641 1935 704 1964 Non
715 1936 834 1971 intelligo
848 1936 942 1971 igitur.

154 1984 294 2011 evidenter
307 1983 484 2015 venundatus.
495 1991 547 2010 non
556 1983 625 2010 enim
635 1982 703 2017 quod
716 1982 784 2014 volo,
796 1984 860 2010 dum
874 1983 943 2010 liber

154 2038 227 2062 sum,
251 2029 300 2056 hoc
323 2029 392 2064 facio
420 2036 503 2062 nunc,
529 2037 591 2057 cum
616 2028 781 2055 venundatus
803 2036 880 2061 sum;
897 2029 942 2056 sed

155 2077 227 2111 quod
252 2076 307 2108 odi,
330 2076 395 2103 dum
411 2076 480 2103 liber
496 2083 569 2107 sum,
588 2075 656 2102 illud
679 2076 748 2110 facio
763 2075 826 2102 dum
845 2083 943 2102 venun-

156 2121 237 2149 datus
252 2129 325 2149 sutn.
343 2121 373 2149 Si
391 2129 450 2148 vero
465 2121 534 2156 quod
545 2121 616 2154 nolo,
631 2121 696 2148 dum
712 2121 780 2148 liber
793 2128 864 2153 sum,
877 2121 944 2148 illud

156 2169 239 2203 (acia,
258 2167 323 2195 dum
347 2168 522 2195 venundatus
539 2175 613 2199 sum,
638 2167 773 2193 consentio
796 2166 858 2201 legi,
880 2167 943 2194 dum

156 2213 226 2242 liber
242 2221 314 2245 sum,
332 2215 394 2248 quia
408 2214 477 2240 bona
489 2217 539 2240 eu.
556 2212 645 2247 Opera
660 2212 733 2240 enim
748 2211 816 2246 legis
830 2211 901 2243 volo.
917 2216 945 2240 et

156 2266 211 2288 non
229 2268 290 2295 qua:
303 2267 376 2287 nunc
391 2260 469 2286 fat-io.

157 2305 241 2332 Vsus.
257 2305 303 2332 Ἡ.
320 2304 428 2332 Invenio
448 2305 532 2365 igitur
548 2304 639 2340 legem,
657 2305 754 2332 volenti
771 2304 836 2332 mihi
859 2305 946 2340 facere

480 2347 558 2365 onum
569 2359 577 2365 .
592 2345 645 2365 etc.

480 2347 558 2366 onum
569 2359 577 2370 ι
592 2345 645 2367 εις.

195 2384 294 2413 Pltotii.
315 2385 453 2420 intelligas
464 2389 554 2412 autem
576 2385 625 2412 sic.
639 2384 676 2412 Ex
694 2385 737 2413 his
757 2393 818 2420 quae
833 2385 901 2418 dixi,
919 2385 947 2413 in

158 2432 227 2467 quit,
238 2432 290 2459 hoc
299 2431 364 2459 mihi
374 2431 554 2463 concluditur,
565 2430 664 2458 etillnd
674 2431 776 2458 invenio
788 2431 945 2465 Iegemesse,

159 2478 247 2513 legem
261 2477 289 2504 in
303 2477 405 2504 bonum
421 2477 517 2504 volenti
535 2477 600 2503 mihi
614 2476 701 2511 facere
716 2476 811 2502 bonum
820 2483 830 2509 ;
841 2481 868 2503 et
880 2476 945 2503 illud

160 2525 250 2552 solum
273 2527 380 2558 gratum
405 2527 457 2551 cst.
474 2522 574 2550 Malum
591 2523 663 2550 enim
687 2523 806 2555 invenio,
821 2522 946 2556 quoniam

161 2569 287 2598 similiter
301 2569 367 2595 mihi
382 2568 504 2602 adjacet;
519 2572 545 2596 et
562 2576 615 2596 non
631 2568 727 2596 melior
745 2568 833 2596 factus
857 2575 945 2594 essem

159 2623 194 2643 cx
219 2615 288 2650 lege,
316 2614 370 2642 nisi
398 2615 484 2650 magis
509 2615 650 2642 damnum.
665 2635 673 2642 .
686 2634 694 2642 .
708 2634 716 2641 .
728 2634 736 2642 .
759 2614 945 2649 recepissem,

160 2662 236 2697 quia,
251 2665 282 2688 ut
305 2660 430 2694 adjaceat
446 2661 512 2688 milii
535 2666 563 2688 et
578 2660 658 2696 quasi
681 2660 794 2695 propius
820 2659 887 2687 mihi
911 2659 947 2687 sit

161 2709 276 2740 malum,
290 2707 349 2735 hac
363 2707 667 2742 praebuitoccasionem.
680 2706 735 2734 Lex
747 2706 841 2741 igitur,
856 2705 946 2733 solum

161 2754 206 2783 lex
220 2753 292 2782 facta
309 2758 353 2782 est
373 2754 440 2782 milii
468 2754 494 2781 in
520 2754 635 2786 bonum,
651 2753 724 2780 aliud
750 2756 841 2780 autem
867 2751 947 2779 nihil.

162 2799 242 2829 Unde
257 2799 368 2828 evidens
383 2804 435 2831 est,
447 2799 520 2834 quod
536 2800 637 2826 malum
653 2798 721 2826 mihi
734 2797 782 2826 tali
803 2797 884 2824 modo
899 2796 948 2823 ad-

992 942 1052 965 πως
1075 933 1163 966 ἔδοξεν
1183 933 1312 969 εἰρῆσθαι
1330 935 1364 970 τῇ
1389 933 1553 969 ταυτολογίᾳ
1567 933 1614 960 τοῦ
1628 933 1780 968 ὀνόματος·

991 979 1072 1007 πάλιν
1087 980 1118 1007 δὲ
1133 979 1410 1016 μεταλαμϐανομένου
1422 979 1471 1006 τοῦ
1485 979 1627 1015 ὀνόματος.
1641 980 1715 1014 Ἔφη
1726 980 1782 1015 γὰρ

990 1026 1166 1062 παρωνύμως
1189 1026 1364 1061 ἁμαρτωλὸς
1392 1026 1412 1060 ἠ
1437 1026 1575 1060 ἁμαρτία.
1589 1026 1628 1053 Ἦ
1652 1025 1704 1060 τῆς
1722 1025 1782 1061 δριμ-

991 1071 1111 1108 μύτητος
1137 1071 1251 1105 ἔνδειξις
1279 1071 1417 1104 ἐξελύετο.
1444 1071 1635 1106 Παρονομάζει
1662 1071 1712 1107 μὲν
1734 1071 1782 1098 καὶ

990 1118 1022 1144 οὐ
1044 1117 1155 1149 τελείως
1191 1117 1339 1152 ἀφίσταται
1367 1116 1415 1144 τοῦ
1446 1117 1588 1152 ὀνόματος.
1621 1116 1666 1144 Ἑν
1700 1113 1724 1150 ᾧ
1752 1116 1782 1143 δὲ

991 1162 1150 1190 ὲκλελῦσθαι
1165 1163 1266 1195 ἐδόκει,
1289 1162 1366 1190 τόνον
1388 1161 1489 1196 ἐπάγει
1504 1163 1539 1198 τῇ
1562 1162 1708 1199 προσθήκῃ
1733 1161 1782 1189 τοῦ

991 1209 1056 1237 καθ’
1067 1208 1240 1243 ὑπερϐολήν
1250 1215 1258 1224 ·
1274 1209 1323 1235 καὶ
1337 1206 1423 1239 οὕτως
1437 1207 1485 1234 ἐπὶ
1498 1207 1530 1234 τὸ
1543 1208 1710 1243 σαφέστερον
1724 1208 1782 1242 ἅμα

991 1254 1039 1282 καὶ
1061 1253 1178 1286 ἔντονον,
1206 1253 1254 1280 καὶ
1269 1253 1317 1280 τοῦ
1342 1252 1462 1288 δριμέως
1476 1253 1644 1288 ἐμφαντικὸν
1659 1252 1781 1287 μεταλα-

991 1299 1046 1326 ϐὼν
1061 1299 1107 1326 τὸν
1121 1299 1200 1333 λόγον
1213 1298 1308 1334 φησιν’
1321 1299 1389 1326 Ἵνα
1398 1297 1520 1333 γένηται
1532 1298 1597 1326 καθ’
1608 1298 1783 1341 ὑπερόραῑὴν

991 1344 1167 1380 ἁμαρτωλὸς
1182 1344 1203 1378 ἡ
1218 1344 1357 1379 ἁμαρτία.

1147 1391 1183 1418 Et
1198 1390 1232 1417 δὲ
1248 1390 1264 1417 ὃ
1279 1392 1315 1417 οὐ
1329 1390 1418 1423 θέλω,
1437 1389 1624 1418 τοῦτο’ποιῶ.

1025 1437 1149 1464 Φωτίου,
1166 1436 1203 1463 Σὺ
1226 1436 1256 1463 δέ
1271 1444 1316 1472 μοι
1335 1435 1408 1463 οὕτω
1429 1435 1607 1463 διαλεύκανον
1633 1436 1671 1463 τὰ
1698 1435 1782 1472 ῥητά·

990 1483 1068 1511 Μετὰ
1084 1482 1115 1509 τδ
1131 1481 1271 1518 πραθῆναι
1291 1482 1339 1509 καὶ
1352 1482 1480 1517 γενέσθαι
1497 1482 1550 1509 ὑπὸ
1570 1482 1621 1518 τὴν
1643 1481 1784 1518 ἁμαρτίαν

991 1528 1037 1555 τὸν
1052 1527 1205 1563 ἄνθρωπον,
1233 1527 1266 1554 οὑ
1287 1527 1417 1562 γινώσκει
1441 1528 1457 1555 ὃ
1478 1527 1700 1564 κατεργάζεται·
1729 1527 1783 1563 τῆς

990 1573 1134 1609 συνηθείας
1143 1572 1194 1608 τὴς
1202 1571 1480 1607 αῑσχρᾶς.ζπαντελῶς
1489 1571 1572 1598 αὐτοῦ
1583 1570 1780 1606 κυριευσάσης,

991 1618 1038 1645 καὶ
1062 1617 1101 1653 μὴ
1114 1616 1310 1653 συγχωρούσης
1322 1616 1422 1643 ειδέναι
1436 1616 1477 1643 ὅτι
1488 1616 1574 1643 κακόν
1584 1615 1683 1646 ἐστινὸ
1697 1616 1786 1651 πράσ-

991 1671 1043 1690 σει.
1055 1662 1101 1689 Διὸ
1123 1662 1172 1689 καὶ
1185 1662 1200 1688 ὃ
1227 1661 1320 1697 ἐμίσει
1336 1661 1380 1695 ἂν,
1399 1662 1424 1687 ει
1442 1661 1566 1697 ᾶπρατος
1582 1661 1628 1688 καὶ
1642 1659 1786 1696 ἐλεύθερος

989 1706 1035 1745 ἦν,
1053 1708 1101 1736 καὶ
1117 1708 1131 1735 δ
1154 1708 1205 1735 οὐκ
1229 1707 1264 1735 ἂν
1297 1707 1396 1740 εῖλετο,
1415 1707 1494 1734 τοῦτο
1510 1707 1558 1734 καὶ
1584 1707 1714 1743 αἱρεῖται,
1733 1715 1785 1733 πε-

991 1754 1131 1791 πραμένος
1145 1754 1194 1790 ήδη
1220 1752 1257 1780 ῶν
1274 1753 1321 1780 καὶ
1336 1753 1464 1788 πράττει.
1481 1753 1513 1780 Et
1530 1753 1559 1780 δὲ
1576 1753 1718 1789 ἐλεύθερος
1744 1752 1784 1779 ὢν

991 1801 1039 1828 καὶ
1065 1801 1187 1835 ἄπρατος
1207 1799 1255 1826 καὶ
1266 1799 1337 1826 κατὰ
1348 1799 1440 1833 φύσιν,
1452 1799 1503 1826 οὐκ
1517 1800 1551 1826 ἂν
1563 1799 1676 1835 εἱλόμην
1696 1800 1715 1826 ἃ.
1731 1799 1782 1825 νῦν

993 1846 1072 1880 ποιῶ,
1085 1845 1287 1881 Συμμαρτυρῶ
1302 1844 1343 1878 τῷ
1370 1845 1451 1880 νόμῳ
1474 1845 1519 1872 ὅτι
1541 1845 1646 1878 καλός.
1672 1844 1787 1871 Ἐκεῖνα

992 1892 1046 1928 γάρ
1060 1900 1105 1927 μοι
1117 1891 1323 1926 συμψηφιζεται
1334 1892 1431 1926 φυγεῖν
1443 1909 1451 1921 ,
1464 1889 1482 1917 ἃ
1495 1890 1542 1916 καὶ
1555 1889 1612 1924 ἐγὼ
1622 1891 1651 1917 ὲν
1666 1891 1700 1924 τῇ
1714 1889 1788 1916 κατὰ

993 1938 1075 1973 φύσιν
1086 1937 1228 1973 ἐλευθερίᾳ
1238 1937 1392 1972 τυγχάνων,
1409 1936 1505 1971 ἔκρινα
1519 1935 1640 1970 φευκτέα
1656 1931 1788 1962 εἶναικαὶ

995 1983 1110 2019 μισητά.
1127 1983 1168 2010 οὐ
1182 1983 1318 2018 γινώσκω
1328 1980 1386 2015 οὖν,
1400 1981 1522 2016 πραθεὶς
1533 1981 1670 2016 δηλονότι⁶
1681 1981 1719 2008 οὐ
1732 1981 1789 2016 γὰρ

993 2029 1010 2057 ὃ
1025 2029 1101 2057 θέλω
1113 2029 1254 2064 ἐλεύθερος
1269 2027 1318 2060 ὢν,
1341 2027 1430 2054 τοῦτο
1449 2027 1577 2061 πράσσω
1596 2026 1653 2058 νῦν,
1670 2027 1789 2061 autpa-

990 2075 1084 2110 μένος
1097 2074 1152 2101 ὤν·
1166 2075 1235 2102 ἀλλ’
1249 2073 1266 2101 ὃ
1278 2072 1358 2109 μισῶ
1373 2073 1515 2107 ἐλεύθερος
1531 2073 1581 2106 ὣν,
1599 2073 1690 2100 τοῦτο
1711 2072 1791 2100 ποιῶ

994 2120 1184 2154 πεπραμένος
1199 2119 1253 2146 ὦν.
1281 2119 1317 2146 ει
1337 2118 1372 2145 δὲ
1385 2118 1402 2146 ὃ
1417 2119 1453 2146 οὐ
1474 2119 1550 2146 θέλω
1569 2118 1713 2152 ἐλεύθερος
1739 2118 1788 2149 ὣν,

994 2166 1083 2194 τοῦτο
1121 2166 1250 2200 πράσσω
1293 2165 1471 2200 πεπραμένος
1498 2163 1548 2196 ὣν,
1584 2163 1791 2198 συμμαρτιῴ

960 2231 983 2259 D
997 2211 1143 2247 ἐλεύθερος
1168 2211 1218 2243 ὢν,
1236 2211 1279 2238 ὅτι
1305 2210 1402 2244 καλὸς
1426 2211 1443 2237 ὁ
1468 2210 1573 2244 νόμος.
1592 2210 1634 2236 Τὰ
1649 2210 1705 2245 γὰρ
1720 2210 1791 2236 αὐτὰ

996 2257 1093 2293 ἐκείνῳ
1120 2257 1263 2293 βούλομαι,
1274 2256 1324 2284 καὶ
1333 2256 1382 2291 οὐχ
1398 2255 1418 2283 ἃ.
1432 2255 1481 2282 νῦν
1494 2255 1575 2283 ποιῶ.

994 2304 1133 2340 Εὑρίσκω
1145 2303 1203 2338 ἄρα
1220 2302 1276 2330 τὸν
1290 2300 1574 2364 “aegrotum
1598 2299 1664 2336 ἐμοὶ
1692 2299 1792 2328 ,ποιεῖν

1030 2384 1153 2412 Φωτίου.
1176 2382 1317 2415 Ἐκλάϐοις
1327 2382 1350 2409 δ’
1363 2382 1398 2409 ἂν
1407 2382 1455 2409 καὶ
1468 2381 1567 2413 οὕτως’
1588 2381 1636 2414 Ἐξ
1647 2377 1686 2408 ὧν
1700 2377 1790 2412 εἷπον,

997 2431 1075 2466 φησὶ,
1087 2429 1169 2457 τοῦτό
1184 2437 1229 2464 μοι
1247 2428 1478 2464 συμπεραίνεται,
1493 2426 1631 2454 καὶτοῦτο
1646 2427 1794 2461 εὑρίσκω,

996 2477 1028 2503 τὸ
1052 2474 1122 2502 εἶναι
1137 2475 1191 2502 τὸν·
1205 2474 1311 2509 νόμον.
1323 2473 1405 2508 νόμον
1418 2474 1458 2505 εἰς
1473 2473 1504 2499 τὺ
1517 2472 1601 2499 καλὸν
1616 2472 1657 2505 τῷ
1671 2473 1793 2500 θέλοντι

995 2521 1061 2557 ἐμοὶ
1082 2520 1178 2548 ποιεῖν
1198 2519 1231 2546 τὸ
1252 2519 1365 2546 καλόν·
1381 2517 1522 2545 καὶτοῦτο
1538 2517 1618 2552 μόνον
1638 2517 1792 2553 χαριζόμε-

998 2574 1052 2595 νον.
1071 2566 1107 2593 Τὺ
1119 2566 1174 2600 γὰρ
1194 2564 1278 2592 κακὸν
1297 2563 1426 2599 εὑρίσκω,
1439 2563 1484 2590 ὅτι
1498 2563 1598 2598 ὁμοίως
1612 2563 1678 2598 ἐμοὶ
1694 2563 1793 2597 παρά-

997 2619 1107 2640 accitur
1136 2611 1184 2637 καὶ
1206 2610 1283 2636 οὐδὲν
1306 2608 1471 2644 ὲὸελτιώθην
1486 2609 1519 2635 ὲκ
1529 2608 1576 2635 τοῦ
1590 2608 1687 2643 νόμου.
1703 2609 1736 2635 El.
1755 2608 1793 2643 μὴ

999 2658 1047 2686 καὶ
1069 2657 1168 2693 μᾶλλον
1182 2655 1309 2692 βλάϐην)
1320 2655 1464 2689 ἐδεξάμην,
1483 2654 1525 2681 ὃτι
1541 2654 1728 2690 παρακείσοαί
1747 2663 1793 2689 μοι

999 2704 1046 2730 καὶ
1070 2701 1125 2730 οἷον
1148 2701 1268 2737 ἐγγίζειν
1291 2709 1336 2737 μοι
1350 2701 1380 2727 τὸ
1405 2700 1488 2728 κακὸν
1499 2701 1636 2736 παρέσχεν
1650 2700 1790 2735 ἀφορμήν.

1006 2749 1036 2775 '0
1053 2749 1134 2783 νόμος
1157 2746 1204 2775 οὖν
1228 2747 1308 2784 μόνον
1322 2747 1404 2782 νόμος
1425 2745 1534 2780 ἐγένετό
1557 2754 1603 2781 μοι
1618 2746 1659 2777 εἰς
1674 2746 1705 2772 τὸ
1721 2746 1793 2780 ἀγα-

1001 2794 1062 2822 Θόν·
1078 2794 1144 2822 ἄλλο
1165 2793 1194 2821 δὲ
1219 2793 1311 2820 οὐδέν·
1329 2792 1412 2820 πόθεν
1425 2791 1517 2826 δῆλον,
1536 2792 1577 2818 ὅτι
1593 2792 1624 2818 τὸ
1641 2791 1727 2818 κακόν
1745 2799 1792 2827 μοι

807 2855 922 2883 ΫΛΒΙᾹΣ
942 2853 1142 2882 LECTlONES.

200 2906 215 2927 ιι
234 2906 283 2935 llic
295 2910 338 2934 cst
355 2906 382 2933 in
397 2905 458 2933 cod.
475 2912 581 2933 rasura.
