1886 3071
109 177 176 212 ιειι

531 180 765 212 FRAGMENTA
784 180 825 212 IN
842 179 1054 211 EPISTOLAM
1074 179 1124 210 AD
1142 180 1334 211 ROMANOS.

1682 174 1752 207 1242

108 233 242 266 ὡσαύτως
256 233 435 270 παράκειται.
450 233 486 260 Ἣ
506 235 554 261 καὶ
576 233 662 265 οὕτως
677 242 684 250 ⁸
696 234 836 268 Εὑρίσκω
851 233 883 267 ἀι

995 237 1046 265 cet,
1061 237 1134 260 certe
1148 237 1176 260 et
1188 233 1226 260 ita
1242 238 1294 261 est.
1310 232 1419 260 Invenio
1441 231 1526 266 igitur
1540 230 1634 266 legem,
1649 229 1677 258 id
1698 234 1752 259 est.

109 280 164 306 τὸν
177 280 283 314 νόμον,
301 280 434 312 τουτέστι,
453 279 607 314 κατενόησα
633 280 682 307 καὶ
700 279 909 314 κατελάμϐανον

109 324 161 358 τὴν
178 324 256 360 ἰσχὺν
274 325 322 352 καὶ
336 325 387 359 τὴν
402 324 484 359 φύσιν
498 323 545 351 τοῦ
566 324 662 359 νόμου.
684 323 809 359 Ἐξεῦρον
826 322 909 350 αὑτὸν

110 369 251 404 ἀκριϐῶς·
271 370 313 397 ὅτι
338 371 417 398 οὐδέν
451 379 497 406 μοι
531 369 664 406 βοηθῆσαι
692 370 802 404 ῖσχυσεο
827 368 909 395 πόθεν

111 415 210 450 δῆλον;
226 416 268 442 δτι
284 416 406 444 θέλοντί
420 425 470 450 μοι
484 416 580 443 ποιεῖν
594 417 627 443 τὺ
644 415 752 448 umor,
760 415 836 442 οὐδὲν
850 415 911 441 ἐπι-

112 464 207 497 κουρεῖ
217 469 224 476 ”
239 463 298 490 ἀλλ’
312 463 414 498 ὁμοίως
424 463 454 489 τὸ
480 462 564 489 κακὸν
586 462 752 498 παράκειται
768 460 910 497 ἄπρακτόν

115 516 162 542 μοι
181 507 213 534 τδ
237 507 326 534 θέλειν
342 507 447 535 ποιοῦν.
466 507 511 534 Ἐν
527 508 616 542 τούτῳ
630 505 677 534 οὖν
693 504 773 542 εὗρον
788 506 911 542 ἀκριϐῶς

113 552 170 580 τὸν
180 553 277 588 νόμον
290 553 352 580 ὅσον
369 553 468 587 ἰσχύει,
483 552 532 579 καὶ
545 553 588 584 τίς
603 553 678 579 ἐστιν
691 553 708 588 ή
720 551 803 586 φύσις
820 551 910 586 αὐτῷ,

116 599 146 625 ἐν
165 598 205 634 τῷ
224 599 287 634 ἐμοὶ
302 598 342 631 τῷ
357 599 477 626 θέλοντι
488 598 587 625 ποιεῖν
598 598 633 625 τὸ
647 598 755 630 καλὸν,
771 597 912 633 εὑρίσκειν

114 643 156 670 ἔτι
171 643 203 670 τὸ
216 643 311 671 κακόν.
340 643 508 678 Παράκειται
528 644 583 678 γὰρ
604 643 652 671 καὶ
674 643 724 670 οὐκ
743 642 911 677 ἀπελήλαται

115 689 163 716 ὑπ’
177 689 261 716 αὐτοῦ
277 689 306 723 ἐξ
324 689 402 724 ἐμοῦ.
424 689 542 716 Δυνατὺν
554 689 583 716 δὲ
599 689 645 716 καὶ
659 688 746 720 οὕτως
761 688 910 724 ἐγγύτερον

114 735 166 770 τῆς
180 735 279 769 λέξεως
293 735 430 763 ἐκλαϐεῖν.
443 735 583 770 Εὑρίσκω
594 735 652 769 ἄρα
663 735 703 768 τῷ
716 730 834 762 θέλοντι
845 733 910 768 ἐμοὶ

115 781 215 808 ποιεῖν
228 781 262 808 τὸ
273 781 370 808 καλὸν
381 781 452 808 κατὰ
464 781 511 812 τὸν
527 781 620 817 νόμον,
633 781 674 808 ὃτι
689 780 754 815 ἐμοὶ
768 779 801 807 τὸ
817 780 913 806 κακὸν

115 825 302 859 παράκειται.
312 825 366 852 Καὶ
376 826 431 862 γὰρ
440 826 465 853 οἱ
481 825 552 854 κατὰ
567 826 598 852 τδ
612 825 778 860 Εὑαγγέλιον
791 824 913 856 θέλοντες

116 872 206 898 ποιεῖν
235 871 267 897 τὸ
291 872 386 906 καλὸν,
413 872 464 908 οὐχ
483 872 659 908 εὑρίσκουσιν
677 872 718 898 ὅτι
743 871 912 907 παράκειται

963 278 1055 306 notavi
1072 283 1100 306 ct
1123 278 1245 306 intellexi
1262 279 1318 306 vim
1341 283 1368 306 et
1389 283 1516 306 naturam
1535 277 1614 312 legis.
1631 275 1753 311 Cognovi

958 323 1033 351 illam
1056 323 1186 357 perfecte,
1209 324 1282 358 quod
1306 323 1376 351 nihil
1403 323 1536 358 adjuvare
1559 322 1656 350 valuit.
1675 321 1755 350 Unde

959 373 1065 397 certum
1081 369 1140 397 est?
1152 370 1217 405 quia
1245 369 1341 397 uolenti
1365 369 1430 396 mihi
1454 369 1540 404 facere
1561 368 1668 398 bonum,
1697 376 1753 394 non

959 416 1120 443 auxiliatur.
1137 415 1190 444 Sed
1208 416 1337 443 similiter
1361 415 1465 442 malum
1491 416 1597 450 adjacet
1621 414 1754 442 inutiliter

960 461 1028 488 mihi
1044 462 1112 490 velle
1140 462 1258 490 faciens.
1283 461 1311 489 In
1340 462 1394 489 hoc
1417 462 1500 497 igitur
1523 462 1610 489 inveni
1635 460 1754 496 perfecte

961 506 1042 542 legem
1056 511 1191 541 quantum
1202 507 1303 541 valeat,
1318 511 1346 535 et
1357 514 1420 542 quae
1434 507 1471 535 sit
1482 507 1542 541 ejus
1559 512 1666 540 natura,
1680 505 1754 541 quod

961 552 1028 578 mihi
1044 552 1142 579 volenti
1156 552 1243 587 facere
1261 553 1377 586 bonum,
1406 552 1518 580 invenio
1534 552 1623 580 adhuc
1639 551 1753 579 malum.

959 597 1074 633 Adjacet
1086 599 1160 626 enim
1175 603 1202 626 et
1214 606 1269 626 non
1283 600 1318 627 ab
1335 599 1381 627 illa
1394 607 1428 626 ex
1444 606 1488 626 me
1507 604 1644 626 movetur.
1661 598 1756 625 Potest

961 648 1051 671 autem
1067 644 1108 672 sic
1124 645 1237 680 propior
1250 645 1380 672 dictionis
1395 652 1494 673 sensus
1506 643 1632 680 intelligi.
1647 642 1755 670 Invenio

961 689 1046 724 igitur
1059 690 1156 717 volenti
1176 690 1243 717 mihi
1258 691 1347 725 facere
1363 690 1461 717 bonum
1477 690 1629 718 secundum
1656 689 1755 724 legem,

960 735 1087 770 quoniam
1095 735 1196 763 malum
1219 736 1286 764 milli
1301 736 1417 771 adjacet.
1430 735 1536 764 Etenim
1546 736 1592 771 qui
1604 735 1755 762 secundum

961 779 1138 816 Evangelium
1164 782 1260 810 volunt
1284 782 1376 810 facere
1392 782 1506 815 bonum,
1531 788 1586 809 n0n
1612 781 1756 808 inveniunt

964 826 1096 860 quoniam
1112 827 1219 863 adjacet
1237 828 1291 856 illis
1318 828 1442 862 malum;
1458 835 1506 863 per
1527 827 1662 863 baptisma
1681 827 1756 854 enim

962 873 1085 900 ablatum
1099 877 1127 901 et
1139 878 1262 901 amotum
1286 880 1346 908 est;
1369 875 1406 902 ita
1431 879 1459 902 ut
1476 879 1603 909 oporteat
1628 874 1661 901 ad
1676 873 1757 902 Chri-

116 917 210 949 αὐτοῖς
222 917 253 944 τδ
268 918 364 946 κακόν.
391 917 444 945 Διά
462 918 510 944 τοῦ
535 917 721 953 βαπτίσματος
735 917 790 952 γὰρ
804 917 883 950 egeat

995 927 1040 946 um
1055 927 1103 954 per
1118 920 1254 955 baptisma
1272 921 1389 954 ingredi,
1404 921 1490 956 legem
1503 920 1671 948 deserentes.

116 963 165 991 καὶ
185 963 348 999 ἀπελήλατο.
370 964 452 991 Ὥστε
478 964 521 991 δεῖ
543 963 655 999 Χριστῷ
675 964 836 1000 προσελθεῖν
861 963 906 990 διὰ
925 963 973 991 τοῦ
990 965 1188 1002 βαπτίσματος,
1207 967 1407 999 καταλιπόντας
1422 967 1468 994 τὸν
1481 966 1572 1001 νόμον.

123 1009 156 1036 ’0
169 1009 242 1043 Θεὸς
262 1009 317 1037 τὸν
340 1010 449 1038 ἑαυτοῦ
471 1010 593 1044 πέμψας
611 1010 681 1037 ΥΙὸν
702 1010 738 1037 ἐν
758 1009 883 1045 όμοιώμο

995 1021 1035 1039 ιν.
1059 1012 1125 1041 Vill.
1142 1013 1226 1041 Vens.
1247 1014 1274 1041 '5.
1290 1014 1361 1040 Deus
1379 1013 1483 1040 Filium
1496 1021 1575 1040 suum
1597 1012 1703 1040 mittens
1729 1012 1758 1039 in

371 1045 486 1079 σαρκὸς
503 1046 661 1080 ἁμαρτιας.

152 1091 277 1118 Φωτίου.
303 1090 422 1118 Δυνατδν
440 1090 495 1126 γὰρ
519 1091 568 1118 καὶ
593 1091 666 1118 οὕτω
684 1091 823 1124 στίξαντα,
845 1091 914 1119 ἀνα-

116 1137 229 1172 γνῶναι·
238 1137 270 1164 '0
280 1137 352 1170 Θεὸς
362 1138 417 1164 τὸν
425 1138 535 1166 ἑαυτοῦ
547 1137 671 1173 πέμψας
686 1139 756 1165 Υιὸν
767 1137 802 1164 ἐν
814 1137 915 1172 ὁμοιώ-

115 1191 187 1218 ματι
207 1183 322 1217 σαρκὸς
342 1184 497 1218 ἁμαρτιας,
513 1184 564 1211 καὶ
586 1183 654 1218 περὶ
677 1183 837 1219 ἁμαρτιας*
855 1181 915 1211 εἶτα

116 1230 280 1263 ἐπαγαγεῖν,
297 1229 452 1263 κατέκρινε
469 1229 527 1263 τὴν
541 1229 691 1265 ἁμαρτίαν
705 1229 740 1257 ἐν
752 1228 789 1263 τῇ
804 1229 895 1263 σαρκί
906 1236 914 1244 ·

115 1274 239 1301 τουτέστι
259 1274 305 1301 τὸν
317 1274 381 1300 Υιὺν
400 1275 465 1310 περὶ
489 1274 644 1310 ἀμαρτίαςυ
662 1274 747 1310 ήγουν
768 1274 850 1300 ἕνεκα
863 1273 915 1308 τῆς

116 1320 266 1356 ἁμαρτίας,
283 1319 330 1346 τοῦ
351 1319 448 1353 ἐξᾶραι
461 1320 563 1354 αὑτήν·
583 1319 630 1346 καὶ
644 1319 824 1355 ἐλευθερῶσαι
837 1320 912 1355 ἡμᾶς

117 1365 173 1392 ἀπὸ
201 1365 314 1401 ταύτης.
341 1366 402 1397 Πῶς
425 1365 471 1392 οῦν
494 1366 595 1402 ὲξῆρες
611 1366 787 1401 Κατακρίνας
815 1365 913 1400 αὑτήν.

115 1411 155 1438 οὐ
174 1411 229 1446 γὰρ
247 1411 341 1443 ἁπλῶς
367 1411 414 1439 καὶ
438 1412 666 1444 ὲξουσιαστικῶς·
683 1412 742 1439 ἀλλ’
758 1412 811 1439 ὑπὸ
836 1412 914 1447 δίκην

115 1457 230 1492 ἀγαγὼν
255 1457 350 1492 αὐτὴν,
375 1458 424 1485 καὶ
445 1457 536 1491 δείξας
551 1457 682 1486 ἀλοῦσαν.
697 1458 759 1490 Πῶς
781 1458 828 1485 οῦν
843 1459 915 1486 ἑάλω

114 1504 163 1530 καὶ
183 1504 319 1539 ἥττηται;
339 1504 374 1531 ὲν
397 1503 436 1539 τῇ
464 1503 554 1538 σαρκί
573 1504 667 1532 αὐτοῦ,
687 1504 833 1540 ΙΙροσιέναι
858 1505 913 1541 γὰρ

115 1549 279 1585 βουληθεῖσα
292 1549 341 1576 καὶ
352 1549 390 1585 μὴ
404 1550 549 1584 ἰσχύσασα,
562 1550 634 1576 ἑάλω
652 1549 700 1576 καὶ
710 1550 838 1585 ἥττηται.

153 1594 190 1621 Τὸ
206 1594 241 1621 δὲ
255 1595 398 1629 φρόνημα
409 1594 464 1628 τῆς
478 1595 593 1629 σαρκὸς
604 1595 696 1630 ἐχθρὰ
708 1597 753 1629 εἰς
766 1598 849 1623 Θεόν.

150 1639 275 1666 Φωτίου.
292 1639 390 1671 Καλῶς
405 1637 451 1665 οὖν
468 1648 570 1674 φησιν,
595 1640 635 1667 ὃτι
657 1639 689 1667 ca
710 1640 838 1676 φρόνημα
863 1641 913 1676 τῆς

115 1684 217 1720 σαρκὸς
231 1684 271 1719 τῷ
290 1684 366 1719 νόμῳ
381 1684 429 1711 τοῦ
445 1684 564 1719 Χριστοῦ
584 1685 634 1721 οὑχ
650 1686 845 1713 ὑποτάσσεται.
868 1686 912 1712 Ἐν

114 1731 170 1766 ὅσῳ
202 1731 251 1765 μὲν
277 1729 332 1765 γάρ
357 1730 429 1761 ἐστι,
454 1730 532 1766 δῆλον
548 1731 589 1757 ὅτι
603 1731 651 1766 οὐχ
667 1731 865 1758 ὑποτάσσεται·
884 1732 913 1757 ὲν

114 1777 171 1810 ὅσῳ
184 1776 213 1803 δὲ
229 1776 353 1812 παρέλθῃ
369 1777 416 1802 καὶ
429 1776 597 1810 ἀπογένηται
620 1775 669 1802 τοῦ
692 1777 848 1812 ἀνθρώπου,
865 1777 912 1803 οὑ-

113 1822 198 1853 δὸλως
213 1822 286 1848 ἐστιν
298 1830 306 1838 ο
322 1822 392 1848 ὥστε
409 1821 464 1849 οὐδ’
481 1822 675 1850 ὑποτάσσεται.
685 1822 748 1854 Πῶς
765 1822 819 1858 γὰρ
834 1822 867 1849 ἂν
883 1822 913 1849 τὺ

115 1869 154 1902 μὴ
180 1867 249 1903 Emi
273 1867 481 1903 ἀντιστήσεται,
500 1867 516 1902 ἢ
535 1868 660 1902 ὑποταγῇ
690 1875 763 1901 τινι;
789 1867 838 1901 Τίς
866 1868 914 1895 οῦν

115 1914 316 1947 ὐποτάσσεται;
336 1914 365 1940 Ὀ
381 1914 526 1949 ἄνθρωπος
541 1915 570 1940 ὲν
585 1910 648 1948 ᾧτὺ
662 1914 794 1949 σαρκικδν
812 1915 912 1950 φρόνη-

116 1968 156 1995 μα
181 1959 288 1995 [SuppL
313 1960 363 1986 οὐκ
382 1959 469 1996 Eon];
488 1959 545 1986 ἀλλ’
566 1959 607 1985 ἐτι
633 1959 681 1994 μὲν
697 1962 744 1985 τοῦ
779 1960 912 1993 σαρκικοῦ

115 2005 250 2039 παρόντος
268 2006 443 2041 φρονήματος
453 2025 461 2037 ,
483 2004 545 2031 οὐδὲ
558 2005 672 2037 ἐκεῖνος.
686 2005 912 2040 Καταϐληθέντος

115 2052 145 2078 δὲ
168 2051 212 2078 διά
231 2051 383 2085 μετανοίαςξ
394 2051 443 2078 καὶ
460 2052 689 2087 ὑποχωρήσαντος
700 2072 708 2086 ,
723 2052 786 2078 τότε
808 2052 913 2082 ἐκεῖνος

114 2098 290 2133 ἀγαθοεργεῖ,
305 2098 353 2125 καὶ
365 2097 549 2125 ὑποτάσσεται
564 2097 604 2133 τῷ
618 2098 692 2133 νόμῳ
703 2097 751 2126 τοῦ
762 2097 840 2125 Θεοῦ.

193 2144 299 2177 Ἐλπὶς
312 2144 346 2170 δὲ
359 2143 537 2179 βλεπομένη
561 2145 618 2171 οὐκ
633 2144 720 2171 ἔστιν
738 2144 836 2176 Mair.

152 2191 276 2218 Φωτίου.
294 2191 328 2218 Τί
344 2191 399 2227 γὰρ
413 2191 465 2218 οὐκ
480 2190 613 2226 ἐλάϐομεν
628 2191 730 2226 ταύτην
744 2190 788 2216 διὰ
800 2190 847 2217 τοῦ
864 2190 912 2225 βα-

116 2237 283 2272 πτίσματος;
309 2237 370 2272 οὐχὶ
390 2237 439 2264 καὶ
464 2237 546 2268 αὑτὸς
570 2236 624 2272 πρὸ
650 2236 751 2272 μικροῦ
773 2237 851 2271 ἔφης,
870 2237 910 2264 ὅτι

115 2282 238 2317 Πνεῦμα
251 2282 404 2315 υίοθεσίας
419 2282 556 2313 ἐλάϐετε;
571 2281 636 2314 Ναὶ,
659 2282 751 2317 φησιν.
765 2281 848 2308 Ποίαν
867 2282 913 2309 οῦν

115 2329 343 2365 ἁπεκδεχόμεθα;
357 2329 413 2365 Τὴν
432 2329 647 2364 φανερουμένην,
664 2329 756 2364 φησὶν,
777 2329 847 2356 κατά
863 2329 912 2358 τὴν

114 2375 306 2411 ἀπολύτρωσιν
322 2374 370 2402 τοῦ
388 2374 515 2410 σώματος
536 2374 626 2410 ἡμῶν.
649 2374 750 2408 ’Ἄλλην
772 2373 849 2410 παρά
863 2374 912 2410 τὴν

115 2421 281 2457 εἰρημένην;
295 2421 341 2455 Μὴ
355 2420 470 2454 γένοιτο.
495 2420 566 2447 Ἀλλ’
580 2420 667 2456 αὐτὴν
686 2420 795 2453 ἐκείνην
809 2420 911 2447 τελειό-

113 2476 195 2503 τερον
214 2467 431 2502 φανερουμένην,
445 2468 494 2494 καὶ
507 2467 665 2502 διαπείρας
681 2467 768 2500 αὐτῆς
784 2467 913 2501 ἐπιγινω-

115 2512 266 2548 σκομένην.
281 2512 360 2539 Μετὰ
374 2512 429 2547 γὰρ
445 2511 495 2547 τὴν
513 2511 704 2547 ἀπολύτρωσιν
715 2510 761 2538 τοῦ
774 2511 910 2546 σώματος,

113 2559 176 2585 τότε
195 2559 212 2593 ἡ
229 2558 284 2584 τῶν
309 2557 420 2592 ἀγαθῶν
437 2557 599 2589 ἀπόλαυσις.
616 2557 684 2583 Τότε
704 2557 794 2584 πάντα
811 2557 846 2584 τά
862 2557 912 2592 τῆς

113 2604 253 2635 υἱοθεσίας
274 2603 456 2640 γνωρίσματα
477 2604 526 2630 καὶ
551 2602 772 2638 ἀποτελέσματα.
791 2602 847 2629 Καὶ
862 2601 911 2629 νῦν

113 2651 169 2685 γὰρ
184 2649 228 2676 ἐπ”
243 2649 331 2676 ἐλπίδι
343 2649 445 2676 τούτων
455 2649 590 2684 ἐλάϐομεν
605 2648 655 2684 τὴν
670 2647 817 2675 υἱοθεσίαν.
827 2646 912 2679 Αὐτὸς

111 2696 142 2723 δὲ
158 2696 398 2732 ἐμφαντικώτερον
412 2694 499 2729 εἶπεν,
513 2695 678 2730 ἐσώθημεν.
695 2694 756 2726 Πῶς
769 2694 816 2721 οὖν
830 2694 911 2730 ἠλπί-

113 2750 204 2777 σαμεν
229 2741 331 2774 ταῦτα,
364 2741 402 2778 μὴ
426 2741 530 2768 τούτων
575 2741 805 2777 παραγεγονότων
847 2740 909 2776 ήδη,

115 2787 178 2823 μηδ’
200 2788 247 2814 ὑπ’
265 2787 327 2822 ὄψιν
351 2787 431 2822 ἡμῶν
455 2786 604 2817 πεσόντων,
624 2786 688 2822 μηδ’
709 2785 762 2812 ὑπὸ
792 2785 910 2820 πεῖραν;

112 2832 224 2864 Καλῶς,
239 2832 334 2867 φησὶν,
348 2832 396 2859 καὶ
418 2832 546 2867 εὐλόγως.
563 2832 595 2859 Εί
608 2832 663 2868 γὰρ
678 2831 724 2858 ὑπ’
739 2830 800 2866 ὄψιν
821 2830 911 2866 ἡμῶν,

113 2879 163 2907 καὶ
177 2879 231 2905 ὑπὸ
247 2878 346 2912 πεῖραν
355 2878 406 2913 ήδη
422 2878 456 2905 τὰ
473 2878 639 2914 ἐλπιζόμενα
663 2876 754 2913 ἀγαθὰ
777 2877 910 2912 ἐγεγόνει,

113 2926 164 2954 οὑκ
179 2925 212 2954 ἂν
227 2923 262 2961 ἦν
274 2926 448 2961 ἐλπιζόμενα.

1145 1049 1349 1076 similitudinem
1366 1048 1455 1075 carni:
1469 1048 1580 1083 peccati.

1008 1092 1111 1121 Pltotii.
1129 1093 1223 1122 Potest
1251 1095 1323 1122 enim
1348 1094 1458 1130 punctis
1484 1094 1523 1122 ita
1551 1093 1654 1121 notatis
1680 1092 1757 1128 legi:

968 1139 1039 1167 Deus
1064 1139 1167 1168 Filium
1190 1149 1268 1168 suum
1291 1141 1399 1168 mittens
1423 1140 1451 1167 in
1471 1139 1649 1167 similitudine
1669 1139 1758 1166 carnis

966 1187 1079 1221 peccati,
1097 1190 1122 1213 et
1140 1187 1172 1214 de
1188 1191 1314 1221 peccato;
1329 1186 1428 1214 deinde
1443 1184 1569 1213 addendo
1587 1192 1595 1211 :
1616 1183 1758 1210 Damnavit

965 1236 1102 1266 peccatum
1118 1232 1145 1259 in
1162 1240 1251 1259 carne.
1275 1232 1305 1260 id
1330 1236 1382 1265 est,
1398 1231 1499 1258 Filium
1523 1231 1557 1258 de
1573 1235 1694 1265 peccato,
1712 1234 1760 1257 aut.

965 1285 1049 1306 causa
1060 1278 1175 1314 peccati,
1193 1282 1225 1306 ut
1244 1278 1311 1306 illud
1327 1278 1444 1311 tolleret,
1461 1281 1489 1305 et
1507 1285 1557 1305 nos
1572 1277 1608 1304 ab
1629 1276 1676 1304 illo
1689 1276 1758 1303 libe-

967 1330 1051 1352 raret.
1076 1325 1219 1358 Quomodo
1243 1332 1308 1360 ergo
1337 1324 1416 1352 tulit?
1435 1324 1570 1352 damnans
1596 1323 1676 1356 illud,
1704 1329 1758 1349 non

967 1371 1131 1406 simpliciter
1146 1375 1173 1398 et
1189 1371 1359 1403 facultative,
1385 1370 1432 1398 sed
1448 1369 1476 1397 in
1490 1369 1536 1405 jus
1553 1369 1632 1400 illud,
1656 1376 1760 1395 vocans

967 1422 994 1444 et
1008 1416 1165 1444 convictum
1178 1416 1337 1444 ostendens.
1351 1415 1498 1449 Quomodo
1509 1415 1592 1450 igitur
1603 1414 1759 1442 convictum

966 1467 993 1489 et
1007 1463 1144 1490 devictum
1163 1462 1223 1489 est?
1240 1460 1275 1488 In
1290 1469 1370 1488 carne
1386 1461 1478 1494 illius;
1498 1467 1560 1488 cum
1581 1460 1655 1488 enim
1679 1459 1760 1487 intel-

966 1507 1050 1543 ligere
1067 1507 1203 1536 voluisset
1216 1511 1243 1535 et.
1261 1515 1316 1535 non
1338 1507 1481 1540 valuisset,
1500 1505 1657 1534 convictum
1669 1512 1695 1534 et
1711 1505 1760 1533 dc-

964 1554 1067 1580 victum
1087 1558 1139 1581 est.

1001 1599 1082 1628 Vens.
1093 1600 1119 1627 7.
1136 1600 1268 1636 Quoniam
1281 1600 1412 1635 sapientia
1427 1600 1516 1627 carnis
1527 1599 1636 1627 inimica
1645 1603 1684 1626 est
1694 1598 1760 1627 Deo.

999 1646 1100 1674 Pltotii.
1118 1646 1201 1674 Recte
1221 1654 1286 1682 ergo
1297 1647 1373 1679 dicit,
1386 1647 1511 1682 quoniam
1525 1646 1654 1681 sapientia
1672 1646 1760 1672 carnis

964 1691 1014 1727 legi
1027 1691 1128 1718 Christi
1138 1700 1189 1718 non
1199 1691 1319 1726 subjecta
1335 1696 1383 1718 est.
1400 1691 1525 1724 Quandiu
1545 1691 1618 1718 enim
1635 1695 1688 1722 est,
1701 1690 1760 1718 evi-

963 1739 1031 1765 dens
1048 1743 1090 1765 est
1105 1738 1228 1773 quoniam
1248 1746 1301 1765 non
1323 1738 1444 1772 subjecta
1479 1742 1541 1769 est;
1568 1737 1690 1772 quandiu
1711 1744 1760 1764 att-

964 1789 1016 1811 tcm
1030 1784 1121 1818 elapsa
1146 1787 1187 1810 est
1205 1787 1232 1810 et
1248 1783 1384 1811 abscessit.
1408 1783 1443 1810 ab
1460 1783 1580 1816 homine,
1594 1782 1706 1811 evidens
1720 1788 1761 1811 est.

963 1826 1093 1863 quoniam
1107 1835 1160 1854 non
1172 1827 1293 1862 subjecta
1308 1831 1360 1854 est.
1373 1826 1517 1860 Quomodo
1534 1827 1605 1853 enim
1623 1827 1696 1862 quod
1707 1835 1759 1854 non

963 1877 1006 1900 est
1025 1878 1071 1900 aut
1089 1873 1197 1900 resistet
1210 1872 1426 1907 autsubjicietur
1434 1871 1606 1907 alicui?quis
1617 1879 1681 1907 ergo
1696 1872 1762 1899 sub-

961 1919 1050 1953 jectus
1059 1917 1122 1945 est?
1134 1918 1263 1951 homone,
1275 1918 1301 1945 in
1317 1925 1373 1953 quo
1386 1917 1518 1953 sapientia
1531 1918 1622 1945 carnis
1631 1925 1685 1944 non
1695 1921 1736 1945 est
1749 1917 1762 1944 τ

964 1965 1088 2000 sedjum.
1112 1964 1139 1991 in
1157 1972 1212 1999 quo
1231 1964 1369 1992 invenitur
1384 1964 1475 1991 carnis
1493 1963 1637 1998 sapientia,
1648 1970 1702 1990 non
1716 1963 1762 1990 ille

963 2016 1013 2039 est.
1032 2011 1193 2038 immutatus
1201 2017 1290 2038 autem
1305 2018 1352 2046 per
1365 2010 1587 2046 pmnitentiamct
1596 2017 1758 2045 conversus,

963 2062 1030 2085 tunc
1045 2057 1090 2085 ille
1107 2057 1208 2085 bonum
1229 2061 1357 2091 operatur
1372 2061 1399 2084 et
1412 2056 1463 2092 legi
1489 2055 1535 2083 Dei
1550 2055 1691 2090 subjectus
1706 2059 1759 2083 est.

998 2135 1082 2164 Vens.
1097 2135 1143 2163 24.
1160 2135 1226 2171 Spes
1240 2139 1327 2162 autem
1342 2142 1401 2168 qua:
1419 2133 1523 2162 videtur
1537 2137 1638 2161 nonest
1661 2141 1730 2168 sper.

999 2181 1099 2209 Pltotii.
1117 2181 1189 2215 Quid
1207 2188 1272 2216 ergo
1287 2189 1341 2209 non
1356 2180 1513 2215 accepimus
1534 2180 1607 2206 illam
1622 2179 1761 2215 (adoptio-

964 2228 1038 2262 nem)
1047 2235 1094 2262 per
1105 2227 1239 2262 baptisma
1249 2227 1262 2253 ?
1277 2234 1366 2254 nonne
1375 2230 1403 2253 et
1418 2225 1475 2260 ipse
1489 2225 1572 2260 paulo
1583 2230 1646 2252 ante
1655 2225 1760 2257 dixisti,

967 2274 1031 2309 quia
1047 2274 1184 2308 accepistis
1200 2274 1324 2306 spiritum
1343 2272 1493 2307 adoptionis
1508 2272 1520 2298 7
1535 2272 1572 2298 Ita
1590 2276 1641 2304 est,
1661 2271 1759 2305 inquit.

965 2320 1078 2354 Qualem
1093 2327 1158 2356 ergo
1171 2325 1363 2355 exspectamus
1380 2320 1392 2346 γ
1415 2319 1483 2346 hanc
1498 2326 1559 2353 quae
1587 2318 1761 2345 manifestata

965 2372 1017 2398 est,
1037 2367 1085 2398 ait.
1102 2375 1150 2402 per
1170 2368 1385 2401 redemptionem
1402 2367 1526 2401 corporis
1547 2365 1645 2393 nostri.
1670 2364 1759 2392 Aliam

965 2420 998 2441 ac
1009 2413 1082 2440 illam
1098 2421 1157 2448 quae
1173 2413 1246 2440 dicta
1268 2412 1344 2440 fuit?
1361 2412 1450 2448 absit}!
1481 2412 1527 2439 sed
1543 2411 1668 2439 eamdem
1687 2410 1760 2438 illam

964 2460 1102 2496 posterius
1129 2459 1341 2491 maniiestatam,
1365 2464 1393 2487 et
1411 2467 1460 2494 per
1484 2459 1544 2493 ejus
1564 2457 1760 2493 experientiam

964 2506 1112 2541 cognitam.
1130 2505 1248 2537 Etenim,
1277 2509 1341 2540 post
1370 2504 1587 2540 redemptionem
1617 2503 1760 2538 corporis,

965 2558 1031 2581 tunc
1046 2553 1180 2581 bonorum
1195 2551 1248 2579 erit
1263 2551 1402 2587 possessio
1423 2559 1431 2584 ;
1450 2555 1515 2578 tunc
1530 2550 1623 2578 omnia
1648 2557 1762 2577 cernen-

965 2603 1011 2627 tur
1027 2599 1183 2633 adoptionis
1198 2598 1276 2634 signa
1291 2601 1319 2625 et
1332 2597 1456 2625 effectus.
1480 2595 1559 2623 Nunc
1574 2596 1647 2623 enim
1665 2595 1692 2622 in
1713 2602 1762 2629 spe

964 2652 1060 2672 eorum
1086 2643 1242 2678 accepimus
1261 2642 1434 2677 adoptionem
1455 2650 1463 2674 ;
1489 2641 1637 2676 Apostolus
1668 2645 1759 2668 autem

964 2691 1084 2726 apertius
1110 2690 1175 2717 dicit
1195 2698 1201 2716 :
1225 2689 1300 2716 Salvi
1313 2689 1379 2724 {acti
1396 2696 1497 2716 sumus.
1523 2687 1669 2721 Quomodo
1694 2694 1760 2721 ergo

965 2744 1108 2773 speramus
1123 2736 1179 2767 illa,
1204 2743 1266 2763 cum
1280 2735 1335 2769 jam
1354 2743 1407 2762 non
1423 2735 1574 2766 evenerint,
1596 2741 1685 2768 neque
1698 2733 1758 2760 visu

965 2788 1071 2817 nostro,
1084 2789 1173 2817 neque
1181 2783 1350 2816 experientia
1362 2782 1470 2817 cognita
1483 2781 1559 2809 sint?
1570 2781 1640 2808 bene
1649 2783 1676 2807 et
1686 2784 1759 2806 recte

966 2828 1108 2863 loquitur;
1125 2827 1148 2854 si
1165 2826 1238 2854 enim
1262 2827 1322 2854 visu
1344 2832 1450 2860 nostro,
1469 2831 1496 2854 et
1517 2825 1684 2861 experientia
1702 2825 1757 2858 jam

965 2882 1026 2910 qua:
1049 2876 1193 2908 sperantur
1216 2872 1286 2900 bona
1316 2873 1425 2909 cognita
1442 2877 1545 2905 essent,
1569 2879 1622 2900 non
1652 2875 1739 2907 sperat

967 2927 1054 2949 Ol'enl.
