1886 3071
107 168 177 200 1245

533 169 765 200 FRAGMENTA
798 169 839 200 IN
853 169 1068 200 EPISTOLAM
1085 169 1135 199 AD
1151 167 1342 200 ROMANOS.

1677 171 1745 204 1246

103 226 217 263 Χριστῷ
238 227 408 262 προσελθεῖν,
436 227 493 253 ἀλλ’
523 227 564 254 ἔτι
589 228 793 263 κεχωρισμένον
817 229 880 255 αὐτο

972 236 982 255 1
1006 228 1082 256 illum
1108 228 1260 262 proliceret.
1288 228 1349 254 Non
1373 227 1446 255 enim
1461 227 1535 262 quod
1547 227 1582 256 ad
1604 228 1745 256 Christum

102 272 192 299 εἶναι·
213 273 237 299 εί
249 272 328 300 τοῦτο
346 274 385 304 είς
399 272 448 308 τὴν
470 273 608 309 ὑμετέραν
631 274 734 300 εἴσοδον
749 274 796 300 καὶ
809 274 901 301 πίστιν

102 319 154 354 τὴν
167 319 209 350 εἰς
221 319 304 346 αὑτὸν
324 319 474 346 συνετέλει.
490 319 537 355 Μὴ
554 320 610 355 γὰρ
623 320 664 346 ὅτι
685 320 841 355 προσῆλθον
862 320 901 356 τῷ

103 364 227 400 Χριστῷ,
244 365 288 391 διὰ
310 364 390 392 τοῦτο
402 365 450 391 καὶ
476 365 548 400 ὑμᾶς
563 374 596 400 με
613 366 808 401 προκαλεῖσθαι
824 366 902 401 νομί-

105 418 182 444 σητε,
192 410 284 443 φησίν.
299 410 353 436 Καὶ
367 410 420 446 πρὸ
433 410 500 445 ἐμοῦ
516 411 588 445 ὑμᾶς
599 411 755 453 ἠϐουλόμην
768 410 901 446 προσδρα·

106 457 167 489 μεῖν
179 455 263 490 αὐτῷ.

122 511 190 538 Ἵνα
204 512 221 545 ὴ
241 511 306 539 κατ’
320 512 453 547 ἐκλογὴν
472 512 525 540 τοῦ
540 512 615 539 Θεοῦ
631 513 774 547 πρόθεσις
788 513 879 549 μένῃ.

141 590 264 616 Φωτίου.
285 590 321 616 Ἤ
335 590 463 625 πρόθεσιν
483 591 579 623 εἰπὼν,
591 592 640 619 τοῦ
656 592 723 619 Θεοῦ
734 593 784 628 τὴν
802 593 900 629 βουλὴν

104 635 249 671 ἐδήλωσεν·
281 636 366 663 εἰπὼν
383 637 410 663 δὲ
442 641 506 664 κατ’
521 639 665 673 ἐκλογὴν,
679 639 781 672 ἔδειξεν
795 640 836 666 ὄτι
851 641 898 666 καὶ

103 681 229 717 διέφερον
244 681 377 717 ἀλλήλων.
403 683 498 714 Οὐδεὶς
517 684 572 719 γὰρ
588 684 730 718 ἐκλέγεται
747 684 840 719 ἕτερον
852 684 900 719 ἀφ’

104 727 210 761 ἑτέρου,
235 727 260 753 εί
274 727 311 762 μή
327 736 352 753 τι
365 728 447 754 αὑτοῦ
463 728 629 756 διαλλάσσει.
644 729 737 756 Εἰπὼν
750 729 779 756 δὲ
796 731 852 757 οὐκ
865 730 900 762 ἐξ

103 772 209 807 ἔργων,
226 773 368 807 παρέδειξε
387 774 418 800 τδ
441 774 556 809 μέγεθος
578 776 627 810 τῆς
644 775 768 810 κλήσεως
788 776 899 811 καὶτῆς

103 819 216 853 χάριτος
230 819 312 845 αὐτοῦ
322 827 328 834 ·
344 820 385 846 ὅτι
397 820 444 846 καὶ
461 820 545 856 μηδὲν
560 820 731 856 πραξάντων,
756 821 899 856 ἐκλέγεται

103 865 152 889 καὶ
172 864 377 898 προσκαλεῖται.
401 864 471 891 Ἀλλ’
489 865 514 891 εί
537 865 620 900 μηδὲν
637 865 799 901 πραξάντων
820 866 898 893 ἐκλέ-

952 274 1097 306 adiverim,
1107 274 1169 301 idco
1181 281 1230 301 vos
1246 281 1259 301 a
1275 281 1319 300 me
1328 273 1476 301 advocatos
1487 281 1548 301 esse
1561 274 1743 308 arbitremini,

952 319 1041 354 inquit
1058 327 1066 351 ;
1081 319 1163 346 etiam
1180 324 1243 346 ante
1259 326 1303 346 me
1317 326 1366 346 vos
1383 319 1534 347 voluissem
1550 320 1584 347 ad
1603 320 1681 346 illum
1693 328 1746 347 cu-

951 372 1082 392 currisse.

951 510 1027 538 CAP.
1044 509 1087 538 ΙΧ.
1115 509 1199 537 Vsus.
1222 511 1265 538 Η.
1297 509 1331 552 Ψ
1353 512 1496 538 secundum
1522 513 1673 540 electionem
1698 513 1745 540 Dei

1202 551 1365 580 propositum
1380 552 1505 574 maneret.

989 591 1091 618 Photii.
1126 590 1206 618 Certe
1228 591 1343 618 dicendo
1364 592 1539 626 propositum,
1555 593 1602 620 Dei
1618 593 1744 621 volunta-

951 641 1005 664 tem
1021 637 1195 673 signiﬁcavit.
1207 637 1276 665 Cum
1292 643 1384 665 autem
1396 639 1474 672 dicit,
1485 639 1628 666 secundum
1641 641 1745 667 electio-

951 691 1020 713 nem.
1036 684 1159 711 ostendit
1175 684 1232 712 haec
1245 685 1316 711 inter
1333 693 1363 712 se
1378 684 1495 712 diﬂ‘erre.
1508 685 1595 713 Nemo
1606 687 1678 714 enim
1694 687 1746 714 eli-

951 729 1026 764 gitur
1041 730 1113 757 alius
1128 730 1163 757 ah
1185 731 1250 762 alio,
1271 731 1322 758 nisi
1340 731 1375 758 ab
1402 732 1448 758 illo
1471 732 1589 760 differat.
1614 733 1743 766 Dicenda,

949 783 1002 802 nan
1026 784 1060 803 ea:
1082 777 1213 810 operibus,
1229 777 1352 804 exhibuit
1374 778 1518 805 electionis
1533 783 1559 806 et
1582 779 1626 806 Dei
1650 780 1744 814 gratia:

950 821 1189 856 magnitudinem;
1206 824 1279 857 quod
1296 831 1349 850 non
1362 832 1395 851 ex
1409 825 1588 859 operantibus
1603 825 1700 852 electio
1717 831 1744 854 et

949 868 1058 894 vocatio
1067 868 1105 895 iit.
1119 867 1182 900 Sed,
1195 869 1218 896 si
1230 877 1284 896 non
1292 878 1323 897 ex
1332 872 1511 905 operantibus
1519 872 1615 899 electio
1624 872 1665 904 ﬁt.
1676 880 1744 908 quo-

103 916 193 941 γεται,
211 908 270 940 πῶς
285 909 445 943 ἐκλέγεταις
468 909 501 936 'ﬂ
526 910 575 946 μὲν
591 910 646 945 γὰρ
659 911 759 946 ἐκλογὴ
778 912 826 937 ἐπὶ
840 911 880 937 τῶ

975 914 1028 941 odo
1039 914 1172 950 eligitur?
1189 914 1292 942 Electio
1311 917 1383 943 enim
1400 916 1468 944 litin
1484 917 1527 944 his
1541 918 1588 952 qui
1607 919 1634 945 in
1651 919 1744 953 aliquo

103 953 176 980 κατὰ
188 962 214 980 τι
223 954 329 987 γίνεται
344 954 539 989 διαφερόντων,
550 955 575 981 οἱ
589 955 619 982 δὲ
631 955 716 990 μηδὲν
730 955 895 991 πράξαντες,

103 1000 130 1026 τί
154 1000 312 1035 διαφέρουσι
329 1008 337 1033 ;
354 1001 409 1027 Καὶ
426 1002 509 1028 πάνυ.
541 1001 737 1037 Ἀνθρωπίνοις
767 1003 817 1037 μὲν
842 1002 897 1038 γὰρ

102 1045 253 1080 ὀφθαλμοῖς
286 1045 347 1072 ἐπεὶ
371 1046 446 1073 οὐδὲν
473 1046 604 1082 ἔπραξαν,
633 1047 695 1074 οὐδὲ
725 1047 896 1083 διαφέρουσι.

103 1091 169 1126 Θείᾳ
180 1091 209 1118 δὲ
224 1091 377 1126 προγνώσει
397 1092 444 1119 τοῦ
469 1093 622 1128 μέλλοντος,
641 1094 710 1121 πολὺ
726 1094 895 1128 διαφέρουσι.

103 1136 158 1163 Καὶ
173 1136 227 1172 γὰρ
242 1138 255 1163 ὁ
271 1137 321 1172 μὲν
337 1137 506 1173 εὐηρέστησε
520 1138 558 1173 τῷ
571 1138 641 1173 Θεῷ,
657 1139 671 1165 ό
685 1139 725 1171 δὲ,
736 1139 838 1166 οὐκέτι.

208 1214 289 1250 Λέγω
306 1213 373 1247 οὖν,
386 1215 434 1249 Μὴ
449 1215 598 1243 ἔπταισαν
613 1216 664 1243 ἵνα
674 1217 807 1251 aequm;

137 1293 260 1320 Φωτίου.
283 1292 394 1328 Ἐπειδὴ
408 1293 435 1320 δὲ
459 1292 514 1320 τῶν
538 1296 774 1330 προσπταιόντων,
796 1297 822 1323 oi
846 1298 896 1333 μὲν

101 1339 246 1370 πταίοντες
269 1338 492 1370 ὑποσκελίζονται
516 1339 607 1374 μόνον,
635 1341 660 1367 οἱ
688 1340 717 1367 δὲ
740 1342 787 1369 καὶ
807 1351 894 1369 κατα-

100 1383 241 1416 πίπτουσι,
258 1384 343 1411 θέλων
362 1384 426 1416 τοὺς
459 1384 603 1417 Ἰουδαίους
633 1386 692 1420 ἃμα
710 1387 760 1422 μὲν
785 1388 826 1419 είς
845 1389 895 1423 τὴν

100 1429 192 1456 πίστιν
233 1430 395 1465 προτρέψαι,
418 1429 476 1465 ἅμα
499 1430 528 1457 δὲ
552 1432 599 1458 καὶ
628 1432 893 1469 παραμυθήσασθαι,

101 1474 179 1509 φησὶ,
202 1474 244 1500 ὅτι
272 1474 303 1500 τὸ
324 1476 448 1509 πταῖσμα
471 1475 562 1502 αὐτῶν
589 1476 638 1502 οὑκ
653 1478 692 1508 εἰς
717 1478 894 1505 κατάπτωσιν

99 1520 206 1547 τελείαν
231 1519 354 1555 γέγονεν,
380 1520 450 1548 ἀλλὰ
477 1522 558 1557 μόνον
571 1520 628 1549 οἷον
642 1523 892 1560 ὑπεσκελίσθησαν.

947 957 1095 992 dilierunt;
1113 959 1161 994 qui
1175 964 1267 987 autem
1284 968 1338 988 non
1364 967 1525 996 operantur,
1543 963 1570 989 in
1595 971 1649 998 quo
1663 964 1743 990 dilic-

948 1005 1034 1031 runt?
1052 1004 1165 1032 Multum
1182 1007 1304 1041 quidem.
1321 1007 1449 1035 humanis
1464 1009 1537 1036 enim
1556 1010 1654 1041 oculis,
1680 1018 1742 1037 cum

947 1050 1015 1077 nihil
1031 1051 1135 1085 operati
1150 1057 1225 1085 sunt,
1242 1060 1296 1079 non
1311 1053 1440 1081 diﬂ'erunt
1453 1062 1460 1086 ;
1475 1054 1568 1081 divina
1584 1060 1675 1082 autem
1694 1063 1740 1083 co-

947 1096 1069 1130 gnitione
1091 1096 1213 1124 futurum
1237 1103 1375 1132 cernente,
1395 1100 1512 1127 multum
1530 1100 1670 1129 diﬂerunt.
1695 1102 1742 1129 Et-

946 1142 1017 1169 enim
1036 1142 1081 1169 hic
1099 1143 1211 1178 quidem
1227 1144 1282 1172 Deo
1297 1145 1412 1180 placuit,
1427 1146 1472 1173 ille
1484 1152 1577 1174 autem
1590 1155 1656 1175 non.
1670 1159 1674 1163 ~

946 1219 1022 1248 CAP.
1038 1219 1083 1247 Xl.
1102 1219 1185 1249 Vsus.
1203 1223 1247 1261 il.
1277 1222 1342 1250 Dico
1355 1231 1418 1261 ergo
1433 1232 1443 1252 :
1459 1224 1586 1260 Nunquid
1606 1227 1644 1253 sic
1657 1226 1741 1261 offen-

1194 1258 1288 1284 derunt
1306 1264 1333 1285 ut
1347 1259 1470 1286 caderent
1482 1261 1494 1287 ?

981 1301 1084 1330 Photii.
1103 1303 1239 1337 Quoniam
1257 1308 1284 1332 et
1301 1305 1343 1332 his
1359 1305 1407 1339 qui
1422 1305 1576 1339 oll'cndunt,
1592 1307 1635 1335 alii
1654 1307 1743 1336 oil‘en-

945 1348 1036 1376 dendo
1052 1350 1181 1377 vacillant
1197 1355 1315 1384 tantum,
1329 1350 1377 1378 alii
1406 1358 1497 1380 autem
1520 1353 1631 1387 cadunt,
1645 1354 1742 1381 volens

944 1394 1064 1428 Judzeos,
1081 1396 1163 1424 simul
1179 1397 1213 1424 ad
1229 1396 1309 1424 Iidem
1327 1402 1500 1431 convertere,
1521 1399 1658 1435 simulque
1674 1408 1740 1428 con-

945 1441 1042 1475 solari,
1055 1441 1134 1475 dicitl
1149 1443 1222 1477 quod
1247 1443 1358 1471 illorum
1383 1444 1499 1472 oifensio
1523 1452 1577 1472 non
1603 1445 1739 1479 in,casum

945 1484 1057 1511 omnino
1067 1485 1137 1513 facta
1150 1492 1201 1520 est,
1219 1487 1266 1516 sed
1277 1489 1351 1522 quod
1364 1490 1554 1517 tantummodo
1567 1491 1740 1519 vacillarunt.

946 1529 978 1556 Et
993 1529 1020 1556 id
1044 1538 1154 1566 quoque
1171 1540 1218 1566 per
1243 1534 1390 1568 quamdam
1411 1536 1595 1563 ceconomiam
1621 1537 1741 1571 disposi-

99 1567 155 1593 Kai.
171 1566 252 1593 τοῦτο
265 1565 300 1593 δι’
312 1567 470 1602 οἰκονομίαν
489 1567 550 1595 τινὰ
577 1569 764 1606 συνεχωρήθη,
796 1571 839 1597 ἵνα
854 1571 880 1606 τί

972 1583 1003 1602 im
1018 1565 1078 1609 est;
1096 1565 1125 1604 ut
1141 1565 1367 1608 illorum.dileclo
1380 1579 1426 1607 ﬁat
1436 1582 1558 1616 gentium
1582 1565 1741 1616 salus,'illo-

99 1612 210 1639 ἐκείνων
226 1611 430 1647 παραπτώματι
453 1613 566 1648 γένηται
589 1614 638 1648 μὲν
662 1615 678 1650 ἡ
697 1615 820 1651 σωτηρία
838 1617 894 1648 τοῖς

98 1659 201 1692 ἔθνεσι,
230 1659 342 1695 γένηται
368 1659 396 1686 δὲ
418 1659 465 1685 καὶ
486 1658 576 1686 αὐτῶν
602 1659 715 1688 ἐκείνων
740 1660 894 1696 διόρθωσις,

98 1704 333 1741 παραζηλούντων
364 1706 413 1733 καὶ
443 1707 621 1741 μιμουμένων
650 1706 713 1738 τοὺς
739 1707 770 1740 ἐξ
796 1707 894 1736 ἐθνῶν.

99 1751 183 1778 Ὥστε
201 1751 233 1778 τὸ
248 1753 436 1785 προσπταῖσαι
453 1752 552 1784 αὐτοὺς
569 1752 669 1788 τρόπον
683 1753 744 1781 τινὰ
761 1754 801 1786 είς
815 1755 895 1791 ἀνόρ-

98 1797 183 1823 θωσιν
199 1797 321 1825 συντελεῖ
332 1799 382 1833 τὴν
395 1797 496 1825 αὐτῶν.
515 1799 601 1834 Εἴπερ
617 1799 652 1825 ἐν
667 1799 717 1833 μὲν
736 1799 776 1833 τῷ
799 1808 894 1835 παρα-

97 1843 231 1877 πτώματι
246 1843 346 1870 αῠτῶν
364 1844 382 1878 ἡ
397 1845 530 1878 σωτηρία
549 1844 612 1877 τοῖς
626 1845 757 1877 ἔθνεσιν,
780 1847 809 1872 ὲν
819 1847 847 1872 δὲ
859 1848 891 1884 τῇ

97 1887 223 1923 σωτηρίᾳ
233 1888 371 1924 ὲκείνωνή
387 1888 492 1915 τούτων
506 1889 702 1924 παραζήλωσις
712 1898 718 1906 ·
737 1890 781 1917 διὰ
802 1891 830 1917 δὲ
842 1891 893 1927 τῆς

96 1933 323 1969 παραζηλώσεως
344 1935 361 1969 ἡ
390 1935 444 1961 τῶν
477 1936 663 1962 πεπτωκότων
691 1937 890 1972 ἐπανόρθωσις.

96 1980 216 2014 Τοιαύτη
228 1980 281 2014 γὰρ
293 1981 310 2015 ὴ
325 1980 372 2006 τοῦ
385 1980 453 2007 Θεοῦ
468 1981 594 2016 πρόνοια.
610 1981 655 2015 Ἐξ
669 1983 779 2017 ἀπόρων
791 1983 891 2018 πόρους

95 2026 224 2061 παρέχει,
251 2026 297 2053 καὶ
325 2028 357 2053 ἑκ
383 2027 439 2053 τῶν
465 2028 594 2054 ἐναντίων
609 2029 643 2055 τὰ
660 2030 841 2065 χρηστότερα.
858 2031 890 2056 Oi

96 2073 148 2107 μὲν
172 2073 226 2108 γὰρ
265 2073 407 2105 Ἰουδαῖοι,
432 2073 577 2105 ἔπταισαν,
609 2074 679 2101 ὥστε
718 2078 812 2102 πεσεῖν
843 2077 890 2103 καὶ

945 1629 1062 1657 rumque
1075 1623 1199 1658 ipsorum
1223 1625 1389 1659 emendatio,
1409 1627 1600 1654 aemulantium
1626 1634 1654 1656 et
1676 1629 1742 1656 imi-

945 1669 1060 1696 tantium
1074 1677 1122 1697 eos
1137 1670 1184 1705 qui
1209 1675 1273 1698 sunt
1295 1679 1327 1698 ex
1345 1672 1490 1706 gentibus;
1515 1673 1553 1700 ita
1572 1678 1602 1701 ut
1631 1674 1740 1702 illorum

944 1714 1081 1742 vacillatio
1103 1716 1223 1743 medium
1239 1717 1376 1751 quoddam
1400 1719 1440 1746 cis
1458 1723 1567 1752 praestet
1590 1720 1623 1747 ad
1636 1721 1742 1748 revela-

944 1759 1047 1787 tionem
1066 1768 1073 1786 2
1090 1760 1226 1796 siquidem
1242 1762 1268 1788 in
1284 1762 1392 1789 illorum
1407 1764 1506 1791 delicto
1520 1764 1595 1791 salus
1608 1765 1644 1792 sit
1655 1766 1742 1800 genti-

944 1805 1011 1839 bus;
1028 1807 1054 1833 in
1072 1807 1158 1834 salute
1170 1812 1259 1835 autent
1272 1810 1405 1842 gentium,
1417 1809 1574 1838 Judaeorum
1590 1813 1740 1846 :emulatio,

942 1856 970 1878 et
983 1860 1032 1888 per
1064 1853 1136 1881 hanc
1157 1855 1358 1884 aemulationem
1386 1865 1483 1885 eorum
1511 1859 1557 1893 qui
1584 1860 1742 1887 ceciderunt

941 1898 1034 1928 elatio.
1050 1899 1124 1928 Talis
1147 1902 1220 1928 enim
1244 1907 1288 1933 est
1309 1903 1356 1930 Dei
1381 1904 1562 1939 providentia.
1590 1905 1627 1934 Ex
1661 1907 1741 1935 inviis

940 1944 1000 1972 vias
1017 1946 1129 1979 praebet,
1145 1951 1173 1974 et
1190 1955 1224 1974 ex
1240 1949 1388 1977 contrariis
1413 1950 1533 1978 utiliora.
1557 1951 1643 1979 Judaei
1666 1952 1739 1980 enim

941 1988 1124 2025 oﬂenderunt,
1139 1992 1176 2019 ita
1195 1997 1224 2019 ut
1245 1994 1400 2022 occiderent
1419 2001 1445 2023 et
1471 1996 1604 2030 iacerent.
1632 2003 1659 2025 et
1686 2006 1737 2026 nec

944 2034 996 2061 sibi
1019 2043 1110 2071 neque
1124 2037 1188 2064 aliis
1206 2038 1271 2066 utile
1294 2040 1424 2074 quiddam
1449 2047 1580 2076 praestare
1607 2049 1737 2078 possent;

944 2081 992 2108 sed
1004 2080 1144 2110 Christum
1163 2083 1272 2112 illorum
1288 2085 1400 2118 delicto.
1425 2093 1453 2115 et
1478 2088 1507 2116 in
1528 2089 1650 2124 gentium
1665 2091 1739 2118 salu-

93 2119 214 2150 κεῖσθαι,
237 2120 284 2147 καὶ
308 2120 514 2155 μήτειέαυτοῖς
535 2120 605 2155 μήτε
634 2121 738 2156 ἑτέροις
767 2124 880 2158 χρηστοί

972 2134 995 2154 m
1007 2146 1015 2158 ,
1032 2131 1061 2154 et
1080 2127 1234 2157 inillorum
1249 2130 1580 2166 ipsorumrelovationem
1598 2144 1666 2164 usus
1683 2141 1736 2164 est.

92 2174 166 2198 τινος
181 2166 307 2200 γενέσθαι
337 2167 429 2194 αἴτιοι.
449 2167 477 2194 Ὀ
498 2167 527 2194 δὲ
557 2169 675 2203 Χριστὸς
702 2169 740 2203 τῷ
767 2172 857 2197 αὐτῶν
883 2174 1098 2210 παραπτώματι,
1124 2177 1171 2204 καὶ
1193 2178 1233 2210 είς
1253 2181 1305 2214 τὴν
1330 2181 1384 2208 τῶν
1408 2181 1494 2209 ἐθνῶν
1516 2184 1666 2219 σωτηρίαν,
1690 2190 1737 2216 καὶ

92 2213 134 2250 εἰς
147 2211 196 2247 τὴν
210 2211 300 2239 αὐτῶν
315 2212 427 2249 ἐκείνων
437 2214 573 2257 ἐχρήσατο
587 2215 789 2251 ἐπανόρθωσιν.

92 2280 129 2306 Et
141 2279 196 2315 γὰρ
223 2280 242 2314 ἡ
271 2279 408 2314 ἀποϐολὴ
430 2279 546 2341 ,ξιύξῶῖ
561 2282 737 2317 καταλλαγὴ
757 2284 888 2318 κόσμου,

430 2324 458 2342 κ.
477 2324 503 2343 τ.
523 2324 548 2342 Λ.

129 2372 252 2399 Φωτίου.
269 2373 368 2399 ’ἰστέον
376 2381 408 2407 γε
426 2373 490 2409 μὴν,
505 2375 546 2401 ὅτι
559 2374 600 2407 τὸ,
610 2375 707 2410 Εὶγὰρ
721 2377 740 2410 ὴ
755 2376 890 2412 ἀποϐολὴ

90 2417 202 2450 αὐτῶν,
214 2418 231 2452 ἢ
241 2418 411 2454 ὲπανάληψίς
428 2419 485 2445 ἐστι
496 2419 554 2453 τοῦ,
565 2421 589 2447 εὶ
605 2421 640 2447 δὲ
653 2421 685 2448 τὸ
706 2422 891 2457 παράπτωμα

89 2462 201 2499 αὐτῶν,
224 2464 262 2495 ὡς
289 2465 334 2491 καὶ
361 2465 532 2503 προείρηται,
560 2466 578 2502 ἢ
603 2467 676 2494 αἰτία
697 2469 748 2504 τῆς
774 2469 889 2504 σπουδῆς

86 2511 198 2538 Παύλου
230 2512 280 2546 τῆς
300 2512 363 2547 περὶ
374 2512 404 2539 τὸ
420 2510 543 2547 σωθῆναι
572 2513 735 2547 αὑτούς.Ὧς
756 2515 789 2542 ἂν
805 2516 831 2542 εἰ
848 2524 890 2547 τις

89 2551 189 2590 ἔλεγε,
208 2556 243 2583 Τί
273 2557 410 2591 σπεύδεις,
437 2557 538 2591 Παῦλε,
568 2558 637 2595 ὑπὲρ
669 2560 723 2587 τῶν
741 2561 890 2600 Ἰουδαίων,

88 2603 190 2637 λέγων,
207 2603 307 2636 Είπως
322 2603 527 2638 παραζηλώσω
543 2613 604 2639 μου
621 2607 679 2640 τὴν
702 2607 812 2642 σάρκα,
840 2609 888 2634 καὶ

89 2647 181 2674 σώσω
204 2648 288 2680 τινὰς
300 2649 335 2680 ἐξ
354 2649 473 2681 adadv;
488 2650 536 2682 Τίς
552 2651 625 2678 ἐστιν
651 2654 664 2679 ὁ
689 2653 817 2686 τοσοῦτός
839 2663 887 2681 σου

89 2693 183 2728 ἁγών;
198 2693 264 2726 Ναὶ,
286 2696 363 2730 φησὶ,
381 2696 516 2731 προσήκει
533 2706 577 2732 μοι
599 2699 725 2726 σπεύδειν
750 2700 799 2727 καὶ
811 2701 887 2735 ἀγω-

89 2739 221 2772 νίζεσθαι.
254 2741 284 2767 El
315 2741 369 2777 γὰρ
393 2742 441 2768 καὶ
468 2743 571 2771 τούτων
598 2745 779 2778 ἐκλιπόντων,
811 2748 886 2783 ὅμως

90 2786 250 2822 κατηλλάγη
278 2788 291 2814 ὀ
317 2787 383 2820 Θεὸς
394 2789 433 2824 τῷ
456 2790 560 2825 κόσμῳ,
593 2792 641 2818 καὶ
667 2792 697 2818 τὸ
727 2793 885 2828 μεσότοιχον

90 2831 161 2867 ἤρθη
175 2833 225 2867 τῆς
249 2834 367 2865 παλαιᾶς
382 2835 493 2870 ἔχθρας,
509 2836 535 2862 τί
550 2836 582 2862 ἂν
597 2838 629 2863 οὺ
647 2838 753 2872 γένοιτο
766 2839 884 2874 χρηστὸν

90 2878 136 2904 καὶ
165 2879 404 2916 ὑπερθαὺμαστον,
433 2881 481 2908 καὶ
516 2883 620 2910 τούτων
658 2884 799 2912 σωθέντων
835 2886 882 2913 καὶ

932 2287 1029 2315 'Vsns.
1049 2288 1092 2316 15.
1111 2288 1143 2317 Si
1160 2291 1229 2317 enim
1254 2291 1363 2318 amissio
1388 2300 1477 2319 eorum
1497 2295 1677 2323 reconciliatio
1695 2302 1734 2325 est

1251 2328 1353 2360 mundi,
1380 2333 1434 2356 etc.

937 2418 940 2421 9
979 2380 1078 2410 Photii.
1096 2382 1243 2411 Sciendum
1270 2388 1313 2412 est
1334 2387 1407 2420 quod
1421 2385 1488 2413 illud
1507 2386 1556 2414 :Si
1570 2388 1734 2417 animumit-

942 2427 981 2453 aio
992 2434 1093 2462 eorum,
1103 2431 1228 2464 repetitio
1239 2435 1280 2458 est
1291 2431 1375 2463 illius,
1384 2432 1454 2467 quod
1466 2433 1490 2458 si
1499 2433 1731 2463 delictumeorum.

942 2470 977 2498 Ut
997 2474 1069 2500 enim
1095 2481 1178 2508 supra
1204 2475 1305 2503 dictum
1333 2481 1385 2509 est,
1413 2484 1495 2504 causa
1520 2482 1562 2506 est
1585 2484 1730 2507 conatuum

942 2517 1017 2545 Pauli
1036 2519 1070 2546 ob
1085 2519 1192 2547 illorum
1219 2522 1344 2549 salutem.
1370 2522 1397 2550 Si
1424 2524 1497 2551 enim
1526 2524 1587 2559 quis
1607 2525 1731 2553 diceret:

926 2563 1010 2598 ‘Quid
1035 2567 1155 2597 conaris,
1183 2566 1276 2600 Paule,
1291 2569 1324 2596 de
1348 2568 1460 2603 Judzeis,
1473 2567 1608 2598 dicendo:
1625 2570 1655 2598 Si
1669 2580 1733 2606 quo-

940 2611 1018 2637 modo
1034 2612 1068 2638 ad
1091 2613 1287 2640 mmulationem
1306 2623 1443 2648 provocem
1460 2624 1566 2643 carnem
1589 2625 1684 2649 meam,
1707 2623 1730 2644 et

939 2658 1026 2685 salvus
1041 2658 1141 2693 faciam
1156 2660 1258 2695 aliquos
1274 2669 1306 2687 ea:
1332 2661 1397 2688 illis.
1414 2662 1547 2695 Quisnam
1570 2669 1612 2691 est
1640 2669 1731 2692 tantus

938 2703 990 2732 iste
1008 2705 1091 2732 ardor
1105 2705 1116 2732 ?
1132 2705 1178 2739 ila,
1194 2706 1270 2739 dicit,
1285 2707 1415 2734 decetme
1429 2708 1523 2735 conari
1538 2712 1565 2735 et
1579 2709 1685 2737 ardere.
1701 2710 1728 2737 Si

937 2748 1009 2776 enim
1034 2749 1076 2777 his
1093 2750 1241 2782 derelictis,
1270 2751 1449 2779 nihilominus
1474 2753 1633 2780 reconciliet
1659 2753 1730 2781 Deus

938 2796 1081 2827 mundum.
1098 2801 1124 2824 et
1143 2797 1249 2824 mcdius
1267 2798 1358 2832 paries
1380 2798 1490 2825 tollatur
1504 2799 1604 2827 veteris
1630 2799 1729 2826 ἱιιίιιιί-

937 2841 1016 2875 citim,
1033 2843 1096 2876 quid
1117 2851 1171 2870 non
1190 2843 1260 2870 foret
1286 2844 1352 2871 mile
1368 2850 1394 2871 et
1414 2845 1584 2879 admirabile,
1611 2846 1654 2874 his
1674 2848 1724 2874 sals

937 2888 1007 2916 vatis
1026 2893 1053 2916 et
1076 2890 1226 2926 assumptis
1240 2891 1251 2917 ’Β
1267 2891 1332 2924 Qum
1353 2896 1394 2919 est
1418 2891 1499 2925 igitur
1514 2900 1608 2921 eorum
1623 2902 1727 2922 assum-
