1886 3071
152 157 162 190 1
167 158 220 190 247

735 153 878 184 PHOTII'
885 150 1138 183 PATRIARCHEE
1150 150 1200 180 ΟΡ.

1705 140 1775 174 1248

150 216 208 251 ptio
221 219 250 242 et
270 212 382 244 additio,
407 210 459 240 nisi
475 209 595 246 perfecta
619 214 646 238 ct
668 210 771 245 integra
792 209 896 241 laetitia,
913 210 938 236 in

1016 208 1218 244 ροστεθέντων;
1245 205 1287 237 τίς
1310 202 1357 231 οὖν
1373 203 1450 230 ἔσται
1473 201 1565 229 αὐτῶν
1588 201 1606 237 ἠ
1631 199 1782 236 πρόσληψις

150 262 203 289 hac
230 260 336 290 scilicet
358 258 478 295 perfecta
505 262 532 285 et
558 265 627 284 nova
659 257 714 284 vita
743 261 771 283 et
798 262 939 283 resurrec-

150 308 225 339 tione
247 315 263 335 e
290 306 416 338 mortuis,
447 304 581 337 omnium,
605 311 658 330 non
678 303 764 330 solum
790 303 836 337 qui
855 302 940 329 olfen.

151 354 267 386 derunt,
289 352 335 380 sed
362 355 389 378 et
412 351 459 386 qui
483 357 570 385 usque
589 350 622 377 ad
652 355 767 376 mortem
800 353 826 376 et
846 347 938 376 interi-

151 403 208 426 tum
232 398 410 426 ceciderunt?
437 396 471 423 Et
494 396 576 423 vide:
594 395 731 430 Incipit-ns
756 394 938 422 offensionem

151 445 295 479 appellavit
317 442 472 470 Iudaeorum
501 440 730 472 incredulitatem,
746 439 843 467 deinde
872 437 940 465 deli-

151 496 237 516 ctum.
251 488 319 515 Cum
345 492 435 515 autem
460 487 515 515 illis
529 486 690 519 ostenderit,
706 486 730 514 si
753 486 864 513 credere
875 489 939 512 tan-

152 538 208 560 tum
225 533 331 565 volunt,
344 532 478 560 honorum
494 531 709 566 magnitudinem
723 539 732 564 ;
748 536 775 558 ct
791 531 853 557 ilius
866 530 941 557 exci-

153 578 262 608 taverit,
289 577 350 604 illos
384 577 550 603 nominando
566 576 687 611 gentium
708 575 826 606 divitias,
845 573 940 601 mundi

152 623 414 654 reconciliationem,
431 626 459 648 et
485 629 595 649 carnetn
615 628 691 648 suam
709 621 859 655 propriam,
877 624 942 647 tunc

153 668 354 696 incredulitatis
367 667 444 694 nefas
456 672 588 701 quantum
608 667 644 693 sit
665 666 802 698 ostendit;
819 669 942 692 mortuos

154 722 202 749 per
218 714 287 741 hanc
303 714 425 740 eamdem
449 713 506 740 ﬁeri
529 712 696 748 signiﬁcans.
714 711 767 738 Sed
786 711 837 738 hoc
853 710 941 738 admi-

155 760 276 787 rabiliter
287 760 407 786 maxime
422 764 448 786 ct
463 759 603 793 sapienter
619 758 694 786 facit.
709 758 777 784 Cum
791 757 864 784 enim
882 757 942 784 illos

155 806 291 840 appellare
306 809 437 836 mortuos,
453 812 577 831 amarum
592 809 618 831 et
644 803 878 831 contumeliosum
894 803 942 836 sit,

155 857 182 879 et
200 852 226 878 in
243 851 371 886 iniuriam
388 850 474 884 magis
493 857 575 884 quam
601 850 628 876 in
641 850 860 877 exhortationem
883 853 942 876 ten-

155 897 212 928 dat,
230 903 283 923 non
301 896 337 923 ita
350 896 422 923 sicco
435 895 514 922 modo
528 895 553 922 id
576 895 713 930 proponit,
732 894 778 921 sed
795 894 900 925 miscet,
914 898 943 921 et

156 943 184 970 in
201 942 290 969 laudis
308 942 431 968 ordinem
449 940 560 976 praefert
574 941 668 968 dicens
685 950 692 968 :
708 940 774 973 Quae
794 940 942 974 assumptio

155 998 256 1021 eorum,
273 988 325 1015 nisi
340 988 393 1014 vita
413 995 446 1014 ea:
457 987 568 1014 mortuis
583 987 595 1012 ’ἰ
612 994 658 1021 per
674 986 744 1013 hanc
760 993 863 1018 vocem,
878 986 942 1017 vita,

154 1034 308 1070 jucundum
337 1033 473 1068 quoddam
501 1040 620 1067 ponens;
639 1039 687 1067 per
716 1032 781 1059 illud
804 1035 905 1063 autem,
930 1039 944 1057 ε

157 1081 268 1107 mortuis
289 1079 447 1114 signiﬁcans
467 1078 688 1105 incredulitatem
709 1085 805 1105 eorum
828 1081 944 1105 mortem

157 1133 228 1153 esse.
498 1126 500 1128 ’

157 1183 241 1212 Vens.
263 1183 309 1210 28.
327 1182 476 1210 Secundum
503 1181 677 1217 Euangelium
700 1173 944 1216 quidem-inimici

459 1222 566 1252 propter
582 1225 638 1244 vos.

197 1263 295 1291 Photii.
309 1264 417 1297 Quaeret
428 1263 538 1298 aliquis,
552 1263 575 1290 si
591 1262 695 1290 inimici
709 1261 773 1289 facti
785 1261 839 1289 sint
849 1260 945 1294 Judzei,

159 1317 270 1347 propter
286 1311 347 1338 illos
364 1311 411 1345 qui
426 1318 440 1337 e
455 1310 582 1345 gentibus
608 1309 794 1340 crediderunt,
811 1307 948 1342 quomodo

161 1357 286 1392 superius
299 1357 407 1388 dixerit,
426 1356 551 1388 Quandiu
575 1363 621 1390 ego
636 1363 695 1382 tum
707 1355 826 1390 gentium
840 1358 948 1389 aposto-

161 1404 213 1434 lus,
227 1402 401 1428 ministerium
413 1409 497 1428 meum
512 1400 704 1435 Itonoriﬁcabo.
720 1399 831 1432 Quare?
845 1398 949 1434 Siquo-

161 1448 239 1474 modo
264 1447 297 1474 ad
327 1447 523 1474 aemulationem
554 1453 689 1481 provocent
720 1453 825 1472 carnem
852 1453 948 1472 meam.

163 1494 193 1520 Si
202 1494 274 1520 enim
290 1493 325 1520 ob
339 1493 418 1519 tidem
431 1492 554 1527 gentium
578 1491 744 1518 aemulantur
766 1494 793 1517 et
809 1490 951 1517 imitantur

990 256 1037 282 καὶ
1052 256 1068 290 ἡ
1082 253 1235 290 προσθήκη,
1257 252 1282 278 εἰ
1302 251 1340 286 μὴ
1355 250 1444 277 τελεία
1459 249 1507 276 καὶ
1526 247 1674 281 ὁλόκληρος
1698 244 1781 281 χαρὰ,

989 300 1027 331 ὼς
1042 301 1087 326 ἐπὶ
1109 298 1202 333 τελείᾳ
1223 297 1272 324 καὶ
1286 297 1367 330 καινῇ
1383 296 1439 330 ζωῇ
1453 295 1500 321 καὶ
1524 292 1671 320 ἀναϐιώσει
1687 292 1720 316 ἐκ
1738 298 1782 316 νε-

973 345 1074 381 ικρῶν,
1095 345 1213 376 πάντων,
1224 343 1253 369 οὖ
1271 342 1350 377 μόνον
1367 341 1421 367 τῶν
1443 338 1699 375 προσπταισάντων,
1715 335 1783 362 ἀλλὰ

990 392 1038 418 καὶ
1051 391 1106 416 τῶν
1124 389 1203 425 μέχρι
1222 389 1337 415 θανάτου
1353 387 1401 414 καὶ
1423 385 1584 420 νεκρώσεως
1609 381 1782 409 καταπεσόν-

989 445 1061 470 των;
1079 437 1132 462 Kal
1150 436 1214 471 ὃρα·
1240 434 1391 469 ἀρχόμενος
1416 432 1476 467 μὲν,
1496 432 1621 464 πταῖσμα
1641 429 1691 464 τὴν
1705 427 1784 454 ἀπεί-

991 483 1066 510 θειαν
1091 481 1205 508 ἐκάλεσε
1228 480 1283 507 τῶν
1313 478 1469 506 Ἰουδαίων·
1498 475 1560 503 εἶτα
1592 475 1782 510 παράπτωμα..

997 528 1107 563 Ἐπειδὴ
1131 528 1161 554 δὲ
1188 525 1287 559 ἔδειξεν
1313 524 1416 556 αὐτοῖς,
1447 523 1495 549 ἐὰν
1520 521 1671 557 βούλωνται
1702 519 1784 555 μόνον

991 575 1145 609 πεισθῆναι,
1183 572 1214 599 τὸ
1242 571 1357 607 μέγεθος
1392 569 1446 596 τῶν
1474 567 1600 603 ἀγαθῶν,
1616 567 1665 594 καὶ
1681 565 1784 600 ἐπῆρεν

991 620 1100 651 αὐτοὺς,
1131 617 1246 644 πλοῦτον
1276 616 1363 642 ἐθνῶν
1392 613 1498 646 καλῶν,
1531 613 1580 640 καὶ
1608 611 1784 645 καταλλαγὴν

992 666 1105 700 κόσμου,
1122 663 1168 690 καὶ
1183 662 1272 698 σάρκα
1287 660 1400 687 οἰκείαν·
1429 659 1490 686 τότε
1509 659 1556 685 καὶ
1571 658 1621 693 τῆς
1640 655 1784 687 ἀπειθείας

991 711 1022 738 τὺ
1038 711 1138 738 ἄτοπον
1153 709 1246 744 ἡλίκον
1267 707 1327 734 ἐστὶ
1347 706 1475 738 δεικνύει,
1501 704 1615 739 νεκροὺς
1633 703 1719 736 αὐτῆς
1740 702 1785 728 διὰ

993 756 1094 791 ταύτης
1115 755 1242 790 γενέσθαι
1264 751 1491 787 ἀποφαινόμενος.
1522 749 1604 777 Ἀλλὰ
1627 749 1675 775 καὶ
1702 747 1785 774 τοῦτο

991 804 1052 830 λίαν
1067 801 1226 838 θαυμασίως
1255 801 1328 827 ποιεῖ
1352 799 1400 825 καὶ
1425 797 1526 832 σοφῶς.
1548 796 1658 830 Ἐπειδὴ
1684 794 1740 830 γὰρ
1755 793 1785 820 τὸ

993 849 1106 884 νεκροὺς
1131 847 1229 878 αὐτοὺς
1264 845 1460 881 ὀνομασθῆναι,
1486 842 1548 870 λίαν
1576 841 1675 877 πικρὸν
1689 838 1786 876 ἦνκαὶ

995 894 1188 929 καταφορικόν·
1222 893 1270 919 καὶ
1297 893 1337 923 εἰς
1360 891 1438 927 ὕϐριν
1463 890 1564 926 μᾶλλον
1587 889 1604 924 ἢ
1621 887 1786 923 παραίνεσιν

993 941 1145 968 συντελοῧν·
1156 940 1204 974 οὐχ
1215 938 1302 969 οὕτως
1309 937 1375 964 αὐτὸ
1388 937 1480 972 τίθησι
1492 935 1593 971 ξηρῶς,
1605 934 1674 961 ἀλλὰ
1687 933 1786 968 μίγνυ-

993 997 1036 1014 σιν
1044 986 1174 1018 αὑτὺ,καί
1190 986 1219 1011 ἐν
1231 984 1306 1017 τάξει
1318 983 1429 1009 ἐπαίνου
1446 981 1574 1017 προάγει,
1586 980 1684 1014 λέγων,
1699 979 1748 1011 Τίς
1758 978 1786 1012 »ἡ

993 1031 1166 1065 πρόσληψις
1179 1027 1290 1057 αὐτῶν,
1300 1028 1326 1054 εἰ
1344 1026 1387 1062 μὴ
1404 1026 1459 1059 ζωὴ
1471 1026 1504 1052 ἐκ
1516 1024 1648 1058 νεκρὼν;
1672 1023 1716 1049 διὰ
1735 1022 1787 1065 μὲν

993 1064 1053 1108 τοῦ,
1067 1074 1135 1109 ζωὴ,
1146 1074 1176 1100 τὸ
1188 1073 1332 1108 εὐφραῖνον
1339 1069 1485 1101 τιθείς-διὰ
1499 1069 1526 1095 δὲ
1538 1068 1597 1101 τοῦ,
1611 1068 1645 1094 ἐκ
1658 1064 1786 1109 νεκρῶν,

994 1119 1200 1156 ὑποσημαίνων,
1219 1118 1260 1144 ὅτι
1274 1118 1291 1152 ἡ
1307 1115 1433 1143 ἀπείθεια
1457 1114 1548 1141 αὐτῶν
1574 1113 1709 1147 νέκρωσις
1738 1108 1785 1146 ἦν.

1047 1176 1127 1204 Κατὰ
1139 1175 1198 1209 μὲν
1210 1173 1244 1200 τὸ
1258 1171 1453 1207 Euan-utor,
1466 1169 1566 1204 ἐχθροὶ
1591 1168 1628 1195 δι’
1643 1167 1732 1202 ὑμᾶς.

1030 1222 1153 1249 Φωτίου.
1166 1219 1301 1255 Ζητήσειε
1313 1218 1335 1244 δ’
1351 1217 1383 1244 ἄν
1408 1224 1462 1248 τις,
1477 1216 1502 1242 εἰ
1526 1215 1619 1250 ἐχθροί
1642 1214 1788 1248 γεγόνασιν

1002 1270 1134 1300 Ἰουδαῖοι,
1161 1267 1205 1294 διὰ
1224 1266 1287 1297 τοὺς
1315 1265 1345 1298 ἐξ
1370 1263 1456 1290 ἐθνῶν
1481 1260 1712 1291 πεπιστευκότας,
1727 1258 1789 1290 πῶς

996 1315 1123 1349 ἀνωτέρω
1132 1313 1234 1346 ἔλεγεν,
1243 1311 1305 1345 Ἐφ’
1318 1310 1394 1336 ὅσον
1404 1308 1462 1343 εἰμί
1475 1307 1532 1342 ἐγὼ
1548 1306 1644 1334 ἐθνῶν
1657 1305 1789 1332 ἀπόστο-

997 1363 1063 1394 λος,
1070 1360 1127 1393 τὴν
1133 1357 1289 1386 διακονίαν
1295 1364 1353 1391 μου
1361 1353 1483 1386 δοξάζω;
1491 1352 1567 1379 Διατί
1577 1352 1681 1385 ςειπως
1691 1357 1788 1383 παρα-

999 1404 1119 1440 ζηλώσω
1127 1411 1187 1437 μου
1203 1401 1260 1435 τὴν
1279 1400 1389 1434 σάρκα.
1412 1399 1444 1425 Εἰ
1466 1398 1520 1433 γὰρ
1543 1397 1587 1423 διὰ
1598 1397 1647 1431 τῆς
1669 1396 1791 1426 πίστεως

999 1450 1053 1478 τῶν
1068 1449 1153 1476 ἐθνῶν
1166 1445 1368 1483 παραζηλοῦσι,
1383 1445 1430 1472 καὶ
1447 1443 1596 1479 μιμοῦνται
1612 1442 1637 1468 οἰ
1654 1441 1790 1472 Ἰουδαῖοι,

1001 1497 1048 1524 καὶ
1063 1495 1154 1523 πιστοὶ
1167 1494 1300 1528 γίνονται,
1322 1491 1381 1521 πῶς
1395 1490 1428 1517 δι’
1446 1489 1545 1521 αὐτοὺς
1556 1487 1649 1524 ἐχθροί
1669 1487 1792 1521 γίνονται

163 1537 262 1570 Judazi,
289 1542 317 1565 et
336 1537 428 1564 ﬁdeles
446 1537 525 1568 ﬁunt,
541 1535 677 1571 quomodo
690 1539 799 1570 propter
814 1535 875 1561 illos
895 1534 948 1561 ini-

1016 1542 1081 1569 τάλιν
1095 1541 1144 1576 τῆς
1154 1540 1271 1570 πίστεως
1287 1538 1334 1565 καὶ
1346 1537 1394 1564 τοῦ
1414 1535 1582 1570 Εὗαγγελίου
1595 1543 1602 1567 ;
1620 1532 1702 1560 Ἀλλὰ
1719 1532 1793 1568 πρῶ-

164 1583 227 1611 mici
243 1590 337 1610 rursus
351 1582 414 1609 facti
443 1586 507 1609 sunt
531 1581 591 1608 ﬁdei
608 1584 635 1608 et
650 1580 808 1615 Evangelii?
824 1580 876 1607 Sed
893 1580 951 1614 pri-

165 1637 211 1656 mo
224 1629 341 1656 dicimus
373 1629 448 1655 illum
471 1635 523 1654 non
542 1627 645 1654 dixisse
669 1626 703 1654 ob
729 1626 808 1653 ﬁdem
829 1626 951 1661 gentium

165 1674 289 1703 aemulari
307 1679 334 1702 ct
355 1674 456 1701 imitari
472 1673 591 1704 JudiBOS,
610 1672 656 1700 sed
674 1671 747 1707 quod
767 1671 953 1707 gloriﬁcentur

167 1727 195 1749 et
210 1721 375 1753 laudentur;
391 1719 484 1747 Gloria
499 1720 572 1746 enim
585 1722 612 1746 et
632 1717 692 1745 laus
706 1718 733 1744 in
749 1718 811 1745 illos
825 1717 871 1752 qui
889 1722 954 1745 sunt

167 1775 200 1794 ex
216 1767 344 1801 gentibus
364 1765 518 1797 incurrens,
537 1765 600 1791 illos
637 1763 767 1791 excitabit
783 1763 815 1790 ad
840 1762 953 1790 aemula-

169 1813 270 1838 tionctn
297 1816 325 1838 et
348 1810 547 1843 imitationem;
572 1809 608 1836 ita
622 1813 652 1836 ut
684 1808 862 1844 repugnantia
883 1807 954 1834 invi-

168 1866 227 1886 cem
246 1865 300 1884 non
313 1857 368 1884 sint
380 1863 445 1890 qute
455 1855 528 1882 dicta
544 1858 608 1882 sunt
625 1863 632 1882 :
650 1854 770 1882 secundo
782 1859 882 1886 autem,
900 1859 954 1879 non

169 1903 318 1931 asserendo
332 1902 445 1934 dixisse,
459 1904 490 1927 ut
507 1899 670 1927 aemulentur
692 1898 789 1931 Judtei,
806 1898 853 1925 sed
876 1896 956 1932 quasi

170 1947 333 1984 amblgendo
349 1952 376 1974 et
390 1945 549 1973 dubitando.
573 1946 604 1973 Si
626 1944 766 1980 quomodo,
784 1944 850 1971 dicit
871 1943 957 1977 enim,

171 1995 206 2022 ad
232 1993 428 2022 cumulationem
456 1998 593 2026 provocem
617 1998 724 2017 carnem
748 1997 845 2017 meam.
867 1989 956 2021 Sicut,

171 2041 297 2071 fortasse,
317 2039 423 2066 tametsi
439 2038 521 2066 etiam
532 2037 568 2065 ob
580 2044 675 2065 eorum
690 2036 781 2068 ﬁdem,
795 2043 850 2063 non
866 2039 956 2062 autem

171 2093 220 2121 per
242 2085 355 2120 gloriam
383 2088 410 2111 et
436 2082 555 2115 laudem,
572 2081 677 2109 diceret
696 2081 730 2107 ad
755 2080 957 2107 aemulationem

173 2137 318 2166 provocare
345 2137 375 2156 se
395 2128 514 2161 Judaeos,
533 2135 588 2155 non
605 2127 643 2154 ita
657 2126 708 2154 sibi
725 2130 867 2161 pugnaret.
891 2124 959 2152 Nam

173 2185 235 2204 cum
251 2175 327 2207 dicit,
338 2175 439 2202 inimici
450 2178 557 2209 propter
566 2181 624 2205 vos,
641 2172 799 2199 Iudaeorum
813 2171 960 2199 increduli-

1001 1588 1046 1615 τόν
1059 1595 1158 1622 φαμεν,
1169 1586 1210 1613 ὅτι
1221 1585 1271 1612 οὐκ
1286 1584 1338 1619 ἔφη
1351 1582 1395 1610 διὰ
1409 1583 1459 1617 τῆς
1483 1581 1604 1611 πίστεως
1627 1578 1681 1605 τῶν
1705 1577 1793 1604 ἐθνῶν

1001 1632 1175 1669 παραζηλοῦν
1189 1631 1237 1658 καὶ
1250 1629 1391 1666 μιμεῖσθαι
1408 1628 1471 1659 τοὺς
1486 1626 1630 1656 Ἰουδαίους
1645 1644 1653 1656 ,
1665 1623 1733 1650 ἀλλὰ
1748 1622 1794 1648 διὰ

1001 1667 1048 1706 toﬁ
1065 1677 1224 1711 δοξάζεσθαι
1235 1676 1347 1706 αὐτοὺς,
1359 1674 1403 1701 διὰ
1422 1673 1469 1699 τοῦ
1487 1670 1668 1698 ἐπαινεῖσθαι.
1690 1669 1724 1695 Ἦ
1737 1667 1794 1703 γὰρ

1002 1725 1065 1757 δόξα
1076 1724 1121 1750 καὶ
1134 1724 1148 1750 ό
1177 1722 1287 1753 ἔπαινος
1299 1721 1313 1747 ὁ
1322 1721 1360 1752 εἰς
1372 1719 1434 1750 τοὺς
1450 1718 1480 1750 ἐξ
1501 1716 1586 1744 ἐθνῶν
1612 1714 1782 1750 ἀνατρέχων.

1003 1768 1121 1805 ἐρεθίσει
1134 1767 1233 1798 αὐτοὺς
1247 1767 1293 1792 καὶ
1305 1766 1344 1796 εἰς
1355 1764 1435 1799 ζῆλον
1450 1762 1498 1789 καὶ
1513 1759 1732 1797 μίμησιν.”Ωστε
1743 1758 1794 1785 οὐκ

1004 1815 1112 1842 ἐναντία
1126 1813 1200 1840 ἐστὶν
1216 1812 1338 1847 ἀλλήλων
1352 1810 1387 1838 τὰ
1400 1808 1545 1845 εἰρημένα.
1555 1807 1685 1842 Δεύτερον
1701 1805 1741 1835 δὲ,
1752 1805 1794 1831 ζτι

1004 1860 1035 1887 οὺ
1065 1859 1136 1887 κατὰ
1156 1857 1303 1892 ἀπόφασιν,
1329 1856 1393 1891 ἔφη,
1420 1852 1664 1889 παραζηλώσουσιν
1680 1852 1706 1878 οἰ
1729 1850 1797 1877 ἰου-

1005 1905 1085 1936 δςιϊοι,
1099 1903 1157 1930 ἀλλ’
1182 1901 1341 1937 ἀμφιϐόλως
1358 1900 1404 1926 καί
1425 1898 1558 1930 διστάζων
1574 1905 1582 1912 ·
1599 1896 1636 1923 Et
1649 1904 1712 1928 πως
1726 1895 1795 1930 γὰρ,

1007 1950 1085 1985 φησὶ,
1116 1946 1320 1982 παραζηλώσω
1341 1953 1401 1980 μου
1427 1944 1486 1977 τὴν
1513 1943 1622 1977 σάρκα.
1637 1940 1701 1969 Οῐον
1718 1942 1797 1973 ἴσως,

1007 1995 1088 2031 τάχα,
1105 1994 1176 2021 ὥστε
1188 1994 1212 2020 εἰ
1228 1993 1276 2020 καὶ
1295 1991 1343 2018 διὰ
1355 1991 1406 2026 τῆς
1433 1990 1523 2016 αὐτῶν
1546 1988 1673 2020 πίστεως,
1685 1987 1748 2022 οὐχὶ
1769 1987 1799 2013 δὲ

1007 2041 1052 2068 διὰ
1064 2040 1114 2075 τῆς
1130 2039 1210 2073 δόξης
1234 2038 1282 2064 κιί
1304 2036 1360 2063 τῶν
1391 2035 1522 2062 ἐπαίνων.
1546 2034 1644 2067 Ἔλεγε
1671 2033 1800 2068 παραζηο

1008 2086 1072 2113 λοῦν
1093 2086 1157 2116 τοὺς
1185 2083 1339 2114 Ἰουδαίους,
1358 2081 1412 2108 οὐδ’
1438 2080 1526 2111 οὕτως
1550 2079 1669 2114 ἐμάχετο
1695 2078 1798 2112 ἐαυτῷ.

1009 2132 1060 2159 Διὰ
1075 2131 1125 2166 μὲν
1139 2130 1193 2165 γὰρ
1207 2129 1255 2156 τοῦ
1274 2129 1372 2159 εἰπεῖν,
1391 2126 1493 2161 ἐχθροὶ
1506 2125 1543 2152 δι’
1555 2125 1644 2159 ὑμᾶς,
1652 2124 1708 2150 τῶν
1730 2124 1800 2150 ’1ου-

1010 2179 1092 2205 δαίων
1107 2177 1157 2213 τὴν
1179 2175 1308 2203 ἀπιστίαν
1318 2174 1404 2209 λέγει,
1420 2173 1466 2199 καὶ
1480 2172 1531 2208 τὴν
1539 2171 1630 2198 αἰτίαν
1645 2171 1721 2206 δι’ἢν
1733 2179 1802 2204 σφο-

174 2227 255 2250 tatetn
269 2222 412 2257 signiﬁcat,
426 2224 453 2248 et
471 2227 583 2248 causam
614 2226 665 2246 cur
683 2218 868 2246 vehementius
895 2218 951 2245 ﬁdei

1016 2223 1136 2258 Βρότερον
1150 2221 1348 2256 ἀπεχθάνονται
1362 2221 1394 2254 τῇ
1412 2219 1512 2245 πίστει.
1523 2217 1572 2244 Διὰ
1579 2217 1608 2243 δέ
1624 2216 1682 2248 τοῦ,
1697 2216 1725 2242 ει
1737 2224 1802 2248 πως

173 2269 365 2301 adversentur;
376 2275 437 2294 cum
454 2271 544 2294 autem
556 2265 638 2293 dicit:
650 2265 680 2292 Si
692 2265 821 2300 quomodo
835 2265 869 2291 ad
882 2272 961 2292 temu-

175 2313 302 2341 Iutionem
321 2320 457 2347 provocent
482 2319 587 2338 cantem
616 2317 720 2343 meum,
745 2310 869 2344 proprios
891 2309 962 2337 iudi-

175 2362 219 2386 cat
232 2363 348 2386 conatus
360 2358 461 2393 quibus
487 2357 593 2384 salvare
606 2355 714 2384 Judaaos
733 2356 829 2383 nititur
839 2361 866 2383 et
883 2360 961 2383 extra

177 2405 244 2432 illud
263 2404 344 2432 etiam
364 2402 438 2438 quod
460 2401 590 2435 diximus,
609 2409 662 2429 non
700 2401 737 2429 ita
771 2405 958 2436 repugnarent

177 2450 293 2486 apostoli
319 2449 408 2480 dictte,
424 2447 551 2483 quamvis
565 2452 711 2483 utrumque
735 2447 898 2483 explicando
922 2448 964 2475 di-

177 2500 296 2523 ceretur.
311 2493 419 2521 Etenim
433 2492 501 2520 nihil
517 2497 619 2520 vetaret
633 2493 783 2528 quominus
799 2494 883 2528 aliqui
902 2500 964 2522 cre-

178 2539 319 2572 dentium,
355 2538 407 2565 lide
438 2538 558 2573 gentium
590 2538 720 2570 excitati,
749 2539 912 2567 aemulentur
938 2543 966 2567 et

179 2583 339 2616 imitentur;
355 2588 381 2610 et
393 2583 471 2610 multi
483 2583 602 2611 vicissim
617 2592 670 2611 non
694 2584 875 2616 credentium,
902 2584 965 2612 odio

179 2627 289 2655 illorum
308 2628 354 2663 qui
388 2637 419 2656 ex
435 2629 558 2664 gentibus
581 2634 646 2657 sunt
666 2629 862 2664 pertinaciores
878 2633 905 2657 ct
923 2630 966 2657 in-

179 2673 348 2701 crcduliores
367 2679 395 2701 et
414 2674 580 2702 inlideliores
595 2675 751 2710 evangelico
770 2675 908 2710 praeconio
919 2675 967 2703 ad-

181 2724 324 2747 versentur
336 2729 343 2746 :
355 2721 426 2755 quod
445 2721 510 2756 ipsis
526 2722 608 2749 rebus
619 2721 705 2749 videri
723 2726 827 2756 potest;
841 2722 966 2756 quienim

181 2769 276 2799 gentes
287 2765 435 2799 imitantur,
453 2767 486 2794 ad
513 2766 593 2795 ﬁdem
609 2767 753 2799 accedunt,
766 2770 794 2794 et
807 2767 966 2800 salvantur;

182 2808 228 2844 qui
245 2814 334 2839 autem
358 2812 485 2847 gentibus
493 2813 686 2847 adversantur,
705 2813 825 2841 acriores
838 2813 900 2841 Iidci
916 2813 968 2840 ini-

182 2859 244 2885 mici
262 2859 476 2886 constituuntur.

1012 2265 1214 2300 παραζηλώσω
1238 2265 1297 2299 τὴν
1319 2263 1429 2297 σάρκα,
1451 2263 1502 2297 τὴν
1536 2261 1605 2288 ἰδίαν
1630 2260 1802 2287 ἐνδείκνυται

1013 2313 1140 2346 σπουδὴν,
1157 2312 1191 2348 ἢν
1215 2309 1289 2346 εἶχεν
1303 2311 1342 2342 εἰς
1364 2311 1394 2337 τὸ
1414 2309 1500 2336 σῶσαι
1518 2308 1582 2340 τοὺς
1593 2308 1623 2340 ἐξ
1654 2306 1801 2334 Ἰουδαίων.

1014 2359 1069 2386 Καὶ
1080 2358 1165 2394 χωρὶς
1182 2358 1211 2385 δὲ
1226 2358 1281 2385 τῶν
1292 2356 1456 2392 εἰρημένων,
1466 2355 1521 2382 οὐδ’
1535 2354 1622 2385 οὕτως
1637 2353 1757 2388 ἐμάχετο
1768 2351 1804 2379 τὰ

1013 2404 1153 2440 λεχθέντα,
1170 2404 1222 2430 κᾶν
1245 2403 1330 2438 ἄμφω
1341 2399 1535 2436 ἀποφαντικῶς
1561 2399 1666 2434 εἴρητο.
1678 2397 1735 2424 Καὶ
1748 2398 1805 2432 γὰρ

1015 2450 1091 2477 οὐδὲν
1101 2449 1204 2476 ἐκώλυε
1216 2449 1293 2480 τινὰς
1308 2447 1357 2484 μὲν
1381 2446 1437 2474 τῶν
1460 2445 1695 2476 πεπιστευκότων,
1707 2443 1807 2480 ἀνερε-

1016 2495 1157 2527 θισθέντας
1171 2495 1205 2530 τῇ
1230 2494 1322 2520 πίστει
1342 2492 1397 2520 τῶν
1414 2491 1510 2525 ἐθνῶν,
1538 2490 1738 2526 παραζηλῶσαι
1758 2488 1807 2516 καὶ

1016 2540 1174 2568 πιστεῦσαι.
1188 2540 1245 2567 Καὶ
1266 2538 1321 2566 τῶν
1340 2538 1378 2574 μὴ
1393 2537 1616 2565 πεπιστευκότων
1641 2535 1725 2563 πάλιν
1741 2534 1809 2561 πολ-

1016 2585 1090 2618 λοὺς,
1109 2585 1183 2620 μίσει
1197 2583 1236 2620 τῷ
1259 2583 1328 2618 πρὸς
1339 2584 1402 2614 τοὺς
1432 2582 1463 2615 ἐξ
1481 2581 1577 2613 ἐθνῶν,
1605 2579 1809 2615 σκληροτέρους

1017 2630 1064 2656 καὶ
1081 2628 1278 2664 ἁπιστοτέρους
1290 2629 1338 2656 καὶ
1349 2627 1562 2662 ἁπειθέστέρους
1575 2625 1615 2661 τῷ
1636 2624 1810 2659 εὐαγγελικῷ

1017 2675 1150 2702 κινεῖσθαι
1170 2674 1338 2709 κηρύγματι.
1362 2674 1394 2700 '0
1419 2673 1467 2700 καὶ
1481 2673 1524 2699 ἐπ’
1539 2671 1629 2699 αὐτῶν
1656 2671 1722 2697 ἰδεῖν
1751 2671 1810 2696 ἔστι

1018 2721 1072 2746 τῶν
1092 2720 1274 2754 πραγμάτων.
1300 2720 1332 2746 Οἱ
1357 2719 1407 2754 μὲν
1429 2719 1483 2753 γὰρ
1509 2717 1673 2753 μιμούμενοι
1698 2716 1763 2747 τοὺς
1782 2713 1812 2747 ἐξ

1019 2765 1113 2797 ἐθνῶν,
1128 2765 1326 2801 προσέρχονται
1358 2766 1391 2800 τῇ
1417 2764 1517 2796 πίστει,
1549 2763 1596 2789 καὶ
1620 2761 1763 2793 σώζονται.
1779 2760 1812 2786 Οἰ

1019 2812 1048 2839 δέ
1077 2811 1182 2843 τούτοις
1199 2811 1427 2847 ἀπεχθανόμενοι,
1460 2809 1634 2846 σφοδρότεροι
1656 2807 1752 2843 ἐχθροί
1762 2806 1811 2842 τῆς

1021 2859 1137 2890 πίστεως
1148 2857 1334 2885 καθίστανται.
