1886 3071
109 194 126 215 ε)

92 193 163 226 1249
524 193 759 223 FRAGMENTA
778 193 819 221 lN

142 238 198 267 Kal
213 239 258 274 μὴ
284 235 546 272 συσχηματίζεσθε
562 235 602 268 τῷ
623 235 709 262 ultori.
725 236 828 268 τούτῳ.

125 320 249 347 Φωτίου.
265 319 302 346 Ἦ
317 317 380 346 ἀντὶ
392 317 454 350 τοῦ,
469 316 513 353 Μὴ
526 314 763 352 ουμμετατίθεσθε
776 315 836 346 ταῖς
845 314 885 340 δι-

87 366 251 397 δασκαλίαις
281 365 336 392 τῶν
350 365 383 391 ὲκ
401 363 450 391 τοῦ
468 363 566 394 αίῶνος
587 361 682 389 τούτου
698 359 752 394 ,τοῦ
779 359 886 395 ῥέοντος

89 412 139 439 καὶ
153 412 204 446 οὺχ
234 411 383 445 ἱσταμένου
411 409 462 444 τὴν
489 407 664 435 διδασκαλίαν
680 405 884 442 προσαγόντων.

88 457 174 484 Τοῦτο
187 457 216 484 δὲ
231 456 317 482 εἰπὼν
336 455 381 482 ἵνα
398 455 435 490 μή
448 461 521 486 τινες
530 454 585 481 τῶν
607 453 744 480 Ἰουδαίων
758 452 884 483 εῐπωσιν,

89 502 198 531 οὐκοῦν
221 501 336 533 οὐδόλως
361 501 401 527 δεῖ
424 501 498 536 ἡμᾶς
521 497 886 536 μετασχηματίζεσθαι,ἀπὺ

89 549 141 583 τῆς
154 547 379 583 παραδεδομένης
393 547 460 582 ἡμῖν
478 547 525 573 τοὺ
542 546 626 580 νόμου
641 544 826 578 διδασκαλίας,
842 544 886 572 διὰ

90 594 171 622 τοῦτο
185 594 294 628 ἐπάγει,
308 593 390 621 ἀλλὰ
408 592 670 628 μεταμορφοῦσθε,
688 591 822 624 τουτέστι,
840 591 887 618 Δεῖ

90 640 173 675 ἡμᾶς
187 641 257 668 κατὰ
269 641 299 667 τὸ
316 640 423 675 θέλημα
435 639 483 666 τοῦ
508 638 576 666 Θεοῦ
600 637 801 674 μετατίθεσθαι.
813 637 885 664 Πολὺ

91 687 121 714 δὲ
135 686 166 712 τὸ
183 686 266 720 μέσον
277 686 326 721 τῆς
341 686 396 712 ἀπὸ
413 684 459 711 τοῦ
476 685 559 720 νόμον
573 684 760 716 διδασκαλίας,
776 684 885 718 καὶτῆς

91 732 164 758 κατὰ
179 732 210 758 τὸ
223 731 330 766 θέλημα
343 729 391 757 τοῦ
412 730 480 757 Θεοῦ
501 730 608 764 σοφίας.
629 729 661 756 Ἦ
690 729 740 764 μὲν
756 729 820 765 γὰρ,
838 729 885 755 καὶ

92 777 159 803 αὐτὸ
172 777 203 803 τὸ
218 776 311 812 σχῆμα
323 776 353 803 τὸ
366 775 477 810 νομικὸν
489 775 647 806 ἀπόλλυσιν,
661 776 700 807 είς
716 774 779 801 ἄλλο
791 775 886 810 σχῆμα

93 821 194 853 κακίας
205 823 252 849 καὶ
276 821 428 857 διαφθορᾶς
454 821 559 855 ἄγουσα
573 829 580 836 ·
596 821 613 856 ἡ
638 820 678 853 δὲ,
693 820 724 846 οὺ
745 820 824 855 μόνον
835 820 886 846 οὐκ

93 868 227 896 ἀπόλλυσι
242 868 272 895 τὸ
288 868 336 894 τοῦ
355 869 439 903 νόμου
462 868 555 903 σχῆμα
570 867 609 902 (ἐν
626 869 745 902 σχήματι
772 866 826 902 γὰρ
838 865 885 892 καὶ

94 915 160 949 σκιᾷ
168 916 214 941 καὶ
225 916 321 946 τύποις
338 913 383 940 τοῦ
398 914 481 949 νόμου
493 913 639 948 ὑπῆρχεν),
648 912 716 939 ἀλλὰ
730 912 777 938 καὶ
787 911 886 938 τελειοῖ

93 960 160 987 αὖτό
176 968 184 976 ·
197 960 247 995 τὴν
269 959 433 995 λειπομένην
450 959 525 994 αὐτῷ
552 958 661 993 μορφὴν
680 958 727 984 καὶ
744 957 774 984 τὸ
786 957 885 988 κάλλος

94 1005 284 1041 ἀπαρτίζουσα
296 1006 343 1032 καὶ
357 1004 563 1040 ἀναπληροῦσα.
578 1004 625 1031 Διὸ
640 1003 672 1039 δὴ
684 1003 774 1034 καλῶς
792 1010 885 1037 φησιν·

97 1052 148 1086 Μὴ
170 1051 441 1087 συσχηματιᾰςσθε,
466 1051 546 1079 ἀλλὰ
565 1050 824 1085 μεταμορφοῦσθε.
851 1049 888 1076 Τὸ

99 1099 151 1134 μὲν
171 1099 225 1134 γάρ
246 1099 320 1125 ἐστιν
351 1097 485 1130 ἀπώλεια,
510 1097 541 1124 τδ
561 1097 601 1130 δὲ,
623 1097 746 1132 σωτηρία
767 1096 815 1123 καὶ
841 1104 887 1122 τε-

97 1144 216 1179 λειότης.

94 1190 178 1225 Λέτω
193 1190 248 1225 γὰρ
258 1189 307 1217 διὰ
318 1189 374 1224 τῆς
384 1184 508 1224 χάριτος
518 1189 573 1223 τῆς
581 1189 723 1225 δοθείσης
726 1197 787 1224 μοι,
796 1189 887 1225 παντί

130 1223 171 1258 ’ἑῷ
182 1223 246 1266 limit
266 1225 302 1251 ἐν
327 1223 410 1260 ὑμῖόθ,
423 1223 426 1224 ⁷
437 1224 481 1260 μὴ
506 1224 709 1259 ὑπερφρονεῖν
728 1223 798 1258 παρ’
812 1223 830 1251 ὃ
842 1224 892 1251 δεῖ

130 1269 264 1295 φρονειν.

130 1307 254 1334 Φωτίου.
260 1307 294 1333 Ἦ
306 1306 354 1333 καὶ
369 1305 456 1338 οὕτως
466 1306 552 1340 λέγει’
562 1306 609 1342 Μὴ
623 1306 806 1342 ὑπερφρονεῖν
815 1307 888 1342 ὑμᾶς

93 1352 125 1378 ἐν
139 1351 222 1378 παντὶ
234 1352 383 1387 χαρίσματι
397 1351 437 1386 τῷ
458 1351 516 1378 δντι
534 1351 564 1379 ἐν
590 1352 664 1386 ὑμῖν.
695 1351 804 1386 Ταύτην
831 1352 887 1386 γὰρ

93 1398 144 1433 τὴν
163 1398 256 1425 ἄνοιαν
273 1398 320 1425 καὶ
340 1398 375 1425 τὰ
401 1397 561 1433 ἑπαγόμενα
578 1397 677 1433 δηλῶν,
688 1399 716 1424 ὲν
735 1395 776 1429 οἷς
792 1406 886 1433 φησιν,

101 1442 303 1477 Ἐκάστφὼςό
318 1444 390 1477 Θεὸς
399 1444 530 1480 ἐμέρισε.
543 1444 636 1478 Σοφῶς
649 1444 677 1471 δὲ
687 1443 746 1470 λίαν
761 1443 809 1470 καὶ
824 1452 887 1470 συν-

93 1487 324 1525 ετῶίπροέταξε,
347 1489 379 1515 τὸ
398 1489 447 1516 διὰ
459 1489 515 1523 τῆς
529 1488 649 1523 χάριτος
664 1488 711 1515 τοῦ
729 1489 808 1523 Θεοῦ,
825 1489 888 1525 μέλ-

94 1534 149 1561 λων
164 1534 262 1565 αὐτοὺς
274 1534 410 1561 νουθετεῖν
419 1535 460 1566 είς
473 1535 503 1561 τὸ
517 1535 555 1570 μὴ
565 1535 758 1570 ὑπερφρονεῖν.
776 1535 887 1570 Ἐπειδὴ

94 1580 149 1615 γὰρ
164 1580 211 1606 καὶ
227 1579 257 1606 τὸ
269 1579 405 1606 νουθετεῖν
417 1580 464 1606 καὶ
477 1581 633 1607 ἐπιτάττειν
647 1580 737 1612 ἄλλοις
758 1581 844 1608 ἐνίοτε
858 1581 887 1614 ἐξ

95 1613 306 1660 ὑπερφροσύνης
322 1625 439 1660 γίνεται,
453 1626 598 1661 προλαϐὼν
612 1626 707 1653 ἰάσατο
723 1628 786 1658 τοὺς
797 1613 886 1654 τοιούᾇ
898 1613 921 1645 C

95 1679 159 1702 τους
175 1671 332 1706 λογισμούς.
348 1673 405 1699 Οὐκ
418 1672 475 1698 ἐστι
489 1673 553 1707 γὰρ,
572 1673 648 1708 φησι,
660 1673 690 1706 ἐξ
703 1673 774 1708 ἐμῆς
798 1674 887 1709 ὁρμῆς

94 1716 126 1743 τὸ
138 1717 274 1743 νουθετεῖν
288 1717 360 1752 ὑμᾶς
372 1725 379 1732 ·
391 1718 460 1745 ἀλλὰ
470 1718 529 1745 ἀπὸ
542 1717 596 1751 τῆς
608 1719 729 1753 χάριτος
745 1719 792 1745 τοῦ
807 1719 886 1752 Θεοῦ,

95 1763 179 1789 αὐτοῦ
194 1763 334 1799 διάταγμα
349 1763 456 1798 πληρὼ.
474 1763 602 1798 Ἐμέρισε
630 1763 658 1790 δὲ
671 1763 706 1790 τὰ
728 1763 888 1799 χαρίσματα

95 1809 126 1836 οὐ
142 1809 213 1836 κατὰ
240 1809 407 1844 φιλοτιμίαν,
423 1810 491 1836 ἀλλὰ
513 1810 588 1836 κατὰ
600 1809 633 1836 τὸ
650 1808 760 1844 μέτρον
774 1809 824 1844 τῆς
841 1810 886 1836 πί-

97 1863 194 1886 στεως.
207 1856 328 1887 Πίστεως
340 1856 379 1888 δὲ,
390 1856 421 1882 οὺ
437 1855 486 1890 τῆς
506 1856 576 1882 κατὰ
587 1856 635 1890 τὴν
651 1855 780 1891 λατρείαν
793 1855 886 1890 φησίν.

96 1901 201 1932 Πάντες
210 1901 267 1936 γὰρ
280 1902 370 1928 πιστοὶ
392 1903 439 1928 καὶ
452 1902 549 1928 τέλειοι
574 1902 602 1927 ἑν
628 1902 696 1937 αὐτῇ
713 1902 766 1928 εἰσι
791 1900 888 1937 δηλον-

95 1946 147 1977 ότι,
163 1947 188 1972 οἱ
217 1948 395 1982 χαρισμάτων
417 1947 588 1979 ἀξιωθέντες.
608 1947 676 1974 ἀλλὰ
693 1947 745 1982 τῆς
762 1948 833 1974 κατὰ
854 1947 889 1974 τὰ

95 1993 253 2028 χαρίσματα
266 1994 395 2026 πίστεως,
406 1994 506 2026 Καθὼς
519 1994 567 2021 καὶ
582 1994 610 2020 ὲν
623 1994 798 2028 Εὑαγγελίοις
812 1993 888 2030 εἴρη-

93 2047 151 2071 ται,
162 2040 261 2074 Κύριε,
276 2041 407 2073 πρόσθες
424 2041 497 2075 ’ἡμῖν
512 2041 617 2067 πίστιν
631 2048 638 2056 °
653 2041 700 2068 καὶ
715 2041 886 2072 πάλιν,Έὰν

94 2084 186 2118 ἔχητε
198 2086 302 2112 πίστιν
312 2087 351 2119 ὡς
364 2088 477 2114 κόκκον
486 2087 646 2120 σινάπεως.
658 2087 714 2114 Καὶ
728 2087 820 2120 πάλιν,
833 2087 885 2114 Διὰ

93 2131 154 2164 τὴν
174 2132 384 2166 ὀλιγοπιστίαν
400 2133 495 2167 ὑμῶν.
523 2133 608 2168 Δῆλον
633 2134 698 2168 γὰρ,
726 2133 764 2164 ὡς
788 2133 881 2167 ἕτερον

524 191 759 223 FRAGMENTA
778 191 819 221 lN
835 190 1053 221 EPISTOLAM
1070 189 1121 219 AD
1140 187 1334 219 ROMANOS.

896 233 1010 268 ACAP.
1035 233 1092 261 XII.
1123 232 1206 261 Vens.
1235 231 1264 258 2.
1293 231 1328 258 Et
1355 230 1443 268 inelite
1479 231 1644 266 conformari
1667 231 1728 258 huic

1658 183 1726 218 1250

1279 267 1386 295 “ecula.

971 315 1169 343 Photii.(2erte
1193 316 1270 350 quasi
1299 315 1414 346 diceret,
1443 313 1527 340 nolite
1558 310 1729 339 conformari

935 361 1070 390 doctrinis
1083 369 1179 389 eorum
1190 363 1235 396 qui
1251 368 1283 389 ex
1305 360 1359 387 lioc
1384 360 1484 387 saeculo
1499 357 1573 393 quod
1585 357 1686 385 labitur
1701 362 1730 384 et

936 416 991 435 non
1008 408 1089 436 desiit
1116 408 1268 436 doctrinam
1286 406 1439 442 proferunt.
1461 405 1502 432 [ta
1518 411 1582 432 vero
1603 403 1726 433 locutus,

936 458 967 482 ut
981 454 1048 481 nulli
1069 453 1225 482 Iudaeorum
1252 453 1354 485 dicant,
1373 459 1440 487 ergo
1467 459 1533 479 sane
1550 457 1606 477 non
1623 454 1728 486 oportet

936 508 988 528 nos
998 500 1185 528 transformari
1202 500 1237 526 ab
1253 499 1300 526 illa
1314 506 1375 534 qua:
1401 497 1482 526 nobis
1504 496 1603 524 tradita
1618 496 1671 523 I'uit
1688 496 1728 524 le-

937 547 978 582 gis
994 546 1127 578 doctrina,
1146 545 1213 573 illud
1226 545 1313 577 addit,
1338 545 1383 572 sed
1407 543 1605 579 reformamini,
1628 541 1655 569 id
1675 545 1727 574 est,

936 596 1044 628 oportet
1059 600 1105 618 nos
1131 591 1282 619 secundum
1308 590 1355 618 Dei
1375 590 1544 617 voluntatem
1574 587 1726 615 immutari.

935 638 1064 674 Magnum
1083 638 1157 666 enim
1180 637 1353 665 intervallum
1381 641 1424 664 est
1446 636 1517 663 inter
1533 635 1618 667 illam,
1639 641 1700 669 qua:
1713 641 1729 660 a

936 684 994 720 lege
1006 685 1096 716 datur,
1109 677 1322 714 doctrinam,'et
1340 681 1424 714 illam,
1439 688 1500 716 quae
1513 680 1663 708 secundum
1680 679 1729 708 Dei

935 730 1102 757 voluntatem
1115 733 1166 761 est,
1182 727 1354 763 sapientiam.
1367 726 1427 754 Una
1453 725 1539 758 enim,
1555 725 1643 760 ipsam
1657 725 1729 752 lianc

935 776 1049 812 legalem
1061 775 1177 802 formam
1190 774 1317 805 destruit,
1332 773 1358 800 in
1379 773 1461 800 aliam
1487 771 1604 799 formam
1619 771 1729 798 malitia

935 823 1130 860 etperditionis
1143 823 1275 850 inducens
1284 821 1390 856 ;jaltera
1399 825 1489 847 autem
1505 827 1559 846 non
1578 819 1661 846 modo
1673 826 1727 845 non

935 870 1053 898 formam
1079 869 1147 904 legis
1171 868 1300 900 destruit,
1330 867 1358 894 in
1378 866 1467 894 forma
1490 865 1562 892 cnitn
1579 869 1606 891 et
1631 864 1729 891 umbra

936 922 963 945 et
978 917 1073 952 ﬁguris
1085 915 1153 950 legis
1166 919 1283 946 constat,
1300 913 1346 942 sed
1377 913 1453 940 illam
1470 911 1588 946 perlicit.
1604 910 1728 938 relictam

939 963 979 991 illi
993 962 1111 998 speciem
1129 966 1157 988 et
1178 959 1411 996 pulchritudinem
1437 961 1644 992 componenset
1670 963 1730 984 am-

938 1008 1076 1044 pliﬁcans.
1092 1007 1155 1034 Ideo
1172 1011 1247 1035 recte
1261 1006 1330 1034 dicit
1347 1015 1355 1033 :
1371 1014 1381 1032 ι
1403 1004 1494 1032 Nolite
1505 1004 1728 1039 conformari,....

938 1053 984 1079 sed
1002 1051 1197 1086 reformamini.
1222 1060 1231 1077 ι
1256 1050 1326 1078 Illud
1354 1050 1429 1077 enim
1461 1048 1580 1084 perditio
1604 1050 1658 1081 est,
1676 1046 1730 1074 hoc

938 1102 1028 1125 autem
1041 1097 1116 1125 salus
1128 1102 1155 1125 et
1171 1096 1312 1131 perfectio.

938 1186 1022 1214 Visus.
1041 1187 1069 1214 3.
1083 1185 1148 1213 Dico
1160 1186 1230 1213 enim
1245 1193 1291 1219 per
1310 1186 1425 1220 gratiam
1437 1191 1496 1218 quae
1510 1183 1580 1220 data»
1594 1187 1633 1209 est
1652 1181 1728 1213 mihi,

973 1222 1095 1249 omnibus
1120 1222 1165 1256 qui
1188 1218 1250 1248 sunt
1274 1218 1345 1247 inter
1368 1227 1412 1246 vos
1433 1228 1443 1246 :
1475 1226 1526 1245 non
1553 1218 1612 1252 plus
1636 1225 1731 1252 sapere

973 1265 1054 1292 quam
1066 1261 1166 1292 oportet
1183 1264 1286 1291 sapere,
1306 1261 1359 1282 etc.

974 1303 1076 1331 Photii.
1087 1303 1166 1332 Certe
1175 1308 1202 1331 et
1211 1303 1247 1330 ita
1260 1301 1337 1333 dicit,
1345 1308 1400 1329 non
1408 1301 1470 1336 plus
1478 1307 1574 1335 sapere
1580 1303 1624 1327 aut
1636 1305 1730 1334 super-

939 1350 999 1378 bire
1014 1357 1064 1377 vas
1078 1350 1103 1376 in
1121 1349 1195 1376 ouuii
1211 1348 1284 1376 dono
1296 1347 1368 1382 quod
1379 1347 1459 1374 estin
1472 1345 1641 1378 vobis,hanc
1655 1344 1729 1372 enim

938 1395 1082 1423 stultitiam
1094 1394 1137 1422 his
1152 1401 1213 1429 qua:
1224 1392 1391 1427 adjiciuntur
1401 1391 1558 1424 ostendens,
1579 1390 1626 1418 ubi
1645 1389 1728 1418 dicit:

941 1451 950 1468 ι
970 1441 1116 1477 Unicuique
1144 1439 1213 1467 sicut
1231 1439 1303 1468 Deus
1318 1439 1418 1471 divisit,
1435 1438 1572 1472 sapienter
1604 1436 1678 1464 enim
1704 1441 1731 1463 ct

938 1488 1087 1523 prudenter
1111 1487 1251 1522 praevenit,
1265 1494 1311 1521 per
1322 1486 1437 1521 gratiam
1449 1484 1496 1512 Dei
1512 1483 1607 1512 seillos
1618 1482 1729 1514 debere,

938 1542 972 1562 ne
1001 1533 1161 1569 superbiant
1195 1539 1317 1560 monere.
1353 1530 1424 1558 Cum
1453 1530 1527 1557 enim
1558 1535 1670 1556 monere
1704 1532 1731 1555 et

938 1581 1086 1616 praecipere
1111 1580 1173 1607 aliis
1187 1574 1334 1614 aliquando
1347 1586 1362 1605 e
1377 1577 1503 1613 superbia
1533 1575 1728 1612 proﬁciscitur,

938 1631 1105 1663 pravertens
1134 1627 1209 1653 hisce
1232 1625 1385 1652 rationibus
1400 1624 1534 1651 medetur.
1558 1622 1618 1650 Non
1642 1622 1728 1654 enim,

938 1673 1038 1708 inquit,
1055 1680 1089 1700 ex
1102 1680 1163 1700 meo
1184 1677 1259 1699 motu
1280 1679 1329 1699 vos
1345 1678 1453 1703 meneo,
1475 1670 1524 1698 sed
1548 1677 1594 1705 per
1613 1670 1730 1705 gratiam

940 1719 998 1750 Dei,
1021 1719 1081 1753 ejus
1106 1723 1272 1752 praeceptum
1297 1717 1411 1751 impleo."
1429 1715 1526 1743 Divisit
1551 1718 1643 1742 autem
1659 1715 1729 1742 dona

940 1772 994 1791 non
1011 1763 1162 1791 secundum
1186 1757 1392 1794 liberalitatem,
1408 1761 1455 1789 sed
1476 1760 1627 1788 secundum
1657 1769 1730 1788 uten-

940 1818 1029 1837 suram
1045 1809 1126 1844 ﬁdei;
1141 1809 1201 1836 ﬁdei
1217 1816 1281 1835 vero
1296 1816 1350 1835 nou
1368 1808 1441 1835 illius
1453 1814 1514 1842 qua:
1527 1812 1570 1834 est
1580 1807 1730 1834 secundum

939 1855 1113 1888 servitutem,
1131 1855 1219 1890 inquit
1231 1863 1238 1885 ;
1250 1861 1346 1882 omnes
1359 1854 1431 1881 enim
1447 1853 1540 1881 ﬁdeles
1550 1857 1576 1880 et
1589 1854 1730 1881 credentes

937 1904 965 1931 in
976 1904 1020 1931 illa
1035 1908 1100 1930 sunt
1113 1903 1262 1935 evidenter,
1280 1903 1327 1937 qui
1341 1904 1475 1930 donorum
1488 1902 1562 1937 digni
1577 1901 1629 1929 visi
1652 1906 1730 1931 sunt;

938 1949 985 1977 sed
998 1949 1083 1981 illius,
1110 1957 1171 1984 quae
1184 1948 1335 1976 secundum
1357 1948 1427 1976 dona
1446 1952 1489 1976 est.
1508 1948 1575 1976 ﬁdes
1593 1957 1599 1975 :
1624 1947 1732 1975 sicutct

939 1994 965 2021 in
980 1994 1134 2030 Evangeliis
1149 1994 1250 2021 dicitur
1266 2004 1272 2020 :
1288 1994 1411 2028 Domine,
1429 1994 1531 2028 adauqe
1544 1993 1618 2020 nobis
1632 1993 1731 2027 ﬁdem;

939 2046 968 2070 et
987 2042 1085 2070 iterum
1104 2051 1110 2069 :
1126 2040 1155 2069 Si
1172 2041 1315 2068 habueritis
1332 2041 1410 2076 ﬁdem
1435 2047 1465 2068 ut
1479 2048 1592 2076 granum
1606 2040 1707 2074 sinapis
1721 2049 1730 2072 ,-

939 2093 967 2115 et
977 2088 1074 2115 iterum
1091 2096 1097 2114 :
1109 2087 1220 2122 Propter
1228 2087 1422 2121 parvamgﬁdem
1433 2093 1556 2113 vestram.
1572 2085 1731 2113 Patetenim

940 2135 1020 2161 aliam
1033 2135 1103 2162 hanc
1114 2134 1176 2160 ﬁdei
1193 2133 1419 2168 signiﬁcationem
1434 2139 1484 2167 pro
1493 2132 1595 2167 pietate
1609 2132 1693 2160 sumi.

99 2177 181 2205 τοῦτο
194 2177 243 2212 τῆς
258 2178 375 2211 πίστεως
389 2179 419 2204 τὸ
433 2180 635 2215 σημαινόμενον
647 2181 723 2215 παρὰ
739 2183 769 2208 τὸ
785 2182 833 2207 ἐπὶ
847 2183 899 2218 τῆς
920 2182 1066 2213 εὐσεϐείας
1091 2181 1308 2216 λαμϐανόμενον.

165 2225 236 2251 Εἴτε
261 2226 277 2251 ό
292 2224 485 2258 παρακαλῶν,
503 2226 537 2252 ἑν
556 2225 594 2260 τῇ
612 2227 813 2260 παρακλήσει.

130 2271 253 2297 Φωτίου.
272 2271 369 2301 Ἀλλος
387 2270 415 2296 δὲ
442 2271 501 2297 δυσὶ
520 2272 631 2307 τρόποις
656 2272 715 2299 ὅλον
737 2273 887 2308 ἐσχηματί-

95 2316 158 2343 σθαι
173 2317 203 2342 re
214 2317 311 2352 χωρίον
327 2317 390 2353 ἔφη,
403 2318 455 2349 ἕως
468 2318 526 2349 τοῦ,
545 2318 614 2345 Εἴτε
627 2320 643 2345 d
655 2318 839 2353 παρακαλῶν
851 2320 886 2346 ἐν

92 2362 132 2397 τῇ
148 2364 349 2397 παρακλήσει.
367 2364 457 2395 Ποίοις
474 2364 599 2398 “raritate;
617 2365 656 2400 τῷ
670 2366 809 2401 λεγομένῳ
834 2366 888 2393 ἀπὸ

93 2409 187 2435 κοινοῦ
199 2408 248 2435 καὶ
269 2408 308 2444 τῷ
323 2409 484 2445 ὲλλειπτικῷ
502 2417 509 2424 ”
524 2410 571 2437 καὶ
587 2411 640 2446 γὰρ
651 2411 681 2437 τὸ
697 2412 821 2446 ἔχοντες
834 2412 888 2438 ἀπὸ

93 2454 187 2482 κοινοῦ
207 2455 268 2482 καθ’
292 2456 407 2482 ἕκαστον
433 2456 521 2483 κῶλον
545 2456 886 2493 παραλαμϐάνεται.οἷον,

93 2503 152 2529 εἴτε
174 2502 345 2538 προφητείαν
362 2503 418 2538 ἔχει
442 2511 485 2534 τις
502 2511 509 2518 ·
531 2503 586 2530 εἴτε
607 2503 745 2531 διακονίαν
757 2504 814 2539 ἔχει
833 2513 886 2535 τις,

93 2548 181 2575 Τοῦτο
195 2548 224 2574 δὲ
245 2548 275 2574 τὺ
301 2548 356 2574 ἀπὸ
379 2548 482 2580 κοινοῦ,
500 2549 548 2575 καὶ
575 2549 682 2584 ζεῦγμα
698 2550 830 2580 καλεῖται,
846 2551 888 2576 ὃτι

94 2593 224 2627 ζευγνὺει
242 2594 435 2628 πληθυντικὸν,
455 2594 547 2630 ἑνικῷ,
567 2596 614 2622 καὶ
632 2596 758 2631 μετοχὴν.
773 2596 885 2631 ῥήματι.

95 2640 190 2670 Οὓτως
204 2637 251 2666 οὖν
267 2640 320 2666 ἀπὸ
334 2640 426 2667 κοινοῦ
442 2641 472 2667 τὺ
492 2641 617 2674 ἔχοντες
640 2641 712 2668 κατὰ
732 2642 763 2668 τὸ
779 2642 887 2677 ζεῦγμα

93 2684 311 2721 λαμϐανόμενον,
330 2686 539 2722 ἀπηρτισμένην
557 2687 629 2714 κατὰ
644 2688 722 2713 τοῦτο
746 2689 816 2719 τέως
837 2689 887 2723 τὴν

92 2731 200 2758 ἔννοιαν
213 2731 260 2758 καὶ
285 2731 320 2758 τὰ
338 2733 425 2768 χωρία
439 2733 522 2760 ποιεῖ.
549 2733 742 2765 Ἐλλειπιτκῶς
756 2734 786 2760 δὲ
805 2734 887 2761 πάλιν

94 2777 303 2812 ἐσχημάτισται,
320 2778 361 2804 ὅτι
375 2777 462 2805 λείπει
481 2779 549 2815 πρὸς
566 2780 737 2807 ιιὺτοτέλειαν
751 2780 798 2807 τοῦ
822 2781 886 2817 νοή-

95 2831 192 2858 ματος.
209 2820 271 2849 Οἷον
285 2824 325 2856 τὸ,
342 2825 454 2851 Μενέτω
470 2827 498 2853 ὲν
512 2822 534 2860 ᾧ
560 2825 650 2854 ιλαὸεν
675 2826 792 2859 ἕκαστος
807 2828 885 2863 χαρί-

95 2877 190 2904 σματι.
207 2869 241 2895 ἸΙ
253 2869 426 2906 ἀρκείσθω,ῆ
440 2872 545 2907 στοιχεί-
559 2881 592 2905 ω,
603 2873 620 2908 ἦ
629 2882 656 2899 τι
665 2873 796 2900 τοιοῦτον.
810 2871 884 2906 Οἷον,

95 2917 147 2942 εἴτε
158 2915 327 2950 προφητείαν
342 2915 398 2951 ἔχει
407 2925 459 2949 τις,
473 2918 527 2944 alta
539 2918 685 2953 διακονίαν,
698 2920 802 2954 μενέτω
813 2920 879 2947 ἕκα-

277 2964 413 2995 l‘nnoc.
433 2965 492 2997 Gn.
535 2967 583 3000 CI.

1038 2229 1120 2256 Vens.
1138 2228 1165 2255 8.
1182 2227 1234 2260 Qui
1251 2228 1407 2255 exhortatur
1420 2228 1447 2254 in
1457 2228 1633 2254 exhortando.

974 2274 1076 2301 Photii.
1097 2273 1176 2301 Alius
1194 2277 1284 2300 autem
1306 2272 1414 2299 duobus
1432 2273 1519 2301 modis
1536 2277 1621 2300 totum
1639 2272 1729 2300 locum

939 2320 1011 2349 sumi
1030 2319 1108 2352 dixit,
1127 2327 1213 2354 usque
1229 2319 1264 2346 ad
1276 2319 1343 2347 illud
1362 2328 1368 2345 :
1389 2318 1449 2346 Sive
1470 2319 1515 2353 qui
1531 2320 1690 2347 exhortatur
1703 2322 1730 2348 in

938 2365 1113 2393 exhortando.
1133 2364 1239 2398 Quibus
1260 2365 1367 2393 modis?
1388 2365 1415 2391 in
1446 2366 1598 2397 communi,
1620 2369 1648 2393 et
1669 2366 1730 2393 clli-

938 2413 1019 2446 ptice.
1030 2411 1136 2440 Etenim
1151 2412 1182 2438 τὸ
1190 2412 1314 2439 habentes
1326 2411 1352 2438 in
1365 2411 1506 2438 communi
1522 2419 1570 2446 per
1578 2412 1730 2440 membrum

939 2459 1068 2487 dictionis
1099 2460 1229 2495 quodque
1252 2459 1413 2494 intelligitur
1437 2468 1444 2485 :
1468 2463 1515 2490 ut.
1536 2459 1594 2486 sive
1614 2459 1732 2495 prophe-

940 2506 1004 2533 tiam
1021 2505 1121 2541 aliquis
1136 2505 1229 2538 habet,
1246 2506 1304 2533 sive
1318 2505 1502 2533 ruinisterium
1516 2505 1617 2541 aliquis
1632 2505 1728 2539 liabet;

939 2552 992 2579 hoc
1008 2555 1099 2579 autem
1111 2551 1183 2586 quod
1201 2551 1228 2578 in
1242 2551 1382 2579 communi
1395 2555 1447 2584 est,
1465 2551 1623 2587 conjunctio
1638 2551 1731 2586 appel-

939 2589 1024 2630 laturi;
1042 2596 1108 2631 quid
1126 2596 1229 2630 plurale
1249 2597 1381 2631 singulari
1401 2597 1554 2631 conjungit,
1574 2601 1601 2624 et
1618 2597 1729 2632 particio

938 2644 1013 2678 pium
1035 2644 1127 2670 rcrbo.
1144 2643 1189 2670 Sic
1202 2643 1285 2679 igitur
1297 2644 1324 2670 in
1340 2644 1480 2670 communi
1497 2644 1528 2671 τό
1544 2643 1668 2671 [tabentes
1684 2651 1729 2671 sc-

938 2691 1059 2717 cundum
1090 2688 1316 2724 coniunctionem
1343 2694 1498 2724 sumptum,
1525 2689 1679 2724 adaptatam
1696 2696 1728 2715 eo

938 2743 1020 2764 sensu
1036 2743 1123 2771 usque
1140 2735 1176 2762 ibi
1193 2735 1356 2763 sententiam
1369 2740 1396 2762 et
1410 2736 1499 2762 locum
1515 2734 1591 2762 facit.
1604 2734 1729 2769 Ellipticc

937 2787 1028 2811 autem
1050 2782 1147 2809 iterum
1160 2782 1286 2815 sumitur,
1305 2783 1368 2817 quia
1386 2782 1464 2809 deest
1475 2781 1576 2816 aliquid
1594 2780 1627 2808 ad
1647 2781 1730 2808 abso—

938 2828 1023 2855 lutam
1041 2827 1236 2862 perfectionem
1251 2829 1394 2856 sententia:
1410 2837 1416 2856 ι
1433 2833 1463 2855 ιιι
1481 2827 1559 2861 illud,
1574 2832 1684 2855 maneat
1700 2827 1719 2854 it

937 2882 993 2909 quo
1014 2874 1120 2909 accepit
1143 2874 1260 2909 quisque
1273 2875 1356 2906 dono,
1382 2879 1430 2901 aut
1455 2878 1601 2902 contentus
1614 2874 1660 2907 sit,
1682 2878 1729 2900 aut

937 2920 1092 2949 conlorrnct
1105 2928 1146 2956 se,
1168 2926 1215 2949 aut
1236 2921 1310 2950 aliud
1324 2921 1390 2956 quid
1404 2921 1510 2954 simile;
1527 2926 1568 2954 ut,
1588 2921 1646 2949 sire
1667 2927 1730 2956 pro-

1537 2972 1576 3002 to
