1886 3071
164 173 229 205 1251

756 169 889 200 PHOT-II
912 167 1166 199 PATRIARCHIE
1179 167 1233 198 ΟΡ.

1726 161 1795 195 ιίὅὶ

164 227 283 262 phetiam
311 226 408 261 aliquis
433 225 525 259 habet,
547 226 604 254 sive
627 225 820 258 ministerium,
843 229 951 251 maneat

1045 232 1063 255 »ς
1091 223 1120 249 έν
1136 219 1159 256 ᾧ
1172 221 1262 248 ἔλαϐε.
1275 220 1331 247 Kal.
1347 220 1431 256 πολλή
1463 219 1537 246 ἐστιν
1552 219 1570 255 ἡ
1585 219 1639 246 τῶν
1665 218 1795 245 τοιούτων

166 273 281 307 quisque
294 272 320 299 in
336 279 369 299 eo
384 271 457 307 quod
480 271 596 306 accepit.
611 271 711 299 Multus
726 279 838 306 quoque
854 275 896 298 est
911 276 951 297 ta-

164 316 230 343 lium
246 323 313 344 usus
334 316 406 351 apud
426 316 579 343 mirabilem
599 316 723 349 Paulum,
738 321 765 344 et
783 324 817 343 ne
831 316 949 349 mireris,

163 362 216 390 etsi
241 362 349 389 illorum
383 361 419 389 sit
441 361 597 397 imperitus,
620 362 692 390 hunc
713 368 803 390 tamen
825 362 879 389 illis
899 362 950 388 uti.

164 407 255 436 Gratia
273 409 347 435 enim
360 408 465 444 majora
487 414 635 443 praestans,
656 409 836 436 mediocrium
851 408 952 442 saepius

163 455 344 489 cognitionem
357 455 469 489 praebet,
486 462 540 482 non
555 460 684 490 tanquam
696 462 793 490 magna
808 454 866 482 haec
877 455 951 487 sint;

163 501 228 535 quid
241 500 314 527 enim
334 505 407 528 esset
426 500 500 528 circa
524 508 605 528 voces
620 505 647 528 et
668 501 786 536 syllabas
801 505 828 528 et
844 500 952 528 illorum

163 546 391 580 compositionem
411 546 729 581 nugantiumhominum
747 546 823 573 labor
835 551 862 573 et
875 546 950 573 laus!

163 590 223 618 Non
238 599 303 626 ergo
320 597 348 618 ut
364 592 470 626 magnis
483 592 526 619 his
542 599 611 619 usus
627 596 679 624 est,
696 592 743 619 sed
759 596 790 619 ut
805 591 955 619 confundat

164 644 212 665 eos
223 637 270 672 qui
283 638 316 664 de
329 637 428 665 talibus
445 638 616 672 superbiunt,
632 642 659 665 et
674 643 703 666 ut
716 638 857 665 lucrentur
871 637 890 664 ii
905 639 954 665 bu-

164 682 306 710 mililatem
328 687 355 709 et
371 683 553 711 obedientiam
578 684 652 712 illius
671 683 779 711 moniti.
799 684 867 718 Apta
881 684 953 711 cnim

165 731 230 755 sunt
241 728 333 755 omnia
344 727 442 761 I’aulo,
454 733 556 764 quanta
569 736 633 757 vere
644 729 671 756 in
684 729 800 757 salutem
813 729 953 756 hominum

165 773 328 806 conferunt;
362 775 539 809 quamobrem
578 775 636 803 loca
660 775 827 810 poetieorum
856 775 956 802 carmi-

165 827 243 852 num.
266 825 293 848 et
312 820 413 848 Graecae
438 821 570 852 historiae,
597 828 651 847 non
672 820 779 847 dubitat
803 819 911 852 aﬂerre,
931 819 955 847 si

165 872 215 900 per
232 865 290 894 haec
304 866 457 900 speraverit
471 866 568 894 salutis
585 865 690 893 homini
705 865 776 893 viam
792 865 919 901 dirigere.

166 954 244 982 CAP.
266 954 333 982 XIII.
350 954 433 982 Vens.
453 955 496 981 II.
518 955 552 981 Et
568 955 615 981 hoc
637 956 747 982 scientes
764 959 873 990 tempus,
894 955 957 987 quia

202 990 267 1016 hora
290 994 329 1016 est
342 991 399 1023 jam
417 998 463 1016 nos
483 990 516 1017 de
535 998 626 1017 somno
645 999 761 1024 surgere.
780 990 864 1017 Nunt.
886 991 956 1017 enim

201 1024 309 1059 propior
327 1029 365 1052 est
380 1030 471 1052 nostra
481 1025 565 1057 salus.
583 1033 663 1060 quam
676 1033 734 1053 cum
748 1026 890 1052 credimus.

203 1069 303 1097 Photii.
323 1069 544 1098 Praecedentibus
558 1076 652 1098 autem
669 1071 726 1098 haec
740 1071 868 1106 adaptata
881 1076 956 1102 sunt.

168 1121 195 1143 et
214 1116 249 1143 ad
274 1116 319 1143 illa
337 1116 444 1151 adjecta
466 1121 549 1150 sunt,
570 1117 760 1152 amplitlcando
779 1117 912 1148 adhibita.
931 1121 958 1144 et

168 1162 386 1190 exhortationem
399 1162 431 1190 ad
441 1163 486 1189 illa
495 1171 556 1197 quae
565 1163 637 1190 dicta
645 1167 709 1190 sunt
716 1163 882 1190 exhibentia.
890 1162 959 1195 Qui-

168 1207 283 1235 busnam
295 1215 361 1235 vero
372 1215 455 1243 supra
471 1209 570 1236 dictis?
581 1208 675 1236 Omnis
684 1209 773 1235 anima
787 1208 958 1242 potestatibus

170 1253 369 1281 sublimioribus
377 1253 483 1282 subdi/t1
491 1253 525 1282 sit
536 1262 545 1286 ,'
555 1259 595 1282 et:
607 1254 716 1282 Reddite
727 1255 847 1282 omnibus
857 1254 956 1286 debila,

168 1304 194 1326 et
210 1308 269 1335 quae
280 1305 434 1335 sequuntur.
445 1299 508 1328 Haec
519 1300 613 1336 igitur,
629 1301 706 1334 dicit,
716 1300 797 1329 facite
808 1301 843 1329 ob
852 1308 883 1328 ea
897 1309 959 1336 quae

169 1345 243 1372 dicta
270 1350 345 1378 sunt,
359 1349 386 1373 et
408 1346 443 1373 ob
464 1346 530 1373 illud
549 1346 695 1381 imprimis.
717 1346 805 1379 Quam
827 1346 862 1373 ob
881 1346 959 1374 rem?

169 1391 294 1420 Scientes
308 1392 380 1428 quod
401 1392 544 1428 prazcisum
557 1396 597 1419 est
609 1392 671 1419 vitae
682 1396 784 1419 nostra:
796 1397 913 1426 tempus.
926 1392 959 1419 Et

169 1441 279 1472 oportet
291 1444 351 1470 nos,
369 1441 396 1464 et
409 1437 431 1464 si
449 1436 653 1463 dormiehamus
673 1435 742 1462 nihil
758 1439 879 1470 agentes.
896 1439 958 1462 tan-

169 1490 252 1517 quam
266 1490 279 1509 e
293 1489 395 1514 somno,
414 1481 510 1509 saltem
531 1481 614 1516 igitur
626 1489 700 1508 nunc
715 1489 831 1516 surgere.
847 1480 958 1508 Clarum

169 1533 213 1556 est
226 1528 298 1555 enim
318 1535 367 1555 nos
384 1535 458 1554 nunc
473 1527 560 1562 magis
577 1527 605 1554 in
621 1527 674 1554 line
691 1534 753 1554 esse
766 1530 867 1554 nostra;
885 1526 957 1558 vitm,

169 1579 250 1606 quam
266 1579 324 1598 tum
339 1570 511 1597 credidimus.

169 1617 246 1646 CAP.
261 1616 332 1644 XIV.
351 1616 435 1644 Vens.
455 1616 481 1643 5.
499 1615 572 1643 Nam
591 1616 662 1643 alius
677 1616 784 1650 judicat
802 1616 872 1644 diem
892 1616 961 1643 inter

206 1653 295 1684 diem;
322 1651 392 1679 alius
417 1657 506 1679 autem
523 1651 629 1686 judicat
643 1659 745 1679 omnem
761 1652 830 1680 diem
850 1658 859 1678 .'
875 1659 957 1679 unus-

204 1689 313 1723 quisque
329 1688 358 1714 in
376 1695 424 1714 suo
444 1695 521 1714 sensu
535 1686 660 1714 abundet.

206 1731 308 1759 Photii.
324 1730 357 1758 Et
376 1731 398 1758 si
416 1730 499 1766 igitur
512 1730 611 1765 aliquis
630 1730 727 1765 diebus
748 1730 861 1758 alternis
881 1737 960 1758 man-

169 1778 262 1809 ducat,
282 1777 326 1805 hic
340 1782 434 1805 autem
450 1777 568 1811 singulis
592 1777 689 1804 diebus
704 1783 758 1804 non
776 1776 856 1804 debet
869 1776 902 1804 de
917 1776 960 1805 his

168 1823 296 1858 judicare
305 1824 522 1851 etcondemnare
531 1823 647 1850 invicem
667 1822 740 1850 hunc
751 1823 796 1858 qui
816 1830 870 1850 non
883 1830 961 1850 man-

169 1870 263 1897 ducat.
280 1869 389 1905 Jejunat
409 1870 482 1897 enim
503 1869 644 1904 proximus
675 1874 702 1897 et
722 1870 823 1897 bonum
842 1868 918 1902 facit,
937 1868 960 1896 si

170 1920 280 1951 propter
292 1915 376 1943 Deum
390 1915 442 1943 hoc
454 1915 531 1943 facit.
546 1914 640 1951 Neque
652 1916 772 1944 vicissim
788 1915 958 1950 jejunantem

169 1966 277 1997 oportet
295 1962 479 1990 condemnare
493 1969 548 1990 non
579 1963 749 1998 jejunantem
769 1962 884 1997 singulis
900 1962 960 1989 die-

129 2006 132 2010 ’
170 2008 234 2035 bus.
249 2007 308 2034 Non
323 2008 395 2034 enim
407 2009 533 2043 praecepti
545 2013 596 2040 est,
609 2008 645 2035 ita
656 2012 686 2034 ut
701 2007 812 2034 violatio
825 2007 959 2042 judicium

170 2057 309 2084 eausctur,
321 2053 368 2080 sed
385 2053 476 2080 liberae
493 2054 642 2081 voluntatis
658 2057 709 2080 est.
733 2051 785 2079 Sed
815 2053 960 2087 unusquis-

169 2105 220 2132 que
236 2097 379 2124 secundum
397 2099 535 2133 proprium
549 2105 655 2125 sensum
671 2097 804 2130 abundet;
816 2098 874 2125 sive
886 2098 958 2132 quod

169 2142 239 2170 bene
262 2142 326 2170 facit
352 2150 460 2178 semper
478 2143 618 2178 jejunans,
643 2144 701 2172 sive
723 2144 794 2179 quod
814 2151 869 2172 non
893 2146 961 2172 bene

165 2187 235 2215 .I'acit
249 2196 301 2215 nou
319 2196 427 2224 semper
437 2189 576 2224 jejunans.

259 2233 343 2262 Vens.
358 2235 384 2266 6.
402 2234 455 2266 Qui
472 2236 542 2270 sapit
557 2235 637 2270 diem,
657 2235 768 2264 Domino
785 2238 865 2273 sapit.

203 2279 306 2307 Photii.
325 2280 352 2308 Si
371 2289 435 2309 vero
449 2281 483 2309 de
502 2281 608 2316 jejunio
629 2286 716 2310 totum
738 2283 789 2310 hoc
809 2283 959 2319 intelligere

168 2326 220 2358 vis.
237 2326 274 2353 ita
295 2334 419 2354 censeas.
441 2325 493 2359 Qui
511 2327 618 2362 judicat
637 2332 664 2355 et
685 2328 834 2356 arbitratur
855 2330 957 2356 bonum

166 2379 228 2400 esse
251 2372 366 2408 singulis
389 2372 486 2400 diebus
504 2374 680 2408 manducare,
699 2375 812 2402 Domina
834 2376 915 2410 sapit,
932 2375 958 2403 id

167 2423 220 2450 est,
242 2418 269 2445 in
286 2418 401 2446 Domino
418 2420 470 2446 hoc
487 2420 648 2454 arbitratur,
674 2421 727 2448 hoc
749 2422 821 2449 enim
848 2427 959 2457 propter

167 2464 313 2492 Dominum
329 2464 405 2493 facit.
421 2464 473 2498 Qui
491 2470 581 2494 autem
597 2474 650 2494 non
674 2467 726 2494 hoc
737 2467 854 2502 judicat,
871 2475 959 2503 neque

167 2510 328 2543 arbitratur,
345 2510 447 2538 bonum
460 2519 521 2539 esse
534 2512 648 2548 singulis
668 2513 763 2541 diebus
779 2514 957 2546 manducare.

166 2561 278 2592 propter
295 2557 441 2585 Dominum
457 2559 563 2593 judicat
576 2560 639 2586 illud
653 2560 752 2588 bonum
768 2569 828 2589 esse
844 2565 870 2588 et
889 2562 958 2588 arhi-

167 2607 263 2629 tratnr.
271 2601 359 2630 Causa
372 2603 445 2631 enim
455 2610 519 2631 sunt
529 2604 566 2632 illi
576 2613 636 2640 quia
647 2614 708 2632 mox
718 2607 787 2633 dixit
796 2607 854 2641 ejus
866 2607 955 2634 verbi:

167 2657 176 2673 ι
191 2646 374 2683 Unusquisque
383 2649 410 2676 in
419 2658 467 2677 suo
479 2659 556 2678 sensu
569 2651 857 2686 abundemQuomodo
867 2658 956 2680 autem

165 2695 236 2722 istud
247 2695 331 2723 dicis?
348 2695 428 2724 Paule
439 2697 531 2725 ?rectc
540 2697 607 2730 dixi,
618 2698 714 2734 inquit,
728 2699 856 2734 quoniam
874 2704 900 2727 et
911 2702 956 2735 qui

161 2741 267 2776 jejunat
278 2741 392 2777 singulis
402 2743 511 2777 diebus,
521 2748 548 2772 et
558 2745 604 2780 qui
617 2745 764 2773 manducat
777 2746 892 2781 singulis
906 2747 959 2774 die-

163 2787 215 2814 bus
227 2786 254 2814 in
268 2788 383 2823 gratiam
403 2789 511 2816 Domini
539 2790 592 2817 hoc
604 2790 721 2818 faciunt.
742 2790 835 2826 Neque
852 2797 959 2826 oportet

161 2832 308 2860 admodum
319 2834 443 2869 judicare
464 2835 580 2862 invicem
593 2835 619 2862 in
641 2836 705 2862 isto.
726 2836 826 2864 Deinde
846 2845 956 2865 causam

160 2879 262 2913 tonuit,
274 2884 300 2907 et
310 2879 384 2914 dicit,
396 2880 497 2908 ctenim
509 2881 555 2916 qui
568 2882 714 2910 mamlucat
724 2883 826 2918 gratias
840 2884 893 2919 agit
904 2883 958 2912 Deo

1003 269 1101 305 χρῆσις
1115 268 1191 303 παρὰ
1200 267 1239 302 τῷ
1251 267 1394 302 θαυμασίῳ
1418 266 1528 302 Παύλῳ.
1545 266 1601 293 Kal.
1631 265 1670 300 μὴ
1689 265 1794 299 θαυμά-

1003 322 1053 350 σῃς
1070 314 1095 340 εί
1110 313 1219 348 ἀμαθὴς
1234 312 1271 339 ὢν
1288 312 1401 344 τούτων,
1417 311 1551 347 ἐκέχρητο
1563 310 1679 342 τούτοις.
1699 310 1731 336 Ἠ
1740 309 1794 345 γὰρ

1002 360 1082 394 χάρις
1093 360 1110 394 ἠ
1122 359 1157 385 τὰ
1171 359 1258 394 μείζω
1272 357 1441 394 χορηγοῦσα,
1456 357 1570 385 καὶτῶν
1586 357 1704 384 εὐτελῶν
1727 356 1794 384 πολ-

1002 406 1080 437 λάκις
1099 404 1215 440 παρέχει
1225 405 1276 440 τὴν
1295 404 1405 439 γνῶσιν,
1426 404 1475 439 οὐχ
1489 404 1526 435 ὡς
1540 403 1666 439 μεγάλων
1690 403 1795 430 τούτων

1003 451 1191 487 ὑπαρχόντων.
1205 451 1238 478 Τί
1250 451 1305 486 γὰρ
1320 451 1353 478 ἂν
1367 451 1414 478 καὶ
1427 451 1469 486 εῐη
1485 450 1550 485 περὶ
1567 450 1655 483 λέξεις
1666 450 1716 476 καὶ
1729 450 1795 476 συλ-

1003 498 1089 530 λαϐὰς
1106 497 1155 525 καὶ
1180 498 1228 533 τὴν
1248 497 1352 524 τούτων
1377 497 1514 532 συνθήκην
1540 496 1797 532 μικρολογουμένων

1003 544 1155 581 ἀνθρώπων
1172 544 1253 575 πόνος
1267 543 1314 569 καὶ
1328 542 1448 578 ὀνόματα
1463 549 1471 575 ;
1497 541 1603 569 Οὔκουν
1625 541 1664 572 ὼς
1691 541 1798 576 μεγάλα

1003 590 1074 617 τισὶν
1100 590 1234 625 ἐκέχρητο
1257 587 1373 619 τούτοις,
1398 586 1455 613 ἀλλ’
1476 587 1517 618 εἰς
1547 586 1578 612 τδ
1602 585 1796 620 καταισχύνειν

1003 635 1066 667 τοὺς
1083 635 1130 662 ἐπὶ
1154 635 1209 666 τοῖς
1230 634 1361 664 τοιούτοις
1386 632 1458 667 μέγα
1474 631 1651 667 φρονοῦντας,
1668 631 1715 657 καὶ
1730 639 1798 665 κερ-

1004 683 1082 717 δῆσαι
1096 682 1194 712 αὐτοὺς
1205 681 1245 712 είς
1262 678 1512 715 ταπεινοφροσύνην
1530 678 1577 705 καὶ
1604 677 1729 712 ὑπακοὴν
1747 677 1799 710 τῆς

1005 727 1087 754 αὑτοῦ
1102 727 1250 758 νουθεσίας.
1264 727 1365 753 ’Λοκνα
1377 725 1432 761 γὰρ
1446 725 1569 760 ὑπῆρχεν
1582 724 1690 751 ἅπαντα
1699 723 1800 759 Παύλῳ

1005 773 1055 800 ὅσα
1080 773 1217 808 σωτηρίαν
1241 771 1396 809 ἀνθρώποις
1421 771 1519 807 ἔφερεν
1543 770 1663 805 ἀληθῶς.
1679 770 1726 797 Διὸ
1752 771 1800 796 καὶ

1006 820 1119 856 χρήσεις
1140 819 1289 854 ποιητικῶν
1317 819 1427 854 στίχων,
1458 818 1505 844 καὶ
1529 818 1651 853 ἱστορίας
1678 816 1800 852 Ἐλληνι-

1006 866 1134 901 stimet»:
1160 866 1234 892 ὀκνεῖ
1264 865 1471 901 προσκομίζειν,
1500 864 1534 891 ἂν
1561 865 1609 890 καὶ
1621 863 1667 890 διὰ
1695 862 1801 890 τούτων

972 903 994 931 Β
1009 898 1105 947 ἐλπίζῃ
1124 911 1261 946 σωτηρίαν
1274 898 1445 946 κατορθῶσαι
1462 908 1608 944 ἀνθρώπῳ.

1009 957 1064 983 Kal
1093 957 1192 987 τοῦτο,
1211 956 1322 987 εἰδότες
1347 955 1401 982 τὸν
1424 955 1540 989 καιρὸν,
1558 955 1603 981 ὅτι
1627 954 1688 988 ὥρα
1719 953 1801 989 ἡμᾶς

1043 992 1103 1031 ἤδη
1120 992 1162 1031 ἐξΔ
1177 991 1276 1018 ὕπνου
1287 990 1459 1031 ,ὲγςρςῆναι
1476 998 1482 1004 ·
1496 990 1560 1031 νῦν,
1575 989 1630 1024 γὰρ
1638 990 1801 1024 ἐγγύτερον

1043 1026 1128 1061 ἡμῶν
1146 1027 1165 1060 ἠ
1181 1026 1322 1060 σωτηρία,
1338 1026 1357 1060 ἢ
1375 1026 1424 1052 ὅτε
1439 1026 1672 1060 ἐπιστεύσαμεν.

1044 1071 1167 1098 Φωτίου.
1181 1071 1243 1102 Τοῖς
1256 1071 1312 1098 ἀνω
1326 1071 1354 1096 δὲ
1369 1070 1455 1097 ταῦτα
1473 1071 1652 1106 συνήρτηται,
1667 1071 1715 1097 καὶ
1731 1070 1801 1104 πρὸς

1008 1118 1100 1144 ἐκεῖνα
1115 1117 1280 1144 ἀποδίδοται.
1300 1117 1441 1148 Ἑπίτασις
1464 1117 1564 1152 μᾶλλον
1577 1116 1653 1149 ὄντα,
1672 1117 1720 1142 καὶ
1733 1125 1802 1151 προ-

1008 1163 1113 1198 τροπὴν
1128 1162 1182 1198 τῷν
1193 1162 1345 1197 εἰρημένων
1368 1161 1548 1197 ἐμφαίνοντα.
1562 1161 1653 1193 Ποίοις
1679 1161 1708 1187 δὲ
1721 1161 1778 1188 ἄνω
1792 1169 1801 1190 ;

1009 1208 1097 1236 Πᾶσα
1123 1207 1213 1242 (ψυχὴ
1239 1207 1394 1240 ἐξουσίαις
1421 1207 1639 1241 ὑπερεχούσαις
1665 1207 1803 1234 ὑποτασ-

1008 1253 1119 1286 σέσθω,
1134 1255 1190 1285 καὶ.
1214 1253 1355 1281 Ἀπόδοτε
1373 1252 1449 1281 πᾶσι
1472 1253 1525 1286 τὰς
1537 1253 1670 1287 ὀφειλὰς,
1691 1253 1741 1279 καὶ
1765 1252 1804 1279 τὰ

1009 1298 1082 1334 ἑξῆς.
1100 1298 1194 1326 Ταῦτα
1202 1299 1261 1333 οὖν,
1279 1299 1356 1334 φησὶ,
1370 1299 1473 1326 ποιεῖτε
1487 1298 1531 1325 διὰ
1544 1299 1579 1325 τὰ
1598 1298 1801 1334 προειρημένα,

1010 1345 1057 1372 καὶ
1068 1344 1113 1371 διὰ
1130 1343 1210 1370 τοῦτο
1238 1343 1363 1379 μάλιστα.
1378 1343 1429 1370 Διὰ
1450 1344 1541 1377 ποῖον;
1557 1343 1664 1375 Εἰδότες
1677 1344 1719 1370 ὅτι
1734 1352 1803 1370 συνο

1005 1391 1142 1426 ,τέτμηται
1157 1390 1206 1425 τῆς
1222 1389 1294 1425 ζωῆς
1308 1390 1387 1425 ἡμῶν
1399 1390 1413 1416 ὁ
1429 1390 1535 1426 χρόνος.
1549 1390 1605 1417 Kal.
1618 1391 1658 1416 δεῖ
1668 1391 1756 1424 ἡμᾶς,
1775 1390 1803 1416 εί

1009 1439 1058 1466 καὶ
1080 1437 1262 1472 ὲκαθεὺδομεν
1279 1437 1362 1472 μηδὲν
1391 1437 1567 1472 πράττοντες,
1582 1436 1619 1468 ὡς
1636 1436 1670 1468 ἐξ
1687 1437 1803 1469 ὕπνου.

1009 1484 1062 1511 κᾶν
1071 1483 1136 1517 γοῦν
1146 1483 1204 1515 νῦν,
1214 1483 1381 1518 ἐγερθῆναι.
1393 1483 1512 1518 Φανερδν
1523 1483 1577 1519 γὰρ
1588 1483 1628 1510 ὅτι
1637 1483 1684 1509 νῦν
1699 1483 1805 1518 μᾶλλον

1011 1530 1079 1564 πρὸς
1092 1529 1131 1564 τῷ
1141 1529 1212 1556 τέλει
1229 1529 1313 1564 ἐσμὲν
1327 1529 1378 1563 τῆς
1388 1528 1556 1564 ζωῆςὴμῶν,
1567 1529 1584 1564 ἡ
1599 1529 1649 1556 ὅτε
1656 1530 1800 1556 ἐπιστεύ-

972 1572 994 1601 C
1010 1583 1116 1610 σαμεν.

1014 1622 1067 1654 ’ος
1077 1621 1135 1659 μὲν
1150 1621 1245 1659 κρίνει
1260 1621 1375 1659 ἡμέραν
1389 1623 1457 1656 παρ’
1478 1621 1603 1659 ἠιίέρφτ.
1614 1621 1648 1655 ὃς
1658 1621 1693 1659 ᾇὲ
1705 1623 1802 1657 κρίνει

1048 1656 1152 1683 πᾶσαν
1173 1656 1297 1690 ἡμέραν.
1321 1656 1472 1691 Ἕκαστος
1487 1657 1528 1690 τῷ
1550 1657 1616 1690 ίδίφ,
1625 1657 1674 1684 νοῒ
1686 1656 1803 1692 πληρο-

1046 1692 1204 1725 φορείσθω-

1047 1737 1169 1764 Φωτίου.
1187 1737 1243 1764 Kal.
1257 1738 1281 1764 εί
1295 1737 1350 1773 ἄρα
1365 1739 1379 1764 ό
1398 1740 1448 1773 μέν
1464 1747 1506 1770 τις
1522 1739 1629 1775 ἡμέραν
1648 1740 1714 1775 παρ’
1729 1740 1802 1776 ἡμέ-

1012 1791 1062 1818 ραν
1086 1783 1188 1810 ὲσοίειθ
1216 1783 1230 1809 ὁ
1253 1783 1353 1810 δὲκαθ’
1380 1784 1497 1819 ἡμέραν,
1515 1785 1545 1811 οὐ
1570 1785 1611 1812 δεῖ
1631 1786 1678 1812 ἐπὶ
1694 1786 1801 1813 τούτων

1012 1829 1116 1864 κρίνειν
1126 1829 1173 1857 καὶ
1184 1831 1362 1865 κατακρίνειν
1379 1830 1521 1866 ἀλλήλους,
1532 1831 1594 1858 οὔτε
1604 1832 1651 1858 τὸν
1663 1833 1800 1861 ἐσθίοντα.

1012 1875 1148 1911 Νηστεύει
1174 1875 1227 1911 γὰρ
1250 1876 1265 1902 ό
1293 1876 1405 1911 πλησίον
1435 1877 1482 1903 καὶ
1497 1877 1598 1911 ἀγαθὸν
1613 1880 1695 1910 ποιεῖ,
1713 1879 1802 1905 ποιῶν

1011 1921 1076 1947 αὺτὺ
1097 1921 1141 1948 διὰ
1160 1921 1205 1947 τὸν
1228 1921 1304 1948 Θεόν.
1330 1921 1399 1948 οὔτε
1421 1922 1503 1949 πάλιν
1519 1923 1565 1950 τὸν
1582 1924 1748 1959 νηστεύοντα
1760 1925 1803 1952 δεῖ

1012 1967 1188 2002 κατακρίνειν
1218 1968 1265 1994 τὸν
1287 1968 1324 2004 μὴ
1352 1968 1518 2004 νηστεύοντα
1542 1970 1607 2005 παρ’
1623 1970 1741 2005 ἡμέραν.
1761 1972 1800 1998 Οὐ

1010 2013 1066 2048 γὰρ
1090 2013 1251 2047 νομοθεσίας
1287 2015 1371 2046 ἐστὶν,
1394 2014 1438 2041 ἵνα
1462 2016 1478 2050 ἡ
1498 2015 1656 2051 παράϐασις
1682 2016 1802 2052 προξενῇ

1011 2061 1109 2095 κρῖμα,
1134 2059 1201 2086 ἀλλὰ
1231 2060 1314 2095 μόνης
1337 2061 1533 2096 προαιρέσεως.
1567 2062 1643 2089 Ἀλλ’
1670 2063 1803 2096 ἕκαστος

1011 2106 1085 2132 κατὰ
1112 2106 1165 2132 τὸν
1203 2106 1281 2133 ἴδιον
1316 2106 1393 2133 νοῦν
1423 2109 1687 2142 πληροφορείσθω·
1716 2110 1732 2144 ἢ
1758 2111 1804 2136 ὅτι

1011 2151 1103 2183 καλῶς
1123 2153 1195 2178 ποιεῖ
1215 2153 1352 2188 νηστεύων
1366 2153 1427 2179 ἀεί·
1443 2153 1459 2189 ἦ
1476 2154 1518 2180 ὅτι
1533 2154 1564 2181 οὺ
1593 2155 1684 2187 καλῶς
1698 2155 1737 2192 μὴ
1751 2165 1803 2183 vn-

1011 2197 1114 2224 στεύων
1130 2198 1183 2225 ἀεί.

1090 2244 1120 2270 ’0
1135 2243 1256 2278 φρονῶν
1277 2243 1333 2278 τὴν
1351 2244 1478 2279 ἡμέραν,
1503 2245 1601 2280 Κυρίῳ
1615 2246 1731 2280 φρονεῖ.

1046 2290 1169 2318 Φωτίου.
1185 2291 1218 2318 Εἰ
1246 2291 1274 2318 δὲ
1303 2291 1368 2327 περὶ
1394 2291 1522 2326 νηστείας
1547 2292 1578 2319 rb
1593 2293 1648 2319 πᾶν
1672 2293 1802 2321 ἐκλαϐεῖν

1011 2334 1111 2370 βούλει,
1135 2335 1207 2362 οὕτω
1223 2337 1330 2372 νόησον·
1352 2337 1382 2363 ’0
1407 2337 1508 2373 κρίνων
1539 2339 1588 2365 καὶ
1622 2338 1799 2374 λογιζόμενος

1010 2381 1091 2408 καλὸν
1105 2379 1174 2408 εἶναι
1192 2382 1252 2409 καθ’
1280 2383 1386 2419 ἡμέραν
1402 2386 1509 2419 φαγεῖν,
1523 2384 1562 2420 τῷ
1577 2385 1672 2421 Κυρίῳ
1688 2387 1783 2421 φρονεῖ
1793 2394 1802 2403 ο

1009 2426 1158 2459 τουτέστιν,
1172 2428 1201 2454 ὲν
1219 2428 1315 2464 Κυρίῳ
1328 2429 1408 2456 τοῦτο
1424 2430 1572 2464 λογίζεται.
1588 2431 1674 2459 Τοῦτο
1687 2433 1743 2469 γὰρ
1757 2435 1802 2461 διὰ

1009 2473 1055 2500 τὸν
1085 2473 1186 2508 Κύριον
1210 2475 1292 2501 ποιεῖ.
1318 2476 1375 2503 Kal.
1397 2477 1412 2504 ό
1429 2477 1467 2512 μὴ
1493 2478 1593 2513 κρίνων
1614 2479 1703 2510 τοῦτο,
1734 2481 1803 2516 μηδὲ

1010 2517 1194 2553 λογιζόμενος,
1222 2520 1263 2546 ὅτι
1286 2520 1369 2548 καλόν
1395 2522 1453 2549 ἐστι
1471 2523 1532 2549 καθ’
1556 2524 1662 2560 ἡμέραν
1692 2528 1801 2560 φαγεῖν,

1009 2564 1053 2590 διὰ
1077 2564 1122 2591 τὸν
1148 2565 1251 2600 Κύριον
1282 2567 1370 2601 κρίνει
1394 2568 1473 2595 τοῦτο
1502 2569 1583 2596 καλὸν
1600 2569 1682 2602 εἶναι,
1698 2573 1748 2599 καὶ
1759 2573 1803 2599 λυ-

1009 2609 1127 2642 γίζεται.
1146 2611 1226 2638 Αἴτια
1240 2613 1295 2647 γάρ
1313 2613 1372 2639 ἐστι
1397 2614 1483 2641 ταῦτα
1505 2615 1539 2642 τὰ
1564 2616 1697 2651 εἰρημένα
1727 2618 1802 2652 αὖτῷ

1010 2655 1222 2690 τοῦ,Ἔκαστος
1233 2658 1268 2685 ἐν
1284 2658 1323 2690 τῷ
1336 2659 1398 2690 ίόίῳ
1409 2660 1457 2687 νοῒ
1471 2663 1731 2696 πληροφορείσθω.
1743 2665 1803 2695 Πῶς

1010 2701 1038 2728 δὲ
1053 2701 1141 2736 λέγεις
1153 2703 1243 2735 τοῦτο,
1256 2704 1360 2738 Παῦλε;
1379 2705 1476 2738 Καλῶς
1487 2703 1574 2739 εἷπον,
1591 2709 1684 2742 φησίν.
1695 2709 1804 2744 Ἐπειδὴ

1011 2747 1058 2773 καὶ
1083 2748 1096 2773 ό
1125 2748 1263 2783 νηστεύων
1288 2749 1358 2785 ὑπὲρ
1383 2751 1503 2786 ἡμέραν,
1519 2753 1566 2779 καὶ
1585 2753 1600 2778 ὁ
1626 2753 1726 2780 ἐσθίων
1743 2754 1805 2781 καθ’

1011 2793 1128 2829 ἡμέραν,
1155 2795 1195 2826 εἰς
1218 2795 1366 2830 ἀρέσκειαν
1390 2797 1493 2832 Κυρίου
1517 2797 1596 2825 τοῦτο
1614 2799 1734 2826 ποιοῦσι.
1751 2801 1806 2827 Καὶ

1010 2840 1041 2865 οὐ
1070 2840 1112 2866 δεῖ
1140 2840 1241 2876 κρίνειν
1265 2842 1335 2874 ὅλως
1367 2843 1503 2878 ἀλλήλους
1532 2845 1578 2872 ἐπὶ
1608 2845 1707 2882 τούτῳ.
1738 2845 1804 2873 Εἶτα

1011 2885 1141 2913 ἐπιτείνει
1165 2887 1214 2922 τὴν
1236 2888 1337 2922 αἰτίαν,
1356 2889 1402 2916 καί
1417 2898 1510 2925 φησιν.
1527 2890 1581 2917 Καὶ
1594 2889 1648 2926 γὰρ
1674 2890 1802 2923 οισῦίων
