1886 3071
93 191 162 231 1253

518 192 753 225 FRAGMENTA
768 192 810 224 IN
832 193 1047 224 EPISTOLAM
1066 194 1117 225 AD
1135 194 1332 226 HEBRAEOS.

1655 195 1724 227 12M

92 248 251 285 εὐχαριστεῖ
280 248 319 286 τῷ
349 250 409 286 Θιῷ
435 251 464 278 ὲν
502 251 542 287 τῷ
577 252 689 280 ἐσθίειν.
723 252 785 280 Ὅτι
815 251 1452 287 ESw-Amanducandoquoddedithominibus
1466 251 1723 279 viametsuﬂicieu-

91 299 140 318 κεν
168 291 324 328 ἀνθρώποις
351 295 436 331 πόρον
463 296 511 323 καὶ
539 297 678 332 συνέχειαν
697 296 781 332 ζωῆς.
797 298 853 324 Καὶ
869 298 883 325 ὁ

91 337 230 372 νηστεύων
253 339 421 375 εὐχαριστεῖ,
435 342 476 369 ὅτι
489 342 588 369 ἔδωκεν
609 343 765 379 ἀνθρώποις
783 352 882 380 καρτεο

93 383 155 418 ρίας
167 383 217 410 καὶ
234 385 374 420 μεθόδους,
399 387 433 413 δι’
447 384 485 415 ὧν
500 397 541 420 τις
556 389 668 416 δύναται
689 390 883 425 περιγενέσθαι

91 428 148 456 τῶν
173 431 224 465 τῆς
254 432 355 466 σαρκὸς
386 433 491 461 παθῶν.
514 434 544 461 ’0
560 435 588 461 δὲ
607 435 696 467 ἄλλως
712 436 850 470 νηστεύων
863 437 880 472 ἢ

91 474 202 508 ἐσθίων,
228 478 406 514 κατάκριτος,
438 479 533 517 ὥσπερ
554 481 610 508 τῶν
632 483 782 517 αἱρετικῶν
796 492 881 515 τινες.

91 521 187 549 Ταῦτα
211 520 257 550 οὖν
282 525 347 560 περὶ
372 525 428 553 τῶν
456 529 640 561 νηστευόντων
666 528 714 556 καὶ
738 529 883 557 ἐσθιόντων

94 566 186 599 ίδικῶς
213 568 374 604 ἐκληπτέον,
401 572 469 600 ἀλλὰ
490 573 528 609 μὴ
542 574 607 609 περὶ
630 574 719 602 ἄλλων
735 575 825 602 τινῶν.
842 576 882 604 οὐ

91 611 147 647 γὰρ
162 613 209 639 ἐπὶ
222 614 328 647 πάντας
342 617 356 642 ό
371 616 460 644 κανὼν
478 615 555 651 οὗτος
569 619 670 655 διήκει.
687 620 734 647 Διὸ
759 621 820 648 οὐδὲ
836 621 883 648 ἐπὶ

91 657 139 684 τοῦ
158 659 212 693 πρὸ
225 661 325 696 μικροῦ
339 662 484 698 εἰρημένου
501 665 651 699 κεφαλαίου
667 667 794 703 ἁρμόζει.
819 665 883 695 οἷον

92 703 139 730 ἐπὶ
163 704 210 731 τοῦ
235 706 265 732 ὲν
287 708 345 739 τοῖς
371 708 498 744 βρώμασι
523 711 740 748 διακρινομένου.
753 713 810 741 Καὶ
827 714 882 750 γὰρ

91 750 195 782 ἐκεῖνος
206 751 245 788 μὴ
258 752 367 787 ἐσθίων,
378 755 428 782 οὐκ
440 756 481 788 εἰς
495 756 574 789 δόξαν
583 758 633 785 οὐκ
647 759 733 786 ἐσθίει
744 759 791 786 τοῦ
802 759 881 794 Θεοῦ,

92 794 151 821 ἀλλ’
163 795 202 827 ὡς
217 797 382 834 ἁστήρικτος
397 800 426 826 ὲν
440 801 473 836 τῇ
487 801 588 829 πίστει.
615 803 686 830 Ἀλλ’
705 804 812 832 ἐκεῖνον
831 805 882 840 μὲν

91 841 123 867 ού
152 841 193 868 δεῖ
221 844 398 880 κατακρίνειν
422 846 467 873 διὰ
481 847 527 874 τὸν
544 849 657 884 καιρόν·
674 850 716 877 ὅτι
744 851 817 887 ἀρχὴ
833 851 882 878 τοῦ

91 887 272 923 κηρύγματος
299 887 345 925 ἢν.
374 891 425 918 Τὸν
450 892 480 920 δὲ
507 893 631 922 ἐσθίοντα
652 896 814 932 καθημέραν
834 897 882 924 καὶ

92 932 258 978 νηστεύοντα
274 934 344 970 ὑπὲρ
360 936 479 972 ἡμέραν,
498 938 529 965 οὺ
543 939 584 966 δεῖ
600 940 668 972 ὅλως
679 925 820 978 οὐδέτερον
834 942 881 969 οὺ-
897 925 921 955 D

91 976 193 1014 δετέρῳ
211 980 317 1016 μέμψιν
345 982 478 1017 ἐπάγειν·
504 985 546 1012 ὅτι
566 986 612 1013 καὶ
634 986 719 1022 ἄμφω
738 976 781 1020 sic
801 988 882 1020 δόξαν

93 1023 198 1069 Κυρίου
217 1026 340 1053 ποιοῦσιν
362 1028 431 1064 ὅπερ
449 1030 582 1058 ποιοῦσιν.
600 1032 707 1066 Οὐδείς
721 1034 778 1068 τὰρ
797 1033 883 1069 ήμῶν

89 1068 187 1103 ἑαυῖῷ
203 1070 247 1105 ζῇ,
262 1072 420 1108 καίοὺδεὶς
433 1075 530 1109 ἐαυτῷ
545 1077 744 1113 ἀποθνήσκει.
763 1068 836 1108 ‘Edr
850 1089 883 1108 τε

89 1115 147 1149 γὰρ
161 1115 264 1151 ζῶμεν,
283 1118 323 1151 τῷ
336 1121 433 1154 Κυρίῳ
448 1122 551 1156 ζῶμεν,
567 1123 622 1152 ἐάν
635 1133 668 1152 τε
684 1125 883 1160 ἀποθνήσκω-

87 1169 156 1206 μεν,
174 1161 215 1195 τῷ
240 1164 339 1198 Κυρίῳ
354 1166 600 1204 ἀποθνήσκομεν.
624 1169 696 1198 Ἐάν
728 1179 760 1198 τε
776 1171 880 1206 ζῶμεν.

88 1205 146 1233 ἐάν
163 1215 196 1234 τε
207 1208 457 1247 ἀποθνήσκωμεν,
495 1215 550 1242 τοῦ
568 1216 679 1250 Κυρίου
702 1205 817 1252 ἐσμέν(
828 1219 882 1252 Εὶς

88 1252 178 1279 τοῦτο
191 1254 247 1289 γὰρ
261 1256 389 1291 Χριστὸς
409 1258 550 1294 ἀπέθανε,
563 1262 613 1290 καί
628 1263 742 1298 ἀνέστη
757 1264 806 1291 καί
818 1264 883 1299 ἐζη-

88 1305 157 1332 aer,
169 1298 220 1327 ἵνα
229 1299 344 1331 ζὶἆγντων
356 1304 405 1332 καὶ
421 1305 537 1340 νεκρῶν
548 1310 705 1345 κυριεύσῃ.

934 297 1000 324 tiam
1022 297 1096 324 vitae.
1118 296 1151 324 Et
1170 296 1217 331 qui
1230 295 1338 331 jejunat
1351 296 1453 330 gratias
1471 296 1536 330 agit,
1558 295 1631 330 quod
1651 296 1724 324 dedit

934 342 1094 370 hominibus
1115 343 1200 370 robur
1217 346 1244 369 et
1268 342 1368 374 media,
1390 342 1490 377 quibus
1513 341 1614 376 aliquis
1635 342 1722 376 possit

933 389 1024 416 carnis
1041 388 1183 424 passiones
1194 395 1335 422 superare.
1352 387 1405 421 Qui
1421 391 1510 415 autem
1530 386 1638 414 aliunde
1649 386 1724 422 jeju-

935 439 1044 463 nataut
1060 435 1108 470 qui
1130 436 1277 463 manducat
1291 435 1500 467 condemnatus,
1520 434 1592 462 sicut
1612 433 1723 469 quidam

933 480 1054 508 haeretici
1069 480 1174 514 dicunt,
1190 481 1249 508 haec
1261 481 1343 516 igitur
1358 481 1392 508 de
1400 480 1589 514 jejunantibus
1604 484 1631 507 et
1642 486 1723 506 man-

933 526 1097 554 ducantibus
1115 527 1228 562 proprie
1248 535 1303 555 non
1326 526 1499 561 intelligenda
1525 529 1601 557 sunt.
1624 524 1672 552 sed
1690 524 1724 551 de

933 572 1098 607 quibusdam
1118 572 1199 607 aliis;
1220 580 1276 600 non
1301 572 1374 600 enim
1399 572 1425 600 in
1443 579 1539 599 omnes
1554 570 1646 605 regula
1671 570 1724 598 ista

933 618 1101 647 extenditur.
1121 618 1184 647 Ideo
1197 618 1267 646 nihil
1283 618 1311 646 in
1324 625 1356 646 eo
1369 617 1442 653 quod
1453 617 1534 653 paulo
1546 622 1610 645 ante
1621 616 1724 645 dictum

933 669 975 693 est
1000 665 1090 700 capite
1116 665 1253 697 convenit,
1287 665 1426 700 quomodo
1453 664 1480 692 in
1507 664 1553 691 illo
1585 663 1660 698 quod
1690 663 1725 690 de

933 713 1005 741 escis
1025 714 1191 741 declaratur.
1214 712 1321 741 Etenim
1344 712 1389 740 ille
1420 712 1473 748 qui;
1491 719 1546 739 non
1565 710 1724 742 manducat,

933 766 987 787 non
1001 759 1029 786 in
1042 759 1157 794 gloriam
1175 759 1222 786 Dei
1237 766 1291 786 non
1307 758 1467 790 manducat,
1483 757 1530 785 sed
1549 761 1677 790 tanquam
1695 755 1724 782 in

934 805 987 834 [ide
1004 805 1119 839 debilis;
1133 805 1211 833 illum
1225 809 1318 833 autem
1331 812 1387 832 non
1400 807 1507 839 oportet
1517 802 1641 838 judicare
1659 807 1725 836 pro-

932 855 998 886 ptcr
1012 855 1139 886 tempus;
1157 850 1232 887 quod
1251 850 1415 886 principium
1424 849 1555 878 doctrinae
1577 851 1647 875 erat.
1672 846 1724 880 Qui

934 902 1025 925 autem
1040 897 1190 925 manducat
1206 896 1322 932 singulis
1333 896 1430 924 diebus
1442 900 1469 923 et
1483 895 1531 930 qui
1545 894 1649 929 ieiunat
1665 893 1725 920 sin-

934 943 1007 980 gulis
1022 943 1130 976 diebus.
1149 951 1205 971 non
1227 947 1334 978 oportet
1349 942 1463 970 omnino
1484 945 1612 969 neutrum
1634 940 1725 967 neutri

933 990 1135 1018 incusationem
1148 989 1270 1025 injicere,
1285 989 1350 1024 quia
1368 993 1484 1023 uterque
1495 988 1524 1015 in
1539 987 1654 1023 gloriam
1669 986 1725 1013 Do-

934 1035 1002 1062 mini
1022 1034 1128 1062 faciunt
1137 1034 1211 1070 quod
1228 1034 1344 1062 faciunt.
1357 1033 1443 1061 Nemo
1457 1033 1528 1060 enim
1542 1036 1663 1058 nostrum
1673 1029 1726 1057 sibi

934 1081 1007 1114 vivit,
1022 1085 1047 1108 et
1066 1089 1142 1109 nemo
1160 1081 1212 1108 sibi
1226 1081 1350 1108 morilur.
1370 1079 1430 1108 Sive
1449 1079 1519 1106 enim
1534 1078 1657 1110 vivimus,
1670 1076 1726 1103 Do-

935 1128 1008 1155 mino
1023 1128 1147 1160 uiuimus;
1160 1128 1214 1155 sive
1228 1128 1368 1160 morimur,
1385 1126 1499 1154 Domino
1515 1125 1660 1156 morimur;
1673 1124 1727 1151 sive

935 1174 1057 1207 vivimus,
1073 1174 1127 1201 siue
1139 1174 1280 1205 morimur.
1298 1172 1406 1200 Domini
1420 1179 1522 1199 sumus.
1541 1170 1575 1198 1η
1594 1170 1642 1197 hoc
1655 1170 1725 1197 enim

936 1220 1062 1249 Christus
1081 1224 1202 1248 mortuus
1217 1224 1256 1247 est
1273 1224 1298 1247 et
1313 1219 1458 1246 resurrexit
1474 1222 1500 1245 et
1517 1217 1595 1250 uixit,
1612 1221 1640 1244 ut
1655 1216 1727 1243 viro-

936 1275 995 1294 rum
1007 1271 1032 1295 et
1049 1272 1219 1294 mortuorum
1233 1265 1396 1293 dominetur.

578 1365 614 1394 11.
631 1366 665 1394 IN
683 1367 876 1397 EPISTOLAM
894 1367 917 1394 ll
934 1366 981 1395 AD
999 1365 1221 1395 CORINTHIOS.

725 1416 859 1452 (Causa,
880 1420 902 1445 ι.
920 1416 968 1449 Ἣ,
987 1422 1016 1450 p.
1036 1415 1113 1451 397.)

93 1452 132 1481 Ἦ
147 1453 204 1490 γὰρ
214 1455 292 1484 κατὰ
304 1457 380 1486 Θεὸν
393 1460 478 1496 λύπη
491 1461 656 1499 μετάνοιαν
669 1463 712 1496 είς
731 1465 884 1499 σωτηρίαν

378 1496 593 1532 κατερτύζεται.

123 1534 224 1563 Λοιπὸν
237 1539 302 1573 περὶ
318 1540 368 1575 τῆς
381 1540 470 1577 λύπης
483 1542 534 1575 τῆς
558 1543 628 1570 κατὰ
643 1543 710 1571 Θεὸν
726 1545 878 1580 φιλοσοφεῖ,

87 1580 202 1616 διαιρῶν
214 1583 299 1619 αὐτὴν
315 1585 366 1620 τῆς
379 1586 426 1613 τοῦ
447 1587 550 1622 κόσμου
565 1588 665 1625 λύπης,
677 1590 723 1616 καί.
742 1599 835 1625 φησιν,
845 1591 882 1618 Ἡ

86 1625 144 1660 γὰρ
159 1626 235 1654 κατὰ
248 1629 323 1655 Θεὸν
332 1630 415 1664 ,λύπη
427 1631 654 1667 ἀμεταμέλητον
663 1634 878 1669 κατεργάζεται,

86 1672 129 1705 ὡς
142 1673 161 1707 ἧ
172 1674 269 1708 τστοῦ
287 1676 405 1711 κόσμου
427 1678 568 1712 θάνατον,
587 1680 652 1706 ὅταν
675 1680 720 1708 διὰ
736 1681 878 1717 χρήματα,

87 1718 154 1746 ὅταν
180 1719 224 1747 διὰ
248 1721 326 1755 δόξαν
352 1722 471 1758 λυπῆταί
495 1733 549 1757 τις.
571 1725 681 1762 Ἐπειδὴ
698 1726 751 1762 γὰρ
768 1727 799 1753 τὺ
827 1727 880 1762 τῆς

937 1463 1014 1491 CAP.
1032 1461 1092 1491 Ἧι.
1106 1461 1189 1491 Vens.
1224 1462 1267 1491 l0.
1285 1462 1351 1494 Qum
1370 1462 1441 1488 enim
1469 1462 1614 1489 secundum
1642 1460 1725 1488 Deum

990 1499 1109 1526 tristitiae
1118 1503 1166 1530 est,
1181 1498 1362 1533 paenitentiam
1374 1496 1402 1523 in
1412 1496 1526 1524 salutem
1537 1501 1671 1531 operatur.

970 1543 999 1571 In
1016 1545 1121 1579 reliquo
1141 1544 1174 1571 de
1195 1543 1305 1571 tristitia
1327 1543 1478 1571 secundum
1499 1542 1586 1571 Deum
1604 1542 1727 1579 philoso-

932 1590 1044 1625 phatur,
1061 1590 1222 1618 discernens
1233 1597 1292 1617 eam
1317 1597 1332 1616 a
1351 1589 1460 1617 tristitia
1472 1590 1578 1623 saeculi,
1602 1595 1630 1618 et
1648 1591 1725 1623 dicit.

933 1636 999 1669 Quae
1019 1637 1089 1663 enim
1102 1638 1246 1664 secundum
1262 1635 1345 1663 Deum
1361 1635 1473 1662 tristitia
1493 1641 1532 1663 εει
1545 1637 1726 1672 paenitentiam

934 1687 1070 1717 operatur,
1099 1683 1193 1710 seculi
1216 1687 1305 1709 autent
1330 1682 1442 1710 tristitia
1463 1688 1592 1717 mortem,
1615 1685 1724 1719 quando

932 1733 1043 1763 propter
1063 1728 1134 1757 bona
1157 1733 1205 1756 aut
1228 1733 1339 1764 propter
1361 1729 1495 1757 h0norem
1524 1729 1600 1765 luget
1620 1729 1725 1765 aliquis

87 1765 178 1801 λύπης
192 1767 338 1803 φάρμακον
346 1770 386 1802 si;
399 1770 430 1797 τὺ
444 1770 493 1802 τὰς
500 1771 637 1807 ἁμαρτίας
650 1772 795 1799 λυπεῖσθαι
812 1782 878 1800 xar-

963 1781 1000 1800 im
1017 1774 1089 1801 enim
1106 1774 1224 1802 tristitiae
1242 1775 1392 1802 remedium
1408 1775 1436 1802 in
1449 1774 1561 1802 tristitia
1576 1775 1610 1802 de
1624 1782 1724 1810 pecca-

87 1813 252 1841 εσκεύασται
280 1815 370 1850 μόνον,
399 1818 428 1843 ὲν
452 1817 540 1853 τούτῳ
555 1818 636 1853 μόνον
657 1820 705 1845 καὶ
721 1819 832 1854 ὠφελεῖ,
850 1820 879 1847 ὲν

87 1857 117 1884 δὲ
132 1859 189 1890 τοῖς
206 1858 309 1893 λοιποῖς
325 1862 373 1889 καὶ
396 1862 511 1897 βλάπτει
521 1871 529 1879 ”
547 1863 623 1898 παρὰ
639 1865 720 1899 φύσιν
737 1865 792 1900 γὰρ
807 1866 877 1901 αὐτῇ

87 1902 231 1938 χρώμεθα.
248 1905 318 1933 Οῦτε
344 1907 399 1943 γὰρ
412 1909 427 1934 ό
444 1907 577 1944 λυπηθεὶς
608 1910 680 1936 κατὰ
698 1910 764 1937 Θεὸν
793 1919 878 1946 μετα-

88 1949 221 1986 μεληθείη
234 1952 299 1979 ποτὲ
309 1952 326 1988 ἢ
337 1954 462 1988 κατέγνω
474 1955 582 1984 ἑαυτοῦ.
598 1956 631 1983 Τί
644 1957 744 1991 δήποτε
759 1956 879 1992 λελύπη-

86 2004 150 2030 tot;
168 1997 237 2033 ὅπερ
263 1999 310 2026 ἐπὶ
326 2000 375 2036 τῆς
399 2001 447 2028 τοῦ
474 2002 580 2038 κόσμου
605 2002 694 2039 λύπης
719 2003 880 2039 συμϐαίνειν

88 2043 196 2072 εἴωθεν.

932 1819 968 1846 tis
981 1819 1105 1847 habenda
1122 1819 1295 1847 solummodo
1308 1825 1493 1854 comparatur,
1509 1820 1537 1847 in
1555 1820 1607 1847 hoc
1620 1824 1724 1847 tantum

933 1865 1055 1900 prodest,
1073 1866 1101 1893 in
1116 1865 1232 1901 reliquis
1243 1871 1334 1894 autem
1353 1866 1395 1895 vel
1411 1871 1500 1899 nocet,
1516 1866 1575 1894 haec
1587 1867 1662 1895 enim
1679 1875 1725 1895 se-

933 1911 1055 1938 cundum
1067 1916 1194 1939 naturam
1206 1913 1317 1940 tristitia
1333 1917 1385 1941 est.
1407 1913 1467 1941 Non
1483 1914 1558 1941 enim
1578 1914 1625 1949 qui
1638 1914 1724 1942 tristi—

934 1957 999 1984 tiam
1014 1957 1054 1984 sic
1067 1957 1150 1984 habet
1164 1958 1315 1985 secundum
1325 1958 1410 1986 Deum
1424 1959 1615 1994 paenitentiam
1626 1959 1724 1986 admit-

934 2007 1002 2030 teret
1017 2007 1065 2030 aut
1086 2010 1116 2031 se
1130 2003 1343 2037 condemnaret,
1359 2011 1410 2032 cur
1426 2012 1492 2040 ergo
1514 2004 1655 2032 tristitiam
1673 2004 1723 2032 ha-

932 2049 1012 2078 buit?
1027 2049 1106 2083 Quod
1131 2050 1160 2077 iu
1177 2050 1270 2078 saeculi
1283 2050 1394 2078 tristitia
1407 2051 1513 2078 versari
1529 2054 1657 2079 assuetus
1669 2055 1722 2082 est,

616 2107 660 2134 III.
680 2107 716 2134 IN
735 2105 930 2135 EPISTULAM
949 2105 995 2132 AD
1015 2103 1199 2133 HEBREOS.

725 2154 857 2191 (Cusum.
876 2159 894 2181 ι.
915 2151 969 2185 VII,
983 2153 1088 2188 p.405.)

215 2207 290 2243 Ἐγὼ
307 2209 415 2244 ἔσομαι
433 2211 583 2244 πεποιθὼς
602 2211 649 2238 ἐπ’
669 2211 759 2245 αὐτῷ.

123 2287 246 2315 Φωτίου.
256 2287 293 2314 Τὸ
303 2288 343 2320 δὲ,
357 2288 432 2324 Ἐγὼ
445 2288 554 2324 ἔσομαι
569 2291 719 2325 πεποιθὼς
728 2291 777 2318 ἐπ’
787 2291 878 2325 αὐτῷ,

85 2331 114 2358 τί
131 2331 274 2367 βούλεται;
294 2334 312 2369 ἢ
328 2334 398 2369 τάχα
425 2335 519 2371 ἐπειδὴ
536 2336 592 2364 ἄνω
607 2334 685 2364 εἶπεν
700 2338 784 2364 αὐτὸν
798 2338 877 2365 ἁδελ-

85 2377 138 2412 φὸν
148 2378 196 2405 καὶ
207 2379 282 2405 κάτω
294 2379 410 2416 πατέρα,
430 2381 460 2407 ὲν
481 2381 556 2416 μέσῳ
572 2382 719 2418 ἐσήμανεν,
735 2383 775 2410 ὅτι
791 2384 879 2411 ταῦτα

87 2422 141 2457 μὲν
154 2423 360 2460 φιλανθρωπίας
384 2426 507 2462 ὀνόματα
522 2428 571 2454 καὶ
585 2428 698 2464 χάριτος
716 2430 767 2465 τῆς
779 2430 874 2457 αὐτοῦ.

85 2469 124 2496 Τὸ
137 2469 166 2496 δὲ
177 2489 185 2501 ,
202 2470 282 2504 φύσει
305 2471 353 2499 καὶ
365 2471 475 2507 ἀληθῶς
486 2473 552 2504 Θεὸς
565 2473 642 2509 ἔστη,
660 2474 737 2510 φησί.
761 2475 808 2507 Τίς
821 2476 875 2509 γὰρ

86 2515 217 2542 πέποιθεν
228 2516 275 2543 ἐπὶ
285 2516 371 2553 ἑτέρῳ
385 2517 438 2544 τινὶ
448 2518 473 2545 εὶ
488 2518 525 2554 μὴ
541 2519 589 2546 ἐπὶ
609 2519 683 2555 μόνῳ
700 2520 777 2556 Θεῷ;
805 2521 880 2548 Ὢσεὶ

87 2560 184 2595 ελεγε’
199 2561 247 2598 Μὴ
277 2562 423 2596 ἀκούοντες
439 2563 520 2591 αὐτὸν
543 2564 659 2600 ἀδελφὺν
683 2566 732 2594 καὶ
761 2567 879 2604 πατέρα,

89 2605 219 2642 νομίσητε
244 2607 292 2634 ἕνα
305 2605 376 2636 εῖναι
399 2609 455 2636 τῶν
480 2609 597 2645 πολλῶν,
613 2610 678 2643 Θεός
697 2611 771 2639 ἐστιν
785 2612 828 2647 ἐφ’
850 2613 881 2640 ὃν

86 2649 243 2686 γέγραπται
254 2652 414 2680 πεποιθέναι
426 2651 524 2689 χρεών.

953 2210 1030 2238 CAP.
1042 2210 1075 2239 11.
1096 2210 1178 2239 Vitas.
1193 2211 1238 2239 15.
1256 2211 1292 2238 Et
1305 2213 1401 2239 iterum
1416 2220 1425 2239 :
1443 2211 1499 2248 Ego
1513 2220 1558 2239 ero
1573 2212 1657 2247 ﬁdem
1676 2212 1706 2239 in

1278 2255 1373 2276 eum...

968 2291 1069 2320 Photii.
1081 2291 1148 2321 Illud
1158 2293 1320 2329 autem,Ego
1328 2301 1371 2321 ero
1380 2293 1463 2327 [idem
1471 2294 1498 2321 in
1504 2301 1572 2326 eum,
1579 2293 1644 2328 quid
1654 2293 1724 2320 vult?

934 2342 1010 2366 certe
1024 2346 1086 2366 cum
1109 2339 1238 2374 superius
1256 2339 1324 2366 dixit
1343 2340 1421 2366 illum
1442 2339 1555 2367 fratrem
1569 2345 1596 2367 ct
1609 2339 1723 2367 inferius

933 2388 1051 2418 patrem,
1069 2385 1096 2411 in
1113 2384 1205 2412 medio
1221 2384 1395 2418 signiﬁcavit,
1410 2385 1482 2420 quod
1500 2385 1546 2411 illa
1561 2389 1624 2412 sunt
1639 2385 1723 2412 bene-

932 2429 1059 2457 volentia
1070 2430 1182 2458 nomina
1197 2435 1224 2458 et
1236 2430 1331 2466 gratiae
1346 2430 1430 2458 illitis.
1450 2425 1518 2458 illud
1532 2437 1607 2468 vero,
1625 2435 1723 2458 natura

931 2476 958 2500 et
970 2481 1032 2502 vere
1048 2473 1121 2502 Deus
1137 2474 1223 2507 stetit,
1238 2474 1338 2509 inquit.
1357 2474 1425 2502 Nam
1442 2474 1505 2509 quis
1520 2475 1578 2501 fidit
1594 2474 1620 2501 in
1638 2474 1723 2502 alium

930 2520 1060 2555 aliquem,
1077 2521 1130 2548 nisi
1147 2520 1174 2548 iu
1186 2520 1277 2549 solum
1290 2521 1399 2548 Deum?
1414 2520 1491 2548 Sicut
1509 2520 1586 2553 dixit,
1603 2528 1657 2548 non
1671 2528 1721 2547 au-

929 2566 1036 2594 dientes
1053 2566 1129 2594 illum
1150 2565 1264 2594 fratrem
1280 2571 1307 2594 et
1322 2571 1438 2601 patrem,
1454 2570 1546 2602 putate
1560 2573 1644 2594 unum
1661 2573 1724 2593 esse

931 2619 947 2639 e
961 2612 1073 2647 multis;
1090 2612 1161 2642 Deus
1174 2617 1218 2641 est
1234 2613 1261 2640 in
1281 2620 1362 2649 quem
1376 2612 1508 2648 scriptum
1526 2617 1568 2641 est
1583 2611 1722 2641 ﬁdendum

931 2666 1002 2688 €556.
