1886 3071
131 218 200 251 1279

767 198 1108 234 SUPPPLEMENTUM

1699 191 1770 224 1280

129 278 171 304 nit
191 272 341 302 adhostilia
376 275 452 297 arma
474 265 606 295 sumenda
625 273 634 297 ;
653 263 713 290 haec
738 268 803 289 vero
835 259 924 287 interi-

1009 264 1051 304 sits
1075 253 1125 281 καὶ
1154 252 1337 284 κατεσθίετε,
1353 251 1408 278 κᾶν
1427 249 1503 284 γοῦν,
1532 248 1558 275 εἱ
1587 247 1625 284 μή
1654 255 1682 274 τι
1705 247 1772 277 ἄλλα,

129 327 188 350 tum
222 323 345 347 vestrum
373 317 539 351 praeparant.
572 311 624 339 Hic
658 316 741 345 porro
772 309 926 342 opportune

129 367 290 396 eharitatem
315 363 455 393 insinuat,
488 356 710 387 circumcisionis
749 352 926 380 abolitionem

129 414 205 450 prius
219 411 350 440 suadens,
369 413 396 436 et
417 407 483 434 illud
500 405 551 433 sibi
568 408 737 439 proponens,
752 399 862 426 scilicet
888 401 927 428 ιιι,

129 457 227 485 divisis
247 456 319 483 inter
336 462 376 485 se,
390 457 417 480 et
441 448 618 478 laudantibus
634 444 885 474 eireumeisionem,
902 445 930 468 et

129 505 157 532 in
185 503 301 539 gratiam
338 499 405 535 legis
429 497 506 525 Pauli
528 495 610 522 verba
639 490 848 520 adhibentibus,
877 495 932 514 non

131 559 192 580 sese
204 548 340 581 dissidiis,
356 534 520 573 tumultibus
535 547 562 570 et
581 539 679 575 pugnis
702 537 813 567 dedant,
835 534 935 570 quibus

131 597 241 626 facilius
254 579 372 623 inter-se
385 592 540 622 destruant;
552 588 578 615 id
592 584 666 622 quod
679 591 751 618 saepe
764 583 864 609 visum.
874 579 936 606 Haec

130 650 238 672 veroex
250 638 459 673 manuscriptis,
470 636 542 664 sicut
557 632 644 669 potui,
663 627 825 662 transcripsi
839 635 847 659 ;
858 625 936 653 libris

131 691 217 723 enim,
253 692 284 716 ut
309 687 362 715 scit
386 689 432 712 tua
467 679 646 710 sacerdotalis
687 675 832 705 celsitudo,
867 679 929 699 eum

131 738 206 771 aliis,
219 744 253 764 ex
267 733 368 770 quibus
383 729 514 767 possibile
533 727 632 755 fuisset
657 724 760 755 vivere,
787 718 931 755 captivitas

132 792 176 812 me
188 781 327 819 spoliavit.

980 301 1059 328 τοῦτο
1084 301 1286 335 κατανοήσατε,
1305 299 1344 330 ὡς
1355 299 1395 329 εἰς
1413 297 1517 332 φθορὰν
1534 295 1613 330 ὑμῶν
1638 295 1686 321 καὶ
1708 294 1771 328 ἀφα-

980 347 1107 383 νισμὸνὴ
1122 346 1235 381 τοιαύτη
1265 345 1366 381 πρᾶξις
1391 342 1568 377 καταντήσει.
1596 339 1776 372 Φυλάξασοε

981 392 1039 422 οὖν
1056 393 1099 434 ,ιιῂ
1126 392 1284 419 διαπεσεῖν
1295 390 1350 425 τῆς
1365 389 1496 425 ἀγάπης.
1517 387 1555 414 Τὸ
1571 387 1625 422 γὰρ
1641 386 1777 413 διαπεσεῖν

984 432 1092 475 ἐκείνης
1111 439 1150 470 εἰς
1179 438 1269 473 μάχας
1297 438 1371 471 ὑμᾶς
1397 435 1446 462 ’καὶ⁴
1473 435 1548 470 ἕρεις
1573 433 1714 468 διεγείρει,
1732 432 1778 457 καὶ

984 486 1044 513 κατ’
1061 485 1183 520 ἀλλήλων
1199 484 1359 516 ὁπλίζεσθαι
1374 481 1599 518 παρασκευάζει·
1615 479 1651 505 τὰ
1668 479 1708 510 δὲ,
1725 478 1773 512 τὴν

985 533 1089 567 φθορὰν
1103 531 1182 566 ὑμῶν
1198 531 1246 557 καὶ
1262 529 1403 557 ἀπώλειαν
1431 525 1702 561 συγκατασκευάζει.
1719 523 1776 549 Ἐν-

984 577 1074 604 ταῦθα
1086 577 1114 603 δὲ
1129 576 1178 611 τὴν
1202 575 1315 610 ἀγάπην
1328 574 1464 608 εὐκαίρως
1477 570 1660 607 παρενέϐαλε,
1678 568 1724 595 καί
1739 577 1778 595 τοι

986 625 1035 660 τῆς
1051 623 1203 660 περιτομῆς
1229 622 1360 656 ἀθέτησιν
1385 619 1602 655 προηγουμένως
1619 615 1780 652 εἰσηγούμε-

984 680 1040 703 νος,
1061 671 1110 697 καὶ
1137 669 1241 704 ταύτης
1270 668 1346 703 αὑτῷ
1362 668 1412 702 τῆς
1431 665 1549 700 σπουδῆς
1576 663 1779 700 προκειμένης·

985 717 1030 743 ἵνα
1046 717 1095 752 μὴ,
1110 716 1304 751 διαιρεθέντων
1327 714 1395 750 πρὸς
1417 712 1550 747 ἀλλήλους
1564 710 1619 737 τῶν
1633 718 1661 736 τε
1674 709 1724 744 τὴν
1737 717 1782 735 πε-

987 763 1100 799 ριτομὴν
1116 771 1144 789 σε
1150 763 1310 798 μνολόγημα
1327 760 1509 795 ποιουμένων,
1525 759 1573 785 καὶ
1590 757 1645 784 τῶν
1656 756 1726 791 πρὸς
1734 756 1782 790 τὴν

132 805 176 812 ...ν
188 805 327 819 ,μη-πμ

132 829 295 866 νομοθεσίαν
325 825 381 853 τῶν
408 822 516 851 Παύλου
554 817 687 854 ῥημάτων
709 813 883 850 ἀνηγμὲνων,
920 811 1032 837 στάσεσι
1060 809 1255 845 καὶιθορύϐοις
1283 809 1331 836 καὶ
1357 807 1459 844 μάχαις
1487 805 1602 836 ἑαυτοὺς
1636 805 1784 838 ποιήσωσιν

631 865 635 866 ,
805 860 813 866 ς
846 859 874 866 ι..-
947 858 979 866 ι.-
1022 857 1028 866 1
1083 857 1088 866 ι
1123 857 1130 866 ο
1159 865 1162 866 ,
1216 855 1260 866 ,,,\
1297 854 1492 866 ,,_.n,_.n.._.._..
1519 853 1645 866 -.....ιο...
1693 850 1783 866 φης...

137 853 290 866 ,φη-ηρ
555 853 560 854 ν
583 853 599 854 η

133 877 270 909 ἐκδότους,
286 874 318 901 δι’
333 872 371 900 ὧν
388 871 437 898 καὶ
450 870 480 896 τὺ
499 867 544 895 ὑπ’
561 865 684 900 ἀλλήλων
699 859 925 893 καταναλωθῆναι
946 857 1045 884 θᾶττόν
1060 857 1090 884 τε
1122 857 1181 883 ἐστι
1215 855 1263 883 καὶ
1295 854 1492 890 καθορώμενον
1518 853 1655 888 συνήθως.

1229 903 1237 909 ι
1330 903 1336 909 ι
1360 903 1367 909 ι
1419 901 1425 909 1
1472 901 1478 909 η
1635 899 1645 909 L

476 915 514 946 ὡς
547 911 731 948 ἠδυνήθημεν,
753 905 977 944 μετεγράψαμεν,
992 905 1068 931 τὰδὲ
1085 903 1187 939 βιϐλία,
1222 903 1260 934 ὡς
1294 903 1372 937 καὶὴ
1400 901 1433 936 σὴ
1466 899 1649 937 ἀρχιερατικὴ
1685 897 1785 925 τελειζ-

136 924 185 961 μὲν
205 922 259 950 ἀπὸ
285 917 446 955 σχεδαρῐων,

1693 850 1785 876 Ταῦτα

133 948 184 1007 ζης
196 948 402 998 συνεπίσταται,
417 948 486 999 μετὰ
498 962 552 988 τῶν
567 959 665 991 ἄλλων,
680 957 709 990 ἐξ
723 955 760 982 ὢν
771 953 804 990 ἦν
815 952 928 979 δυνατὴν
947 951 1008 986 ζῇν,
1028 952 1045 986 ἡ
1061 949 1237 986 αἰχμαλωσια
1248 949 1369 984 λάφυρον
1384 948 1471 974 ἔθετο.

134 1025 301 1063 ρυιιῐδτιο
320 1021 450 1052 CLXXV.
468 1018 562 1057 [CoiaL
578 1015 685 1045 CCXVI
703 1014 788 1042 Taur.
809 1009 928 1045 CCVll.]
950 999 974 1029 Β

172 1086 228 1115 Cur
243 1083 333 1112 Filius
351 1088 414 1108 caro
429 1079 516 1114 factus
534 1080 585 1107 est,
601 1082 650 1130 pec
678 1072 735 1100 alia
751 1069 894 1098 Trinitatis

472 1121 587 1148 persona
599 1122 605 1138 .‘

172 1169 198 1196 Ι.
214 1167 271 1196 Cur
286 1170 380 1201 quaeso
393 1160 483 1189 Filius
494 1165 521 1187 et
534 1166 588 1186 non
602 1157 654 1184 alia
671 1157 774 1184 sancta:
783 1149 930 1179 Trinitatis

137 1222 268 1252 persona,
286 1215 409 1240 nostram
442 1205 585 1242 accipiens
598 1206 724 1231 naturam
752 1206 819 1227 caro
842 1197 932 1224 factus

137 1243 270 1291 ἔξειῖϐιιι·
286 1257 390 1294 igitur?
407 1255 442 1282 Ut
454 1259 511 1281 tum
523 1252 611 1279 Filius
630 1249 658 1276 in
670 1248 744 1278 altis,
764 1251 822 1272 tum
844 1243 931 1270 Filius

137 1310 164 1336 iu
183 1308 246 1335 imis
260 1303 405 1335 manserit,
418 1302 578 1328 incarnatus
590 1305 622 1324 ex
646 1294 795 1330 purissimo
818 1294 845 1318 et
867 1290 924 1316 vir-

137 1355 218 1391 gineo
229 1350 363 1386 sanguine
387 1334 459 1375 etut
483 1340 665 1372 immutabilis
698 1342 796 1365 natura
825 1334 931 1362 nttllatn

139 1381 153 1391 υ
282 1381 296 1386 υ

139 1397 357 1428 vicissitudinem
372 1415 380 1427 ,
393 1397 465 1421 statu
480 1393 615 1420 mutante,
627 1386 736 1414 subisse
753 1381 931 1410 mutationem

141 1448 314 1482 argueretur.
333 1441 392 1470 Una
411 1440 481 1467 ratio
495 1438 564 1464 haec.

174 1480 203 1520 ᾖ.
217 1491 309 1518 Altera
337 1491 444 1515 autem:
469 1483 614 1519 oportebat
648 1480 820 1508 Creatorem,
843 1480 932 1508 neque

140 1539 225 1567 alium
247 1530 627 1570 scdipsum,comminutum
653 1525 792 1561 opificium
821 1526 931 1549 restau-

140 1592 215 1613 rare.
235 1582 393 1612 Enimvero,
411 1578 432 1606 si
448 1577 518 1604 alius
535 1573 668 1603 condidit.
690 1575 773 1605 atque
795 1567 867 1594 alius
889 1573 934 1592 re-

142 1632 262 1661 staurat,
279 1626 351 1663 quod
367 1624 495 1652 conditor
507 1620 604 1649 habuit
626 1626 676 1646 nec
688 1617 744 1651 jam
774 1613 868 1644 habet,
888 1609 935 1638 sed

142 1675 216 1711 quod
235 1673 375 1702 condonat
390 1672 573 1698 restaurator.
591 1664 662 1700 quod
682 1670 736 1690 non
755 1660 856 1687 habere
869 1665 935 1684 eon-

142 1723 260 1751 ditorem
287 1718 440 1746 necessitas
469 1714 586 1752 alterius
600 1712 787 1739 demonstrat.
811 1707 846 1732 At
863 1704 931 1731 nihil

145 1768 198 1795 tale
213 1767 240 1794 in
256 1764 352 1792 divine
366 1763 520 1796 imperante
536 1750 564 1785 et
577 1757 765 1790 omnipotente
778 1750 916 1779 Trinitate
931 1757 938 1775 :

147 1816 229 1841 creat
244 1811 343 1841 Filius.
358 1808 437 1835 adest
452 1809 480 1833 et
503 1804 585 1831 Pater
608 1806 636 1830 et
658 1800 799 1834 Spiritus;
826 1802 937 1822 rursum

147 1861 286 1888 instaurat
299 1855 397 1887 Filius,
413 1853 486 1880 favet
510 1856 537 1879 et
562 1847 711 1885 participat
742 1840 939 1872 instaurationi

145 1905 262 1934 etPaler
272 1907 299 1931 et
312 1902 448 1937 Spiritus.
464 1899 525 1926 Una
547 1896 631 1924 trium
650 1894 788 1924 voluntas,
813 1892 937 1926 potestas

146 1960 213 1984 una,
226 1958 276 1978 nec
288 1950 375 1977 altera
386 1948 488 1978 virtus,
505 1950 620 1980 regnum
637 1948 735 1969 unum.

182 2000 210 2027 5.
237 1998 357 2025 Rursum
383 1994 448 2030 quia
479 1989 646 2019 conveniens
673 1990 734 2015 erat
763 1987 792 2011 ut
812 1982 943 2013 Verbum,

148 2046 236 2074 Filius
253 2044 356 2077 Patris,
371 2042 399 2069 in
423 2046 546 2068 errarent
574 2037 666 2071 lapsos
691 2035 834 2061 revocaret
876 2029 945 2063 (ra-

149 2092 225 2119 tione
251 2090 324 2117 enim
358 2086 542 2114 concinnatur
566 2087 654 2111 error,
679 2081 706 2105 et
743 2077 775 2104 ad
807 2075 943 2102 rationem

147 2137 271 2173 pertinet
292 2133 428 2169 {reductio
454 2134 482 2158 et
498 2128 614 2156 directio
629 2122 837 2161 peccatorum);
853 2119 945 2147 mani-

148 2186 219 2212 feste
248 2181 398 2210 ad‘solam
419 2176 527 2213 generis
552 2173 666 2201 humani
701 2170 818 2198 salutem
855 2165 945 2201 respi-

150 2231 189 2258 cit
206 2227 361 2256 incarnatio
378 2224 455 2252 Filii.
474 2221 556 2257 Atqui
571 2221 629 2248 sive
652 2217 746 2247 Pater,
773 2214 831 2242 sive
855 2219 946 2240 saero-

154 2281 270 2306 sanctus
284 2273 407 2309 Spiritus
430 2268 600 2304 suscepisset
627 2265 776 2292 humanam
804 2264 945 2291 naturam,

151 2332 207 2352 non
221 2321 304 2350 modo
319 2324 494 2354 nequaquam
518 2312 684 2342 redemisset
701 2316 788 2345 genus
808 2311 945 2337 nostrum,

152 2369 202 2398 sed
226 2369 259 2397 ad
282 2352 411 2395 diliicilus
423 2352 600 2399 propositum
618 2366 648 2386 se
661 2356 842 2393 praebuissent
855 2352 948 2379 inten-

152 2421 207 2444 tos.
239 2413 347 2441 Etenim
375 2411 398 2438 si
429 2416 514 2436 carne
538 2406 652 2434 indutus
677 2406 704 2431 et
730 2401 794 2428 vitae
825 2404 948 2434 praesens

153 2462 288 2490 dixisset:
306 2458 363 2494 Ego
376 2465 434 2483 sum
444 2455 491 2482 Dei
505 2454 599 2483 Pater,
625 2454 683 2481 aut,
700 2447 794 2476 carnis
817 2445 951 2473 Crassitu-

154 2508 219 2535 dine
233 2507 393 2540 apparentc,
413 2501 550 2529 dixisset:
568 2498 623 2533 Ego
641 2503 700 2523 sum
724 2493 861 2528 Spiritus:
879 2496 949 2526 quo-

155 2553 238 2582 modo
261 2551 371 2578 Iudaeus
400 2555 455 2576 non
486 2544 628 2573 tenuisset
654 2541 715 2569 solo
741 2537 836 2565 auditu
864 2535 951 2570 ipsius

154 2599 232 2628 vocis
247 2598 370 2632 recipere
387 2593 509 2623 sonum?
524 2591 624 2619 Verum
649 2589 803 2616 enimvero,
835 2583 871 2614 si.
888 2588 952 2609 cum

157 2646 285 2674 Salvator
299 2630 416 2671 dixisset
431 2649 462 2669 se
481 2646 543 2667 esse
562 2636 662 2664 Filium
683 2633 729 2660 Dei
748 2630 832 2667 (quod
862 2633 954 2654 tamen

158 2698 187 2721 et
197 2693 253 2720 illis
266 2698 339 2726 saepe
351 2689 455 2717 dictum
476 2686 560 2721 erat),
578 2684 606 2711 in
620 2680 753 2710 cordibus
766 2677 836 2705 ‘suis
849 2674 956 2703 inﬂam-

159 2740 225 2768 mati
241 2746 273 2767 ex
286 2721 326 2765 ira
342 2736 376 2765 ad
390 2735 494 2764 eaedem
520 2731 592 2769 pulsi
606 2728 811 2757 vociterarunt:
830 2723 867 2750 De
889 2721 955 2748 bona

159 2795 235 2823 opere
246 2793 298 2813 non
310 2784 461 2819 lapidamus
474 2785 508 2813 te,
538 2777 582 2806 sed
597 2776 662 2812 quia
681 2779 710 2800 tu
735 2772 812 2798 homo
830 2777 891 2796 cum
906 2767 955 2798 sis,

160 2816 230 2870 facis
251 2836 276 2859 te
288 2816 376 2866 ipsum
391 2829 477 2856 Deum
492 2825 516 2853 ⁸.
529 2823 602 2858 Quid
613 2827 680 2856 ergo
697 2816 880 2845 absurditatis
898 2819 954 2840 non

161 2878 380 2909 commisissent,
394 2874 460 2910 quid
475 2879 541 2900 vero
556 2877 608 2897 non
618 2867 677 2895 ausi
700 2867 805 2895 essent,
821 2864 959 2896 quamque

197 2948 208 2964 ‘
218 2946 299 2976 Joan.
316 2953 343 2979 ς,
362 2944 407 2972 35.

1249 1006 1419 1034 ΕΡΩΤΗΣΙΣ
1439 1004 1524 1032 PHZ’.

982 1065 1033 1092 Διὰ
1044 1064 1072 1092 τί
1083 1065 1100 1092 ὁ
1114 1064 1181 1097 Υίὸς
1191 1062 1359 1098 ἐσαρκώθη,
1374 1062 1423 1089 καὶ
1435 1062 1492 1094 οὐχ
1504 1059 1590 1095 ἑτέρα
1598 1058 1661 1094 τῆς-
1669 1058 1790 1094 Τριάὂος

1293 1099 1465 1130 ὑπόστασις
1476 1104 1486 1128 ;

1001 1147 1055 1173 εα¹.
1076 1147 1110 1172 Τί
1135 1146 1236 1181 δήποτε
1261 1145 1275 1171 ὁ
1292 1144 1366 1176 Υἱὸς,
1383 1143 1432 1171 καὶ
1448 1143 1499 1177 οὐχ
1526 1142 1608 1178 ἑτέρα
1634 1142 1683 1176 τῆς
1712 1140 1793 1174 ἁγίας

985 1191 1101 1227 Τριὰδος
1117 1190 1282 1222 ὑπόστασις,
1297 1189 1347 1224 τὴν
1371 1188 1512 1223 ἡμετέραν
1539 1185 1684 1213 ἀναλαϐὼν
1710 1187 1792 1220 ἐσαρ‹

985 1239 1060 1273 κώθη
1077 1238 1176 1273 φύσινς
1192 1237 1225 1263 Τί
1240 1237 1360 1271 δήποτες
1388 1235 1432 1261 ἵνα
1447 1235 1461 1261 ὁ
1477 1234 1533 1261 ἄνω
1549 1233 1625 1265 Υἱὺς,
1643 1233 1692 1260 καὶ
1716 1233 1792 1260 κάτω

987 1286 1056 1321 μένῃ
1070 1284 1145 1316 Υἱὸς,
1164 1283 1196 1310 ἐκ
1219 1283 1272 1309 τῶν
1288 1283 1431 1316 ἀχράντων
1455 1281 1503 1307 καὶ
1526 1279 1703 1315 παρθενικῶν
1728 1287 1794 1314 σαρ-

986 1331 1119 1366 κούμενος
1137 1329 1274 1365 αἱμάτων,
1289 1329 1336 1355 καὶ
1359 1329 1375 1363 ἠ
1399 1327 1581 1358 ἀναλλοίωτος
1598 1326 1679 1360 φύσις
1709 1326 1794 1360 μηδε-

988 1378 1052 1414 μίαν
1069 1375 1248 1413 παραλλαγὴν
1261 1375 1315 1401 ἀπὸ
1329 1375 1378 1409 τῆς
1403 1373 1646 1409 πιραλλαττούσης
1665 1371 1790 1406 σχέσεως

985 1426 1002 1461 ἦ
1019 1424 1161 1452 ἀλλοίωσιν
1171 1422 1286 1457 ἐλεγχθῇ
1302 1420 1454 1456 δεξαμένη·
1474 1419 1503 1446 ἓν
1517 1420 1566 1454 μὲν
1583 1416 1630 1445 οὖν
1645 1417 1739 1445 τοῦτο.

1023 1473 1056 1508 β’.
1071 1472 1187 1506 ’Ἕτερον
1203 1470 1242 1501 δὲ,
1257 1463 1302 1495 τὸν
1318 1467 1489 1503 Δημιουργὺν
1507 1466 1562 1493 ἔδει
1574 1486 1581 1498 ,
1597 1464 1746 1500 συντριὸὲν
1768 1463 1798 1490 τὸ

986 1519 1194 1554 δημιούργημα,
1205 1516 1255 1543 οὐκ
1270 1515 1361 1548 ἄλλον,
1375 1514 1433 1541 ἀλλ’
1445 1513 1526 1540 αὑτδν
1538 1511 1696 1540 ἀναπλάσαι
1707 1520 1715 1527 ο
1731 1511 1756 1537 εἰ
1767 1510 1797 1536 δ’

987 1565 1066 1596 ἄλλος
1081 1564 1130 1599 μὲν
1146 1562 1274 1593 ἔπλασεν,
1289 1561 1368 1592 ἄλλος
1381 1560 1402 1586 δ’
1415 1559 1593 1590 ἀναπλάττει,
1605 1557 1618 1584 ὃ
1636 1558 1684 1592 μὲν
1699 1557 1715 1582 ὁ
1725 1555 1796 1583 πλά-

989 1620 1039 1642 σας
1063 1607 1147 1645 εἶχεν,
1163 1609 1215 1635 οὐκ
1227 1607 1294 1643 ἔχει,
1317 1606 1331 1633 ὃ
1355 1606 1384 1632 δὲ
1411 1607 1424 1632 ὀ
1450 1604 1610 1636 ἀναπλάσας
1640 1603 1797 1638 χαρίζεται,

989 1657 1070 1683 τοῦτο
1098 1656 1135 1690 μὴ
1163 1654 1235 1689 ἔχειν
1262 1653 1308 1679 τὸν
1334 1651 1506 1684 πλάσανταὴ
1525 1649 1571 1676 τοῦ
1599 1649 1695 1684 ἑτέρου
1715 1647 1795 1683 χρεία

994 1700 1198 1738 παραδεικνύει.
1208 1699 1276 1726 Ἀλλ’
1289 1699 1366 1725 οὐδὲν
1378 1696 1499 1724 τοιοῦτον
1510 1697 1539 1722 ἐν
1553 1697 1585 1730 τῇ
1602 1695 1738 1729 θεαρχικῇ
1750 1692 1798 1720 καὶ

995 1747 1234 1783 παντοκρατορικῇ
1250 1745 1364 1781 Τριόιδῑ⁸
1384 1743 1548 1778 δημιουργεῖ
1575 1743 1589 1768 ὁ
1618 1741 1682 1772 Υἱὸς
1697 1761 1705 1772 ,
1731 1748 1800 1773 συμα

995 1796 1112 1830 πάρεστι
1135 1793 1208 1820 καὶὸ
1224 1792 1319 1826 Πατὴρ
1341 1790 1389 1817 καὶ
1415 1790 1446 1816 τὸ
1472 1788 1602 1822 Πνεῦμα’
1629 1786 1802 1813 ἀναπλάττει

996 1842 1077 1868 πάλιν
1088 1842 1102 1867 ὁ
1115 1840 1190 1871 Υἱὸς,
1207 1839 1313 1865 εὐδοκεῖ
1327 1837 1375 1863 καὶ
1390 1837 1517 1870 συνεργεῖ
1531 1835 1565 1869 τῇ
1584 1832 1740 1860 ἅναπλάσει
1752 1832 1800 1858 καὶ

995 1888 1009 1913 ὁ
1027 1886 1122 1920 Πατὴρ
1135 1885 1182 1911 καὶ
1195 1884 1225 1910 τδ
1237 1882 1361 1918 Πνεῦμα.
1379 1881 1436 1908 Μία
1451 1880 1505 1907 τῶν
1520 1878 1604 1915 τριῶν
1621 1879 1636 1913 ἡ
1656 1878 1756 1914 βουλὴ,
1771 1876 1802 1903 τὺ

996 1932 1097 1965 κράτος
1112 1929 1153 1962 ἓν,
1168 1929 1218 1964 οὺχ
1233 1928 1314 1964 ἑτέρα
1327 1928 1343 1962 ἡ
1362 1927 1498 1961 ἐνέργεια,
1512 1925 1528 1960 ή
1548 1923 1671 1960 βασιλεία
1689 1923 1753 1958 μία.

1032 1980 1069 2011 γι.
1088 1977 1183 2008 Πάλιν,
1202 1975 1262 2001 ἐπεὶ
1278 1974 1364 2008 Λόγος
1378 1975 1391 2000 ὁ
1406 1973 1470 2003 Υἱὸς
1487 1971 1535 1998 τοῦ
1553 1970 1670 2006 Πατρδς,
1684 1970 1751 2002 τοὺς
1762 1968 1802 2000 είς

997 2021 1110 2057 ἀλογίαν
1138 2021 1345 2051 καταπεσόντος
1368 2019 1414 2044 τὸν
1438 2018 1525 2051 Λόγον
1547 2015 1582 2053 ἦν
1603 2016 1803 2044 ἀνακαλεῖσθαι

999 2069 1139 2103 προσῆκον
1153 2067 1244 2101 (λόγῳ
1263 2065 1317 2100 γὰρ
1332 2065 1349 2100 ὴ
1366 2064 1461 2098 ἀλογία
1479 2063 1653 2098 ῥυθμίζεται,
1669 2063 1719 2089 καὶ
1736 2062 1804 2096 πρδς

998 2115 1044 2142 τὸν
1059 2114 1138 2148 λόγον
1153 2114 1202 2148 τὴν
1217 2113 1358 2147 ἀναφορὰν
1371 2112 1388 2146 ἡ
1400 2111 1544 2146 διόρθωσις
1558 2110 1613 2136 τῶν
1627 2109 1802 2136 ἐκπεσόντων

998 2161 1049 2196 τῆς
1074 2160 1187 2195 χάριτος
1207 2158 1287 2194 ἔχεθ’
1307 2158 1324 2193 ἡ
1347 2158 1487 2192 σάρκωσις
1501 2155 1548 2182 τοῦ
1564 2155 1630 2182 Υίοῦ
1656 2155 1740 2190 δῆλον
1762 2154 1802 2181 ὅτι

1000 2206 1069 2242 πρὸς
1085 2206 1169 2241 μόνην
1194 2205 1244 2240 τὴν
1264 2204 1319 2231 τῶν
1334 2203 1489 2238 ἀνθρώπων
1503 2202 1594 2238 ἀφορᾷ
1608 2201 1759 2236 σωτηρίαν.
1773 2200 1804 2226 Εἰ

1001 2253 1092 2280 τοίνυν
1107 2254 1121 2279 ὁ
1135 2251 1230 2286 Πατὴρ
1250 2249 1404 2286 προσέλαϐε
1419 2250 1470 2284 τὴν
1483 2247 1660 2283 ἀνθρωπίνην
1676 2246 1770 2282 φύσιν,
1787 2245 1804 2280 ἦ

1001 2300 1032 2327 τὸ
1049 2299 1182 2332 πανάγιον
1197 2297 1321 2332 Πνεῦμα,
1335 2296 1366 2323 οὐ
1385 2296 1465 2330 μόνον
1484 2295 1560 2321 οὐδὲν
1578 2293 1612 2320 ἂν
1634 2292 1764 2320 ἀπώνατο
1776 2291 1805 2318 τὸ

965 2366 989 2394 D
1003 2346 1136 2394 ἡμέτερον
1153 2344 1243 2394 γένος,
1259 2343 1327 2370 ἀλλὰ
1344 2343 1392 2369 καὶ
1405 2341 1473 2375 πρὸς
1489 2341 1519 2367 τὸ
1533 2339 1728 2376 χαλεπώτερον
1742 2339 1805 2365 ἑαυ-

1004 2392 1067 2423 τοὺς
1086 2391 1218 2427 παρεῖχον
1234 2387 1456 2423 ἁποτεταμὲνους
1466 2396 1472 2402 ·
1488 2388 1512 2413 εἰ
1522 2386 1577 2422 γὰρ
1591 2387 1605 2412 ὁ
1620 2385 1711 2420 σάρκα
1727 2392 1807 2418 περι-

1004 2437 1131 2472 κείμενος
1157 2435 1204 2461 καὶ
1227 2434 1267 2469 τῷ
1291 2433 1341 2469 βίῳ
1366 2432 1462 2468 παρὼν
1487 2432 1596 2465 ἔλεγεν·
1620 2430 1694 2465 Ἐγὼ
1717 2431 1776 2463 ειμι
1791 2428 1807 2454 δ

1006 2483 1107 2516 Πατὴρ
1127 2481 1181 2508 τοῦ
1200 2481 1286 2512 Θεοῦ,
1302 2479 1336 2514 ἢ,
1351 2480 1401 2514 τῆς
1416 2480 1446 2506 ὲν
1462 2478 1544 2514 σαρκὶ
1561 2477 1718 2512 παχύτητος
1742 2483 1806 2508 φαι-

1006 2528 1135 2563 νομένης,
1152 2526 1244 2560 ἔλεγεν
1257 2533 1263 2539 ·
1288 2524 1361 2559 Ἐγὼ
1384 2525 1443 2559 sua
1468 2524 1501 2550 τὸ
1526 2523 1659 2557 Πνεῦμα,
1673 2521 1731 2552 πῶς
1747 2520 1781 2547 ἂν
1795 2519 1808 2544 6

1014 2577 1141 2607 Ἰουδαῖος
1155 2575 1222 2606 ὅλως
1238 2573 1370 2609 ἠνέσχετο
1387 2573 1434 2599 καὶ
1452 2570 1539 2605 αὐτῆς
1554 2571 1603 2606 τῆς
1628 2568 1722 2604 φωνῆς
1740 2566 1807 2600 ἀκοῇ

1008 2623 1077 2660 μόνῃ
1097 2620 1302 2657 παραδέξασθαι
1317 2619 1364 2645 τὸν
1379 2616 1464 2654 ῆχον;
1481 2617 1512 2643 Εἰ
1529 2616 1584 2652 γὰρ
1607 2614 1656 2642 τοῦ
1681 2613 1808 2648 Σωτῆρος

1005 2658 1130 2704 λέγοντος
1143 2667 1241 2694 ἑαυτὸν
1254 2666 1319 2692 Υίὸν
1335 2662 1404 2692 εἶναι
1421 2663 1467 2690 τοῦ
1489 2661 1558 2689 Θεοῦ
1578 2661 1588 2696 (
1597 2661 1611 2687 ὃ
1623 2660 1656 2696 δὴ
1672 2658 1809 2689 κάκείνοις

1006 2714 1139 2745 πολλάκις
1155 2711 1269 2748 ἐρρήθη,
1287 2711 1343 2742 τοῖς
1365 2710 1461 2744 θυμοῖς
1481 2707 1680 2742 ἁναφλέγοντες
1696 2703 1807 2735 αὐτοὺς,

1007 2763 1048 2794 εἰς
1065 2761 1147 2796 φόνον
1160 2759 1210 2794 τὴν
1225 2758 1310 2794 ὀργὴν
1325 2757 1435 2791 ἐξῆγον,
1446 2754 1494 2781 καλ⁸
1507 2754 1592 2781 ἐσόων
1604 2761 1611 2768 ·
1631 2750 1699 2786 Περὶ
1714 2748 1811 2776 καλοῦ

1012 2810 1103 2844 ἔργου
1128 2807 1164 2835 οὐ
1186 2803 1345 2839 λιθάζομέν
1368 2810 1415 2836 σε,
1430 2801 1499 2830 ἀλλ’
1522 2800 1567 2827 ὅτι
1590 2799 1632 2826 σὺ
1658 2798 1812 2831 ἅνθρωπος

1013 2857 1066 2889 ὢν,
1082 2853 1178 2887 ποιεῖς
1191 2851 1325 2881 σεαυτὸν
1339 2850 1425 2883 Θεὸν,
1440 2850 1467 2876 τί
1488 2848 1521 2876 ἂν
1542 2847 1595 2876 τῶν
1612 2846 1721 2875 ἀτόπων
1743 2851 1813 2878 παρτ
