1886 3071
96 164 166 199 128ι

577 166 628 196 AD
646 164 895 201 ΟΗΕΞΤΙΟΝΕΞ
909 163 1260 195 AMPHILOCHIANAS.

1673 164 1743 198 1282

94 225 187 261 ἦλθον,
203 222 230 250 τί
244 222 267 250 δ’
284 221 335 249 οὐκ
354 221 488 258 ἐτόλμων,
503 221 565 248 τίνα
579 221 608 248 δὲ
624 221 800 248 διδασκαλίαν
817 221 834 256 ἢ
847 229 892 247 νο-
905 246 908 252 γ

993 221 1096 248 :trinam
1109 221 1351 256 legislationemve
1374 222 1497 257 accipere
1519 222 1648 252 tulissent
1663 223 1687 252 si
1707 231 1738 251 se

98 269 226 306 μοθεσίαν
241 267 392 304 ὑπέμειναν
407 267 624 304 παραδέξασθαι,
637 268 662 294 εί
676 266 790 301 Πνεῦμα
804 266 892 300 ἅγιον,

95 316 113 352 ἢ
129 315 238 350 Πατέρα
253 313 301 341 τοῦ
314 313 382 341 Θεοῦ
400 314 414 340 ό
429 314 478 349 τὴν
493 313 631 348 σωτηρίαν
646 312 693 339 τοῦ
710 313 807 346 γένους
822 321 895 347 πρα-

95 361 303 397 γματευόμενος
325 361 422 388 ἑαυτὸν
451 359 639 395 ἀνωμολόγεις
670 358 776 386 Οὐκοῦν
804 357 838 385 δι’
863 354 894 384 οὗ

97 408 199 443 μᾶλλον
212 407 401 443 συνηπίστατο
416 407 465 441 τὴν
484 406 622 442 σωτηρίαν
636 406 711 441 ἡμᾶς
732 404 894 440 κερδαίνειν,

95 454 130 481 δι’
159 455 266 481 ἐκείνου
292 454 340 481 καὶ
371 454 421 490 τὴν
447 454 584 488 σάρκωσιν
605 453 654 479 καὶ
677 452 726 488 τὴν
745 451 896 486 ἀνάκλησιν

96 501 178 537 ἡμῶν
193 502 210 536 ἡ
224 500 417 536 φιλάνθρωπος
439 500 488 527 καὶ
507 499 630 532 παναγία
645 498 731 534 Τριὰς
748 498 895 532 ὲμεθόδευ-

97 556 156 574 σεν.
177 547 283 578 Ἄλλως
305 554 334 573 τε
356 546 396 578 δὲ,
417 545 482 577 τοὺς
499 546 540 577 εἰς
555 545 669 579 ἀλογίαν
692 543 896 576 ἀπονεύσαντας

97 594 147 622 καὶ
162 594 429 628 παραπεπτωκότας,
449 592 615 626 οίκειότερον
633 589 667 626 ἦν
681 590 726 618 διὰ
742 589 790 616 τοῦ
806 590 895 624 Λόγου

98 639 150 673 τῆς
166 638 278 672 ἀλογίας
297 636 501 671 ἁπαλλαγῆναν
519 636 563 663 διὰ
576 635 657 662 τοῦτο
674 635 730 671 γὰρ
744 636 897 670 οἰκονομεῖ-

98 693 148 712 ται
163 684 211 711 καὶ
222 685 255 720 τῇ
267 683 322 710 τῶν
334 683 440 717 ἀλόγων
454 681 636 717 ἀνακλιθῆναι
648 681 737 716 φάτνῃ
750 681 764 707 ὁ
779 681 835 713 τοῖς
846 680 898 707 Χε-

100 731 202 766 ρουϐὶμ
225 731 421 766 ἐποχούμενος.
440 730 489 757 καὶ
513 729 595 765 μέσον
618 728 724 762 ἀλόγων
751 728 898 755 ἀναπεσεῖν

100 778 352 813 ὲσπαργανωμένος
369 778 384 804 ό
405 775 574 811 δημιουργδς
595 775 743 810 συμπάσης
764 774 814 810 τῆς
838 774 899 800 κτί-

100 833 182 856 σεως.
217 824 377 859 Ἐννοήσαις
397 823 421 850 δ’
434 823 468 849 ἂν
486 822 610 854 εἰκότως,
634 822 672 853 ὡς
697 821 751 848 ἔδει
778 821 827 848 καὶ
848 820 899 855 τὴν

99 869 313 906 ἀπαράλλακτον
330 868 379 896 καὶ
396 868 516 904 φυσικὴν
535 867 628 895 είκόνα
641 867 689 893 τοῦ
705 866 823 901 Πατρὸς,
835 866 899 897 τοὺς

947 265 1080 300 Spiritum
1096 270 1234 300 sanctum,
1254 270 1302 294 aut
1319 268 1366 295 Dei
1386 267 1495 296 Patrem
1522 270 1633 304 generis
1666 270 1742 298 salu-

945 315 1001 340 tem
1026 320 1145 348 operans
1171 312 1318 341 confessus
1341 314 1437 342 esset?
1455 315 1549 351 Atqui.
1578 323 1627 351 per
1655 324 1738 352 quem

947 358 1036 394 magis
1060 359 1166 387 sciebat
1191 367 1242 387 nos
1270 360 1385 388 salutem
1413 361 1587 394 lucrifacere,
1605 369 1654 397 per
1668 363 1742 390 hunc

948 405 1068 433 hominis
1090 412 1185 433 amans
1199 410 1226 433 et
1240 410 1414 434 sacrosancta
1437 406 1558 435 Trinitas
1573 407 1742 436 incarnatio-

946 458 1010 478 nem
1024 455 1051 478 ct
1065 451 1268 479 revocationem
1282 456 1404 480 nostram
1419 453 1562 482 instruxit.
1578 454 1640 482 Alio
1660 455 1742 483 modo

948 496 975 523 in
1004 503 1128 524 errorem
1148 497 1294 526 inclinatos
1310 504 1337 526 et
1347 498 1403 534 jam
1423 499 1516 534 lapsos
1541 501 1620 535 quasi
1638 509 1742 529 conve-

948 541 1069 570 nientius
1102 548 1162 571 erat
1199 544 1316 572 Verbum
1335 552 1350 572 a
1371 550 1485 580 peccatu
1514 546 1669 581 reducere;
1701 548 1744 575 id-

948 591 1026 616 ctrco
1053 588 1232 624 dispensatur
1261 590 1296 618 ab
1315 590 1519 619 irrationalium
1532 593 1644 621 stabulo
1662 601 1744 622 revo-

948 641 1013 661 care
1031 634 1078 668 qui
1093 635 1365 669 insidetChernbim,
1376 642 1403 664 et
1414 637 1629 666 discumberein
1650 639 1742 667 medio

950 680 1154 708 irrationalium
1171 681 1332 710 Creatorem
1357 682 1451 711 omnis
1481 688 1617 712 creaturae
1643 686 1743 720 pannis

951 726 1115 754 involutum.
1132 727 1276 763 Cogitabis
1287 729 1465 764 probabiliter
1473 731 1537 766 quia
1551 732 1675 766 oportuit
1686 733 1740 759 im-

950 774 1111 802 mutabilem
1127 779 1154 802 et
1169 775 1322 803 naturalem
1339 775 1430 804 Patris
1447 777 1605 812 imaginem,
1621 779 1655 805 ad
1672 778 1743 806 ima-

950 820 1040 854 ginem
1058 819 1106 847 Dei
1120 826 1146 848 et
1158 821 1253 856 gratia:
1269 821 1436 856 productos:
1450 823 1636 851 adulterantes
1651 829 1744 853 autem

950 869 978 893 et
992 865 1175 901 depravantes
1190 867 1413 900 similitudinem,
1428 876 1478 904 per
1499 870 1699 898 immutabilem
1718 875 1746 898 et

99 916 163 944 κατ’
173 917 268 943 εἰκόνα
285 916 334 951 μὲν
349 916 417 942 Θεοῦ
433 915 481 942 καὶ
493 914 585 950 χάριτι
599 914 758 948 γεγονότας,
769 921 898 948 παραχα-

993 912 1268 948 Luralemimaginem
1295 913 1328 941 ad
1343 915 1484 950 antiquam
1512 919 1540 943 et
1562 916 1742 945 excellentem

102 962 240 997 ρὰξαντας
267 962 295 988 δὲ
319 962 366 988 καὶ
391 959 696 995 κατακιῦδηλεὺσαντας
712 959 743 985 τὸ
760 958 899 994 ὁμοίωμα,

99 1010 146 1036 διᾶι
176 1010 226 1044 τῆς
273 1008 485 1044 ἁπαραλλάκτου
519 1007 568 1034 καὶ
597 1007 716 1043 φυσικῆς
747 1007 853 1039 εἰκόνος
877 1006 918 1039 είς

101 1065 194 1083 πειαν.

137 1103 170 1130 δ’.
190 1103 227 1130 Σὺ
241 1102 270 1129 δὲ
283 1102 331 1129 καὶ
347 1102 428 1129 τοῦτο
443 1102 565 1137 λογίζου.
583 1102 662 1129 Ἐπεὶ
677 1102 775 1138 κριτὴς
788 1101 900 1134 ζώντων

102 1149 150 1176 καὶ
166 1148 272 1184 νεκρῶν
284 1148 299 1174 ὁ
314 1147 389 1179 Υἱὸς,
401 1148 461 1182 Τὴν
476 1147 532 1182 γὰρ
548 1148 651 1182 κρίσιν
662 1146 768 1174 ,πᾶσαν
779 1146 901 1179 δέδωκε,

103 1196 184 1230 φησὶ,
210 1191 250 1226 τῷ
279 1193 344 1226 mp.
361 1193 407 1220 διὰ
421 1193 500 1220 τοῦτο
514 1194 559 1220 τὸν
577 1193 709 1229 μέλλοντα
728 1192 832 1229 κρίνειν
855 1193 903 1220 καὶ

104 1240 229 1272 δικάζειν
243 1239 307 1272 τοὺς
325 1239 503 1275 βεϐιωκότας,
519 1238 614 1266 τοῦτον
630 1239 712 1267 αὑτὸν
729 1240 777 1266 καὶ
790 1239 902 1275 νομοθέ-

105 1295 157 1322 την
177 1287 231 1313 ἔδει
248 1287 296 1313 καὶ
317 1286 469 1321 εἰσηγητὴν
493 1287 610 1322 ὁρᾶσθαι
625 1286 679 1313 τῶν
696 1286 854 1322 πρακτέων,
871 1285 902 1312 οὐ

109 1334 215 1370 ῥήμασι
245 1330 314 1368 πρδς
338 1332 386 1368 τὴν
403 1330 519 1368 μίμησιν
546 1333 760 1367 παρακαλοῦντα
785 1332 903 1368 (πολλοῖς

107 1382 163 1416 γὰρ
185 1380 264 1408 τοῦτο
288 1380 335 1407 καὶ
350 1380 441 1412 ἄλλοις
459 1381 561 1416 μελέτη
581 1381 628 1408 καὶ
651 1381 814 1416 σπούδασμα
840 1389 905 1408 κατ-

108 1427 187 1462 έστη,
203 1426 251 1453 καὶ
271 1425 361 1458 ἄλλως
374 1427 598 1462 δυσκατόρθωτον
615 1427 654 1463 τῷ
668 1428 768 1464 πλήθει
783 1429 844 1458 τοὺς
860 1427 905 1454 λό’

107 1481 176 1507 γους
204 1472 278 1508 ἔργῳ
304 1472 468 1507 περαίνειν),
479 1473 524 1499 διὰ
535 1472 564 1499 δὲ
580 1473 633 1499 τῶν
652 1473 724 1500 κατὰ
740 1473 790 1508 τὴν
806 1472 906 1508 πρᾶξιν

109 1519 331 1554 ὑποδειγμάτων,
345 1514 383 1546 ὧν
400 1519 432 1546 ἄν
447 1528 488 1550 τις
509 1519 660 1554 αὐτουργὸς
675 1521 783 1554 γένοιτο
803 1520 850 1546 καὶ
866 1519 907 1545 δι-

109 1565 244 1596 δάσκαλος
262 1565 305 1591 διὰ
320 1564 367 1591 τοῦ
383 1564 452 1600 βίου,
477 1564 573 1601 ὥσπερ
603 1566 652 1597 τὰς
683 1566 834 1601 προφάσεις
860 1565 906 1591 τοῦ

112 1611 333 1647 παρολισθαίνειν
365 1610 456 1642 πάσας
486 1610 612 1645 ἀφαιρῶν
641 1611 655 1637 ό
679 1611 821 1646 παραινῶν
845 1611 910 1645 6ρᾶ-

113 1666 170 1688 ται,
193 1657 240 1683 καὶ
253 1656 304 1691 τὴν
318 1656 437 1692 μίμησιν
459 1656 659 1692 εὐχερεστέραν
678 1656 806 1692 παρέχει.
829 1655 911 1683 Ἀλλὰ

115 1704 166 1730 καὶ
182 1703 212 1729 τδ
227 1702 349 1737 φίλτρον,
363 1702 377 1728 ὃ
402 1703 459 1733 τοῖς
471 1702 637 1736 μανθάνουσι
660 1702 722 1736 καὶ)
733 1702 914 1737 μιμουμένοις

114 1747 256 1781 διασώζει,
280 1747 383 1783 μᾶλλον
414 1747 501 1783 ταύτῃ
534 1747 700 1781 γινώσκεται
724 1746 912 1782 ἐπιδεδειγμέ-

118 1803 175 1828 νος.

153 1841 185 1868 ε’.
202 1841 255 1868 Ναὶ
270 1840 302 1876 δὴ
325 1841 373 1867 καὶ
385 1840 453 1868 διότι
477 1840 559 1876 σοφία
572 1840 619 1868 καὶ
635 1839 716 1867 είκὼν
732 1839 855 1876 ἔμψυχος
869 1839 916 1867 καὶ

117 1887 329 1923 ἀπαράλλακτος
360 1886 407 1913 τοῦ
440 1886 547 1922 Πατρὸς
568 1887 582 1913 ό
607 1886 683 1918 Υίὺς,
712 1885 766 1912 ἔδει
780 1886 830 1921 τὴν
857 1885 916 1913 κατ’

117 1932 212 1960 είκόνα
230 1932 279 1968 μὲν
293 1931 361 1958 Θεοῦ
385 1932 608 1968 μεμορφωμένην
631 1932 679 1959 καὶ
706 1931 919 1968 ἑξωραῖσθείσαν

119 1979 221 2014 ψυχὴν,
239 1978 330 2009 νόθοις
343 1977 372 2003 δὲ
384 1977 485 2012 βαφαῖς
505 1978 554 2005 καὶ
570 1977 708 2012 κιϐδήλοις
718 1977 864 2013 χρώμασιν
880 1977 920 2010 είς

121 2025 153 2053 τὸ
177 2025 227 2060 τῆς
257 2025 399 2060 ἁμαρτίας
416 2024 538 2057 δυσειδὲς
555 2033 585 2051 τε
609 2025 656 2052 καὶ
684 2024 808 2060 ἄμορφον
835 2033 921 2060 μετα-

123 2070 327 2107 μορφωθεῖσαν,
366 2070 411 2097 διὰ
443 2070 524 2097 τοῦτο
564 2070 659 2097 τοῦτον
702 2071 786 2106 ἐχρῆν
820 2069 922 2107 ταύτην

123 2116 278 2149 ἀπαλλάξαι
310 2116 358 2143 τοῦ
395 2117 518 2152 αἴσχους.
547 2117 594 2143 καὶ
629 2114 673 2143 οἷα
700 2116 840 2152 γραφικὴν
863 2117 924 2142 ἐπι-

126 2163 244 2190 ϐαλόντα
276 2163 355 2198 χεῖρα
372 2162 412 2197 τῷ
440 2161 615 2197 διερρυηκότι
646 2162 694 2188 καὶ
723 2160 923 2196 λελυμασμένῳ

125 2210 294 2246 χαρακτῆρι,
312 2208 512 2244 ἀναμορφῶσαί
523 2217 553 2234 τε
570 2208 617 2235 καὶ
631 2208 672 2240 εἰς
684 2207 714 2234 sb
727 2208 841 2243 ἀρχαῖον
855 2208 922 2234 ἀνα-

953 957 1070 985 formam
1087 958 1231 987 reducere.

956 1007 1006 1042 τὴν
1041 1007 1160 1043 ἀρχαίαν
1196 1008 1384 1045 ἐπαναχθῆναι
1418 1010 1528 1047 μορφὴν
1563 1010 1611 1038 καὶ
1645 1010 1748 1048 εὐπρέ-

986 1101 1013 1129 4.
1030 1102 1082 1130 Sed
1094 1102 1195 1131 etiltud
1206 1104 1307 1139 cogita.
1321 1103 1389 1132 Cum
1402 1105 1527 1132 vivorum
1538 1109 1566 1134 et
1574 1110 1746 1135 mortuorum

949 1148 1031 1183 judex
1061 1149 1097 1178 sit
1124 1149 1211 1178 Filius
1232 1160 1239 1178 :
1258 1150 1342 1179 Omne
1356 1152 1440 1186 enim,
1467 1153 1516 1186 ait,
1535 1153 1671 1188 judicium
1703 1155 1750 1182 de-

951 1195 990 1222 dit
1008 1194 1080 1223 Filio
1101 1196 1112 1212 '
1127 1204 1135 1222 :
1161 1197 1234 1231 ideo,
1246 1198 1445 1233 quiajudicare
1455 1199 1640 1234 etjustificare
1652 1209 1749 1229 omnes

955 1242 1002 1276 qui
1015 1242 1146 1270 vixerunt
1170 1243 1273 1277 veniet,
1295 1245 1439 1279 oportebat
1456 1245 1546 1281 ipsum
1564 1246 1748 1282 legislaturem

955 1291 982 1313 et
994 1287 1157 1315 monitorem
1173 1288 1260 1316 videri
1277 1289 1425 1323 factorum.
1446 1299 1502 1319 non
1523 1293 1616 1320 verbis
1630 1293 1664 1321 ad
1688 1295 1751 1322 inti-

956 1332 1086 1360 tationem
1103 1334 1260 1362 hortantem
1287 1336 1393 1371 (multis
1411 1336 1484 1364 enim
1514 1337 1576 1366 aliis
1600 1339 1658 1367 haec
1681 1347 1750 1368 cura

956 1381 983 1404 et
1006 1377 1143 1413 diligentia
1160 1378 1224 1412 fuit,
1244 1383 1272 1407 et
1308 1380 1353 1408 sic
1368 1386 1475 1409 tantum
1501 1381 1650 1411 multitudo
1668 1385 1750 1412 verba

957 1423 1112 1452 actionibus
1141 1425 1306 1453 conﬁrmare
1332 1426 1500 1461 consuevit);
1533 1430 1666 1464 exemplis
1704 1439 1751 1458 an-

958 1473 1012 1496 tem
1028 1470 1156 1498 exhibitis
1194 1479 1242 1506 per
1267 1479 1330 1507 quae
1356 1478 1384 1500 et
1413 1473 1506 1508 opifex
1532 1479 1560 1502 et
1595 1482 1751 1513 praeceptor

961 1517 1105 1551 exstititjet
1120 1518 1310 1553 erroris,viam
1324 1519 1441 1547 destruit
1456 1525 1484 1548 et
1507 1520 1680 1550 imitantibus
1698 1513 1758 1550 me:

962 1563 1075 1590 thodum
1104 1569 1249 1593 monstrat.
1277 1564 1332 1593 Sed
1361 1567 1526 1595 amatorium
1555 1568 1686 1602 poculum
1714 1574 1757 1596 cst.

962 1609 1035 1643 quod
1062 1609 1205 1645 discipulis
1233 1615 1261 1639 et
1285 1611 1472 1642 imitatoribus
1493 1619 1598 1648 servat,
1621 1623 1677 1651 quo
1699 1623 1757 1642 ma-

963 1654 1004 1690 gis
1017 1654 1223 1684 demonstratus
1236 1656 1384 1685 revelatur.

1005 1839 1031 1866 5.
1045 1838 1126 1867 Certe
1142 1839 1226 1876 igitur
1235 1844 1262 1868 et
1279 1840 1344 1877 quia
1361 1841 1497 1877 sapientia
1517 1846 1545 1870 et
1562 1842 1652 1880 imago
1672 1845 1759 1880 spiri-

968 1886 1051 1913 tualis
1069 1885 1304 1922 immutabilisque
1317 1886 1416 1920 Patris,
1434 1887 1530 1921 Filius,
1547 1888 1664 1918 debebat
1682 1891 1757 1919 illam

970 1933 1090 1959 animam
1116 1932 1150 1959 ad
1179 1932 1326 1968 imaginem
1344 1933 1391 1962 Dei
1411 1934 1557 1963 formatam
1573 1941 1601 1964 et
1623 1943 1760 1971 ornatam,

970 1982 999 2005 et
1021 1985 1082 2013 quae
1096 1978 1220 2005 colorum
1240 1978 1485 2008 dehonestamento
1502 1981 1607 2016 peccati
1635 1987 1762 2011 natuiazn

972 2029 1005 2050 ac
1019 2021 1135 2049 formam
1152 2029 1244 2057 prazse
1257 2022 1374 2056 ferebat,
1389 2024 1464 2051 illam
1474 2025 1508 2052 ab
1528 2025 1680 2061 ignominia
1697 2028 1767 2055 libe-

973 2076 1045 2096 rare.
1059 2068 1128 2096 Hine
1148 2072 1207 2097 arte
1221 2069 1336 2104 pictoria
1349 2075 1471 2098 utentem
1483 2072 1629 2107 oportebat
1644 2080 1707 2101 eum
1717 2082 1768 2101 na-

974 2118 1043 2142 tura:
1058 2115 1207 2150 deperdita:
1220 2119 1247 2143 et
1263 2117 1408 2144 maculam
1423 2116 1462 2145 ita
1472 2117 1588 2149 mederi.
1603 2123 1632 2146 ut
1643 2120 1769 2155 pulchri-

976 2161 1043 2187 tudo
1058 2169 1090 2188 ac
1110 2161 1239 2189 nobilitas
1259 2162 1395 2198 primitiva
1416 2169 1638 2199 regeneraretur.
1661 2166 1690 2193 Si
1703 2174 1770 2202 ergo

977 2207 1097 2244 Spiritus
1119 2213 1168 2236 aut
1186 2207 1268 2236 Pater
1281 2217 1331 2244 pro
1355 2210 1454 2243 nobis,
1475 2215 1566 2239 autem
1584 2211 1773 2240 Filiusincar-

126 2255 308 2292 ζωγραφῆσαι
339 2255 448 2287 κάλλος,
477 2254 524 2280 καὶ
555 2253 604 2289 τὴν
632 2252 833 2289 φιλανθρώπως
871 2253 908 2288 μὲ

993 2258 1058 2282 atus
1073 2258 1155 2287 esset,
1172 2254 1241 2282 nihil
1257 2254 1369 2284 fecisset
1384 2260 1504 2292 utquam
1521 2258 1639 2285 maxime
1651 2259 1771 2287 humana

126 2300 380 2336 διαμορφωθεῖσαν,
399 2299 525 2336 ἀφρόνως
559 2299 587 2326 δὲ
620 2298 862 2334 περιῡΰρισθεῖσαν
877 2299 925 2325 καὶ

136 2347 353 2382 ἀμαυρωθεῖσαν
379 2346 484 2378 εἰκόνα,
512 2346 579 2381 πρὸς
597 2345 693 2372 ἑαυτὸν
704 2354 734 2371 τε
753 2345 928 2380 ἐπιστρέψαι,

132 2395 182 2420 καὶ
197 2395 237 2425 εἰς
254 2393 302 2429 τὴν
315 2393 434 2429 ἀρχαίαν
456 2394 538 2420 πάλιν
565 2393 706 2427 εὐγένειαν
732 2393 929 2428 ἀποκαταστῆ-

131 2449 188 2468 σαι.
207 2439 288 2466 Ἀλλά
301 2440 356 2475 γὰρ
371 2439 398 2466 εἴ
412 2448 444 2473 γε
457 2439 488 2466 ἰδ
503 2438 615 2474 Πνεῦμα
630 2460 636 2472 ,
654 2439 670 2474 ἢ
700 2438 714 2464 ό
735 2437 831 2474 Πατὴρ
857 2438 928 2473 ὑπὲρ

134 2486 226 2521 ἡμῶν,
259 2485 316 2511 ἀλλ’
333 2486 382 2521 οὐχ
401 2488 416 2512 ο
432 2485 495 2517 Υἱὸς
521 2485 708 2521 ἐσεσάρκωτο,
728 2485 806 2512 οὐδὲν
834 2485 929 2512 suam

133 2541 166 2567 γε
181 2533 230 2568 τῆς
247 2532 422 2569 ἀνθρωπίνης
436 2532 655 2568 ἁντιπιπτούσης
670 2531 828 2565 ἀσθενείας,
846 2532 862 2568 ἦ
879 2533 931 2567 τῆς

132 2579 252 2614 γνώμης
265 2580 304 2612 είς
320 2579 349 2606 τὺ
374 2580 539 2615 κακουργεῖν
568 2578 790 2614 ὑποφερομένης,
819 2578 873 2605 τῶν
890 2578 934 2610 είς

137 2625 277 2661 σωτηρίαν
295 2626 393 2658 αὐτοὺς
411 2625 643 2660 ἀνακαλουμένων
653 2624 840 2660 διεπέπρακτο
854 2632 860 2640 η
874 2624 932 2656 πῶς

135 2673 191 2707 γὰρ
213 2672 348 2700 Ἰουδαίων
365 2674 460 2704 ἀκοαῖς
475 2673 589 2699 ἀνεκτὸν
603 2669 647 2707 ἢν,
660 2671 684 2697 εἰ
700 2671 783 2705 σαρκὶ
798 2669 896 2706 παρὼν
915 2671 929 2697 ὁ

137 2719 244 2751 σώσων,
259 2719 363 2753 ἔλεγεν,
382 2719 419 2751 ώς
429 2719 443 2745 ό
460 2719 500 2753 τῷ
515 2719 612 2745 Musaei
626 2716 801 2753 χρηματίσας
823 2717 853 2744 ἐν
872 2716 930 2752 ὄρει

138 2766 214 2802 Σινᾷ,
227 2766 275 2792 καὶ
298 2766 394 2801 Πατὴρ
408 2764 463 2792 τῶν
479 2765 549 2793 ὅλων
564 2765 612 2792 καὶ
620 2764 824 2799 γινωσκόμενος
839 2763 931 2794 αὐτοῖς

140 2813 188 2840 καὶ
222 2813 456 2848 ἀνακαλούμενος,
503 2812 585 2844 αὐτὸς
623 2807 710 2846 οὗτος,
738 2810 792 2842 ιὼς
823 2809 932 2846 ἄνθρω-

178 2899 276 2927 'Joan.
295 2908 321 2932 v,
333 2899 378 2926 2'2.

242 2948 380 2977 PATilL‘L.
400 2946 459 2975 (in.
476 2945 523 2976 Cl.

981 2300 1141 2328 infirmitate
1157 2300 1248 2336 lapsos
1271 2305 1319 2328 aut
1342 2306 1433 2329 mente
1449 2302 1482 2330 ad
1504 2303 1607 2330 malum
1624 2311 1770 2339 perversos

981 2346 1008 2373 in
1024 2345 1140 2373 salutem
1166 2351 1321 2374 revocaret.
1347 2346 1492 2381 Quomodo
1515 2348 1588 2376 enim
1614 2349 1773 2378 Iudaeorum

981 2397 1062 2418 aures
1073 2398 1171 2425 capere
1188 2392 1322 2426 potuisset
1339 2392 1362 2420 si
1378 2400 1498 2428 prresens
1526 2394 1554 2422 in
1570 2402 1654 2423 carne.
1680 2396 1777 2423 Salva-

981 2440 1026 2464 tor
1055 2436 1170 2465 dixisset
1184 2437 1258 2473 quod
1275 2439 1320 2474 qui
1340 2438 1426 2475 Moysi
1451 2441 1594 2469 oraculum
1612 2441 1731 2470 reddens
1747 2443 1776 2470 in

983 2488 1075 2511 monte
1090 2483 1155 2511 Sina
1168 2489 1195 2512 et
1209 2484 1290 2513 Pater
1302 2487 1426 2513 omnium
1439 2490 1466 2513 et
1481 2487 1609 2523 cognitus
1622 2491 1649 2515 ct
1659 2489 1694 2516 ab
1710 2489 1778 2524 ipsis

983 2529 1127 2558 invoeatus
1147 2531 1205 2565 ipse
1221 2531 1282 2564 iste,
1305 2537 1334 2559 ut
1352 2532 1434 2560 homo
1456 2539 1519 2560 cum
1536 2533 1694 2562 hominibus
1709 2541 1779 2561 con-

985 2580 1111 2604 versatur
1119 2580 1145 2604 et
1158 2577 1216 2612 ipse
1233 2577 1277 2605 ille
1289 2582 1364 2606 esset
1374 2578 1421 2614 qui
1433 2578 1572 2614 quondam
1583 2579 1692 2608 divinas
1704 2579 1779 2614 leges

986 2622 1088 2649 tabulis
1098 2622 1184 2657 digito
1196 2622 1351 2658 insculptas
1375 2625 1496 2660 scripsit.
1514 2629 1542 2652 et
1561 2625 1650 2660 plagis
1667 2630 1780 2660 propter

985 2677 1034 2697 eos
1058 2668 1204 2705 Egyptum
1220 2670 1378 2706 ﬂagellavit,
1402 2675 1430 2700 et
1454 2679 1503 2707 per
1529 2672 1614 2699 maris
1632 2672 1776 2700 humidam

988 2719 1114 2742 naturam
1130 2715 1287 2744 immadidis
1302 2716 1418 2753 pedibus
1436 2717 1488 2744 iter
1504 2717 1595 2745 facere
1607 2718 1647 2745 eis
1664 2722 1781 2745 conces-

988 2761 1041 2793 sit,
1063 2765 1091 2789 et
1114 2768 1229 2797 quasque
1255 2766 1285 2789 ut
1321 2770 1370 2791 eos
1401 2762 1434 2790 ad
1461 2763 1587 2799 pietatem
1609 2771 1674 2799 erga
1696 2763 1773 2791 Deun

989 2807 1155 2844 reduceret“
1173 2809 1335 2838 mirabiliter
1366 2809 1450 2838 fecit?
1480 2810 1634 2846 _Qnomodo
1666 2810 1693 2838 ei
1721 2810 1762 2838 tali

1571 2941 1608 2971 ίι1
