1886 3071
151 151 219 185 1283

153 211 255 236 dicenti
274 209 482 236 ohcdivissent?
495 208 573 242 Quod
597 209 761 236 miraculum
778 210 812 236 ab
830 210 877 236 illo
894 217 947 237 non
964 215 985 240 Α

150 255 331 290 exegissent?
357 254 386 281 Si
417 255 490 282 cnim
524 254 622 282 Filium
655 254 782 282 Salvator
808 263 838 283 se
856 255 948 290 ipsum

151 300 232 334 dixit,
261 301 316 329 etsi
342 301 402 336 ipse
439 301 540 336 saepius
584 301 747 329 invenustus
775 305 802 328 ct
833 301 949 329 inscitus

151 346 236 375 Israel
254 346 325 374 (ilius
342 346 537 382 appellaretur,
553 347 593 374 illi
617 347 651 374 ad
668 347 740 374 hanc
761 355 855 374 vocem
873 347 948 374 insa-

148 392 253 420 liebant
287 398 314 421 et
348 393 598 421 obmurmurabant
625 397 652 421 et
681 393 839 428 blasphema
856 394 949 421 dicere

149 440 320 475 arguebant;
339 440 372 466 ad
388 444 522 475 quantum
543 440 628 476 igitur
642 441 777 468 malorum
807 440 947 475 fastigium

149 492 204 511 non
221 484 416 518 incurrissent,
433 485 456 512 si
475 493 505 513 se
531 485 621 520 ipsum
636 485 744 513 Patrem
767 486 948 521 praedicasset

149 531 291 566 accipiens
315 535 438 560 nostram
454 539 577 565 carnem,
595 533 620 559 in
645 532 753 568 generis
771 533 884 560 humani
904 539 948 560 sa-

152 577 237 604 lutem
260 576 351 604 factus
375 577 522 605 Salvator?
549 577 670 613 Ideoque
695 578 778 613 igitur
802 578 945 614 (quantum

151 623 310 651 rationibus
324 624 453 652 humanis
472 624 547 652 lubet
563 625 722 660 concipere)
744 633 797 652 non
813 625 894 652 Pater
918 624 946 652 iit

147 670 241 703 homo,
256 671 303 698 sed
313 670 411 704 Filius,
422 676 541 707 utquam
556 673 673 699 maxime
685 673 862 707 acceptaliilis
872 672 948 700 tieret

149 715 312 744 hominibus
336 717 467 745 salutaris
489 718 659 752 praedicatio,
677 721 704 745 et
724 723 752 745 ut
774 719 945 746 Dominicum

149 762 363 798 hominibusque
379 763 527 799 benignum
542 771 612 798 opus
632 772 729 792 onmes
747 763 944 792 misericordim

148 813 175 836 et
186 809 364 844 providentia:
374 810 498 837 rationes
509 810 646 837 excedens
655 810 688 837 ad
700 810 874 845 tinem_suum
884 817 945 845 per-

147 855 266 882 veniret.

790 155 1104 200 SUPI’LEMEN'l‘Ulll

1729 158 1789 190 1284

1005 219 1064 242 πος.
1090 211 1147 242 τοῖς
1171 209 1340 246 ἀνθρώποις,
1356 211 1622 246 συναναστρέφεται,
1653 212 1701 238 καὶ
1716 215 1790 246 αὐτὸς

1001 258 1107 289 ἐκεῖνος
1139 257 1182 293 εἴη
1209 258 1224 284 6
1252 258 1338 285 πάλαι
1369 257 1418 290 τὰς
1445 258 1562 290 πλάκας.
1594 258 1622 285 αἳ
1632 259 1694 291 τοὺς
1711 259 1789 293 Θείους

1002 303 1119 339 θεσμοὺς
1150 304 1260 340 ἔφερον,
1287 303 1413 340 δακτύλῳ
1436 304 1602 340 διαγράψας,
1617 306 1664 332 καὶ
1679 305 1790 340 πληγαῖς

1000 350 1050 384 τὴν
1065 349 1209 384 Αἴγυπτον
1224 349 1296 384 ὗπὲρ
1309 350 1400 376 αὐτῶν
1419 350 1562 385 μαστίξας,
1581 350 1630 376 καὶ
1643 350 1693 386 τὴν
1709 351 1790 385 ὑγρὰν

999 395 1049 430 τῆς
1069 395 1209 430 θαλάσσης
1240 396 1322 431 φύσιν
1348 396 1513 432 πεζοπορεῖν
1545 396 1672 433 ἀΰρόχως
1698 398 1790 430 αὐτοὺς

1000 441 1156 477 χαριτώσας
1169 462 1176 474 ,
1192 441 1239 468 καὶ
1248 442 1298 468 ὅσα
1313 441 1381 469 ἄλλα
1396 442 1464 478 πρὸς
1479 442 1627 478 ἀναγωγὴν
1641 443 1790 473 θεοσεϐείας

999 487 1030 514 τὸ
1049 488 1122 514 θεῖον
1134 488 1227 519 αὐτοῖς
1247 488 1424 524 ἐδημιούργει
1437 487 1549 523 (ianua;
1579 489 1640 520 πῶς
1656 488 1689 516 ἂν
1709 489 1789 522 ταῦτα

1000 533 1135 568 λέγοντος,
1149 533 1290 560 ἐπείθοντο
1304 542 1312 567 ;
1328 534 1393 560 τίδὲ
1403 534 1459 561 τῶν
1477 534 1587 562 ἀτόπων
1600 534 1732 571 πράττειν
1744 536 1790 563 οὐκ

1000 581 1034 608 ἃν
1052 580 1210 616 ἠρεθίζοντο
1221 589 1228 614 ;
1240 580 1264 606 εί
1275 580 1409 616 γάρ,Υἱδν
1417 580 1543 614 λέγοντος
1551 581 1648 608 ἑαυτὸν
1653 581 1701 608 τοῦ
1707 582 1788 617 Σωτῆ-

1001 635 1060 663 ρος,
1082 626 1172 654 καίτοι
1187 635 1219 660 γε
1237 626 1286 653 καὶ
1302 626 1384 657 αὐτὸς
1398 627 1412 653 6
1427 627 1576 663 ἀχάριστος
1593 628 1641 654 καὶ
1660 627 1790 663 ἀγνώμων

1005 673 1113 709 Ἰσραὴλ
1139 673 1271 705 πολλάκις
1295 673 1353 705 υίὸς
1370 673 1542 708 ὠνομάζετο,
1570 674 1596 700 οί
1622 673 1651 700 δὲ
1667 675 1790 710 καὶπρὸς

1003 719 1109 754 ταύτην
1141 719 1191 754 τὴν
1223 718 1317 754 ιεωνὴν
1345 719 1502 753 ἐπεπήδων,
1528 719 1576 746 καὶ
1595 719 1646 755 τῆς
1669 720 1791 754 ἀληθείας

999 764 1213 798 κατεγόγγυζον,
1230 764 1277 790 καὶ
1308 762 1486 798 βλασφημίας
1515 763 1607 790 αἰτίαν
1645 763 1791 798 περιῆπτον

998 810 1037 845 τῷ
1057 810 1175 844 λέγοντι,
1189 810 1228 841 είς
1243 811 1319 836 ποῖον
1349 809 1382 836 ἂν
1400 810 1545 844 κολοφῶνα
1560 809 1654 836 κακῶν
1669 809 1720 836 οὐκ
1747 810 1789 836 άν-

998 856 1128 891 ἐδραμον,
1158 856 1182 882 ει
1227 855 1339 892 Πατέρα
1374 855 1470 882 ἑαυτὸν
1495 856 1682 891 ἀνεκήρυττεν
1706 856 1720 882 6
1746 855 1792 891 τὴν

146 901 286 936 ἡμετέραν
307 901 451 930 ἀναλαϐὼν
469 902 570 939 σάρκα,
594 902 641 929 καὶ
659 901 745 929 σῶσαι
763 902 961 938 παραγεγονὼς
985 901 1015 929 τὸ
1030 901 1223 938 άνθρώπινον;
1249 902 1300 928 Διά
1314 902 1394 928 τοῦτο
1415 901 1506 929 τοίνυν
1526 902 1588 936 (ὃσα
1606 910 1638 935 γε
1653 902 1790 937 λογισμοῖς

147 949 332 983 ἀνθρωπίνοις
344 950 448 985 λαϐεῖν)
466 951 516 986 οὺχ
530 952 544 978 6
561 951 656 986 Πατὴρ
668 951 811 986 ἄνθρωπος
826 950 944 985 γίνεται,
965 951 1022 977 ἀλλ’
1037 950 1051 977 ὃ
1067 959 1098 985 γε
1116 950 1190 982 Υἱὸς,
1222 950 1261 982 ὡς
1293 949 1326 977 ἃν
1353 949 1473 984 μάλιστα
1502 949 1709 984 εὐπαράδεκτον
1739 949 1791 982 τοῖς

145 996 305 1033 ἀνθρώποις
332 998 364 1024 τὸ
387 999 522 1034 σωτήριον
552 999 666 1034 γένηται
694 1000 836 1035 κήρυγμα,
850 999 897 1025 καὶ
911 998 942 1025 τὸ
962 999 1122 1026 δεσποτικὸν
1154 999 1201 1026 καὶ
1231 997 1427 1034 φιλάνθρωπον
1442 997 1522 1033 ἔργον
1536 997 1584 1024 καὶ
1608 998 1701 1025 πάντα
1715 997 1792 1032 λόγον

144 1044 306 1080 οἰκτιρμῶν,
332 1045 379 1071 καὶ
404 1045 535 1081 προνοίας
566 1046 751 1082 ὑπερὸαἷνον,
781 1046 822 1076 εις
849 1046 937 1080 πέρας
957 1046 1171 1081 ὲξενηνεγμένον
1189 1045 1244 1080 εῐη.

183 1093 210 1120 6.
234 1091 369 1120 Similiter
390 1101 457 1121 vero
480 1094 502 1121 si
529 1094 641 1129 quidem
675 1093 796 1129 Spiritus
826 1099 940 1122 Sanctus
955 1097 980 1126 Β

145 1146 259 1166 carnem
288 1138 436 1172 induisset,
456 1144 513 1166 tum
537 1137 640 1167 Judrcis
656 1139 754 1167 fuisset
783 1140 939 1175 iniquitatis

144 1188 173 1212 et
197 1183 365 1211 infidelitatis
381 1184 451 1212 idem
472 1189 621 1220 przetextus
645 1190 672 1213 ct
699 1186 813 1214 moleste
838 1186 943 1214 ferendi

144 1230 374 1265 repugnamlique
393 1231 536 1258 excusatio
570 1235 597 1259 et
614 1232 770 1259 avertenda:
800 1232 945 1259 calumniae

144 1276 230 1304 ﬁctio.
263 1277 290 1304 Si
317 1277 390 1304 enim
421 1278 449 1305 in
475 1279 620 1306 sententiis
645 1279 702 1306 suis
745 1278 944 1306 subobscuram

144 1323 264 1358 aliquam
294 1325 463 1352 sacrosancti
489 1324 609 1360 Spiritus
630 1326 809 1361 proferebant
832 1326 943 1359 fatuam,

143 1377 210 1397 sane
231 1371 294 1405 quia
325 1372 520 1406 prophetarum
547 1371 701 1400 doctrinam
732 1373 875 1400 audientes
902 1373 944 1400 di-

145 1416 273 1444 dicerant
297 1419 395 1445 melius
420 1426 482 1446 esse
510 1425 608 1446 natura
625 1419 757 1452 lmmana,
780 1419 848 1448 nihil
864 1427 942 1446 com-

143 1471 228 1491 mune
253 1464 329 1490 carni
355 1468 382 1492 et
400 1465 521 1500 spiritui,
549 1470 577 1492 et
601 1465 695 1492 divina
714 1466 827 1493 oracula
848 1466 942 1501 aliquo

142 1510 226 1536 modo
246 1510 297 1537 sibi
320 1511 575 1545 repra‘sentalmnt;
605 1511 682 1539 Isaiae
709 1513 781 1539 enim
805 1513 943 1548 propheta:

144 1555 227 1582 verba
261 1564 269 1582 :
315 1555 433 1589 Spiritus
458 1557 566 1584 Domini
593 1566 672 1592 super
702 1566 757 1589 me,
781 1558 839 1586 ideo
866 1560 942 1586 unxit

143 1608 185 1627 me
207 1599 228 1631 °.
257 1605 303 1627 aut
336 1600 446 1629 Davidis
468 1601 634 1630 clamantis:
663 1601 795 1636 Spiritum
820 1609 942 1631 sanctum

144 1649 219 1671 tuum
242 1653 274 1671 ne
300 1645 408 1679 auferas
446 1654 463 1672 a
485 1654 525 1673 me
541 1647 568 1677 ⁷,
614 1651 660 1674 aut
676 1646 777 1681 Moysis
806 1648 939 1683 originem

143 1690 239 1717 mundi
262 1690 446 1719 describentis
467 1700 474 1718 :
493 1700 502 1717 ι
524 1690 643 1726 Spiritus
664 1679 873 1727 Dei-ferebatur
898 1702 943 1720 δτι-
956 1679 977 1708 C

141 1744 188 1771 per
219 1744 304 1772 aquas
332 1736 361 1768 ⁸,
396 1740 422 1764 et
455 1741 586 1765 sexcenta
616 1737 669 1765 alia
691 1738 869 1773 hujusmodi,
908 1746 942 1766 ex

141 1783 244 1818 quibus
263 1782 428 1811 diviniorem
445 1791 528 1819 quam
553 1785 705 1812 secundum
726 1785 864 1812 hominem
884 1784 943 1821 Spi-

143 1830 214 1856 ritus
239 1833 368 1856 naturam
393 1829 569 1862 inducebant,
586 1831 639 1859 etsi
663 1839 718 1859 non
741 1839 809 1866 pure
833 1831 866 1859 ad
880 1832 941 1867 ejus

140 1874 306 1910 theologiam
344 1875 445 1903 exinde
489 1876 804 1912 ducerenturzquanto
854 1878 941 1913 magis

143 1920 286 1948 Sadducaai
304 1920 468 1949 derisissent
490 1926 517 1950 et
536 1923 664 1950 manibus
680 1923 866 1959 dentibusque
880 1931 941 1959 my-

139 1970 255 1997 sterium
285 1969 465 2003 lacerassent,
494 1971 517 1998 si
542 1971 604 2006 quis
630 1971 669 1998 cis
696 1971 831 2004 dedisset,
856 1979 941 2007 appa-

139 2019 243 2041 rentem
265 2014 291 2041 in
308 2021 392 2042 carne
410 2015 634 2050 discerpsissent,
648 2015 708 2050 ejus
722 2015 938 2043 incarnationem

140 2065 169 2087 ut
187 2064 214 2088 ct
232 2061 391 2095 angelorum
413 2061 603 2089 exsislentiam
621 2065 753 2096 negantes
768 2062 790 2088 ⁹.
805 2062 872 2088 (ἶιιιιι
891 2062 941 2095 igi-

139 2112 185 2134 tur
204 2111 230 2134 et
252 2106 342 2135 Patris
357 2112 382 2135 et
399 2107 518 2143 Spiritus
536 2107 690 2135 incarnatio
710 2106 813 2134 Iudaeis
827 2108 940 2134 omnino

138 2153 347 2189 inacccptahilis
371 2161 443 2182 esset
468 2158 494 2181 et
518 2154 593 2181 salus
615 2154 733 2188 generis,
756 2161 817 2189 qua:
840 2162 940 2188 scopns

138 2205 165 2228 et
183 2201 356 2235 providentia
375 2200 422 2227 Dei
441 2204 500 2227 erat
514 2203 541 2227 et
563 2207 611 2235 per
635 2207 716 2234 quam
735 2200 876 2227 cvacuatio
895 2199 938 2226 in-

137 2247 318 2280 evacnabilis,
343 2246 405 2273 finis
430 2254 510 2281 quem
530 2246 625 2273 habuit
646 2247 673 2273 in
692 2245 761 2273 Filio
784 2246 938 2278 incarnato,

137 2293 225 2319 multa
254 2292 389 2325 indigeret
409 2291 598 2327 acceptatione
621 2295 648 2318 et
674 2290 852 2325 probabiliter
873 2298 938 2326 pro-

137 2341 198 2371 pter
220 2336 333 2362 multam
351 2336 431 2362 aliam
459 2336 622 2371 sapientiam
641 2335 816 2368 inc-ﬂabilem,
839 2340 866 2362 et
884 2335 938 2363 hu-
954 2356 976 2382 Β

137 2382 227 2410 inanis
255 2382 408 2410 ratiociniis
431 2382 757 2417 iucomprehensibilcm,
780 2381 866 2410 Filius
890 2383 938 2410 de-

136 2433 212 2456 creto
227 2428 327 2461 Patris,
347 2429 448 2456 virtute
471 2429 640 2457 sacrosancti
663 2428 793 2464 Spiritus,
813 2433 936 2456 nostram

135 2475 254 2503 induens
268 2484 390 2510 carnem,
409 2477 517 2512 generis
541 2476 653 2504 humani
674 2484 847 2504 communem
863 2475 936 2504 salu-

135 2525 191 2548 t-‘m
209 2521 333 2556 perfecit.

135 2568 198 2604 γείᾳ
226 2569 255 2596 δὲ
286 2569 335 2597 τοῦ
377 2570 514 2606 παναγίου
540 2571 713 2607 Πνεύματος,
739 2571 791 2607 τὴν
818 2570 958 2607 ἡμετέραν

171 2679 338 2716 QUIESTIO
351 2683 516 2712 ecxxvm.
532 2684 628 2721 [CoisL
647 2685 731 2714 τααν.
750 2684 884 2722 LXXVI.]

361 2741 399 2769 De
412 2747 512 2769 natura
526 2747 550 2769 et
571 2750 696 2776 persona.

135 2785 142 2796 ¹
165 2795 308 2831 Apptircns
323 2799 348 2826 in
364 2799 487 2831 Christo,
503 2799 568 2835 quid
582 2799 664 2827 erat?
679 2802 777 2826 natura
794 2802 841 2827 aut
860 2806 925 2834 per-

165 2898 174 2913 “
188 2898 240 2926 lsa.
260 2907 314 2933 Litt,
346 2899 371 2925 1.

1030 1093 1067 1127 ς’.
1090 1093 1226 1125 Ὡσαύτως
1237 1094 1265 1121 δὲ
1278 1093 1325 1120 καὶ
1341 1093 1366 1120 εἰ
1379 1093 1408 1120 τὸ
1420 1092 1534 1128 Πνεῦμα
1546 1092 1577 1121 ἰδ
1592 1092 1673 1127 διγιον
1688 1092 1790 1127 ὑπέστη

995 1142 1044 1177 τὴν
1071 1141 1254 1176 σάρκωσιν,ή
1280 1140 1349 1175 αὑτὴ
1375 1140 1409 1167 ἂν
1438 1137 1473 1175 ἦν
1502 1140 1559 1171 τοῖς
1583 1139 1726 1170 Ἰουδαίοις
1747 1140 1791 1173 τῆς

994 1186 1193 1222 ἀγνωμοσύνης
1211 1186 1258 1213 καὶ
1275 1186 1406 1216 ἀπιστίας
1426 1186 1558 1220 γινομένη
1577 1185 1731 1220 πρόφασις,
1748 1185 1791 1211 καὶ

993 1233 1041 1260 τοῦ
1058 1233 1247 1268 δυσχεραίνειν
1263 1233 1312 1259 καὶ
1328 1230 1562 1263 ἀπαυθαδίζεσθαι
1578 1230 1739 1266 καταφυγὴ,
1751 1230 1791 1256 δο-

996 1279 1082 1307 κοῦσα
1111 1279 1161 1315 τὴν
1191 1279 1319 1315 διαϐολὴν
1348 1277 1569 1313 ἀποτρέπεσθαι⁸
1602 1277 1627 1304 εί
1662 1276 1720 1312 γάρ
1751 1276 1794 1303 καὶ

997 1326 1123 1362 ἀμυδρὰν
1138 1335 1200 1352 τινα
1211 1326 1261 1361 τὴν
1278 1325 1342 1361 περὶ
1356 1324 1405 1351 τοῦ
1422 1324 1556 1358 παναγίου
1573 1323 1644 1351 Πιιεὺ
1650 1332 1737 1359 ματος
1753 1323 1793 1350 δό-

998 1371 1046 1403 ξαν
1060 1371 1120 1402 ταῖς
1140 1370 1246 1396 ἑαυτῶν
1263 1369 1395 1401 διανοίαις
1421 1369 1596 1404 περιέφερον,
1611 1369 1671 1396 ἀλλ’
1688 1367 1736 1396 οὖν
1755 1368 1794 1395 ὅτι

996 1417 1122 1451 κρεῖττον
1140 1416 1190 1452 τῆς
1211 1415 1388 1451 ἀνθρωπίνης
1407 1415 1526 1451 φύσεως,
1542 1415 1590 1442 καὶ
1611 1415 1705 1442 κοινὸν
1722 1415 1794 1441 οὐδὲν

997 1462 1080 1498 σαρκὶ
1106 1463 1154 1489 καὶ
1180 1461 1329 1497 πνεύματι,
1344 1461 1407 1493 τούς
1431 1471 1461 1488 τε
1482 1462 1537 1489 τῶν
1552 1461 1707 1497 προφητῶν
1728 1470 1794 1497 χρη-

997 1508 1084 1542 σμοὺς
1107 1507 1256 1538 ἀκούοντες
1283 1507 1482 1543 ἀνεμάνθανον,
1510 1507 1558 1534 καὶ
1582 1506 1716 1542 θειότητά
1736 1515 1794 1533 τινα

995 1554 1060 1588 περὶ
1076 1552 1160 1579 αὐτοῦ
1175 1553 1366 1587 ἐφαντάζοντο,
1377 1552 1458 1580 τοῦτο
1471 1553 1531 1588 μὲν,
1547 1553 1670 1588 Πνεῦμα
1685 1552 1795 1587 Κυρίου

994 1599 1041 1627 ἐπ’
1059 1599 1121 1634 ἐμὲ,
1135 1597 1171 1627 οὗ
1186 1600 1304 1626 εἵνεκεν
1329 1599 1434 1634 ἔχρισέ
1460 1607 1508 1633 με,
1523 1598 1570 1625 τοῦ
1595 1598 1711 1625 Ἡσαΐου
1734 1607 1796 1625 κατ-

995 1645 1183 1680 αγγέλλοντος,
1199 1645 1278 1672 τοῦτο
1295 1645 1324 1672 δὲ
1348 1643 1396 1671 τοῦ
1411 1644 1503 1677 Δαόὶδ,
1531 1644 1567 1671 Τὸ
1587 1643 1714 1679 Πνεῦμά
1738 1652 1794 1671 σου

994 1692 1027 1718 τὸ
1052 1691 1139 1726 ἅγιον
1160 1690 1203 1726 μὴ
1218 1690 1399 1725 ἀντανέλῃς,
1416 1690 1467 1717 ἀπ’
1488 1690 1574 1725 ἐμοῦ,
1590 1690 1650 1724 καὶ,
1671 1690 1794 1725 Πνεῦμα

995 1737 1070 1765 Θεοῦ
1084 1737 1246 1772 ἐπεφέρετο
1263 1737 1363 1764 ἐπάνω
1390 1736 1444 1764 τοῦ
1468 1736 1588 1770 ὕδατος,
1603 1737 1732 1768 Μωσέως
1747 1737 1795 1769 τὴν

994 1784 1191 1820 κοσμογένειαν
1205 1783 1422 1819 άναγράφοντος,
1440 1783 1488 1810 καὶ
1507 1782 1594 1818 μυρία
1605 1782 1693 1810 ἀλλα·
1711 1783 1742 1816 ἐξ
1757 1779 1794 1809 ὧν

993 1829 1134 1866 θειοτέραν
1154 1830 1204 1865 μὲν
1221 1831 1238 1865 ἢ
1253 1829 1324 1857 κατὰ
1343 1829 1489 1864 ἄνθρωπον
1503 1828 1553 1864 τὴν
1569 1828 1617 1856 τοῦ
1632 1828 1795 1864 Πνεύματος

993 1875 1075 1910 φύσιν
1090 1874 1288 1909 ἀνελογίζοντο,
1304 1875 1328 1900 εί
1348 1874 1395 1900 καὶ
1408 1874 1477 1908 πρὸς
1492 1873 1541 1908 τὴν
1562 1873 1646 1900 αὑτοῦ
1664 1873 1794 1908 καθαρῶς

993 1922 1134 1956 θεολογίαν
1158 1922 1209 1948 οὐκ
1224 1922 1366 1956 ἀνήγοντο.
1381 1921 1491 1948 Μᾶλλον
1517 1920 1546 1947 δὲ
1565 1920 1590 1946 οἱ
1616 1920 1794 1947 Σαδδουκαῖοι

991 1967 1121 2002 διεγέλων
1138 1967 1171 1993 ἂν
1186 1966 1234 1993 καὶ
1246 1965 1419 2001 διεχλεύαζον
1435 1965 1465 1991 τὸ
1481 1965 1642 2000 μυστήριον.
1661 1966 1712 1992 καὶ
1730 1973 1792 2000 χερ-

993 2014 1036 2040 σὶν
1056 2013 1089 2040 ἂν
1110 2013 1158 2040 καὶ
1172 2012 1290 2045 ὀδοῦσιν,
1309 2011 1336 2038 εί
1347 2021 1388 2043 τις
1401 2011 1493 2043 αὐτοῖς
1505 2011 1603 2043 ἐδίδου,
1620 2011 1668 2038 τὸν
1693 2012 1793 2045 ἐπιφα-

992 2060 1072 2086 νέντα
1097 2059 1216 2086 διέσπων
1244 2067 1274 2085 τε
1298 2059 1346 2086 καὶ
1370 2059 1582 2093 διεσπάρασσον,
1602 2058 1651 2085 ἆτε
1673 2058 1738 2094 μηδ’
1753 2058 1792 2087 εἰς

992 2104 1109 2140 ὕπαρξιν
1122 2105 1191 2137 ὅλως
1203 2104 1302 2137 ἐλθεῖν,
1319 2104 1415 2140 ὥσπερ
1428 2103 1490 2140 μηδ’
1502 2103 1628 2138 ἀγγέλων
1643 2103 1737 2138 φύσιν,
1750 2103 1792 2129 ἀν·

991 2152 1132 2187 εχομένοις
1142 2151 1270 2187 λέγειν,ἢ
1285 2150 1427 2186 λογισμοῖς
1439 2149 1626 2184 ἀναδέχεσθαι.
1648 2148 1729 2176 Ἐπεὶ
1747 2146 1791 2176 οὖν

990 2198 1008 2233 ἦ
1034 2206 1064 2224 τε
1086 2197 1134 2223 τοῦ
1160 2197 1268 2231 Πατρὸς
1287 2197 1334 2223 καὶ
1359 2197 1376 2231 ή
1394 2195 1441 2223 τοῦ
1464 2196 1626 2231 Πνεύματος
1651 2195 1790 2231 σάρκωσις

990 2245 1046 2275 τοῖς
1066 2243 1204 2275 Ἰουδαίοις
1221 2242 1361 2274 παντελῶς
1377 2240 1412 2278 ἦν
1426 2242 1628 2278 ἀπαράδεκτος,
1643 2242 1693 2268 καὶ
1706 2242 1723 2276 ὴ
1741 2249 1791 2267 σω-

991 2290 1071 2326 τηρία
1085 2289 1133 2316 τοῦ
1149 2290 1254 2325 γένους,
1271 2289 1340 2323 ὅπερ
1358 2287 1393 2325 ἦν
1415 2290 1429 2315 6
1443 2289 1546 2320 σκοπὸς
1566 2288 1614 2315 καὶ
1638 2289 1654 2324 ἡ
1674 2287 1789 2324 πρόνοια

991 2337 1038 2363 τοῦ
1063 2337 1154 2368 Θείου,
1182 2336 1230 2363 καὶ
1263 2335 1297 2362 δι’
1317 2337 1351 2371 ἢν
1380 2336 1396 2370 ή
1423 2335 1540 2366 κένωσις
1567 2334 1615 2361 τοῦ
1648 2333 1788 2361 ἀκενώτου

992 2383 1080 2419 πέρας
1105 2381 1162 2410 οἷον
1190 2383 1265 2418 ἔσχε,
1296 2382 1485 2417 σαρκωθέντος
1509 2381 1557 2408 τοῦ
1584 2380 1663 2413 Υἱοῦ,
1698 2379 1789 2414 πολλῷ

991 2428 1076 2455 ἐνέδει
1087 2428 1134 2455 τοῦ
1149 2428 1288 2462 δέξασοαι,
1304 2429 1418 2459 εἰκότως
1439 2428 1453 2453 6
1466 2427 1529 2459 Υἱὸς
1540 2427 1587 2454 καὶ
1604 2426 1676 2453 κατά
1688 2426 1788 2461 πολλὴν

990 2476 1074 2510 ἄλλην
1101 2475 1209 2510 σοφίαν,
1237 2474 1357 2511 ἀρῤητόν
1382 2482 1412 2500 τε
1434 2474 1481 2500 καὶ
1504 2473 1690 2510 ἀνθρωπίνοις
1716 2472 1788 2506 λογι-

990 2523 1069 2556 σμοῖς
1084 2521 1289 2557 ἀκατάληπτον,
1304 2520 1416 2556 εὐδοκία
1437 2520 1488 2555 μὲν
1501 2519 1550 2546 τοῦ
1575 2519 1692 2555 Πατρδς,
1712 2520 1787 2554 ἐνερ-

985 2569 1128 2597 ἁναλαεὼν
1152 2570 1253 2604 σάρκα,
1274 2569 1324 2605 τὴν
1347 2569 1441 2604 κοινὴν
1464 2567 1512 2595 τοῦ
1532 2569 1630 2603 γένους
1647 2567 1785 2603 σωτηρίαν

991 2618 1082 2654 ὲπραγ
1086 2618 1171 2654 ματεύ
1176 2626 1249 2646 σατο.

1254 2686 1424 2714 ΕΡΩΤΗΣΙΣ
1441 2686 1532 2714 ΣΚΗν.

1133 2741 1203 2776 Περὶ
1223 2742 1343 2776 φύσεως
1362 2742 1412 2770 καὶ
1431 2741 1642 2776 ὑποστάσεως.

1018 2799 1055 2826 Τὸ
1072 2799 1235 2835 φαινόμενον
1254 2799 1301 2827 τοῦ
1317 2799 1449 2836 Χριστοῦ,
1464 2799 1490 2827 τί
1506 2796 1558 2836 ἧνς
1576 2798 1658 2834 φύσις
1678 2798 1696 2834 ἢ
1712 2795 1787 2833 .6116-

413 2899 422 2913 '
446 2897 518 2926 l‘sal.
546 2907 571 2930 ι.
590 2899 632 2926 11.
672 2899 766 2927 “Gen.
799 2907 817 2933 ι,
844 2900 870 2926 2.
899 2900 922 2935 _'
943 2898 1002 2926 Act.
1022 2907 1102 2934 mu,
1132 2899 1158 2926 8.
