1886 3071
141 172 212 205 1285

622 172 674 203 AD
691 172 940 209 QUIESTIUNES
960 171 1322 206 AMPHILOCHIANAS.‘

1722 175 1791 208 1286

139 238 254 263 στασις;
279 229 338 257 ἀλλ’
353 228 378 256 ει
397 228 448 264 μὲν
468 228 629 263 ὑπόστασις,
643 229 702 257 ἐστι
727 231 756 258 δὲ
781 231 829 258 καὶ
851 232 882 258 τὸ
901 233 926 267 μὴ

992 231 1078 259 sona?
1099 230 1128 259 Si
1150 231 1262 267 quidem
1279 238 1408 268 persona,
1421 231 1524 268 quippe
1538 239 1600 269 quae
1611 237 1653 261 est
1672 241 1724 261 non
1743 241 1792 268 ap-

138 276 311 311 φαινὸμενον,
328 276 388 312 ἦτοι
412 277 429 311 ἠ
451 275 500 303 τοῦ
521 276 610 310 Λόγου
626 277 788 311 ὑπόστασις,
804 278 850 305 δύο
871 279 936 314 ἄρα,

135 324 206 358 ὅπερ
220 323 332 350 ἄτοπον.
345 324 376 350 Εἰ
389 323 418 350 δὲ
433 323 514 358 φύσις
525 344 532 356 ,
551 323 636 351 πλείω
651 325 685 351 τὰ
698 324 786 352 ἄτοπα
796 333 803 340 ·
821 326 937 353 καθόλου

135 377 165 396 τε
180 369 234 404 γὰρ
246 370 294 397 καὶ
307 369 460 405 ὀφθαλμοῖς
474 370 524 397 οὐκ
541 370 615 398 ἔστιν
629 372 716 406 ὁρατὴ
729 372 871 406 (ἐννοεῖται
883 372 937 408 γὰρ

135 415 184 442 καὶ
200 415 272 443 κατὰ
286 415 440 451 πλειόνων)’
457 417 517 449 πῶς
533 417 589 452 δὲῆ
603 419 790 452 κυοφορεῖται,
804 418 821 454 ἢ
839 419 938 452 γεννᾶ-

134 470 180 488 ται
194 461 292 496 φύσιςς
316 462 364 489 καὶ
390 462 478 498 μυρία
500 462 579 490 ἄλλα.
595 462 665 490 ῡὺτε
681 464 774 497 φύσις,
790 464 853 491 οὔτε
868 465 937 492 ὑπό-

135 516 241 540 στασις,
253 508 322 535 ἀλλὰ
339 509 422 544 μέρος
439 509 489 544 τῆς
505 509 552 536 1:06
570 510 656 545 Λόγου
674 511 801 538 συνθέτου
815 511 938 539 ὑποστά-

135 562 216 586 σεως,
229 554 299 590 ὅπερ
317 555 392 582 ἐστὶν
408 555 602 583 ἐνυπόστατον.
628 557 658 583 El
677 557 706 583 δὲ
724 558 772 584 καὶ
788 557 938 585 ὑπόστασιν

133 608 177 631 τις
190 599 258 627 αὐτὸ
272 600 322 626 οὐκ
335 600 420 635 ἄλλην
433 602 508 637 παρὰ
522 601 572 638 τὴν
585 602 632 629 τοῦ
647 602 746 637 Λόγου,
764 603 894 638 προσθεὶς
909 605 938 631 ὲν

133 647 166 681 τῇ
181 645 339 682 ἀποκρίσει.
357 648 504 684 ἀποφήνῃ,
522 648 592 682 τάχα
607 648 640 675 ἂν
653 648 684 675 οὑ
701 649 794 680 κακῶς
810 651 854 685 εἴη
870 651 938 688 πρός

133 699 166 725 γε
190 692 392 728 Νεστοριανοὺς
423 695 649 730 ἀποκρινόμενος.
672 696 837 732 Ἀχώριστός
862 699 937 724 ἐστιν

134 738 235 773 ἑαυτῆς
250 739 266 774 ἡ
284 739 380 773 Τριὰς,
399 739 416 775 ἢ
440 741 488 767 καὶ
512 741 640 776 ίδιώμασι
663 743 711 769 καὶ
733 743 822 776 λόγοις
845 744 937 779 μόνοις

133 784 291 820 χωρίζεται,
310 786 357 812 καὶ
373 786 422 813 οὐκ
435 786 493 813 ἔστι
505 786 560 814 τῶν
572 787 657 814 όντων
672 788 759 822 οὐδὲν,
773 789 802 816 ὲν
816 786 838 824 ᾧ
851 791 869 824 ή
887 791 937 825 μὲν

132 830 267 865 Πατρικὴ
282 831 415 868 πάρεστιν
430 832 592 865 ὑπόστασις,
605 834 704 861 ἄπεστι
719 835 748 861 δὲ
763 835 778 870 ἡ
792 835 839 862 τοῦ
855 835 935 869 Υἱοῦ,

132 875 148 911 ἢ
166 878 182 911 ἡ
199 876 248 904 τοῦ
262 878 446 913 Πνεύματος,
464 879 522 906 ἀλλ’
537 879 587 906 ὅσα
603 880 754 916 πληροῦται
770 881 820 916 τῆς
831 883 936 916 Πατρι-

992 286 1104 312 parens,
1121 278 1228 306 scilicet
1241 277 1323 306 Verbi
1334 285 1464 314 persona,
1477 279 1532 306 duo
1552 287 1630 314 ergo,
1649 279 1723 315 quod
1742 281 1791 307 ali-

991 323 1105 351 surdum
1111 323 1153 358 .|Si
1165 331 1231 351 vero
1243 328 1352 357 natura,
1362 324 1511 352 absurdum
1522 325 1666 359 accrescit,
1677 334 1726 353 nec
1734 328 1790 361 jam

992 372 1078 395 totum
1092 368 1143 396 hoe
1154 368 1292 404 inspicere
1307 373 1425 404 possunt
1439 370 1511 397 oculi
1528 370 1703 406 (intelligitur
1714 371 1789 398 enim

991 414 1065 441 circa
1084 415 1186 449 plura);
1207 415 1318 450 ecquid,
1339 423 1404 442 num
1424 415 1452 443 in
1477 421 1556 443 utero
1571 420 1708 451 gestatur,
1723 425 1790 444 num

991 460 1115 495 gignitur
1133 461 1252 488 natura?
1274 465 1302 488 et
1320 465 1450 488 sexcenta
1476 461 1539 488 alia.
1563 462 1659 497 Neque
1679 466 1789 496 natura,

991 514 1210 541 nt-quepersona,
1234 507 1281 534 sed
1298 515 1423 542 personae
1449 507 1612 535 coadunata:
1630 508 1711 536 Verbi
1725 516 1790 543 pars

991 560 1052 588 qua:
1063 558 1105 580 est
1121 552 1326 587 personilicata.
1342 552 1409 586 Quae
1426 560 1491 580 vero
1512 553 1535 580 si
1555 553 1618 588 quis
1638 562 1690 588 non
1716 554 1790 582 aliud

990 608 1052 627 esse
1069 607 1152 634 quain
1174 598 1252 627 Verbi
1272 607 1428 634 personam,
1453 607 1586 634 responso
1600 601 1726 635 ampliori
1746 609 1790 628 re-

991 645 1072 678 velet,
1090 653 1140 673 nec
1169 646 1240 672 male
1254 645 1337 672 etiam
1355 646 1386 671 ad
1400 644 1582 673 Nestorianos
1601 647 1789 681 responderit.

990 693 1066 719 Anne
1077 691 1252 719 indivisiliilis
1264 696 1305 719 est
1317 691 1343 718 in
1359 699 1388 718 se
1401 691 1531 723 Trinitas,
1543 696 1591 719 aut
1614 693 1791 727 proprietati-

990 738 1052 770 bus,
1068 741 1116 765 attt
1134 737 1274 765 ationibus
1288 741 1395 764 tantum
1410 737 1558 771 dividitur;
1575 746 1626 766 nec
1639 743 1681 766 est
1706 740 1790 774 quid-

990 783 1055 818 quid
1074 784 1212 811 exsistens
1225 784 1252 810 in
1266 791 1320 818 quo
1334 787 1388 811 stet
1406 783 1498 811 Patris
1512 792 1640 819 persona,
1657 786 1730 813 absit
1741 793 1788 814 au-

989 835 1043 857 tem
1065 829 1150 863 Filii,
1169 829 1211 857 vel
1228 828 1346 863 Spiritus
1371 837 1506 864 persona;
1531 831 1578 858 sed
1591 851 1599 861 .
1619 839 1680 866 qua:
1702 832 1790 867 replet

991 876 1094 909 Patris,
1119 884 1150 903 ea
1169 876 1256 911 replet
1269 876 1351 903 etiam
1375 876 1540 904 alterutrius
1555 877 1671 904 aliorum
1690 885 1785 912 perso-

132 921 191 955 κῆς
206 922 385 955 ὑποστάσεως
395 943 402 955 ,
419 925 466 951 καὶ
482 925 615 960 ἑκατέρας
629 914 684 953 τῶν
703 914 918 963 ἄλλων-πληροὺ

992 931 1025 950 ua
1035 927 1061 950 et
1074 923 1252 958 reciprociter
1262 922 1273 949 τ
1282 922 1351 950 Num
1361 922 1480 950 dicimus
1493 932 1499 951 :
1513 923 1634 950 Persona
1647 923 1713 950 Filii
1724 931 1790 952 caro

130 975 188 1000 ται,
203 969 249 995 κα.)⁸
262 968 292 995 τὸ
308 969 444 996 ἀνάπαλιν
458 979 465 1003 ;
489 971 560 1003 Πῶς,
575 971 700 1005 λέγοντες
723 973 772 1008 τὴν
797 973 845 1000 τοῦ
866 973 936 1000 ΥΙοῦ

132 1013 326 1048 σεσαρχῶσθαι
345 1015 393 1041 καὶ
406 1016 589 1051 γεγεννῆσθαι
601 1017 762 1051 ὑπόστασιν,
778 1019 794 1056 ἦ
806 1019 837 1045 οὑ
849 1020 936 1055 χωρὶς

132 1060 184 1094 μὲν
208 1059 259 1094 τῆς
279 1060 326 1088 τοῦ
343 1062 458 1095 Πατρός
480 1064 528 1089 καὶ
554 1063 602 1090 τοῦ
626 1065 800 1099 Πνεύματος
815 1066 936 1092 ὑποστά-

131 1114 218 1140 σεως,
237 1106 254 1142 ἢ
278 1108 409 1139 κάκείνας
423 1109 589 1145 γεννηθῆναι
605 1111 653 1136 καὶ
670 1112 847 1147 σαρκωθῆναι
870 1121 936 1146 συγ-

130 1151 310 1186 χωρήσομεν;
333 1152 395 1179 Ἐπὶ
406 1153 460 1180 τῶν
471 1155 580 1188 γενέσει
592 1155 640 1182 καὶ
651 1155 739 1191 φθορᾷ
751 1157 863 1184 δυνατόν
876 1159 935 1185 ἐστι

130 1197 216 1230 δεῖξαι
238 1197 328 1232 τοῦτο,
347 1199 391 1226 ἴνα
407 1200 454 1227 καὶ
471 1200 613 1236 ἀχώριστά
635 1202 694 1229 ἐστι
716 1205 749 1238 τῇ
773 1204 933 1237 ὑποστάσει,

130 1244 179 1270 καὶ
193 1244 253 1276 ἐνὸς
268 1245 373 1273 τούτων
385 1247 529 1280 ποιοῦντος
543 1269 550 1281 ,
566 1249 583 1284 ἦ
599 1249 762 1286 πάσχοντος,
784 1253 868 1287 μηδὲν
881 1253 936 1279 τῶν

131 1289 232 1317 λοιπῶν
244 1291 274 1318 τὸ
288 1292 356 1318 αὐτὸ
372 1294 446 1320 ποιεῖ
459 1294 475 1329 ἢ
492 1295 602 1329 πάσχει,
620 1296 711 1331 πολλῷ
728 1297 782 1333 ἄρα
808 1299 873 1334 ῥᾷον
888 1299 935 1325 ἐπὶ

129 1335 186 1362 τῶν
204 1337 318 1365 ἀπαθῶν
340 1340 388 1366 καὶ
407 1340 558 1375 ἀκηράτων
575 1342 752 1370 ὑποστάσεων
773 1344 853 1370 τοῦτο
870 1353 936 1379 συγο

131 1383 241 1417 χωρεῖν.
259 1384 440 1420 Παράδειγμσ.
455 1385 495 1418 δὲ,
511 1386 557 1413 τοῦ
572 1388 667 1422 prope;
683 1389 699 1424 ἡ
717 1390 869 1426 φωτιστικὴ
888 1392 936 1418 καὶ

131 1429 266 1464 καυστικὴ
284 1430 396 1464 ποιότης
408 1439 414 1446 ’
432 1433 506 1458 ποιεί
519 1432 573 1468 γὰρ
586 1433 690 1459 τούτων
705 1434 824 1470 ἑκατέρα
836 1454 843 1466 ,
860 1434 934 1469 ἀχώ-

131 1483 224 1510 ριστος
245 1474 312 1502 οὖσα
334 1477 386 1512 τῆς
405 1477 514 1512 λοιπῆς,
531 1479 578 1506 καὶ
602 1479 684 1514 μηδὲν
710 1480 828 1516 θατέρας
850 1482 878 1507 ἐν
895 1481 935 1516 τῷ

131 1521 219 1546 ποιεῖν
231 1521 282 1555 τῆς
298 1521 397 1556 ἐτέρας
412 1522 668 1558 ποιοὺσης.¹Αλλως
682 1524 710 1551 δὲ
726 1525 750 1552 εἰ
761 1525 789 1552 τὸ
800 1525 933 1561 γεννηθῆ-

130 1575 175 1592 ναι
194 1567 240 1593 τὸν
257 1567 321 1594 Υὶὸν
334 1569 367 1595 ὲκ
379 1569 426 1596 τοῦ
444 1570 552 1606 Πατρός
567 1571 597 1598 οὑ
613 1571 663 1606 τὴν
678 1571 831 1607 ἀχώριστον
847 1571 935 1607 ὓπαρ-

131 1611 172 1645 ξιν
187 1614 238 1648 τῆς
255 1614 346 1640 αὐτῶν
361 1615 548 1648 ὑποστάσεως,
567 1617 583 1652 ἢ
597 1617 682 1652 τόπῳ,
699 1617 715 1651 ἦ
735 1617 833 1652 χρόνῳ,
852 1617 868 1652 ἦ
892 1618 934 1643 ὲν.

131 1659 227 1696 εργείᾳ
252 1661 376 1696 χωρίζει,
392 1662 474 1697 μόνον
498 1663 526 1689 δὲ
551 1663 583 1690 τδ
610 1663 711 1699 ἰδίωμα
733 1664 781 1698 τῆς
808 1663 855 1690 τοῦ
872 1663 936 1698 Υξοῦ

130 1707 298 1742 παρίστησιν
314 1709 501 1742 ὑποστάσεως,
517 1710 579 1736 οὑδὲ
593 1710 624 1737 τὸ
641 1711 816 1746 σαρκωθῆναι
840 1710 888 1737 καὶ
904 1710 937 1736 ὲκ

133 1751 272 1787 Παρθένου
293 1755 425 1790 τεχθῆναι
449 1755 564 1790 χωρίσει
592 1756 699 1790 Πατρός
723 1755 740 1791 ἢ
764 1755 934 1790 Πνεύματος,

991 968 1064 995 freta
1078 973 1105 996 et
1125 969 1227 1004 genita,
1246 973 1294 996 aut
1308 969 1370 996 sine
1382 967 1474 995 Patris
1486 974 1512 997 et
1528 969 1649 1004 Spiritus
1665 978 1785 1005 persona

996 1019 1043 1041 aut
1059 1015 1122 1042 illas
1136 1023 1249 1050 quoque
1261 1023 1375 1042 carnem
1394 1015 1480 1042 factas
1492 1021 1519 1042 et
1535 1016 1642 1050 genitas
1657 1017 1788 1044 concedi-

992 1061 1070 1088 mus?
1093 1060 1121 1088 [ιι
1140 1062 1278 1088 creaturis
1302 1065 1330 1088 et
1349 1061 1490 1096 corruptis
1515 1061 1664 1090 ostendere
1687 1070 1788 1098 possu-

992 1115 1053 1134 mus
1064 1107 1130 1141 quia
1144 1111 1209 1134 sunt
1221 1114 1339 1141 persona
1352 1106 1541 1140 indivisibilis,
1567 1111 1604 1138 et,
1623 1115 1654 1134 ex
1677 1107 1718 1135 eis
1731 1117 1788 1135 uno

992 1158 1101 1188 agente,
1127 1153 1171 1180 vel
1198 1154 1329 1188 patiente,
1343 1158 1511 1180 creterorum
1543 1153 1612 1180 nihil
1629 1153 1701 1180 idem
1729 1154 1788 1186 agit

989 1198 1032 1225 Vel
1061 1198 1180 1233 patitur;
1208 1198 1285 1233 atqui
1313 1198 1400 1224 multo
1417 1197 1524 1225 facilius
1544 1202 1587 1225 est
1610 1199 1789 1234 impassibili-

992 1244 1258 1278 lmsr-tincorruptis
1271 1244 1400 1278 personis
1420 1243 1487 1270 illud
1499 1243 1663 1271 concedere.
1689 1243 1787 1271 Exem-

992 1292 1066 1325 plum
1087 1291 1122 1318 sit
1134 1291 1160 1317 in
1178 1290 1240 1324 igne
1253 1291 1348 1317 lucens
1363 1294 1390 1317 et
1403 1298 1485 1317 urens
1499 1290 1621 1324 qualitas
1635 1300 1642 1317 ε
1671 1295 1788 1325 utraque

990 1337 1063 1362 enim
1081 1343 1176 1363 earum
1196 1335 1253 1370 agit
1268 1335 1386 1362 indivise
1408 1335 1442 1361 ab
1459 1334 1557 1366 altera,
1576 1341 1626 1362 nec
1650 1334 1787 1362 alterutra

991 1383 1046 1413 agit
1065 1383 1091 1409 in
1105 1382 1214 1409 actione
1235 1381 1350 1409 alterius
1362 1381 1482 1416 agentis.
1498 1381 1559 1408 Alio
1582 1380 1663 1408 modo
1675 1381 1786 1416 siquod

990 1428 1078 1456 Filius
1094 1436 1109 1455 a
1130 1427 1211 1455 Patre
1230 1427 1365 1462 gignitur,
1388 1435 1442 1454 non
1475 1427 1536 1454 ideo
1552 1427 1669 1455 indivisa
1688 1435 1786 1455 eorum

991 1483 1116 1510 put-some
1131 1474 1294 1502 exsistentia
1304 1473 1440 1500 dividitur
1451 1474 1493 1500 vel
1509 1474 1581 1506 loco,
1595 1474 1636 1501 vel
1651 1479 1786 1510 tempore,

990 1523 1031 1548 vel
1051 1522 1163 1553 virtute,
1177 1520 1225 1548 sed
1242 1520 1301 1547 sola
1316 1527 1442 1554 personae
1461 1519 1522 1546 Filii
1538 1520 1712 1555 signiﬁcatur
1723 1529 1787 1556 pro-

991 1571 1112 1604 prii-tas;
1131 1569 1182 1595 vsic
1210 1568 1284 1602 quod
1312 1575 1379 1595 caro
1407 1567 1498 1595 factus
1517 1573 1559 1596 est
1577 1573 1605 1596 et
1634 1577 1649 1596 c
1667 1569 1784 1604 Virgine

992 1622 1085 1647 natus,
1101 1623 1154 1642 non
1166 1615 1228 1642 ideo
1241 1623 1255 1641 a
1272 1614 1367 1647 Patre,
1390 1614 1433 1641 vel
1445 1613 1551 1649 Spiritu
1576 1615 1723 1649 dividitur,
1737 1616 1786 1644 sed

996 1662 1054 1688 sola
1072 1660 1134 1688 Filii
1149 1661 1309 1687 coadunata:
1322 1667 1447 1695 persona:
1464 1660 1641 1695 significatur
1657 1663 1784 1697 proprie-

989 1711 1041 1734 las.
1061 1706 1175 1734 Ferrum
1189 1707 1262 1732 enim
1276 1714 1338 1733 curti
1355 1706 1468 1734 cudilur
1481 1713 1509 1734 ct
1524 1708 1551 1734 itt
1564 1707 1654 1742 aliqua
1672 1716 1784 1736 suarum

989 1753 1154 1788 qualitatum
1171 1751 1330 1783 aﬂ‘cctatur,
1347 1752 1374 1778 in
1388 1753 1524 1788 gravitate
1541 1761 1594 1781 non
1618 1753 1779 1782 alfectatur.

131 1797 231 1834 ίδὶωμα
247 1799 275 1825 δὲ
290 1800 371 1834 μόνον
384 1800 435 1836 τῆς
449 1799 496 1827 τοῦ
513 1800 579 1828 Υἱοῦ
603 1801 732 1828 συνθέτου
754 1800 932 1830 ὑποστάσεως
952 1798 1141 1833 παραστήσει·
1166 1798 1180 1824 ὁ
1205 1797 1314 1832 σίδηρος
1329 1796 1383 1832 γὰρ
1397 1798 1566 1833 τυπτόμενος
1598 1799 1644 1826 καὶ
1672 1800 1784 1836 πάσχων

130 1847 202 1874 κατὰ
215 1855 279 1874 τινα
297 1847 353 1875 τῶν
375 1848 405 1875 ὲν
429 1848 504 1885 αὑτῷ
518 1850 680 1885 ποιοτήτων,
694 1849 725 1876 οὺ
740 1849 840 1884 πάσχει
855 1848 926 1874 κατὰ
948 1847 1100 1882 βαρύτητα.

814 1918 979 1955 QU.‘EST|O
999 1917 1144 1947 CCXXIX.

520 1980 609 2016 Hujus
626 1981 782 2016 qurestionis
801 1989 864 2016 pars
877 1981 926 2015 prii

992 1987 1022 2005 ἰη
1037 1982 1124 2005 exstat
1141 1984 1222 2011 supra
1243 1975 1293 2003 συί.
1312 1976 1391 2004 1025.

166 2035 200 2071 β’.
218 2037 298 2067 Τινὲς
317 2037 346 2063 δὲ
372 2037 428 2064 τῶν
442 2037 566 2073 ἀρχαίων
579 2039 640 2065 οὐδὲ
661 2039 790 2066 σύνθετον
805 2038 926 2065 ὑπόστα-

130 2091 183 2115 σιν,
200 2082 296 2118 ὦσπερ
309 2082 370 2109 οὐδὲ
383 2083 511 2110 σύνθετον
521 2085 612 2119 φύσιν,
626 2085 780 2120 εἰρήκασιν,
799 2085 868 2111 ἀλλὰ
882 2093 928 2112 σε·

130 2128 313 2164 σαρκωμένην
328 2129 378 2163 μὲν
391 2129 438 2156 τοῦ
456 2129 544 2164 Λόγου
560 2130 710 2158 ὑπόστασιν
730 2131 778 2157 καὶ
792 2131 926 2167 ἄσαρκον,

130 2173 260 2200 σύνθετον
288 2174 317 2200 δὲ
343 2174 446 2201 οὐκέτι.
464 2175 496 2202 01.
524 2175 552 2202 δὲ
578 2176 706 2211 νεώτεροι
729 2177 775 2203 καὶ
789 2176 926 2210 σύνθετον,

128 2217 218 2253 οἶμαι,
235 2219 297 2246 ἀντὶ
309 2219 356 2246 τοῦ
372 2221 584 2256 σεσαρκωμένου
601 2221 649 2248 καὶ
662 2221 743 2257 μόνου
763 2221 842 2249 τοῦτο
857 2222 927 2258 λαμ-

128 2266 268 2298 6άνοντες.
291 2266 372 2293 Ἀλλά
391 2267 458 2301 φασί
471 2275 545 2299 τινες
557 2276 564 2283 ·
584 2267 646 2301 [Ιῶς
663 2267 711 2296 οὖν
740 2269 770 2295 τὸ
797 2268 924 2296 σύνθετον

127 2311 228 2338 ταὺτδν
240 2311 279 2347 τῷ
294 2311 388 2347 ἀπλῷς
409 2312 457 2338 καὶ
479 2312 534 2347 γὰρ
553 2312 617 2340 οετε
631 2314 661 2340 τὸ
672 2314 792 2346 ἁπλοῦν,
813 2315 881 2350 ὅπερ
898 2315 928 2342 τὸ

129 2357 270 2390 σύνθετον,
288 2358 352 2385 οὔτε
365 2359 396 2385 τὸ
412 2358 551 2393 σύνθετον,
570 2360 640 2396 ὅπερ
652 2360 682 2388 τὸ
703 2361 821 2389 ἁπλοῦν·
839 2361 928 2388 ἄτοπα

128 2404 158 2431 δὲ
171 2404 268 2431 ταῦτα.
287 2404 382 2436 Οὕτως
397 2405 444 2431 καὶ
459 2406 489 2432 ὲν
506 2406 540 2441 τῇ
557 2406 632 2441 ἁπλῇ
643 2406 691 2433 τοῦ
705 2407 794 2441 Λόγου
807 2406 928 2433 ὑποστά-

130 2459 172 2477 σει
187 2451 218 2477 τὸ
232 2451 403 2487 πρόσκαιρον
421 2452 468 2479 καὶ
479 2453 619 2488 ἠργμένον
631 2474 637 2483 ,
654 2453 749 2488 ὥσπερ
770 2455 798 2480 ὲν
817 2455 850 2488 τῇ
866 2462 929 2480 συν-

128 2495 215 2532 θέτην
235 2496 283 2522 καὶ
297 2497 366 2524 ἄλλα
382 2497 478 2533 μυρία.
497 2498 553 2525 Καὶ
569 2498 598 2524 ἐν
611 2499 646 2534 τῇ
664 2497 784 2534 συνθέτῳ
805 2498 888 2525 πάλιν
898 2498 928 2524 τὸ

130 2543 216 2578 μηδὲν
229 2543 370 2578 ἠργμένον
385 2543 512 2579 ὁρᾶσθαι.
529 2544 578 2570 καὶ
594 2544 673 2576 τέλος
699 2544 767 2580 μηδὲ
786 2544 929 2580 σεσαρκῶ-

129 2590 209 2616 σθαι·
220 2590 308 2617 ταῦτα
325 2590 381 2626 γὰρ
396 2591 412 2626 ἡ
426 2591 500 2625 ἁπλῆ
510 2599 516 2606 ⁸
537 2591 586 2618 καὶ
602 2591 648 2618 διὰ
662 2591 749 2619 ταῦτα
764 2593 811 2619 καὶ
824 2592 860 2619 τὰ
873 2601 929 2619 τοι·

129 2635 199 2663 αῦτα
209 2636 233 2663 οί
250 2636 362 2664 παλαιοὶ
375 2636 406 2663 τὸ
420 2637 550 2663 σύνθετον
567 2638 751 2673 παρῃτοῦντο.
773 2638 810 2665 Ἦ
826 2638 874 2665 καὶ
890 2638 928 2674 μὴ

130 2681 257 2709 σύνθετον
283 2681 409 2717 λέγομεν,
425 2682 484 2709 ἀλλ’
492 2682 580 2715 ἁπλῆν
593 2683 646 2714 ἀεὶ,
656 2683 777 2719 ἄσαρκον
786 2683 813 2710 δὲ
829 2684 875 2710 καὶ
885 2691 927 2710 σε-

129 2728 311 2764 σαρχωμένην
318 2728 513 2764 λαμϐάνοντες,
525 2729 612 2756 ταύτὰ
623 2729 820 2764 ἕψεται-εἰγάρ
831 2729 928 2765 ὲστινὴ

128 2773 197 2808 αὐτὴ
210 2773 359 2805 ὑπόστασις
372 2774 418 2800 καὶ
437 2774 486 2810 μία
500 2775 517 2810 ή
534 2774 654 2810 ἄσαρκος
666 2776 700 2811 τῇ
717 2775 928 2812 σεσαρκωμὲνῃ,

128 2819 146 2854 ἢ
158 2819 192 2846 τὰ
204 2819 253 2854 τῆς
265 2820 461 2855 ἀσάρκου,“,τῆς
477 2821 703 2856 σεσαρκωμένης,
717 2821 766 2848 καὶ
777 2823 811 2849 τὰ
823 2823 874 2858 τῆς
889 2831 930 2848 σε-

130 2865 314 2901 σαρκωμένης
326 2865 375 2901 τῆς
382 2866 504 2901 ἀσάρκου
515 2867 603 2901 ἔσται,
617 2867 645 2903 ἢ,
660 2869 684 2895 εί
698 2868 746 2895 καὶ
763 2868 776 2903 ἡ
792 2868 862 2904 αὑτὴ
881 2869 929 2895 καὶ

131 2910 180 2945 μία
189 2912 262 2939 ἐστὶν
273 2912 446 2948 ὐπόστασιςῆ
458 2921 487 2940 τε
498 2913 620 2950 ἄσαρκος
631 2914 678 2942 καὶ
691 2914 708 2950 ἡ
719 2915 929 2952 εεσαρκωμένη,

943 2253 965 2281 D

1014 2035 1042 2063 Ξ.
1068 2034 1138 2062 Sunt
1161 2039 1283 2062 veterum
1306 2033 1417 2068 quidam
1433 2033 1479 2068 qui
1495 2042 1582 2070 neque
1597 2036 1779 2070 compositam

980 2081 1163 2117 Iiypostasim,
1188 2089 1276 2116 neque
1303 2081 1485 2115 compositam
1498 2085 1624 2108 naturam
1643 2090 1716 2116 esse,
1733 2084 1782 2112 sed

980 2127 1151 2154 int-arnatam
1168 2125 1250 2153 Verbi
1277 2126 1450 2161 hypostasim
1467 2131 1494 2154 et
1511 2134 1566 2155 non
1584 2128 1758 2156 incarnalam
1775 2149 1782 2161 ,

980 2181 1034 2200 non
1072 2180 1138 2200 vero
1160 2173 1339 2207 compositura
1356 2180 1418 2200 esse
1439 2173 1578 2202 dixerunt.
1603 2174 1781 2204 ltecentiOres

979 2224 1072 2246 autem
1102 2219 1309 2254 compositum,
1340 2222 1369 2245 ut
1395 2219 1525 2250 videtur,
1555 2228 1605 2255 pro
1636 2220 1780 2248 incarnato

979 2265 1152 2293 solummodo
1200 2265 1366 2292 habuerunt.
1409 2265 1445 2293 At
1492 2266 1588 2293 dicunt
1629 2268 1779 2294 nonnulli:

980 2311 1104 2343 Quonam
1118 2311 1198 2338 modo
1214 2312 1397 2345 compositum
1421 2319 1505 2338 unutn
1530 2316 1557 2339 et
1582 2311 1652 2339 idern
1669 2320 1701 2340 ac
1714 2313 1781 2340 siui-

981 2357 1039 2391 plcx
1054 2356 1065 2382 ?
1081 2355 1205 2391 Namque
1223 2364 1311 2391 neque
1327 2357 1443 2392 simplex
1457 2359 1612 2392 composito
1623 2359 1779 2392 consimile,

981 2411 1069 2438 neque
1107 2403 1291 2438 compositum
1328 2403 1478 2438 simplici:
1512 2412 1572 2439 qua:
1611 2405 1690 2440 plane
1728 2406 1779 2433 ab~

980 2449 1219 2478 surda.Similiter
1235 2450 1261 2477 in
1279 2450 1398 2485 simplici
1409 2449 1491 2478 Verbi
1508 2451 1651 2486 hypostasi
1669 2453 1780 2481 exsisrit

980 2497 1148 2531 contingens
1165 2500 1191 2524 et
1208 2501 1343 2530 creatum,
1361 2500 1391 2523 ut
1418 2498 1445 2524 in
1467 2497 1639 2532 composito;
1665 2502 1691 2525 et
1719 2506 1780 2526 sex-

980 2548 1061 2570 centa
1076 2543 1141 2570 alia.
1156 2541 1191 2569 Et
1215 2542 1243 2569 in
1260 2542 1424 2577 composito,
1444 2551 1533 2577 neque
1548 2543 1633 2570 ullum
1654 2548 1777 2570 creatum

981 2588 1130 2620 invenitur,
1150 2595 1240 2622 neque
1255 2588 1432 2615 incarnatum
1452 2588 1561 2616 videtur
1578 2597 1584 2616 :
1605 2593 1670 2616 sunt
1686 2594 1777 2616 autem

980 2634 1038 2661 limo
1054 2634 1079 2660 in
1101 2633 1240 2667 simplici;
1261 2634 1325 2661 talia
1349 2638 1414 2662 sunt
1439 2634 1600 2669 similiaque
1620 2635 1707 2661 multa
1733 2642 1778 2662 ar-

980 2684 1109 2715 gumenta
1126 2679 1227 2714 quibus
1245 2684 1352 2707 veteres
1377 2681 1561 2715 compositum
1582 2680 1774 2715 repudiarunt.

980 2726 1065 2754 Visne
1094 2735 1148 2754 non
1177 2727 1358 2762 compositam
1388 2728 1526 2760 dicamus,
1550 2727 1597 2754 sed
1621 2729 1774 2763 simplicem

981 2780 1098 2808 semper,
1116 2773 1285 2801 incarnalam
1305 2779 1332 2801 et
1350 2782 1405 2801 non
1429 2774 1599 2801 iucarnatam
1620 2781 1754 2810 ponentes
1766 2775 1778 2788 ᾖ

981 2823 1133 2855 sequentur
1146 2820 1243 2847 eadem
1262 2829 1269 2848 :
1285 2828 1404 2855 namque
1418 2820 1439 2847 si
1458 2828 1511 2848 non
1527 2821 1670 2848 incantata
1687 2826 1714 2848 et
1735 2822 1741 2848 i

981 2870 1093 2894 carnata
1120 2866 1277 2902 ltypostasis
1300 2871 1365 2894 sunt
1387 2875 1471 2894 ttnttm
1499 2871 1526 2895 ct
1546 2867 1629 2898 idem.
1650 2872 1698 2894 aut
1720 2877 1745 2894 ΙΙι

981 2914 1135 2942 incarnattr
1149 2913 1260 2948 propria
1276 2914 1385 2941 incrunt
1400 2913 1560 2948 iucaruata‘,
1583 2918 1609 2941 ct
1626 2914 1770 2941 ilit‘Jt‘nalu.
