1886 3071
133 175 203 208 1ἓ87

777 185 1002 217 SUPPLEMEN
1006 186 1088 216 TUM

1712 184 1779 218 1288

135 235 247 270 propria
265 243 320 264 non
335 237 503 275 inearnata;
529 247 599 278 aut,
622 244 646 272 si
671 244 828 272 substantia
842 245 936 273 incar-

1024 254 1038 271 κ
1049 244 1158 280 ἀνάγκη
1166 223 1281 271 ιπεὲθαι
1293 243 1329 271 τα
1339 242 1534 279 εΙρημὲνα.ζΟὗ
1544 242 1598 278 γὰρ
1607 241 1720 279 ἐπειδὴὸ
1728 244 1782 270 Πέ-

135 285 201 308 nata
216 285 243 309 et
259 289 314 310 non
331 283 473 313 incarnata
495 295 580 316 unum
596 295 662 317 sunt
673 295 700 318 et
720 291 803 324 idem,
818 291 932 319 minime

135 328 306 361 propositum
328 332 406 366 sequi
424 341 539 362 necesse
564 341 617 365 est.
634 337 783 366 Enimvero
802 339 866 374 quia
884 338 933 366 Pc-

134 375 194 400 trus
209 375 362 404 cruciﬁxus
387 382 414 405 et
440 380 500 407 non
515 382 667 409 cruciﬁxus
689 383 783 411 cadent
802 390 845 412 est
867 385 933 412 sub-

134 419 237 446 SIantia
257 425 282 448 et
307 429 374 456 una,
393 432 448 453 non
474 426 537 454 inde
551 429 678 462 sequitur
694 437 748 456 non
769 430 932 457 cruciﬁxum

134 466 268 494 cruciﬁxo
290 468 409 498 similem
435 479 508 506 esse,
529 474 570 501 vel
593 482 649 502 non
675 476 808 503 cruciﬁxo
841 478 934 504 cruci-

135 508 233 538 ﬁxum.
251 512 316 545 Aut,
336 514 360 541 si
377 515 425 543 tibi
449 517 550 552 placet,
564 520 628 554 quia
644 521 690 554 qui
708 522 817 556 negavit
840 526 867 549 et
888 522 934 557 qui

135 563 188 583 suo
210 559 347 593 sanguine
362 565 480 590 testatus
500 568 526 591 et
551 566 697 594 confessus
715 572 767 599 est.
785 571 850 595 sunt
868 568 935 595 sub-

138 603 240 630 stantia
259 612 311 632 una
332 609 359 634 et
372 607 479 642 eadem,
491 617 556 637 num
581 611 643 639 ideo
659 611 736 639 dices
756 613 882 640 conliteri
909 617 937 640 et

137 656 243 684 negare
262 653 363 680 similia
388 661 462 687 esse,
480 660 527 683 aut
542 664 604 691 qua:
629 658 656 685 in
682 663 800 686 testante
826 659 938 687 homine

135 694 319 724 observantur
331 698 576 736 inveniunturque,
595 702 653 730 haec
669 704 764 730 eadem
778 704 805 731 in
820 709 939 739 negante

136 740 280 769 obServari
297 747 325 771 et
339 745 457 774 inveniri
473 747 484 774 ?
501 755 590 783 neque
609 749 682 776 enim
700 750 772 777 idem
789 755 831 777 est
846 751 940 778 dicere

137 785 310 822 hypostasim
334 798 418 818 unam
441 797 468 819 et
482 794 609 821 eamdem
631 802 703 828 esse,
722 799 749 822 et
769 803 830 830 quae
846 796 872 823 in
892 796 941 832 hy.

134 833 242 865 postasi
252 834 361 863 diversa
376 836 516 871 videntur,
534 847 619 866 unmn
635 845 661 867 et
674 840 745 867 idem
756 849 832 872 esse;
850 843 941 877 qualia

135 878 250 912 quidem
267 886 397 909 sexcenta
415 888 480 910 sunt
499 891 671 920 argumenta.
688 886 734 914 Sic
745 887 845 915 Petrus
861 888 943 915 indu-

982 299 1046 326 τρος
1065 291 1111 317 καὶ
1131 290 1340 326 ἐσταυρωμένος
1356 289 1404 316 καὶ
1417 290 1605 325 ἀσταὺρωτος,
1621 290 1639 325 ἠ
1653 289 1723 324 αὑτὴ
1735 291 1779 317 καὶ

985 336 1034 372 μία
1042 337 1116 363 ἐστὶν
1127 337 1287 369 ὑπόστασις,
1297 335 1314 372 ἢ
1324 336 1519 372 ὁξάσταὺρωτος
1530 335 1568 371 τῷ
1575 336 1784 372 ὲσταυρωμένῳ,

984 382 1000 417 ἢ
1021 384 1034 409 6
1048 383 1256 418 ἐσταυρωμένος
1272 382 1311 418 τῷ
1337 383 1508 418 ἀσταυρώτῳ
1522 383 1570 416 (5).
1585 382 1664 414 Ἢ,εἱ
1683 382 1784 417 βούλει,

984 427 1079 462 ἐπειδὴ
1095 429 1109 454 ὁ
1120 428 1309 463 ἀρνησάμενος
1327 428 1374 454 καὶ
1394 429 1408 454 6
1430 427 1464 453 δι’
1480 427 1597 462 αἵματος
1612 426 1785 462 ὁμολογήσας

985 475 1032 501 καὶ
1049 475 1228 510 μαρτυρήσας
1247 475 1263 509 ἡ
1286 474 1354 509 αὑτὴ
1378 472 1449 510 [καὶ]
1465 473 1515 508 μία
1530 473 1605 500 ἐστὶν
1622 473 1785 506 ὑπόστασις,

985 520 1030 546 διὰ
1048 519 1127 547 τοῦτο
1155 520 1255 547 ταύτὸν
1278 522 1376 556 φήσεις
1402 520 1495 546 καὶτὸ
1512 520 1661 555 μαρτυρεῖν
1676 519 1716 555 τῷ
1735 520 1786 554 ἀρ-

986 567 1102 600 νεῖσθαι,
1116 566 1132 601 ἢ
1147 567 1182 594 τὰ
1197 568 1225 593 ὲν
1240 566 1278 602 τῷ
1296 566 1481 602 μαρτυροῦντι
1494 566 1629 602 ὁραθέντα
1646 566 1694 593 καὶ
1710 566 1789 601 εὑρε-

989 611 1069 638 θέντα
1094 611 1213 647 ὀρᾶσθαι
1242 611 1290 638 καὶ
1309 610 1488 646 εὑρίσκεσθαι
1511 612 1540 637 ὲν
1555 610 1594 645 τῷ
1615 610 1788 646 ἀρνουμένῳ.

989 657 1026 683 Οὐ
1049 657 1103 692 γάρ
1120 658 1179 683 ἐστι
1203 656 1302 684 ταύτὸν
1318 657 1348 682 τὸ
1368 656 1462 690 λέγειν
1485 656 1535 691 τὴν
1553 655 1704 682 ὑπόστασιν
1723 656 1788 690 μίαν

989 702 1037 728 καὶ
1054 701 1103 737 τὴν
1120 701 1206 738 αὐτὴν
1232 700 1315 733 εἶναι,
1329 701 1377 728 καὶ
1394 701 1426 727 τὸ
1439 701 1475 727 τὰ
1490 701 1555 736 περὶ
1571 701 1621 736 τὴν
1638 700 1788 727 ὑπόστασιν

990 749 1117 784 ὁρώμενα
1132 748 1269 784 διαφόρως
1281 748 1310 774 ἓν
1321 749 1369 774 καὶ
1380 747 1468 774 ταῦτα
1483 745 1554 774 εἶναι
1564 755 1571 762 ·
1590 747 1676 783 μυρία
1685 747 1714 774 δέ
1731 747 1789 773 ἔστι

992 795 1213 829 παραδείγματα.
1233 794 1261 820 '0
1278 793 1453 828 ἐνδεδυμένος
1467 793 1582 828 Πέτρος,
1593 794 1618 820 εἱ
1640 792 1730 828 τύχοι,
1743 793 1790 819 καὶ

993 841 1007 867 ὁ
1017 840 1132 875 γυμνὸς,
1143 841 1156 867 ὁ
1172 841 1318 874 φιλόσοφος
1333 841 1481 876 Σωκράτης
1496 841 1544 866 καὶ
1555 840 1568 865 6
1579 839 1615 875 μὴ
1630 840 1790 874 φιλόσοφος,

995 889 1009 915 ὁ
1024 888 1158 924 πρότερον
1173 888 1292 922 διώκτης
1313 887 1429 919 Παῦλος,
1445 887 1493 914 καὶ
1508 889 1523 914 ὁ
1543 886 1642 923 κῆρυξ,
1659 886 1708 913 καὶ¹
1724 885 1791 912 ἄλλα

135 926 193 955 tus,
203 924 226 951 si
242 931 326 957 esset,
347 932 374 954 et
391 929 492 963 nudus,
505 930 634 958 Socrates
646 932 827 968 philosophus
844 937 870 960 et
884 941 938 961 non

1024 941 1107 969 ιειρα,
1122 931 1159 960 ὧν
1176 935 1225 969 μία
1242 933 1291 969 μέν
1305 934 1380 960 ἐστιν
1397 935 1414 969 ἡ
1432 934 1582 965 ὑπόστασις
1611 933 1659 959 καὶ
1676 933 1694 968 ἡ
1710 931 1791 965 αὐτὴ,

139 969 336 1006 philosophus,
365 972 469 1002 Paulus
501 980 580 1003 antea
619 982 791 1012 persecutor,
822 978 935 1013 posthac

1024 979 1066 1005 ,Bé
1081 980 1144 1015 περὶ
1162 979 1214 1015 τὴν
1225 979 1375 1006 ὑπόστασιν
1393 979 1454 1014 οὐχὶ
1469 979 1565 1006 ταύτά.

136 1017 314 1064 praedicator.
336 1024 364 1046 et
386 1021 528 1055 complura
551 1023 622 1064 alia.
637 1031 756 1058 quorum
797 1033 853 1053 una
873 1030 917 1053 est
948 1029 976 1053 ct
996 1025 1092 1053 cadem
1118 1026 1288 1062 hypostasis,
1318 1033 1436 1061 quorum
1461 1032 1528 1052 vero
1554 1024 1588 1052 ad
1619 1022 1793 1060 hypostasim

140 1063 235 1091 eontin
245 1065 347 1101 gentia,
361 1066 514 1096 dissimilia.

139 1114 305 1148 QUIESTlO
337 1118 468 1147 CCXXX.
497 1120 601 1156 [CoisL
631 1122 715 1152 Taur.
748 1123 942 1160 LXXXVIII.]

439 1166 478 1193 De
503 1167 652 1196 divinitate.

174 1208 200 1237 1.
216 1209 313 1238 Utrum
330 1211 461 1240 divinitas
471 1219 497 1240 et
521 1213 593 1243 Deus
619 1223 703 1243 unum
720 1223 755 1243 an
785 1216 939 1244 differens?

137 1254 207 1283 Etsi
224 1256 363 1291 diﬁereus,
381 1260 446 1294 quid
463 1265 505 1288 est
520 1260 584 1295 hoc,
617 1266 644 1289 et
660 1263 725 1297 quid
742 1268 818 1290 extra
849 1263 934 1291 Deum

138 1301 291 1330 divinitas?
306 1303 334 1331 Si
352 1312 447 1338 unum,
466 1306 656 1341 hypostasinm
673 1316 788 1343 quasque
808 1309 878 1338 Deus
891 1315 933 1338 est

136 1351 164 1375 et
173 1348 312 1376 divinitas.
330 1350 430 1378 Errant
440 1352 556 1379 maxime
568 1355 613 1387 qui
623 1354 748 1382 vocabuli
760 1354 875 1382 fortnam
888 1364 933 1382 ar-

137 1398 225 1429 guunt
235 1395 299 1430 quia
316 1396 447 1425 divinitas
465 1397 596 1426 feminina
617 1405 659 1428 est
676 1408 739 1431 vox,
755 1408 810 1428 non
841 1405 932 1428 autem

136 1441 324 1475 hypostases:
346 1443 382 1469 ita
399 1443 473 1470 enim
499 1452 553 1471 non
574 1444 678 1480 justum
706 1450 766 1473 erat
799 1446 932 1481 Spiritum

134 1485 220 1513 Deum
246 1487 299 1515 dici
318 1497 327 1516 :
351 1489 453 1524 quippe
475 1489 590 1517 alterum
605 1490 696 1518 neutri
725 1493 845 1526 generis,
865 1493 932 1520 alte-

136 1540 198 1559 rum
225 1534 389 1568 masculini;
413 1543 502 1570 neque
526 1536 645 1570 Patrem,
669 1536 770 1564 Filium
795 1542 822 1564 et
841 1537 931 1572 Spiri-

139 1581 196 1602 tum
210 1578 490 1613 unamhypostasim:
507 1581 609 1615 quippe
639 1589 757 1616 quorum
787 1581 926 1608 absimilia

141 1626 208 1649 sunt
225 1623 420 1650 vocabulorum
437 1632 554 1658 genera;
570 1633 666 1661 neque
697 1627 836 1654 hominem
870 1627 933 1653 aui-

139 1668 194 1695 mal
209 1668 251 1695 vel
265 1676 314 1696 eus
331 1670 463 1705 appellari
477 1679 485 1705 ;
501 1676 528 1699 et
545 1673 586 1700 sic
599 1673 652 1700 alia
664 1673 759 1700 multa.
774 1672 833 1701 Non
849 1674 932 1709 igitur

141 1722 273 1749 generqu
286 1716 431 1744 distinctio
447 1724 530 1746 causa
546 1722 590 1746 est
617 1726 668 1746 cur
690 1718 799 1747 Patrem
818 1725 861 1746 aut
886 1719 932 1747 Fi-

137 1760 204 1787 lium
223 1766 270 1788 aut
299 1761 432 1797 Spiritum
460 1763 631 1791 divinitatem
662 1765 799 1792 nominari
823 1765 933 1793 dubite-

134 1815 209 1835 mus.
236 1806 321 1836 ﬂecte
336 1809 440 1836 dixeris
465 1809 522 1837 haec
548 1810 619 1837 idem
644 1818 754 1843 sonare,
770 1812 932 1839 sicuthomo

136 1858 164 1880 et
182 1853 350 1887 humanitas,
365 1859 412 1882 aut
427 1855 501 1883 sicut
517 1863 710 1891 nuncupat-tus
721 1856 863 1884 Socratem
881 1858 932 1884 ho-

135 1899 238 1927 minem
248 1908 301 1928 uon
315 1905 405 1928 autem
420 1901 728 1938 lmmanitatem;idque
737 1904 820 1931 etiam
834 1904 867 1932 de
877 1903 933 1931 Deo

133 1950 161 1972 ct
172 1945 315 1974 divinitate
329 1947 425 1982 patet?
440 1947 537 1975 Nonne
549 1953 592 1976 est
606 1949 659 1977 hoc
676 1949 861 1977 diﬂicultalem
877 1958 932 1978 non

134 1991 279 2026 solventia,
295 1993 343 2020 sed
363 1994 455 2028 potius
479 1996 622 2031 augentis?
644 1995 711 2022 Nam
730 1996 753 2023 si
774 1999 931 2024 consonant

133 2036 216 2066 homo
233 2043 261 2066 et
278 2039 445 2073 humanitas,
462 2048 512 2068 cur
524 2048 589 2074 non,
603 2049 665 2068 cum
679 2041 760 2068 homo
774 2042 930 2075 adhibetur,

134 2083 295 2113 humanitas
326 2093 435 2122 quoque
464 2087 647 2115 adhibeatur?
679 2086 793 2116 Videtur
820 2088 931 2123 quidem

139 2132 281 2159 nonnullis
300 2133 369 2160 nihil
398 2134 542 2170 impedire,
569 2139 596 2162 ct
625 2134 699 2162 idem
729 2143 790 2163 esse
808 2134 891 2162 homo
906 2139 932 2162 et

136 2177 306 2212 humanitas,
321 2179 394 2208 Deus
408 2185 435 2208 et
455 2181 598 2215 divinitas,
610 2185 637 2209 et
655 2181 769 2209 alterius
786 2181 845 2209 vice
861 2182 929 2209 alte-

135 2231 195 2251 rmn
207 2225 332 2254 adhiberi
347 2235 354 2253 :
371 2226 474 2261 quippe
490 2227 573 2254 homo
592 2232 619 2254 et
634 2227 755 2255 hominis
773 2233 883 2259 natura,
904 2231 931 2255 et

1265 1125 1435 1152 ΕΡΩἹῊΣΙΣ
1455 1125 1518 1152 ΣΝ.

1270 1170 1337 1204 Περὶ
1354 1171 1506 1204 θεότητος.

1023 1221 1056 1245 α’.
1071 1218 1200 1254 Πότερον,
1223 1217 1240 1250 ἡ
1260 1216 1355 1251 θεότης
1377 1217 1424 1243 καὶ
1438 1216 1468 1243 τὸ
1489 1215 1555 1247 Θεὸς
1578 1214 1678 1242 ταύτόν
1705 1215 1792 1248 ἐστιν,

985 1264 1001 1300 ἢ
1018 1264 1130 1299 ἕτερον;
1145 1265 1171 1290 ει
1188 1264 1237 1298 μὲν
1261 1263 1315 1298 γὰρ
1335 1262 1441 1297 ἕτερον,
1459 1262 1485 1288 τί
1504 1262 1593 1293 τοῦτο,
1608 1262 1653 1288 καὶ
1666 1262 1694 1288 τί
1717 1262 1794 1297 παρὰ

987 1310 1033 1336 τὸν
1049 1309 1278 1345 Θεὸνὴθεότης;
1307 1310 1331 1335 εἰ
1357 1309 1385 1335 δὲ
1415 1309 1525 1341 ταύτὸν,
1555 1307 1657 1334 ἔστιδὲ
1683 1308 1791 1343 ἑκάστη

986 1355 1040 1382 τῶν
1051 1356 1229 1382 ὕποστάσεων
1263 1355 1316 1381 τῶν
1347 1355 1431 1390 τριῶν
1449 1354 1527 1386 Θεὸς,
1540 1354 1587 1381 καὶ
1610 1354 1710 1388 οεότης
1724 1354 1789 1389 ἄρα.

985 1402 1017 1429 Ol
1033 1401 1082 1436 μὲν
1100 1399 1147 1428 οὖν
1160 1400 1191 1427 τὸ
1204 1400 1298 1435 σχῆμα
1329 1400 1378 1434 τῆς
1396 1399 1495 1433 λέξεως
1523 1397 1696 1434 αἰτιώμενοι,
1715 1400 1758 1426 ὅτι
1775 1399 1791 1432 ἡ

987 1448 1036 1482 μὲν
1049 1447 1146 1482 θεότης
1181 1445 1308 1481 θηλυκῶς
1333 1446 1512 1481 προφέρεται,
1538 1445 1587 1479 οὐχ
1614 1444 1706 1477 οὕτως
1716 1445 1746 1472 δὲ
1764 1445 1792 1472 αἱ

986 1492 1162 1524 ὑποστάσεις,
1185 1492 1355 1518 πλανῶνται·
1372 1491 1426 1518 ἔδει
1448 1491 1504 1527 γὰρ
1525 1491 1592 1526 μηδὲ
1607 1491 1638 1517 τὸ
1664 1491 1792 1526 Πνεῦμα

987 1537 1114 1572 λέγεσθαι
1130 1538 1212 1564 Θεόν·
1229 1538 1258 1564 τὸ
1277 1538 1325 1572 μὲν
1341 1537 1396 1573 γὰρ
1416 1537 1568 1573 οὐδέτερον,
1584 1537 1615 1563 τὸ
1628 1537 1655 1563 δὲ
1675 1538 1792 1572 σχήμαδ

985 1593 1030 1615 τος
1042 1584 1187 1620 ἀρσενικοῦ
1200 1592 1207 1599 ⁸
1226 1584 1267 1611 ἐτι
1281 1584 1342 1611 οὐδὲ
1368 1584 1414 1610 τὸν
1435 1583 1556 1617 Πατέρα
1582 1584 1631 1610 καὶ
1649 1583 1697 1609 τὸν
1721 1584 1792 1610 Υιὸν

984 1631 1032 1658 καὶ
1052 1631 1082 1658 τὸ
1109 1632 1231 1666 Πνεῦμα
1257 1632 1321 1667 μίαν
1340 1631 1454 1658 οὐσίανο
1476 1631 1654 1665 ἀνομοιογενῆ
1682 1630 1741 1665 γὰρ
1756 1630 1791 1656 τὰ

984 1677 1103 1712 ὀνόματα
1115 1685 1123 1693 ·
1141 1677 1201 1704 οὐδὲ
1221 1676 1268 1703 τὸν
1290 1677 1448 1712 ἄνθρωπον,
1468 1675 1536 1708 ζῶον
1549 1696 1557 1708 ,
1577 1675 1594 1711 ἢ
1610 1675 1721 1708 οὐσίαν,
1740 1675 1789 1701 καὶ

984 1723 1052 1751 ἄλλα
1065 1723 1179 1758 ἄπειρα.
1208 1723 1266 1750 Οὐκ
1283 1724 1338 1759 ἄρα
1356 1724 1386 1750 τὸ
1403 1722 1607 1758 ἀνομοιογενὲς,
1634 1721 1726 1748 αῑτιον
1741 1720 1792 1748 τοῦ

985 1770 1023 1805 μὴ
1039 1769 1166 1803 λέγεσθαι
1181 1770 1225 1797 τὸν
1243 1769 1367 1803 Πατέρα,
1390 1769 1408 1805 ἢ
1422 1769 1468 1796 τὸν
1488 1768 1567 1800 Υἱὸν,
1583 1767 1599 1803 ἢ
1612 1767 1643 1794 τὸ
1659 1767 1790 1801 Πνεῦμα

985 1815 1111 1850 θεότητα,
1139 1815 1234 1850 ὥσπερ
1261 1815 1338 1842 Θεόν.
1367 1815 1402 1841 ’Ἡ
1419 1814 1492 1840 ἔστιν
1508 1814 1607 1843 εἰπεῖν,
1630 1813 1671 1839 ὅτι
1686 1811 1791 1838 ταύτόν

983 1858 1042 1885 ἐστι
1053 1858 1150 1891 ταῦτα,
1169 1859 1265 1895 ὥσπερ
1276 1859 1306 1885 τὸ
1318 1859 1461 1894 ἄνθρωπος
1479 1858 1526 1884 καὶ
1542 1857 1573 1884 τὸ
1590 1856 1790 1892 ἀνθρωπὸτης,

984 1904 1041 1931 ἀλλ’
1056 1904 1152 1940 ὥσπερ
1166 1905 1284 1940 λέγομεν
1310 1904 1357 1931 τὸν
1380 1904 1530 1940 Σωκράτην
1556 1903 1703 1939 ἄνθρωπον
1729 1903 1789 1939 μὲν,

983 1952 1032 1978 οὐκ
1059 1952 1260 1988 ἀνθρωπότητα
1289 1951 1329 1982 δὲ,
1355 1951 1443 1983 οὕτως
1458 1951 1506 1977 καὶ
1519 1951 1564 1977 ἐπὶ
1579 1950 1627 1977 τοῦ
1656 1949 1727 1982 Θεὸς
1740 1950 1789 1977 καὶ

983 1997 1089 2032 θεότης.
1105 1998 1140 2023 Ἦ
1152 1996 1231 2023 τοῦτο
1242 1998 1272 2023 οὐ
1291 1996 1411 2028 λύοντος,
1426 1995 1483 2023 ἀλλ’
1503 1995 1630 2028 αὕξοντός
1651 1996 1712 2022 ἐστι
1738 1994 1789 2029 τὴν

983 2044 1119 2080 ἀπορίαν;
1136 2044 1160 2069 εἰ
1172 2043 1226 2078 γὰρ
1238 2043 1338 2070 ταύτὸν
1351 2043 1365 2069 ὁ
1376 2042 1519 2076 ἄνθρωπος
1531 2042 1579 2067 καὶ
1592 2041 1788 2076 ἀνορωπὸτης,

983 2090 1042 2122 πῶς
1062 2090 1110 2125 μὴ,
1129 2090 1172 2124 ἐφ’
1185 2086 1222 2116 ὧν
1245 2089 1274 2115 τὸ
1304 2089 1450 2123 ἄνθρωπος
1477 2087 1601 2121 λέγεται,
1614 2085 1658 2112 ἐπ’
1669 2086 1788 2112 ἐκείνων

984 2136 1081 2172 ῥηθείη
1097 2136 1145 2162 καὶ
1162 2136 1179 2171 ἡ
1195 2135 1395 2170 ἀνθρωπότης;
1413 2134 1499 2161 Φασ¹ιν
1519 2132 1566 2159 οὖν
1580 2141 1665 2164 τινες,
1686 2132 1729 2158 ὅτι
1743 2131 1789 2157 οὺ-

982 2182 1027 2208 δὲν
1036 2181 1136 2208 κωλύει
1152 2183 1200 2208 καὶ
1214 2181 1313 2207 ταύτὸν
1327 2178 1397 2206 εἶναι
1412 2180 1442 2206 τὸ
1456 2180 1600 2215 ἄνθρωπος
1612 2179 1659 2204 καὶ
1677 2177 1789 2212 ἀνθρω-

984 2227 1081 2262 πότης,
1101 2228 1148 2254 καὶ
1175 2227 1206 2253 τὸ
1235 2226 1302 2258 Θεὸς
1329 2227 1378 2253 καὶ
1394 2226 1502 2261 θεότης,
1521 2226 1568 2252 καὶ
1587 2224 1635 2260 μὴ,
1648 2223 1693 2258 ἐφ’
1711 2220 1743 2250 οὗ
1756 2223 1788 2249 τὸ

136 2269 257 2298 hominis
271 2271 377 2306 species
394 2272 464 2299 idem
480 2272 595 2305 est;sed
625 2277 715 2300 tamen
734 2273 816 2301 homo
837 2273 864 2300 in
880 2273 931 2300 So-

1024 2283 1087 2311 ιρον,
1104 2275 1152 2301 καὶ
1180 2274 1210 2301 τὸ
1227 2274 1321 2309 ἕτερον
1338 2273 1466 2307 λέγεσθαι
1477 2281 1484 2288 '
1513 2272 1615 2298 αὐτίκα
1630 2271 1686 2305 γὰρ
1709 2272 1724 2297 ὁ
1739 2269 1787 2297 ἄν·

141 2319 218 2344 crate
235 2316 339 2344 dicitur
353 2316 426 2347 (nam
442 2318 524 2344 homo
536 2322 578 2346 est
597 2319 680 2345 etiam
706 2318 857 2351 Socrates).
874 2327 927 2346 non

140 2365 232 2389 autem
263 2368 360 2392 natura
382 2364 425 2391 vel
454 2364 577 2400 species:
606 2374 694 2400 neque
719 2366 791 2393 enim
813 2366 933 2394 hominis

140 2415 269 2437 naturam
291 2411 349 2438 sive
364 2411 484 2447 speciem
501 2412 619 2439 dicimus
632 2411 784 2440 Socratem.
807 2413 860 2440 Sed
878 2420 931 2440 nou

137 2457 277 2493 praedictis
299 2457 389 2486 simile
411 2463 469 2492 est,
494 2467 612 2491 namque
634 2464 747 2492 natura,
770 2464 795 2488 et
815 2461 931 2495 species.

138 2509 165 2531 ct
184 2504 318 2536 essentia,
336 2509 363 2532 et
381 2506 433 2532 alia
455 2506 623 2539 consimilia,
644 2514 706 2534 cum
737 2507 824 2542 logica
847 2514 930 2534 voca-

141 2550 204 2578 bula
222 2554 287 2584 siut,
300 2559 473 2587 nequaquam
491 2560 580 2588 uSque
597 2553 628 2580 ad
651 2558 776 2581 extrema
807 2554 933 2581 adhiberi

142 2602 268 2631 possunt,
290 2597 337 2625 scd
352 2598 386 2626 de
401 2598 434 2626 iis
452 2598 541 2626 solum
567 2599 669 2634 quibus
693 2599 826 2627 dicuntur
846 2599 933 2626 inlue-

138 2647 217 2675 rcnt;
234 2643 365 2672 divinitas
383 2649 473 2673 autem
488 2650 515 2673 et
531 2646 689 2673 humanitas
702 2654 757 2673 non
772 2650 837 2673 sunt
868 2646 933 2682 logi-

139 2699 182 2723 ca,
195 2691 243 2719 sed
265 2691 431 2720 naturalium
446 2701 537 2720 rerum
554 2693 697 2721 vocabula.

983 2321 1103 2356 θρωπος,
1121 2321 1168 2346 καὶ
1183 2321 1199 2355 ἡ
1215 2320 1263 2346 τοῦ
1293 2319 1438 2354 ἀνθρώπου
1455 2318 1546 2353 φύσις,
1563 2318 1612 2344 καὶ
1626 2316 1658 2343 τὸ
1676 2316 1725 2343 τοῦ
1739 2316 1787 2342 ἀν·

983 2367 1095 2404 θρώπου
1125 2365 1196 2398 εἶδος
1226 2365 1326 2393 ταύτόν
1355 2367 1440 2396 ἐστιν,
1468 2364 1526 2391 ἀλλ’
1544 2364 1621 2399 ὅμως
1640 2362 1788 2397 ἄνθρωπος

983 2413 1053 2440 κατὰ
1066 2412 1113 2440 τοῦ
1138 2412 1302 2448 Σωκράτους
1325 2412 1521 2447 κατηγορεῖται
1545 2409 1701 2445 (ἅνθρωπος
1727 2407 1782 2441 γάρ

983 2460 1041 2486 ἐστι
1064 2459 1079 2485 6
1109 2457 1281 2493 Σωκράτης),
1310 2458 1403 2484 οὐκέτι
1419 2457 1447 2484 δὲ
1461 2459 1478 2492 ἡ
1507 2456 1598 2491 φύσις,
1613 2455 1630 2492 ἢ
1644 2456 1675 2482 τὸ
1700 2452 1784 2485 εἶδος·

987 2505 1049 2533 οὕτε
1064 2505 1119 2541 γὰρ
1130 2505 1273 2541 ἀνθρώπου
1286 2504 1379 2539 φύσιν,
1397 2504 1459 2531 οὔτε
1475 2502 1545 2537 εἶδός
1561 2514 1653 2541 φαμεν
1665 2507 1710 2533 τὸν
1728 2507 1788 2533 Σω-

988 2553 1111 2588 κράτην’
1126 2551 1184 2578 ἀλλ’
1200 2551 1249 2578 οὐκ
1275 2551 1349 2577 ἔστιν
1372 2552 1466 2586 ὅμοιον
1485 2552 1543 2583 τοῖς
1553 2553 1766 2588 προειρημένοις
1778 2560 1787 2568 ·

988 2600 1006 2635 ὴ
1022 2599 1071 2633 μὲν
1084 2598 1140 2633 γὰρ
1153 2597 1245 2633 φύσις,
1262 2597 1309 2624 καὶ
1338 2597 1368 2623 τὸ
1383 2594 1464 2630 εἶδος,
1480 2597 1528 2624 καὶ
1545 2597 1576 2624 τὸ
1590 2598 1679 2632 γένος,
1692 2599 1741 2625 καὶ
1753 2598 1788 2625 τὰ

989 2646 1081 2682 ὅμοια,
1098 2644 1195 2680 λογικὰ
1221 2644 1343 2680 ὀνόματα
1358 2643 1433 2676 ὄντα,
1448 2644 1479 2670 οὐ
1496 2643 1608 2671 δύναται
1622 2644 1787 2682 διικνεῖσθαι

988 2692 1070 2728 μέχρι
1094 2691 1148 2718 τῶν
1177 2691 1311 2726 ἐσχάτων,
1333 2690 1391 2717 ἀλλ’
1404 2690 1448 2717 ἐπ’
1460 2690 1572 2718 ἐκείνων
1589 2691 1723 2724 ἵστανται,
1740 2681 1785 2726 ἐφ’

139 2735 177 2767 ὦν
196 2738 321 2773 λέγονται
333 2748 340 2755 ’
368 2740 386 2776 ἡ
402 2740 431 2768 δὲ
464 2740 560 2776 θεότης
576 2740 623 2767 καὶ
638 2741 654 2776 ὴ
672 2740 851 2779 ἁνθρωπότης
866 2739 916 2767 οὐκ
930 2739 988 2766 ἔστι
1002 2739 1111 2773 λογικὰ,
1128 2738 1196 2766 ἀλλὰ
1210 2737 1334 2773 φυσικῶν
1347 2737 1519 2773 πραγμάτων
1529 2737 1659 2773 ὀνόματα.

175 2794 204 2821 2.
217 2793 270 2820 Sed
289 2794 340 2822 etsi
353 2794 405 2821 hoc
423 2803 517 2822 verum
531 2799 585 2825 est.
604 2795 783 2823 nihilominus
797 2795 937 2823 invenitur

142 2846 236 2872 eadem
263 2850 324 2869 esse
353 2842 437 2869 homo
466 2847 494 2870 et
517 2841 637 2869 hominis
671 2845 790 2875 natura,
818 2850 936 2877 quorum

144 2897 229 2916 unum
263 2896 313 2924 pro
337 2888 453 2916 Socrate
480 2887 594 2918 dicitur.
631 2895 684 2915 non
715 2896 780 2915 vero
809 2889 936 2915 alterum.

147 2934 216 2967 Quid
244 2942 309 2969 Clgt)
333 2933 447 2969 impedit
463 2933 529 2967 quin
560 2932 633 2960 idem
662 2932 696 2960 ad
714 2939 811 2962 caetera
837 2942 935 2970 algea-

1026 2792 1058 2828 β’.
1081 2791 1152 2819 Ἀλλ’
1170 2792 1195 2819 εἰ
1213 2791 1261 2818 κα¹ι
1278 2790 1358 2819 τοῦτο
1375 2791 1486 2826 ἀληθὲς,
1503 2791 1581 2818 οὐδὲν
1598 2789 1680 2827 ἦττον
1700 2791 1788 2828 εὓρη-

989 2849 1034 2867 ται
1045 2839 1130 2867 ταῦτὰ
1143 2840 1218 2873 ὄντα,
1232 2840 1246 2866 ὁ
1260 2839 1402 2876 ἄνθρωπος
1418 2838 1466 2865 καὶ
1492 2839 1508 2874 ἡ
1529 2838 1674 2874 ἀνθρώπου
1694 2839 1787 2873 φύσις,

990 2885 1028 2914 ὧν
1047 2888 1077 2914 τὸ
1090 2887 1139 2922 μὲν
1148 2887 1219 2913 κατὰ
1234 2887 1281 2912 τοῦ
1298 2885 1460 2922 Σωκράτους
1473 2885 1594 2920 λέγεται,
1614 2885 1645 2912 τὸ
1662 2885 1690 2911 δὲ
1720 2885 1786 2911 οὑκ-

991 2935 1042 2961 έτι.
1063 2934 1095 2961 Τί
1115 2931 1162 2962 οὖν
1187 2932 1288 2961 κωλύει
1312 2932 1359 2960 καὶ
1382 2932 1425 2959 ἐπ’
1440 2931 1529 2960 ἄλλων
1540 2931 1622 2959 ταύτὸ
1638 2930 1786 2958 ἐπακολου-
