1886 3071
132 187 202 219 1289

597 183 659 216 'AD
678 185 927 222 QUIESTIONES
946 186 1299 218 AMPHILOCHIANAS:

1706 186 1777 220 1290

133 245 188 272 θεῖν
197 242 293 276 τοῦτο;
304 242 334 271 οὺ
352 242 408 278 γὰρ
421 241 495 270 ἐστιν
505 243 593 271 εἰπεῖν
605 243 682 276 ἴσως,
705 243 743 275 ὡς
757 245 772 270 ὁ
785 243 926 279 ἄνθρωπος

996 251 1043 272 aus
1054 244 1067 270 ?
1090 243 1158 272 Nam
1182 253 1238 273 non
1254 246 1346 274 dicere
1361 245 1425 274 licet
1451 245 1535 274 homo
1549 250 1577 275 et
1591 246 1712 275 hominis
1728 256 1776 276 n-e

132 289 181 316 καὶ
199 288 273 324 ὴτοῦ
288 288 434 324 ἀνθρώπου
447 288 529 324 φύσις
545 289 606 324 οὐχὶ
622 290 721 317 ταύτόν
733 298 740 306 ·
756 289 797 317 ἑτι
819 290 848 317 δέ
876 299 930 324 φα-

133 343 195 369 μεν,
218 335 256 366 ὡς
281 335 295 361 6
322 335 465 371 ἅνθρωπος
492 336 540 363 καὶ
566 336 597 363 τὸ
620 336 689 368 ζῶον
707 336 817 370 λογικὸν
832 335 930 372 θνητὸν

130 380 240 412 ταύτὸν,
258 381 302 408 ναὶ
314 381 366 418 μὴν
375 382 422 408 καὶ
440 382 471 409 τδ
484 383 646 416 γελαστικὸν
659 383 698 418 τῷ
712 383 854 419 ἄνθρωπος
863 384 931 410 ταύ-

130 428 177 454 τύν
193 436 201 444 ο
214 428 263 454 καὶ
277 428 326 463 οὐχ
341 429 392 455 ὅσα
408 428 518 463 λέγεται
533 430 598 465 περὶ
614 430 683 462 ἑνὸς,
697 430 786 456 ταῦτα
801 431 849 457 καὶ
866 430 931 465 περὶ

130 473 186 500 τῶν
195 474 297 501 λοιπῶν
315 474 466 510 ῥηθήσεται
482 483 490 492 ·
502 475 532 502 τὸ
551 476 601 511 μὲν
609 476 664 511 γὰρ
677 476 849 510 γελαστικὸν,
865 476 931 503 ῐδιον

131 520 179 547 τοῦ
193 520 349 556 ἀνθρώπου,
367 522 462 549 οὐκέτι
476 523 532 553 δὲξὸ
548 523 704 558 ἄνθρωπος,
721 523 787 550 [διον
814 523 862 550 τοῦ
881 524 931 550 ἀν-

133 565 244 601 θρώπου
261 575 268 582 ·
281 568 330 594 καὶ
345 567 376 594 τὸ
391 568 440 603 μὲν
457 568 525 600 ζῶον
544 568 652 603 λογικὸν
674 568 781 604 θνητὸν,
799 569 862 604 ὅρος
887 570 932 596 ἀν-

134 611 255 647 θρώπου,
267 612 359 640 οὐκέτι
370 614 399 640 δὲ
413 614 427 640 6
437 614 580 650 ἄνθρωπος
607 615 670 650 ὄρος
684 615 828 651 ἀνθρώπου
840 624 848 633 ο
871 615 932 642 καί·

131 667 174 685 τοι
189 658 260 686 κατὰ
271 659 302 685 τὺ
320 660 537 695 μάλισταζταὺτά
550 661 706 689 εῑσιταῦτα.
724 662 753 688 El
764 662 793 688 δέ
808 671 849 695 τις
863 663 932 691 κάπὶ

131 705 235 732 τούτων
243 706 292 737 τὰς
304 706 417 738 λογικὰς
439 708 531 741 φωνὰς
545 709 710 742 αἰτιάσαιτο,
734 706 790 736 οἷον
815 709 846 736 τὸ
867 709 932 736 [διον

132 752 181 779 καὶ
198 752 244 778 τὸν
254 753 367 788 ὁρισμὸν
380 753 493 788 (τούτων
506 753 561 790 γὰρ
576 755 779 791 ἀφαιρούμενα,
793 756 862 791 ὅπερ
873 757 933 783 ἐστὶ

131 799 163 826 τὸ
179 799 283 834 ἕτερον,
296 799 410 826 ἐστικαὶ
419 799 449 826 τὸ
464 799 577 836 λοιπὸν),
601 801 659 828 ἀλλ’
679 801 728 828 οὖν
748 802 795 828 ἐπὶ
817 803 932 835 τούτων,

135 845 161 871 τί
178 844 211 872 ἂν
228 845 382 872 αἰτιάσαιτο
400 854 407 879 ;
426 846 456 873 '0
469 846 519 881 μὲν
533 847 588 882 γὰρ
599 847 743 884 ἅνθρωπός
754 849 829 875 ἐστιν
853 849 933 876 οὐσία

134 891 181 918 καὶ
207 891 286 925 ζῶον,
308 891 338 919 τὸ
355 892 384 919 δὲ
399 892 560 927 γελαστικὸν
575 893 638 921 οὔτε
653 895 743 928 οὐσία,
756 895 818 922 οὕτε
833 895 903 928 ζῶον
922 904 929 911 ’

132 938 193 964 ἐπεὶ
209 937 305 965 πολλαὶ
321 937 354 965 ἂν
373 939 468 974 εῐησαν
487 940 501 966 6
515 939 659 974 ἄνθρωπος
678 941 768 968 οὐσίαι
789 942 835 968 καὶ
860 942 928 974 ζῶα.
947 931 967 960 Β

133 984 168 1010 Ἣ
179 985 204 1010 ει
220 985 267 1011 καὶ
277 984 363 1012 ταῦτα
376 985 425 1020 μὲν
440 985 538 1021 ἀληθῆ,
552 986 601 1022 οὐχ
615 987 695 1022 ὃμοια
710 987 740 1014 δὲ
755 989 811 1019 τοῖς
832 988 862 1021 ἐξ
879 989 930 1024 ἀρ-

131 1029 184 1064 χῆς
199 1030 393 1066 προκειμένοις
407 1039 414 1046 ·
431 1031 445 1057 6
456 1032 511 1067 γὰρ
528 1032 672 1067 ἄνθρωπος
684 1034 733 1060 καὶ
746 1035 764 1070 ἠ
786 1034 930 1070 ἀνθρωπό-

130 1082 182 1110 της
201 1075 249 1101 καὶ
268 1075 298 1101 τὸ
316 1075 383 1107 Θεὸς
397 1077 444 1103 καὶ
468 1076 574 1113 θεότης,
591 1078 670 1113 εἴπερ
690 1079 750 1105 ἐστὶ
765 1079 863 1110 ταύτὰ,
879 1080 930 1107 οὐκ

133 1120 190 1147 ἐστι
217 1120 289 1148 κατὰ
309 1121 458 1158 ὁμοιότητα
485 1122 541 1150 τῶν
573 1124 728 1160 εἰρημένων
749 1125 852 1153 ταύτά·
867 1126 930 1152 οὒτε

131 1167 186 1202 γὰρ
205 1167 269 1194 [διον
281 1168 394 1203 θάτερον
403 1168 529 1204 οατέρου,
544 1169 607 1196 οὗτε
620 1170 693 1205 ὄρος,
705 1170 764 1197 ἀλλ’
784 1171 880 1207 ὥσπερ
896 1172 930 1199 ἃν

131 1214 268 1246 εῐποιτις,
280 1213 401 1249 ὀνόματα
414 1214 462 1242 δύο
472 1215 537 1250 περὶ
559 1215 588 1242 ἓν
612 1216 804 1252 ὑποκείμενον,
820 1218 868 1244 καὶ
891 1219 930 1250 ὡς

131 1260 233 1287 λώπιον
243 1261 291 1287 καὶ
303 1261 411 1296 ἱμάτιον
421 1269 429 1277 ·
453 1262 513 1294 πῶς
525 1260 573 1290 οὖν
586 1263 637 1290 οὐκ
657 1263 700 1298 ἐφ’
710 1260 747 1291 ὧν
775 1264 806 1291 τὺ
824 1265 928 1301 ἕτερον,

131 1308 179 1334 καὶ
206 1307 237 1334 τὸ
255 1307 359 1343 ἕτερον,
385 1308 402 1344 ἢ
425 1308 476 1336 ὅσα
499 1309 538 1344 τῷ
560 1309 656 1346 ἑτέρῳ,
668 1310 728 1345 οὐχὶ
745 1311 794 1338 καὶ
805 1311 929 1346 θατέρῳ;

131 1354 224 1388 Φαμὲν
248 1354 306 1387 οὖν,
330 1355 372 1381 ὅτι
395 1355 482 1382 ταύτὰ
509 1356 560 1390 μέν
574 1356 627 1383 εἰσι
644 1356 675 1383 τὸ
695 1357 839 1394 ἄνθρωπος
852 1359 929 1394 καὶὴ

132 1400 321 1436 ἀνθρωπότης,
337 1401 376 1432 ὼς
391 1402 474 1428 ταύτὸ
483 1402 664 1437 ὑποκείμενον
678 1404 725 1430 καὶ
739 1405 857 1440 πρᾶγμα
883 1404 930 1440 δη-

132 1445 242 1479 λοῦντα,
276 1447 326 1482 οὐχ
351 1446 482 1480 ὡσαύτως
507 1448 535 1475 δὲ
552 1448 737 1484 λαμϐάνονται
756 1458 764 1465 ·
778 1449 836 1476 ἀλλ’
849 1450 931 1484 ἡνίκα

133 1492 183 1527 μὲν
195 1491 337 1528 ἄνθρωπός
352 1502 453 1528 φαμεν,
466 1494 516 1528 τὴν
533 1493 678 1530 ἀνθρώπου
707 1493 788 1529 φύσιν
821 1495 928 1522 ἐννοοῦ-

133 1547 184 1573 μεν
198 1538 236 1570 ὡς
253 1540 531 1575 ἔγκατα-τεταγμένην
543 1541 603 1572 ταῖς
623 1539 806 1568 ὑποστάσεσιν
820 1548 828 1556 ·
848 1541 930 1576 ἡνίκα

130 1583 159 1610 δὲ
176 1584 385 1620 ἀνθρωπότητα,
405 1586 456 1620 τὴν
472 1586 558 1622 αὐτὴν
590 1587 640 1622 μὲν
663 1586 807 1623 ἀνθρώπου
837 1587 929 1622 φύσιν,
945 1604 966 1634 C

130 1631 181 1665 οὐχ
193 1630 326 1662 ὡσαύτως
339 1631 377 1663 δὲ,
394 1632 453 1659 ἀλλ’
467 1633 640 1669 ὲξῃρημένην
656 1634 710 1660 τῶν
728 1634 849 1669 ἀτόμων.
882 1642 931 1667 καὶ

131 1675 198 1703 καθ’
210 1676 310 1710 ἑαυτὴν
322 1676 534 1713 λαμϐανομένην
551 1679 738 1715 ἀφορίζοντες,
765 1680 859 1707 Ταύτὰ
881 1681 931 1716 μὲν

130 1720 203 1749 οὖνὸ
215 1722 359 1758 ἄνθρωπος
372 1724 420 1750 καὶ
434 1724 451 1759 ἡ
467 1724 657 1761 ἀνθρωπότης,
673 1726 723 1761 οὐχ
741 1726 874 1758 ὡσαύτως
901 1727 931 1753 δὲ

131 1767 335 1804 λαμϐανόμενα.
345 1769 391 1796 Διὸ
401 1770 451 1796 οὐκ
463 1770 506 1804 ἐφ’
517 1767 555 1797 ὧν
565 1770 596 1797 τὺ
606 1771 701 1807 ἕτερον
713 1772 760 1798 καὶ
775 1772 898 1808 θάτερον,
912 1772 929 1808 ἢ

131 1815 165 1849 ἐφ
174 1815 181 1826 ’
193 1812 232 1842 ὧν
249 1815 297 1850 μὲν
307 1815 338 1842 τὸ
349 1816 442 1851 ἕτερον
457 1816 504 1842 καὶ
522 1816 552 1843 τὸ
563 1817 667 1852 ἕτερον,
682 1817 877 1852 οὐχιὼσαύτως
889 1818 929 1844 δέ.

130 1860 236 1888 Αὐτίκα
251 1861 298 1888 ἐπὶ
310 1861 357 1888 τοῦ
371 1862 533 1898 Σωκράτους
545 1863 593 1890 καὶ
604 1864 618 1890 6
629 1863 771 1898 ἄνθρωπος
787 1863 834 1890 καὶ
849 1864 866 1899 ἡ
879 1865 929 1890 ἁν-

131 1906 274 1942 θρωπότης
283 1907 402 1942 λέγεται,
411 1909 459 1944 οὺχ
472 1908 602 1941 ὡσαύτως
607 1909 646 1936 δέ·
655 1909 800 1944 ἄνθρωπον
808 1910 863 1946 γάρ
878 1918 930 1945 φα-

131 1961 183 1987 μεν
197 1950 268 1980 εἰναι
285 1954 331 1980 τὸν
347 1954 509 1991 Σωκράτην,
523 1955 722 1991 ἀνθρωπότητα
736 1955 766 1983 δὲ
778 1956 829 1983 οὐκ
846 1955 929 1990 εἶναι,

130 1999 188 2026 ἀλλ’
217 2000 289 2035 ἔχειν
305 2009 313 2015 ·
333 2001 380 2028 καὶ
404 2001 455 2037 τὴν
475 2001 677 2038 ἀνθρωπότητα
699 2003 728 2029 δὲ
751 2002 832 2030 πάλιν
849 2003 930 2037 φύσιν

129 2044 201 2073 εἶναι
217 2046 265 2073 τοῦ
277 2047 442 2082 Σωκράτους
457 2048 559 2083 φαμὲν,
572 2050 620 2075 καὶ
630 2048 686 2076 τῶν
707 2049 795 2076 ἄλλων
807 2049 929 2085 αάνΟρώ.

130 2101 200 2125 πων,
212 2093 259 2120 καὶ
272 2093 447 2130 περιεκτικὴν
462 2093 532 2121 εἶναι
544 2095 599 2122 τῶν
609 2095 794 2131 καθ’,ἔκαστασ
808 2096 868 2123 οὐδὲ
875 2096 929 2132 γάρ

129 2146 155 2164 τι
174 2138 277 2165 τούτων
292 2139 344 2172 ἔξω
359 2139 460 2175 ταύτης
473 2140 577 2168 πίπτει.
593 2141 674 2169 Ὥστε
689 2143 714 2168 ει
737 2143 785 2169 καὶ
819 2143 857 2178 μὴ
886 2143 930 2170 ἀεὶ

128 2183 271 2217 ὡσαύτως,
283 2184 340 2211 ἀλλ’
349 2182 431 2220 ὲφ¹οὗ
444 2186 553 2221 λέγεται
566 2187 581 2213 6
596 2187 869 2223 ἄνθρωπος,δύναται
881 2188 929 2215 καὶ

129 2228 146 2264 ὴ
157 2228 336 2265 ἁνθρωπότης
347 2230 478 2265 ἁρμόσαι.
501 2231 532 2258 El.
547 2230 594 2258 οὖν
606 2232 681 2259 ἑστιν
695 2231 799 2267 ἀληθὴς
810 2232 824 2258 6
838 2232 927 2266 λόγος,

130 2275 196 2307 ἴσως
207 2277 274 2311 ἡμῖν
294 2278 342 2303 καὶ
355 2277 402 2303 ἐπὶ
420 2277 467 2304 τοῦ
480 2277 546 2310 Θεὸς
561 2278 608 2305 καὶ
627 2278 723 2314 θεότης
737 2279 809 2315 (ὅσον
838 2279 868 2305 ὲν
882 2280 929 2305 ἀν-
945 2279 968 2307 ι)

130 2321 276 2358 θρωπινοις
290 2323 493 2359 παραδείγμασι
508 2324 697 2360 φαντασθῆναι
711 2324 746 2351 τὰ
760 2324 830 2359 θεῖα)
847 2325 929 2351 εὐπο-

132 2367 193 2402 ρίαν
219 2368 274 2394 τῶν
299 2369 484 2404 ἠπορημένων
506 2371 625 2406 ποιήσει.

165 2413 261 2458 7'.‘E_l
287 2417 320 2451 τῇ
347 2415 421 2451 ψυχῇ
452 2416 500 2443 καὶ
527 2416 926 2458 τῷί-σώματιᾷτούῌξέριστοῦ,

130 2461 191 2498 qm
202 2453 243 2496 sti)
251 2455 393 2498 ’κυριακῷ
408 2463 556 2499 ἀνθρώπῳ,
564 2453 615 2500 ίῆ·
623 2465 670 2492 τοῦ
680 2453 869 2502 Ἤᾱέὲἒξάᾶτ
879 2457 926 2492 τοῦ

130 2507 291 2543 Πνεύματος
305 2509 397 2544 παρῆν
415 2510 566 2542 ὑπόστασις
586 2511 672 2546 (οὐδὲν
686 2511 742 2546 γὰρ
758 2511 813 2538 τῶν
827 2511 924 2543 ὄντων,

129 2551 170 2584 οἷς
180 2553 219 2588 μὴ
230 2554 365 2590 πάρεστιν
372 2555 558 2584 ὲπιστατοῦσα
566 2557 613 2584 καὶ
624 2558 804 2593 προνοοῦσαὴ
818 2559 925 2594 Τριὰς),

129 2599 239 2634 λέγεται
259 2599 287 2626 δὲ
303 2600 317 2626 6
328 2600 392 2633 Υὶὺς
416 2600 455 2636 τῷ
469 2602 598 2637 παρεῖναι
613 2602 724 2634 πάντως
748 2604 927 2639 σαρκωθῆναι

130 2646 178 2672 καὶ
190 2646 414 2682 ὲνανθρωπῆσαι,
428 2647 486 2680 πῶς
500 2649 560 2683 οὐχὶ
575 2649 589 2675 6
602 2649 696 2684 Πατὴρ
714 2650 804 2676 καὶτὸ
815 2650 946 2685 Πνεῦμα“

129 2691 218 2719 ταῦτα
232 2692 330 2727 ῥηθείη
345 2693 395 2726 ᾶν;
414 2694 447 2720 Ἢ
460 2694 491 2721 τὸ
505 2696 643 2731 παρεῖναι,
658 2695 746 2722 διττόν
757 2703 764 2711 ·
776 2696 806 2722 τὸ
822 2696 882 2731 μὲν,
891 2696 929 2728 ὡς

134 2739 267 2773 προνοοῦν
292 2739 395 2774 (καθὼς
423 2740 555 2776 εἴρηται),
586 2740 646 2767 καθ’
661 2741 676 2768 ὃ
695 2741 926 2777 σημαινόμενονὴ

131 2785 217 2820 Τριὰς
234 2787 363 2821 παρεῖναι
394 2786 433 2822 τῷ
448 2787 579 2823 Κυριακῷ
594 2787 742 2823 ἀνθρώπῳ,
768 2787 864 2823 ὥσπερ
880 2789 928 2814 καὶ

132 2833 189 2862 τοῖς
205 2830 280 2859 οὖσιν
295 2833 379 2859 ἅπασι
394 2832 512 2867 λέγεται,
534 2834 591 2861 ἀλλ’
607 2833 701 2869 ὥσπερ
724 2834 801 2860 οὐδὲν
817 2834 871 2861 τῶν
885 2834 929 2861 ὕν-

130 2887 196 2910 των,
208 2879 252 2906 διὰ
274 2879 305 2905 τὸ
332 2881 460 2914 παρεῖναι
488 2880 605 2913 τούτοις,
624 2880 790 2915 γεγενῆσθαι
804 2875 926 2915 λέγεται,

135 2925 222 2956 οὕτως
237 2924 297 2952 οὐδὲ
320 2925 496 2962 σαρκωοῆναι
508 2947 516 2960 ,
534 2927 550 2963 ἢ
569 2927 790 2964 ὲνανορωπῆσαι.
809 2926 927 2963 Λέγεται

984 293 1051 323 turn
1067 299 1121 318 nou
1138 296 1182 319 est
1209 292 1300 320 simile
1317 301 1324 320 :
1349 293 1402 320 hoc
1416 293 1499 321 etiam
1514 294 1645 327 dicimus,
1668 295 1776 323 scilicet

982 335 1064 363 homo
1091 341 1117 363 et
1147 337 1249 364 animal
1286 337 1419 365 rationale
1444 338 1585 370 mortale,
1616 338 1688 365 idem
1718 343 1777 372 est;

981 388 1018 415 et,
1040 382 1133 411 ridens
1147 383 1252 410 animal
1266 384 1392 416 mortale,
1421 383 1492 411 idem
1510 388 1553 411 est
1569 388 1651 419 atque
1666 384 1750 411 homo
1767 393 1774 412 :

982 433 1010 456 at
1029 437 1095 463 non,
1118 430 1302 465 quodcunque
1316 431 1350 458 de
1370 438 1441 464 uno,
1472 430 1507 458 de
1528 431 1589 459 aliis
1613 431 1684 458 idem
1707 431 1780 459 dice-

982 478 1044 508 tur;
1062 484 1179 510 namque
1198 476 1269 504 risus
1288 476 1408 504 hominis
1432 477 1584 512 proprium.
1609 484 1664 505 non
1685 481 1778 504 autem

983 523 1066 550 homo
1086 523 1223 558 hominis;
1249 525 1312 552 item
1329 533 1335 552 :
1369 526 1471 552 animal
1491 526 1626 554 rationale
1647 525 1776 557 mortale,

983 567 1104 595 hominis
1122 572 1165 596 est
1178 568 1338 603 discretiva,
1355 577 1410 596 non
1437 573 1528 597 autem
1549 570 1631 597 homo
1656 568 1779 596 hominis

983 614 1183 642 discretivum:
1206 619 1395 643 verumtamen
1419 621 1483 643 sunt
1508 616 1603 644 eadem
1620 615 1781 650 plerumque

984 660 1096 688 similia.
1117 660 1170 688 Sed
1200 661 1222 688 si
1242 661 1305 696 quis
1322 661 1349 688 in
1373 661 1417 689 his
1430 662 1553 690 materiis
1576 662 1678 698 logicas
1697 669 1778 688 voces

983 713 1126 741 exposcat,
1141 707 1233 741 qualia
1251 711 1317 735 sunt
1341 708 1463 743 speciale
1481 712 1509 736 et
1530 708 1708 735 discretivum
1725 707 1779 742 (his

983 752 1057 779 enim
1071 753 1202 786 sublatis,
1215 753 1332 781 alterum
1347 754 1461 790 reliquis
1477 755 1623 782 consimile
1633 755 1699 790 est),
1711 753 1778 789 quid

984 805 1050 832 ergo
1073 797 1099 825 in
1118 797 1162 826 his
1185 799 1374 834 exposceret?
1396 799 1499 835 quippe
1522 799 1606 827 homo
1623 803 1666 827 est
1681 806 1731 826 ens
1753 801 1781 825 et

984 844 1097 877 animal,
1125 845 1172 872 sed
1201 846 1274 873 risus
1296 853 1352 873 non
1368 853 1418 874 ens
1436 846 1478 874 vel
1493 846 1605 879 animal,
1622 845 1696 880 quod
1722 845 1780 880 plu-

985 890 1054 917 rima
1079 896 1173 919 essent.
1203 891 1277 918 entia
1301 896 1348 918 aut
1372 891 1502 919 animalia
1531 892 1623 920 homo.
1656 891 1778 919 Tametsi

983 944 1047 964 vero
1068 936 1125 964 lucc
1150 945 1214 964 vera
1235 941 1311 970 sunt,
1335 945 1390 965 non
1421 942 1512 965 tmnen
1539 944 1603 965 sunt
1616 938 1778 973 'praemissis

981 983 1083 1011 similia
1100 992 1107 1010 :
1124 991 1244 1019 namque
1264 984 1346 1012 homo
1364 989 1392 1012 et
1417 976 1585 1017 humanitas,
1604 984 1673 1012 Deus
1689 988 1718 1012 et
1736 985 1780 1012 di-

982 1030 1095 1061 vinitas,
1110 1030 1240 1065 quamvis
1255 1030 1350 1057 eadem
1363 1031 1430 1063 sint,
1442 1038 1497 1058 non
1513 1037 1577 1058 sunt
1597 1031 1693 1059 eadem
1710 1038 1779 1067 qua-

981 1081 1063 1104 tenus
1077 1075 1226 1111 praedicta;
1242 1083 1330 1111 neque
1350 1077 1423 1103 etaim
1442 1077 1559 1104 alterum
1577 1077 1694 1104 alterius
1714 1083 1778 1112 pro-

982 1122 1084 1157 prium.
1103 1129 1193 1157 neque
1214 1121 1414 1154 distinctirum,
1427 1125 1457 1148 ut
1468 1122 1490 1149 si
1504 1122 1565 1157 quis
1576 1122 1631 1150 duo
1644 1122 1778 1150 vocabula

982 1175 1031 1202 pro
1043 1175 1098 1195 uno
1107 1167 1233 1203 subjecto
1244 1167 1384 1199 adhibeat,
1395 1168 1474 1203 quasi
1489 1175 1610 1203 pannum
1621 1173 1648 1195 et
1660 1172 1775 1195 vestem.

980 1214 1037 1242 Cur
1046 1215 1138 1250 itaque
1146 1222 1201 1242 non
1211 1222 1267 1250 quo
1282 1215 1342 1242 loco
1354 1214 1484 1246 alterum,
1498 1214 1691 1250 aliud,pariter
1707 1222 1779 1242 nun-

981 1265 1142 1295 cuparetur,
1163 1265 1191 1288 ct
1220 1267 1392 1295 quaecunque
1418 1260 1500 1287 unius
1525 1267 1580 1287 non
1607 1259 1692 1287 etiam
1710 1260 1779 1287 alte-

981 1307 1041 1335 rius
1071 1306 1186 1335 essent?
1216 1305 1338 1334 Dicimus
1359 1313 1426 1342 ergo
1450 1306 1546 1333 eadem
1571 1313 1634 1334 esse
1652 1306 1735 1333 homo
1750 1309 1779 1334 et

982 1354 1151 1385 humanitas,
1167 1359 1304 1388 quatenus
1319 1353 1391 1380 idem
1414 1352 1570 1388 subjectum
1596 1353 1777 1388 eamdemque

982 1407 1040 1427 rem
1056 1399 1238 1432 declarantia,
1259 1407 1315 1427 non
1337 1404 1428 1427 autern
1451 1399 1594 1434 aequaliter
1613 1406 1778 1434 nuncupan-

981 1451 1045 1479 tur;
1063 1446 1164 1482 quippe
1174 1454 1237 1473 cum
1257 1446 1340 1473 homo
1362 1446 1488 1479 dicimus,
1506 1445 1627 1472 hominis
1647 1450 1776 1473 naturam

982 1493 1193 1528 cotuplectimur
1208 1497 1237 1519 ut
1259 1492 1456 1527 hypostasibus
1469 1492 1692 1526 incorporatum;
1712 1498 1776 1519 cum

982 1546 1048 1567 vero
1065 1539 1222 1566 humanitas
1241 1539 1372 1571 dicimus,
1394 1542 1522 1565 naturam
1537 1538 1625 1573 ipsam
1644 1537 1778 1570 hominis,

983 1594 1038 1613 non
1066 1585 1177 1621 quidem
1193 1585 1308 1612 omnino
1325 1588 1522 1616 consonanter,
1550 1584 1597 1611 sed
1615 1583 1718 1611 atomis
1732 1583 1776 1611 di-

984 1632 1125 1662 stinctam,
1143 1636 1170 1658 et
1188 1630 1215 1657 in
1232 1631 1321 1665 seipsa
1338 1629 1480 1657 deﬁnitam
1499 1629 1691 1665 intelligimus.
1704 1629 1778 1656 Sun:

982 1686 1049 1712 ergo
1083 1677 1154 1704 idem
1178 1677 1260 1704 homo
1282 1680 1310 1704 et
1328 1676 1497 1709 humanitas,
1513 1683 1563 1703 nec
1589 1680 1681 1703 tamen
1708 1682 1778 1703 con-

981 1727 1112 1751 sonanter
1138 1726 1306 1758 nuncupata.
1342 1721 1405 1750 Ideo
1433 1730 1486 1750 non
1505 1721 1579 1750 aliud
1602 1730 1652 1757 pro
1667 1723 1722 1749 alio
1738 1722 1780 1749 di-

981 1768 1064 1800 citur,
1092 1768 1116 1795 si
1132 1768 1365 1803 _vero_'_dicatur,‘1
1376 1775 1429 1795 non
1458 1767 1539 1803 plane
1565 1767 1687 1802 quidem.
1713 1767 1775 1795 Tali

981 1813 1063 1840 modo
1091 1813 1119 1840 in
1146 1813 1260 1841 Socrate
1278 1813 1360 1841 homo
1379 1818 1462 1849 atque
1476 1813 1637 1841 humanitas
1660 1813 1775 1846 dicitur,

981 1866 1035 1886 non
1049 1866 1113 1886 vero
1126 1863 1314 1887 consonanter
1325 1879 1333 1892 ,
1349 1859 1451 1894 quippe
1469 1858 1608 1886 hominem
1633 1857 1776 1886 Socratem

981 1904 1110 1936 dicimus,
1123 1912 1177 1932 non
1190 1908 1281 1932 autem
1296 1904 1494 1932 humanitatem
1505 1911 1578 1936 esse,
1596 1903 1644 1932 sed
1657 1904 1777 1938 habere;

981 1950 1180 1978 humanitatem
1201 1958 1268 1978 vero
1286 1950 1407 1978 dicimus
1424 1957 1486 1978 esse
1501 1952 1630 1977 naturam
1652 1947 1777 1978 Socratis

980 2000 1008 2023 et
1019 2000 1182 2024 caeterorum
1200 1996 1355 2027 hominum,
1370 1999 1397 2023 et
1415 1996 1542 2031 singulos
1554 2003 1680 2031 quosque
1698 2003 1778 2023 com-

980 2043 1164 2079 plectentem;
1181 2050 1245 2070 nam
1263 2043 1332 2070 nihil
1358 2050 1454 2070 eorum
1474 2047 1553 2071 extra
1566 2050 1627 2070 eam
1641 2042 1772 2075 exsistit;

981 2090 1018 2117 ita
1041 2093 1086 2122 iut,
1108 2089 1132 2117 si
1157 2096 1212 2116 non
1242 2096 1352 2124 semper
1382 2093 1581 2121 consonanter,
1606 2093 1636 2116 at
1664 2088 1777 2124 quidem

982 2144 1037 2171 quo
1052 2136 1114 2163 loco
1130 2135 1212 2162 homo
1229 2135 1342 2168 dicitur,
1358 2139 1449 2170 potest
1466 2135 1625 2162 humanitas
1640 2134 1776 2170 adoptari.

979 2181 1060 2208 Nunc
1075 2181 1099 2208 si
1124 2181 1177 2208 hoc
1206 2180 1269 2214 jure
1292 2180 1428 2214 arguitur,
1455 2178 1548 2206 forsan
1578 2178 1658 2206 nobis
1686 2177 1779 2206 licebit

980 2228 1064 2256 etiam
1084 2227 1118 2254 de
1137 2227 1193 2254 Deo
1221 2230 1248 2254 et
1264 2226 1410 2254 divinitate
1433 2226 1579 2261 (quantum
1596 2225 1624 2252 iu
1648 2225 1778 2252 humanis

981 2278 1100 2310 possunt
1126 2274 1239 2310 ﬁgurari
1266 2272 1372 2308 divina)
1392 2272 1578 2300 diﬂicuitstem
1602 2271 1721 2299 solvere.
1762 2265 1777 2271 ⁴”

1022 2415 1091 2449 5.ἲεὶ
1101 2416 1190 2444 inerat
1201 2415 1303 2443 Christi
1315 2415 1414 2443 animae
1423 2419 1449 2442 et
1459 2415 1578 2448 corpori,
1586 2415 1614 2442 id
1621 2419 1664 2442 est
1673 2414 1778 2442 homini

983 2462 1141 2495 Dominico,
1156 2462 1283 2490 Patriset
1296 2462 1420 2498 Spiritus
1433 2462 1590 2498 hypostasis
1608 2462 1688 2497 (nihil
1703 2462 1777 2489 enim

980 2511 1086 2537 cntium
1098 2514 1151 2542 est,
1167 2509 1212 2537 cui
1222 2517 1276 2536 non
1291 2509 1368 2537 adest
1379 2509 1508 2544 praetecta
1516 2513 1543 2536 et
1557 2508 1704 2544 pr0videns
1717 2507 1778 2535 Tri-

978 2555 1074 2590 nitas),
1087 2555 1111 2583 si
1120 2561 1186 2582 vero
1195 2554 1295 2582 dicitur
1305 2553 1395 2581 Filius
1404 2558 1536 2589 praesente
1545 2553 1678 2580 Trinitate
1688 2553 1778 2580 incar-

979 2606 1060 2629 natus
1077 2601 1162 2629 {uisse
1182 2604 1210 2628 et
1223 2601 1306 2627 homo
1319 2600 1422 2633 factus,
1434 2608 1484 2628 cur
1505 2607 1558 2627 non
1571 2599 1642 2627 idem
1655 2599 1737 2626 Pater
1751 2602 1780 2625 ct

981 2648 1102 2683 Spiritus
1115 2648 1202 2675 fuisse
1216 2647 1396 2675 dicerentur?
1410 2646 1514 2674 Dicitur
1522 2650 1626 2678 autem,
1641 2645 1714 2680 quod
1730 2644 1780 2672 ad—

982 2699 1034 2727 cst,
1051 2695 1151 2730 duplici
1160 2694 1241 2722 modo
1254 2702 1261 2721 :
1275 2694 1394 2729 primum
1407 2693 1605 2728 providens(ut
1619 2699 1701 2726 supra
1712 2690 1781 2718 dixi-

984 2740 1067 2776 mus),
1080 2740 1232 2768 secundum
1245 2748 1328 2775 quam
1340 2739 1569 2774 signiﬁcationem
1581 2737 1703 2765 Trinitas
1713 2737 1781 2764 (lici-

983 2792 1027 2814 tur
1039 2788 1137 2815 adesse
1148 2787 1289 2814 Dominico
1301 2786 1416 2817 homini,
1427 2785 1500 2813 sicut
1509 2785 1613 2812 dicitur
1623 2784 1704 2811 etiam
1716 2791 1778 2810 om-

982 2835 1064 2861 nihtts
1075 2834 1204 2867 cutibus;
1223 2834 1270 2861 sed
1291 2833 1520 2868 quemadmodum
1539 2839 1571 2858 ex
1584 2838 1617 2858 eo
1629 2830 1702 2866 quod
1718 2837 1762 2857 om

984 2879 1067 2906 nibus
1081 2879 1171 2912 adest,
1187 2878 1306 2905 Trinitas
1318 2886 1373 2905 non
1382 2877 1483 2904 dicitur
1496 2876 1579 2903 ullum
1589 2876 1694 2903 entium
1707 2874 1761 2902 fact

983 2927 1023 2955 sic
1040 2934 1091 2954 nuc
1116 2926 1258 2954 int-amata
1282 2925 1325 2953 rel
1345 2925 1428 2953 homo
1445 2922 1527 2952 facta.
1554 2922 1659 2951 Dicitur
1686 2926 1778 2950 autem
