1886 3071
133 162 210 201 ηιεθι

779 167 827 198 SU
832 165 1092 198 PPIEMENTUM

1718 168 1782 200 1292

142 223 242 251 adesse
261 229 346 250 unum
368 221 459 256 alteri,
488 226 518 250 ut
532 222 624 251 anima
655 223 775 260 corpori,
805 225 934 261 quoniam

1039 226 1160 262 ταρεϊναι
1183 225 1279 261 ἕτερον
1307 225 1406 261 ἑτέρῳ,
1428 225 1510 262 ὡςζὴ
1525 224 1599 261 ψυχὴ
1614 225 1655 261 τῷ
1671 227 1781 262 σώματι,

143 269 226 298 ambo
243 269 271 297 in
290 276 372 297 unam
390 269 555 305 hypostasin
587 277 801 305 convenerunt;
838 279 940 299 secun-

143 315 208 343 dum
235 323 318 351 quam
356 315 587 351 signiﬁcationem
619 316 722 344 Filium
746 318 942 345 tantununodo

143 361 284 390 Dominico
308 363 412 391 homini
441 364 540 391 adesse
572 363 704 398 dicimus,
734 364 850 392 minime
875 372 942 392 vero

143 409 253 437 Patrem
281 414 330 437 aut
354 409 497 445 Spiritum.
524 410 672 443 Praeterea,
694 412 848 439 secundum
880 411 942 447 pri-

144 462 216 483 mam
241 455 484 491 signiﬁcationem,
524 457 658 485 omnibus
685 457 791 491 aderat,
820 463 851 485 ut
867 457 941 485 dixi-

144 508 217 534 mus,
237 500 408 534 hominibus,
432 506 459 530 et
478 503 644 538 generaliter
672 504 802 532 omnibus
831 503 942 532 entibns

143 546 227 576 Verbi
257 548 425 584 hypostasis.
452 551 500 577 sed
520 550 676 577 secundum
705 550 940 586 signiﬁcationem

144 594 261 622 alteram
292 594 425 629 minime;
442 595 492 622 sed
517 595 570 623 soli
596 595 750 628 Dominico,
778 596 892 632 perinde
912 604 943 624 ac

144 647 224 668 mens
247 648 309 676 qua).
335 641 414 669 nobis
431 642 561 670 omnibus
576 642 657 674 inest.
670 643 761 670 omnia
774 643 855 670 obvia
869 651 945 671 com-

144 687 268 722 plectens
290 687 400 723 illisque
422 689 578 720 attendens,
599 689 783 717 nihilominus
805 689 833 716 in
860 697 941 717 ence-

144 731 228 767 phalo
236 733 348 767 residet,
360 733 411 765 vel,
420 734 443 761 si
452 734 502 762 hoc
514 734 562 761 tibi
573 735 711 770 displicet.
724 735 751 762 in
763 735 880 770 quadam
890 736 944 763 alia

145 778 272 814 corporis
285 783 379 814 parte;
392 787 482 815 neque
492 785 534 807 est
547 780 691 815 praesentia
708 780 807 808 similis
819 790 827 814 ;
840 781 942 816 quippe

146 824 235 852 altera
251 829 295 853 est
310 826 461 853 secundum
476 827 640 862 contingens
651 831 679 854 et
699 828 853 860 materiam,
886 828 942 855 sci-

147 871 211 899 licet
222 871 248 898 in
258 877 335 907 parte
343 873 460 908 quadam
470 880 602 908 corporea
615 873 738 906 deﬁnita,
747 874 832 901 altera
844 881 943 902 secun-

150 918 215 946 dum
232 919 319 946 solam
337 924 454 946 mentem
471 927 520 954 per
533 919 770 954 anticipationem.

182 963 212 991 Α.
241 962 339 991 Utrum
359 964 439 992 Verbi
472 965 650 1001 liypostasis,
678 965 784 994 scilicet
800 983 804 987 -
818 965 945 994 Christus

147 1009 220 1037 idem
241 1015 284 1038 est
314 1015 397 1046 atque
422 1011 483 1046 ejus
510 1011 572 1039 duae
599 1017 714 1045 naturae,
736 1020 771 1040 an
797 1012 946 1040 dill‘erens?

148 1054 302 1092 Utrumque
315 1057 464 1085 obscurum
480 1067 487 1086 :
502 1065 566 1086 nam
581 1058 604 1086 si
624 1058 707 1091 idem,
726 1066 789 1086 cum
809 1058 866 1086 sint
885 1058 946 1086 dure

147 1107 275 1136 naturae,
302 1108 384 1131 erunt
413 1112 480 1139 ergo
510 1106 573 1133 dum
601 1105 792 1141 hypostases;
827 1109 854 1133 et
883 1112 956 1142 cum!

147 1156 202 1177 una
226 1150 380 1185 composita
409 1150 586 1186 hypoetasis,
615 1152 668 1179 erit
694 1159 760 1187 ergo
784 1159 838 1179 una
868 1159 946 1180 com—

146 1195 238 1231 posita
253 1200 370 1230 natura;
411 1196 434 1224 si
451 1204 516 1224 vero
543 1196 685 1229 diﬁ‘erens,
719 1197 777 1224 haec
803 1197 859 1225 alia
881 1200 947 1225 sunt

147 1240 220 1269 Deus
246 1244 274 1268 et
289 1241 372 1269 homo
392 1248 493 1277 uerso
525 1242 682 1278 hypostasis
711 1246 739 1270 et
757 1247 857 1270 natura
891 1250 946 1270 non

138 1291 219 1315 sunt
230 1287 318 1322 idem;
331 1288 405 1323 quod
416 1289 526 1324 quidem
545 1289 627 1316 etiam
637 1289 795 1323 [absurdius
809 1293 882 1317 esset
895 1297 947 1322 ;ex

150 1337 268 1368 utraque
284 1333 356 1361 enim
370 1334 514 1370 hypothesi
528 1334 605 1369 plura
619 1335 672 1361 alia
689 1335 808 1363 absurda
824 1342 947 1363 nascun-

136 1382 206 1407 _tur.
240 1377 362 1407 Dicimus
395 1387 461 1415 ergo
491 1379 702 1412 concludentes,
736 1388 792 1407 non
832 1381 946 1408 omnino

148 1424 221 1452 idem
246 1433 318 1458 esse,
335 1433 425 1460 neque
440 1427 554 1454 omnino
577 1426 719 1460 ditl‘erens,
754 1427 801 1455 sed
823 1427 945 1462 quodam

150 1469 233 1497 modo
260 1470 343 1504 idem,
372 1471 493 1506 quodam
526 1472 608 1500 modo
633 1472 782 1506 ditl'crens;
809 1480 872 1500 nam
899 1481 944 1500 se-

150 1515 273 1543 cundum
300 1517 462 1544 essentiales
497 1518 620 1546 rationes
648 1523 824 1551 naturarum,
865 1518 946 1546 Chri-

151 1565 212 1589 stus
242 1561 313 1589 idem
341 1568 384 1590 est
408 1568 491 1598 atque
516 1563 578 1591 dum
610 1568 735 1597 natura},
762 1564 810 1592 sed
847 1572 945 1592 sccun-
962 1579 983 1607 ο

151 1608 216 1635 dum
240 1616 301 1644 qua:
315 1614 382 1637 sunt
397 1609 500 1642 atomi,
533 1613 561 1637 et
586 1618 648 1645 quae
676 1614 733 1637 tum
761 1610 859 1645 plurali
892 1610 946 1638 dici

151 1660 270 1690 possunt
287 1653 325 1690 (et
340 1663 511 1691 quaecunque
527 1656 570 1684 his
590 1657 714 1692 similia),
730 1656 870 1685 diﬁ‘ereus.
888 1656 948 1684 Non

151 1701 241 1728 solum
272 1702 405 1737 mysterio
426 1701 542 1735 Christi,
570 1702 594 1730 si
622 1702 684 1737 quis
714 1702 851 1738 ejusmodi
872 1710 948 1736 ηυδε-

151 1747 271 1774 stionem
291 1752 436 1782 proponat,
482 1749 585 1776 solutio
619 1748 749 1784 praedicta
785 1749 948 1782 conveniet,

152 1793 202 1820 sed
237 1792 324 1825 etiam
355 1794 520 1829 generaliter
555 1795 685 1822 omnibus
713 1794 866 1829 inquibus
900 1794 950 1822 ad.

153 1837 241 1866 hiheri
269 1844 384 1874 possunt
421 1841 555 1869 vocabula
588 1847 685 1868 natura
715 1845 742 1869 et
764 1841 948 1877 liypOstasis:

153 1885 234 1920 quasi
254 1886 384 1915 Socrates
408 1891 436 1915 et
456 1896 546 1924 equus
575 1896 625 1917 sua
644 1893 743 1916 natura
760 1897 815 1916 non
838 1889 951 1916 omnino

138 1958 140 1962 .
153 1937 220 1960 sunt
229 1933 312 1966 idem,
328 1941 379 1962 nec
391 1935 506 1962 omnino
517 1934 658 1968 diﬁ'erens,
677 1935 724 1963 sed
737 1935 856 1970 quodam
869 1935 952 1963 modo

154 1983 238 2015 idem,
255 1983 328 2010 sicut
346 1984 478 2017 diximus,
498 1985 618 2019 quodam
639 1984 720 2012 modo
739 1983 879 2011 diﬁ‘erens.
915 1989 923 2019 λ

209 2037 374 2070 ΟυΑΞδΤΙΟ
390 2038 532 2067 CCXXXI.
555 2038 652 2076 [CoisL
666 2039 749 2066 Taur.
766 2038 887 2066 LXXIX.

192 2082 288 2110 Utrum
301 2083 427 2112 Christus
444 2086 472 2112 in
488 2086 642 2112 uniuersum
661 2085 793 2113 hominem
816 2087 915 2121 accepit

437 2121 476 2154 uel
490 2121 668 2155 singulatim?

193 2165 220 2192 1.
247 2164 369 2194 Dicimus
394 2175 484 2202 neque
513 2167 541 2194 in
572 2167 753 2200 universum,
781 2176 869 2203 neque
895 2169 954 2196 sin-

156 2210 288 2246 gulatim;
319 2220 409 2247 neque
440 2212 514 2239 enim
546 2213 712 2240 alterutrum
741 2221 775 2241 ex
806 2214 868 2242 istis
893 2222 955 2242 esse

993 272 1076 308 ήνίκα
1101 271 1187 307 ἀμφω
1213 272 1253 303 είς
1282 271 1349 307 μίαν
1369 271 1501 306 συνῆλθεν
1515 271 1684 298 ὑπόστασιν·
1697 274 1752 299 καθ’
1768 275 1782 302 δ

993 317 1196 352 σημαινόμενον
1213 317 1295 353 μόνον
1307 317 1353 344 τὸν
1367 317 1433 344 Υίὸν
1444 317 1484 352 τῷ
1496 318 1629 353 Κυριακῷ
1641 326 1731 354 φαμεν
1740 319 1784 346 ἀν-

992 363 1095 399 θρώπῳ
1120 364 1270 398 παρεῖναι,
1303 363 1396 390 οὐκέτι
1422 363 1452 390 δὲ
1473 364 1520 390 τὸν
1545 363 1681 397 Πατέρα.
1710 365 1726 400 ἢ
1757 365 1787 392 τὺ

992 409 1115 445 Πνεῦμα.
1127 410 1184 437 Καὶ
1196 410 1269 436 κατά
1282 409 1332 444 μὲν
1345 409 1375 436 τὸ
1386 409 1497 445 πρῶτον
1507 409 1709 444 σημαινόμενον
1721 411 1786 438 πᾶσι

992 456 1095 491 παρῆν,
1110 455 1205 491 ὥσπερ
1229 455 1346 491 ἔφημεν.
1359 455 1527 491 ἀνθρώποις,
1548 456 1596 483 καὶ
1615 456 1711 488 ἀπλῶς
1732 459 1787 490 τοῖς

992 499 1068 529 οὖσιν
1083 503 1099 537 ὴ
1115 501 1162 529 τοῦ
1175 502 1263 535 Λόγου
1277 501 1428 533 ὑπόστασις
1440 509 1447 517 '
1471 501 1542 528 κατά
1568 501 1597 528 δὲ
1616 501 1647 528 τὸ
1663 502 1788 538 δεύτερον

993 547 1096 579 οὐκέτι,
1112 547 1181 574 ἀλλὰ
1197 547 1271 583 μόνῳ
1292 547 1331 582 τῷ
1343 547 1493 583 Κυριακῷ·
1509 546 1604 583 ὥσπερ
1634 549 1682 575 καὶ
1699 549 1714 575 ό
1728 549 1789 582 νοῦς

994 595 1008 621 ό
1023 595 1052 621 ὲν
1063 595 1129 629 ἡμῖν
1143 594 1259 630 πάρεστι
1276 594 1325 630 μὲν
1342 594 1436 626 πᾶσιν,
1452 591 1493 625 οἷς
1506 594 1673 627 ἐπιόἀλλων,
1687 595 1788 622 τούτων

994 639 1228 675 ἀντιλαμόάνεται
1255 640 1303 666 καὶ
1331 641 1396 671 νοεῖ.
1415 640 1534 675 πάρεστι
1549 641 1577 667 δὲ
1592 641 1640 667 καὶ
1653 641 1692 675 τῷ
1711 642 1788 673 ἐγκε-

995 686 1083 721 φάλῳ,
1100 686 1128 721 ἢ,
1143 688 1168 713 εἰ
1195 686 1232 722 μὴ
1259 686 1360 722 βούλει,
1378 686 1452 722 ἄλλῳ
1471 687 1525 714 τινὶ
1538 687 1626 723 μορίῳ
1636 687 1676 723 τῷ
1696 697 1789 722 σωμα-

993 733 1079 768 τικῴ-
1097 734 1145 759 καὶ
1160 734 1209 760 οὐκ
1234 733 1307 760 ἔστιν
1331 733 1413 769 ὁμοία
1432 734 1449 768 ἡ
1463 734 1617 770 παρουσία·
1635 735 1652 770 ἡ
1669 735 1720 769 μὲν
1738 737 1790 771 γὰρ

994 779 1056 805 κατ’
1067 778 1161 805 οὐσίαν
1174 778 1223 805 καὶ
1235 778 1364 814 ὓπαρξιν,
1377 779 1393 814 ἡ
1408 779 1437 805 ὲν
1451 779 1490 815 τῷ
1505 781 1692 815 ἀφωρισμένῳ
1706 781 1790 816 μορίῳ

996 825 1157 860 σωματικῷ.
1175 827 1192 859 ἡ
1213 825 1242 852 δὲ
1254 826 1324 853 κατὰ
1340 826 1425 861 μόνην
1439 825 1532 861 νόησιν
1545 828 1592 853 καὶ
1607 827 1764 862 ἀντίληψιν.
1787 850 1791 860 ,

1033 958 1066 987 δ’.
1093 959 1231 995 Πότερον,
1258 959 1275 994 ἡ
1297 958 1345 986 τοῦ
1373 959 1462 993 Λόγου
1490 959 1651 993 ὑπόστασις,
1669 961 1757 996 ἧγουν
1780 961 1793 987 ὀ

996 1005 1128 1040 Χριστὸς,
1145 1005 1245 1032 ταύτόν
1260 1006 1319 1032 ἐστι
1337 1006 1393 1036 ταῖς
1409 1004 1493 1032 αὑτοῦ
1506 1005 1632 1040 φύσεσιν,
1648 1006 1666 1042 ἥ
1681 1007 1792 1042 ἕτερονς

998 1051 1171 1087 ἑκατέρωθεν
1192 1051 1247 1087 γὰρ
1273 1051 1378 1086 ἄπορον
1403 1048 1475 1077 εἶναι
1508 1053 1600 1078 ποιεῖ·
1627 1053 1651 1078 εἱ
1671 1052 1724 1087 μὲν
1743 1053 1794 1088 γὰρ

997 1098 1106 1130 ταύτὸν,
1120 1097 1174 1124 εἰσὶ
1187 1097 1215 1124 δὲ
1232 1097 1279 1124 δύο
1296 1098 1404 1132 φύσεις,
1420 1098 1468 1125 καὶ
1483 1099 1648 1130 ὑποστάσεις
1665 1099 1723 1134 ἀρα
1734 1099 1793 1126 δόθ’

997 1145 1014 1180 ἢ
1030 1143 1175 1177 ἀνάπαλιν,
1192 1143 1250 1170 ἐστι
1261 1144 1289 1171 δὲ
1301 1144 1351 1179 μία
1368 1144 1497 1177 σύνθετος
1510 1145 1671 1177 ὑπόστασις,
1686 1146 1738 1172 καὶ
1749 1145 1795 1180 μία

998 1191 1053 1227 ἄρα
1064 1190 1192 1222 σύνθετος
1201 1190 1283 1225 φύσις
1293 1199 1301 1207 ⁸
1315 1192 1339 1217 εἰ
1349 1190 1373 1218 δ’
1387 1191 1491 1226 ἕτερον.
1506 1191 1564 1218 ἐστι
1578 1191 1607 1218 δὲ
1621 1192 1718 1218 ἐκεῖνα
1733 1191 1796 1222 Θεὸς

998 1237 1046 1264 καὶ
1057 1237 1212 1273 ἄνθρωπος’
1228 1238 1279 1265 οὐκ
1289 1237 1508 1273 ἄραρπόστασις
1520 1237 1580 1274 [καὶ
1592 1237 1684 1274 φύσις]
1698 1238 1796 1271 ταυτὰ,

997 1282 1012 1310 ὃ
1024 1283 1071 1309 καὶ
1087 1282 1261 1317 ἀτοπώτερον
1271 1290 1279 1298 ·
1293 1283 1436 1309 ἀκολουθεῖ
1448 1282 1471 1309 δ’
1486 1283 1607 1318 ἑκατέρᾳ
1629 1282 1686 1309 τῶν
1704 1283 1798 1309 ὑποθέ-

999 1337 1068 1356 σεων
1085 1329 1132 1355 καὶ
1148 1329 1216 1356 ἀλλα
1230 1328 1342 1356 πλείονα
1367 1329 1468 1356 ἀτοπα.
1501 1329 1594 1363 Φαμὲν
1612 1326 1670 1362 οὖν,
1689 1328 1797 1355 ἐπιλυό-

1000 1383 1086 1410 μενοι,
1102 1374 1140 1406 ὡς
1155 1375 1218 1401 οὒτε
1245 1375 1346 1401 ταὺτὸν
1373 1374 1478 1406 ἁπλῶς,
1498 1374 1561 1402 οὔτε
1588 1374 1695 1410 ἕτερον,
1731 1375 1798 1402 ἀλλὰ

999 1423 1098 1457 τρόπον
1113 1422 1163 1457 μέν
1177 1430 1237 1449 τινα
1251 1421 1475 1457 ταὺτδν,ῗτρόπον
1486 1422 1514 1448 δέ
1527 1430 1588 1448 τινα
1602 1422 1698 1456 ἕτερον
1709 1430 1716 1436 '
1729 1421 1798 1449 uati

1000 1468 1050 1504 μὲν
1059 1467 1114 1503 γὰρ
1125 1469 1189 1499 τοὺς
1203 1468 1344 1500 οὺσιώδεις
1358 1467 1454 1502 λόγους
1466 1468 1522 1494 τῶν
1537 1468 1656 1503 φύσεων,
1667 1469 1769 1495 casm
1785 1469 1799 1494 ὁ

999 1515 1119 1551 Χριστὸς
1132 1515 1192 1547 ταῖς
1207 1514 1306 1542 ἑαυτοῦ
1325 1515 1440 1549 φύσεσι’
1455 1516 1516 1542 καθ’
1534 1515 1548 1542 ὃ
1565 1515 1593 1541 δὲ
1611 1516 1642 1541 τὸ
1655 1514 1720 1549 μὲν,
1737 1516 1799 1543 ἄτο-

1002 1570 1062 1596 μον.
1075 1562 1109 1588 τὰ
1124 1561 1152 1588 δὲ
1169 1561 1240 1588 κατὰ
1255 1562 1388 1588 πλειόνων
1398 1561 1525 1588 δύνανται
1535 1561 1666 1596 λέγεσθαι
1679 1563 1742 1593 (καὶ
1752 1562 1800 1588 ὅσα

1001 1608 1106 1639 τούτοις
1122 1607 1226 1644 ὃμοια),
1240 1608 1345 1644 ἕτερον.
1355 1609 1413 1635 Οὐκ
1428 1609 1475 1635 ἐπὶ
1495 1608 1541 1635 τοῦ
1554 1610 1626 1635 κατὰ
1641 1609 1764 1644 Χριστὸν
1774 1609 1802 1635 δὲ

1004 1655 1165 1691 μυστηρίου,
1179 1654 1205 1680 εί
1221 1663 1264 1686 τις
1279 1655 1309 1680 τὸ
1327 1654 1451 1681 τοιοῦτον
1470 1655 1604 1690 ἐρώτημα
1624 1654 1800 1689 προκομίζει,

1002 1701 1018 1736 ἡ
1037 1701 1184 1736 ἀπόκρισις
1208 1700 1224 1735 ἡ
1252 1700 1386 1735 εἰρημένη
1403 1701 1532 1736 ἁρμόσει,
1552 1699 1620 1726 ἀλλὰ
1640 1700 1689 1726 καὶ
1709 1700 1802 1731 ἁπλῶς

1003 1749 1048 1774 ἐπὶ
1063 1747 1184 1780 πάντων,
1195 1747 1238 1782 ἐφ’
1250 1744 1288 1774 ὦν
1303 1747 1416 1774 δύναται
1432 1746 1560 1780 λέγεσθαι
1573 1746 1655 1780 φύσις
1675 1747 1727 1773 καὶ
1737 1747 1803 1772 ὑπό-

1004 1803 1116 1825 στασις·
1133 1794 1181 1821 καὶ
1197 1794 1250 1829 γὰρ
1266 1794 1280 1820 ὁ
1297 1789 1499 1828 Σωκράτῄξτῇ
1523 1792 1607 1819 αὑτοῦ
1626 1788 1779 1827 eccam
1790 1793 1803 1818 ό

1005 1840 1088 1872 ἵππος
1104 1840 1167 1867 οὑτε
1192 1841 1291 1867 ταύτόν
1311 1841 1385 1867 ὲσιιν
1400 1840 1504 1871 ἁπλῶς,
1522 1838 1584 1866 οὕτε
1607 1839 1716 1874 ἕτερον,
1736 1839 1804 1865 ἀλλά

1003 1888 1104 1923 τρότων
1135 1888 1185 1922 μέν
1201 1896 1262 1914 τινα
1288 1887 1397 1918 ταύτὸν,
1409 1886 1505 1921 ὥσπερ
1529 1885 1650 1921 εἴρηται,
1666 1885 1770 1921 τρόπον
1781 1884 1803 1910 δ’

1004 1934 1083 1962 ἄλλον
1099 1934 1203 1970 ἕτερον.

1265 2033 1433 2062 ΕΡΩΤΙΙΣΙΣ
1449 2031 1534 2060 ΣΛΛ’.

1006 2083 1149 2118 Πότερον,
1166 2083 1183 2110 d
1200 2080 1407 2120 Χριστὸς-τύγε
1426 2080 1559 2120 καᾷόλρυ
1573 2077 1735 2111 ἄνθρωπον
1753 2077 1804 2104 ἀν-

1185 2117 1319 2148 ελάϐετο,
1332 2116 1351 2149 ἢ
1368 2115 1422 2142 τὸν
1433 2115 1482 2141 ἐπὶ
1493 2115 1623 2149 μέρους;

1046 2165 1082 2193 α’,
1097 2163 1191 2200 Φαμὲν
1211 2162 1274 2190 οὕτε
1295 2161 1341 2188 τὸν
1355 2160 1555 2193 καθόλου,οὑτε
1571 2159 1618 2186 τὸν
1632 2159 1679 2185 ἐπὶ
1691 2159 1803 2194 μέρους·

1007 2212 1069 2240 οὑδὲ
1084 2211 1139 2246 γὰρ
1153 2211 1184 2243 ἐξ
1207 2209 1332 2243 ἀνάγκης
1347 2207 1460 2242 θάτερον
1476 2206 1580 2233 τούτων
1597 2205 1736 2240 ὑπάρχειν
1752 2204 1803 2230 65i-

157 2265 192 2284 cx
211 2259 378 2286 necessitate
395 2259 492 2292 debet;
509 2267 562 2287 non
577 2260 651 2287 enim
668 2260 821 2288 secundum
838 2266 934 2288 contra

1051 2259 1105 2293 γὰρ
1119 2257 1189 2284 κατά
1202 2255 1347 2290 ἀντίφασιν
1363 2254 1379 2289 ἡ
1397 2253 1542 2289 ἐρώτησις.
1568 2252 1599 2278 Εἰ
1624 2251 1674 2287 μὲν
1691 2251 1747 2286 γὰρ
1762 2251 1804 2277 τὸν

157 2304 306 2332 dictionem
338 2306 457 2340 quaestio
484 2306 541 2333 illa.
571 2306 719 2334 Enimvero
745 2307 767 2334 si
789 2307 816 2334 in
841 2308 954 2335 univer-

157 2359 220 2378 sum
236 2352 345 2386 accepit
360 2352 500 2380 hominem
511 2352 652 2394 Christus,
667 2357 731 2387 puta
749 2361 804 2380 non
816 2354 843 2381 in
861 2361 957 2382 essen-

159 2397 237 2426 tiam.
254 2405 344 2433 neque
360 2397 418 2426 ﬁeri
434 2398 574 2426 hominem
589 2399 616 2426 in
630 2407 726 2431 sensu.
752 2400 799 2428 sed
816 2400 843 2427 in
874 2400 956 2427 intel-

159 2442 232 2470 lectu
248 2446 355 2470 tantum
376 2447 400 2472 et
418 2444 615 2479 imaginatione
627 2444 696 2480 (haec
713 2449 754 2473 est
782 2446 857 2473 enim
894 2446 957 2473 uni-

158 2489 230 2516 Versi
246 2489 391 2525 essentia),
403 2490 515 2525 alioque
525 2491 609 2518 modo
625 2495 653 2518 et
670 2491 746 2518 illum
773 2500 827 2519 non
848 2499 914 2520 esse
928 2492 954 2519 in

159 2535 221 2562 loco
235 2535 478 2572 circumscriptum
510 2537 665 2565 secundum
701 2537 884 2566 humanitatis
907 2547 956 2566 na-

161 2584 270 2614 turam;
287 2581 354 2609 nihil
367 2583 441 2610 enim
457 2591 549 2611 rerum
569 2584 596 2611 in
609 2584 769 2612 universum
783 2585 890 2612 ratione
903 2585 956 2613 loci

159 2627 410 2656 circumscrihitur.
426 2628 540 2665 Insuper
552 2635 580 2658 et
591 2631 613 2658 si
635 2631 663 2658 in
684 2631 843 2658 universum
865 2631 958 2663 homi-

163 2681 224 2700 nem
236 2675 342 2710 accepit
358 2675 492 2709 Christus,
507 2684 570 2704 cum
591 2677 619 2704 in
640 2678 813 2709 universum,
825 2678 851 2704 id
869 2678 950 2705 est'in

163 2721 257 2748 multis
273 2722 398 2756 personis
410 2723 630 2756 consideratum,
649 2724 702 2751 erit
728 2724 859 2751 Christus
875 2725 917 2757 (ut
931 2724 958 2750 in

165 2767 325 2795 universum
337 2771 475 2804 acceperit
488 2769 640 2806 hominem)
662 2778 787 2805 personm
810 2770 902 2797 multae
918 2770 959 2797 vel

162 2815 255 2849 potius
265 2815 387 2843 inﬁnitae.
403 2815 560 2845 Concludas
571 2822 663 2844 autem
675 2821 703 2843 et
721 2816 797 2844 illum
814 2817 893 2844 nobis
905 2824 959 2843 non

162 2869 225 2888 esse
241 2863 526 2896 consubstantialem;
554 2871 618 2891 cum
638 2863 712 2890 enim
741 2863 769 2890 in
799 2863 959 2890 universum

164 2907 303 2937 hominem
322 2909 394 2938 Deus
415 2909 534 2938 Verbum
559 2910 724 2946 accepisset,
748 2917 798 2938 nec
825 2909 880 2945 jam
910 2918 959 2938 nos

1006 2305 1122 2334 καθόλου
1150 2302 1294 2337 ἄνθρωπον
1308 2299 1456 2327 ἀνελάϐετο
1472 2299 1486 2325 ὁ
1501 2297 1631 2333 Χριστὸς,
1658 2297 1804 2332 συμϐαίνει

1006 2350 1088 2376 αὑτὸν
1101 2347 1139 2383 μὴ
1154 2347 1217 2373 καθ’
1235 2344 1364 2381 ὓπαρξιν,
1391 2343 1452 2380 μηδ’
1470 2344 1499 2370 ὲν
1525 2343 1654 2378 αἰσθήσει
1679 2341 1804 2376 γενέσθαι

1007 2396 1162 2431 ἄνθρωπον,
1173 2393 1231 2420 ἀλλ’
1243 2391 1352 2427 ἐπινοίᾳ
1365 2391 1434 2426 μόνῃ
1450 2390 1497 2417 καὶ
1509 2389 1645 2425 φαντασίᾳ
1659 2388 1741 2423 (αὓτη
1753 2388 1806 2422 γὰρ

1007 2445 1023 2478 ἡ
1037 2442 1084 2468 τοῦ
1103 2440 1216 2468 καθόλου
1231 2438 1362 2475 ὓπαρξις,
1374 2437 1463 2468 ἄλλως
1478 2444 1506 2462 τε
1521 2436 1550 2462 δὲ
1565 2436 1612 2462 καὶ
1624 2435 1661 2471 μὴ
1677 2433 1804 2461 εἷναιαὺ-

1007 2491 1053 2516 τὶν
1067 2490 1095 2515 ὲν
1107 2489 1182 2523 τόπῳ
1195 2485 1436 2521 περιγραφόμενον
1451 2482 1522 2510 κατὰ
1534 2482 1585 2517 τὴν
1599 2482 1650 2517 τῆς
1665 2480 1805 2517 ἀνθρωπό-

1007 2544 1089 2571 τητος
1111 2534 1193 2569 φύσιν
1208 2542 1215 2549 ·
1230 2532 1307 2559 οὐδὲν
1319 2531 1375 2566 γὰρ
1393 2529 1447 2556 τῶν
1459 2529 1575 2555 καθόλου
1593 2528 1712 2559 τοπικῶς
1727 2535 1804 2561 περι-

1009 2582 1158 2618 γράφεται.
1184 2579 1245 2606 Ἔτι
1258 2578 1286 2605 δὲ
1302 2577 1350 2604 καὶ
1371 2577 1396 2603 εἰ
1410 2575 1456 2602 τὸν
1472 2575 1587 2602 καθόλου
1601 2574 1746 2609 ἄνθρωπον
1760 2573 1805 2599 ἀν-

1010 2627 1122 2655 ελάϐετο
1145 2626 1160 2652 ὁ
1174 2625 1313 2660 Χριστὸς,
1331 2624 1363 2651 τὸ
1379 2624 1407 2652 δὲ
1426 2624 1541 2652 καθόλου
1558 2621 1638 2648 τοῦτό
1651 2621 1718 2651 ἐστι,
1734 2619 1764 2646 τὸ
1777 2619 1804 2644 ὲν

1010 2674 1122 2705 πολλαῖς
1142 2674 1309 2700 ὑποστάσεσι
1327 2672 1527 2708 θεωρούμενον,
1558 2669 1634 2695 ἔσται
1658 2668 1672 2694 ό
1689 2665 1804 2702 Χριστὸς

1011 2721 1085 2755 (ἐπεὶ
1109 2719 1156 2747 τὸν
1171 2718 1288 2746 καθόλου
1303 2717 1449 2752 ἀνείληφεν
1467 2714 1621 2750 ἄνθρωπον)
1644 2712 1806 2742 ὑποστάσεις

1011 2767 1120 2798 πολλαὶ,
1138 2765 1239 2801 μᾶλλον
1257 2765 1295 2796 δὲ,
1324 2765 1444 2799 ἄπειροι.
1470 2761 1622 2796 Συμϐαίνει
1649 2759 1678 2786 δὲ
1705 2759 1753 2785 καὶ
1770 2757 1806 2791 μή

1012 2813 1082 2841 εἶναι
1105 2815 1172 2849 ἡμῖν
1197 2813 1279 2839 αὑτὸν
1295 2811 1452 2847 ὁμοοὺσιον·
1472 2807 1675 2843 ἀναληφθέντος
1687 2804 1741 2840 γὰρ
1761 2802 1808 2829 τοῦ

1013 2861 1130 2887 καθόλου
1147 2859 1294 2895 ἀνθρώπου
1322 2858 1352 2884 ὲν
1378 2856 1418 2892 τῷ
1437 2855 1497 2891 Θεῷ
1512 2854 1603 2890 Λόγῳ,
1620 2852 1710 2879 οὐκέτι
1727 2851 1808 2885 ἡμεῖς

1014 2908 1154 2944 ἅνθρωποι
1179 2905 1361 2942 λεχθείημεν’
1394 2903 1478 2930 πόθεν
1503 2901 1556 2937 γὰρ
1586 2900 1666 2927 τοῦτο
1693 2896 1808 2932 ὑπάρξει
