1886 3071
118 158 128 190 1
135 159 187 190 293

589 158 641 188 AD
660 156 909 194 QUIESTIONES
925 155 1277 187 AMPIIILOCHIANAS.

1689 157 1758 190 1294

115 220 191 253 ἡμῖν,
210 217 256 244 καὶ
281 218 354 244 κατὰ
376 217 403 244 τί
422 217 626 253 κοινωνήσομεν
639 218 680 253 τῷ
694 217 821 253 Χριστῷς
838 217 910 252 Πρὸς

996 218 1028 244 sti
1038 225 1163 245 essemus
1181 218 1324 249 homines;
1338 217 1412 245 unde
1438 217 1511 245 enim
1532 217 1584 246 hoc
1613 225 1686 247 esset
1709 228 1759 247 nn-

113 265 136 292 δ*
150 264 183 291 αὗ
196 264 255 295 τοῖς
269 263 427 299 εἰρημένοις
453 265 502 291 καὶ
516 263 611 299 ἓτερον
627 263 744 300 ὑπάρξει
767 264 854 300 ὰτόπη
860 272 908 299 μα,

111 311 142 337 τὸ
156 309 210 336 τῶν
226 309 380 345 ἀνθρώπων
406 309 524 337 ἕκαστον
538 310 587 337 καὶ
612 310 756 346 ἄνθρωπον
775 309 846 337 εἶναι
861 310 910 338 καὶ

113 355 151 391 μὴ
169 355 328 392 ἄνθρωπον·
358 356 474 388 ἕκαστος
497 356 550 392 γὰρ
574 357 654 392 ήμῶν
673 357 745 384 κατὰ
758 356 805 383 τὸν
821 356 910 392 ἀληθῆ

109 401 190 436 λόγον
207 401 352 438 ἄνθρωπός
362 402 422 429 ἐστί
435 411 466 430 τε
481 403 529 429 καὶ
543 403 708 438 ὀνομάζεται
721 411 729 418 ·
743 403 792 430 τοῦ
801 403 830 430 δὲ
840 403 909 430 καθ-

111 447 186 480 όλου,
202 448 264 476 καθ’
279 448 294 475 ὃ
310 449 413 480 πάντες
428 449 569 484 ἄνθρωποι
590 447 662 477 εἶναι
677 450 813 485 ἐλέγοντο,
831 450 910 486 παρὰ

109 494 158 521 τοῦ
169 494 237 521 Θεοῦ
257 495 345 529 Λόγου
359 495 574 530 ἀναληφθέντος,
588 495 649 528 πῶς
668 496 787 532 ἐσόμεθα
801 496 909 532 ἂνθρω-

110 547 173 572 not;
188 539 238 566 Διὰ
250 537 297 567 οὖν
308 539 397 567 ταῦτα
414 540 505 568 πάντα
524 541 572 568 καὶ
593 541 676 576 ἔτερα
691 541 803 568 πλείονα
816 542 846 568 οὑ
863 540 910 568 λέ-

109 593 196 620 γομεν
209 585 383 622 ἀνειληφέναι
412 587 458 614 τὸν
470 587 588 623 Χριστὸν
610 588 656 614 τὸν
671 588 786 615 καθόλου
804 588 908 624 ἅνθρω-

109 641 171 659 πον.
194 632 264 658 Ἀλλ’
280 633 340 659 οὐδὲ
356 633 403 659 τὸν
417 633 464 660 ἐπὶ
477 634 579 669 μέρους
592 633 736 669 ἄνθρωπον
745 633 910 664 δίκαιονζὶᾶν

109 678 154 713 εἴη
180 677 274 713 λέγειν
300 678 348 706 τὸν
366 679 485 716 Χριστὸν
503 679 697 715 ἀνειληφέναι·
722 681 746 706 ει
762 679 818 715 γὰρ
829 680 909 707 τοῦτο

109 723 213 760 δοθείη,
225 724 256 751 οὐ
269 724 320 760 μία
333 724 410 752 ἔσται
423 726 437 752 ὁ
457 725 575 762 Χριστὸς
591 725 751 758 ὑπόστασις,
764 725 833 752 ἀλλὰ
844 725 891 752 δύο
900 733 907 740 ·

108 770 171 797 τότε
186 771 241 806 γὰρ
255 770 402 798 ἀναλαὸεἴν
416 771 525 806 ἐλέγετο
543 773 556 798 ὁ
572 772 701 806 Χριστές
723 772 769 799 τὸν
786 773 815 799 ὲν
829 772 908 808 μέρει

109 816 265 852 ἄνθρωπον,
280 817 307 844 εἴ
319 826 351 852 γε
367 817 417 852 τὴν
433 819 515 853 φύσιν
531 819 601 852 μετὰ
616 819 669 845 τῶν
693 819 847 854 ἰδιωμάτων
860 819 908 845 ἁν-

109 861 223 889 ιλαὸεν·
239 863 309 898 αὐτὴ
322 863 350 890 δὲ
363 863 440 890 οὐδὲν
451 863 545 900 ἕτερόν
561 864 647 898 ἐστιν,
664 864 680 900 ἥ
697 864 857 896 ὑπόστασις.
876 864 909 890 Τί

108 905 157 934 οὖν
182 895 328 936 ἀνελάϐετο
344 909 358 935 ὁ
371 895 505 944 Χριστὸς,
527 909 587 945 ὲρεῖ
603 895 656 942 τις,
674 895 763 944 ¹είπερ
782 895 844 936 οὗτε
861 909 907 936 τὸν
924 895 947 924 Β

108 957 225 984 καθόλου
242 958 396 994 ἄνθρωπον,
413 958 476 985 οὔτε
490 958 536 985 τὸν
549 959 578 985 ὲν
598 959 677 995 μέρει
692 958 842 994 ἀνείληφε;
857 958 909 985 Λέ-

108 1011 205 1040 γομεν,
222 1005 263 1031 ὅτι
277 1004 426 1032 ἀνελάϐετο
437 1005 487 1041 μὲν
505 1005 555 1041 τὴν
570 1004 744 1039 ἀνθρωπείαν
757 1004 850 1039 φύσιν,
878 1003 908 1037 ἐξ

109 1052 208 1079 ἑαυτοῦ
220 1053 248 1079 δὲ
263 1051 278 1077 ὁ
293 1052 379 1086 Λόγος
395 1052 517 1087 παρέσχε
536 1051 572 1078 τὰ
588 1050 732 1086 ἰδιώματα,
748 1050 798 1078 καὶ
816 1050 906 1083 οὕτως

107 1097 223 1134 οὐδεμία
233 1097 333 1124 ἀτοπία
346 1097 596 1134 παρακολουθήσει.
911 1112 919 1139 π

110 1236 172 1269 σίας
185 1236 243 1263 ἐστὶ
260 1235 440 1271 σημαντικὸν,
464 1234 593 1270 καθάπερ
616 1233 788 1270 ἀνθρωποςῆ
805 1233 908 1267 trs-mc;

110 1282 180 1309 Οΰτε
194 1283 257 1318 ὅρου
269 1282 385 1317 δύναμιν
398 1280 465 1317 ἔχει,
478 1280 540 1308 οὗτε
551 1280 646 1312 οὐσίας
658 1280 716 1306 ἐστὶ
729 1280 907 1315 σημαντικὸν,

111 1329 277 1365 πράγματος
294 1328 323 1355 δέ
339 1336 413 1360 τινος
441 1327 587 1363 δηλοῦντος
615 1327 774 1363 ἐνέργειαν*
800 1327 832 1354 τδ
854 1327 909 1361 γὰρ

110 1374 240 1408 Χριστὸς
262 1374 349 1408 ὄνομα
371 1373 436 1409 μίαν
463 1373 616 1400 ὑπόστασιν
642 1373 780 1409 σημαίνει.
805 1372 863 1400 ἀλλ’
879 1372 910 1399 οὐ

112 1421 179 1456 μίαν
198 1421 289 1455 φύσιν
302 1420 433 1455 Χριστὸς
464 1420 518 1455 γὰρ
538 1419 714 1456 μονοτρόπως
731 1420 762 1446 οὑ
787 1420 910 1454 λέγεται,

110 1465 167 1492 ἀλλ’
180 1466 210 1491 ὲν
218 1465 292 1500 αὑτῷ
300 1465 340 1500 τῷ
351 1465 478 1500 ὀνόματι,
491 1465 531 1492 ἐνὶ
541 1464 610 1496 ὄντι,
624 1464 765 1500 ἑκατέρων
777 1465 910 1501 πραγμά-

110 1521 165 1539 των
179 1511 333 1538 δείκνυνται
343 1512 477 1547 σημασία,
492 1511 680 1547 θεότητοςκαὶ
689 1511 910 1548 ἁνθρωπότητος·

113 1558 154 1585 διὸ
170 1558 219 1585 καὶ
235 1558 302 1590 Θεὸς
317 1558 426 1592 λέγεται
442 1559 456 1585 ὁ
483 1558 612 1592 Χριστὸς
629 1558 678 1584 καὶ
691 1557 846 1594 ἄνθρωπος,
863 1557 910 1585 καὶ
925 1568 946 1598 c

112 1600 152 1635 εἷς
167 1603 243 1631 ἔστιν
253 1604 268 1630 ὸ
284 1603 424 1638 Χριστός.

376 1658 545 1686 ΕΡΩΤΗΣΙΣ
569 1659 644 1688 ΤΙΘ’.

113 1715 146 1743 Τί
162 1715 303 1750 σημαίνει
316 1714 336 1749 ἡ
351 1714 405 1742 τοῦ
427 1714 553 1744 Ἁϐεσσα
559 1715 619 1752 λὼμ
639 1715 681 1750 τῷ
693 1717 783 1752 πατρὶ
798 1717 911 1745 ἐπανά-

452 1758 563 1785 στασις
576 1759 586 1783 ;

148 1808 184 1835 Ἤ
196 1808 246 1844 τὴν
260 1807 316 1835 τῶν
334 1807 471 1835 Ἰουδαίων
491 1807 620 1840 είκονίζει
636 1808 708 1835 κατὰ
724 1807 772 1836 τοῦ
783 1808 911 1844 Σωτῆρος

110 1855 297 1882 ἐπανάστασιν
314 1854 372 1890 (καὶ
388 1855 442 1890 γὰρ
464 1854 532 1887 Υἱὸς
545 1855 734 1888 πρωτότοκος
749 1856 766 1882 ὁ
777 1855 909 1890 Ἰσραὴλ,

111 1900 171 1933 καὶ,
190 1901 276 1934 Υιοὺς
286 1901 437 1935 ἐγέννησα
447 1901 497 1928 καὶ
508 1901 618 1935 ὕψωσα
635 1901 682 1928 καὶ
692 1900 762 1937 τὸν).
773 1921 780 1928 .
793 1919 802 1928 .
813 1920 823 1930 .
837 1899 910 1929 οὗτοι

112 1946 316 1978 ἐπαναστάντες
344 1947 492 1984 διήνεγκαν
521 1946 648 1979 θάνατον,
675 1946 835 1982 Ῥωμαῖκῆς
858 1955 911 1982 μα-

111 1992 222 2028 χαίρεις,
237 1994 261 2019 εί
276 1993 324 2019 καὶ
341 1993 410 2027 μετὰ
426 1993 527 2028 πολλὴν
546 1992 750 2029 μακροθυμίαν,
766 1993 909 2028 γεγονότες

111 2038 313 2074 παρανάλωμα.
333 2039 494 2066 ”οτι”Δαυ⁴ίδ
516 2039 652 2066 κωλύεται
667 2039 715 2066 τὸν
730 2039 794 2066 ναὸν
806 2038 909 2065 οἰκοδο-

113 2084 211 2120 μῆσαι,
225 2084 387 2119 ταμιεύεται
402 2085 430 2110 δὲ
443 2084 474 2110 τὸ
486 2084 566 2120 ἔργον
580 2085 620 2116 εἰς
633 2085 680 2111 τὸν
699 2083 730 2117 ἐξ
744 2084 827 2111 αὑτοῦ
847 2091 910 2118 γεν-

111 2130 227 2166 νηθέντα
242 2130 413 2166 Σολομῶντα,
426 2131 455 2163 ὂς
468 2130 652 2166 ἑρμηνεύεται
666 2130 826 2165 είρηνικὸς,
842 2130 910 2157 διότι

111 2184 166 2212 περ
188 2176 205 2211 ἡ
230 2177 413 2208 ἰνυπόστατος
439 2177 547 2212 είρὴνη,
568 2176 685 2212 Χριστὸς
706 2177 720 2203 ὁ
735 2177 801 2208 Θεὸς
816 2175 907 2211 ἡμῶν,

110 2221 224 2257 ἔμελλεν
243 2222 274 2249 οὐ
287 2222 327 2255 τῷ
342 2223 477 2249 Ἰουδαίων
491 2222 564 2249 ἔθνει
578 2223 669 2258 μόνον,
686 2216 755 2249 ἀλλὰ.
769 2224 816 2249 καὶ
826 2222 909 2249 παντὶ

108 2269 149 2304 τῷ
164 2269 237 2303 γένει
260 2270 323 2296 ναδν
348 2270 525 2305 οίκοδομῆσαι
546 2270 714 2304 ἁγιωσύνης,
735 2267 766 2295 οὗ
790 2269 815 2295 oi.
838 2277 905 2295 κατ-

109 2314 264 2351 αξιούμενοι
278 2312 316 2342 ὧν
332 2323 361 2342 τε
377 2315 483 2342 δέονται
503 2315 679 2350 τυγχάνουσι,
700 2316 748 2342 καὶ
769 2315 904 2351 κάθαρσιν

109 2361 164 2387 τῶν
179 2361 425 2396 πλημμελημάτων
436 2361 621 2397 εὑρίσκουσιν.
644 2361 722 2388 Ἐπεὶ
736 2362 839 2397 κυρίως
856 2363 905 2389 καὶ

108 2407 169 2442 οὑχὶ
183 2407 238 2434 τῶν
256 2408 380 2443 αἱμάτων
394 2408 475 2443 χάριν
490 2407 655 2441 κεκώλυται,
674 2408 699 2434 εί
720 2409 768 2435 καὶ
783 2409 904 2445 εἴρηται,

108 2452 166 2479 ἀλλ’
177 2453 218 2480 ὅτι
232 2453 270 2488 τῷ
282 2453 361 2490 τύπῳ
377 2453 543 2489 ἐφυλάττετο
557 2454 605 2481 καὶ
622 2454 673 2490 ὃλη
689 2453 729 2490 τῷ
742 2454 820 2490 τύπῳ
835 2464 904 2492 συμ-

111 2498 303 2535 περιείληπτο.
397 2518 409 2523 ..
443 2511 445 2514 -

385 2568 556 2597 ΕΡΩΤΗΣΙΣ
567 2570 634 2598 TK'.

113 2624 144 2652 Τί
172 2625 238 2653 ἐστι
263 2626 296 2653 τὸ
313 2626 527 2690 ¹εσοιὸήονιιῗὶθεαιι
554 2627 604 2655 καί
623 2627 802 2663 φιλᾱκρωμα
827 2634 908 2661 περι-

477 2670 570 2690 strat:

477 2670 552 2689 straz
559 2670 570 2695 ;

146 2707 184 2733 Τὺ
199 2707 248 2743 μὶν
260 2708 464 2743 φοιϐήσασθαι
481 2707 556 2744 λέγει
578 2709 639 2736 ἀντὶ
651 2707 699 2735 τοῦ
713 2708 750 2744 μὴ
767 2707 909 2743 μαντείαις

148 2801 169 2816 “
186 2799 273 2830 Exod.
289 2808 327 2834 tv,
347 2799 392 2828 92.
432 2800 454 2815 ¹²
476 2799 531 2828 lsa.
547 2808 566 2832 ι,
583 2799 613 2826 2.

217 2861 282 2890 Vide
316 2862 398 2889 etiam
423 2859 453 2890 S.
475 2860 604 2889 Damasc.
639 2859 753 2888 Orthd.
772 2859 819 2894 (id.
853 2857 898 2893 ill,

961 263 1016 295 bis,
1028 267 1055 290 et
1071 263 1098 290 in
1117 271 1172 298 quo
1192 271 1354 291 communes
1366 263 1478 292 Christo
1499 264 1598 292 redditi
1611 267 1757 294 essemus?

961 308 1087 337 Rursum
1109 309 1138 337 in
1155 310 1238 338 dictis
1252 310 1347 338 subest
1356 314 1384 338 et
1395 310 1448 338 alia
1462 311 1632 345 absurditas,
1649 313 1757 340 scilicet

961 361 1188 390 unumquemque
1199 355 1344 382 hominum
1358 359 1386 383 et
1401 357 1540 384 hominem
1573 365 1636 385 esse
1652 362 1679 385 et
1702 366 1757 386 uolt

960 399 1102 427 hominem
1115 408 1123 433 ;
1139 400 1332 436 unusquisque
1344 400 1419 428 enim
1432 402 1520 429 nostri
1535 403 1687 430 secundum
1709 410 1759 430 ve-

961 453 1021 472 rum
1038 453 1195 473 sermonem
1207 451 1234 473 et
1258 446 1341 474 homo
1355 451 1396 474 est
1411 447 1565 481 etdicitur;
1583 448 1631 476 sed
1646 448 1756 477 homine

961 491 988 518 in
1007 492 1168 519 universum
1183 492 1336 520 secundum
1347 501 1429 528 quem
1445 500 1542 522 omnes
1555 494 1681 522 homines
1694 502 1757 522 esse

961 538 1127 567 dicebantur
1158 539 1230 575 apud
1259 539 1343 567 Deum
1370 539 1491 568 Verbum
1521 544 1655 576 accepto,
1682 548 1754 576 quo—

961 586 1043 614 modo
1067 586 1170 613 erimus
1191 586 1334 614 homines?
1356 585 1473 622 Propter
1486 585 1546 613 haec
1566 587 1648 622 igitur
1661 587 1756 614 omnis

960 636 988 660 et
1003 632 1055 659 alia
1070 632 1188 667 plurima
1221 640 1275 660 non
1303 632 1423 660 dicimus
1450 633 1592 668 accepisse
1613 633 1756 662 Christum

965 678 1106 706 hominem
1126 680 1153 706 in
1171 679 1344 707 universum.
1356 678 1409 706 Sed
1423 687 1512 715 neque
1528 679 1690 715 singulatim
1705 680 1756 707 ho-

961 725 1064 752 minem
1083 725 1190 760 justnm
1205 730 1248 753 est
1263 726 1354 754 dicere
1366 725 1507 754 Christum
1528 727 1686 762 accepisse;
1705 729 1757 756 hoc

962 771 1036 799 enim
1055 772 1307 806 silconcederetur,
1321 781 1374 800 non
1391 781 1445 800 una
1457 777 1529 801 esset
1544 773 1673 802 Christus
1689 782 1754 809 per-

960 824 1039 850 sona,
1054 817 1102 845 sed
1124 818 1197 851 duo;
1214 822 1279 846 tttnc
1294 819 1365 846 enim
1384 818 1522 846 diceretur
1539 818 1662 846 Christus
1681 820 1755 847 acci-

961 870 1026 898 pere
1039 864 1180 891 hominem
1196 865 1349 900 sigillatim,
1373 866 1395 892 si
1408 870 1535 893 naturam
1548 874 1610 894 cutn
1625 866 1751 902 proprie-

963 909 1065 937 tatibus
1084 910 1238 945 acciperet,
1256 919 1318 946 quae
1337 911 1406 938 nihil
1426 911 1502 939 aliud
1530 916 1572 940 est
1587 921 1668 947 quam
1692 921 1756 948 per-

961 963 1043 983 sona.
1061 955 1132 989 Quid
1149 964 1216 992 ergo
1232 957 1339 992 accepit
1356 957 1496 990 Christus,
1516 958 1588 986 dicet
1601 959 1712 994 aliquis,
1729 959 1753 987 si

964 1002 1075 1038 quidem
1093 1011 1183 1038 neque
1200 1004 1227 1030 in
1243 1004 1404 1031 universum
1420 1003 1571 1037 hominem,
1590 1012 1679 1041 neque
1699 1005 1757 1031 sin-

960 1049 1220 1085 gulatimacccpit?
1251 1049 1386 1081 Dicimus,
1405 1050 1470 1084 quia
1501 1049 1611 1084 quidem
1643 1050 1752 1085 accepit

961 1096 1112 1122 humanam
1130 1101 1271 1129 naturam,
1287 1104 1319 1123 es
1343 1095 1402 1131 ipsa
1426 1100 1517 1123 atttetn
1539 1095 1657 1123 Verbum
1689 1103 1757 1131 prur-

681 1157 684 1160 ~
913 1143 920 1174 ’ξ
937 1173 949 1178 η,
961 1142 1021 1169 buit
1035 1142 1224 1177 proprietates
1241 1146 1269 1169 et
1284 1142 1325 1170 sic
1342 1142 1416 1168 nulla
1432 1146 1563 1177 sequetur
1585 1142 1755 1170 absurditas.

147 1188 180 1225 β’.
196 1189 234 1216 Τὸ
246 1188 374 1223 Χριστὸς
387 1187 472 1224 ὄνομα
489 1187 553 1223 ὅρου
581 1187 696 1222 δύναμιν
714 1186 771 1222 ἔχει
783 1206 790 1219 ,
819 1187 836 1222 ἢ
862 1186 908 1213 οὐ·
937 1181 949 1200 "-

995 1189 1026 1217 2.
1038 1188 1142 1216 Nomen
1156 1188 1279 1217 Christus
1293 1197 1358 1216 num
1377 1189 1486 1216 termini
1503 1189 1646 1222 virtutetn,
1661 1189 1702 1217 vel
1713 1198 1758 1217 es-

962 1236 1057 1264 sentim
1067 1235 1255 1271 signiﬁcanda:
1265 1235 1318 1262 vim
1330 1235 1421 1267 habet,
1430 1235 1501 1262 sicut
1510 1235 1591 1263 homo
1600 1235 1643 1264 vel
1653 1235 1762 1270 equus?

961 1283 1056 1318 Neque
1071 1283 1184 1310 termini
1200 1283 1344 1314 virtutem,
1366 1290 1455 1318 neque
1483 1283 1613 1310 essentia:
1646 1282 1755 1318 signiﬁ-

961 1331 1058 1358 canda“.
1072 1331 1126 1358 vim
1145 1331 1236 1364 habet,
1264 1330 1311 1358 sed
1324 1329 1443 1364 alicujus
1469 1330 1508 1356 rei
1535 1329 1758 1358 demonstranda

962 1377 1141 1407 facultatem;
1156 1385 1255 1404 nomen
1270 1377 1344 1405 enim
1365 1375 1490 1404 Christus
1507 1383 1589 1403 unam
1609 1383 1756 1411 personam

963 1423 1111 1459 signiﬁcat,
1133 1431 1189 1450 non
1221 1428 1312 1450 autem
1345 1430 1429 1450 unam
1460 1426 1605 1456 naturam;
1628 1421 1758 1450 Christus

962 1470 1035 1498 enim
1053 1477 1108 1497 non
1123 1469 1287 1504 simpliciter
1301 1469 1414 1501 dicitur,
1437 1469 1485 1497 sed
1509 1469 1536 1496 in
1554 1469 1615 1504 ipso
1631 1468 1755 1501 nomine,

963 1524 1026 1544 cum
1043 1524 1128 1544 unum
1141 1517 1188 1549 sit,
1222 1516 1339 1543 duarum
1357 1523 1447 1543 rerum
1472 1515 1628 1543 ostenditur
1655 1514 1760 1550 signiﬁ-

965 1568 1055 1596 catus,
1071 1562 1225 1590 divinitatis
1236 1567 1264 1590 et
1285 1562 1487 1595 humanitatis;
1515 1562 1620 1589 idcirco
1644 1565 1671 1589 et
1687 1560 1760 1588 Deus

966 1609 1070 1637 dicitur
1084 1608 1214 1636 Christus
1226 1612 1254 1636 et
1268 1608 1362 1639 homo.
1373 1613 1399 1636 et
1415 1615 1488 1636 unus
1502 1612 1545 1636 est
1565 1607 1692 1636 Christus
1703 1606 1755 1643 (1).

1033 1665 1200 1699 omsrto
1212 1664 1342 1693 CCCXIX
1358 1663 1454 1701 [CoisL
1472 1663 1556 1692 Taur.
1578 1663 1687 1700 XCIV].

997 1721 1071 1755 Quid
1088 1722 1224 1757 signiﬁcat
1252 1721 1394 1748 Absalonis
1411 1722 1440 1749 in
1453 1726 1557 1757 patrem
1571 1721 1726 1750 rebellio‘?
1754 1712 1758 1715 ’

997 1811 1052 1839 Aut
1067 1810 1225 1839 .Indeeorum
1238 1810 1337 1846 ﬁgurat
1352 1809 1380 1837 in
1397 1808 1567 1837 Salvatorem
1581 1807 1759 1836 rebellionem

962 1856 1074 1892 (ctenim
1086 1865 1093 1884 :
1107 1855 1192 1884 Filius
1205 1856 1397 1892 primagenitus
1407 1854 1495 1883 Israel
1504 1856 1523 1871 ¹¹
1535 1859 1577 1888 ;et
1586 1853 1673 1882 Filios
1681 1854 1761 1891 genui

961 1907 985 1929 et
1004 1903 1122 1929 exaltaui
1138 1902 1159 1918 “
1179 1911 1189 1928 ι
1206 1905 1234 1929 et
1248 1901 1287 1936 (2)
1304 1921 1312 1928 .
1328 1920 1336 1929 .
1352 1921 1360 1929 .
1377 1921 1384 1929 .
1403 1921 1410 1929 .
1426 1921 1434 1929 .
1452 1920 1461 1928 .
1473 1901 1499 1928 lti
1514 1901 1678 1929 rebellantes
1687 1908 1761 1928 mor-

961 1952 1016 1976 tem
1034 1947 1195 1980 subierunt,
1211 1946 1337 1974 Romano
1354 1947 1481 1974 districto
1497 1946 1602 1982 gladio,
1622 1947 1675 1974 etsi
1695 1946 1760 1982 qui-

961 1994 1024 2021 dem
1041 1998 1104 2029 post
1117 1994 1232 2020 multam
1256 1993 1415 2029 superbiam
1434 1993 1588 2028 perierunt.
1609 1992 1680 2025 Quia
1705 1991 1761 2018 Da-

961 2041 1006 2068 vid
1031 2040 1195 2076 prohibetur
1222 2047 1236 2066 a
1253 2040 1355 2075 tetnplo
1378 2039 1553 2072 aediﬁcando.
1580 2044 1761 2068 conservatur

961 2093 1031 2121 opus
1051 2092 1116 2113 nato
1131 2086 1191 2120 ejus
1209 2085 1348 2113 Salomoni
1363 2085 1397 2119 ¹⁸,
1411 2085 1484 2120 quod
1503 2085 1702 2120 interpretatur
1715 2093 1761 2120 pa-

961 2134 1065 2169 ciﬁcus,
1081 2133 1146 2168 quia
1163 2132 1357 2168 personilicata
1372 2140 1424 2167 pax
1435 2132 1562 2160 Christus
1576 2132 1649 2159 Detts
1667 2136 1761 2159 noster

962 2179 1077 2208 debebat
1101 2179 1240 2206 a-dilicare
1260 2185 1316 2205 non
1337 2182 1442 2205 tantum
1460 2176 1584 2205 Judaicaz
1604 2178 1691 2213 genti,
1708 2177 1756 2206 sed

963 2227 1044 2254 etiam
1071 2225 1147 2254 omni
1182 2225 1256 2260 genti
1279 2225 1447 2258 ,sanctitatis
1480 2225 1638 2259 templum;
1677 2223 1759 2259 cujus

962 2273 1008 2308 Qui
1023 2277 1088 2300 sunt
1103 2272 1177 2307 digni
1194 2276 1222 2299 et
1234 2271 1336 2306 quibus
1351 2271 1476 2306 indigent
1488 2270 1625 2302 obtinent,
1642 2274 1670 2297 et
1687 2269 1759 2297 deli-

959 2324 1066 2346 ctorum
1085 2317 1306 2353 puriﬁcationem
1324 2316 1480 2344 inveniunt.
1500 2315 1636 2349 Quoniam
1652 2314 1758 2351 princi—

957 2364 1056 2400 paliter
1072 2369 1099 2392 et
1114 2363 1152 2399 (5)
1170 2370 1225 2390 non
1245 2362 1412 2398 sanguinum
1425 2362 1514 2398 gratia
1529 2362 1756 2397 impedimentum

955 2410 1072 2443 exstitit,
1083 2410 1135 2438 etsi
1145 2410 1265 2443 dicatur,
1275 2410 1322 2437 sed
1331 2409 1403 2445 quod
1417 2409 1444 2436 in
1453 2408 1538 2444 ﬁgura
1545 2408 1761 2437 conservabatur

957 2462 984 2485 et
999 2457 1027 2485 in
1045 2457 1133 2493 ﬁgura
1155 2456 1387 2492 comprehensum
1405 2455 1468 2482 fuit.

1031 2566 1200 2603 QUxESTIO
1215 2566 1344 2601 CCCXX,
1358 2565 1455 2603 [CoisL
1470 2565 1554 2593 Taur.
1568 2563 1688 2601 XCVII].

1048 2626 1121 2660 Quid
1133 2631 1171 2654 est
1185 2625 1335 2662 pltazbt'zare
1350 2629 1374 2653 ιι
1385 2624 1519 2652 calvitiem
1534 2623 1642 2650 iudurre
1655 2623 1668 2650 7

997 2705 1155 2734 Ρίιαεὺὶιαη
1179 2705 1247 2733 dicit
1273 2712 1335 2741 pro,
1355 2702 1526 2732 divinatione
1547 2700 1598 2729 uti.
1615 2699 1756 2730 Calvitiam

674 2798 696 2814 ι³
711 2797 732 2824 ll
746 2797 814 2833 Ileg.
836 2804 918 2830 xxtn,
938 2804 1001 2824 XXIV
1028 2803 1106 2831 seqq.

991 2857 1030 2893 (2)
1048 2857 1135 2884 Lzesio
1150 2857 1264 2884 codicis.

991 2894 1032 2930 (ὅ)
1048 2892 1158 2929 Aliquid
1176 2893 1265 2920 dtt'Sl.
