4198 6440
124 814 213 873 Ἠ
936 814 1063 833 ...-
1099 814 1121 833 .
1336 814 1409 832 ν
1444 814 1515 830 _.
1570 814 1945 832 .__--..
2092 814 2159 827 -.
2211 814 2342 830 .......

78 992 222 1090 mg
1346 968 1555 1032 NUNC
1600 968 1913 1032 PRIMUM
1956 968 2373 1033 COLLECTA

345 1151 1017 1257 EDITORUM
1096 1148 1953 1254 PATBOLOGIZE
2028 1147 2527 1253 emam
2601 1148 3327 1252 PBAEFATIO.

1366 1439 1407 1495 Ι.
1430 1473 1500 1485 -
1533 1441 1608 1497 De
1638 1458 1861 1512 persona
1899 1452 1949 1495 et
1986 1442 2147 1511 gestis
2183 1440 2384 1495 Plautii.

313 1548 541 1605 Photius
574 1548 902 1619 scriptorum
933 1564 1158 1604 suorum
1183 1551 1342 1621 copia
1371 1561 1427 1607 et
1449 1553 1697 1608 doctrina
1726 1552 1977 1617 celebris,
2028 1562 2084 1607 at
2118 1552 2478 1616 facinoribus,
2514 1552 2717 1623 quibus
2746 1551 2840 1605 diu
2871 1548 3170 1604 Ecclesiam
3209 1549 3498 1617 perturba-

233 1638 342 1696 vit.
370 1646 427 1690 et
452 1637 788 1690 teterrimum
818 1637 1056 1692 schisma
1096 1638 1464 1708 inauguravit,
1495 1641 1656 1709 longe
1703 1639 1968 1694 celebrior
1995 1641 2188 1696 evasit.
2220 1639 2390 1710 Cujus
2430 1640 2628 1694 indolis
2659 1647 2715 1693 et
2754 1637 2951 1707 agendi
2994 1636 3222 1690 rationis
3251 1636 3495 1690 notitiam

240 1734 306 1777 ut
329 1724 502 1777 lector
525 1726 595 1777 ab
618 1722 775 1777 initio
804 1733 1144 1793 perspectam
1174 1726 1395 1791 haheat,
1433 1735 1583 1797 gesta
1613 1726 1734 1795 ejus
1760 1725 2099 1781 brevissimis
2133 1727 2314 1783 verbis
2344 1725 2747 1781 enarrabimus.

320 1809 562 1879 lgnatius
595 1810 875 1865 Ilichaelis
904 1811 1266 1883 Cnropalatze,
1301 1815 1647 1884 imperatoris
1666 1811 2251 1881 Constantinopolitani
2299 1814 2464 1876 filius,
2490 1814 2582 1867 sed
2616 1811 2685 1865 ab
2725 1808 2950 1864 infantia
2986 1824 3015 1863 a
3048 1808 3231 1863 Leone
3260 1808 3500 1863 Armeno

243 1900 513 1957 eviratus.
544 1898 753 1967 nejura
793 1899 943 1967 regni
984 1899 1085 1953 sibi
1129 1916 1369 1969 unquam
1415 1900 1736 1965 vindicaret,
1779 1901 2074 1956 monachus
2123 1902 2181 1955 ὃ.
2234 1901 2410 1971 Satyri
2452 1908 2508 1955 et
2548 1898 2806 1953 sacerdos
2852 1896 3047 1960 factus,
3095 1910 3243 1950 anno
3288 1895 3415 1956 846,
3447 1897 3499 1947 in

241 1985 615 2053 patriarcham
646 1987 1313 2055 Constantinotiolitanum
1358 1988 1563 2044 electus
1588 1997 1694 2051 est,
1720 1998 1774 2043 et
1804 1990 1983 2044 sedem
2030 1988 2449 2057 patriarcbalem
2491 1985 2659 2041 Nova:
2696 1985 2903 2048 Romae,
2953 1983 3201 2038 omnium
3237 1986 3500 2037 virtutum

240 2073 670 2126 sacerdotalium
703 2073 991 2141 splendore
1025 2075 1337 2129 illustravit.
1372 2073 1526 2129 Tunc
1553 2076 1815 2145 temporis
1856 2076 2142 2147 imperium
2174 2075 2612 2139 administrabat,
2652 2073 2818 2128 veluti
2859 2071 2955 2127 lilii
2984 2071 3072 2126 sui
3122 2070 3289 2125 tutrix
3324 2070 3503 2125 Theo-

240 2161 402 2222 dora,
432 2158 711 2212 Michaelis
739 2159 877 2213 ebrii
910 2171 1105 2225 mater,
1138 2177 1260 2231 qua:
1286 2178 1431 2215 anno
1480 2162 1606 2225 8‘2,
1651 2163 1901 2219 haeresim
1949 2164 2433 2227 Iconoclastaruin,
2489 2171 2781 2233 postquam
2825 2174 2922 2231 per
2959 2173 3137 2215 annos
3181 2168 3402 2214 centum
3445 2165 3505 2211 et

241 2246 433 2315 viginti
473 2248 685 2299 vineam
721 2244 935 2301 Domini
969 2258 1260 2311 vastasset,
1293 2248 1511 2303 tandem
1547 2249 1855 2305 suﬂ'ocavit.

320 2331 567 2395 Michael,
609 2347 733 2386 cum
773 2349 976 2388 annum
1020 2336 1341 2406 vigesimum
1390 2338 1623 2406 primum
1651 2339 1826 2393 aetatis
1857 2353 1970 2393 sua:
2009 2338 2299 2409 attigisset,
2338 2353 2483 2393 anno
2528 2336 2736 2395 scilicet
2777 2336 2903 2401 857,
2949 2349 3117 2390 suasu
3148 2331 3337 2388 Barda‘.
3367 2331 3490 2385 Cal:—

244 2421 413 2483 saris,
462 2430 516 2475 et
568 2422 822 2475 avunculi
874 2423 980 2490 sui,
1031 2424 1253 2478 tutelam
1302 2424 1493 2479 matris
1540 2424 1800 2491 excussit,
1845 2434 1904 2481 et
1945 2441 2055 2496 quo
2102 2426 2319 2481 facilius
2359 2426 2542 2497 pravis
2578 2426 2694 2481 suis
2730 2423 3123 2493 cupiditatibus
3173 2419 3500 2489 indulgeret,

248 2520 479 2561 matrem
520 2517 575 2561 et
614 2524 830 2565 sorores
876 2510 929 2563 in
977 2512 1371 2565 monasterium
1420 2512 1634 2566 detrudi
1704 2529 1768 2569 ac
1827 2515 2035 2569 tonderi
2078 2514 2261 2583 jussit.
2304 2517 2373 2568 At
2424 2515 2625 2585 iniqua:
2673 2528 2785 2568 suae
2848 2510 3132 2568 sententi:
3189 2509 3504 2563 consentire

248 2595 425 2646 noluit
456 2594 698 2663 lgnatius
734 2598 1064 2664 patriarcha,
1093 2599 1175 2650 vir
1205 2599 1328 2667 pius
1365 2606 1417 2652 et
1437 2599 1640 2667 justus,
1669 2601 1760 2669 qui
1793 2601 1895 2655 hac
1922 2600 1989 2656 de
2047 2617 2213 2657 causa
2254 2602 2573 2657 Michaelem
2615 2601 2961 2656 vehementer
2982 2596 3209 2653 ollendit
3235 2604 3289 2650 et
3314 2610 3343 2648 a
3372 2595 3506 2648 sede

249 2682 628 2750 patriarchali,
653 2682 741 2736 die
767 2683 837 2735 ‘23
866 2682 1187 2738 Novembris
1214 2701 1357 2739 anno
1379 2687 1507 2751 857,
1531 2702 1637 2740 non
1663 2688 1781 2742 sine
1804 2689 1883 2753 vi,
1907 2690 2165 2758 expulsus
2192 2699 2301 2744 est.

327 2767 561 2823 Sceleris
592 2770 755 2839 hujus
788 2772 1043 2840 precipui
1076 2782 1328 2828 auctores
1363 2773 1583 2828 fuerunt
1614 2773 1817 2829 Bardas
1845 2774 2026 2830 Caesar
2052 2785 2107 2831 et
2130 2774 2359 2831 Michael
2405 2777 2733 2845 imperator;
2766 2784 2821 2828 at
2847 2772 3095 2843 ejusdem
3124 2778 3509 2839 cooperatores

251 2866 414 2908 erant
442 2855 689 2922 Photius,
714 2858 892 2912 adhuc
919 2859 1115 2920 laicus,
1164 2861 1256 2927 qui
1290 2862 1473 2914 sedem
1505 2862 1917 2930 patriarchalem
1947 2863 2207 2924 ambibat,
2239 2875 2287 2916 et
2319 2862 2613 2932 Gregorius
2635 2862 2856 2926 Abestc,
2885 2861 3175 2929 episcopus
3210 2859 3507 2929 Syracusa-

253 2959 381 3008 nus,
406 2960 570 3013 quem
607 2944 869 3014 Ignatius,
899 2962 987 2999 an.
1019 2946 1147 3008 8‘7,
1172 2948 1243 3001 ob
1282 2947 1521 3003 facinora
1558 2965 1678 3012 sua,
1708 2950 2002 3021 episcopali
2029 2950 2289 3018 dignitate
2315 2950 2661 3018 spoliaverat.
2682 2948 2997 3018 Gregorius,
3023 2947 3179 3015 jussu
3216 2946 3515 3013 imperato-

255 3032 355 3095 ris,
386 3030 639 3085 Photium
667 3033 886 3096 laicum,
913 3035 947 3088 5
971 3035 1179 3086 dierum
1204 3036 1379 3103 spatio
1408 3036 1473 3088 all
1506 3050 1692 3090 sacros
1716 3036 1936 3091 ordines
1965 3045 2017 3091 et
2044 3037 2112 3090 ad
2144 3036 2320 3106 ipsum
2353 3038 2750 3105 episcopatum,
2780 3036 2833 3087 in
2862 3044 3233 3102 contemptum
3271 3030 3374 3086 SS.
3410 3046 3508 3085 ca-

257 3133 487 3184 nonum,
520 3122 811 3187 promovit,
841 3121 914 3173 ita
942 3131 1001 3174 ut
1032 3120 1255 3175 Photius
1283 3123 1371 3177 die
1402 3124 1472 3176 25
1503 3122 1810 3178 Decembris
1827 3125 2068 3193 ejusdem
2100 3125 2227 3178 anni
2251 3124 2354 3177 857
2372 3126 2628 3178 thronum
2659 3122 3077 3192 patriarchalem
3097 3118 3514 3175 conscenderet;

329 3205 583 3275 EpiscOpi
632 3208 925 3275 provincia:
971 3208 1585 3278 Constantinopolitanae
1633 3226 1844 3275 omnes,
1889 3214 2133 3282 exceptis
2200 3221 2409 3266 tantum
2457 3212 2646 3281 viginti
2691 3220 2745 3265 et
2787 3225 2920 3273 uno,
2985 3224 3108 3261 mox
3169 3208 3224 3260 in
3280 3206 3510 3261 ecclesia

260 3292 322 3347 S.
379 3292 562 3347 lrenes
600 3292 1071 3362 ConstantinOpoli
1127 3306 1516 3361 convenerunt,
1567 3307 1621 3350 et
1654 3296 1908 3354 Pbotium
1963 3312 2223 3369 tanquam
2261 3314 2533 3353 canonum
2568 3306 2995 3366 contemptorem
3034 3304 3090 3351 et
3139 3295 3286 3350 sedis
3315 3294 3512 3348 aliena:

261 3383 593 3443 invasorem,
622 3381 993 3449 deposuerunt
1024 3390 1076 3435 et
1103 3384 1452 3438 anathemate
1482 3396 1891 3453 percusserunt.

331 3471 402 3522 At
442 3468 671 3525 Photius
722 3472 1047 3526 auctoritate
1088 3472 1275 3526 Bardse
1294 3484 1350 3527 et
1392 3473 1666 3529 Michaelis
1725 3476 1914 3539 fretus,
1937 3474 2128 3546 viginti
2169 3483 2223 3528 et
2256 3488 2421 3528 unum
2470 3472 2755 3541 episcopos
2785 3471 2888 3525 sibi
2918 3472 3260 3526 adhaerentes
3286 3482 3512 3537 congre-

263 3557 411 3625 gavit
438 3556 492 3608 in
526 3557 726 3625 templo
760 3555 862 3611 SS.
895 3558 1297 3627 Apostolorum,
1330 3568 1382 3613 et
1428 3559 1691 3629 lgnatium
1727 3564 1797 3615 ob
1828 3561 1949 3616 ficta
1983 3563 2214 3616 crimina
2249 3559 2518 3630 deposuit,
2553 3559 2713 3626 eique
2752 3561 3041 3613 anathema
3071 3558 3229 3611 dixit.

334 3642 650 3697 Conventus
682 3644 758 3697 illi
786 3645 919 3708 duo,
942 3659 1086 3698 anno
1116 3644 1219 3699 859
1240 3645 1494 3699 celebrati
1526 3657 1675 3713 sunt;
1702 3657 1757 3702 at
1782 3649 1975 3702 nedum
1998 3664 2183 3718 pacem
2209 3654 2601 3710 restaurarent,
2634 3647 2961 3699 discordiam
2984 3646 3138 3700 novis
3166 3643 3514 3698 incrementis

264 3742 560 3787 auxerunt.

340 3821 465 3875 Ideo
491 3820 717 3875 Photius
753 3822 1134 3876 auctoritatem
1164 3822 1353 3891 prima:
1381 3824 1526 3878 sedis
1555 3824 1658 3878 sibi
1699 3823 2093 3881 conciliandam
2131 3838 2255 3881 esse
2285 3824 2517 3894 putavit,
2550 3838 2660 3894 quo
2698 3821 2914 3876 tandem
2962 3818 3302 3875 adversarius
3326 3816 3515 3886 oppri-

267 3919 464 3970 meret,
491 3918 545 3962 et
572 3908 753 3976 quiete
782 3924 879 3963 sua
914 3911 1268 3978 usurpatione
1299 3909 1570 3965 frueretur

340 3996 487 4051 Misit
515 3997 698 4062 itaque
728 3998 795 4051 ad
823 3996 1106 4051 Nicolaum
1141 3998 1157 4050 l
1189 3998 1495 4052 Romanum
1540 4001 1848 4067 pontificem
1878 4000 2086 4055 litteras
2121 4000 2509 4065 venerationis,
2546 3996 2875 4052 humilitatis
2915 4010 2977 4049 ac
3016 3992 3371 4061 subjectionis
3402 3991 3517 4058 ple-

270 4101 395 4145 nas,
436 4085 636 4153 quibus
664 4085 958 4152 postulavit
990 4094 1048 4139 ut
1077 4100 1329 4139 summus
1371 4086 1615 4155 pontifex
1655 4086 2182 4158 Constantinopolim
2216 4087 2423 4158 legatos
2454 4087 2713 4151 mitteret,
2742 4085 2836 4154 qui
2887 4082 3210 4136 dissidentes
3234 4082 3520 4148 episcopos

269 4173 542 4231 audirent,
566 4183 620 4225 et
646 4174 1015 4240 perturbatam
1059 4188 1245 4241 pacem
1274 4176 1639 4227 restituerent.

343 4257 603 4313 Nicolaus
622 4259 762 4312 votis
787 4257 960 4312 Photii
980 4262 1171 4312 annuit
1197 4270 1271 4321 et,
1292 4274 1437 4313 anno
1460 4258 1586 4322 860,
1610 4260 1771 4329 hujus
1801 4263 1999 4332 negotii
2034 4261 2301 4316 tractandi
2326 4276 2491 4316 causa
2517 4255 3046 4325 Constantinopolim
3072 4253 3218 4307 misit
3241 4250 3522 4304 Rhodoal—

269 4348 400 4402 dum
428 4357 479 4399 et
501 4345 820 4399 Zachariam
848 4346 1151 4416 episcopos,
1174 4347 1266 4416 qui
1300 4362 1422 4401 cum
1458 4364 1484 4398 a
1510 4345 1703 4401 Photio
1741 4347 1969 4403 fuissent
2008 4350 2385 4411 circumventi,
2425 4348 2618 4416 partim
2644 4361 2709 4399 ex
2734 4349 2950 4404 timore,
2978 4341 3173 4409 partim
3203 4354 3267 4392 ex
3297 4338 3520 4408 pusilla-

271 4434 541 4493 nimitate,
568 4434 619 4485 in
660 4432 894 4486 concilio
927 4433 1031 4487 5l8
1051 4436 1427 4503 episcoporum
1450 4449 1588 4503 quos
1608 4432 1831 4489 Photius
1861 4448 2275 4500 convocaverat,
2304 4437 2355 4488 in
2379 4434 2773 4504 depositionem
2797 4431 2987 4500 lguatii
3028 4436 3446 4483 consenserunt.

346 4521 416 4573 At
448 4519 638 4573 eodem
672 4534 816 4571 anno
844 4518 969 4581 86l,
994 4520 1270 4585 Nicolaus,
1305 4533 1592 4590 postquam
1620 4525 1918 4593 legatorum
1948 4538 2169 4576 suorum
2192 4522 2689 4591 praevaricationem
2718 4518 3085 4587 cognovisset,
3114 4513 3299 4570 Romae
3330 4511 3521 4566 conci-

272 4608 407 4661 lium
447 4606 773 4660 coadunavit
793 4614 867 4667 et,
896 4622 1080 4659 coram
1112 4608 1287 4675 legato
1316 4608 1592 4664 Michaelis
1621 4610 1966 4679 imperatoris
1998 4608 2127 4671 CP.,
2159 4609 2457 4663 declaravit
2500 4623 2558 4662 se
2586 4621 2718 4662 suos
2748 4607 2949 4674 legatos
2991 4599 3519 4666 Constantinoirolim

274 4708 384 4747 non
417 4693 638 4747 misisse
662 4702 719 4744 ut
752 4692 1147 4759 depositionem
1187 4694 1380 4761 lgnatii
1406 4704 1459 4749 et
1486 4698 1891 4765 usurpationem
1921 4697 2099 4751 Photii
2131 4709 2280 4751 ratas
2304 4698 2586 4757 haberent,
2617 4696 2709 4749 sed
2742 4704 2803 4748 ut
2836 4702 3035 4747 statum
3072 4705 3255 4744 rerum
3296 4688 3525 4756 indaga-

276 4793 396 4837 rent
423 4792 478 4837 et
507 4782 574 4836 de
610 4782 863 4836 remediis
901 4782 967 4836 ad
1010 4785 1309 4837 sanandam
1358 4786 1490 4839 cleri
1535 4786 1861 4841 discordiam
1902 4788 2044 4856 aptis
2082 4787 2403 4841 sententiam
2454 4783 2779 4855 proferrent.
2824 4810 2896 4821 —
2937 4778 3142 4834 Deinde
3193 4786 3316 4847 post
3368 4777 3524 4829 bien-

276 4873 454 4935 nium,
499 4884 623 4923 cum
672 4867 897 4923 Photius
934 4886 966 4923 a
1006 4868 1238 4924 fovendo
1266 4872 1561 4927 schismate
1591 4873 2209 4943 Constantinopolitano.
2259 4882 2312 4927 et
2337 4873 2406 4926 ab
2444 4870 2745 4927 exercenda
2799 4866 3082 4938 tyrannide
3115 4880 3221 4919 non
3259 4871 3521 4925 cessaret,

278 4958 538 5013 Nicolaus
562 4960 605 5021 1,
640 4973 729 5012 an.
763 4957 889 5019 863,
918 4957 973 5012 in
1004 4959 1237 5012 concilio
1261 4957 1529 5027 Romano,
1557 4978 1619 5015 ea
1651 4977 1769 5030 quae
1788 4979 1878 5015 an.
1907 4962 2002 5015 861
2037 4972 2224 5015 contra
2272 4959 2535 5029 lguatium
2570 4966 2688 5011 acta
2716 4956 2933 5009 fuerant
2965 4953 3243 5015 rescindit,
3274 4951 3521 5005 Pliotium

279 5057 660 5115 usurpatorem
711 5046 902 5099 alienae
944 5045 1090 5101 sedis
1118 5046 1435 5113 declaravit,
1468 5055 1523 5101 et
1562 5048 1767 5119 legatos
1813 5064 1966 5111 suos,
1994 5049 2085 5117 qui
2128 5047 2635 5117 praevaricavcrant,
2690 5045 3007 5113 episcopatu
3056 5050 3112 5095 et
3139 5038 3526 5094 communione

278 5133 647 5188 ecclesiastica
672 5133 925 5200 privavit.

352 5220 560 5274 Nedum
597 5219 819 5274 Photius
842 5235 1112 5289 suprema:
1140 5221 1478 5276 auctoritatis
1503 5221 1732 5291 judicio.
1755 5223 1899 5291 quod
1933 5232 2344 5293 provocaverat,
2366 5220 2756 5291 acquiesceret,
2780 5219 2833 5272 in
2858 5218 2986 5272 illud
3008 5217 3269 5271 audacter
3299 5212 3525 5268 rebella-

281 5311 377 5371 vit,
398 5318 453 5361 et
480 5322 545 5361 eo
574 5308 896 5361 temeritatis
918 5308 1154 5372 devenit,
1187 5318 1246 5363 ut
1285 5310 1505 5378 proprio
1532 5321 1704 5364 marte
1734 5322 1853 5365 acta
1877 5312 2160 5381 cujusdam
2190 5308 2406 5366 concilii
2434 5308 2756 5363 meumeniei
2780 5322 2847 5360 ex
2870 5306 3043 5375 capite
3074 5304 3320 5373 lingeret.
3344 5302 3529 5369 inquo

283 5395 565 5449 Nicolaum
610 5394 630 5447 l
672 5396 1189 5462 escommunicaret,
1229 5395 1525 5452 Ecclesiam
1584 5397 1830 5451 Latinam
1878 5400 2136 5453 conviciis
2184 5408 2241 5453 et
2281 5396 2571 5452 calumniis
2609 5396 2910 5464 impeteret,
2961 5391 3341 5461 exprobrando
3394 5388 3531 5458 ipsis

289 5488 428 5553 quod
458 5484 776 5555 Symbolum
817 5483 937 5538 lidei
967 5495 1332 5553 mutaverant,
1378 5496 1683 5558 ceteraque
1714 5488 2029 5559 gravamina
2061 5487 2174 5557 jam
2206 5487 2436 5557 prolata,
2489 5484 2887 5555 exaggerando.
2931 5482 3004 5536 De
3046 5480 3243 5535 Photio
3281 5478 3528 5532 scribens

287 5580 612 5634 Anastasius
644 5577 1095 5634 Bibliothecarius
1130 5598 1144 5633 :

360 5691 379 5723 s
395 5670 592 5725 Verum
613 5670 712 5724 iste
742 5669 1018 5736 falsarius,
1040 5672 1135 5735 ait,
1159 5672 1416 5727 falsorum
1436 5690 1757 5729 excessuum
1773 5673 2035 5725 adversus
2064 5671 2333 5724 insontem
2350 5670 2633 5725 absentem
2657 5678 2709 5723 et
2737 5668 3022 5730 invictum,
3042 5665 3357 5720 mendacem
3381 5662 3531 5717 codi-

292 5776 407 5815 cem
437 5758 715 5819 compilat,
754 5758 902 5811 mille
924 5759 1144 5814 circiter
1178 5759 1487 5816 antistitum
1523 5761 1959 5831 subscriptiones
1990 5758 2156 5815 falsas
2177 5758 2473 5823 interserit,
2492 5757 2595 5812 sibi
2632 5757 2851 5810 nomine
2875 5770 3107 5823 prorsus
3144 5761 3525 5807 consentiente

488 5853 761 5913 Panos.
802 5852 916 5913 Gn.
966 5852 1061 5913 Cl.
3053 5865 3091 5901 a
