4198 6440
672 371 708 410 ¹¹
1737 362 2130 426 ΡΒΒΕΑΤῙΟ
2162 362 2243 422 IN
2282 362 2328 422 P

1737 362 2130 426 PREFATIO
2162 362 2243 422 IN
2282 361 2545 457 PHOTII
2578 364 2846 427 OPERA.

673 493 751 546 ul
777 492 1161 549 conscribente
1205 508 1272 547 ex
1303 491 1392 547 illa
1423 509 1715 549 numerosa
1749 494 2134 564 episcoporum
2172 491 2543 556 multitudine.
2582 497 2689 551 nisi
2723 513 2832 550 uno
2867 506 2920 550 et
2965 495 3159 565 viginti
3209 494 3559 566 praesulibus.
3596 489 3754 548 Unde
3783 491 3906 557 lam

667 579 945 650 profusius
978 581 1156 635 sancti
1195 581 1410 635 habitus
1444 583 1542 638 viri
1589 598 1715 638 eum
1751 582 1983 650 fugiunt,
2019 589 2074 636 et
2105 581 2261 648 quasi
2295 581 2612 649 squalorem
2645 585 2936 652 quemdam
2973 585 3268 648 declinant,
3312 584 3545 636 alterum
3578 582 3911 635 Dioscorurn

668 669 812 720 hunc
851 668 1206 737 appellantes,
1237 676 1292 721 et
1331 683 1722 737 praecursorem
1753 664 2101 730 Antichristi,
2134 667 2244 722 imo
2291 668 2471 739 ipsum
2501 668 2901 725 Antichristum
2938 668 3338 735 existimantes,
3364 684 3526 740 quem
3560 669 3770 722 scilicet
3803 669 3914 718 ho-

666 755 864 807 tuinem
897 754 1101 822 peccati
1129 755 1407 823 filiumque
1435 755 1756 824 perditionis
1781 755 2073 824 ApOstolus
2103 753 2450 824 appellasset,
2479 757 2571 825 qui
2603 757 2847 826 profecto
2867 758 3226 813 extolleretur
3254 771 3419 827 supra
3452 769 3613 809 omne
3636 752 3780 824 quod
3817 753 3914 804 di-

665 841 812 893 citur
849 841 987 894 lletts
1013 850 1107 893 aut
1136 841 1281 909 quod
1312 841 1513 894 colitur
1544 841 1577 873 λ’
1609 841 1705 912 (a).
1727 861 1752 892 ο

737 929 989 998 EpiscOpi
1013 928 1276 992 Orientis,
1311 930 1552 999 exceptis
1585 930 1769 1000 viginti
1814 941 1870 985 et
1903 946 2033 994 uno,
2073 939 2266 986 contra
2315 930 2601 986 audaciam
2658 929 2837 987 Photii
2884 932 3269 998 reclamarunt,
3313 931 3558 985 dicentes
3598 927 3917 982 inauditum

663 1035 807 1085 esse,
842 1036 940 1074 ncc
979 1019 1208 1088 justum,
1247 1021 1570 1074 sententiam
1610 1023 1679 1074 ab
1724 1019 1965 1075 inferiori
2006 1008 2080 1075 in
2113 1022 2446 1090 superiorem
2495 1021 2664 1088 ferri;
2709 1023 2805 1077 sed
2839 1022 3065 1078 Photius
3094 1022 3164 1078 ab
3204 1022 3453 1092 inemptis
3480 1035 3588 1074 non
3619 1020 3919 1078 abstinuit.

665 1108 761 1162 sed
786 1109 840 1160 in
869 1107 1170 1175 pervicacia
1203 1107 1459 1174 perstitit,
1482 1100 1658 1161 donec
1683 1107 1840 1176 paulo
1869 1115 1994 1177 post
2018 1117 2226 1161 mutato
2255 1122 2436 1162 rerum
2482 1118 2651 1172 statu,
2697 1107 2921 1162 l’botius
2946 1124 2977 1162 a
3012 1106 3213 1162 Basilio
3243 1106 3536 1162 Macedone
3579 1121 3646 1160 ex
3676 1106 3920 1160 eccicsia

665 1196 769 1250 (ΣΡ.
821 1197 1026 1264 ejectus
1073 1209 1177 1250 eat.
1215 1198 1373 1250 Auno
1417 1197 1622 1251 scilicet
1667 1197 1791 1257 867.
1826 1212 1932 1266 quo
1966 1196 2192 1250 Pbotius
2212 1195 2342 1249 Acta
2364 1197 2783 1265 pseudoeoncilii
2841 1196 3093 1258 finxerat,
3137 1197 3370 1250 Michael
3419 1197 3732 1263 itnpetator.
3761 1193 3921 1263 gravi

669 1284 980 1352 suspicione
1012 1292 1208 1346 motus,
1242 1282 1470 1336 Bardam
1517 1285 1843 1338 avunculum
1879 1283 2168 1338 trucidavit
2210 1296 2369 1351 opera
2403 1280 2586 1336 Basilii
2627 1282 2956 1344 Macedonis,
2989 1298 3150 1351 quem
3201 1299 3323 1335 eum
3363 1281 3587 1350 imperio
3625 1296 3725 1334 suo
3756 1294 3922 1333 asso-

666 1372 892 1436 ciasset,
914 1368 1311 1424 interfectorem
1354 1383 1610 1438 expertus
1635 1381 1735 1425 est.
1787 1369 2020 1424 Basilius
2049 1384 2260 1424 summa
2305 1369 2628 1422 auctoritate
2677 1369 2902 1437 potitus,
2943 1367 3196 1423 Photium
3229 1369 3408 1437 ejecit,
3441 1377 3494 1422 et
3542 1367 3811 1437 lgnatium
3844 1366 3924 1420 ab

665 1457 863 1510 exsilio
891 1467 1200 1510 revocatum
1229 1455 1347 1510 sedi
1386 1457 1730 1527 patriarcbali
1759 1457 2016 1520 restituit,
2049 1470 2292 1522 moxque
2342 1452 2672 1507 Hadrianum
2708 1455 2770 1518 ll,
2800 1455 2894 1525 qui
2946 1457 3139 1508 eodem
3183 1469 3329 1508 anno
3354 1454 3455 1508 867
3490 1454 3712 1507 Nicolao
3737 1451 3756 1504 l
3782 1467 3919 1506 suc-

666 1550 928 1608 cesserat,
961 1542 1111 1605 adiit,
1143 1555 1203 1596 ut
1226 1542 1416 1598 missis
1441 1543 1632 1612 legatis
1670 1551 1871 1596 statum
1901 1542 2149 1596 ecclesia:
2174 1539 2355 1603 (Συ-Ρ..
2386 1541 2505 1594 diro
2540 1542 2835 1595 schismate
2866 1541 3263 1611 perturbatum,
3287 1549 3660 1608 componeret.

743 1627 1061 1698 Postquam,
1096 1638 1394 1683 convocato
1438 1628 1676 1684 concilio
1719 1627 1989 1691 Romano,
2021 1627 2326 1682 Hadrianus
2379 1627 2658 1692 Photium,
2708 1631 2780 1684 ob
2827 1631 3238 1699 pronuntiatum
3283 1630 3338 1681 in
3373 1627 3651 1684 Nicolaum
3699 1627 3741 1690 l,
3778 1641 3920 1680 ana-

669 1716 872 1779 thcma,
896 1713 1128 1768 solemni
1153 1715 1420 1768 sententia
1463 1709 2012 1778 excommunirasset,
2041 1724 2091 1768 et
2140 1729 2204 1768 ea
2245 1730 2367 1783 qua:
2391 1731 2488 1784 pro
2521 1731 2652 1783 pace
2698 1715 2954 1771 Ecclesia:
3006 1715 3627 1782 Constantinopolitane
3655 1727 3684 1766 a
3727 1723 3924 1766 sancta

668 1799 796 1856 sede
828 1800 1126 1869 apostolica
1151 1802 1364 1854 decreta
1407 1801 1639 1866 fuerant,
1668 1802 2069 1862 confirmasset,
2089 1800 2185 1854 Cor
2207 1803 2613 1871 stantinopolim
2650 1803 2855 1871 legatos
2883 1803 3053 1868 misit,
3092 1814 3151 1858 ut
3187 1804 3514 1856 interessent
3550 1807 3746 1855 octavo
3781 1812 3923 1852 oon-

667 1888 794 1942 cilio
834 1889 1196 1950 tecunrenico,
1216 1891 1362 1956 quod
1386 1887 1491 1942 ΟΡ.
1515 1890 1842 1944 celebratum
1873 1896 1956 1943 est
1985 1904 2015 1942 a
2040 1887 2128 1942 die
2160 1885 2196 1941 5
2220 1889 2470 1942 Octobris
2501 1904 2591 1944 an.
2621 1890 2747 1954 869,
2777 1893 2843 1944 ad
2868 1890 2939 1946 28
2961 1889 3240 1944 Februarii
3277 1904 3367 1943 an.
3398 1888 3527 1942 870.

741 1975 796 2026 ln
827 1988 894 2027 eo
924 1974 1176 2038 concilio,
1201 1975 1354 2043 juxta
1379 1976 1608 2030 formam
1644 1991 1674 2030 a
1703 1977 1878 2030 sacris
1903 1975 2202 2029 rationibus
2233 1977 2622 2044 praescriptam,
2644 1975 2871 2031 Pbotius
2895 1993 2924 2030 a
2949 1978 3314 2045 patriarchatu
3343 1984 3397 2030 et
3429 1993 3462 2028 at
3489 1973 3795 2028 sacerdotio
3825 1985 3926 2027 so-

667 2060 925 2115 leutniter
959 2061 1238 2129 depositus
1273 2061 1391 2126 fuit,
1411 2072 1464 2116 et
1478 2062 1546 2116 ad
1569 2063 2003 2117 communionem
2039 2062 2230 2115 laicatn
2268 2061 2538 2125 redactus,
2565 2062 2861 2117 dummodo
2888 2065 3246 2132 resipisceret.
3272 2065 3406 2118 Cum
3433 2072 3612 2115 autem
3630 2075 3690 2114 se
3722 2072 3926 2114 aucto-

669 2146 814 2200 ritati
849 2147 1067 2200 concilii
1104 2148 1371 2215 subjicere
1403 2150 1693 2212 renuisset,
1741 2152 2083 2203 anathemate
2110 2149 2393 2218 perculsus
2415 2160 2521 2205 est.
2547 2148 2603 2202 ln
2645 2151 2873 2219 singulis
2918 2151 3252 2204 sessiontbus
3280 2150 3466 2204 Patres
3498 2150 3597 2218 ipsi
3627 2149 3926 2201 anathema

671 2232 1000 2294 indixerunt,
1032 2233 1118 2288 his
1165 2234 1344 2288 verbis
1372 2250 1389 2288 :
1440 2235 1634 2290 Pbotio
1667 2235 1922 2295 invasmi,
1950 2234 2144 2288 Pbotio
2191 2235 2437 2289 seculari
2467 2246 2521 2289 et
2552 2235 2775 2301 forensi,
2828 2238 3020 2290 Pbotio
3052 2239 3319 2307 neOphyto
3343 2246 3395 2291 et
3428 2249 3699 2306 tyranno;
3723 2233 3927 2290 Pbotio

667 2319 1018 2373 schismatico
1036 2330 1091 2374 et
1117 2322 1397 2386 damnato,
1415 2322 1608 2378 Pbotio
1631 2324 1843 2377 mteclto
1859 2332 1912 2376 et
1935 2323 2239 2391 parricidae,
2260 2322 2449 2376 Pbotio
2471 2322 2780 2374 I'abt-icatori
2818 2324 3240 2388 mendaciorum,
3267 2321 3458 2376 l’ltotio
3480 2322 3727 2376 adultero
3747 2332 3802 2378 et
3830 2323 3925 2375 iu-

665 2403 966 2467 terfectori,
988 2404 1186 2461 Pbotio
1219 2409 1487 2462 inventori
1506 2424 1882 2477 perversurum
1916 2410 2251 2479 dogmatum.
2271 2408 2466 2462 Photio
2502 2423 2642 2460 novo
2666 2407 2946 2473 Dioscoro,
2982 2409 3175 2461 Pbotio
3209 2423 3350 2462 novo
3382 2407 3556 2474 Judaz,
3594 2413 3828 2462 anatheu
3851 2410 3921 2462 al

741 2491 878 2548 Cum
911 2492 1107 2549 Pbotio
1133 2498 1590 2552 excomtnunicati
1621 2508 1677 2552 et
1709 2498 1939 2568 depositi
1966 2506 2098 2552 sunt
2127 2496 2370 2550 nonnulli
2396 2495 2662 2563 episcopi,
2691 2495 2784 2562 qui
2825 2510 3046 2549 causam
3077 2510 3242 2549 suam
3295 2513 3324 2548 a
3362 2511 3530 2550 causa
3569 2498 3692 2565 ejus
3731 2498 3929 2562 sciun-

678 2594 805 2648 gere
836 2581 1163 2650 noluerunt;
1191 2585 1282 2638 sed
1315 2601 1416 2652 pax
1455 2587 1662 2640 interea
1691 2587 1946 2641 restituta
1966 2593 2071 2647 est.
2105 2586 2279 2638 donec
2309 2582 2516 2651 lgnatio
2545 2583 2654 2634 vita
2688 2580 2896 2642 functo,
2928 2581 3157 2638 Photius
3201 2584 3360 2638 novis
3411 2584 3631 2639 artibus
3676 2585 3925 2640 benevo-

670 2664 891 2720 lentiam
922 2668 1266 2738 imperatoris
1311 2669 1500 2726 Basilii
1523 2674 1782 2741 captavit,
1811 2684 1864 2727 et
1895 2673 1965 2726 ab
1996 2673 2114 2741 ipso
2154 2670 2389 2724 obtinuit
2420 2678 2478 2723 ut
2512 2670 2567 2722 in
2605 2669 2786 2723 sedem
2827 2670 3242 2737 patriarcbalem
3279 2671 3677 2724 restitueretur.
3726 2671 3785 2726 Id
3823 2685 3920 2728 an.

673 2751 778 2807 8T1
813 2755 1177 2825 accidit,jam
1221 2773 1328 2812 non
1361 2760 1662 2814 obsistente
1693 2758 1903 2814 Joanne
1943 2758 2060 2813 Vlll
2101 2757 2350 2812 Romano
2383 2755 2657 2826 pontiﬁce,
2703 2757 2820 2825 qui.
2867 2757 2938 2810 ob
2987 2756 3328 2825 iniquitatem
3384 2767 3689 2827 temporum
3739 2767 3799 2812 tt
3851 2759 3922 2812 ad

671 2840 919 2894 cavenda
948 2842 1153 2912 majora
1189 2845 1361 2908 maia,
1398 2844 1657 2900 Photium
1693 2847 1902 2901 testitui
1939 2846 2206 2915 permisit,
2235 2861 2300 2899 eo
2344 2851 2525 2896 tamen
2563 2851 2743 2910 pacto,
2776 2852 2834 2895 ut
2866 2844 3262 2909 praztet-itorum
3302 2842 3602 2898 facinorum
3637 2845 3852 2898 veniam
3886 2860 3922 2899 a

671 2927 908 2981 concilio
941 2941 1149 2995 peteret
1174 2941 1229 2985 et
1244 2933 1543 2986 obtineret.
1579 2931 1637 2985 In
1665 2933 1897 3001 genuina
1926 2933 2072 2987 enim
2100 2930 2326 3000 epistola
2359 2943 2520 2997 quam
2543 2927 2782 2983 Joannes
2824 2926 2939 2982 VIII
2984 2929 3048 2981 ad
3077 2930 3361 2999 episcopos
3395 2927 3631 2985 Orientis
3675 2933 3920 3000 scripsit,

675 3014 750 3070 ita
790 3024 1026 3069 mentem
1066 3032 1219 3070 suam
1255 3018 1474 3086 aperit:
1511 3035 1530 3070 ι
1557 3016 1714 3073 Nunc
1755 3020 1933 3088 itaque
1962 3019 2088 3072 aliis
2119 3016 2462 3086 patriarchis,
2509 3015 2874 3071 Alexandrino
2899 3016 3148 3071 videlicet
3174 3025 3228 3070 et
3273 3017 3612 3072 Antiocheno
3639 3027 3696 3070 et
3725 3017 3922 3072 llicro-

683 3101 1036 3170 solymitano,
1075 3112 1241 3172 atque
1268 3104 1527 3158 omnibus
1561 3104 1986 3174 archiepiscopis
2014 3102 2394 3173 metropolitis,
2423 3103 2695 3171 episcopis
2723 3111 2778 3156 et
2809 3103 3208 3167 sacerdmibus,
3235 3111 3542 3170 cunctoque
3585 3105 3733 3157 clero
3771 3103 3920 3159 Con-

669 3188 1165 3257 stantinopolitana
1214 3190 1361 3245 sedis
1389 3230 1411 3256 ,
1455 3191 1550 3260 qui
1592 3191 1659 3245 de
1700 3193 2044 3245 ordinatione
2095 3191 2267 3244 beata
2305 3193 2583 3245 memoria:
2631 3191 2886 3246 Methodii
2929 3199 2984 3245 et
3050 3191 3237 3257 lguatii
3265 3230 3281 3254 ,
3337 3192 3916 3247 reverendissimorum

667 3275 1133 3342 patriarcharum,
1166 3276 1464 3340 exsistunt,
1492 3292 1599 3332 una
1632 3279 1928 3342 voluntate,
1966 3279 2194 3347 parique
2235 3287 2362 3331 voto
2391 3279 2887 3344 consentientibus,
2925 3280 3165 3333 cuntdmt
3209 3278 3453 3332 Photium
3501 3279 3909 3348 satisfaciendo,

671 3362 1095 3418 misericordiam
1120 3381 1300 3419 coram
1337 3366 1564 3436 synodo,
1595 3369 1880 3420 secundum
1908 3367 2335 3421 consuetudinem
2365 3364 2752 3434 postulantem,
2795 3366 2847 3418 itt
2881 3380 3009 3419 vera
3041 3365 3331 3419 dilectione
3368 3365 3615 3430 fratrem,
3642 3367 3695 3418 in
3729 3370 3914 3434 ponti-

669 3449 814 3503 ficali
854 3449 1037 3504 officio
1074 3454 1542 3515 eomministrum,
1575 3462 1741 3521 atque
1777 3471 1954 3506 coram
1986 3455 2183 3523 synodo
2217 3452 2638 3506 misericordiam
2661 3453 2966 3520 querendo,
2994 3452 3046 3504 in
3079 3453 3338 3518 pastorali
3367 3449 3684 3522 magisterio
3717 3469 3919 3510 consa-

672 3535 975 3602 cerdotem,
1007 3551 1108 3606 pro
1138 3538 1395 3593 Ecclesiae
1428 3539 1523 3594 Dei
1550 3554 1682 3608 pace
1713 3550 1767 3593 et
1790 3541 2024 3594 utilitate
2051 3540 2249 3594 amodo
2281 3537 2502 3594 Christo
2525 3538 2759 3604 favente,
2788 3538 3082 3606 recipimus
3112 3547 3169 3591 et
3200 3538 3464 3593 habemus
3499 3538 3602 3609 (ὁ).
3642 3557 3661 3589 ›

749 3619 1012 3687 Photius,
1032 3623 1186 3692 jussa
1222 3624 1452 3680 Romani
1486 3626 1764 3682 Pontificis
1799 3626 1933 3680 nihil
1964 3637 2229 3690 moratus,
2264 3627 2547 3696 epistolam
2599 3623 2828 3681 Joannis
2859 3625 2973 3679 \‘lll
3017 3627 3339 3694 suppressit,
3373 3634 3426 3678 ct
3450 3642 3644 3679 novam
3673 3628 3831 3682 finxit
3863 3630 3915 3684 in

671 3721 781 3776 qua
813 3705 1091 3764 Romanus
1137 3712 1379 3780 pontifex
1411 3727 1657 3767 summas
1718 3712 1915 3767 laudes
1949 3713 2143 3767 Pbotio
2179 3713 2391 3776 tribuit,
2429 3722 2686 3780 tanquam
2736 3712 2858 3765 viro
2889 3711 3239 3781 integerrimo
3288 3723 3342 3766 et
3391 3713 3688 3781 inculpata.
3729 3731 3758 3767 a
3807 3733 3917 3782 quo

674 3795 918 3864 episcopi
981 3795 1110 3849 olim
1150 3795 1358 3866 lgnatio
1399 3800 1736 3852 adhaerentes
1782 3801 1992 3853 veniant
2039 3811 2221 3869 petere
2271 3800 2496 3863 debent,
2528 3801 2733 3869 quique
2776 3799 2846 3852 ab
2889 3800 3144 3853 omnibus
3191 3801 3356 3854 veluti
3401 3800 3677 3870 legitimus
3729 3814 3918 3870 pastor

670 3883 881 3950 absque
924 3883 1251 3953 ambagibus
1280 3887 1662 3958 suscipiendus
1697 3895 1800 3942 est.
1847 3887 2053 3942 Deinde
2083 3889 2225 3942 idem
2258 3886 2509 3950 l'ltotius,
2549 3903 2674 3941 cum
2723 3885 2919 3940 fuisset
2949 3888 3236 3941 restitutus
3271 3889 3323 3940 in
3358 3889 3539 3942 sedem
3580 3891 3916 3957 patriarcha-

660 3970 776 4025 Jetn
803 3969 934 4033 ΕΡ..
969 3971 1150 4025 denuo
1174 3988 1238 4025 ex
1271 3989 1374 4027 suo
1404 3975 1581 4044 capite
1624 3976 1776 4029 finxit
1810 3985 1931 4029 acta
1975 3975 2170 4046 synodi
2218 3975 2593 4035 (ccumenicae,
2634 3988 2701 4029 eo
2745 3982 2954 4026 tantum
3012 3973 3116 4026 fine
3162 3985 3221 4027 ut
3272 3977 3654 4030 auctoritatem
3697 3977 3914 4031 Concdii

670 4059 1001 4112 mcutnenici
1041 4058 1219 4112 octavi
1251 4061 1513 4126 aboleret,
1543 4071 1597 4115 et
1626 4063 1808 4116 omnia
1839 4078 1960 4133 quae
1991 4073 2179 4118 contra
2215 4062 2390 4131 ipsum
2424 4061 2552 4114 olim
2585 4060 2850 4114 canonice
2881 4069 3004 4113 acta
3039 4060 3253 4113 fuerant
3283 4061 3637 4116 rescinderet.
3669 4061 3828 4118 Hunc
3860 4067 3912 4117 in

673 4145 837 4198 finem
875 4159 1044 4199 ausus
1076 4155 1160 4200 est
1187 4150 1349 4201 etiant
1384 4146 1586 4215 ﬁngere
1618 4149 2063 4205 circumstantias
2088 4164 2210 4218 qua:
2243 4163 2352 4202 non
2386 4156 2600 4202 tantum
2668 4162 2698 4200 a
2731 4147 2979 4210 veritate,
3007 4149 3101 4201 sed
3132 4148 3297 4201 etiam
3326 4149 3395 4202 ab
3423 4150 3568 4203 omni
3613 4153 3725 4203 veri
3761 4151 3916 4205 sinti-

671 4229 898 4283 litudine
925 4233 1115 4286 aliena
1139 4243 1291 4287 sunt.
1339 4234 1578 4296 lttduxit,
1608 4236 1841 4304 exempli
1873 4235 2071 4305 gratia,
2111 4237 2318 4307 legatos
2352 4233 2584 4288 Joannis
2617 4231 2732 4286 Vlll
2764 4233 3028 4294 dicentes.
3052 4235 3338 4303 episcopos
3362 4237 3456 4304 qui
3478 4237 3532 4288 in
3568 4239 3913 4293 mcutnenica

668 4318 880 4388 synodo
935 4334 1032 4374 vui
1086 4320 1266 4375 locum
1321 4323 1755 4392 patriarcharum
1788 4323 2164 4388 Alexandrini,
2195 4322 2514 4377 Antiocheni
2551 4331 2605 4376 et
2650 4319 3124 4391 ltierosolymitani
3158 4329 3342 4375 tenere
3371 4324 3758 4385 censebantur.
3802 4339 3914 4378 non

669 4408 738 4459 ab
764 4405 1012 4462 ecclesiis
1039 4407 1135 4463 sed
1162 4423 1192 4462 a
1221 4409 1510 4466 Saracenis
1550 4413 1748 4466 missos
1775 4409 1946 4467 fuisse
1987 4429 2002 4464 :
2055 4411 2220 4479 idque
2260 4411 2463 4465 dictum
2501 4409 2670 4464 fuisse
2726 4407 2882 4462 finxit
2917 4423 3103 4462 coram
3138 4409 3269 4477 ipsis
3315 4411 3509 4478 legatis
3548 4411 3640 4478 qui
3689 4411 3915 4466 nomine

668 4492 1106 4562 patriarcharum
1153 4507 1360 4551 oetam
1394 4496 1588 4570 synodi
1637 4497 2025 4553 interfuerant!
2077 4497 2382 4552 lt‘alsarium
2424 4497 2622 4550 Pbotio
2668 4497 3019 4550 audaciorem
3068 4506 3122 4549 et
3168 4497 3650 4566 impudentiorem,
3698 4499 3909 4552 nullum

666 4591 1102 4636 commemorant
1131 4581 1388 4638 Ecclesia:
1421 4586 1666 4639 annales.
1715 4585 1852 4640 Acta
1894 4583 2086 4654 synodi
2121 4599 2282 4653 quam
2316 4598 2461 4637 anno
2503 4581 2607 4636 86'!
2656 4596 2780 4636 cum
2816 4583 2964 4634 mille
3006 4583 3506 4650 subscriptionibus
3545 4585 3915 4653 supposititiis

666 4671 901 4722 finxerat
919 4677 971 4723 ct
996 4671 1293 4726 artificiose
1322 4673 1562 4728 describi
1600 4683 1912 4737 curaverat,
1940 4673 1993 4726 in
2029 4672 2266 4725 concitio
2290 4686 2386 4724 VIII
2418 4682 2653 4722 cremata
2682 4677 2806 4721 sunt
2834 4668 2957 4720 :setl
2989 4678 3109 4721 acta
3142 4669 3569 4738 pseudo-synodi
3608 4685 3729 4739 quae
3764 4685 3913 4724 anno

669 4753 774 4806 878
810 4769 875 4808 ex
907 4756 1086 4824 capite
1129 4761 1461 4828 composuit,
1491 4759 1759 4814 hactenus
1795 4759 2097 4823 habentur;
2134 4758 2244 4812 into
2292 4771 2390 4827 pro
2439 4759 2573 4810 actis
2623 4755 2794 4823 ipsius
2836 4766 3040 4809 octava:
3087 4757 3278 4825 synodi
3327 4757 3717 4824 mcutnenicae,
3765 4764 3911 4828 apud

666 4839 888 4895 Graecos
917 4843 1300 4899 schismaticos
1346 4846 1670 4916 plerumque
1715 4846 2080 4916 recipiuntur,
2116 4845 2398 4913 repudiata
2447 4857 2573 4897 vera
2624 4842 2830 4912 synodo
2883 4857 3072 4896 octava
3120 4843 3172 4894 in
3212 4859 3318 4911 qua
3369 4838 3597 4899 Photius
3648 4849 3913 4899 canonice

667 4928 950 4996 dcpositus
994 4941 1048 4985 et
1076 4936 1581 4989 excomntunicatus
1612 4943 1716 4992 est.
1772 4933 1944 4990 Porro
1999 4943 2120 4989 acta
2167 4935 2255 4988 illa
2321 4932 2538 5000 legenti,
2606 4929 2649 4982 si
2710 4927 2884 4982 Photii
2932 4929 3203 4983 scribendi
3250 4941 3304 4983 et
3353 4930 3590 4999 fingendi
3639 4932 3909 4986 rationem

670 5029 1012 5084 perspectam
1051 5021 1266 5085 habeat,
1294 5023 1411 5091 ipsa
1443 5023 1630 5078 llctitia
1665 5039 1806 5087 esse,
1841 5026 1958 5093 ipso
1988 5037 2090 5078 suo
2136 5030 2389 5076 contextu
2439 5017 2808 5071 manichtant.
2857 5014 3019 5070 Juvat
3063 5026 3239 5070 tamen
3285 5017 3536 5072 conferre
3580 5021 3909 5074 documenta

670 5107 905 5174 genuina
956 5122 1080 5175 qua:
1123 5120 1360 5174 exstant,
1405 5127 1531 5165 cum
1583 5112 1784 5166 eisdem
1837 5111 2182 5166 dot-umentis
2220 5126 2250 5164 a
2294 5107 2489 5161 Pbotio
2535 5103 2702 5170 fictis,
2761 5114 2821 5156 ut
2862 5118 2958 5157 ex.
3023 5119 3108 5173 gr.
3162 5104 3447 5174 epistolam
3509 5104 3740 5161 Joannis
3796 5104 3909 5160 Vllf

669 5206 879 5256 veram,
915 5208 1036 5262 quae
1072 5195 1259 5251 Latine
1287 5211 1500 5252 servata
1530 5209 1636 5262 est,
1671 5213 1794 5252 cum
1825 5199 2051 5269 epistola
2083 5195 2311 5252 Joannis
2343 5195 2550 5261 fictilia,
2579 5209 2743 5262 quam
2787 5192 3012 5247 l’botius
3045 5192 3180 5247 actis
3214 5193 3331 5248 suis
3358 5193 3613 5260 inseruit,
3641 5204 3701 5249 ut
3727 5196 3910 5265 itupu-

665 5279 849 5332 dentia
881 5279 1083 5335 falsarii
1115 5288 1229 5338 sole
1265 5286 1466 5340 clarius
1490 5287 1748 5340 lucescat.

739 5364 822 5421 Ne
843 5378 1025 5424 autem
1063 5373 1302 5439 partium
1333 5375 1512 5429 studio
1542 5373 1748 5444 abrepti
1777 5373 2084 5438 videamur,
2104 5370 2232 5441 quid
2255 5369 2321 5423 de
2347 5366 2542 5422 Pbotio
2567 5367 2840 5422 senserint
2872 5367 3134 5420 coaetanei
3163 5377 3217 5421 et
3246 5378 3521 5438 gestorum
3548 5370 3670 5439 ejus
3695 5371 3904 5425 oculati

666 5459 853 5514 testes.
881 5455 934 5510 in
966 5459 1142 5511 medio
1167 5461 1407 5525 proferre
1441 5462 1714 5516 volumus.
1751 5459 1978 5515 Mentem
2014 5459 2230 5512 concilii
2267 5455 2588 5512 tecutncnici
2632 5455 2831 5514 octavi,
2859 5470 2922 5508 ex
2960 5455 3442 5524 imprecationibus
3487 5470 3542 5513 et
3583 5460 3904 5512 anathema-

669 5541 868 5606 tisutis,
899 5559 1066 5614 supra
1100 5549 1411 5613 recensitis,
1445 5550 1822 5619 unusquisque
1851 5548 2140 5617 intelliget.
2167 5549 2234 5598 At
2267 5559 2444 5613 Operae
2488 5543 2720 5613 pretium
2761 5551 2844 5596 est
2893 5543 3001 5595 huc
3047 5544 3209 5596 etiam
3261 5545 3529 5600 adducere
3574 5549 3900 5600 sententiam

733 5653 766 5683 "‘
798 5653 836 5706 ll
866 5653 1059 5710 Thess.
1094 5671 1156 5711 tt.

734 5671 766 5683 τ
798 5671 836 5706 ιι
879 5671 1059 5710 tness.
1094 5671 1156 5711 tt.

734 5751 810 5808 tu)
841 5749 1030 5806 Attast.
1067 5749 1196 5805 bibl.
1235 5749 1396 5818 Prw].
1434 5749 1596 5806 Cons.
1626 5766 1810 5804 trcum.
1864 5746 1991 5802 VH.
2029 5744 2201 5802 Bard.
2232 5743 2296 5810 V,
2331 5743 2457 5799 752.
2541 5743 2612 5812 (fr)
2666 5743 2778 5798 Art.
2815 5746 3016 5801 CcuciI.
3057 5744 3192 5800 VIII
3222 5763 3411 5805 acum.
3447 5750 3610 5806 llard.
3643 5751 3708 5814 Υ,
3745 5751 3899 5806 1166.
