4198 6440
1243 422 1641 483 ΡΜΒΑΤΙΟ
1674 423 1757 484 IN

1883 423 2057 486 [0TH
2084 424 2358 489 ΟΡΕΗΛ.
3365 431 3431 469 ut

190 521 384 584 Hiceta
412 521 806 594 Paphlagonis,
829 523 935 580 viri
970 524 1067 595 pii,
1112 523 1281 588 docti.
1313 526 1581 583 moderati
1629 526 1829 597 ingenii
1870 538 1925 584 et
1975 537 2039 585 ut
2080 530 2293 586 videtur
2331 542 2562 601 prorsus
2604 528 2856 599 ingenui.
2896 528 3013 601 qni,
3058 526 3190 585 dum
3259 524 3431 579 vitam

187 614 502 682 patriarcha:
528 607 717 681 lgnatii
741 611 930 667 sedqu
952 620 1007 667 et
1034 621 1290 668 accurate
1316 610 1670 678 describeret.
1714 616 1783 671 de
1812 618 2022 673 meritis
2053 633 2119 672 ac
2148 619 2295 673 vitiis
2340 618 2516 673 Photii
2550 627 2733 673 tacere
2774 632 2892 673 non.
2931 616 3128 687 potuit.
3176 613 3227 669 Is
3281 608 3419 683 quid

190 699 387 753 valeret
418 697 644 753 Pbotius
674 699 969 762 natalibus.
998 698 1204 763 studio.
1252 696 1502 756 doctrina
1540 712 1596 757 et
1627 704 1895 767 moribus,
1946 713 2137 774 sponte
2168 713 2413 769 enarrat.
2440 704 2535 759 sed
2566 712 2757 776 postea
2795 705 2963 759 etiam
2994 702 3049 757 in
3090 716 3201 773 quo
3241 714 3436 771 pecca-

194 788 327 840 verit
351 788 565 841 sincere
592 788 834 856 exponit.
868 786 1135 843 Audiatur
1161 786 1333 858 igitur
1377 787 1471 844 ille
1512 791 1671 847 testis
1702 806 1865 862 quem
1916 806 2019 846 nec
2061 790 2248 846 odium
2293 806 2396 849 nec
2439 805 2614 857 amor,
2662 790 2757 847 sed
2804 789 3057 846 veritatis
3102 789 3438 861 exponenda:

190 879 511 932 desiderium
540 882 700 932 unice
732 878 922 933 movit.

260 991 278 1023 ι
318 969 538 1040 Ἐπειδὴ
558 970 740 1023 τοίνυν
764 971 815 1022 oi
849 970 1000 1041 παρὰ
1032 969 1127 1025 τοῦ
1158 969 1419 1041 βασιλέως
1443 971 1564 1027 τότε
1590 973 1761 1027 πολλὰ

190 1064 568 1135 πειράσαντες,
630 1061 693 1113 τὸ
751 1060 887 1131 πρὸς
947 1062 1296 1133 παρανομίαν
1329 1063 1608 1134 ενδόσιμον
1659 1065 1762 1135 οὐχ

189 1148 347 1208 οἷοίτε
375 1152 720 1220 εγεγόνεισαν
757 1152 911 1221 παρά
954 1150 1048 1204 τοῦ
1087 1151 1355 1220 ’ίγνατίου
1406 1153 1609 1220 λασεῐν,
1634 1171 1764 1223 γεν-

192 1246 371 1307 ναίαις
400 1242 685 1297 ἱνστάσεσι
724 1242 1164 1314 παραιτήσασθαι
1194 1243 1271 1314 μὴ
1300 1244 1763 1316 καταδεξαμινου,

192 1335 318 1405 παρ’
354 1333 567 1387 ιαυτῶν
596 1332 788 1385 ἔλαϐον
816 1332 974 1386 τοῦτο
1001 1332 1188 1386 λοιπόν
1217 1350 1234 1365 ·
1259 1334 1352 1386 καὶ
1393 1334 1622 1389 πλείστα
1642 1339 1766 1392 καθ’

192 1427 421 1488 ἑαυτοὺς
447 1424 869 1494 συσκεψάμενοι,
912 1424 1008 1477 καὶ
1045 1426 1225 1478 πᾶσαν
1255 1429 1608 1493 κεκινηκότες
1640 1428 1769 1499 βου-

191 1515 306 1585 λὴν,
350 1515 556 1569 ῡώτιον
584 1514 1081 1584 πρωτοσπαθὰριόν
1112 1532 1175 1568 τε
1229 1514 1362 1571 δντα
1400 1519 1495 1572 καὶ
1543 1538 1769 1591 πρωτα-

194 1608 482 1676 σηκρῆτιν,
513 1608 593 1667 είς
629 1604 891 1677 ἀρχιερέα
936 1605 1035 1675 τῆς
1065 1604 1337 1674 βασιλίδος
1395 1609 1770 1681 προχειριζον-

188 1714 297 1750 ται.
326 1694 513 1750 Ἧνδὶ
532 1689 688 1761 οὗτος
730 1697 760 1749 δ
791 1694 995 1760 Meto;
1018 1695 1080 1750 οὑ
1111 1696 1223 1750 τῶν
1288 1699 1536 1767 ἀγεννῶν
1582 1719 1643 1755 τε
1670 1705 1767 1757 καὶ

190 1788 369 1841 ἁνωνύ
377 1807 513 1858 μων,
529 1789 667 1843 ἀλλὰ
682 1790 779 1845 καὶ
801 1791 912 1846 τῶν
928 1792 1169 1861 εὐγενῶν
1183 1795 1324 1848 κατὰ
1341 1794 1539 1865 σάρκα,
1562 1798 1653 1850 καὶ
1672 1815 1769 1851 πε-

192 1881 459 1964 ριφανῶν,
494 1884 657 1955 σοφίᾳ
685 1901 743 1937 τε
760 1888 997 1958 κοσμικῇ
1027 1889 1122 1941 καὶ
1153 1889 1365 1942 συνέσει
1392 1889 1501 1943 τῶν
1518 1891 1577 1944 εν
1592 1894 1658 1963 τῇ
1674 1909 1773 1946 πο·

190 1970 371 2037 λιτεία
422 1974 807 2042 στρεφομένων
855 1975 1286 2046 εὐδοκιεώτατος
1326 1979 1546 2033 πάντων
1592 1982 1771 2052 ἐνομί-

196 2060 339 2123 ζετο.
380 2062 783 2133 Γραμματικῆς
810 2068 1047 2141 ’μὲνγὰρ
1088 2072 1185 2123 καὶ
1229 2073 1521 2142 ποιήσεως,
1552 2075 1773 2145 ῥητορι-

190 2153 291 2222 κῆς
346 2171 410 2206 τε
472 2159 565 2210 καὶ
619 2158 959 2229 φιλοσοφίας,
999 2162 1093 2214 ναὶ
1120 2162 1184 2232 δὴ
1212 2166 1307 2217 καὶ
1346 2164 1621 2235 ίατρικῆς,
1676 2169 1771 2221 καὶ

191 2247 377 2314 πάσης
405 2247 588 2315 ὀλίγου
645 2250 755 2303 δεῖν
776 2253 1092 2323 ἐπιστήμης
1123 2255 1233 2308 τῶν
1259 2256 1492 2328 θύραθεν
1520 2258 1769 2312 τοσοῦτον

190 2337 340 2406 αὑτῷ
407 2338 468 2391 τδ
521 2341 733 2410 περιὸν,
782 2344 859 2407 ὡς
892 2345 966 2417 μὴ
1021 2346 1184 2415 μόνον
1216 2349 1400 2417 σχεδὸν
1442 2349 1609 2417 φάναι
1664 2351 1771 2403 τῶν

189 2430 329 2481 κατὰ
366 2430 465 2499 τὴν
498 2430 663 2485 αὑτοῦ
710 2433 906 2501 γενεὰν
955 2435 1176 2491 πάντων
1207 2437 1525 2505 διενεγκεῖν,
1560 2441 1660 2512 ἤδη
1713 2439 1771 2495 δὲ

189 2521 281 2571 καὶ
309 2519 450 2587 πρὸς
480 2523 604 2582 τοὺς
645 2523 909 2587 παλαιοὺς
940 2526 1103 2579 αὐτὸν
1151 2526 1557 2599 διαμιλλᾶσθαι.
1586 2530 1774 2585 Πάντα

189 2611 298 2681 γὰρ
344 2612 667 2683 συνέτρεχεν
712 2616 802 2667 ἐπ’
831 2615 999 2686 αὐτῷ,
1042 2618 1076 2684 ἡ
1133 2618 1511 2690 ἐπιτηδειότης
1549 2622 1649 2692 τῆς
1672 2622 1775 2691 φύ-

192 2720 354 2767 σεως,
395 2707 427 2774 ἡ
488 2705 711 2776 σπουδὴ,
762 2710 790 2760 ό
819 2707 1069 2771 πλοῦτος,
1132 2710 1202 2763 δι’
1235 2708 1295 2761 ὃν
1326 2710 1417 2763 καὶ
1446 2709 1628 2780 βίδλος
1666 2712 1757 2765 ἐπ’

190 2796 361 2849 αὑτὸν
401 2795 551 2866 {Mat
603 2798 750 2850 πᾶσα
779 2814 794 2827 ·
847 2798 1091 2853 πλέονοδδ
1145 2799 1367 2854 πάντων
1407 2802 1436 2854 δ
1482 2802 1585 2872 τῆς
1616 2802 1775 2875 δόξης

190 2884 374 2955 ἔρως,
426 2886 491 2938 δι’
551 2886 611 2938 ὃν
666 2888 813 2959 αὐτῷ
882 2892 977 2942 καί⁵
1025 2889 1219 2955 νύκτες
1268 2892 1463 2945 ἄϋπνοι
1502 2892 1631 2964 περὶ
1678 2895 1778 2965 τὴν

193 2976 509 3044 ἀνάγνωσιν
547 2978 801 3048 ἐμμελῶς
861 2980 1203 3050 ὲσχολακότι.
1243 2982 1396 3035 Ἐπεὶ
1424 2983 1480 3037 δὲ
1516 2984 1613 3036 καὶ
1645 2986 1777 3055 πρὸς

192 3064 293 3133 τὴν
324 3066 660 3136 Ἐκκλησίαν
713 3069 905 3140 αὐτὴν,
948 3070 1024 3135 ὼς
1065 3071 1141 3143 μὴ
1186 3070 1415 3143 ὤφελεν,
1445 3075 1779 3131 ἐπεισελθεῖν

194 3155 326 3222 εδει,
361 3160 457 3211 καὶ
491 3160 598 3213 τῶν
624 3162 1094 3230 ἑκκλησιαστικῶν
1125 3164 1211 3219 διὰ
1244 3164 1403 3219 τοῦτο
1438 3165 1658 3235 βιϐλίων
1683 3170 1782 3238 τῆς

194 3250 563 3317 ἀναγνώσεως
585 3252 645 3304 οὐ
679 3255 821 3307 κατὰ
853 3255 1129 3327 πάρεργον
1158 3256 1490 3327 ιπεμελήθη·
1524 3258 1783 3329 ἀγνόημα

198 3341 257 3395 δὲ
287 3342 587 3411 ἠγνόησεν,
620 3343 687 3396 ἵν’
715 3347 854 3398 είπω
877 3346 1224 3414 θεολογικῶς,
1254 3348 1458 3420 σφόδρα
1486 3350 1587 3418 τῆς
1617 3351 1781 3404 αὑτοῦ

200 3432 399 3500 σοφίας
433 3435 672 3499 ἀνάξιον.
707 3438 782 3490 Οὐ
817 3438 927 3507 γὰρ
955 3438 1185 3509 ἠθέλησε
1210 3440 1498 3509 προσέχειν
1526 3442 1617 3494 τὸν
1637 3442 1781 3500 νοῦν.

197 3525 304 3578 ὅτι·
362 3524 434 3578 Et
466 3543 556 3591 τις
584 3527 741 3581 θέλει
798 3529 989 3597 σοφὸς
1046 3534 1324 3598 γενέσθαι
1368 3531 1437 3585 ἐν
1492 3531 1572 3597 τῷ
1620 3532 1788 3587 αίῶνι

203 3620 427 3684 τούτῳ,
450 3620 644 3688 μωρὸς
675 3622 964 3689 γενέσθω,
992 3622 1094 3676 ἵνα
1123 3622 1367 3692 γένηται
1396 3625 1615 3692 σοφός.
1648 3627 1787 3680 Οὐδὲ

198 3712 305 3777 τὴν
369 3709 491 3763 ὁδὸν
516 3710 690 3763 είλετο
719 3715 818 3781 τῆς
854 3715 1379 3786 ταπεινοφροσύνης,
1408 3716 1476 3769 δι’
1506 3711 1571 3788 ἧς
1599 3720 1632 3787 ἡ
1693 3736 1791 3789 με·

204 3799 356 3869 γὰλη
419 3799 514 3853 τοῦ
545 3800 683 3853 Θεοῦ
731 3803 911 3872 χάρις,
943 3804 1037 3857 καὶ
1072 3803 1339 3874 ήὰληθὴς
1391 3805 1552 3873 σοφία
1585 3807 1791 3861 δίδοται

200 3895 303 3946 καὶ
322 3892 686 3963 κατορθοῦται
720 3909 736 3924 ο
764 3895 886 3948 οὐδὲ
927 3895 1237 3965 στραφῆναι
1262 3897 1356 3949 καὶ
1403 3897 1657 3965 γενέσθαι
1714 3899 1791 3961 ὡς

200 3987 267 4039 τὸ
308 3986 529 4039 παιδίον
570 3986 658 4040 διὰ
697 3986 796 4057 τὴν
835 3986 929 4040 τοῦ
980 3988 1118 4040 Θεοῦ
1172 3988 1470 4058 βασιλείαν,
1521 3990 1595 4052 ὡς
1625 3992 1658 4059 ἡ
1691 3990 1786 4043 τοῦ

204 4078 421 4151 Κυρίου
446 4078 833 4149 διαμαρτυρία,
872 4078 1196 4144 κατεδέξατο
1227 4096 1241 4109 ·
1278 4082 1395 4135 ἀλλ’
1424 4083 1549 4135 οὐδε
1583 4084 1791 4152 σκάψαι

203 4171 310 4241 τὴν
363 4169 517 4240 αὐτῷ
543 4170 745 4240 ψυχὴν,
779 4172 875 4223 καὶ
910 4170 1140 4241 βαθῦναι
1177 4172 1278 4242 τὴν
1299 4173 1539 4227 διάνοιαν
1575 4174 1663 4227 διὰ
1690 4176 1795 4228 πά-

205 4278 313 4330 σης
356 4262 665 4333 ὑποταγῆς,
692 4262 835 4315 κατὰ
883 4264 1106 4331 Κύριον,
1142 4263 1238 4316 καὶ
1286 4264 1619 4335 ἀτιμοτέρας
1649 4266 1797 4332 ἀγω-

204 4356 312 4424 γῆς
345 4354 438 4408 καὶ
472 4354 917 4424 ταπεινόφρονος,
950 4355 1047 4408 καὶ
1068 4355 1136 4408 δι’
1151 4355 1423 4417 ἀπαθείας
1452 4356 1595 4409 οὕτω
1620 4358 1682 4427 τῇ
1705 4358 1795 4409 1r:-

203 4464 314 4517 τρε.
368 4446 735 4517 προσεγγίσαι
765 4448 1007 4519 Χριστῷ,
1059 4449 1153 4502 καὶ
1180 4448 1269 4501 ἐπ’
1298 4450 1449 4518 αὐτῷ
1488 4448 1657 4502 θεῖναι
1708 4450 1795 4503 θε-

208 4543 399 4612 μέλιον
466 4542 701 4605 πίστεως
738 4544 978 4613 ὰρῤαγῆ,
1032 4544 1125 4596 καὶ
1166 4544 1239 4595 δι’
1264 4542 1487 4611 ἀγαθῶν
1540 4545 1789 4615 πράξεων

205 4633 353 4687 οὕτω
397 4632 505 4701 τῆς
561 4633 752 4702 σοφίας
774 4632 885 4705 [ισ.
920 4636 987 4704 τῇ
1038 4632 1223 4705 σοφίᾳ]
1249 4635 1442 4686 ἑαυτὸν
1467 4635 1789 4703 οἰκοδομεῖν.

205 4727 285 4779 Οὐ
316 4724 492 4777 ταῦτα
518 4724 855 4794 διανενόηται
883 4725 911 4776 ό
952 4724 1115 4794 σοφός
1142 4738 1157 4754 ο
1195 4723 1392 4777 πολλοῦ
1428 4740 1491 4792 γε
1544 4725 1627 4777 δεῖ
1658 4742 1671 4755 ’
1696 4725 1792 4778 καὶ

206 4813 364 4865 οὐδὲν
394 4812 602 4866 τούτων
628 4816 720 4867 ἐπὶ
742 4813 868 4867 νοῦν
902 4809 1067 4885 ἦλθεν
1127 4814 1299 4885 αὐτῷ,
1337 4813 1453 4867 ἀλλ’
1485 4815 1577 4867 ἐπὶ
1608 4814 1793 4885 σαθρῷ

208 4906 455 4975 θεμελίῳ
517 4906 611 4957 καὶ
665 4904 939 4975 ἀμμώδει,
963 4908 1030 4976 τῇ
1063 4908 1304 4977 κοσμικῇ
1351 4904 1538 4976 σοφίᾳ,
1590 4906 1685 4959 καὶ
1726 4908 1792 4976 τῇ

208 4999 507 5069 ἀλαζονείᾳ
534 4998 627 5052 τοῦ
665 5001 739 5069 μὴ
779 4998 920 5053 κατὰ
978 4998 1212 5071 Χριστὸν
1240 4998 1676 5069 πεπαιδευμένου
1707 4999 1796 5052 λό-

212 5108 311 5159 γου
340 5092 442 5161 τὴν
491 5090 950 5161 ἑαυτοῦ-καρδίαν
974 5091 1235 5161 στηρίξας
1277 5091 1372 5145 καὶ
1396 5090 1485 5144 τὸν
1516 5089 1661 5157 νοῦν,
1702 5091 1796 5143 καὶ

216 5185 324 5244 τοῖς
367 5183 547 5243 κενοῖς
575 5179 685 5233 τῶν
709 5181 1009 5251 ἀνθρώπων
1047 5182 1290 5244 ἐπαίνοις
1324 5180 1417 5234 καὶ
1448 5181 1663 5252 κρότοις
1689 5198 1793 5248 φυ-

212 5273 526 5341 σιούμενος.
581 5272 677 5325 καὶ
733 5273 827 5325 ἐπὶ
856 5272 989 5326 πολὺ
1016 5275 1083 5344 τῇ
1145 5273 1422 5345 κενοδοξία
1465 5274 1795 5344 μετεωριζό-

214 5380 401 5433 μενος,
454 5364 521 5417 δι’
575 5364 746 5434 αὐτῆς
790 5368 857 5436 τῇ
916 5365 1086 5436 ἐχθρᾷ
1141 5364 1235 5419 τοῦ
1284 5364 1419 5419 Θεοῦ
1449 5366 1796 5435 ὑπερηφανίᾳ.

220 5457 619 5525 προσεπίλασε,
649 5454 796 5530 δι’ἦς
821 5460 1155 5530 κακουργίαν
1190 5477 1246 5513 τε
1272 5462 1473 5523 πᾶσαν,
1505 5460 1599 5513 καὶ
1617 5460 1797 5512 πᾶσαν

218 5551 536 5605 σκανδάλων
568 5552 824 5606 ὑπόθεσιν
852 5556 1314 5623 μυσταγωγείται.
1341 5554 1506 5606 Ὅθεν
1536 5552 1796 5622 ἀδόκιμον

221 5642 369 5712 αὐτῷ
394 5643 493 5713 τὴν
516 5643 616 5713 τῆς
646 5644 927 5717 ίεραρχίας
959 5645 1397 5716 καταϐαλόμενος
1452 5645 1646 5716 ἀρχὴν,
1671 5646 1796 5697 ἀκνί-

341 5807 356 5859 ι
384 5806 509 5861 Cur.
538 5821 617 5859 tit.
698 5808 738 5826 "
758 5803 946 5859 Matth.
975 5818 1127 5857 tvm.

1942 994 1962 1028 ι
1986 974 2280 1047 Postquam
2305 977 2468 1048 igitur
2485 974 2792 1033 ailministri
2816 975 2951 1047 regii
2968 989 3111 1045 saepe
3124 980 3332 1028 tentata
3353 986 3437 1037 re.

1865 1083 1975 1123 non
2007 1078 2303 1139 potuerunt
2340 1070 2557 1125 ﬂectere
2587 1069 2852 1141 Ignatium
2893 1069 2959 1123 ad
2988 1069 3041 1123 id
3075 1066 3220 1137 quod
3254 1066 3441 1135 inique

1867 1165 2144 1231 petebant,
2178 1178 2333 1219 suam
2372 1164 2465 1219 illo
2498 1163 2825 1233 dignitatem
2852 1161 3070 1215 fortiter
3101 1169 3156 1214 et
3177 1166 3442 1213 constan-

1869 1262 1950 1307 ter
1978 1264 2181 1319 tuente,
2200 1269 2228 1306 a
2254 1270 2315 1309 se
2332 1255 2432 1322 ipsi
2456 1253 2750 1309 consilium
2772 1252 2841 1307 de
2864 1260 3065 1306 catero
3088 1248 3397 1319 petiverunt
3422 1262 3443 1314 ;

1870 1345 2144 1414 rebusque
2174 1344 2315 1399 inter
2353 1359 2413 1399 se
2444 1344 2537 1398 diu
2576 1345 2815 1413 agitatis,
2861 1353 3191 1409 omnemque
3228 1338 3283 1392 in
3321 1351 3447 1407 par-

1871 1438 1978 1487 tem
2008 1432 2261 1497 versatis,
2294 1432 2515 1488 tandem
2552 1430 2805 1485 Photiuni
2834 1428 3360 1501 protospatbsrium.
3391 1434 3447 1482 et

1870 1524 2108 1593 primum
2134 1538 2164 1576 a
2196 1524 2448 1585 secretis.
2495 1522 2865 1592 patriai-citam
2899 1520 3055 1575 urbis
3104 1518 3263 1587 regite
3294 1516 3448 1571 desi-

1871 1619 2039 1679 gnant
2063 1626 2080 1675 ;
2123 1610 2396 1663 hominem
2423 1625 2556 1663 sane
2588 1609 2813 1663 minime
2838 1609 3134 1661 obscurum
3163 1612 3218 1659 et
3246 1603 3449 1670 ignobi-

1874 1705 1999 1767 lem.
2028 1702 2122 1759 sed
2151 1703 2321 1757 claris
2360 1717 2424 1757 ac
2452 1703 2764 1757 illustribus
2804 1700 3102 1755 oriundum
3146 1697 3443 1756 natalibus.

1874 1810 2165 1863 rerumque
2193 1794 2435 1848 civilium
2460 1802 2514 1846 et
2541 1792 2885 1862 politicarum
2910 1805 3033 1855 usu,
3054 1787 3449 1858 prudentiaque

1872 1896 1926 1943 et
1952 1887 2181 1942 scientia
2216 1885 2604 1939 clarissimum.
2633 1880 3015 1938 Grammaticz
3041 1880 3209 1942 enim,
3242 1878 3453 1931 littera-

1875 1990 2010 2034 tura:
2038 1991 2090 2033 et
2113 1978 2373 2032 carminis
2406 1977 2696 2047 pangendi,
2726 1973 3055 2041 dicendique
3094 1971 3278 2032 laude.
3312 1968 3447 2036 quin

1874 2081 1927 2125 et
1957 2068 2316 2137 philosophiae
2343 2078 2397 2122 et
2432 2066 2736 2130 medicinae,
2762 2075 2816 2119 et
2839 2063 3083 2119 omnium
3123 2075 3290 2131 prope
3314 2060 3450 2113 libe-

1876 2160 2070 2212 ralium
2106 2158 2522 2226 disciplinarum
2564 2163 2918 2210 externarum
2955 2150 3138 2206 studio
3178 2148 3450 2217 cognitio.

1873 2264 2049 2317 neque
2076 2257 2360 2317 tantopere
2390 2246 2641 2311 florebat,
2683 2255 2741 2299 ut
2765 2245 2865 2299 aevi
2892 2244 2978 2298 sui
3012 2241 3172 2296 facile
3199 2241 3450 2308 princeps

1872 2341 2187 2402 haberetur.
2212 2343 2321 2395 imo
2350 2348 2405 2394 et
2450 2354 2576 2392 cum
2608 2338 2887 2417 veteribus
2936 2335 3049 2404 jam
3079 2342 3289 2387 certare
3319 2347 3451 2401 pos-

1873 2444 1975 2490 set.
2018 2432 2212 2488 Omnia
2251 2434 2454 2503 quippe
2487 2431 2541 2485 iu
2590 2431 2684 2485 illo
2729 2434 3125 2484 concurrerant
3158 2444 3172 2480 :
3208 2422 3452 2495 aptitudo

1873 2528 2117 2596 quaedam
2144 2535 2198 2580 et
2232 2534 2439 2578 natura:
2480 2524 2565 2577 vis
2588 2538 2653 2577 ac
2702 2521 2959 2585 felicitas,
3002 2518 3263 2579 studium,
3296 2530 3451 2585 opes.

1874 2621 2073 2689 quibus
2132 2618 2233 2673 sibi
2293 2618 2558 2670 librorum
2616 2601 2861 2668 omnium
2916 2612 3208 2665 maximam
3241 2608 3453 2676 copiam

1876 2709 2230 2781 comparabat
2260 2729 2274 2764 :
2316 2717 2395 2771 et.
2427 2708 2572 2777 quod
2610 2722 2723 2777 pra:
2762 2705 3000 2769 cunctis.
3031 2700 3216 2774 gloria:
3248 2701 3454 2753 laudis-

1876 2819 1984 2873 que
2012 2802 2235 2872 cupido,
2261 2816 2369 2871 qua
2407 2800 2669 2853 incensus
2704 2806 2851 2851 totas
2900 2804 3111 2857 noctes,
3155 2800 3215 2846 ut
3240 2789 3453 2845 lectioni

1880 2897 2098 2951 assidue
2129 2899 2373 2956 vacaret,
2405 2892 2637 2945 ducebat
2690 2889 2997 2943 insomnes.
3026 2884 3295 2951 Quoniam
3330 2897 3458 2935 vero

1880 3002 2097 3043 sacrum
2129 2984 2294 3040 etiam
2328 2983 2495 3053 (quod
2529 2983 2734 3035 utinam
2766 2992 3043 3047 nunquam
3070 2973 3285 3042 fuisset)
3308 2972 3459 3026 thro—

1883 3092 2015 3132 num
2052 3075 2309 3130 Ecclesiae
2343 3086 2752 3129 conscensurus
2782 3079 2923 3133 erat,
2958 3080 3116 3121 saera
3161 3076 3378 3133 quoque
3407 3075 3459 3116 rt

1881 3167 2257 3223 ecclesiastica
2286 3164 2560 3220 volumina
2592 3163 2837 3217 studiose
2859 3159 3026 3228 coapit
3067 3158 3332 3211 lectitare.
3364 3150 3460 3207 Ve-

1857 3314 1859 3318 Α
1885 3275 2003 3315 rum
2031 3268 2091 3313 ut
2112 3257 2371 3326 Theologi
2404 3255 2731 3309 Nazianzeni
2764 3253 2875 3306 ritu
2906 3251 3119 3318 loquar.
3152 3246 3301 3316 quod
3330 3259 3462 3299 sane

1887 3352 2059 3422 ipsius
2092 3349 2359 3418 sapientia
2389 3348 2670 3418 indignum
2708 3346 2831 3407 fuit.
2870 3342 3272 3415 ignorationem
3304 3340 3461 3409 igno-

1889 3447 2044 3498 ravit.
2095 3443 2284 3495 Noluit
2330 3442 2477 3495 enim
2526 3437 2988 3499 animadvertere.
3036 3434 3349 3503 quoniam:
3399 3428 3460 3483 Si

1886 3535 2003 3604 quis
2024 3534 2132 3587 uult
2158 3536 2364 3601 sapiens
2406 3532 2522 3600 ﬁeri
2550 3531 2603 3583 in
2632 3529 2727 3583 hoc
2781 3528 3002 3593 mundo,
3044 3525 3238 3580 stultus
3279 3524 3365 3584 sit.
3402 3532 3464 3575 ut

1888 3625 2093 3692 sapiens
2119 3625 2269 3693 ﬁat'.
2291 3621 2477 3691 Neque
2504 3624 2644 3675 viam
2684 3620 2968 3675 modestia:
2991 3626 3047 3671 et
3077 3615 3464 3673 submissionis

1889 3720 2173 3786 ingressus
2199 3724 2302 3779 est,
2335 3729 2445 3783 qua
2472 3712 2539 3767 ad
2565 3714 2848 3767 cmlestem
2877 3710 3114 3781 gratiam
3167 3719 3465 3773 veramque

1889 3809 2214 3877 sapientiam
2244 3808 2593 3877 pervenitur:
2630 3820 2807 3874 neque
2835 3803 3088 3872 deposito
3121 3800 3262 3854 fastu
3294 3797 3466 3851 voluit

1889 3901 2155 3965 converti,
2191 3908 2246 3953 et
2279 3899 2393 3953 ﬁeri
2425 3908 2483 3951 ut
2514 3897 2802 3968 parvulus.
2832 3904 3057 3965 prepter
3088 3906 3313 3963 regnum
3351 3888 3465 3951 Dei.

1887 3996 2042 4063 juxta
2070 3992 2281 4046 Domini
2300 3995 2541 4045 vocem“
2561 4008 2575 4045 :
2598 4005 2777 4060 neque
2794 3990 3032 4041 animam
3055 4000 3207 4039 suam
3232 3992 3286 4037 et
3316 3997 3468 4035 men-

1893 4098 1999 4142 tem
2032 4088 2197 4141 altius
2251 4083 2458 4147 fodere,
2487 4091 2540 4137 et
2573 4083 2722 4136 omni
2774 4078 3119 4149 subjectione
3156 4075 3465 4134 demittere.

1893 4189 1953 4234 ut
1976 4180 2131 4248 jubet
2166 4177 2451 4238 Dominus.
2486 4190 2580 4244 per
2606 4173 2962 4242 abjeetiorein
3008 4168 3470 4235 humilioremque

1893 4272 2142 4329 semitam
2173 4287 2187 4334 ;
2229 4280 2395 4339 atque
2421 4269 2493 4322 ita
2531 4283 2627 4338 per
2665 4266 2959 4321 affectuum
2992 4260 3468 4316 mortificationem

1894 4374 2059 4434 peti-te
2090 4362 2309 4417 Christo
2339 4360 2620 4431 conjungi,
2662 4368 2715 4413 et
2766 4372 2932 4426 super
2960 4357 3137 4425 ipsum
3174 4354 3471 4406 inconcus-

1895 4468 2015 4507 sum
2052 4450 2177 4506 fidei
2227 4450 2644 4505 fundamentum
2691 4461 2918 4517 ponere,
2963 4450 3018 4498 et
3062 4444 3166 4512 piis
3211 4439 3473 4511 operibus

1897 4546 2135 4615 seipsum
2181 4543 2515 4597 domicilium
2579 4539 2863 4610 sapientiae
2905 4536 3268 4591 constituere.
3330 4532 3480 4585 Nihil

1896 4641 2091 4694 horum
2137 4638 2266 4692 huic
2297 4637 2447 4690 venit
2486 4635 2539 4688 in
2596 4641 2856 4691 mentem.
2893 4631 2997 4683 alia
3044 4628 3227 4682 omnia
3268 4623 3473 4695 cogita»

1897 4735 1983 4787 bat
2013 4748 2029 4797 ;
2062 4731 2240 4800 fragili
2269 4737 2323 4784 et
2349 4742 2605 4789 arenuso,
2634 4740 2786 4778 vana:
2804 4721 3157 4792 prolanaeque
3196 4716 3486 4787 sapientia?

1897 4824 2253 4879 fundamento
2280 4831 2335 4875 et
2363 4817 2690 4881 insolentiae,
2724 4830 2832 4869 non
2856 4810 3158 4867 secundum
3190 4806 3477 4863 Christum

1897 4917 2161 4972 doctrinae
2190 4929 2285 4968 cor
2332 4928 2492 4967 suum
2538 4918 2887 4976 mentemque
2913 4908 3270 4965 conﬁrmans,
3315 4899 3474 4954 vanis

1900 5009 2179 5065 hominum
2213 5006 2468 5059 laudibus
2501 5013 2556 5058 et
2584 5002 2865 5071 plausibus
2918 4997 3166 5061 inﬂatus,
3188 4995 3475 5059 elatusque

1900 5097 2265 5169 inanigloria.
2297 5111 2394 5164 per
2447 5096 2620 5162 ipsam
2660 5092 2892 5145 inimicae
2939 5086 3056 5142 Deo
3098 5082 3371 5154 superbia
3413 5092 3475 5133 se

1901 5191 2189 5260 conjunxit
2226 5207 2241 5244 :
2288 5205 2349 5243 ex
2402 5203 2515 5258 quo
2540 5187 2718 5241 omnis
2758 5180 3080 5251 impietatis.
3118 5181 3478 5241 omniumque

1903 5282 2266 5337 offensionum
2309 5279 2591 5333 materiem
2620 5276 2849 5331 edoctus
2877 5282 2983 5327 est.
3016 5270 3157 5339 Ergo
3186 5266 3355 5337 jactis
3380 5276 3471 5315 sa-

1904 5371 2132 5427 cerdotii
2198 5371 2283 5424 sui
2338 5368 2714 5437 improbandis
2775 5362 3170 5423 fundamentis,
3224 5364 3478 5410 extremo

1908 5465 2074 5519 initiis
2098 5472 2465 5517 consentanea
2499 5463 2728 5515 sortitus
2756 5470 2857 5513 est.
2897 5456 3005 5510 Nec
3037 5454 3180 5507 enim
3213 5446 3471 5518 rcpudia~

1909 5557 1981 5608 vit
2014 5554 2337 5619 Ecclesiani,
2392 5566 2649 5621 tanquam
2698 5567 2725 5604 a
2776 5548 3023 5619 profanis
3065 5538 3483 5613 magistratibus

1904 5647 2131 5719 profane
2166 5654 2219 5703 et
2243 5645 2641 5717 δίδοι-Ηίθευείὺὶ
2666 5641 3047 5699 demandatum
3077 5656 3091 5705 ;
3122 5648 3299 5706 neque
3327 5627 3486 5685 velut
