4198 6440
731 443 784 483 tv
1780 436 2177 497 PREFATIO
2219 438 2300 499 ΙΝ
2333 438 2596 500 PHOTII
2630 440 2900 502 OPERA.

730 547 883 601 alteri
910 546 1028 599 viro
1069 553 1317 614 nuptam.
1355 544 1457 599 sibi
1493 559 1588 614 per
1618 544 1945 600 adulterium
1971 547 2300 615 desponderi

729 640 933 694 veritus
958 651 1059 702 est,
1094 635 1395 702 sedeontra
1428 637 1610 705 potius
1656 638 2111 701 exsultabundus,
2150 639 2305 692 aride

731 731 1178 799 impudenterque
1206 729 1257 780 in
1292 729 1437 781 il'Ias
1487 728 1825 797 complexum
1875 729 2011 791 ruit.
2045 729 2306 782 alienam-

731 836 838 888 que
888 830 1142 888 tanquam
1187 820 1462 888 propriam
1509 819 1688 890 palam
1740 821 2042 890 arrogavit,
2096 835 2307 889 suaque

735 912 962 965 infantia
994 924 1046 965 et
1089 911 1356 964 dedecore
1396 910 1756 980 gloriabatur,
1794 919 1847 965 et
1892 913 2220 967 laudabatur
2251 913 2305 966 in

735 1005 1019 1074 iniquitate
1066 1019 1204 1066 sua;
1255 1005 1514 1073 intraque
1562 1019 1654 1059 sex
1711 1019 1816 1059 non
1875 1007 2112 1074 amplius
2166 1006 2305 1070 dies,

734 1095 988 1150 manibus
1033 1095 1314 1149 Immineat
1359 1094 1629 1158 initiatus,
1673 1098 2016 1165 concupitam
2066 1097 2310 1151 ecclesia:

733 1187 1048 1240 cathedram
1088 1186 1307 1239 invasit.
1337 1185 1578 1254 Eratque
1617 1201 1743 1241 vere
1769 1202 2014 1250 cernere,
2050 1196 2108 1240 ut
2139 1189 2310 1241 fertur

735 1279 950 1346 adagio,
973 1277 1396 1346 extemporalem
1431 1276 1815 1346 lletitiumqne,
1833 1295 1929 1333 seu
1963 1287 2308 1345 personatum

738 1379 1012 1421 sanctum.
1046 1366 1179 1420 Nam
1207 1368 1384 1436 primo
1405 1367 1492 1421 die
1520 1369 1826 1423 monachus
1855 1384 1917 1423 ex
1947 1370 2110 1433 laico,
2141 1374 2313 1426 altero

737 1455 928 1514 lector,
964 1464 1078 1506 tum
1110 1455 1551 1524 hypodiaconus.
1584 1471 1647 1509 ac
1672 1458 1962 1521 diaconus,
2001 1468 2054 1513 et
2085 1460 2315 1530 presby~

737 1555 822 1599 ter
857 1563 870 1598 :
904 1555 1059 1599 sexto
1089 1546 1305 1610 deinde,
1339 1546 1431 1615 qui
1463 1545 1565 1599 fuit
1593 1546 1795 1601 Christi
1849 1548 2070 1609 natalis,
2105 1558 2158 1603 ct
2201 1550 2315 1617 ipse

740 1653 958 1692 sacrum
988 1636 1367 1692 conscendens
1400 1637 1664 1702 tribunal,
1701 1653 1888 1706 pacem
1925 1639 2151 1708 populo,
2173 1640 2315 1694 nihil

738 1741 866 1780 rera
894 1741 1024 1793 pace
1061 1725 1286 1794 dignum
1312 1726 1581 1796 cogitans,
1613 1727 1876 1779 nuntiavit
1902 1726 2029 1796 (c).i

2406 550 2591 603 λουθον
2634 551 2754 620 ἔςχε
2785 555 2849 621 τῇ
2882 552 3021 622 ἀρχῇ
3055 557 3114 604 τὸ
3145 551 3313 614 τέλος.
3357 552 3430 605 Οὗ
3460 553 3570 623 γὰρ
3621 554 3977 626 παρῃτῆσατο

2406 639 2502 708 τὴν
2531 638 2604 700 ὡς
2625 640 2778 708 παρὰ
2804 641 3084 709 κοσμικῶν
3116 641 3392 711 ἀρχόντων
3432 641 3691 709 ἀκόσμως
3719 643 3867 712 αὕτῷ
3888 645 3981 696 xui.

2407 727 2659 796 ἁθέτμως
2693 728 3029 800 ἐνδιδομένην
3051 730 3399 799 Ἐκκλησίαν,
3435 731 3543 783 οὐδ’
3574 731 3651 794 ὡς
3677 733 3848 801 ἑτέρῳ
3886 734 3982 786 ἁν-

2407 818 2494 887 δρὶ
2527 817 2991 890 καθηρμοσμένην
3025 821 3283 890 μοιχικὼς
3332 821 3509 890 ἑαυτῷ
3571 825 3984 890 κατεγγυᾶσθαι

2407 909 2688 981 ηὐλαϐήθη
2727 926 2739 938 ·
2797 914 3110 965 τούναντίον
3146 915 3244 978 μὲν
3296 909 3388 966 οὖν
3423 916 3517 967 καὶ
3550 913 3887 984 πριχαρῶς,
3948 915 3980 985 ἢ

2409 1000 2640 1062 ἀναιδῶς
2691 1000 2913 1072 μᾶλλον,
2966 1003 3369 1072 κατησπάζετο,
3427 1007 3519 1057 καὶ
3565 1005 3640 1067 ὡς
3705 1003 3843 1068 ιδίας
3887 1005 3986 1073 τῆς

2411 1093 2700 1162 ἀλλοτρίας
2761 1094 2949 1163 σαφῶς
2984 1096 3343 1158 ἀντεποιεῖτο,
3399 1096 3492 1150 καὶ
3518 1101 3572 1148 ἐν
3624 1101 3689 1167 τῇ
3754 1096 3985 1166 αἰσχύνῃ

2412 1185 2560 1254 αὑτῷ
2594 1187 2824 1256 ὲγαυρία
2854 1184 3227 1255 δοξαζόμενος,
3290 1189 3382 1240 καὶ
3420 1189 3477 1240 ὲν
3507 1191 3570 1258 τῇ
3597 1189 3784 1260 ἀδικίᾳ
3807 1186 3975 1240 αὐτοῦ

2414 1275 2745 1342 ὲνευ).ογεῖτο
2795 1278 2888 1330 καὶ
2933 1278 2992 1330 ἐν
3041 1278 3100 1344 ἒξ
3145 1280 3265 1341 ταῖς
3313 1280 3462 1342 ὅλαις
3515 1279 3755 1348 ἡμέραις
3791 1278 3981 1348 χερσὶν

2413 1366 2716 1435 ἀνθρώπων
2760 1368 3155 1438 τελειούμενος,
3215 1370 3313 1437 τῆς
3369 1370 3814 1440 ἔπιθυμουμένης
3885 1371 3987 1422 ἑπ-

2415 1457 2755 1524 ε).αμ6άνετο
2781 1459 3069 1531 καθέδρας.
3121 1463 3229 1513 Καὶ
3261 1457 3328 1532 ἦν
3351 1461 3564 1530 ἀληθῶς
3604 1463 3810 1515 ἐκεῖνον
3856 1463 3992 1532 όρᾷν

2417 1548 2554 1618 αὐθή
2566 1566 2728 1619 μερον
2752 1549 2908 1616 ἅγιον
2930 1553 3300 1621 πλαττόμενον
3357 1554 3498 1606 κατὰ
3531 1555 3629 1622 τὴν
3658 1554 3981 1623 παροιμίαν.

2419 1641 2616 1712 Πρώτη
2647 1642 2754 1711 γὰρ
2782 1643 2961 1714 ἡμέρᾳ
2987 1646 3217 1715 μοναχδς
3243 1646 3363 1699 ἀντὶ
3403 1645 3615 1711 λαῖκοῦ,
3656 1649 3720 1715 τῇ
3764 1645 3992 1715 δευτέρᾳ

2420 1732 2476 1785 δὲ
2500 1733 2875 1803 ἀναγνώστης,
2903 1739 2998 1790 καὶ
3019 1739 3370 1801 ὑποδιάκονος
3401 1741 3466 1808 τῇ
3525 1737 3673 1808 ἑξῆς,
3717 1733 3835 1792 εἶτα
3883 1737 3979 1790 διὰ

738 1837 914 1884 κονος,
944 1816 1060 1873 εἶτα
1091 1820 1460 1888 πρεσϐύτερος
1487 1837 1499 1849 ·
1539 1819 1729 1871 ἔπειτα.
1755 1823 1821 1889 τῇ
1845 1820 1981 1890 ἕκτῃ
2014 1836 2031 1853 ο
2063 1822 2302 1892 Χριστοῦ
2331 1823 2386 1876 δὲ
2406 1820 2476 1895 ἦν
2497 1826 2566 1879 τὰ
2617 1829 2869 1893 γενέθλια
2899 1848 2913 1862 ·
2979 1832 3075 1884 καὶ
3120 1831 3281 1894 αὐτὸς
3303 1830 3381 1901 τῷ
3432 1831 3690 1901 ἱερατικῴ
3743 1829 3989 1901 προσϐὰς

750 1917 945 1987 θρόνῳ,
973 1919 1071 1985 τὴν
1099 1917 1322 1986 εἰρήνην
1347 1915 1424 1985 τῷ
1456 1915 1571 1984 λαῴ
1612 1915 1972 1986 προσεφώνει,
2010 1918 2175 1988 μηδὲν
2205 1920 2301 1988 τῆς
2325 1921 2589 1992 ἀληθινῆς
2615 1925 2838 1995 εἰρήνης
2859 1925 3006 1993 ἄξιον
3034 1927 3403 1998 ἐννοούμενος.
3447 1948 3466 1980 ι

811 2034 1096 2090 Nectarius
1134 2031 1438 2103 patriarcha
1478 2030 2004 2103 Hierosolymitanus
2038 2035 2128 2103 qui
2171 2034 2371 2089 saeculo
2423 2051 2555 2102 xvii,
2598 2037 2652 2092 in
2692 2039 2832 2094 libro
2858 2040 2932 2095 De
2963 2042 3181 2110 imperio
3212 2058 3384 2111 papas,
3416 2058 3527 2112 quo
3557 2042 3793 2098 schisma
3823 2040 3972 2096 fovet

738 2141 795 2184 et
824 2144 882 2182 se
912 2126 1118 2180 Latinis
1150 2124 1565 2178 infestissimum
1601 2126 1838 2190 exhibet,
1872 2126 2101 2180 candide
2135 2126 2339 2181 fatetur
2369 2125 2621 2184 Photium
2654 2147 2721 2185 ex
2753 2148 2902 2186 mera
2934 2135 3235 2189 ambitione
3285 2134 3582 2189 Ecclesiam
3619 2134 3982 2188 universalem

745 2233 838 2287 per
870 2206 1063 2268 multos
1094 2228 1266 2268 annos
1292 2212 1638 2266 vehementer
1668 2214 2036 2280 perttirbasse.

815 2303 967 2358 Mitto
1000 2313 1221 2357 caeteros
1251 2303 1543 2370 scriptores
1574 2299 1827 2354 Ecclesiae
1867 2299 2071 2376 Crmcze
2114 2302 2205 2372 qui
2251 2318 2350 2372 pro
2384 2303 2586 2359 unione
2613 2303 3002 2372 Ecclesiarum,
3037 2315 3158 2376 post
3195 2317 3384 2361 natum
3417 2306 3705 2362 dissidium
3742 2305 3990 2360 laborau-

746 2391 1113 2455 tcs,Photium
1148 2388 1315 2442 veluti
1348 2388 1618 2441 malorum
1656 2389 1900 2441 omnium
1931 2379 2153 2444 causam
2188 2400 2481 2458 accusant;
2510 2392 2679 2446 solius
2711 2391 2896 2453 Vecci,
2943 2395 3270 2463 patriarchae
3298 2392 3405 2448 (ΣΡ.
3445 2393 3622 2448 medio
3654 2393 3856 2448 saeculo
3899 2409 3993 2447 xm

745 2479 1071 2534 sententiam
1107 2475 1396 2546 proferam,
1424 2476 1517 2543 qui
1553 2476 1751 2529 asserit
1779 2477 2029 2529 Photiuin
2067 2479 2300 2544 primum
2361 2480 2413 2531 in
2454 2480 2684 2534 ecclesia
2728 2478 2992 2535 Orientali
3027 2481 3274 2549 posuisse
3308 2480 3636 2537 fermentum
3673 2481 3992 2551 pessimum,

745 2566 890 2638 quod
933 2564 1160 2619 Michael
1202 2562 1530 2617 Caci-uiarius
1565 2570 1684 2631 post
1712 2575 1928 2616 centum
1957 2571 2011 2616 et
2060 2566 2401 2634 septuaginta
2433 2581 2606 2621 annos
2637 2567 2817 2622 denuo
2849 2570 3124 2624 excitavit.

1772 2677 1836 2731 ll.
1873 2707 1940 2716 —-
1971 2677 2044 2732 De
2075 2681 2316 2733 doctrina
2348 2693 2396 2736 et
2425 2685 2718 2739 eruditione
2751 2685 2948 2740 Pltotii.

820 2772 943 2825 Ihec
974 2771 1040 2824 de
1070 2768 1267 2823 Photio
1297 2769 1526 2824 dicenda
1549 2777 1727 2829 erant,
1756 2783 1822 2821 ne
1851 2769 1934 2821 vir
1961 2770 2118 2837 cujus
2150 2772 2354 2839 scripta
2379 2771 2490 2839 jam
2527 2773 2848 2840 collegimus
2888 2791 2916 2828 a
2946 2775 3103 2830 nobis
3138 2784 3332 2845 prazter
3365 2776 3619 2830 meritum
3667 2784 3761 2829 aut
3792 2775 3998 2843 vitupe-

747 2864 856 2916 rari
899 2868 994 2913 aut
1028 2857 1238 2911 laudari
1279 2857 1577 2910 videretur.
1613 2855 1800 2908 Fuerit
1825 2857 2012 2925 utique
2045 2858 2295 2920 callidus,
2333 2860 2632 2928 hypocrita,
2670 2862 3015 2923 ambitiosus.
3056 2862 3329 2924 falsarius.
3374 2862 3777 2922 schismaticus.
3813 2871 4000 2932 tyran-

750 2963 876 3010 nus,
908 2956 1146 2998 attamen
1183 2943 1404 3012 ingenio
1433 2951 1488 2994 et
1527 2944 1838 2996 eruditione
1868 2959 1976 2995 non
2006 2945 2206 3002 caruit.
2248 2960 2312 2998 ac
2347 2959 2629 3015 propterea
2655 2964 2684 3001 e
2717 2949 2887 3002 choro
2911 2949 3239 3019 scriptorum
3273 2950 3364 3018 qui
3415 2950 3567 3003 libris
3602 2950 3718 3002 suis
3747 2948 4000 3002 Ecclesia

749 3036 1078 3106 profuerunt
1119 3050 1226 3087 non
1261 3034 1486 3087 omnino
1518 3031 1818 3100 ejiciendus
1849 3044 1952 3087 est.
1996 3032 2198 3086 Praeter
2242 3033 2523 3102 epistolam
2557 3043 2609 3086 et
2641 3035 2835 3087 librum
2868 3052 3008 3104 quos
3040 3036 3107 3088 ad
3137 3036 3560 3105 impugnaudam
3595 3035 4001 3103 processionem

749 3124 992 3193 Spiritus
1026 3122 1198 3175 sancti
1228 3121 1392 3174 etiam
1420 3135 1447 3173 a
1487 3117 1624 3172 Filio
1652 3120 1916 3184 exaravit,
1940 3130 1993 3172 et
2025 3128 2144 3173 acta
2178 3120 2626 3186 pseudo-concilii
2660 3121 2740 3174 sui
2771 3137 2897 3175 cum
2926 3121 3270 3175 documentis
3288 3122 3513 3174 adnexis
3539 3136 3662 3190 quae
3685 3136 3748 3173 ex
3777 3118 4003 3172 arbitrio

747 3223 803 3267 ct
834 3211 970 3266 satis
1004 3209 1253 3278 imperite
1287 3210 1464 3271 tinxit,
1497 3208 1631 3260 nihil
1662 3206 1773 3262 fere
1804 3208 1856 3260 in
1894 3224 2116 3262 causam
2146 3209 2456 3262 schismatis
2490 3209 2748 3277 scripsit;
2789 3218 2842 3262 et
2876 3209 3077 3278 scripta
3123 3208 3242 3278 ejus
3273 3209 3451 3273 hodie,
3486 3217 3545 3260 ut
3583 3208 3739 3261 nobis
3771 3205 4005 3272 videtur,

750 3314 924 3367 neque
952 3296 1189 3361 veritati,
1227 3310 1404 3364 neque
1448 3295 1566 3362 paci
1604 3293 1858 3349 Ecclesia:
1886 3296 1996 3349 ulla
2027 3297 2237 3349 ratione
2265 3297 2455 3350 obesse
2491 3305 2738 3364 possunt,
2785 3297 2913 3349 dum
2950 3311 2979 3350 e
3009 3304 3196 3350 contra
3234 3294 3298 3348 ad
3335 3295 3618 3348 historiam
3648 3293 3918 3362 dogmatis
3950 3305 4004 3346 ct

748 3384 1154 3440 vicissitudines
1199 3381 1512 3437 schismatis
1545 3380 1895 3435 delineandas
1935 3381 2072 3436 mire
2121 3382 2445 3436 inserviunt.
2488 3382 2610 3433 Ideo
2650 3396 2779 3434 sane
2805 3389 2924 3434 acta
2966 3380 3392 3452 pseudo-synodi
3433 3379 3710 3434 Photianae
3762 3395 3883 3449 qua:
3940 3379 4005 3431 ad

748 3487 952 3526 annum
981 3471 1083 3526 877
1112 3469 1365 3532 refertur,
1401 3470 1638 3537 primum
1673 3469 1881 3538 integra
1912 3469 2054 3523 edita
2080 3479 2208 3523 sunt
2230 3486 2258 3522 a
2293 3467 2357 3522 lt.
2394 3468 2450 3520 P.
2484 3466 2762 3522 llarduino
2791 3467 3217 3523 societatisJesu
3258 3468 3601 3538 presbytero,
3627 3482 3749 3522 cum
3776 3481 4006 3520 assensu

748 3558 1047 3616 Clementis
1085 3556 1154 3610 XI
1179 3555 1380 3609 summi
1414 3555 1689 3623 pontificis
1719 3555 1821 3623 (ά).

821 3649 938 3704 Non
976 3649 1253 3717 estigitur
1295 3661 1396 3700 cur
1423 3647 1550 3716 quis
1581 3645 1836 3701 formidet
1873 3660 1945 3701 ne
1986 3660 2150 3715 opera
2187 3644 2367 3699 Photii
2410 3653 2503 3698 aut
2540 3645 2754 3698 veritati
2787 3646 3073 3701 catholicas
3102 3647 3308 3714 obsint,
3337 3654 3433 3700 aut
3472 3658 3653 3700 causa:
3692 3642 4006 3698 schismatis

750 3739 1012 3808 prodesse
1046 3737 1276 3805 pOSsint.

822 3825 1040 3890 Quaeret
1060 3825 1184 3891 quis
1209 3822 1441 3876 fortasse
1470 3820 1749 3889 quomodo
1803 3818 2182 3875 orthodoxiam
2229 3819 2428 3882 Photii,
2471 3819 2523 3871 in
2568 3820 2791 3888 scriptis
2832 3835 2953 3888 quas
3017 3821 3082 3874 ad
3116 3821 3354 3875 schisma
3371 3815 4007 3888 nonpertincnt,anobis

752 3921 1039 3974 assertam,
1073 3910 1428 3964 conciliemus
1462 3923 1588 3962 cum
1620 3907 2123 3970 actiscouciliivttt,
2154 3908 2296 3976 quod
2319 3907 2372 3959 iu
2395 3905 2646 3959 Pltotiunt
2687 3909 3699 3978 perversorumdogmatuminrentorem
3719 3904 4008 3957 anathema

756 3997 1172 4069 pronuntiavit?

826 4082 933 4136 lies
971 4082 1119 4136 omni
1153 4079 1468 4133 dillicultate
1500 4087 1667 4132 caret.
1704 4077 1899 4131 Narrat
1923 4078 2068 4131 enim
2096 4079 2417 4134 Anastasius
2463 4080 2920 4139 Bibliothecarius
2943 4100 3050 4153 qua
3090 4085 3228 4138 mira
3273 4083 3590 4147 calliditate,
3621 4096 3727 4134 non
3762 4079 3828 4132 ad
3855 4094 4007 4133 asse.

758 4170 984 4223 rendam
1020 4183 1172 4221 suam
1204 4167 1543 4234 opinionem,
1575 4166 1671 4219 sed
1704 4164 1771 4218 ad
1810 4164 2123 4218 teutandam
2156 4168 2481 4233 pastoralem
2512 4169 2846 4239 vigilantiam
2883 4171 3094 4240 Igtiatii,
3130 4170 3360 4226 Photius
3394 4186 3517 4223 cum
3579 4168 3821 4221 maximo
3842 4181 4004 4220 scen-

757 4258 882 4311 dalo
925 4254 1159 4308 fidelium
1201 4253 1446 4307 docuerit
1504 4251 1773 4320 singulos,
1821 4249 2073 4304 homines
2140 4251 2276 4307 duas
2313 4255 2510 4309 habere
2557 4258 2808 4322 animas,
2852 4274 3014 4312 unam
3057 4258 3372 4312 rationalem
3403 4266 3458 4311 et
3498 4257 3659 4311 aliam
3698 4255 4011 4308 animalem.

835 4367 852 4398 ι
879 4346 1169 4408 Praeterea,
1201 4347 1275 4397 ait
1304 4343 1650 4406 Anastasius,
1686 4351 1740 4396 et
1767 4342 1914 4395 aliud
1947 4343 2249 4410 iniquitatis
2278 4360 2390 4398 sua:
2415 4347 2757 4413 retiaculum,
2786 4364 2894 4418 quo
2918 4358 3127 4404 mentes
3155 4349 3482 4417 simplicium
3515 4353 3750 4414 caperet,
3789 4353 4003 4405 texens,

760 4440 1028 4503 quotquot
1068 4431 1134 4483 ad
1196 4431 1526 4484 exteriorem
1555 4429 1623 4481 ab
1661 4444 1725 4482 eo
1764 4429 2113 4498 disciplinam
2150 4431 2450 4485 instruendi
2499 4437 2810 4501 veniebant,
2858 4437 3082 4507 proprio
3133 4437 3340 4504 scripto
3375 4434 3645 4502 spondere
3701 4432 3930 4502 cogebat
3953 4445 4012 4485 se

761 4519 1064 4576 secundum
1106 4520 1262 4571 fidem
1299 4516 1476 4569 l’hotii
1520 4516 1586 4569 de
1631 4523 1829 4569 caetero
1877 4515 2184 4569 credituros
2220 4533 2234 4583 ;
2275 4520 2431 4587 quasi
2473 4521 2594 4574 dua:
2647 4522 2780 4576 fides
2819 4532 3027 4589 essent,
3076 4538 3183 4575 una
3223 4522 3434 4576 scilicet
3471 4519 3697 4582 Christi,
3738 4528 3792 4571 et
3843 4519 4012 4570 altera

765 4606 943 4659 Photii
978 4624 991 4659 :
1047 4613 1100 4658 et
1157 4605 1258 4657 hoc
1296 4604 1653 4656 nihilominus
1693 4602 1888 4657 callide
1923 4605 2169 4665 molitus,
2204 4614 2261 4657 ut
2303 4611 2704 4663 communionis
2758 4626 2870 4665 ante
2900 4625 3257 4680 quoscunque
3293 4610 3376 4663 vel
3398 4609 3896 4677 quomodocunque
3929 4606 4009 4656 la-

763 4694 921 4763 queis
944 4694 1181 4746 irrctiret
1215 4709 1229 4757 ;
1257 4701 1311 4746 et
1339 4701 1482 4744 esset
1511 4692 1850 4759 impossibile
1880 4705 1941 4744 se
1965 4705 2201 4758 unquam
2231 4694 2407 4757 evelli,
2440 4711 2599 4764 quem
2633 4698 2892 4752 nimirum
2916 4705 3193 4752 constaret
3225 4705 3302 4751 tot
3337 4697 3457 4749 lixis
3479 4699 3683 4748 haerere
3709 4691 4013 4754 radicibus,

765 4783 895 4834 dum
934 4782 1022 4834 his
1054 4795 1153 4834 nec
1186 4781 1346 4831 aliam
1381 4776 1564 4843 fidem,
1594 4778 1698 4830 nisi
1729 4791 1892 4846 quam
1921 4776 2037 4845 ipse
2069 4785 2299 4842 teneret,
2330 4780 2528 4836 habere
2561 4799 2783 4853 quoquo
2813 4785 2974 4838 modo
3008 4785 3252 4839 licuisset
3286 4803 3298 4838 :
3340 4782 3487 4852 quod
3514 4782 3809 4834 maximum
3849 4793 4010 4833 scan-

763 4867 950 4920 dalum
986 4866 1316 4920 mortalibus
1345 4865 1625 4928 excitavit,
1660 4862 2009 4917 dicentibus:
2040 4863 2211 4925 Itane,
2247 4867 2292 4917 si
2327 4864 2552 4922 l’hotius
2587 4870 2948 4925 liicresiarcha
2985 4871 3170 4935 fuerit,
3203 4870 3402 4924 debent
3433 4870 3525 4922 filii
3559 4867 3733 4921 nostri
3760 4873 3853 4916 aut
3889 4863 4013 4916 ﬁdei

766 4955 1054 5007 catholica:
1087 4956 1397 5008 desertores
1455 4967 1598 5016 esse,
1635 4964 1726 5004 aut
1755 4951 2053 5019 juranienti
2083 4954 2166 5004 vel
2196 4952 2279 5006 sui
2311 4953 2660 5019 chirographi
2695 4951 3178 5023 transgressores?
3211 4961 3365 5006 erant
3410 4953 3554 5003 enim
3587 4951 3725 5001 inter
3746 4960 3841 5000 eos
3875 4960 4016 4998 non-

769 5043 903 5097 uulli
951 5043 1277 5098 clarissimis
1324 5043 1599 5096 natalibus
1651 5040 1868 5095 oriundi
1904 5058 1917 5093 :
1951 5056 2074 5094 nam
2109 5049 2163 5095 et
2204 5050 2328 5095 ante
2372 5054 2545 5095 annos
2581 5042 2791 5108 aliquot
2844 5041 2986 5094 idem
3022 5041 3250 5094 Photius
3299 5040 3531 5092 duarum
3565 5047 4016 5102 unumquemque

770 5131 1042 5185 hominem
1073 5131 1380 5183 animarum
1416 5130 1722 5183 consistere
1775 5129 2125 5198 pradicabat.
2152 5128 2254 5194 Qui
2288 5143 2412 5182 cum
2457 5144 2482 5180 a
2514 5129 2875 5182 Constantino
2911 5128 3236 5197 philosOpho
3271 5139 3481 5194 magnae
3532 5123 3839 5178 sanctitatis
3870 5122 4014 5185 viro,

771 5220 1077 5275 fortissimo
1104 5221 1220 5287 ejus
1249 5221 1448 5282 amico,
1477 5221 1792 5288 increpatus
1822 5218 2019 5273 fuisset
2052 5218 2264 5272 dicente
2286 5235 2300 5271 :
2320 5218 2434 5271 Cur
2463 5225 2673 5270 tantum
2707 5232 2953 5270 errorem
2983 5216 3038 5269 in
3085 5215 3340 5284 populum
3373 5204 3773 5283 spargensﬁtot
3801 5209 4016 5262 animas

775 5306 1144 5361 interfecisti?
1178 5307 1458 5375 respondit
1495 5323 1509 5359 :
1549 5305 1665 5359 Non
1694 5305 1879 5360 studio
1903 5320 2231 5374 quemquam
2261 5304 2511 5368 laedendi,
2546 5304 2697 5368 talia,
2737 5305 2935 5373 inquit,
2979 5303 3121 5356 dicta
3145 5303 3425 5372 pr0p0sui,
3454 5299 3548 5354 sed
3583 5297 3847 5367 probandi
3879 5294 4014 5362 quid

776 5394 1088 5463 patriarcha
1115 5393 1353 5464 lgnatius
1385 5402 1590 5463 ageret,
1624 5393 1671 5446 si
1702 5407 1802 5448 suo
1825 5400 2070 5460 tempore
2099 5392 2353 5460 quaelibet
2388 5391 2610 5446 haeresis
2641 5406 2737 5459 per
2767 5393 3114 5460 syllogismos
3148 5390 3598 5460 plii|050pliorum
3633 5395 3823 5438 exorta
3865 5393 4015 5450 pate-

771 5491 971 5545 sceret,
1001 5485 1094 5551 qui
1128 5484 1338 5536 scilicet
1373 5483 1522 5535 viros
1549 5481 1847 5535 exterioris
1875 5480 2159 5548 sapientia:
2192 5482 2483 5548 repulisset
2517 5497 2530 5533 :
2566 5496 2753 5534 verum
2804 5481 3050 5550 ignoravi
3090 5496 3174 5534 me
3205 5480 3308 5532 sub
3340 5478 3503 5546 hujus
3533 5475 3722 5528 fomite
3761 5471 4016 5541 proposi-

771 5570 936 5622 tionis
968 5578 1044 5624 tot
1071 5570 1286 5624 animas
1320 5570 1438 5624 fore
1461 5571 1737 5624 laesurum.
1776 5568 1852 5621 Ad
1877 5567 2025 5637 quod
2053 5568 2142 5621 ille
2174 5585 2188 5622 :
2224 5567 2268 5620 0
2305 5569 2573 5638 sapientia
2609 5570 2795 5623 mundi
2826 5583 2947 5637 quae
2986 5566 3286 5621 infatuatur
3327 5575 3381 5619 et
3412 5564 3711 5619 destruitur
3738 5561 3751 5613 l
3787 5557 4015 5612 Jactasti

845 5712 912 5772 (ci
964 5705 1082 5759 Vita
1134 5705 1192 5758 S.
1231 5704 1447 5777 Ignatii,
1488 5721 1573 5776 ap.
1603 5703 1767 5760 Ilard.
1801 5705 1934 5759 Acta
1965 5721 2116 5758 conc.
2147 5701 2209 5768 ν,
2239 5703 2341 5759 959

806 5785 822 5826 ι
859 5794 908 5827 :c
949 5816 961 5829 .

771 5792 800 5830 ε
846 5793 942 5915 («1)q
963 5846 1281 5918 Bcvcrt-gius
1315 5848 1365 5902 in
1409 5848 1688 5902 Pandectis
1721 5863 2012 5910 canonum,
2048 5856 2083 5899 t.
2121 5844 2181 5910 ll,
2217 5857 2335 5900 acta

2453 5704 2539 5758 illa
2578 5706 2920 5775 supposititia
2943 5720 3006 5758 ex
3035 5714 3184 5772 parte
3214 5701 3475 5775 ediderat.
3505 5698 3815 5775 Harduipus
3830 5710 3898 5775 _e_a
3931 5695 4019 5748 in-

2451 5785 2594 5846 tegra
2628 5768 2834 5846 primus
2866 5768 3090 5847 protulit
3113 5776 3251 5829 inter
3284 5774 3416 5826 Acta
3449 5773 3641 5826 concil.
3669 5769 3752 5834 Vl,
3783 5768 3906 5821 213.
