4198 6440
1214 538 1610 601 PREFATIO
1642 538 1723 599 IN
1758 534 2031 597 PHOTII
2053 536 2328 596 OPERA.
3390 538 3423 576 ν

189 645 402 713 sagittas
430 644 487 698 ln
513 640 916 697 multitudinem
945 640 1180 709 copiosae
1203 642 1402 705 turbae,
1429 651 1485 697 et
1508 641 1769 713 ignorasti
1798 642 2094 711 quemlibet
2129 657 2197 695 ex.
2224 641 2307 695 bis
2329 641 2586 698 omnibus
2610 642 3031 698 vulnerandum.
3058 638 3218 695 Certe
3242 637 3426 693 omni-

184 734 282 788 bus
312 732 504 801 liquet,
528 732 658 800 quia
697 732 840 786 sicut
864 731 1030 796 oculi,
1056 732 1465 799 quantumlibet
1508 733 1614 785 sint
1654 722 1835 800 magni
1861 738 1914 783 et
1942 728 2138 798 aperti,
2171 727 2217 783 si
2242 730 2426 782 fumus
2452 730 2733 797 palearum
2789 729 3187 798 interjaeuerit,
3241 727 3425 782 videre

186 820 319 873 ultra
344 833 455 871 non
485 827 717 886 possunt
745 832 761 881 ;
790 816 863 871 ita
894 818 1037 871 oculi
1072 818 1357 886 sapientia
1384 826 1512 881 tuas,
1541 818 1946 887 quantumlibet
1971 816 2087 871 sint
2122 816 2307 884 magni
2336 824 2389 871 et
2422 817 2614 885 patuli,
2644 817 2888 870 avaritia
2921 825 3101 869 tamen
3128 822 3182 871 et
3208 812 3424 868 invidias

186 905 328 959 fumo
352 906 573 975 penitus
597 903 878 968 obcacati,
911 904 1186 959 tramitem
1214 903 1445 972 justitiae
1474 905 1659 961 videre
1690 920 1798 959 non
1832 912 2065 974 possunt
2094 920 2110 969 ;
2138 918 2201 958 ac
2227 918 2323 973 per
2359 905 2411 957 id
2440 919 2628 958 verum
2660 914 2746 960 est
2785 904 2930 971 quod
2956 903 3117 965 dicis,
3150 901 3424 956 neminem

184 994 290 1048 ictu
312 1001 408 1045 tuo
444 1000 669 1059 putasse
695 1005 818 1045 esse
841 990 1171 1053 laedendum,
1195 1006 1321 1045 cum
1354 994 1436 1047 sic
1464 992 1798 1048 obcaecatum
1827 1007 2051 1049 sensum
2104 994 2386 1064 pradictis
2415 994 2703 1050 adversum
2741 994 3106 1064 patriarcham
3149 990 3424 1064 passioni-

183 1079 283 1135 hus
313 1079 540 1143 habens,
572 1093 674 1134 nec
700 1076 833 1147 quid
865 1079 1435 1150 emiserispraavidisti
1472 1079 1567 1149 (e).
1605 1098 1627 1132 υ

250 1184 367 1241 Non
392 1185 583 1241 dubito
604 1186 735 1256 quin
761 1186 827 1241 ad
852 1186 969 1241 hac
994 1182 1172 1240 Photii
1200 1185 1456 1255 scandala
1492 1185 1696 1240 alludat
1722 1186 2016 1241 concilium
2046 1200 2248 1243 tecum.
2274 1202 2394 1253 vni,
2437 1188 2528 1242 ubi
2570 1188 2823 1242 Pliotium
2852 1187 3015 1242 veluti
3042 1199 3422 1257 perversurum

183 1273 496 1343 dogmatum
527 1273 865 1327 inventorem
897 1272 1230 1343 perstringit.
1252 1270 1426 1326 Porro
1451 1286 1625 1341 neque
1648 1273 1717 1327 de
1736 1270 1875 1327 falsa
1914 1273 2017 1328 hac
2044 1272 2164 1342 ejus
2192 1272 2465 1337 doctrina,
2494 1290 2596 1329 nec
2619 1275 2687 1329 de
2710 1274 2833 1328 aliis
2858 1274 3129 1343 perversis
3153 1269 3425 1341 dogmati-

180 1362 279 1418 bus
309 1361 368 1416 in
391 1360 547 1417 libris
563 1360 681 1431 ejus
707 1361 891 1429 editis,
915 1360 1061 1429 quod
1093 1360 1289 1426 sciam,
1322 1360 1625 1431 quidquam
1661 1360 1924 1415 occurrit.
1955 1356 2225 1414 lnolfeuso
2258 1360 2418 1430 igitur
2444 1361 2578 1430 pede
2610 1360 2857 1430 percurri
2893 1368 3141 1430 possunt.

985 1470 1075 1527 111.
1102 1500 1177 1513 ——
1201 1470 1277 1527 De
1308 1472 1524 1527 tentatis
1550 1470 1869 1527 editionibtts
1906 1470 2146 1524 omnium
2173 1486 2390 1540 operum
2420 1470 2623 1526 Photii.

240 1563 458 1632 Quanta
484 1579 516 1621 θ
556 1574 748 1622 contra
784 1564 993 1620 utilitas
1026 1579 1095 1620 ex
1120 1564 1321 1621 iisdem
1358 1564 1577 1634 scriptis
1599 1563 1805 1618 hauriri
1832 1564 2027 1633 possit,
2064 1572 2335 1620 testantur
2373 1562 2530 1633 juges
2581 1571 2813 1621 conatus
2846 1565 3092 1619 virorum
3128 1564 3421 1619 doctorum

176 1656 396 1724 sepius,
424 1654 517 1709 sed
549 1653 751 1709 frustra
774 1654 830 1707 in
853 1653 957 1709 hoc
984 1652 1242 1723 impensi,
1268 1662 1326 1707 ut
1354 1653 1560 1723 scripta
1581 1650 1760 1707 Photii
1792 1651 1848 1706 in
1880 1666 2049 1704 unum
2073 1650 2248 1706 veluti
2264 1665 2465 1719 corpus
2488 1650 2714 1707 collecta
2743 1652 3058 1717 ederentur,
3085 1661 3142 1706 et
3162 1654 3422 1707 emenda-

176 1743 280 1796 tius
305 1755 475 1812 quam
507 1740 717 1810 pridem
752 1744 810 1794 in
841 1740 1017 1795 lucem
1052 1739 1356 1811 prodirent.

239 1828 423 1883 Testis
446 1836 530 1884 est
559 1828 621 1883 D.
650 1825 1090 1897 Hergenrtether,
1121 1828 1177 1881 in
1215 1826 1600 1883 dissertatione
1619 1841 1782 1896 quam
1812 1824 1952 1879 infra
1971 1825 2209 1889 edimus,
2242 1824 2543 1881 Antonium
2578 1824 2902 1891 (Iatiforum,
2949 1824 3077 1879 huic
3113 1826 3261 1895 operi
3290 1824 3419 1880 olim

173 1914 477 1971 insudasse.
526 1932 545 1965 ι
577 1914 848 1969 Antonius
875 1912 1150 1968 Catil'orus
1183 1911 1535 1984 Zacynthius,
1568 1914 1665 1977 ait,
1699 1914 1836 1967 mira
1878 1928 2005 1966 eum
2038 1912 2365 1967 assiduitate
2402 1914 2660 1967 universa
2705 1910 2882 1966 Pltotii
2914 1927 3077 1980 opera
3116 1912 3419 1980 colligenda

170 2002 421 2066 curavit;
458 2001 757 2056 editionem
791 2010 973 2055 tamen
997 1999 1283 2070 diligenter
1305 2010 1664 2071 praeparatam
1699 2001 1767 2056 ad
1796 2000 1958 2055 linem
1992 2000 2295 2070 perducere
2327 2015 2434 2053 non
2466 2001 2645 2070 potuit
2671 1998 2762 2069 (n.
2797 2018 2816 2050 ι
2858 1998 3070 2068 Scripta
3108 1997 3336 2054 Catifori
3368 1994 3423 2051 ει

171 2103 332 2159 opera
374 2089 445 2143 ab
473 2104 538 2143 eo
572 2089 853 2150 translata,
888 2089 941 2142 in
974 2088 1303 2143 biblimheca
1331 2088 1389 2143 8.
1421 2088 1586 2143 Marci
1617 2087 1856 2143 Venetiis
1898 2096 2207 2149 servantur,
2240 2086 2335 2141 ubi
2369 2087 2431 2140 D.
2460 2085 2882 2155 Hergenrmther
2906 2087 3091 2138 eadem
3125 2085 3418 2139 consuluit.

166 2173 332 2229 Nobis
361 2183 543 2230 tamen
576 2176 762 2229 datum
791 2189 901 2229 non
929 2182 1035 2238 est,
1059 2174 1130 2228 oh
1164 2174 1473 2245 angustiam
1502 2176 1785 2244 temporis,
1815 2180 1869 2229 et
1902 2174 2153 2229 locorum
2179 2173 2519 2238 distantiam,
2548 2188 2614 2228 ex
2652 2171 2930 2227 laboribus
2946 2171 3247 2227 doctissimi
3275 2171 3423 2225 Cati-

166 2270 293 2332 fori,
326 2268 617 2322 utilitatem
646 2269 883 2337 aliquam
914 2267 970 2321 in
1001 2268 1142 2323 hanc
1165 2262 1464 2324 editionem
1490 2276 1734 2322 nostram
1765 2268 2042 2323 derivare.

228 2358 305 2413 Ex
331 2358 635 2413 Annalibus
665 2357 1122 2413 Trivultiensibus
1152 2372 1283 2412 ann.
1318 2356 1456 2412 {724
1496 2357 1747 2412 novimus
1776 2355 2071 2409 editionem
2103 2353 2349 2408 omnium
2403 2366 2631 2422 operum
2680 2352 2863 2407 Photii
2894 2360 3026 2409 tunc
3062 2352 3325 2421 temporis
3352 2352 3421 2405 ab

162 2447 350 2517 Anglis
370 2446 540 2501 fuisse
571 2454 839 2515 paratam,
867 2461 990 2514 qua
1013 2456 1193 2499 tamen
1223 2444 1290 2499 ad
1324 2459 1557 2516 unguem
1590 2444 1854 2514 perducta
1885 2456 1994 2495 non
2027 2448 2124 2494 est
2154 2438 2253 2509 (g).

224 2534 496 2589 Iartiuus
515 2532 831 2595 Gerbertus,
866 2532 1037 2588 abbas
1064 2532 1516 2601 Congregationis
1550 2530 1608 2586 8.
1646 2529 1812 2585 Blasii
1850 2528 1906 2582 in
1936 2525 2082 2580 Silva
2112 2524 2301 2596 Nigra,
2347 2539 2494 2579 anno
2537 2524 2676 2578 1759
2720 2528 2825 2579 iter
2854 2522 3120 2579 Gallicum
3155 2524 3417 2596 suscepit,

161 2623 210 2677 in
239 2636 353 2692 quo
390 2621 585 2676 edituri
618 2621 867 2675 omnium
889 2634 1116 2689 operum
1145 2616 1325 2673 Photii
1352 2618 1603 2673 incurrit.
1639 2617 1913 2671 Enarrans
1938 2618 2085 2670 enim
2115 2629 2179 2668 ea
2218 2629 2341 2684 quas
2370 2612 2595 2667 Parisiis
2616 2613 3022 2675 observaverat,
3064 2613 3143 2666 sic
3168 2612 3363 2666 scribit
3396 2630 3409 2664 :

163 2729 180 2759 ι
222 2709 283 2767 Ρ.
323 2708 512 2764 Castel
545 2723 766 2778 operam
808 2709 903 2763 dat
946 2707 1173 2762 editioni
1209 2707 1418 2768 Photii,
1470 2707 1563 2761 sed
1588 2721 1682 2775 per
1710 2705 2004 2761 decursum
2038 2703 2259 2758 demum
2302 2703 2596 2757 multorum
2633 2717 2902 2756 annorum
2933 2700 3304 2771 perfecturqu
3353 2717 3414 2755 se

160 2808 339 2869 sperat
371 2799 455 2853 vir
482 2798 536 2851 in
572 2796 704 2851 ﬂore
738 2794 912 2850 aetatis
942 2794 1312 2859 constitutus;
1338 2794 1405 2849 de
1432 2809 1542 2863 quo
1572 2807 1674 2865 ego
1706 2793 1943 2864 insignia
1971 2794 2174 2861 quaevis
2198 2792 2475 2846 ominatus
2501 2806 2624 2845 sum
2668 2805 2737 2845 ex
2756 2789 2969 2846 erudita
3007 2792 3408 2861 placidissima-

157 2901 260 2956 que
297 2885 720 2941 conversatione
744 2882 803 2937 in
824 2882 1159 2937 monasterio
1206 2881 1265 2936 8.
1308 2881 1549 2952 Dionysii
1587 2896 1711 2937 cum
1738 2895 1804 2936 eo
1835 2881 2018 2936 habita
2053 2880 2157 2948 (Ιι).
2197 2900 2217 2930 ι

220 2989 497 3051 Tandem,
524 2997 658 3044 teste
687 2988 837 3042 card.
865 2987 930 3042 A.
964 2987 1092 3048 Mai.
1124 2987 1474 3042 doctissimus
1494 2985 1791 3051 Morellius,
1822 2985 1877 3038 in
1911 2982 2167 3051 Catatogo
2201 2981 2441 3034 codicum
2470 2980 2805 3047 Venetorum,
2840 2997 2962 3052 pag.
2992 2982 3082 3044 95,
3114 2996 3276 3052 quem
3328 2982 3409 3036 iu-

156 3077 371 3147 spicere
405 3076 561 3131 nobis
590 3090 700 3131 non
732 3075 927 3130 licuit:
964 3093 984 3126 t
1020 3072 1386 3143 Conspectum
1417 3073 1668 3129 editionis
1688 3072 1937 3127 omnium
1965 3084 2195 3138 operum
2238 3067 2413 3121 Photii
2445 3069 2822 3123 concinnavit.
2852 3088 2874 3121 ι

972 3182 1063 3239 IV.
1094 3212 1165 3226 --
1194 3183 1265 3237 De
1295 3185 1469 3251 prima
1496 3185 1595 3237 hac
1632 3185 1861 3238 editione
1886 3181 2123 3235 omnium
2153 3196 2368 3249 operum
2398 3179 2599 3236 Photii.

222 3281 401 3337 Nemo
426 3280 591 3351 igitur
624 3280 886 3335 hactenus
917 3293 1084 3350 opera
1111 3280 1294 3334 omnia
1330 3278 1510 3333 'Photii
1550 3280 1769 3347 collegit
1804 3294 1817 3331 :
1856 3278 1999 3348 quod
2032 3291 2156 3340 nos,
2185 3278 2362 3346 quoad
2394 3277 2566 3344 licuit,
2590 3277 2703 3344 jam
2750 3286 3094 3349 pmstamus.
3125 3278 3200 3335 Ea
3232 3290 3410 3334 autem

156 3372 209 3424 in
230 3370 482 3440 quinque
504 3375 686 3437 partes
707 3365 1020 3432 divisimus,
1048 3380 1282 3435 quarum
1306 3367 1483 3435 prima
1501 3367 1880 3435 complectitur
1914 3379 2080 3434 opera
2116 3365 2169 3417 in
2199 3363 2260 3417 8.
2294 3362 2633 3433 Scripturam
2663 3380 2758 3419 seu
2790 3366 3103 3437 exegetica;
3141 3369 3407 3427 secunda.

154 3468 323 3521 opera
354 3450 696 3520 dogmatica;
732 3447 913 3515 tertia,
941 3462 1104 3518 opera
1133 3449 1493 3517 paraenetica;
1525 3458 1740 3517 quarta,
1782 3464 1950 3521 opera
1990 3451 2251 3506 historica
2286 3468 2301 3517 ;
2342 3451 2530 3520 quinta
2560 3467 2725 3521 Opera
2748 3454 3013 3508 canonica
3048 3470 3061 3506 :
3099 3455 3280 3507 omnia
3311 3472 3407 3507 nu-

155 3550 259 3594 tem
282 3546 525 3609 quatuor
548 3536 916 3593 voluminibus
938 3578 954 3602 ,
984 3536 1070 3601 Cl,
1097 3535 1204 3600 Cll,
1231 3534 1344 3591 Clll
1370 3545 1424 3591 et
1444 3534 1579 3601 CIV,
1608 3534 1935 3606 Patrologia:
1959 3547 2159 3592 nostra!
2192 3537 2393 3592 Graecae
2421 3537 2828 3594 describentur.

224 3630 306 3687 De
334 3633 569 3704 singulis
601 3633 851 3701 quaedam
899 3633 1235 3700 notabimus,
1276 3632 1475 3687 dicturi
1502 3633 1782 3702 deinceps,
1815 3633 1883 3687 de
1903 3634 2158 3703 operibus
2180 3633 2383 3700 Pbotii,
2420 3634 2665 3694 ineditis.
2693 3634 3013 3704 depcrditis,
3054 3643 3219 3704 atque
3246 3637 3408 3691 etiam

156 3721 221 3776 de
245 3719 497 3786 omissis,
530 3719 612 3775 vel
634 3718 762 3789 quia
789 3720 1090 3790 argumenti
1123 3734 1272 3775 mere
1299 3719 1512 3790 profani
1574 3729 1726 3786 sunt,
1768 3723 1864 3777 vel
1892 3723 2039 3793 quod
2070 3724 2177 3779 alio
2209 3724 2429 3777 nomine
2452 3723 2565 3793 jam
2590 3740 2621 3779 a
2653 3724 2811 3779 nobis
2854 3724 2999 3781 edita
3031 3728 3162 3780 sint.

1158 3829 1223 3885 ν.
1254 3862 1323 3873 -
1348 3831 1422 3886 De
1445 3834 1615 3900 primo
1654 3835 1912 3889 volumine
1942 3836 2100 3902 huius
2137 3836 2405 3890 editionis.

221 3937 495 3993 Volumen
523 3939 755 4008 primum
788 3937 902 3993 sola
936 3951 1100 4007 opera
1128 3938 1181 3990 in
1214 3935 1272 3993 8.
1306 3937 1642 4007 Scripturam
1671 3942 1931 4008 continet,
1976 3943 2117 3997 inter
2144 3958 2263 4013 qua:
2286 3942 2524 3997 eminent
2557 3940 2898 4015 Quastiones
2924 3946 3408 4015 Amphilochianw,

153 4044 273 4097 qua:
311 4027 442 4093 etsi,
481 4028 659 4096 quoad
687 4026 947 4094 majorem
973 4034 1203 4095 partem,
1234 4025 1381 4080 circa
1412 4024 1471 4081 8.
1496 4026 1833 4097 Scripturam
1863 4040 2170 4092 versentur,
2199 4029 2453 4083 nonnulla
2482 4037 2663 4083 tamen
2695 4042 3012 4100 argumenta
3037 4032 3408 4101 philosophica

151 4125 202 4169 et
228 4114 504 4169 historica
534 4115 833 4183 attingunt.
861 4112 1019 4168 Nullo
1046 4112 1192 4168 enim
1226 4113 1439 4177 ordine,
1474 4113 1582 4170 nisi
1605 4113 1841 4171 fortasse
1880 4116 2142 4185 temporis
2173 4132 2285 4187 quo
2308 4118 2527 4185 scriptae
2558 4117 2799 4182 fuerunt,
2832 4119 2885 4172 in
2914 4119 3199 4174 codicibus
3224 4120 3408 4190 dispo-

152 4211 397 4265 nuntur,
428 4199 520 4254 sed
550 4201 874 4269 promiscue,
904 4199 977 4253 ita
1009 4206 1068 4253 ut
1104 4212 1214 4251 non
1247 4206 1451 4253 temere
1478 4199 1946 4269 inquisiverimus,
1972 4202 2123 4271 quid,
2150 4203 2408 4257 omnibus
2432 4205 2736 4273 perpensis,
2764 4205 2938 4274 magis
2974 4206 3278 4275 expediret,
3318 4217 3407 4259 aut

148 4288 375 4342 codices
422 4286 582 4342 cacis
635 4286 810 4341 oculis
865 4286 1176 4341 exscribere
1221 4294 1275 4339 et
1317 4287 1493 4355 sequi,
1538 4296 1635 4342 aut
1680 4290 2011 4358 quaestiones
2069 4289 2552 4360 Amphilochianas
2615 4291 2772 4361 juxta
2833 4291 3082 4345 ordinem
3149 4292 3409 4346 librorum

150 4375 207 4431 8.
236 4375 564 4444 Scriptura,
593 4376 791 4445 quibus
818 4374 1166 4446 reapoudent,
1193 4375 1522 4445 disponere?

218 4486 415 4541 Primo
437 4488 575 4557 apud
608 4502 709 4543 nos
737 4488 841 4542 hoc
868 4489 1143 4557 posterius
1168 4487 1457 4543 consilium
1486 4486 1792 4557 praevaluit,
1821 4487 1948 4557 quia
1976 4486 2101 4542 libri
2126 4502 2259 4543 usus
2294 4487 2506 4544 facilior
2528 4488 2750 4545 futurus
2773 4488 3082 4554 videbatur,
3117 4490 3161 4544 si
3184 4490 3404 4559 quidem

151 4572 263 4629 fere
299 4584 417 4629 tota
443 4575 692 4629 collectio
718 4573 1143 4631 Commentariis
1173 4574 1229 4628 in
1264 4573 1323 4628 S.
1355 4574 1691 4642 Scripturam
1735 4584 1979 4642 constat;
2010 4584 2125 4629 tum
2156 4576 2322 4630 etiam
2382 4580 2511 4645 quia
2544 4577 2742 4631 mirum
2778 4577 2949 4632 videri
2994 4586 3207 4647 poterat
3256 4593 3404 4647 qua:-

148 4662 365 4715 stiones
399 4658 678 4729 profanas,
725 4670 821 4715 aut
841 4661 1266 4731 philosophicas,
1299 4662 1692 4731 questionibus
1721 4662 2142 4733 scripturisticis
2172 4664 2373 4732 passim
2398 4664 2639 4719 misceri.

216 4768 597 4827 Nihilominus
632 4770 849 4827 tandem
875 4771 1159 4842 praevaluit
1184 4773 1372 4843 Opinio
1395 4773 1698 4829 doctissimi
1726 4772 2164 4843 llergenrmther,
2191 4774 2286 4842 qui
2324 4788 2449 4829 cum
2485 4774 2963 4843 diligentissimam
2992 4791 3209 4847 operam
3239 4778 3400 4831 collo.

146 4866 333 4912 casset
369 4857 423 4911 in
451 4857 789 4927 colligendis,
821 4858 1179 4913 emendandis
1200 4867 1257 4913 et
1288 4859 1628 4914 elucidandis
1681 4858 1857 4915 Photii
1892 4861 2290 4929 quiestionibus
2324 4860 2816 4929 Amphilochianis,
2847 4862 3064 4919 facilius
3098 4864 3399 4931 dijudicare

146 4944 330 5010 potuit
359 4958 607 5012 quaenam
639 4942 805 4998 fuerit
834 4946 1075 4999 auctoris
1114 4960 1268 5000 mens
1301 4954 1353 5000 et
1379 4947 1627 5001 intentio.
1666 4943 1734 5010 ls,
1768 4948 2068 5015 quaestione
2102 4956 2315 5001 mature
2344 4962 2632 5017 perpensa,
2669 4952 2877 5018 putavit
2920 4952 3166 5005 ordinem
3198 4953 3397 5007 codicis

149 5028 401 5085 Vaticani
423 5030 516 5099 qui
537 5031 780 5085 omnium
807 5032 1291 5100 preslantissimus
1313 5033 1475 5087 estad
1490 5034 1749 5087 amussim
1774 5033 2107 5102 sequendum
2126 5048 2269 5099 esse,
2295 5044 2348 5088 et
2378 5044 2600 5089 secutus
2624 5046 2728 5101 est,
2752 5038 3022 5107 praecipue
3039 5039 3166 5107 quia
3183 5037 3395 5092 Plautius

147 5117 261 5186 ipse
282 5118 616 5187 quaestiones
647 5132 676 5172 a
698 5132 757 5173 se
782 5117 1014 5183 solutas,
1034 5118 1135 5171 hoc
1170 5119 1362 5173 ordine
1387 5134 1453 5173 ex
1478 5120 1742 5174 industria
1766 5122 2107 5190 disposuisse
2138 5123 2366 5189 videtur,
2394 5138 2503 5191 quo
2533 5126 2794 5179 varietate
2828 5128 3007 5196 potius
3031 5142 3191 5196 quam
3226 5129 3392 5195 rigore

148 5204 395 5258 metlrodi
424 5204 613 5259 lectori
651 5205 961 5274 placerent;
1015 5205 1199 5261 minus
1247 5220 1378 5261 sane
1419 5206 1708 5274 placitura,
1743 5208 1789 5261 si
1822 5210 2074 5277 quamvis
2101 5210 2169 5264 ad
2197 5210 2337 5264 idem
2374 5212 2704 5267 eruditionis
2728 5228 2901 5282 genus
2934 5221 3200 5281 spectent,
3235 5215 3393 5266 veluti

149 5292 403 5345 membra
430 5291 593 5345 unius
616 5293 864 5361 corporis
896 5292 1187 5362 discerpta,
1228 5293 1477 5348 diversas
1520 5305 1575 5349 et
1616 5296 1892 5361 sejunctas
1930 5297 2086 5351 sedes
2126 5296 2268 5351 inter
2300 5298 2541 5351 auctoris
2569 5312 2733 5367 opera
2760 5312 3143 5367 occupassent.
3177 5300 3392 5354 Accedit

145 5378 322 5445 quod,
356 5393 461 5448 ope
490 5378 819 5445 tabularum,
842 5394 978 5448 quas
1002 5380 1062 5433 D.
1096 5380 1515 5448 Hergeuraetber
1546 5383 2002 5448 confecit,omnia
2027 5384 2314 5437 commoda
2346 5383 2557 5437 ordinis
2588 5385 2879 5440 methodici
2906 5386 3136 5441 obtineri
3169 5388 3379 5457 possint

219 5573 294 5643 (ε)
328 5571 482 5640 Apud
533 5569 696 5627 llard.
725 5574 857 5629 Acta
879 5574 1069 5627 concil.
1103 5573 1307 5641 V,752,
1335 5576 1457 5639 75.),
1485 5577 1536 5630 in
1567 5576 1724 5632 Praef.
1828 5579 2166 5633 scribebatur
2208 5597 2221 5633 :
2263 5598 2283 5630 ‹
2317 5577 2397 5633 On
2450 5581 2694 5635 travaille
2732 5582 2797 5636 ici
2847 5582 2876 5636 ὸ
2926 5597 3032 5636 une
3077 5582 3277 5636 edition
3329 5583 3384 5635 (is

145 5643 515 5723 couckilii'vtu.
554 5712 574 5723 _
673 5712 705 5723 λ
781 5715 790 5723 _
1136 5715 1145 5723 _
1342 5720 1350 5723 Α
1536 5721 1543 5723 _
1656 5719 1698 5723 __
1826 5647 2055 5723 l’notius
2094 5652 2433 5723 plus__ample
2466 5668 2569 5723 que
2602 5662 2778 5723 toutes
2812 5656 2975 5708 celles
3001 5655 3161 5720 qu‘ou
3203 5668 3231 5704 a
3262 5669 3384 5707 vuct

218 5714 301 5792 {1)
346 5710 463 5764 Vid.
491 5712 632 5792 infra
659 5712 1039 5792 prolegomene
1077 5715 1477 5792 adqumstjones
1510 5719 1727 5792 Amplti-
1820 5710 2159 5792 jusqu'_i_ci.'i
2202 5710 2567 5792 ﬁlgnioires'de
2612 5722 2867 5785 ’l'réwum,
2910 5710 3061 5787 Hii,
3106 5739 3223 5791 pag.
3270 5723 3385 5778 765.

146 5782 453 5862 ίοεξίξιξιαῇ
504 5799 580 5862 P;_
616 5783 701 5862 η.
752 5782 1071 5841 αι’ἳυιηὶο.
1118 5782 1259 5844 Bibl.
1310 5787 1494 5843 Gt'teca
1543 5800 1581 5843 t.
1611 5782 1720 5854 'Xl,
1821 5782 1833 5786 ⁷
1894 5782 2208 5862 (ΙᾉΜιιγιὶῃὲ
2239 5788 2481 5844 Gcrberti
2510 5782 3383 5857 abb.,etc,lterAlevmun‘nicum,

151 5868 203 5921 ιι.
230 5852 513 5934 βᾲἶρύίξ.
538 5852 689 5934 Harl.
822 5927 853 5934 __
950 5927 981 5934 __
1144 5929 1154 5934 Α
1287 5929 1319 5934 __
1486 5928 1526 5934 _
1567 5931 1575 5934 Α
1659 5930 1669 5934 _
1706 5852 1713 5854 ἡ
1824 5852 2022 5934 accedit
2053 5859 2311 5934 ΔΙῄιιιιρεωη
2343 5871 2401 5934 et_
2418 5852 2710 5934 Celticum,
2749 5852 2804 5934 p,
2832 5864 2957 5928 59.2,
3006 5864 3133 5917 edit.
3166 5863 3249 5915 29.
3286 5852 3382 5931 'l'y;

224 5922 419 5992 (9)15!
470 5922 716 5979 Loudino
771 5927 1070 5983 editoribus
1129 5929 1419 5985 Annalium
1486 5928 1715 5985 Trivult.
1823 5930 1905 5999 pia
1936 5930 2308 5986 Saublasianis
2345 5932 2502 5985 1775.
