4198 6440
731 437 785 475 ιν
1781 428 2178 488 ΡΠᾹΞΡΑΤΙΟ
2220 429 2301 490 IN

2411 430 2596 490 iOTIl
2631 431 2901 492 OPERA.

731 540 884 593 alteri
911 539 1029 592 viro
1071 546 1318 606 nuptam.
1356 537 1457 591 sibi
1493 551 1588 606 per
1619 536 1946 592 adulterium
1972 539 2300 606 desponderi

731 634 934 687 veritus
959 643 1060 695 est,
1095 629 1395 693 sedeontra
1429 630 1611 697 potius
1657 630 2112 692 exsultabundus,
2151 630 2306 684 aride

732 725 1179 792 impudenterque
1207 722 1257 772 in
1294 722 1438 773 i'.":is
1488 720 1826 789 complexum
1876 721 2012 782 ruit.
2046 721 2307 774 alienam-

733 830 838 881 que
889 824 1144 881 tanquam
1189 813 1464 880 propriam
1511 812 1689 882 palam
1741 813 2043 881 arrogavit,
2098 827 2308 880 suaque

737 906 963 958 infantia
995 917 1048 958 et
1091 904 1357 957 dedecore
1397 903 1757 972 gloriabatur,
1795 912 1848 957 et
1894 905 2221 958 laudabatur
2252 905 2306 958 in

736 999 1020 1067 iniquitate
1068 1013 1206 1059 sua;
1256 998 1515 1065 intraque
1563 1012 1655 1052 sex
1712 1011 1818 1051 non
1877 998 2114 1066 amplius
2167 998 2306 1062 dies,

736 1088 989 1142 manibus
1035 1088 1316 1141 hominum
1361 1087 1630 1151 initiatus,
1675 1090 2017 1157 concupitam
2067 1089 2311 1142 ecclesia:

735 1181 1050 1233 cathedram
1090 1179 1309 1232 invasit.
1339 1178 1579 1246 Eratque
1619 1194 1744 1233 vere
1771 1194 2016 1241 cernere,
2051 1189 2110 1232 ut
2141 1181 2312 1233 fertur

736 1273 952 1339 adagio,
975 1270 1398 1338 extemporalem
1433 1269 1816 1338 lletitiumque,
1835 1287 1930 1325 seu
1964 1280 2310 1337 personatum

741 1373 1014 1414 sanctum.
1049 1359 1181 1413 Nam
1209 1361 1386 1429 primo
1407 1360 1493 1413 die
1522 1362 1828 1416 monachus
1857 1376 1918 1416 ex
1949 1362 2111 1424 laico,
2143 1367 2314 1417 altero

739 1449 930 1508 lector,
967 1457 1080 1500 tum
1112 1448 1553 1517 hypodiaconus.
1586 1463 1649 1502 ac
1674 1450 1964 1512 diaconus,
2003 1460 2056 1504 et
2087 1453 2316 1522 presby-

739 1549 824 1592 ter
859 1556 872 1590 :
907 1548 1062 1592 sexto
1091 1539 1307 1602 deinde,
1341 1539 1432 1607 qtti
1465 1538 1566 1592 fuit
1595 1539 1797 1592 Christi
1851 1540 2072 1600 natalis,
2107 1551 2160 1594 et
2203 1542 2318 1609 ipse

2407 541 2592 593 λονΘον
2635 542 2755 611 ἔσχε
2785 546 2850 611 τῇ
2883 543 3022 612 ἀρχῇ
3055 548 3115 594 to
3146 542 3314 604 τέλος.
3358 542 3431 595 Οὐ
3461 543 3572 613 γὰρ
3623 544 3980 616 «spatione

2407 631 2504 698 τὴν
2532 629 2605 690 ὡς
2627 631 2779 699 παρὰ
2805 631 3085 700 κοσμικῶν
3118 632 3394 700 ἀρχόντων
3433 632 3692 699 ἀκόσμως
3720 633 3867 702 αὐτῷ
3888 635 3984 686 καὶ

2409 719 2660 786 ἀθέσμοις
2695 719 3030 790 ινδιδομένην
3052 721 3400 789 Ἐκκλησίαν,
3437 721 3545 773 οὐδ’
3576 721 3652 784 ὡς
3679 723 3848 790 ἑτέρῳ
3885 724 3985 776 ἀν-

2409 809 2495 878 δρὶ
2528 809 2993 880 καθηρμοσμένην
3026 812 3284 880 μοιχικὼς
3333 811 3511 880 ἐαυτῷ
3573 815 3988 880 κατεγγυᾶσθαι

2408 900 2690 971 ηὐλαϐήθη
2729 917 2741 929 ·
2799 905 3111 955 τούναντίον
3147 906 3246 968 μὲν
3297 900 3390 956 οὖν
3425 906 3519 956 καὶ
3553 904 3888 974 περιχαριῖκ,
3947 905 3983 974 ἢ

2411 991 2642 1053 ἀναιδῶς
2693 991 2915 1062 μᾶλλον,
2968 993 3371 1063 κατησπάζετο,
3429 997 3521 1047 καὶ
3567 995 3642 1056 ὡς
3706 993 3843 1057 ιδίας
3887 995 3990 1063 τῆς

2413 1084 2701 1154 ἀλλοτρίας
2762 1085 2951 1153 σαφῶς
2986 1087 3345 1147 ἀντεποιεῖτο,
3401 1086 3575 1140 καὶέν
3626 1091 3690 1156 τῇ
3755 1086 3988 1156 αἰσχύνῃ

2414 1176 2562 1245 αὐτῷ
2595 1178 2825 1247 ἑγαυρεα
2856 1175 3229 1245 δοξαζόμενος,
3292 1181 3384 1231 καὶ
3423 1180 3478 1229 ὲν
3510 1181 3572 1247 τῇ
3600 1179 3785 1249 ἀδικίᾳ
3809 1176 3977 1230 αὐτοῦ

2415 1267 2747 1334 ὲνευλογεῖτο
2797 1269 2890 1321 καὶ
2935 1269 2994 1320 ὲν
3043 1268 3102 1334 ἓξ
3147 1271 3267 1331 ταῖς
3315 1271 3464 1332 ὅλαις
3517 1270 3756 1338 ἡμέραις
3793 1269 3984 1338 χερσὶν

2416 1357 2718 1426 ἀνθρώπων
2762 1359 3158 1427 τελειούμενος,
3218 1361 3315 1427 τῆς
3371 1360 3816 1430 ὲπιθυμουμένης
3886 1361 3991 1412 ἐπι

2417 1448 2757 1515 ελαμὸἁνετο
2783 1450 3072 1522 καθέδρας.
3124 1454 3231 1504 Καὶ
3263 1447 3330 1522 ἦν
3353 1451 3566 1521 άληθῶς
3607 1453 3812 1505 ἐκεῖνον
3857 1453 3994 1522 ὀρᾷν

2419 1540 2730 1610 αὑθήμερον
2755 1540 2910 1607 ἆγιον
2932 1543 3302 1611 πλαττόμενον
3360 1544 3500 1596 κατὰ
3534 1546 3631 1612 τὴν
3660 1544 3982 1613 παροιμίαν.

742 1646 960 1685 sacrum
990 1629 1369 1684 conscendens
1402 1630 1666 1694 tribunal,
1703 1645 1890 1699 pacem
1927 1632 2153 1700 populo,
2175 1632 2311 1686 nihil

2422 1632 2618 1702 Πρώτη
2649 1633 2756 1702 γὰρ
2784 1635 2963 1705 ἡμέρᾳ
2989 1637 3220 1705 μοναχδς
3245 1637 3366 1689 ἀντὶ
3407 1635 3617 1701 λαῖκοῦ,
3658 1639 3722 1706 τῇ
3766 1635 3995 1705 δευτέρα

742 1734 868 1773 rera
896 1735 1026 1786 pace
1064 1719 1288 1787 dignum
1314 1719 1583 1788 cogitans,
1615 1719 1878 1771 nuntiavit
1904 1719 2031 1786 (c).i

2423 1724 2478 1776 δὲ
2502 1725 2878 1794 ἁναγνὼστης,
2905 1731 3000 1780 καὶ
3022 1730 3373 1792 ὑποδιάκονος
3403 1732 3468 1799 τῇ
3528 1728 3676 1798 ἑξῆς,
3719 1723 3837 1782 εἶτα
3884 1727 3980 1780 διά.

741 1830 916 1877 κονος,
947 1809 1063 1865 tim
1093 1813 1461 1880 πρεσὸύτερος
1489 1829 1501 1841 ο
1541 1812 1731 1864 ἔπειτα
1758 1815 1823 1881 τῇ
1847 1813 1984 1882 ἕκτῃ
2017 1828 2033 1844 ·
2067 1814 2304 1884 Χριστοῦ
2333 1815 2389 1869 δὲ
2409 1811 2478 1886 ἦν
2500 1818 2568 1870 τὰ
2620 1820 2872 1884 γενέθλια
2901 1839 2916 1854 ο
2982 1823 3077 1874 καὶ
3123 1822 3284 1884 αὐτὸς
3306 1821 3384 1892 τῷ
3435 1822 3693 1892 ἱερατικῷ
3745 1820 3992 1891 προσϐὰς

753 1911 948 1981 θρόνῳ,
976 1913 1073 1978 τὴν
1101 1910 1324 1979 εἰρήνην
1349 1908 1426 1977 τῷ
1458 1908 1572 1977 λαῷ
1614 1907 1974 1978 προσεφώνει,
2012 1910 2177 1979 μηδὲν
2207 1911 2303 1979 τῆς
2328 1913 2592 1983 ἀληθινῆς
2617 1917 2840 1986 εἰρήνης
2862 1916 3008 1984 ἄξιον
3037 1918 3406 1988 ἐννοούμενος.
3450 1939 3468 1971 ι

815 2028 1099 2084 Net-larius
1136 2025 1440 2096 patriarcha
1481 2023 2006 2094 Hierosolymitanus
2040 2026 2131 2095 qui
2173 2026 2374 2081 sacqu
2425 2043 2558 2093 xvtt,
2601 2029 2654 2083 in
2695 2031 2835 2086 libro
2862 2031 2935 2086 De
2967 2033 3184 2100 imperio
3214 2049 3386 2101 papae,
3419 2048 3530 2102 quo
3560 2033 3795 2088 schisma
3825 2030 3974 2086 fovet

741 2135 798 2177 et
827 2137 884 2176 se
916 2119 1121 2173 Latinis
1153 2117 1568 2171 infestissimum
1604 2119 1841 2181 exnibet,
1875 2118 2103 2172 candide
2139 2118 2342 2172 fatetur
2373 2117 2624 2175 Photiunt
2657 2139 2723 2176 ex
2756 2140 2905 2177 mera
2937 2125 3237 2179 ambitione
3288 2124 3585 2179 Ecclesiam
3622 2125 3986 2178 universalein

747 2227 840 2280 per
873 2200 1066 2262 inultos
1097 2221 1269 2261 annos
1295 2204 1640 2258 vehementer
1671 2207 2038 2273 pet-turbasse.

818 2297 970 2351 Mitto
1003 2306 1224 2351 ceteros
1255 2295 1546 2362 scriptores
1576 2291 1829 2347 Ecclesiae
1871 2291 2074 2368 Graeca}
2117 2293 2208 2364 qui
2253 2310 2352 2364 pro
2387 2295 2588 2350 unione
2617 2295 3004 2362 Ecclesiarum,
3039 2307 3162 2367 post
3198 2308 3386 2352 natum
3420 2297 3708 2352 dissidium
3744 2296 3996 2350 laboran-

749 2385 1116 2449 tes,Pliotium
1151 2382 1317 2434 veluti
1351 2381 1620 2434 malorum
1659 2382 1903 2433 omnium
1934 2373 2156 2436 causam
2191 2393 2484 2449 accusant;
2513 2383 2682 2437 solius
2714 2382 2899 2444 Vecci,
2947 2387 3273 2454 patriarcha:
3301 2384 3408 2438 (ΖΡ.
3448 2383 3625 2438 medio
3657 2383 3857 2438 saeculo
3900 2399 3998 2437 xm

748 2473 1074 2527 sententiam
1111 2469 1399 2539 proferam,
1427 2469 1520 2536 qui
1556 2469 1754 2521 asserit
1782 2469 2032 2521 Pliotiuni
2070 2471 2303 2536 primum
2364 2472 2416 2522 in
2457 2472 2687 2525 ecclesia
2731 2469 2995 2526 Orientali
3030 2472 3277 2540 posuisse
3311 2471 3639 2528 fermentum
3676 2471 3998 2541 pessimum,

748 2561 893 2632 quod
937 2557 1162 2612 Michael
1205 2555 1534 2610 Caerularius
1568 2562 1687 2624 post
1715 2568 1931 2608 centum
1960 2563 2013 2608 et.
2063 2558 2404 2626 septuaginta
2436 2573 2610 2612 annos
2639 2559 2820 2614 denuo
2853 2563 3128 2616 excitavit.

1775 2670 1838 2723 Il.
1876 2699 1942 2708 —
1974 2670 2047 2724 De
2079 2674 2320 2725 doctrina
2351 2685 2399 2727 et
2428 2677 2721 2731 eruditione
2755 2677 2952 2732 Photii.

823 2765 947 2818 llaec
978 2765 1043 2818 de
1073 2761 1270 2816 Photio
1300 2762 1529 2816 dicenda
1552 2771 1730 2822 erant,
1760 2776 1826 2814 ne
1855 2762 1936 2813 vir
1964 2762 2121 2829 cujus
2153 2765 2357 2831 scripta
2383 2765 2494 2831 jam
2531 2766 2851 2831 collegimus
2891 2783 2919 2820 a
2949 2767 3107 2821 nobis
3142 2775 3336 2836 preter
3369 2767 3622 2820 meritum
3670 2774 3764 2819 aut
3795 2765 4004 2834 vitupe-

751 2858 860 2909 rari
903 2863 997 2907 aut
1032 2851 1242 2905 laudari
1282 2850 1580 2903 videretur.
1617 2848 1803 2901 Fuerit
1828 2850 2016 2917 utique
2049 2851 2299 2912 callidus,
2337 2853 2636 2920 hypocrita,
2673 2854 3019 2914 ambitiosus.
3059 2853 3333 2915 falsarins,
3377 2853 3780 2910 schismaticus.
3815 2862 4006 2921 tyran-

753 2957 880 3003 nus,
911 2949 1150 2991 attamcn
1187 2936 1407 3006 ingenio
1437 2944 1491 2987 et
1530 2938 1841 2988 eruditione
1871 2951 1980 2987 non
2010 2938 2209 2994 caruit,
2252 2951 2316 2990 ac
2351 2952 2633 3007 propterea
2659 2956 2687 2993 e
2721 2941 2890 2994 choro
2915 2941 3243 3010 scriptorum
3276 2943 3368 3010 qui
3418 2941 3570 2994 libris
3607 2941 3721 2993 suis
3751 2937 4008 2992 Ecclesia

753 3029 1082 3100 profuerunt
1123 3044 1230 3080 non
1265 3027 1490 3080 omnino
1521 3025 1822 3094 ejiciendus
1852 3037 1956 3079 est.
2001 3025 2202 3078 Praeter
2245 3026 2528 3093 epistolam
2561 3036 2613 3077 ct
2645 3028 2839 3079 librum
2872 3044 3012 3095 quos
3043 3027 3110 3079 ad
3140 3026 3563 3096 impngnandam
3599 3025 4007 3094 processionettt

753 3118 995 3186 Spiritus
1029 3116 1203 3169 sancti
1232 3115 1395 3167 etiam
1423 3129 1451 3166 a
1490 3110 1628 3165 Filio
1655 3113 1920 3177 exaravit,
1943 3123 1996 3165 et
2028 3121 2148 3165 acta
2182 3112 2630 3178 pseudo-concilii
2664 3113 2744 3165 sui
2775 3128 2900 3166 cum
2930 3113 3274 3166 documentis
3292 3113 3517 3165 adnexis
3543 3126 3666 3180 qua:
3689 3127 3752 3162 ex
3780 3108 4010 3162 arbitrio

751 3217 806 3261 ct
838 3206 974 3260 satis
1008 3203 1256 3272 imperite
1291 3204 1468 3264 tinxit,
1501 3201 1634 3254 nihil
1665 3200 1777 3254 fere
1807 3201 1860 3253 in
1898 3217 2120 3254 causam
2150 3202 2459 3255 schismatis
2494 3201 2752 3269 scripsit;
2793 3210 2846 3254 et
2880 3201 3081 3269 scripta
3127 3200 3246 3269 ejus
3277 3200 3455 3264 hodie,
3490 3208 3549 3251 ut
3587 3199 3743 3251 nobis
3774 3196 4010 3262 videtur,

754 3309 928 3361 neque
956 3290 1192 3353 veritati,
1231 3304 1407 3357 neque
1453 3289 1570 3355 paci
1609 3287 1862 3342 Ecclesia:
1890 3289 2000 3342 ulla
2031 3289 2241 3342 ratione
2268 3289 2460 3342 obesse
2495 3297 2742 3355 possunt,
2789 3289 2918 3342 dum
2954 3303 2983 3341 e
3013 3297 3200 3341 contra
3239 3286 3303 3339 ad
3340 3287 3622 3339 historiam
3652 3284 3920 3353 dogmatis
3951 3295 4010 3336 ct

753 3379 1158 3433 vicissitudines
1203 3375 1516 3429 schismatis
1549 3374 1900 3428 delineandas
1939 3374 2076 3428 mire
2125 3375 2450 3428 inserviunt.
2492 3374 2614 3425 ldeo
2654 3388 2783 3427 sane
2810 3382 2928 3426 acta
2971 3371 3396 3444 pseudo-synodi
3438 3370 3714 3424 Photianae
3766 3385 3887 3439 qua:
3942 3369 4010 3421 ad

752 3481 956 3520 annum
985 3464 1087 3520 877
1117 3462 1370 3525 refertur,
1406 3463 1642 3531 primum
1677 3462 1885 3532 integra
1916 3462 2058 3516 edita
2084 3471 2212 3516 sunt
2234 3479 2262 3514 a
2297 3460 2362 3515 lt.
2398 3461 2454 3513 P.
2488 3458 2766 3514 llarduino
2795 3460 3073 3515 societatis
3091 3460 3222 3514 Jesu
3263 3459 3605 3530 presbytero,
3631 3473 3753 3512 cum
3780 3471 4010 3510 assensu

752 3552 1051 3609 Clementis
1089 3549 1158 3604 XI
1183 3549 1383 3602 summi
1419 3548 1694 3616 pontilicis
1724 3548 1825 3616 (ά).

825 3643 942 3697 Non
981 3651 1063 3696 est
1091 3642 1257 3711 igitur
1299 3655 1400 3694 cur
1427 3640 1554 3709 quis
1585 3638 1841 3694 formidet
1877 3653 1949 3693 ne
1991 3653 2154 3707 opera
2191 3636 2372 3691 Photii
2414 3646 2507 3691 aut
2545 3637 2758 3691 veritati
2791 3638 3077 3692 catholicae
3106 3639 3312 3705 obsint,
3342 3646 3437 3692 aut
3477 3649 3658 3691 causae
3696 3632 4012 3688 schismatis

755 3733 1016 3802 prodesse
1051 3731 1280 3799 pOSsint.

826 3818 1189 3884 Quaaretquis
1214 3815 1446 3870 fortasse
1474 3813 1753 3882 quomodo
1807 3811 2186 3867 orthodoxiam
2234 3811 2432 3874 Pliotii,
2475 3811 2528 3863 in
2573 3813 2796 3880 scriptis
2837 3826 2958 3880 quae
3021 3813 3086 3866 ad
3121 3812 3359 3867 schisma
3376 3805 4012 3880 nonpertincnt,anobis

757 3915 1044 3968 asset-tam,
1077 3903 1433 3958 conciliemus
1467 3917 1592 3956 cum
1625 3899 2128 3964 actisconciliivttt,
2158 3901 2300 3968 quod
2324 3899 2377 3952 in
2401 3897 2650 3952 Photium
2692 3900 3704 3970 perveraorumdogmatuminrentorem
3725 3894 4014 3948 anathema

761 3993 1133 4063 pronuntiavit
1153 3992 1176 4043 τ

831 4076 938 4129 lies
976 4076 1124 4130 omni
1158 4073 1472 4127 diﬂicultate
1505 4080 1672 4126 caret.
1709 4070 1904 4124 Narrat
1928 4071 2073 4124 enim
2101 4072 2422 4126 Anastasius
2467 4072 2925 4131 Bibliothecarius
2949 4092 3056 4145 qua
3095 4077 3233 4130 mira
3278 4075 3596 4137 calliditate,
3627 4087 3732 4125 non
3767 4070 3833 4123 ad
3859 4084 4012 4123 asse-

763 4164 989 4216 rendam
1025 4177 1178 4215 suam
1209 4160 1548 4228 opinionem,
1581 4160 1676 4212 sed
1708 4157 1776 4210 ad
1815 4157 2128 4210 teutandam
2161 4161 2485 4226 pastoralem
2517 4162 2850 4231 vigilantiam
2888 4163 3099 4232 lgnatii,
3135 4162 3365 4217 Photius
3399 4177 3522 4214 cum
3584 4159 3826 4212 maxime
3846 4171 4010 4210 scan-

762 4252 887 4304 dalo
930 4249 1164 4302 ﬁdelium
1206 4247 1450 4300 docuerit
1508 4244 1778 4313 singulos,
1826 4243 2078 4296 homines
2145 4244 2281 4299 duas
2318 4248 2515 4302 habere
2562 4251 2812 4314 animas,
2857 4267 3020 4304 unam
3062 4250 3378 4304 rationalem
3409 4257 3463 4303 et
3503 4248 3664 4302 aliam
3702 4245 4017 4299 animalem.

840 4361 858 4391 ι
884 4340 1174 4402 Praeterea,
1206 4341 1280 4390 ait
1309 4337 1655 4399 Anastasius,
1691 4345 1745 4389 et
1771 4335 1919 4388 aliud
1953 4336 2254 4403 iniquitatis
2283 4353 2395 4390 suae
2420 4341 2762 4405 retiaculum,
2791 4357 2899 4410 quo
2923 4350 3132 4396 mentes
3160 4341 3488 4409 simplicium
3519 4345 3756 4405 caperet,
3794 4344 4008 4395 texens,

765 4434 1034 4497 quotquot
1073 4424 1139 4477 ad
1201 4425 1530 4477 exteriorem
1561 4424 1628 4474 ab
1667 4437 1730 4475 eo
1769 4421 2118 4490 disciplinam
2155 4423 2456 4478 instruendi
2505 4429 2816 4493 veniebant,
2863 4429 3088 4499 proprio
3139 4429 3346 4496 scripto
3381 4425 3650 4494 spondere
3706 4422 3935 4491 cogebat
3958 4436 4018 4475 se

767 4512 1069 4570 secundum
1111 4514 1267 4565 tidem
1305 4510 1481 4562 l’hotii
1524 4510 1591 4563 de
1637 4517 1834 4562 cancro
1882 4508 2190 4562 credituros
2225 4527 2239 4575 ;
2281 4513 2436 4579 qttasi
2478 4513 2600 4566 duae
2652 4514 2786 4569 ﬁdes
2825 4525 3033 4582 essent,
3081 4530 3187 4567 una
3229 4513 3440 4567 scilicet
3477 4510 3702 4573 Christi,
3743 4519 3797 4562 et
3848 4510 4018 4560 altera

771 4600 948 4653 Photii
983 4618 996 4652 :
1053 4607 1106 4652 et
1162 4599 1264 4651 hoc
1302 4598 1658 4649 nihilominus
1699 4596 1893 4650 callide
1929 4598 2174 4658 molitus,
2210 4607 2266 4650 ut
2309 4604 2710 4656 communionis
2763 4619 2875 4658 sum
2906 4617 3263 4672 quoscunque
3299 4602 3381 4655 vel
3405 4599 3900 4669 quomodocunque
3934 4596 4014 4646 la-

769 4688 926 4757 queis
951 4688 1186 4740 irretiret
1220 4703 1234 4751 ;
1263 4695 1316 4739 et
1345 4693 1488 4738 esset
1516 4685 1855 4752 impossibile
1886 4698 1946 4737 se
1970 4698 2206 4751 unquam
2237 4687 2412 4749 evelli,
2445 4704 2605 4757 quem
2639 4691 2897 4744 nimirum
2921 4698 3198 4744 constaret
3231 4697 3308 4743 tot
3342 4689 3463 4740 lixis
3484 4691 3688 4739 ltmrere
3715 4682 4018 4744 radicibus,

771 4777 900 4828 dum
940 4776 1026 4828 his
1060 4789 1159 4828 nec
1191 4775 1351 4825 aliain
1387 4770 1568 4835 fidem,
1600 4771 1704 4824 nisi
1735 4785 1897 4839 quam
1927 4769 2042 4838 ipse
2074 4778 2304 4834 teneret,
2335 4773 2533 4828 habere
2567 4791 2789 4846 quoquo
2819 4777 2980 4830 modo
3014 4778 3258 4831 licuisset
3292 4794 3305 4830 :
3346 4773 3492 4844 quod
3520 4773 3814 4826 maximum
3854 4783 4016 4823 scan-

769 4861 955 4913 dalum
992 4860 1322 4914 mortalibus
1351 4858 1630 4921 excitavit,
1666 4856 2014 4910 dicentibus:
2045 4856 2217 4918 Itane,
2253 4860 2298 4910 si
2333 4857 2558 4915 l’hotius
2592 4863 2953 4918 hieresiarcha
2991 4863 3176 4927 fuerit,
3209 4863 3407 4915 debent
3439 4862 3531 4913 lilii
3565 4857 3738 4911 nostri
3765 4863 3858 4906 aut
3895 4854 4018 4906 fidei

771 4949 1060 5000 catholica:
1092 4949 1403 5001 desertores
1461 4961 1604 5008 esse,
1641 4957 1732 4998 :tut
1760 4945 2060 5012 juramenti
2090 4948 2172 4998 vel
2201 4945 2284 4999 sui
2317 4946 2666 5012 cliit-Ograplii
2701 4943 3185 5016 transgressores?
3217 4953 3370 4998 erant
3416 4946 3560 4994 enim
3592 4942 3731 4991 inter
3751 4951 3846 4990 eos
3880 4951 4022 4989 non-

775 5037 909 5090 nulli
957 5037 1283 5092 clarissimis
1330 5037 1605 5090 natalibus
1657 5033 1874 5088 oriundi
1909 5051 1923 5086 :
1956 5050 2079 5087 nam
2115 5043 2169 5088 et
2210 5043 2334 5088 ante
2377 5048 2551 5088 annos
2586 5034 2796 5100 aliquot
2849 5033 2992 5085 idem
3028 5033 3256 5086 Photius
3305 5032 3537 5083 duarqu
3570 5038 4021 5094 unumquemque

777 5125 1048 5179 hominem
1079 5125 1386 5177 animarum
1422 5124 1728 5176 consistere
1781 5122 2132 5191 praedicabat.
2158 5122 2260 5187 Qui
2293 5137 2418 5175 cum
2462 5137 2488 5173 a
2520 5122 2880 5174 Constantino
2917 5120 3242 5190 philosOpho
3277 5131 3486 5186 magnae
3538 5113 3844 5169 sanctitatis
3875 5113 4019 5174 viro,

778 5215 1084 5268 fortissimo
1110 5215 1226 5280 ejus
1255 5215 1454 5275 amico,
1483 5214 1798 5281 increpatus
1828 5211 2025 5266 fuisset
2059 5212 2270 5265 dicente
2292 5229 2306 5264 :
2327 5211 2440 5264 Cur
2469 5218 2679 5262 tantum
2713 5225 2958 5263 errorem
2989 5209 3044 5262 in
3091 5208 3347 5277 populum
3379 5196 3778 5274 spargensﬂot
3806 5200 4021 5252 animas

781 5300 1150 5354 interfecisti?
1184 5301 1464 5369 respondit
1501 5317 1515 5352 :
1555 5299 1671 5352 Non
1699 5299 1886 5353 studio
1909 5313 2238 5368 quemquam
2267 5297 2517 5361 laedendi,
2552 5297 2702 5361 talia,
2743 5298 2942 5366 inquit,
2985 5295 3127 5349 dicta
3151 5295 3432 5364 pr0p0sui,
3461 5290 3554 5346 sed
3590 5287 3852 5358 probandi
3885 5285 4019 5352 quid

782 5388 1094 5456 patriarcha
1121 5387 1359 5457 lgnatius
1392 5395 1596 5456 ageret,
1630 5387 1677 5440 si
1708 5401 1808 5441 suo
1831 5393 2076 5454 tempore
2105 5385 2360 5453 qualibet
2394 5383 2616 5438 haeresis
2648 5399 2743 5452 per
2773 5385 3120 5453 syllogismos
3155 5382 3604 5452 philosOpliorum
3640 5386 3829 5429 exorta
3871 5384 4020 5441 pate-

778 5485 978 5538 sceret,
1007 5479 1100 5544 qui
1135 5478 1344 5530 scilicet
1380 5477 1528 5528 viros
1555 5475 1854 5528 exterioris
1881 5474 2165 5542 sapientiae
2198 5475 2489 5541 repulisset
2523 5490 2536 5525 :
2573 5489 2760 5527 verum
2811 5474 3056 5542 ignoravi
3096 5489 3180 5526 me
3211 5473 3315 5524 sub
3347 5471 3509 5537 hujus
3540 5467 3729 5518 fomite
3767 5462 4020 5532 proposi-

778 5563 942 5617 tionis
974 5573 1050 5617 tot
1078 5565 1291 5618 animas
1327 5564 1444 5617 fore
1467 5565 1743 5617 laesurum.
1782 5561 1858 5614 Ad
1883 5561 2031 5630 quod
2059 5561 2148 5614 ille
2180 5578 2195 5615 :
2230 5560 2275 5612 0
2311 5562 2579 5630 sapientia
2616 5563 2802 5615 mundi
2832 5576 2953 5630 quae
2992 5559 3293 5614 infatuatur
3333 5568 3388 5611 et
3419 5555 3717 5610 destruitur
3745 5553 3757 5603 l
3793 5547 4020 5604 Jactasti

852 5707 919 5766 (ci
971 5699 1089 5752 Vita
1140 5699 1198 5752 S.
1237 5698 1454 5770 Iguatii,
1495 5715 1579 5769 ap.
1609 5696 1773 5753 llard.
1808 5698 1940 5753 Acta
1971 5713 2122 5751 conc.
2154 5694 2216 5760 V,
2246 5697 2347 5752 959

813 5779 828 5820 ι
866 5788 915 5821 :t'
956 5810 968 5823 .

778 5786 806 5823 ε
853 5787 948 5909 («qq
969 5839 1288 5912 Bevcrrgius
1321 5842 1372 5895 in
1417 5842 1694 5895 Pandectis
1727 5857 2018 5903 canonum,
2055 5849 2090 5892 t.
2128 5837 2188 5903 ιι,
2224 5851 2342 5893 acta

2459 5697 2546 5750 illa
2584 5699 2926 5767 supposititia
2950 5713 3013 5752 ex
3042 5707 3191 5764 parte
3221 5693 3482 5749 ediderat.
3511 5689 3904 5767 Harduinusea
3938 5685 4024 5738 in-

2458 5778 2601 5838 tegra
2635 5759 2841 5840 primus
2873 5759 3097 5840 protulit
3120 5770 3258 5822 inter
3291 5767 3422 5818 Acta
3456 5765 3647 5818 concil.
3675 5760 3759 5825 γι,
3789 5759 3912 5812 illi.
