4198 6440
1210 537 1605 600 ΡΒΕΕΑΤΙΟ
1638 537 1717 598 ΙΝ
1754 533 2026 596 PHOTII
2048 534 2323 594 OPERA.

1759 533 2026 596 PHOTII
2048 534 2323 594 OPERA.
3384 535 3417 573 ν

182 644 397 712 sagittas
426 644 482 697 In
507 640 911 697 multitudinem
940 639 1176 708 copiosa:
1199 641 1398 704 turbae,
1424 650 1479 696 et
1504 639 1765 712 ignorasti
1793 640 2089 710 quemlibet
2124 655 2192 693 ev.
2219 639 2302 693 his
2324 638 2581 696 omnibus
2605 640 3026 696 vulnerandum.
3053 636 3215 693 Certe
3238 634 3420 691 omni-

179 734 275 787 bus
308 732 498 800 liquet,
523 731 653 800 quia
692 730 835 785 sicut
859 730 1025 795 oculi,
1051 731 1461 799 quantumlibet
1504 732 1609 784 sint
1650 721 1829 799 magni
1856 737 1910 782 et
1937 726 2133 797 aperti,
2166 725 2212 780 si
2236 728 2420 780 fumus
2447 728 2727 795 palearum
2785 727 3182 795 interjacuerit,
3236 725 3421 779 videre

180 819 314 873 ultra
341 833 450 871 non
480 826 712 886 possunt
740 831 756 879 ;
786 816 858 869 ita
890 817 1032 870 oeuli
1067 818 1353 885 sapientia
1380 825 1507 881 tuae,
1536 816 1941 886 quantumlibet
1966 814 2082 869 sint
2118 814 2302 883 magni
2331 822 2385 869 et
2417 815 2610 883 patuli,
2639 815 2883 868 avaritiae
2917 823 3096 866 tamen
3123 820 3177 868 et
3203 810 3419 865 invidia:

180 904 323 959 fumo
348 904 568 975 penitus
593 902 874 967 obcaecati,
906 903 1182 958 tramitem
1210 902 1441 971 iustitia:
1469 904 1655 959 videre
1684 918 1793 957 non
1827 911 2061 972 possunt
2090 919 2105 968 ;
2133 917 2197 956 ac
2222 916 2318 971 per
2354 903 2405 955 id
2435 917 2623 956 verum
2656 913 2741 957 est
2780 901 2925 969 quod
2952 902 3113 962 dicis,
3146 899 3419 953 nemiuem

178 993 285 1048 ictu
307 1001 403 1045 tuo
440 998 664 1059 putasse
690 1004 812 1045 esse
837 989 1167 1052 laedendum,
1191 1005 1317 1045 cum
1349 992 1432 1047 sic
1460 992 1794 1047 obczcatum
1822 1006 2046 1047 sensum
2100 992 2381 1062 pradictis
2410 992 2700 1047 adversum
2737 992 3102 1062 patriarchatn
3145 987 3420 1062 passioni-

178 1079 277 1135 hus
308 1078 536 1142 habens,
568 1093 669 1134 nec
695 1076 829 1147 quid
860 1078 1431 1149 emiserispraavidisti
1468 1078 1563 1149 (e).
1602 1097 1622 1131 ι

244 1184 365 1241 Non
388 1185 579 1241 dubito
600 1186 731 1256 quin
755 1186 823 1241 ad
848 1186 965 1241 haec
990 1181 1168 1240 Photii
1196 1184 1451 1253 scandala
1488 1184 1692 1239 alludat
1718 1185 2012 1239 concilium
2041 1198 2244 1241 (ecum.
2270 1201 2390 1251 vm,
2433 1186 2523 1241 ubi
2566 1186 2819 1241 Photium
2848 1184 3011 1240 veluti
3038 1196 3417 1255 perverson

178 1273 492 1344 dogmatum
522 1272 861 1327 inventorem
893 1271 1226 1343 perstringit.
1247 1269 1421 1325 Porro
1447 1285 1621 1341 neque
1644 1272 1712 1325 de
1732 1269 1871 1325 falsa
1909 1272 2013 1327 hac
2040 1271 2160 1340 ejus
2188 1271 2460 1336 doctrina,
2489 1288 2593 1327 nec
2615 1273 2683 1327 de
2706 1272 2829 1326 aliis
2853 1272 3124 1341 perversis
3148 1267 3420 1339 dogmati-

177 1362 274 1417 bus
306 1361 366 1417 in
387 1360 543 1417 libris
559 1360 677 1431 ejus
703 1360 887 1428 editis,
910 1360 1056 1429 quod
1089 1360 1285 1425 sciam,
1318 1358 1621 1430 quidquam
1657 1358 1919 1414 occurrit.
1951 1355 2221 1412 InoIl‘enso
2253 1358 2414 1429 igitur
2440 1359 2574 1428 pede
2605 1358 2853 1428 perenni
2888 1366 3136 1429 possunt.

980 1469 1071 1527 ιιι.
1098 1500 1173 1512 -
1197 1470 1273 1526 De
1304 1471 1520 1526 tentatis
1546 1469 1866 1526 editionibus
1902 1469 2141 1523 omnium
2168 1485 2385 1538 operum
2416 1468 2618 1524 Photii.

236 1563 455 1632 Quanta
480 1579 512 1621 e
552 1574 744 1622 contra
780 1563 989 1620 utilitas
1023 1578 1091 1619 ex
1117 1563 1316 1619 iisdem
1354 1563 1573 1634 scriptis
1595 1562 1801 1617 hauriri
1828 1562 2023 1632 possit,
2059 1570 2331 1618 testantur
2370 1561 2526 1631 juges
2577 1569 2809 1619 conatus
2841 1563 3088 1616 virorum
3124 1561 3417 1616 doctorum

172 1656 392 1725 saepius,
420 1654 513 1709 sed
545 1652 747 1708 frustra
769 1653 825 1707 in
849 1652 953 1708 hoc
981 1652 1238 1723 impensi,
1264 1662 1322 1706 ut
1350 1652 1556 1722 scripta
1577 1649 1756 1706 Photii
1788 1650 1844 1704 in
1876 1665 2045 1703 unum
2068 1648 2245 1705 veluti
2260 1663 2461 1718 corpus
2483 1649 2710 1705 collecta
2739 1650 3055 1715 ederentur,
3081 1658 3138 1703 et
3158 1651 3418 1704 emenda-

172 1743 276 1796 tius
302 1755 471 1811 quam
503 1739 712 1809 pridem
748 1743 806 1794 in
837 1739 1013 1795 lucem
1048 1738 1353 1810 prodirent.

235 1828 419 1884 Testis
442 1836 527 1883 est
555 1828 617 1883 D.
646 1825 1087 1897 Hergenrmther,
1118 1827 1173 1880 in
1211 1825 1596 1881 dissertatione
1615 1840 1779 1895 quam
1807 1823 1947 1878 infra
1968 1823 2206 1888 edimus,
2238 1823 2538 1878 Antonium
2575 1822 2898 1888 (Iatil'orum,
2946 1822 3074 1877 huic
3109 1823 3257 1892 operi
3286 1822 3415 1877 olim

170 1916 473 1970 insudasse.
522 1931 541 1965 ι
573 1914 844 1968 Antonius
871 1911 1147 1967 CatiIorus
1179 1910 1532 1983 Zacynthius,
1564 1912 1661 1976 ait,
1696 1913 1833 1965 mira
1874 1926 2000 1965 cum
2035 1910 2361 1965 assiduitate
2398 1912 2656 1965 universa
2702 1908 2878 1963 Photii
2911 1924 3073 1978 opera
3112 1909 3415 1977 colligenda

166 2002 417 2066 curavit;
455 2000 753 2055 editionem
787 2010 969 2054 tamen
993 1999 1279 2069 diligenter
1301 2008 1660 2069 praparatam
1696 2000 1763 2054 ad
1793 1998 1954 2053 linem
1988 1998 2291 2069 perducere
2323 2014 2430 2052 non
2462 1999 2641 2067 potuit
2667 1996 2758 2066 (ί).
2794 2016 2813 2048 ι
2854 1995 3067 2065 Scripta
3105 1994 3333 2051 CatiIori
3365 1991 3419 2049 οι

168 2103 331 2158 opera
372 2089 441 2142 ab
468 2104 534 2143 eo
568 2088 850 2149 translata,
884 2088 938 2141 iu
970 2087 1299 2142 bibliOtheca
1328 2086 1386 2141 S.
1418 2087 1583 2142 Marci
1613 2085 1852 2142 Venetils
1894 2094 2203 2147 servantur,
2237 2084 2331 2139 ubi
2364 2085 2427 2138 D.
2456 2082 2878 2154 Hergenrmther
2903 2084 3088 2135 eadem
3122 2083 3414 2136 consuluit.

164 2173 331 2229 Nobis
361 2183 540 2230 tamen
572 2176 758 2229 datum
787 2188 898 2228 non
925 2181 1031 2237 est,
1056 2173 1127 2227 ob
1160 2173 1469 2243 angustiam
1499 2174 1782 2243 temporis,
1811 2178 1866 2227 et
1898 2172 2150 2227 locorum
2176 2171 2516 2235 distantiam,
2545 2186 2611 2225 ex
2649 2168 2927 2225 laboribus
2943 2169 3243 2224 doctissimi
3271 2168 3419 2222 Cati-

163 2269 292 2333 l‘ori,
325 2268 614 2322 utilitatem
643 2268 880 2337 aliquam
911 2267 967 2321 in
997 2267 1139 2322 hanc
1163 2267 1460 2322 editionem
1486 2274 1730 2321 nostram
1762 2266 2039 2321 derivare.

226 2358 304 2413 Ex
331 2358 631 2412 Annalibus
661 2356 1119 2412 Trivultiensibus
1148 2371 1281 2411 anu.
1315 2354 1453 2410 I724
1494 2355 1744 2411 novimus
1773 2353 2068 2408 editionem
2100 2351 2347 2406 omnium
2400 2364 2627 2420 operum
2676 2349 2860 2405 Photii
2891 2358 3023 2406 tunc
3059 2349 3321 2419 temporis
3349 2350 3417 2402 ab

160 2447 350 2517 Anglis
368 2445 537 2501 fuisse
568 2455 836 2515 paratam,
863 2460 987 2513 qua
1010 2454 1190 2498 tamen
1221 2443 1287 2498 ad
1321 2458 1554 2514 unguem
1587 2443 1851 2513 perducta
1882 2454 1991 2493 non
2023 2446 2121 2492 est
2151 2437 2250 2507 (9).

222 2533 493 2589 Iartinus
512 2532 829 2595 Gerbertus,
863 2531 1034 2587 abbas
1061 2530 1513 2600 Congregationis
1547 2529 1605 2584 S.
1643 2528 1809 2583 Blasii
1847 2526 1903 2581 in
1933 2524 2079 2579 Silva
2108 2522 2298 2594 Nigra,
2343 2537 2491 2577 anno
2534 2521 2673 2576 I759
2717 2527 2822 2576 Iter
2851 2520 3117 2576 Gallicum
3152 2521 3414 2593 suscepit,

159 2623 209 2676 in
237 2636 353 2692 quo
386 2620 582 2676 editori
615 2620 863 2675 omnium
886 2633 1113 2688 operum
1142 2616 1322 2672 Photii
1350 2617 1600 2671 incurrit.
1636 2616 1910 2670 Enarrans
1934 2616 2081 2668 enim
2112 2628 2176 2666 ea
2214 2627 2338 2682 qua:
2366 2610 2592 2665 Parisiis
2613 2610 3019 2673 observaverat,
3061 2611 3141 2663 sic
3165 2610 3361 2663 scribit
3393 2628 3406 2661 :

162 2729 178 2759 ι
221 2708 282 2767 P.
324 2707 509 2764 Castel
542 2722 763 2777 operam
806 2708 899 2762 dat
943 2706 1170 2761 editioni
1207 2706 1416 2767 Photii.
1467 2705 1559 2760 sed
1585 2720 1679 2774 per
1706 2704 2001 2759 decursum
2035 2702 2256 2756 demum
2299 2702 2593 2754 multorum
2630 2715 2899 2755 annorum
2931 2698 3300 2769 perfecturum
3350 2714 3411 2752 se

158 2808 341 2869 sperat
369 2798 451 2853 vir
478 2797 533 2851 in
568 2795 701 2851 flore
734 2794 909 2850 aetatis
940 2794 1310 2858 constitutus;
1335 2794 1403 2848 de
1429 2807 1539 2861 quo
1569 2806 1671 2862 ego
1703 2792 1939 2863 insignia
1968 2792 2171 2860 quavis
2195 2790 2472 2845 ominatus
2498 2804 2621 2843 sum
2665 2803 2733 2843 ex
2753 2787 2966 2843 erudita
3004 2790 3406 2859 placidissima-

156 2901 259 2957 que
297 2885 717 2940 conversatione
741 2882 800 2936 in
821 2882 1155 2937 monasterio
1203 2880 1262 2934 S.
1306 2879 1546 2951 Dionysii
1585 2894 1708 2935 cum
1736 2894 1801 2934 eo
1832 2880 2015 2934 habita
2050 2878 2154 2946 (Ii).
2194 2898 2214 2929 ι

220 2989 493 3051 Tandem,
521 2996 655 3044 teste
684 2988 833 3042 card.
862 2986 927 3041 Α.
960 2987 1090 3047 Mai.
1121 2986 1471 3041 doctissimus
1492 2984 1789 3050 Morellius,
1818 2984 1875 3036 in
1908 2980 2165 3049 Catalogo
2198 2979 2438 3032 codicum
2468 2978 2802 3045 Venetorum,
2838 2994 2959 3050 pag.
2989 2979 3080 3041 95,
3112 2994 3273 3049 quem
3325 2979 3406 3033 in-

155 3077 369 3147 spicere
401 3075 559 3131 nobis
587 3090 697 3131 non
729 3074 925 3130 licuit:
962 3092 981 3125 ι
1018 3071 1384 3142 Conspectum
1414 3071 1665 3127 editionis
1685 3070 1934 3125 omnium
1962 3082 2193 3136 operum
2236 3065 2410 3119 Photii
2442 3067 2820 3121 concinnavit.
2850 3086 2872 3118 ι

969 3182 1061 3238 ιν.
1092 3211 1162 3225 —-
1192 3182 1262 3236 De
1292 3184 1467 3250 prima
1494 3183 1592 3236 hac
1630 3183 1858 3237 editione
1884 3180 2121 3234 omnium
2150 3194 2365 3247 operum
2396 3176 2597 3233 Photii.

222 3281 398 3336 Nemo
424 3280 588 3351 igitur
622 3280 883 3334 hactenus
914 3292 1082 3349 opera
1109 3279 1291 3333 omnia
1337 3277 1508 3332 Photii
1548 3279 1767 3346 collegit
1802 3293 1814 3329 :
1854 3277 1996 3346 quod
2030 3289 2153 3338 nos,
2182 3276 2360 3344 quoad
2391 3274 2563 3341 licuit,
2588 3275 2700 3342 jam
2748 3284 3091 3346 praestamus.
3123 3275 3197 3332 Ea
3230 3288 3408 3331 autem

156 3372 209 3425 in
230 3370 479 3440 quinque
502 3375 683 3437 partes
705 3364 1019 3431 divisimus,
1046 3380 1279 3435 quarum
1304 3366 1480 3435 prima
1498 3366 1878 3433 complectitur
1912 3378 2077 3433 opera
2114 3363 2167 3415 in
2197 3361 2257 3415 S.
2292 3360 2631 3431 Scripturam
2661 3377 2755 3417 seu
2787 3364 3100 3433 exegetica;
3138 3366 3405 3425 secunda.

155 3467 324 3521 opera
354 3449 693 3521 dogmatica;
729 3446 910 3514 tertia,
939 3462 1102 3517 opera
1130 3448 1451 3516 paraenetica
1477 3464 1491 3513 ;
1523 3456 1737 3515 quarta,
1780 3463 1947 3520 opera
1988 3449 2250 3504 historica
2284 3466 2299 3514 ;
2340 3449 2528 3518 quinta
2558 3464 2723 3519 opera
2745 3452 3011 3505 canonica
3046 3466 3059 3503 :
3096 3452 3278 3504 omnia
3309 3470 3405 3504 nu-

156 3550 259 3595 tem
282 3545 523 3609 quatuor
546 3535 913 3593 voluminibus
936 3577 952 3601 ,
982 3535 1067 3600 CI,
1094 3534 1201 3599 CII,
1229 3533 1341 3589 CIII
1367 3544 1421 3590 et
1442 3533 1577 3600 CIV,
1607 3533 1933 3604 Patrologiar
1956 3544 2157 3590 nostra!
2190 3534 2391 3590 (ἕτεραι
2418 3536 2825 3592 describentur.

225 3630 307 3686 De
335 3632 566 3703 singulis
599 3632 849 3700 quaedam
897 3632 1233 3698 notabimus,
1274 3631 1471 3686 dicturi
1500 3632 1779 3700 deinceps,
1813 3632 1881 3684 de
1900 3632 2156 3701 operibus
2177 3631 2381 3698 Photii,
2418 3632 2663 3692 ineditis.
2691 3632 3011 3702 depcrditis,
3052 3641 3217 3701 atque
3244 3634 3406 3687 etiam

156 3721 222 3776 de
245 3719 495 3786 omissis,
527 3718 610 3775 vel
631 3718 760 3789 quia
786 3719 1088 3789 argumenti
1121 3734 1269 3774 mere
1297 3718 1509 3789 profani
1572 3728 1724 3785 sunt,
1766 3721 1862 3775 vel
1889 3722 2037 3791 quod
2068 3722 2175 3776 alio
2207 3722 2427 3775 nomine
2449 3722 2563 3791 jam
2588 3738 2619 3777 a
2651 3722 2809 3777 nobis
2852 3721 2997 3779 edita
3029 3725 3160 3778 sint.

1156 3828 1221 3884 ν.
1252 3860 1321 3871 --
1346 3830 1419 3885 De
1443 3833 1612 3899 primo
1651 3834 1910 3888 volumine
1940 3834 2099 3900 huius
2136 3834 2404 3888 editionis.

221 3937 493 3992 Volumen
520 3938 753 4007 primum
785 3937 900 3992 sola
934 3950 1097 4006 opera
1126 3936 1179 3990 in
1212 3934 1271 3992 S.
1305 3935 1640 4007 Scripturam
1669 3940 1929 4007 continet,
1974 3941 2115 3996 inter
2142 3956 2261 4011 qua:
2285 3940 2522 3995 eminent
2555 3938 2896 4013 Quaestiones
2923 3943 3407 4013 Amphilochiana',

154 4043 275 4097 qua:
313 4026 441 4092 etsi,
479 4028 658 4096 quoad
685 4026 944 4093 majorem
970 4034 1201 4094 partem,
1232 4025 1378 4080 circa
1410 4024 1469 4079 S.
1493 4024 1831 4096 Scripturam
1861 4038 2168 4090 versentur,
2197 4028 2451 4081 nonnulla
2480 4036 2661 4081 tamen
2693 4040 3010 4097 argumenta
3035 4030 3407 4099 philosophica

152 4125 203 4169 et
230 4115 502 4169 historica
533 4115 831 4182 attingunt.
859 4112 1017 4168 Nullo
1044 4112 1190 4167 enim
1224 4112 1436 4177 ordine,
1472 4112 1580 4169 nisi
1604 4112 1839 4170 fortasse
1878 4114 2140 4184 temporis
2171 4130 2283 4185 quo
2307 4116 2526 4183 scriptae
2557 4114 2797 4180 fuerunt,
2830 4117 2884 4169 in
2911 4117 3197 4171 codicibus
3223 4118 3406 4187 dispo-

153 4211 395 4265 nuntur,
426 4198 519 4253 sed
549 4200 872 4269 promiscue,
903 4199 975 4253 ita
1007 4206 1066 4252 ut
1102 4212 1211 4251 non
1246 4205 1449 4252 temere
1476 4198 1945 4268 inquisiverimus,
1970 4200 2121 4270 quid,
2149 4201 2405 4255 omnibus
2432 4202 2734 4271 perpensis,
2762 4202 2936 4271 magis
2972 4204 3276 4271 expediret,
3316 4214 3405 4257 aut

150 4288 371 4342 codices
420 4286 581 4342 caecis
633 4286 808 4341 oculis
864 4285 1174 4341 exscribere
1219 4294 1273 4338 et
1316 4286 1492 4355 sequi,
1536 4296 1633 4341 aut
1678 4289 2009 4357 quastiones
2067 4287 2551 4358 Amphilochianas
2614 4288 2770 4358 juxta
2832 4288 3081 4343 ordinem
3148 4289 3407 4343 librorum

153 4374 209 4430 S.
238 4375 562 4444 Scriptura,
591 4376 790 4445 quibus
816 4373 1165 4445 respondent,
1192 4374 1521 4444 disponere?

221 4485 413 4541 Primo
436 4487 574 4557 apud
607 4502 707 4542 nos
735 4487 839 4541 hoc
867 4488 1142 4557 posterius
1166 4486 1455 4542 consilium
1485 4485 1790 4556 pravaluit,
1819 4486 1947 4556 quia
1974 4485 2099 4541 libri
2124 4500 2258 4541 usus
2292 4486 2504 4542 facilior
2527 4485 2749 4543 futurus
2771 4486 3081 4551 videbatur,
3116 4488 3159 4541 si
3182 4488 3402 4556 quidem

154 4572 266 4629 fere
301 4582 416 4628 tota
442 4574 691 4628 collectio
716 4573 1142 4630 Commentariis
1172 4573 1227 4627 in
1263 4571 1322 4627 S.
1353 4572 1690 4641 Scripturam
1734 4583 1977 4641 constat;
2009 4582 2123 4628 tum
2154 4574 2321 4628 etiam
2381 4578 2510 4644 quia
2543 4575 2740 4629 mirum
2776 4575 2947 4629 videri
2992 4584 3206 4644 poterat
3254 4590 3401 4644 qua:-

150 4661 362 4715 stiones
397 4658 677 4729 profanas,
723 4668 819 4715 aut
840 4660 1265 4731 philosophicas,
1298 4661 1690 4730 questionibus
1720 4660 2141 4731 scripturisticis
2171 4662 2371 4731 passim
2398 4662 2637 4717 misceri.

219 4768 596 4826 Nihilominus
631 4770 848 4826 tandem
874 4771 1158 4840 praevaluit
1182 4772 1371 4841 Opinio
1394 4772 1696 4827 doctissimi
1725 4770 2163 4841 Hergenroether,
2190 4772 2284 4840 qui
2323 4786 2448 4826 cum
2484 4772 2961 4841 diligentissimam
2990 4789 3208 4844 operam
3238 4775 3398 4828 collo-

149 4865 333 4911 casset
366 4857 422 4910 in
450 4856 788 4926 colligendis,
820 4857 1179 4912 emendandis
1200 4867 1255 4912 et
1287 4858 1627 4913 elucidandis
1680 4856 1856 4913 Photii
1891 4859 2288 4927 qumstionibus
2323 4858 2815 4927 Amphilochianis,
2846 4860 3063 4916 facilius
3097 4862 3398 4929 dijudicare

150 4943 330 5010 potuit
357 4957 607 5011 quaenam
639 4941 803 4997 fuerit
834 4944 1075 4998 auctoris
1113 4959 1267 4999 mens
1300 4954 1352 4999 et
1378 4945 1626 4999 intentio.
1665 4941 1733 5008 Is,
1766 4946 2067 5013 quaestione
2101 4954 2315 4999 mature
2343 4961 2631 5015 perpensa,
2668 4949 2876 5016 putavit
2918 4949 3165 5003 ordinem
3197 4950 3395 5004 codicis

152 5028 401 5085 Vaticani
423 5030 516 5099 qui
537 5030 779 5084 omnium
806 5031 1291 5099 praestantissimus
1312 5031 1473 5086 estad
1489 5033 1748 5086 amussim
1772 5032 2106 5101 sequendum
2125 5047 2268 5097 esse,
2295 5042 2347 5086 et
2378 5042 2599 5087 secutus
2622 5044 2727 5099 est,
2751 5036 3021 5104 praecipue
3038 5037 3165 5104 quia
3182 5034 3394 5089 Plautius

150 5117 265 5185 ipse
284 5117 616 5187 quaestiones
646 5132 676 5171 a
697 5131 756 5172 se
781 5116 1014 5182 solutas,
1033 5118 1135 5170 hoc
1170 5118 1361 5171 ordine
1386 5133 1452 5172 ex
1478 5118 1741 5173 industria
1766 5120 2107 5189 disposuisse
2138 5121 2365 5187 videtur,
2394 5136 2501 5189 quo
2532 5125 2793 5177 varietate
2827 5125 3006 5193 potius
3030 5140 3190 5193 quam
3224 5126 3391 5192 rigore

152 5204 394 5258 methodi
425 5204 613 5258 lectori
650 5204 961 5273 placerent;
1014 5204 1197 5259 minus
1246 5219 1378 5260 sane
1419 5205 1707 5273 placitura,
1742 5206 1789 5260 si
1822 5209 2074 5275 quamvis
2100 5208 2168 5262 ad
2196 5208 2337 5262 idem
2373 5210 2703 5265 eruditionis
2727 5226 2900 5280 genus
2933 5219 3199 5278 spectent,
3234 5212 3391 5264 veluti

153 5291 402 5345 membra
430 5291 593 5345 unius
615 5292 863 5361 corporis
895 5292 1187 5360 discerpta,
1228 5292 1477 5347 diversas
1519 5304 1575 5347 et
1616 5295 1891 5360 sejunctas
1930 5296 2086 5349 sedes
2126 5295 2267 5349 inter
2300 5296 2539 5349 auctoris
2568 5310 2732 5365 opera
2758 5310 3142 5365 occupassent.
3176 5297 3391 5351 Accedit

150 5377 320 5444 quod,
354 5392 461 5447 ope
490 5378 818 5445 tabularum,
841 5392 977 5447 quas
1002 5378 1062 5432 D.
1095 5379 1515 5447 Hergenrostber
1546 5382 2001 5446 confecit,omnia
2027 5382 2313 5436 commoda
2346 5381 2556 5435 ordinis
2587 5383 2878 5438 methodici
2904 5384 3135 5439 obtineri
3169 5385 3379 5454 possint

225 5572 294 5642 (ε)
325 5571 482 5639 Apud
533 5569 696 5627 Ilard.
724 5574 856 5628 Acta
878 5572 1068 5627 concil.
1103 5573 1307 5640 V,752,
1334 5575 1456 5639 75.6,
1485 5576 1536 5629 in
1567 5574 1723 5631 Prml'.
1827 5578 2166 5631 scribebatur
2208 5595 2221 5631 :
2263 5596 2282 5628 ί
2317 5575 2397 5631 On
2450 5579 2693 5633 travaille
2730 5580 2796 5634 ici
2846 5580 2875 5633 ἐι
2924 5595 3031 5633 une
3077 5579 3277 5633 edition
3329 5580 3385 5633 de

150 5643 515 5723 conciliihviu:
554 5711 574 5723 _
671 5712 703 5723 ﬁ
780 5715 790 5723 _
1136 5714 1145 5723 -
1342 5719 1350 5723 Δ
1536 5720 1543 5723 _
1656 5717 1699 5723 η
1825 5646 2072 5723 I’botius
2094 5650 2433 5723 plus__a_mp_|e
2464 5666 2569 5723 que
2601 5659 2777 5723 toutes
2811 5654 2974 5723 celleis
3001 5653 3161 5723 qu’on
3202 5666 3231 5701 a
3262 5666 3384 5723 vitea

224 5712 300 5792 (1].)
344 5710 463 5764 Vid.
492 5711 632 5792 infra
658 5712 1039 5792 Proleggmertu
1077 5714 1477 5792 ad_qu_cest_iones
1510 5717 1727 5792 Amp/ii-
1820 5710 2159 5792 jusqu’ieifp
2200 5710 2566 5792 Menioires'de
2612 5719 2867 5792 'I‘réroum,
2910 5710 3061 5784 I723,
3106 5736 3229 5792 pag.
3270 5721 3385 5775 765.

152 5781 453 5861 [θερίᾳ-ηαῇ
504 5799 580 5861 p:_
616 5784 701 5861 Id,
753 5781 1071 5840 ct'Fabric.
1118 5781 1259 5843 Bibl.
1310 5786 1495 5842 Greca
1543 5798 1581 5842 t.
1611 5781 1719 5853 'XI,
1821 5781 1833 5785 ⁷
1894 5781 2207 5861 (ΙῇΜιιγιίῃί
2238 5786 2481 5861 Gcrberti
2510 5781 3383 5861 ubb.,etc.,lterAlemannicwu,

157 5851 688 5932 p.15a7_‘edit_.ﬂarl.
822 5926 853 5932 η
950 5926 981 5932 __
1145 5928 1154 5932 _
1288 5928 1319 5932 μ
1486 5927 1526 5932 _
1567 5930 1575 5932 _
1659 5928 1669 5932 Δ
1708 5851 1712 5853 ’
1824 5851 2022 5932 arcet-lit
2052 5858 2311 5932 [raucum
2342 5869 2399 5932 et_
2418 5851 2709 5932 Celticum,
2748 5851 2802 5932 μζ
2831 5862 2957 5925 5‘22,
3005 5862 3133 5915 edit.
3166 5861 3250 5913 ἵζει.
3286 5851 3381 5928 ἰ’γὲ

232 5923 419 5992 (9)15:
470 5921 716 5979 Londiuo
771 5926 1070 5983 editoribus
1129 5928 1419 5985 Annalium
1486 5927 1715 5984 Trivult.
1824 5929 1905 5997 pls
1936 5928 2308 5983 Sanblasianis
2345 5930 2501 5983 1775.
