4198 6440
786 429 837 470 *³
1873 429 2265 492 ΡΒΑΞΕΑΤΙΟ
2303 431 2381 489 1N
2414 433 2444 491 Ρ

1873 429 2265 492 ΡΒΕΕΑΤΙΟ
2303 431 2381 489 1N
2414 433 2675 494 PIIOTII
2705 433 2974 498 OPERA.

867 534 1053 589 Secuti
1094 549 1286 592 sumus
1316 550 1448 607 ergo
1494 538 1747 592 ordinem
1779 540 1986 595 codicis
2022 541 2266 595 Vaticani
2292 541 2385 610 qui
2423 544 2560 597 t923
2587 546 2855 610 signatus,
2906 548 3174 613 ninnium,
3208 558 3267 602 ut
3299 549 3361 599 ι).
3391 542 3805 612 llergcnrmther
3850 553 4009 599 autu-

789 630 926 688 mat,
955 623 1407 691 praestantissimi,
1454 626 1549 693 qui
1596 625 1796 680 saeculo
1840 643 1935 680 xttt
1982 638 2237 683 exaratus
2270 633 2374 694 est,
2404 635 2461 680 et
2481 625 2809 695 quaestiones
2850 627 2953 682 '5l‘5
3001 629 3243 683 continet
3273 668 3289 691 ,
3338 639 3533 699 preter
3573 627 3707 681 alias
3739 627 4024 681 nonnullas

789 722 916 775 qua:
950 724 1175 763 numero
1220 722 1404 764 carent
1485 709 1772 780 Nunquam
1825 722 2004 768 tamen
2051 716 2342 771 ascendent
2380 714 2447 770 ad
2489 725 2772 767 numerum
2805 713 2911 769 ut
2934 730 3097 782 quem
3130 713 3427 769 Cotem-ius
3452 728 3513 767 se
3538 712 3800 782 reperisse
3831 713 4022 768 scribit

793 795 852 846 in
885 797 1074 852 codice
1111 796 1427 851 (iolbertino
1471 796 1573 867 (i);
1603 798 1720 861 sed,
1758 799 1810 852 ni
1843 799 2020 864 l’anor,
2050 801 2401 857 doctissimus
2447 802 2530 854 vir
2558 811 2847 854 numerum
2893 803 3259 871 quaestionum
3319 802 3570 856 incautus
3617 798 3865 855 confudit
3897 817 4019 855 cum

796 901 1028 938 statuero
1054 899 1162 952 quo
1189 885 1301 952 ipse
1327 884 1500 939 codex
1534 886 1587 940 ln
1630 885 1962 945 Nbiiotheca
1996 889 2311 944 Colbertlna
2339 889 2774 956 inscribebat’atr;
2811 904 2972 946 nemo
3007 893 3154 946 enim
3186 899 3391 944 tantam
3419 889 3780 959 (lavationem
3810 890 4020 957 copiam

798 975 854 1024 in
907 973 1032 1025 ullis
1074 971 1356 1025 codicibus
1385 971 1717 1027 observavit.

867 1061 1012 1128 Quot
1037 1060 1368 1130 quaestiones
1391 1060 1666 1128 sigillatim
1693 1076 1724 1113 a
1751 1058 1969 1124 Wolﬁo,
2003 1060 2076 1116 ab
2107 1062 2235 1114 Ant.
2264 1059 2476 1125 Sectto,
2507 1076 2538 1116 a
2568 1049 2719 1118 card.
2754 1061 2914 1128 Ilaio,
2946 1063 3104 1118 edita
3149 1062 3390 1126 fuerunt,
3421 1077 3534 1133 quo
3557 1076 3705 1118 anno
3732 1071 3790 1117 et
3817 1071 4021 1130 quanta

791 1148 959 1200 cura?
984 1157 1112 1213 quot
1144 1147 1472 1213 quaestiones
1505 1149 1618 1215 ipse
1657 1146 1718 1200 ι).
1755 1147 2175 1216 llergenretber
2204 1163 2272 1200 ex
2318 1147 2594 1202 codicibus
2617 1149 3005 1218 manuscriptis
3037 1150 3126 1203 hic
3149 1149 3385 1218 primum
3412 1147 3656 1217 profert?
3685 1155 3818 1217 quot
3847 1148 4024 1203 adhuc

792 1234 1015 1286 υιιειιᾱιε
1037 1244 1347 1300 supersunt,
1374 1235 1607 1299 reperiet
1635 1233 1805 1287 lector
1831 1235 1883 1286 in
1914 1233 2348 1288 luculentissima
2373 1231 2436 1286 D.
2457 1231 2879 1303 Hergentmtber
2904 1235 3316 1299 dissertatione,
3340 1249 3504 1304 quam
3528 1236 3707 1305 primo
3733 1235 3854 1288 loco
3880 1235 4021 1287 inter

793 1323 1171 1388 prolegomena
1216 1320 1377 1388 primi
1413 1319 1707 1372 voluminis
1734 1335 1960 1388 operum
2002 1320 2179 1374 Photii
2208 1319 2496 1375 edidimus.

859 1407 1183 1460 Notahimus
1232 1415 1464 1472 tantum,
1514 1418 1709 1476 przeter
1735 1408 1952 1462 codices
1992 1407 2412 1476 manuscriptos.
2456 1407 2512 1460 in
2557 1407 2760 1476 quibus
2790 1407 3118 1476 qnastidnes
3157 1406 3625 1475 Amphilochiana!
3659 1406 4022 1462 continentur

793 1505 844 1547 et
876 1510 904 1545 a
943 1494 1006 1546 D.
1048 1492 1652 1563 llergenrtntherjnlra,
1686 1509 1804 1563 pag.
1840 1494 1926 1555 14,
1961 1503 2332 1558 recensentur,
2364 1492 2478 1545 dari
2513 1493 2732 1548 codices
2779 1495 3073 1548 nonnullos
3106 1509 3247 1562 quos
3291 1493 3376 1548 his
3409 1493 3594 1548 verbis
3630 1502 4022 1548 commemorat

797 1578 855 1631 1).
899 1577 1038 1632 llase
1067 1581 1119 1631 in
1150 1580 1290 1633 notis
1324 1580 1440 1634 suis
1468 1582 1532 1634 ad
1563 1581 1834 1649 dialogum
1890 1597 2049 1650 quem
2097 1580 2306 1634 Mannel
2345 1577 2678 1649 Palaeologus
2704 1579 3120 1647 Constantinop.
3151 1579 3443 1647 imperator
3471 1579 3700 1649 Ancyra:
3723 1578 3779 1631 in
3809 1576 4018 1632 Galatia

795 1667 982 1724 habuit
999 1685 1121 1721 cum
1148 1669 1382 1736 quodam
1403 1667 1585 1731 Persa,
1611 1667 1678 1722 de
1706 1669 2016 1738 praestantia
2044 1668 2322 1740 religionis
2340 1665 2662 1721 Christiana
2693 1675 2748 1719 et
2765 1664 2998 1720 falsitate
3027 1663 3577 1722 fideiMabnmetanc.
3598 1683 3619 1716 ι
3643 1664 4018 1733 Amphilochia

791 1751 991 1814 Photii.
1033 1756 1128 1817 ait.
1158 1771 1188 1808 a
1221 1754 1406 1809 multis
1455 1755 1670 1808 laudata
1695 1764 1750 1809 et
1772 1765 1998 1818 tentata,
2032 1753 2127 1810 sed
2159 1753 2224 1809 ad
2251 1755 2352 1809 hoc
2379 1759 2592 1822 tempus
2621 1751 2734 1821 (an.
2763 1750 2924 1820 1807)
2955 1766 3236 1822 nunquam
3263 1753 3430 1815 edita,
3461 1759 3676 1806 exstant
3702 1751 3757 1805 in
3787 1758 4020 1820 quatuor

794 1842 952 1897 bOnis
990 1847 1270 1901 codicibus
1305 1845 1645 1901 bibliothecae
1689 1846 1893 1901 Cmsar.
1944 1844 2266 1900 Parisiensis
2301 1839 2702 1902 :Coisliniano,
2750 1846 2810 1891 n'
2845 1837 2952 1891 270
2980 1840 3201 1907 Optima:
3239 1849 3403 1904 notae,
3442 1837 3637 1893 Photio
3675 1835 3788 1891 fere
3815 1851 4019 1902 coaevo,

789 1930 858 1983 de
889 1947 998 1998 quo
1027 1930 1412 1988 Montel'alcon.
1453 1929 1712 1988 Biblioth.
1742 1930 1903 1988 Coisl.
1933 1931 2107 1987 Paris.
2151 1932 2214 1985 l'.’
2227 1928 2308 1995 l5,
2336 1943 2387 1997 p.
2428 1921 2566 1991 325;
2604 1927 2774 1980 altero
2805 1923 2993 1996 Regio,
3017 1943 3075 1980 ιι.
3097 1927 3256 1990 1228,
3289 1942 3411 1982 sae.
3449 1942 3536 1992 xt;
3568 1925 3728 1981 tertio
3753 1927 3884 1979 item
3915 1923 4020 1978 lle-

791 2018 880 2083 εἰσ
911 2018 1074 2080 1229,
1119 2017 1396 2086 descripto
1436 2033 1500 2071 ex
1551 2019 1676 2072 cod.
1711 2017 1914 2072 montis
1946 2019 2109 2082 Atho,
2150 2018 2307 2086 jussu
2325 2013 2613 2083 Chrysanti
2651 2009 2889 2075 Notaraz,
2929 2015 3022 2083 qui
3073 2023 3190 2069 erat
3236 2011 3630 2085 Hierosolymis
3679 2013 4019 2084 patriarcha,

791 2119 882 2157 an.
935 2105 1071 2159 l7l7
1102 2103 1253 2171 (Vid.
1300 2104 1370 2156 Le
1397 2103 1592 2169 Quieti,
1619 2102 1806 2158 Oriens
1825 2102 2022 2161 Christ.
2053 2105 2230 2158 Paris.
2267 2101 2424 2167 1740,
2453 2108 2490 2152 t.
2521 2097 2606 2163 Ill,
2631 2099 2738 2154 col.
2767 2097 2890 2169 5‘26)
2912 2115 2927 2164 ;
2953 2109 3168 2168 quarto,
3199 2115 3253 2153 n.
3283 2098 3351 2154 60
3385 2099 3782 2170 Supplementi,
3806 2097 4022 2153 duobus

791 2187 976 2247 tomis,
1012 2187 1280 2255 descripto
1309 2202 1534 2240 avorum
1570 2198 1880 2242 nostrorum
1923 2197 2100 2252 aetate,
2131 2203 2194 2240 ex
2239 2185 2403 2258 Regio
2433 2183 2593 2247 1228.
2615 2199 2777 2254 quem
2813 2200 2980 2253 supra
3006 2185 3115 2238 dixi
3157 2185 3290 2254 (j).t

867 2268 1052 2326 Codex
1090 2273 1382 2326 \‘aticanus
1426 2268 1564 2327 l923
1613 2289 1770 2340 quem
1801 2272 2084 2342 sequimur
2128 2275 2269 2328 inter
2305 2272 2634 2342 quaestiones
2702 2273 3187 2342 Amphilochianas
3218 2272 3438 2326 exhibet
3462 2283 3572 2325 non
3618 2283 3820 2341 paucas
3843 2267 4021 2323 Photii

792 2361 1072 2430 t‘pleolas,
1098 2378 1232 2425 quas
1283 2360 1646 2416 Montacntius
1709 2361 1874 2415 veluti
1919 2363 2178 2430 epistolas
2213 2360 2400 2415 edidit.
2432 2356 2506 2411 Ut
2545 2359 2715 2412 series
2745 2361 3113 2429 quaestionum
3167 2360 3551 2429 compleretur,
3595 2359 3858 2427 epistolas
3903 2357 4024 2412 illas

789 2463 854 2498 ιιι
892 2447 1030 2500 libro
1060 2444 1414 2516 epistolarum
1449 2447 1588 2500 inter
1610 2447 1938 2516 quzestiones
1958 2446 2438 2516 Amphilochianas
2461 2446 2840 2501 transtulimus
2865 2454 2920 2500 et
2946 2461 3046 2501 suo
3075 2446 3194 2500 loco
3216 2445 3521 2511 edidimus;
3557 2444 3815 2516 epistolas
3839 2453 4020 2498 autem

789 2534 1051 2602 reliquas,
1081 2542 1140 2587 ut
1173 2534 1355 2588 statim
1388 2533 1652 2596 dicemus,
1703 2547 1845 2587 novo
1871 2535 2062 2588 ordine
2091 2534 2491 2603 disposuimus.

858 2619 916 2673 in
965 2622 1048 2675 his
1088 2619 1483 2692 quaestionibus
1526 2620 1994 2688 Amphilochiauis
2045 2619 2341 2685 solvendis,
2382 2618 2609 2675 Pbotius
2661 2633 2769 2673 non
2815 2635 3030 2689 semper
3060 2635 3128 2674 ex
3176 2620 3399 2691 proprio
3445 2618 3597 2673 fonte
3635 2616 4024 2687 responsiones

788 2706 998 2769 hausit,
1034 2705 1126 2760 sed
1154 2706 1223 2759 ab
1266 2707 1584 2761 auctoribus
1617 2707 1709 2775 qui
1746 2715 1873 2760 ante
1905 2707 2082 2777 ipsum
2115 2709 2456 2778 scripserunt
2497 2722 2593 2762 eas
2623 2715 2909 2761 mutuatus
2956 2713 3060 2761 est.
3095 2707 3428 2762 Theodoreti
3476 2705 3775 2776 praesertim
3819 2707 4022 2771 scripta

782 2793 1013 2863 expilat,
1049 2796 1181 2862 quin
1211 2808 1335 2847 eum
1369 2795 1652 2857 nominet;
1689 2793 1825 2849 alios
1879 2793 2199 2864 interpretes
2236 2793 2296 2849 S.
2331 2792 2628 2864 Scriptura
2659 2794 2726 2849 ad
2752 2795 2989 2849 litteram
3016 2795 3299 2862 exseribit,
3336 2794 3504 2850 tacito
3531 2807 3721 2849 eorum
3766 2793 4023 2855 nomine;

788 2881 1036 2948 adeoque
1064 2881 1223 2949 plagii
1258 2895 1384 2934 reus
1413 2893 1535 2934 esse
1565 2881 1801 2935 videtur.

855 2968 1011 3022 Absit
1036 2977 1093 3020 ut
1117 2966 1369 3020 Photium
1392 2968 1460 3020 ab
1483 2967 1631 3021 omni
1659 2967 1836 3036 plagio
1867 2968 2094 3022 liberum
2117 2984 2239 3024 esse
2262 2971 2459 3038 dicam,
2483 2989 2606 3029 cum
2639 2989 2669 3028 a
2701 2972 2848 3028 furto
2875 2974 3126 3027 excusari
3149 2987 3256 3026 non
3276 2971 3467 3040 possit,
3490 2969 3543 3024 id
3563 2969 3707 3039 quod
3728 2970 3781 3023 in
3804 2967 4021 3023 Petram

790 3053 1040 3108 Siculum
1065 3055 1362 3118 commisit,
1391 3064 1446 3108 ut
1479 3055 1617 3108 infra
1653 3056 1967 3121 ostendam;
1993 3065 2048 3111 et
2079 3068 2338 3125 praeterea
2360 3072 2590 3126 veteres,
2625 3061 2933 3132 suppressis
2964 3060 3302 3124 nominibus,
3331 3058 3767 3119 transcribeudo,
3793 3070 4016 3125 gravent

787 3144 1164 3213 suspicionem
1198 3143 1264 3198 de
1294 3146 1437 3197 bona
1477 3143 1580 3199 llde
1609 3159 1706 3199 sua
1736 3144 2050 3198 omnimoda
2092 3147 2330 3201 excitet!

866 3254 1224 3310 Nihilominus
1259 3255 1324 3308 ad
1356 3252 1674 3308 elevandam
1717 3254 2122 3308 accusationem
2153 3255 2206 3308 in
2246 3257 2420 3324 ipsum
2446 3256 2610 3311 latam
2650 3255 2802 3323 facit,
2852 3256 3002 3328 quod
3024 3255 3357 3327 quaestiones
3398 3267 3521 3323 qua;
3559 3251 4028 3321 Amphilochium

795 3342 1157 3410 appellantur,
1198 3355 1304 3395 non
1347 3355 1538 3394 omnes
1564 3343 1634 3394 ab
1676 3340 2056 3409 Amphilochio
2087 3343 2190 3409 ipsi
2225 3345 2512 3412 propositae
2538 3343 2758 3410 fuerint,
2790 3346 2882 3398 sed
2913 3344 2980 3397 ab
3005 3344 3128 3397 aliis
3160 3343 3290 3396 viris
3334 3341 3448 3397 sive
3495 3338 3887 3395 ecclesiasticis
3912 3339 4028 3393 sive

792 3428 1164 3490 stecularihus,
1188 3428 1280 3496 qui
1313 3429 1367 3481 in
1396 3427 1749 3482 meditatione
1768 3443 2048 3480 sacrarum
2071 3428 2422 3495 Litterarum,
2442 3432 2523 3485 vel
2549 3431 2729 3486 studio
2758 3431 3038 3500 theologia:
3059 3439 3154 3485 aut
3178 3430 3437 3493 historiae,
3459 3427 3767 3493 haerebant;
3796 3426 4029 3495 ideoque

787 3529 860 3570 ex
892 3524 1134 3585 tempore
1168 3517 1499 3582 respondere
1531 3515 1736 3578 debuit,
1771 3514 1904 3580 quin
1947 3515 2011 3567 ad
2057 3515 2418 3586 indagandattt
2449 3521 2730 3574 veritatem
2761 3519 3136 3574 necessarium
3169 3531 3382 3585 tempus
3421 3517 3667 3580 haberet,
3700 3530 3764 3570 ac
3796 3515 4027 3584 proinde

792 3604 1027 3656 aliorum
1070 3603 1374 3658 doctrinam
1405 3604 1461 3656 in
1490 3602 1710 3671 propria
1751 3617 2008 3667 responsa
2041 3604 2308 3659 derivare.
2337 3605 2473 3659 Cum
2510 3617 2720 3670 autem,
2759 3607 2813 3661 in
2840 3607 3067 3660 edendis
3097 3605 3401 3673 responsis,
3435 3605 3887 3673 interrogandum
3913 3603 4024 3656 uti-

791 3690 929 3742 litati
966 3691 1201 3744 maxime
1233 3691 1589 3758 prospiceret,
1623 3689 1916 3742 verisimile
1943 3705 2051 3742 non
2083 3700 2169 3742 est
2195 3706 2320 3743 eum
2346 3699 2475 3744 tunc
2499 3691 2702 3745 famam
2739 3692 2883 3746 docti
2925 3693 3238 3761 interpretis
3267 3690 3582 3754 ambivisse,
3616 3700 3708 3742 ant
3731 3704 3789 3744 se
3815 3689 4027 3742 meritis

793 3778 1028 3831 aliarum
1078 3792 1274 3831 ornare
1309 3777 1569 3831 voluisse.
1604 3773 1697 3829 Illa
1740 3786 1896 3829 aetate
1936 3775 2057 3828 libri
2107 3777 2345 3830 rariores
2392 3790 2743 3848 erantquam
2780 3788 2838 3832 ut
2874 3780 3107 3848 quisque
3159 3781 3226 3832 ad
3270 3794 3362 3833 eos
3409 3777 3771 3831 consulendos
3816 3776 4028 3829 hortari

792 3877 1006 3933 posset;
1039 3879 1143 3918 neu
1174 3865 1317 3918 enim
1355 3865 1599 3917 omnium
1639 3863 1894 3915 manibus
1925 3862 2276 3928 terebantur;
2319 3865 2412 3932 qui
2439 3879 2628 3920 eorum
2657 3865 3036 3919 auctoritatem
3070 3865 3329 3918 adbibere
3375 3863 3646 3933 cupiebat,
3688 3862 3806 3917 loca
3834 3876 4027 3915 eorum

791 3949 1061 4006 iaudanda
1089 3951 1398 4004 necessario
1435 3950 1746 4008 exscribere
1771 3948 2023 4003 debebat.
2053 3945 2294 4002 Tandem
2330 3951 2415 4003 vix
2462 3951 2607 4005 credi
2667 3961 2845 4020 potest
2895 3950 3147 4006 Photium
3204 3951 3276 4004 ita
3330 3951 3652 4020 sibimetipsl
3695 3948 3935 4003 illusisse
3971 3956 4032 4001 nt

792 4046 1035 4108 speraret
1061 4046 1267 4090 tantum
1302 4036 1539 4108 plaginm
1568 4046 1832 4105 quantum
1880 4034 1933 4088 in
1962 4035 2180 4103 scriptis
2219 4033 2545 4091 Theodoreti
2576 4038 2925 4092 commisisse
2955 4047 3291 4102 censeretur,
3333 4038 3427 4092 diu
3459 4037 3650 4091 doctos
3679 4035 3827 4088 viros
3857 4035 4030 4086 latere

792 4135 846 4179 ct
877 4125 1097 4194 impune
1125 4123 1424 4194 perpetrari
1476 4122 1742 4192 potuisse.
1775 4119 1872 4175 llis
1905 4120 2074 4190 igitur
2096 4122 2165 4174 de
2194 4122 2378 4177 causis
2404 4123 2630 4178 Photius
2662 4125 3006 4195 aliquatenus
3030 4141 3060 4179 a
3087 4123 3265 4194 plagio
3299 4124 3552 4179 excusari
3595 4135 3760 4192 posse
3786 4121 4027 4174 videtur.

863 4205 929 4264 Et
959 4211 1071 4265 haec
1113 4218 1177 4264 de
1207 4209 1603 4279 qua‘stiottibus
1632 4207 1752 4276 ejus
1783 4207 2259 4275 Amphilochianis
2296 4209 2439 4264 dicta
2470 4212 2600 4265 sint.

866 4297 1065 4351 Praeter
1095 4297 1215 4350 illas
1247 4297 1597 4364 qua-stiones,
1634 4292 1888 4346 volumen
1919 4293 2155 4362 primum
2187 4309 2413 4364 Operum
2460 4293 2636 4348 Photii
2679 4295 2926 4348 continet
2948 4291 3253 4362 fragmenta
3298 4291 3574 4362 exegetica
3607 4289 3872 4360 ejusdem,
3905 4302 4030 4357 quae

789 4400 858 4442 ex
888 4386 1100 4440 Catenis
1123 4379 1348 4437 Patruus
1369 4382 1593 4437 collecta
1616 4389 1765 4444 sunt,
1795 4387 1851 4433 ct
1869 4381 2141 4450 pracipue
2160 4382 2323 4436 breve
2351 4380 2814 4435 Commentarium
2845 4381 2899 4433 in
2920 4389 3167 4434 sanctum
3194 4377 3421 4444 Lucam,
3455 4392 3618 4447 quem
3643 4375 3791 4432 card.
3827 4377 3891 4429 Α.
3923 4373 4030 4428 Mai

798 4479 1008 4550 primus
1049 4476 1220 4531 edidit
1249 4473 1304 4529 in
1338 4475 1516 4544 prima
1545 4471 1784 4527 editione
1808 4471 1970 4540 primi
2021 4473 2320 4527 voluminis
2342 4471 2701 4528 Collectionis
2745 4471 3073 4540 scriptorum
3124 4479 3389 4525 veterum.

1757 4559 1843 4614 Vl.
1866 4588 1938 4599 ——
1958 4559 2029 4612 De
2065 4563 2292 4614 secando
2330 4558 2591 4612 volumine
2621 4559 2776 4627 hujus
2811 4558 3080 4612 editionis.

851 4651 1170 4707 Secundum
1202 4650 1455 4704 volumen
1490 4647 1650 4715 hujus
1692 4646 1951 4701 editionis
1979 4648 2222 4702 continet
2247 4662 2410 4716 opera
2439 4647 2770 4715 dogmatica,
2805 4645 3127 4713 paraenetica
3175 4652 3231 4697 et
3264 4639 3521 4697 historica
3567 4639 3765 4704 Photii,
3803 4651 4029 4708 excepta

791 4740 1144 4803 Bibliotheca,
1193 4738 1243 4793 ld
1278 4747 1362 4792 est
1394 4753 1408 4788 :
1445 4737 1648 4792 Contra
1691 4735 2013 4789 Maniclueaa
2043 4735 2211 4789 libros
2243 4743 2500 4804 quatuor,
2547 4741 2602 4787 et
2652 4735 2852 4786 librum
2879 4731 2955 4784 De
2985 4728 3218 4797 Spiritus
3261 4727 3437 4781 sancti
3465 4723 3823 4798 Hystogogia,
3848 4725 4032 4780 homi-

791 4828 896 4882 ltas
921 4828 1184 4896 quinque,
1217 4825 1352 4879 odaa
1398 4834 1529 4888 tres,
1570 4833 1624 4878 et
1676 4821 2041 4892 Epistolarum
2075 4821 2245 4876 libros
2287 4830 2417 4874 tres.

872 4913 950 4968 De
993 4921 1230 4984 quatuor
1273 4913 1429 4966 libris
1480 4921 1670 4964 contra
1711 4908 2060 4974 Manichaeos,
2102 4924 2132 4962 a
2162 4908 2362 4977 quibus
2383 4906 2634 4961 volumen
2665 4903 2898 4967 orditur,
2941 4901 3526 4984 sermonemiprimum
3554 4901 3922 4956 instituemus.

863 4983 1091 5058 Constat
1115 5001 1411 5054 Historiam
1447 4996 1870 5051 lanichaortmt
1889 5011 1985 5051 seu
2026 4995 2482 5060 l’attlicianoram,
2523 5009 2645 5062 qua:
2693 4994 2748 5047 in
2782 4993 3063 5047 codicibus
3089 5006 3221 5044 mss.
3259 4983 3420 5044 Petro
3472 4986 3657 5043 Siculo
3689 4987 4028 5050 inscribitur,

785 5099 847 5146 et
869 5089 974 5145 sub
1003 5087 1146 5143 Petri
1187 5087 1408 5141 nomine
1454 5099 1485 5138 a
1528 5084 1591 5139 P.
1641 5082 1854 5137 Radero
1880 5083 2024 5138 edita
2063 5093 2166 5146 est,
2209 5081 2321 5138 fere
2355 5086 2421 5136 ad
2454 5084 2678 5136 verbum
2725 5093 3030 5135 consonare
3059 5093 3182 5131 cum
3222 5077 3361 5131 libro
3391 5075 3567 5146 primo
3595 5089 3756 5146 quem
3803 5069 4029 5129 Photius

786 5189 984 5231 cmitta
1008 5173 1334 5229 ﬂaniclnus
1372 5171 1634 5226 exaravit.
1653 5170 1706 5225 ld
1735 5184 1860 5224 cum
1894 5170 2237 5224 observasset
2269 5169 2418 5224 card.
2457 5169 2522 5222 Α.
2563 5168 2688 5234 Mai,
2734 5167 3017 5237 inquisivit
3061 5174 3241 5219 utrum
3286 5161 3478 5219 Petrus
3526 5163 3743 5219 Siculus
3775 5161 4032 5216 Photium

787 5263 1268 5332 exscripseritnel
1298 5275 1330 5315 e
1362 5273 1629 5314 converso
1652 5257 1878 5312 Photius
1900 5255 2140 5320 Petrum,
2173 5267 2228 5311 et
2259 5255 2542 5312 manifeste
2577 5257 2733 5310 l‘etro
2769 5255 2930 5316 favet,
2978 5252 3232 5308 Photium
3258 5251 3418 5322 plagii
3451 5249 3711 5305 indirecte
3735 5265 4026 5304 accusans.

873 5355 1166 5407 Sententia:
1201 5350 1353 5406 card.
1389 5348 1496 5403 Mai
1534 5349 1800 5402 adhaereo.
1831 5348 1898 5398 At
1927 5359 2054 5415 puto
2087 5347 2413 5414 quaestiones
2443 5344 2694 5412 restringi
2739 5345 2938 5397 debere
2969 5344 3036 5394 ad
3066 5342 3302 5410 primum
3351 5341 3549 5393 librum
3586 5336 3799 5403 Photii;
3838 5336 4012 5392 lilii-oo

790 5456 918 5495 rum
960 5442 1106 5494 enim
1149 5441 1399 5500 secundi,
1430 5437 1570 5491 tertii
1612 5447 1666 5488 ct
1701 5435 1877 5503 quarti
1908 5433 2047 5502 apud
2084 5433 2314 5488 Petrum-
2340 5433 2581 5487 Siculum
2626 5435 2830 5488 mtllum
2864 5435 3105 5487 occurrit
3140 5433 3444 5500 vestigium.
3477 5431 3532 5486 Si
3567 5429 3811 5495 Photius,
3855 5430 3907 5482 in
3943 5429 4027 5483 his

786 5528 1087 5583 curandis
1111 5528 1259 5581 libris
1294 5526 1612 5596 plagiarium
1640 5523 1767 5592 egit,
1792 5533 1940 5576 certe
1975 5519 2134 5575 Petro
2155 5520 2338 5575 Siculo
2359 5520 2457 5574 hac
2483 5523 2533 5574 in
2565 5524 2713 5589 pnt‘le
2732 5521 2864 5574 nihil
2887 5520 3067 5587 debet,
3094 5519 3188 5575 scd
3212 5520 3364 5574 alteri
3401 5517 3655 5588 scriptori
3679 5517 3809 5571 mihi
3843 5517 4028 5587 ignoto

868 5667 928 5728 ti)
951 5660 1121 5716 Cetel.
1143 5659 1485 5712 Nonumema
1510 5654 1711 5709 lict-les.
1732 5653 1949 5728 (iuncte,
1981 5664 2018 5706 t.
2040 5652 2131 5714 ιιι,
2153 5670 2202 5721 p.
2229 5651 2353 5707 556.
2470 5648 2629 5728 ρπϐ.
2682 5644 3038 5728 llaseLPat‘is-
3077 5644 3326 5728 ⁸-
3348 5643 3691 5728 Noticedjttn
3723 5659 3944 5728 oneratis
3969 5647 4032 5700 de

962 5713 1595 5803 vliecueit_deutttentoirex_
1627 5743 1719 5803 utr
1754 5713 2027 5803 timerent};
2051 5713 2364 5776 tutttitta’crtts
2473 5720 2792 5803 l'cmpcrettr
2826 5713 3037 5803 dicunt!
3079 5715 3414 5803 Putealque,
3441 5716 3655 5803 inritati
3672 5730 3705 5803 ,ε
3735 5713 4028 5770 I'thtrstieua

791 5785 957 5862 οιὲἶε
994 5804 1055 5856 de
1103 5802 1157 5856 la
1194 5797 1539 5866 bibiiotltéquc
1578 5785 1847 5865 imiériat'e
1878 5805 1939 5848 de
1982 5792 2206 5858 Fruitur,
2264 5809 2358 5862 par
2469 5785 2601 5843 uccc'
2629 5806 2695 5841 ιιι
2731 5789 3031 5854 prol‘eauttr
3066 5787 3414 5848 tttultométun,
3471 5801 3591 5851 pag.
3626 5785 3716 5841 54.
