4198 6440
1150 404 1546 469 PREFATIO
1577 403 1657 463 IN
1692 398 1953 460 ΡΗΟἸῚΙ
1988 395 2259 456 UPER'A.

1692 398 1953 460 ΡΗΟἸῚΙ
1988 395 2259 456 UPER'A.
3253 403 3329 445 vtt

192 530 322 600 Quod
360 526 424 581 ad
456 524 689 593 primum
721 521 918 576 librum
953 529 1146 575 eontra
1185 518 1512 574 Manichaos
1537 523 1766 585 spectat,
1810 510 1988 565 sentio
2007 506 2271 600 Photium
2294 504 2972 600 {ascripsisse-liist-tuiatn
3006 504 3335 600 Manichae-

139 592 237 675 τιιῶ
264 634 290 671 a
315 592 467 669 l’rtro
493 611 677 665 Siculo
706 607 1090 677 compositam;
1121 607 1283 675 idque
1319 605 1520 674 colligo
1567 617 1675 656 non
1704 615 1770 653 es
1792 612 1860 653 eo
1883 605 2094 650 tantum
2127 593 2272 663 quod
2307 592 2503 648 Petrus
2529 592 2750 649 Siculus
2780 593 2976 649 Photio
2998 594 3191 650 senior
3225 605 3333 663 est,

140 706 362 774 siquidem
399 697 579 753 medio
612 696 812 754 sarculo
845 710 899 748 ιι
928 691 1132 752 flerunt.
1161 701 1223 747 ut
1250 692 1460 747 notavit
1487 688 1780 758 Iongitore
1819 684 1923 753 (De
1939 686 2186 774 scriptor.
2217 680 2441 774 Siculis,
2474 689 2529 774 ι.-
2561 680 2633 774 Ii,
2668 695 2721 751 p.
2753 678 2877 774 ιφ)
2900 681 3069 774 idem
3104 680 3339 774 P-ltotitts

136 767 281 859 usqum
323 789 383 839 ad
430 788 564 839 tlnc-s
592 784 833 852 ejusdem
870 780 1052 835 saculi
1098 778 1352 834 ﬂoruisse
1370 777 1633 839 creditur,
1667 788 1860 843 nempe
1892 773 1960 827 ad
2020 786 2228 859 annum
2388 785 2408 835 ;
2437 769 2880 859 sediet‘iamuquia
2913 767 3107 825 Petrus
3130 770 3188 859 in
3217 770 3334 859 ipsa

139 855 337 931 Historia
363 886 461 927 sua
492 879 681 925 narrat
711 884 771 923 se
798 867 1121 923 relationem
1156 865 1305 919 illam
1345 862 1635 935 scripsisse
1677 870 1994 932 postquam,
2026 860 2173 913 circa
2216 856 2369 911 initia
2404 858 2556 936 regni
2590 855 2782 912 Basilii
2827 855 3171 927 imperatoris
3223 855 3335 911 (ΞΡ.

137 966 179 1017 in
197 961 428 1016 Armenia
465 958 593 1012 etin
619 957 753 1009 urbe
779 953 997 1007 Tibrica
1022 968 1053 1005 a
1086 950 1397 1006 Haniehais
1427 950 1713 1015 aditicata,
1741 950 1960 1020 publica
1984 949 2268 1018 legatione
2302 946 2533 1001 hastos
2578 945 2795 1011 fuisset,
2819 955 2874 999 et
2906 946 3332 999 Ilanlrlta-omns

135 1054 349 1116 dogmata
374 1054 432 1100 et
460 1059 663 1107 mores,
692 1055 930 1111 prasens
956 1038 1260 1096 didicisset.
1286 1039 1401 1093 lmo
1435 1038 1503 1093 ad
1531 1037 1845 1107 episcopum
1882 1035 2147 1106 Bulgaria
2170 1036 2363 1091 scribit
2389 1050 2451 1091 se
2477 1035 2598 1102 eius
2621 1033 2875 1103 precibus
2898 1042 3107 1086 motum
3141 1031 3335 1096 luisse,

136 1150 183 1192 ut
215 1140 343 1193 illam
370 1135 654 1191 historiam
684 1138 1054 1198 componeret.
1078 1125 1293 1197 Ubique
1324 1126 1569 1197 loquitur
1594 1125 1763 1180 veluti
1800 1125 2054 1182 oculatus
2082 1124 2260 1185 testis,
2291 1134 2346 1177 et
2372 1123 2532 1195 quasi
2564 1138 2652 1178 res
2680 1129 2966 1177 enarratas
2994 1120 3106 1191 ipse
3129 1118 3306 1191 gessis
3324 1146 3337 1155 -

136 1236 217 1280 set.
239 1222 399 1278 Totus
429 1222 591 1293 igitur
611 1228 901 1273 contextus
929 1214 1149 1269 Petrum
1182 1214 1428 1269 Siculum
1459 1213 1625 1269 veluti
1656 1211 1776 1267 libri
1810 1219 2087 1265 auctorem
2114 1211 2361 1264 exhibet.

195 1307 259 1363 lia
284 1290 609 1375 autemth
635 1316 822 1357 verum
847 1308 1126 1355 auctorem
1155 1299 1444 1370 designent
1470 1298 1674 1354 omittit
1696 1296 1964 1364 Pbotius;
1993 1306 2193 1354 cratera
2221 1297 2335 1353 fere
2360 1296 2430 1353 ad
2461 1296 2693 1352 verbum
2719 1294 3049 1351 transcribit
3078 1310 3095 1360 ;
3129 1304 3241 1363 qua
3268 1290 3346 1348 de

135 1411 275 1449 causa
302 1410 331 1448 a
353 1392 530 1462 plagio
557 1390 647 1444 vis
677 1387 929 1444 excusari
958 1395 1157 1459 potest.

195 1501 288 1556 Pro
306 1500 426 1568 iure
452 1496 595 1552 Petri
628 1495 797 1551 Siculi
827 1494 1035 1550 faciunt
1063 1493 1227 1549 etiam
1253 1502 1366 1549 tres
1387 1506 1673 1550 sermones
1700 1502 1888 1549 contra
1929 1493 2299 1553 Paulicianos.
2335 1508 2475 1564 quos
2498 1493 2649 1549 card.
2670 1493 2735 1551 A.
2794 1490 2897 1547 Ilai
2930 1492 3137 1565 primus
3173 1491 3352 1547 edidit

137 1593 181 1645 iu
204 1598 338 1643 tomo
362 1585 428 1641 IV
465 1584 631 1643 Noae
661 1585 1004 1641 Bibliotheca
1026 1582 1297 1647 Petram;
1336 1583 1415 1638 illi
1458 1583 1605 1638 enim
1635 1596 1919 1638 sermones
1971 1574 2212 1638 historia
2240 1580 2679 1637 Paulicianorum
2711 1579 2896 1651 aliqua
2928 1582 3139 1635 ratione
3164 1581 3346 1636 cohae-

142 1686 260 1741 rent,
281 1687 332 1729 et
354 1674 542 1729 eodem
577 1672 854 1729 scribendi
880 1686 1077 1742 genere
1101 1671 1351 1736 elucent;
1371 1670 1473 1725 etsi
1498 1670 1677 1740 quoad
1717 1670 1930 1739 copiam
1958 1668 2218 1726 doctrina
2249 1677 2306 1730 et
2334 1671 2442 1724 vim
2481 1668 2755 1724 ratiocinii
2802 1667 3027 1722 minime
3056 1668 3343 1739 conspicui

137 1764 414 1816 videantur.
442 1760 588 1815 Sane
612 1759 1009 1828 aliquantulum
1051 1756 1175 1826 plus
1209 1755 1359 1812 nervi
1396 1766 1454 1810 et
1491 1756 1697 1828 vigoris
1737 1757 1970 1811 habetur
2000 1758 2053 1810 in
2084 1757 2238 1812 libris
2262 1771 2321 1819 ιι.
2360 1771 2421 1813 ιιι
2446 1762 2501 1811 et
2531 1770 2585 1809 tv
2634 1753 2835 1821 Photii,
2875 1770 3042 1825 quam
3076 1756 3130 1809 in
3159 1754 3342 1811 tribus

139 1849 459 1904 sermonibus
489 1846 635 1903 Petri
680 1847 883 1913 Siculi;
915 1859 1228 1916 quanquam
1268 1858 1368 1899 nec
1416 1844 1538 1899 libri
1564 1843 1743 1899 Pbotii
1784 1845 2111 1914 amniparari
2158 1844 2370 1915 possint
2419 1843 2576 1898 libris
2622 1858 2763 1913 quos
2793 1852 2983 1897 contra
3012 1840 3355 1897 Ilauichaos

136 1938 248 1988 oliui
275 1935 558 1989 ediderunt
582 1933 909 1997 Archelaus,
944 1930 1227 2003 Didymus,
1258 1932 1565 1987 Alexander
1581 1930 2008 2004 Lycopolitanus
2031 1942 2083 1987 et
2115 1940 2337 1988 sanctus
2364 1933 2722 2004 Augustinus.
2755 1932 3015 1989 Attamen
3050 1929 3203 1985 omni
3224 1944 3356 2001 pre-

139 2023 203 2074 tio
220 2036 318 2075 non
346 2030 475 2075 sunt
495 2020 761 2085 destituti,
793 2020 1096 2089 prasertitn
1123 2016 1253 2087 quia
1280 2026 1481 2073 statum
1504 2019 1893 2073 controversia
1918 2019 2011 2074 illa
2043 2028 2201 2074 atate
2230 2020 2446 2085 agitata
2469 2018 2779 2073 declarant.

199 2106 404 2163 Librum
433 2109 670 2178 primum
699 2109 878 2165 Photii
905 2108 1019 2178 iam
1048 2106 1259 2177 pridem
1289 2103 1689 2162 Graec-Latine
1719 2105 1963 2162 ediderat
1984 2104 2046 2161 D.
2101 2104 2176 2160 De
2205 2104 2555 2161 Hontfaucon
2589 2106 2645 2159 in
2676 2102 3004 2159 Bibliotheca
3025 2118 3123 2163 sua
3149 2100 3357 2158 Cuiati-

136 2196 298 2248 siuas.
331 2195 391 2251 D.
424 2194 684 2262 Wolﬁus,
716 2196 809 2266 qui
837 2204 1072 2266 quatuor
1100 2193 1270 2249 libros
1288 2192 1453 2248 simul
1484 2192 1652 2248 edidit
1683 2191 1738 2246 in
1760 2194 1875 2249 suis
1910 2194 2211 2258 Anecdotis,
2243 2192 2653 2248 translationem
2683 2190 2932 2251 Latinam
2962 2189 3352 2264 Montfaucouii

136 2296 242 2349 qua:
274 2281 448 2339 facilis
475 2296 531 2339 rs
552 2283 772 2354 elegans
797 2289 882 2339 est
910 2282 1210 2353 adoptavit.
1233 2278 1434 2335 Tribus
1458 2279 1684 2351 reliquis
1708 2280 1862 2336 libris
1892 2281 2143 2351 apposuit
2189 2281 2602 2343 translationem
2638 2274 2927 2336 obscurant
2948 2287 3003 2336 et
3027 2295 3170 2350 sape
3200 2279 3356 2334 intri-

135 2378 292 2425 cstatn
321 2381 373 2426 et
404 2372 747 2442 impeditam.

197 2459 357 2515 Tanta
386 2460 694 2516 eruditione
713 2460 782 2515 de
810 2459 948 2515 libro
965 2457 1142 2514 Photii
1171 2457 1263 2528 qui
1287 2456 1519 2527 Spiritus
1541 2456 1711 2510 uncti
1732 2454 2064 2525 Mystagogia
2090 2453 2427 2520 inscribitur,
2454 2453 2675 2509 disserit
2704 2452 2769 2509 D.
2819 2450 3241 2526 Bergenrmtlter
3259 2451 3355 2523 qui

136 2562 255 2617 opus
286 2548 385 2602 hoc
418 2547 632 2617 primus
657 2561 805 2603 anno
835 2545 973 2603 1857
994 2560 1062 2602 es
1081 2544 1364 2601 codicibus
1384 2558 1517 2599 mss.
1550 2542 1606 2597 in
1634 2542 1907 2614 publicam
1940 2547 2112 2599 lucem
2142 2542 2387 2614 promlit,
2408 2555 2468 2597 ut
2492 2543 2561 2597 de
2588 2558 2655 2598 eo
2686 2544 2857 2600 multa
2902 2543 3171 2600 disserere
3194 2541 3363 2614 plane

136 2649 581 2704 supervacaneum
607 2636 699 2692 sit.

191 2725 432 2777 Attamen
473 2738 654 2793 opera
698 2721 933 2792 pretium
962 2720 1067 2776 erit
1095 2728 1153 2774 et
1221 2718 1312 2774 hic
1347 2731 1775 2775 commemmare
1798 2717 2151 2789 quaestionem
2190 2735 2355 2791 quam
2402 2720 2753 2778 doctissimus
2804 2720 2981 2775 editor
3027 2715 3362 2787 sibimetipsi

138 2810 421 2877 proposuit,
450 2824 519 2864 ne
558 2809 775 2879 piorum
807 2817 1019 2864 mentes
1050 2806 1277 2861 nimium
1302 2814 1666 2876 praoccupet.
1695 2803 1928 2875 inquirit
1975 2822 2167 2877 nempe
2214 2818 2395 2862 utrum
2428 2810 2530 2864 sibi
2564 2810 2798 2873 licuerit,
2849 2820 3038 2867 necne,
3092 2806 3144 2858 in
3174 2805 3360 2859 lucem

137 2892 359 2961 pmierre
410 2897 607 2951 librum
655 2897 750 2967 qui
796 2881 989 2952 contra
1037 2895 1231 2964 dogma
1289 2893 1412 2948 iidei
1438 2900 1495 2947 et
1523 2893 1827 2947 doctrinam
1853 2891 2114 2947 Ecclesia
2143 2894 2417 2964 dirigitur,
2446 2904 2499 2950 et
2528 2895 2850 2950 ailirmativc
2885 2891 3202 2962 respondet,
3240 2898 3358 2943 tum

136 2980 249 3046 quia
286 2992 609 3050 argumenta
639 2981 819 3037 Photii
861 2981 1100 3049 iniirma,
1134 2980 1392 3036 omnibus
1418 2989 1571 3041 nota.
1602 2988 1657 3037 et
1696 2979 1903 3050 pluries
1925 2980 2157 3035 contrita
2187 2991 2333 3043 sunt,
2365 2993 2475 3037 tum
2504 2984 2631 3054 quia
2659 2999 2725 3037 ex
2750 2982 2979 3036 [actione
3020 2977 3207 3047 scripti
3243 2977 3365 3031 ori-

135 3066 334 3134 ginalis,
378 3069 608 3123 historia
650 3070 1035 3123 controversia
1084 3070 1257 3122 multo
1280 3067 1497 3123 facilius
1534 3066 1794 3120 elucidari
1831 3075 2027 3135 potest.
2063 3065 2119 3120 id
2160 3068 2355 3122 merito
2384 3069 2671 3124 asseritur.
2702 3066 2964 3121 Praeterea
3014 3065 3069 3119 in
3097 3062 3363 3118 editionis

135 3168 235 3207 sita
268 3152 640 3209 defensionem
668 3154 875 3224 profert
904 3153 1209 3221 exemplum
1232 3159 1383 3209 card.
1412 3154 1477 3207 A.
1517 3152 1643 3217 Mai,
1706 3153 1797 3222 qui
1822 3153 2021 3223 scripta
2066 3152 2339 3226 Origenis,
2393 3156 2596 3228 Didymi
2626 3196 2642 3219 ,
2688 3153 2958 3209 Theodori
2990 3150 3360 3223 Hopsuesteni

134 3245 183 3292 et
207 3240 433 3294 aliorum
478 3241 860 3295 hareticorum
899 3256 931 3296 e
971 3240 1193 3296 latebris
1223 3242 1471 3296 codicum
1509 3241 1563 3293 iu
1607 3241 1876 3311 publicam
1915 3241 2092 3298 lucem
2121 3244 2286 3298 traxit
2318 3244 2438 3299 sine
2461 3243 2764 3313 dispendio,
2790 3242 2901 3297 imo
2928 3256 3054 3297 cum
3104 3238 3359 3311 profectu

137 3326 387 3402 veritatis.
426 3327 491 3380 Et
518 3340 651 3383 sane
678 3342 746 3382 es
773 3328 1056 3382 erroribus
1078 3328 1338 3384 obsoletis
1368 3329 1493 3398 quis
1525 3328 1910 3384 detrimentum
1942 3333 2199 3399 caperet?
2230 3332 2365 3399 Quis
2392 3333 2564 3403 decipi
2594 3330 2822 3405 posset?
2847 3328 2991 3397 Quis
3020 3344 3130 3384 non
3161 3327 3361 3382 trium-

138 3411 291 3479 phum
323 3412 574 3469 veritatis
602 3413 885 3484 agnoscit?

199 3496 370 3567 Viget,
412 3500 667 3569 equidem
698 3500 893 3564 fateor,
934 3501 1198 3555 hactenus
1224 3498 1356 3555 falsa
1385 3500 1569 3570 opinio
1595 3500 1803 3565 Photii;
1835 3501 1930 3555 sed
1978 3507 2309 3575 argumentis
2341 3521 2373 3562 a
2404 3505 2597 3560 Photio
2618 3506 2844 3576 prolatis
2878 3502 2989 3574 iam
3016 3501 3111 3557 diu
3138 3497 3357 3556 defendi

141 3583 350 3640 minime
374 3595 574 3654 potest,
606 3601 707 3641 nec
728 3601 913 3641 revera
939 3585 1273 3642 defenditur.
1309 3585 1693 3642 Controversia
1717 3588 1861 3642 enim
1883 3603 1913 3642 a
1944 3587 2137 3646 Pbotio
2164 3594 2402 3646 excitata
2438 3600 2547 3647 tota
2575 3592 2897 3647 versabatur
2928 3591 2980 3645 in
3014 3587 3358 3660 argumentis

140 3686 248 3737 qua
267 3686 328 3726 es
352 3672 572 3727 ratione
606 3673 908 3743 theologica
927 3672 1341 3742 depromuntur,
1360 3673 1725 3742 proponendis
1746 3685 1799 3728 et
1815 3676 2115 3745 agitandis;
2146 3680 2259 3734 liae
2282 3687 2460 3734 autem
2482 3678 2794 3749 disputandi
2813 3678 2967 3741 ratio,
2994 3686 3365 3746 praterquam

139 3758 267 3825 quod
298 3759 352 3811 in
383 3762 687 3815 scrutando
712 3760 973 3829 mysterio
998 3759 1099 3815 SS.
1122 3760 1405 3815 Trinitatis
1444 3761 1741 3816 vanissima
1770 3771 1875 3825 est,
1904 3772 2014 3818 tota
2040 3772 2095 3819 et
2118 3765 2324 3835 integra
2357 3763 2692 3821 subvertitur
2748 3775 2802 3820 et
2827 3764 3078 3819 obruitur
3122 3763 3367 3816 auctori-

139 3854 237 3899 tate
284 3847 783 3902 vetustissimorum
834 3846 1059 3902 Palmm
1080 3849 1196 3917 qui,
1223 3848 1318 3901 diu
1352 3857 1479 3904 ante
1503 3849 1685 3904 Phatii
1712 3858 1978 3919 tempora,
2007 3852 2364 3920 quastionem
2390 3854 2457 3908 de
2484 3854 2835 3923 processione
2864 3852 3101 3921 Spiritus
3130 3849 3304 3904 sancti
3327 3862 3364 3903 α

141 3931 285 3988 Patre
315 3942 370 3989 et
395 3948 428 3989 a
463 3932 628 3997 Filio.
677 3948 772 3989 seu
800 3950 832 3989 a
857 3932 1017 3989 Patre
1068 3949 1164 4005 per
1210 3935 1433 4003 Filium,
1465 3936 1613 4005 quod
1654 3936 1797 3991 idem
1837 3948 1942 4003 est,
1970 3954 2078 3994 non
2110 3948 2317 3995 tantum
2346 3941 2637 4011 agitarunt.
2672 3941 2767 3997 sed
2792 3940 3065 4011 expressis
3097 3940 3279 3996 verbis
3306 3941 3362 3995 in

147 4032 356 4073 sensum
398 4018 663 4075 Ecclesia
706 4021 1059 4075 occidentalis
1107 4021 1457 4076 deﬁnierunt.
1492 4022 1563 4078 Ut
1587 4022 1654 4077 de
1686 4021 1789 4077 SS.
1817 4023 2071 4083 Patrlbns
2104 4026 2313 4087 Latinis
2365 4038 2667 4092 taceamus,
2712 4046 2945 4097 quorum
2980 4031 3363 4084 auctoritatem

143 4106 552 4170 platertnittere
573 4121 681 4161 non
704 4116 933 4176 possunt
952 4108 1278 4174 Orientales,
1313 4116 1466 4165 certo
1493 4111 1696 4166 certius
1724 4118 1811 4167 est
1837 4121 2085 4169 sanctum
2112 4113 2493 4181 Athanasium,
2521 4124 2769 4171 sanctum
2794 4115 3078 4182 Basiliutn,
3110 4124 3370 4171 sanctum

142 4190 454 4260 Gregorium
482 4193 811 4265 Nyssenum,
835 4206 1087 4252 sanctum
1119 4196 1479 4267 Epiphaninm
1502 4205 1557 4252 et
1580 4206 1826 4253 sanctum
1854 4198 2115 4271 Cyrillum
2145 4200 2591 4263 Alexandrinum.
2620 4202 2675 4257 in
2702 4213 3046 4258 antecessum
3070 4202 3372 4260 damnasse

142 4284 449 4350 opinionem
492 4298 525 4338 a
557 4284 761 4340 Gracis
783 4294 1176 4356 propugnatam
1204 4286 1272 4341 dc
1305 4289 1657 4356 processione
1683 4286 1919 4356 Spiritus
1942 4289 2115 4343 sancti
2137 4303 2173 4342 a
2198 4288 2317 4343 solo
2352 4286 2531 4344 Patre.

201 4394 433 4460 Quando
486 4403 731 4451 veterum
752 4394 1079 4465 scriptorum
1125 4395 1458 4461 testimonia,
1485 4393 1682 4449 Photio
1705 4395 1885 4463 ignota
1910 4404 2005 4450 aut
2024 4396 2095 4451 ab
2137 4397 2258 4467 ipso
2291 4396 2481 4454 callide
2504 4397 2847 4455 dissimulata
2871 4436 2888 4461 ,
2918 4398 2973 4451 in
2998 4398 3372 4453 controversia

142 4482 366 4548 primum
409 4483 627 4552 prolata
658 4482 902 4547 fuerant,
929 4482 1312 4539 intellexerunt
1333 4483 1646 4537 schismatis
1667 4481 2236 4553 patrnui,argumeuta
2259 4482 2436 4538 Photii
2466 4498 2594 4539 vere
2638 4484 2782 4539 lutea
2808 4493 2862 4538 et
2890 4485 3185 4541 straminea
3220 4498 3374 4543 esse.

141 4576 185 4621 et
216 4570 278 4623 ad
312 4580 677 4625 monumenta
708 4570 1017 4626 traditionis
1040 4570 1144 4625 sibi
1164 4570 1557 4624 recurreudum
1593 4584 1735 4633 esse,
1760 4583 1872 4639 quo
1894 4569 2281 4624 auctoritatem
2299 4580 2540 4625 veterum
2580 4570 2689 4625 sibi.
2728 4570 3137 4625 adversantium
3182 4570 3367 4625 elude-

144 4668 266 4710 rem.
288 4656 453 4724 Quod
484 4672 610 4713 cum
645 4658 781 4727 ipsis
822 4674 921 4729 pro
967 4658 1108 4713 votis
1146 4673 1256 4713 non
1293 4659 1530 4721 cederet,
1570 4656 1882 4714 testimonia
1903 4672 1935 4711 a
1964 4658 2248 4714 catholicis
2277 4658 2496 4714 laudata
2532 4673 2563 4713 e
2594 4657 2879 4715 codicibus
2902 4658 3108 4727 passim
3137 4659 3369 4713 eradere

144 4753 441 4811 cmperunt,
473 4752 535 4797 nt
581 4744 957 4801 controversia
1004 4746 1071 4799 de
1106 4744 1459 4815 processione
1487 4743 1725 4814 Spiritus
1775 4745 1951 4800 sancti
1994 4744 2047 4800 in
2093 4748 2522 4802 controversiam
2562 4746 2630 4803 de
2674 4746 3089 4803 authenticitate
3117 4744 3376 4805 codicum

144 4841 461 4885 verteretur.
502 4830 611 4886 Sed
646 4832 773 4902 quia
806 4846 1000 4888 omnes
1027 4830 1247 4887 codices
1270 4845 1620 4901 corrumpere
1650 4846 1759 4886 non
1801 4842 2110 4903 potuerunt,
2147 4848 2249 4890 nec
2278 4834 2457 4890 omnia
2503 4844 2747 4890 veterum
2796 4832 3023 4891 Patrum
3055 4834 3377 4889 testimonia

145 4918 237 4970 sibi
285 4921 572 4974 contraria
604 4921 847 4986 eradere,
900 4932 1218 4991 argumenta
1259 4935 1290 4974 a
1314 4920 1600 4976 catholicis
1640 4919 1846 4991 prolata
1895 4920 2154 4977 invictum
2196 4922 2437 4993 vigorem
2468 4922 2834 4987 retinuerunt,
2866 4931 2925 4976 et
2964 4921 3226 4991 iniquitas
3253 4922 3378 4977 visa

146 5013 215 5056 est
248 5008 583 5075 sibimetipsi
609 5007 847 5064 mentiri.
876 5007 985 5063 Has
1018 5008 1425 5063 vicissitudines
1446 5010 1560 5078 jam
1600 5008 1844 5064 subierat
1889 5009 2261 5065 controversia
2296 5011 2471 5065 medio
2500 5010 2704 5069 saeculo
2729 5026 2850 5075 aut,
2885 5020 2938 5063 ut
2976 5011 3167 5065 videre
3193 5018 3281 5067 est
3314 5010 3377 5063 in

148 5094 356 5158 scriptis
403 5093 713 5149 doctissimi
771 5101 827 5149 et
872 5094 1212 5149 celeberrimi
1264 5092 1450 5159 Vecci,
1496 5093 1818 5165 patriarcha
1870 5094 2481 5167 Coustantinopolitani,
2511 5097 2602 5167 qui
2633 5113 2730 5168 pro
2771 5098 2976 5153 unione
2997 5097 3376 5155 ecclesiarqu

148 5193 298 5244 quam
330 5181 489 5235 cordi
522 5180 776 5245 habebat,
810 5181 977 5235 multa
1007 5180 1264 5251 praclare
1289 5182 1508 5251 scripsit
1538 5179 1633 5252 (Ir),
1662 5196 1759 5237 nec
1798 5196 1992 5251 parvas
2016 5182 2351 5239 calamitates
2370 5192 2425 5238 et
2452 5184 2855 5253 persecutiones
2878 5197 3072 5253 passus
3100 5194 3213 5240 est.

212 5271 518 5341 Postquam
559 5268 802 5325 fautores
823 5270 1139 5326 schismatis
1166 5286 1343 5340 neque
1388 5272 1661 5342 corruptis
1700 5271 1982 5327 codicibus
2014 5271 2242 5327 feliciter
2265 5272 2379 5344 jam
2416 5287 2657 5341 pugnare
2681 5282 2929 5341 possunt,
2960 5272 3029 5327 ad
3058 5273 3373 5329 incredibi-

150 5356 221 5411 les
249 5359 591 5413 subtilitates
623 5366 680 5413 et
709 5357 989 5415 inauditas
1032 5359 1496 5428 aquivocationes
1541 5359 1926 5428 confugerunt,
1955 5375 2188 5430 quarum
2214 5360 2511 5431 pracipuas
2557 5358 2691 5430 ipsis
2717 5358 3088 5429 suppeditavit
3104 5358 3378 5431 Georgius

153 5441 397 5510 Cyprius,
442 5456 571 5514 post
623 5442 857 5499 Veccmn
893 5445 1203 5515 patriarcha
1238 5446 1902 5516 Constantiuopolitanus,
1950 5456 2006 5503 et
2031 5447 2273 5517 ejusdem
2309 5444 2467 5501 Vecci
2508 5446 2816 5515 pracipuos
2858 5448 3238 5503 adversarius.
3267 5445 3378 5504 Ser

152 5548 322 5605 neque
355 5536 478 5591 hac
508 5545 827 5605 argumenta
854 5535 1035 5590 virum
1064 5550 1096 5591 a
1140 5535 1326 5593 studio
1374 5534 1609 5607 partium
1648 5534 1884 5594 alienum
1918 5551 2135 5593 movere
2184 5549 2420 5605 unquam
2460 5542 2711 5604 poterunt
2749 5550 2763 5587 ε
2795 5548 2930 5603 ergo
2964 5535 3138 5593 multo
3192 5536 3376 5591 minus

153 5631 468 5691 argumenta
503 5621 707 5676 Photii.

216 5756 285 5827 (ι)
306 5755 593 5825 Pracipua
624 5756 741 5826 ejus
769 5755 967 5824 scripta
990 5756 1203 5826 collegit
1237 5756 1465 5811 Allutius
1498 5757 1548 5812 iu
1588 5755 1609 5808 ι
1647 5765 1699 5811 et
1726 5753 1767 5807 ll
1803 5767 1913 5807 sua
1942 5751 2154 5807 Gracia
2182 5747 2479 5802 orthodoxa
2514 5754 2681 5805 tomo.
2714 5741 2899 5799 ltoma
2929 5743 3086 5798 1656.
