4198 6440
738 381 832 422 vnt
1855 378 2250 441 PMFATIO
2280 380 2363 440 IN
2391 379 2654 441 PHOTII
2691 380 2961 443 OPERA-

811 487 1149 554 Argutuenta
1164 486 1345 544 Photii
1372 501 1476 559 pro
1497 489 1849 559 processione
1880 492 2119 561 Spiritus
2146 493 2320 548 sancti
2348 508 2378 547 a
2397 494 2516 549 solo
2554 492 2732 559 Patre,
2757 511 2881 564 qua
2919 493 3128 553 Veccus
3153 498 3350 555 refellit
3372 499 3457 570 (Ι),
3490 500 3759 556 habemur
3791 501 3882 556 hic
3912 507 3980 560 ad

739 575 940 630 calcem
979 576 1100 631 libri
1128 576 1496 647 Uyuagogia.
1522 579 1616 634 sed
1649 579 1760 636 alio
1780 581 1971 635 ordine
1995 580 2366 650 proferuntur.
2400 581 2477 635 Ex
2508 580 2839 651 Mystagogia
2871 583 3124 653 decerpta
3146 579 3420 650 videntur,
3453 597 3507 642 et
3533 589 3588 642 in
3618 589 3808 644 multis
3839 604 3981 643 con-

737 675 936 718 sonant
958 666 1303 732 argmntis
1330 681 1458 734 quo
1495 665 1727 722 Photius
1775 669 1844 723 ad
1889 670 2144 723 tuendam
2175 669 2420 723 eamdem
2449 682 2673 722 causam
2697 664 2899 724 evolvit
2923 668 2978 723 in
3010 671 3245 740 epistola
3269 686 3370 727 sua
3401 672 3471 725 ad
3499 672 3981 742 archiepiscopum

739 751 949 803 thronos
981 769 1073 818 per
1107 751 1395 814 Orientem,
1427 769 1549 820 qua
1576 771 1723 809 nunc
1759 768 1892 809 ιιιιι
1912 765 1997 808 est
2020 757 2084 826 (t.
2113 756 2180 819 ll,
2218 755 2325 809 col.
2360 756 2506 823 72%|).

806 839 990 892 Altera
1022 854 1146 908 pars
1194 850 1625 909 argmrutoraut
1649 858 1772 911 quae
1799 843 1998 897 Photio
2033 843 2370 906 tribuuntur,
2403 842 2576 897 serius
2600 857 2666 896 ex
2697 841 2944 910 ejusdem
2988 844 3250 912 operibus
3277 846 3563 916 desumpta
3589 855 3694 912 est,
3733 855 3980 915 tempore

739 926 948 981 scilicet
985 928 1156 982 Alesii
1201 927 1493 994 Comueni,
1525 931 1621 999 qui
1667 945 1814 985 anno
1845 930 1983 985 1116
2013 930 2240 985 ﬂorebat
2267 945 2282 994 ;
2332 944 2457 983 nam
2498 928 2583 982 his
2614 929 2796 983 verbis
2825 929 2997 984 series
3021 930 3111 983 illa
3143 942 3590 1001 argumentorum
3624 933 3930 987 absolvitur
3960 951 3975 985 :

743 1033 761 1065 ι
803 1013 968 1083 quue
994 1031 1061 1069 ex
1092 1016 1350 1069 acumine
1385 1017 1777 1084 sapientissimi
1805 1020 2154 1086 imperatoris
2189 1018 2362 1071 Alesii
2390 1016 2652 1070 Comneni
2690 1016 2897 1085 prodiit
2925 1031 2946 1069 :
2979 1015 3085 1071 hac
3118 1020 3267 1072 enim
3302 1020 3679 1089 propositione
3706 1034 3843 1075 usus
3885 1029 3974 1073 est

737 1117 860 1155 cum
884 1113 1077 1157 contra
1120 1102 1578 1160 llediolaneusem
1613 1106 1931 1175 episcopum
1965 1107 2270 1174 disputaret
2296 1105 2413 1175 (hic
2437 1112 2478 1159 t.
2511 1103 2574 1170 ιι,
2605 1105 2710 1159 col.
2740 1104 2892 1170 599-).
2931 1122 2952 1157 ι

805 1186 1079 1242 Hactenus
1108 1189 1174 1242 de
1200 1190 1458 1257 operibus
1487 1192 1662 1244 Photii
1698 1192 2041 1259 dogmaticis.

804 1272 980 1343 Opera
1007 1275 1127 1342 ejus
1156 1277 1477 1342 paraanetica
1529 1278 1747 1332 edimus
1797 1292 1920 1347 qua:
1949 1277 2060 1344 jam
2096 1276 2326 1347 pridem,
2358 1277 2501 1347 typis
2537 1275 3065 1334 mandatal‘uerunt.
3098 1277 3369 1334 Nonnulla
3393 1279 3573 1332 adhuc
3601 1277 3654 1330 in
3682 1276 3980 1331 codicibus

735 1362 1120 1431 manuscriptis
1156 1361 1324 1415 latere
1354 1364 1629 1420 novimus.
1658 1365 1776 1428 Quo
1803 1373 1984 1418 autem
2030 1378 2128 1430 pro
2162 1363 2368 1418 viribus
2395 1365 2610 1419 utilitati
2638 1366 2885 1421 virorum
2916 1367 3205 1422 doctorum
3232 1369 3618 1428 inserviamus,
3641 1364 3980 1435 protulimus

733 1449 1030 1504 Elenchum
1062 1447 1420 1505 llomiliarum
1447 1453 1628 1506 Photii
1656 1467 1776 1521 quae
1808 1451 1863 1506 in
1896 1452 2175 1528 codicibus
2195 1447 2635 1521 Mosqueusibus,
2674 1462 2813 1508 teste
2836 1453 3190 1521 Combcllsio,
3217 1465 3502 1510 servantur
3521 1452 3638 1522 (m).
3672 1450 3978 1506 Elenchum

734 1537 884 1593 illum
902 1536 1233 1592 conferendo
1247 1553 1371 1593 cum
1392 1536 1572 1593 Indice
1586 1539 1751 1608 hujus
1763 1538 2057 1594 voluminis
2071 1535 2136 1603 ll,
2152 1538 2350 1593 videbit
2364 1541 2890 1610 unusquisquequot
2914 1543 3153 1598 homilize
3177 1542 3359 1598 Pbotii
3378 1542 3556 1597 adhuc
3571 1541 3981 1595 desiderentur.

801 1623 1052 1683 Humilia:
1089 1625 1288 1692 Photii,
1328 1627 1430 1680 etsi
1474 1627 1542 1680 ad
1583 1628 1689 1680 vim
1740 1639 1792 1682 et
1818 1627 2143 1696 elegantiam
2176 1626 2529 1683 homiliarum
2569 1634 2815 1679 veterum
2865 1623 3090 1680 Patrum
3138 1626 3362 1680 minime
3408 1624 3741 1693 pertingant,
3785 1629 3981 1674 tamen

732 1711 881 1764 omni
919 1711 1114 1763 merito
1141 1725 1248 1763 non
1279 1710 1670 1773 destituuntur,
1702 1713 1797 1765 sed
1823 1711 1948 1781 jure
1997 1710 2196 1765 merito
2239 1709 2564 1778 atquiparari
2602 1720 2827 1776 possunt
2856 1711 3078 1780 scriptis
3119 1713 3451 1781 optimorum
3492 1718 3776 1763 auctorum
3825 1707 3981 1760 illius

729 1797 926 1856 aetatis,
966 1811 1033 1849 ex
1084 1812 1168 1865 gr.
1204 1794 1423 1865 Georgii
1451 1796 1905 1862 Nicomediensis,
1952 1797 2156 1853 Niceta:
2197 1793 2558 1866 Paphlagonis
2580 1802 2630 1844 et
2665 1791 2865 1847 Leonis
2909 1792 3205 1864 Sapientis.
3252 1793 3503 1847 Aliorum
3561 1801 3741 1846 autem
3770 1790 3982 1860 scripta

731 1880 889 1950 longe
921 1886 1200 1951 superant.

803 1967 877 2021 Ex
910 1969 1063 2023 libris
1101 1968 1262 2037 ligata
1288 1968 1537 2022 oratione
1563 1980 1618 2024 et
1651 1980 1824 2022 metro
1849 1967 2068 2039 scriptis
2120 1966 2296 2021 Photii
2328 1965 2620 2021 admodum
2682 1979 2856 2034 pauca
2886 1973 3179 2032 supersunt
3205 1981 3221 2030 ;
3253 1977 3355 2017 nec
3383 1973 3592 2018 certum
3616 1971 3702 2018 est
3717 1958 3981 2016 Photium

730 2059 930 2111 multos
957 2056 1263 2124 scripsisse.
1318 2055 1463 2110 Odas
1507 2071 1705 2109 novem
1744 2057 2018 2111 exstitisse
2064 2057 2119 2109 iu
2155 2054 2280 2109 cod.
2321 2067 2427 2106 ms.
2489 2051 2714 2121 Collegii
2767 2051 3182 2106 Claromontani
3229 2050 3405 2107 Paris.
3457 2051 3582 2106 Soc.
3626 2050 3779 2115 Jcsu,
3811 2050 3985 2105 tradit

728 2144 908 2198 Uudiu
946 2147 1008 2213 (t.
1047 2140 1110 2205 ll,
1148 2142 1255 2197 col.
1288 2142 1436 2208 206).
1471 2143 1803 2213 Collegimus
1831 2143 2017 2197 omnia
2046 2158 2166 2212 quae
2192 2141 2305 2211 jam
2330 2139 2498 2195 semel
2534 2141 2676 2209 typis
2715 2139 2975 2193 mandata
3002 2149 3149 2193 sunt.

797 2231 839 2282 Α
880 2247 988 2299 quo
1018 2231 1403 2285 constituimus
1451 2229 1792 2296 Quasstiones
1826 2231 2310 2299 Amphilochianas
2378 2227 2536 2282 edere
2562 2228 2718 2295 juxta
2739 2225 2983 2281 ordinem
3029 2241 3190 2294 quem
3219 2226 3441 2282 exhibet
3463 2227 3632 2282 codex
3682 2223 3984 2281 Vaticanus

729 2317 889 2382 l923,
922 2319 1057 2372 ordo
1080 2319 1436 2388 epistolarum
1462 2333 1491 2371 a
1523 2316 1879 2382 Montacutio,
1928 2318 1998 2370 oh
2034 2317 2416 2371 auctoritatem
2457 2313 2544 2368 sui
2571 2313 2799 2376 codicis,
2844 2313 3137 2367 admodum
3172 2316 3392 2376 veteris,
3423 2323 3696 2379 servatus,
3748 2328 3779 2368 a
3813 2314 3984 2369 nobis

728 2407 935 2459 servari
963 2421 1069 2458 non
1095 2406 1294 2473 potuit,
1328 2421 1393 2459 eo
1427 2406 1573 2474 quod
1613 2407 1896 2475 sexaginta
1917 2415 2010 2459 aut
2039 2405 2258 2458 circiter
2289 2404 2555 2472 epistolae,
2584 2401 2748 2455 veluti
2775 2399 3120 2466 Quastiones
3143 2401 3634 2470 Amphilochium,
3669 2403 3980 2471 inJaudato

727 2491 917 2545 Codice
951 2488 1215 2546 Vaticano
1240 2492 1583 2545 inseruntur.
1615 2492 1826 2546 Novum
1860 2492 2046 2560 itaque
2075 2492 2321 2546 ordinem
2342 2488 2743 2557 adoptavimus,
2769 2496 2939 2541 totam
2967 2489 3163 2543 seriem
3196 2491 3550 2558 epistolarqu
3573 2492 3626 2544 in
3659 2499 3768 2544 tres
3801 2490 3980 2545 libros

727 2577 1054 2639 dividentes.
1085 2594 1318 2646 quorum
1355 2579 1564 2645 primus
1591 2579 1854 2647 epistolas
1876 2579 1942 2632 ad
1975 2578 2282 2631 llomauum
2311 2578 2642 2646 pontificem,
2667 2575 2731 2629 ad
2773 2576 3140 2646 patriarchas,
3175 2577 3241 2630 ad
3273 2579 3734 2646 archiepiscopus,
3767 2577 3834 2630 ad
3862 2580 3978 2630 im-

729 2675 1008 2732 peratores
1030 2673 1084 2719 et
1107 2665 1172 2718 ad
1205 2667 1514 2734 principes;
1553 2665 1850 2728 secundus,
1886 2665 2146 2734 epistolas
2178 2663 2244 2716 ad
2272 2665 2580 2733 episcopos,
2603 2663 2854 2726 clericos,
2880 2665 3182 2719 monachos
3210 2674 3265 2718 et
3294 2667 3587 2730 moniales;
3627 2666 3819 2720 tertius
3849 2675 3983 2719 tan-

729 2759 853 2810 dem
880 2757 1143 2821 epistolas
1167 2755 1233 2809 ad
1255 2756 1446 2819 laicus,
1483 2755 1766 2820 olliciales,
1788 2765 1843 2810 et
1879 2755 2238 2824 magistratus
2272 2755 2562 2809 saeculares
2582 2755 2986 2823 complectitur.
3017 2755 3092 2808 Ex
3127 2755 3307 2810 Indice
3346 2767 3525 2810 autem
3563 2759 3613 2811 iu
3650 2773 3759 2826 quo
3799 2776 3984 2815 novus

727 2844 861 2896 ordo
888 2858 1013 2896 cum
1046 2845 1216 2895 veteri
1252 2853 1606 2909 comparatur
1633 2881 1650 2906 ,
1685 2842 1841 2897 facile
1871 2842 1976 2896 erit
2032 2841 2327 2910 unicuique
2361 2841 2416 2895 in
2449 2852 2637 2895 nostra
2665 2842 2905 2896 editione
2935 2843 3177 2913 reperire
3218 2844 3480 2914 epistolas
3502 2859 3624 2913 quae
3651 2845 3806 2914 juxta
3829 2846 3986 2901 ordi-

733 2946 857 2985 nem
882 2942 1120 2984 veterem
1157 2930 1358 2982 alicubi
1394 2930 1709 2983 laudantur.

799 3015 1003 3072 Omnes
1050 3018 1312 3086 epistolas
1357 3015 1538 3070 Photii
1570 3018 1836 3071 hactenus
1881 3016 2021 3086 typis
2066 3014 2394 3069 commissas
2418 3015 2655 3077 edimus.
2697 3025 2892 3085 praeter
2935 3031 3100 3070 unam
3143 3016 3211 3071 ad
3243 3019 3582 3085 patriarchas
3605 3017 3982 3076 Orientaleset

727 3104 1103 3160 (Economqu
1136 3106 1538 3158 Antiochenum
1568 3121 1688 3172 quae
1721 3105 1912 3172 incipit
1949 3121 1962 3156 :
1995 3103 2280 3170 Μεγίστων
2307 3103 2385 3172 μὲε

2326 3103 2406 3155 ιὲν
2439 3102 2663 3165 ἄνωθεν,
2693 3117 2815 3171 quae
2839 3103 3005 3156 semel
3035 3104 3177 3156 edita
3200 3115 3284 3158 est
3316 3121 3345 3157 a
3382 3104 3637 3160 Dositheo
3675 3107 3729 3159 in
3762 3108 3984 3160 rarissi-

730 3206 820 3243 mo
849 3191 1123 3244 volumine
1145 3193 1291 3259 quod
1318 3190 1640 3245 inscribitur
1676 3206 1689 3241 :
1724 3190 1903 3260 Τόμος
1944 3191 2139 3261 χαρᾶς,
2175 3200 2229 3244 et
2265 3190 2429 3244 nullis
2474 3189 2757 3258 expensis,
2801 3190 2947 3242 nulla
3004 3191 3248 3258 praestita
3277 3192 3557 3261 diligentia
3602 3193 3851 3248 obtinere
3885 3199 3977 3248 vel

728 3277 1000 3344 inspirerc
1037 3278 1336 3345 potuimus.

799 3364 986 3419 l-‘i‘nem
1013 3365 1254 3432 epistuta:
1281 3364 1316 3417 2
1342 3364 1408 3418 ad
1443 3361 1727 3419 Nicolaum
1756 3361 1799 3427 l,
1822 3378 1987 3432 quem
2016 3361 2190 3416 Graeci
2234 3369 2635 3422 rcsecaverant,
2666 3361 2792 3429 quia
2823 3364 3206 3416 auctoritatem
3232 3373 3435 3419 sanctae
3460 3366 3606 3421 sedis
3658 3367 3976 3436 apostolica

731 3467 1042 3522 Supremam
1073 3453 1288 3516 asserit,
1330 3454 1490 3507 nobis
1517 3453 1886 3521 suppeditavit
1913 3453 2064 3505 card.
2096 3449 2202 3504 Mai
2229 3451 2283 3504 in
2315 3449 2470 3503 Nova
2495 3447 2746 3502 Biblioth.
2784 3446 3028 3502 Patrum.
3065 3459 3104 3504 t.
3139 3449 3228 3505 IV.
3253 3451 3693 3524 Trauslationetu
3716 3453 3972 3510 Latinam

730 3542 997 3610 integram
1035 3554 1066 3592 a
1102 3537 1338 3593 Baronio
1373 3539 1709 3608 accepimus.

1563 3624 1672 3680 Vll.
1699 3654 1766 3663 —
1791 3624 1866 3678 De
1897 3625 2054 3678 tertio
2076 3633 2125 3677 et
2149 3632 2339 3694 quarto
2369 3623 2633 3677 volumine
2657 3623 2816 3692 hujus
2843 3625 3121 3679 editionis.

798 3711 945 3770 Inter
986 3729 1147 3783 opera
1182 3713 1444 3768 historica
1482 3713 1664 3769 PhOtii
1688 3712 2064 3768 rcceusuimus
2107 3710 2492 3764 Bibliothecum
2528 3712 2668 3777 eju’s,
2713 3710 2842 3780 quia
2895 3713 2961 3765 ad
3002 3713 3284 3766 historiam
3319 3714 3666 3782 litterariam,
3707 3726 3768 3772 ut
3796 3719 3973 3785 aiunt,

730 3801 979 3869 pertinet.
1006 3799 1154 3870 Opus
1179 3803 1385 3871 grande
1415 3811 1470 3856 et
1494 3801 1770 3855 eruditum
1825 3815 1892 3854 ex
1923 3799 2145 3868 optimis
2195 3798 2523 3850 editiouibus
2571 3798 2659 3850 hic
2713 3798 3027 3865 repetimus.
3077 3797 3307 3854 Testum
3361 3803 3611 3857 Graecum
3655 3820 3686 3859 a
3731 3805 3976 3861 Bekkero

732 3890 1084 3947 «mendatum
1119 3898 1172 3942 et
1202 3888 1441 3942 Berolini
1466 3903 1611 3942 anno
1636 3887 1776 3941 1824
1806 3887 2134 3956 impressum
2194 3885 2552 3948 obtinuimus,
2590 3886 2675 3937 cui
2721 3885 3129 3939 translationem
3161 3887 3411 3942 Latinam
3442 3892 3570 3945 Ant.
3629 3890 3854 3947 Schotto
3885 3908 3976 3947 as-

730 3977 1012 4044 scriptam,
1038 3977 1146 4030 etsi
1180 3978 1353 4045 ipsius
1382 3991 1485 4032 non
1519 3978 1608 4041 sit,
1645 3975 1980 4037 addidimus,
2012 3976 2136 4044 quia
2177 3974 2456 4026 meliorem
2485 3987 2658 4040 neque
2688 3971 2958 4025 coniicere
3005 3988 3185 4041 neque
3223 3980 3464 4044 reperire
3508 3981 3803 4046 potuimus.
3828 3978 3977 4034 Tes-

728 4073 843 4118 tum
871 4075 1052 4119 autem
1080 4065 1349 4134 integrum
1381 4067 1599 4129 damus,
1639 4065 1742 4119 etsi
1774 4075 2029 4133 excerpta
2062 4061 2322 4115 nonnulla
2351 4072 2591 4113 veterum
2624 4069 2909 4113 auctorum
2954 4060 3072 4114 suis
3110 4062 3242 4116 locis
3268 4062 3378 4131 jam
3418 4079 3450 4117 a
3499 4066 3655 4119 nobis
3707 4067 3974 4136 impressa

732 4154 954 4207 iuerint.
997 4153 1112 4207 Non
1147 4154 1572 4217 decebateuim,
1609 4154 1681 4207 ob
1732 4153 1926 4208 breves
1955 4161 2011 4206 et
2061 4165 2264 4220 paucas
2302 4149 2667 4218 repetitiones,
2706 4162 2847 4216 opus
2893 4148 3028 4202 tanti
3080 4153 3341 4205 momenti
3381 4152 3652 4219 scindere,
3707 4169 3761 4208 et
3809 4159 3968 4224 quasi

731 4240 1115 4308 imperfectum
1140 4241 1316 4295 doctis
1342 4242 1476 4295 viris
1507 4240 1724 4294 oﬂerre.

804 4325 996 4381 Utrum
1024 4326 1352 4382 Bibliotheca
1393 4325 1597 4392 Photii,
1633 4327 1812 4397 qualis
1864 4341 2013 4381 nunc
2046 4324 2298 4387 habetur,
2339 4331 2446 4376 tota
2484 4320 2731 4375 aPhotio
2791 4321 2911 4390 ipso
2959 4319 3160 4390 scripta
3188 4325 3296 4379 sit?
3346 4342 3412 4380 au
3469 4327 3633 4384 fuerit
3683 4330 3968 4399 posteriori

725 4430 884 4474 relate
915 4419 1257 4488 interpolata,
1295 4432 1351 4473 ut
1403 4420 1736 4489 suspicatur,
1781 4422 1834 4472 in
1883 4420 2030 4473 notis
2088 4418 2202 4472 suis
2239 4418 2303 4469 ad
2335 4416 2556 4470 Suidatn
2602 4412 2893 4477 Kusterns,
2926 4415 3067 4482 apud
3093 4413 3142 4468 J.
3171 4419 3238 4471 A.
3278 4419 3606 4485 Fabricium,
3629 4421 3767 4476 Bibl.
3799 4423 3969 4483 Graec.

725 4510 813 4563 ed.
849 4508 1058 4563 llarlcs.
1086 4517 1127 4560 t.
1155 4506 1222 4573 Χ,
1252 4523 1303 4577 p.
1340 4507 1485 4561 680?
1525 4524 1634 4562 non
1674 4518 1760 4562 est
1796 4508 1959 4578 hujus
1991 4508 2094 4560 loci
2131 4507 2423 4574 inquirere.

791 4595 931 4661 Quia
961 4595 1286 4650 Bibliotheca
1307 4595 1485 4649 Photii
1508 4597 1671 4650 unius
1696 4596 1986 4649 voluminis
2019 4594 2195 4662 spatio
2219 4590 2484 4647 c0utineri
2515 4605 2622 4642 non
2649 4590 2846 4659 potuit,
2883 4591 3140 4661 majorem
3160 4591 3400 4662 ejusdem
3428 4603 3657 4664 partem,
3679 4598 3732 4651 in
3756 4613 3859 4668 qua
3877 4615 3972 4654 co-

723 4683 827 4738 dex
876 4683 1088 4752 primus
1121 4691 1174 4736 et
1218 4694 1509 4752 sequentes
1536 4684 1603 4737 ad
1628 4683 2062 4738 ducentesimum
2104 4680 2580 4750 quadragesimum
2629 4694 2831 4733 nonum
2880 4692 3250 4744 recensentur,
3305 4687 3463 4737 tertio
3507 4685 3669 4753 hujus
3716 4689 3972 4745 editionis

727 4770 1464 4839 volnmincdcscripsimus;
1503 4771 1730 4824 alteram
1768 4784 1896 4823 vero
1927 4778 2157 4837 partem,
2187 4769 2247 4820 in
2272 4782 2378 4836 qua
2405 4766 2576 4821 codex
2626 4766 3031 4824 ducentesimus
3061 4771 3546 4841 quinquagesimus
3586 4785 3639 4829 et
3665 4778 3970 4842 [sequentes

731 4874 904 4927 usque
932 4858 1000 4911 ad
1026 4858 1186 4912 linem
1211 4859 1404 4928 operis
1428 4864 1809 4920 recensentur,
1854 4857 2012 4910 initio
2059 4855 2351 4908 voluminis
2397 4855 2574 4922 quarti
2625 4853 3038 4911 collocavimus.
3086 4855 3346 4911 Volumeu
3390 4873 3643 4928 quartum
3689 4863 3970 4932 perﬁcient

725 4961 892 5014 opera
927 4946 1196 5000 canonica
1223 4943 1434 5009 Photii,
1467 4945 1672 5014 quibus
1691 4943 1982 5007 Monitum,
2022 4941 2111 4997 hic
2143 4955 2249 4995 nou
2282 4940 2657 5009 repetendum,
2711 4941 3102 5008 praemisimus.

783 5035 1052 5092 ‘Dieemus
1074 5046 1255 5090 tamen
1288 5036 1376 5090 hic
1413 5035 1754 5106 prastermitti
1783 5050 2089 5106 synagogen
2118 5048 2388 5088 canonum
2432 5048 2554 5103 qua:
2584 5033 2944 5100 opportunius
2971 5049 3097 5088 cum
3144 5033 3565 5095 Commentariis
3603 5036 3964 5110 Balsamoniu,

723 5127 949 5179 Zonara
977 5134 1031 5179 et
1073 5125 1336 5188 Aristeni,
1371 5125 1510 5178 inter
1542 5125 1743 5194 scripta
1778 5123 1963 5178 saeculi
2007 5135 2104 5175 xm
2149 5121 2373 5186 edetur;
2415 5120 2510 5174 sed
2558 5119 2872 5174 recudimus
2916 5120 3209 5192 Syutagma
3270 5141 3529 5179 canonum
3576 5136 3630 5182 et
3695 5127 3966 5184 Nautaca-

725 5230 932 5272 nouem,
968 5215 1021 5266 in
1060 5227 1123 5265 ea
1164 5211 1372 5275 forma,
1403 5223 1459 5265 et
1507 5226 1575 5265 eo
1622 5211 1812 5265 ordine
1856 5210 2056 5280 quibus
2103 5209 2173 5263 ab
2221 5209 2339 5278 ipso
2387 5207 2582 5261 Photio
2634 5209 2934 5276 composita
2970 5210 3138 5264 fuisse
3172 5210 3440 5266 videntur.
3476 5212 3613 5279 Quia
3672 5223 3849 5271 tamen
3912 5221 3964 5273 in

724 5303 808 5357 his
850 5301 1264 5356 collectionibus
1309 5298 1661 5353 conficiendis
1691 5311 1882 5353 auctor
1914 5297 2105 5352 eadem
2140 5299 2463 5352 documenta
2498 5295 2701 5363 pluries
2732 5295 2960 5369 profert,
3005 5306 3184 5352 textus
3216 5301 3381 5354 semel
3410 5303 3603 5368 editos,
3634 5319 3742 5360 non
3770 5307 3967 5376 repeti-

724 5405 846 5444 mus
877 5389 996 5442 aliis
1027 5388 1181 5451 locis,
1222 5389 1315 5442 sed
1348 5388 1436 5440 ubi
1479 5386 1703 5457 reperiri
1745 5386 1954 5455 possint
1981 5395 2235 5438 accurate
2267 5384 2589 5438 indicamus.

797 5478 1002 5530 Seriem
1043 5490 1266 5544 operum
1306 5475 1697 5528 canonicorum
1723 5471 1898 5527 Photii
1933 5471 2194 5525 claudunt
2224 5470 2553 5531 Erotemata,
2587 5483 2679 5522 seu
2701 5469 3154 5539 interrogationes
3181 5469 3246 5532 Χ,
3268 5472 3320 5525 in
3353 5475 3554 5544 quibus
3584 5487 3774 5533 auctor
3795 5479 3963 5551 depu-

721 5561 971 5619 sitiouem
1001 5577 1155 5617 suam
1196 5576 1226 5614 e
1278 5563 1406 5616 sede
1462 5561 1815 5630 patriarchali
1873 5559 2130 5628 injustam
2167 5561 2337 5637 fuisse
2386 5561 2763 5613 demonstrare
2813 5568 3063 5623 conatur,
3120 5566 3454 5629 argumentis
3509 5567 3805 5639 indirectis,
3863 5587 3964 5627 nec

806 5697 1114 5766 (lj-Grtecia:
1135 5700 1459 5761 orthodoxe,
1486 5709 1522 5754 t.
1563 5698 1601 5762 Ι,
1630 5714 1683 5766 p,
1717 5696 1816 5750 151
1844 5705 1898 5766 et
1927 5711 2042 5760 seq.
2078 5692 2280 5747 Comm.
2307 5696 2369 5746 de
2391 5692 2460 5746 Sc

1563 5698 1601 5762 Ι,
1630 5714 1683 5766 p,
1717 5696 1816 5750 151
1844 5705 1898 5766 et
1927 5711 2042 5760 seq.
2078 5692 2280 5747 Comm.
2307 5696 2369 5746 de
2391 5692 2586 5766 Script.
2615 5693 2740 5747 ccci.
2774 5702 2813 5747 t.
2842 5692 2906 5758 ll,
2933 5694 3039 5748 col.
3077 5691 3201 5744 210.

795 5764 894 5841 (tu)
926 5771 1101 5823 Alium
1122 5768 1436 5839 Catal0gum
1463 5764 1818 5825 llomtliarum
1850 5764 2025 5821 l’hotii
2055 5769 2363 5836 suppeditat
2389 5765 2656 5826 Uudinus,
