4198 6440
1261 388 1659 452 PRIBFA'I'IO
1695 388 1780 451 IN
1812 386 2076 451 ΡΗΟΤῙῙ
2117 385 2393 450 ΟΡΕΒΑ.

1812 386 2076 451 ΡΗΟΤΠ
2117 385 2393 450 ΟΡΕΒΑ.
3389 387 3445 429 ιι

200 502 335 561 bene
360 504 597 563 selectis.
624 502 958 577 Opusculnm
998 501 1103 559 hoc
1140 501 1522 560 brevissimum
1579 502 1789 573 primus
1841 501 1896 557 lu
1934 501 2110 557 lucem
2138 498 2407 570 protraxit
2465 494 2698 554 Fontani
2729 496 2811 567 (in
2841 491 3006 549 Nonis
3033 490 3243 548 deliciis
3269 491 3451 547 erudi-

204 600 399 657 τοι-ιιι,
421 599 463 649 t.
494 589 514 645 l
540 630 557 656 ,
604 606 661 663 p.
690 590 808 658 10),
842 590 937 661 qui
980 602 1108 647 cum
1149 586 1333 644 lurore
1365 585 1759 654 lausenistico,
1780 597 1837 644 et
1859 587 2097 659 pessimo
2129 586 2340 643 inllusu
2391 585 2573 657 legum
2618 583 3167 640 autichristianarum
3199 580 3454 638 obes-ca-

205 685 373 742 retur,
425 676 607 733 cidem
654 677 861 733 addidit
900 673 1275 748 pretationem
1310 682 1368 731 et
1413 682 1591 739 notas,
1639 688 1750 730 non
1800 685 2010 731 tantum
2059 674 2367 741 sacerdote.
2424 672 2520 729 sed
2578 672 2777 744 quovis
2815 671 3133 729 Christiano
3175 670 3451 742 indignas.

201 762 303 819 Eas
356 763 559 821 nullius
582 763 753 837 frugis
781 779 902 821 esse
929 763 1284 829 credidimus,
1323 776 1389 819 ac
1415 762 1642 834 proinde
1670 763 1994 833 abiecimus.

267 851 476 907 Crtera
531 852 735 923 scripta
766 851 1032 909 canonica
1060 850 1244 908 Photii
1278 849 1476 906 merito
1512 848 1696 905 laudat
1727 849 2083 909 doctissimus
2115 850 2171 907 J.
2198 850 2260 907 S.
2284 850 2586 930 Asscmaul.
2618 849 2673 905 in
2697 848 2833 904 lure
2870 862 2972 903 suo
3002 862 3127 902 con.
3164 844 3449 910 Orientali,

208 949 246 994 ι.
274 935 324 1001 Ι,
354 953 409 1007 p.
443 938 516 993 35
541 945 595 993 ct
649 954 795 1009 seq.,
837 939 930 994 ubi
960 937 1201 995 ostendit
1227 937 1417 1007 quanti
1456 937 1573 994 hac
1604 938 1807 1009 scripta
1850 939 2039 997 iecerit
2072 940 2385 1005 Balsamon,
2434 938 2669 1010 insignis
2712 936 3028 994 Grtrcorum
3057 934 3369 999 canonista,
3396 943 3454 990 et

202 1033 313 1078 tota
352 1022 598 1081 Ecclesia
635 1024 955 1092 Orientalis,
1012 1038 1138 1095 quc
1179 1024 1236 1080 in
1291 1024 1492 1081 tuenda
1544 1024 1834 1092 disciplina
1878 1027 2288 1091 ecclesiastica,
2342 1026 2615 1096 pracipue
2659 1023 2944 1080 codicibus
2988 1022 3192 1088 Photii,
3234 1022 3449 1077 cuteris

200 1110 486 1181 neglectis,
524 1126 622 1167 usa
644 1118 751 1168 est.
789 1111 1047 1168 Notitiam
1086 1108 1375 1169 Assemaui
1408 1110 1645 1182 complet
1676 1112 1922 1181 praelatio
1958 1128 1992 1169 a
2023 1111 2178 1169 card.
2210 1110 2317 1168 Isi
2363 1109 3042 1184 Sgntepmeti-prmruissa,
3084 1122 3250 1179 quam
3278 1108 3454 1165 lector

201 1209 305 1250 suo
339 1194 462 1251 loco
485 1196 738 1266 reperiet.

272 1279 341 1336 Et
361 1282 479 1340 hac
502 1282 575 1340 de
604 1280 785 1339 Pbotii
817 1282 1040 1353 scriptis
1067 1296 1099 1339 a
1138 1280 1299 1339 nobis
1326 1281 1490 1339 editis
1519 1282 1665 1339 dicta
1692 1283 1822 1338 sint.

274 1366 431 1425 Nunc
453 1369 522 1426 de
541 1368 859 1440 deperditis,
890 1368 1291 1439 pretermissis,
1318 1368 1557 1434 lucditis,
1578 1378 1674 1426 aut
1698 1367 1836 1443 falso
1852 1370 2106 1441 ascriptis
2130 1369 2285 1426 libris
2306 1382 2479 1440 pauca
2504 1365 2845 1425 admouenda
2870 1376 3189 1437 supersunt.

868 1474 1001 1532 Vill.
1029 1506 1103 1520 —
1136 1475 1209 1532 De
1235 1475 1480 1546 operibus
1510 1475 1686 1531 Photii
1712 1476 2019 1547 amna,
2063 1478 2432 1547 pratermissis
2460 1484 2511 1531 et
2538 1476 2776 1530 ineditis.

276 1562 331 1617 1·
361 1561 591 1619 Photius
629 1563 850 1635 scripsit
876 1574 998 1619 acta
1041 1563 1230 1619 llctitia
1264 1562 1484 1619 concilii
1513 1562 1874 1629 ocnmenici,
1904 1564 2051 1635 quod
2091 1578 2368 1635 nunquam
2394 1572 2754 1618 convocatum
2788 1558 2910 1616 nm.
2957 1560 3027 1615 lis
3060 1560 3209 1616 mille
3234 1560 3454 1617 circiter

203 1650 635 1722 subscriptiones
672 1650 830 1707 lictas
866 1650 1093 1716 addidit,
1123 1658 1185 1705 ut
1208 1658 1400 1706 narrat
1418 1649 1744 1705 Anastasius
1771 1649 2226 1705 Bibliothecarius
2248 1662 2415 1719 supra
2440 1648 2716 1703 laudatus.
2742 1646 2835 1700 Illa
2857 1655 2977 1700 acta
3006 1659 3131 1699 cum
3163 1647 3215 1701 in
3237 1646 3454 1703 duobus

200 1737 487 1793 codicibus
525 1736 948 1809 elegantissimis
997 1746 1055 1793 et
1096 1735 1329 1808 depictis
1381 1734 1583 1807 scripta
1628 1734 1881 1804 inissent,
1906 1737 1961 1792 in
2010 1735 2244 1793 concilio
2285 1748 2382 1791 rm
2426 1733 2644 1806 publice
2688 1732 2925 1788 dammis
2964 1732 3160 1787 tradita
3201 1746 3351 1800 sunt,
3390 1749 3457 1791 ac

597 1833 871 1981 3.2;;
899 1923 1003 1966 suo
1059 1913 1368 1980 composuit
1394 1911 1532 1966 Acta
1565 1899 1783 1966 concilii
1812 1907 1957 1979 quod
1994 1907 2149 1979 ﬁngit
2177 1920 2320 1962 anno
2353 1904 2458 1962 878
2488 1905 2817 1962 celebratum
2846 1897 3018 1961 fuisse
3052 1920 3238 1961 coram
3264 1905 3459 1977 legatis

203 1994 437 2051 Romani
475 1993 746 2065 pontiﬁcis
776 2005 832 2051 et
858 2004 1175 2053 ceterorum
1197 1995 1628 2065 patriarcharum
1655 1992 1893 2051 Orientis
1915 2003 1969 2048 et
2002 1990 2243 2064 Egypti.
2265 1991 2585 2062 Quanquam
2624 2002 2754 2047 tunc
2787 1990 3031 2061 synodus
3066 1991 3250 2047 habita
3271 1992 3454 2057 fuerit,

203 2090 356 2138 certo
376 2082 581 2138 certius
606 2096 671 2137 ea
693 2081 921 2137 minime
948 2081 1062 2154 egit
1083 2081 1171 2137 vel
1198 2081 1469 2149 toleravit,
1499 2096 1623 2153 qua:
1643 2096 1763 2137 eam
1792 2081 1965 2149 egisse
1990 2089 2047 2137 et
2072 2080 2335 2136 tolerasse
2366 2087 2551 2135 narrat
2577 2076 2826 2135 Photius.
2846 2077 2999 2135 lianc
3022 2078 3204 2135 Photii
3226 2082 3459 2151 pseudo-

204 2169 477 2241 syuodum
505 2166 678 2225 Graci
707 2182 807 2240 pro
834 2177 1031 2225 octavo
1054 2168 1291 2225 concilio
1327 2169 1669 2225 tecumenico
1706 2168 1925 2232 habent,
1964 2167 2247 2238 repudiato
2284 2175 2479 2223 octavo
2523 2167 2760 2222 concilio
2791 2180 2941 2233 vero,
2974 2166 3028 2221 in
3074 2181 3185 2237 quo
3228 2165 3459 2223 Photius

203 2254 489 2322 depositus
515 2263 572 2310 et
596 2255 1105 2311 excommunicatns
1126 2266 1231 2311 est.
1258 2254 1515 2311 Nonnulli
1546 2264 1725 2310 tamen
1755 2269 1857 2310 nec
1879 2271 2065 2311 rerum
2094 2256 2387 2311 concilium
2417 2269 2537 2320 rut,
2559 2256 2690 2309 anni
2712 2252 2837 2317 869,
2867 2269 2972 2311 nec
2997 2253 3246 2311 ilctitinm
3276 2254 3454 2311 Photii

202 2341 334 2394 ιιιηὶ
350 2338 457 2394 878
482 2349 817 2410 receperunt,
856 2340 1121 2411 siquidem
1137 2341 1406 2413 synodum
1428 2340 1793 2397 Florentinam
1808 2342 2202 2417 meumr-nicum
2242 2340 2535 2399 concilium
2557 2348 2808 2396 octavum
2835 2340 3125 2410 appellent.
3161 2339 3251 2396 Sic
3280 2357 3460 2413 neque

202 2426 423 2482 corrcilii
451 2424 835 2497 Lugdunensis
864 2443 926 2493 ιι,
951 2442 1051 2484 nec
1079 2426 1422 2492 Viennensis.
1442 2442 1547 2483 nec
1562 2427 2003 2487 Lateranensium
2022 2429 2183 2484 ullam
2200 2430 2468 2484 rationem
2491 2428 2722 2494 habent;
2748 2426 2845 2483 sed
2874 2427 3171 2483 immerito.
3194 2437 3258 2485 ut
3287 2441 3455 2500 patet.

278 2513 416 2568 Acta
441 2515 840 2587 pseudosynodi
870 2515 1045 2573 Photii
1079 2516 1209 2572 anni
1228 2516 1355 2581 878,
1384 2517 1489 2574 etsi
1519 2516 1703 2574 ﬁctilia
1732 2517 1864 2582 sint,
1889 2532 1954 2573 ex
1982 2518 2172 2573 codice
2205 2515 2493 2580 Vaticano,
2508 2530 2635 2571 cum
2663 2515 3023 2586 permissioue
3054 2514 3350 2574 Clementis
3367 2517 3457 2584 χι,

206 2610 271 2657 ut
314 2617 483 2674 supra
506 2604 617 2675 jam
654 2604 983 2670 notavimus,
1015 2619 1047 2661 a
1074 2604 1139 2661 P.
1167 2603 1446 2662 Harduino
1488 2605 1632 2663 edita
1677 2614 1843 2671 sunt;
1890 2605 1985 2661 sed
2034 2605 2164 2675 quia
2199 2605 2340 2660 inter
2378 2602 2515 2659 Acta
2545 2602 2899 2659 conciliorum
2926 2604 3224 2673 ‘pr0priam
3276 2606 3459 2662 sedem

214 2688 441 2751 habent.
462 2703 517 2745 et
548 2691 618 2745 ah
644 2691 835 2746 iisdem
865 2691 1077 2762 seiungi
1112 2707 1221 2747 non
1241 2675 1505 2763 'possunt,
1546 2693 1734 2748 eadem
1769 2691 1860 2748 hic
1918 2690 2385 2763 praetermisimus.
2418 2688 2621 2761 Supra,
2645 2689 2813 2745 rariis
2841 2691 3183 2762 argumentis
3210 2693 3459 2749 ostendi-

209 2791 337 2831 mus
359 2774 493 2831 Acta
522 2776 612 2832 illa
640 2793 746 2832 non
774 2778 1031 2848 genuina,
1059 2778 1155 2835 sed
1181 2794 1327 2833 tuere
1350 2778 1538 2835 llclitia
1569 2793 1713 2835 esse.

286 2865 345 2920 '5'
368 2863 548 2918 Pbotii
582 2861 893 2935 Sgncgogen
914 2880 1175 2919 canonum
1202 2857 1612 2922 omisimus'oh
1651 2878 1849 2922 causas
1876 2880 2015 2935 quas
2044 2880 2209 2937 supra
2236 2864 2614 2936 allegarimns.

290 2952 350 3005 ιο
380 2948 609 3005 Photius
644 2952 866 3018 scripsit
900 2950 1157 3006 homilias
1203 2952 1469 3021 plurimas
1503 2967 1738 3022 quorum
1776 2952 2064 3008 elenchum
2108 2966 2173 3008 ex
2209 2952 2541 3007 Comhellsio
2576 2951 2868 3007 edidimus.
2926 2948 3236 3018 Quominus
3268 2967 3463 3010 omnes

209 3037 503 3091 cderemus
532 3034 680 3090 nulla
711 3035 817 3090 alia
846 3050 1015 3091 causa
1049 3035 1173 3101 fuit,
1212 3052 1377 3106 quam
1410 3037 1556 3107 qttnd
1581 3039 1789 3093 nullum
1827 3040 2106 3108 exemplar
2131 3053 2320 3094 earum
2355 3039 2518 3094 nobis
2543 3053 2862 3108 comparare
2899 3039 3260 3108 potuerimus.

291 3122 347 3177 5'
376 3119 607 3177 Photius
632 3120 833 3177 dicitur
861 3121 928 3177 de
952 3123 1104 3177 cultu
1140 3121 1240 3177 SS.
1274 3123 1566 3193 imaginum
1601 3126 1910 3196 scripsisse,
1933 3125 2026 3180 scd
2056 3124 2299 3194 ejusdem
2330 3124 2518 3195 scripti
2542 3125 2752 3180 nullum
2775 3126 3064 3196 vestigium
3091 3125 3295 3190 inveni,
3328 3141 3465 3195 prte-

211 3220 301 3265 tcr
324 3209 538 3263 titulum
564 3219 910 3277 sequentem,
935 3223 1098 3279 quem
1131 3209 1381 3273 Bandini,
1412 3212 1465 3265 in
1501 3208 1681 3267 Catal.
1717 3211 1956 3267 biblioth.
1984 3210 2241 3270 Laurent.
2274 3213 2516 3269 Florent.
2556 3224 2596 3267 ι.
2632 3214 2677 3279 1,
2708 3229 2765 3285 p.
2802 3214 2932 3277 454.
2968 3215 3160 3270 recitat
3189 3216 3465 3290 εΧρήσεις

214 3297 361 3352 κατὰ
397 3296 779 3367 Εἰκονομάχων
815 3298 879 3350 in
912 3296 1020 3351 τῶν
1044 3298 1490 3368 συγγραμμάτων
1535 3299 1860 3371 Νικηφόρον
1906 3301 1999 3355 καὶ
2043 3300 2275 3367 Omnian,
2305 3300 2414 3355 τῶν
2457 3301 2811 3373 πατριαρχῶν
2841 3304 3465 3370 Κωνσταντινουπὸλιως

214 3384 316 3438 καὶ
342 3381 617 3454 Θεοδώρου
646 3382 920 3439 Στυδίτου.
971 3382 1111 3441 Hinc
1130 3399 1264 3441 sane
1291 3400 1451 3441 nemo
1482 3387 1697 3457 colliget
1721 3386 1872 3443 Pboti

1804 3388 1970 3443 otium
1997 3402 2065 3442 ex
2107 3388 2372 3444 industria
2399 3387 2467 3443 de
2492 3389 2737 3444 colendis
2771 3389 3103 3460 imaginibus
3148 3393 3462 3463 scripsisse.

215 3469 362 3526 Fieri
389 3470 533 3524 enim
569 3471 746 3540 potuit
783 3482 841 3525 ut
874 3485 941 3527 ex
973 3470 1132 3527 libris
1159 3486 1299 3542 quos
1328 3471 1396 3527 dc
1423 3473 1530 3527 alio
1559 3485 1881 3543 argumento
1903 3483 2242 3541 exat-aversi,
2273 3474 2400 3545 quis
2421 3476 2666 3547 ιχρήσιις
2687 3474 2811 3530 illas
2834 3478 3227 3546 composuerit.

291 3556 348 3611 6°
377 3556 571 3611 Nescio
604 3573 673 3611 an
707 3572 738 3612 a
765 3558 903 3613 libro
938 3575 968 3613 a
1011 3557 1256 3615 Baudino
1294 3567 1479 3615 notato
1501 3560 1751 3615 diversus
1782 3562 1852 3616 sit
1876 3562 1966 3617 ille
1996 3576 2155 3632 quem
2189 3561 2534 3625 Lambecius,
2559 3561 2613 3616 in
2641 3560 2930 3617 Comment.
2976 3563 3028 3615 in
3063 3561 3203 3618 Bibl.
3241 3561 3463 3623 Vindob.

214 3646 307 3701 ed.
341 3642 590 3707 Kollurii,
619 3653 659 3700 t.
690 3641 782 3709 IV,
804 3660 859 3715 p.
891 3646 1023 3708 335.
1053 3645 1121 3702 ad
1144 3646 1267 3702 cod.
1299 3646 1426 3711 157,
1469 3646 1601 3712 n.5,
1627 3648 1702 3703 ita
1742 3649 1867 3702 exhi

1805 3648 1963 3703 hibet
1988 3665 2003 3702 :
2032 3648 2238 3702 Φωτίου
2268 3649 2608 3721 πατριάρχου
2629 3649 2724 3702 καὶ
2749 3646 3030 3718 Θιοδώρου
3063 3648 3157 3702 τοῦ
3189 3651 3463 3707 Miscu-

217 3730 403 3785 εἰκὼν
424 3729 642 3800 λέγεται
678 3731 829 3803 παρὰ
852 3732 914 3786 τὸ
951 3732 1127 3787 ιοικιν
1146 3732 1308 3788 ’ἄλλο
1333 3732 1392 3787 δδ
1443 3734 1647 3805 φυσικὴ
1695 3734 1875 3797 ιῐκὼν,

1810 3752 1882 3797 ων,
1918 3737 2012 3789 καὶ
2046 3735 2175 3791 ἄλλο
2224 3736 2498 3807 μιμητική
2528 3750 2544 3766 ⁸
2580 3751 2637 3792 u.
2674 3735 2802 3791 1.1.
2863 3754 2883 3788 ι
2920 3737 3100 3792 Photii
3145 3741 3468 3807 patriarcha

214 3817 329 3874 GP.
351 3828 407 3873 et
446 3818 717 3874 Theodori
740 3817 921 3874 Studit
938 3838 967 3874 e
1011 3819 1325 3875 testimonia
1356 3822 1424 3872 de
1443 3821 1617 3875 sacris
1646 3820 1971 3891 imaginibus
1997 3831 2053 3875 et
2072 3822 2140 3877 de
2163 3821 2470 3877 dilfureutia
2504 3822 2647 3877 inter
2666 3836 2854 3878 sacras
2882 3822 3151 3894 imagines
3168 3834 3222 3879 et
3247 3826 3411 3882 idola.
3438 3846 3462 3882 s

295 3905 352 3957 7°
380 3904 639 3959 Senebier
667 3905 721 3959 in
747 3903 1039 3976 Cstologue
1067 3905 1315 3961 roisonnd
1342 3906 1435 3961 des
1455 3906 1776 3962 manuscrits
1797 3908 1861 3962 de
1889 3907 1953 3965 Ge

1806 3908 1861 3962 de
1889 3907 2108 3975 (ἔριδι-ε,
2146 3924 2198 3980 p.
2222 3908 2314 3975 42,
2346 3907 2565 3965 Geueve
2588 3908 2727 3965 1779
2750 3913 2861 3979 (ap.
2893 3907 2945 3963 Ι.
2977 3912 3040 3965 Α.
3073 3909 3287 3968 Fabric.
3322 3913 3464 3970 Bibl.

224 3988 324 4046 Cr.
349 4000 391 4045 t.
424 3990 516 4054 XI,
544 4007 599 4062 p.
644 3990 756 4061 l9),
810 3992 995 4048 laudat
1023 3990 1488 4050 Photiiﬂomilias
1534 4000 1665 4057 tres,
1712 4002 1768 4051 et
1805 3993 2107 4067 fragmenta
2154 3996 2342 4066 scripti
2370 3995 2657 4066 cujusdam
2697 4006 2889 4052 contra
2934 3996 3284 4065 lanlchzos,
3322 4002 3467 4072 quod

220 4089 411 4134 utrum
439 4076 654 4134 diﬂ‘erat
699 4093 733 4133 a
782 4078 940 4137 libris
994 4080 1234 4136 secundo
1266 4080 1541 4136 volumine
1583 4081 1750 4151 hujus
1781 4081 2063 4139 editionis"
2106 4082 2268 4139 editis
2308 4098 2503 4149 necne,
2553 4082 2813 4154 indagare
2861 4098 2972 4138 non
3013 4085 3187 4154 potui,
3236 4095 3289 4141 et
3336 4088 3468 4144 mihi

219 4168 622 4236 incompertum
645 4175 748 4221 est.

296 4254 353 4309 8'
409 4254 603 4324 Ignoro
655 4252 857 4323 pariter
914 4267 984 4309 au
1035 4251 1214 4308 Photii
1261 4255 1586 4324 Argumenta
1638 4252 1916 4308 duodecim
1952 4254 2279 4327 syllogistico
2324 4266 2513 4311 contra
2576 4256 2964 4326 procursionem
3013 4256 3245 4324 Spiritus
3296 4261 3468 4314 sancti

219 4342 389 4395 etiam
410 4357 443 4393 o
473 4338 628 4402 Filio,
668 4340 735 4394 de
759 4339 959 4410 quibus
989 4339 1214 4395 Bandiui
1247 4340 1425 4396 (ἐρισι.
1466 4338 1719 4396 Laurent.
1744 4348 1784 4395 t.
1812 4339 1903 4408 ΙΙΙ,
1932 4358 1985 4414 p.
2016 4343 2142 4407 διδ,
2171 4345 2502 4399 conveniant
2534 4360 2657 4401 cum
2687 4346 3026 4415 argumentis
3058 4363 3087 4399 ι
3110 4344 3288 4401 Vecco
3322 4346 3471 4402 refu-

222 4428 358 4484 tatis
387 4437 441 4482 et
473 4442 503 4481 a
538 4427 694 4482 nobis
726 4426 813 4482 hic
842 4428 1024 4491 editis,
1050 4428 1131 4483 vel
1154 4428 1478 4498 opusculqu
1507 4429 1827 4484 distinctum
1862 4432 2219 4487 constituant.
2246 4429 2387 4487 Puto
2416 4446 2481 4486 ea
2507 4433 2741 4488 identica
2763 4446 2909 4488 esse.

298 4516 357 4572 9°
380 4517 629 4571 0ndinus
661 4517 903 4571 indicat:
933 4515 1162 4571 οωτίου.
1200 4556 1215 4571 .
1253 4556 1268 4573 .
1302 4516 1546 4586 ’Δγωγαὶ
1561 4520 1656 4571 utsi
1675 4518 1956 4583 ἀποδείξειε

1811 4518 1978 4583 elect;
1997 4518 2244 4589 ἀκριϐεῖς
2269 4518 2682 4588 συνσιλιγμιναι
2711 4518 2775 4571 ιιι
2793 4535 2853 4573 τι
2872 4519 3167 4573 συνοδικῶν
3195 4522 3291 4576 καὶ
3324 4521 3469 4577 lm-

232 4613 410 4683 ριιιὼν
441 4612 688 4682 γραφῶν.
729 4610 1045 4677 (Comment.
1074 4611 1139 4665 de
1167 4610 1369 4679 Script.
1396 4611 1579 4667 eccles.
1608 4620 1650 4667 t.
1674 4611 1740 4679 ll,
1768 4626 1820 4684 p.
1844 4611 1996 4680 201).
2019 4625 2157 4683 quas
2185 4626 2214 4664 a
2239 4608 2289 4664 Χ
2311 4611 2812 4683 interrogationibus
2832 4612 2897 4667 de
2925 4614 3247 4681 potriorcltis
3277 4614 3476 4685 injuste

220 4703 409 4771 ejectis
448 4698 858 4767 distinguendas
877 4712 1001 4753 esse
1024 4707 1298 4753 autumat.

300 4788 393 4844 10·
430 4786 574 4842 ldem
607 4786 879 4847 0ndinns.
945 4786 1240 4857 symbolum
1274 4786 1398 4854 ﬁdei
1447 4794 1677 4841 testatur
1713 4787 1767 4841 in
1819 4786 1942 4842 cod.
1990 4799 2126 4843 mss.
2158 4794 2376 4842 exstare
2417 4800 2450 4841 a
2493 4784 2685 4841 Photio
2730 4788 3075 4855 compositum
3112 4804 3210 4857 pro
3260 4788 3328 4843 iis
3380 4790 3474 4859 qui

223 4874 515 4932 ordinandi
541 4885 662 4927 sunt
690 4872 941 4943 episcopi,
975 4872 1042 4928 de
1076 4887 1187 4942 quo
1217 4871 1555 4936 Lambecius.
1584 4875 1622 4929 l.
1651 4889 1768 4939 rut,
1810 4889 1862 4944 p.
1892 4874 2019 4930 ιδδ.

303 4962 395 5015 llu
441 4960 684 5030 Epitome
719 4958 979 5014 Historia
996 4960 1363 5016 ecclesiastica
1400 4959 1766 5031 Philostorgii,
1790 4961 1900 5016 ἀπὸ
1944 4961 2127 5031 φωνῆς
2156 4959 2335 5015 Photii
2363 4961 2689 5031 patriarcha
2714 4971 2894 5016 exstat
2921 4960 3063 5017 inter
3091 4962 3213 5017 cod.
3231 4977 3367 5019 mss.
3388 4962 3474 5018 bl-

227 5048 520 5103 biiothecz
572 5046 879 5104 Bodleiaute
934 5049 1181 5117 (Barocc.
1224 5047 1346 5102 cod.
1389 5048 1515 5115 142,
1544 5054 1611 5103 ιιο
1642 5047 1698 5114 7,
1745 5063 1803 5120 p.
1849 5048 2015 5118 9.43};
2058 5048 2273 5103 diversa
2317 5049 2388 5103 ab
2456 5047 2547 5103 illa
2589 5063 2713 5119 quae
2755 5047 2809 5102 in
2857 5047 3197 5119 Nyriobiblio
3236 5050 3475 5104 occurrit

224 5148 281 5190 ct
319 5135 556 5204 amplior
594 5132 838 5204 (0ndin..
868 5143 910 5189 t.
942 5134 1009 5200 ll,
1032 5134 1134 5189 col.
1167 5132 1322 5203 208).

304 5242 399 5297 12⁸
436 5241 752 5299 Ilichaelem
792 5242 1032 5299 Psellum
1102 5240 1382 5314 Synopslm
1430 5242 1823 5299 A'ontocouonis
1851 5244 2029 5301 Photii
2066 5244 2315 5300 versil-us
2353 5243 2644 5315 scripsisse
2669 5241 2871 5300 ferunt.
2895 5244 3041 5300 Inter
3072 5244 3315 5315 quinque
3344 5243 3467 5299 Cer-

228 5332 380 5386 mino
400 5330 620 5402 politico
647 5332 809 5418 ‘Pselli
841 5332 1095 5405 Sgnopsis
1125 5334 1215 5388 illa
1247 5342 1501 5404 quartum
1535 5333 1715 5389 locum
1744 5347 2012 5403 occupare
2046 5330 2270 5386 dicitur.

588 5438 678 5494 IX.
708 5468 779 5480 —
806 5440 878 5494 De
912 5438 1149 5509 operibus
1173 5437 1349 5493 Photii
1368 5454 1485 5509 qua
1516 5436 1627 5492 alio
1659 5438 1867 5491 nomine
1893 5452 2046 5507 quam
2071 5453 2105 5491 α
2131 5433 2278 5489 nobis
2313 5434 2458 5489 edite
2488 5445 2633 5499 sunt,
2671 5434 3138 5504 circumferuntur.

312 5531 405 5588 13·
448 5528 685 5585 Libellus
713 5527 778 5582 de
800 5537 993 5595 septeni
1025 5527 1240 5597 synodis
1272 5526 1366 5597 qui
1400 5525 1598 5593 passim
1644 5524 1900 5591 occurrit,
1928 5534 2216 5594 excerptas
2249 5532 2334 5579 est
2384 5538 2449 5579 ex
2500 5520 2680 5579 Photii
2714 5524 2873 5594 epist.
2909 5531 3030 5588 νιν,
3070 5522 3137 5577 ad
3164 5520 3478 5577 Ilicltselerc

237 5618 513 5689 Bulgaria:
543 5615 866 5686 principem,
895 5628 1017 5684 quas
1038 5613 1111 5668 in
1145 5612 1247 5669 hac
1270 5613 1508 5669 editione
1536 5613 1823 5684 reperitur,
1853 5603 1896 5667 t.
1923 5610 1989 5675 ll,
2020 5612 2126 5667 col.
2162 5610 2285 5666 63L

307 5706 407 5760 η’
447 5702 676 5759 Libellus
695 5703 762 5756 de
785 5701 1141 5755 consolatione
1157 5700 1226 5754 ed
1256 5700 1556 5765 Eusebium,
1580 5715 1741 5771 quem
1770 5699 2009 5755 Conratl.
2043 5698 2438 5763 ltitterhnsius,
2471 5713 2615 5752 anno
2647 5698 2804 5763 1601,
2831 5698 2926 5754 Gr.
2962 5697 3083 5754 Lat.
3115 5692 3479 5766 Nttrcnhergii

239 5796 405 5853 edidit
431 5796 539 5853 sub
568 5793 791 5851 nomine
816 5791 1017 5857 Photii,
1047 5792 1390 5862 estejns'lcnt
1424 5792 1602 5849 l’hotii
1628 5792 1860 5864 epistola
1894 5790 2022 5857 245,
2045 5790 2195 5860 apud
2233 5790 2653 5852 Montacutium.
