4198 6440
765 450 800 492 ι
1817 433 2212 496 ΡΒᾸΞῈΑἸῚΟ
2240 433 2325 497 IN
2358 435 2423 496 Pl

1817 433 2212 496 ΡΒΑειτΑΤιο
2240 433 2325 497 IN
2358 433 2620 496 ΡΗΟΤῙῘ
2646 434 2919 498 OPERA.

840 549 939 606 15⁸
976 548 1312 622 (lpnsculnm
1358 546 1436 602 De
1485 546 1807 618 patriarchis
1837 549 2037 617 injuste
2054 549 2260 617 ejectis,
2292 549 2438 618 quod
2484 547 2747 603 laudati.
2781 551 2849 603 Α.
2879 548 3186 613 Fabricius,
3225 563 3332 602 non
3379 547 3824 620 distinguendum
3854 561 3940 609 est
3965 571 3994 613 a

764 643 954 695 decem
979 633 1516 708 Interrogationibus,
1540 649 1682 706 quas
1706 650 1770 690 ex
1806 634 1976 690 Novis
2007 634 2214 689 deliciis
2243 636 2571 688 eruditorum
2597 633 2828 689 Fontani
2862 637 2929 690 ad
2968 635 3127 689 linem
3156 633 3393 706 Operum
3423 633 3600 690 Pbotii
3635 637 3928 694 edidimus.

835 729 925 785 ιϐ’
961 727 1142 783 Pbotii
1168 727 1432 794 Escerpta
1459 738 1525 778 ea:
1548 723 1796 788 Asteriis,
1827 739 1950 792 quae
1985 723 2353 778 Combellsius
2376 723 2565 786 edidit,
2604 738 2671 775 ex
2710 722 2889 776 Pbotii
2921 720 3249 777 Bibliotheca
3276 723 3563 791 desumpta
3592 731 3745 777 sunt.

837 817 928 874 1Ὶ⁶
961 815 1266 871 Cotelerius
1300 814 1353 868 in
1389 812 1744 868 Honumentis
1783 811 2039 866 Ecclesia:
2073 811 2292 872 Graec.
2331 817 2374 866 t.
2424 808 2513 871 Ill,
2537 826 2590 878 p.
2621 809 2745 872 104,
2777 811 2989 880 primus
3023 809 3252 879 protulit
3295 808 3621 878 epusculum
3678 811 3752 864 ita
3798 810 3998 866 inscri-

760 915 912 979 ptnm
942 923 956 958 :
991 902 1144 968 Quod
1173 917 1277 956 non
1309 910 1549 969 oporteat
1572 901 1641 955 ad
1669 909 1950 971 prcsentes
1974 901 2095 954 vita
2123 899 2392 954 molestias
2418 901 2703 950 attendere.
2731 895 2870 962 Quia
2900 897 3028 951 olim
3059 897 3201 951 inter
3217 895 3392 950 Pbotii
3425 893 3695 966 Epistolas
3719 905 3996 953 servatum

760 1002 868 1057 est,
903 990 1034 1046 illud
1063 989 1133 1044 ad
1166 988 1329 1043 linem
1362 987 1486 1042 libri
1514 988 1659 1044 tertii
1691 988 2048 1059 epistolarum
2081 986 2136 1039 in
2165 993 2350 1038 nostra
2378 982 2612 1037 editione
2642 980 3056 1036 collocavimus.

833 1080 932 1136 18⁸
970 1077 1243 1140 stbeus.
1273 1075 1329 1130 ln
1355 1075 1538 1131 Catal.
1569 1076 1688 1130 cod.
1723 1089 1873 1139 ntss.,
1905 1089 1959 1142 p.
1992 1071 2116 1136 lli,
2147 1072 2334 1126 laudat
2363 1068 2540 1122 Photii
2574 1067 2855 1137 Synopsint
2903 1065 3480 1138 logica-Aristotelian,
3507 1077 3563 1123 et
3591 1068 3895 1135 Fabricius,
3928 1084 3996 1125 ex

758 1166 999 1229 Oudino,
1032 1164 1233 1220 asserit
1274 1161 1454 1218 Photii
1481 1159 1764 1231 Synopsins
1804 1159 2192 1231 categoriaruin
2242 1157 2538 1212 immistam
2579 1170 2698 1210 esse
2729 1155 3152 1210 Commentariis
3181 1152 3468 1224 Pliiloponi
3509 1166 3564 1209 et
3600 1155 3872 1211 Ammonii
3936 1156 3994 1212 in

761 1252 1132 1308 Aristotelem.
1166 1249 1244 1305 llli
1271 1257 1522 1304 auctores
1551 1246 1748 1302 Photio
1777 1247 1950 1302 multo
1977 1245 2316 1315 antiquiores
2341 1252 2488 1298 sunt.
2518 1241 2690 1296 Card.
2725 1241 2830 1295 Mai
2857 1241 3055 1311 Script.
3079 1254 3238 1307 oeter,
3269 1251 3309 1296 t.
3339 1241 3381 1303 l,
3406 1241 3560 1312 przel'.
3590 1258 3643 1313 p.
3669 1259 3782 1308 atv,
3807 1253 3996 1299 monet

759 1342 879 1397 illas
902 1337 1158 1411 Synopses
1205 1351 1312 1391 non
1357 1335 1774 1404 distinguendae
1813 1349 1937 1388 esse
1972 1349 2003 1388 a
2046 1331 2440 1400 Qumtionibas
2485 1330 2962 1397 Amphilochianis.
2996 1330 3060 1384 Et
3098 1344 3288 1384 revera
3327 1330 3666 1400 qnestioncs
3705 1332 3996 1401 Amphilo-

760 1430 974 1484 chiana
1002 1423 1105 1479 157
1133 1422 1204 1478 ad
1229 1421 1330 1477 N7
1364 1421 1513 1477 circa
1539 1422 1646 1476 boc
1675 1429 2057 1492 argumentum
2094 1428 2407 1473 versantur.
2431 1418 2552 1478 llic.
2593 1426 2630 1470 t.
2667 1420 2708 1480 ι,
2740 1417 2844 1472 col.
2875 1416 2980 1471 759
3003 1425 3056 1471 et
3086 1431 3205 1487 seq.

1693 1508 1762 1566 Χ.
1794 1538 1865 1550 -
1904 1507 1981 1562 De
2003 1507 2250 1578 operibus
2276 1505 2458 1559 Photii
2483 1505 2780 1573 argumenti
2803 1503 3041 1574 profani.

789 1601 879 1658 i9‘
920 1598 1158 1656 Joannes
1200 1595 1479 1653 Gerardus
1516 1593 1746 1651 Vossius
1780 1596 1834 1650 in
1857 1609 2024 1664 opere
2073 1594 2147 1647 De
2184 1591 2468 1655 Historicis,
2503 1589 2725 1655 Grtccis,
2767 1591 2862 1646 lib.
2904 1608 2963 1656 ll,
2993 1605 3048 1646 e.
3081 1591 3154 1647 25
3183 1590 3393 1662 (Oper.,
3435 1598 3476 1647 t.
3514 1589 3608 1654 IV,
3641 1605 3694 1660 p.
3754 1592 3879 1656 is?)
3917 1593 3991 1649 ita

751 1688 942 1745 scribit
971 1703 988 1743 :
1028 1704 1051 1739 t
1087 1684 1264 1742 Pbotii
1298 1683 1625 1754 patriarchas
1669 1681 1971 1736 Historians
1998 1682 2065 1735 de
2091 1679 2390 1734 rhetoribus
2427 1680 2603 1734 decent
2631 1688 2852 1735 exstare
2891 1680 3011 1750 lego
3040 1680 3095 1734 in
3133 1680 3546 1735 nomenclatore
3581 1677 3808 1736 Roberti
3835 1680 3993 1736 Con-

754 1775 1002 1832 stantini.
1035 1793 1054 1827 ι
1095 1772 1171 1826 De
1195 1772 1307 1833 .ltoc
1332 1771 1472 1826 libro
1497 1771 1662 1825 aliam
1688 1769 1936 1823 notitiam
1967 1768 2172 1822 nullam
2203 1768 2402 1837 reperi.

815 1863 908 1916 20°
942 1859 1167 1914 Lexicon
1197 1856 1443 1913 Gracum
1482 1856 1586 1911 sub
1620 1856 1844 1910 nomine
1879 1853 2057 1908 Pbotii
2091 1854 2268 1907 forma
2311 1855 2363 1907 in
2391 1855 2469 1918 ι’,
2498 1870 2645 1909 anno
2670 1855 2829 1921 l808,
2864 1854 3061 1926 Lipsie
3081 1856 3253 1913 edidit
3281 1857 3346 1913 ι).
3370 1857 3671 1916 Hermann.
3698 1858 3861 1915 Liber
3889 1875 3994 1916 au-

747 1959 856 2005 tem
882 1949 1044 2020 paulo
1073 1955 1199 2017 post
1223 1947 1420 2002 iterum
1451 1945 1595 2016 typis
1622 1944 1922 2013 impressus
1953 1950 2038 1998 est
2065 1943 2171 1997 hoc
2207 1942 2400 1996 titulo:

2331 1957 2365 1995 o
2388 1960 2400 1996 :
2425 1943 2630 1996 Φωτιου
2651 1942 2747 1996 τοῦ
2771 1944 3112 2014 πατριάρχου
3142 1943 3356 2010 Λέξεων
3381 1946 3681 2018 Συναγωγή
3698 1987 3714 2012 ,
3752 1963 3782 2002 e
3810 1948 3989 2002 codice

750 2038 983 2092 Galeam
1014 2034 1298 2104 descripsit
1340 2031 1604 2087 Ricardus
1633 2030 1930 2096 Porsonsts,
1965 2031 2003 2084 2
2023 2030 2134 2087 vol.
2159 2028 2239 2093 8',
2267 2028 2630 2100 Cantabrigie
2665 2031 2818 2086 l822.
2855 2030 3134 2087 Porsonus
3158 2033 3212 2087 in
3242 2031 3425 2088 ιιεεὶσὲ
3455 2034 3775 2105 pralatione
3805 2044 3994 2090 monet

753 2125 815 2180 D.
845 2122 1146 2186 Blomlield,
1187 2123 1242 2176 in
1272 2119 1536 2175 Censuris
1562 2116 1956 2181 Edinensibus,
1984 2125 2139 2186 parte
2187 2131 2322 2184 aut,
2353 2117 2421 2172 de
2455 2117 2649 2172 letio
2692 2120 2952 2185 praeclare
2984 2121 3292 2190 scripsisse.
3310 2121 3508 2178 Oudin.
3534 2126 3602 2189 (t.
3629 2121 3696 2188 ll,
3718 2123 3823 2178 col.
3855 2123 3989 2192 206)

747 2211 937 2264 scribit
961 2208 1134 2264 Pbotii
1162 2205 1391 2262 Lazicon
1418 2206 1583 2269 ιιι-ι’,
1609 2207 1815 2261 editum
1843 2202 2037 2271 fuisse,
2064 2203 2291 2270 Kilonii,
2314 2219 2407 2260 an.
2439 2205 2599 2268 i706.
2628 2213 2685 2260 et
2721 2206 2775 2259 in
2819 2205 2983 2261 codd.
3019 2222 3156 2263 mss.
3183 2208 3407 2264 inscribi
3439 2211 3768 2280 quandoque
3803 2208 3989 2266 Photii

750 2305 893 2366 patr.
926 2293 1034 2351 (ΣΡ.
1067 2292 1494 2365 Etyntologicutn
1521 2307 1790 2362 magnum.

1467 2376 1560 2433 λι.
1582 2405 1654 2418 —
1679 2377 1758 2433 De
1784 2379 1852 2434 iis
1883 2379 1975 2448 qui
2007 2378 2063 2431 in
2089 2377 2422 2432 elucidandis
2450 2376 2694 2445 operibus
2717 2376 2896 2430 Photii
2927 2376 3265 2432 insudaruttt.

812 2474 907 2529 2P
945 2471 1147 2526 Praeter
1176 2485 1274 2526 eos
1298 2470 1392 2539 qui
1427 2469 1819 2525 Collectionem
1846 2468 2087 2539 Operum
2123 2467 2300 2522 Pbotii
2344 2475 2743 2535 praepararunt,
2777 2465 3033 2519 laudandi
3060 2477 3188 2521 sunt
3231 2468 3397 2522 etiam
3424 2469 3466 2522 il
3492 2468 3587 2537 qui
3622 2485 3786 2540 opera
3814 2473 3990 2542 parti-

746 2561 956 2620 cularia
980 2561 1275 2614 emendare
1308 2557 1390 2613 vel
1406 2557 1682 2612 elucidare
1721 2557 1902 2612 conati
1920 2563 2070 2611 sunt.
2100 2555 2156 2609 Si
2193 2554 2325 2608 Ildes
2357 2551 2650 2606 Annalibus
2695 2549 3154 2618 Trioultiensibus,
3185 2552 3489 2609 Boernerus
3520 2556 3588 2611 de
3619 2561 3989 2628 componenda

747 2665 886 2706 nova
913 2647 1268 2703 translatione
1285 2644 1478 2700 Latina
1497 2644 1848 2715 lyriobiblii,
1872 2659 1970 2700 seu
1992 2643 2333 2697 Bibliotheca
2354 2639 2551 2702 Phntii,
2573 2639 2849 2706 cogitavit.
2872 2637 3176 2706 (Hemoires
3199 2642 3263 2694 de
3288 2639 3548 2705 Trésoua.
3574 2643 3734 2702 1701.
3761 2663 3810 2716 p.
3835 2647 3990 2718 286.)

813 2736 908 2790 22°
941 2734 1196 2789 Eamdam
1221 2743 1462 2801 spartam
1492 2746 1692 2786 ornare
1718 2739 1956 2800 cmperat
1974 2729 2237 2785 Claudius
2269 2728 2600 2797 Caperonier
2629 2726 2979 2792 Parisiensis,
3007 2728 3228 2795 adjutus
3249 2735 3291 2782 0a
3326 2728 3488 2784 Patre
3530 2729 3894 2790 Tournctnine
3931 2748 3986 2790 et

744 2822 912 2877 Ellies
935 2821 1322 2890 Dupin,etjam
1351 2819 1748 2888 quinquaginta
1785 2817 1911 2872 folia
1941 2817 2512 2888 typisimpresserant,
2534 2814 2756 2883 quando
2770 2813 2832 2868 E.
2858 2813 3030 2884 Dupin
3058 2817 3112 2869 in
3147 2816 3398 2871 exsilium
3429 2820 3629 2873 missus
3672 2831 3754 2874 est
3795 2828 3850 2875 et
3875 2823 3988 2878 edi-

743 2920 819 2965 t:o
838 2908 1116 2962 derelicta.
1138 2903 1285 2978 (Vid.
1314 2906 1594 2975 Suppletn.
1621 2905 1813 2959 Ioreri
1835 2905 1995 2967 1749.
2018 2915 2058 2959 t.
2086 2904 2128 2967 l,
2153 2902 2334 2973 p.228
2371 2911 2425 2956 et
2455 2904 2513 2954 ι).
2539 2900 2754 2956 Gellicr.
2778 2900 2923 2955 Hist.
2940 2902 3030 2955 des
3061 2904 3222 2957 ἐστιν.
3252 2905 3463 2966 ecclés..
3488 2914 3528 2961 t.
3557 2904 3679 2959 XIX
3709 2946 3724 2971 ,
3752 2924 3804 2973 p.
3832 2909 3990 2980 432.)

811 2997 905 3051 25'
942 2991 1254 3049 Translatio
1277 2990 1483 3047 Gallica
1501 2993 1666 3046 trium
1687 2993 1995 3046 orationum
2030 2991 2204 3046 Photii
2237 3005 2364 3043 cum
2423 2990 2588 3053 notis,
2648 2989 2904 3044 inseritur
2943 2990 3096 3060 operi
3146 2991 3288 3060 quod
3337 2991 3657 3047 inscribitur
3689 3010 3703 3045 :
3748 2992 3988 3052 Histoire

738 3084 801 3136 de
821 3081 1144 3136 l'Acadentie
1175 3081 1266 3133 des
1287 3080 1627 3147 inscriptions
1657 3091 1706 3133 et
1740 3078 2131 3142 belles4ettres,
2163 3088 2205 3132 t.
2236 3075 2375 3144 XVI,
2400 3093 2453 3147 p.
2476 3075 2566 3131 98.
2593 3074 2770 3141 Paris,
2810 3076 2969 3133 l'l5l.
2997 3076 3070 3132 De
3101 3075 3299 3132 Pbotio
3347 3092 3529 3133 sermo
3555 3079 3786 3135 habetur
3811 3083 3866 3137 in
3893 3097 3984 3138 ea-

743 3171 867 3223 dem
898 3166 1239 3228 collectione,
1274 3173 1314 3218 t.
1349 3163 1486 3226 XIV,
1527 3179 1582 3234 p.
1609 3165 1713 3220 180
1740 3174 1793 3220 et
1821 3178 1937 3235 seq.
1967 3163 2140 3229 Paris,
2170 3164 2331 3219 1⁸715.

801 3259 894 3313 25°
935 3257 1161 3312 Annales
1193 3253 1564 3308 Triuultienses
1587 3255 1890 3324 (Memoires
1915 3255 1980 3309 de
2009 3253 2266 3317 Trevoua,
2303 3269 2356 3324 p.
2390 3253 2548 3319 1941,
2581 3269 2672 3307 an.
2719 3255 2883 3324 £722)
2927 3253 3224 3323 fragmenta
3257 3259 3577 3313 esscribunt
3615 3260 3986 3320 translationfs

737 3346 958 3401 Gallica
987 3344 1342 3413 episto‘arum
1373 3341 1436 3394 11
1469 3351 1525 3396 et
1551 3341 1617 3395 i2
1643 3343 1710 3396 ad
1749 3343 2058 3397 Micliaelem
2084 3342 2148 3396 ιιι
2171 3341 2438 3410 Bulgaria
2457 3343 2781 3411 principem,
2804 3357 2970 3413 quam
3005 3347 3251 3400 versibus
3277 3347 3541 3416 scriptam
3573 3349 3742 3402 edidit
3789 3362 3983 3406 auctor

738 3435 926 3490 Gallus
949 3433 1051 3487 boc
1078 3430 1239 3484 titulo
1273 3447 1286 3483 :
1323 3448 1342 3480 s
1392 3427 1655 3483 Maximos
1693 3446 1827 3499 pour
1859 3431 1914 3484 la
1939 3432 2187 3484 conduite
2212 3430 2286 3482 du
2331 3429 2512 3497 prince
2549 3428 2763 3492 Micltel,
2802 3430 2882 3483 roi
2902 3431 2967 3486 de
2994 3430 3282 3503 Bulgarie,
3315 3449 3412 3504 par
3445 3433 3694 3491 Bernard
3723 3435 3982 3508 'l'ltéatin,

744 3523 904 3578 oll'ert
931 3521 964 3575 b
994 3520 1159 3575 Louis
1180 3516 1297 3584 XV,
1322 3516 1502 3580 Paris,
1521 3517 1718 3572 l7l8.s

1568 3605 1684 3660 XII.
1708 3634 1780 3645 —
1806 3604 1888 3662 De
1923 3607 1990 3661 iis
2016 3610 2105 3678 qui
2137 3619 2256 3663 acta
2293 3619 2342 3664 et
2374 3612 2572 3678 scripta
2613 3608 2791 3665 Pltotii
2818 3609 3175 3664 elucidarunt.

806 3698 1070 3750 Auctores
1089 3705 1411 3746 enumerare
1441 3692 1532 3758 qui
1561 3692 1630 3746 de
1665 3693 1803 3748 actis
1825 3705 1878 3750 et
1908 3697 2126 3765 scriptis
2156 3696 2328 3752 Photii
2359 3698 2602 3752 nctitiam
2629 3697 2906 3760 exhibent,
2935 3697 3022 3750 vis
3056 3695 3313 3764 possibile
3365 3703 3470 3751 est.
3513 3695 3793 3768 Quotquot
3825 3699 3974 3754 enim

740 3783 1036 3838 Histeriam
1064 3779 1321 3836 Ecclesia:
1343 3779 1427 3833 vel
1462 3778 1758 3834 Historiam
1788 3783 2116 3849 scriptorum
2148 3784 2640 3838 ecclesiasticorum
2676 3784 3013 3851 attigerunt,
3049 3780 3225 3836 Pltotii
3259 3791 3408 3850 gesta
3447 3793 3780 3838 enarrarunt
3825 3794 3880 3838 et
3910 3789 3979 3844 de

739 3872 861 3939 eius
889 3870 1041 3924 libris
1068 3870 1392 3924 sententiam
1419 3868 1784 3937 protulerunt.
1817 3869 1960 3926 Inter
1987 3880 2197 3927 veteres
2241 3885 2403 3926 nemo
2425 3908 2441 3934 ,
2477 3869 2619 3923 inter
2655 3870 2988 3925 recentiores
3023 3870 3123 3924 soli
3165 3879 3525 3938 protestantes
3565 3886 3689 3924 eunt
3726 3870 3982 3930 laudibus

742 3957 1013 4027 prosecuti
1047 3967 1202 4018 sunt,
1236 3969 1342 4009 non
1371 3955 1520 4026 quod
1553 3954 1708 4010 laude
1738 3956 1937 4028 dignus
1969 3956 2058 4024 sit,
2093 3958 2184 4013 sed
2210 3959 2338 4029 quia
2375 3956 2558 4012 sedem
2596 3958 2950 4027 apostolicam
2973 3994 2990 4023 ,
3014 3971 3176 4028 quam
3211 3957 3314 4026 ipsi
3351 3955 3478 4011 odio
3506 3957 3738 4023 habent,
3799 3965 3980 4015 auda-

741 4052 858 4097 cter
880 4053 1170 4109 aggressus
1197 4047 1301 4094 est.

809 4127 883 4181 Ea
908 4141 1028 4196 quae
1055 4141 1084 4180 a
1119 4125 1311 4182 Photio
1338 4126 1421 4181 vel
1458 4127 1512 4182 in
1542 4128 1664 4199 ejus
1691 4143 1859 4184 causa
1888 4137 2036 4198 gesta
2084 4139 2212 4184 sunt
2245 4130 2365 4186 fuse
2390 4122 2611 4187 enarrat
2647 4131 2935 4196 Baronius,
2970 4133 3130 4203 cujus
3174 4132 3319 4188 dicta
3367 4134 3655 4189 conﬁrmat
3691 4131 3891 4206 Pagins
3924 4136 3978 4190 in

737 4215 880 4271 notis
909 4214 1025 4268 suis
1050 4213 1117 4268 ad
1147 4213 1342 4268 Annal.
1372 4213 1607 4277 Baronil.
1640 4215 1860 4270 Multam
1889 4217 2063 4270 lucem
2094 4218 2179 4272 Itis
2205 4219 2368 4289 gestis
2397 4219 2683 4274 all'undunt
2713 4221 2886 4300 etiam
2905 4231 3026 4276 acta
3055 4221 3434 4277 conciliorum.

803 4300 879 4356 De
904 4301 1060 4356 libris
1089 4299 1265 4356 Pltotii
1291 4311 1545 4357 accurate
1573 4302 1910 4372 scripserunt
1935 4301 2206 4368 Labbeus,
2241 4305 2404 4370 Cave,
2436 4306 2703 4370 Oudinus,
2733 4306 2788 4364 J.
2813 4310 2879 4362 Δ.
2909 4307 3209 4369 Fabricius,
3245 4307 3442 4378 Dupin,
3481 4309 3616 4364 Dom
3640 4307 3856 4371 Cellier.
3883 4320 3937 4365 et
3960 4351 3976 4374 ,

736 4397 797 4444 ut
829 4389 1012 4454 audio,
1056 4389 1223 4444 etiam
1273 4390 1561 4445 Dositbeus
1595 4391 1902 4460 patriarcha
1946 4389 2492 4463 Hierosolymitanus,
2519 4409 2617 4466 pro
2665 4393 2889 4463 Graecis,
2916 4396 2971 4450 in
3015 4393 3339 4450 Preiatione
3384 4397 3679 4456 voluminis
3709 4397 3856 4468 quod
3891 4399 3974 4454 in-

738 4474 998 4532 scribitur
1025 4474 1202 4548 τόμος
1225 4476 1425 4547 χαρᾶς,
1457 4490 1606 4534 anno
1637 4475 1777 4533 1705
1809 4477 1953 4550 typis
1979 4477 2134 4534 editi.

2573 4568 2752 4640 em",
2790 4570 2825 4627 s
2857 4569 3162 4627 decembris
3213 4569 3375 4627 l860.
