4198 6440
699 422 777 491 11
1867 427 1949 487 ΙΝ
1983 428 2088 487 ΛΜ
2099 424 2525 491 ιιιιιιοοΗιΑ
2554 430 2816 492 ΡΗΟΤΙΙ
3914 430 3985 501 12

707 549 834 592 run
860 533 1324 592 etcatholicarum
1362 531 1730 604 Epistolarum
1755 548 2130 607 exponuntur.
2159 539 2298 596 Phi-
2323 543 2378 603 Α
2401 543 2615 599 ratione
2653 559 2755 598 nec
2783 541 2899 612 pari
2929 540 3187 598 felicitate
3221 542 3605 611 enucleantur,
3631 543 3985 614 quemadmo-

708 628 973 700 lologicas
1010 643 1152 698 saepe
1182 629 1599 683 observationes
1651 629 1858 698 profert
1887 629 2116 688 Photius
2159 633 2304 702 (69).

719 724 982 794 reliquias
1013 722 1302 778 nonnullas
1327 723 1681 793 antiquarum
1715 727 2034 782 versionum
2070 729 2303 798 Aquila,

713 815 1029 888 Symmachi
1060 825 1117 869 et
1143 813 1538 872 Theodotionis
1560 817 1719 872 nobis
1748 819 2060 888 suppeditat
2082 821 2226 889 (78),
2251 833 2309 876 et

715 904 961 960 sobriam
1022 904 1347 974 plerumque
1403 907 1656 972 sequitur
1709 906 2102 978 interpretandi
2137 911 2310 965 ratio-

717 1011 868 1062 nem,
893 1011 1002 1066 qua
1033 995 1470 1066 alleget-istarum
1500 997 1970 1054 immoderautiatn
1997 1010 2050 1054 et
2079 1015 2307 1070 perver-

716 1088 933 1143 sitatem
949 1089 1227 1159 respuitac
1237 1089 1466 1160 castigat
1480 1088 1613 1159 (7i).
1627 1105 1802 1159 neque
1820 1100 1994 1144 tamen
2014 1095 2308 1162 mysticum

717 1195 941 1236 sensum
988 1181 1263 1251 reprobat.
1297 1177 1414 1236 lmo
1465 1196 1840 1249 saepenumero
1871 1183 2084 1238 Veteris
2108 1181 2309 1238 Testae

720 1271 891 1326 menti
924 1272 1033 1342 typi
1068 1272 1173 1325 late
1201 1270 1498 1326 admodum
1519 1271 2091 1344 illustrantur(72),et
2113 1275 2309 1330 littera:

727 1362 992 1432 spiritus,
1044 1362 1332 1432 γράμματι
1386 1360 1624 1430 πνεῦμα,
1677 1360 1959 1432 praefertur
1996 1363 2134 1434 (73).
2191 1362 2309 1418 Non

718 1451 914 1507 cuncta
927 1453 1146 1522 quidem
1181 1453 1577 1516 solide,verum
1597 1455 1857 1523 pleraque
1887 1456 2173 1524 perspicue
2219 1471 2314 1510 ex-

723 1549 1048 1615 planantur;
1079 1548 1314 1602 varietas
1338 1557 1522 1602 tamen
1556 1561 1609 1602 et
1651 1559 1909 1604 constans
1936 1551 2312 1620 antiquiorum

721 1653 855 1692 usus
885 1637 985 1692 hos
1008 1639 1433 1695 commentarios
1453 1650 1816 1703 exornant,ex
1837 1643 2037 1710 quibus
2055 1643 2311 1712 plurima,

721 1745 844 1801 quae
869 1730 1022 1786 Pauli
1069 1730 1341 1802 Epistolas
1365 1734 1658 1798 illustrant,
1681 1735 1889 1789 scholia
1918 1735 1973 1790 in
1991 1735 2314 1792 (Ecumenii

723 1824 1149 1878 commentarios
1195 1823 1551 1880 transierunt.

2410 635 2540 690 dum
2565 651 2666 692 nec
2695 636 2894 690 desunt
2926 635 3215 698 Diatribc,
3241 635 3297 690 in
3327 635 3530 705 quibus
3563 634 3790 691 Photius
3820 637 3986 692 nimis

2409 741 2512 783 suo
2542 729 2758 799 ingenio
2775 727 3016 797 indulget
3031 736 3088 783 et
3117 728 3277 783 modo
3296 727 3579 784 brevitatis
3592 729 3794 793 studio,
3815 730 3981 783 modo

2410 819 2700 872 verborum
2715 819 3218 888 sententiarumque
3231 820 3384 889 copia
3405 819 3674 874 obscurus
3697 819 3774 875 fit.
3795 817 3986 889 Neque

2411 909 2684 965 scribendi
2733 925 2905 982 genus
2927 910 3119 965 eodem
3158 909 3390 980 iudicari
3433 913 3595 965 modo
3627 919 3837 980 potest.
3869 919 3987 964 tum

2412 1003 2555 1072 quod
2582 1017 2648 1056 ex
2675 1009 2755 1057 tot
2793 1001 3112 1056 auctoribus
3149 1002 3310 1072 plane
3334 1001 3565 1058 diversis
3613 1002 3992 1074 singularique

2410 1090 2739 1146 elocutionis
2757 1089 2933 1146 forma
2951 1090 3224 1146 distinctis
3241 1089 3472 1160 plurima
3487 1090 3727 1145 derivata
3742 1088 3989 1151 fuerunt,

2414 1191 2530 1238 tum
2553 1184 2700 1254 quod
2732 1183 2847 1252 ipse
2869 1183 3120 1244 Photius,
3147 1183 3243 1253 qui
3267 1191 3376 1236 tam
3418 1181 3693 1252 ingentem
3720 1182 3991 1236 librorum

2414 1276 2624 1343 copiam
2650 1265 2946 1337 evolverat,
2980 1290 3011 1328 a
3059 1275 3261 1345 seipso,
3284 1275 3429 1344 quod
3453 1275 3522 1329 ad
3545 1274 3838 1328 dictionem
3862 1286 3994 1341 spe-

2413 1374 2544 1424 ctat.
2563 1362 2837 1419 interdum
2859 1363 3149 1432 discrepat.
3173 1364 3317 1416 Sane
3333 1377 3495 1418 nemo
3505 1364 3734 1433 ignorat,
3751 1369 3994 1433 quanto-

2414 1465 2541 1518 pere
2568 1450 2973 1504 eruditissimus
3009 1451 3090 1503 vir
3114 1465 3145 1503 a
3174 1452 3403 1506 candida
3437 1453 3738 1521 priscorum
3771 1453 3992 1508 Attico-

2417 1553 2539 1592 rum
2583 1540 2935 1608 simplicitate
2965 1548 3020 1593 et
3065 1541 3332 1610 elegantia
3361 1540 3676 1606 deﬂexerit,
3711 1559 3994 1614 quamque

2415 1645 2541 1683 raro
2573 1633 2847 1700 puriorem
2875 1630 3029 1684 illum
3054 1630 3272 1686 dicendi
3292 1632 3510 1688 modum
3540 1635 3802 1702 attigerit,
3826 1650 3996 1705 quem

2417 1737 2476 1777 se
2506 1723 2719 1792 plurimi
2777 1721 2956 1776 facere
2990 1737 3364 1791 szepenumero
3416 1733 3768 1793 protestatur,
3799 1740 3997 1794 quem-

2420 1829 2526 1883 que
2555 1815 2830 1882 discipulis
2879 1824 3138 1885 tanquam
3185 1819 3487 1874 studiorum
3516 1827 3714 1874 metam
3739 1821 3999 1890 proponit

794 1909 883 1967 12.
924 1910 1005 1964 Ad
1048 1911 1275 1967 alteram
1312 1912 1509 1972 seriem
1542 1914 1686 1983 quod
1731 1915 1946 1982 attinet,
1985 1918 2206 1973 circiter
2237 1919 2310 1975 50

2423 1909 2884 1979 prosequendum.
2923 1909 3112 1964 Oratio
3140 1909 3262 1978 ejus
3292 1925 3434 1980 saepe
3479 1886 3756 1981 ampullas
3777 1886 3998 1982 projicit

723 2002 1057 2069 quzestiones
1093 2015 1415 2074 argumenta
1453 2005 1762 2076 dugmatica
1793 2021 2224 2079 prosequuntur.
2247 2012 2307 2068 ln

2423 2009 2769 2071 )rnatumque
2810 2001 3041 2056 nimium
3077 1999 3336 2068 aﬂ’ecut;
3375 2003 3502 2057 alibi
3545 2003 3730 2059 rudior
3761 2012 3994 2073 apparet

725 2095 812 2151 his
843 2099 1101 2169 mysteria
1121 2097 1405 2156 Trinitatis
1425 2113 1480 2156 et
1510 2103 1904 2162 incarnationis
1934 2107 2172 2178 primum
2201 2107 2306 2163 sibi

726 2187 909 2246 locum
938 2191 1232 2256 vindicant,
1260 2193 1328 2247 de
1347 2193 1548 2260 quibus
1576 2199 1775 2266 saepius
1807 2199 1942 2270 (71),
2001 2200 2107 2254 etsi
2145 2201 2312 2254 inter-

2415 2103 2580 2164 atque
2611 2094 2762 2148 humi
2803 2094 3195 2165 propemodum
3223 2099 3686 2166 repens;concisa
3718 2097 3994 2153 interdum

2418 2187 2826 2241 dialecticorum
2861 2203 3033 2249 more,
3065 2187 3202 2243 alias
3228 2191 3508 2242 rhetorum
3537 2190 3860 2256 posterioris
3889 2191 3991 2245 aevi

727 2281 856 2336 dum
909 2283 1165 2339 subtilius
1196 2301 1362 2354 quam
1416 2289 1598 2345 verius
1623 2328 1638 2353 ,
1668 2289 1994 2357 disseritur;
2029 2291 2312 2360 polemica
2411 2277 2639 2333 “oribus
2669 2279 2811 2334 haud
2856 2280 2993 2334 bene
3021 2279 3288 2348 οοηίαιιει
3321 2295 3488 2350 sul)ra
3522 2281 3742 2335 "'Odum
3771 2297 3993 2337 οπηιοω

729 2387 950 2443 quoque
978 2373 1030 2426 in
1053 2372 1274 2431 Lstinos
1298 2375 1551 2433 Diatriba:
1571 2394 1678 2432 non
1697 2381 1912 2444 desunt,
1936 2383 2139 2453 quibus
2161 2398 2312 2452 quae-

2415 2370 2635 2437 referta,
2662 2373 2825 2426 modo
2851 2372 2999 2426 clara
3032 2373 3259 2426 omnino
3288 2380 3343 2427 et
3368 2373 3678 2442 perspicua,
3703 2374 3864 2428 modo
3891 2374 3994 2429 ob-

729 2464 856 2518 dam
882 2479 1072 2520 eorum
1101 2465 1169 2521 de
1193 2470 1541 2536 processione
1571 2469 1806 2539 Spiritus
1845 2474 2025 2528 sancti
2053 2490 2122 2529 ex
2153 2474 2314 2529 Patre

2423 2464 2730 2520 tcurissima
2753 2474 2808 2519 et
2831 2465 2980 2519 tironi
3008 2466 3182 2535 gratia
3202 2465 3458 2520 destituta
3495 2463 3630 2535 (82).
3659 2463 3991 2536 Versipeilex

729 2551 978 2625 Filioque
999 2567 1322 2626 argumenta
1347 2558 1684 2628 impeluntur
1720 2561 1857 2631 (75).
1880 2561 2167 2619 Tractatus
2184 2579 2317 2619 vero

732 2644 811 2700 De
850 2647 1210 2702 voluntatibus
1255 2651 1513 2720 gnomicis
1549 2652 1736 2708 subtili
1787 2656 2206 2725 argumentandi
2262 2665 2318 2711 et

732 2739 1040 2808 argutiendi
1077 2741 1240 2795 modo
1284 2740 1448 2798 facile
1493 2752 1726 2800 creteros
1749 2757 1990 2816 superat.
2044 2747 2314 2804 Praeterea

733 2831 930 2901 dogma
977 2833 1045 2887 de
1078 2835 1381 2889 aeternitate
1424 2852 1712 2906 pmnarum
1761 2839 2106 2904 defenditur,
2155 2842 2319 2896 realis

732 2921 941 2978 Christi
999 2924 1053 2978 in
1109 2925 1456 2984 Eucharistia
1504 2933 1833 3000 praesentia,
1895 2933 2201 3003 baptismus
2261 2936 2315 2989 in

733 3010 1021 3069 Trinitatis
1055 3025 1269 3071 tantum
1301 3020 1524 3074 nomine
1545 3022 2035 3088 administrandus,
2059 3034 2316 3093 perpetua

733 3103 908 3160 beatae
963 3105 1143 3162 Mariae
1180 3109 1465 3180 virginitas
1520 3110 1665 3166 haud
1705 3112 2000 3182 incongrue
2041 3114 2320 3170 vindican-

739 3205 828 3251 tur
863 3197 1004 3265 (76).

809 3288 900 3342 13.
934 3285 1121 3344 Tertio
1141 3289 1360 3346 demum
1379 3292 1499 3348 loco
1525 3293 1755 3347 veniunt
1777 3293 1979 3350 diversi
2009 3299 2316 3367 argumenti

736 3381 1088 3450 quaestiones.
1120 3382 1278 3437 llodo
1315 3383 1630 3440 Aristotelis
1662 3387 1964 3456 categorias
1995 3388 2132 3458 (77),
2157 3393 2320 3446 modo

737 3472 964 3539 Patrum
995 3476 1070 3544 (et
1099 3476 1316 3546 quidem
1348 3476 1598 3550 Gregorii
1642 3479 2000 3545 Nazianzeni,
2044 3481 2232 3552 Cyrilli
2268 3493 2324 3538 et

736 3565 962 3622 Joannis
1003 3565 1250 3635 Climaci)
1294 3567 1438 3622 dicta
1472 3568 1587 3639 (78)
1642 3581 2038 3624 commentatur
2076 3571 2319 3626 Photius.

738 3657 821 3718 Ad
866 3659 1148 3713 historiam
1177 3659 1495 3715 litterariam
1528 3671 1773 3730 spectant
1811 3679 1930 3731 qua:
1980 3662 2048 3719 de
2092 3664 2326 3720 Asteriis

740 3749 886 3804 etde
918 3749 1156 3804 Eusebio
1184 3749 1511 3806 Caesariensi
1539 3752 1784 3822 disputat
1817 3754 1965 3825 (79);
2007 3755 2074 3809 ad
2108 3757 2318 3826 mytho-

743 3842 940 3912 logiam
975 3858 1096 3912 quae
1134 3844 1201 3897 de
1247 3841 1479 3899 Hercule
1517 3845 1817 3902 Amaltheae
1857 3862 2028 3902 cornu
2079 3859 2326 3918 gestante

743 3935 985 3996 disserit,
1018 3936 1082 3990 ad
1109 3936 1463 4006 philologiam
1497 3937 1679 3993 brevis
1707 3940 1773 3994 de
1805 3942 1951 3995 verbi
1977 3941 2092 4010 ειμι
2119 3941 2324 3996 redun-

744 4026 928 4081 dantia
946 4033 1210 4080 tractatus
1238 4026 1376 4093 (80).
1401 4026 1659 4082 [lationes
1676 4029 2160 4100 quadragesimalis
2184 4030 2326 4100 jeju-

745 4121 823 4174 nii
847 4129 901 4174 et
929 4128 1145 4174 statuta
1184 4119 1254 4175 ab
1285 4119 1530 4176 Ecclesia
1583 4123 1999 4191 irregularitatis
2020 4140 2085 4180 ex
2114 4125 2326 4179 defectu

745 4212 998 4280 corporis
1021 4213 1282 4282 exquirit,
1311 4214 1376 4268 de
1405 4213 1544 4269 ideis
1581 4212 1881 4271 Platonicis
1900 4257 1914 4280 ,
1950 4217 2018 4271 de
2050 4233 2249 4287 genere
2274 4225 2328 4270 et

748 4305 951 4374 specie.
979 4305 1044 4359 de
1079 4303 1408 4376 Sibyllarum
1431 4322 1684 4371 numero,
1716 4307 1783 4362 de
1819 4320 2094 4380 magnete,
2119 4310 2186 4363 de
2201 4309 2328 4363 anni

746 4397 941 4461 initiis,
961 4397 1029 4452 de
1048 4395 1324 4465 Kalendis,
1355 4397 1526 4455 Nonis
1549 4409 1603 4455 et
1631 4399 1815 4456 Idibus
1841 4402 2074 4472 aliisque
2095 4403 2330 4456 breviter

750 4489 863 4560 agit
893 4489 1026 4559 (81).
1060 4489 1164 4545 Tot
1217 4505 1282 4546 ac
1335 4500 1443 4545 tam
1489 4492 1706 4547 diversa
1753 4503 2076 4562 argumenta
2134 4493 2328 4562 partim

2417 2555 2584 2610 homo
2612 2557 2754 2628 stylo
2784 2571 3004 2628 quoque
3029 2571 3153 2613 sese
3173 2555 3380 2628 prodit.

2489 2735 2578 2791 15.
2619 2734 2756 2791 Illud
2790 2735 3011 2791 deruunt
3059 2734 3433 2800 monendum,
3472 2735 3734 2791 nonnulla
3769 2750 3879 2791 non
3929 2733 4004 2790 ad

2420 2830 2701 2885 catholicae
2731 2829 2990 2884 doctrinm
3036 2844 3280 2883 normam
3321 2845 3423 2884 nec
3465 2840 3719 2883 accurate
3759 2839 3814 2884 et
3843 2837 4008 2884 caute

2421 2923 2558 2977 satis
2588 2921 2855 2991 disputari
2879 2931 2933 2975 et
2966 2921 3217 2976 abstrusa
3244 2921 3489 2990 quredam
3515 2937 3580 2976 ex
3613 2921 4008 2991 areopagiticis

2421 3019 2640 3086 scriptis
2685 3021 2882 3071 hausta
2937 3017 2989 3068 in
3025 3015 3350 3084 Dogmatict’s
3397 3014 3644 3067 diatribis
3691 3015 4000 3078 contineri,

2421 3125 2540 3179 qua:
2579 3124 2766 3164 sanam
2817 3110 3354 3178 interpretationem,
3402 3108 3504 3163 etsi
3531 3123 3637 3162 non
3669 3107 3994 3170 excludere,

2423 3216 2665 3261 attamen
2693 3205 2969 3261 dillicilem
3003 3205 3228 3259 omnino
3267 3203 3491 3258 reddere
3519 3202 3828 3257 videantur.
3877 3200 4008 3256 Non

2426 3315 2489 3353 ea
2517 3308 2762 3359 tantum,
2811 3312 2935 3366 quae
2985 3297 3051 3349 ad
3107 3295 3535 3350 controversiam
3575 3292 3801 3348 Latinos
3861 3293 4012 3348 inter

2426 3398 2588 3458 atque
2616 3387 2836 3442 Graecos
2879 3389 3159 3456 agitatam,
3194 3400 3314 3449 seu,
3343 3392 3404 3438 ut
3447 3384 3652 3437 rectius
3685 3383 4009 3452 loquamur,

2427 3483 2492 3536 ad
2519 3484 2712 3551 dogma
2748 3481 2816 3533 de
2849 3479 3084 3547 Spiritus
3111 3475 3283 3530 sancti
3314 3491 3380 3530 ex
3413 3476 3572 3529 Patre
3596 3472 3846 3544 Filioque
3871 3489 4010 3543 pro-

2429 3573 2678 3628 cessione
2705 3570 3038 3634 referuntur,
3067 3583 3254 3622 verum
3291 3577 3347 3621 et
3373 3570 3624 3638 quaedam
3657 3567 3783 3629 alia,
3802 3580 3926 3635 qua:
3948 3564 4012 3621 in

2431 3665 2582 3720 hisce
2605 3662 3002 3734 quaastionibus
3030 3667 3350 3722 occurrunt,
3381 3659 3499 3712 suis
3520 3658 3840 3727 plerumque
3869 3656 4016 3710 locis

2431 3758 2499 3811 ab
2521 3755 2826 3810 editoribus
2849 3755 3109 3808 adnotata
3140 3767 3168 3804 a
3196 3750 3455 3820 gravibus
3485 3764 3550 3803 ac
3579 3748 3818 3803 eordatis
3847 3749 4016 3802 theo-

2433 3847 2570 3918 logis
2607 3848 2706 3900 hac
2737 3847 2790 3899 in
2841 3855 2994 3914 parte
3036 3844 3446 3913 perstringenda
3493 3852 3641 3896 sunt.
3675 3840 4016 3895 Locutiones

2432 3955 2573 4008 sape
2595 3939 2664 3992 ab
2690 3937 3060 3992 ecclesiastico
3091 3935 3348 4004 loquendi
3391 3949 3491 3988 usu
3515 3932 3768 3988 diﬂ'erunt
3799 3942 3856 3986 et
3876 3931 4022 3988 dim-

2433 4030 2728 4084 cultatibus
2757 4037 2886 4083 sunt
2911 4028 3178 4089 obnoxiae,
3207 4038 3437 4094 quarum
3472 4033 3653 4078 tamen
3686 4024 3860 4092 major
3881 4038 4021 4093 pars

2434 4130 2741 4190 opportune
2773 4134 2838 4172 ex
2872 4118 2997 4172 aliis
3039 4117 3217 4170 Photii
3257 4116 3394 4170 locis
3433 4114 3632 4185 exponi
3672 4115 3888 4184 poterit.
3916 4113 4024 4170 Sic

2434 4214 2654 4283 quando
2681 4213 2749 4266 de
2773 4211 2995 4266 Christo
3028 4209 3276 4278 loquens.
3324 4225 3342 4258 ι
3370 4205 3485 4260 Non
3511 4218 3692 4260 tamen
3732 4207 4014 4261 hominem

2435 4306 2608 4362 Deum
2666 4305 2914 4368 facimus,
2981 4303 3176 4373 inquit,
3238 4301 3379 4355 absit
3435 4301 3582 4368 (83),
3616 4319 3636 4352 s
3678 4301 3730 4354 id
3787 4301 4028 4356 sinistro

2437 4399 2610 4468 accipi
2657 4397 2866 4466 nequit,
2891 4411 3015 4451 cum
3046 4395 3316 4449 sexcentis
3346 4393 3480 4447 locis
3508 4391 3734 4446 Photius
3759 4407 3914 4446 suam
3943 4391 4019 4446 de

2438 4489 2812 4544 incarnatione
2848 4487 3152 4541 doctrinam
3202 4484 3508 4538 luculenter
3546 4493 3800 4553 exponat.
3857 4482 4019 4552 Saepe

753 4581 1077 4637 brevissima
1107 4583 1466 4652 responsione
1495 4585 1689 4654 partim
1715 4587 1925 4655 prolixa
1948 4588 2331 4642 dissertatione
2359 4599 2409 4658 ο
2435 4581 2638 4636 erroris
2678 4579 2883 4632 umbrae
2907 4578 3150 4645 quendam
3176 4577 3430 4628 lectorem
3464 4572 3688 4636 feriunt,
3729 4587 3854 4626 raro
3883 4588 4019 4626 vero

749 4673 858 4730 hoc
889 4675 1392 4745 Amphilochiorum
1422 4693 1587 4749 opere
1626 4676 1856 4735 Photius
1893 4679 2099 4735 evolvit
2123 4689 2178 4734 et
2203 4680 2332 4733 illu-

752 4766 968 4824 stravit.

827 4858 915 4914 11.
959 4860 1014 4912 In
1049 4869 1199 4915 tanta
1234 4876 1416 4916 rerum
1441 4863 2006 4934 disceptationumque
2037 4865 2180 4920 mole
2227 4866 2333 4920 mi-

753 4968 876 5006 rum
903 4967 1036 5008 sane
1070 4953 1213 5009 haud
1243 4964 1348 5019 est,
1372 4957 1518 5025 quod
1551 4972 1660 5011 non
1691 4958 1875 5012 omnia
1898 4958 2087 5012 eadem
2112 4973 2335 5028 prorsus

828 5103 941 5175 (69)
1069 5120 1150 5174 gr.
1181 5121 1237 5175 q.
1279 5105 1334 5168 1,
1360 5104 1453 5172 21,
1494 5105 1618 5162 153.

829 5174 942 5244 (7ο)
986 5174 1046 5229 v.
1081 5192 1164 5238 gr.
1185 5174 1240 5242 ι).
1267 5176 1354 5230 ts.

1528 5263 1581 5316 p.
1615 5247 1729 5316 85).

827 5245 942 5308 (7|:
975 5245 1040 5309 Q.
1063 5245 1134 5300 70
1164 5245 1312 5308 (Mai,
1353 5247 1389 5300 Ι.
1421 5263 1494 5311 c.,
1528 5263 1581 5313 p.
1615 5247 1729 5313 85).
1911 5306 1915 5313 ,

829 5316 942 5389 (ῖ2)
975 5316 1042 5380 Q.
1077 5315 1359 5389 ᾅδω-(διώ,
1407 5315 1645 5388 p.156);
1674 5315 1958 5389 2957(Mai,
1984 5317 2228 5389 p.AH9).

855 5387 950 5461 ἒξ»)
979 5388 1044 5461 Q-
1073 5388 1141 5461 εξὲ
1162 5386 1318 5461 (Mai.
1342 5386 1560 5461 M57):
1593 5390 1699 5461 205
1732 5388 1880 5461 (Mai.
1901 5460 1906 5461 ,
1925 5391 1981 5461 vi
2007 5387 2156 5455 129)-

756 5457 946 5581 25(⁸η)
980 5459 1045 5523 ρ.
1079 5458 1204 5528 Ui,
1260 5459 1355 5512 181
1393 5475 1533 5530 seq.,
1569 5459 1697 5523 195,
1733 5459 1855 5522 195,
1889 5459 2015 5524 225,
2047 5461 2174 5522 225,
2202 5457 2338 5512 228-

834 5597 948 5668 (75)
985 5598 1075 5653 Sic
1101 5597 1348 5654 refellere
1371 5610 1604 5654 conatur
1620 5611 2002 5668 argumentum
2028 5617 2091 5654 ex
2116 5599 2338 5652 Patrum

760 5668 1518 5742 locutionibusdesumptum,
1544 5671 1744 5742 quibus
1762 5670 1996 5739 Spiritus
2025 5670 2144 5724 Filii
2165 5672 2343 5740 imago

766 5739 968 5794 dicitur
995 5753 1073 5808 (q.
1097 5740 1238 5806 235;
1268 5739 1396 5801 Mai,
1433 5759 1486 5809 p.
1528 5739 1673 5810 115),
1715 5752 2096 5810 argumentum
2121 5757 2186 5796 ex
2219 5739 2345 5793 mis-

767 5810 923 5864 sione
960 5810 1264 5864 derivatum
1300 5814 1379 5879 (q.
1407 5812 1529 5873 188)
1561 5828 1623 5866 ac
1653 5813 1871 5865 demum
1926 5812 2056 5864 illud
2102 5827 2342 5880 quoque,

773 5884 917 5957 quod
942 5881 992 5933 iu
1020 5881 1284 5938 l’hotiana
1316 5883 1601 5954 hypothesi
1625 5881 1821 5936 Filium
1854 5891 1907 5937 ct
1938 5881 2200 5952 Spiritum
2227 5883 2340 5935 fra-

2435 4673 2607 4743 aperti
2637 4686 2873 4727 errores.
2909 4669 3016 4723 Sed
3063 4669 3176 4737 jam
3209 4667 3276 4721 ad
3306 4667 3602 4736 pleniorem
3633 4667 3805 4720 nostri
3831 4667 4023 4736 aperis

2436 4765 2704 4828 notitiam,
2740 4763 2808 4816 ad
2829 4777 2890 4818 ea
2937 4775 3058 4830 qua
3087 4759 3154 4813 ad
3181 4768 3498 4828 praesentem
3519 4758 3809 4811 editionem
3826 4758 4017 4811 subsi-

2435 4854 2523 4908 dia
2576 4863 2740 4924 atque
2777 4851 3105 4906 adminicula
3149 4849 3538 4920 praestiterunt,
3591 4849 3838 4903 animum
3890 4863 4019 4902 ver-

2439 4955 2637 5001 tamus.

2437 5111 2550 5157 tres
2580 5101 2696 5156 fore
2724 5101 3003 5158 contendit
3038 5099 3116 5172 (q.
3152 5099 3267 5172 28).

2512 5173 2625 5242 (76)
2661 5172 2726 5238 ρ.
2755 5173 2843 5232 ts.
2875 5173 2966 5232 45.
2994 5173 3084 5234 73,
3125 5171 3249 5226 m.

2510 5243 2622 5311 (77)
2650 5243 2716 5309 ρ.
2751 5244 2872 5306 157,
2908 5244 3028 5297 m.

2511 5315 2622 5382 (78)
2662 5320 2728 5379 υ.
2765 5315 2854 5377 78,
2881 5315 3008 5374 255.
3041 5312 3167 5374 243,
3201 5311 3329 5366 275.

2513 5387 2624 5452 (79)
2659 5392 2723 5450 υ.
2756 5385 2881 5449 512,
2905 5385 3031 5438 221.

2512 5457 2622 5521 (80)
2659 5455 2724 5520 Q.
2761 5455 2882 5518 106,
2910 5455 3032 5508 ιυ7.
3645 5500 3651 5507 ,

2511 5527 2625 5594 (81)
2658 5527 2722 5589 Q.
2757 5526 2879 5588 150,
2912 5527 3000 5591 21),
3031 5523 3116 5587 77,
3154 5523 3424 5588 150,151,
3453 5525 3577 5584 554.
3601 5523 3728 5577 242.

2513 5598 2624 5666 (82)
2658 5596 2741 5650 Cf.
2765 5613 2825 5650 ea
2849 5613 2970 5664 qua:
2999 5597 3236 5666 diximus
3268 5598 3316 5646 in
3341 5593 3924 5666 Aniniatlversionibus
3947 5593 4019 5666 ad

2445 5664 2622 5791 Phtgtii
2689 5667 2764 5720 De
2811 5666 3020 5735 Spiritu
3067 5664 3128 5722 S.
3189 5677 3516 5736 ntystagogta
3574 5665 3796 5730 librum,
3871 5664 3903 5738 δ
3957 5665 4018 5734 1,

2445 5759 2500 5791 ΙΙ.
2577 5778 2590 5790 .

2445 5759 2500 5795 ΙΙ.
2537 5759 2590 5791 δ.

2516 5810 2627 5881 (83)
2657 5809 2739 5863 Cf.
2771 5825 2826 5879 σι.
2871 5809 2990 5867 184.
