4198 6440
743 402 820 467 15
1899 404 1981 466 IN
2019 406 2551 468 AMPHILOCHIA
2584 407 2851 469 ΡΗΟΤΙΙ
3938 405 4002 472 16

809 518 895 574 19.
937 515 1074 570 Cum
1108 514 1406 570 Vaticanus
1457 517 1627 571 codex
1678 517 1818 572 1925
1854 519 2125 579 omnium.
2157 527 2316 589 quot-
2345 535 2391 592 Α
2491 519 2832 576 21.Nonnisi
2852 532 2951 590 per
2982 525 3164 588 partes
3199 529 3329 585 ergo
3356 513 3824 586 Amphilochium
3853 533 4008 587 quae-

738 620 872 680 quot
906 609 1011 664 huc
1037 624 1208 677 usque
1243 608 1625 666 innotuerunt.
1659 609 2122 678 locupletissimus
2147 611 2217 666 sit
2259 623 2314 668 et

742 705 942 759 steculo
972 703 1133 756 tertio
1177 701 1389 756 decimo
1421 701 1769 772 conscriptus
1803 704 1989 759 multis
2029 719 2314 759 commen-

740 797 896 851 detur
915 794 1112 861 titulis,
1139 810 1251 865 prie
1283 796 1494 850 caeteris
1517 797 1570 850 in
1606 796 1707 851 bac
1753 811 1890 852 nova
1921 797 2316 866 Amphilochia-

742 904 927 941 norunt
973 887 1234 952 editione,
1265 897 1534 956 quantum
1584 887 1636 942 id
1687 888 1803 942 ﬁeri
1853 889 2048 955 potuit,
2111 905 2319 944 normae

740 979 984 1033 :nlinstar
1015 977 1299 1032 habendus
1325 992 1448 1032 esse
1471 977 1775 1033 videbatur.
1807 979 2055 1045 Quanam
2073 996 2202 1035 vero
2230 995 2320 1034 ra-

745 1070 892 1123 tione
927 1068 979 1122 id
1015 1067 1181 1122 fuerit
1207 1078 1516 1138 peractum,
1547 1069 1740 1140 paucis
1779 1071 2149 1140 explicabitur
2176 1071 2318 1126 infe-

745 1162 877 1222 rius,
911 1171 1264 1230 posteaquam
1318 1175 1404 1224 ea,
1455 1177 1578 1230 quae
1617 1161 1904 1232 hucusque
1956 1163 2009 1216 in
2045 1163 2322 1228 Amphilo-

744 1252 875 1304 dn'is
898 1251 1110 1320 publica
1136 1251 1262 1306 luce
1282 1249 1552 1306 donandis
1590 1251 1742 1309 fuere
1759 1255 2020 1324 praestita,
2049 1255 2325 1311 succincte

745 1343 1188 1412 exposuerimus.

750 1457 778 1528 ᾗ
812 1453 954 1511 V.—
1003 1458 1080 1512 De
1115 1457 1568 1540 Amphilochianis
1605 1459 1984 1527 qumtionibnr
2027 1461 2131 1516 huc
2161 1479 2328 1534 usque

1428 1536 1609 1582 editis.

814 1619 904 1673 20.
943 1619 1053 1674 Leo
1097 1619 1351 1685 Allatius,
1398 1623 1490 1688 qui
1536 1622 1639 1676 hoc
1683 1637 1820 1691 opus
1866 1622 2246 1678 doctissimum
2277 1633 2332 1679 et

747 1711 1179 1768 eruditissimum
1216 1717 1549 1767 tantumdem
1582 1730 1708 1768 cum
1740 1714 1898 1769 tineis
1917 1723 1973 1767 et
2004 1715 2190 1772 blattis
2220 1718 2333 1771 col-

750 1803 940 1861 luctari
967 1803 1310 1858 vehementer
1324 1803 1540 1857 dolebat
1570 1803 1704 1874 (11),
1769 1805 2024 1858 nonnulla
2047 1821 2112 1859 ex
2145 1806 2332 1862 eodem

2417 615 2622 668 stiones
2642 613 2904 682 evulgatse
2925 609 3076 664 fuere
3092 624 3156 664 ac
3174 623 3270 678 per
3299 608 3602 678 fragmenta
3613 609 3850 679 primum
3881 626 4008 679 qua

2420 714 2534 757 tum
2565 702 2818 765 Allatius,
2861 709 2974 754 tum
3017 699 3346 754 Franciscus
3371 696 3698 762 Turrianus,
3725 701 4007 756 societatis

2417 792 2544 848 Jesu
2576 793 2804 857 sodalis,
2827 791 2880 845 in
2912 791 3149 846 medium
3171 789 3471 860 produxere
3492 789 3628 859 (16).
3651 788 3798 844 Idem
3823 800 4005 845 tamen

2420 885 2722 940 Turrianus
2756 901 2788 941 e
2817 885 3007 939 codice
3036 884 3294 937 Bavarico
3326 896 3421 938 sex
3450 884 3783 951 quastiones
3811 882 4009 937 Latine

2421 980 2654 1049 primum
2701 978 2756 1030 in
2794 975 3000 1030 Canisii
3044 973 3261 1045 Sylloge
3292 973 3417 1044 (17)
3447 973 3817 1043 evulgaverat,
3862 988 4007 1040 qua-

2422 1082 2544 1122 rum
2576 1075 2758 1123 textus
2792 1063 3015 1120 Grach
3055 1062 3296 1118 nondum
3335 1069 3469 1118 tunc
3525 1063 3749 1130 prodiit.
3808 1061 4008 1117 l‘etrus

2425 1159 2725 1214 Stevartins
2763 1159 2877 1228 (18)
2907 1172 3059 1221 vero,
3101 1156 3345 1225 ejusdem
3380 1155 3607 1219 sodalis,
3647 1156 4007 1224 quastionem

2425 1249 2493 1304 de
2516 1250 2895 1305 voluntatibus
2923 1248 3192 1318 gnomicis
3224 1264 3288 1305 ex
3324 1247 3582 1301 Turriani
3620 1248 3878 1302 versione
3909 1262 4010 1315 pu-

2425 1339 2550 1394 blici
2577 1340 2720 1406 juris
2751 1339 2900 1394 fecit.
2949 1339 3058 1394 Has
3086 1354 3216 1393 vero
3247 1339 3664 1395 dissertationes
3709 1339 3777 1393 ad
3812 1339 4011 1397 laudae

2425 1431 2697 1485 tissimum
2741 1431 3225 1499 Amphilochiorum
3287 1447 3425 1502 opus
3470 1431 3740 1498 pertinere
3784 1431 4011 1497 ignora-

2431 1530 2559 1576 runt
2586 1523 2779 1577 eruditi
2809 1521 2943 1591 (19);
2969 1523 3180 1592 primus
3209 1520 3258 1577 Ι.
3284 1523 3346 1576 Α.
3381 1521 3665 1577 Fabricius
3691 1521 3809 1591 (50)
3838 1532 3900 1576 ut
3927 1523 4014 1576 vi-

2430 1612 2607 1674 detur,
2640 1613 2692 1667 id
2731 1616 3044 1682 suspicatus
3079 1624 3180 1668 est.
3215 1616 3375 1669 Anno
3417 1614 3614 1669 deinde
3655 1613 3795 1668 1644
3837 1613 4016 1667 Fran.

2431 1703 2613 1759 ciscus
2654 1702 3020 1758 Combefisius
3073 1705 3424 1774 qtuestionem
3479 1713 3668 1759 contra
3704 1704 4016 1772 ubiquistas

2436 1793 2573 1850 falso
2585 1796 2755 1850 saucii
2773 1795 3132 1865 Amphilocltii
3152 1797 3464 1866 inscriptam
3479 1797 3698 1850 nomine
3711 1796 3886 1850 edidit
3898 1795 4014 1868 (21)

751 1894 1018 1949 interdum
1062 1895 1176 1949 suis
1214 1895 1465 1961 operibus
1511 1897 1804 1950 immiscuit
1843 1895 1977 1964 (12).
2035 1897 2326 1952 editionem

2438 1888 2612 1955 [quem
2660 1903 2898 1941 errorem
2933 1888 3296 1955 Allatius(22)
3350 1887 3600 1953 detexit),
3642 1886 3841 1942 deinde
3882 1901 4017 1941 vero

752 1999 954 2050 tamen,
987 2001 1149 2054 quam
1188 1988 1373 2040 animo
1398 1997 1741 2055 conceperat,
1774 2003 1880 2041 non
1903 1987 2152 2058 perfecit.
2173 1987 2327 2045 Multi

751 2078 946 2133 deinde
973 2079 1169 2132 eruditi
1204 2078 1448 2145 ejusdem
1484 2079 1665 2146 operis
1707 2080 2001 2135 editionem
2039 2097 2332 2151 praepara-

751 2170 902 2232 bant,
932 2180 990 2223 ut
1012 2168 1382 2238 Caperounicr
1398 2169 1722 2228 Parisiensis
1747 2172 2023 2242 professor
2042 2174 2180 2245 (15),
2203 2173 2329 2227 Dio-

754 2262 941 2333 nysius
977 2261 1306 2316 Camusatus
1343 2263 1868 2318 Amstelodamensis
1901 2265 2042 2335 (14),
2073 2263 2329 2322 Nicolaus

753 2354 1042 2409 Pali-unius
1094 2355 1259 2410 Italus
1293 2354 1426 2427 (15),
1485 2357 1752 2412 Antonius
1777 2355 2053 2411 Catiforus
2083 2357 2325 2424 Graecus,

755 2445 1051 2499 Audi-esius
1083 2444 1490 2514 Neapolitanus.
1522 2445 1625 2501 Sed
1655 2463 1847 2504 omnes
1863 2449 1974 2504 vita
2004 2447 2173 2504 [uncti
2202 2460 2331 2504 sunt

756 2539 993 2591 nondum
1027 2537 1268 2606 perfecto
1305 2539 1508 2593 labore.
1544 2538 1834 2594 Proximus
1867 2541 1982 2607 jam
2016 2542 2080 2596 ad
2132 2551 2328 2595 metam

756 2637 1059 2683 accesserat
1089 2629 1386 2694 (Iatiforus,
1439 2629 1594 2696 cujus
1623 2631 1800 2684 studia
1837 2629 2106 2686 indefessa
2142 2629 2330 2700 plures

758 2721 1110 2791 manuscripti
1156 2722 1285 2774 tomi
1322 2730 1594 2774 testantur
1629 2720 1900 2783 Venetiis.
1940 2721 2022 2777 uti
2068 2723 2330 2788 diximus,

759 2812 1040 2868 asservati.
1074 2811 1172 2868 Hic
1207 2812 1687 2878 Ampliilocltianas
1725 2815 2058 2883 quaestiones
2095 2816 2331 2884 college-

762 2915 864 2967 rat,
913 2902 1103 2958 Latina
1145 2904 1398 2958 versione
1461 2918 1515 2956 et
1568 2904 1715 2958 notis
1769 2903 2134 2969 instruxerat;
2188 2905 2329 2960 idem

761 2995 936 3050 Pltotii
968 2996 1348 3050 Bibliothecam
1381 3010 1476 3050 seu
1513 2995 1889 3066 blgriobiblion
1924 2995 2134 3052 felicius
2167 3012 2329 3066 quam

760 3099 915 3142 antea
949 3089 1189 3143 Andreas
1219 3086 1475 3143 Schottus
1499 3087 1708 3142 Latinae
1745 3089 1943 3159 lingua:
1987 3088 2327 3153 reddiderat;

760 3188 955 3233 cuncta
1009 3192 1144 3248 pene
1225 3177 1484 3246 opuscula
1545 3178 1724 3233 Ριιοιὶἱ
1773 3177 1990 3232 nomine
2047 3178 2329 3245 insignita,

764 3272 906 3324 inter
933 3285 1055 3338 qua:
1081 3278 1258 3322 tamen
1293 3269 1436 3323 haud
1474 3284 1647 3338 pauca
1677 3279 1805 3324 sunt
1841 3268 2335 3338 pseudepigraplta,

765 3363 816 3414 in
852 3375 1020 3416 unum
1065 3361 1448 3428 coniunxerat,
1497 3359 1635 3416 adeo
1687 3370 1747 3414 ut
1787 3362 2008 3416 nonnisi
2050 3373 2342 3432 postrema:

763 3469 906 3509 curae
929 3453 1204 3508 defuerint
1247 3452 1315 3508 ad
1347 3451 1523 3506 Photii
1575 3466 1738 3522 Opera
1783 3469 1946 3523 quam
1993 3455 2342 3510 exactissime

762 3544 1086 3611 evulganda.
1113 3543 1303 3596 Mirum
1327 3552 1411 3598 est
1458 3543 1571 3597 lucc
1596 3541 1822 3598 Catifori
1852 3545 2028 3599 studia
2052 3553 2128 3598 tot
2153 3546 2345 3599 doctos

766 3639 915 3692 viros
938 3637 1183 3699 latuisse,
1212 3637 1310 3706 qui
1368 3647 1492 3708 post
1514 3652 1638 3692 eum
1684 3646 1779 3690 aut
1826 3639 1892 3690 de
1937 3638 2130 3692 Photio
2175 3639 2348 3706 scrip—

766 3745 885 3782 scre
930 3738 1023 3782 aut
1061 3729 1178 3798 ejus
1216 3728 1482 3798 opuscula
1530 3728 1836 3782 ediderunt.
1880 3728 2022 3784 Sane
2054 3729 2348 3785 cardinalis

767 3819 942 3874 Maius
966 3835 1031 3874 ex
1053 3819 1135 3873 bis
1149 3819 1392 3886 reliquiis
1407 3818 1759 3874 Catiforianis
1772 3820 1982 3886 insigne
1999 3821 2347 3875 commodum

769 3913 1117 3982 percepisset,
1131 3913 1390 3968 nonnulla
1411 3915 1716 3970 accuratius
1729 3914 2135 3984 elegantiusque
2146 3914 2352 3969 edidiso

769 4018 870 4071 set,
905 4008 949 4061 si
1001 4015 1128 4064 nota
1167 4008 1214 4062 ei
1253 4007 1483 4062 fuissent
1519 4023 1606 4069 ea,
1655 4022 1774 4078 quae
1800 4008 1890 4061 ille
1939 4015 2020 4060 tot
2070 4007 2351 4062 laboribus

769 4100 1053 4154 csantlatis
1069 4099 1168 4154 sibi
1192 4111 1622 4169 comparaverat.
1640 4100 1788 4154 omni
1809 4109 1991 4154 tamen
2013 4098 2154 4169 apud
2179 4107 2352 4169 poste-

770 4207 860 4247 ros
891 4191 1046 4246 laude
1068 4193 1331 4260 privatus.
1362 4207 1522 4258 quam
1543 4192 1666 4260 jure
1686 4192 1891 4262 optime
1914 4192 2136 4246 meritus
2155 4189 2349 4245 fuerat.

839 4301 950 4366 (ll)
1008 4299 1170 4353 Allat.
1201 4303 1399 4354 Contra
1436 4296 1736 4368 Hottinger.
1773 4314 1824 4354 c.
1853 4300 1940 4361 17,
1972 4315 2023 4368 p.
2048 4298 2174 4354 266.

812 4444 824 4454 υ
833 4370 950 4454 (12)
988 4368 1331 4454 Syntagmate
1348 4371 1411 4424 de
1426 4370 1876 4440 Engastrimytho,
1901 4385 1953 4425 c.
1970 4369 2025 4436 2,
2047 4369 2126 4424 De
2154 4368 2357 4425 Simeo-

771 4442 953 4580 ηιιξῗζ)
980 4442 1549 4583 ᾩΓεξίςθθξηοείοῖη
1586 4512 1828 4581 Antiquis
1881 4511 2208 4575 lectionibus,
2257 4511 2345 4564 ed.

772 4586 1056 4662 An‘tytrerp.
1270 4581 1306 4635 f.
1345 4581 1570 4662 tumuli.
1606 4591 1758 4650 parte
1775 4599 1846 4662 it,
1875 4583 2137 4662 p.318.“
2205 4651 2216 4662 .

845 4654 957 4719 (14)
988 4651 1154 4704 Wolf.
1190 4651 1364 4708 δαΐαν.
1408 4655 1591 4724 philol.
1625 4663 1674 4705 et
1710 4653 1881 4706 critic.
1930 4661 1972 4707 t.
2004 4652 2067 4714 ν,
2096 4651 2341 4706 Basilete.

782 4723 933 4776 H47.
966 4723 1022 4781 4.
1060 4721 1216 4776 Prml'.

843 4793 956 4862 (15)
999 4792 1162 4846 Wolf.
1232 4795 1269 4847 l.
1329 4811 1381 4851 c.
1449 4794 1750 4857 Fabricius,
1799 4791 1938 4846 Bibl.
2007 4791 2100 4846 Gr.
2147 4804 2184 4848 t.
2250 4791 2340 4858 XI,

775 4882 826 4934 ι).
857 4863 949 4934 27,
981 4865 1064 4917 ed.
1095 4880 1213 4917 nov.

835 4933 946 5001 (16)
999 4934 1202 5004 Defena.
1227 4936 1499 5004 epistolar.
1533 4934 1760 5002 Ponti[..
1796 4951 1849 5002 p.
1873 4933 1963 4999 24,
1987 4934 2100 4999 65;
2137 4934 2263 4988 Not.
2292 4935 2343 4988 in

776 5006 1065 5071 Constituit.
1102 5006 1325 5071 oportet.
1389 5004 1523 5067 VIII,
1556 5008 1642 5069 41,
1675 5024 1725 5072 p.
1766 5005 1903 5070 155;
1968 5007 2061 5058 lib.
2098 5005 2168 5058 De
2225 5006 2347 5074 jure

777 5076 1060 5128 ordinandi
1091 5076 1360 5130 ministros
1395 5076 1662 5138 Ecclesim,
1687 5091 1740 5138 p.
1781 5076 1900 5129 155.
1931 5077 2094 5133 Allat.
2118 5091 2168 5132 C.
2199 5075 2345 5130 llot-

777 5149 909 5211 ting.
946 5163 996 5212 p.
1026 5145 1150 5205 266,
1185 5145 1308 5200 267.
1344 5148 1555 5201 Fabric.
1591 5145 1722 5199 ΒΜ.
1753 5146 1846 5199 Cr.
1879 5149 1913 5199 Ι.
1942 5162 1992 5201 c.

851 5216 1209 5288 (in/intima
1255 5220 1374 5270 lect.
1407 5228 1447 5272 t.
1491 5217 1552 5280 V,
1594 5233 1648 5288 p.
1683 5218 1784 5270 188
1839 5233 1954 5286 seq.
1999 5216 2090 5273 ed.
2122 5228 2231 5271 vet.
2261 5216 2348 5272 ln-

781 5288 939 5354 golst.
976 5286 1132 5339 1604.

780 5357 1208 5494 agglutinant
1238 5360 1439 5427 antiqu.
1495 5358 1638 5422 lect.,
1674 5357 1893 5428 lngolst.
1930 5357 2085 5424 1616,
2116 5360 2171 5425 4,
2222 5375 2345 5430 pag.

857 5498 969 5556 (I9)
998 5497 1190 5560 Maius,
1221 5498 1377 5552 Prml'.
1407 5501 1499 5554 cit.

852 5567 965 5638 (20)
999 5566 1126 5638 Bibl.
1162 5567 1253 5622 Cr.
1282 5580 1313 5622 t.
1356 5569 1442 5634 XI,
1471 5588 1520 5638 p.
1543 5569 1631 5632 23,
1663 5571 1746 5624 ed.
1780 5586 1906 5626 nov.

855 5637 964 5709 (2|)
993 5637 1130 5706 Opp.
1181 5637 1568 5709 Amphilocltii,
1602 5642 1828 5696 Andreae
1855 5640 2130 5697 Cretensis
2171 5653 2225 5697 et
2244 5640 2353 5697 Me-

786 5708 937 5761 thod.
973 5725 1024 5776 p.
1056 5710 1183 5762 226.

856 5779 967 5846 (22)
1001 5778 1076 5832 De
1109 5796 1342 5834 conserta.
1376 5782 1412 5834 1.
1450 5797 1498 5837 c.
1535 5798 1587 5851 p.
1653 5782 1776 5836 576.
1823 5781 1883 5836 C.
1911 5782 2222 5837 Combelisii
2259 5782 2356 5836 Re-

790 5851 970 5903 ιτςηεὶιί
997 5860 1234 5906 auctores
1252 5869 1271 5917 ;
1303 5851 1549 5908 Bibliot/t.
1579 5853 1688 5908 PP.
1717 5855 2144 5920 contionatoriw,
2181 5853 2353 5916 Paris,

2427 1978 2778 2046 quaestionem
2812 1975 2874 2031 de
2911 1977 3134 2032 Λεία-ἰὴ
3176 1978 3244 2031 ab
3278 1977 3468 2030 eodem
3504 1975 3695 2029 Allatio
3729 1985 4017 2043 acceptam

2429 2067 2562 2140 (25).
2607 2068 2812 2124 Prodiit
2858 2079 3117 2138 prmterea
3171 2084 3337 2134 opera
3388 2068 3642 2123 liichardi
3683 2067 4016 2123 Montacutii

2429 2175 2572 2214 anno
2613 2161 2742 2216 1651
2797 2159 3162 2216 Londinensis
3207 2161 3595 2218 PbOIianat'utn
3654 2159 4014 2227 epistularum

2428 2251 2615 2314 editio.
2645 2267 2712 2307 ex
2742 2255 2943 2323 quibus
2978 2255 3160 2308 multa:
3192 2253 3306 2325 (24)
3347 2253 3730 2321 Amphilochia}
3795 2251 4019 2306 fuerant

2438 2344 2677 2409 insertat,
2707 2361 2883 2416 neque
2928 2355 3110 2400 tamen
3159 2362 3238 2400 ea:
3285 2355 3413 2400 tunc
3449 2359 3551 2400 ceu
3611 2355 3797 2414 partes
3839 2343 4018 2398 nostri

2429 2437 2612 2504 operis
2636 2438 2832 2506 agnitse
2871 2438 3110 2493 fuerunt.
3138 2437 3212 2492 Ita
3243 2446 3354 2494 toto
3386 2439 3590 2493 saeculo
3619 2437 3835 2490 decimo
3884 2451 4017 2500 sep-

2433 2529 2564 2582 timo
2596 2530 2812 2583 nonnisi
2839 2545 3012 2599 pauca
3040 2547 3105 2585 es
3121 2537 3236 2585 toto
3252 2545 3416 2600 opere
3444 2537 3723 2598 segmenta
3741 2527 4019 2596 publicam

2431 2613 2602 2671 lucem
2635 2627 2985 2688 aspexerunt.

2508 2709 2599 2765 22.
2643 2710 2876 2780 Majores
2916 2723 3238 2778 progressus
3286 2719 3447 2761 nacta
3489 2715 3575 2761 est
3622 2705 3790 2772 hujus
3828 2704 4019 2772 operis

2431 2803 2699 2874 evulgatio
2726 2800 2926 2854 saeculo
2951 2800 3162 2852 decimo
3189 2807 3403 2852 octavo.
3447 2799 3606 2850 Anno
3635 2795 3778 2849 1715
3803 2794 4018 2848 Monte-

2431 2891 2699 2948 falconius
2803 2904 2900 2944 seu
2968 2886 3278 2941 Bernartius
3338 2886 3406 2939 de
3458 2883 3809 2939 Montfaucon
3886 2883 4021 2937 dato

2431 2980 2752 3038 Coisliniani
2794 2979 3002 3034 codicis
3039 2977 3220 3031 indice
3252 2987 3486 3047 quatuor
3528 2976 4023 3046 Amphilocltianas

2433 3074 2767 3146 quaestiones
2795 3070 3067 3136 evulgavit
3101 3070 3236 3138 (25).
3271 3084 3503 3139 quarum
3543 3079 3723 3122 tamen
3769 3079 3883 3123 tres
3904 3069 4021 3134 jant

2433 3165 2634 3219 dudum
2663 3161 2979 3229 prodierant
3003 3178 3015 3212 :
3046 3161 3218 3229 prima
3245 3161 3312 3215 de
3329 3158 3561 3213 Hercule
3582 3175 3677 3213 ceu
3704 3160 3866 3228 epist.
3885 3156 4018 3222 209;

2441 3257 2609 3311 altera
2643 3255 2709 3309 de
2736 3253 2973 3309 Eusebio
2994 3251 3316 3306 Caesariensi
3370 3253 3508 3304 inter
3534 3248 3710 3303 Photii
3733 3249 4022 3317 epistolas.

2442 3365 2499 3402 η.
2525 3346 2666 3411 144;
2708 3346 2871 3399 tertia
2912 3344 2975 3397 de
3024 3343 3251 3396 Asteriis
3307 3341 3362 3395 in
3405 3340 3716 3395 Combellsii
3761 3341 4029 3394 Auctaria

2443 3455 2592 3494 novo.
2627 3439 2785 3492 Anno
2813 3452 2942 3492 vero
2982 3435 3141 3498 1725,
3167 3433 3216 3488 J.
3243 3434 3542 3503 Basnagius
3577 3449 3771 3488 novam
3819 3432 3885 3486 11.
3919 3433 4028 3488 Cas

2445 3531 2568 3586 nisii
2599 3529 2952 3600 Antiquarum
3015 3528 3297 3581 lectionum
3337 3528 3634 3582 editionem
3683 3526 4025 3596 procuravit,

2447 3625 2500 3678 in
2542 3640 2646 3692 qua
2701 3624 2919 3694 (prater
2963 3621 3147 3691 unam)
3204 3621 3622 3674 Dissertationes
3679 3633 3711 3673 a
3749 3616 4034 3672 Turriano

2451 3718 2641 3772 Latine
2672 3719 2830 3772 edita:
2868 3715 3058 3771 Graeco
3111 3724 3281 3778 textu,
3333 3729 3494 3782 quem
3547 3713 3609 3766 D.
3654 3711 4033 3782 Caperonnier

2451 3808 2985 3872 subministraverat,
3031 3807 3286 3860 exhibita;
3336 3804 3557 3860 fuerunt
3589 3804 3722 3873 (26).
3776 3801 4030 3856 Tandem

2448 3899 2500 3954 ι.
2529 3899 2660 3954 Chr.
2693 3897 2924 3954 Wollius
2958 3899 3318 3967 quadraginta
3356 3913 3448 3952 sex
3483 3898 3814 3966 quaestiones
3836 3911 4034 3960 exege-

2453 3992 2589 4046 ticas
2611 3992 2713 4046 sub
2741 3991 2898 4045 titulo
2920 3990 3482 4055 Amphitochianarum
3518 3988 3686 4043 edidit
3719 3987 3853 4054 (27),
3900 4002 4036 4056 qua:

2454 4083 2648 4139 exinde
2671 4084 2723 4137 in
2753 4082 2974 4138 Patrum
2996 4081 3385 4136 Bibliothecam
3413 4081 3828 4136 Gallandiauam
3848 4091 4034 4134 trans-

2456 4177 2636 4230 ierunt
2668 4174 2802 4245 (28).
2830 4174 2971 4240 Quid
3000 4189 3130 4228 vero
3155 4173 3226 4227 Μ.
3257 4172 3308 4227 J.
3343 4172 3539 4229 Justus
3581 4173 3742 4243 Spier
3780 4173 3895 4243 (29)
3926 4173 4036 4227 hac

2529 4323 2618 4368 u'z.
2647 4323 2701 4367 δ.
2729 4323 2782 4376 p.
2808 4323 2929 4362 151.

2528 4381 2640 4448 (25)
2670 4379 2886 4448 Auctor.
2930 4377 3040 4433 PP.
3076 4377 3208 4432 Non.
3243 4376 3403 4440 1648,
3442 4393 3497 4444 p.
3537 4394 3577 4444 ι,
3604 4376 3812 4448 p.279.
3848 4373 4036 4448 Estea

2457 4445 2766 4520 quiestiojn
2792 4447 3036 4520 (Coislin.
3089 4449 3295 4520 codice,
3330 4464 3399 4520 (ῃ.
3434 4448 3556 4520 127,
3601 4445 3652 4500 in
3674 4447 3871 4520 Vatic.,
3903 4445 4031 4520 512.

2531 4519 2642 4588 (24)
2684 4518 2935 4588 Wolfius,
2977 4518 3282 4571 numeravit
3329 4515 3403 4588 65
3443 4519 3700 4582 epistolas
3753 4515 4034 4588 Amphilo-

2452 4586 2582 4644 chiis
2614 4586 2867 4642 insertas.
2914 4587 3016 4642 Sed
3041 4603 3105 4641 ex
3162 4588 3283 4640 cod.
3328 4586 3446 4641 Vat.
3479 4597 3674 4656 praeter
3710 4587 3807 4640 has
3835 4586 3866 4638 7
3912 4586 4039 4656 alia:

2452 4660 2710 4713 addenda:
2748 4667 2877 4713 sunt
2914 4659 3097 4725 (epist.
3124 4658 3214 4714 34.
3269 4656 3357 4720 77,
3400 4655 3523 4720 155,
3559 4656 3686 4716 205.
3716 4656 3844 4716 219,
3900 4655 4032 4716 228,

2451 4730 2577 4812 211·
2603 4727 3470 4813 suae3"21-.P‘9'3‘sfa'22"i912
3497 4727 4038 4813 $9.8.9091'23"..9“*-

2454 4794 2722 4856 stionibus
2750 4797 2874 4856 222.
2899 4797 3025 4860 2'59,
3063 4797 3332 4862 167,127,
3369 4794 3631 4860 135,156,
3665 4796 3810 4861 157).
3844 4794 4037 4849 Etuna

2451 4887 2516 4926 ex
2551 4871 2656 4922 illis
2684 4868 2754 4922 65
2780 4870 2861 4922 bis
2904 4880 3186 4922 numerata
3219 4867 3351 4932 fuit;
3385 4869 3641 4921 nimirum
3701 4867 3860 4932 epist.
3906 4864 4032 4928 163,

2453 4957 2572 5010 qua:
2596 4941 2646 4991 in
2673 4939 3004 4994 Coisliniano
3027 4941 3214 4992 codice
3247 4938 3329 4990 bis
3353 4939 3595 4992 occurrit
3622 4940 3700 5010 (p.
3718 4935 3861 5010 255.
3899 4935 4034 5005 271)

2455 5008 2509 5066 in
2564 5011 2831 5064 Vaticano
2869 5017 3047 5062 tamen
3103 5010 3317 5062 nonnisi
3359 5010 3528 5062 semel
3555 5014 3632 5075 (q.
3663 5008 3774 5074 90).

2526 5081 2638 5152 (es)
2673 5079 2809 5152 Bibl.
2832 5077 3060 5152 Coislin.
3093 5095 3145 5146 p.
3171 5077 3425 5132 546-348.
3449 5077 3753 5152 SuntJvcro
3782 5075 4036 5152 :.q._129,

2457 5145 2543 5206 De
2566 5145 2789 5203 Hercule
2825 5149 3114 5203 Amalthea:
3149 5165 3310 5201 cornu
3348 5160 3552 5215 gerente
3581 5148 3814 5218 (νειμ-(ι.
3836 5145 4034 5218 _107);

2455 5240 2509 5290 q.
2547 5221 2670 5276 125.
2701 5223 2763 5273 de
2797 5220 3021 5274 Asteriis
3045 5218 3185 5287 (Vat.
3224 5237 3290 5290 (q.
3325 5221 3502 5284 512);
3542 5215 3599 5285 q.
3658 5215 3789 5290 166.
3825 5215 3900 5270 De
3921 5218 4038 5290 Ett-

2458 5287 2597 5347 a'ebio
2632 5290 2851 5358 (Vat.q.
2880 5291 3107 5357 551);q.
3142 5289 3264 5351 160;
3307 5290 3378 5342 De
3410 5290 3629 5358 Sibyllis
3669 5287 4035 5358 (Vat.q.64).

2538 5357 2650 5430 (26)
2684 5357 2980 5415 Therimrus
3013 5370 3462 5430 monumentorum
3491 5357 3685 5413 ecclea.
3716 5369 3765 5411 et
3819 5357 4040 5410 histori-

2458 5451 2660 5494 corum,
2699 5435 2804 5485 sive
2834 5431 2999 5484 Henr.
3031 5432 3255 5483 tlnnisii.
3287 5429 3805 5497 Sectionesontiquc
3835 5432 3904 5480 ad
3934 5444 4041 5497 anf-

2459 5504 2701 5557 culorum
2732 5504 2968 5554 ordinem
3001 5503 3242 5571 digesta,
3294 5504 3570 5570 Antwerp.
3599 5495 3760 5558 I728.
3795 5499 3834 5550 f.
3880 5508 3920 5551 t.
3967 5495 4035 5560 II,

2460 5592 2513 5645 p.
2575 5591 2635 5634 ιι,
2662 5590 2728 5645 p._
2762 5573 2865 5626 579
2886 5587 2978 5645 seq

2537 5639 2849 5712 αἴγεια-ω
2879 5642 3058 5708 pltilol.
3083 5653 3128 5694 et
3163 5643 3285 5696 crit.
3321 5651 3362 5695 t.
3390 5640 3455 5702 V,
3492 5657 3544 5710 p.
3585 5639 3840 5712 651-815.

2537 5704 2649 5786 (es)
2684 5704 2939 5786 cantanti.
2979 5713 3234 5769 θεωρῇ.
3280 5723 3316 5766 ι.
3370 5704 3508 5777 xui;
3547 5728 3599 5781 ν,
3648 5704 4039 5772 υθδπιδλνρ.

2465 5785 2574 5841 net.
2611 5785 2765 5837 1779.

2538 5853 2988 5925 (29Hlarlcssius
3043 5854 3096 5906 in
3165 5851 3394 5907 Fabricii
3447 5849 3764 5904 Bibliotheca
3829 5845 4040 5910 Grata,
