4198 6440
199 405 276 483 21

1547 435 2131 505 PROLEGOMENA.

1791 554 1872 618 ll.

486 704 643 768 JOS.
682 704 1279 774 CHRISTOPHORI
1312 712 1613 776 WOLFII
1645 716 2066 782 PREFATIO
2132 721 2214 783 IN
2263 722 2541 787 PHOTH
2598 726 3138 793 PATRIARCHE

665 808 1189 882 QUIESTIONES
1228 814 1940 881 AMPH’ILOCHIANAS
1980 819 2188 893 QUAS
2229 824 2503 886 EDIDIT
2544 827 2654 887 AD
2696 828 3015 891 CALCEM

967 911 1151 974 VOL.
1200 911 1251 974 V
1285 912 1671 977 CUBARUM
1705 916 1910 977 PHIL.
1957 918 2059 980 ET
2102 919 2312 985 CRIT.
2345 922 2426 985 IN
2455 925 2531 987 N.
2567 927 2641 988 Τ.

1546 1020 1906 1083 BASILEE
1952 1023 2126 1086 17H.

279 1320 788 1417 Quidquidinterea
821 1324 919 1379 otii
949 1325 1100 1397 (dum
1136 1325 1307 1385 Cum
1340 1331 1686 1405 philologicss
1718 1349 1766 1392 et
1798 1341 1844 1398 Δ
1872 1338 2044 1393 visunt
2090 1338 2193 1395 fuit
2241 1339 2436 1398 Franc.
2469 1341 2820 1410 Combellsio,
2871 1345 2965 1416 qui
3007 1362 3328 1417 responsum
3364 1352 3457 1417 $7,

208 1414 427 1502 critica
458 1415 513 1468 in
544 1414 617 1470 Ν.
654 1415 717 1471 Τ.
753 1418 1117 1489 scripsissem)
1151 1424 1421 1494 reliquum
1466 1431 1596 1485 mihi
1643 1445 1781 1502 erat,

210 1501 266 1553 id
305 1501 374 1555 ad
400 1502 781 1571 divulgandam
811 1514 1018 1574 partem
1066 1508 1549 1577 Amphilochion
1582 1501 1782 1588 Pbotii,

208 1589 396 1646 adhuc
448 1593 770 1654 ὰνεκδότων.
818 1610 983 1664 quam
1040 1597 1094 1652 in
1147 1599 1295 1654 calce
1347 1606 1621 1674 conspicis
1651 1625 1785 1665 con-

211 1681 336 1735 tuli.
379 1679 453 1736 De
505 1681 607 1737 hoc
655 1698 819 1752 opere
858 1685 932 1740 ita
966 1686 1125 1743 bubo.
1154 1688 1348 1745 Exstat
1384 1694 1515 1751 illud
1559 1697 1785 1759 Parisiis

211 1784 406 1834 manu,
432 1786 555 1841 qua:
579 1773 840 1827 saeuium
877 1791 928 1828 xt
968 1774 1152 1843 refert,
1195 1793 1481 1837 exaratum
1514 1784 1567 1839 in
1598 1790 1786 1846 codice

212 1865 633 1921 membranaceo
685 1867 794 1921 270
844 1868 1188 1926 bibliotheca
1230 1871 1599 1945 Coisliniante,
1654 1884 1784 1938 olim

213 1953 590 2023 Segueriauae,
621 1958 781 2027 cujus
831 1958 1151 2031 Catalogum
1198 1964 1484 2023 indefessa
1517 1981 1783 2040 prestan-

216 2047 421 2101 tissimi
454 2046 718 2103 Bernardi
750 2049 1153 2108 Montefalconii
1186 2055 1470 2114 industria:
1501 2062 1783 2123 debemus.

212 2138 525 2205 Inscriptio,
560 2156 626 2196 ex
664 2142 768 2197 title
804 2141 1045 2215 Catalogi
1103 2147 1266 2213 illius,
1308 2164 1363 2219 ι),
1403 2151 1531 2217 326,
1575 2154 1650 2210 ita
1691 2158 1789 2210 ha-

215 2228 347 2280 bet:
387 2226 471 2280 Τὰ
507 2228 852 2299 Ἀμφιλόχια,
892 2233 926 2304 ἢ
966 2233 1137 2304 λόγων
1193 2238 1354 2307 ιερῶν
1393 2242 1487 2295 καὶ
1537 2244 1787 2316 ζητημά-

210 2335 322 2370 των
353 2319 645 2388 ἱερολογίαι
682 2322 817 2391 πρὸς
848 2324 1215 2396 Ἀμφιλόχιον,
1244 2330 1336 2383 τὸν
1360 2332 1654 2391 ὁσιώτατον
1685 2355 1788 2409 μη-

211 2412 541 2481 τροπολίτην
574 2411 830 2479 Νυζίκου,
881 2418 939 2469 ιν
972 2418 1048 2489 τῷ
1086 2421 1260 2492 καιρῷ
1290 2423 1399 2477 τῶν
1442 2431 1784 2502 πειρασμῶν,

214 2504 549 2574 ζητημάτων
576 2509 873 2581 διαφόρων,
908 2514 983 2576 εἰς
1016 2513 1249 2586 ἀριθμὸν
1289 2521 1621 2588 τριακοσίων
1663 2540 1787 2578 συν-

212 2598 503 2650 τεινόντων
522 2600 768 2655 ἐπίλυσιν
796 2605 1182 2675 αἰτησάμενον.
1199 2608 1254 2663 Id
1272 2620 1377 2675 est,
1398 2612 1783 2684 Amphilochia,

212 2706 307 2744 seu
331 2707 591 2746 sermones
619 2705 668 2747 et
700 2698 1011 2764 quastiones
1037 2716 1204 2754 sacra
1231 2702 1301 2755 ad
1332 2703 1783 2773 Amphilochium,

214 2784 611 2837 sanctissimum
666 2784 846 2854 Cyzici
898 2790 1323 2857 metropolitani,
1374 2795 1487 2862 qui,
1539 2806 1773 2864 tempore

215 2874 588 2938 tentationum,
618 2879 971 2944 quastionum
1017 2882 1306 2947 variarum,
1355 2900 1473 2952 qua
1510 2902 1789 2940 numerum

213 2964 323 3019 500
356 2968 663 3035 conﬁciunt,
695 2969 1008 3025 solutionem
1036 2975 1344 3041 expetierat.
1365 2975 1647 3047 Inscriptio
1678 2981 1792 3034 haec

214 3057 410 3110 eadem
452 3058 664 3112 ratione
700 3059 754 3112 in
794 3062 981 3114 codice
1028 3059 1403 3131 Neapolitano,
1432 3066 1499 3119 de
1527 3082 1637 3136 quo
1663 3083 1790 3122 mox

213 3149 486 3206 dicemus.
506 3150 699 3217 legitur
716 3152 769 3203 in
798 3151 1230 3218 Ephemeridibns
1254 3155 1534 3211 litterariis
1563 3155 1786 3223 Venetis,

213 3237 402 3293 ltalice
439 3239 626 3304 editis,
660 3250 796 3295 tom.
834 3240 1047 3305 XXXII,
1075 3258 1197 3313 pag.
1228 3244 1319 3299 72.

284 3351 365 3407 Ex
392 3354 503 3407 .illa
542 3369 672 3409 vero
728 3366 972 3425 apparet,
1018 3359 1361 3429 Ἀμςριλόχια,
1400 3362 1505 3425 vel,
1543 3373 1601 3418 ut
1642 3364 1790 3419 Alla-

215 3446 329 3500 tius
357 3447 611 3515 appellat,
671 3449 1043 3519 ’Λμφιλόχεια,
1091 3452 1195 3515 vel,
1252 3462 1312 3506 ut
1356 3454 1472 3520 alii,
1528 3456 1787 3526 Ἀμφιλό-

216 3538 369 3613 χικὰ,
412 3539 535 3593 ideo
585 3542 869 3610 appellari,
911 3543 1054 3612 quod
1114 3541 1383 3613 Responsa
1440 3547 1527 3601 illa
1561 3549 1628 3603 ad
1660 3548 1789 3604 Am-

215 3632 582 3705 philochium,
632 3634 917 3703 praesulem
967 3636 1315 3707 Cyzicenum,
1346 3649 1638 3709 petentem,
1679 3643 1790 3697 sint

213 3727 548 3794 perscripta.
576 3724 721 3780 Cave
750 3742 883 3782 vero
910 3730 1121 3791 credas,
1166 3730 1235 3784 de
1267 3732 1525 3787 omnibus
1565 3735 1635 3787 ita
1669 3750 1789 3788 esse

218 3816 556 3871 habendum.
592 3817 650 3871 In
680 3816 930 3887 Epistolis
960 3820 1157 3884 Pbotii,
1196 3838 1225 3873 a
1267 3822 1424 3877 Ricb.
1458 3823 1789 3881 Hontacutio

216 3904 405 3969 editis,
446 3920 540 3960 sex
592 3908 819 3961 omnino
849 3910 1215 3979 Amphilocbii
1274 3926 1472 3966 nomen
1520 3912 1783 3971 referunt.

1886 1428 1960 1486 De
1986 1432 2445 1504 incircumscripta
2486 1434 2617 1491 Filii
2659 1436 2867 1493 Deitate
2909 1439 3051 1494 inter
3090 1440 3457 1511 Ampliilocbii

1886 1522 2169 1596 Excerpta,
2198 1544 2254 1599 p.
2279 1528 2385 1584 226
2437 1545 2662 1601 operum
2693 1532 2815 1603 ejus
2866 1533 3136 1601 exhibuit,
3165 1546 3311 1591 recte
3338 1538 3460 1593 ideo

1884 1629 2105 1675 notatus
2134 1620 2203 1676 ab
2238 1621 2437 1676 Allatio
2461 1621 2539 1677 De
2574 1628 2913 1682 consensione
2943 1626 3150 1682 Eccles.
3188 1627 3372 1685 Occid.
3409 1639 3460 1685 et

1887 1701 2090 1758 Orient.
2121 1721 2175 1775 p.
2207 1708 2333 1763 576.
2363 1710 2433 1763 At
2457 1710 2573 1781 ipse
2608 1711 2975 1771 Combcllsius
3017 1732 3261 1771 errorem
3298 1733 3458 1773 suum

1886 1800 2106 1866 agnovit
2131 1800 2184 1853 in
2219 1798 2507 1858 Recensitis
2538 1808 2842 1862 auctoribus
2870 1808 3207 1866 Bibliotheca
3235 1810 3460 1865 Patrum

1886 1887 2331 1959 Concionotoria,
2365 1910 2420 1964 p.
2448 1894 2572 1962 l52,
2603 1898 2699 1968 qui
2729 1898 2946 1955 libellus
2983 1902 3219 1956 seorsim
3263 1902 3463 1972 prodiit

1884 1979 2115 2039 Parisiis
2150 1984 2309 2049 1662,
2336 1986 2393 2042 8.

1954 2091 2110 2161 Quod
2136 2097 2203 2150 ad
2249 2106 2635 2168 argumentum
2666 2100 3009 2158 collectionis
3044 2105 3211 2175 hujus
3234 2119 3460 2178 spectat,

1885 2189 2123 2244 maxima
2157 2189 2311 2244 illius
2347 2207 2475 2262 pars
2502 2193 2555 2247 in
2592 2194 2937 2252 illustraudis
2970 2195 3181 2256 Veteris
3224 2212 3279 2256 et
3324 2201 3463 2259 Novi

1885 2279 2236 2337 lustrumenti
2270 2284 2507 2340 oraculis
2551 2286 2949 2345 difﬁcilioribus
2989 2304 3308 2361 occupatur.
3345 2294 3461 2352 Re-

1886 2372 2033 2443 liqua
2063 2388 2192 2442 pars
2220 2390 2365 2430 nunc
2388 2376 2718 2448 theologica,
2749 2395 2895 2434 nunc
2919 2383 3298 2454 pliiloSOphica
3326 2388 3462 2442 varii

1886 2465 2122 2532 generis,
2172 2482 2318 2521 nunc
2369 2470 2748 2538 grammatica,
2801 2488 2949 2529 nunc
2999 2474 3257 2533 Historia
3299 2480 3463 2535 eccle-

1885 2557 2118 2612 sinstica
2147 2568 2197 2612 et
2226 2558 2504 2615 litteraria
2536 2563 2713 2632 capita
2748 2569 3113 2635 persequitur.

1957 2648 2216 2704 Collectio
2265 2650 2383 2721 ipsa
2443 2668 2720 2723 nunquam
2783 2656 2959 2712 lucem
3018 2659 3169 2724 vidit,
3209 2652 3463 2731 quamvis

1893 2756 2055 2795 manu
2086 2754 2306 2796 exarata
2337 2744 2390 2797 in
2428 2745 2593 2801 variis
2618 2745 2962 2803 bibliothecis
2989 2759 3184 2805 exstet.
3211 2749 3266 2805 In
3289 2750 3459 2808 Gallia

1893 2833 2117 2889 Parisiis
2142 2834 2495 2889 bibliothoca:
2518 2836 2836 2892 Colbertina
2860 2849 2915 2893 et
2944 2840 3285 2897 tlnisliniana
3318 2844 3463 2900 illius

1890 2925 2099 2992 copiam
2134 2922 2364 2977 faciunt.
2399 2924 2554 2977 Prior
2586 2924 2641 2978 in
2670 2926 2860 2981 codice
2902 2928 3028 2993 Ml,
3056 2944 3217 2996 quem
3262 2930 3337 2983 ita
3368 2929 3465 2983 de-

1890 3016 2080 3071 scribit
2130 3014 2217 3070 «ιο.
2270 3016 2511 3085 Baptista
2569 3016 2875 3073 Cotelerius
2936 3021 2989 3073 in
3051 3018 3207 3075 Notis
3255 3021 3321 3075 ad
3377 3029 3466 3077 to-

1890 3123 2038 3162 mum
2067 3107 2135 3161 lll
2163 3108 2619 3162 Monumentorum
2649 3107 2900 3164 Ecclesia
2928 3109 3148 3176 Graca,
3187 3128 3308 3183 pag.
3334 3112 3460 3169 556:

1896 3217 1915 3249 s
1961 3197 2237 3253 Adversus
2268 3197 2662 3255 Manichaicam
2693 3202 2924 3256 basresin
2946 3201 3315 3258 Paulicianam
3339 3204 3464 3260 libri

1889 3283 2065 3340 Photii
2111 3294 2370 3356 quatuor,
2416 3286 2706 3360 Euthymio
2762 3289 3037 3361 Zigabeno
3085 3293 3206 3354 visi.
3249 3303 3467 3350 exstant

1888 3378 2011 3433 cod.
2035 3378 2347 3433 Colbertino
2386 3380 2511 3445 144,
2545 3396 2652 3434 una
2694 3396 2821 3436 cum
2866 3382 3114 3452 ejusdem
3159 3385 3463 3441 doctissimi

1888 3469 1989 3523 viri
2044 3471 2446 3538 Amphilochiis,
2507 3480 2563 3526 ut
2616 3473 2944 3528 certissimis
2994 3474 3214 3530 indiciis
3270 3477 3465 3546 depre-

1890 3560 2075 3624 bendi,
2100 3563 2349 3631 quamvis
2397 3563 2582 3623 titulo,
2626 3564 2825 3633 capite,
2865 3566 3039 3619 cauda
3098 3575 3288 3621 trunca
3334 3567 3463 3622 sint.

1888 3651 2163 3707 Posterior
2187 3654 2241 3706 in
2275 3653 2463 3708 codice
2493 3654 2622 3719 270,
2673 3655 2829 3708 olim
2862 3656 2965 3710 159
3021 3672 3087 3710 ex
3134 3673 3267 3726 quo,
3316 3660 3462 3727 quod

1891 3742 2053 3797 modo
2089 3742 2427 3805 monuimus,
2476 3742 2790 3798 Bernartius
2827 3744 3286 3801 Montefalconius
3318 3758 3370 3802 et
3396 3749 3466 3801 ti-

1891 3834 2033 3888 tulos
2056 3843 2110 3886 et
2137 3833 2287 3887 initia
2332 3834 2437 3889 308
2485 3833 2896 3903 Responsorum
2936 3838 3190 3892 exhibuit
3222 3840 3275 3892 in
3308 3840 3467 3892 Cata-

1889 3925 2012 3995 logo
2037 3923 2294 3980 Biblioth.
2317 3926 2684 3993 Coislinianaa,
2712 3943 2834 3998 pag.
2860 3928 2967 3982 525
2989 3944 3166 3998 seqq.,
3184 3931 3463 3999 subjectis,

218 3996 296 4051 Ex
332 3998 418 4051 bis
454 4008 563 4052 tres
594 4008 802 4053 tantum
830 4011 1049 4056 exstant
1080 4003 1134 4055 in
1160 4002 1561 4071 Amphilochiis,
1592 4021 1786 4076 nempe
1812 4020 1855 4078 (ς

1888 4016 2201 4087 speciminis
2248 4018 2392 4084 loco,
2434 4029 2669 4086 quatuor
2714 3996 3037 4089 Responsis,
3176 3996 3463 4092 διο-θείω.

214 4103 339 4159 epp.
376 4088 500 4155 137,
539 4090 661 4149 163.
693 4091 816 4155 178,
850 4107 973 4146 cum
1014 4095 1211 4163 quibus
1242 4105 1428 4150 exacte
1455 4097 1786 4153 conveniunt

211 4197 478 4251 responsa
516 4184 634 4249 1ϋ2,
656 4184 763 4239 255
786 4194 839 4239 et
872 4186 994 4241 178.
1027 4187 1160 4244 Tres
1189 4198 1398 4245 cretei-te
1427 4206 1554 4245 vero
1591 4206 1785 4261 nempe

217 4274 344 4338 l68,
384 4274 487 4329 198
531 4285 584 4329 et
620 4275 725 4329 207
768 4277 911 4333 inter
944 4277 1209 4347 Responsa
1253 4280 1343 4335 illa
1386 4282 1784 4339 desiderantur.

214 4368 297 4421 Ab
324 4367 499 4421 altera
542 4378 693 4437 parte
738 4369 790 4423 in
838 4371 1224 4439 Amphilochiis
1276 4373 1622 4443 Responsum
1654 4375 1780 4443 Ml,

214 4460 362 4529 quod
395 4459 562 4513 habes
596 4459 735 4515 infra
774 4476 827 4532 p.
861 4460 987 4525 708,
1039 4464 1354 4518 inscribitur
1381 4465 1781 4534 Amphilochia,

215 4552 359 4620 quod
394 4551 597 4606 frustra
621 4552 821 4622 quaeris
842 4552 1299 4624 inter'Epistolas.
1330 4555 1597 4612 Praeterea
1620 4561 1786 4614 multa

217 4642 515 4710 Responso,
558 4644 611 4698 in
661 4646 1040 4715 Amphilochiis
1070 4652 1362 4713 exstantia,
1386 4651 1548 4704 etiam
1580 4652 1635 4705 in
1667 4652 1784 4720 epi-

218 4737 374 4791 stolis
407 4740 527 4805 (ceu
566 4753 687 4792 mox
713 4738 1083 4811 ostendemus)
1116 4742 1385 4813 leguntur,
1435 4742 1527 4797 sed
1552 4743 1783 4798 aliorum

219 4830 534 4884 nominibus
564 4832 843 4900 inscripta.
873 4832 953 4886 Ita
982 4832 1149 4902 Resp.
1177 4833 1279 4888 166
1305 4843 1388 4889 est
1404 4835 1630 4904 epistola
1664 4835 1785 4902 155,

219 4936 342 4989 quae
392 4930 576 4974 tamen
625 4922 697 4975 ibi
751 4922 1094 4977 Constantini
1132 4924 1315 4980 fratris
1357 4941 1554 4980 nomen
1601 4925 1783 4981 refert.

217 5010 517 5083 Propterea
550 5012 622 5066 ita
662 5015 842 5082 pctius
870 5016 1211 5069 statuendum
1248 5024 1403 5085 puto,
1436 5017 1582 5086 quod
1621 5016 1786 5073 variae

216 5104 399 5160 Pbotii
426 5105 673 5173 epistola:
699 5105 827 5161 hinc
862 5106 986 5160 inde
1018 5106 1129 5161 sint
1151 5107 1412 5170 collectae,
1435 5118 1489 5162 et
1513 5108 1787 5177 Amphilo-

218 5198 463 5249 chiorum
498 5197 719 5250 nomine
768 5197 1057 5266 insignitae,
1094 5198 1236 5263 idco,
1281 5199 1424 5268 quod
1454 5200 1647 5253 l’hotio
1672 5198 1785 5253 fre-

214 5306 395 5361 quens
443 5290 747 5341 litterarum
793 5305 919 5344 cum
968 5291 1347 5357 Amphilochio
1399 5294 1786 5349 commercium

1895 4121 2015 4175 quae
2060 4122 2185 4162 mox
2246 4108 2665 4176 appellabimus.
2718 4110 2777 4164 In
2831 4110 2983 4166 Italia
3038 4114 3210 4168 Roma
3267 4115 3464 4184 duplex

1894 4198 2074 4267 operis
2109 4200 2416 4267 exemplum
2448 4200 2703 4263 exhibet;
2754 4202 2987 4256 alterum
3034 4204 3087 4257 in
3127 4206 3466 4261 Bibliotheca

1896 4286 2177 4353 Vaticana,
2211 4289 2440 4342 alterum
2470 4290 2523 4343 iu
2563 4288 2885 4356 Barberina,
2915 4307 3082 4362 atque
3113 4295 3216 4350 hoc
3237 4298 3461 4366 quidem

1895 4378 2172 4435 Francisci
2223 4380 2447 4435 Arcudii
2482 4397 2647 4436 manu
2692 4384 3049 4453 descriptum.
3108 4386 3182 4440 De
3232 4399 3466 4456 utroque

1894 4470 2047 4525 testis
2072 4482 2155 4525 est
2188 4470 2297 4525 Leo
2324 4471 2553 4527 Allatius
2592 4474 2645 4525 in
2678 4473 2832 4527 libris
2865 4472 2931 4527 lll
2970 4475 3039 4529 de
3070 4475 3321 4531 Ecclesia
3362 4477 3465 4531 0c-

1895 4563 2171 4617 cidentalis
2200 4574 2249 4617 et
2273 4563 2563 4620 Orientalis
2595 4578 2845 4636 perpetua
2867 4572 3227 4634 consensione,
3256 4572 3349 4627 lib.
3401 4589 3463 4632 ll.

1894 4668 1944 4708 c.
1969 4654 2023 4719 6,
2049 4669 2102 4724 p.
2129 4654 2255 4709 576.
2297 4673 2313 4706 I
2353 4652 2502 4725 Opus
2539 4666 2645 4719 est,
2678 4658 2876 4726 inquit,
2909 4658 3125 4713 varium
3170 4670 3225 4715 et
3283 4661 3464 4714 multi-

1892 4745 2032 4815 plice
2078 4746 2386 4802 eruditione
2425 4748 2677 4815 plenum,
2731 4750 3002 4821 tbeol03is
3049 4767 3115 4806 ac
3166 4751 3464 4821 Scriptura:

1892 4836 2298 4904 expositoribus
2348 4837 2585 4892 maxime
2635 4840 3035 4905 necessarium,
3084 4856 3259 4909 eoque
3293 4843 3464 4911 magis

1893 4925 2352 4997 amplectendum,
2381 4928 2527 4997 quod
2560 4942 2669 4981 non
2698 4928 2854 4993 alibi,
2891 4945 3056 4998 quam
3085 4929 3139 4983 in
3177 4929 3461 4992 Vaticana,

1894 5034 2038 5072 nunc
2058 5030 2391 5085 postremum
2413 5034 2477 5074 ex
2499 5019 2651 5073 libris
2670 5017 2955 5085 Lolliauis,
2980 5022 3081 5075 sub
3104 5019 3325 5076 Urbano
3346 5020 3462 5075 Vlll

1895 5107 2189 5169 invectum,
2221 5108 2367 5175 quod
2399 5108 2512 5175 ipse
2535 5108 2729 5170 sciam,
2762 5116 2960 5161 exstet.
2996 5127 3015 5158 ι
3058 5107 3123 5161 Et
3161 5109 3350 5177 paucis
3380 5108 3465 5160 in-

1896 5197 2137 5267 terjectis
2167 5213 2181 5251 :
2219 5215 2238 5247 t
2282 5194 2429 5266 Opus
2460 5204 2571 5250 tam
2604 5196 2827 5267 dignum
2854 5206 2910 5249 et
2946 5198 3189 5255 doctum,
3228 5212 3259 5249 a
3290 5193 3465 5248 Fran-

1894 5292 2043 5346 cisco
2088 5289 2330 5343 Arcudio
2357 5327 2375 5352 ,
2416 5285 2673 5341 Nuscano
2721 5286 2942 5341 demum
3004 5287 3294 5355 episcopo,
3350 5286 3465 5338 viro

216 5360 613 5435 intercesserit.
648 5379 825 5434 Taceo
875 5382 1133 5436 nonnulla
1196 5382 1248 5435 in
1292 5382 1377 5437 bis
1426 5382 1638 5446 haberi,
1670 5399 1789 5454 quae
1822 5360 1864 5415 D
1896 5383 2099 5440 Graecis
2144 5379 2461 5448 Latinisque
2498 5378 2691 5433 litteris
2727 5379 2886 5447 longe
2928 5378 3272 5439 doctissimo,
3304 5375 3466 5428 mibi-

214 5488 324 5527 non
364 5484 475 5525 tam
502 5470 788 5539 Responsa,
834 5488 997 5542 quam
1049 5474 1306 5541 Excerpta
1350 5477 1597 5543 quaedam
1645 5477 1792 5531 refe-

216 5576 369 5632 runt,
402 5581 526 5633 qua:
553 5563 783 5619 Pbotius
802 5582 866 5620 ex
902 5568 1045 5633 aliis,
1069 5584 1119 5621 ν.
1142 5584 1190 5623 c.
1221 5568 1636 5639 Chrysostomo,
1658 5579 1787 5635 etc.,

215 5662 393 5731 petiit.
420 5657 556 5713 Vide
588 5673 653 5710 cx
683 5674 764 5728 gr.
790 5657 927 5712 infra
958 5675 1011 5729 ι).
1051 5661 1171 5723 750,
1206 5661 1329 5714 800.
1366 5662 1422 5715 id
1446 5672 1655 5716 certum
1684 5670 1791 5723 est,

216 5750 628 5821 Amphilochio,
677 5749 928 5820 episcopo
974 5752 1283 5816 lconicnsi,
1343 5770 1449 5808 non
1504 5754 1788 5809 tribuenda

218 5861 369 5911 esse,
418 5858 541 5911 quae
586 5841 640 5897 in
694 5841 1069 5911 Amphiloc/tiis
1102 5846 1371 5917 leguntur.
1408 5844 1520 5900 lloc
1566 5846 1783 5918 quidem

1897 5490 2003 5545 que
2042 5472 2349 5529 studiorum
2389 5470 2755 5524 familiaritate
2795 5469 3271 5538 conjunctissimo,
3308 5466 3465 5519 bien-

1896 5569 2042 5621 nium
2075 5576 2199 5619 ante
2222 5564 2334 5617 fato
2362 5563 2572 5627 functo,
2593 5562 3009 5617 characteribus
3039 5558 3465 5628 elegantissimis

1898 5658 2311 5728 diligentissime
2344 5657 2697 5723 descriptum,
2738 5654 2796 5706 in
2824 5668 2921 5706 sua
2946 5651 3277 5705 bibliotheca
3309 5662 3463 5715 repo-

1898 5751 2005 5804 suit
2057 5749 2321 5802 bonarum
2374 5745 2619 5798 omnium
2676 5744 2877 5796 artium
2932 5750 2987 5796 et
3045 5740 3458 5808 disciplinarum

1896 5850 2252 5907 restaurator,
2306 5839 2633 5895 Franciscus
2685 5835 3039 5902 Barberinus,
3084 5832 3313 5905 publica:
3341 5844 3465 5884 om-
