4198 6440
757 440 834 504 23
1907 442 1987 502 IN
2018 433 2539 499 AMPHILOCBIA
2571 433 2833 493 PHOTIl
3921 442 3999 507 ει

759 564 911 614 nium
952 558 1320 614 commoditati
1356 570 1518 628 atque
1555 559 1798 613 utilitati.
1842 577 1860 610 )
1906 555 1982 611 De
2011 554 2197 611 codice
2238 549 2331 601 illo
2361 550 2404 608 Δ
2435 546 2676 598 sliniani.
2699 547 2883 614 Itaque
2906 547 3052 602 absit
3095 560 3153 604 ut
3183 551 3250 606 de
3282 552 3492 624 integro
3520 558 4001 626 Ampltilocltiorstm

761 654 1006 708 Lolliano
1042 654 1242 706 videsis
1287 653 1460 722 ipsius
1510 652 1707 706 Lollini
1762 651 2050 720 Epistolas,
2099 666 2151 720 p.
2203 649 2329 705 326.

763 745 962 796 Praeter
1021 745 1135 798 haec
1189 741 1583 796 bibliothecam
1639 741 2035 796 Taurinensem
2087 741 2331 811 ejusdem

763 835 947 902 operis
1010 834 1318 903 exemplum
1361 833 1558 888 habere
1587 842 1803 888 constat
1842 849 1908 887 ex
1959 831 2333 896 Ephemeribus

761 925 924 977 litter.
969 923 1197 987 Venetis,
1245 933 1376 978 tom.
1410 924 1497 988 Vl,
1532 941 1585 993 p.
1611 925 1736 979 478.
1774 924 1854 978 Ad
1889 924 1978 978 illa
2008 923 2215 978 accedit
2241 939 2335 976 co-

763 1019 863 1072 dex
897 1017 1311 1087 Neapolitanus,
1344 1018 1413 1071 de
1434 1034 1542 1086 quo
1574 1018 1806 1072 Allatius
1831 1019 1866 1072 l.
1898 1033 1947 1071 c.
1984 1017 2055 1070 ita
2081 1033 2094 1072 :
2123 1035 2143 1069 ι
2166 1018 2337 1074 Annis

767 1112 1121 1166 nihilominus
1148 1112 1372 1180 elapsis.
1401 1110 1619 1180 Neapoli
1650 1112 1901 1166 inventus
1926 1119 2011 1164 est
2041 1112 2209 1164 codex
2239 1125 2338 1162 an—

766 1204 1133 1272 tiquissimus.
1177 1204 1289 1256 imo
1322 1201 1551 1257 frustum
1585 1203 1953 1272 antiquissimi
1984 1203 2208 1267 codicis,
2244 1217 2336 1254 ve-

766 1304 969 1349 tustate
1007 1310 1256 1353 exesum,
1296 1295 1562 1363 principio
1597 1304 1652 1349 et
1695 1295 1801 1348 line
1837 1294 2089 1348 mutilum
2123 1310 2136 1346 :
2173 1309 2238 1347 ex
2272 1307 2339 1346 eo

767 1388 1090 1457 transcripta
1121 1387 1287 1441 dubia
1317 1395 1370 1441 et
1405 1387 1706 1441 solutiones
1755 1385 1973 1456 viginti,
2018 1400 2142 1439 cum
2180 1385 2339 1454 plura

768 1495 875 1530 non
927 1487 1131 1541 essent,
1178 1487 1231 1532 et
1281 1477 1346 1529 ad
1399 1493 1505 1541 me,
1555 1477 1721 1531 veluti
1772 1481 2063 1532 thesaurus
2118 1476 2336 1547 ingens,

768 1572 1086 1625 transmissa
1122 1583 1251 1625 sunt
1282 1571 1350 1623 ab
1391 1571 1776 1626 eruditissimis
1807 1571 1959 1636 viris,
1993 1569 2085 1639 qui
2117 1584 2338 1640 operam

767 1677 920 1715 suam
954 1662 1006 1716 in
1040 1663 1149 1718 illis
1172 1663 1511 1718 illustrandis
1541 1663 1952 1732 pollicebantur;
1975 1678 2184 1725 verum,
2215 1677 2340 1715 cum

767 1753 1078 1817 scivissem,
1119 1755 1279 1824 cujus
1321 1755 1412 1809 illa
1456 1764 1633 1818 erant,
1683 1766 1738 1810 ct
1779 1772 1914 1825 opus
1947 1755 2216 1824 integrum
2247 1767 2343 1807 exe

769 1854 937 1904 stare,
973 1846 1350 1915 neglexerunt.
1384 1865 1402 1897 ι
1433 1844 1588 1901 lluuc
1621 1846 1797 1916 ipsum
1837 1847 2081 1901 codicem
2129 1860 2236 1898 non
2266 1844 2338 1898 ita

769 1935 975 2000 pridem
1004 1939 1316 2008 diligentius
1341 1939 1628 2007 descripsit
1657 1940 1739 1992 vir
1765 1939 1947 1994 clarus
1982 1936 2340 1992 Sebastianus

769 2027 942 2086 Pauli.
997 2029 1282 2094 Lucensis.
1329 2032 1382 2084 in
1437 2034 1596 2101 epist.
1649 2033 1716 2086 ad
1775 2033 1972 2086 illustr.
2028 2030 2339 2099 Scipionem

768 2118 1061 2184 Maﬂ‘eium,
1115 2137 1237 2188 quae
1285 2122 1338 2175 in
1394 2122 1586 2176 iisdem
1638 2122 2071 2190 Ephemeridibus
2135 2119 2340 2174 Venetis

770 2223 901 2265 tom.
921 2212 1136 2274 XXXII,
1163 2230 1216 2282 p.
1236 2214 1304 2268 58
1322 2229 1474 2284 seqq.
1497 2215 1709 2284 legitur.
1732 2217 1804 2269 ibi
1837 2215 2054 2284 quidem
2077 2230 2131 2284 p.
2152 2213 2243 2277 65,
2259 2227 2344 2267 co-

767 2306 863 2358 dex
908 2306 994 2359 bic
1028 2321 1294 2360 annorum
1320 2306 1424 2359 600
1450 2317 1658 2360 aetatem
1681 2308 1876 2362 habere
1897 2306 2340 2361 etanno1717ex

767 2394 991 2447 Archivo
1012 2395 1112 2450 SS.
1137 2396 1510 2464 Apostolorum
1541 2399 1594 2450 in
1623 2395 2012 2450 Bibliothecam
2037 2396 2340 2450 Cresaream

773 2485 1268 2550 Vindobonensem,
1295 2505 1401 2542 una
1430 2504 1554 2543 cum
1585 2489 1866 2543 codicibus
1891 2488 2015 2542 aliis
2042 2497 2256 2540 centum
2288 2495 2341 2538 et

769 2581 1005 2648 amplius
1037 2620 1050 2641 ,
1118 2583 1416 2635 translatus
1467 2595 1589 2634 esse
1637 2581 1858 2634 dicitur.
1918 2580 2343 2648 Comparaverat

771 2673 921 2726 illum
948 2675 1076 2732 olim
1122 2674 1324 2729 Anton.
1353 2675 1727 2736 Caracciolus,
1768 2686 1823 2730 et
1855 2674 2080 2728 Romam
2123 2675 2344 2727 miserat

772 2767 837 2818 ad
893 2765 1129 2821 Leonem
1185 2767 1469 2832 Allatium,
1501 2769 1609 2840 qui.
1649 2770 1920 2829 eumdem,
1983 2784 2012 2821 a
2064 2767 2342 2837 Neopbyto

779 2857 1014 2920 Rodino,
1047 2861 1317 2913 monacho
1362 2858 1582 2928 Cypria,
1637 2860 1993 2926 descriptum,
2035 2859 2202 2912 variis
2262 2857 2341 2910 le-

770 2950 1044 3004 ctionibus
1076 2952 1154 3005 vel
1188 2951 1662 3006 emendationibus
1697 2951 1759 3004 ad
1787 2951 2085 3019 marginem
2136 2949 2340 3003 instru-

773 3051 942 3095 xerat.
968 3041 1142 3111 Hujus
1167 3059 1292 3097 vero
1317 3045 1612 3114 apographi
1639 3044 1792 3111 c0pia
1829 3059 1934 3096 una
1964 3059 2088 3095 cum
2111 3043 2341 3110 epistola

784 3134 968 3187 Allatii
1001 3135 1066 3188 ad
1097 3135 1473 3191 Caracciolum
1507 3135 1687 3189 adhuc
1716 3145 1891 3189 exstat
1926 3135 2144 3204 Neapoli
2174 3135 2224 3188 in
2251 3136 2343 3187 illo

2435 641 2620 694 codice
2653 642 2974 710 engitemus.

2506 732 2593 792 Hi,
2627 748 2766 801 quos
2803 735 2942 798 dixi,
2975 735 3197 792 codices
3235 747 3289 793 et
3331 755 3559 797 numero
3591 752 3648 797 et
3679 745 3870 800 ordine
3900 745 4006 800 Re-

2436 839 2761 891 sponsorum
2809 826 3087 883 dillerunt.
3149 828 3223 885 ita
3285 845 3353 886 ex
3412 835 3535 889 eod.
3580 834 3844 892 Vaticano
3900 838 4008 892 Re-

2437 930 2635 981 sponsa
2670 917 2775 971 313
2824 920 3060 988 appellat
3092 921 3362 988 Allatius,
3403 925 3477 979 De
3506 930 3861 992 consensione,
3895 937 4003 982 etc.

2437 1022 2490 1076 p.
2507 1006 2632 1061 576.
2649 1007 2826 1077 Atque
2855 1011 3078 1065 totidem
3106 1012 3158 1065 in
3182 1011 3496 1070 Colbertino
3517 1028 3732 1072 exstare
3763 1021 4007 1072 intellexi

2439 1114 2506 1152 ex
2546 1099 2657 1163 illa,
2703 1115 2865 1167 quam
2909 1102 3102 1166 habeo,
3155 1105 3641 1172 Amphilochiorum
3687 1120 3859 1177 parte.
3901 1110 4009 1176 Qui

2438 1191 2582 1243 enim
2605 1206 2724 1244 eam
2751 1207 2817 1246 ex
2843 1193 3181 1251 Coisliniano
3203 1199 3526 1268 descriptam
3548 1217 3671 1255 cum
3694 1202 4013 1256 Colbertino

2440 1283 2692 1346 contulit,
2721 1282 2918 1340 Frauc.
2969 1286 3192 1360 Dionys.
3237 1291 3586 1356 Camusatus,
3623 1293 3690 1348 de
3719 1310 3824 1363 quo
3857 1309 4008 1357 mox,

2441 1372 2728 1442 aliquoties
2759 1385 2965 1440 monet,
3012 1380 3114 1434 boc
3152 1381 3232 1435 vel
3281 1382 3412 1437 illud
3453 1399 3778 1453 responsum
3817 1386 4010 1440 haberi

2443 1465 2497 1518 in
2530 1465 2845 1521 Colbertino
2865 1485 3095 1525 numero
3121 1471 3175 1536 5,
3209 1489 3259 1526 c.
3283 1474 3337 1534 4,
3363 1489 3430 1528 ex
3460 1476 3707 1529 tredecim
3739 1477 3868 1538 illis,
3890 1493 4016 1544 qua:

2443 1573 2606 1625 supra
2655 1558 2758 1613 300
2789 1559 2844 1614 in
2884 1561 3198 1617 Colbertino
3243 1564 3337 1618 illo
3377 1577 3610 1620 exstent.
3669 1569 3745 1620 Ita
3801 1569 3869 1621 ad
3907 1567 4015 1622 Re-

2444 1663 2708 1716 Sponsum
2742 1651 2865 1717 116,
2891 1651 2979 1704 διὰ
2999 1651 3052 1703 τί
3080 1657 3420 1724 πρωτότοκον
3449 1660 3478 1710 ὁ
3500 1657 3631 1721 Θεὸς
3662 1659 3756 1712 τὸν
3798 1661 4015 1729 Ἰσραὴλ

2443 1734 2619 1801 καλεῖ,
2691 1739 2828 1808 lego,
2884 1751 3102 1796 exstare
3163 1744 3292 1797 illud
3343 1761 3494 1800 num.
3541 1747 3598 1809 3,
3679 1749 4012 1802 extredecim

2445 1839 2638 1898 praeter
2659 1831 2764 1885 300
2789 1841 2841 1887 et
2857 1834 2922 1887 ad
2946 1832 3288 1903 Responsum
3314 1837 3435 1900 123,
3465 1839 3568 1907 legi
3595 1839 3724 1894 illud
3747 1855 3902 1894 num.
3924 1841 4013 1906 10,

2443 1937 2506 1974 ex
2539 1922 2728 1974 iisdem
2766 1925 3024 1979 tredecim
3052 1941 3214 1994 supra
3243 1926 3367 1981 300.
3398 1928 3692 1984 Observavi
3721 1941 4012 1999 prmterca,

2446 2015 2498 2067 in
2528 2012 2845 2068 Colbertino
2873 2032 3265 2086 nonnunquam
3297 2019 3619 2084 desiderari,
3643 2038 3765 2090 qua:
3792 2035 4016 2078 exstant

2443 2105 2498 2159 in
2539 2105 2902 2162 Coisliniano.
2942 2108 3060 2162 Huc
3090 2111 3368 2178 pertinent
3415 2113 3526 2167 duo
3566 2113 3678 2175 illa,
3715 2131 3837 2182 qua:
3869 2115 4014 2172 infra

2444 2197 2631 2260 habes,
2661 2215 2712 2266 p.
2745 2199 2868 2258 684.
2898 2215 2997 2254 nec
3018 2202 3202 2256 minus
3233 2201 3570 2271 Responsum
3597 2207 3668 2261 95
3694 2218 3748 2261 et
3779 2208 3872 2274 96,
3904 2218 4012 2264 etc.

2443 2289 2500 2342 ln
2546 2290 2887 2346 Coisliniano
2931 2293 3073 2362 apud
3125 2292 3610 2350 Montclalconinm
3658 2310 4016 2354 numerantur

2443 2383 2722 2454 llesponsa
2745 2385 2870 2440 308.
2897 2386 3068 2440 Porro
3089 2389 3225 2442 ordo
3250 2387 3654 2458 Responsorum
3680 2392 3822 2447 alius
3849 2402 4014 2462 atque

2443 2476 2584 2529 alius
2633 2484 2719 2530 est
2769 2477 2824 2530 in
2869 2485 3102 2547 utroque
3144 2479 3330 2532 codice
3385 2477 3706 2536 Parisiensi.
3750 2480 4015 2548 Quamvis

2442 2572 2583 2624 enim
2612 2581 2838 2642 uterque
2870 2589 3040 2642 usque
3072 2574 3140 2628 ad
3167 2575 3326 2644 Resp.
3343 2575 3406 2628 77
3431 2577 3533 2631 sibi
3559 2578 3792 2633 invicem
3823 2592 4014 2635 exacte

2445 2666 2826 2732 respondeant,
2859 2667 3003 2733 quod
3028 2666 3096 2722 ad
3126 2677 3322 2722 cetera
3357 2679 3536 2723 tamen
3574 2670 3868 2725 admodum
3894 2687 3924 2726 a
3957 2689 4015 2728 se

2443 2760 2654 2812 ratione
2681 2761 2890 2814 ordinis
2913 2762 3270 2816 dissentiunt.

2513 2849 2668 2916 Quod
2695 2853 2762 2907 ad
2792 2854 3160 2922 Amphilochia
3193 2857 3312 2925 ipsa
3329 2865 3574 2928 'spectat,
3609 2872 3760 2916 sexta
3797 2862 4018 2916 circiter

2447 2945 2662 2998 illorum
2695 2962 2821 3013 pars
2847 2946 2900 3000 in
2945 2949 3194 3016 epistolis
3227 2949 3432 3014 Phatii,
3476 2968 3616 3021 quas
3657 2954 3884 3008 eruditae
3921 2952 4017 3006 Ri-

2446 3038 2630 3090 chardi
2667 3037 2985 3092 Montacutii
3020 3040 3305 3097 industria:
3343 3045 3629 3103 debemus.
3656 3057 3858 3101 exstat.
3888 3049 4016 3102 Illo-

2447 3145 2564 3181 runt
2604 3128 2746 3182 dabo
2771 3129 3008 3186 Iudicem
3054 3133 3108 3186 in
3152 3135 3381 3202 gratiam
3418 3151 3629 3203 eorum,
3662 3142 3754 3207 qui
3783 3139 4019 3195 fortasse

776 3225 875 3278 SS.
920 3225 1295 3294 Apostolorum
1345 3229 1592 3288 Αιτιιὶυο,
1651 3229 1794 3281 unde
1847 3228 2008 3282 alia."
2062 3229 2165 3282 sibi
2220 3227 2417 3295 Γροίιρ
2450 3220 2813 3286 Amphilochia
2859 3225 3018 3278 edere
3075 3225 3452 3293 instituerint,
3505 3231 3752 3285 ordinem
3815 3235 4018 3289 codicis

773 3316 944 3371 Nicol.
979 3317 1289 3382 Falconius,
1309 3321 1494 3383 abbas,
1515 3321 1604 3389 qui
1640 3336 1730 3374 an.
1770 3320 1907 3374 1719
1928 3322 2342 3374 conversionem

2446 3313 2763 3368 Coisliniani
2790 3325 3103 3380 secuturus,
3148 3317 3222 3371 ita
3270 3319 3488 3388 quidem
3519 3330 3578 3374 ut
3604 3322 3787 3377 littera
3819 3340 3873 3377 r.
3915 3323 4020 3378 Re-

774 3411 895 3477 ojus
937 3410 1182 3464 Latinam
1211 3412 1362 3481 prelo
1397 3413 1624 3481 paravit.
1656 3413 1756 3466 lllo
1787 3428 1950 3483 porro
1980 3415 2166 3467 codice
2195 3428 2348 3466 eozn-
2445 3421 2636 3472 εροηεα
2665 3405 3166 3474 ΑιηριιὶιυεΙιὶονυηι,
3195 3424 3245 3463 e.
3274 3426 3400 3464 vero
3433 3409 3700 3478 Epistolas
3729 3413 3909 3469 Photii
3937 3417 4021 3470 in-

777 3503 1190 3569 prehenduntur
1238 3504 1428 3576 viginti
1489 3512 1700 3559 tantum
1756 3520 2018 3575 responsa
2051 3546 2066 3567 ,
2123 3517 2343 3558 auctore

2447 3495 2610 3550 dicet.
2653 3512 2699 3548 r.
2731 3499 2853 3551 128.
2883 3513 2934 3553 e.
2965 3499 3091 3553 208.
3121 3516 3167 3552 r.
3202 3501 3322 3555 129.
3348 3519 3398 3556 e.
3421 3504 3526 3557 209
3579 3520 3626 3558 r.
3658 3506 3781 3571 130,
3812 3524 3862 3560 e.
3889 3508 4017 3563 210.

776 3595 1003 3662 Allatio,
1036 3597 1072 3650 1.
1112 3610 1163 3650 c.
1195 3596 1279 3649 vel
1311 3596 1719 3662 octodecim,ex
1751 3606 2009 3665 computo
2038 3595 2162 3649 Seb.
2190 3595 2343 3649 Pauli

2447 3603 2497 3642 ι·.
2534 3589 2655 3641 151.
2690 3604 2740 3644 e.
2766 3589 2894 3645 211.
2922 3607 2968 3646 r.
2998 3591 3121 3646 152.
3154 3607 3204 3647 e.
3229 3593 3355 3648 213.
3385 3610 3430 3647 r.
3453 3596 3576 3652 133.
3596 3612 3646 3652 e.
3669 3598 3795 3653 214.
3821 3616 3867 3653 r.
3894 3600 4020 3654 134.

777 3693 810 3743 1.
831 3707 879 3744 c.
903 3691 993 3744 ubi
1018 3689 1358 3759 singulorum
1389 3689 1576 3744 titulos
1605 3697 1660 3742 et
1689 3689 2090 3758 initia,adjecta
2117 3692 2343 3744 seorsim

2448 3694 2497 3733 e.
2529 3679 2658 3734 216.
2688 3697 2734 3735 r.
2762 3681 2887 3737 138.
2912 3698 2962 3738 e.
2989 3683 3113 3738 246.
3139 3700 3186 3740 r.
3215 3686 3338 3740 139.
3359 3687 3553 3742 e.247.
3584 3705 3634 3743 ι·.
3668 3690 3789 3745 140.
3816 3706 3868 3745 e.
3890 3692 4019 3746 248.

776 3781 967 3834 Latina
1000 3781 1270 3846 versione,
1299 3779 1433 3847 legis
1463 3794 1516 3848 p.
1537 3779 1726 3833 66-72.
1747 3779 2086 3849 Responsum
2111 3782 2343 3849 primum

2449 3785 2495 3824 r.
2525 3770 2646 3824 165.
2673 3787 2722 3826 e.
2758 3772 2879 3826 157.
2907 3790 2951 3827 ι·.
2978 3773 3097 3828 164.
3123 3790 3174 3829 e.
3206 3775 3328 3832 138.
3349 3793 3395 3832 r.
3428 3778 3550 3832 165.
3575 3795 3627 3834 e.
3663 3779 3785 3835 159.
3809 3796 3855 3835 r.
3895 3781 4022 3835 166.

777 3871 940 3926 relert
970 3888 1256 3926 numerum
1287 3871 1647 3934 25,u|timum'
1681 3888 1809 3926 vero
1831 3874 1921 3931 43.
1953 3875 2042 3940 qui
2071 3873 2343 3941 conjuncti

2448 3879 2499 3917 e.
2531 3863 2650 3917 144.
2676 3879 2721 3918 r.
2754 3863 2879 3917 200.
2905 3880 2956 3921 e.
2998 3865 3088 3920 30.
3127 3883 3170 3920 r.
3211 3867 3337 3924 201.
3377 3884 3428 3924 e.
3472 3869 3560 3924 31.
3597 3887 3641 3925 r.
3686 3870 3811 3926 202.
3843 3887 3896 3927 e.
3930 3873 4020 3927 33.

773 3967 1072 4021 coniiciunt
1098 3967 1492 4020 novemdecim.
1515 3966 1653 4021 Huic
1683 3967 1728 4021 si
1749 3967 2022 4021 addideris
2035 3967 2345 4036 epistolam,

776 4060 934 4129 cujus
990 4059 1206 4112 initium
1255 4059 1478 4124 ibidem,
1531 4075 1581 4128 p.
1619 4060 1710 4122 72,
1763 4069 1884 4129 post
1933 4060 2345 4128 inscriptionem

773 4153 957 4221 operis
986 4152 1140 4222 legis.
1177 4166 1471 4215 summam,
1505 4151 1574 4205 ab
1604 4153 1800 4204 Allatio
1820 4153 2062 4215 ductam,
2098 4152 2343 4206 habebis.

778 4244 870 4297 llis
919 4242 1104 4310 itaque
1152 4240 1344 4311 viginti
1397 4241 1693 4310 Responsis
1744 4241 1870 4296 Seb.
1926 4242 2100 4305 Pauli,
2154 4258 2208 4312 ι).
2253 4242 2346 4305 66,

776 4334 910 4386 nihil
939 4335 1016 4386 ait
1042 4349 1163 4388 esse
1200 4349 1493 4387 commune
1523 4350 1647 4387 cum
1676 4334 1933 4389 trecentis
1962 4334 2092 4399 illis,
2110 4335 2178 4388 ad
2211 4334 2346 4387 Am-

773 4425 1094 4497 philochium
1124 4426 1285 4479 datis.
1329 4424 1440 4494 Ego
1475 4441 1602 4479 vero
1635 4442 1698 4480 ex
1733 4425 1914 4482 Indice
1953 4427 2162 4482 codicis
2191 4427 2346 4482 Cois-

2448 3969 2493 4006 r.
2515 3953 2641 4009 223.
2670 3970 2721 4009 e.
2762 3955 2853 4008 35.
2885 3971 2931 4010 r.
2967 3955 3093 4011 224.
3131 3972 3182 4011 e.
3214 3958 3304 4013 36.
3348 3974 3393 4012 r.
3425 3959 3550 4014 225.
3591 3976 3643 4015 e.
3679 3961 3770 4017 37.
3807 3978 3856 4017 r.
3891 3963 4020 4017 226.

2450 4061 2498 4100 e.
2529 4045 2617 4098 38.
2650 4063 2694 4099 r.
2725 4046 2850 4100 227.
2879 4063 2929 4101 e.
2958 4049 3047 4103 43.
3083 4065 3128 4103 r.
3160 4049 3286 4104 228.
3330 4066 3380 4106 e.
3427 4051 3515 4107 50.
3563 4068 3610 4107 r.
3653 4053 3778 4109 229.
3829 4070 3885 4109 e.
3933 4053 4020 4111 54.

2449 4150 2494 4188 r.
2519 4134 2645 4189 230.
2675 4150 2724 4189 e.
2755 4135 2843 4190 58.
2892 4152 2939 4192 ι·.
2988 4137 3115 4192 251.
3159 4154 3207 4194 e.
3253 4140 3341 4195 61.
3369 4157 3414 4195 ι·.
3448 4141 3573 4196 232.
3601 4158 3652 4198 e.
3685 4144 3774 4198 62.
3811 4161 3858 4199 r.
3891 4145 4020 4201 233.

2447 4241 2498 4279 e.
2531 4227 2617 4279 63.
2661 4243 2707 4281 r.
2733 4226 2858 4282 234.
2891 4243 2941 4283 e.
2978 4227 3068 4283 64.
3100 4245 3143 4284 ι·.
3187 4231 3312 4286 255.
3367 4247 3418 4287 e.
3466 4233 3554 4287 72.
3596 4250 3644 4290 r.
3681 4236 3808 4291 236.
3841 4253 3894 4292 e.
3932 4238 4018 4293 74.

2450 4335 2495 4372 r.
2523 4317 2651 4372 237.
2686 4335 2736 4373 e.
2769 4319 2856 4373 75.
2890 4336 2936 4378 r.
2968 4321 3094 4376 238.
3128 4337 3178 4378 e.
3210 4323 3296 4376 76.
3332 4339 3379 4378 r.
3411 4325 3540 4380 240.
3565 4342 3616 4381 e.
3644 4328 3766 4382 102.
3807 4344 3854 4383 ι·.
3893 4329 4020 4383 241.

2447 4429 2497 4464 e.
2533 4411 2655 4465 125.
2682 4428 2727 4464 r.
2749 4411 2875 4466 212.
2899 4428 2949 4469 e.
2981 4414 3104 4468 127.
3132 4431 3177 4468 r.
3200 4415 3325 4471 243.
3356 4432 3407 4470 e.
3441 4417 3559 4473 129.
3589 4436 3636 4472 r.
3665 4421 3792 4476 244.
3815 4437 3866 4476 e.
3895 4423 4020 4480 132.

776 4519 964 4571 liniani
1023 4519 1509 4586 Amphilochiorum
1557 4519 1845 4584 intellexi,
1903 4520 2204 4574 octodecim
2263 4520 2336 4573 ibi

2450 4520 2497 4556 r.
2528 4504 2653 4558 245.
2686 4519 2736 4559 e.
2769 4505 2891 4560 133.
2923 4521 2968 4561 r.
3000 4507 3125 4562 246.
3161 4524 3213 4563 e.
3237 4509 3358 4564 154.
3386 4527 3433 4566 r.
3465 4511 3589 4566 248.
3611 4529 3661 4567 e.
3684 4515 3804 4569 147.
3828 4532 3876 4569 r.
3892 4517 4020 4572 249.

776 4608 875 4677 ιρεί
923 4607 1048 4662 inde
1097 4577 1132 4662 ε’
1171 4626 1321 4660 nm...
1353 4608 1423 4662 ει
1493 4609 1558 4662 ad
1609 4610 1699 4663 ιι,
1733 4577 1934 4664 me".
1960 4611 2122 4665 ριίεη,
2150 4611 2341 4665 ordine
2376 4577 2418 4631 ῐ)
2448 4615 2495 4654 e.
2536 4599 2653 4653 151.
2684 4617 2729 4654 r.
2761 4601 2888 4654 250.
2924 4601 3793 4661 e.152.r.251.e.155.r.252.
3824 4609 4018 4663 c.156.

775 4699 901 4768 (nisi
933 4700 1077 4767 quod
1133 4699 1474 4768 Responsum
1509 4699 1577 4752 35
1621 4711 1824 4755 mutato
1859 4701 2070 4762 ordine,
2107 4711 2229 4770 post
2273 4703 2342 4756 39

777 4789 1025 4859 legatur),
1061 4801 1223 4859 atque
1264 4792 1400 4844 adeo
1442 4806 1611 4845 unum
1646 4801 1876 4857 tantum,
1924 4794 2068 4861 quod
2110 4794 2162 4847 in
2196 4793 2340 4847 Nea-

778 4883 1017 4948 politano
1078 4891 1160 4936 est
1185 4883 1277 4946 37,
1330 4891 1382 4935 et
1444 4882 1680 4952 incipit:
1720 4884 2044 4952 ’Ότιιμὲνὴ
2091 4884 2182 4939 τοῦ
2206 4885 2340 4938 Θεοῦ

774 4971 1020 5040 πρόνοια,
1056 4988 1108 5024 κ.
1141 4988 1192 5025 τ.
1229 4971 1279 5028 λ.
1315 4971 1367 5024 in
1408 4970 1746 5026 Coisliniano
1777 4975 1868 5025 illo
1913 4974 2098 5028 codice
2124 4975 2342 5029 deside-

776 5064 1094 5133 rari.Atque
1124 5065 1237 5119 hiet:
1266 5064 1332 5118 de
1356 5063 1711 5133 Neopolitano
1735 5067 1825 5120 illo
1843 5067 2029 5121 codice
2049 5068 2343 5123 sulliciant.

781 5153 943 5205 Video
975 5165 1233 5222 praeterea
1263 5169 1292 5206 a
1324 5155 1598 5209 Casimiro
1619 5154 1836 5210 Oudino
1859 5158 1911 5211 in
1938 5157 2345 5214 Commentariis

778 5245 837 5296 tle
873 5245 1218 5312 scriptoribus
1256 5245 1547 5300 ecclesiast.
1587 5258 1720 5302 tom.
1769 5247 1843 5314 Il,
1887 5266 1938 5317 p.
1975 5249 2078 5303 205
2104 5289 2121 5313 ,
2164 5252 2344 5306 31Ῑ6ΓΙ¹1

778 5337 1024 5392 nibliotli.
1061 5337 1408 5401 Bavaricam,
1439 5340 1596 5408 cujus
1618 5341 1807 5395 codice
1832 5341 1954 5407 175,
1978 5342 2344 5412 Amphilochia

775 5428 953 5484 Pbotii
990 5431 1396 5485 (otitineantur.
1428 5431 1492 5482 At
1533 5431 1584 5483 in
1617 5432 1873 5501 Catalogo
1906 5435 2155 5487 codicum
2189 5435 2342 5490 Grae-

774 5536 963 5574 corum
991 5521 1242 5575 biblioth.
1279 5521 1570 5586 Bavaricaa,
1610 5540 1662 5593 p.
1695 5523 1787 5586 67,
1830 5542 1884 5580 n.
1921 5527 2042 5588 175,
2079 5528 2192 5582 haec
2224 5539 2341 5582 tan-

774 5622 888 5667 tum
915 5614 1056 5666 inter
1084 5624 1276 5668 caetera
1300 5616 1530 5666 aliorum
1561 5613 1851 5683 leguntur:
1885 5616 2059 5670 Photii
2105 5623 2339 5686 patriar-

775 5707 884 5761 cha:
898 5707 964 5762 de
979 5707 1436 5776 incircumscripta
1454 5705 1580 5760 Filii
1592 5709 1941 5762 divinitatea:
1958 5710 2346 5782 Amphilochia;

778 5801 866 5857 ubi
897 5802 1084 5870 procul
1109 5801 1274 5855 dubio
1301 5801 1584 5869 legendum
1629 5810 1710 5857 cst
1753 5819 1819 5856 ea:
1844 5805 2246 5869 Amphilochiis.
2287 5809 2339 5861 In

778 5889 863 5944 liis
888 5890 1030 5943 enim
1059 5889 1160 5944 hoc
1194 5889 1493 5956 Quaesitum
1532 5891 1746 5959 legitur,
1785 5908 1837 5946 n.
1864 5893 1955 5960 37,
1988 5893 2192 5952 codicis
2216 5899 2339 5951 (Zoi-

2450 4709 2494 4745 r.
2525 4692 2652 4745 253.
2673 4707 2722 4747 e.
2751 4691 2873 4746 157.
2905 4709 2949 4746 r.
2973 4693 3099 4747 254.
3129 4709 3177 4746 ει.
3206 4693 3327 4747 161.
3362 4710 3404 4748 r.
3429 4695 3555 4749 255.
3581 4712 3630 4750 e.
3664 4700 3786 4752 163.
3820 4716 3866 4753 r.
3892 4701 4020 4755 256.

2448 4800 2496 4840 e.
2524 4783 2646 4837 164.
2676 4801 2721 4842 ι·.
2747 4784 2871 4840 257.
2904 4800 2954 4840 e.
2991 4785 3112 4839 167.
3144 4801 3188 4840 r.
3209 4786 3339 4840 258.
3369 4803 3418 4842 c.
3456 4788 3578 4843 176.
3606 4807 3651 4844 r.
3676 4791 3871 4847 259.e.
3896 4793 4017 4849 177.

2450 4892 2493 4930 r.
2517 4876 2642 4928 260.
2674 4877 2863 4930 c.178.
2891 4893 2937 4930 r.
2961 4876 3090 4930 261.
3125 4894 3175 4932 e.
3210 4880 3331 4932 180.
3357 4895 3404 4934 r.
3425 4879 3550 4934 262.
3582 4897 3632 4936 e.
3665 4883 3784 4936 181.
3812 4900 3856 4937 r.
3893 4885 4017 4940 263.

2449 4985 2500 5023 e.
2535 4968 2654 5022 182.
2693 4985 2738 5022 r.
2766 4970 2892 5023 254.
2921 4987 2969 5025 e.
2997 4971 3118 5026 187.
3149 4988 3194 5026 r.
3219 4975 3343 5028 265.
3365 4990 3414 5028 e.
3448 4974 3568 5028 192.
3597 4991 3644 5030 r.
3668 4974 3794 5030 266.
3821 4993 3873 5031 e.
3899 4980 4017 5033 196.

2451 5076 2497 5114 r.
2536 5060 2660 5114 267.
2687 5077 2738 5114 e.
2773 5062 2898 5117 203.
2932 5078 2978 5116 ι’.
3009 5062 3134 5118 269.
3161 5079 3212 5118 e.
3249 5064 3372 5118 145.
3392 5081 3440 5118 ι·.
3465 5065 3594 5121 270.
3612 5082 3663 5120 e.
3685 5067 3809 5121 162.
3826 5084 3873 5122 r.
3891 5070 4016 5123 271.

2448 5167 2499 5209 e.
2529 5154 2648 5206 163.
2686 5170 2732 5207 r.
2757 5154 2882 5208 272.
2916 5169 2968 5210 e.
2999 5154 3123 5209 165.
3151 5171 3197 5208 r.
3238 5156 3366 5211 273.
3389 5171 3440 5211 e.
3478 5156 3600 5210 166.
3641 5157 3868 5213 Summa
3897 5175 4017 5214 om-

2450 5248 2578 5299 nino
2610 5255 2694 5300 est
2728 5246 2818 5301 65.

2514 5337 2634 5390 Non
2666 5340 2862 5392 desunt
2893 5348 3152 5407 praeterea
3196 5338 3298 5392 viri
3345 5341 3567 5404 eruditi,
3611 5341 3706 5411 qui
3751 5343 4014 5398 nonnulla

2447 5447 2512 5486 ex
2547 5432 2629 5484 bis
2663 5429 2947 5500 Responsa
2982 5431 3294 5486 ediderunt.
3338 5433 3481 5488 Inter
3517 5434 3616 5488 bos
3641 5445 3726 5488 est
3752 5434 4018 5490 laudatis-

2445 5523 2619 5576 simus
2663 5520 3044 5583 Combelisius,
3088 5522 3206 5590 qui,
3257 5523 3402 5592 quod
3455 5539 3616 5592 supra
3636 5522 3750 5591 jam
3794 5526 4016 5578 monui-

2454 5631 2597 5674 mns,
2637 5614 2797 5681 Resp.
2826 5613 2914 5665 37.
2960 5611 3037 5665 De
3070 5613 3522 5681 inrircumscripta
3551 5613 3674 5666 Filii
3707 5612 3921 5668 Deitate
3953 5631 4018 5669 ex

2455 5709 2669 5762 Tiliano
2709 5709 2916 5762 codice.
2959 5706 3115 5775 (Vide
3149 5708 3269 5777 ejus
3302 5707 3599 5762 Recensitos
3654 5721 3898 5762 auctores
3924 5709 4018 5762 Bi-

2455 5802 2725 5855 bliotheca:
2751 5800 2870 5856 PP.
2901 5802 3343 5867 Concionatoriae,
3373 5820 3424 5872 p.
3463 5805 3608 5869 152.)
3634 5804 3776 5857 Inter
3807 5805 4017 5869 Amphi-

2451 5895 2607 5949 lot‘hii
2638 5895 2859 5968 srripta,
2891 5904 2942 5948 et
2969 5894 3231 5965 Respons.
3270 5897 3386 5962 1'25,
3415 5897 3479 5951 dc
3509 5896 3726 5949 Asteriis
3754 5897 4016 5963 pluribus,
