4198 6440
183 466 259 528 25
1518 462 2105 525 PROLEGOMENA.
3374 470 3446 532 26

190 560 242 603 ιη
291 550 440 604 calce
468 547 659 601 Asinii
704 548 789 600 sui
831 545 1021 601 edidit.
1069 547 1262 602 Postea
1308 547 1758 617 diligentissimus
1787 563 1832 613 Α
1860 552 1914 604 tl.
1967 551 2038 604 28
2088 550 2303 606 octobr.
2358 550 2755 607 Amstelodami
2801 562 3017 607 mature
3053 551 3295 610 defuncti
3338 559 3450 627 (cui

182 640 643 696 Hnntefalconius
672 640 725 692 in
744 639 1005 709 Catalogo
1022 637 1370 694 Bibliotheca
1385 640 1760 701 Coislinianie,

183 751 238 805 p.
267 736 372 789 346
396 751 519 805 sqq.
549 742 785 805 quatuor
814 734 1044 787 omnino
1090 732 1393 801 Responsa,
1438 748 1633 803 nempe
1656 733 1760 786 125

182 830 253 879 de
283 828 527 889 Asteriis,
571 826 764 885 I29,“
794 840 959 878 cornu
1007 825 1321 891 Amalthea,
1353 824 1457 879 160
1484 826 1549 879 de
1584 823 1765 895 Sibyl-

183 919 279 980 lis,
316 928 371 972 et
402 918 505 972 166
532 919 598 971 de
639 917 829 970 Ita'resi
867 914 1084 970 Eusebii
1122 917 1175 969 in
1220 931 1567 970 communem
1605 932 1764 970 usuin

183 1010 380 1065 Graec
403 1020 460 1064 et
489 1010 678 1063 Latine
714 995 989 1079 produxit.
1023 1006 1125 1061 Ubi
1162 1009 1345 1071 velim,
1382 1017 1557 1073 notes,
1594 1008 1759 1077 llesp.

188 1102 297 1156 125
319 1104 383 1155 de
417 1102 645 1154 Asteriis
672 1101 811 1154 idem
846 1116 989 1161 esse,
1013 1101 1161 1170 quod
1189 1099 1554 1156 Combelisius
1580 1099 1767 1155 edide-

183 1202 293 1255 rat,
318 1192 423 1245 129
451 1206 580 1245 vero
601 1200 658 1245 et
684 1190 809 1255 166,
842 1191 896 1244 in
925 1188 1177 1259 Epistolis
1195 1188 1407 1255 Photii,
1434 1189 1568 1246 illud
1604 1190 1766 1259 epist,

189 1282 321 1346 209,
360 1284 465 1337 hoc
494 1292 677 1337 autem
708 1283 871 1351 epist.
908 1282 1006 1337 In
1044 1283 1157 1351 jam
1204 1289 1332 1338 ante
1377 1283 1587 1337 editum
1635 1284 1764 1353 legi.

185 1373 301 1429 Nec
326 1375 614 1430 omittendi
645 1383 776 1429 sunt
816 1374 932 1441 alii,
964 1390 1106 1445 quos
1138 1374 1400 1429 ceieberr.
1450 1373 1540 1429 Jo.
1563 1372 1772 1427 Alberti

186 1465 432 1520 Fabricii
480 1467 652 1522 nostri
701 1465 883 1521 verbis
935 1467 989 1520 in
1041 1465 1370 1519 Bibliotheca
1410 1463 1620 1531 Greca,
1656 1466 1768 1519 vol.

188 1558 285 1622 IX,
319 1576 373 1629 p.
405 1559 529 1623 562,
562 1558 867 1628 appellabo.
911 1576 930 1611 ι
965 1558 1193 1623 Locum,
1240 1559 1438 1625 inquit,
1473 1574 1542 1613 ex
1572 1570 1770 1629 qua-st.

187 1652 287 1717 85,
320 1653 576 1722 producit
596 1652 830 1706 Allatius
857 1652 1036 1721 capite
1091 1652 1148 1714 Ξ,
1178 1649 1545 1720 Syntagmalis
1572 1653 1637 1705 de
1661 1649 1771 1704 Eu-

188 1746 580 1816 gastrintytlto;
606 1746 774 1799 alium
792 1759 857 1799 ex
880 1754 1079 1814 quiest.
1098 1744 1195 1797 l5?
1217 1745 1270 1797 iu
1298 1743 1438 1798 libro
1467 1742 1541 1798 De
1562 1743 1770 1798 Simeo-

189 1838 370 1899 m‘bus,
407 1854 459 1907 p.
497 1841 550 1891 6.
578 1838 699 1891 Alia
732 1839 850 1892 loca
886 1838 1074 1890 laudat
1122 1835 1318 1891 Franc.
1363 1833 1669 1891 Turrianus
1715 1838 1769 1891 in

1866 650 2061 709 pneter
2099 644 2203 696 alia
2242 642 2509 711 Alphonsi
2561 642 2845 699 Ciacconii
2894 645 3282 702 Bibliothecam
3323 654 3452 704 imi-

1864 732 2137 797 versabat,
2160 734 2342 804 quoad
2373 735 2490 799 illa.
2525 751 2690 789 manu
2734 746 2985 801 exarata,
3039 738 3447 806 circumfertur,

1864 833 1917 874 et
1960 823 2102 891 apud
2147 836 2235 875 me
2280 837 2499 893 quoque
2531 834 2734 886 exstat,
2765 834 2817 878 et
2856 824 3154 879 Historiam
3193 827 3451 884 Criticam

1868 911 2278 980 Ephrmcridum
2307 916 2726 979 litterariarum,
2764 914 2909 970 Gali.
2942 916 3249 973 Amstelod.
3285 920 3446 983 I751,

1867 1005 1922 1070 8,
1954 1005 2182 1069 editam,
2206 1007 2514 1077 debentus,)
2544 1018 2851 1079 acceperat.
2871 1009 3203 1065 Cantusatus
3223 1013 3448 1081 quidem

1870 1106 2044 1151 totum
2077 1111 2218 1167 opus
2254 1097 2437 1168 (cujus
2471 1101 2648 1169 prima
2676 1109 2731 1154 et
2764 1102 2923 1155 tertia
2968 1117 3095 1170 pars
3127 1101 3330 1159 frustra
3365 1106 3449 1158 in-

1870 1199 1953 1243 ter
1989 1189 2218 1246 scitedas
2247 1191 2369 1259 ejus
2400 1193 2629 1261 quaesita
2660 1193 2765 1262 est)
2803 1209 2965 1247 manu
3006 1210 3106 1248 sua
3150 1210 3217 1250 ex
3261 1199 3454 1252 codice

1869 1278 2214 1335 Coisliniano
2244 1282 2637 1352 descripserat,
2669 1292 2725 1337 et
2748 1300 2872 1338 cum
2899 1285 3218 1341 Colliertiuo
3242 1303 3457 1359 compa-

1871 1380 2113 1435 raverat,
2150 1373 2259 1427 imo
2293 1382 2349 1429 et
2376 1374 2593 1429 initium
2640 1376 3110 1446 interpretationis
3152 1376 3384 1443 Latium,
3420 1397 3453 1435 a

1872 1477 2091 1516 menon
2145 1466 2297 1529 visae,
2344 1465 2575 1520 fecerat.
2621 1464 2679 1519 Id
2730 1466 2844 1535 ipse
2889 1467 2944 1520 in
2988 1466 3230 1522 Historia
3267 1472 3455 1523 critica

1872 1552 2303 1623 Epliemeridunt,
2373 1570 2427 1625 p.
2492 1555 2581 1621 96,
2652 1566 2905 1622 testatur,
2990 1562 3454 1629 quemadmodum

1872 1655 2000 1700 ante
2031 1645 2139 1701 hoc
2162 1648 2598 1718 quinquennium
2628 1664 2725 1718 per
2752 1650 2963 1706 litteras
3002 1654 3133 1706 tnibi
3168 1654 3452 1724 signitica-

1872 1744 2043 1801 verat,
2087 1752 2281 1806 parare
2322 1754 2381 1793 se
2422 1740 2671 1793 omnium
2705 1740 2885 1795 Photii
2924 1744 3002 1811 (in
3046 1743 3206 1811 cujus
3247 1743 3456 1799 Biblio-

1874 1833 2021 1880 theca
2057 1829 2387 1884 recensenda
2430 1844 2532 1900 ego
2574 1847 2721 1886 ttunc
2754 1834 2963 1902 versor)
3006 1848 3257 1903 operum,
3288 1846 3457 1906 atque

189 1928 514 1994 Defensio":
540 1926 883 1995 epistolam]:
916 1925 1235 1996 Pontiﬁcum
1268 1926 1345 1996 (ρ,
1376 1928 1447 1981 ει
1478 1937 1532 1981 α
1563 1928 1688 1998 165)
1720 1938 1775 1984 ει
1804 1917 1846 1973 Β
1875 1917 2017 1974 inter
2066 1918 2183 1975 bac
2218 1921 2545 1976 nominatim
2599 1923 3090 1992 Amphilocltiorum
3136 1926 3454 1981 editionem.

188 2021 247 2072 iu
304 2016 467 2073 Notis
508 2019 577 2073 ad
628 2018 1055 2073 Conslitutiones
1097 2020 1420 2086 apostolicos
1469 2018 1632 2083 (VIII,
1685 2022 1777 2085 M,

1874 2010 1953 2065 Ex
1986 2026 2049 2066 ea
2080 2010 2247 2083 igitur
2278 2012 2495 2067 illorum
2518 2023 2693 2084 parte,
2718 2031 2883 2086 quam
2913 2017 3108 2076 habeo.
3147 2017 3236 2071 illa
3267 2017 3455 2087 selegi,

195 2126 255 2180 ιτ.
294 2110 452 2179 155),
486 2125 588 2165 nec
616 2125 723 2164 non
755 2110 808 2163 in
837 2110 980 2164 libro
1031 2108 1109 2163 De
1129 2109 1256 2179 jam
1292 2111 1579 2164 ordinandi
1620 2114 1783 2165 minio
1873 2120 1997 2173 qua:
2041 2105 2110 2159 ad
2159 2106 2557 2176 expositionem
2604 2107 2854 2163 locorum
2908 2108 3274 2163 dilliciliorutn
3317 2110 3457 2164 Novi

188 2214 333 2258 stros
358 2202 633 2267 Ecclesiae,
657 2219 711 2274 p.
739 2204 865 2258 155.
912 2221 931 2254 s

267 2293 557 2358 Superest,
615 2300 673 2344 ut
726 2290 794 2345 de
850 2290 920 2345 iis
972 2290 1175 2355 dicam,
1227 2306 1350 2361 qua
1404 2291 1522 2361 ipse
1568 2306 1671 2363 ego
1714 2309 1781 2349 ex

188 2385 418 2455 egregio
467 2398 634 2453 opere
673 2382 729 2436 in
774 2382 926 2437 calce
969 2384 1135 2453 liuius
1186 2383 1480 2439 voluminis
1526 2385 1772 2439 exbibui.

191 2478 457 2533 Pervenit
490 2480 556 2530 ad
586 2491 673 2530 me
702 2476 793 2531 illa
823 2477 1307 2545 Ampltilocltiorum
1329 2491 1479 2546 pars,
1503 2492 1625 2547 quae
1649 2478 1773 2532 inde

193 2584 225 2622 a
266 2567 436 2637 ltesp.
484 2567 573 2632 14,
618 2567 827 2622 codicis
859 2565 1089 2621 Coislin.
1124 2582 1297 2636 usque
1332 2568 1399 2622 ad
1455 2566 1620 2639 ilesp.
1666 2568 1768 2623 201

193 2662 421 2730 legitur.
466 2659 645 2715 Debeo
691 2662 839 2714 illam
880 2661 1193 2715 liberalitati
1214 2660 1315 2714 viri
1353 2675 1468 2716 rev.
1499 2671 1553 2716 et
1584 2662 1775 2717 claris-

192 2753 347 2810 simi.
407 2751 493 2805 .ln.
544 2752 755 2807 Jacobii
795 2750 1121 2815 Wetsteiuii,
1165 2753 1306 2822 apud
1354 2754 1583 2808 Amstel.
1647 2770 1771 2808 cum

192 2849 442 2902 maxime
483 2848 689 2900 litteras
718 2848 1081 2916 elegantiores
1108 2848 1377 2912 ornantis,
1418 2847 1505 2902 cui
1545 2848 1649 2902 boc
1678 2863 1777 2902 no-

193 2940 344 2992 mine
389 2937 596 3007 gratias
636 2938 810 2991 habeo
840 2950 1069 3007 agoque.
1107 2936 1198 2991 ille
1235 2954 1364 2991 vero
1393 2954 1513 2991 eam
1559 2953 1626 2993 ex
1691 2954 1779 2993 se-

1878 2194 2121 2251 Ftederis
2153 2206 2423 2266 spectant,
2455 2199 2678 2254 omissis
2710 2210 2891 2254 tamen
2928 2201 3021 2265 iis,
3062 2215 3185 2271 qua:
3211 2202 3323 2271 jam
3372 2202 3457 2255 in-

1881 2298 1964 2342 ter
2003 2285 2276 2356 Epistolas
2322 2287 2502 2344 Photii
2539 2289 2818 2360 leguntur.
2852 2288 2971 2344 Non
3004 2290 3212 2355 omnia,
3259 2291 3455 2356 fateor,

1878 2380 2128 2435 eamdem
2174 2381 2303 2437 hinc
2328 2382 2657 2449 doctrinam,
2690 2382 2820 2438 hinc
2851 2382 3185 2451 diligentiam
3224 2384 3454 2452 spirant.

1878 2469 2144 2541 Pleraque
2184 2483 2369 2527 tamen
2413 2473 2489 2528 ita
2522 2485 2839 2544 comparata
2887 2486 3039 2539 sunt,
3083 2486 3140 2528 ut
3180 2474 3374 2545 juvare
3405 2485 3459 2528 et

1886 2558 2162 2614 delectare
2218 2563 2433 2631 possint
2483 2563 2768 2618 lectorem.
2817 2561 2929 2617 Illis
2986 2565 3192 2634 itaque,
3237 2566 3458 2618 cordate

1881 2652 2076 2717 lector,
2105 2654 2328 2720 frueris,
2358 2664 2413 2710 et
2457 2671 2566 2710 una
2612 2670 2825 2711 mecum
2875 2656 2988 2712 Deo
3038 2656 3104 2711 0.
3138 2657 3210 2711 Μ.
3251 2660 3457 2729 gratias

1880 2762 2029 2817 ages,
2056 2749 2203 2817 quod
2232 2750 2384 2804 curis
2431 2748 2515 2802 bis
2544 2748 2890 2817 perficiendis
2926 2759 2980 2802 et
3012 2751 3374 2804 valetudinem
3399 2763 3455 2805 et

1883 2843 2203 2912 patientiam
2232 2842 2531 2897 clementer
2564 2842 2699 2896 milti
2738 2842 2810 2897 sit
2837 2842 3088 2911 largitus.
3140 2843 3218 2895 Ita
3253 2851 3368 2897 vale
3402 2844 3454 2898 in

1888 2935 2135 3001 llomino,
2183 2944 2239 2990 et
2280 2935 2661 3005 supplementa,
2709 2949 2834 3006 qua
2880 2948 3049 3005 supra
3079 2936 3326 3006 promisi,
3353 2951 3458 2991 suo

191 3031 381 3085 ctione
414 3030 676 3084 librorum
710 3028 904 3085 Franc.
927 3028 1164 3100 Dionysii
1197 3028 1495 3095 Camusati,
1517 3046 1612 3083 an.
1641 3028 1781 3084 1752
1808 3040 1850 3093 c
1886 3038 2128 3098 tempore
2156 3040 2433 3098 exspecta.

1765 3192 1879 3252 Ill.

1185 3354 1549 3417 ANGELUS
1580 3350 1985 3415 ANTONlUS
2030 3350 2390 3415 SCOTTUS
2436 3350 2470 3381 ‘

1412 3498 1760 3560 LECTORI
1809 3494 2244 3559 BENEVOLO

1629 3648 2031 3710 SALUTEM.

268 4002 412 4059 Cum
464 4000 595 4055 illud
626 3998 697 4055 sit
746 3996 801 4052 in
855 4009 1008 4051 more
1078 3993 1348 4065 positum,
1421 3991 1779 4059 institutoque

198 4098 557 4164 scriptorum,
591 4100 649 4145 ut
697 4088 926 4159 publica!
970 4084 1110 4141 lucis
1138 4099 1359 4139 usuram
1384 4083 1513 4137 dum
1548 4082 1663 4136 suis
1699 4082 1781 4133 lu-

198 4185 624 4242 cubrationibus
652 4180 979 4251 largiuntur,
1001 4177 1110 4245 jam
1147 4190 1322 4245 usque
1351 4175 1420 4229 ab
1447 4173 1672 4230 exordio
1699 4173 1784 4226 di-

199 4281 435 4349 ligenter
464 4280 758 4345 exponant,
791 4271 989 4340 quibus
1016 4268 1361 4339 potissimum
1393 4264 1459 4319 de
1497 4265 1682 4321 causis
1714 4264 1781 4317 ad

1886 3989 2018 4044 milii
2065 3989 2227 4045 liceat
2272 4005 2557 4061 usurpare,
2617 3991 2764 4063 quod
2804 3990 3125 4049 Theodorus
3178 3992 3451 4060 Balsama,

1885 4081 2015 4136 dum
2038 4092 2089 4137 et
2115 4080 2289 4138 Photii
2326 4080 2756 4139 Nomocanonrm
2794 4096 3275 4151 commentaretur,
3304 4091 3369 4141 de
3395 4104 3454 4142 se

1886 4175 2022 4230 dixit
2068 4175 2181 4230 :El
2223 4194 2276 4229 τι
2335 4176 2410 4246 μὴ
2444 4176 2680 4246 καθῆκον
2732 4178 2861 4240 iam;
2905 4179 3355 4251 γέγραπται......
3398 4183 3460 4234 ὲν

1876 4269 2135 4330 misum.
2185 4268 2523 4339 ἑρμηνείαις,
2564 4268 2845 4333 ἀξιούσοω-
2886 4270 3145 4341 γνώμης
3179 4271 3299 4325 οὐδὲ
3346 4273 3457 4341 γὰρ

200 4374 324 4427 illas
377 4369 626 4424 animum
670 4364 1011 4435 appulerint;
1064 4361 1331 4414 monitum
1364 4368 1415 4413 te
1442 4358 1583 4423 volo,
1606 4356 1773 4411 amice

1876 4359 2145 4429 ἡμέτερον
2172 4360 2430 4430 τόλμημα
2467 4360 2527 4413 τὸ
2561 4359 2657 4413 τοῦ
2687 4362 3001 4432 τεο-λήματος
3039 4362 3287 4432 μέγεθος,
3322 4365 3458 4415 ἀλλὰ

201 4467 401 4528 lector,
433 4477 541 4517 non
574 4475 737 4515 unam
762 4458 958 4523 fuisse,
981 4472 1102 4526 quae
1127 4454 1258 4508 ntilti
1286 4453 1429 4519 aliis,
1466 4461 1629 4522 atque
1652 4450 1773 4504 aliis

1876 4449 1973 4518 τῆς
2019 4450 2079 4516 ἐξ
2130 4451 2377 4519 ἀνάγκης
2409 4450 2656 4521 ὑπακοῆς
2701 4450 3032 4521 ἀποκύημα·
3073 4450 3133 4507 Si
3169 4452 3296 4523 quid
3344 4452 3461 4522 for-

198 4554 660 4627 occupationibus
692 4551 996 4620 implit-ato,
1034 4545 1099 4600 ad
1137 4546 1242 4600 boc
1263 4561 1423 4615 opus.
1459 4541 1772 4615 qualeillud
1801 4616 1847 4627 _
1873 4555 2014 4600 (asse
2047 4548 2221 4601 minus
2264 4551 2569 4602 conveniens
2613 4551 2864 4615 scriptum
2912 4561 3061 4605 est...
3115 4551 3263 4607 in....
3294 4552 3459 4603 inter-

200 4616 425 4718 cunqite
493 4647 602 4711 sit,
680 4616 1141 4711 aggrediendnm,
1231 4616 2283 4707 persequendumqueDprctationibus,
2314 4640 2465 4691 venia
2520 4639 2738 4708 dignum
2786 4639 3047 4703 habetur;
3108 4656 3271 4710 neque
3321 4644 3460 4693 enim

202 4744 451 4796 maximo
474 4737 576 4792 fuit
599 4736 972 4789 incitamento.
1004 4729 1245 4783 I’rimum
1285 4728 1355 4783 cI.
1407 4728 1509 4781 viri
1552 4725 1779 4782 Joannis

202 4832 462 4891 Audresii
496 4829 675 4900 Regia:
706 4826 1049 4881 bibliotheca:
1080 4820 1339 4891 praefecti,
1384 4820 1546 4890 cujus
1590 4820 1781 4874 erudi-

206 4927 340 4981 tioni
385 4938 452 4978 ac
498 4920 889 4976 benevolentia:
941 4915 1237 4986 plurimum
1284 4928 1373 4967 me
1436 4910 1633 4966 debere
1675 4926 1781 4965 non

207 5020 467 5077 difiiteor.
491 5014 793 5068 auctoritas
843 5024 896 5063 et
923 5006 1210 5077 imperium
1242 5003 1467 5075 urgebat
1498 5022 1511 5057 :
1549 5005 1595 5058 is
1616 5004 1782 5066 enim,

207 5108 609 5182 pretiosissima
672 5115 902 5172 quasque
953 5098 1295 5153 bibliotheca:
1349 5093 1609 5165 κειμήλια
1658 5108 1784 5147 cum

214 5207 317 5261 sibi
360 5198 715 5271 proposuerit
761 5197 815 5249 in
862 5194 1108 5263 apricum
1159 5187 1423 5259 proferre,
1468 5187 1640 5241 noluit
1673 5186 1786 5240 haec

209 5297 386 5351 Pbotii
419 5283 1080 5361 'Apotkoxia,seu,utalii
1112 5281 1381 5344 scribunt,
1409 5277 1784 5348 ‘quitloxsla,

211 5390 293 5443 vel
344 5380 731 5456 ’Δμφιλοχικὰ,
759 5378 815 5432 in
855 5375 1097 5431 tenebris
1127 5373 1357 5442 jacere:
1394 5385 1458 5424 ac
1488 5370 1621 5424 mibi
1656 5370 1778 5439 plu-

212 5482 369 5537 rimis
427 5477 531 5532 sibi
577 5471 892 5531 nominibus
930 5464 1342 5523 devinctissimo
1386 5462 1527 5516 banc
1566 5460 1783 5530 provin-

212 5578 349 5629 ciam
374 5569 627 5634 tradidit,
650 5576 711 5621 ut
736 5564 925 5627 editio,
952 5559 1239 5627 versioque
1260 5556 1429 5610 alacri
1456 5557 1642 5610 animo
1664 5569 1787 5609 sus-

216 5678 365 5737 cepta
415 5671 633 5718 mature
683 5658 751 5713 ad
800 5656 1011 5711 exitum
1061 5650 1390 5722 perveniret.
1423 5648 1603 5714 Quare
1657 5647 1785 5701 illud

287 5783 348 5847 (')
376 5775 635 5833 I‘rzelatio
664 5772 845 5847 egeris
903 5768 989 5847 cui
1010 5763 1213 5847 tit-nius
1252 5760 1335 5814 Ea:
1364 5758 1544 5816 Photii
1570 5759 1789 5829 Amphi-

221 5834 397 5906 loc‘hi‘is
424 5834 967 5918 quadam_.'Nr'apnli,
1003 5834 1159 5918 18.1“.
1194 5903 1214 5918 ⁸
1252 5917 1257 5918 ν
1323 5906 1333 5916 '
1400 5905 1423 5918 Η

286 5903 363 5989 (il
392 5903 644 5974 Balsama
669 5914 721 5968 in
754 5903 1045 5965 No'mocan.
1071 5903 1285 5961 l’t‘mfat.
1321 5906 1373 5959 in
1398 5905 1488 5958 litt.

1882 4738 2057 4782 noster
2084 4739 2163 4784 est
2200 4746 2361 4783 ausus
2412 4730 2516 4783 ista
2562 4731 2948 4785 lucubrationis
3000 4731 3184 4798 moles,
3234 4733 3323 4787 sed
3372 4750 3463 4787 ne-

1882 4822 2127 4876 cessaria
2159 4822 2470 4877 obedienlite
2492 4833 2678 4891 partus
2704 4823 2803 4894 (l).

1953 4913 2221 4969 Praeterea
2267 4913 2619 4982 Graecanicie,
2667 4932 2731 4971 at:
2776 4917 3092 4989 tltC'OIOgiczn
3134 4920 3464 4975 eruditionis

1884 5006 2220 5060 amatoribus
2251 5022 2337 5061 me
2359 5008 2561 5076 aliquid
2598 5009 2911 5078 voluptatis,
2956 5026 3023 5064 ne
3046 5012 3223 5065 dicam
3256 5012 3465 5065 utilita-

1894 5098 1986 5160 tis,
2015 5099 2333 5153 allaturum
2378 5099 2766 5167 autumabam;
2813 5101 2859 5155 si
2907 5101 3096 5156 istlnec
3137 5101 3314 5156 Photii
3354 5103 3467 5155 λείο

1884 5188 2029 5259 ψανα
2070 5192 2208 5261 typis
2235 5191 2570 5261 evulgarem,
2598 5207 2663 5248 ac
2692 5192 2886 5247 Latina
2921 5194 3184 5248 donarem
3220 5195 3464 5249 civitate.

1886 5278 2063 5350 Opera
2087 5281 2230 5335 enim
2279 5282 2404 5346 viri,
2458 5283 2739 5338 nonnullis
2779 5284 2905 5337 licet
2939 5285 3221 5340 erroribus
3263 5285 3468 5349 affecti,

1888 5382 2073 5427 tamen
2128 5374 2186 5425 ὲν
2248 5372 2427 5441 λόγοις
2468 5374 2919 5443 ὀνομαστοτάτω),
2962 5388 3020 5429 ιιι
3066 5376 3239 5445 inquit
3292 5378 3471 5431 Zona-

1891 5482 1981 5521 ras
2012 5464 2110 5535 (ἢ),
2153 5472 2316 5533 atque
2338 5466 2431 5516 ἐπὶ
2467 5466 2630 5535 σοφίᾳ
2650 5467 2953 5536 γνωρίμου,
2985 5479 3041 5520 ttt
3072 5468 3353 5521 Cedrrnus
3384 5468 3434 5521 in
3454 5500 3470 5512 -

1890 5569 2034 5615 tetur
2055 5560 2156 5627 (3),
2190 5558 2482 5612 maximam
2511 5558 2613 5613 sibi
2639 5575 2853 5626 semper
2910 5560 3371 5615 existimationem
3405 5579 3473 5616 ac

1889 5651 2108 5706 Iaudem
2145 5651 2540 5714 conciliaruut;
2577 5651 2687 5705 into
2722 5654 3012 5706 commodo
3048 5668 3149 5706 suo
3177 5654 3473 5708 consulere

1964 5766 2038 5834 (2)
2070 5765 2261 5819 Annal.
2304 5765 2683 5836 li_b.xv1,,pag.
2716 5767 2837 5829 127,
2872 5765 3005 5820 Vcn.
3047 5766 3203 5821 I739.

1964 5837 2038 5905 (3)
2071 5836 2278 5890 Histor.
2316 5834 2597 5905 Comperta.
2636 5834 2756 5907 pag.
2796 5837 2917 5902 435,
2952 5837 3137 5892 Venet.
3167 5836 3321 5893 1729.
