4198 6440
737 463 812 528 27
1904 445 1986 506 1N
2027 431 2548 501 AMPHILOCHIA
2580 429 2838 489 PllOTII
3915 414 3991 484 28

740 571 1084 633 tlatliolicos,
1131 570 1175 622 si
1219 576 1412 622 caetera
1457 565 1698 634 ejusdem
1741 558 1978 614 auctoris
2021 554 2221 621 st-ripta
2267 551 2319 602 in
2352 556 2392 606 Α
2425 546 2740 612 scriptores.
2768 558 2833 597 ac
2873 541 3254 610 Photiusipse,
3288 547 3482 592 auctor
3508 537 3712 606 alioqui
3744 535 3995 589 disertis-

744 667 948 728 lucem,
993 674 1390 731 aspectuinque
1436 660 1816 730 producerent,
1863 649 2190 705 novissimus
2229 645 2317 695 ille

750 757 1106 811 delirantium
1156 752 1532 807 Graeculorum
1567 750 1795 803 malleus
1829 746 1938 799 Leo
1972 741 2196 795 Allatius
2232 736 2317 790 di-

753 850 1060 904 Sertissime
1092 847 1279 900 docuit
1311 847 1412 913 (4),

822 942 1027 994 Deinde
1078 941 1470 1008 praeclarorum
1521 934 1880 1004 quorumdam
1931 929 2168 980 virorum
2236 937 2321 974 me

745 1034 1057 1100 exeinplum
1099 1030 1441 1084 conlirmavit
1499 1045 1510 1079 :
1566 1044 1688 1080 cum
1752 1025 1892 1075 enim
1959 1035 2053 1088 per
2097 1014 2319 1068 Franci-

749 1139 902 1177 scnm
939 1123 1326 1175 Combelisium
1388 1120 1495 1188 (5),
1581 1114 1916 1168 Bernartiqu
1986 1105 2322 1162 Montl‘auco-

749 1217 900 1270 nium
937 1219 1033 1284 (li),
1075 1225 1125 1268 ct
1151 1214 1609 1280 Christophorum
1638 1207 1891 1259 Wollium
1930 1204 2006 1272 (7)
2038 1199 2325 1253 nonnullas

750 1310 954 1376 pariter
989 1305 1458 1373 Amphilochionas
1497 1301 1825 1365 Quwstiones
1877 1297 1929 1348 in
1979 1305 2323 1347 communem

751 1414 910 1450 usum
938 1397 1124 1450 (ὗε-προ
1170 1406 1224 1448 et
1253 1394 1445 1446 Latine
1475 1391 1718 1460 prolatas
1744 1389 1996 1440 vidissem
2032 1401 2045 1434 :
2080 1396 2143 1433 ac
2175 1381 2324 1446 plura

750 1490 1085 1556 reliquarum
1121 1484 1569 1551 ἀποσπασμὰτια
1599 1499 1626 1534 a
1671 1494 1844 1547 nuper
1873 1478 2090 1529 laudato
2131 1471 2328 1524 Allatio

748 1581 847 1649 (8).
898 1590 952 1633 et
1003 1596 1032 1633 a
1075 1578 1375 1632 Francisco
1413 1573 1686 1626 Turriauo
1719 1572 1797 1641 (9)
1842 1571 1894 1622 in
1946 1566 2121 1620 medio
2152 1563 2324 1632 posita

749 1688 856 1724 non
892 1672 1272 1741 ignorassent;
1325 1681 1630 1734 eorumque
1673 1662 1912 1717 editores
1953 1659 2116 1719 bona,
2158 1666 2217 1708 ut
2255 1655 2327 1707 ita

745 1762 950 1827 dicam,
999 1763 1171 1832 gratia
1210 1761 1281 1814 ab
1329 1759 1635 1812 litterarum
1677 1769 1792 1823 rep.
1823 1750 2324 1806 animadvertissem

748 1864 1008 1923 exceptos
1051 1871 1063 1906 :
1112 1869 1209 1923 par
1279 1864 1610 1920 aequumque
1651 1846 1781 1899 duxi
1825 1843 1892 1897 ad
1933 1841 2176 1896 eamdem
2207 1853 2328 1905 gra-

2420 637 2614 699 simus,
2651 651 2679 687 a
2722 636 2899 702 prisca
2946 631 3298 701 Ἀττικισμοῦ
3340 632 3607 697 elegantia
3640 628 3993 684 desciverint.

2421 738 2474 782 et
2504 737 2703 797 quanta
2737 727 2970 795 denique
2995 727 3331 779 obscuritate
3355 738 3418 776 ex
3451 725 3641 775 eodem
3678 720 3994 788 scriptionis

2421 821 2552 872 vitio
2578 833 2856 870 sermones
2875 816 3172 886 praesertim
3200 811 3568 866 διδασκαλικοὶ
3599 810 3994 862 obvolvantur.

2425 908 2596 962 Verba
2647 909 2792 960 enim
2835 907 3082 975 τεχνικὰ.
3119 904 3419 972 etquidem
3471 901 3824 970 σχολαστικὰ,
3877 914 3998 966 qua:

2425 1012 2552 1055 tunc
2613 1002 2873 1070 temporis
2927 1001 3386 1068 percrebuerant;
3455 998 3996 1065 argumentationum

2427 1092 2945 1160 (-avdlatinnumque
2984 1092 3336 1151 subtilitates,
3380 1088 3583 1156 quibus
3634 1086 3833 1155 ingenii
3867 1100 4002 1137 aeu-

2427 1200 2548 1236 men
2605 1199 2726 1236 sese
2767 1181 3045 1250 jactabat;
3092 1195 3156 1233 ac
3196 1180 3539 1248 periodorum
3598 1175 4000 1246 μεγαλοκώὶων

2428 1281 2701 1348 implicata
2749 1279 3056 1347 prolixitas,
3105 1279 3156 1329 in
3205 1290 3312 1344 qua
3364 1275 3672 1342 praecipuus
3727 1271 4002 1324 orationis

2427 1374 2606 1426 cultus
2639 1370 3090 1433 constituebatur,
3124 1380 3251 1422 sunt
3287 1367 3534 1434 quaedam
3565 1367 3728 1417 veluti
3763 1364 4001 1431 impedi-

2431 1478 2640 1528 menta,
2701 1481 2823 1534 quae
2880 1463 3068 1518 lectori
3131 1462 3197 1514 ad
3239 1476 3460 1514 sensum
3518 1471 3661 1512 recte
3706 1457 3999 1511 tenendum

2429 1559 2718 1614 identidem
2749 1557 3105 1625 objiciuntur.
3129 1553 3248 1618 Quo
3277 1551 3479 1603 factum
3504 1559 3586 1603 est
3642 1557 3698 1600 ut
3739 1547 3804 1599 ad
3831 1560 4001 1598 unum

2428 1664 2617 1705 omnes
2665 1650 2892 1702 istorum
2945 1646 3256 1700 Graecorum
3301 1642 3646 1709 interpretes.
3690 1640 3822 1693 dum
3865 1653 4005 1707 pne-

2431 1741 2633 1803 iantur,
2677 1741 2872 1792 bonam
2917 1751 2945 1789 a
2992 1734 3288 1788 lectoribus
3326 1741 3615 1800 precentur
3657 1729 3894 1789 veniam,
3945 1736 4004 1780 ut

2430 1834 2529 1888 sibi
2573 1831 2962 1900 παροράματα,
2989 1827 3043 1880 in
3073 1841 3194 1896 qua:
3216 1839 3313 1892 pro
3352 1822 3735 1876 vertendorum
3769 1834 4001 1888 cperum

748 1910 1214 2009 tiam-iucundam,
1249 1910 1603 1996 viri-buslicet
1627 1938 1947 2008 imparibus,
1967 1932 2320 1987 contendere.
2359 1920 2401 1974 Β
2429 1924 2739 1979 diﬂicultate
2781 1919 3092 1983 inciderint,
3142 1918 3370 1970 libenter
3425 1914 3730 1983 ignoscant.
3773 1910 4007 1964 Accedit

747 2039 999 2092 Profecto
1039 2039 1140 2090 hac
1177 2039 1228 2089 in
1262 2051 1318 2087 re
1344 2033 1472 2086 illud
1494 2046 1594 2098 ego
1617 2027 1903 2083 consilium
1924 2031 2143 2077 secutus
2178 2035 2322 2081 sum,

748 2129 896 2197 quod
935 2127 1151 2196 plurimi
1193 2127 1304 2192 jam
1347 2124 1554 2191 pridem
1587 2121 1885 2186 scriptores
1933 2119 2323 2180 susceperant;

752 2226 812 2268 ut
845 2217 1056 2268 scilicet
1086 2229 1253 2282 quam
1288 2211 1653 2266 celebritatem
1694 2206 1907 2259 libellus
1936 2219 2093 2257 meus
2116 2218 2179 2255 ex
2207 2201 2326 2254 edi-

750 2308 887 2361 toris
923 2310 1118 2360 merito
1161 2319 1267 2358 non
1310 2313 1495 2372 posset
1548 2301 1652 2354 sibi
1700 2299 2009 2358 vindicare,
2059 2295 2198 2347 hanc
2233 2305 2328 2362 per

751 2397 930 2452 I’hotii
962 2412 1156 2451 nomen
1188 2395 1476 2463 acquirere
1504 2391 1798 2445 videretur.

825 2493 1110 2546 Postremo
1141 2489 1191 2542 id
1224 2486 1480 2549 accessit,
1511 2485 1562 2537 in
1592 2499 1721 2552 quo,
1768 2478 1985 2535 tametsi
2014 2477 2168 2531 multi
2201 2491 2331 2546 pue-

755 2584 911 2636 rilem
951 2582 1245 2650 quamdam
1272 2580 1509 2633 sentient
1538 2575 1841 2638 levitatem;
1894 2582 1950 2624 tu
1992 2583 2194 2632 tamen,
2251 2569 2327 2621 le-

753 2686 875 2731 ctor
905 2672 1318 2731 humanissime,
1354 2671 1446 2739 qui
1482 2668 1759 2721 hominum
1782 2673 2014 2718 mentem
2046 2660 2332 2715 levissimis

755 2769 1026 2821 interdum
1073 2765 1376 2818 rationibus
1422 2761 1648 2817 moveri.
1696 2774 1759 2812 ac
1786 2757 1992 2812 versari
2034 2769 2140 2806 non
2173 2753 2333 2806 dubi-

759 2868 865 2916 tas.
884 2867 1091 2909 tantum
1117 2855 1302 2921 utique
1326 2849 1583 2919 ponderis
1607 2859 1895 2914 agnosces,
1927 2852 2189 2911 quantum
2213 2840 2333 2892 ani-

757 2967 850 3003 mo
891 2948 1141 3001 titubanti
1175 2947 1240 2997 ad
1276 2941 1673 2996 decernendum
1720 2941 1852 2992 satis
1885 2951 2008 2989 esse
2047 2946 2334 3000 perspexe-

760 3045 856 3096 ris.
887 3039 1036 3093 Nosti
1075 3037 1330 3091 nimirum
1377 3034 1440 3087 ad
1492 3034 1814 3102 praeclarum
1863 3027 1991 3080 illud
2029 3024 2208 3078 Photii
2240 3023 2334 3073 Φι-

760 3133 1093 3200 λοτέχνημα,
1128 3129 1271 3197 quod
1311 3125 1698 3194 Μυριόὸιὸλον,
1741 3137 1837 3176 seu
1881 3115 2212 3172 Bibliotheca
2255 3115 2338 3166 in-

762 3226 1041 3286 scribitur,
1087 3218 1579 3287 interpretamlum,
1615 3222 1737 3282 post
1765 3212 2009 3266 Graecam
2041 3206 2336 3261 [least-helii

761 3315 1056 3370 editionem
1117 3311 1347 3364 alterum
1421 3308 1666 3361 Scottum
1711 3302 1932 3374 optimis
1966 3299 2227 3368 auspiciis
2260 3298 2341 3351 iii-

763 3410 1020 3463 cubuisse
1054 3402 1165 3473 (l0)
1201 3416 1214 3454 :
1249 3415 1348 3455 nec
1371 3409 1422 3453 te
1449 3399 1605 3456 lallit.
1640 3411 1800 3465 quam
1851 3394 1988 3447 bene
2026 3405 2090 3444 ea
2133 3401 2342 3458 tempe-

768 3510 912 3554 state
938 3500 990 3551 in
1037 3493 1287 3548 ΦΩΤΙΟΥ
1337 3508 1400 3546 ac
1429 3487 1749 3543 ΣΚΟΤΤυΥ
1780 3483 2093 3540 nominibus
2120 3482 2348 3535 luserint

772 3592 971 3646 eruditi
1011 3589 1144 3658 (ll).
1177 3587 1310 3639 Cum
1342 3586 1521 3650 itaque
1555 3585 1666 3634 haec
1696 3595 1795 3649 ego
1818 3592 2040 3647 quoque
2067 3585 2347 3643 perspecta

783 3685 1066 3746 haberem,
1113 3683 1167 3732 in
1204 3676 1452 3732 eamdem
1489 3688 1709 3727 arenam
1747 3671 1880 3724 mihi
1911 3669 2347 3722 descendendum

775 3776 1000 3845 putavi;
1041 3781 1093 3825 et
1131 3780 1278 3824 certe
1332 3768 1616 3819 universas
1665 3759 1977 3830 hujusmodi
2018 3757 2289 3810 Diatribas
2320 3769 2350 3809 e

773 3867 1040 3919 Vaticano
1071 3862 1258 3916 codice
1300 3858 1607 3925 exscriptos
1642 3854 1786 3907 facili
1823 3851 2038 3920 negotio
2083 3848 2352 3901 obtinuis-

772 3973 910 4021 sciti,
967 3953 1437 4023 prodidissemque
1497 3948 1550 3999 in
1611 3947 1808 4005 lucem.
1863 3945 1967 3994 nisi
2031 3939 2172 3994 votis
2214 3939 2350 3992 meis

776 4050 941 4101 multa
974 4057 1020 4099 et
1045 4047 1226 4114 gravia
1257 4040 1599 4093 obstitissent
1631 4038 2036 4104 impedimenta.

850 4137 940 4189 Ηω
977 4146 1155 4188 autern
1203 4132 1557 4200 quaestiones,
1593 4138 1650 4179 ut
1678 4129 1729 4179 in
1761 4125 2010 4178 Latinum
2048 4138 2351 4177 sermonem

779 4229 1228 4284 transferrentur,
1259 4232 1524 4290 quantum
1585 4220 1872 4270 habuerint
1914 4215 2250 4267 dillicultatis
2291 4228 2355 4266 ac

779 4319 1003 4379 laboris.
1039 4316 1113 4367 illi
1143 4315 1330 4381 utique
1364 4310 1712 4380 perspicicnt,
1746 4307 1839 4374 qui
1891 4305 2039 4373 ipsas
2086 4318 2190 4354 non
2231 4317 2355 4369 iap-

780 4426 897 4476 t.m,
929 4409 1020 4465 sed
1046 4419 1247 4461 attente
1275 4406 1451 4474 legent
1477 4420 1491 4468 ;
1526 4417 1625 4455 nec
1658 4405 1847 4469 quales
1867 4409 1988 4468 post
2018 4409 2256 4465 apertam
2287 4393 2358 4446 ad

780 4518 1004 4557 sensum
1035 4516 1173 4551 riam
1202 4502 1511 4557 \tdcatttur,
1542 4495 1636 4547 sed
1670 4493 1858 4561 quales
1887 4490 2107 4550 fuerint.
2135 4490 2262 4540 dum
2295 4501 2356 4540 ea

2429 2018 2574 2086 quod
2620 2014 2849 2068 Photius
2883 2014 2934 2066 iti
2965 2011 3214 2080 epistola,
3247 2023 3410 2077 quam
3445 2021 3571 2060 cum
3606 2007 3755 2058 hisce
3789 2004 4006 2057 Disser-

2429 2109 2725 2163 tationibus
2762 2106 2831 2159 ad
2876 2104 3312 2173 Amphilochium
3361 2101 3543 2161 mittit.
3591 2100 3706 2167 ipse
3768 2098 4006 2167 ingenue

2432 2200 2630 2252 fatetur
2683 2213 2742 2251 se
2789 2212 2890 2247 non
2933 2194 3261 2248 elaboratam
3309 2191 3646 2254 locutionem,
3705 2193 3794 2242 sed
3852 2188 4006 2240 obvia

2427 2307 2642 2362 quceque
2696 2288 2947 2342 vocabula
3003 2287 3316 2341 adhibuisse
3362 2285 3474 2353 (12)
3545 2300 3560 2336 :
3631 2294 3689 2336 ut
3757 2281 4010 2336 fortassis

2430 2387 2621 2438 innuat
2664 2392 2982 2436 accuratam
3027 2396 3086 2434 se
3145 2378 3446 2446 neglexisse
3491 2375 3806 2436 dictionem.
3843 2385 4010 2443 atque

2431 2475 2565 2529 adeo
2592 2473 2884 2526 lectoribus
2912 2472 3036 2541 plus
3087 2469 3290 2524 laboris
3347 2468 3630 2537 reliquisse
3686 2467 4009 2536 impenden-

2434 2567 2586 2619 dum.

2504 2660 2636 2723 ane
2684 2672 2809 2711 cum
2857 2656 2929 2708 ita
2966 2669 3026 2708 se
3068 2653 3319 2715 habeant,
3374 2650 3649 2705 nonnullis
3679 2650 3732 2703 in
3763 2650 3922 2714 locis,
3953 2656 4013 2703 ut

2436 2748 2589 2803 Fabii
2627 2749 2808 2800 verbis
2843 2758 2986 2807 utar,
3031 2743 3496 2813 περιφραστικῶς,
3551 2759 3642 2795 seu
3682 2743 3922 2810 pluribus
3957 2742 4011 2794 id

2436 2843 2624 2903 verbis,
2665 2840 2802 2909 quod
2828 2855 2930 2891 uno
2970 2838 3050 2891 uel
3114 2836 3450 2904 paucioribus
3477 2836 3582 2887 dici
3607 2837 3884 2904 potuisset.
3921 2849 4014 2887 ea:-

2436 2935 2741 3001 plicandnm
2775 2933 2957 2984 curavi
2995 2932 3129 2998 (l5).
3169 2931 3352 2998 Neque
3392 2929 3622 2994 hujusce
3666 2943 3753 2980 me
3793 2927 4014 2981 consilii

2439 3028 2660 3095 pmnitet
2686 3043 2700 3090 ;
2729 3042 2849 3080 sum
2889 3027 3033 3078 enim
3067 3023 3231 3077 Tullii
3262 3025 3570 3089 exemplum
3617 3029 3863 3085 secutus,
3915 3020 4011 3089 qui

2441 3135 2532 3170 nec
2566 3129 2761 3180 (arinen,
2809 3118 3007 3185 inquit,
3049 3117 3272 3182 exprimi
3310 3116 3521 3166 verbum
3555 3129 3582 3166 e
3623 3115 3774 3166 verbo
3813 3127 4018 3165 necesse

2441 3213 2560 3270 erit.
2589 3221 2643 3261 ut
2676 3212 2983 3278 interpretes
3019 3209 3259 3260 indiserti
3292 3208 3495 3270 solent;
3523 3222 3641 3258 cum
3668 3207 3738 3257 sit
3781 3208 4016 3268 verbum,

2445 3301 2578 3368 quod
2617 3302 2751 3352 idem
2780 3301 3011 3352 declaret
3046 3299 3210 3366 magis
3276 3298 3510 3349 minusve
3544 3297 3820 3348 usitatum.
3853 3293 4020 3364 hqui-

2445 3397 2559 3446 dein
2590 3395 2730 3446 soleo
2764 3393 2948 3454 etiam,
2980 3391 3118 3460 quod
3151 3405 3251 3442 uno
3284 3387 3475 3454 Grteci,
3509 3391 3555 3442 si
3584 3388 3741 3440 aliter
3765 3404 3868 3442 non
3900 3404 4024 3456 pos-

2445 3501 2584 3548 sum,
2611 3486 2749 3537 idem
2774 3484 3022 3552 plurimis
3051 3484 3217 3536 verbis
3247 3497 3502 3548 exponere
3529 3481 3662 3548 (14).
3690 3479 3880 3549 Itaque
3903 3495 4023 3533 ver-

2450 3579 2658 3630 sionem
2699 3575 2838 3628 κατὰ
2866 3575 3032 3640 λέξιν,
3104 3583 3290 3644 utpote
3318 3576 3499 3627 minus
3535 3583 3896 3643 opportunam
3939 3571 4024 3626 in-

2451 3665 2665 3719 terdum
2710 3667 2893 3734 rejeci,
2939 3675 3054 3718 tum
3098 3665 3227 3734 quia
3263 3663 3590 3718 Graecanica:
3626 3665 3822 3729 lingua:
3871 3663 4023 3732 inge—

2452 3760 2600 3813 nium
2642 3773 2672 3811 a
2703 3757 2898 3811 Latiali
2929 3757 3228 3811 abhorrere
3263 3755 3568 3818 videbatur,
3594 3765 3708 3808 tum
3737 3755 3866 3823 quia
3900 3770 4026 3824 per-

2460 3852 2738 3919 spicuitati
2769 3851 2966 3904 melius
2994 3849 3304 3912 consulere,
3353 3863 3418 3900 ac
3461 3847 3704 3901 molestis
3732 3847 4024 3900 verborum

2455 3944 2780 4013 ambagibus
2811 3943 3064 3997 lectorem
3099 3957 3204 3994 non
3254 3951 3507 4010 torquere
3551 3941 3684 3994 mihi
3728 3955 4030 4010 preposuea

2458 4054 2594 4090 ram.
2625 4038 2775 4090 Hanc
2797 4038 2963 4090 etiam
2987 4037 3057 4089 ob
3081 4050 3302 4089 causam
3333 4050 3728 4103 nonnunquam
3754 4035 3806 4086 in
3830 4035 4031 4087 verbo-

2459 4145 2574 4180 rum
2602 4130 2836 4190 delectu,
2872 4136 2926 4180 et
2963 4127 3341 4189 collocatione,
3390 4134 3448 4178 ut
3476 4126 3772 4194 planiorem
3805 4126 4033 4194 legenti-

2458 4224 2560 4277 bus
2619 4237 2838 4276 sensum
2901 4236 3264 4290 exponerem,
3331 4220 3398 4273 ab
3469 4220 3786 4288 incorrupta
3853 4218 4030 4273 Latini

2459 4317 2732 4369 sermonis
2758 4316 3068 4384 integritate
3101 4312 3351 4368 consulto
3391 4313 3592 4366 recessi
3626 4330 3638 4363 :
3667 4311 3939 4381 siquidem
3965 4313 4034 4366 ab

2460 4407 2775 4476 huiusmodi
2839 4407 3097 4474 operibus
3159 4420 3266 4458 non
3331 4405 3656 4459 elocutionis
3713 4403 3899 4467 ﬂores.
3937 4407 4032 4459 sed

2461 4502 2749 4553 veritatem
2795 4496 3010 4552 fructus
3051 4504 3370 4566 exspectant
3415 4496 3633 4549 eruditi.
3678 4494 3744 4548 Et
3772 4496 4032 4550 nimirum

781 4594 1158 4654 delitescebat,
1199 4592 1487 4658 diligenter
1537 4590 1862 4655 cxpendaut.
1897 4584 2248 4651 Compertum
2279 4588 2361 4632 est
2397 4590 2717 4657 Dmemens
2762 4590 3170 4643 Alexandrinus
3225 4600 3409 4656 ,ρυηε
3467 4590 3825 4657 promebam,
3867 4604 3928 4642 se
3979 4591 4032 4642 in

783 4692 931 4743 enim
983 4687 1062 4739 vel
1115 4687 1246 4752 ipsis
1297 4680 1736 4743 adolescentulis,
1767 4676 1859 4745 qui
1896 4673 2111 4728 Gra‘ciis
2153 4675 2356 4725 litteras

786 4801 870 4836 ius
897 4798 926 4834 a
958 4781 1142 4833 limine
1180 4780 1509 4834 salutarunt.
1557 4783 1822 4841 quantum
1859 4770 1924 4822 ad
1961 4767 2350 4834 manuscripto-

787 4890 930 4936 rum,
963 4887 1083 4941 quae
1110 4874 1348 4921 nondum
1378 4867 1551 4919 lucem
1598 4873 1949 4932 aspexerunt,
2015 4870 2215 4913 rectam
2281 4859 2355 4912 le-

787 4970 1022 5021 Ctionem
1043 4964 1385 5015 statuendam
1414 4956 1731 5009 insudemus
1761 4971 1771 5004 :
1798 4963 2060 5021 quantum
2081 4949 2238 5002 medii
2260 4949 2356 4999 a'vi

861 5080 936 5149 (Δ)
970 5077 1039 5129 De
1074 5075 1322 5149 Ecclesia:
1368 5072 1552 5125 Occid.
1596 5079 1642 5122 et
1693 5066 1894 5122 Orient.
1935 5065 2268 5117 consensione
2321 5062 2356 5115 l.

793 5147 936 5211 ttae.
971 5156 1022 5208 ti,
1061 5163 1110 5210 p.
1147 5147 1268 5198 576.

1061 5163 1702 5289 pdiiipiiiloc‘liiiLAndrea:
1727 5210 2010 5289 Cretensis,
2039 5215 2088 5260 et
2110 5203 2361 5289 blctltodii

792 5278 949 5358 Oper.
1013 5278 1346 5358 Responsum
1405 5286 1471 5337 37
1525 5286 2064 5358 lnitpeditumnpag.
2123 5278 2363 5358 ﬁlium

794 5347 1136 5426 lii-sponsum
1177 5357 1295 5419 Hii.
1324 5373 1376 5408 in
1408 5359 1614 5409 Asteria
1648 5356 1700 5408 in
1727 5366 1874 5407 calce
1904 5350 1967 5403 γ.
1989 5357 2224 5402 Auctarn
2254 5347 2365 5400 No-

793 5449 910 5487 vum
945 5442 981 5483 t.
1021 5432 1056 5483 Ι.

865 5505 942 5572 (ο)
977 5501 1029 5552 Iit
1070 5499 1325 5567 Catalogo
1356 5497 1697 5572 ibiblimhecm
1730 5495 2069 5572 coislinianm
2097 5492 2365 5572 habentur

792 5569 1030 5643 quotuor
1081 5571 1398 5643 ltttjustttmlt
1441 5584 1697 5637 responsa
1749 5569 2033 5636 diligenter
2092 5570 2256 5627 edita,
2310 5571 2363 5615 et

797 5642 984 5698 Latine
1006 5659 1159 5695 versa
1195 5657 1293 5708 pag
1345 5642 1445 5692 3M5
1467 5651 1521 5693 et
1547 5657 1698 5706 seqq.

889 5714 940 5780 7)
984 5713 1037 5765 In
1064 5705 1216 5764 Curta"
1248 5705 1573 5779 plulologtcts
1627 5705 1672 5761 et
1705 5711 1926 5768 criticis,
1969 5719 2097 5758 tom.
2144 5705 2206 5765 V,
2242 5720 2362 5772 pag.

797 5783 896 5839 55l
929 5797 980 5836 et
1005 5802 1154 5851 seqq.
1195 5787 1281 5834 tibi
1311 5795 1435 5835 sunt
1479 5797 1731 5850 responsa
1766 5783 1886 5844 1‘23,
1921 5787 2014 5832 scd
2058 5790 2277 5838 nos‘tris.
2314 5787 2367 5826 ut

797 5858 1110 5926 plurimum,
1151 5855 1416 5908 breviora.

2458 4678 2744 4730 scribendo
2782 4677 3104 4747 elegantiam
3171 4678 3308 4747 μήτε
3371 4677 3827 4746 μεμελετηκέναι,
3890 4679 4034 4747 μήτε

2461 4767 2940 4838 ὲπιτηδεύειν......
2998 4771 3123 4831 τοὺς
3148 4771 3255 4838 γὰρ
3310 4768 3418 4819 τῶν
3465 4768 3665 4832 λέξεων
3711 4769 4032 4838 ἐχομένους,

2460 4863 2554 4913 καὶ
2576 4879 2639 4913 πε
2650 4863 2703 4932 pl
2726 4863 2897 4918 ταῦτα,
2923 4863 3347 4932 ἀσχολουμένους
3371 4861 3731 4932 διαδιδράσκει
3762 4866 3830 4916 τὰ
3858 4865 4037 4934 πράγ-

2465 4973 2628 5024 ματα,
2669 4973 2826 5025 neque
2865 4957 3160 5024 affectasse,
3195 4973 3286 5009 nec
3329 4955 3493 5021 fuisse
3556 4966 3902 5009 sectatum...
3947 4975 4035 5011 eos

2516 5066 2609 5145 .(8)
2650 5065 2718 5146 V_._
2756 5066 3045 5146 Symang
3110 5070 3171 5122 de
3229 5067 3682 5139 Engastrimytlto,
3735 5085 3856 5139 cap.
3887 5070 3921 5123 2
3961 5070 4036 5124 De

2466 5134 2826 5202 Simeonibus,
2863 5134 2991 5210 pag.
3016 5141 3067 5193 5.

2538 5211 2609 5276 κεν)
2657 5211 2897 5281 Defensio
2942 5209 3307 5277 Epistolarum
3358 5211 3683 5281 pontificum,
3736 5212 3956 5281 pag.24
3981 5220 4038 5264 et

2650 5279 2721 5331 De
2770 5281 2893 5346 jure
2941 5283 3221 5334 ordinandi
3286 5285 3553 5334 ministros
3604 5279 3873 5347 Bedente,
3909 5297 4033 5352 pag.

2501 5369 2568 5402 θλ)
2576 5390 2585 5400 .

2537 5422 2646 5486 (t0)
2686 5420 2818 5475 Vide
2844 5423 3134 5476 editionem
3168 5420 3407 5476 Colonia:
3439 5438 3528 5476 an.
3564 5421 3719 5476 1611.

2537 5493 2648 5559 (ll)
2685 5491 2951 5548 Jamotins
2998 5496 3317 5565 priesertim.
3353 5508 3415 5546 ac
3453 5494 3850 5557 Piersennmns,
3899 5509 4042 5565 quos

2467 5563 2607 5686 ira?
2645 5566 2745 5683 nisi
2788 5565 2951 5632 piget,
2997 5567 3049 5618 in
3081 5563 3485 5635 Prolegomenis
3515 5567 3580 5617 ad
3606 5567 3899 5619 editionem
3918 5563 3976 5620 in

2467 5651 2535 5685 t0
2590 5646 2861 5686 amatam.

2467 5646 2535 5686 tto
2571 5646 2861 5687 laudatam.

2540 5706 2650 5770 ita.)
2687 5705 2815 5776 \'_nte
2850 5706 3098 5776 paginam
3134 5706 3187 5759 '5.

2543 5776 2655 5839 (15)
2701 5773 2880 5827 limit.
2920 5773 3056 5831 orat.
3091 5778 3182 5829 lib.
3215 5792 3332 5837 vin.
3368 5792 3416 5829 c.
3445 5776 3496 5843 6,
3523 5787 3577 5833 et
3609 5776 3702 5831 lib.
3744 5787 3898 5841 tx,c.
3925 5775 3987 5832 2.

2539 5851 2650 5912 (tt)
2691 5847 2759 5897 (te
2792 5848 3009 5912 ﬁnibus,
3039 5849 3130 5901 lib.
3158 5863 3238 5910 Ill,
3262 5863 3310 5901 c.
3340 5847 3423 5901 15.
