4198 6440
193 495 270 556 29
1524 485 1816 545 PROLEG
1827 485 2108 545 OMENA.
3370 490 3447 552 30

196 609 361 667 cuius,
400 604 489 666 qui
519 618 550 654 ι
580 601 899 654 dictionibus
936 600 1181 667 pendent,
1228 609 1278 652 et
1315 598 1371 651 iis
1395 599 1463 652 iis
1503 614 1769 667 occupau-
1800 610 1842 660 Α
1872 598 1945 650 ibi
1982 606 2130 661 sunt,
2166 606 2225 649 ut
2252 596 2369 664 ipsa
2409 598 2584 664 capita
2621 605 3025 653 recenseantur.
3062 598 3132 653 At
3162 615 3262 669 ego
3293 642 3310 668 ,
3340 604 3448 657 nisi

200 708 308 753 tur.
342 697 475 762 ipsa
505 709 587 745 res
626 692 883 761 eﬂ'ugismt
923 690 1059 760 (15).
1108 691 1246 743 Alibi
1293 704 1513 760 quoque
1553 691 1669 758 ipse
1710 689 1775 742 de

200 802 280 851 se,
323 785 500 855 Ἐμοὶ,
533 785 729 853 inquit,
759 784 1045 851 πρόκειται
1080 780 1408 849 εὐγλωττίαν
1450 782 1659 851 pii-nou
1684 780 1780 847 ζη-

200 879 420 941 λοῦντα,
443 877 733 948 ἀρκεῖσθαι
757 878 903 946 μόνῳ
934 876 1014 945 τῷ
1046 873 1354 938 αἰνίξασθαι
1384 873 1445 927 τὸ
1467 874 1775 940 νοούμενον·

198 971 371 1040 ὁποίῳ
403 970 459 1022 δὲ
492 971 713 1039 ὀνόματι
744 968 1000 1039 δηλοῦται
1032 969 1211 1031 τοῦτο,
1248 968 1386 1036 ὅπερ
1427 965 1777 1036 παραστῆσαι

203 1061 487 1131 βούλομαι,
537 1061 697 1114 οὐθέν
739 1078 827 1131 μοι
876 1060 1048 1130 μέλει.
1121 1059 1253 1112 Μϋιί
1331 1060 1653 1125 propositum
1702 1067 1780 1110 est

199 1164 260 1205 ut
302 1153 653 1206 elocutionem
684 1168 951 1221 antiquam
982 1152 1237 1220 aﬂ'ectuns
1294 1160 1567 1203 contentus
1590 1152 1709 1213 sim,
1732 1150 1779 1201 si

200 1242 490 1309 cogitatum
531 1256 702 1293 meum
734 1241 1032 1305 declarent;
1066 1256 1299 1311 quanam
1328 1256 1446 1293 vero
1493 1242 1635 1293 istud
1664 1256 1781 1294 voce

199 1332 513 1399 explicetur,
535 1334 674 1399 quod
691 1347 945 1400 exponere
966 1332 1106 1394 volo,
1138 1331 1268 1384 nihil
1288 1347 1401 1384 mea
1418 1333 1631 1385 interest
1645 1333 1779 1402 (lli).

199 1422 357 1487 Quod
416 1434 594 1476 autem
626 1425 798 1492 stylus
829 1424 1169 1494 potissimum
1203 1424 1255 1477 in
1286 1424 1545 1479 curandis
1574 1426 1780 1478 versio-

203 1514 371 1567 nibus
409 1514 477 1566 ad
522 1514 837 1577 hujusmodi
880 1518 1119 1582 regulam
1165 1516 1484 1585 dirigendus
1533 1516 1623 1582 sit,
1662 1516 1781 1571 fuse

197 1605 386 1658 docuit
436 1604 496 1657 D.
533 1605 895 1675 Hieronymus
921 1604 1056 1677 (l7).

270 1694 385 1749 Nec
421 1699 603 1750 minus
639 1696 871 1751 fortasse
904 1696 1111 1766 profuit
1139 1696 1516 1768 παρενθὲσεις,
1555 1712 1677 1766 qua:
1722 1697 1775 1749 in

198 1787 539 1857 αὐτογρὰφῳ
569 1787 818 1855 deerant,
866 1803 970 1858 pro
1013 1804 1073 1844 re
1111 1798 1238 1843 nata
1270 1789 1594 1843 interserere
1622 1829 1637 1853 ,
1676 1804 1776 1843 nec

198 1895 308 1934 non
361 1890 415 1933 et
468 1882 629 1934 verba
676 1896 959 1936 sacrarum
1030 1879 1381 1948 Litterarum,
1438 1882 1781 1951 aliorumque

198 1973 556 2041 scriptorum,
600 1973 715 2027 sive
744 1973 1012 2044 ἀκριϐῶς,
1048 1975 1163 2028 sive
1194 1974 1652 2045 μεταφραστικῶς
1679 1976 1779 2027 ad-

196 2062 367 2114 ducta
408 2067 638 2125 cursivo,
694 2073 751 2117 ut
803 2065 977 2128 aiunt,
1023 2068 1340 2120 charactere
1385 2068 1698 2121 exscribere
1758 2084 1771 2120 :

197 2151 307 2203 hoc
334 2152 504 2216 enim,
533 2152 675 2219 quod
722 2152 851 2203 mihi
887 2141 1007 2206 non.
1031 2154 1258 2206 multum
1308 2155 1505 2225 negotii
1529 2154 1772 2221 facessit,

196 2240 440 2295 fortasse
489 2242 688 2295 alicubi
732 2243 922 2297 lectori
974 2247 1081 2297 erit
1132 2247 1466 2313 adjumento.
1513 2244 1777 2302 Praeterea

196 2335 297 2387 abs
337 2351 395 2387 re
433 2350 539 2388 non
575 2336 705 2388 duxi
742 2336 881 2400 loca,
929 2338 1072 2391 unde
1122 2338 1235 2407 ipsa
1279 2342 1442 2393 verba
1491 2340 1776 2406 desumpta

198 2438 351 2488 sunt,
386 2427 441 2479 in
474 2426 577 2478 iinzi
610 2429 819 2496 pagina:
842 2443 938 2480 ora
967 2428 1209 2482 indicare
1237 2448 1249 2483 :
1288 2444 1351 2484 ac
1382 2430 1624 2499 denique
1650 2446 1777 2485 ver-

197 2522 415 2573 sionem
456 2516 594 2572 l.XX
626 2521 905 2573 seniorum
934 2535 964 2573 a
995 2519 1191 2575 Pbotio
1221 2521 1466 2587 allatam,
1491 2538 1616 2576 cum
1675 2539 1777 2577 no-

203 2622 319 2663 stra
344 2611 593 2679 Vulgata,
628 2626 791 2680 quam
816 2613 932 2677 tibi,
969 2611 1161 2677 lector,
1196 2613 1604 2668 familiariorem
1628 2632 1774 2683 reor,

196 2715 583 2757 commutare:
612 2704 800 2771 paucis
836 2715 1044 2758 tantum
1079 2707 1323 2774 exceptis
1373 2707 1525 2769 locis,
1564 2709 1616 2761 in
1652 2710 1779 2778 qui-

196 2801 324 2859 bus,
360 2801 436 2849 uti
469 2797 835 2862 mouebimus,
882 2798 1149 2853 orationis
1175 2809 1463 2854 contextus
1490 2802 1770 2856 adversari

199 2892 506 2942 videbatur.

272 2983 447 3035 νυνι-ο
491 2999 595 3051 ego
652 2994 914 3053 punctum
971 2983 1125 3048 illud,
1170 2984 1315 3052 quod
1364 2984 1526 3050 ﬁnale
1563 2993 1779 3049 vocant,

194 3080 413 3142 quoties
443 3074 736 3142 perlectus,
776 3077 1192 3144 completusque
1221 3076 1509 3128 verborum
1543 3078 1780 3129 ambitus

194 3165 468 3219 absolutae
497 3168 749 3237 περιόδου
776 3169 992 3239 signum
1028 3168 1360 3237 postulabat,
1395 3184 1516 3222 meo
1540 3169 1663 3238 jure
1696 3170 1778 3220 in-

195 3261 423 3330 terjeci;
472 3262 621 3331 quod
674 3264 894 3332 quidem
945 3278 1053 3317 non
1104 3263 1271 3317 semel
1321 3264 1591 3333 agendum
1643 3264 1776 3317 mihi

1881 688 2058 752 fallor,
2104 691 2157 741 in
2207 689 2525 743 minutiores
2564 690 2750 758 utique
2799 699 2981 759 partes
3025 700 3193 747 totam
3241 697 3446 749 oratio-

1881 797 2001 835 nem
2053 780 2307 834 distribui
2352 798 2365 833 :
2406 796 2568 849 quam
2602 781 2997 836 institutionem
3030 782 3145 852 jam
3184 800 3353 854 usque
3378 787 3448 839 ab

1878 873 2102 927 exordio
2130 885 2464 941 susceptam,
2487 884 2920 927 consentaneum
2952 872 3053 927 fuit
3081 877 3164 930 vel
3192 877 3245 930 in
3272 894 3445 945 nuper

1879 975 2179 1019 memorato
2218 964 2519 1035 fragmento
2570 967 2860 1035 persequi;
2910 980 3071 1034 atque
3120 970 3255 1023 adeo
3298 974 3443 1039 quod

1880 1070 1986 1107 uno
2034 1053 2278 1107 Vaticani
2330 1054 2536 1108 codicis
2587 1055 2764 1122 capite
2804 1057 3138 1122 coiitinetur,
3194 1060 3243 1112 id
3295 1077 3441 1129 saepe

1880 1143 2094 1195 duobus
2115 1144 2169 1195 in
2188 1153 2373 1195 nostra
2394 1142 2631 1195 editione
2663 1144 2946 1212 cxplendis
2972 1148 3439 1203 accommodatur.

1880 1231 2098 1287 Scilicet
2132 1248 2455 1301 persuasum
2490 1243 2573 1287 est
2618 1235 2751 1287 milii
2800 1251 2921 1288 eam
2968 1237 3299 1306 voluptatem
3353 1256 3448 1308 per

1882 1324 2191 1390 liujusmodi
2252 1325 2523 1393 κεφάλαια
2568 1326 2868 1381 lectoribus
2911 1331 3214 1396 conciliari,
3282 1349 3447 1401 quam

1882 1431 1976 1483 per
1999 1416 2204 1485 lapides
2236 1416 2487 1470 milliaria
2518 1429 2768 1473 notantes
2799 1421 3080 1491 percipere
3111 1424 3287 1478 solent
3330 1426 3450 1477 via-

1881 1518 2025 1563 tores
2055 1508 2190 1577 (l8).

1949 1596 2069 1651 Jam
2088 1614 2216 1652 vero
2238 1598 2498 1667 quidquid
2530 1598 2885 1664 Coisliniano,
2919 1600 3263 1669 Taurinensi,
3302 1604 3452 1659 Vati-

1880 1706 2041 1751 cano,
2083 1706 2148 1744 ac
2199 1689 2497 1745 Barberino
2546 1708 2681 1745 mss.
2716 1705 2995 1762 acceptum
3044 1696 3352 1759 referimus,
3396 1700 3451 1751 in

1881 1784 2081 1837 notulis
2112 1799 2211 1838 suo
2240 1785 2358 1837 loco
2384 1784 2642 1849 subjectis
2670 1784 3071 1853 proﬁtebimur.
3103 1788 3172 1841 At
3197 1790 3305 1841 duo
3329 1790 3452 1857 qui-

1881 1878 2001 1930 dem
2038 1877 2216 1945 priora
2242 1877 2558 1931 studuimus
2590 1879 2657 1931 de
2691 1878 2796 1932 illis
2824 1880 3202 1934 tantummodo
3230 1882 3450 1935 dubita-

1814 1973 1855 2027 B
1882 1969 2122 2023 tionibus
2158 1971 2472 2033 consulere,
2497 1987 2634 2041 quas
2681 1973 2837 2027 nobis
2880 1974 3037 2041 primi
3086 1976 3452 2043 quaestionum

1882 2080 2071 2119 versns
2110 2066 2444 2128 attulerunt;
2491 2082 2615 2118 cum
2674 2066 2775 2119 hos
2826 2067 3091 2119 duntaxat
3138 2066 3454 2121 Bel-nardus

1879 2158 2318 2211 llontlauconius
2350 2156 2480 2227 39).
2514 2176 2575 2209 ac
2596 2156 2869 2226 Joseplius
2892 2156 3145 2213 Pasinius
3188 2159 3299 2229 (20)
3337 2162 3455 2213 edi-

1878 2249 2059 2302 derint
2096 2263 2110 2301 :
2156 2247 2455 2316 posteriora
2494 2258 2673 2299 autem
2709 2249 2761 2299 in
2797 2249 3008 2301 cwteris
3040 2247 3456 2302 dillirultatibus

1883 2340 2083 2392 mirum
2120 2347 2385 2406 quantum
2426 2335 2833 2403 nosjuverunt;
2870 2338 3138 2406 siquidem
3180 2338 3278 2391 viri
3313 2353 3455 2407 prte-

1877 2429 2173 2483 clarissimi
2210 2444 2384 2495 seque,
2432 2440 2593 2496 atque
2655 2429 3040 2483 humanissimi
3092 2429 3455 2500 Hieronymus

1877 2521 2125 2575 Amatius
2152 2518 2422 2574 Vaticana}
2462 2521 2797 2575 bibliothecae
2833 2524 3088 2591 scriptor,
3135 2532 3187 2576 et
3227 2520 3445 2577 Joaclii-

1879 2629 2000 2667 mus
2042 2612 2133 2666 Pla
2172 2612 2478 2666 Barberina:
2506 2613 2789 2682 praefectus
2831 2630 2913 2679 ea,
2946 2631 3066 2683 qua:
3097 2616 3162 2668 ad
3194 2616 3443 2670 lectionis

1878 2708 2335 2770 emendatiOnem,
2364 2716 2469 2773 aut
2514 2708 2971 2775 complementum
3013 2709 3040 2758 ὁ
3066 2708 3206 2760 πάνυ
3232 2710 3459 2762 Andre-

1879 2798 1993 2852 sius
2055 2800 2444 2867 postulaverat,
2522 2814 2643 2854 eum
2708 2816 2772 2853 eo
2839 2816 3052 2853 summa
3124 2802 3458 2870 benignitate

1880 2896 2377 2946 communirarunt.
2436 2892 2705 2947 Cauernm
2768 2894 2857 2947 ubi
2917 2894 3177 2963 σφάλμα,
3230 2894 3459 2963 ejusque

1881 2984 2159 3054 διόροωμα
2198 2984 2343 3038 facili
2390 2987 2605 3054 negatio
2652 2987 2927 3053 patebant,
2962 2995 3055 3037 aut
3098 2987 3163 3038 ad
3197 2986 3453 3039 lacunam

1879 3078 2200 3145 explendam
2246 3093 2442 3132 sensus
2484 3094 2569 3131 me
2617 3090 2761 3131 recte
2803 3077 3067 3141 ducebat;
3111 3077 3258 3131 nolui
3312 3080 3459 3133 viros

1881 3166 2015 3219 adeo
2055 3167 2380 3234 conspicuos
2410 3182 2505 3236 pro
2550 3183 2605 3220 re
2643 3171 2789 3237 parvi
2827 3168 3083 3221 momenti
3122 3169 3443 3230 obtundere.

1883 3260 1976 3313 sed
2018 3260 2282 3313 medicam
2322 3262 2434 3328 ipse
2467 3277 2686 3314 manum
2729 3262 2901 3315 codici
2939 3262 3176 3320 admovi.
3214 3272 3373 3331 atque
3405 3262 3457 3315 id

196 3350 325 3419 fuit,
357 3367 486 3406 cum
534 3352 589 3407 in
631 3353 819 3406 codice
850 3362 1063 3417 nostro,
1095 3353 1172 3405 uti
1213 3363 1267 3406 et
1298 3353 1351 3407 in
1384 3354 1596 3407 caneris
1638 3352 1783 3420 ejus-
1813 3344 1856 3404 C
1887 3350 1953 3404 de
1981 3366 2100 3404 meo
2134 3352 2368 3413 restitui,
2392 3354 2535 3421 quod
2562 3363 2613 3407 et
2646 3354 2698 3406 in
2740 3355 2948 3423 pagina:
2976 3355 3128 3408 eulce
3160 3355 3459 3407 indicatum

194 3447 319 3500 dein
353 3444 554 3510 artatis,
604 3460 725 3498 rara
762 3444 1061 3498 admodum
1092 3446 1249 3512 signa
1291 3444 1661 3499 distinctionis
1693 3459 1785 3498 oc-

193 3546 448 3590 currant.
484 3536 626 3599 Quin
649 3536 815 3588 etiam
847 3534 1263 3588 dissertationes
1290 3535 1533 3603 singulas
1561 3535 1613 3587 in
1635 3551 1785 3603 qua:-

194 3634 323 3684 dam
358 3632 527 3683 Vciuli
578 3630 821 3699 capitula
871 3629 1260 3697 dispescendas
1309 3629 1529 3692 curavi;
1564 3638 1677 3682 tum
1718 3644 1785 3682 ne

193 3726 446 3776 diversas
482 3721 663 3775 Pliotii
690 3721 1219 3782 animadversiones,
1260 3722 1783 3774 commentationes-

194 3831 303 3884 que
339 3816 503 3867 unica
530 3816 794 3884 συνεπείᾳ
836 3814 1090 3883 legendas
1130 3828 1524 3882 propoiierem;
1568 3823 1680 3865 tum
1716 3825 1785 3866 ne

194 3910 483 3978 imparitas
520 3909 657 3976 ipsa,
686 3922 807 3976 qua:
841 3906 983 3960 inter
1015 3916 1197 3959 textus
1259 3920 1322 3960 ac
1360 3905 1628 3959 versionis
1652 3920 1779 3975 pro-

194 4002 465 4055 lixitatem
493 4000 811 4069 plerumque
862 3999 1168 4059 intercedit,
1207 4006 1316 4051 tota
1364 3998 1418 4050 in
1463 3997 1777 4051 earumdem

196 4094 656 4148 dissertatiouum
707 4094 1002 4146 terminum
1049 4093 1403 4159 rejiceretur,
1453 4100 1613 4159 atque
1648 4092 1778 4143 illud

198 4189 387 4241 nescio
428 4188 558 4256 quid
596 4188 857 4240 abnorme
893 4187 1219 4239 intuentium
1263 4186 1454 4239 oculos
1485 4195 1668 4253 posset
1694 4184 1778 4237 of-

199 4282 443 4332 fendere.
504 4276 615 4331 Hos
675 4286 855 4332 autem
913 4277 1330 4347 διαμερισμοὺς,
1381 4276 1581 4344 quibus
1628 4284 1777 4328 caret

200 4380 475 4435 nostrum,
517 4368 572 4422 in
606 4370 871 4423 Vaticano
899 4385 1025 4433 ms.,
1057 4369 1199 4421 unde
1236 4381 1485 4435 magnam
1519 4366 1775 4435 quaestio-

200 4463 280 4515 nis
310 4462 381 4517 33
417 4472 621 4531 partem
646 4462 1004 4524 obtinuimus,
1032 4462 1135 4514 rite
1163 4474 1261 4527 ego
1292 4468 1538 4512 servatos
1564 4457 1736 4525 reperi
1759 4472 1774 4521 ;

200 4566 307 4611 imo
346 4568 494 4610 uotae
538 4556 787 4625 quaedam
836 4554 1128 4608 uumerica:
1170 4553 1223 4605 iu
1262 4549 1509 4620 margine
1553 4549 1781 4619 appicta:

1886 3445 2211 3512 conspicies.
2244 3446 2391 3499 Alias
2420 3446 2613 3500 deinde
2651 3458 2809 3501 notas
2845 3448 3100 3515 reperies,
3144 3458 3196 3500 et
3223 3447 3462 3501 fortasse

1886 3551 1990 3588 non
2025 3535 2385 3606 itnporlunas,
2415 3538 2616 3604 quibus
2642 3538 2843 3605 aliquid
2873 3540 2937 3590 de
2973 3538 3236 3591 Pliotiana
3316 3554 3463 3604 qua:-

1886 3630 2082 3684 stionis
2102 3630 2375 3685 solutione
2402 3632 2691 3693 disseram,
2724 3642 2775 3683 et
2815 3632 2943 3698 quid
2973 3631 3255 3685 catholicae
3280 3630 3463 3684 Eccle-

1886 3722 1977 3774 sia:
2010 3721 2242 3789 δόγμασι
2274 3732 2557 3791 repugnet,
2588 3723 2716 3791 quid
2754 3722 3015 3776 adversus
3042 3733 3317 3775 novatores
3357 3738 3458 3775 no-

1885 3814 1968 3866 bis
1996 3812 2255 3880 prodesse
2282 3814 2473 3881 possit,
2515 3815 2642 3883 quid
2683 3815 2917 3883 denique
2949 3813 3247 3884 ὀρθοόὁξων
3285 3817 3461 3883 scrip-

1883 3916 2064 3960 torum
2100 3907 2252 3960 scitis
2277 3906 2621 3975 suffragetur,
2650 3922 2735 3973 ea,
2792 3923 2901 3977 qua
2927 3922 3027 3977 par
3047 3908 3153 3961 erit
3196 3908 3463 3963 brevitate

1884 3998 2195 4065 espediam.

1954 4087 2227 4157 Quidquid
2265 4097 2442 4140 autem
2476 4088 2576 4141 bac
2610 4088 2675 4141 de
2709 4103 2764 4141 re
2793 4088 2882 4153 sit,
2926 4106 2945 4139 ‹
2986 4087 3139 4154 Quod
3172 4089 3307 4153 dixi,
3348 4108 3367 4139 ι
3407 4100 3459 4142 ιιι

1883 4182 1944 4235 υ.
1980 4182 2237 4235 Bernardi
2267 4182 2444 4235 verbis
2496 4191 2636 4244 utar,
2675 4200 2691 4230 ‹
2732 4183 2936 4249 absque
2962 4182 3277 4251 prmjudicio
3330 4198 3464 4235 sane

1880 4273 2023 4325 dicta
2080 4272 2190 4325 sint
2232 4272 2421 4325 sanius
2506 4272 2789 4341 sapientis.
2836 4270 3109 4334 Romanae
3165 4275 3461 4342 praesertim

1885 4364 2140 4418 Ecclesia:
2166 4364 2497 4427 auctoritati,
2527 4376 2686 4433 atque
2720 4366 2957 4418 examini
3007 4374 3179 4419 totum
3220 4366 3462 4419 lioc......

1884 4470 2133 4520 reservo;
2168 4455 2361 4525 ipsius,
2409 4458 2452 4510 si
2494 4457 2623 4525 quid
2665 4458 2821 4511 aliter
2856 4458 3032 4529 sapio,
3065 4468 3289 4529 paratus
3318 4461 3465 4528 judi-

1885 4554 1970 4602 cio
1994 4549 2280 4602 emendare
2329 4547 2465 4617 (21).
2506 4566 2525 4598 s

1800 4706 1907 4768 IV.

314 4842 796 4905 CARDINALIS
868 4838 1162 4899 ANGELI
1221 4838 1371 4898 MAI
1438 4832 1857 4896 ΡΒᾸΞΕΑΤΙΟ
1922 4834 1998 4893 IN
2045 4826 2569 4905 QUIESTIONES
2630 4834 3347 4897 AMPHILOCHIANAS

552 4947 819 5007 PHOTII
857 4942 1390 5004 PATRIARCHE
1431 4939 1637 5015 QUAS
1683 4938 1973 4999 PRIMUS
2014 4937 2291 4997 EDlDlT
2342 4937 2422 4997 ΙΝ
2453 4938 2682 4999 IVOL.
2731 4939 3022 4999 SCRIPT.

839 5050 1020 5109 \"ET.
1055 5046 1275 5108 NOVA
1307 5044 1535 5107 COLL.
1570 5044 1757 5104 VAT.

1879 5044 1937 5102 ἵ.
1976 5042 2130 5104 1825
2166 5044 2262 5103 ΕΤ
2294 5044 2562 5105 DENUO
2608 5044 2783 5105 1831.

256 5313 299 5366 1.
346 5309 530 5366 Codex
559 5309 678 5363 Vat.
710 5307 1191 5370 Ampltilocliiorstm
1222 5304 1417 5358 Photii.
1443 5302 1780 5368 Quaestiones

189 5404 667 5476 Ampliilochiauz
746 5410 955 5456 tantam
1034 5399 1421 5469 propemodum
1480 5398 1532 5449 in
1604 5401 1777 5453 sacris

189 5499 369 5554 Pbotii
404 5496 647 5566 scriptis,
681 5505 945 5564 quantam
988 5492 1108 5561 ejus
1141 5491 1471 5543 Bibliotheca
1506 5490 1559 5541 in
1594 5490 1775 5558 profa-

258 5608 376 5674 (l5l
414 5606 669 5667 Stromat,
700 5603 794 5657 lib.
829 5618 888 5663 Il,
914 5616 1041 5674 pag.
1075 5598 1201 5654 265.

258 5671 375 5744 illi)
419 5675 557 5728 Ibid.
595 5676 686 5727 lib.
721 5692 757 5736 I,
788 5688 913 5744 pagg.
938 5671 1064 5744 ⁸215ἶ

292 5740 378 5815 l7)
416 5746 641 5808 Epistol.
675 5740 823 5815 49ρι
950 5740 1489 5815 ad_l’ammacliinn3.

292 5752 378 5815 l7;
416 5752 641 5808 Epistol.
675 5752 741 5796 4!)
771 5758 823 5796 et
850 5752 915 5795 57
950 5752 1013 5795 ad
1053 5752 1489 5794 Pammactnnm.

260 5752 378 5885 illi)
420 5816 478 5870 ιιι
504 5816 701 5869 cecinit
733 5812 970 5867 Rutilius
1026 5810 1391 5865 Numatianus
1435 5809 1624 5864 lliner.
1675 5813 1769 5866 lib.

194 5902 253 5951 li,
285 5903 430 5941 vi-is.
459 5886 489 5936 7
519 5896 573 5939 et
612 5901 763 5955 seqq.

262 5958 376 6031 (19)
412 5952 705 6026 σαιαιοθυί
728 5952 1050 6010 bibliothera'
1099 5952 1462 6020 Coisliniana',
1516 5968 1635 6024 pag.
1669 5954 1772 6009 5:28

1888 5307 1994 5369 nis,
2033 5306 2234 5360 famam
2263 5307 2532 5361 obtinent.
2574 5307 2794 5362 Primus
2827 5309 2969 5362 sacri
3004 5308 3187 5377 operis
3224 5308 3362 5376 (sive
3413 5309 3461 5361 id

1887 5398 2277 5468 Amphilochia.
2298 5399 2412 5453 sive
2435 5399 2900 5469 Amphilochianas
2928 5400 3255 5465 Qumstiones
3281 5400 3465 5455 dieere

1888 5490 2085 5559 mavis)
2116 5490 2369 5544 notitiam
2404 5492 2644 5561 vulgavit
2690 5490 2795 5545 Leo
2825 5492 3057 5547 Allatius
3092 5494 3168 5561 (l)
3231 5491 3467 5561 ﬁxitque

1883 5613 2382 5743 Βιέῗῧᾳάαιαιοσω
2409 5672 2736 5729 bibliothecae
2774 5672 3137 5737 Taurinensis,
3174 5685 3213 5728 t.
3256 5672 3295 5736 l,
3339 5689 3460 5744 pag.

1879 5744 2281 5887 fﬂisfigyiii'i.‘
2326 5811 2741 5887 ad-anonicos
2785 5814 3178 5887 Lugdunenses,
3230 5832 3349 5887 qna:
3380 5824 3464 5870 cst

1878 5884 2001 5947 171,
2036 5900 2149 5953 pag.
2190 5883 2289 5936 I79
2314 5886 2441 5937 edit.
2479 5882 2655 5944 Puris,
2699 5886 2855 5939 1719.

1952 5954 2029 6024 (l)
2062 5954 2135 6008 De
2169 5970 2314 6023 pcrp.
2340 5971 2481 6008 cons.
2513 5956 2575 6020 ll,
2603 5957 2655 6024 6,
2694 5975 2741 6025 ν.
2778 5957 2901 6011 ὕῖϐ.
