4198 6440
748 405 814 472 31
1909 406 1989 466 ΙΝ
2024 402 2549 464 AMPHILOCHIA
2587 405 2849 465 PHOTII
3919 411 3995 478 33

751 538 890 594 opus
917 518 1124 572 varirrm
1160 526 1214 570 et
1236 514 1521 586 multiplici
1554 514 1856 569 eruditione
1887 515 2127 585 plenum,
2160 517 2313 569 tlreo-
2343 523 2392 580 Α
2423 531 2545 582 quze
2575 533 2681 570 non
2714 518 2998 574 librarium
3043 520 3417 575 tantummodo
3443 521 3713 577 diversum
3749 522 3992 585 exhibet,

753 615 890 684 logis
919 627 982 665 ac
1033 609 1323 678 Scriptura.-
1355 608 1743 675 interpretibus
1783 609 2022 661 maxime
2069 622 2322 662 necessa-

2427 622 2616 660 verum
2664 609 2824 662 etiam
2879 612 3134 679 supinum
3190 611 3470 680 Graecique
3511 614 3779 668 sermonis
3825 630 3994 684 prope

756 709 897 759 riunt
935 722 948 755 :
993 699 1136 771 quod
1179 713 1278 767 ego
1333 697 1636 753 doctissimi
1695 698 1877 752 Allatii
1929 699 1996 753 de
2057 697 2325 754 I‘hotiano
2424 698 2698 768 iguaru.
2750 701 2896 770 gitur
2939 701 3269 755 exscribenti
3313 702 3442 755 mihi
3484 703 3841 771 quaestionem
3874 707 3995 774 pri-

756 797 963 864 sci-ipto
1023 792 1328 860 judicium.
1385 791 1648 844 neoterici
1701 791 1878 844 critici
1935 790 2328 846 malevolentia:

757 886 911 938 valde
958 880 1222 936 autefero.
1269 879 1411 933 Ideru
1447 880 1678 934 Allatius
1739 896 1838 934 nos
1875 879 2059 934 docuit
2088 881 2156 935 de
2195 897 2331 951 prte-

759 981 906 1031 claro
938 976 1422 1044 Amphilochiartmt
1451 974 1634 1026 codice
1664 972 1944 1037 Vaticano,
1973 972 2191 1028 Urbano
2217 972 2327 1027 VIII

759 1069 1009 1136 pouttlice
1040 1066 1277 1119 maximo
1309 1079 1338 1117 e
1372 1063 1566 1117 Lollirri
1605 1063 1826 1118 Feltr'ini
1854 1066 2087 1132 episcopi
2131 1065 2328 1118 biblio-

760 1165 915 1215 theca
963 1161 1014 1211 iu
1065 1156 1379 1210 Vaticauam
1427 1158 1698 1225 migravit.
1749 1157 2102 1210 l-.sistiruabat
2148 1166 2327 1210 autem

759 1253 987 1306 Allatius
1024 1251 1243 1302 unicum
1290 1263 1414 1301 esse
1462 1248 1946 1316 Ampluloclriaram
1986 1248 2132 1303 hunc
2178 1247 2327 1300 codi-

759 1359 899 1403 cem,
933 1341 1149 1406 derupto
1192 1335 1573 1405 Neapolitano,
1620 1338 1686 1390 de
1727 1352 1837 1404 quo
1883 1353 2007 1390 mox
2059 1339 2328 1399 dicemus.

762 1434 1083 1501 fragutento.
1138 1429 1328 1483 Postea
1381 1439 1559 1480 tamen
1597 1429 1802 1496 aliquot
1834 1429 1922 1482 alii
1955 1430 2327 1490 innatuerunt,

761 1538 783 1570 κ
796 1523 923 1575 etuti
940 1519 1291 1572 'l'auriueusis
1306 1516 1504 1586 Regius
1521 1519 1579 1571 51
1603 1519 1700 1588 (2);
1722 1518 2088 1574 Coisliniauus
2104 1521 2209 1576 270
2230 1523 2328 1589 (3);

761 1613 1106 1667 (lolbertiuus
1155 1609 1262 1663 4H
1306 1611 1539 1678 priscos,
1591 1619 1649 1663 ut
1687 1611 1860 1672 aiunt.
1909 1612 2092 1666 διαιιί
2130 1628 2207 1673 ιι.
2240 1613 2332 1680 qui

765 1719 909 1758 nunc
942 1713 1024 1756 est
1062 1701 1261 1770 Regius
1309 1701 1616 1754 Parisiacus
1662 1701 1798 1755 1577
1844 1703 1958 1772 (ι);
2006 1703 2333 1758 Sevinianus

765 1811 952 1851 recens
982 1793 1313 1854 Parisiacus,
1361 1792 1555 1846 deinde
1585 1803 1638 1845 et
1677 1793 1792 1862 ipse
1819 1792 2018 1864 Regius
2043 1795 2142 1864 (5).
2185 1794 2334 1849 Mitto

765 1886 1142 1956 apograpbum
1185 1899 1216 1937 e
1249 1884 1507 1936 \‘aticauo
1542 1883 1609 1936 ab
1653 1885 1891 1938 Arcadio
1940 1885 2067 1938 olim
2107 1899 2332 1953 expres-

771 1995 918 2041 sum,
946 1979 1010 2032 de
1059 1994 1168 2046 quo
1213 1976 1444 2030 Allatius
1495 1976 1612 2029 loco
1648 1977 1900 2044 praedicto
1940 1994 1952 2030 :
2005 1979 2159 2030 mitto
2205 1979 2333 2031 item

768 2070 1138 2140 apographum
1200 2087 1228 2123 a
1278 2074 1574 2125 tiamusato
1620 2083 1866 2124 curatura
1921 2085 1952 2122 e
1999 2072 2336 2124 Coisliniano

766 2179 877 2232 quo
901 2161 1132 2217 Wollius
1173 2178 1314 2217 usrrs
1337 2174 1415 2216 est
1450 2166 1531 2232 (ti)
1567 2181 1579 2216 :
1612 2165 1766 2215 rrrittu
1795 2162 2028 2226 denique
2067 2160 2338 2214 Miscellos

766 2255 1101 2308 diversarum
1136 2254 1585 2307 bibliothecarum
1615 2253 1850 2314 codices,
1886 2253 1936 2305 iu
1968 2252 2167 2320 quibus
2205 2267 2337 2321 ope-

772 2346 845 2398 ris
876 2345 1157 2413 particula!
1195 2345 1402 2410 aliquot
1442 2344 1646 2408 insunt,
1691 2343 1852 2395 veluti
1904 2338 2148 2396 Tilianus
2177 2341 2338 2394 Corn-

769 2435 940 2488 Ilt'IIaII
975 2434 1088 2504 (7);
1139 2434 1433 2488 Bavaricus
1473 2449 1504 2487 a
1550 2432 1742 2487 Woltlo
1788 2433 2160 2500 Andresioque
2192 2447 2339 2485 corm-

771 2537 1103 2579 nrernoratus
1135 2528 1251 2596 (8);
1304 2524 1741 2579 Vindobouensis
1781 2523 1851 2578 29
1883 2523 1980 2592 (9),
2027 2525 2078 2576 in
2110 2538 2220 2592 quo
2254 2532 2339 2575 est

771 2615 951 2670 I‘lrotii
1003 2619 1256 2686 synopsis
1317 2618 1718 2686 categoriarum
1777 2615 2112 2676 Aristotelis,
2172 2630 2335 2684 quam

773 2707 1019 2760 nonnulli
1055 2709 1215 2775 (quos
1247 2708 1387 2761 inter
1415 2707 1668 2773 Cavmus)
1712 2705 1779 2760 ab
1814 2705 2189 2773 Arnplriloclrr'r's
2240 2705 2341 2757 iur-

773 2805 967 2854 merito
1021 2802 1394 2870 distinguunt:
1434 2802 1670 2870 denique
1708 2811 1760 2854 et
1806 2798 2047 2853 Vaticani
2093 2799 2336 2852 nonnulli

770 2893 986 2945 codices
1017 2893 1316 2961 fragmenta
1349 2893 1558 2960 aliquot
1587 2891 2068 2959 Amplriloclrr'orrrm
2111 2889 2339 2944 fortuito

771 2983 1050 3035 continent
1105 2985 1155 3035 in
1199 2982 1503 3038 Miscellis:
1555 2983 1620 3037 de
1676 2984 1873 3052 quibus
1916 2983 2170 3035 omnibus
2222 2981 2340 3034 sive

776 3073 1086 3141 longinquis
1117 3075 1229 3127 sive
1259 3075 1423 3127 etiarn
1471 3073 1732 3127 Romanis
1772 3088 1960 3141 parum
2016 3073 2145 3125 mihi
2189 3073 2340 3126 laho-

2429 804 2569 843 mam
2621 791 3152 861 Amphiloclriauam,
3207 793 3272 844 ad
3323 801 3502 846 vetera
3551 792 3640 846 illa
3689 792 3993 861 fragmenta

2428 883 2827 952 respiciendum
2877 898 2984 937 non
3025 884 3191 937 semel
3245 883 3342 936 fuit
3403 885 3546 952 (qua:
3601 885 3655 937 in
3715 885 3996 938 volumine

2427 983 2746 1030 conservata
2763 976 2873 1044 jam
2908 975 3066 1042 dixi),
3114 986 3173 1029 ut
3219 976 3422 1029 librarii
3464 976 3586 1031 novi
3633 978 3846 1031 merulis
3871 993 3998 1046 gra-

2431 1070 2665 1124 vissimis
2693 1070 3015 1122 medicinam
3050 1068 3302 1127 facerem.
3335 1084 3561 1136 meaque
3593 1069 3830 1122 editione
3853 1070 3992 1121 hanc

2431 1162 2604 1215 labent
2643 1161 3011 1215 excluderem.
3042 1160 3223 1222 Codex
3266 1175 3394 1228 ergo
3446 1156 3737 1215 Vaticanus
3789 1160 3996 1229 plenis-

2430 1250 2603 1304 simus
2641 1246 2979 1313 Qua-stiones
3025 1247 3506 1314 Arnpbilochianas
3557 1247 3662 1301 3l5
3725 1248 3993 1301 cerrtinet.

2433 1336 2564 1389 Iixiu
2597 1336 2650 1388 irt
2669 1336 2858 1390 codice
2884 1345 3190 1404 sequuntur
3213 1336 3314 1388 alia
3359 1336 3540 1390 Plrotii
3573 1333 3786 1405 Opera;
3826 1337 3995 1390 niuri-

2431 1443 2551 1482 rum
2589 1427 2659 1496 l.)
2691 1425 2930 1481 Irreditus
2961 1437 3015 1481 et
3042 1428 3374 1482 acatbolicus
3395 1428 3464 1482 de
3491 1429 3723 1497 Spiritus
3753 1429 3928 1482 sancti
3965 1448 3995 1482 a

2432 1521 2548 1574 solo
2580 1518 2737 1572 Patre
2776 1520 3122 1588 processioue
3165 1519 3323 1579 liber.
3359 1520 3426 1573 de
3463 1535 3572 1588 quo
3610 1535 3713 1574 nos
3744 1521 3886 1574 intra
3914 1524 3998 1574 lo-

2433 1628 2684 1682 quemur.
2719 1613 2799 1682 2.)
2841 1612 2995 1668 Alius
3027 1613 3094 1666 de
3132 1611 3321 1666 eodem
3361 1623 3682 1682 argumento
3718 1612 3900 1668 Plrotii
3934 1616 3998 1667 li-

2435 1704 2627 1764 bellus,
2659 1717 2852 1771 uerupe
2883 1704 2998 1773 ipsa
3029 1704 3267 1758 secunda
3302 1703 3553 1772 epistola.
3597 1718 3720 1773 quae
3760 1703 3815 1757 in
3845 1704 3999 1757 Hon-

2439 1797 2623 1851 tacutii
2672 1795 2911 1850 editione
2963 1795 3221 1859 occurrit,
3265 1795 3355 1850 hic
3411 1805 3592 1849 autem
3644 1810 3786 1850 novo
3840 1797 3999 1850 titulo

2436 1889 2766 1944 instruitur:
2805 1887 2999 1958 Ἑτέρα.
3039 1887 3249 1950 ἔκδοσις
3295 1887 3423 1957 περὶ
3476 1885 3571 1939 τοῦ
3635 1887 3793 1954 ἁγίου
3822 1886 3998 1940 [luo-

2438 1998 2622 2051 ματος·
2641 1979 2884 2048 Ἐξιδόοη
2910 1980 2968 2032 ὲν
2996 1977 3074 2048 τῷ
3099 1977 3473 2049 πατριαρχείῳ
3505 1975 3642 2046 μετὰ
3665 1979 3763 2048 τὴν
3800 1980 3999 2031 tumea

2434 2073 2522 2124 δον
2549 2072 2647 2140 τῆς
2669 2070 2881 2138 ἑξορίας
2905 2086 2920 2134 ;
2949 2069 3183 2137 scriptus
3209 2070 3464 2122 rnmirum
3498 2083 3527 2122 a
3563 2066 3757 2123 Pbotio
3783 2067 4000 2124 libellus

2441 2173 2561 2232 post
2589 2163 2818 2216 reditum
2844 2161 2912 2215 ab
2941 2161 3157 2215 exsilio.
3192 2161 3272 2227 3.)
3305 2159 3544 2214 Estrerri
3573 2160 3629 2214 in
3659 2161 3849 2214 codice
3873 2172 4002 2213 sunt

2438 2255 2556 2308 libri
2584 2253 2761 2306 Pbutii
2805 2264 3041 2322 quatuor
3079 2252 3341 2306 adversus
3374 2250 3722 2315 Manichaaos,
3764 2269 3999 2322 quorum

2439 2347 2671 2414 primunt
2732 2343 3165 2399 Montl‘auconius
3209 2359 3240 2398 e
3289 2346 3473 2400 codice
3500 2343 3835 2400 Coisliniauo
3863 2346 4001 2412 (ll),

2438 2447 2548 2492 tres
2594 2438 2830 2507 reliquos
2872 2437 3102 2492 Wollius
3156 2438 3325 2491 edidit
3375 2435 3484 2504 (12)
3533 2452 3599 2490 ex
3650 2433 4002 2489 Holsteniano

2439 2529 2642 2595 codice,
2674 2545 2834 2599 quem
2886 2545 2917 2584 a
2960 2529 3220 2584 Vaticano
3279 2539 3466 2583 nostro
3521 2527 3691 2583 fuisse
3743 2527 4000 2584 haustum

2440 2623 2750 2689 suspicatur
2783 2621 3085 2675 rectissime
3127 2622 3326 2685 editor,
3374 2635 3474 2690 ego
3516 2635 3643 2675 vero
3680 2622 3865 2675 nullus
3903 2625 4002 2674 du-

2440 2709 2571 2772 bito,
2628 2710 3068 2778 quandoquidem
3121 2711 3285 2764 etiam
3333 2708 3600 2770 clausula,
3645 2725 3765 2776 qua:
3808 2709 4002 2762 Wollin

2441 2800 2751 2869 imperfecta
2779 2801 3013 2865 videtur,
3067 2816 3174 2853 non
3228 2800 3332 2853 alia
3377 2801 3430 2852 irt
3481 2799 3668 2853 codice
3717 2797 4001 2862 Vaticano,

2438 2905 2600 2959 quant
2638 2890 2689 2942 in
2717 2889 2896 2944 Woltii
2927 2891 3168 2945 editione
3197 2900 3302 2945 est.

2510 2980 2572 3034 ΙΙ.
2637 2981 2773 3036 Pars
2841 2983 3323 3050 Ampltr'locltiorum
3389 2981 3606 3034 antehac
3645 2981 3810 3036 edita.
3864 2980 4001 3035 Curu

2442 3075 2623 3140 plures
2652 3074 2815 3142 igitur
2840 3084 3117 3127 exstarent
3147 3076 3200 3126 iu
3231 3075 3463 3142 Europa:
3501 3074 3841 3128 bibliothecis
3875 3079 3994 3126 Am-

778 3164 1005 3215 randum
1041 3173 1143 3227 cst,
1173 3165 1266 3232 qui
1320 3166 1466 3216 nulla
1518 3165 1711 3216 horum
1755 3177 1858 3229 ope
1909 3177 2061 3230 egeo,
2095 3162 2340 3229 quando-
2370 3181 2411 3235 η
2442 3162 2816 3229 plrilacltioram
2846 3163 3080 3226 codices,
3109 3165 3313 3230 primus
3348 3162 3672 3218 Francrscus
3703 3161 4004 3216 Turriauus

775 3256 996 3310 cuidem
1043 3253 1364 3308 Vaticanum
1401 3270 1561 3322 quem
1610 3269 1773 3323 supra
1810 3253 1917 3306 dixi
1971 3255 2344 3322 plenissimum

781 3347 974 3399 habeo.
1030 3345 1125 3398 Est
1173 3355 1351 3399 autem
1402 3345 1485 3399 hic
1542 3345 1898 3414 bombycinus
1944 3343 2118 3397 in-l‘ol.
2167 3345 2346 3396 saculi

789 3436 960 3490 ferme
1003 3452 1118 3497 λιιι,
1154 3435 1339 3490 Cra-ca
1390 3452 1553 3488 manu
1599 3436 1871 3503 eleganter
1914 3437 2169 3502 scriptus.
2208 3432 2346 3487 Olim

786 3540 968 3582 tamen
1012 3529 1137 3581 huic
1176 3527 1352 3580 codici
1418 3527 1616 3580 damna
1666 3529 1773 3578 duo
1821 3527 2191 3594 contigerant;
2243 3528 2351 3594 pri-

787 3639 827 3674 ιι.
848 3637 934 3674 um
969 3621 1110 3687 quod
1139 3619 1257 3686 ejus
1289 3617 1416 3671 folia
1459 3619 1527 3670 ab
1570 3619 1766 3671 inscito
1804 3618 2106 3687 bibliopego
2139 3629 2350 3684 pertur-

781 3710 905 3762 bata
935 3708 1206 3776 susdeque
1255 3707 1500 3770 fuerant;
1534 3707 1728 3758 iterum
1770 3709 1909 3774 qtrod
1965 3708 2081 3774 ejus
2115 3709 2346 3762 Iudicem

783 3803 1127 3869 primumque
1154 3799 1334 3866 operis
1366 3797 1554 3850 folzuut
1591 3797 1770 3850 blattre
1810 3806 1902 3849 aut
1933 3799 2120 3850 mador
2153 3802 2346 3866 partim

782 3899 1180 3959 corruperant:
1226 3903 1349 3941 mox
1402 3898 1578 3941 tarrren
1632 3888 1824 3940 doctus
1876 3889 2071 3954 aliquis
2114 3892 2349 3944 mater-ite

783 3982 1026 4034 Ordinem
1063 3979 1410 4041 instauravit,
1463 3979 1516 4032 in
1565 3979 1907 4046 marginibus
1951 3979 2197 4032 scribens
2243 3997 2348 4047 qua

781 4073 1038 4140 quodque
1085 4070 1271 4122 folium
1320 4070 1444 4122 sede
1489 4079 1636 4123 esset
1667 4069 2038 4122 collocandum
2074 4089 2085 4122 :
2123 4083 2230 4122 tum
2275 4071 2347 4124 illi

783 4163 939 4215 initio
985 4161 1354 4229 pessumduto,
1402 4176 1505 4229 ope
1551 4161 1776 4213 alterius
1823 4161 2167 4228 cxcnrplaris,
2225 4178 2350 4230 sup-

784 4260 1116 4325 plementum
1165 4253 1291 4305 l'ccit
1343 4254 1542 4306 recenti
1593 4268 1778 4316 manu,
1835 4252 1887 4304 in
1923 4252 2127 4319 vulgari
2162 4252 2345 4304 charta

783 4347 1047 4413 scriptum
1082 4360 1096 4396 :
1133 4344 1212 4397 sic
1247 4355 1424 4395 tamen
1463 4353 1520 4396 ut
1565 4353 1806 4396 veterum
1840 4358 2054 4412 quoque
2094 4344 2344 4397 foliorum

785 4439 1008 4491 lacinias
1039 4438 1262 4490 seorsiur
1304 4436 1356 4487 iu
1385 4436 1656 4488 voluruiue
1693 4435 2090 4488 conservandos
2125 4451 2349 4488 curave-

2450 3255 2506 3310 S.
2532 3253 2581 3308 J.
2612 3271 2642 3308 e
2677 3253 2935 3309 Bavarico
2995 3256 3180 3308 codice
3218 3255 3694 3322 Amphilochiauas
3734 3269 3826 3308 sex
3865 3271 4009 3323 qua.-

2449 3346 2650 3400 stiones
2682 3347 3191 3415 iuterpretatusest;
3227 3360 3428 3411 eaSque
3456 3344 3673 3399 Carrisio
3698 3360 3841 3397 anno
3875 3344 4005 3396 um

2449 3436 2501 3489 itr
2547 3437 2893 3505 Antiquarum
2947 3435 3250 3490 Lectionum
3302 3438 3506 3507 sylloge
3555 3435 3746 3488 Latine
3793 3447 4001 3488 tanturn

2447 3528 2681 3583 edendas
2721 3530 2991 3583 concessit
3023 3529 3154 3598 (l5).
3192 3528 3280 3582 Ea:
3331 3538 3459 3581 sunt
3506 3529 3557 3580 iu
3610 3526 3870 3581 Vaticano
3912 3544 4006 3580 eo-

2448 3621 2564 3673 dice
2592 3619 2715 3686 180,
2742 3620 2865 3686 181,
2893 3620 3014 3686 ιω,
3041 3621 3163 3683 185,
3197 3620 3330 3684 I86;
3359 3637 3480 3673 nam
3506 3618 3751 3672 Turriani
3777 3635 4002 3686 primaut

2451 3713 2503 3764 irt
2546 3713 2728 3766 codice
2781 3728 2885 3764 nou
2939 3713 3187 3776 invenio;
3224 3729 3393 3780 quare
3432 3723 3487 3765 et
3531 3711 3828 3778 Basnagius
3881 3728 4004 3763 curn

2448 3816 2591 3854 anno
2630 3801 2767 3853 1725
2791 3799 3067 3854 Canisium
3097 3811 3381 3870 repeteret,
3434 3811 3487 3853 et
3513 3800 3754 3853 Cra-curn
3784 3810 4010 3852 cactera~

2452 3909 2570 3946 rurrt
2623 3902 2824 3945 textum
2861 3891 3042 3946 ederet
3075 3893 3206 3961 (11),
3245 3891 3472 3960 prinrarn
3525 3893 3712 3943 Latine
3763 3901 4007 3942 tanturno

2448 3984 2608 4035 nrodo
2629 3985 2825 4051 posuit,
2850 3984 2974 4051 quia
3004 3982 3188 4036 Graece
3210 3998 3319 4035 non
3350 3982 3559 4035 habuit.
3591 3980 3758 4034 Porro
3782 3981 4007 4034 'I'urria-

2450 4089 2551 4127 nus
2569 4074 2693 4125 alibi
2712 4087 2925 4141 quoque
2938 4072 3291 4139 Amphilochia
3314 4081 3719 4132 memoraverat,
3738 4086 3926 4139 nempe
3943 4073 4007 4123 ad

2451 4163 2621 4230 Epist.
2647 4171 2789 4230 rant.
2812 4161 3008 4232 p.124,
3037 4161 3158 4221 165,
3178 4162 3242 4214 ad
3267 4159 3446 4214 Const.
3476 4177 3562 4227 ap.
3585 4176 3698 4223 vrri,
3716 4161 3770 4225 6,
3798 4160 3871 4211 De
3891 4159 4005 4227 jar.

2448 4259 2561 4310 0rd.
2586 4275 2635 4326 p.
2661 4257 2789 4315 155;
2813 4257 2958 4325 quod
2976 4255 3674 4322 eruditijarrnliudixerunt.
3702 4254 4009 4307 l’osttjani-

2447 4350 2584 4402 sium
2601 4365 2740 4401 anno
2759 4347 2888 4401 1616
2901 4346 3090 4399 Petrus
3107 4345 3418 4400 Stcwartius
3435 4342 3548 4398 SJ.
3566 4344 3820 4412 prolixam
3837 4344 4006 4398 Plrotii

2449 4437 2950 4506 Anrplrilochianarn
2987 4436 3054 4490 de
3089 4435 3290 4489 Christi
3341 4435 3703 4488 voluntatibus
3744 4436 4010 4504 guornicis

785 4532 877 4592 rit,
915 4545 1015 4582 nec
1049 4529 1346 4596 quidquam
1382 4527 1580 4579 veteris
1621 4527 1902 4594 srripturre
1949 4527 2120 4594 perire
2155 4543 2345 4595 passus
2377 4523 2418 4576 ῐ)
2452 4541 2591 4601 (quae
2618 4532 2670 4582 iu
2696 4531 2812 4583 cod.
2838 4527 2953 4581 Vat.
2982 4525 4010 4595 estoctogesima)eodemTurriauoiu-

784 4624 875 4672 sit.
911 4617 1202 4672 Instaurati
1232 4617 1434 4670 codicis
1462 4617 1712 4668 meritum
1735 4617 2032 4671 Andresius
2061 4618 2171 4684 (l0)
2196 4618 2341 4670 Alla-

785 4722 860 4761 t.o
895 4708 1102 4761 tribuit.
1154 4706 1286 4759 Illud
1340 4716 1517 4758 tarucrr
1576 4705 1868 4760 falsissime
1921 4721 1950 4758 a
2006 4708 2189 4761 nescio
2239 4724 2346 4774 quo

785 4805 1015 4856 relatore
1051 4803 1252 4856 dictum
1299 4801 1564 4852 Andresio
1593 4800 1710 4862 fuit,
1741 4802 1970 4854 recentia
1996 4802 2199 4854 scilicet
2237 4806 2345 4854 haec

789 4896 1168 4964 Supplementa
1208 4894 1460 4945 Allatiuru
1495 4907 1653 4944 manu
1683 4909 1777 4946 sua
1803 4895 2228 4962 tonscripsisse:
2267 4905 2348 4947 est

787 5003 930 5038 ι·ιιιιιι
984 4986 1112 5037 mihi
1157 4987 1424 5052 vngOque
1481 4983 1761 5036 notissima
1812 4983 1987 5035 Allatii
2047 4999 2262 5046 ruarrus,
2316 4999 2345 5036 a

788 5077 943 5144 Cujus
968 5075 1143 5126 indole
1174 5076 1329 5140 longe
1356 5072 1508 5124 abest
1538 5071 2032 5140 supplctneutorum
2063 5071 2348 5138 scriptura,

858 5245 935 5312 (2)
976 5243 1212 5308 (Iatalog.
1240 5257 1303 5312 pl
1322 5239 1443 5294 108.

969 5307 1419 5382 Morrtlaittﬁjlibl.
1459 5312 1620 5367 Coisl.
1651 5307 1860 5382 ""325.

862 5377 936 5450 (ι’)
974 5384 1205 5434 Coleler'.
1248 5381 1481 5435 Monum.
1516 5397 1640 5435 lout‘
1683 5377 1768 5438 III,
1795 5377 1997 5450 [5556,
2021 5383 2072 5431 et
2105 5378 2349 5447 Catalog.

789 5448 921 5508 tntis.
958 5453 1085 5520 Ileg.
1123 5452 1291 5504 I’arrs.
1324 5451 1417 5504 (ἓν.
1443 5465 1570 5506 ιυιιι.
1611 5450 1675 5511 II,
1704 5448 1900 5520 p.259.

865 5526 940 5588 (5)
973 5518 1260 5574 Muntlauc.
1296 5522 1431 5573 Urbi.
1479 5542 1598 5574 nus.
1638 5538 1687 5588 p.
1726 5518 1878 5570 1051.

858 5599 933 5662 (ti)
967 5595 1118 5645 I'r'ael'.
1151 5595 1212 5642 ad
1247 5593 1371 5642 (ἔπιθ’.
1411 5595 1657 5659 plrilolug.
1687 5602 1817 5662 tom.
1853 5588 1942 5651 III,
1971 5603 2020 5652 p.
2055 5589 2106 5641 7.

867 5659 940 5729 (7)
975 5663 1104 5714 lliltl.
1134 5679 1276 5714 Contr.
1322 5673 1452 5715 torri.
1490 5664 1528 5724 I,
1566 5659 1718 5712 l’rur-I.
1751 5676 1799 5725 μ.
1832 5674 2060 5710 xxxvut.

864 5737 937 5798 (tl)
973 5732 1132 5782 Wolf.
1194 5732 1346 5784 l'rtcl.
1394 5750 1444 5800 p.
1504 5751 1563 5798 γ,
1618 5729 1783 5783 Andr.
1829 5732 2096 5796 llt'OtIl'Ulll.
2133 5728 2196 5780 ad
2228 5741 2356 5781 mss.

794 5802 955 5874 Neap.
985 5820 1033 5870 ιι.
1077 5806 1161 5855 81.

2447 4633 2675 4692 terprete
2691 4621 2978 4690 edidit(15)
2999 4621 3182 4685 ;cujus
3200 4617 3441 4673 Graccuru
3458 4619 3645 4672 deinde
3658 4629 3859 4671 textum
3879 4617 4009 4672 Bas-

2448 4715 2636 4783 nagius
2668 4713 3031 4781 suppeditavit
3058 4710 3194 4779 (16).
3241 4710 3359 4763 Janr
3398 4711 3526 4777 quia
3559 4708 3809 4761 Curtisius
3847 4717 4008 4775 atque

2449 4806 2766 4859 Stewartius
2792 4805 3119 4873 quaestiones
3147 4803 3244 4856 bas
3274 4805 3375 4855 sub
3417 4800 3590 4853 I’Itotii
3626 4800 3863 4868 quidem,
3902 4815 4005 4851 non

2446 4907 2624 4951 tarneu
2681 4895 3194 4963 Amplrilochiorum,
3252 4891 3471 4944 nomine
3527 4891 3828 4950 ediderunt,
3889 4888 4010 4940 hinc

2448 4989 2642 5040 accidit
2668 4997 2726 5040 ut
2746 4986 2838 5055 qui
2861 4985 3054 5038 eruditi
3083 4984 3333 5050 deinceps
3357 4982 3423 5033 de.
3453 4979 3822 5047 Amphilochus
3850 4979 4006 5032 verba

2451 5080 2712 5142 fecerunt,
2750 5080 2784 5132 ii
2823 5077 3198 5146 pra-dictarunt
3227 5085 3428 5143 scptcru
3473 5075 3759 5127 editionem
3803 5073 4006 5125 nescire

2527 5236 2597 5303 (9)
2627 5234 2876 5287 Lambec.
2910 5245 2950 5286 t.
2984 5230 3094 5303 VII.
3125 5247 3178 5299 p.
3207 5230 3327 5285 HG.

2526 5302 2633 5372 (10)
2663 5305 2940 5358 Prodrom.
2967 5319 3019 5372 p.
3059 5302 3147 5354 85.

2527 5377 2636 5443 (11)
2669 5374 2802 5426 Bibl.
2832 5371 2976 5426 coisl.
3012 5388 3067 5443 p._
3090 5371 3298 5443 549‘sq.

2525 5441 2632 5512 (12)
2668 5445 2855 5497 Anecd.
2886 5456 3014 5497 torn.
3053 5441 3070 5492 Ι
3098 5454 3153 5512 et
3177 5441 3239 5493 ll.

2527 5509 2636 5584 (l5)
2668 5515 2762 5584 liti.
2794 5525 2901 5566 vel.
2935 5523 3065 5564 toru.
3097 5511 3159 5575 ν,
3188 5530 3236 5580 p.
3264 5509 3545 5584 18§_Vseqq.

2528 5579 2640 5649 (14)
2671 5583 2822 5635 Tum.
2854 5584 2919 5646 II,
2950 5594 3085 5649 part.
3125 5579 3265 5649 rt,p.
3291 5579 3414 5631 4'20.

2531 5655 2639 5720 (15)
2673 5655 2883 5705 Auctor.
2923 5670 2970 5719 p.
3005 5652 3126 5705 457.

2532 5719 2638 5777 ’16)
2675 5726 2826 5777 'l‘oai.
2855 5724 2917 5788 ll,
2950 5731 3088 5790 part.
3118 5739 3173 5785 Il,
3201 5737 3250 5789 p.
3277 5719 3399 5772 439.
