4198 6440
210 474 283 540 33
1558 459 2139 525 PROLEGOMENA-
3401 457 3473 522 3;

215 588 541 651 videantur;
585 596 822 655 quorum
869 582 922 635 in
964 592 1195 635 numero
1230 586 1362 634 sunt
1410 575 1799 641 Combetlsius,
1830 582 1873 636 Α
1906 574 2011 629 tuit
2054 573 2165 646 (t9)
2200 591 2214 629 :
2244 583 2493 643 superest
2534 573 2699 644 igitur
2738 581 2797 628 ιιι
2839 570 3280 629 ﬂantum-oni",
3328 574 3469 629 καί-

213 682 470 743 Allatins,
504 675 962 737 Iontfauconlus,
993 672 1249 737 Wolllus,
1297 669 1641 732 Gallandius,
1675 671 1791 722 An-

212 772 455 835 dresius,
502 768 748 823 Scottus.
790 765 948 821 Unus
999 763 1231 818 fortasse
1277 760 1564 817 Fabricius
1610 760 1663 814 in
1695 759 1792 815 Gr.

214 863 541 917 bibliotheca
587 857 993 913 lucubrationes
1042 856 1163 908 illas
1196 854 1262 908 ad
1303 851 1795 922 ampbilochiorum

214 955 458 1030 syllogen
545 950 819 1020 pertinere
914 946 1227 1016 suspicatus
1330 953 1435 999 est.
1517 941 1795 996 Petavlum

213 1045 452 1112 denique
506 1042 685 1111 ipsum
739 1037 941 1103 miror,
1008 1036 1103 1105 qui
1171 1049 1297 1088 cum
1362 1034 1417 1087 in
1478 1031 1652 1102 Opere
1699 1046 1801 1085 suo

216 1134 520 1203 theologico
562 1130 676 1201 (17)
729 1130 797 1184 de
859 1127 1237 1183 monothelitls
1298 1125 1487 1179 tanditt
1543 1124 1799 1187 disserat,

216 1226 396 1279 Photii
442 1233 621 1278 tamen
675 1220 1014 1292 Opusculum
1057 1220 1121 1274 de
1176 1216 1543 1273 voluntatibus
1596 1215 1803 1269 Christi

214 1315 494 1385 gnomicis,
544 1312 689 1382 quod
740 1312 861 1380 ejus
910 1317 1233 1382 argumento
1292 1306 1800 1363 commodissimum

216 1416 357 1469 erat,
388 1406 603 1477 penitus
634 1404 986 1474 ignoraverit,
1031 1410 1109 1455 tot
1160 1401 1288 1455 licet
1331 1408 1460 1454 ante
1507 1414 1683 1453 annos
1730 1398 1800 1453 ab

216 1500 338 1565 ejus
364 1496 643 1552 sodalibus
674 1504 729 1549 el
764 1493 1017 1547 Latinum
1064 1491 1271 1547 factum
1305 1502 1361 1545 et
1401 1490 1627 1543 editum.
1669 1485 1806 1542 Ter-

219 1592 331 1643 tius
374 1587 881 1657 Amphilochiorum
916 1585 1095 1637 editor
1144 1580 1512 1637 Combcllsius
1558 1590 1665 1642 est,
1708 1578 1803 1648 qui

219 1696 369 1734 anno
398 1679 536 1735 ιθιι
554 1694 586 1734 ε
614 1677 899 1734 Gallicano
920 1674 1045 1729 Tilii
1077 1673 1268 1729 codice
1291 1670 1802 1741 Amphilochianam

218 1774 579 1842 ansliouem
610 1770 837 1839 protulit
882 1777 1071 1822 contra
1105 1765 1429 1834 ubiquistas,
1461 1778 1583 1832 quae
1606 1762 1658 1815 in
1702 1761 1805 1815 Va-

1896 666 2238 735 ptiunculam
2270 665 2338 720 de
2387 664 2609 736 Sihyllis
2648 664 2860 735 primus
2911 664 3217 733 protulerit.
3274 662 3470 719 Utrum

1897 759 2149 825 quintum
2167 758 2671 828 Amphilochiorum
2693 757 2960 812 editorem
2981 754 3252 825 Spierium
3268 757 3473 824 dicam,

1900 851 2045 905 haud
2085 850 2219 905 satis
2250 850 2393 915 seio;
2422 858 2476 903 et
2506 851 2702 905 merito
2755 848 2807 904 id
2854 848 3065 903 dubito.
3116 847 3252 903 Nam
3290 847 3474 903 Theo-

1902 937 2082 1008 philus
2111 938 2329 1007 quidem
2376 935 2659 991 HarIesius
2700 938 2867 992 semel
2896 948 2951 992 et
2992 938 3189 993 iterum
3230 938 3305 993 ait
3358 940 3473 1007 (20)

1901 1046 1919 1079 ‹
1962 1027 2177 1082 .Iustum
2235 1027 2505 1097 Spierium
2554 1043 2698 1082 anno
2752 1028 2893 1083 1758
2941 1028 3180 1097 quodam
3232 1030 3286 1084 in
3335 1030 3477 1085 libro

1902 1117 2225 1173 Germanica
2272 1121 2453 1187 lingua
2487 1120 2689 1189 scripto
2734 1120 2951 1173 dedisse
2988 1120 3365 1176 adnotationes
3409 1123 3477 1176 ad

1907 1210 2081 1264 Photii
2107 1212 2501 1281 Amphilochia,
2529 1221 2584 1263 et
2620 1212 2673 1263 in
2706 1210 2811 1264 fine
2839 1211 3085 1277 quaedam
3114 1226 3180 1265 ex
3223 1212 3307 1267 his
3354 1214 3480 1265 Am-

1905 1302 2183 1369 philochiis
2209 1304 2448 1355 nondum
2490 1303 2655 1357 edita.
2699 1321 2717 1353 ι
2751 1301 2869 1355 Jam
2903 1318 3034 1357 vero
3070 1303 3200 1373 quid
3234 1303 3481 1374 Spierius

1907 1393 1959 1446 in
1986 1408 2053 1447 eo
2081 1392 2408 1447 Germanico
2436 1394 2597 1456 libro,
2627 1409 2739 1463 quo
2763 1409 2924 1447 careo
2952 1397 3214 1463 posuerit,
3246 1399 3430 1453 nescio
3461 1419 3479 1455 ε

1906 1485 1999 1538 sed
2025 1484 2281 1553 quoniam
2310 1485 2470 1540 video
2494 1485 2823 1541 Germanum
2860 1488 3133 1541 hominem
3174 1490 3484 1545 eruditissi-

1906 1589 2056 1627 mum
2108 1572 2366 1628 Wolllum
2423 1576 2660 1631 triennio
2717 1586 2839 1645 post
2891 1576 3089 1645 Spierii
3142 1576 3342 1632 librum
3388 1580 3483 1633 vix

1905 1665 2091 1733 elapso
2132 1665 2611 1733 Amphilochiauas
2649 1668 2979 1737 qnazstiones
3005 1669 3347 1738 depromere,
3391 1671 3482 1725 ni-

1909 1756 2097 1826 hilque
2127 1757 2194 1811 de
2241 1757 2439 1826 Spierii
2486 1760 2657 1821 curis,
2700 1758 2754 1811 in
2792 1757 3114 1814 I'rtefatione
3148 1761 3483 1832 cmteroquin

222 1866 407 1918 ticauo
431 1864 617 1917 codice
656 1860 935 1916 tricesima
970 1867 1162 1912 octava
1205 1866 1307 1910 esl.
1338 1856 1589 1910 Graviter
1621 1862 1803 1907 tamen
1840 1921 1863 1923 ξ
1908 1848 2148 1911 curiosa,
2176 1850 2378 1913 dicere,
2414 1851 2619 1913 nescio,
2668 1851 2913 1919 inquam,
2962 1852 3094 1917 quid
3132 1867 3234 1923 ego
3260 1853 3482 1908 demum

220 1956 427 2008 errat-it
481 1967 590 2007 non
647 1951 922 2005 intellecto
966 1948 1173 2003 codicis
1226 1946 1385 1999 titulo
1420 1944 1803 2007 Combvllsius,
1836 1921 1878 1977 Β
1909 1939 2241 2008 temporibus
2270 1940 2497 2009 locoque
2527 1940 2740 1996 distans
2768 1942 2835 1995 de
2884 1940 3082 2011 Spierii
3129 1921 3293 2012 opere
3330 1944 3483 2013 judi-

223 2046 296 2096 ita
327 2052 386 2095 ut
410 2040 667 2108 scriptam
697 2038 765 2091 ad
793 2034 1233 2105 Amphilochium
1264 2048 1293 2086 a
1318 2031 1513 2085 Photio
1545 2032 1806 2100 quazstio-

226 2148 374 2195 netn,
405 2145 501 2200 pro
542 2127 905 2194 Atnphilochii
938 2128 1141 2194 scripto
1172 2124 1497 2190 vulgaverit.
1546 2123 1653 2177 Sed
1679 2123 1805 2178 dein

221 2223 540 2276 admonitus
570 2220 639 2273 ab
676 2218 872 2271 Allatio
900 2215 1267 2271 Combelisius
1313 2216 1629 2271 retractavit
1656 2230 1809 2270 erro-

227 2326 364 2373 rem,
396 2320 559 2379 atqne
586 2308 811 2361 alteram
852 2306 923 2357 ah
960 2307 1150 2359 eodem
1194 2304 1397 2357 Allatio
1427 2313 1707 2375 acceptam
1738 2304 1807 2359 de

226 2400 461 2456 Asteriis
492 2399 636 2467 (quae
664 2398 715 2449 in
744 2396 871 2450 cod.
904 2394 1022 2447 Vat.
1056 2404 1141 2448 est
1170 2394 1297 2462 3H)
1329 2394 1498 2447 edidit
1533 2392 1811 2463 Amphilo-

224 2493 480 2547 chianam
518 2490 571 2541 in
610 2488 927 2541 Auctarium
966 2487 1209 2551 Patrum,
1240 2486 1447 2555 p.279;
1493 2502 1606 2540 rem
1648 2494 1805 2540 caete.

228 2582 386 2651 roqui
430 2592 537 2634 tant
580 2596 770 2649 parum
808 2580 987 2633 adhuc
1019 2576 1267 2639 edoctus,
1316 2589 1375 2632 ut
1410 2580 1651 2633 scribere
1696 2594 1805 2633 non

226 2672 509 2725 erubuerit
548 2670 821 2734 ambigere
856 2684 913 2722 se
941 2670 1196 2739 quisnam
1229 2670 1320 2724 hic
1354 2667 1585 2723 Photius
1620 2669 1806 2735 fuerit,

228 2762 321 2832 qui
348 2761 414 2815 ad
444 2760 883 2829 Amphilochium
920 2758 1249 2827 quaestiones
1278 2759 1504 2811 miserit.
1527 2757 1813 2828 Ignorahal.

228 2855 441 2909 scilicet
475 2852 853 2915 Cotnbelisins,
887 2867 1007 2920 quae
1035 2850 1264 2904 Allatius
1303 2853 1355 2903 in
1406 2850 1544 2904 libro
1578 2849 1648 2903 De
1681 2866 1810 2904 con-

228 2962 387 2999 sensit
421 2960 575 3011 super
602 2941 985 3010 Amphiloclaiis
1020 2942 1345 3008 scripserat;
1378 2941 1503 3008 quia
1550 2941 1807 2994 nimirum

229 3038 424 3091 eodem
456 3050 601 3089 anno
630 3033 765 3088 1648
794 3043 903 3087 tum
928 3032 1292 3085 Combeftsius
1320 3032 1657 3092 Auctarium,
1694 3039 1809 3085 tum

230 3129 465 3182 Allatins
498 3127 753 3179 volumen
797 3140 956 3177 suum
1001 3122 1076 3177 De
1108 3140 1363 3176 consensu
1402 3124 1811 3191 imprimebant.

1908 2042 2047 2091 sem,
2079 2029 2227 2097 quod
2256 2037 2415 2083 atate
2458 2045 2555 2099 par
2583 2040 2638 2085 et
2678 2031 2731 2084 in
2774 2031 2963 2087 limine
2998 2048 3224 2088 versans
3252 2033 3486 2092 Wolfius

1907 2132 2016 2172 non
2051 2121 2293 2190 agnovit.
2329 2118 2588 2188 Sequitur
2612 2120 2726 2191 jam
2753 2129 2940 2176 sextus
2992 2124 3164 2176 multo
3211 2125 3487 2194 praedictis

1907 2211 2184 2281 c0piosior
2202 2212 2711 2280 Amphilochiorum
2738 2213 2915 2266 editor
2942 2212 3196 2280 Wolﬁus,
3230 2231 3259 2269 a
3286 2233 3396 2285 quo
3428 2217 3482 2272 in

1908 2301 2250 2369 philologicis
2274 2302 2423 2356 curis
2453 2302 2926 2371 Amphilochiame
2964 2305 3299 2374 quaestiones
3343 2323 3489 2377 qua-

1907 2392 2158 2461 draginta
2197 2409 2291 2448 sex
2345 2393 2397 2461 (a
2434 2394 2503 2448 Ἠ
2537 2395 2602 2447 ad
2648 2395 2772 2464 119)
2822 2412 2967 2449 anno
3010 2396 3143 2450 17H
3196 2399 3486 2464 publicata

1910 2482 2170 2549 fuerunt;
2218 2499 2341 2551 qua:
2380 2485 2572 2539 deinde
2629 2500 2774 2539 anno
2818 2485 2958 2540 1779
3012 2487 3065 2539 in
3122 2486 3487 2543 Gallandiaua

1913 2574 2235 2629 Bibliotheca
2262 2567 2303 2629 t.
2348 2574 2483 2635 XIII.
2510 2579 2749 2647 repetita:
2774 2587 2921 2632 sunt.
2952 2580 3019 2634 Et
3043 2581 3263 2648 quidem
3288 2582 3488 2638 adver-

1912 2683 2007 2722 sus
2040 2666 2384 2721 Gallandium
2412 2668 2771 2737 expostulare
2802 2669 3013 2732 liceret,
3045 2686 3145 2725 cur
3174 2682 3363 2726 contra
3400 2672 3488 2727 in-

1912 2760 2162 2813 stitutum
2195 2774 2354 2813 suum
2391 2762 2603 2817 minora
2637 2761 2859 2816 Patrum
2892 2761 3067 2832 Opera
3103 2767 3485 2832 coacervandi,

1911 2853 2238 2921 qurestiones
2288 2868 2317 2907 a
2375 2851 2569 2908 Woltio
2624 2854 2801 2909 editas
2858 2857 3140 2923 receperit,
3204 2858 3488 2927 antiquius

1910 2944 2087 2997 editas
2134 2944 2577 3012 praetermiserit;
2632 2945 2737 2999 nisi
2781 2944 2894 3013 jam
2948 2946 3210 3000 dixissem
3276 2949 3490 3019 ignotas

1913 3030 2198 3085 Gallandio
2244 3033 2413 3087 fuisse
2469 3044 2729 3099 ca-teras,
2775 3035 2826 3088 id
2878 3037 3023 3105 quod
3086 3036 3208 3105 ejus
3270 3053 3493 3107 quoque

1916 3119 2168 3174 Prwl‘atio
2194 3123 2327 3175 satis
2347 3123 2700 3177 demonstrat.
2734 3123 2879 3178 Inter
2908 3140 3004 3180 eos
3047 3125 3139 3195 qui
3171 3126 3239 3182 de
3265 3127 3491 3197 Amphio

230 3219 477 3285 Quartus
560 3216 1045 3286 Amphilocliiurum
1118 3216 1296 3269 editor
1374 3214 1813 3270 Montfauconius
1841 3251 1885 3311 α
1918 3210 2103 3264 lochiis
2146 3212 2432 3282 vulgandis
2469 3212 2687 3268 solliciti
2729 3213 2970 3281 fuerunt,
3011 3218 3292 3287 proximus
3331 3218 3492 3273 nobis

230 3320 317 3364 est
352 3309 485 3376 (18),
527 3310 621 3377 qni
654 3324 798 3361 anno
851 3307 988 3361 1715
1040 3306 1277 3376 vulgavit
1316 3318 1572 3376 quatuor,
1622 3322 1814 3375 nempe

230 3402 300 3453 de
337 3399 566 3453 Ilercule
596 3398 898 3451 Amalthea:
942 3413 1112 3450 cornu
1156 3407 1426 3465 gestante,
1464 3396 1531 3451 de
1573 3397 1811 3465 Sibyllis,

233 3488 304 3542 de
326 3487 684 3542 Caesariensis
719 3484 937 3540 Eusebii
978 3487 1194 3548 haeresi,
1227 3485 1295 3538 de
1329 3485 1559 3539 Asteriis
1588 3486 1665 3553 (in
1696 3485 1812 3539 Vat.

233 3580 361 3633 cod.
400 3578 524 3639 107.
556 3578 679 3639 150,
718 3578 845 3641 22!,
883 3578 1034 3645 512).
1078 3575 1332 3633 Profecto
1378 3574 1816 3631 Monlfnuconius

234 3670 303 3721 de
332 3669 589 3721 universo
622 3665 889 3720 Photiauo
912 3682 1078 3735 opere
1109 3667 1244 3719 bene
1269 3666 1497 3718 meritus
1521 3674 1625 3728 est,
1658 3665 1817 3733 cujus

238 3759 517 3827 integrum
565 3754 855 3824 descripsit
901 3755 1159 3819 indicem,
1197 3755 1567 3824 quaestionum
1614 3754 1820 3808 scilicet

236 3859 364 3901 octo
395 3857 452 3901 et
481 3854 846 3899 trecentarum
883 3860 895 3895 :
930 3845 1025 3899 sed
1055 3844 1199 3899 idem
1234 3858 1565 3913 magnopere
1594 3846 1817 3910 erravit,

239 3942 479 4009 primum
512 3937 640 4005 quia
670 3951 728 3991 se
766 3936 903 3990 dixit
934 3936 1097 4007 edere
1142 3951 1209 3989 ex
1237 3933 1640 4005 Amphilochiis
1668 3950 1818 4003 qua:-

238 4036 452 4090 sliones
487 4033 626 4094 illas,
655 4046 775 4099 quae
798 4032 1024 4099 majoris
1047 4034 1305 4086 momenti
1324 4045 1445 4085 esse
1469 4029 1820 4097 videbantur;

239 4144 351 4199 quo
376 4126 589 4197 judicio
623 4123 755 4177 nihil
778 4122 1254 4186 inconsideratius,
1301 4121 1435 4175 nibil
1484 4118 1677 4175 falsius
1704 4120 1820 4173 fieri

240 4218 446 4288 potuit.
482 4212 620 4267 Nam
660 4213 705 4267 si
742 4213 866 4282 quis
886 4211 1268 4279 Amphilochia
1301 4228 1327 4263 a
1366 4225 1453 4265 me
1481 4225 1625 4264 nunc
1652 4208 1820 4275 edita,

238 4312 483 4376 itemque
519 4306 607 4357 illa
640 4318 671 4356 a
708 4302 896 4356 Scotto
928 4300 1237 4370 Wollioque
1284 4301 1524 4370 vulgata,
1562 4314 1687 4353 cum
1737 4300 1822 4353 bis

238 4398 540 4455 hreviculis
567 4410 632 4450 ac
668 4395 823 4449 valde
868 4394 1083 4449 levibus
1132 4392 1521 4447 Ilontfanconii
1558 4389 1821 4454 conferet,

238 4501 634 4563 praeposteram
664 4487 1089 4542 Ilercle‘laudem
1116 4486 1463 4555 praedicatum
1497 4483 1821 4553 comperiet.

1918 3314 2076 3358 atate
2103 3304 2207 3359 fuit
2232 3304 2525 3375 πολυϊστηρ
2549 3306 2870 3375 Audresius,
2898 3309 2982 3362 vir
3007 3325 3240 3381 magnus
3279 3312 3494 3382 meique

1916 3394 2045 3448 dum
2078 3394 2213 3448 vixit
2249 3396 2681 3458 amantissimus,
2717 3399 2812 3466 qui
2843 3399 2911 3452 de
2940 3400 3220 3455 anecdotis
3242 3401 3493 3471 Neapoli-

1918 3494 2060 3539 tana:
2104 3484 2445 3541 bibliotheca:
2495 3485 2853 3541 Prodromum
2904 3490 3175 3556 scribens,
3204 3490 3494 3561 Amphilo-

1918 3578 2165 3631 cbiorum
2198 3578 2473 3645 quoddam
2524 3578 2889 3647 fragmentum
2926 3581 3019 3635 diu
3069 3585 3493 3649 commendavit,

1920 3676 2081 3735 atque
2126 3676 2187 3721 ut
2230 3668 2350 3720 luce
2392 3668 2713 3729 donaretur,
2760 3684 3098 3740 magnopere
3131 3682 3323 3727 auctor
3370 3672 3493 3729 fuit.

1920 3760 2072 3825 Quod
2100 3767 2281 3814 autem
2313 3758 2426 3813 fieri
2451 3759 2660 3829 optavit
2683 3760 3006 3826 Andresius,
3043 3761 3097 3817 id
3140 3778 3267 3818 mox
3299 3780 3497 3833 magna

1920 3870 2042 3909 cum
2101 3854 2261 3908 laude
2317 3854 2573 3923 praestitit
2638 3854 2723 3907 vir
2791 3854 3201 3911 illustrissimus
3258 3858 3498 3928 Angelus

1923 3943 2163 4005 Scottus.
2196 3943 2538 3998 bibliotheca:
2566 3952 2687 4014 post
2713 3944 3040 4000 Andreslum
3069 3964 3293 4016 pmses,
3319 3960 3373 4004 et
3408 3964 3498 4005 re-

1921 4038 2129 4103 giorum
2172 4033 2479 4103 principum
2522 4034 2577 4087 in
2624 4034 2821 4089 litteris
2880 4034 3179 4090 instilutor.
3228 4035 3500 4094 Nimirum

1923 4126 1990 4189 is,
2022 4126 2114 4194 qui
2156 4125 2371 4195 septimi
2399 4124 2627 4179 editoris
2654 4126 2838 4180 locum
2864 4126 3094 4191 obtinet,
3132 4128 3500 4194 amphilochia

1922 4218 2315 4287 duodeviginti,
2352 4228 2548 4287 praeter
2580 4217 2984 4285 Praefationem,
3018 4237 3144 4276 cum
3192 4238 3288 4277 sua
3336 4223 3504 4279 inter-

1924 4308 2224 4377 pretatione
2253 4308 2597 4377 Scboliisque
2637 4292 2869 4378 Neapoli.
2903 4312 3044 4380 typis
3085 4312 3333 4378 excudit;
3368 4328 3503 4369 usus

1922 4399 2085 4452 etiam
2118 4396 2359 4452 Vaticani
2407 4400 2616 4456 codicis
2673 4403 2941 4470 snppetiis
2985 4402 3215 4473 aliquot,
3267 4419 3404 4473 quas
3430 4405 3501 4461 cl.

1926 4498 2110 4544 noster
2170 4489 2423 4545 Amatius
2473 4490 2541 4544 ad
2590 4506 2717 4545 eum
2786 4492 3061 4546 submisit.
3125 4493 3502 4561 Amphilochia

235 4585 381 4639 Num
412 4596 544 4647 ergo
568 4578 1009 4633 Montfauconius
1038 4593 1199 4647 quem
1226 4579 1462 4647 vulgavit
1490 4577 1720 4631 iudicem
1749 4576 1818 4629 ab
1850 4580 1894 4637 D
1923 4582 2085 4649 igitur
2130 4590 2257 4635 ante
2304 4596 2390 4635 me
2433 4596 2529 4635 sex
2576 4581 2745 4636 edidit
2792 4584 3065 4645 (Lanisius,
3111 4582 3433 4639 Stewartius
3463 4580 3505 4650 l,

235 4674 570 4730 amanuensi
609 4673 795 4740 aliquo
822 4670 1053 4737 accepit,
1105 4670 1222 4737 ipse
1269 4682 1396 4721 vero
1447 4668 1688 4721 codicem
1728 4666 1819 4719 vix

235 4764 489 4836 aspexit?
531 4761 783 4829 Alianin
817 4760 907 4812 vix
950 4758 1062 4813 lleri
1108 4766 1321 4826 poterat
1366 4765 1425 4811 ut
1450 4756 1533 4810 vir
1571 4770 1820 4809 summus

240 4871 319 4914 t0t
344 4856 699 4927 longissimas
740 4863 905 4923 atque
932 4854 1168 4922 optimas
1201 4852 1441 4905 lustrans
1470 4849 1816 4921 questiones,

239 4951 511 5023 neglectis
544 4950 650 5013 his,
684 4946 961 5001 breviores
991 4945 1112 4999 illas
1143 4959 1206 4998 ac
1237 4944 1539 4998 levidenses
1579 4942 1818 5012 eligeret,

238 5058 456 5112 suoque
498 5040 769 5107 praeconio
797 5047 961 5106 atque
988 5037 1193 5090 honore
1237 5047 1490 5103 typorum
1539 5041 1817 5087 mactaret.

240 5134 350 5188 Sed
387 5148 456 5185 en
507 5146 704 5184 rursus.
748 5126 1192 5181 Hontfauconius
1244 5124 1490 5195 peccavit
1534 5124 1663 5176 dum
1724 5124 1822 5176 has

239 5220 678 5295 quatinuculas
717 5235 817 5273 ceu
850 5220 1083 5273 ineditas
1122 5232 1313 5273 omnes
1358 5215 1618 5286 vulgavit.
1659 5214 1821 5283 Atqui

239 5322 307 5374 de
333 5316 572 5372 Asteriis
605 5315 962 5384 quaestionem
996 5313 1107 5383 jam
1148 5310 1346 5382 publici
1374 5309 1514 5377 juris
1554 5306 1824 5362 Combeli-

242 5414 361 5465 sius
396 5408 636 5463 fecerat:
688 5407 1022 5475 quaestiones
1053 5405 1120 5459 de
1166 5403 1361 5457 baaresi
1410 5400 1628 5456 Eusebii
1666 5407 1721 5453 et
1757 5398 1824 5451 de

244 5498 479 5553 llercule
507 5498 559 5551 in
585 5494 761 5550 Photii
790 5496 1037 5565 epistolis
1072 5494 1245 5548 multo
1276 5502 1401 5547 ante
1430 5507 1460 5546 a
1492 5488 1823 5545 Montacutio

241 5590 406 5645 editis
432 5588 833 5655 occurrebant;
866 5588 917 5641 id
940 5585 1083 5655 quod
1117 5584 1374 5640 Woltlum
1418 5591 1565 5639 certe
1602 5597 1709 5636 non
1742 5580 1822 5634 la-

352 5723 433 5792 17)
470 5722 542 5792 De
567 5723 771 5792 incum.
809 5720 902 5773 lib.
926 5736 1010 5792 lx.

348 5789 431 5853 18)
467 5791 608 5845 Bibl.
645 5790 806 5845 Coisl.
842 5806 893 5859 p.
922 5789 1181 5844 346-548.

349 5864 440 5934 19)
478 5861 634 5915 Praef.
670 5862 735 5915 atl
764 5858 892 5915 Cttr.
927 5860 989 5914 T.
1029 5860 1115 5917 ΙΙΙ.
1144 5876 1175 5928 ιι
1222 5858 1273 5914 ’1.

588 5959 856 6020 Paxaea.
895 5958 1011 6017 Gs.
1065 5957 1159 6018 CI.

1926 4671 2287 4726 Combelisius
2334 4672 2401 4733 II.
2437 4671 2883 4729 Montfauconius
2918 4673 2958 4737 I,
3007 4674 3235 4729 Wolfius
3266 4674 3507 4744 quadrae

1928 4761 2073 4829 ginta
2124 4776 2216 4814 sex
2251 4760 2523 4828 breviora,
2559 4764 2783 4819 Scottus
2834 4766 3227 4836 duodeviginti.
3284 4768 3507 4820 Summa

1930 4853 2109 4919 itaque
2137 4861 2263 4905 ante
2292 4868 2376 4906 me
2396 4854 2669 4909 editorum
2692 4856 3204 4924 Amphilochiorum,
3236 4857 3321 4912 π.
3347 4856 3510 4911 Octa-

1931 4960 2029 4998 vus
2066 4945 2285 4999 demum
2315 4945 2492 5001 editor
2536 4962 2639 5018 ego
2686 4964 2833 5012 sum,
2879 4949 2974 5019 qui
3018 4950 3207 5019 viginti
3237 4950 3509 5019 ampbilo-

1929 5036 2049 5089 chia
2110 5035 2215 5089 hoc
2258 5037 2536 5093 volumine
2588 5039 2825 5094 exhibeo
2876 5056 2891 5094 :
2946 5056 3119 5109 quare
3162 5041 3510 5095 centenarias

1926 5124 2036 5192 jam
2072 5140 2333 5179 numerus
2382 5128 2779 5195 propemodum
2822 5130 3091 5196 expletur.
3132 5129 3296 5198 Atqui
3338 5130 3513 5183 codex

1932 5214 2229 5271 Vaticanus
2271 5218 2532 5273 tredecim
2582 5220 2825 5274 continet
2877 5235 3042 5291 supra
3093 5228 3354 5274 trecenta.
3405 5218 3510 5274 Sed

1933 5315 2109 5359 tamen
2144 5308 2349 5361 scimus
2394 5308 2603 5377 reliqua
2641 5323 2709 5363 ex
2761 5308 2848 5363 his
2885 5310 3167 5379 complura
3212 5314 3355 5363 inter
3393 5308 3514 5377 epi-

1932 5396 2099 5451 stolas
2128 5411 2158 5450 a
2194 5394 2528 5453 lontacutio
2555 5401 2730 5456 editas
2764 5400 2977 5469 jamdiu
3010 5410 3248 5456 exstare.
3287 5398 3515 5469 Insuper

1930 5500 2029 5555 ego
2060 5486 2180 5540 dedi
2216 5501 2438 5551 operam
2472 5498 2532 5542 ut
2561 5489 2932 5555 Amphilochia
2964 5492 3283 5561 plerumque
3308 5489 3513 5558 longis-

1931 5579 2090 5643 sima,
2131 5578 2312 5634 dilatis
2359 5579 2730 5645 brevioribus,
2768 5583 2835 5638 ad
2883 5583 3155 5638 edendum
3194 5583 3511 5651 deligerem.

2004 5710 2115 5832 (20.)
2148 5710 2531 5795 δυρριεηιπαά
2569 5714 2782 5772 Introd.
2816 5717 3245 5802 umvmgucr.
3283 5729 3413 5773 tom.
3447 5717 3513 5796 II,

1930 5799 1983 5851 p.
2041 5782 2074 5834 ὁ
2135 5798 2150 5847 ;
2205 5790 2260 5837 ει
2322 5782 2492 5839 addit.
2557 5787 2624 5841 ad
2684 5786 2848 5844 Fabr.
2898 5788 3040 5843 Bibl.
3095 5791 3187 5844 Gr.
3241 5802 3369 5844 ιοιιι.
3420 5788 3512 5851 ιλ,

1930 5782 2150 5905 ε.²ΐὶ7;
2205 5790 2260 5837 ει
2322 5782 2492 5839 addit.
2557 5787 2624 5841 ad
2684 5786 2848 5844 Fabr.
2898 5782 3187 5844 BiblfGr.
3241 5802 3369 5844 tom.
3420 5788 3512 5855 IX,

3110 5956 3147 6013 2
