  <div class='ocr_page' id='page_1' title='image "/cluster/home/n/w/nwhite01/storage/ocr_20150623/101/nnc1.0046980164/041.png"; bbox 0 0 4198 6440; ppageno 0'>
   <div class='ocr_carea' id='block_1_1' title="bbox 692 389 2275 469">
    <p class='ocr_par' dir='ltr' id='par_1_1' title="bbox 692 391 2275 469">
     <span class='ocr_line' id='line_1_1' title="bbox 692 391 2275 469; baseline -0.011 0"><span class='ocrx_word' id='word_1_1' title='bbox 692 406 764 469; x_wconf 80' lang='lat'><strong>35</strong></span> <span class='ocrx_word' id='word_1_2' title='bbox 1852 394 1934 455; x_wconf 88' lang='lat' dir='ltr'><strong>IN</strong></span> <span class='ocrx_word' id='word_1_3' title='bbox 1976 391 2275 454; x_wconf 66' lang='lat' dir='ltr'><strong>AMPHILl</strong></span> 
     </span>
    </p>
   </div>
   <div class='ocr_carea' id='block_1_2' title="bbox 2375 389 3949 469">
    <p class='ocr_par' dir='ltr' id='par_1_2' title="bbox 2375 390 3949 467">
     <span class='ocr_line' id='line_1_2' title="bbox 2375 390 3949 467; baseline 0.003 -17"><span class='ocrx_word' id='word_1_4' title='bbox 2375 390 2502 452; x_wconf 73' lang='lat' dir='ltr'><strong>[HA</strong></span> <span class='ocrx_word' id='word_1_5' title='bbox 2545 393 2808 457; x_wconf 86' lang='lat' dir='ltr'><strong>PHO’I‘II</strong></span> <span class='ocrx_word' id='word_1_6' title='bbox 3877 406 3949 467; x_wconf 68' lang='lat'><strong>35</strong></span> 
     </span>
    </p>
   </div>
   <div class='ocr_carea' id='block_1_3' title="bbox 689 505 3951 586">
    <p class='ocr_par' dir='ltr' id='par_1_3' title="bbox 689 505 3951 586">
     <span class='ocr_line' id='line_1_3' title="bbox 689 505 3951 586; baseline -0 -14"><span class='ocrx_word' id='word_1_7' title='bbox 689 517 902 586; x_wconf 80' lang='lat' dir='ltr'><strong>Quibus</strong></span> <span class='ocrx_word' id='word_1_8' title='bbox 951 514 1054 571; x_wconf 89' lang='lat' dir='ltr'><strong>rite</strong></span> <span class='ocrx_word' id='word_1_9' title='bbox 1102 510 1409 584; x_wconf 89' lang='lat' dir='ltr'><strong>perpensis.</strong></span> <span class='ocrx_word' id='word_1_10' title='bbox 1455 509 1738 566; x_wconf 79' lang='lat' dir='ltr'><strong>dimidiam</strong></span> <span class='ocrx_word' id='word_1_11' title='bbox 1790 507 1904 564; x_wconf 92' lang='lat' dir='ltr'><strong>fere</strong></span> <span class='ocrx_word' id='word_1_12' title='bbox 1941 505 2135 577; x_wconf 90' lang='lat' dir='ltr'><strong>Operis</strong></span> <span class='ocrx_word' id='word_1_13' title='bbox 2161 519 2285 572; x_wconf 83' lang='lat' dir='ltr'><strong>par-</strong></span> <span class='ocrx_word' id='word_1_14' title='bbox 2312 507 2358 562; x_wconf 80' lang='grc' dir='ltr'><strong>Α</strong></span> <span class='ocrx_word' id='word_1_15' title='bbox 2388 516 2500 561; x_wconf 91' lang='lat' dir='ltr'><strong>tum</strong></span> <span class='ocrx_word' id='word_1_16' title='bbox 2535 506 2875 572; x_wconf 73' lang='lat' dir='ltr'><strong>vicesimam.</strong></span> <span class='ocrx_word' id='word_1_17' title='bbox 2933 514 3044 564; x_wconf 90' lang='lat' dir='ltr'><strong>tum</strong></span> <span class='ocrx_word' id='word_1_18' title='bbox 3095 509 3232 567; x_wconf 86' lang='lat' dir='ltr'><strong>alias</strong></span> <span class='ocrx_word' id='word_1_19' title='bbox 3281 509 3510 582; x_wconf 89' lang='lat' dir='ltr'><strong>aliquot,</strong></span> <span class='ocrx_word' id='word_1_20' title='bbox 3560 520 3675 568; x_wconf 89' lang='lat' dir='ltr'><strong>tum</strong></span> <span class='ocrx_word' id='word_1_21' title='bbox 3715 513 3951 585; x_wconf 87' lang='lat' dir='ltr'><strong>denique</strong></span> 
     </span>
    </p>
   </div>
   <div class='ocr_carea' id='block_1_4' title="bbox 693 597 2108 678">
    <p class='ocr_par' dir='ltr' id='par_1_4' title="bbox 693 597 2108 678">
     <span class='ocr_line' id='line_1_4' title="bbox 693 597 2108 678; baseline -0.011 -12"><span class='ocrx_word' id='word_1_22' title='bbox 693 621 801 667; x_wconf 91' lang='lat' dir='ltr'><strong>tem</strong></span> <span class='ocrx_word' id='word_1_23' title='bbox 831 615 952 678; x_wconf 84' lang='lat' dir='ltr'><strong>post</strong></span> <span class='ocrx_word' id='word_1_24' title='bbox 979 619 1065 658; x_wconf 88' lang='lat' dir='ltr'><strong>nte</strong></span> <span class='ocrx_word' id='word_1_25' title='bbox 1091 605 1272 659; x_wconf 90' lang='lat' dir='ltr'><strong>adhuc</strong></span> <span class='ocrx_word' id='word_1_26' title='bbox 1302 602 1563 658; x_wconf 89' lang='lat' dir='ltr'><strong>ineditam</strong></span> <span class='ocrx_word' id='word_1_27' title='bbox 1588 615 1875 671; x_wconf 76' lang='lat' dir='ltr'><strong>superesse</strong></span> <span class='ocrx_word' id='word_1_28' title='bbox 1903 597 2108 669; x_wconf 79' lang='lat' dir='ltr'><strong>judico.</strong></span> 
     </span>
    </p>
   </div>
   <div class='ocr_carea' id='block_1_5' title="bbox 765 689 2268 759">
    <p class='ocr_par' dir='ltr' id='par_1_5' title="bbox 765 689 2268 759">
     <span class='ocr_line' id='line_1_5' title="bbox 765 689 2268 759; baseline -0.009 -1"><span class='ocrx_word' id='word_1_29' title='bbox 765 705 852 759; x_wconf 93' lang='lat' dir='ltr'><strong>Ill.</strong></span> <span class='ocrx_word' id='word_1_30' title='bbox 897 702 970 756; x_wconf 85' lang='lat' dir='ltr'><strong>De</strong></span> <span class='ocrx_word' id='word_1_31' title='bbox 999 717 1114 755; x_wconf 81' lang='lat' dir='ltr'><strong>mea</strong></span> <span class='ocrx_word' id='word_1_32' title='bbox 1140 699 1392 754; x_wconf 75' lang='lat' dir='ltr'><strong>editions.</strong></span> <span class='ocrx_word' id='word_1_33' title='bbox 1411 696 1528 752; x_wconf 81' lang='lat' dir='ltr'><strong>.lam</strong></span> <span class='ocrx_word' id='word_1_34' title='bbox 1552 695 1812 753; x_wconf 77' lang='lat' dir='ltr'><strong>editionis</strong></span> <span class='ocrx_word' id='word_1_35' title='bbox 1834 708 1967 749; x_wconf 69' lang='lat' dir='ltr'><strong>meae</strong></span> <span class='ocrx_word' id='word_1_36' title='bbox 1994 693 2134 746; x_wconf 88' lang='lat' dir='ltr'><strong>ratio</strong></span> <span class='ocrx_word' id='word_1_37' title='bbox 2161 689 2268 745; x_wconf 91' lang='lat' dir='ltr'><strong>etsi</strong></span> 
     </span>
    </p>
   </div>
   <div class='ocr_carea' id='block_1_6' title="bbox 691 782 2268 865">
    <p class='ocr_par' dir='ltr' id='par_1_6' title="bbox 691 782 2268 865">
     <span class='ocr_line' id='line_1_6' title="bbox 691 782 2268 865; baseline -0.01 -13"><span class='ocrx_word' id='word_1_38' title='bbox 691 797 922 865; x_wconf 65' lang='lat' dir='ltr'><strong>simplex</strong></span> <span class='ocrx_word' id='word_1_39' title='bbox 947 804 1052 856; x_wconf 90' lang='lat' dir='ltr'><strong>est.</strong></span> <span class='ocrx_word' id='word_1_40' title='bbox 1078 792 1264 846; x_wconf 86' lang='lat' dir='ltr'><strong>labore</strong></span> <span class='ocrx_word' id='word_1_41' title='bbox 1291 800 1475 844; x_wconf 87' lang='lat' dir='ltr'><strong>tamen</strong></span> <span class='ocrx_word' id='word_1_42' title='bbox 1497 802 1561 842; x_wconf 89' lang='lat' dir='ltr'><strong>ae</strong></span> <span class='ocrx_word' id='word_1_43' title='bbox 1577 785 1893 842; x_wconf 83' lang='lat' dir='ltr'><strong>diliieultate</strong></span> <span class='ocrx_word' id='word_1_44' title='bbox 1919 799 2031 838; x_wconf 88' lang='lat' dir='ltr'><strong>non</strong></span> <span class='ocrx_word' id='word_1_45' title='bbox 2066 782 2268 838; x_wconf 79' lang='lat' dir='ltr'><strong>caruit.</strong></span> 
     </span>
    </p>
   </div>
   <div class='ocr_carea' id='block_1_7' title="bbox 690 873 2270 955">
    <p class='ocr_par' dir='ltr' id='par_1_7' title="bbox 690 873 2270 955">
     <span class='ocr_line' id='line_1_7' title="bbox 690 873 2270 955; baseline -0.011 -13"><span class='ocrx_word' id='word_1_46' title='bbox 690 887 829 942; x_wconf 80' lang='lat' dir='ltr'><strong>Nam</strong></span> <span class='ocrx_word' id='word_1_47' title='bbox 877 887 932 940; x_wconf 92' lang='lat' dir='ltr'><strong>in</strong></span> <span class='ocrx_word' id='word_1_48' title='bbox 984 883 1180 955; x_wconf 78' lang='lat' dir='ltr'><strong>primis</strong></span> <span class='ocrx_word' id='word_1_49' title='bbox 1218 890 1423 936; x_wconf 79' lang='lat' dir='ltr'><strong>tantam</strong></span> <span class='ocrx_word' id='word_1_50' title='bbox 1473 878 1656 947; x_wconf 70' lang='lat' dir='ltr'><strong>oneris</strong></span> <span class='ocrx_word' id='word_1_51' title='bbox 1697 886 1904 948; x_wconf 88' lang='lat' dir='ltr'><strong>partem</strong></span> <span class='ocrx_word' id='word_1_52' title='bbox 1950 891 2013 930; x_wconf 78' lang='lat' dir='ltr'><strong>ex</strong></span> <span class='ocrx_word' id='word_1_53' title='bbox 2039 873 2270 943; x_wconf 91' lang='lat' dir='ltr'><strong>antiquo</strong></span> 
     </span>
    </p>
   </div>
   <div class='ocr_carea' id='block_1_8' title="bbox 691 965 2270 1043">
    <p class='ocr_par' dir='ltr' id='par_1_8' title="bbox 691 965 2270 1043">
     <span class='ocr_line' id='line_1_8' title="bbox 691 965 2270 1043; baseline -0.012 -8"><span class='ocrx_word' id='word_1_54' title='bbox 691 979 880 1036; x_wconf 82' lang='lat' dir='ltr'><strong>codice</strong></span> <span class='ocrx_word' id='word_1_55' title='bbox 893 974 1232 1036; x_wconf 76' lang='lat' dir='ltr'><strong>exscribere.</strong></span> <span class='ocrx_word' id='word_1_56' title='bbox 1258 980 1385 1043; x_wconf 83' lang='lat' dir='ltr'><strong>apte</strong></span> <span class='ocrx_word' id='word_1_57' title='bbox 1413 970 1683 1040; x_wconf 89' lang='lat' dir='ltr'><strong>digerere,</strong></span> <span class='ocrx_word' id='word_1_58' title='bbox 1716 965 2107 1036; x_wconf 74' lang='lat' dir='ltr'><strong>orthographia</strong></span> <span class='ocrx_word' id='word_1_59' title='bbox 2133 978 2270 1033; x_wconf 88' lang='lat' dir='ltr'><strong>pau-</strong></span> 
     </span>
    </p>
   </div>
   <div class='ocr_carea' id='block_1_9' title="bbox 691 1058 2273 1140">
    <p class='ocr_par' dir='ltr' id='par_1_9' title="bbox 691 1058 2273 1140">
     <span class='ocr_line' id='line_1_9' title="bbox 691 1058 2273 1140; baseline -0.011 -15"><span class='ocrx_word' id='word_1_60' title='bbox 691 1072 882 1140; x_wconf 89' lang='lat' dir='ltr'><strong>sisque</strong></span> <span class='ocrx_word' id='word_1_61' title='bbox 918 1068 1328 1136; x_wconf 71' lang='lat' dir='ltr'><strong>interpungere,</strong></span> <span class='ocrx_word' id='word_1_62' title='bbox 1376 1060 1590 1118; x_wconf 84' lang='lat' dir='ltr'><strong>mendis</strong></span> <span class='ocrx_word' id='word_1_63' title='bbox 1611 1061 1774 1115; x_wconf 90' lang='lat' dir='ltr'><strong>etiam</strong></span> <span class='ocrx_word' id='word_1_64' title='bbox 1811 1058 2020 1128; x_wconf 81' lang='lat' dir='ltr'><strong>aliquot</strong></span> <span class='ocrx_word' id='word_1_65' title='bbox 2048 1069 2273 1126; x_wconf 87' lang='lat' dir='ltr'><strong>perpur-</strong></span> 
     </span>
    </p>
   </div>
   <div class='ocr_carea' id='block_1_10' title="bbox 691 1144 2274 1235">
    <p class='ocr_par' dir='ltr' id='par_1_10' title="bbox 691 1144 2274 1235">
     <span class='ocr_line' id='line_1_10' title="bbox 691 1144 2274 1235; baseline -0.009 -22"><span class='ocrx_word' id='word_1_66' title='bbox 691 1177 839 1235; x_wconf 78' lang='lat' dir='ltr'><strong>gare,</strong></span> <span class='ocrx_word' id='word_1_67' title='bbox 873 1176 984 1214; x_wconf 91' lang='lat' dir='ltr'><strong>non</strong></span> <span class='ocrx_word' id='word_1_68' title='bbox 1021 1157 1359 1212; x_wconf 86' lang='lat' dir='ltr'><strong>levissimum</strong></span> <span class='ocrx_word' id='word_1_69' title='bbox 1409 1147 1857 1223; x_wconf 90' lang='lat' dir='ltr'><strong>negotium.fuit.</strong></span> <span class='ocrx_word' id='word_1_70' title='bbox 1917 1146 1995 1201; x_wconf 85' lang='lat' dir='ltr'><strong>Eo</strong></span> <span class='ocrx_word' id='word_1_71' title='bbox 2042 1144 2274 1200; x_wconf 90' lang='lat' dir='ltr'><strong>accessit</strong></span> 
     </span>
    </p>
   </div>
   <div class='ocr_carea' id='block_1_11' title="bbox 691 1237 2268 1319">
    <p class='ocr_par' dir='ltr' id='par_1_11' title="bbox 691 1237 2268 1319">
     <span class='ocr_line' id='line_1_11' title="bbox 691 1237 2268 1319; baseline -0.012 -9"><span class='ocrx_word' id='word_1_72' title='bbox 691 1253 897 1310; x_wconf 66' lang='lat' dir='ltr'><strong>Latina</strong></span> <span class='ocrx_word' id='word_1_73' title='bbox 948 1247 1418 1319; x_wconf 87' lang='lat' dir='ltr'><strong>interpretationis</strong></span> <span class='ocrx_word' id='word_1_74' title='bbox 1443 1243 1811 1318; x_wconf 85' lang='lat' dir='ltr'><strong>eiueubratio,</strong></span> <span class='ocrx_word' id='word_1_75' title='bbox 1860 1256 1964 1311; x_wconf 89' lang='lat' dir='ltr'><strong>qua</strong></span> <span class='ocrx_word' id='word_1_76' title='bbox 2018 1237 2268 1294; x_wconf 87' lang='lat' dir='ltr'><strong>Photium</strong></span> 
     </span>
    </p>
   </div>
   <div class='ocr_carea' id='block_1_12' title="bbox 691 1330 2272 1406">
    <p class='ocr_par' dir='ltr' id='par_1_12' title="bbox 691 1330 2272 1406">
     <span class='ocr_line' id='line_1_12' title="bbox 691 1330 2272 1406; baseline -0.01 -5"><span class='ocrx_word' id='word_1_77' title='bbox 691 1342 1005 1400; x_wconf 86' lang='lat' dir='ltr'><strong>necessario</strong></span> <span class='ocrx_word' id='word_1_78' title='bbox 1032 1339 1421 1395; x_wconf 85' lang='lat' dir='ltr'><strong>declarandum</strong></span> <span class='ocrx_word' id='word_1_79' title='bbox 1474 1335 1699 1406; x_wconf 90' lang='lat' dir='ltr'><strong>putavi,</strong></span> <span class='ocrx_word' id='word_1_80' title='bbox 1760 1341 1980 1404; x_wconf 90' lang='lat' dir='ltr'><strong>propter</strong></span> <span class='ocrx_word' id='word_1_81' title='bbox 2034 1346 2131 1387; x_wconf 87' lang='lat' dir='ltr'><strong>eos</strong></span> <span class='ocrx_word' id='word_1_82' title='bbox 2177 1330 2272 1401; x_wconf 90' lang='lat' dir='ltr'><strong>qui</strong></span> 
     </span>
    </p>
   </div>
   <div class='ocr_carea' id='block_1_13' title="bbox 689 1422 2269 1501">
    <p class='ocr_par' dir='ltr' id='par_1_13' title="bbox 689 1422 2269 1501">
     <span class='ocr_line' id='line_1_13' title="bbox 689 1422 2269 1501; baseline -0.011 -10"><span class='ocrx_word' id='word_1_83' title='bbox 689 1434 879 1491; x_wconf 66' lang='lat' dir='ltr'><strong>Graece</strong></span> <span class='ocrx_word' id='word_1_84' title='bbox 920 1432 1172 1488; x_wconf 88' lang='lat' dir='ltr'><strong>nesciunt</strong></span> <span class='ocrx_word' id='word_1_85' title='bbox 1217 1431 1302 1484; x_wconf 85' lang='lat' dir='ltr'><strong>vel</strong></span> <span class='ocrx_word' id='word_1_86' title='bbox 1355 1431 1448 1501; x_wconf 89' lang='lat' dir='ltr'><strong>qui</strong></span> <span class='ocrx_word' id='word_1_87' title='bbox 1501 1427 1686 1484; x_wconf 63' lang='lat' dir='ltr'><strong>Graece</strong></span> <span class='ocrx_word' id='word_1_88' title='bbox 1727 1441 1786 1480; x_wconf 89' lang='lat' dir='ltr'><strong>se</strong></span> <span class='ocrx_word' id='word_1_89' title='bbox 1817 1422 2269 1480; x_wconf 81' lang='lat' dir='ltr'><strong>scire-simulant.</strong></span> 
     </span>
    </p>
   </div>
   <div class='ocr_carea' id='block_1_14' title="bbox 696 1513 2273 1587">
    <p class='ocr_par' dir='ltr' id='par_1_14' title="bbox 696 1513 2273 1587">
     <span class='ocr_line' id='line_1_14' title="bbox 696 1513 2273 1587; baseline -0.011 -3"><span class='ocrx_word' id='word_1_90' title='bbox 696 1528 805 1584; x_wconf 87' lang='lat' dir='ltr'><strong>Sed</strong></span> <span class='ocrx_word' id='word_1_91' title='bbox 850 1537 1034 1582; x_wconf 88' lang='lat' dir='ltr'><strong>tamen</strong></span> <span class='ocrx_word' id='word_1_92' title='bbox 1080 1536 1140 1580; x_wconf 95' lang='lat' dir='ltr'><strong>ut</strong></span> <span class='ocrx_word' id='word_1_93' title='bbox 1182 1524 1345 1580; x_wconf 90' lang='lat' dir='ltr'><strong>citior</strong></span> <span class='ocrx_word' id='word_1_94' title='bbox 1387 1522 1566 1577; x_wconf 87' lang='lat' dir='ltr'><strong>editor</strong></span> <span class='ocrx_word' id='word_1_95' title='bbox 1597 1519 1802 1582; x_wconf 87' lang='lat' dir='ltr'><strong>lierem,</strong></span> <span class='ocrx_word' id='word_1_96' title='bbox 1828 1516 1991 1587; x_wconf 90' lang='lat' dir='ltr'><strong>paulo</strong></span> <span class='ocrx_word' id='word_1_97' title='bbox 2014 1513 2273 1570; x_wconf 93' lang='lat' dir='ltr'><strong>incultior</strong></span> 
     </span>
    </p>
   </div>
   <div class='ocr_carea' id='block_1_15' title="bbox 691 1603 2274 1690">
    <p class='ocr_par' dir='ltr' id='par_1_15' title="bbox 691 1603 2274 1690">
     <span class='ocr_line' id='line_1_15' title="bbox 691 1603 2274 1690; baseline -0.011 -16"><span class='ocrx_word' id='word_1_98' title='bbox 691 1621 962 1690; x_wconf 89' lang='lat' dir='ltr'><strong>interpres</strong></span> <span class='ocrx_word' id='word_1_99' title='bbox 991 1617 1158 1672; x_wconf 91' lang='lat' dir='ltr'><strong>videri</strong></span> <span class='ocrx_word' id='word_1_100' title='bbox 1205 1614 1374 1670; x_wconf 90' lang='lat' dir='ltr'><strong>malui</strong></span> <span class='ocrx_word' id='word_1_101' title='bbox 1404 1631 1419 1668; x_wconf 88' lang='lat'><strong>:</strong></span> <span class='ocrx_word' id='word_1_102' title='bbox 1457 1612 1623 1684; x_wconf 92' lang='lat' dir='ltr'><strong>igitur</strong></span> <span class='ocrx_word' id='word_1_103' title='bbox 1666 1609 1931 1681; x_wconf 85' lang='lat' dir='ltr'><strong>quidquid</strong></span> <span class='ocrx_word' id='word_1_104' title='bbox 1963 1606 2130 1662; x_wconf 91' lang='lat' dir='ltr'><strong>menti</strong></span> <span class='ocrx_word' id='word_1_105' title='bbox 2163 1603 2274 1674; x_wconf 83' lang='lat' dir='ltr'><strong>pri-</strong></span> 
     </span>
    </p>
   </div>
   <div class='ocr_carea' id='block_1_16' title="bbox 691 1697 2268 1773">
    <p class='ocr_par' dir='ltr' id='par_1_16' title="bbox 691 1697 2268 1773">
     <span class='ocr_line' id='line_1_16' title="bbox 691 1697 2268 1773; baseline -0.011 -7"><span class='ocrx_word' id='word_1_106' title='bbox 691 1726 841 1766; x_wconf 88' lang='lat' dir='ltr'><strong>mum</strong></span> <span class='ocrx_word' id='word_1_107' title='bbox 859 1709 1122 1773; x_wconf 89' lang='lat' dir='ltr'><strong>occurrit,</strong></span> <span class='ocrx_word' id='word_1_108' title='bbox 1157 1706 1214 1761; x_wconf 94' lang='lat' dir='ltr'><strong>id</strong></span> <span class='ocrx_word' id='word_1_109' title='bbox 1246 1707 1358 1761; x_wconf 92' lang='lat' dir='ltr'><strong>fere</strong></span> <span class='ocrx_word' id='word_1_110' title='bbox 1379 1704 1594 1760; x_wconf 83' lang='lat' dir='ltr'><strong>calamo</strong></span> <span class='ocrx_word' id='word_1_111' title='bbox 1617 1701 1795 1772; x_wconf 79' lang='lat' dir='ltr'><strong>pinxi,</strong></span> <span class='ocrx_word' id='word_1_112' title='bbox 1827 1697 2058 1769; x_wconf 80' lang='lat' dir='ltr'><strong>expoliri</strong></span> <span class='ocrx_word' id='word_1_113' title='bbox 2085 1704 2268 1750; x_wconf 90' lang='lat' dir='ltr'><strong>autem</strong></span> 
     </span>
    </p>
   </div>
   <div class='ocr_carea' id='block_1_17' title="bbox 692 1788 2268 1870">
    <p class='ocr_par' dir='ltr' id='par_1_17' title="bbox 692 1788 2268 1870">
     <span class='ocr_line' id='line_1_17' title="bbox 692 1788 2268 1870; baseline -0.012 -12"><span class='ocrx_word' id='word_1_114' title='bbox 692 1818 876 1859; x_wconf 87' lang='lat' dir='ltr'><strong>sermo</strong></span> <span class='ocrx_word' id='word_1_115' title='bbox 931 1815 1041 1856; x_wconf 92' lang='lat' dir='ltr'><strong>non</strong></span> <span class='ocrx_word' id='word_1_116' title='bbox 1099 1808 1300 1870; x_wconf 89' lang='lat' dir='ltr'><strong>potest.</strong></span> <span class='ocrx_word' id='word_1_117' title='bbox 1354 1797 1456 1852; x_wconf 83' lang='lat' dir='ltr'><strong>nisi</strong></span> <span class='ocrx_word' id='word_1_118' title='bbox 1485 1810 1650 1866; x_wconf 84' lang='lat' dir='ltr'><strong>quem</strong></span> <span class='ocrx_word' id='word_1_119' title='bbox 1681 1793 1882 1848; x_wconf 90' lang='lat' dir='ltr'><strong>decens</strong></span> <span class='ocrx_word' id='word_1_120' title='bbox 1917 1804 2069 1845; x_wconf 87' lang='lat' dir='ltr'><strong>mora</strong></span> <span class='ocrx_word' id='word_1_121' title='bbox 2105 1788 2268 1841; x_wconf 88' lang='lat' dir='ltr'><strong>lima-</strong></span> 
     </span>
    </p>
   </div>
   <div class='ocr_carea' id='block_1_18' title="bbox 693 1878 2270 1957">
    <p class='ocr_par' dir='ltr' id='par_1_18' title="bbox 693 1878 2270 1957">
     <span class='ocr_line' id='line_1_18' title="bbox 693 1878 2270 1957; baseline -0.009 -12"><span class='ocrx_word' id='word_1_122' title='bbox 693 1895 852 1949; x_wconf 81' lang='lat' dir='ltr'><strong>verit.</strong></span> <span class='ocrx_word' id='word_1_123' title='bbox 890 1890 1090 1948; x_wconf 83' lang='lat' dir='ltr'><strong>Curavi</strong></span> <span class='ocrx_word' id='word_1_124' title='bbox 1125 1900 1306 1945; x_wconf 89' lang='lat' dir='ltr'><strong>tamen</strong></span> <span class='ocrx_word' id='word_1_125' title='bbox 1329 1888 1556 1957; x_wconf 86' lang='lat' dir='ltr'><strong>ubique,</strong></span> <span class='ocrx_word' id='word_1_126' title='bbox 1593 1894 1655 1940; x_wconf 89' lang='lat' dir='ltr'><strong>ut</strong></span> <span class='ocrx_word' id='word_1_127' title='bbox 1694 1883 1938 1939; x_wconf 64' lang='lat' dir='ltr'><strong>Grmcam</strong></span> <span class='ocrx_word' id='word_1_128' title='bbox 1980 1878 2270 1935; x_wconf 67' lang='lat' dir='ltr'><strong>verit-atem</strong></span> 
     </span>
    </p>
   </div>
   <div class='ocr_carea' id='block_1_19' title="bbox 693 1968 2274 2040">
    <p class='ocr_par' dir='ltr' id='par_1_19' title="bbox 693 1968 2274 2040">
     <span class='ocr_line' id='line_1_19' title="bbox 693 1968 2274 2040; baseline -0.011 -1"><span class='ocrx_word' id='word_1_129' title='bbox 693 1983 883 2039; x_wconf 88' lang='lat' dir='ltr'><strong>Latina</strong></span> <span class='ocrx_word' id='word_1_130' title='bbox 912 1992 1158 2040; x_wconf 76' lang='lat' dir='ltr'><strong>servaret</strong></span> <span class='ocrx_word' id='word_1_131' title='bbox 1188 1980 1498 2036; x_wconf 87' lang='lat' dir='ltr'><strong>translatio.</strong></span> <span class='ocrx_word' id='word_1_132' title='bbox 1546 1975 1940 2031; x_wconf 83' lang='lat' dir='ltr'><strong>Adnotationes</strong></span> <span class='ocrx_word' id='word_1_133' title='bbox 1964 1986 2122 2026; x_wconf 88' lang='lat' dir='ltr'><strong>raras</strong></span> <span class='ocrx_word' id='word_1_134' title='bbox 2142 1968 2274 2025; x_wconf 89' lang='lat' dir='ltr'><strong>sub-</strong></span> 
     </span>
    </p>
   </div>
   <div class='ocr_carea' id='block_1_20' title="bbox 696 2065 2266 2140">
    <p class='ocr_par' dir='ltr' id='par_1_20' title="bbox 696 2065 2266 2140">
     <span class='ocr_line' id='line_1_20' title="bbox 696 2065 2266 2140; baseline -0.011 -10"><span class='ocrx_word' id='word_1_135' title='bbox 696 2075 880 2140; x_wconf 76' lang='lat' dir='ltr'><strong>texui;</strong></span> <span class='ocrx_word' id='word_1_136' title='bbox 942 2073 1031 2128; x_wconf 91' lang='lat' dir='ltr'><strong>his</strong></span> <span class='ocrx_word' id='word_1_137' title='bbox 1067 2073 1215 2128; x_wconf 85' lang='lat' dir='ltr'><strong>enim</strong></span> <span class='ocrx_word' id='word_1_138' title='bbox 1249 2073 1489 2126; x_wconf 91' lang='lat' dir='ltr'><strong>lectores</strong></span> <span class='ocrx_word' id='word_1_139' title='bbox 1511 2082 1701 2125; x_wconf 87' lang='lat' dir='ltr'><strong>carere</strong></span> <span class='ocrx_word' id='word_1_140' title='bbox 1735 2065 1949 2120; x_wconf 80' lang='lat' dir='ltr'><strong>facilius</strong></span> <span class='ocrx_word' id='word_1_141' title='bbox 1980 2067 2266 2133; x_wconf 82' lang='lat' dir='ltr'><strong>poterant:</strong></span> 
     </span>
    </p>
   </div>
   <div class='ocr_carea' id='block_1_21' title="bbox 694 2149 2275 2227">
    <p class='ocr_par' dir='ltr' id='par_1_21' title="bbox 694 2149 2275 2227">
     <span class='ocr_line' id='line_1_21' title="bbox 694 2149 2275 2227; baseline -0.011 -4"><span class='ocrx_word' id='word_1_142' title='bbox 694 2166 1020 2223; x_wconf 86' lang='lat' dir='ltr'><strong>Bibliearum</strong></span> <span class='ocrx_word' id='word_1_143' title='bbox 1056 2174 1238 2219; x_wconf 90' lang='lat' dir='ltr'><strong>autem</strong></span> <span class='ocrx_word' id='word_1_144' title='bbox 1270 2163 1681 2224; x_wconf 88' lang='lat' dir='ltr'><strong>auctoritatum,</strong></span> <span class='ocrx_word' id='word_1_145' title='bbox 1716 2172 1840 2227; x_wconf 86' lang='lat' dir='ltr'><strong>qu:e</strong></span> <span class='ocrx_word' id='word_1_146' title='bbox 1896 2164 1976 2210; x_wconf 90' lang='lat' dir='ltr'><strong>tot</strong></span> <span class='ocrx_word' id='word_1_147' title='bbox 2019 2169 2050 2208; x_wconf 88' lang='lat' dir='ltr'><strong>a</strong></span> <span class='ocrx_word' id='word_1_148' title='bbox 2083 2149 2275 2206; x_wconf 87' lang='lat' dir='ltr'><strong>Photio</strong></span> 
     </span>
    </p>
   </div>
   <div class='ocr_carea' id='block_1_22' title="bbox 692 2241 2274 2326">
    <p class='ocr_par' dir='ltr' id='par_1_22' title="bbox 692 2241 2274 2326">
     <span class='ocr_line' id='line_1_22' title="bbox 692 2241 2274 2326; baseline -0.013 -10"><span class='ocrx_word' id='word_1_149' title='bbox 692 2260 1008 2326; x_wconf 86' lang='lat' dir='ltr'><strong>laudantur,</strong></span> <span class='ocrx_word' id='word_1_150' title='bbox 1056 2257 1217 2314; x_wconf 87' lang='lat' dir='ltr'><strong>sedes</strong></span> <span class='ocrx_word' id='word_1_151' title='bbox 1275 2254 1525 2325; x_wconf 89' lang='lat' dir='ltr'><strong>proprias</strong></span> <span class='ocrx_word' id='word_1_152' title='bbox 1570 2253 1626 2306; x_wconf 93' lang='lat' dir='ltr'><strong>in</strong></span> <span class='ocrx_word' id='word_1_153' title='bbox 1651 2250 1776 2305; x_wconf 89' lang='lat' dir='ltr'><strong>libri</strong></span> <span class='ocrx_word' id='word_1_154' title='bbox 1812 2244 2153 2317; x_wconf 74' lang='lat' dir='ltr'><strong>marginibus</strong></span> <span class='ocrx_word' id='word_1_155' title='bbox 2182 2241 2274 2295; x_wconf 80' lang='lat' dir='ltr'><strong>de-</strong></span> 
     </span>
    </p>
   </div>
   <div class='ocr_carea' id='block_1_23' title="bbox 694 2336 2272 2425">
    <p class='ocr_par' dir='ltr' id='par_1_23' title="bbox 694 2336 2272 2425">
     <span class='ocr_line' id='line_1_23' title="bbox 694 2336 2272 2425; baseline -0.013 -19"><span class='ocrx_word' id='word_1_156' title='bbox 694 2348 1019 2425; x_wconf 87' lang='lat' dir='ltr'><strong>monstravi.</strong></span> <span class='ocrx_word' id='word_1_157' title='bbox 1079 2345 1426 2414; x_wconf 60' lang='lat' dir='ltr'><strong>Quaestiones</strong></span> <span class='ocrx_word' id='word_1_158' title='bbox 1455 2345 1625 2414; x_wconf 87' lang='lat' dir='ltr'><strong>ipsas,</strong></span> <span class='ocrx_word' id='word_1_159' title='bbox 1674 2355 1797 2412; x_wconf 67' lang='lat' dir='ltr'><strong>quae</strong></span> <span class='ocrx_word' id='word_1_160' title='bbox 1835 2339 1890 2393; x_wconf 92' lang='lat' dir='ltr'><strong>in</strong></span> <span class='ocrx_word' id='word_1_161' title='bbox 1919 2336 2109 2392; x_wconf 88' lang='lat' dir='ltr'><strong>codice</strong></span> <span class='ocrx_word' id='word_1_162' title='bbox 2137 2348 2272 2389; x_wconf 84' lang='lat' dir='ltr'><strong>con-</strong></span> 
     </span>
    </p>
   </div>
   <div class='ocr_carea' id='block_1_24' title="bbox 694 2426 2270 2504">
    <p class='ocr_par' dir='ltr' id='par_1_24' title="bbox 694 2426 2270 2504">
     <span class='ocr_line' id='line_1_24' title="bbox 694 2426 2270 2504; baseline -0.014 -3"><span class='ocrx_word' id='word_1_163' title='bbox 694 2446 934 2501; x_wconf 89' lang='lat' dir='ltr'><strong>tinenter</strong></span> <span class='ocrx_word' id='word_1_164' title='bbox 981 2442 1327 2504; x_wconf 86' lang='lat' dir='ltr'><strong>scribuntur.</strong></span> <span class='ocrx_word' id='word_1_165' title='bbox 1382 2440 1437 2492; x_wconf 91' lang='lat' dir='ltr'><strong>in</strong></span> <span class='ocrx_word' id='word_1_166' title='bbox 1471 2434 1734 2491; x_wconf 81' lang='lat' dir='ltr'><strong>atticuios</strong></span> <span class='ocrx_word' id='word_1_167' title='bbox 1758 2431 2000 2488; x_wconf 90' lang='lat' dir='ltr'><strong>minores</strong></span> <span class='ocrx_word' id='word_1_168' title='bbox 2020 2426 2270 2490; x_wconf 78' lang='lat' dir='ltr'><strong>distinxi,</strong></span> 
     </span>
    </p>
   </div>
   <div class='ocr_carea' id='block_1_25' title="bbox 696 2520 2276 2606">
    <p class='ocr_par' dir='ltr' id='par_1_25' title="bbox 696 2520 2276 2606">
     <span class='ocr_line' id='line_1_25' title="bbox 696 2520 2276 2606; baseline -0.013 -15"><span class='ocrx_word' id='word_1_169' title='bbox 696 2550 809 2606; x_wconf 92' lang='lat' dir='ltr'><strong>quo</strong></span> <span class='ocrx_word' id='word_1_170' title='bbox 843 2533 1058 2589; x_wconf 81' lang='lat' dir='ltr'><strong>scilicet</strong></span> <span class='ocrx_word' id='word_1_171' title='bbox 1103 2528 1484 2601; x_wconf 85' lang='lat' dir='ltr'><strong>perspicuitati</strong></span> <span class='ocrx_word' id='word_1_172' title='bbox 1519 2524 1795 2597; x_wconf 75' lang='lat' dir='ltr'><strong>sermonis</strong></span> <span class='ocrx_word' id='word_1_173' title='bbox 1823 2520 2191 2580; x_wconf 89' lang='lat' dir='ltr'><strong>consulerem,</strong></span> <span class='ocrx_word' id='word_1_174' title='bbox 2221 2525 2276 2572; x_wconf 92' lang='lat' dir='ltr'><strong>et</strong></span> 
     </span>
    </p>
   </div>
   <div class='ocr_carea' id='block_1_26' title="bbox 697 2611 2272 2693">
    <p class='ocr_par' dir='ltr' id='par_1_26' title="bbox 697 2611 2272 2693">
     <span class='ocr_line' id='line_1_26' title="bbox 697 2611 2272 2693; baseline -0.012 -12"><span class='ocrx_word' id='word_1_175' title='bbox 697 2627 768 2682; x_wconf 89' lang='lat' dir='ltr'><strong>iis</strong></span> <span class='ocrx_word' id='word_1_176' title='bbox 804 2625 899 2693; x_wconf 90' lang='lat' dir='ltr'><strong>qui</strong></span> <span class='ocrx_word' id='word_1_177' title='bbox 955 2623 1110 2678; x_wconf 91' lang='lat' dir='ltr'><strong>locos</strong></span> <span class='ocrx_word' id='word_1_178' title='bbox 1170 2621 1422 2676; x_wconf 90' lang='lat' dir='ltr'><strong>citabunt</strong></span> <span class='ocrx_word' id='word_1_179' title='bbox 1458 2634 1575 2674; x_wconf 87' lang='lat' dir='ltr'><strong>rem</strong></span> <span class='ocrx_word' id='word_1_180' title='bbox 1618 2614 1966 2673; x_wconf 88' lang='lat' dir='ltr'><strong>commodam</strong></span> <span class='ocrx_word' id='word_1_181' title='bbox 2010 2611 2272 2666; x_wconf 90' lang='lat' dir='ltr'><strong>facerem.</strong></span> 
     </span>
    </p>
   </div>
   <div class='ocr_carea' id='block_1_27' title="bbox 695 2711 2276 2784">
    <p class='ocr_par' dir='ltr' id='par_1_27' title="bbox 695 2711 2276 2784">
     <span class='ocr_line' id='line_1_27' title="bbox 695 2711 2276 2784; baseline -0.01 -12"><span class='ocrx_word' id='word_1_182' title='bbox 695 2714 1000 2784; x_wconf 68' lang='lat' dir='ltr'><strong>Caeteroqui</strong></span> <span class='ocrx_word' id='word_1_183' title='bbox 1041 2711 1345 2768; x_wconf 85' lang='lat' dir='ltr'><strong>ordinalem</strong></span> <span class='ocrx_word' id='word_1_184' title='bbox 1407 2717 1720 2770; x_wconf 86' lang='lat' dir='ltr'><strong>numerum.</strong></span> <span class='ocrx_word' id='word_1_185' title='bbox 1751 2719 1886 2777; x_wconf 85' lang='lat' dir='ltr'><strong>-qno</strong></span> <span class='ocrx_word' id='word_1_186' title='bbox 1935 2715 2276 2772; x_wconf 69' lang='lat' dir='ltr'><strong>unaquaeque</strong></span> 
     </span>
    </p>
   </div>
   <div class='ocr_carea' id='block_1_28' title="bbox 696 2795 2276 2878">
    <p class='ocr_par' dir='ltr' id='par_1_28' title="bbox 696 2795 2276 2878">
     <span class='ocr_line' id='line_1_28' title="bbox 696 2795 2276 2878; baseline -0.008 -19"><span class='ocrx_word' id='word_1_187' title='bbox 696 2806 928 2878; x_wconf 66' lang='lat' dir='ltr'><strong>quaestio</strong></span> <span class='ocrx_word' id='word_1_188' title='bbox 977 2812 1202 2859; x_wconf 91' lang='lat' dir='ltr'><strong>notatur</strong></span> <span class='ocrx_word' id='word_1_189' title='bbox 1241 2803 1294 2856; x_wconf 92' lang='lat' dir='ltr'><strong>in</strong></span> <span class='ocrx_word' id='word_1_190' title='bbox 1340 2801 1552 2864; x_wconf 85' lang='lat' dir='ltr'><strong>codice.</strong></span> <span class='ocrx_word' id='word_1_191' title='bbox 1598 2798 1804 2854; x_wconf 87' lang='lat' dir='ltr'><strong>ideirco</strong></span> <span class='ocrx_word' id='word_1_192' title='bbox 1850 2795 2088 2857; x_wconf 87' lang='lat' dir='ltr'><strong>servavi.</strong></span> <span class='ocrx_word' id='word_1_193' title='bbox 2124 2803 2276 2848; x_wconf 91' lang='lat' dir='ltr'><strong>utne</strong></span> 
     </span>
    </p>
   </div>
   <div class='ocr_carea' id='block_1_29' title="bbox 698 2884 2273 2966">
    <p class='ocr_par' dir='ltr' id='par_1_29' title="bbox 698 2884 2273 2966">
     <span class='ocr_line' id='line_1_29' title="bbox 698 2884 2273 2966; baseline -0.011 -14"><span class='ocrx_word' id='word_1_194' title='bbox 698 2907 815 2952; x_wconf 90' lang='lat' dir='ltr'><strong>tum</strong></span> <span class='ocrx_word' id='word_1_195' title='bbox 849 2893 1071 2966; x_wconf 89' lang='lat' dir='ltr'><strong>quidem</strong></span> <span class='ocrx_word' id='word_1_196' title='bbox 1096 2891 1306 2954; x_wconf 82' lang='lat' dir='ltr'><strong>eitand&#39;t</strong></span> <span class='ocrx_word' id='word_1_197' title='bbox 1344 2891 1486 2945; x_wconf 86' lang='lat' dir='ltr'><strong>ratio</strong></span> <span class='ocrx_word' id='word_1_198' title='bbox 1511 2889 1779 2950; x_wconf 78' lang='lat' dir='ltr'><strong>varietur,</strong></span> <span class='ocrx_word' id='word_1_199' title='bbox 1805 2901 1928 2941; x_wconf 90' lang='lat' dir='ltr'><strong>eum</strong></span> <span class='ocrx_word' id='word_1_200' title='bbox 1955 2884 2273 2937; x_wconf 87' lang='lat' dir='ltr'><strong>universum</strong></span> 
     </span>
    </p>
   </div>
   <div class='ocr_carea' id='block_1_30' title="bbox 698 2971 2277 3058">
    <p class='ocr_par' dir='ltr' id='par_1_30' title="bbox 698 2971 2277 3058">
     <span class='ocr_line' id='line_1_30' title="bbox 698 2971 2277 3058; baseline -0.011 -16"><span class='ocrx_word' id='word_1_201' title='bbox 698 3002 837 3058; x_wconf 88' lang='lat' dir='ltr'><strong>opus</strong></span> <span class='ocrx_word' id='word_1_202' title='bbox 881 2983 1142 3040; x_wconf 79' lang='lat' dir='ltr'><strong>exstabit.</strong></span> <span class='ocrx_word' id='word_1_203' title='bbox 1199 2980 1336 3037; x_wconf 83' lang='lat' dir='ltr'><strong>illud</strong></span> <span class='ocrx_word' id='word_1_204' title='bbox 1383 2978 1668 3034; x_wconf 86' lang='lat' dir='ltr'><strong>verissime</strong></span> <span class='ocrx_word' id='word_1_205' title='bbox 1698 2976 1883 3032; x_wconf 87' lang='lat' dir='ltr'><strong>testari</strong></span> <span class='ocrx_word' id='word_1_206' title='bbox 1905 2988 2066 3044; x_wconf 90' lang='lat' dir='ltr'><strong>queo,</strong></span> <span class='ocrx_word' id='word_1_207' title='bbox 2096 2987 2183 3026; x_wconf 92' lang='lat' dir='ltr'><strong>me</strong></span> <span class='ocrx_word' id='word_1_208' title='bbox 2210 2971 2277 3025; x_wconf 90' lang='lat' dir='ltr'><strong>de</strong></span> 
     </span>
    </p>
   </div>
   <div class='ocr_carea' id='block_1_31' title="bbox 697 3061 2279 3141">
    <p class='ocr_par' dir='ltr' id='par_1_31' title="bbox 697 3061 2279 3141">
     <span class='ocr_line' id='line_1_31' title="bbox 697 3061 2279 3141; baseline -0.011 -9"><span class='ocrx_word' id='word_1_209' title='bbox 697 3077 884 3133; x_wconf 87' lang='lat' dir='ltr'><strong>codice</strong></span> <span class='ocrx_word' id='word_1_210' title='bbox 906 3072 1178 3130; x_wconf 83' lang='lat' dir='ltr'><strong>Vaticano</strong></span> <span class='ocrx_word' id='word_1_211' title='bbox 1211 3069 1586 3141; x_wconf 78' lang='lat' dir='ltr'><strong>Amphilochia</strong></span> <span class='ocrx_word' id='word_1_212' title='bbox 1630 3068 1878 3123; x_wconf 91' lang='lat' dir='ltr'><strong>omnium</strong></span> <span class='ocrx_word' id='word_1_213' title='bbox 1918 3064 2090 3119; x_wconf 89' lang='lat' dir='ltr'><strong>ferme</strong></span> <span class='ocrx_word' id='word_1_214' title='bbox 2117 3061 2279 3133; x_wconf 74' lang='lat' dir='ltr'><strong>potis~</strong></span> 
     </span>
    </p>
   </div>
   <div class='ocr_carea' id='block_1_32' title="bbox 699 3155 2276 3236">
    <p class='ocr_par' dir='ltr' id='par_1_32' title="bbox 699 3155 2276 3236">
     <span class='ocr_line' id='line_1_32' title="bbox 699 3155 2276 3236; baseline -0.01 -12"><span class='ocrx_word' id='word_1_215' title='bbox 699 3168 839 3224; x_wconf 85' lang='lat' dir='ltr'><strong>sima</strong></span> <span class='ocrx_word' id='word_1_216' title='bbox 867 3165 1209 3236; x_wconf 86' lang='lat' dir='ltr'><strong>decerpsisse</strong></span> <span class='ocrx_word' id='word_1_217' title='bbox 1230 3179 1244 3228; x_wconf 90' lang='lat'><strong>;</strong></span> <span class='ocrx_word' id='word_1_218' title='bbox 1266 3177 1392 3233; x_wconf 71' lang='lat' dir='ltr'><strong>quae</strong></span> <span class='ocrx_word' id='word_1_219' title='bbox 1427 3160 1685 3216; x_wconf 89' lang='lat' dir='ltr'><strong>nimirum</strong></span> <span class='ocrx_word' id='word_1_220' title='bbox 1712 3157 1796 3212; x_wconf 88' lang='lat' dir='ltr'><strong>vel</strong></span> <span class='ocrx_word' id='word_1_221' title='bbox 1829 3157 1945 3227; x_wconf 87' lang='lat' dir='ltr'><strong>ipsa</strong></span> <span class='ocrx_word' id='word_1_222' title='bbox 1968 3155 2276 3226; x_wconf 75' lang='lat' dir='ltr'><strong>prolixitate</strong></span> 
     </span>
    </p>
   </div>
   <div class='ocr_carea' id='block_1_33' title="bbox 699 3245 2275 3326">
    <p class='ocr_par' dir='ltr' id='par_1_33' title="bbox 699 3245 2275 3326">
     <span class='ocr_line' id='line_1_33' title="bbox 699 3245 2275 3326; baseline -0.011 -9"><span class='ocrx_word' id='word_1_223' title='bbox 699 3276 820 3326; x_wconf 89' lang='lat' dir='ltr'><strong>sua,</strong></span> <span class='ocrx_word' id='word_1_224' title='bbox 889 3258 974 3314; x_wconf 87' lang='lat' dir='ltr'><strong>vel</strong></span> <span class='ocrx_word' id='word_1_225' title='bbox 1009 3264 1336 3326; x_wconf 84' lang='lat' dir='ltr'><strong>argumento</strong></span> <span class='ocrx_word' id='word_1_226' title='bbox 1359 3253 1511 3325; x_wconf 89' lang='lat' dir='ltr'><strong>gravi</strong></span> <span class='ocrx_word' id='word_1_227' title='bbox 1543 3262 1599 3309; x_wconf 91' lang='lat' dir='ltr'><strong>et</strong></span> <span class='ocrx_word' id='word_1_228' title='bbox 1637 3250 1941 3322; x_wconf 87' lang='lat' dir='ltr'><strong>theologico</strong></span> <span class='ocrx_word' id='word_1_229' title='bbox 1965 3289 1981 3316; x_wconf 95' lang='lat'><strong>,</strong></span> <span class='ocrx_word' id='word_1_230' title='bbox 2033 3246 2120 3303; x_wconf 88' lang='lat' dir='ltr'><strong>vel</strong></span> <span class='ocrx_word' id='word_1_231' title='bbox 2170 3245 2275 3301; x_wconf 84' lang='lat' dir='ltr'><strong>do-</strong></span> 
     </span>
    </p>
   </div>
   <div class='ocr_carea' id='block_1_34' title="bbox 698 3335 2281 3409">
    <p class='ocr_par' dir='ltr' id='par_1_34' title="bbox 698 3335 2281 3409">
     <span class='ocr_line' id='line_1_34' title="bbox 698 3335 2281 3409; baseline -0.01 -3"><span class='ocrx_word' id='word_1_232' title='bbox 698 3352 893 3406; x_wconf 77' lang='lat' dir='ltr'><strong>ctrina:</strong></span> <span class='ocrx_word' id='word_1_233' title='bbox 918 3347 1232 3409; x_wconf 85' lang='lat' dir='ltr'><strong>altitudine,</strong></span> <span class='ocrx_word' id='word_1_234' title='bbox 1257 3345 1339 3398; x_wconf 89' lang='lat' dir='ltr'><strong>vcl</strong></span> <span class='ocrx_word' id='word_1_235' title='bbox 1360 3345 1600 3399; x_wconf 87' lang='lat' dir='ltr'><strong>novitate</strong></span> <span class='ocrx_word' id='word_1_236' title='bbox 1624 3343 1805 3408; x_wconf 88' lang='lat' dir='ltr'><strong>aliqua</strong></span> <span class='ocrx_word' id='word_1_237' title='bbox 1822 3335 2281 3395; x_wconf 88' lang='lat' dir='ltr'><strong>commendaban-</strong></span> 
     </span>
    </p>
   </div>
   <div class='ocr_carea' id='block_1_35' title="bbox 701 3431 2282 3512">
    <p class='ocr_par' dir='ltr' id='par_1_35' title="bbox 701 3431 2282 3512">
     <span class='ocr_line' id='line_1_35' title="bbox 701 3431 2282 3512; baseline -0.013 -11"><span class='ocrx_word' id='word_1_238' title='bbox 701 3458 812 3510; x_wconf 91' lang='lat' dir='ltr'><strong>tur.</strong></span> <span class='ocrx_word' id='word_1_239' title='bbox 838 3452 894 3499; x_wconf 90' lang='lat' dir='ltr'><strong>et</strong></span> <span class='ocrx_word' id='word_1_240' title='bbox 929 3457 1051 3512; x_wconf 71' lang='lat' dir='ltr'><strong>qum</strong></span> <span class='ocrx_word' id='word_1_241' title='bbox 1097 3453 1275 3508; x_wconf 87' lang='lat' dir='ltr'><strong>neque</strong></span> <span class='ocrx_word' id='word_1_242' title='bbox 1300 3452 1424 3492; x_wconf 92' lang='lat' dir='ltr'><strong>cum</strong></span> <span class='ocrx_word' id='word_1_243' title='bbox 1463 3433 1852 3502; x_wconf 84' lang='lat' dir='ltr'><strong>Amphilochiis</strong></span> <span class='ocrx_word' id='word_1_244' title='bbox 1881 3431 2065 3494; x_wconf 83' lang='lat' dir='ltr'><strong>editis,</strong></span> <span class='ocrx_word' id='word_1_245' title='bbox 2104 3441 2282 3497; x_wconf 88' lang='lat' dir='ltr'><strong>neque</strong></span> 
     </span>
    </p>
   </div>
   <div class='ocr_carea' id='block_1_36' title="bbox 701 3517 2279 3602">
    <p class='ocr_par' dir='ltr' id='par_1_36' title="bbox 701 3517 2279 3602">
     <span class='ocr_line' id='line_1_36' title="bbox 701 3517 2279 3602; baseline -0.012 -11"><span class='ocrx_word' id='word_1_246' title='bbox 701 3551 894 3591; x_wconf 77' lang='lat' dir='ltr'><strong>rursus</strong></span> <span class='ocrx_word' id='word_1_247' title='bbox 910 3547 1036 3590; x_wconf 93' lang='lat' dir='ltr'><strong>cum</strong></span> <span class='ocrx_word' id='word_1_248' title='bbox 1066 3529 1318 3602; x_wconf 87' lang='lat' dir='ltr'><strong>epistolis</strong></span> <span class='ocrx_word' id='word_1_249' title='bbox 1350 3526 1747 3598; x_wconf 86' lang='lat' dir='ltr'><strong>congruebant.</strong></span> <span class='ocrx_word' id='word_1_250' title='bbox 1799 3520 2055 3576; x_wconf 77' lang='lat' dir='ltr'><strong>Profecto</strong></span> <span class='ocrx_word' id='word_1_251' title='bbox 2101 3519 2156 3573; x_wconf 90' lang='lat' dir='ltr'><strong>in</strong></span> <span class='ocrx_word' id='word_1_252' title='bbox 2192 3517 2279 3572; x_wconf 89' lang='lat' dir='ltr'><strong>his</strong></span> 
     </span>
    </p>
   </div>
   <div class='ocr_carea' id='block_1_37' title="bbox 702 3609 2279 3688">
    <p class='ocr_par' dir='ltr' id='par_1_37' title="bbox 702 3609 2279 3688">
     <span class='ocr_line' id='line_1_37' title="bbox 702 3609 2279 3688; baseline -0.012 -5"><span class='ocrx_word' id='word_1_253' title='bbox 702 3636 850 3683; x_wconf 84' lang='lat' dir='ltr'><strong>tanta</strong></span> <span class='ocrx_word' id='word_1_254' title='bbox 878 3625 954 3680; x_wconf 88' lang='lat' dir='ltr'><strong>rei</strong></span> <span class='ocrx_word' id='word_1_255' title='bbox 989 3623 1147 3677; x_wconf 67' lang='lat' dir='ltr'><strong>bona</strong></span> <span class='ocrx_word' id='word_1_256' title='bbox 1194 3619 1355 3688; x_wconf 89' lang='lat' dir='ltr'><strong>copia</strong></span> <span class='ocrx_word' id='word_1_257' title='bbox 1404 3626 1512 3677; x_wconf 87' lang='lat' dir='ltr'><strong>est,</strong></span> <span class='ocrx_word' id='word_1_258' title='bbox 1576 3625 1635 3670; x_wconf 94' lang='lat' dir='ltr'><strong>ut</strong></span> <span class='ocrx_word' id='word_1_259' title='bbox 1681 3629 1820 3684; x_wconf 85' lang='lat' dir='ltr'><strong>quas</strong></span> <span class='ocrx_word' id='word_1_260' title='bbox 1866 3613 1933 3667; x_wconf 90' lang='lat' dir='ltr'><strong>de</strong></span> <span class='ocrx_word' id='word_1_261' title='bbox 1962 3614 2067 3666; x_wconf 90' lang='lat' dir='ltr'><strong>hoc</strong></span> <span class='ocrx_word' id='word_1_262' title='bbox 2096 3609 2279 3680; x_wconf 88' lang='lat' dir='ltr'><strong>Opere</strong></span> 
     </span>
    </p>
   </div>
   <div class='ocr_carea' id='block_1_38' title="bbox 699 3705 2280 3776">
    <p class='ocr_par' dir='ltr' id='par_1_38' title="bbox 699 3705 2280 3776">
     <span class='ocr_line' id='line_1_38' title="bbox 699 3705 2280 3776; baseline -0.012 0"><span class='ocrx_word' id='word_1_263' title='bbox 699 3720 889 3776; x_wconf 90' lang='lat' dir='ltr'><strong>laudes</strong></span> <span class='ocrx_word' id='word_1_264' title='bbox 909 3717 1166 3776; x_wconf 81' lang='lat' dir='ltr'><strong>Allatius,</strong></span> <span class='ocrx_word' id='word_1_265' title='bbox 1190 3711 1451 3775; x_wconf 83' lang='lat' dir='ltr'><strong>Wolfius,</strong></span> <span class='ocrx_word' id='word_1_266' title='bbox 1481 3708 1805 3773; x_wconf 77' lang='lat' dir='ltr'><strong>Andresius,</strong></span> <span class='ocrx_word' id='word_1_267' title='bbox 1838 3709 2063 3762; x_wconf 84' lang='lat' dir='ltr'><strong>Scottus</strong></span> <span class='ocrx_word' id='word_1_268' title='bbox 2078 3705 2280 3774; x_wconf 89' lang='lat' dir='ltr'><strong>aliique</strong></span> 
     </span>
    </p>
   </div>
   <div class='ocr_carea' id='block_1_39' title="bbox 698 3806 2275 3883">
    <p class='ocr_par' dir='ltr' id='par_1_39' title="bbox 698 3806 2275 3883">
     <span class='ocr_line' id='line_1_39' title="bbox 698 3806 2275 3883; baseline -0.013 -16"><span class='ocrx_word' id='word_1_269' title='bbox 698 3813 862 3883; x_wconf 87' lang='lat' dir='ltr'><strong>pleno</strong></span> <span class='ocrx_word' id='word_1_270' title='bbox 905 3823 1000 3865; x_wconf 92' lang='lat' dir='ltr'><strong>ore</strong></span> <span class='ocrx_word' id='word_1_271' title='bbox 1047 3806 1521 3878; x_wconf 66' lang='lat' dir='ltr'><strong>pradicaverunt.</strong></span> <span class='ocrx_word' id='word_1_272' title='bbox 1585 3816 1680 3856; x_wconf 91' lang='lat' dir='ltr'><strong>eas</strong></span> <span class='ocrx_word' id='word_1_273' title='bbox 1739 3814 1923 3862; x_wconf 90' lang='lat' dir='ltr'><strong>nemo,</strong></span> <span class='ocrx_word' id='word_1_274' title='bbox 1973 3807 2033 3852; x_wconf 89' lang='lat' dir='ltr'><strong>ut</strong></span> <span class='ocrx_word' id='word_1_275' title='bbox 2090 3807 2275 3866; x_wconf 89' lang='lat' dir='ltr'><strong>spero,</strong></span> 
     </span>
    </p>
   </div>
   <div class='ocr_carea' id='block_1_40' title="bbox 700 3887 2279 3971">
    <p class='ocr_par' dir='ltr' id='par_1_40' title="bbox 700 3887 2279 3971">
     <span class='ocr_line' id='line_1_40' title="bbox 700 3887 2279 3971; baseline -0.012 -13"><span class='ocrx_word' id='word_1_276' title='bbox 700 3903 896 3958; x_wconf 87' lang='lat' dir='ltr'><strong>nimias</strong></span> <span class='ocrx_word' id='word_1_277' title='bbox 920 3899 1268 3971; x_wconf 77' lang='lat' dir='ltr'><strong>iudicaturus</strong></span> <span class='ocrx_word' id='word_1_278' title='bbox 1298 3896 1393 3951; x_wconf 93' lang='lat' dir='ltr'><strong>sit.</strong></span> <span class='ocrx_word' id='word_1_279' title='bbox 1453 3892 1584 3948; x_wconf 77' lang='lat' dir='ltr'><strong>Mihi</strong></span> <span class='ocrx_word' id='word_1_280' title='bbox 1625 3907 1754 3948; x_wconf 89' lang='lat' dir='ltr'><strong>vero</strong></span> <span class='ocrx_word' id='word_1_281' title='bbox 1784 3889 2046 3961; x_wconf 88' lang='lat' dir='ltr'><strong>cogitanti</strong></span> <span class='ocrx_word' id='word_1_282' title='bbox 2079 3887 2279 3958; x_wconf 83' lang='lat' dir='ltr'><strong>permi-</strong></span> 
     </span>
    </p>
   </div>
   <div class='ocr_carea' id='block_1_41' title="bbox 699 3976 2276 4056">
    <p class='ocr_par' dir='ltr' id='par_1_41' title="bbox 699 3976 2276 4056">
     <span class='ocr_line' id='line_1_41' title="bbox 699 3976 2276 4056; baseline -0.012 -7"><span class='ocrx_word' id='word_1_283' title='bbox 699 4009 823 4050; x_wconf 90' lang='lat' dir='ltr'><strong>rum</strong></span> <span class='ocrx_word' id='word_1_284' title='bbox 852 3990 1024 4046; x_wconf 90' lang='lat' dir='ltr'><strong>videri</strong></span> <span class='ocrx_word' id='word_1_285' title='bbox 1058 3988 1218 4053; x_wconf 85' lang='lat' dir='ltr'><strong>solet,</strong></span> <span class='ocrx_word' id='word_1_286' title='bbox 1279 3986 1377 4056; x_wconf 92' lang='lat' dir='ltr'><strong>qui</strong></span> <span class='ocrx_word' id='word_1_287' title='bbox 1427 3985 1543 4039; x_wconf 88' lang='lat' dir='ltr'><strong>lleri</strong></span> <span class='ocrx_word' id='word_1_288' title='bbox 1597 3983 1838 4054; x_wconf 90' lang='lat' dir='ltr'><strong>potuerit</strong></span> <span class='ocrx_word' id='word_1_289' title='bbox 1870 3991 1928 4035; x_wconf 92' lang='lat' dir='ltr'><strong>ut</strong></span> <span class='ocrx_word' id='word_1_290' title='bbox 1957 3979 2186 4034; x_wconf 87' lang='lat' dir='ltr'><strong>Photius</strong></span> <span class='ocrx_word' id='word_1_291' title='bbox 2222 3976 2276 4030; x_wconf 89' lang='lat' dir='ltr'><strong>iu</strong></span> 
     </span>
    </p>
   </div>
   <div class='ocr_carea' id='block_1_42' title="bbox 699 4068 2278 4144">
    <p class='ocr_par' dir='ltr' id='par_1_42' title="bbox 699 4068 2278 4144">
     <span class='ocr_line' id='line_1_42' title="bbox 699 4068 2278 4144; baseline -0.013 -2"><span class='ocrx_word' id='word_1_292' title='bbox 699 4081 1057 4142; x_wconf 59' lang='lat' dir='ltr'><strong>saecularibus</strong></span> <span class='ocrx_word' id='word_1_293' title='bbox 1089 4079 1238 4135; x_wconf 89' lang='lat' dir='ltr'><strong>euris</strong></span> <span class='ocrx_word' id='word_1_294' title='bbox 1265 4077 1554 4132; x_wconf 91' lang='lat' dir='ltr'><strong>muneribu</strong></span> <span class='ocrx_word' id='word_1_295' title='bbox 1575 4089 1710 4144; x_wconf 85' lang='lat' dir='ltr'><strong>sque</strong></span> <span class='ocrx_word' id='word_1_296' title='bbox 1728 4081 1972 4128; x_wconf 88' lang='lat' dir='ltr'><strong>versatus</strong></span> <span class='ocrx_word' id='word_1_297' title='bbox 2001 4086 2178 4140; x_wconf 86' lang='lat' dir='ltr'><strong>usque</strong></span> <span class='ocrx_word' id='word_1_298' title='bbox 2210 4068 2278 4123; x_wconf 91' lang='lat' dir='ltr'><strong>ad</strong></span> 
     </span>
    </p>
   </div>
   <div class='ocr_carea' id='block_1_43' title="bbox 697 4161 2276 4246">
    <p class='ocr_par' dir='ltr' id='par_1_43' title="bbox 697 4161 2276 4246">
     <span class='ocr_line' id='line_1_43' title="bbox 697 4161 2276 4246; baseline -0.01 -16"><span class='ocrx_word' id='word_1_299' title='bbox 697 4174 1097 4246; x_wconf 83' lang='lat' dir='ltr'><strong>episcopatum.</strong></span> <span class='ocrx_word' id='word_1_300' title='bbox 1153 4169 1221 4224; x_wconf 90' lang='lat' dir='ltr'><strong>ad</strong></span> <span class='ocrx_word' id='word_1_301' title='bbox 1268 4183 1432 4239; x_wconf 88' lang='lat' dir='ltr'><strong>quem</strong></span> <span class='ocrx_word' id='word_1_302' title='bbox 1496 4167 1671 4222; x_wconf 87' lang='lat' dir='ltr'><strong>laicus</strong></span> <span class='ocrx_word' id='word_1_303' title='bbox 1701 4165 1884 4222; x_wconf 91' lang='lat' dir='ltr'><strong>subito</strong></span> <span class='ocrx_word' id='word_1_304' title='bbox 1913 4175 2134 4219; x_wconf 84' lang='lat' dir='ltr'><strong>evectus</strong></span> <span class='ocrx_word' id='word_1_305' title='bbox 2153 4161 2276 4225; x_wconf 90' lang='lat' dir='ltr'><strong>fuit,</strong></span> 
     </span>
    </p>
   </div>
   <div class='ocr_carea' id='block_1_44' title="bbox 700 4251 2276 4328">
    <p class='ocr_par' dir='ltr' id='par_1_44' title="bbox 700 4251 2276 4328">
     <span class='ocr_line' id='line_1_44' title="bbox 700 4251 2276 4328; baseline -0.01 -7"><span class='ocrx_word' id='word_1_306' title='bbox 700 4275 903 4321; x_wconf 79' lang='lat' dir='ltr'><strong>tantam</strong></span> <span class='ocrx_word' id='word_1_307' title='bbox 927 4262 1239 4318; x_wconf 89' lang='lat' dir='ltr'><strong>divinarum</strong></span> <span class='ocrx_word' id='word_1_308' title='bbox 1276 4258 1685 4328; x_wconf 88' lang='lat' dir='ltr'><strong>Scripturarum</strong></span> <span class='ocrx_word' id='word_1_309' title='bbox 1726 4265 1891 4326; x_wconf 89' lang='lat' dir='ltr'><strong>atque</strong></span> <span class='ocrx_word' id='word_1_310' title='bbox 1921 4251 2276 4311; x_wconf 89' lang='lat' dir='ltr'><strong>abstrusioris</strong></span> 
     </span>
    </p>
   </div>
   <div class='ocr_carea' id='block_1_45' title="bbox 700 4344 2273 4422">
    <p class='ocr_par' dir='ltr' id='par_1_45' title="bbox 700 4344 2273 4422">
     <span class='ocr_line' id='line_1_45' title="bbox 700 4344 2273 4422; baseline -0.009 -13"><span class='ocrx_word' id='word_1_311' title='bbox 700 4352 985 4422; x_wconf 70' lang='lat' dir='ltr'><strong>theologia</strong></span> <span class='ocrx_word' id='word_1_312' title='bbox 1035 4349 1286 4405; x_wconf 85' lang='lat' dir='ltr'><strong>notitiam</strong></span> <span class='ocrx_word' id='word_1_313' title='bbox 1339 4347 1767 4417; x_wconf 76' lang='lat' dir='ltr'><strong>facultatemque</strong></span> <span class='ocrx_word' id='word_1_314' title='bbox 1815 4345 2048 4414; x_wconf 86' lang='lat' dir='ltr'><strong>adeptus</strong></span> <span class='ocrx_word' id='word_1_315' title='bbox 2089 4344 2273 4397; x_wconf 86' lang='lat' dir='ltr'><strong>fuerit.</strong></span> 
     </span>
    </p>
   </div>
   <div class='ocr_carea' id='block_1_46' title="bbox 699 4436 2277 4504">
    <p class='ocr_par' dir='ltr' id='par_1_46' title="bbox 699 4436 2277 4504">
     <span class='ocr_line' id='line_1_46' title="bbox 699 4436 2277 4504; baseline -0.006 -5"><span class='ocrx_word' id='word_1_316' title='bbox 699 4441 836 4499; x_wconf 80' lang='lat' dir='ltr'><strong>Tres</strong></span> <span class='ocrx_word' id='word_1_317' title='bbox 891 4451 1074 4497; x_wconf 86' lang='lat' dir='ltr'><strong>tamen</strong></span> <span class='ocrx_word' id='word_1_318' title='bbox 1127 4441 1184 4495; x_wconf 91' lang='lat' dir='ltr'><strong>in</strong></span> <span class='ocrx_word' id='word_1_319' title='bbox 1237 4438 1445 4494; x_wconf 88' lang='lat' dir='ltr'><strong>Latinis</strong></span> <span class='ocrx_word' id='word_1_320' title='bbox 1501 4436 2106 4499; x_wconf 88' lang='lat' dir='ltr'><strong>oceurruntPatrihus,</strong></span> <span class='ocrx_word' id='word_1_321' title='bbox 2136 4449 2277 4504; x_wconf 91' lang='lat' dir='ltr'><strong>quos</strong></span> 
     </span>
    </p>
   </div>
   <div class='ocr_carea' id='block_1_47' title="bbox 697 4526 2276 4604">
    <p class='ocr_par' dir='ltr' id='par_1_47' title="bbox 697 4526 2276 4604">
     <span class='ocr_line' id='line_1_47' title="bbox 697 4526 2276 4604; baseline -0.006 -17"><span class='ocrx_word' id='word_1_322' title='bbox 697 4548 856 4604; x_wconf 67' lang='lat' dir='ltr'><strong>aquo</strong></span> <span class='ocrx_word' id='word_1_323' title='bbox 878 4531 1004 4602; x_wconf 86' lang='lat' dir='ltr'><strong>jure</strong></span> <span class='ocrx_word' id='word_1_324' title='bbox 1031 4529 1213 4585; x_wconf 82' lang='lat' dir='ltr'><strong>Photii</strong></span> <span class='ocrx_word' id='word_1_325' title='bbox 1246 4529 1468 4601; x_wconf 92' lang='lat' dir='ltr'><strong>ingenio</strong></span> <span class='ocrx_word' id='word_1_326' title='bbox 1501 4541 1880 4598; x_wconf 84' lang='lat' dir='ltr'><strong>opponamus;</strong></span> <span class='ocrx_word' id='word_1_327' title='bbox 1933 4526 2099 4595; x_wconf 84' lang='lat' dir='ltr'><strong>hique</strong></span> <span class='ocrx_word' id='word_1_328' title='bbox 2146 4533 2276 4579; x_wconf 91' lang='lat' dir='ltr'><strong>sunt</strong></span> 
     </span>
    </p>
   </div>
   <div class='ocr_carea' id='block_1_48' title="bbox 699 4619 2275 4696">
    <p class='ocr_par' dir='ltr' id='par_1_48' title="bbox 699 4619 2275 4696">
     <span class='ocr_line' id='line_1_48' title="bbox 699 4619 2275 4696; baseline -0.006 -16"><span class='ocrx_word' id='word_1_329' title='bbox 699 4624 1025 4696; x_wconf 82' lang='lat' dir='ltr'><strong>Cyprianus,</strong></span> <span class='ocrx_word' id='word_1_330' title='bbox 1055 4621 1401 4684; x_wconf 85' lang='lat' dir='ltr'><strong>Ambrosius,</strong></span> <span class='ocrx_word' id='word_1_331' title='bbox 1435 4629 1600 4689; x_wconf 86' lang='lat' dir='ltr'><strong>atque</strong></span> <span class='ocrx_word' id='word_1_332' title='bbox 1638 4619 2012 4688; x_wconf 77' lang='lat' dir='ltr'><strong>Augustinus;</strong></span> <span class='ocrx_word' id='word_1_333' title='bbox 2040 4632 2275 4686; x_wconf 87' lang='lat' dir='ltr'><strong>quorum</strong></span> 
     </span>
    </p>
   </div>
   <div class='ocr_carea' id='block_1_49' title="bbox 701 4707 2277 4789">
    <p class='ocr_par' dir='ltr' id='par_1_49' title="bbox 701 4707 2277 4789">
     <span class='ocr_line' id='line_1_49' title="bbox 701 4707 2277 4789; baseline -0.007 -17"><span class='ocrx_word' id='word_1_334' title='bbox 701 4717 913 4789; x_wconf 86' lang='lat' dir='ltr'><strong>primus</strong></span> <span class='ocrx_word' id='word_1_335' title='bbox 949 4729 982 4769; x_wconf 86' lang='lat' dir='ltr'><strong>a</strong></span> <span class='ocrx_word' id='word_1_336' title='bbox 1021 4713 1141 4769; x_wconf 91' lang='lat' dir='ltr'><strong>foro</strong></span> <span class='ocrx_word' id='word_1_337' title='bbox 1171 4721 1229 4768; x_wconf 90' lang='lat' dir='ltr'><strong>et</strong></span> <span class='ocrx_word' id='word_1_338' title='bbox 1259 4711 1562 4767; x_wconf 85' lang='lat' dir='ltr'><strong>honoribus</strong></span> <span class='ocrx_word' id='word_1_339' title='bbox 1601 4711 1668 4765; x_wconf 90' lang='lat' dir='ltr'><strong>ad</strong></span> <span class='ocrx_word' id='word_1_340' title='bbox 1700 4709 2070 4764; x_wconf 83' lang='lat' dir='ltr'><strong>sanetuarium</strong></span> <span class='ocrx_word' id='word_1_341' title='bbox 2095 4707 2277 4762; x_wconf 88' lang='lat' dir='ltr'><strong>subito</strong></span> 
     </span>
    </p>
   </div>
   <div class='ocr_carea' id='block_1_50' title="bbox 700 4798 2278 4873">
    <p class='ocr_par' dir='ltr' id='par_1_50' title="bbox 700 4798 2278 4873">
     <span class='ocr_line' id='line_1_50' title="bbox 700 4798 2278 4873; baseline -0.005 -11"><span class='ocrx_word' id='word_1_342' title='bbox 700 4806 942 4873; x_wconf 84' lang='lat' dir='ltr'><strong>transiit,</strong></span> <span class='ocrx_word' id='word_1_343' title='bbox 984 4813 1040 4861; x_wconf 91' lang='lat' dir='ltr'><strong>et</strong></span> <span class='ocrx_word' id='word_1_344' title='bbox 1063 4813 1248 4859; x_wconf 91' lang='lat' dir='ltr'><strong>tamen</strong></span> <span class='ocrx_word' id='word_1_345' title='bbox 1281 4803 1335 4856; x_wconf 92' lang='lat' dir='ltr'><strong>in</strong></span> <span class='ocrx_word' id='word_1_346' title='bbox 1367 4801 1705 4856; x_wconf 89' lang='lat' dir='ltr'><strong>acutissimis</strong></span> <span class='ocrx_word' id='word_1_347' title='bbox 1732 4798 1986 4855; x_wconf 70' lang='lat' dir='ltr'><strong>Ecclesiae</strong></span> <span class='ocrx_word' id='word_1_348' title='bbox 2012 4799 2278 4869; x_wconf 79' lang='lat' dir='ltr'><strong>theologis</strong></span> 
     </span>
    </p>
   </div>
   <div class='ocr_carea' id='block_1_51' title="bbox 700 4890 2277 4968">
    <p class='ocr_par' dir='ltr' id='par_1_51' title="bbox 700 4890 2277 4968">
     <span class='ocr_line' id='line_1_51' title="bbox 700 4890 2277 4968; baseline -0.006 -15"><span class='ocrx_word' id='word_1_349' title='bbox 700 4905 1006 4968; x_wconf 88' lang='lat' dir='ltr'><strong>reputatur.</strong></span> <span class='ocrx_word' id='word_1_350' title='bbox 1029 4894 1319 4950; x_wconf 86' lang='lat' dir='ltr'><strong>Secundus</strong></span> <span class='ocrx_word' id='word_1_351' title='bbox 1356 4907 1388 4947; x_wconf 89' lang='lat' dir='ltr'><strong>a</strong></span> <span class='ocrx_word' id='word_1_352' title='bbox 1414 4892 1661 4948; x_wconf 68' lang='lat' dir='ltr'><strong>saeculari</strong></span> <span class='ocrx_word' id='word_1_353' title='bbox 1693 4890 1926 4960; x_wconf 69' lang='lat' dir='ltr'><strong>Liguriae</strong></span> <span class='ocrx_word' id='word_1_354' title='bbox 1956 4890 2277 4960; x_wconf 75' lang='lat' dir='ltr'><strong>praefectura</strong></span> 
     </span>
    </p>
   </div>
   <div class='ocr_carea' id='block_1_52' title="bbox 700 4984 2278 5056">
    <p class='ocr_par' dir='ltr' id='par_1_52' title="bbox 700 4984 2278 5056">
     <span class='ocr_line' id='line_1_52' title="bbox 700 4984 2278 5056; baseline -0.006 -9"><span class='ocrx_word' id='word_1_355' title='bbox 700 4993 770 5047; x_wconf 90' lang='lat' dir='ltr'><strong>ad</strong></span> <span class='ocrx_word' id='word_1_356' title='bbox 799 4985 1005 5046; x_wconf 78' lang='lat' dir='ltr'><strong>infulas</strong></span> <span class='ocrx_word' id='word_1_357' title='bbox 1026 4994 1250 5056; x_wconf 83' lang='lat' dir='ltr'><strong>repente</strong></span> <span class='ocrx_word' id='word_1_358' title='bbox 1287 4993 1497 5055; x_wconf 89' lang='lat' dir='ltr'><strong>raptus.</strong></span> <span class='ocrx_word' id='word_1_359' title='bbox 1536 4984 1897 5038; x_wconf 83' lang='lat' dir='ltr'><strong>nihilominus</strong></span> <span class='ocrx_word' id='word_1_360' title='bbox 1921 4990 2125 5037; x_wconf 84' lang='lat' dir='ltr'><strong>tantam</strong></span> <span class='ocrx_word' id='word_1_361' title='bbox 2153 5000 2278 5038; x_wconf 78' lang='lat' dir='ltr'><strong>mox</strong></span> 
     </span>
    </p>
   </div>
   <div class='ocr_carea' id='block_1_53' title="bbox 699 5078 2277 5148">
    <p class='ocr_par' dir='ltr' id='par_1_53' title="bbox 699 5078 2277 5148">
     <span class='ocr_line' id='line_1_53' title="bbox 699 5078 2277 5148; baseline -0.003 -9"><span class='ocrx_word' id='word_1_362' title='bbox 699 5083 922 5139; x_wconf 86' lang='lat' dir='ltr'><strong>edidicit</strong></span> <span class='ocrx_word' id='word_1_363' title='bbox 981 5096 1153 5136; x_wconf 73' lang='lat' dir='ltr'><strong>sacra:</strong></span> <span class='ocrx_word' id='word_1_364' title='bbox 1207 5078 1470 5134; x_wconf 74' lang='lat' dir='ltr'><strong>doctrinae</strong></span> <span class='ocrx_word' id='word_1_365' title='bbox 1516 5079 1766 5147; x_wconf 88' lang='lat' dir='ltr'><strong>copiam,</strong></span> <span class='ocrx_word' id='word_1_366' title='bbox 1826 5087 2086 5148; x_wconf 88' lang='lat' dir='ltr'><strong>quantam</strong></span> <span class='ocrx_word' id='word_1_367' title='bbox 2134 5080 2277 5134; x_wconf 89' lang='lat' dir='ltr'><strong>edita</strong></span> 
     </span>
    </p>
   </div>
   <div class='ocr_carea' id='block_1_54' title="bbox 699 5171 2278 5247">
    <p class='ocr_par' dir='ltr' id='par_1_54' title="bbox 699 5171 2278 5247">
     <span class='ocr_line' id='line_1_54' title="bbox 699 5171 2278 5247; baseline -0.004 -16"><span class='ocrx_word' id='word_1_368' title='bbox 699 5176 826 5247; x_wconf 72' lang='lat' dir='ltr'><strong>eius</strong></span> <span class='ocrx_word' id='word_1_369' title='bbox 850 5188 1017 5244; x_wconf 81' lang='lat' dir='ltr'><strong>opera</strong></span> <span class='ocrx_word' id='word_1_370' title='bbox 1049 5172 1461 5235; x_wconf 80' lang='lat' dir='ltr'><strong>demonstrant;</strong></span> <span class='ocrx_word' id='word_1_371' title='bbox 1514 5179 1709 5239; x_wconf 74' lang='lat' dir='ltr'><strong>praeter</strong></span> <span class='ocrx_word' id='word_1_372' title='bbox 1763 5171 1852 5224; x_wconf 89' lang='lat' dir='ltr'><strong>illa</strong></span> <span class='ocrx_word' id='word_1_373' title='bbox 1895 5186 2017 5240; x_wconf 73' lang='lat' dir='ltr'><strong>quae</strong></span> <span class='ocrx_word' id='word_1_374' title='bbox 2038 5171 2278 5225; x_wconf 88' lang='lat' dir='ltr'><strong>celeber-</strong></span> 
     </span>
    </p>
   </div>
   <div class='ocr_carea' id='block_1_55' title="bbox 701 5261 2278 5333">
    <p class='ocr_par' dir='ltr' id='par_1_55' title="bbox 701 5261 2278 5333">
     <span class='ocr_line' id='line_1_55' title="bbox 701 5261 2278 5333; baseline -0.003 -10"><span class='ocrx_word' id='word_1_375' title='bbox 701 5269 845 5323; x_wconf 88' lang='lat' dir='ltr'><strong>rima</strong></span> <span class='ocrx_word' id='word_1_376' title='bbox 864 5266 1020 5328; x_wconf 91' lang='lat' dir='ltr'><strong>olim.</strong></span> <span class='ocrx_word' id='word_1_377' title='bbox 1047 5277 1192 5318; x_wconf 90' lang='lat' dir='ltr'><strong>nunc</strong></span> <span class='ocrx_word' id='word_1_378' title='bbox 1211 5261 1414 5317; x_wconf 89' lang='lat' dir='ltr'><strong>amissa</strong></span> <span class='ocrx_word' id='word_1_379' title='bbox 1442 5262 1752 5332; x_wconf 93' lang='lat' dir='ltr'><strong>querimur.</strong></span> <span class='ocrx_word' id='word_1_380' title='bbox 1787 5262 2128 5333; x_wconf 81' lang='lat' dir='ltr'><strong>Augustinus</strong></span> <span class='ocrx_word' id='word_1_381' title='bbox 2149 5265 2278 5318; x_wconf 90' lang='lat' dir='ltr'><strong>item</strong></span> 
     </span>
    </p>
   </div>
   <div class='ocr_carea' id='block_1_56' title="bbox 701 5350 2281 5427">
    <p class='ocr_par' dir='ltr' id='par_1_56' title="bbox 701 5350 2281 5427">
     <span class='ocr_line' id='line_1_56' title="bbox 701 5350 2281 5427; baseline -0.002 -18"><span class='ocrx_word' id='word_1_382' title='bbox 701 5354 950 5427; x_wconf 83' lang='lat' dir='ltr'><strong>profanis</strong></span> <span class='ocrx_word' id='word_1_383' title='bbox 977 5351 1179 5409; x_wconf 87' lang='lat' dir='ltr'><strong>studiis</strong></span> <span class='ocrx_word' id='word_1_384' title='bbox 1209 5365 1386 5422; x_wconf 86' lang='lat' dir='ltr'><strong>usque</strong></span> <span class='ocrx_word' id='word_1_385' title='bbox 1410 5350 1478 5404; x_wconf 91' lang='lat' dir='ltr'><strong>ad</strong></span> <span class='ocrx_word' id='word_1_386' title='bbox 1531 5350 1770 5404; x_wconf 88' lang='lat' dir='ltr'><strong>adultam</strong></span> <span class='ocrx_word' id='word_1_387' title='bbox 1801 5361 2011 5406; x_wconf 72' lang='lat' dir='ltr'><strong>aetatem</strong></span> <span class='ocrx_word' id='word_1_388' title='bbox 2045 5352 2281 5407; x_wconf 81' lang='lat' dir='ltr'><strong>innutri-</strong></span> 
     </span>
    </p>
   </div>
   <div class='ocr_carea' id='block_1_57' title="bbox 703 5441 2278 5513">
    <p class='ocr_par' dir='ltr' id='par_1_57' title="bbox 703 5441 2278 5513">
     <span class='ocr_line' id='line_1_57' title="bbox 703 5441 2278 5513; baseline -0.004 -10"><span class='ocrx_word' id='word_1_389' title='bbox 703 5458 816 5512; x_wconf 91' lang='lat' dir='ltr'><strong>tus,</strong></span> <span class='ocrx_word' id='word_1_390' title='bbox 843 5444 992 5500; x_wconf 87' lang='lat' dir='ltr'><strong>brevi</strong></span> <span class='ocrx_word' id='word_1_391' title='bbox 1027 5458 1152 5498; x_wconf 79' lang='lat' dir='ltr'><strong>mox</strong></span> <span class='ocrx_word' id='word_1_392' title='bbox 1205 5442 1506 5498; x_wconf 79' lang='lat' dir='ltr'><strong>maximum</strong></span> <span class='ocrx_word' id='word_1_393' title='bbox 1559 5441 1740 5496; x_wconf 91' lang='lat' dir='ltr'><strong>omnis</strong></span> <span class='ocrx_word' id='word_1_394' title='bbox 1784 5442 2066 5513; x_wconf 72' lang='lat' dir='ltr'><strong>theologia:</strong></span> <span class='ocrx_word' id='word_1_395' title='bbox 2095 5443 2278 5497; x_wconf 88' lang='lat' dir='ltr'><strong>lumen</strong></span> 
     </span>
    </p>
   </div>
   <div class='ocr_carea' id='block_1_58' title="bbox 704 5533 2280 5604">
    <p class='ocr_par' dir='ltr' id='par_1_58' title="bbox 704 5533 2280 5604">
     <span class='ocr_line' id='line_1_58' title="bbox 704 5533 2280 5604; baseline -0.003 -10"><span class='ocrx_word' id='word_1_396' title='bbox 704 5538 978 5596; x_wconf 89' lang='lat' dir='ltr'><strong>inclaruit.</strong></span> <span class='ocrx_word' id='word_1_397' title='bbox 1034 5535 1157 5590; x_wconf 82' lang='lat' dir='ltr'><strong>Jatu</strong></span> <span class='ocrx_word' id='word_1_398' title='bbox 1199 5534 1292 5604; x_wconf 90' lang='lat' dir='ltr'><strong>qui</strong></span> <span class='ocrx_word' id='word_1_399' title='bbox 1353 5549 1525 5588; x_wconf 71' lang='lat' dir='ltr'><strong>sacra:</strong></span> <span class='ocrx_word' id='word_1_400' title='bbox 1558 5533 1985 5589; x_wconf 67' lang='lat' dir='ltr'><strong>llermeneutiete</strong></span> <span class='ocrx_word' id='word_1_401' title='bbox 2042 5549 2280 5590; x_wconf 88' lang='lat' dir='ltr'><strong>canones</strong></span> 
     </span>
    </p>
   </div>
   <div class='ocr_carea' id='block_1_59' title="bbox 703 5623 2277 5699">
    <p class='ocr_par' dir='ltr' id='par_1_59' title="bbox 703 5623 2277 5699">
     <span class='ocr_line' id='line_1_59' title="bbox 703 5623 2277 5699; baseline -0.002 -15"><span class='ocrx_word' id='word_1_402' title='bbox 703 5641 1031 5699; x_wconf 83' lang='lat' dir='ltr'><strong>cognoscere</strong></span> <span class='ocrx_word' id='word_1_403' title='bbox 1080 5636 1226 5691; x_wconf 89' lang='lat' dir='ltr'><strong>avet.</strong></span> <span class='ocrx_word' id='word_1_404' title='bbox 1285 5625 1332 5680; x_wconf 92' lang='lat' dir='ltr'><strong>is</strong></span> <span class='ocrx_word' id='word_1_405' title='bbox 1374 5623 1554 5679; x_wconf 87' lang='lat' dir='ltr'><strong>Photii</strong></span> <span class='ocrx_word' id='word_1_406' title='bbox 1613 5625 1845 5694; x_wconf 88' lang='lat' dir='ltr'><strong>primam</strong></span> <span class='ocrx_word' id='word_1_407' title='bbox 1896 5627 2277 5696; x_wconf 62' lang='lat' dir='ltr'><strong>quaestiunem.</strong></span> 
     </span>
    </p>
   </div>
   <div class='ocr_carea' id='block_1_60' title="bbox 773 5783 1868 5854">
    <p class='ocr_par' dir='ltr' id='par_1_60' title="bbox 773 5783 1868 5854">
     <span class='ocr_line' id='line_1_60' title="bbox 773 5783 1868 5854; baseline 0 -16"><span class='ocrx_word' id='word_1_408' title='bbox 773 5785 884 5854; x_wconf 72' lang='lat' dir='ltr'><strong>(2i)</strong></span> <span class='ocrx_word' id='word_1_409' title='bbox 915 5785 1050 5841; x_wconf 83' lang='lat' dir='ltr'><strong>Bibl.</strong></span> <span class='ocrx_word' id='word_1_410' title='bbox 1085 5784 1177 5840; x_wconf 80' lang='lat' dir='ltr'><strong>cr.</strong></span> <span class='ocrx_word' id='word_1_411' title='bbox 1211 5786 1298 5842; x_wconf 85' lang='lat' dir='ltr'><strong>ed.</strong></span> <span class='ocrx_word' id='word_1_412' title='bbox 1335 5800 1439 5840; x_wconf 82' lang='lat' dir='ltr'><strong>nov</strong></span> <span class='ocrx_word' id='word_1_413' title='bbox 1492 5793 1530 5838; x_wconf 77' lang='grc' dir='ltr'><strong>ι.</strong></span> <span class='ocrx_word' id='word_1_414' title='bbox 1571 5783 1658 5850; x_wconf 81' lang='grc' dir='ltr'><strong>χι,</strong></span> <span class='ocrx_word' id='word_1_415' title='bbox 1693 5799 1745 5854; x_wconf 85' lang='grc' dir='ltr'><strong>ρ.</strong></span> <span class='ocrx_word' id='word_1_416' title='bbox 1781 5783 1868 5838; x_wconf 73' lang='lat'><strong>27.</strong></span> 
     </span>
    </p>
   </div>
   <div class='ocr_carea' id='block_1_61' title="bbox 2369 601 3948 676">
    <p class='ocr_par' dir='ltr' id='par_1_61' title="bbox 2369 601 3948 676">
     <span class='ocr_line' id='line_1_61' title="bbox 2369 601 3948 676; baseline 0.003 -21"><span class='ocrx_word' id='word_1_417' title='bbox 2369 601 2558 655; x_wconf 66' lang='lat' dir='ltr'><strong>9.60&quot;II</strong></span> <span class='ocrx_word' id='word_1_418' title='bbox 2587 602 2766 659; x_wconf 90' lang='lat' dir='ltr'><strong>adeat.</strong></span> <span class='ocrx_word' id='word_1_419' title='bbox 2833 601 3132 658; x_wconf 81' lang='lat' dir='ltr'><strong>Bililiorum</strong></span> <span class='ocrx_word' id='word_1_420' title='bbox 3184 603 3332 660; x_wconf 87' lang='lat' dir='ltr'><strong>locos</strong></span> <span class='ocrx_word' id='word_1_421' title='bbox 3382 606 3475 672; x_wconf 94' lang='lat' dir='ltr'><strong>qui</strong></span> <span class='ocrx_word' id='word_1_422' title='bbox 3526 607 3948 676; x_wconf 85' lang='lat' dir='ltr'><strong>repugnantium</strong></span> 
     </span>
    </p>
   </div>
   <div class='ocr_carea' id='block_1_62' title="bbox 2373 694 3951 766">
    <p class='ocr_par' dir='ltr' id='par_1_62' title="bbox 2373 694 3951 766">
     <span class='ocr_line' id='line_1_62' title="bbox 2373 694 3951 766; baseline 0.003 -18"><span class='ocrx_word' id='word_1_423' title='bbox 2373 695 2611 762; x_wconf 81' lang='lat' dir='ltr'><strong>speciem</strong></span> <span class='ocrx_word' id='word_1_424' title='bbox 2643 694 2866 758; x_wconf 88' lang='lat' dir='ltr'><strong>habent.</strong></span> <span class='ocrx_word' id='word_1_425' title='bbox 2909 703 3054 748; x_wconf 91' lang='lat' dir='ltr'><strong>recte</strong></span> <span class='ocrx_word' id='word_1_426' title='bbox 3083 695 3383 749; x_wconf 87' lang='lat' dir='ltr'><strong>conciliant</strong></span> <span class='ocrx_word' id='word_1_427' title='bbox 3406 696 3718 766; x_wconf 84' lang='lat' dir='ltr'><strong>complures</strong></span> <span class='ocrx_word' id='word_1_428' title='bbox 3763 713 3831 752; x_wconf 76' lang='lat' dir='ltr'><strong>ex</strong></span> <span class='ocrx_word' id='word_1_429' title='bbox 3860 697 3951 753; x_wconf 85' lang='lat' dir='ltr'><strong>his</strong></span> 
     </span>
    </p>
   </div>
   <div class='ocr_carea' id='block_1_63' title="bbox 2371 781 3952 854">
    <p class='ocr_par' dir='ltr' id='par_1_63' title="bbox 2371 781 3952 854">
     <span class='ocr_line' id='line_1_63' title="bbox 2371 781 3952 854; baseline 0.003 -19"><span class='ocrx_word' id='word_1_430' title='bbox 2371 782 2728 852; x_wconf 70' lang='lat' dir='ltr'><strong>quaestiones,</strong></span> <span class='ocrx_word' id='word_1_431' title='bbox 2773 783 2910 848; x_wconf 87' lang='lat' dir='ltr'><strong>ut6.</strong></span> <span class='ocrx_word' id='word_1_432' title='bbox 2951 783 3045 848; x_wconf 78' lang='lat'><strong>25,</strong></span> <span class='ocrx_word' id='word_1_433' title='bbox 3088 792 3194 838; x_wconf 90' lang='lat' dir='ltr'><strong>etc.</strong></span> <span class='ocrx_word' id='word_1_434' title='bbox 3255 781 3448 838; x_wconf 82' lang='lat' dir='ltr'><strong>Nonne</strong></span> <span class='ocrx_word' id='word_1_435' title='bbox 3495 785 3614 854; x_wconf 85' lang='lat' dir='ltr'><strong>ipsa</strong></span> <span class='ocrx_word' id='word_1_436' title='bbox 3659 787 3952 854; x_wconf 66' lang='lat' dir='ltr'><strong>theologia:</strong></span> 
     </span>
    </p>
   </div>
   <div class='ocr_carea' id='block_1_64' title="bbox 2371 876 3952 948">
    <p class='ocr_par' dir='ltr' id='par_1_64' title="bbox 2371 876 3952 948">
     <span class='ocr_line' id='line_1_64' title="bbox 2371 876 3952 948; baseline 0.001 -19"><span class='ocrx_word' id='word_1_437' title='bbox 2371 876 2667 944; x_wconf 83' lang='lat' dir='ltr'><strong>penetralia</strong></span> <span class='ocrx_word' id='word_1_438' title='bbox 2697 877 2978 932; x_wconf 91' lang='lat' dir='ltr'><strong>cernimus</strong></span> <span class='ocrx_word' id='word_1_439' title='bbox 3023 879 3076 930; x_wconf 90' lang='lat' dir='ltr'><strong>in</strong></span> <span class='ocrx_word' id='word_1_440' title='bbox 3116 876 3514 945; x_wconf 78' lang='lat' dir='ltr'><strong>quaestionibus</strong></span> <span class='ocrx_word' id='word_1_441' title='bbox 3554 878 3622 932; x_wconf 89' lang='lat' dir='ltr'><strong>de</strong></span> <span class='ocrx_word' id='word_1_442' title='bbox 3671 877 3952 948; x_wconf 78' lang='lat' dir='ltr'><strong>baptismo</strong></span> 
     </span>
    </p>
   </div>
   <div class='ocr_carea' id='block_1_65' title="bbox 2373 965 3950 1040">
    <p class='ocr_par' dir='ltr' id='par_1_65' title="bbox 2373 965 3950 1040">
     <span class='ocr_line' id='line_1_65' title="bbox 2373 965 3950 1040; baseline 0.001 -19"><span class='ocrx_word' id='word_1_443' title='bbox 2373 973 2430 1021; x_wconf 89' lang='lat' dir='ltr'><strong>et</strong></span> <span class='ocrx_word' id='word_1_444' title='bbox 2449 967 2517 1021; x_wconf 90' lang='lat' dir='ltr'><strong>de</strong></span> <span class='ocrx_word' id='word_1_445' title='bbox 2542 968 2666 1021; x_wconf 75' lang='lat' dir='ltr'><strong>vita-</strong></span> <span class='ocrx_word' id='word_1_446' title='bbox 2692 968 2968 1022; x_wconf 77' lang='lat' dir='ltr'><strong>termino?</strong></span> <span class='ocrx_word' id='word_1_447' title='bbox 3013 965 3212 1040; x_wconf 86' lang='lat' dir='ltr'><strong>Utique</strong></span> <span class='ocrx_word' id='word_1_448' title='bbox 3232 977 3284 1022; x_wconf 88' lang='lat' dir='ltr'><strong>et</strong></span> <span class='ocrx_word' id='word_1_449' title='bbox 3336 967 3440 1022; x_wconf 62' lang='lat' dir='ltr'><strong>ille</strong></span> <span class='ocrx_word' id='word_1_450' title='bbox 3480 967 3548 1022; x_wconf 90' lang='lat' dir='ltr'><strong>de</strong></span> <span class='ocrx_word' id='word_1_451' title='bbox 3585 983 3950 1038; x_wconf 87' lang='lat' dir='ltr'><strong>personarum</strong></span> 
     </span>
    </p>
   </div>
   <div class='ocr_carea' id='block_1_66' title="bbox 2371 1057 3953 1130">
    <p class='ocr_par' dir='ltr' id='par_1_66' title="bbox 2371 1057 3953 1130">
     <span class='ocr_line' id='line_1_66' title="bbox 2371 1057 3953 1130; baseline 0.002 -18"><span class='ocrx_word' id='word_1_452' title='bbox 2371 1057 2684 1112; x_wconf 86' lang='lat' dir='ltr'><strong>divinarum</strong></span> <span class='ocrx_word' id='word_1_453' title='bbox 2712 1059 3136 1128; x_wconf 81' lang='lat' dir='ltr'><strong>proprietatibus</strong></span> <span class='ocrx_word' id='word_1_454' title='bbox 3189 1059 3518 1130; x_wconf 89' lang='lat' dir='ltr'><strong>persubtiles</strong></span> <span class='ocrx_word' id='word_1_455' title='bbox 3559 1073 3762 1128; x_wconf 84' lang='lat' dir='ltr'><strong>perque</strong></span> <span class='ocrx_word' id='word_1_456' title='bbox 3785 1075 3953 1115; x_wconf 81' lang='lat' dir='ltr'><strong>aecu-</strong></span> 
     </span>
    </p>
   </div>
   <div class='ocr_carea' id='block_1_67' title="bbox 2376 1149 3954 1222">
    <p class='ocr_par' dir='ltr' id='par_1_67' title="bbox 2376 1149 3954 1222">
     <span class='ocr_line' id='line_1_67' title="bbox 2376 1149 3954 1222; baseline 0.003 -19"><span class='ocrx_word' id='word_1_457' title='bbox 2376 1159 2505 1204; x_wconf 72' lang='lat' dir='ltr'><strong>rata:</strong></span> <span class='ocrx_word' id='word_1_458' title='bbox 2532 1160 2682 1205; x_wconf 90' lang='lat' dir='ltr'><strong>sunt.</strong></span> <span class='ocrx_word' id='word_1_459' title='bbox 2731 1149 2923 1206; x_wconf 82' lang='lat' dir='ltr'><strong>Nonne</strong></span> <span class='ocrx_word' id='word_1_460' title='bbox 2983 1153 3202 1207; x_wconf 91' lang='lat' dir='ltr'><strong>demum</strong></span> <span class='ocrx_word' id='word_1_461' title='bbox 3269 1153 3658 1222; x_wconf 89' lang='lat' dir='ltr'><strong>componendis</strong></span> <span class='ocrx_word' id='word_1_462' title='bbox 3703 1153 3954 1208; x_wconf 89' lang='lat' dir='ltr'><strong>moribus</strong></span> 
     </span>
    </p>
   </div>
   <div class='ocr_carea' id='block_1_68' title="bbox 2376 1242 3958 1311">
    <p class='ocr_par' dir='ltr' id='par_1_68' title="bbox 2376 1242 3958 1311">
     <span class='ocr_line' id='line_1_68' title="bbox 2376 1242 3958 1311; baseline 0.006 -18"><span class='ocrx_word' id='word_1_463' title='bbox 2376 1251 2606 1311; x_wconf 87' lang='lat' dir='ltr'><strong>prosunt</strong></span> <span class='ocrx_word' id='word_1_464' title='bbox 2645 1243 2751 1298; x_wconf 82' lang='lat' dir='ltr'><strong>illae</strong></span> <span class='ocrx_word' id='word_1_465' title='bbox 2796 1243 2864 1297; x_wconf 92' lang='lat' dir='ltr'><strong>de</strong></span> <span class='ocrx_word' id='word_1_466' title='bbox 2895 1242 3254 1309; x_wconf 85' lang='lat' dir='ltr'><strong>Eueharistia,</strong></span> <span class='ocrx_word' id='word_1_467' title='bbox 3291 1256 3342 1299; x_wconf 83' lang='lat' dir='ltr'><strong>et</strong></span> <span class='ocrx_word' id='word_1_468' title='bbox 3376 1244 3445 1299; x_wconf 90' lang='lat' dir='ltr'><strong>de</strong></span> <span class='ocrx_word' id='word_1_469' title='bbox 3484 1245 3857 1306; x_wconf 87' lang='lat' dir='ltr'><strong>Providentia.</strong></span> <span class='ocrx_word' id='word_1_470' title='bbox 3898 1255 3958 1302; x_wconf 88' lang='lat' dir='ltr'><strong>et</strong></span> 
     </span>
    </p>
   </div>
   <div class='ocr_carea' id='block_1_69' title="bbox 2372 1331 3359 1404">
    <p class='ocr_par' dir='ltr' id='par_1_69' title="bbox 2372 1331 3359 1404">
     <span class='ocr_line' id='line_1_69' title="bbox 2372 1331 3359 1404; baseline 0.004 -19"><span class='ocrx_word' id='word_1_471' title='bbox 2372 1331 2441 1386; x_wconf 92' lang='lat' dir='ltr'><strong>de</strong></span> <span class='ocrx_word' id='word_1_472' title='bbox 2469 1332 2819 1400; x_wconf 89' lang='lat' dir='ltr'><strong>sempiternis</strong></span> <span class='ocrx_word' id='word_1_473' title='bbox 2847 1332 3114 1388; x_wconf 84' lang='lat' dir='ltr'><strong>scelerum</strong></span> <span class='ocrx_word' id='word_1_474' title='bbox 3142 1335 3359 1404; x_wconf 70' lang='lat' dir='ltr'><strong>pretiis?</strong></span> 
     </span>
    </p>
   </div>
   <div class='ocr_carea' id='block_1_70' title="bbox 2443 1421 3958 1498">
    <p class='ocr_par' dir='ltr' id='par_1_70' title="bbox 2443 1421 3958 1498">
     <span class='ocr_line' id='line_1_70' title="bbox 2443 1421 3958 1498; baseline 0.005 -21"><span class='ocrx_word' id='word_1_475' title='bbox 2443 1421 2533 1477; x_wconf 83' lang='lat' dir='ltr'><strong>IV.</strong></span> <span class='ocrx_word' id='word_1_476' title='bbox 2593 1423 2981 1479; x_wconf 70' lang='lat' dir='ltr'><strong>Controversia</strong></span> <span class='ocrx_word' id='word_1_477' title='bbox 3027 1427 3230 1496; x_wconf 84' lang='lat' dir='ltr'><strong>aliquot</strong></span> <span class='ocrx_word' id='word_1_478' title='bbox 3277 1427 3341 1480; x_wconf 80' lang='lat' dir='ltr'><strong>de</strong></span> <span class='ocrx_word' id='word_1_479' title='bbox 3391 1428 3781 1497; x_wconf 83' lang='lat' dir='ltr'><strong>amphilochiis.</strong></span> <span class='ocrx_word' id='word_1_480' title='bbox 3839 1430 3958 1498; x_wconf 87' lang='lat' dir='ltr'><strong>Age</strong></span> 
     </span>
    </p>
   </div>
   <div class='ocr_carea' id='block_1_71' title="bbox 2377 1516 3954 1589">
    <p class='ocr_par' dir='ltr' id='par_1_71' title="bbox 2377 1516 3954 1589">
     <span class='ocr_line' id='line_1_71' title="bbox 2377 1516 3954 1589; baseline 0.004 -20"><span class='ocrx_word' id='word_1_481' title='bbox 2377 1532 2506 1571; x_wconf 90' lang='lat' dir='ltr'><strong>vero</strong></span> <span class='ocrx_word' id='word_1_482' title='bbox 2535 1516 2663 1587; x_wconf 81' lang='lat' dir='ltr'><strong>quia</strong></span> <span class='ocrx_word' id='word_1_483' title='bbox 2711 1518 2813 1572; x_wconf 91' lang='lat' dir='ltr'><strong>hoc</strong></span> <span class='ocrx_word' id='word_1_484' title='bbox 2840 1532 2980 1588; x_wconf 89' lang='lat' dir='ltr'><strong>opus</strong></span> <span class='ocrx_word' id='word_1_485' title='bbox 3021 1519 3087 1572; x_wconf 89' lang='lat' dir='ltr'><strong>ad</strong></span> <span class='ocrx_word' id='word_1_486' title='bbox 3121 1521 3564 1589; x_wconf 80' lang='lat' dir='ltr'><strong>Amphilochium</strong></span> <span class='ocrx_word' id='word_1_487' title='bbox 3597 1521 3763 1575; x_wconf 87' lang='lat' dir='ltr'><strong>scribi</strong></span> <span class='ocrx_word' id='word_1_488' title='bbox 3796 1519 3954 1575; x_wconf 82' lang='lat' dir='ltr'><strong>vide-</strong></span> 
     </span>
    </p>
   </div>
   <div class='ocr_carea' id='block_1_72' title="bbox 2376 1610 3957 1682">
    <p class='ocr_par' dir='ltr' id='par_1_72' title="bbox 2376 1610 3957 1682">
     <span class='ocr_line' id='line_1_72' title="bbox 2376 1610 3957 1682; baseline 0.004 -20"><span class='ocrx_word' id='word_1_489' title='bbox 2376 1622 2517 1673; x_wconf 89' lang='lat' dir='ltr'><strong>mus.</strong></span> <span class='ocrx_word' id='word_1_490' title='bbox 2577 1625 2738 1664; x_wconf 88' lang='lat' dir='ltr'><strong>nemo</strong></span> <span class='ocrx_word' id='word_1_491' title='bbox 2780 1610 3082 1674; x_wconf 79' lang='lat' dir='ltr'><strong>existimet,</strong></span> <span class='ocrx_word' id='word_1_492' title='bbox 3133 1627 3294 1667; x_wconf 91' lang='lat' dir='ltr'><strong>omne</strong></span> <span class='ocrx_word' id='word_1_493' title='bbox 3348 1613 3397 1667; x_wconf 88' lang='lat' dir='ltr'><strong>id</strong></span> <span class='ocrx_word' id='word_1_494' title='bbox 3448 1613 3692 1682; x_wconf 68' lang='lat' dir='ltr'><strong>quaesitis</strong></span> <span class='ocrx_word' id='word_1_495' title='bbox 3743 1614 3814 1666; x_wconf 89' lang='lat' dir='ltr'><strong>ab</strong></span> <span class='ocrx_word' id='word_1_496' title='bbox 3846 1613 3957 1668; x_wconf 89' lang='lat' dir='ltr'><strong>hoc</strong></span> 
     </span>
    </p>
   </div>
   <div class='ocr_carea' id='block_1_73' title="bbox 2375 1699 3956 1772">
    <p class='ocr_par' dir='ltr' id='par_1_73' title="bbox 2375 1699 3956 1772">
     <span class='ocr_line' id='line_1_73' title="bbox 2375 1699 3956 1772; baseline 0.004 -20"><span class='ocrx_word' id='word_1_497' title='bbox 2375 1699 2594 1754; x_wconf 88' lang='lat' dir='ltr'><strong>homine</strong></span> <span class='ocrx_word' id='word_1_498' title='bbox 2627 1699 2766 1755; x_wconf 90' lang='lat' dir='ltr'><strong>forte</strong></span> <span class='ocrx_word' id='word_1_499' title='bbox 2798 1701 3093 1772; x_wconf 81' lang='lat' dir='ltr'><strong>propositis</strong></span> <span class='ocrx_word' id='word_1_500' title='bbox 3125 1704 3474 1772; x_wconf 89' lang='lat' dir='ltr'><strong>respondere.</strong></span> <span class='ocrx_word' id='word_1_501' title='bbox 3541 1703 3634 1758; x_wconf 87' lang='lat' dir='ltr'><strong>Est</strong></span> <span class='ocrx_word' id='word_1_502' title='bbox 3670 1704 3816 1758; x_wconf 90' lang='lat' dir='ltr'><strong>enim</strong></span> <span class='ocrx_word' id='word_1_503' title='bbox 3863 1703 3956 1758; x_wconf 90' lang='lat' dir='ltr'><strong>hic</strong></span> 
     </span>
    </p>
   </div>
   <div class='ocr_carea' id='block_1_74' title="bbox 2375 1791 3953 1864">
    <p class='ocr_par' dir='ltr' id='par_1_74' title="bbox 2375 1791 3953 1864">
     <span class='ocr_line' id='line_1_74' title="bbox 2375 1791 3953 1864; baseline 0.002 -17"><span class='ocrx_word' id='word_1_504' title='bbox 2375 1791 2637 1847; x_wconf 88' lang='lat' dir='ltr'><strong>solemnis</strong></span> <span class='ocrx_word' id='word_1_505' title='bbox 2688 1793 3161 1863; x_wconf 67' lang='grc' dir='ltr'><strong>προσφθονούντων</strong></span> <span class='ocrx_word' id='word_1_506' title='bbox 3214 1809 3355 1857; x_wconf 89' lang='lat' dir='ltr'><strong>mos.</strong></span> <span class='ocrx_word' id='word_1_507' title='bbox 3412 1803 3471 1849; x_wconf 92' lang='lat' dir='ltr'><strong>ut</strong></span> <span class='ocrx_word' id='word_1_508' title='bbox 3517 1795 3588 1848; x_wconf 94' lang='lat' dir='ltr'><strong>ob</strong></span> <span class='ocrx_word' id='word_1_509' title='bbox 3618 1793 3953 1864; x_wconf 84' lang='lat' dir='ltr'><strong>captandam</strong></span> 
     </span>
    </p>
   </div>
   <div class='ocr_carea' id='block_1_75' title="bbox 2375 1884 3956 1957">
    <p class='ocr_par' dir='ltr' id='par_1_75' title="bbox 2375 1884 3956 1957">
     <span class='ocr_line' id='line_1_75' title="bbox 2375 1884 3956 1957; baseline 0.002 -19"><span class='ocrx_word' id='word_1_510' title='bbox 2375 1884 2646 1940; x_wconf 89' lang='lat' dir='ltr'><strong>scribendi</strong></span> <span class='ocrx_word' id='word_1_511' title='bbox 2675 1900 2888 1949; x_wconf 84' lang='lat' dir='ltr'><strong>ansam.</strong></span> <span class='ocrx_word' id='word_1_512' title='bbox 2913 1901 3027 1942; x_wconf 90' lang='lat' dir='ltr'><strong>rem</strong></span> <span class='ocrx_word' id='word_1_513' title='bbox 3051 1887 3324 1957; x_wconf 86' lang='lat' dir='ltr'><strong>ejusmodi</strong></span> <span class='ocrx_word' id='word_1_514' title='bbox 3361 1889 3586 1957; x_wconf 88' lang='lat' dir='ltr'><strong>lingant.</strong></span> <span class='ocrx_word' id='word_1_515' title='bbox 3638 1885 3731 1940; x_wconf 89' lang='lat' dir='ltr'><strong>Sic</strong></span> <span class='ocrx_word' id='word_1_516' title='bbox 3775 1884 3956 1941; x_wconf 77' lang='lat' dir='ltr'><strong>Euse-</strong></span> 
     </span>
    </p>
   </div>
   <div class='ocr_carea' id='block_1_76' title="bbox 2375 1977 3956 2050">
    <p class='ocr_par' dir='ltr' id='par_1_76' title="bbox 2375 1977 3956 2050">
     <span class='ocr_line' id='line_1_76' title="bbox 2375 1977 3956 2050; baseline 0.002 -18"><span class='ocrx_word' id='word_1_517' title='bbox 2375 1977 2525 2032; x_wconf 91' lang='lat' dir='ltr'><strong>bium</strong></span> <span class='ocrx_word' id='word_1_518' title='bbox 2564 1978 2911 2034; x_wconf 71' lang='lat' dir='ltr'><strong>simulavisse</strong></span> <span class='ocrx_word' id='word_1_519' title='bbox 2953 1993 3105 2049; x_wconf 83' lang='lat' dir='ltr'><strong>puto,</strong></span> <span class='ocrx_word' id='word_1_520' title='bbox 3140 1979 3270 2035; x_wconf 91' lang='lat' dir='ltr'><strong>dum</strong></span> <span class='ocrx_word' id='word_1_521' title='bbox 3315 1981 3380 2034; x_wconf 90' lang='lat' dir='ltr'><strong>ad</strong></span> <span class='ocrx_word' id='word_1_522' title='bbox 3418 1979 3755 2050; x_wconf 85' lang='lat' dir='ltr'><strong>Stephanum</strong></span> <span class='ocrx_word' id='word_1_523' title='bbox 3789 1979 3956 2035; x_wconf 73' lang='lat' dir='ltr'><strong>Mari-</strong></span> 
     </span>
    </p>
   </div>
   <div class='ocr_carea' id='block_1_77' title="bbox 2375 2053 3952 2141">
    <p class='ocr_par' dir='ltr' id='par_1_77' title="bbox 2375 2053 3952 2141">
     <span class='ocr_line' id='line_1_77' title="bbox 2375 2053 3952 2141; baseline 0.004 -22"><span class='ocrx_word' id='word_1_524' title='bbox 2375 2081 2615 2137; x_wconf 90' lang='lat' dir='ltr'><strong>numque</strong></span> <span class='ocrx_word' id='word_1_525' title='bbox 2653 2053 2944 2122; x_wconf 79' lang='lat' dir='ltr'><strong>scriberet.</strong></span> <span class='ocrx_word' id='word_1_526' title='bbox 3011 2068 3105 2123; x_wconf 90' lang='lat' dir='ltr'><strong>Sic</strong></span> <span class='ocrx_word' id='word_1_527' title='bbox 3149 2067 3476 2125; x_wconf 86' lang='lat' dir='ltr'><strong>Theodorus</strong></span> <span class='ocrx_word' id='word_1_528' title='bbox 3505 2069 3952 2141; x_wconf 79' lang='lat' dir='ltr'><strong>Mopsuestenus,</strong></span> 
     </span>
    </p>
   </div>
   <div class='ocr_carea' id='block_1_78' title="bbox 2373 2157 3952 2237">
    <p class='ocr_par' dir='ltr' id='par_1_78' title="bbox 2373 2157 3952 2237">
     <span class='ocr_line' id='line_1_78' title="bbox 2373 2157 3952 2237; baseline 0.003 -24"><span class='ocrx_word' id='word_1_529' title='bbox 2373 2167 2515 2213; x_wconf 85' lang='lat' dir='ltr'><strong>teste</strong></span> <span class='ocrx_word' id='word_1_530' title='bbox 2548 2157 2813 2237; x_wconf 79' lang='lat' dir='ltr'><strong>Eb&#39;ediesu</strong></span> <span class='ocrx_word' id='word_1_531' title='bbox 2865 2160 2919 2214; x_wconf 91' lang='lat' dir='ltr'><strong>in</strong></span> <span class='ocrx_word' id='word_1_532' title='bbox 2963 2159 3248 2230; x_wconf 89' lang='lat' dir='ltr'><strong>Catalogo,</strong></span> <span class='ocrx_word' id='word_1_533' title='bbox 3293 2161 3508 2231; x_wconf 87' lang='lat' dir='ltr'><strong>singula</strong></span> <span class='ocrx_word' id='word_1_534' title='bbox 3556 2178 3723 2232; x_wconf 88' lang='lat' dir='ltr'><strong>prope</strong></span> <span class='ocrx_word' id='word_1_535' title='bbox 3783 2177 3952 2233; x_wconf 87' lang='lat' dir='ltr'><strong>opera</strong></span> 
     </span>
    </p>
   </div>
   <div class='ocr_carea' id='block_1_79' title="bbox 2374 2247 3956 2321">
    <p class='ocr_par' dir='ltr' id='par_1_79' title="bbox 2374 2247 3956 2321">
     <span class='ocr_line' id='line_1_79' title="bbox 2374 2247 3956 2321; baseline 0.003 -19"><span class='ocrx_word' id='word_1_536' title='bbox 2374 2247 2441 2302; x_wconf 92' lang='lat' dir='ltr'><strong>ad</strong></span> <span class='ocrx_word' id='word_1_537' title='bbox 2468 2249 2674 2304; x_wconf 91' lang='lat' dir='ltr'><strong>amicos</strong></span> <span class='ocrx_word' id='word_1_538' title='bbox 2706 2250 2876 2313; x_wconf 91' lang='lat' dir='ltr'><strong>misit,</strong></span> <span class='ocrx_word' id='word_1_539' title='bbox 2908 2251 3068 2320; x_wconf 87' lang='lat' dir='ltr'><strong>quasi</strong></span> <span class='ocrx_word' id='word_1_540' title='bbox 3101 2251 3171 2305; x_wconf 91' lang='lat' dir='ltr'><strong>ab</strong></span> <span class='ocrx_word' id='word_1_541' title='bbox 3229 2249 3297 2305; x_wconf 91' lang='lat' dir='ltr'><strong>iis</strong></span> <span class='ocrx_word' id='word_1_542' title='bbox 3337 2262 3560 2321; x_wconf 87' lang='lat' dir='ltr'><strong>rogatus</strong></span> <span class='ocrx_word' id='word_1_543' title='bbox 3609 2252 3805 2307; x_wconf 87' lang='lat' dir='ltr'><strong>fuisset</strong></span> <span class='ocrx_word' id='word_1_544' title='bbox 3849 2270 3864 2306; x_wconf 89' lang='lat'><strong>:</strong></span> <span class='ocrx_word' id='word_1_545' title='bbox 3898 2262 3956 2308; x_wconf 88' lang='lat' dir='ltr'><strong>et</strong></span> 
     </span>
    </p>
   </div>
   <div class='ocr_carea' id='block_1_80' title="bbox 2375 2337 3956 2412">
    <p class='ocr_par' dir='ltr' id='par_1_80' title="bbox 2375 2337 3956 2412">
     <span class='ocr_line' id='line_1_80' title="bbox 2375 2337 3956 2412; baseline 0.001 -19"><span class='ocrx_word' id='word_1_546' title='bbox 2375 2339 2458 2393; x_wconf 88' lang='lat' dir='ltr'><strong>sic</strong></span> <span class='ocrx_word' id='word_1_547' title='bbox 2482 2339 2550 2392; x_wconf 94' lang='lat' dir='ltr'><strong>ab</strong></span> <span class='ocrx_word' id='word_1_548' title='bbox 2571 2338 2694 2393; x_wconf 91' lang='lat' dir='ltr'><strong>aliis</strong></span> <span class='ocrx_word' id='word_1_549' title='bbox 2719 2337 2976 2395; x_wconf 70' lang='lat' dir='ltr'><strong>Ecclesiae</strong></span> <span class='ocrx_word' id='word_1_550' title='bbox 2995 2339 3274 2406; x_wconf 84' lang='lat' dir='ltr'><strong>Patribus,</strong></span> <span class='ocrx_word' id='word_1_551' title='bbox 3317 2355 3416 2396; x_wconf 92' lang='lat' dir='ltr'><strong>nec</strong></span> <span class='ocrx_word' id='word_1_552' title='bbox 3455 2355 3565 2394; x_wconf 91' lang='lat' dir='ltr'><strong>non</strong></span> <span class='ocrx_word' id='word_1_553' title='bbox 3611 2355 3643 2396; x_wconf 93' lang='lat' dir='ltr'><strong>a</strong></span> <span class='ocrx_word' id='word_1_554' title='bbox 3669 2341 3956 2412; x_wconf 79' lang='lat' dir='ltr'><strong>scripturi-</strong></span> 
     </span>
    </p>
   </div>
   <div class='ocr_carea' id='block_1_81' title="bbox 2375 2431 3950 2489">
    <p class='ocr_par' dir='ltr' id='par_1_81' title="bbox 2375 2431 3950 2489">
     <span class='ocr_line' id='line_1_81' title="bbox 2375 2431 3950 2489; baseline 0.002 -3"><span class='ocrx_word' id='word_1_555' title='bbox 2375 2431 2480 2486; x_wconf 90' lang='lat' dir='ltr'><strong>bus</strong></span> <span class='ocrx_word' id='word_1_556' title='bbox 2543 2432 2776 2486; x_wconf 87' lang='lat' dir='ltr'><strong>ethnicis</strong></span> <span class='ocrx_word' id='word_1_557' title='bbox 2825 2432 3135 2487; x_wconf 89' lang='lat' dir='ltr'><strong>factitatum</strong></span> <span class='ocrx_word' id='word_1_558' title='bbox 3195 2432 3429 2488; x_wconf 90' lang='lat' dir='ltr'><strong>scimus.</strong></span> <span class='ocrx_word' id='word_1_559' title='bbox 3470 2431 3724 2488; x_wconf 83' lang='lat' dir='ltr'><strong>Profecto</strong></span> <span class='ocrx_word' id='word_1_560' title='bbox 3765 2432 3950 2489; x_wconf 86' lang='lat' dir='ltr'><strong>Photii</strong></span> 
     </span>
    </p>
   </div>
   <div class='ocr_carea' id='block_1_82' title="bbox 2378 2523 3954 2592">
    <p class='ocr_par' dir='ltr' id='par_1_82' title="bbox 2378 2523 3954 2592">
     <span class='ocr_line' id='line_1_82' title="bbox 2378 2523 3954 2592; baseline 0.004 -15"><span class='ocrx_word' id='word_1_561' title='bbox 2378 2525 2476 2578; x_wconf 90' lang='lat' dir='ltr'><strong>has</strong></span> <span class='ocrx_word' id='word_1_562' title='bbox 2493 2523 2820 2592; x_wconf 66' lang='lat' dir='ltr'><strong>quaestiones</strong></span> <span class='ocrx_word' id='word_1_563' title='bbox 2852 2540 2960 2578; x_wconf 92' lang='lat' dir='ltr'><strong>non</strong></span> <span class='ocrx_word' id='word_1_564' title='bbox 2983 2525 3050 2579; x_wconf 91' lang='lat' dir='ltr'><strong>ad</strong></span> <span class='ocrx_word' id='word_1_565' title='bbox 3093 2539 3264 2578; x_wconf 92' lang='lat' dir='ltr'><strong>unum</strong></span> <span class='ocrx_word' id='word_1_566' title='bbox 3286 2525 3483 2579; x_wconf 87' lang='lat' dir='ltr'><strong>missas</strong></span> <span class='ocrx_word' id='word_1_567' title='bbox 3511 2523 3682 2579; x_wconf 88' lang='lat' dir='ltr'><strong>fuisse</strong></span> <span class='ocrx_word' id='word_1_568' title='bbox 3708 2524 3794 2578; x_wconf 89' lang='lat' dir='ltr'><strong>vel</strong></span> <span class='ocrx_word' id='word_1_569' title='bbox 3826 2525 3954 2583; x_wconf 82' lang='lat' dir='ltr'><strong>inde</strong></span> 
     </span>
    </p>
   </div>
   <div class='ocr_carea' id='block_1_83' title="bbox 2377 2613 3955 2687">
    <p class='ocr_par' dir='ltr' id='par_1_83' title="bbox 2377 2613 3955 2687">
     <span class='ocr_line' id='line_1_83' title="bbox 2377 2613 3955 2687; baseline 0.001 -19"><span class='ocrx_word' id='word_1_570' title='bbox 2377 2621 2542 2683; x_wconf 87' lang='lat' dir='ltr'><strong>patet.</strong></span> <span class='ocrx_word' id='word_1_571' title='bbox 2588 2613 2736 2683; x_wconf 88' lang='lat' dir='ltr'><strong>quod</strong></span> <span class='ocrx_word' id='word_1_572' title='bbox 2794 2630 2857 2670; x_wconf 85' lang='lat' dir='ltr'><strong>ex</strong></span> <span class='ocrx_word' id='word_1_573' title='bbox 2886 2615 2973 2670; x_wconf 90' lang='lat' dir='ltr'><strong>bis</strong></span> <span class='ocrx_word' id='word_1_574' title='bbox 3025 2615 3336 2685; x_wconf 87' lang='lat' dir='ltr'><strong>complures</strong></span> <span class='ocrx_word' id='word_1_575' title='bbox 3373 2615 3426 2668; x_wconf 92' lang='lat' dir='ltr'><strong>in</strong></span> <span class='ocrx_word' id='word_1_576' title='bbox 3487 2615 3736 2687; x_wconf 84' lang='lat' dir='ltr'><strong>epistolis</strong></span> <span class='ocrx_word' id='word_1_577' title='bbox 3760 2621 3830 2671; x_wconf 89' lang='lat' dir='ltr'><strong>ad</strong></span> <span class='ocrx_word' id='word_1_578' title='bbox 3857 2631 3955 2669; x_wconf 83' lang='lat' dir='ltr'><strong>ra-</strong></span> 
     </span>
    </p>
   </div>
   <div class='ocr_carea' id='block_1_84' title="bbox 2379 2701 3954 2776">
    <p class='ocr_par' dir='ltr' id='par_1_84' title="bbox 2379 2701 3954 2776">
     <span class='ocr_line' id='line_1_84' title="bbox 2379 2701 3954 2776; baseline 0.004 -20"><span class='ocrx_word' id='word_1_579' title='bbox 2379 2701 2493 2756; x_wconf 90' lang='lat' dir='ltr'><strong>rios</strong></span> <span class='ocrx_word' id='word_1_580' title='bbox 2515 2704 2809 2757; x_wconf 87' lang='lat' dir='ltr'><strong>mittuntur</strong></span> <span class='ocrx_word' id='word_1_581' title='bbox 2831 2703 3119 2759; x_wconf 88' lang='lat' dir='ltr'><strong>homines:</strong></span> <span class='ocrx_word' id='word_1_582' title='bbox 3144 2713 3258 2759; x_wconf 89' lang='lat' dir='ltr'><strong>tum</strong></span> <span class='ocrx_word' id='word_1_583' title='bbox 3290 2705 3454 2760; x_wconf 89' lang='lat' dir='ltr'><strong>etiam</strong></span> <span class='ocrx_word' id='word_1_584' title='bbox 3484 2707 3630 2776; x_wconf 90' lang='lat' dir='ltr'><strong>quod</strong></span> <span class='ocrx_word' id='word_1_585' title='bbox 3659 2706 3764 2762; x_wconf 87' lang='lat' dir='ltr'><strong>loci</strong></span> <span class='ocrx_word' id='word_1_586' title='bbox 3795 2707 3954 2762; x_wconf 91' lang='lat' dir='ltr'><strong>multi</strong></span> 
     </span>
    </p>
   </div>
   <div class='ocr_carea' id='block_1_85' title="bbox 2377 2791 3956 2861">
    <p class='ocr_par' dir='ltr' id='par_1_85' title="bbox 2377 2791 3956 2861">
     <span class='ocr_line' id='line_1_85' title="bbox 2377 2791 3956 2861; baseline 0.003 -12"><span class='ocrx_word' id='word_1_587' title='bbox 2377 2794 2432 2849; x_wconf 92' lang='lat' dir='ltr'><strong>in</strong></span> <span class='ocrx_word' id='word_1_588' title='bbox 2467 2791 2892 2851; x_wconf 89' lang='lat' dir='ltr'><strong>Commentariis</strong></span> <span class='ocrx_word' id='word_1_589' title='bbox 2924 2797 3140 2854; x_wconf 85' lang='lat' dir='ltr'><strong>biblicis</strong></span> <span class='ocrx_word' id='word_1_590' title='bbox 3174 2812 3204 2851; x_wconf 91' lang='lat' dir='ltr'><strong>a</strong></span> <span class='ocrx_word' id='word_1_591' title='bbox 3229 2796 3429 2852; x_wconf 85' lang='lat' dir='ltr'><strong>Photio</strong></span> <span class='ocrx_word' id='word_1_592' title='bbox 3461 2798 3702 2861; x_wconf 88' lang='lat' dir='ltr'><strong>traetati,</strong></span> <span class='ocrx_word' id='word_1_593' title='bbox 3752 2799 3956 2854; x_wconf 89' lang='lat' dir='ltr'><strong>deinde</strong></span> 
     </span>
    </p>
   </div>
   <div class='ocr_carea' id='block_1_86' title="bbox 2377 2876 3958 2962">
    <p class='ocr_par' dir='ltr' id='par_1_86' title="bbox 2377 2876 3958 2962">
     <span class='ocr_line' id='line_1_86' title="bbox 2377 2876 3958 2962; baseline 0.004 -21"><span class='ocrx_word' id='word_1_594' title='bbox 2377 2887 2430 2941; x_wconf 87' lang='lat' dir='ltr'><strong>in</strong></span> <span class='ocrx_word' id='word_1_595' title='bbox 2462 2876 2829 2955; x_wconf 69' lang='lat' dir='ltr'><strong>Ainphilochia</strong></span> <span class='ocrx_word' id='word_1_596' title='bbox 2862 2889 3109 2944; x_wconf 90' lang='lat' dir='ltr'><strong>translati</strong></span> <span class='ocrx_word' id='word_1_597' title='bbox 3143 2889 3385 2946; x_wconf 90' lang='lat' dir='ltr'><strong>fuerunt.</strong></span> <span class='ocrx_word' id='word_1_598' title='bbox 3434 2890 3573 2962; x_wconf 81' lang='lat' dir='ltr'><strong>Ergo</strong></span> <span class='ocrx_word' id='word_1_599' title='bbox 3600 2905 3671 2945; x_wconf 78' lang='lat' dir='ltr'><strong>ex</strong></span> <span class='ocrx_word' id='word_1_600' title='bbox 3701 2892 3786 2946; x_wconf 92' lang='lat' dir='ltr'><strong>his</strong></span> <span class='ocrx_word' id='word_1_601' title='bbox 3806 2902 3958 2948; x_wconf 88' lang='lat' dir='ltr'><strong>recte</strong></span> 
     </span>
    </p>
   </div>
   <div class='ocr_carea' id='block_1_87' title="bbox 2377 2976 3956 3051">
    <p class='ocr_par' dir='ltr' id='par_1_87' title="bbox 2377 2976 3956 3051">
     <span class='ocr_line' id='line_1_87' title="bbox 2377 2976 3956 3051; baseline 0.003 -20"><span class='ocrx_word' id='word_1_602' title='bbox 2377 2976 2744 3044; x_wconf 82' lang='lat' dir='ltr'><strong>concluditur,</strong></span> <span class='ocrx_word' id='word_1_603' title='bbox 2801 2977 3055 3034; x_wconf 86' lang='lat' dir='ltr'><strong>Photium</strong></span> <span class='ocrx_word' id='word_1_604' title='bbox 3108 2996 3233 3035; x_wconf 90' lang='lat' dir='ltr'><strong>cum</strong></span> <span class='ocrx_word' id='word_1_605' title='bbox 3283 2980 3450 3036; x_wconf 90' lang='lat' dir='ltr'><strong>multa</strong></span> <span class='ocrx_word' id='word_1_606' title='bbox 3491 2981 3543 3035; x_wconf 92' lang='lat' dir='ltr'><strong>in</strong></span> <span class='ocrx_word' id='word_1_607' title='bbox 3571 2981 3844 3051; x_wconf 89' lang='lat' dir='ltr'><strong>epistolis,</strong></span> <span class='ocrx_word' id='word_1_608' title='bbox 3899 2982 3956 3036; x_wconf 93' lang='lat' dir='ltr'><strong>in</strong></span> 
     </span>
    </p>
   </div>
   <div class='ocr_carea' id='block_1_88' title="bbox 2380 3071 3954 3138">
    <p class='ocr_par' dir='ltr' id='par_1_88' title="bbox 2380 3071 3954 3138">
     <span class='ocr_line' id='line_1_88' title="bbox 2380 3071 3954 3138; baseline 0.002 -14"><span class='ocrx_word' id='word_1_609' title='bbox 2380 3071 2958 3138; x_wconf 87' lang='lat' dir='ltr'><strong>commentationibus,</strong></span> <span class='ocrx_word' id='word_1_610' title='bbox 3021 3072 3075 3126; x_wconf 93' lang='lat' dir='ltr'><strong>in</strong></span> <span class='ocrx_word' id='word_1_611' title='bbox 3117 3072 3380 3136; x_wconf 85' lang='lat' dir='ltr'><strong>homiliis.</strong></span> <span class='ocrx_word' id='word_1_612' title='bbox 3421 3072 3489 3127; x_wconf 89' lang='lat' dir='ltr'><strong>de</strong></span> <span class='ocrx_word' id='word_1_613' title='bbox 3515 3088 3670 3129; x_wconf 86' lang='lat' dir='ltr'><strong>sacra</strong></span> <span class='ocrx_word' id='word_1_614' title='bbox 3701 3073 3954 3128; x_wconf 89' lang='lat' dir='ltr'><strong>doctrina</strong></span> 
     </span>
    </p>
   </div>
   <div class='ocr_carea' id='block_1_89' title="bbox 2382 3160 3958 3234">
    <p class='ocr_par' dir='ltr' id='par_1_89' title="bbox 2382 3160 3958 3234">
     <span class='ocr_line' id='line_1_89' title="bbox 2382 3160 3958 3234; baseline 0.003 -20"><span class='ocrx_word' id='word_1_615' title='bbox 2382 3160 2768 3226; x_wconf 82' lang='lat' dir='ltr'><strong>disseruisset.</strong></span> <span class='ocrx_word' id='word_1_616' title='bbox 2854 3162 2923 3217; x_wconf 91' lang='lat' dir='ltr'><strong>ad</strong></span> <span class='ocrx_word' id='word_1_617' title='bbox 2988 3174 3292 3218; x_wconf 84' lang='lat' dir='ltr'><strong>extremum</strong></span> <span class='ocrx_word' id='word_1_618' title='bbox 3351 3165 3610 3234; x_wconf 68' lang='lat' dir='ltr'><strong>praelare</strong></span> <span class='ocrx_word' id='word_1_619' title='bbox 3647 3174 3700 3219; x_wconf 93' lang='lat' dir='ltr'><strong>et</strong></span> <span class='ocrx_word' id='word_1_620' title='bbox 3745 3165 3958 3218; x_wconf 91' lang='lat' dir='ltr'><strong>utiliter</strong></span> 
     </span>
    </p>
   </div>
   <div class='ocr_carea' id='block_1_90' title="bbox 2381 3250 3956 3325">
    <p class='ocr_par' dir='ltr' id='par_1_90' title="bbox 2381 3250 3956 3325">
     <span class='ocr_line' id='line_1_90' title="bbox 2381 3250 3956 3325; baseline 0.003 -20"><span class='ocrx_word' id='word_1_621' title='bbox 2381 3250 2707 3321; x_wconf 84' lang='lat' dir='ltr'><strong>cogitavisse</strong></span> <span class='ocrx_word' id='word_1_622' title='bbox 2733 3252 2801 3306; x_wconf 91' lang='lat' dir='ltr'><strong>de</strong></span> <span class='ocrx_word' id='word_1_623' title='bbox 2831 3254 3102 3308; x_wconf 88' lang='lat' dir='ltr'><strong>universis</strong></span> <span class='ocrx_word' id='word_1_624' title='bbox 3154 3255 3377 3325; x_wconf 89' lang='lat' dir='ltr'><strong>scriptis</strong></span> <span class='ocrx_word' id='word_1_625' title='bbox 3413 3254 3498 3311; x_wconf 92' lang='lat' dir='ltr'><strong>his</strong></span> <span class='ocrx_word' id='word_1_626' title='bbox 3533 3255 3586 3309; x_wconf 92' lang='lat' dir='ltr'><strong>in</strong></span> <span class='ocrx_word' id='word_1_627' title='bbox 3624 3271 3792 3309; x_wconf 91' lang='lat' dir='ltr'><strong>unum</strong></span> <span class='ocrx_word' id='word_1_628' title='bbox 3831 3271 3956 3310; x_wconf 89' lang='lat' dir='ltr'><strong>cor-</strong></span> 
     </span>
    </p>
   </div>
   <div class='ocr_carea' id='block_1_91' title="bbox 2380 3344 3958 3416">
    <p class='ocr_par' dir='ltr' id='par_1_91' title="bbox 2380 3344 3958 3416">
     <span class='ocr_line' id='line_1_91' title="bbox 2380 3344 3958 3416; baseline 0.003 -19"><span class='ocrx_word' id='word_1_629' title='bbox 2380 3358 2482 3413; x_wconf 91' lang='lat' dir='ltr'><strong>pus</strong></span> <span class='ocrx_word' id='word_1_630' title='bbox 2508 3344 2928 3411; x_wconf 84' lang='lat' dir='ltr'><strong>coaeervandis;</strong></span> <span class='ocrx_word' id='word_1_631' title='bbox 2965 3345 3113 3416; x_wconf 91' lang='lat' dir='ltr'><strong>quod</strong></span> <span class='ocrx_word' id='word_1_632' title='bbox 3142 3360 3266 3401; x_wconf 92' lang='lat' dir='ltr'><strong>cum</strong></span> <span class='ocrx_word' id='word_1_633' title='bbox 3293 3346 3533 3400; x_wconf 90' lang='lat' dir='ltr'><strong>mitteret</strong></span> <span class='ocrx_word' id='word_1_634' title='bbox 3564 3345 3788 3400; x_wconf 91' lang='lat' dir='ltr'><strong>honoris</strong></span> <span class='ocrx_word' id='word_1_635' title='bbox 3824 3361 3958 3416; x_wconf 86' lang='lat' dir='ltr'><strong>ergo</strong></span> 
     </span>
    </p>
   </div>
   <div class='ocr_carea' id='block_1_92' title="bbox 2380 3433 3957 3504">
    <p class='ocr_par' dir='ltr' id='par_1_92' title="bbox 2380 3433 3957 3504">
     <span class='ocr_line' id='line_1_92' title="bbox 2380 3433 3957 3504; baseline 0.004 -19"><span class='ocrx_word' id='word_1_636' title='bbox 2380 3433 2446 3486; x_wconf 86' lang='lat' dir='ltr'><strong>ad</strong></span> <span class='ocrx_word' id='word_1_637' title='bbox 2475 3434 2711 3488; x_wconf 88' lang='lat' dir='ltr'><strong>amicum</strong></span> <span class='ocrx_word' id='word_1_638' title='bbox 2749 3436 3218 3504; x_wconf 83' lang='lat' dir='ltr'><strong>Amphilochium.</strong></span> <span class='ocrx_word' id='word_1_639' title='bbox 3262 3452 3461 3492; x_wconf 90' lang='lat' dir='ltr'><strong>nomen</strong></span> <span class='ocrx_word' id='word_1_640' title='bbox 3503 3437 3628 3492; x_wconf 92' lang='lat' dir='ltr'><strong>inde</strong></span> <span class='ocrx_word' id='word_1_641' title='bbox 3664 3436 3957 3491; x_wconf 87' lang='lat' dir='ltr'><strong>subortum</strong></span> 
     </span>
    </p>
   </div>
   <div class='ocr_carea' id='block_1_93' title="bbox 2378 3525 3958 3599">
    <p class='ocr_par' dir='ltr' id='par_1_93' title="bbox 2378 3525 3958 3599">
     <span class='ocr_line' id='line_1_93' title="bbox 2378 3525 3958 3599; baseline 0.002 -19"><span class='ocrx_word' id='word_1_642' title='bbox 2378 3533 2482 3591; x_wconf 87' lang='lat' dir='ltr'><strong>est,</strong></span> <span class='ocrx_word' id='word_1_643' title='bbox 2517 3526 2601 3580; x_wconf 89' lang='lat' dir='ltr'><strong>vel</strong></span> <span class='ocrx_word' id='word_1_644' title='bbox 2645 3525 2823 3581; x_wconf 89' lang='lat' dir='ltr'><strong>Photii</strong></span> <span class='ocrx_word' id='word_1_645' title='bbox 2882 3527 3058 3597; x_wconf 88' lang='lat' dir='ltr'><strong>ipsius</strong></span> <span class='ocrx_word' id='word_1_646' title='bbox 3119 3528 3202 3583; x_wconf 89' lang='lat' dir='ltr'><strong>vel</strong></span> <span class='ocrx_word' id='word_1_647' title='bbox 3252 3539 3594 3599; x_wconf 87' lang='lat' dir='ltr'><strong>posterorum</strong></span> <span class='ocrx_word' id='word_1_648' title='bbox 3647 3529 3958 3595; x_wconf 87' lang='lat' dir='ltr'><strong>voluntate,</strong></span> 
     </span>
    </p>
   </div>
   <div class='ocr_carea' id='block_1_94' title="bbox 2378 3613 3957 3688">
    <p class='ocr_par' dir='ltr' id='par_1_94' title="bbox 2378 3613 3957 3688">
     <span class='ocr_line' id='line_1_94' title="bbox 2378 3613 3957 3688; baseline 0.008 -23"><span class='ocrx_word' id='word_1_649' title='bbox 2378 3613 2768 3684; x_wconf 75' lang='lat' dir='ltr'><strong>Amphilochia.</strong></span> <span class='ocrx_word' id='word_1_650' title='bbox 2803 3615 3025 3672; x_wconf 80' lang='lat' dir='ltr'><strong>Jamdiu</strong></span> <span class='ocrx_word' id='word_1_651' title='bbox 3077 3619 3297 3688; x_wconf 90' lang='lat' dir='ltr'><strong>quidem</strong></span> <span class='ocrx_word' id='word_1_652' title='bbox 3332 3619 3606 3675; x_wconf 90' lang='lat' dir='ltr'><strong>dubitavit</strong></span> <span class='ocrx_word' id='word_1_653' title='bbox 3666 3620 3957 3679; x_wconf 84' lang='lat' dir='ltr'><strong>Fabricius</strong></span> 
     </span>
    </p>
   </div>
   <div class='ocr_carea' id='block_1_95' title="bbox 2379 3705 3959 3781">
    <p class='ocr_par' dir='ltr' id='par_1_95' title="bbox 2379 3705 3959 3781">
     <span class='ocr_line' id='line_1_95' title="bbox 2379 3705 3959 3781; baseline 0.008 -25"><span class='ocrx_word' id='word_1_654' title='bbox 2379 3705 2493 3777; x_wconf 82' lang='lat' dir='ltr'><strong>(2i)</strong></span> <span class='ocrx_word' id='word_1_655' title='bbox 2524 3723 2652 3762; x_wconf 84' lang='lat' dir='ltr'><strong>num</strong></span> <span class='ocrx_word' id='word_1_656' title='bbox 2695 3717 2946 3764; x_wconf 88' lang='lat' dir='ltr'><strong>auctores</strong></span> <span class='ocrx_word' id='word_1_657' title='bbox 2990 3719 3306 3765; x_wconf 88' lang='lat' dir='ltr'><strong>catenarum</strong></span> <span class='ocrx_word' id='word_1_658' title='bbox 3337 3711 3772 3781; x_wconf 82' lang='lat' dir='ltr'><strong>evangelicarum</strong></span> <span class='ocrx_word' id='word_1_659' title='bbox 3807 3714 3959 3768; x_wconf 88' lang='lat' dir='ltr'><strong>locos</strong></span> 
     </span>
    </p>
   </div>
   <div class='ocr_carea' id='block_1_96' title="bbox 2384 3800 3957 3873">
    <p class='ocr_par' dir='ltr' id='par_1_96' title="bbox 2384 3800 3957 3873">
     <span class='ocr_line' id='line_1_96' title="bbox 2384 3800 3957 3873; baseline 0.003 -18"><span class='ocrx_word' id='word_1_660' title='bbox 2384 3800 2584 3864; x_wconf 87' lang='lat' dir='ltr'><strong>Photii.</strong></span> <span class='ocrx_word' id='word_1_661' title='bbox 2619 3815 2757 3869; x_wconf 89' lang='lat' dir='ltr'><strong>quos</strong></span> <span class='ocrx_word' id='word_1_662' title='bbox 2793 3800 3093 3856; x_wconf 88' lang='lat' dir='ltr'><strong>identidem</strong></span> <span class='ocrx_word' id='word_1_663' title='bbox 3125 3802 3428 3872; x_wconf 85' lang='lat' dir='ltr'><strong>proferunt,</strong></span> <span class='ocrx_word' id='word_1_664' title='bbox 3477 3818 3544 3858; x_wconf 85' lang='lat' dir='ltr'><strong>ex</strong></span> <span class='ocrx_word' id='word_1_665' title='bbox 3575 3803 3957 3873; x_wconf 83' lang='lat' dir='ltr'><strong>Amphilochiis</strong></span> 
     </span>
    </p>
   </div>
   <div class='ocr_carea' id='block_1_97' title="bbox 2379 3893 3958 3964">
    <p class='ocr_par' dir='ltr' id='par_1_97' title="bbox 2379 3893 3958 3964">
     <span class='ocr_line' id='line_1_97' title="bbox 2379 3893 3958 3964; baseline 0.003 -18"><span class='ocrx_word' id='word_1_666' title='bbox 2379 3893 2609 3948; x_wconf 92' lang='lat' dir='ltr'><strong>mutuati</strong></span> <span class='ocrx_word' id='word_1_667' title='bbox 2629 3893 2760 3957; x_wconf 89' lang='lat' dir='ltr'><strong>sint,</strong></span> <span class='ocrx_word' id='word_1_668' title='bbox 2810 3909 2882 3947; x_wconf 90' lang='lat' dir='ltr'><strong>an</strong></span> <span class='ocrx_word' id='word_1_669' title='bbox 2917 3893 3100 3962; x_wconf 88' lang='lat' dir='ltr'><strong>potius</strong></span> <span class='ocrx_word' id='word_1_670' title='bbox 3134 3896 3203 3948; x_wconf 91' lang='lat' dir='ltr'><strong>ab</strong></span> <span class='ocrx_word' id='word_1_671' title='bbox 3240 3894 3487 3964; x_wconf 82' lang='lat' dir='ltr'><strong>ejusdem</strong></span> <span class='ocrx_word' id='word_1_672' title='bbox 3532 3896 3624 3964; x_wconf 89' lang='lat' dir='ltr'><strong>qui</strong></span> <span class='ocrx_word' id='word_1_673' title='bbox 3654 3895 3958 3964; x_wconf 89' lang='lat' dir='ltr'><strong>aliquando</strong></span> 
     </span>
    </p>
   </div>
   <div class='ocr_carea' id='block_1_98' title="bbox 2376 3984 3959 4058">
    <p class='ocr_par' dir='ltr' id='par_1_98' title="bbox 2376 3984 3959 4058">
     <span class='ocr_line' id='line_1_98' title="bbox 2376 3984 3959 4058; baseline 0.003 -19"><span class='ocrx_word' id='word_1_674' title='bbox 2376 3986 2684 4040; x_wconf 79' lang='lat' dir='ltr'><strong>exstiterint</strong></span> <span class='ocrx_word' id='word_1_675' title='bbox 2705 3984 3127 4041; x_wconf 89' lang='lat' dir='ltr'><strong>Commentariis</strong></span> <span class='ocrx_word' id='word_1_676' title='bbox 3153 3987 3494 4057; x_wconf 70' lang='lat' dir='ltr'><strong>evangelicis</strong></span> <span class='ocrx_word' id='word_1_677' title='bbox 3527 3985 3638 4058; x_wconf 81' lang='lat' dir='ltr'><strong>Ego</strong></span> <span class='ocrx_word' id='word_1_678' title='bbox 3663 3997 3959 4058; x_wconf 87' lang='lat' dir='ltr'><strong>utrumque</strong></span> 
     </span>
    </p>
   </div>
   <div class='ocr_carea' id='block_1_99' title="bbox 2379 4075 3959 4148">
    <p class='ocr_par' dir='ltr' id='par_1_99' title="bbox 2379 4075 3959 4148">
     <span class='ocr_line' id='line_1_99' title="bbox 2379 4075 3959 4148; baseline 0.001 -17"><span class='ocrx_word' id='word_1_679' title='bbox 2379 4075 2581 4131; x_wconf 83' lang='lat' dir='ltr'><strong>factum</strong></span> <span class='ocrx_word' id='word_1_680' title='bbox 2603 4077 2827 4147; x_wconf 82' lang='lat' dir='ltr'><strong>judico;</strong></span> <span class='ocrx_word' id='word_1_681' title='bbox 2876 4093 3054 4148; x_wconf 90' lang='lat' dir='ltr'><strong>neque</strong></span> <span class='ocrx_word' id='word_1_682' title='bbox 3103 4078 3280 4132; x_wconf 87' lang='lat' dir='ltr'><strong>solum</strong></span> <span class='ocrx_word' id='word_1_683' title='bbox 3323 4079 3421 4133; x_wconf 90' lang='lat' dir='ltr'><strong>abs</strong></span> <span class='ocrx_word' id='word_1_684' title='bbox 3471 4088 3787 4132; x_wconf 88' lang='lat' dir='ltr'><strong>catenarum</strong></span> <span class='ocrx_word' id='word_1_685' title='bbox 3856 4094 3959 4133; x_wconf 85' lang='lat' dir='ltr'><strong>au-</strong></span> 
     </span>
    </p>
   </div>
   <div class='ocr_carea' id='block_1_100' title="bbox 2377 4169 3954 4240">
    <p class='ocr_par' dir='ltr' id='par_1_100' title="bbox 2377 4169 3954 4240">
     <span class='ocr_line' id='line_1_100' title="bbox 2377 4169 3954 4240; baseline -0.001 -12"><span class='ocrx_word' id='word_1_686' title='bbox 2377 4174 2642 4237; x_wconf 89' lang='lat' dir='ltr'><strong>ctoribus,</strong></span> <span class='ocrx_word' id='word_1_687' title='bbox 2675 4187 2862 4226; x_wconf 90' lang='lat' dir='ltr'><strong>verum</strong></span> <span class='ocrx_word' id='word_1_688' title='bbox 2902 4171 2970 4225; x_wconf 91' lang='lat' dir='ltr'><strong>ab</strong></span> <span class='ocrx_word' id='word_1_689' title='bbox 3004 4171 3122 4240; x_wconf 86' lang='lat' dir='ltr'><strong>ipso</strong></span> <span class='ocrx_word' id='word_1_690' title='bbox 3152 4169 3346 4224; x_wconf 86' lang='lat' dir='ltr'><strong>Photio</strong></span> <span class='ocrx_word' id='word_1_691' title='bbox 3381 4171 3663 4225; x_wconf 88' lang='lat' dir='ltr'><strong>materiam</strong></span> <span class='ocrx_word' id='word_1_692' title='bbox 3705 4172 3954 4226; x_wconf 89' lang='lat' dir='ltr'><strong>eamdem</strong></span> 
     </span>
    </p>
   </div>
   <div class='ocr_carea' id='block_1_101' title="bbox 2379 4263 3955 4331">
    <p class='ocr_par' dir='ltr' id='par_1_101' title="bbox 2379 4263 3955 4331">
     <span class='ocr_line' id='line_1_101' title="bbox 2379 4263 3955 4331; baseline -0.001 -11"><span class='ocrx_word' id='word_1_693' title='bbox 2379 4281 2487 4320; x_wconf 89' lang='lat' dir='ltr'><strong>non</strong></span> <span class='ocrx_word' id='word_1_694' title='bbox 2517 4279 2628 4319; x_wconf 90' lang='lat' dir='ltr'><strong>uno</strong></span> <span class='ocrx_word' id='word_1_695' title='bbox 2658 4264 2712 4317; x_wconf 93' lang='lat' dir='ltr'><strong>in</strong></span> <span class='ocrx_word' id='word_1_696' title='bbox 2741 4265 2862 4318; x_wconf 92' lang='lat' dir='ltr'><strong>loco</strong></span> <span class='ocrx_word' id='word_1_697' title='bbox 2887 4278 3063 4331; x_wconf 91' lang='lat' dir='ltr'><strong>neque</strong></span> <span class='ocrx_word' id='word_1_698' title='bbox 3097 4263 3263 4317; x_wconf 88' lang='lat' dir='ltr'><strong>semel</strong></span> <span class='ocrx_word' id='word_1_699' title='bbox 3295 4271 3612 4331; x_wconf 82' lang='lat' dir='ltr'><strong>usurpatam</strong></span> <span class='ocrx_word' id='word_1_700' title='bbox 3670 4263 3955 4319; x_wconf 77' lang='lat' dir='ltr'><strong>existimo.</strong></span> 
     </span>
    </p>
   </div>
   <div class='ocr_carea' id='block_1_102' title="bbox 2375 4353 3957 4424">
    <p class='ocr_par' dir='ltr' id='par_1_102' title="bbox 2375 4353 3957 4424">
     <span class='ocr_line' id='line_1_102' title="bbox 2375 4353 3957 4424; baseline -0.002 -11"><span class='ocrx_word' id='word_1_701' title='bbox 2375 4358 2511 4413; x_wconf 83' lang='lat' dir='ltr'><strong>Nam</strong></span> <span class='ocrx_word' id='word_1_702' title='bbox 2543 4367 2597 4413; x_wconf 88' lang='lat' dir='ltr'><strong>et</strong></span> <span class='ocrx_word' id='word_1_703' title='bbox 2627 4358 2680 4412; x_wconf 92' lang='lat' dir='ltr'><strong>in</strong></span> <span class='ocrx_word' id='word_1_704' title='bbox 2710 4356 2923 4411; x_wconf 91' lang='lat' dir='ltr'><strong>catenis</strong></span> <span class='ocrx_word' id='word_1_705' title='bbox 2971 4370 3161 4424; x_wconf 90' lang='lat' dir='ltr'><strong>reapse</strong></span> <span class='ocrx_word' id='word_1_706' title='bbox 3195 4355 3376 4424; x_wconf 88' lang='lat' dir='ltr'><strong>plures</strong></span> <span class='ocrx_word' id='word_1_707' title='bbox 3429 4355 3532 4410; x_wconf 85' lang='lat' dir='ltr'><strong>loci</strong></span> <span class='ocrx_word' id='word_1_708' title='bbox 3572 4353 3828 4410; x_wconf 84' lang='lat' dir='ltr'><strong>Photiani</strong></span> <span class='ocrx_word' id='word_1_709' title='bbox 3861 4372 3957 4410; x_wconf 83' lang='lat' dir='ltr'><strong>oc-</strong></span> 
     </span>
    </p>
   </div>
   <div class='ocr_carea' id='block_1_103' title="bbox 2378 4447 3952 4519">
    <p class='ocr_par' dir='ltr' id='par_1_103' title="bbox 2378 4447 3952 4519">
     <span class='ocr_line' id='line_1_103' title="bbox 2378 4447 3952 4519; baseline -0.002 -15"><span class='ocrx_word' id='word_1_710' title='bbox 2378 4461 2628 4515; x_wconf 89' lang='lat' dir='ltr'><strong>currunt,</strong></span> <span class='ocrx_word' id='word_1_711' title='bbox 2683 4449 2777 4519; x_wconf 93' lang='lat' dir='ltr'><strong>qui</strong></span> <span class='ocrx_word' id='word_1_712' title='bbox 2834 4449 2890 4504; x_wconf 91' lang='lat' dir='ltr'><strong>in</strong></span> <span class='ocrx_word' id='word_1_713' title='bbox 2950 4447 3354 4516; x_wconf 79' lang='lat' dir='ltr'><strong>Amphilochiia,</strong></span> <span class='ocrx_word' id='word_1_714' title='bbox 3411 4463 3532 4518; x_wconf 70' lang='lat' dir='ltr'><strong>qua:</strong></span> <span class='ocrx_word' id='word_1_715' title='bbox 3570 4463 3718 4503; x_wconf 92' lang='lat' dir='ltr'><strong>nunc</strong></span> <span class='ocrx_word' id='word_1_716' title='bbox 3767 4449 3952 4503; x_wconf 88' lang='lat' dir='ltr'><strong>omnia</strong></span> 
     </span>
    </p>
   </div>
   <div class='ocr_carea' id='block_1_104' title="bbox 2307 4535 3952 4607">
    <p class='ocr_par' dir='ltr' id='par_1_104' title="bbox 2307 4535 3952 4607">
     <span class='ocr_line' id='line_1_104' title="bbox 2307 4535 3952 4607; baseline 0 -14"><span class='ocrx_word' id='word_1_717' title='bbox 2307 4550 2355 4606; x_wconf 80' lang='grc' dir='ltr'><strong>ι)</strong></span> <span class='ocrx_word' id='word_1_718' title='bbox 2383 4540 2654 4603; x_wconf 85' lang='lat' dir='ltr'><strong>novimus,</strong></span> <span class='ocrx_word' id='word_1_719' title='bbox 2694 4554 2801 4593; x_wconf 94' lang='lat' dir='ltr'><strong>non</strong></span> <span class='ocrx_word' id='word_1_720' title='bbox 2847 4545 3186 4607; x_wconf 89' lang='lat' dir='ltr'><strong>comparent.</strong></span> <span class='ocrx_word' id='word_1_721' title='bbox 3247 4535 3314 4591; x_wconf 84' lang='lat' dir='ltr'><strong>Et</strong></span> <span class='ocrx_word' id='word_1_722' title='bbox 3359 4538 3578 4606; x_wconf 89' lang='lat' dir='ltr'><strong>quidem</strong></span> <span class='ocrx_word' id='word_1_723' title='bbox 3604 4535 3952 4593; x_wconf 90' lang='lat' dir='ltr'><strong>Scholiorum</strong></span> 
     </span>
    </p>
   </div>
   <div class='ocr_carea' id='block_1_105' title="bbox 2379 4628 3954 4699">
    <p class='ocr_par' dir='ltr' id='par_1_105' title="bbox 2379 4628 3954 4699">
     <span class='ocr_line' id='line_1_105' title="bbox 2379 4628 3954 4699; baseline -0.001 -15"><span class='ocrx_word' id='word_1_724' title='bbox 2379 4629 2557 4684; x_wconf 86' lang='lat' dir='ltr'><strong>Photii</strong></span> <span class='ocrx_word' id='word_1_725' title='bbox 2609 4630 2676 4684; x_wconf 90' lang='lat' dir='ltr'><strong>ad</strong></span> <span class='ocrx_word' id='word_1_726' title='bbox 2705 4628 2910 4684; x_wconf 85' lang='lat' dir='ltr'><strong>Lucam</strong></span> <span class='ocrx_word' id='word_1_727' title='bbox 2966 4628 3293 4684; x_wconf 90' lang='lat' dir='ltr'><strong>ineditorum</strong></span> <span class='ocrx_word' id='word_1_728' title='bbox 3354 4642 3456 4698; x_wconf 87' lang='lat' dir='ltr'><strong>ego</strong></span> <span class='ocrx_word' id='word_1_729' title='bbox 3498 4629 3615 4698; x_wconf 89' lang='lat' dir='ltr'><strong>ipse</strong></span> <span class='ocrx_word' id='word_1_730' title='bbox 3671 4629 3726 4683; x_wconf 91' lang='lat' dir='ltr'><strong>in</strong></span> <span class='ocrx_word' id='word_1_731' title='bbox 3773 4629 3954 4699; x_wconf 90' lang='lat' dir='ltr'><strong>prima</strong></span> 
     </span>
    </p>
   </div>
   <div class='ocr_carea' id='block_1_106' title="bbox 2380 4718 3957 4790">
    <p class='ocr_par' dir='ltr' id='par_1_106' title="bbox 2380 4718 3957 4790">
     <span class='ocr_line' id='line_1_106' title="bbox 2380 4718 3957 4790; baseline 0.001 -16"><span class='ocrx_word' id='word_1_732' title='bbox 2380 4719 2544 4790; x_wconf 90' lang='lat' dir='ltr'><strong>hujus</strong></span> <span class='ocrx_word' id='word_1_733' title='bbox 2589 4719 2879 4775; x_wconf 91' lang='lat' dir='ltr'><strong>voluminis</strong></span> <span class='ocrx_word' id='word_1_734' title='bbox 2933 4718 3170 4774; x_wconf 88' lang='lat' dir='ltr'><strong>editione</strong></span> <span class='ocrx_word' id='word_1_735' title='bbox 3221 4719 3497 4788; x_wconf 86' lang='lat' dir='ltr'><strong>specimen</strong></span> <span class='ocrx_word' id='word_1_736' title='bbox 3563 4718 3785 4774; x_wconf 75' lang='lat' dir='ltr'><strong>exhibui</strong></span> <span class='ocrx_word' id='word_1_737' title='bbox 3832 4732 3957 4790; x_wconf 83' lang='lat' dir='ltr'><strong>post</strong></span> 
     </span>
    </p>
   </div>
   <div class='ocr_carea' id='block_1_107' title="bbox 2378 4810 3956 4883">
    <p class='ocr_par' dir='ltr' id='par_1_107' title="bbox 2378 4810 3956 4883">
     <span class='ocr_line' id='line_1_107' title="bbox 2378 4810 3956 4883; baseline 0.002 -19"><span class='ocrx_word' id='word_1_738' title='bbox 2378 4811 2774 4879; x_wconf 84' lang='lat' dir='ltr'><strong>Apollinarium</strong></span> <span class='ocrx_word' id='word_1_739' title='bbox 2812 4828 2827 4876; x_wconf 86' lang='lat'><strong>;</strong></span> <span class='ocrx_word' id='word_1_740' title='bbox 2864 4811 3016 4879; x_wconf 91' lang='lat' dir='ltr'><strong>plura</strong></span> <span class='ocrx_word' id='word_1_741' title='bbox 3050 4811 3300 4870; x_wconf 83' lang='lat' dir='ltr'><strong>daturus.</strong></span> <span class='ocrx_word' id='word_1_742' title='bbox 3356 4810 3462 4866; x_wconf 90' lang='lat' dir='ltr'><strong>nisi</strong></span> <span class='ocrx_word' id='word_1_743' title='bbox 3497 4811 3755 4882; x_wconf 82' lang='lat' dir='ltr'><strong>pleraque</strong></span> <span class='ocrx_word' id='word_1_744' title='bbox 3783 4828 3956 4883; x_wconf 79' lang='lat' dir='ltr'><strong>agno-</strong></span> 
     </span>
    </p>
   </div>
   <div class='ocr_carea' id='block_1_108' title="bbox 2380 4901 3954 4974">
    <p class='ocr_par' dir='ltr' id='par_1_108' title="bbox 2380 4901 3954 4974">
     <span class='ocr_line' id='line_1_108' title="bbox 2380 4901 3954 4974; baseline 0.003 -19"><span class='ocrx_word' id='word_1_745' title='bbox 2380 4905 2580 4958; x_wconf 89' lang='lat' dir='ltr'><strong>vissem</strong></span> <span class='ocrx_word' id='word_1_746' title='bbox 2611 4904 2666 4957; x_wconf 93' lang='lat' dir='ltr'><strong>in</strong></span> <span class='ocrx_word' id='word_1_747' title='bbox 2699 4901 3080 4972; x_wconf 81' lang='lat' dir='ltr'><strong>Amphilochiis</strong></span> <span class='ocrx_word' id='word_1_748' title='bbox 3129 4903 3211 4957; x_wconf 91' lang='lat' dir='ltr'><strong>vel</strong></span> <span class='ocrx_word' id='word_1_749' title='bbox 3271 4903 3324 4957; x_wconf 92' lang='lat' dir='ltr'><strong>in</strong></span> <span class='ocrx_word' id='word_1_750' title='bbox 3372 4901 3626 4972; x_wconf 79' lang='lat' dir='ltr'><strong>Epistolis</strong></span> <span class='ocrx_word' id='word_1_751' title='bbox 3672 4919 3844 4974; x_wconf 90' lang='lat' dir='ltr'><strong>prope</strong></span> <span class='ocrx_word' id='word_1_752' title='bbox 3886 4904 3954 4959; x_wconf 90' lang='lat' dir='ltr'><strong>ad</strong></span> 
     </span>
    </p>
   </div>
   <div class='ocr_carea' id='block_1_109' title="bbox 2380 4995 3954 5067">
    <p class='ocr_par' dir='ltr' id='par_1_109' title="bbox 2380 4995 3954 5067">
     <span class='ocr_line' id='line_1_109' title="bbox 2380 4995 3954 5067; baseline 0.003 -19"><span class='ocrx_word' id='word_1_753' title='bbox 2380 4996 2603 5050; x_wconf 81' lang='lat' dir='ltr'><strong>vei-hum</strong></span> <span class='ocrx_word' id='word_1_754' title='bbox 2657 4997 2851 5067; x_wconf 91' lang='lat' dir='ltr'><strong>repeti.</strong></span> <span class='ocrx_word' id='word_1_755' title='bbox 2907 4995 3082 5062; x_wconf 87' lang='lat' dir='ltr'><strong>Quam</strong></span> <span class='ocrx_word' id='word_1_756' title='bbox 3130 5011 3244 5050; x_wconf 90' lang='lat' dir='ltr'><strong>rem</strong></span> <span class='ocrx_word' id='word_1_757' title='bbox 3289 5004 3347 5049; x_wconf 90' lang='lat' dir='ltr'><strong>ut</strong></span> <span class='ocrx_word' id='word_1_758' title='bbox 3385 4995 3680 5050; x_wconf 85' lang='lat' dir='ltr'><strong>lectoribus</strong></span> <span class='ocrx_word' id='word_1_759' title='bbox 3705 4995 3954 5065; x_wconf 85' lang='lat' dir='ltr'><strong>probem,</strong></span> 
     </span>
    </p>
   </div>
   <div class='ocr_carea' id='block_1_110' title="bbox 2381 5085 3577 5157">
    <p class='ocr_par' dir='ltr' id='par_1_110' title="bbox 2381 5085 3577 5157">
     <span class='ocr_line' id='line_1_110' title="bbox 2381 5085 3577 5157; baseline -0.001 -17"><span class='ocrx_word' id='word_1_760' title='bbox 2381 5087 2590 5142; x_wconf 88' lang='lat' dir='ltr'><strong>idoneis</strong></span> <span class='ocrx_word' id='word_1_761' title='bbox 2619 5085 2954 5157; x_wconf 87' lang='lat' dir='ltr'><strong>argumentis</strong></span> <span class='ocrx_word' id='word_1_762' title='bbox 2975 5087 3308 5155; x_wconf 84' lang='lat' dir='ltr'><strong>parcendum</strong></span> <span class='ocrx_word' id='word_1_763' title='bbox 3332 5100 3438 5139; x_wconf 93' lang='lat' dir='ltr'><strong>non</strong></span> <span class='ocrx_word' id='word_1_764' title='bbox 3466 5097 3577 5141; x_wconf 85' lang='lat' dir='ltr'><strong>est.</strong></span> 
     </span>
    </p>
   </div>
   <div class='ocr_carea' id='block_1_111' title="bbox 2451 5176 3957 5247">
    <p class='ocr_par' dir='ltr' id='par_1_111' title="bbox 2451 5176 3957 5247">
     <span class='ocr_line' id='line_1_111' title="bbox 2451 5176 3957 5247; baseline 0.003 -16"><span class='ocrx_word' id='word_1_765' title='bbox 2451 5179 2504 5231; x_wconf 78' lang='lat' dir='ltr'><strong>i.</strong></span> <span class='ocrx_word' id='word_1_766' title='bbox 2537 5177 2771 5232; x_wconf 57' lang='lat' dir='ltr'><strong>Matthxi</strong></span> <span class='ocrx_word' id='word_1_767' title='bbox 2812 5177 2992 5233; x_wconf 91' lang='lat' dir='ltr'><strong>locum</strong></span> <span class='ocrx_word' id='word_1_768' title='bbox 3031 5193 3111 5241; x_wconf 78' lang='grc' dir='ltr'><strong>ιι,</strong></span> <span class='ocrx_word' id='word_1_769' title='bbox 3157 5177 3242 5238; x_wconf 89' lang='lat' dir='ltr'><strong>l7.</strong></span> <span class='ocrx_word' id='word_1_770' title='bbox 3274 5191 3384 5245; x_wconf 93' lang='lat' dir='ltr'><strong>quo</strong></span> <span class='ocrx_word' id='word_1_771' title='bbox 3410 5176 3562 5231; x_wconf 88' lang='lat' dir='ltr'><strong>aiunt</strong></span> <span class='ocrx_word' id='word_1_772' title='bbox 3600 5177 3754 5247; x_wconf 89' lang='lat' dir='ltr'><strong>pueri</strong></span> <span class='ocrx_word' id='word_1_773' title='bbox 3808 5179 3957 5235; x_wconf 81' lang='lat' dir='ltr'><strong>Ceci-</strong></span> 
     </span>
    </p>
   </div>
   <div class='ocr_carea' id='block_1_112' title="bbox 2381 5268 3957 5338">
    <p class='ocr_par' dir='ltr' id='par_1_112' title="bbox 2381 5268 3957 5338">
     <span class='ocr_line' id='line_1_112' title="bbox 2381 5268 3957 5338; baseline 0.003 -15"><span class='ocrx_word' id='word_1_774' title='bbox 2381 5270 2556 5324; x_wconf 80' lang='lat' dir='ltr'><strong>nimus</strong></span> <span class='ocrx_word' id='word_1_775' title='bbox 2587 5269 2752 5331; x_wconf 76' lang='lat' dir='ltr'><strong>vobis,</strong></span> <span class='ocrx_word' id='word_1_776' title='bbox 2774 5279 2881 5323; x_wconf 89' lang='lat' dir='ltr'><strong>etc.</strong></span> <span class='ocrx_word' id='word_1_777' title='bbox 2908 5269 3296 5338; x_wconf 89' lang='lat' dir='ltr'><strong>interpretatur</strong></span> <span class='ocrx_word' id='word_1_778' title='bbox 3323 5268 3513 5323; x_wconf 90' lang='lat' dir='ltr'><strong>iisdem</strong></span> <span class='ocrx_word' id='word_1_779' title='bbox 3532 5270 3713 5324; x_wconf 88' lang='lat' dir='ltr'><strong>verbis</strong></span> <span class='ocrx_word' id='word_1_780' title='bbox 3728 5268 3957 5327; x_wconf 89' lang='lat' dir='ltr'><strong>Photius</strong></span> 
     </span>
    </p>
   </div>
   <div class='ocr_carea' id='block_1_113' title="bbox 2382 5358 3957 5432">
    <p class='ocr_par' dir='ltr' id='par_1_113' title="bbox 2382 5358 3957 5432">
     <span class='ocr_line' id='line_1_113' title="bbox 2382 5358 3957 5432; baseline 0.002 -16"><span class='ocrx_word' id='word_1_781' title='bbox 2382 5370 2496 5416; x_wconf 92' lang='lat' dir='ltr'><strong>tum</strong></span> <span class='ocrx_word' id='word_1_782' title='bbox 2551 5362 2604 5417; x_wconf 91' lang='lat' dir='ltr'><strong>in</strong></span> <span class='ocrx_word' id='word_1_783' title='bbox 2665 5362 2872 5417; x_wconf 88' lang='lat' dir='ltr'><strong>Catena</strong></span> <span class='ocrx_word' id='word_1_784' title='bbox 2927 5358 3192 5416; x_wconf 72' lang='lat' dir='ltr'><strong>Vaticana</strong></span> <span class='ocrx_word' id='word_1_785' title='bbox 3232 5361 3354 5415; x_wconf 88' lang='lat' dir='ltr'><strong>cod.</strong></span> <span class='ocrx_word' id='word_1_786' title='bbox 3389 5360 3515 5425; x_wconf 87' lang='lat'><strong>758,</strong></span> <span class='ocrx_word' id='word_1_787' title='bbox 3541 5377 3596 5432; x_wconf 92' lang='lat' dir='ltr'><strong>p.</strong></span> <span class='ocrx_word' id='word_1_788' title='bbox 3628 5362 3721 5427; x_wconf 88' lang='lat'><strong>28.</strong></span> <span class='ocrx_word' id='word_1_789' title='bbox 3755 5364 3957 5419; x_wconf 89' lang='lat' dir='ltr'><strong>tumin</strong></span> 
     </span>
    </p>
   </div>
   <div class='ocr_carea' id='block_1_114' title="bbox 2383 5451 3765 5523">
    <p class='ocr_par' dir='ltr' id='par_1_114' title="bbox 2383 5451 3765 5523">
     <span class='ocr_line' id='line_1_114' title="bbox 2383 5451 3765 5523; baseline 0.001 -17"><span class='ocrx_word' id='word_1_790' title='bbox 2383 5453 2824 5523; x_wconf 84' lang='lat' dir='ltr'><strong>Amphilochiana</strong></span> <span class='ocrx_word' id='word_1_791' title='bbox 2871 5451 3174 5523; x_wconf 64' lang='lat' dir='ltr'><strong>quastione</strong></span> <span class='ocrx_word' id='word_1_792' title='bbox 3200 5451 3290 5516; x_wconf 73' lang='grc'><strong>54,</strong></span> <span class='ocrx_word' id='word_1_793' title='bbox 3320 5467 3350 5507; x_wconf 93' lang='lat' dir='ltr'><strong>a</strong></span> <span class='ocrx_word' id='word_1_794' title='bbox 3380 5451 3572 5507; x_wconf 89' lang='lat' dir='ltr'><strong>Scotto</strong></span> <span class='ocrx_word' id='word_1_795' title='bbox 3596 5453 3765 5508; x_wconf 87' lang='lat' dir='ltr'><strong>edita.</strong></span> 
     </span>
    </p>
   </div>
   <div class='ocr_carea' id='block_1_115' title="bbox 2448 5543 3956 5615">
    <p class='ocr_par' dir='ltr' id='par_1_115' title="bbox 2448 5543 3956 5615">
     <span class='ocr_line' id='line_1_115' title="bbox 2448 5543 3956 5615; baseline 0.001 -16"><span class='ocrx_word' id='word_1_796' title='bbox 2448 5547 2504 5599; x_wconf 88' lang='lat'><strong>2.</strong></span> <span class='ocrx_word' id='word_1_797' title='bbox 2537 5543 2699 5600; x_wconf 77' lang='lat' dir='ltr'><strong>Luca:</strong></span> <span class='ocrx_word' id='word_1_798' title='bbox 2727 5545 2881 5602; x_wconf 91' lang='lat' dir='ltr'><strong>locus</strong></span> <span class='ocrx_word' id='word_1_799' title='bbox 2907 5561 2968 5611; x_wconf 91' lang='lat' dir='ltr'><strong>tt.</strong></span> <span class='ocrx_word' id='word_1_800' title='bbox 2999 5546 3067 5602; x_wconf 77' lang='lat'><strong>35</strong></span> <span class='ocrx_word' id='word_1_801' title='bbox 3115 5562 3129 5600; x_wconf 87' lang='lat'><strong>:</strong></span> <span class='ocrx_word' id='word_1_802' title='bbox 3179 5544 3248 5598; x_wconf 80' lang='lat' dir='ltr'><strong>Et</strong></span> <span class='ocrx_word' id='word_1_803' title='bbox 3299 5555 3447 5599; x_wconf 87' lang='lat' dir='ltr'><strong>tuam</strong></span> <span class='ocrx_word' id='word_1_804' title='bbox 3501 5547 3669 5615; x_wconf 80' lang='lat' dir='ltr'><strong>ipsius</strong></span> <span class='ocrx_word' id='word_1_805' title='bbox 3717 5547 3956 5601; x_wconf 73' lang='lat' dir='ltr'><strong>animum</strong></span> 
     </span>
    </p>
   </div>
   <div class='ocr_carea' id='block_1_116' title="bbox 2381 5638 3957 5707">
    <p class='ocr_par' dir='ltr' id='par_1_116' title="bbox 2381 5638 3957 5707">
     <span class='ocr_line' id='line_1_116' title="bbox 2381 5638 3957 5707; baseline 0.001 -14"><span class='ocrx_word' id='word_1_806' title='bbox 2381 5638 2745 5707; x_wconf 74' lang='lat' dir='ltr'><strong>pet-transibit,</strong></span> <span class='ocrx_word' id='word_1_807' title='bbox 2770 5649 2903 5706; x_wconf 91' lang='lat' dir='ltr'><strong>ctc..</strong></span> <span class='ocrx_word' id='word_1_808' title='bbox 2929 5638 3228 5695; x_wconf 87' lang='lat' dir='ltr'><strong>illustratur</strong></span> <span class='ocrx_word' id='word_1_809' title='bbox 3253 5654 3283 5693; x_wconf 91' lang='lat' dir='ltr'><strong>a</strong></span> <span class='ocrx_word' id='word_1_810' title='bbox 3315 5638 3511 5694; x_wconf 85' lang='lat' dir='ltr'><strong>Photio</strong></span> <span class='ocrx_word' id='word_1_811' title='bbox 3541 5641 3722 5694; x_wconf 92' lang='lat' dir='ltr'><strong>tumin</strong></span> <span class='ocrx_word' id='word_1_812' title='bbox 3750 5638 3957 5695; x_wconf 76' lang='lat' dir='ltr'><strong>Catena</strong></span> 
     </span>
    </p>
   </div>
  </div>
