4198 6440
182 467 258 529 37
1536 467 2123 531 PROLEGOMENA.
3393 474 3466 538 38

190 577 462 634 Vaticana
494 574 617 631 cod.
650 571 883 645 £933,p.
916 571 1008 640 63,
1072 582 1187 628 tum
1238 573 1404 628 etiam
1463 574 1517 629 in
1546 574 1776 647 Amphi-

1884 575 1990 629 τῶν
2020 578 2459 649 σταυρωσάντων
2508 577 2916 652 ικιιαλούμενον
2963 582 3336 653 μυσάττεσθαι
3367 584 3468 655 τὴν

186 664 448 722 lochiana
477 663 781 735 quastione
811 660 935 717 1⁸16.

256 756 317 811 3.
349 756 482 811 Luc.
540 769 665 817 xm.
726 751 792 807 ιι
838 770 853 807 :
916 750 1253 822 Respondeas
1308 752 1779 825 srclilsgnegogss.

184 844 356 900 Verbi
373 844 737 915 ἀποκρίνομαι
758 841 1008 896 notiones
1025 841 1190 897 varie
1211 843 1570 898 enucleantur
1589 858 1620 899 a
1647 842 1779 898 Pho-

186 933 265 988 tio
292 933 530 989 breviter
545 932 599 986 in
614 929 817 985 Catena
853 929 1111 986 Vaticana
1133 931 1288 994 l933.
1309 948 1362 1002 p.
1380 931 1504 995 368,
1519 940 1633 987 tum
1656 948 1783 1003 pro-

187 1028 361 1083 lixius
400 1036 457 1081 et
507 1024 723 1079 doctius
768 1022 1294 1093 iuAmpliilochiana
1336 1039 1366 1078 a
1409 1040 1496 1079 me
1523 1025 1664 1081 edita
1689 1025 1780 1083 2|.

261 1118 317 1171 ι.
354 1115 487 1171 Luc.
543 1129 657 1177 xvt,
706 1112 800 1177 26,
858 1112 927 1167 de
977 1114 1213 1183 epulone
1250 1122 1306 1169 et
1351 1114 1557 1170 Lazaro
1602 1113 1781 1170 Pliotii

189 1210 351 1264 locus
384 1216 471 1262 est
496 1207 552 1261 in
586 1206 791 1261 Catena
821 1202 1087 1259 Vaticana
1112 1205 1238 1268 759,
1273 1222 1325 1275 p.
1361 1205 1452 1273 66,
1497 1206 1593 1277 qui
1640 1207 1782 1262 scri-

190 1300 344 1354 bitur
374 1299 428 1354 in
457 1297 690 1369 epistola
722 1297 866 1352 edita
896 1296 988 1353 5‘2.
1050 1296 1224 1353 Porro
1251 1306 1305 1353 et
1329 1298 1484 1354 locus
1515 1298 1782 1355 adversus

189 1390 453 1460 Origenis
513 1402 759 1443 errorem
802 1388 873 1442 de
902 1387 1083 1457 pinnis
1140 1396 1494 1458 peccatorum
1554 1390 1782 1444 minime

189 1480 441 1543 aeternis,
489 1479 585 1550 qui
639 1478 838 1533 ibidem
890 1477 1083 1548 paucis
1112 1479 1298 1535 verbis
1326 1479 1380 1533 lu
1407 1489 1599 1535 catena
1626 1480 1783 1552 poni-

192 1584 306 1637 tur,
343 1570 416 1637 is,
436 1571 683 1641 inquam,
714 1569 1217 1637 pratermittiturin
1246 1569 1477 1641 epistola
1492 1570 1582 1636 52,
1607 1571 1783 1627 sedde

189 1680 258 1719 eo
290 1664 516 1737 cepiose
548 1661 602 1717 in
631 1661 806 1732 prima
835 1659 1149 1717 disseritur.

268 1757 323 1814 5.
356 1756 489 1811 Luc.
527 1769 665 1818 xxtt,
694 1751 763 1807 36
807 1767 821 1806 :
869 1750 1028 1805 Nunc
1053 1752 1143 1822 qui
1171 1752 1325 1807 habet
1350 1752 1646 1818 sacculum,
1670 1762 1776 1809 etc.

195 1848 411 1905 Locum
458 1847 609 1903 hunc
635 1853 830 1900 tractat
861 1843 1088 1901 Photius
1125 1845 1180 1899 in
1215 1842 1417 1899 Catena
1448 1841 1571 1898 Vat.
1616 1843 1776 1910 l933,

194 1958 253 2011 ιι.
305 1940 459 2005 557,
524 1939 764 2008 itemque
826 1936 1162 2007 amplissime
1210 1934 1263 1988 in
1325 1934 1777 2003 Ampliilochiaua
1808 1917 1855 1978 Β

193 2034 376 2104 prima
405 2032 706 2101 quastione
736 2028 924 2083 iisdem
951 2025 1067 2082 fere
1101 2026 1286 2081 verbis
1310 2034 1489 2079 utens.

263 2123 323 2177 6.
354 2121 488 2176 Luc.
520 2135 659 2182 xxn,
679 2119 771 2183 ιι,
802 2119 981 2173 locum
1004 2117 1071 2172 de
1090 2116 1291 2171 sudnre
1318 2115 1520 2170 Christi
1545 2115 1776 2185 sangui—

194 2226 324 2276 neo,
358 2208 672 2263 ineamdem
697 2209 1021 2262 sententiam
1069 2206 1372 2274 iisdemque
1401 2204 1583 2260 verbis
1602 2205 1778 2276 expli-

192 2314 281 2355 σοι
333 2301 564 2356 Photius
598 2300 799 2355 tumin
841 2298 1062 2354 Catenis
1082 2296 1204 2352 Vat.
1238 2296 1367 2363 759,
1429 2313 1484 2368 p.
1527 2297 1670 2365 2H;
1719 2306 1777 2353 et

196 2394 362 2454 £933,
389 2407 446 2461 p.
477 2391 605 2453 562,
632 2399 749 2446 tum
778 2390 832 2444 in
857 2388 1087 2459 epistola
1113 2388 1235 2444 l38.

268 2485 322 2535 7.
358 2482 489 2537 Luc.
548 2497 707 2546 xxtu,
744 2480 840 2535 25.
898 2479 1128 2535 Disserit
1169 2478 1399 2536 Pliotius
1465 2479 1518 2533 in
1566 2478 1773 2535 Catena

194 2573 322 2628 Vat.
356 2575 481 2637 758,
514 2589 565 2643 p.
613 2572 701 2638 78,
745 2572 812 2626 dc
834 2570 1039 2625 Christi
1087 2572 1355 2642 sanguine
1387 2571 1779 2642 redemptionis

196 2666 397 2735 pretio.
432 2664 576 2733 quod
617 2663 796 2733 ipsum
844 2663 1040 2718 iisdem
1088 2661 1200 2717 fere
1246 2660 1431 2718 verbis
1472 2664 1532 2716 lit
1570 2662 1625 2715 in
1659 2662 1779 2715 Amo

200 2757 553 2827 pitilochiat-a
580 2754 650 2808 τι

268 2847 325 2901 8.
374 2844 509 2899 Luc.
539 2860 688 2907 xxiv,
719 2842 809 2904 5|,
856 2841 1019 2896 verba
1056 2840 1239 2911 Aperti
1270 2851 1393 2895 sunt
1424 2842 1565 2895 oculi
1594 2856 1775 2895 eorum

200 2938 396 2993 etulem
447 2937 609 2991 modo
654 2936 1003 3005 explicantur
1034 2950 1065 2989 a
1096 2934 1295 2989 Pltotio
1338 2933 1392 2987 in
1416 2933 1619 2988 Catena
1653 2933 1773 2988 Vat.

202 3030 331 3093 759,
378 3043 434 3097 p.
465 3026 594 3091 255,
647 3036 813 3094 atque
865 3026 917 3077 in
967 3024 1426 3094 Ampltiloeltiana
1476 3025 1779 3094 quastione

201 3119 444 3175 nondum
470 3117 613 3172 edita
649 3115 736 3168 Ν.

271 3207 326 3261 9.
361 3205 497 3259 Luc.
532 3220 689 3264 xxut.
716 3204 805 3264 50.
836 3204 903 3258 de
926 3200 1166 3271 .loseplto
1193 3201 1263 3257 ab
1292 3201 1620 3257 Arimatltzea
1652 3218 1777 3257 nar-

202 3298 347 3352 ratio
390 3305 476 3350 est
520 3302 659 3364 apud
689 3295 942 3348 Pliotium
980 3294 1134 3349 initio
1158 3290 1408 3360 epistolae
1432 3293 1521 3348 9|.
1579 3293 1778 3347 Verum

201 3390 392 3442 radunt
431 3387 688 3442 scribitur
731 3389 784 3439 in
812 3386 1014 3441 Catena
1039 3386 1160 3440 Vat.
1190 3385 1316 3448 759,
1348 3383 1543 3455 νᾶα,
1600 3387 1777 3453 Atque

200 3496 304 3547 ego
329 3478 420 3533 vix
444 3478 634 3532 dubito
668 3478 800 3547 quin
834 3492 897 3530 ex
934 3476 1022 3530 illa
1057 3476 1236 3530 Photii
1284 3474 1545 3529 Oratione
1576 3475 1629 3527 in
1676 3474 1783 3527 Do-

208 3568 341 3622 mini
374 3567 739 3637 scpulturam,
768 3581 933 3635 quam
964 3564 1326 3619 Combelisius
1364 3563 1477 3635 (22)
1522 3564 1575 3617 in
1599 3562 1781 3616 Masa-

208 3661 432 3715 Iiuiano
466 3659 654 3714 codice
681 3658 835 3723 vidit,
854 3656 948 3712 sed
975 3656 1101 3726 quia
1124 3655 1342 3711 carebat
1368 3638 1593 3709 exordio
1621 3653 1784 3708 edere

205 3752 404 3813 noluit,
435 3752 526 3805 vix
572 3751 793 3819 inquam
827 3749 1016 3802 dubito
1060 3747 1191 3817 quin
1219 3748 1324 3801 hoc
1357 3744 1536 3800 Photii
1564 3745 1785 3814 elegans

206 3844 663 3912 ἀποσπάσματιον
711 3840 778 3894 de
820 3838 1057 3908 Josepho
1108 3840 1177 3892 ab
1205 3839 1531 3892 Arimatlma
1565 3836 1786 3891 Vatica-

207 3954 313 3993 nus
345 3934 656 4006 eelogarius
698 3931 1056 4002 decerpserit,
1112 3931 1259 4001 quod
1296 3929 1613 3997 speeiminis
1664 3930 1785 3984 loco

209 4045 319 4084 non
364 4041 453 4082 me
492 4028 639 4096 piget
670 4024 1001 4079 exscribere.
1052 4021 1238 4091 Pergit
1274 4022 1422 4076 enim
1447 4020 1518 4076 ad
1548 4019 1782 4074 Pilatum

208 4115 503 4187 Josepbus,
541 4127 778 4183 eumque
802 4120 858 4166 ut
887 4112 992 4166 sibi
1028 4111 1235 4165 Christi
1278 4125 1482 4179 corpus
1520 4109 1786 4165 concedat

208 4208 516 4278 composita
544 4206 791 4261 oratione
826 4204 908 4259 sic
959 4205 1283 4272 deprecatur
1312 4202 1445 4265 :Ad;
1474 4218 1588 4272 μοι,
1619 4200 1787 4271 φησιν

210 4305 238 4354 ὁ
278 4300 502 4370 Ἰωσὴφ,
532 4300 583 4351 si
623 4297 833 4368 βούλει,
864 4295 1037 4365 θάψαι
1085 4296 1177 4348 τὸν
1219 4294 1410 4365 νεκρὸν
1444 4292 1541 4346 τοῦ
1584 4293 1783 4364 Ἰησοῦ,

209 4393 267 4446 ὃν
294 4394 346 4446 el
385 4390 618 4459 γνωστοὶ
650 4389 850 4450 πάντες
886 4386 1095 4457 ᾤχοντο
1126 4384 1542 4449 καταλιπόντες,
1574 4378 1636 4438 οὗ
1658 4384 1786 4437 πολ-

1888 664 2184 736 ὠμότητα·
2222 666 2347 723 οὐδὲ
2388 668 2488 739 τὴν
2534 670 2817 741 Καίσαρος
2868 671 3207 728 intersimus:
3262 672 3468 744 φιλίαν,

1888 756 2003 810 Οὐιι
2027 750 2081 811 εῐ
2111 756 2285 828 φίλος.
2311 757 2587 829 λέγοντες.
2625 760 2718 816 τοῦ
2751 761 3051 834 Καίσαρος.
3081 765 3131 819 ει
3154 766 3356 837 νεκράν
3383 767 3467 820 δί-

1886 843 1993 908 δως
2023 846 2091 918 τῇ
2118 848 2190 917 γῇ
2233 847 2665 921 κατορύττεσθαι
2688 865 2703 880 ο
2728 850 3161 922 ἀπροφάσιστος.
3191 857 3240 908 si
3285 854 3467 925 βούλει

1891 934 2072 1003 μόνον,
2099 936 2134 1006 ἡ
2166 936 2452 1009 πλήρωσις
2501 940 2603 1010 τῆς
2651 940 2948 1011 αἰτήσεως.
2977 942 3202 1008 Τούτοις
3243 946 3343 1015 τὴν
3369 947 3466 999 τνῦ

1889 1026 2124 1081 Πιλάτου
2153 1028 2481 1099 κατεπᾴδων
2502 1028 2707 1101 ψυχὴν.
2722 1032 2982 1102 τυγχάνει
3006 1034 3101 1088 τοῦ
3122 1038 3348 1100 σκοποῦ.
3374 1040 3468 1092 καὶ

1888 1116 2154 1187 λαμϐάνει
2184 1117 2513 1191 καθαιρεθὶν
2564 1121 2631 1174 τδ
2658 1121 2819 1190 σῶμα
2867 1122 2963 1177 τοῦ
3009 1124 3209 1197 Ἰησοῦ,
3239 1129 3337 1183 καὶ
3366 1134 3468 1198 τῆς

1892 1207 2155 1278 συνήθους
2176 1208 2319 1275 άξιυῐ
2346 1211 2647 1281 φροντίδος.

1960 1295 2027 1353 V.
2084 1298 2338 1354 Jamvero
2388 1309 2450 1355 ut
2502 1317 2533 1356 a
2580 1302 2762 1372 seipso
2806 1302 2974 1358 multa
3024 1306 3326 1375 sumpsisse
3348 1306 3463 1379 (23)

1889 1387 2143 1445 Photium
2197 1391 2436 1447 vidimus
2484 1394 2636 1464 (nam
2664 1394 2822 1463 plura
2865 1396 3025 1450 nobis
3072 1399 3327 1468 persequi
3354 1413 3461 1454 non

1886 1479 2159 1552 vacabat),
2183 1482 2254 1537 ita
2280 1498 2406 1537 eum
2440 1498 2548 1537 non
2576 1499 2747 1555 pauca
2769 1500 2991 1555 quoque
3021 1488 3091 1541 ab
3117 1488 3374 1560 aliis,pro
3401 1506 3463 1546 re

1886 1580 2014 1626 nata
2044 1572 2127 1627 vel
2160 1583 2320 1644 prout
2347 1573 2616 1629 instituta
2644 1591 2762 1631 suae
2789 1578 3109 1648 scriptionis
3164 1582 3303 1634 ratio
3357 1596 3463 1653 po-

1885 1664 2090 1726 scebat,
2107 1663 2272 1720 tacito
2288 1665 2715 1734 lieetiauctnrum
2734 1669 2974 1734 nomine,
2993 1670 3291 1739 sumpsisse
3306 1687 3463 1725 cnntv

1884 1754 2147 1824 perimus.
2203 1754 2262 1810 in
2314 1756 2543 1810 exordio
2591 1757 2913 1825 questionis
2956 1759 3024 1813 de
3082 1760 3460 1817 voluntatibus

1884 1846 2171 1919 gnomieis,
2198 1847 2276 1902 ait
2296 1847 2524 1903 Photius
2549 1863 2608 1902 se
2639 1848 2841 1904 idcirco
2862 1850 3002 1905 hanc
3019 1851 3455 1908 lucubrationem

1888 1939 2176 2002 instruere,
2201 1938 2330 2008 quia
2359 1953 2519 1993 nemo
2549 1954 2581 1994 e
2623 1941 2831 1995 sanctis
2863 1940 3154 2013 dignisque
3190 1944 3458 2015 obsequio

1880 2030 2135 2087 Patribus
2185 2046 2308 2085 eam
2338 2032 2419 2085 ~ad
2471 2031 2732 2101 liquidam
2769 2033 3128 2102 perduxisset,
3165 2038 3246 2091 vel
3291 2039 3458 2108 quid-

1878 2138 2044 2193 quam
2079 2121 2220 2191 frugi
2239 2122 2306 2178 de
2343 2123 2447 2178 hoc
2487 2132 2816 2193 argumento
2844 2124 3092 2184 dixisset.
3117 2140 3314 2196 magno
3338 2127 3457 2183 lla-

1880 2215 2030 2269 ximo
2050 2225 2301 2283 excepto.
2354 2213 2526 2268 Porro
2569 2217 2754 2270 statim
2790 2214 3018 2269 Phatius
3056 2215 3215 2284 plane
3236 2219 3302 2271 ad
3331 2233 3459 2273 ver-

1879 2305 2008 2359 bum
2029 2304 2272 2374 expilare
2302 2304 2495 2375 incipit
2537 2307 2713 2361 sancti
2740 2302 2969 2361 Joannis
2986 2305 3458 2378 Damasceniopus

1879 2396 1947 2450 de
1990 2394 2097 2450 [ide
2144 2396 2476 2460 orthodoxa,
2526 2410 2826 2466 suppresso
2869 2397 3114 2452 auctoris
3159 2398 3456 2467 cperisque

1881 2484 2268 2555 titulo:quam
2322 2499 2436 2538 rem
2483 2484 2897 2553 deprehendere
2951 2483 3079 2538 licet
3134 2496 3456 2555 comparato

1880 2573 2059 2630 letii
2085 2582 2234 2628 textu
2290 2589 2415 2629 eum
2445 2572 2786 2629 Damasceno
2818 2572 3066 2643 Lequinii
3106 2583 3147 2629 t.
3176 2574 3219 2639 Ι,
3256 2592 3309 2645 p.
3355 2576 3452 2632 187

1880 2681 2035 2735 seqq.
2066 2664 2277 2736 Neqnid
2308 2667 2376 2719 de
2405 2664 2680 2720 Anastasii
2728 2664 2952 2720 Sinaitae
3001 2665 3216 2737 llodego
3246 2668 3454 2735 dicam,

1878 2756 2040 2826 cujus
2071 2772 2225 2826 asque
2253 2756 2603 2812 deﬁnitiones
2633 2756 2772 2811 clam
2812 2755 3041 2812 Pltotius
3075 2758 3273 2813 sectari
3301 2760 3455 2813 vide-

1880 2859 1988 2905 tur.
2043 2847 2241 2917 Utique
2298 2848 2527 2904 Pliotius
2577 2849 2628 2902 in
2666 2848 3121 2919 Ampliilochiana
3156 2850 3455 2920 quaestione

1878 2940 1969 3007 ιο,
2004 2955 2280 3010 anonymo
2332 2950 2557 2995 auctore
2604 2955 2666 2995 se
2718 2940 2795 2993 uti
2838 2940 2991 3003 dicit.
3024 2955 3188 3009 quem
3250 2940 3452 2995 Dama-

1881 3046 2104 3086 scenum
2152 3030 2555 3101 intelligendum
2586 3045 2709 3086 esse
2754 3032 3069 3102 tempestive
3112 3032 3323 3086 monuit
3352 3047 3454 3088 nos

1881 3120 2059 3176 Photii
2095 3123 2365 3190 interpres
2399 3121 2471 3176 cl.
2504 3121 2749 3177 Scottus.
2807 3121 3181 3188 Quaestionem
3228 3123 3454 3193 Amphi-

1882 3213 2193 3267 locliianam
2220 3214 2617 3284 amplissimam
2654 3215 2779 3281 M9,
2818 3215 2886 3269 de
2909 3215 3034 3269 vita:
3062 3215 3295 3269 termino
3329 3214 3455 3269 uni-

1881 3318 2094 3357 versum
2129 3303 2278 3356 nullo
2308 3303 2476 3358 verbo
2503 3312 2841 3358 commutato
2878 3302 3106 3358 Pliotius
3139 3319 3170 3358 e
3199 3303 3454 3359 Germani

1882 3393 2207 3464 patriarcha:
2236 3410 2378 3463 penu
2411 3394 2477 3449 ad
2508 3409 2568 3449 se
2594 3395 2737 3448 clam
2772 3396 3071 3449 transtulit.
3137 3396 3274 3450 Item
3305 3412 3458 3467 qua-

1883 3483 2211 3538 stiunculam
2243 3483 2349 3539 152
2383 3488 2451 3539 de
2491 3485 2830 3541 obscuritate
2870 3485 2930 3540 S.
2969 3485 3265 3556 Scriptura
3296 3487 3460 3543 tacite

1884 3574 1950 3629 ad
1979 3576 2204 3629 verbum
2229 3577 2466 3646 sumpsit
2499 3575 2731 3631 Phemius
2778 3592 2807 3630 e
2848 3577 3199 3650 Polyclironii
3234 3581 3458 3650 prologo

1884 3666 1949 3718 ad
1973 3663 2170 3719 Jobum
2206 3682 2218 3720 :
2254 3680 2378 3735 qua:
2400 3666 2581 3719 brevis
2620 3666 2945 3730 lucubratio,
2978 3668 3108 3735 quia
3141 3683 3247 3721 non
3279 3678 3461 3724 exstat

1885 3771 2010 3809 cum
2052 3757 2263 3811 caeteris
2295 3756 2642 3826 Polyclironii
2680 3757 2745 3810 ad
2764 3754 2968 3811 Jobnm
2997 3759 3291 3829 excerptis,
3320 3775 3353 3814 a‘
3374 3776 3460 3813 tne

1886 3847 2119 3901 libenter
2166 3847 2310 3901 edita
2354 3847 2473 3903 l'uit.
2550 3846 2796 3917 Denique
2838 3849 3201 3917 quaestionem
3254 3850 3357 3905 154
3393 3854 3461 3906 de

1888 3937 2054 3993 variis
2100 3936 2398 3991 Bibliorum
2455 3953 2745 3994 sacrorum
2801 3941 3137 3997 editionibus
3199 3946 3359 3998 tacite
3391 3946 3461 3998 a.l

1885 4028 2113 4084 verbum
2142 4028 2439 4098 exscripsit
2489 4030 2716 4085 Phenus
2767 4046 2831 4085 ex
2865 4033 3006 4086 edita
3047 4034 3463 4102 pseudo-Atha-

1886 4119 2029 4174 nasii
2064 4119 2393 4188 quzstione,
2427 4120 2544 4176 sive
2576 4120 2741 4175 etiam
2774 4138 2837 4177 ex
2874 4120 3162 4193 Epiplianii
3189 4123 3459 4178 l’anario:

1888 4209 1938 4263 id
1972 4208 2117 4279 quod
2138 4224 2241 4280 ego
2269 4210 2535 4276 sentiens,
2565 4214 2832 4282 scriptum
2853 4216 3195 4283 praetermisi.
3227 4216 3465 4272 Caetero-

1885 4300 1978 4370 qui
2007 4316 2073 4355 ne
2100 4302 2321 4371 gravius
2350 4316 2614 4357 accusare
2646 4287 2905 4359 Pliotium
2938 4306 3147 4371 videar,
3196 4309 3298 4363 hoc
3319 4324 3461 4378 quo-

1886 4405 1994 4460 que
2044 4391 2446 4448 observandum
2502 4404 2621 4458 est,
2694 4391 2948 4450 Pliotium
3004 4398 3182 4467 ipsum
3248 4398 3300 4453 in
3359 4416 3463 4454 suo

210 4482 291 4535 λοι
322 4481 424 4550 μεν
454 4478 747 4549 συνιρῥεον
775 4476 870 4530 ιπι
886 4476 968 4547 τῷ
994 4474 1160 4530 πάθει
1184 4475 1396 4540 θεαταὶ,
1419 4473 1515 4527 νῦν
1535 4474 1582 4530 δ’
1608 4474 1784 4536 οὐδεὶς

1888 4478 2375 4548 ΑιιιρΙιὲΙοοΙιίοτιιιη
2418 4481 2720 4547 Proremlu,
2781 4492 2895 4540 tum
2950 4488 3115 4542 etiam
3158 4489 3464 4559 quastione

213 4573 535 4642 ὑπέμεινεν,
589 4567 711 4621 om
756 4566 867 4620 τῶν
897 4565 1089 4635 φίλων,
1140 4566 1545 4636 ἐνταφιαστήςο
1587 4564 1784 4620 ἄπεστι

212 4680 293 4716 σοι
314 4660 485 4730 φόϐος
517 4656 796 4729 βασιλείας
819 4672 834 4687 °
863 4656 1129 4726 τέθνηκεν
1160 4656 1190 4709 ό
1220 4654 1286 4709 τὸ
1324 4656 1527 4726 κράτος
1559 4655 1660 4726 μιν
1683 4654 1784 4724 τῆς

211 4753 459 4821 ιξουσιας
484 4750 732 4821 ἁρπάσαι
756 4746 1257 4819 κατηγορούμενος.
1297 4746 1461 4817 μεχρι
1482 4744 1538 4799 δι
1566 4746 1660 4799 καὶ
1685 4745 1784 4798 αὐ·-

210 4848 304 4918 τῆς
336 4845 671 4917 προτάσεως
697 4839 878 4904 άθῶος
926 4837 1113 4909 ὀφθεὶς
1168 4837 1371 4900 παντὸς
1407 4836 1783 4908 ἀδικήματος⁹

210 4937 266 4991 ὅν
295 4934 741 5007 προφητοιιιόνος
771 4928 993 4997 γλῶσσα
1017 4930 1109 4983 καὶ
1133 4926 1286 4999 φωνὴ
1315 4926 1413 4981 καὶ
1448 4932 1649 4999 χεῖρες,
1682 4927 1777 4980 σοῦ

206 5028 494 5090 δοκοῦντος
526 5025 716 5097 φέρειν
743 5021 1265 5093 φιλανθρωποτέραν
1287 5018 1490 5090 ψῆφον,
1520 5018 1627 5072 ὑπὸ
1655 5018 1780 5088 apio

209 5140 290 5174 σιν
320 5121 531 5191 ἠγαγον
562 5112 822 5171 θανάτου·
854 5114 944 5177 δός
974 5129 1067 5183 μοι
1091 5113 1253 5184 χάριν
1286 5112 1591 5181 ὁμολογεῖν.
1620 5110 1689 5163 δι’
1712 5105 1782 5182 ἧς

208 5214 433 5285 ἑτέρους
482 5209 634 5264 οὑδὶν
679 5206 935 5277 ζημιοῖςο
971 5206 1094 5259 οὐδε
1143 5204 1255 5274 γὰρ
1300 5203 1411 5259 οὐδ’
1442 5204 1471 5256 ό
1496 5202 1608 5256 τῶν
1648 5203 1781 5255 Ἰου-

205 5306 377 5359 δαίων
421 5300 578 5373 ὄχλος
611 5300 897 5354 ἀνιάσεται
931 5300 1001 5369 γῇ
1032 5296 1298 5367 μαθόντες
1327 5295 1419 5349 τὸν
1452 5293 1648 5365 εχθρὸν
1678 5310 1780 5346 κα-

206 5393 565 5463 λυπτόμενον.
590 5388 809 5444 Μᾶλλον
840 5389 938 5460 μὶν
974 5384 1068 5442 οὖν
1102 5386 1519 5458 δυσχεραίνουσι
1563 5385 1661 5438 καὶ
1691 5401 1780 5437 νε-

209 5488 340 5557 κρὸν
392 5484 484 5537 τὸν
514 5481 604 5535 ὑπ’
643 5479 827 5536 αὐτῶν
871 5481 1202 5551 μισούμενον
1248 5478 1577 5549 βλέποντεςο
1620 5476 1780 5530 τοῦτο

212 5579 310 5648 μὲν
359 5576 463 5645 τὴν
505 5573 687 5628 αὐτῶν
731 5572 1044 5644 μιαιφονίαν
1082 5570 1159 5642 τῷ
1208 5568 1428 5640 σταυρῷ
1482 5568 1776 5639 θριαμσεύο

208 5686 361 5730 οντα.
390 5664 547 5719 τοῦτο
565 5664 623 5718 δι
650 5662 760 5717 τῶν
790 5662 1046 5731 ὁρώντων
1066 5663 1156 5716 τὸν
1202 5662 1351 5716 ἔλεον
1392 5660 1642 5727 ελκοντα.
1688 5661 1782 5715 καὶ

280 5782 392 5854 (22',
426 5781 647 5854 Auster.
673 5797 788 5854 non.
825 5778 934 5854 PPi
964 5796 1018 5849 p.
1062 5779 1217 5835 l605.

1887 4571 1927 4635 l,
1965 4586 2084 4643 cap.
2118 4571 2186 4627 10
2214 4573 2347 4644 (quo
2374 4582 2652 4645 postremo
2697 4576 2819 4631 loco
2868 4578 2938 4633 de
2966 4580 3345 4648 superioribus
3374 4580 3464 4636 Bi-

1886 4661 2119 4717 bliorum
2140 4663 2531 4735 interpretibus
2548 4667 2687 4722 mira
2708 4682 2832 4724 cum
2854 4671 3158 4725 reverentia
3176 4671 3461 4745 loquitur),

1887 4754 2175 4810 manifeste
2215 4754 2419 4821 dicere,
2478 4772 2538 4813 se
2570 4761 2812 4829 acceptis
2838 4775 2906 4817 ex
2940 4762 3033 4818 illa
3074 4771 3343 4819 vetustate
3375 4780 3466 4820 se-

1886 4845 2150 4908 minibus.
2201 4845 2363 4918 longe
2411 4851 2782 4908 accnratiores
2829 4854 3326 4910 contradictionum
3368 4871 3462 4910 ευο

1887 4937 2126 4993 lutiuues
2156 4936 2209 4991 in
2235 4939 2475 4995 medium
2509 4940 2774 5010 proferre.
2838 4942 3005 5017 quue
3038 4946 3218 5003 Pliotii
3254 4949 3459 5004 dictum

1889 5042 2066 5098 neque
2098 5026 2320 5093 falsum,
2363 5038 2421 5085 ut
2446 5038 2602 5101 puto,
2633 5048 2812 5104 neque
2843 5050 3104 5108 arrogans
3132 5050 3253 5107 est;
3283 5056 3462 5111 quau-

1887 5118 2177 5189 doquidem
2226 5120 2310 5175 lia
2359 5120 2539 5177 Photii
2583 5126 2917 5192 quaestiones
2972 5143 3070 5184 seu
3121 5131 3329 5187 biblieze
3364 5148 3458 5189 seu

1889 5209 2224 5281 theologicae,
2260 5212 2365 5266 etsi
2403 5227 2511 5268 non
2546 5229 2738 5270 omnes
2766 5216 2879 5286 pari
2911 5219 3152 5287 pondere
3182 5234 3246 5276 ac
3283 5220 3462 5291 digni-

1889 5311 1997 5356 tate
2028 5312 2177 5366 sunt,
2231 5312 2416 5359 tamen
2468 5312 2712 5361 veterum
2755 5308 3052 5363 multorum
3096 5312 3162 5365 de
3192 5311 3357 5367 simili
3394 5326 3455 5365 re

1889 5393 2276 5463 scriptionibus
2308 5403 2565 5465 praestare
2590 5397 2843 5453 videntur
2871 5417 2887 5455 :
2922 5409 2977 5455 et
2999 5401 3241 5471 quidem,
3268 5417 3461 5458 exem-

1886 5483 1959 5553 pli
2036 5483 2209 5553 gratia
2248 5523 2264 5548 ,
2355 5483 2689 5560 Caesareusis
2781 5487 2997 5544 Eusebii
3072 5491 3461 5561 quastionihus

1886 5571 2234 5642 evangelieis,
2306 5572 2604 5642 quominus
2653 5575 2752 5631 bas
2789 5575 3083 5648 photianas
3138 5577 3459 5647 anteferam,

1888 5663 2070 5718 nullus
2100 5663 2340 5735 ambigo.

285 5847 401 5919 (£3)
443 5853 503 5908 ld
528 5851 727 5908 fatetur
758 5852 874 5922 ipse
903 5847 1130 5907 Paiotius
1181 5866 1412 5921 promtu.
1471 5848 1803 5919 Ampliilorh.
1847 5849 1986 5919 apud
2017 5848 2085 5905 cl.
2128 5847 2400 5905 Scotlum.
