4198 6440
734 421 806 485 39
1880 398 1961 457 IN
1992 389 2392 454 AMPIIILOCI

2297 388 2510 448 )CHIA
2547 380 2810 446 PHOTLI
3882 364 3955 422 40

2313 505 2357 564 ν

983 633 1338 703 EIUSDEM
1389 627 1627 691 CARD.
1676 623 1823 686 MAI
1867 616 2281 680 PREFATIO
2321 615 2401 673 ΙΝ
2456 603 2975 681 QUIESTIONES
3015 593 3730 660 AMPBILOCHIANAS

740 747 947 825 QUAS
985 691 1580 807 auriﬁce—iantan
1609 729 1689 789 IN
1721 720 2226 788 SCRIPTORUM
2253 718 2398 776 vm

2295 717 2435 776 'ET.
2469 711 2656 774 NOV.
2691 707 2865 770 COL.
2897 706 2970 764 '1‘.
3015 701 3217 774 IX,P.
3254 698 3465 759 1-158.
3489 691 3953 761 ROMEJB3‘1.

815 871 891 925 De
929 862 1106 921 Pbutii
1149 852 1620 927 Amphilochianis
1666 846 2058 919 quastionihus
2103 840 2299 911 partim
2331 845 2377 898 Α

743 961 904 1018 editis
950 953 1142 1025 partim
1189 946 1446 1003 ineditis.
1491 944 1668 1010 deque
1719 940 1958 1006 ipsarum
1999 928 2189 1000 viginti
2236 941 2300 980 ex

745 1017 931 1109 codice
947 1017 1212 1101 'Vaticano
1227 1055 1257 1093 a
1281 1053 1366 1092 me
1386 1031 1713 1102 jampridem
1731 1024 2042 1093 divulgalis,
2066 1017 2298 1081 abunde,

746 1152 808 1198 ut
842 1149 992 1211 puto,
1041 1128 1274 1188 disserui
1310 1128 1364 1180 in
1403 1120 1700 1177 voluminis
1747 1115 1908 1185 primi
1958 1109 2303 1164 Praelatione.

750 1197 902 1287 Nunc
924 1197 1239 1282 earumdem
1265 1213 1629 1285 quaestionum
1656 1205 2036 1278 apographum
2063 1216 2128 1254 ex
2157 1197 2277 1250 Vati

752 1336 892 1378 cano
954 1316 1146 1372 codice
1196 1317 1473 1375 sumptum
1533 1300 1676 1355 forte
1752 1305 1982 1360 nactus,
2050 1288 2309 1344 constitui

751 1414 985 1480 denique
1008 1399 1271 1477 quidquid
1297 1393 1542 1468 praeclari
1565 1388 1744 1460 Operis
1768 1385 1945 1440 adhuc
1973 1381 2310 1450 invulgatum

753 1468 1054 1572 supererat,
1085 1468 1226 1563 typis
1256 1485 1637 1546 committere;
1668 1477 1908 1546 exceptis
1943 1473 2033 1538 iis,
2061 1486 2181 1540 qua‘.
2209 1468 2312 1523 etsi

757 1562 972 1648 titulum
1034 1562 1522 1652 Amphilochiorum
1584 1572 1881 1643 gerebant,
1956 1562 2316 1620 nihilominus

757 1683 905 1746 alibi,
939 1687 1066 1750 puta
1104 1676 1248 1729 inter
1279 1669 1460 1725 Photii
1503 1663 1799 1734 Epistolas,
1837 1659 1950 1728 jam
1984 1653 2314 1710 exstabant:

756 1784 1068 1848 quanquam
1120 1781 1228 1821 non
1266 1763 1340 1816 ita
1393 1759 1470 1813 l‘ui
1519 1767 1790 1816 morosus,
1841 1755 1903 1802 ut
1955 1747 2003 1802 si
2055 1759 2143 1798 res
2190 1740 2319 1795 alibi

759 1835 1055 1925 interdum,
1104 1854 1449 1914 brevioribus
1503 1856 1599 1903 aut
1656 1842 1884 1900 diversis
1925 1837 2132 1897 verbis,
2175 1835 2320 1889 dicta

761 1960 844 2016 vel
865 1955 1181 2012 adumbrata
1209 1946 1423 2005 fuisset,
1449 1956 1567 1993 eam
1596 1938 1798 1991 idcirco
1825 1926 2318 2002 praetermitterem.

763 2051 1009 2107 Latinam
1046 2052 1224 2098 autem
1252 2034 1617 2106 quaestionum
1664 2020 2169 2094 interpretationem
2211 2028 2322 2068 non

763 2139 982 2202 addidi,
1032 2133 1162 2204 quia
1220 2142 1307 2182 me
1365 2123 1625 2178 festinare
1679 2115 1968 2186 oportebat
2019 2127 2031 2162 :
2083 2119 2323 2162 attamen

765 2173 982 2202 anu-un,
1032 2173 1162 2204 qu...
1221 2173 1307 2182 υ.-
1365 2173 1561 2178 ---ηηη
1718 2173 1733 2186 _

765 2237 1084 2302 argumenta
1116 2221 1306 2277 saltem
1344 2214 1433 2268 hic
1481 2210 1673 2264 Latine
1715 2217 2006 2273 exponam,
2042 2208 2102 2252 ut
2138 2196 2326 2251 Graece
2357 2173 2398 2228 Β

769 2289 943 2396 ignari
976 2332 1087 2372 rem
1123 2308 1339 2367 interim
1378 2300 1609 2359 summis
1641 2296 1811 2352 labris
1854 2292 2114 2348 delibent.
2159 2289 2327 2340 Porro

770 2376 824 2470 in
859 2411 1095 2467 editione
1123 2401 1342 2472 quidem
1383 2389 1706 2448 numerandi
1750 2385 2017 2446 ordinem,
2051 2389 2112 2434 ut
2146 2387 2230 2432 est
2271 2376 2326 2429 in

771 2501 1088 2562 codicibus,
1142 2486 1501 2550 conservavi,
1567 2493 1626 2536 ut
1682 2482 1730 2536 si
1794 2474 2086 2546 aliquando
2155 2478 2328 2524 totum

774 2588 1254 2663 Amphilochiorum
1283 2594 1418 2648 opus
1449 2589 1561 2630 uno
1589 2571 1868 2627 volumine
1909 2562 2334 2635 comprehenda-

775 2652 886 2747 tur,
908 2695 1060 2737 suum
1090 2684 1426 2743 unaquaeque
1476 2663 1706 2736 quaestio
1731 2662 1909 2715 locum
1944 2663 2211 2724 occupet:
2246 2652 2336 2705 hic

775 2790 953 2832 tamen
987 2769 1171 2824 Latina
1183 2742 1493 2833 argumenta
1519 2751 1844 2811 continuatis
1871 2746 2114 2803 numeris
2134 2742 2334 2798 scribo.

780 2886 956 2940 Plautii
977 2879 1320 2951 quaestionum
1344 2866 1899 2951 dntphiMclrianamm
1918 2853 2339 2951 iniibus

851 2923 1080 3008 nninrai
1106 2949 1273 3016 operis
1317 2923 1479 2996 editio
1511 2952 1646 2990 nunc
1694 2935 1902 2988 demum
1929 2927 2218 2982 absolvitur
2239 2923 2338 2993 (l),

853 3024 1190 3092 A'rgumenta.

855 3138 904 3190 l.
948 3135 1004 3188 Si
1038 3128 1270 3200 septimo
1291 3123 1379 3178 die
1407 3117 1677 3188 requievit
1701 3113 1842 3166 Deus
1868 3125 1899 3164 a
1923 3104 2133 3162 cunctis
2167 3100 2344 3168 operi-

991 3189 1116 3277 bus.
1147 3217 1299 3279 suis,
1354 3208 1627 3281 quomodo
1690 3203 1927 3259 salutare
1979 3195 2156 3250 Patris
2207 3189 2343 3243 Ver-

992 3314 1120 3367 bum
1154 3310 1231 3362 ait
1260 3323 1273 3358 :
1309 3302 1471 3358 Pater
1513 3312 1657 3350 meus
1685 3307 1846 3362 usque
1883 3286 2036 3342 modo
2065 3291 2342 3352 operatur,

994 3411 1043 3454 et
1074 3414 1166 3469 ego
1203 3409 1411 3463 operor.

860 3497 911 3546 2.
950 3490 1062 3545 Cur
1103 3459 1380 3539 'Dominus
1423 3477 1522 3532 luti
1583 3489 1724 3535 usu,
1776 3483 1882 3523 non
1937 3464 2043 3519 alia
2098 3459 2347 3520 ratione,
2377 3503 2418 3555 ϐ

998 3579 1126 3634 (ιπεί
1158 3574 1346 3630 oculos
1378 3565 1709 3639 persanavit.

860 3679 912 3732 5.
952 3673 1090 3740 Quid
1137 3678 1241 3730 est,
1289 3665 1533 3719 odientes
1583 3657 1747 3711 ctiam
1797 3649 2072 3706 carnalem
2117 3639 2352 3697 macula-

1004 3775 1112 3817 tam
1146 3759 1409 3813 tunicam.

867 3857 918 3910 ι.
959 3853 1016 3908 Si
1049 3847 1313 3920 quidquid
1351 3836 1661 3897 necessitati
1688 3831 1952 3901 subiacet,
1985 3824 2211 3880 invitum
2246 3818 2358 3870 vio-

1006 3941 1183 3997 lentia:
1218 3942 1393 4007 paret,
1423 3936 1797 4000 praetereaque
1826 3929 2051 3974 necesse
2088 3921 2171 3966 est
2197 3923 2355 3964 scan-

1003 4034 1125 4089 dala
1161 4004 1234 4083 in:
1254 4025 1386 4081 orbe
1428 4020 1574 4080 lieri,
1614 4014 1757 4070 haud
1793 4013 1939 4081 juste
1963 4005 2097 4061 diris
2131 4004 2360 4056 devove-

1009 4135 1096 4179 tur
1127 4119 1221 4189 qui
1247 4116 1368 4185 fuit;
1387 4119 1632 4175 coactus,
1672 4105 1755 4160 vel
1787 4114 1945 4171 pcena
1971 4093 2176 4166 peccati
2205 4092 2271 4146 de
2296 4103 2362 4142 eo

1008 4213 1262 4269 sumitur.

873 4306 926 4360 5.
967 4302 1025 4358 Si
1054 4301 1191 4354 lines
1233 4291 1562 4350 saeculorum
1595 4285 1706 4354 iam
1744 4282 1798 4334 in
1833 4293 1932 4332 nos
1974 4276 2362 4344 pervenerunt,

1013 4391 1342 4461 quibusnam
1406 4375 1623 4435 sarculis
1685 4368 1889 4426 divitia:
1944 4361 2148 4419 Christi
2208 4357 2366 4413 nobis

1012 4478 1394 4537 ostendentur.

875 4577 926 4631 ϐ.
971 4573 1080 4629 Cur
1131 4567 1223 4621 Dei
1274 4563 1368 4617 lilii
1410 4558 1669 4614 dicuntur
1715 4557 2064 4617 nequaquam
2105 4550 2367 4609 peccare;

1016 4663 1114 4714 hos
1168 4663 1348 4708 autem
1396 4645 1678 4713 Scriptura
1728 4651 1850 4691 esse
1899 4629 2098 4686 asserit
2137 4626 2229 4696 qui
2276 4639 2373 4694 per

1016 4759 1214 4818 aquam
1261 4750 1317 4795 ct
1371 4735 1621 4805 spiritum
1671 4726 1837 4798 geniti
1881 4730 2044 4786 sunt;
2089 4727 2143 4773 et
2185 4724 2370 4771 tamen

1018 4805 1220 4894 m'ultos
1247 4828 1564 4888 cernimus,
1615 4818 1732 4888 qui,
1779 4810 1996 4869 etiamsi
2045 4805 2370 4876 baptismate
2405 4811 2446 4863 ι)

1019 4923 1367 4995 adoptionem
1416 4907 1696 4969 consecuti
1739 4904 1963 4964 fuerint,
2018 4895 2374 4953 nihilominus

1021 5020 1270 5088 peccant.

882 5119 937 5170 7.
977 5076 1264 5180 quomodo
1316 5103 1600 5168 theopatre
1646 5093 1862 5148 dicente
1917 5082 2151 5147 Davide,
2205 5076 2378 5132 Homo

1022 5165 1159 5256 sicut
1190 5197 1367 5266 fenum
1389 5165 1502 5242 dies
1533 5186 1670 5254 ejus,
1710 5190 1842 5244 etc.,
1873 5176 2016 5231 illius
2041 5171 2186 5225 illius
2225 5165 2381 5222 Salo-

1027 5306 1154 5349 mon
1187 5263 1334 5342 banc
1368 5277 1596 5351 protulit
1640 5269 1965 5329 sententiam
1996 5282 2012 5318 :
2045 5263 2152 5317 Res
2185 5273 2379 5327 magna

1035 5386 1222 5445 homo,
1252 5384 1307 5431 et
1332 5373 1633 5444 pretiosum
1661 5360 1867 5432 aliquid
1894 5366 1980 5413 est
2003 5355 2108 5410 vir.

888 5481 942 5534 8.
980 5478 1092 5532 Cur
1128 5439 1461 5526 daemoniaco
1513 5458 1704 5513 morbo
1734 5459 2014 5520 correptos
2054 5439 2384 5511 evangelista

893 5592 968 5661 ω)
1419 5553 2384 5661 γίτ,,ρνξαι..ξετξηξ.εξξέεξῑξε,τιῖπξ¹

827 5619 1366 5732 exemi-.35.?“
1381 5619 1493 5700 in?
1510 5619 1674 5694 editis
1686 5619 1711 5621 "
1722 5619 2119 5703 questionibus
2151 5619 2383 5682 absolvi,

2606 828 2838 899 appellat
2866 823 3153 878 lunaticos.

2469 923 2522 977 9.
2565 896 2694 983 Cur,
2716 913 2932 970 etiamsi
2960 912 3130 965 Adam
3162 904 3422 978 peccavit,
3448 910 3505 956 et
3529 898 3733 970 poenali
3765 896 3962 950 mortis

2612 1007 2831 1061 decreto
2881 1000 3162 1072 perculsus
3216 995 3354 1058 luit,
3423 989 3781 1046 nihilominus
3842 986 3965 1053 eius

2615 1097 2763 1152 illius
2789 1095 3054 1149 innocens
3073 1096 3432 1159 praemortuus
3459 1091 3564 1137 est.

2439 1191 2529 1245 l0.
2564 1187 2719 1252 Quod
2745 1186 2971 1239 minime
2995 1190 3296 1250 repugnant
3320 1176 3465 1230 dicta
3501 1170 3624 1234 (ctsi
3662 1168 3817 1222 aliter
3839 1164 3969 1234 qui-

2618 1274 2846 1330 busdam
2875 1269 3110 1339 videtur)
3143 1286 3158 1322 :
3191 1266 3302 1336 Ego
3345 1266 3457 1318 seni
3487 1272 3546 1315 ut
3593 1257 3847 1312 mundum
3875 1253 3972 1321 ju-

2623 1366 2823 1425 dicem;
2858 1362 3133 1430 itemque:
3176 1356 3294 1411 Non
3342 1356 3457 1408 seni
3494 1361 3552 1405 ut
3596 1351 3849 1402 mundum
3880 1343 3974 1411 ju-

2645 1457 2833 1518 dicem,
2873 1453 2962 1507 sed
2989 1461 3048 1504 ut
3073 1449 3298 1503 mundus
3322 1461 3413 1513 per
3434 1459 3514 1496 me
3537 1441 3785 1495 salvetur.

2451 1551 2537 1605 ll.
2581 1547 2719 1614 Quid
2739 1553 2843 1607 est,
2873 1542 3052 1610 Aperti
3077 1548 3198 1594 sunt
3224 1535 3363 1590 oculi
3389 1530 3608 1587 eorum?
3628 1536 3680 1582 et
3699 1522 3978 1595 quomodo

2628 1632 2881 1707 pmcepti
2920 1609 3283 1700 transgressio
3331 1622 3438 1676 vim
3483 1613 3759 1688 aperiendi
3785 1609 3978 1666 oculos

2625 1727 2834 1782 habuit.

2459 1819 2550 1875 l2.
2588 1817 2702 1872 Cur
2749 1815 2999 1869 tellurem
3044 1807 3257 1878 Moyses
3293 1797 3620 1857 invisibilem
3666 1787 3978 1862 appellavit.

2460 1913 2548 1967 l5.
2588 1910 2700 1964 Cur
2741 1905 2887 1959 Deus
2938 1914 3095 1956 esum
3137 1895 3383 1952 carnium
3430 1906 3460 1943 a
3506 1887 3636 1943 ieris
3680 1884 3984 1951 discerpta-

2635 2013 2756 2053 rum
2785 1991 3100 2050 hominibus
3126 1983 3423 2042 interdixit.

2463 2089 2554 2143 M.
2594 2081 2878 2152 Quomodo
2910 2073 3320 2144 intelligendum
3349 2066 3478 2123 illud
3509 2084 3523 2120 :
3553 2063 3678 2118 Non
3707 2058 3984 2130 apparebis

2632 2189 2825 2228 υαοκιη
2859 2183 3038 2224 coram
3065 2180 3167 2218 me.

2466 2269 2553 2324 l5.
2594 2262 2874 2333 Quomodo
2914 2273 3022 2314 non
3074 2257 3379 2324 repugnant
3419 2246 3561 2302 dicta
3611 2244 3745 2305 haec,
3793 2252 3990 2306 nempe

2642 2355 2838 2411 Omnia
2859 2359 3009 2405 erant
3041 2347 3193 2400 valde
3219 2349 3391 2404 bona;
3421 2336 3617 2393 deinde
3643 2347 3769 2388 vero
3791 2331 3993 2385 distin-

2636 2449 2765 2513 ctio,
2799 2459 2906 2514 qua
2946 2441 3056 2495 alia
3098 2433 3354 2491 animalia
3394 2431 3536 2485 dicta
3581 2432 3714 2481 sunt
3761 2418 3991 2484 munda,

2642 2538 2744 2592 alia
2775 2528 3078 2590 immunda.

2471 2631 2555 2686 l6.
2594 2628 2703 2683 Cur
2751 2625 2832 2678 vir
2875 2624 2941 2677 ab
2991 2615 3183 2674 haeresi
3223 2611 3490 2676 resiliens,
3536 2608 3583 2663 si
3626 2606 3790 2661 modo
3826 2601 3995 2655 vitam

2645 2717 2974 2786 inculpatam
3002 2709 3215 2768 haheat,
3246 2703 3313 2758 ad
3351 2697 3717 2756 sacerdotium
3753 2692 3999 2747 admitti-

2646 2819 2767 2870 tur;
2817 2803 2912 2873 qui
2974 2808 3154 2853 autetu
3211 2791 3498 2860 corporeis
3557 2784 3783 2840 maculis
3837 2780 4005 2835 fuerit

2650 2897 2991 2967 inquinatus,
3026 2885 3240 2943 etiamsi
3273 2881 3456 2952 pravis
3485 2880 3697 2933 actibus
3726 2873 4006 2929 abstinue-

2653 2992 2741 3051 rit,
2793 2981 3150 3039 nihilominus
3190 2976 3258 3030 ad
3302 2971 3666 3028 sacerdonurn
3717 2980 3828 3020 non
3875 2975 4007 3033 pro-

2651 3087 2918 3132 movetur.

2481 3173 2569 3228 l7.
2612 3172 2851 3224 Curnam
2881 3174 3171 3231 antequam
3193 3157 3389 3226 Joseph
3411 3153 3480 3208 de
3500 3145 3818 3206 dimittenda
3839 3142 4010 3198 Iaria

2651 3259 2932 3328 cogitaret,
2964 3251 3107 3307 haud
3145 3249 3319 3303 astitit
3361 3243 3584 3312 angelus
3621 3235 4011 3306 cogitationem

2657 3363 2778 3403 eam
2822 3353 3201 3405 antevertens;
3234 3352 3417 3391 verum
3459 3342 3743 3401 postquam
3793 3345 3822 3379 a
3858 3321 4013 3390 cogi-

2659 3441 2866 3494 tationc
2910 3435 2975 3488 ad
3009 3443 3187 3486 actum
3225 3429 3315 3482 ille
3338 3424 3502 3488 venit,
3531 3431 3662 3475 tunc
3695 3413 3909 3471 astitit?
3946 3413 4018 3467 Et

2659 3546 2757 3587 cur
2787 3528 3074 3598 virginem,
3106 3521 3327 3588 Josephi
3359 3527 3584 3570 uxorem
3615 3507 3774 3565 dixit.

2490 3626 2574 3680 l8.
2616 3620 2762 3688 Quid
2801 3617 3112 3686 signiﬁcant
3148 3609 3311 3665 verba
3341 3624 3353 3660 :
3387 3604 3519 3658 Ecce
3557 3601 3729 3653 Adam
3758 3607 4016 3664 tanquam

2669 3725 2806 3764 unus
2845 3722 2910 3761 ea:
2959 3705 3106 3758 nobis
3152 3701 3324 3770 factus
3371 3706 3470 3761 est,
3505 3693 3573 3748 ad
3617 3691 3736 3743 boni
3768 3687 4022 3757 pravique

2663 3799 3031 3870 cognitionem.

2497 3895 2580 3950 l9.
2617 3869 2760 3958 Quid
2814 3884 3126 3956 signiﬁcant
3176 3880 3266 3934 illa
3313 3878 3456 3931 dicta
3511 3891 3524 3927 :
3582 3869 3741 3926 Omni
3790 3879 4025 3934 tempore

2666 3991 2829 4035 vestes
2867 3987 2971 4030 tute
3007 3976 3115 4028 sint
3150 3969 3411 4032 candida,
3458 3977 3622 4034 neque
3669 3960 3842 4014 oleum
3884 3958 4024 4010 desit

2670 4071 2832 4140 capiti
2868 4078 2995 4130 tuo;
3029 4073 3077 4117 et
3108 4059 3252 4116 oculi
3282 4060 3543 4126 sapientes
3584 4054 3638 4104 in
3673 4053 3848 4117 capite
3879 4049 4021 4116 ejus.

2495 4167 2588 4224 20.
2628 4138 2825 4226 Verba,
2871 4158 3126 4224 Quisnam
3181 4158 3258 4204 est
3307 4157 3476 4201 mater
3520 4157 3656 4205 mea,
3708 4148 3758 4193 et
3803 4138 4028 4205 quinam

2671 4262 2794 4307 sunt
2860 4251 3051 4318 fratres
3106 4242 3247 4303 mei,
3308 4235 3583 4306 quomodo
3639 4227 4027 4298 intelligenda?

2672 4344 2828 4400 Multi
2841 4340 2985 4396 enim
2999 4337 3125 4390 hinc
3135 4330 3439 4401 oﬂ'endiculi
3454 4341 3638 4381 ansam
3651 4329 4001 4390 sumpserunt
4012 4358 4028 4373 .

2505 4439 2600 4494 21.
2640 4431 2927 4502 Quomodo
2961 4428 3164 4482 dictum
3197 4422 3325 4476 illud
3360 4418 3600 4487 antiquis
3628 4433 3644 4468 :
3675 4412 3903 4468 Oculum
3933 4425 4032 4477 pro

2681 4522 2854 4585 oculo,
2901 4529 2950 4574 et
2998 4515 3203 4568 dentem
3246 4528 3341 4581 pro
3387 4511 3563 4571 dente,
3609 4519 3716 4559 non
3766 4507 4034 4570 repugnat

2679 4613 2810 4667 huic
2847 4607 3037 4662 dicto:
3074 4601 3181 4672 Ego
3214 4607 3388 4652 autem
3421 4597 3540 4649 dico
3581 4593 3747 4657 vobis,
3783 4605 3848 4643 ne
3885 4588 4033 4641 malo

2686 4700 2982 4762 resistatis;
3010 4695 3099 4750 sed
3132 4692 3178 4745 si
3204 4691 3320 4760 quis
3345 4689 3400 4742 in
3429 4687 3646 4740 dextera
3668 4697 3804 4753 gena
3837 4689 3887 4733 te
3916 4694 4037 4746 per-

2682 4791 2926 4850 cusserit,
2957 4787 3005 4841 ei
3028 4782 3251 4854 praebeto
3275 4780 3437 4832 etiam
3461 4777 3707 4830 alteram.

2512 4890 2604 4944 εἰ.
2644 4885 2783 4942 Cum
2822 4879 3085 4934 Dominus
3134 4870 3330 4927 dixerit
3371 4885 3386 4922 :
3441 4866 3543 4920 Vos
3591 4866 3715 4920 estis
3770 4877 3838 4917 ea:
3891 4871 4045 4930 patre

2689 4971 2910 5033 diaboli,
2941 4964 3203 5036 quaeritur
3238 4971 3529 5028 quemnam
3554 4955 3833 5009 diabolum
3870 4953 4043 5012 dicat.

2689 5069 2744 5118 et
2776 5067 3067 5131 quemnam
3102 5049 3304 5105 diaboli
3350 5056 3582 5115 patrem.

2516 5157 2610 5211 23.
2649 5154 2921 5220 Quotnam
2967 5145 3071 5200 illae
3108 5143 3238 5204 sint,
3272 5152 3394 5208 qua:
3433 5134 3721 5190 Dominum
3763 5138 4050 5201 unguento

2694 5244 2988 5297 unxerunt.

2517 5337 2608 5392 94.
2649 5329 2934 5399 Quomodo
2963 5318 3366 5389 intelligendum
3399 5314 3530 5367 illud
3563 5330 3578 5365 :
3605 5310 3890 5376 Quodlibet
3930 5325 4054 5377 pec-

2697 5430 2873 5474 catum
2925 5413 3221 5469 remittetur
3279 5403 3612 5465 hominibus;
3663 5398 4055 5468 blasphemanti

2486 5540 2579 5597 sed
2611 5537 2837 5596 fallitur,
2883 5538 2944 5584 ut
2990 5525 3186 5596 probat
3215 5518 3564 5597 doctissimus
3613 5512 4055 5582 llergenroetber

2488 5583 3094 5666 sua-vllisfsertatione
3122 5606 3283 5662 supra
3309 5590 3474 5644 edita.
3513 5583 3670 5640 Eutr.
