4198 6440
237 486 311 551 41

458 608 632 650 autem
680 596 927 648 adversus
969 587 1227 659 Spiritum
1265 594 1506 641 sanetum
1562 596 1722 650 neque
1758 580 1814 632 in
1843 587 1889 637 Α

460 690 555 741 hoc
583 688 774 741 seculo
803 684 953 739 uenia
983 682 1198 735 dabitur
1226 693 1389 743 neque
1416 677 1471 729 in
1502 676 1703 743 futuro.

280 779 373 834 9.5.
414 776 553 833 Cum
602 777 796 831 beatus
846 772 1063 826 Marcus
1105 768 1438 839 evangelista
1486 762 1811 832 scripserit:

461 871 718 923 Exierunt
760 864 970 934 cognati
1001 862 1116 931 ejus
1157 870 1213 912 ut
1255 875 1373 913 eum
1410 852 1813 924 comprehende-

459 968 601 1021 rent,
632 956 878 1010 dicebant
920 954 1059 1006 enim
1098 952 1272 1019 ipsum
1314 949 1587 1010 insanire;
1619 958 1813 1014 quem-

461 1062 590 1103 nam
635 1060 861 1101 sensum
909 1043 1039 1097 huic
1070 1040 1363 1096 verborum
1392 1046 1681 1092 structura
1717 1036 1816 1088 tri-

464 1140 709 1199 buentes.
744 1135 887 1191 haud
925 1133 1115 1205 procul
1150 1131 1463 1203 evangelica
1502 1127 1817 1184 narratione

462 1227 752 1281 ubibimus.

286 1317 379 1371 26.
417 1314 529 1372 Cur
540 1316 851 1386 paradisum
873 1313 1020 1369 Deus
1033 1310 1363 1374 conseverit,
1383 1308 1650 1379 siquidem
1670 1306 1819 1361 illico

467 1410 739 1463 hominem
767 1422 833 1463 ex
870 1422 935 1462 eo
966 1406 1295 1475 depulsurus
1322 1412 1460 1459 erat.

283 1499 375 1553 97.
427 1500 557 1555 Divo
589 1508 846 1553 monente
883 1498 1169 1563 apostolo:
1205 1493 1265 1549 Si
1288 1493 1531 1548 esurierit
1570 1492 1815 1546 inimicus

468 1599 610 1653 tuus,
644 1589 762 1641 ciba
798 1587 991 1644 illum:
1020 1587 1067 1639 si
1099 1585 1346 1648 sitioerit,
1373 1590 1554 1650 potum
1582 1580 1692 1645 da;
1721 1580 1817 1633 ltoc

467 1676 606 1728 enim
638 1689 819 1740 agens,
840 1674 1018 1739 igneos
1044 1669 1295 1723 carbones
1326 1683 1483 1737 super
1512 1674 1667 1735 caput
1702 1666 1816 1734 ejus

464 1779 741 1832 congeres;
782 1760 1059 1831 quomodo
1103 1758 1468 1827 intelligemus
1493 1755 1649 1821 illud,
1680 1752 1817 1810 Car-

464 1856 617 1908 bones
649 1855 823 1924 igneos
856 1868 1100 1922 congeres
1123 1868 1279 1921 super
1304 1859 1461 1918 caput
1485 1848 1619 1919 ejus.

284 1943 378 1999 28.
414 1944 699 2010 Quomodo
746 1943 1148 2012 intelligendum
1195 1941 1399 1995 dictum
1441 1940 1571 1995 illud
1626 1953 1657 1992 a
1695 1937 1809 1993 Deo
1846 1925 1889 1981 Β

465 2035 678 2106 Moysi:
713 2035 845 2089 Ecce
888 2035 1137 2089 constitui
1186 2044 1233 2088 te
1276 2032 1575 2087 Pharaonis
1622 2030 1808 2086 Deum.

289 2125 384 2180 ΕΞ).
429 2126 716 2193 Quomodo
747 2126 1152 2195 intelligendum
1180 2122 1534 2192 apostolicum
1566 2123 1810 2177 dictum:

464 2216 615 2281 Quod
675 2217 721 2271 si
780 2217 1001 2270 invicem
1058 2214 1310 2267 mordetis
1389 2228 1452 2266 ac
1507 2213 1811 2277 decoratis,

461 2318 633 2361 cavete
681 2323 743 2361 ne
777 2308 991 2360 invicem
1018 2304 1423 2365 consumamini,
1458 2313 1565 2359 etc.

284 2401 380 2454 30.
424 2399 682 2466 Quaenam
718 2396 981 2451 sententia
1016 2395 1191 2450 subsit
1220 2394 1305 2449 Itis
1337 2393 1514 2447 verbis
1540 2412 1553 2447 :
1583 2392 1814 2447 Ubicun-

459 2506 555 2560 que
572 2488 915 2557 prtedicatum
949 2486 1105 2555 fuerit
1128 2484 1463 2554 Evangetium
1478 2486 1595 2546 hoc,
1613 2485 1817 2538 dicetur

457 2580 662 2648 etquod
687 2581 797 2634 hac
824 2579 949 2645 fecit
972 2578 1184 2639 mulier,
1240 2577 1293 2629 itt
1332 2577 1637 2628 memoriam
1676 2576 1811 2643 ejus.

290 2672 386 2725 3|.
430 2672 660 2733 Quinam
700 2667 1086 2736 dottgntentior
1119 2668 1507 2735 honestiorque
1548 2680 1742 2720 sensus
1782 2681 1813 2719 a

463 2756 619 2807 nobis
668 2755 961 2823 excogitari
997 2753 1170 2822 possit
1215 2754 1502 2807 verborum
1547 2754 1810 2808 illorum:

465 2841 578 2895 Tibi
607 2843 707 2895 soli
738 2842 966 2908 peccaui,
996 2853 1043 2894 et
1073 2840 1271 2893 malum
1303 2856 1481 2894 coram
1506 2851 1554 2893 te
1581 2842 1703 2907 feci,
1754 2851 1810 2895 ut

450 2936 759 3004 justi/iceris
792 2936 846 2989 in
885 2937 1209 2989 sermonibus
1250 2936 1379 3001 tuis,
1408 2944 1458 2989 et
1487 2937 1664 2991 vincas
1688 2953 1808 2991 cum

460 3026 736 3088 iudicaris.

274 3114 374 3168 32.
411 3115 523 3169 Cur
552 3114 959 3184 baptizantibus
986 3114 1291 3171 Servatoris
1316 3115 1622 3184 discipulis,
1643 3116 1810 3171 Joan-

461 3220 557 3258 nes
589 3206 765 3259 adhuc
796 3205 1122 3272 baptizabat.

272 3294 369 3347 35.
414 3293 527 3348 Cur
555 3295 605 3347 in
632 3293 826 3349 Genesi
854 3294 1064 3365 Moyses
1096 3296 1395 3363 principum
1420 3295 1637 3351 tamiliaa
1662 3295 1804 3352 Esau

464 3385 802 3453 genealogias
856 3400 1167 3450 recensens,
1217 3395 1538 3440 cancrorum
1589 3388 1806 3456 quidem

457 3475 600 3528 nuda
630 3477 779 3544 ponit
814 3477 1071 3540 nomina;
1101 3477 1166 3529 ad
1207 3474 1405 3530 dinam
1436 3488 1615 3532 autem
1644 3480 1807 3534 deve-

458 3565 646 3619 niens:
679 3565 802 3629 llic,
834 3565 1027 3636 inquit.
1062 3568 1253 3619 inuenit
1284 3567 1465 3620 Jamin
1499 3569 1555 3621 in
1581 3570 1806 3633 deserto,

458 3659 584 3709 dum
613 3657 855 3727 Seegonis
882 3660 1053 3727 patris
1080 3661 1162 3713 sui
1191 3660 1495 3728 subiugalia
1528 3662 1809 3728 pasceret!

453 3749 708 3817 quidnam
741 3764 872 3817 ergo
926 3751 973 3804 is
1018 3751 1262 3806 invenit?
1297 3761 1353 3806 et
1394 3766 1493 3806 cur
1543 3755 1807 3809 memoria

456 3838 649 3906 dignus
684 3839 932 3894 habetur.

270 3926 366 3982 ει.
409 3928 549 3993 Quid
604 3928 878 3995 signiﬁcat
922 3929 978 3983 in
1032 3928 1451 3986 Deuteronomio
1492 3950 1508 3989 :
1552 3933 1707 3998 Quod
1761 3934 1809 3988 si

454 4018 795 4085 edificaveris
835 4036 1024 4074 novam
1062 4023 1275 4076 domum
1323 4025 1470 4095 eique
1509 4028 1809 4081 coronidem

452 4108 781 4176 itnposueris,
819 4124 919 4161 non
947 4109 1111 4177 facies
1140 4114 1332 4164 caedem
1362 4113 1505 4166 domi
1534 4122 1659 4169 tua.

270 4197 364 4254 55.
407 4197 519 4253 Cur
561 4209 775 4253 vetante
819 4200 933 4270 lege
980 4200 1175 4269 leprosi
1222 4211 1570 4271 contactum;
1623 4220 1803 4271 secus,

453 4290 722 4357 impurum
754 4290 872 4343 {ore
899 4278 992 4359 qui
1014 4292 1273 4361 tetigerit,
1308 4308 1480 4363 usque
1513 4296 1579 4347 ad
1619 4310 1809 4366 vespe-

448 4393 737 4445 ram;cum
753 4380 969 4445 quidem
998 4382 1269 4451 leprosum
1298 4385 1506 4439 sanavit
1536 4384 1808 4452 Servatur,

448 4469 626 4537 ipsum
671 4471 881 4539 tetigit,
909 4470 1122 4525 etiamsi
1148 4473 1315 4526 verbo
1357 4489 1551 4529 sanare
1581 4487 1806 4544 poterat.

273 4558 366 4612 56.
412 4558 550 4625 Quid
577 4560 883 4629 signiﬁcant
905 4562 1066 4615 verba
1095 4582 1107 4615 :
1137 4562 1357 4629 Sperare
1381 4566 1524 4629 licet,
1555 4568 1801 4622 uiuentem
1832 4571 1878 4627 1)

480 4666 631 4703 onem
651 4664 904 4717 prcestare
934 4654 1071 4705 leoni
1107 4656 1380 4708 exstincto.

272 4740 363 4794 57.
410 4738 549 4805 Quid
609 4742 878 4809 signiﬁcat
937 4742 1279 4803 Ecclesiastes
1334 4750 1537 4803 dictum
1586 4770 1599 4804 :
1653 4750 1804 4807 Mitte

446 4848 630 4899 panem
677 4843 822 4885 tuum
858 4835 912 4887 in
946 4840 1270 4907 superﬁciem
1320 4859 1490 4910 aqua',
1524 4847 1713 4897 etenim
1749 4846 1803 4898 in

448 4924 785 4977 multitudine
813 4928 1015 4981 dierum
1042 4933 1263 4997 reperies
1295 4933 1465 4987 illum.

264 5012 358 5065 38.
405 5011 543 5077 Quid
593 5014 908 5083 signiﬁcat:
947 5021 1038 5087 qui
1073 5022 1280 5075 foveam
1316 5022 1472 5088 fodit,
1528 5028 1580 5080 in
1620 5029 1793 5098 ipsam

445 5104 665 5158 incidet.

264 5194 355 5249 59.
400 5194 632 5260 Quinam
676 5208 758 5251 est
798 5214 992 5256 sensus
1019 5204 1308 5258 verborum
1355 5208 1495 5276 apud
1528 5207 1796 5265 Ecclesia-

442 5296 578 5339 stem
614 5304 628 5339 :
662 5286 766 5351 Qui
794 5289 940 5359 ligna
962 5294 1161 5358 fundit,
1193 5298 1527 5363 periclitatur
1564 5301 1619 5353 in
1649 5302 1793 5369 ipsis,

442 5376 489 5427 si
549 5378 683 5443 forte
740 5382 937 5433 securis
988 5384 1279 5448 exciderit,
1336 5399 1382 5441 et
1449 5390 1555 5456 ipse
1603 5391 1795 5457 facient

443 5466 704 5529 turbavit,
745 5479 793 5521 et
844 5471 975 5525 vires
1016 5474 1318 5538 t'oborabit;
1373 5487 1422 5531 et
1464 5479 1794 5537 abundantia

441 5554 489 5606 vi
497 5555 563 5619 ri,
594 5559 872 5623 sapientia.

260 5639 353 5694 40.
395 5640 516 5707 Quo
559 5656 805 5714 spectant
836 5652 996 5705 verba
1030 5670 1042 5706 :
1071 5651 1347 5707 Ceneratio
1390 5656 1518 5719 abit,
1553 5668 1603 5711 et
1641 5677 1790 5729 gene-

442 5735 581 5787 ratio
612 5748 784 5801 ventt;
818 5748 959 5793 terra
992 5754 1167 5796 autem
1192 5756 1447 5807 talentum
1470 5758 1599 5801 stat.

261 5818 349 5875 41.
394 5820 693 5887 Quemnam
730 5842 949 5883 sensum
997 5832 1277 5888 continent
1316 5837 1475 5890 verba
1508 5855 1521 5890 :
1556 5836 1653 5891 Est
1701 5840 1785 5901 iu-

431 5910 543 5965 stiti
572 5917 659 5979 qui
694 5917 745 5968 in
769 5921 984 5986 justitia
1022 5938 1117 5975 sua
1152 5926 1322 5991 perit;
1365 5936 1410 5980 et
1442 5938 1516 5980 est
1550 5929 1776 5996 injusttts

1564 466 2143 530 PROLEGOMENA.
3397 456 3471 519 42

2123 577 2178 629 in
2215 591 2311 629 sua
2340 575 2601 642 iujustitia
2627 588 2956 642 permanens.

1950 665 2044 719 42.
2083 665 2364 731 Quomodo
2398 665 2801 733 intelligendum
2846 662 2977 717 illud
3008 677 3022 715 :
3060 660 3120 715 Si
3168 670 3345 715 autem
3385 664 3479 716 in-

2114 757 2331 825 justitia
2360 768 2537 811 nostra
2575 758 2666 810 Dei
2691 757 2962 825 justitiam
2997 755 3348 810 commendat.

1948 848 2036 903 43.
2081 848 2142 904 Si
2192 852 2422 918 genuerit
2473 850 2588 919 quis
2630 858 2837 903 centum
2894 848 3110 910 liberos,
3162 858 3243 900 et.
3279 848 3475 899 multos

2123 954 2286 992 annos
2332 942 2537 1001 vixerit,
2581 950 2631 992 et
2669 946 3100 1007 quantoscunque
3138 938 3248 990 dies
3302 941 3477 991 a-tatis

2124 1029 2382 1090 habuerit,
2428 1044 2531 1080 non
2572 1029 2857 1082 satiabitur
2891 1028 3165 1096 felicitate,
3207 1044 3368 1097 neque
3397 1029 3479 1081 illi

2122 1121 2389 1185 sepultura
2426 1121 2543 1172 erit.
2580 1120 2701 1173 Dixi
2749 1119 2932 1173 melius
2972 1137 3081 1173 esse
3127 1121 3239 1188 ipso
3279 1120 3478 1173 aborti-

2132 1227 2273 1269 vum,
2324 1212 2459 1279 quod
2507 1214 2769 1264 incassum
2811 1211 2970 1273 venit,
3022 1212 3239 1279 ejusque
3292 1226 3479 1265 nomen

2130 1301 2387 1355 occulitur
2413 1301 2653 1365 tenebris,
2688 1317 2845 1371 neque
2872 1303 3008 1355 enim
3032 1305 3194 1355 solem
3230 1303 3358 1355 vidit
3382 1313 3475 1357 aut

2125 1396 2289 1447 novit.
2344 1392 2482 1448 Huic
2528 1393 2701 1461 magis
2750 1408 2914 1462 quam
2968 1393 3043 1447 illi
3098 1393 3316 1461 requies
3362 1402 3468 1448 est.

2123 1481 2328 1554 Nempe
2382 1484 2483 1537 hoc
2518 1483 2722 1537 dictum
2763 1481 3036 1552 quodnam
3069 1483 3338 1551 judicium
3385 1492 3478 1538 aut

2126 1575 2397 1629 notionem
2432 1574 2686 1627 exhibere
2716 1582 2914 1642 potest,

1951 1666 2041 1721 Η.
2083 1662 2221 1731 Quid
2254 1664 2562 1729 signiﬁcant
2596 1667 2755 1717 verba
2788 1680 2805 1718 :
2838 1662 2961 1718 Viue
3008 1664 3065 1715 in
3097 1679 3252 1727 cono,
3278 1674 3327 1717 et
3366 1665 3479 1719 ride

2125 1758 2181 1810 in
2207 1758 2293 1811 die
2335 1757 2515 1819 mala;
2552 1757 2693 1823 vide,
2740 1756 3005 1825 siquidem
3038 1759 3143 1813 hoc
3172 1773 3476 1813 consonum

2127 1848 2201 1903 illi
2249 1846 2376 1907 fecit
2421 1848 2564 1904 Deus
2612 1851 2756 1905 circa
2821 1849 3131 1918 loquelam,
3189 1864 3257 1904 ne
3314 1852 3477 1905 homo

2126 1939 2421 2009 quidquam
2460 1951 2576 2011 post
2604 1955 2664 1995 se
2692 1939 2949 2009 reperiat.

1948 2029 2036 2084 45.
2078 2028 2339 2096 Quaenam
2394 2030 2757 2100 intelligendas
2806 2031 2919 2084 sint
2970 2030 3211 2100 pellicem
3253 2029 3472 2095 tunicae,

2120 2120 2316 2189 quibus
2361 2119 2531 2174 Adam
2583 2130 2637 2175 et
2676 2119 2784 2174 Eva
2820 2129 2940 2189 post
2972 2120 3473 2191 praevaricationem

2126 2210 2295 2264 induti
2326 2209 2563 2264 fuerunt.

1949 2301 2038 2354 46.
2080 2301 2159 2353 Ad
2220 2316 2511 2369 quamnam
2578 2304 2901 2356 sententiam
2970 2318 3069 2357 nos
3128 2311 3329 2357 vocant
3384 2304 3471 2357 illa

2131 2392 2291 2444 verba
2323 2409 2337 2444 :
2369 2389 2488 2444 Non
2514 2402 2649 2446 recte
2676 2394 2944 2457 obtuleris,
2988 2404 3120 2448 recte
3154 2406 3330 2449 autem
3370 2412 3474 2450 non

2122 2481 2398 2545 diviseris;
2427 2485 2695 2551 peccasti?
2731 2486 2955 2554 quiesce,
2987 2495 3092 2540 etc.

1949 2569 2037 2624 Π.
2079 2569 2211 2623 Divo
2253 2568 2420 2624 Paulo
2446 2572 2657 2625 dicente
2685 2590 2699 2625 :
2731 2574 2900 2625 Adam
2945 2590 3046 2627 non
3078 2585 3155 2627 est
3192 2575 3472 2643 deceptus,

2123 2664 2311 2717 mulier
2337 2674 2510 2717 autem
2544 2666 2755 2734 decepta
2792 2668 2846 2720 in
2873 2672 3312 2735 pramaricatione
3332 2671 3470 2739 fuit;

2125 2764 2475 2807 verumtamen
2507 2766 2717 2824 propter
2740 2757 2928 2812 liberos
2974 2760 3255 2826 patiendos
3293 2778 3475 2815 serva-

2122 2844 2299 2909 bitur;
2360 2848 2630 2914 quomodo
2685 2848 3024 2919 intelligenda
3079 2859 3208 2905 sunt
3266 2854 3470 2919 verba,

2119 2946 2332 3003 propter
2354 2936 2542 2991 liberos
2570 2939 2849 3006 pariendos
2887 2942 3200 2993 servabitur.

1946 3027 2033 3081 68.
2081 3024 2364 3093 Quomodo
2396 3027 2536 3082 Deus
2575 3030 2774 3099 ubique
2812 3045 2933 3085 esse
2962 3034 3198 3099 dicitur;
3228 3042 3283 3087 et
3326 3051 3467 3103 quo-

2123 3118 2286 3173 modo
2334 3120 2559 3174 dissolvi
2620 3132 2850 3191 possunt
2893 3125 3300 3189 dubitationes,
3351 3142 3473 3195 qua:

2123 3210 2385 3265 adversus
2410 3212 2552 3267 hanc
2593 3215 2919 3269 sententiam
2965 3230 2995 3270 a
3040 3218 3319 3273 nonnullis
3350 3233 3473 3286 pro-

2125 3298 2391 3357 feruntur.

1946 3389 2035 3443 49.
2076 3390 2213 3445 Cum
2246 3390 2388 3448 Deus
2410 3394 2526 3464 ipse
2546 3392 2867 3449 chraicum
2900 3396 3157 3465 populum
3187 3398 3239 3451 in
3274 3396 3469 3453 Suma-

2124 3482 2341 3536 riticum
2369 3494 2422 3539 et
2446 3485 2731 3540 Judaicum
2767 3485 3033 3553 diviserit,
3067 3489 3209 3543 sicut
3242 3489 3469 3558 ipsemet

2118 3572 2393 3628 Salomoni
2436 3591 2495 3631 se
2543 3577 2805 3632 facturum
2845 3579 2998 3642 dixit,
3026 3595 3124 3633 cur
3147 3596 3246 3634 nos
3261 3597 3354 3637 eos
3384 3598 3469 3636 re-

2109 3663 2491 3729 prehendimus
2523 3666 2659 3735 quia
2676 3666 2784 3723 Deo
2803 3669 3122 3724 divisionem
3153 3671 3298 3739 passi
3322 3681 3467 3727 sunt.

1949 3750 2035 3802 50.
2077 3750 2361 3816 Quomodo
2382 3755 2504 3808 caeli
2534 3766 2789 3810 enarrant
2817 3758 3040 3825 gloriam
3069 3758 3186 3813 Dci.

1945 3840 2032 3893 51.
2079 3840 2214 3905 Quid
2240 3852 2321 3895 est
2351 3860 2364 3895 :
2390 3841 2680 3913 Increpasti
2703 3856 2896 3915 gentes,
2928 3856 2978 3901 et
3000 3850 3156 3914 periit
3180 3851 3396 3919 impius.

1945 3930 2033 3983 52.
2071 3930 2365 4000 Cujusnam
2386 3944 2465 3989 est
2487 3934 2576 3987 illa
2605 3950 2706 3989 vos
2730 3953 2744 3990 :
2764 3935 2894 4002 Quis
2916 3949 2993 3991 est
3013 3941 3113 3993 iste
3136 3956 3228 3994 rea:
3255 3942 3472 4010 glorite?

1946 4022 2035 4076 55.
2075 4022 2186 4078 Cur
2231 4024 2426 4093 jejunii
2491 4037 2701 4096 tempus
2759 4031 3192 4101 quadragenatio
3256 4035 3467 4090 dierum

2119 4130 2346 4170 numero
2371 4118 2685 4185 preliuitur.

1946 4205 2033 4259 54.
2073 4204 2205 4261 Cum
2226 4210 2634 4277 primogenitum
2661 4210 2800 4266 Deus
2820 4212 3066 4269 lsraelem
3098 4217 3465 4285 appellaverit.

1946 4298 2033 4351 55.
2072 4296 2147 4352 De
2189 4300 2530 4355 ethnicorum
2576 4304 2879 4369 sententiis,
2928 4321 3051 4375 quae
3094 4308 3149 4361 in
3186 4307 3468 4380 Scriptura

2121 4399 2308 4446 nostra
2346 4393 2708 4461 reperiuntur.

1946 4481 2036 4541 56.
2075 4482 2311 4548 Tiaram,
2354 4487 2548 4556 inquit,
2590 4487 2889 4559 Scriptura,
2923 4492 2977 4546 in
3013 4494 3191 4563 capite
3222 4496 3465 4565 pontifex

2113 4575 2350 4645 gerebat.

1940 4663 2029 4718 57.
2072 4662 2360 4729 Quomodo
2390 4669 2594 4739 legatus
2627 4670 2772 4724 venit
2802 4673 3054 4729 tiltristus
3089 4692 3118 4726 ει
3160 4675 3337 4732 Patre.

1943 4752 2031 4806 58.
2072 4752 2185 4808 Cur
2231 4757 2432 4812 omissa
2473 4759 2676 4814 visione
2723 4762 2889 4816 Isaias
2918 4762 2985 4818 de
3034 4766 3174 4820 cmlo
3217 4776 3467 4839 terraque

2111 4845 2347 4900 disserit.

1942 4932 2036 4989 59.
2075 4934 2358 5002 Quomodo
2378 4939 2781 5011 intelligendum
2808 4943 2939 4999 illud
2965 4946 3033 5002 de
3059 4947 3197 5004 Jobo
3217 4950 3422 5006 dictum
3447 4970 3462 5007 :

2113 5025 2396 5082 Maledicta
2417 5031 2527 5084 dies
2554 5048 2656 5099 qua
2684 5045 2841 5087 natus
2872 5051 3009 5089 sum.

1935 5115 2025 5173 60.
2064 5115 2203 5183 Quid
2230 5128 2313 5174 est
2340 5120 2471 5175 illud
2500 5141 2514 5177 :
2544 5120 2645 5176 Per
2670 5127 3025 5193 memetipsum
3046 5129 3254 5197 juravi,
3287 5135 3461 5205 inquit

2110 5208 2387 5266 Dominus.

1934 5298 2020 5352 6i.
2061 5298 2198 5365 Quid
2221 5313 2303 5357 est
2337 5322 2350 5357 :
2385 5302 2453 5359 Et
2476 5314 2619 5358 tuam
2650 5306 2815 5375 ipsius
2838 5311 3071 5364 animant
3095 5313 3309 5382 gladius
3337 5334 3457 5385 per-

2110 5389 2377 5443 transibit.

1931 5474 2020 5529 6‘2.
2062 5475 2201 5541 Quid
2245 5490 2329 5534 cst
2360 5498 2373 5533 :
2405 5480 2583 5536 Nolite
2627 5484 2965 5553 ingemiscere
3013 5492 3067 5543 in
3108 5494 3447 5563 alterutrum,

2105 5584 2167 5621 ne
2196 5570 2412 5623 inuicem
2440 5572 2772 5640 judicemiai.

1930 5659 2015 5713 63.
2060 5660 2289 5725 Quinam
2320 5675 2446 5716 sunt
2476 5666 2669 5719 mmclti
2696 5677 2751 5720 et
2784 5671 3025 5725 moecha).

1926 5752 2015 5807 64.
2056 5753 2194 5818 Quid
2244 5766 2327 5808 est
2378 5758 2731 5823 apostolicum
2788 5760 2914 5815 illud
2958 5780 2971 5816 :
3008 5762 3241 5832 Sttbjecli
3285 5780 3448 5823 estote

2102 5847 2244 5895 omni
2294 5849 2533 5900 humana:
2578 5862 2831 5903 creatura
2874 5865 3082 5921 propter
3131 5856 3439 5925 Dominum,

2100 5947 2344 6006 tanquam
2372 5938 2607 5994 libertate
2646 5952 2861 5999 utentes.
