4198 6440
779 418 850 481 ta
1904 425 2168 488 PHOTII
2205 425 2707 491 ramuscula
2742 431 2855 492 cp.
3922 419 4001 487 α

808 532 897 585 65.
940 530 997 584 Si
1044 529 1187 585 Deus
1252 529 1452 601 ubique
1507 537 1610 596 est,
1661 545 1885 586 curnam
1937 532 2007 586 sit
2063 533 2333 587 calumnia
2367 540 2410 594 Α

984 622 1247 677 adversus
1291 623 1630 692 mysterium,
1678 623 1962 692 praesentia
2013 623 2136 692 ejus
2177 623 2232 676 in
2261 623 2334 678 fe-

983 712 1144 766 mina:
1181 713 1378 766 utero?
1409 711 1625 782 Utique,
1675 714 1753 767 ait
1784 712 2154 774 adversarius.
2191 712 2334 766 haud

983 810 1065 850 νει
1095 797 1367 852 calumnia
1396 801 1682 867 praesentia
1715 801 1807 855 Dei
1833 801 1886 854 iu
1917 799 2132 855 femina:
2157 807 2335 864 utero.

980 889 1122 943 sicut
1192 891 1319 944 alibi
1365 893 1590 958 ubique;
1639 893 2107 947 verumenimvero
2155 892 2336 946 incar-

983 982 1130 1035 natio
1160 979 1249 1034 Dei
1283 996 1350 1035 ex
1376 981 1514 1050 ipsa,
1541 982 1778 1050 qui-lieri
1809 980 2012 1051 potuit?

811 1068 897 1122 66.
947 1068 1138 1124 Utrum
1185 1071 1460 1124 damones
1488 1071 1770 1132 sciveriut.
1803 1074 1946 1141 quod
1973 1072 2018 1127 si
2070 1072 2331 1142 resipuis-

982 1168 1134 1218 seut.
1182 1162 1394 1214 veniam
1443 1162 1651 1229 peccati
1713 1171 2202 1231 consequerentur;
2260 1177 2328 1215 an

986 1250 1168 1319 potius
1201 1251 1383 1304 divina
1415 1251 1679 1320 sapientia
1713 1253 1880 1307 semel
1904 1253 2129 1316 amissa,
2169 1251 2331 1319 hujus

987 1354 1206 1409 quoque
1233 1342 1306 1394 rei
1343 1342 1534 1395 notitia
1558 1342 1771 1411 spoliati
1799 1343 2016 1397 fuerint.

807 1427 894 1481 67.
935 1427 1172 1482 Curnam
1221 1438 1370 1483 totus
1416 1431 1666 1499 leprosus
1709 1431 1762 1486 in
1809 1431 2156 1490 Testamento
2220 1436 2330 1493 Ve-

2646 545 2794 605 petra
2827 545 3003 590 autem
3029 545 3142 590 erat
3170 534 3432 590 Christus.

2464 625 2554 679 92.
2593 626 2898 692 Quomodo,
2941 627 3156 696 justitia
3190 627 3492 693 incolumi,
3532 640 3632 690 pro
3670 624 3995 695 parentibus

2647 718 2950 785 puniuntur
2980 718 3159 773 liberi.

2467 798 2555 853 95.
2599 798 2741 865 Quid
2770 811 2876 868 est,
2909 803 3280 873 configuratus
3310 801 3512 857 infans.

2466 891 2556 943 9i.
2595 889 2708 945 Cur
2730 892 3138 948 tabernaculum
3168 893 3307 948 Deus
3332 895 3444 947 fieri
3467 891 3714 961 jusserit.

2473 981 2561 1034 95.
2607 981 2715 1036 Cur
2738 981 2949 1036 tabulas
2985 981 3197 1052 Moyses
3228 981 3576 1046 confregerit.

2463 1071 2549 1124 96.
2596 1071 2878 1138 Quomodo
2906 1072 3241 1127 vestimentis
3263 1073 3404 1139 lepra
3435 1070 3732 1125 accidebat.
3830 1066 3998 1140 [lauta

2464 1163 2552 1215 97.
2593 1161 2730 1228 Quid
2767 1163 3070 1233 signillcant
3098 1163 3215 1216 dum
3235 1163 3457 1216 aviculae
3486 1175 3583 1229 pro
3610 1160 3868 1213 mundata
3899 1162 4002 1211 ob-

2463 1250 2549 1304 98.
2589 1250 2699 1306 Cur
2738 1253 2927 1320 procul
2968 1253 3317 1306 tabernaculo
3368 1252 3507 1305 Deus
3547 1252 3713 1320 jussit
3763 1250 4001 1319 pecudes

2637 1341 2756 1395 esui
2786 1352 2940 1411 aptas
2963 1341 3162 1397 occidi.
3794 1395 3835 1412 ,,

2457 1428 2545 1482 99.
2581 1427 2694 1482 Cur
2716 1431 2988 1483 numerari
3017 1430 3270 1499 populum
3302 1429 3444 1484 Deus
3480 1429 3798 1496 manalavit.,

982 1526 1118 1578 tere.
1143 1519 1376 1572 mundus
1397 1518 1850 1586 existimabatur;
1883 1520 2128 1590 leprOsus
2149 1535 2328 1578 autem
2428 1516 2550 1574 100.
2587 1517 2697 1574 Cur
2738 1518 2910 1574 farina
2942 1519 3239 1574 hordeacea
3269 1535 3365 1590 pro
3387 1534 3471 1583 ea,
3506 1535 3626 1588 qua:
3651 1529 3904 1588 suspecta
3932 1519 3998 1572 de

979 1622 1046 1660 ex
1079 1619 1249 1677 parte,
1281 1609 1616 1665 immundus.

2644 1608 2913 1662 adulterio
2943 1617 3082 1672 erat,
3129 1608 3477 1663 oderebatur.

809 1694 898 1750 68.
939 1698 1052 1751 Cur
1091 1698 1328 1767 Spiritus
1373 1699 1574 1753 dicitur
1603 1699 1726 1754 Filii
1769 1701 1987 1774 imago?
2025 1712 2078 1758 et
2102 1703 2325 1773 quinam
2427 1696 2548 1751 101.
2587 1696 2698 1752 Cur
2729 1697 3077 1767 peccantibus
3114 1697 3297 1752 statim
3347 1711 3524 1765 preme
3557 1695 3962 1764 irrogahantur.

981 1795 1062 1843 est
1097 1786 1557 1860 Pythagoreorum
1588 1793 1898 1859 quaternio.

805 1877 894 1932 69.
935 1877 1047 1932 Cur
1073 1878 1306 1946 lapidem
1338 1877 1507 1933 Jacob
1535 1881 1775 1936 unxerit.

806 1966 897 2022 70.
941 1965 1057 2022 Tibi
1090 1966 1194 2021 soli
1227 1969 1460 2037 peccavi,
1507 1979 1556 2023 et
1582 1969 1780 2022 malum
1818 1985 1993 2024 coram
2034 1979 2084 2026 te
2119 1972 2241 2038 feci,
2271 1986 2329 2028 ut

983 2059 1160 2111 vincas
1193 2070 1309 2110 cum
1324 2057 1613 2126 judicaris.

808 2145 901 2201 71.
941 2144 1087 2209 Scio,
1124 2147 1262 2216 quod
1291 2148 1344 2200 in
1393 2163 1475 2201 me
1510 2164 1613 2201 non
1638 2147 1838 2202 habitet
1879 2149 1953 2219 (id
1983 2162 2065 2207 est
2090 2154 2146 2206 in
2173 2170 2331 2210 carne

993 2237 1151 2304 mea),
1183 2236 1396 2290 bonum.

805 2324 899 2378 72.
937 2323 1050 2380 Cur
1075 2328 1436 2381 admonemur
1468 2329 1777 2386 renuntiare
1799 2331 2038 2396 Satanze,
2067 2349 2175 2388 non
2203 2335 2330 2391 item

983 2421 1167 2488 pravis
1199 2420 1532 2476 hominibus.

811 2503 899 2559 75.
937 2504 1049 2560 Cur
1077 2503 1331 2564 Samonze
1363 2508 1592 2563 inditum
1628 2525 1823 2566 nomen
1857 2513 2212 2571 confessoris.

807 2594 899 2648 7d.
940 2595 1054 2650 Cur
1085 2596 1383 2652 cruciﬁxus
1411 2597 1663 2654 Christus
1691 2600 1874 2655 fuerit.

809 2686 899 2740 75.
936 2687 1222 2754 Quomodo
1245 2691 1600 2758 apostolicum
1627 2693 1833 2747 dictum
1869 2693 2036 2764 Signa
2072 2711 2174 2749 non
2201 2705 2327 2750 sunt

979 2774 1243 2843 ﬁdelibus,
1279 2784 1366 2831 sed
1396 2779 1697 2846 inﬁdelibus
1724 2796 1848 2835 cum
1883 2782 2177 2838 Dominicis
2209 2799 2329 2838 ver-

977 2863 1103 2918 bis:
1143 2862 1303 2918 Fides
1356 2875 1449 2919 tua
1486 2867 1691 2921 salvum
1738 2879 1786 2922 te
1815 2869 1981 2938 fecit;
2035 2880 2090 2925 et
2122 2888 2137 2925 :
2169 2872 2328 2926 Haud

978 2957 1149 3022 potuit
1191 2957 1344 3024 signa
1383 2957 1555 3024 facere
1589 2971 1800 3028 propter
1827 2977 2006 3013 eorum
2040 2963 2330 3016 increduli-

975 3056 1136 3097 tatem
1153 3063 1172 3109 ;
1188 3055 1242 3100 et
1258 3061 1382 3100 cum
1405 3050 1614 3104 caeteris
1629 3051 1913 3117 ejusmodi,
1931 3053 2329 3110 conciliabitur.

813 3134 903 3189 76.
944 3134 999 3188 Si
1039 3137 1197 3191 tellus
1230 3149 1372 3203 crat,
1405 3142 1678 3209 quomodo
1707 3141 1846 3196 facta
1874 3145 1994 3198 est?
2025 3145 2113 3198 Ait
2143 3147 2325 3200 enim:

980 3226 1152 3281 Tellus
1186 3237 1323 3281 erat.

802 3316 893 3372 77.
935 3318 992 3372 Si
1033 3319 1208 3373 lucem
1259 3318 1402 3373 Deus
1425 3323 2140 3396 creavit.nequaquamipse
2173 3336 2226 3381 et
2251 3337 2329 3383 te-

978 3410 1173 3464 nebras
1199 3409 1352 3475 fecit;
1377 3420 1502 3464 sunt
1521 3412 1664 3475 enim
1679 3413 1795 3468 haec
1811 3415 1949 3467 inter
1965 3419 2328 3474 secouttaria.

804 3497 893 3552 78.
937 3497 1050 3552 Cur
1083 3499 1230 3554 feras
1262 3509 1317 3554 et
1340 3501 1550 3569 reptilia
1586 3503 1725 3557 Deus
1756 3505 1978 3558 creavit.

802 3588 890 3642 79.
928 3590 1159 3643 Cninam
1219 3592 1358 3645 dixit
1389 3591 1579 3648 Deus:
1617 3591 1910 3648 Faciamus
1951 3596 2212 3652 hominem
2261 3601 2331 3652 ad

977 3681 1258 3750 imaginem
1291 3693 1339 3736 et
1383 3683 1788 3739 similitudinem
1820 3697 2083 3740 nostram.

798 3763 890 3820 80.
932 3766 1072 3832 Quid
1096 3775 1203 3830 est,
1227 3768 1292 3821 ad
1317 3768 1636 3838 imaginem.

803 3857 892 3910 8i.
932 3857 1036 3922 Qui
1071 3857 1237 3910 Deum
1277 3859 1562 3928 appellatis
1595 3860 1796 3915 bonum
1818 3901 1833 3926 ,
1865 3877 1964 3916 cur
1993 3861 2168 3917 eidem
2203 3872 2327 3918 tan-

973 3961 1081 4003 tam
1121 3950 1374 4004 duritiem
1433 3953 1768 4009 attriliuitis?
1819 3954 2126 4009 Crudelitas
2182 3955 2326 4010 enim

973 4049 1138 4102 atque
1164 4038 1369 4091 saevitia
1409 4047 1514 4104 cst,
1562 4042 1746 4109 exigui
1787 4042 1894 4095 cibi
1931 4058 2096 4097 causa
2121 4053 2326 4097 tantam

976 4142 1189 4195 pinnam
1245 4127 1508 4198 inﬂigere,
1560 4145 1666 4182 non
1727 4131 1906 4185 solum
1952 4134 2322 4202 peccantibus.

972 4233 1157 4270 verum
1185 4219 1348 4271 etiam
1379 4219 1621 4286 ipsorum
1652 4222 1908 4289 posteris.

797 4302 886 4356 82.
926 4304 1203 4368 Quosnatn
1237 4307 1326 4360 Dei
1359 4307 1498 4361 filios
1537 4307 1750 4378 Moyses
1779 4313 2148 4380 appellaverit.

797 4393 884 4446 35.
929 4392 1069 4461 Lege
1098 4395 1340 4447 nondum
1370 4397 1565 4463 posita,
1599 4413 1720 4465 quas
1750 4410 1956 4467 patrem
1981 4414 2321 4475 matremque

972 4485 1204 4538 revereri
1231 4485 1464 4554 juberet,
1489 4501 1714 4541 curnam
1743 4489 1912 4545 Cham
1945 4496 2107 4549 veluti
2144 4499 2321 4564 parri-

972 4574 1092 4627 cida
1123 4574 1434 4630 damnatur.

799 4665 884 4717 84.
934 4663 1168 4718 (ltirnam
1208 4665 1396 4720 Chami
1432 4673 1732 4737 peccatoris
1759 4673 1900 4728 illius
1921 4675 2147 4730 dilectus
2173 4688 2275 4730 est.

795 4749 885 4802 85.
926 4749 1166 4803 Curnatn
1194 4753 1469 4809 Abraham
1501 4761 1772 4815 credentis
1819 4763 1977 4816 titulo
2010 4765 2321 4831 insignitur,

969 4841 1061 4908 qui
1111 4840 1223 4896 Deo
1267 4845 1512 4901 dixerit:
1545 4847 1664 4913 Quo
1711 4852 1862 4919 signa
1915 4869 2218 4923 agnoscam,
2246 4873 2327 4911 me

967 4931 1116 4982 illam
1153 4933 1390 5002 (terram)
1418 4935 1528 5001 fore
1558 4955 1946 5006 possessurum.

793 5018 882 5074 86.
924 5019 1095 5086 Quam
1114 5024 1427 5080 ob'causam
1458 5029 1690 5084 luctatur
1706 5047 1828 5086 cum
1851 5033 2056 5088 Iacobo
2078 5036 2322 5101 angelus.

794 5108 884 5163 87.
920 5109 1218 5178 Cujusnam
1261 5113 1336 5167 rei
1380 5115 1595 5186 signum
1633 5119 1769 5185 fuit,
1812 5121 2006 5175 rubum
2049 5125 2239 5178 ardere
2269 5134 2327 5179 et

970 5217 1080 5256 non
1114 5204 1385 5259 comburi.

792 5288 883 5344 88.
923 5289 1095 5360 Lepra
1136 5297 1320 5348 manui
1359 5295 1554 5364 injecta
1586 5313 1703 5353 cur.

789 5382 880 5437 89.
921 5388 1031 5436 Cur
1059 5387 1283 5454 angelus
1312 5385 1533 5458 Moysen
1578 5389 1890 5447 interimere
1922 5394 2178 5449 voluerit.

789 5471 880 5528 90.
922 5473 1033 5529 Cur
1062 5474 1240 5545 fugam
1273 5482 1691 5548 praperantibus
1721 5484 2006 5552 imperavit
2041 5485 2179 5541 Deus
2232 5503 2322 5556 pa-

968 5566 1174 5622 schalis
1195 5567 1588 5624 solemnitatem
1621 5588 1896 5643 peragere.

795 5655 886 5711 9|.
929 5655 1215 5722 Quomodo
1237 5659 1641 5730 intelligendum
1673 5665 1802 5718 illud
1829 5668 2055 5735 apostoli
2088 5685 2101 5722 τ
2130 5668 2321 5722 Omnes

976 5747 1029 5799 in
1065 5750 1280 5818 Moysen
1322 5753 1577 5820 baptizati
1616 5772 1816 5823 sumus,
1871 5765 2002 5821 ctc.,
2039 5773 2209 5828 usque
2255 5760 2320 5813 ad

2429 1787 2554 1842 l02.
2592 1786 2704 1841 Cur
2757 1787 3142 1842 seditiosorum
3202 1787 3475 1842 thuribula
3499 1787 3702 1842 servari
3751 1786 4000 1854 deposita

2645 1876 2785 1944 apud
2812 1876 2982 1929 altare
3013 1874 3155 1930 Deus
3181 1875 3548 1944 imperaverit.

2432 1964 2553 2018 l03.
2593 1963 2704 2018 Cur
2760 1964 2927 2035 Moysi
2978 1975 3034 2020 et
3094 1965 3295 2019 Aaroui
3356 1966 3670 2034 indignatus
3722 1971 3808 2018 est
3857 1963 4000 2019 Dcus

2648 2067 2868 2124 pr0pter
2894 2071 3089 2126 aquam
3120 2073 3150 2111 e
3179 2068 3328 2126 petra
3356 2058 3608 2112 eductam

2432 2141 2551 2196 104.
2589 2141 2699 2197 Cur
2725 2145 2921 2199 ciuium
2947 2157 3001 2201 et
3016 2153 3215 2200 terram
3234 2147 3655 2201 testesinvocari
3667 2147 3879 2216 jussum
3893 2157 3997 2200 est.

2432 2233 2556 2289 105.
2596 2233 2880 2299 Quomodo
2917 2236 3319 2306 intelligendum
3352 2238 3481 2290 illud
3509 2236 3847 2298 :Ltetamini,
3876 2255 4004 2307 gen-

2643 2333 2738 2386 tes,
2776 2340 2894 2377 cum
2937 2325 3126 2395 popqu
3165 2325 3301 2393 ejus,
3341 2335 3432 2380 et:
3481 2324 3620 2379 Huic
3670 2325 4002 2378 auxilientur

2646 2413 2818 2483 angeli
2843 2413 2959 2467 Dei.

2435 2504 2559 2572 106,
2597 2508 2709 2561 Cur
2733 2506 2803 2560 ob
2832 2507 2947 2560 leve
2973 2514 3213 2559 erratum
3247 2503 3456 2575 Moyses
3474 2505 3665 2574 jussus
3684 2516 3769 2560 est
3795 2515 3996 2561 terram

2649 2598 2835 2666 procul
2875 2597 3139 2665 aspicere,
3172 2595 3300 2651 illuc
3349 2608 3526 2651 autem
3553 2598 3808 2668 populum
3835 2598 3996 2650 indu-

2641 2703 2765 2741 cere
2803 2689 3020 2743 vetitus.

2433 2779 2554 2833 107.
2594 2778 2732 2845 Quid
2763 2789 2867 2842 est,
2900 2780 2951 2832 in
2983 2778 3196 2833 modico
3243 2779 3378 2832 mihi
3420 2778 3716 2848 persuades
3753 2788 3811 2832 ut
3839 2777 4001 2833 Chri-

2643 2871 2854 2923 stianus
2889 2871 3034 2924 lium.

2433 2960 2552 3014 108.
2593 2959 2732 3024 Quid
2761 2969 2861 3020 est,
2879 2961 2970 3028 qui
2990 2959 3560 3029 praefinitusestFilius
3584 2957 3744 3012 lieiin
3773 2959 3998 3012 virtute.

2434 3052 2558 3106 109.
2599 3050 2738 3116 Quid
2777 3062 2884 3114 est,
2933 3050 3236 3119 prohibitus
3264 3065 3386 3104 sum
3423 3065 3596 3118 usque
3623 3050 3838 3112 adhuc,
3862 3065 4002 3117 quo-

2645 3139 2823 3194 minus
2857 3139 3090 3193 fructutn
3117 3141 3351 3208 aliquem
3386 3156 3653 3210 caperem.

2437 3227 2559 3282 110.
2600 3228 2741 3293 Quid
2763 3237 2868 3289 est,
2899 3228 3110 3296 justitia
3136 3238 3313 3282 autem
3349 3229 3439 3283 Dci
3474 3230 3526 3282 in
3556 3229 3670 3297 ipso
3703 3240 3995 3282 reveiatttr.

2436 3319 2560 3371 111.
2599 3316 2737 3383 Quld
2795 3317 3063 3386 siguiliCat
3129 3318 3335 3370 dictum
3399 3317 3526 3371 illud
3591 3319 3996 3386 apostolicum:

2651 3407 2870 3460 Tradite
2896 3408 3063 3474 ipsum
3092 3406 3331 3460 Satanae.

2429 3498 2552 3552 112.
2591 3497 2732 3564 Quid
2762 3507 2878 3551 est:
2912 3496 2977 3549 1η
3011 3499 3167 3565 ﬁnem
3209 3507 3423 3567 propter
3467 3515 3581 3553 eam
3620 3514 3737 3568 qua:
3773 3499 4000 3552 Iueredi-

2641 3597 2802 3640 tatem
2833 3588 3076 3640 sortitur.

2429 3678 2553 3731 115.
2591 3677 2832 3739 Domine,
2863 3693 2924 3730 ne
2949 3678 3004 3731 in
3037 3677 3215 3744 furore
3244 3685 3332 3729 tuo
3370 3693 3567 3746 arguas
3607 3694 3719 3742 me,
3751 3695 3913 3748 neque
3945 3681 3999 3733 in

2639 3769 2722 3820 ira
2753 3776 2844 3819 tua
2873 3769 3129 3834 corripias
3159 3782 3257 3820 me.

2429 3859 2551 3912 114.
2594 3857 2734 3924 Quia
2761 3861 3073 3910 conturbata
3103 3869 3222 3910 sunt
3253 3874 3374 3911 ossa
3404 3875 3541 3911 mea.

2429 3951 2551 4004 115.
2597 3949 2837 4012 Domine,
2876 3949 2944 4000 ad
2976 3957 3023 4002 te
3052 3948 3296 4012 clamavi,
3324 3949 3519 4002 exaudi
3557 3964 3657 4001 me.

2433 4040 2555 4092 116.
2607 4038 2738 4091 Voce
2755 4053 2868 4089 mea
2894 4040 2962 4088 ad
2990 4037 3272 4089 Dominum
3299 4037 3555 4098 clamavi,
3587 4052 3703 4089 uoce
3728 4052 3842 4088 mea
3888 4035 3997 4089 Do-

2637 4126 2838 4178 minum
2875 4124 3184 4192 deprecatus
3208 4141 3345 4178 sum.

2429 4215 2552 4269 117.
2593 4215 2730 4282 Quid
2764 4225 2869 4281 est,
2895 4217 3037 4284 quod
3069 4215 3265 4269 blichol
3297 4213 3484 4267 Davidi
3519 4214 3817 4268 benedixit.

2432 4304 2552 4359 118.
2595 4308 2702 4359 Cur
2735 4305 2901 4358 David
2931 4304 3106 4373 epltod
3137 4304 3359 4356 indutus
3396 4311 3503 4357 est.

2435 4397 2556 4450 119.
2593 4397 2862 4461 Quidnatn
2894 4397 3087 4462 agebat
3113 4395 3283 4448 Adatn
3317 4395 3368 4447 in
3405 4394 3656 4462 paradiso

2432 4487 2554 4540 120.
2596 4491 2705 4540 L‘ur
2739 4489 2840 4538 sub
2867 4501 3148 4554 vesperam
3183 4487 3566 4538 immolabatur
3588 4499 3781 4553 agnus.

2429 4580 2549 4633 121.
2592 4578 2731 4643 Quid
2760 4589 2864 4641 est,
2900 4577 3106 4631 Ponam
3139 4595 3320 4631 arcum
3347 4595 3516 4631 meum
3546 4581 3601 4630 in
3633 4582 3787 4631 nube.

2429 4671 2550 4724 122.
2590 4671 2780 4724 Justus
2809 4669 2922 4724 Noe
2969 4685 3068 4724 cur
3111 4670 3295 4724 ebrius
3338 4669 3783 4739 deprehenditur,
3813 4683 3994 4737 neque

2635 4774 2821 4827 poenas
2859 4760 2971 4816 dat.

2427 4849 2548 4903 125.
2589 4848 2725 4914 Quid
2747 4859 2850 4914 est,
2876 4851 3118 4914 Domine,
3145 4868 3247 4905 non
3264 4863 3340 4906 est
3360 4853 3654 4906 excitatura
3677 4870 3769 4908 cor
3795 4871 3989 4909 meum.

2427 4937 2550 4992 124.
2591 4941 2705 5004 Qua
2736 4941 2803 4994 de
2836 4957 3000 4996 causa
3029 4943 3081 4997 in
3108 4945 3264 5008 rubo,
3313 4960 3418 4997 non
3447 4956 3622 4999 autem
3659 4945 3713 4998 in
3752 4946 3862 5001 alio
3900 4962 3990 5000 ar-

2635 5029 2784 5084 boris
2813 5046 3026 5098 genere,
3058 5033 3224 5106 Moysi
3254 5035 3396 5090 Deus
3423 5038 3751 5104 apparuerit.

2429 5118 2552 5174 125.
2592 5119 2705 5174 Cur
2728 5137 2759 5174 a
2809 5121 2920 5178 Deo
2953 5126 3279 5193 permissum
3305 5126 3394 5189 sit,
3419 5128 3603 5181 divum
3649 5126 3904 5203 Davidem
3937 5128 3992 5182 in

2635 5213 2739 5268 tale
2771 5222 3092 5284 tantumque
3126 5227 3406 5284 peceatum
3449 5217 3705 5272 incidere.

2427 5299 2551 5355 126.
2588 5300 2663 5355 De
2686 5305 2872 5372 populi
2896 5305 3261 5374 descriptione
3288 5307 3390 5360 sub
3423 5306 3610 5361 David.

2425 5391 2548 5444 127.
2587 5393 2699 5446 Cur
2724 5393 2888 5449 David
2927 5396 3106 5450 dictus
3144 5397 3214 5451 sit
3247 5399 3331 5451 vir
3363 5399 3658 5453 secundum
3690 5413 3786 5452 cor
3811 5399 3907 5453 Dei

2430 5484 2549 5537 128.
2590 5484 2702 5540 Cur
2730 5503 2890 5543 mane
2919 5491 3198 5558 deplueret
3223 5491 3276 5544 in
3309 5491 3581 5546 desertum
3623 5507 3844 5545 manna.

2426 5573 2545 5627 129.
2587 5575 2743 5628 Cura
2779 5578 2887 5631 ι)υο
2913 5579 3118 5633 dictum
3160 5581 3510 5637 Abrahamo‘:
3539 5580 3742 5634 Ponant
3774 5590 3990 5649 pactum

2641 5683 2810 5722 meum
2840 5672 2973 5722 inter
3000 5685 3081 5722 me
3105 5678 3154 5724 et
3180 5679 3228 5724 te

2429 5763 2547 5818 l30.
2593 5761 2665 5817 De
2697 5759 2901 5816 lacobo
2926 5769 2978 5816 ct
3008 5758 3120 5816 Lia.
