4198 6440
199 467 275 533 ω
1222 461 1324 521 ΑΒ
1360 455 1954 521 ΑΜΡΗΙιοοΗιιΙΜ
1990 454 2339 532 OUESTIO
2377 461 2427 521 Ι.
3385 464 3458 529 5o

198 584 414 645 τούτοις
441 581 601 652 μόνον
636 577 771 634 πολῦ
802 577 899 633 καὶ
926 575 1155 646 ἄπειρον
1184 572 1483 645 ύπονοηθδν
1512 572 1574 627 τὸ
1593 570 1785 641 διάφο-

1892 582 2099 628 veteres
2145 574 2426 630 doctrinas
2463 573 2797 645 profitendae
2842 583 2896 631 et
2946 575 3250 636 rhetoricas
3306 591 3457 637 artes

202 691 319 746 ρον,
346 673 574 744 ὕστερον
593 671 881 741 ἀκριϐείας
902 667 1253 737 δικαζούσης,
1282 665 1547 735 διαφορᾶς
1574 662 1773 733 ἀφείθη

200 764 500 833 ελεύθεραο
528 761 665 816 ἀλλὰ
711 761 810 815 καὶ
850 762 910 813 δν
955 760 1095 828 αὐτῇ
1136 773 1203 827 γε
1242 758 1310 829 τῇ
1342 754 1774 825 καθωμιλημένη

199 854 310 907 τῶν
344 853 557 907 πολλῶν
583 852 779 924 χρήσει
804 849 975 904 πολλὰ
1005 850 1103 921 μιν
1134 847 1323 911 άπλῶς
1345 844 1521 909 οὕτως
1545 844 1776 899 ἀκοῦσαι

199 945 456 1013 φαίνεται
493 943 783 1014 μάχεσθαι·
818 940 1117 1012 κριθέντων
1145 940 1224 1003 δι,
1268 940 1348 1001 είς
1382 937 1701 1008 συμφωνίαν
1739 938 1774 1007 η

200 1036 352 1105 μάχη
387 1035 704 1103 μετέπεσεν.
735 1031 801 1086 Et
820 1047 906 1094 τις
925 1026 1019 1085 οὖν
1045 1030 1145 1100 τὴν
1178 1029 1279 1099 μιν
1303 1029 1361 1081 έν
1390 1030 1457 1097 τῇ
1489 1026 1594 1080 άνά
1620 1028 1779 1097 χεῖρα

196 1125 389 1194 ὁμιλίᾳ
415 1123 746 1192 φαινομένην
775 1123 964 1177 στάσιν
987 1122 1090 1191 τῆς
1112 1119 1347 1190 ἀληθοῦς
1377 1122 1557 1191 μάχης
1584 1119 1782 1173 ἀδεκά-

199 1229 313 1282 στῳ
342 1212 541 1284 γνώμη
567 1212 852 1284 διακρίνει,
882 1211 1132 1283 ἀφορίζει
1152 1212 1207 1265 δὲ
1233 1210 1339 1265 κάν
1364 1213 1478 1274 τοῖς
1502 1202 1600 1264 τὸν
1628 1209 1779 1279 φιλό-

199 1321 367 1374 σοφον
396 1305 491 1357 καὶ
521 1305 728 1375 ῥήτορα
747 1302 863 1374 βίον
880 1304 1240 1374 άσκουμένοις
1265 1302 1334 1356 τά
1365 1300 1651 1373 μαχόμενα
1668 1300 1777 1354 τῶν

196 1396 569 1464 φαινομένων.
603 1394 699 1447 sui
736 1393 796 1447 δὲ
840 1394 941 1464 τῆς
984 1394 1133 1466 ἱερᾶς
1165 1391 1324 1463 ἡμῶν
1362 1391 1681 1461 φιλοσοφίας
1712 1391 1775 1444 οὐ

194 1486 292 1537 τὸν
318 1486 487 1539 αὑτὸν
526 1484 784 1549 διασώζει
824 1484 1010 1554 νόμον,
1041 1482 1179 1538 ἀλλὰ
1217 1484 1312 1538 καὶ
1332 1484 1434 1555 τὴν
1458 1482 1778 1536 επιπόλαιον

194 1572 519 1641 ἀντιλογίαν
537 1573 616 1634 είς
644 1572 911 1626 άσπονδον
936 1572 1273 1637 έκϐιάζεται.
1306 1564 1465 1635 οὗτος
1493 1575 1589 1626 καὶ
1610 1572 1778 1643 χωρίς

193 1680 346 1725 τινος
369 1664 700 1732 αίτιωμένου
734 1665 1079 1736 συκοφάντην
1099 1665 1294 1719 εαυτδν
1317 1664 1411 1718 καὶ
1433 1663 1637 1735 φαῦλον
1664 1681 1779 1735 κρι-

192 1756 296 1824 τὴν
328 1754 644 1821 ἀποφαίνει.

1877 666 2210 720 exercendas
2230 666 2335 721 sibi
2351 677 2726 736 sumpserunt,
2752 667 2977 722 multam
3002 669 3057 723 in
3080 671 3163 724 his
3182 680 3348 741 atque
3371 672 3455 725 in-

1881 756 2086 809 finitam
2116 754 2453 811 discordiam
2482 772 2709 814 cernere
2733 760 2840 815 sibi
2871 760 3139 830 principio
3175 762 3454 829 videntur,

1880 860 2003 915 quae
2030 860 2155 900 mox
2184 861 2275 901 res
2298 848 2589 918 diligenter
2620 864 2902 920 perpensa:
2944 852 3014 906 ab
3045 854 3191 906 omni
3230 866 3455 909 contra-

1880 936 2121 991 dictione
2164 938 2550 1006 absolvuntur;
2588 955 2777 994 verum
2826 941 2991 996 etiam
3039 944 3091 996 in
3135 944 3254 1013 ipso
3294 944 3456 998 fami-

1883 1027 2001 1081 liari
2052 1027 2196 1097 vulgi
2229 1032 2331 1084 usu”
2368 1029 2510 1083 haud
2541 1046 2711 1099 pauca
2749 1031 2926 1100 primo
2974 1034 3164 1087 auditu
3203 1036 3457 1089 vialentur

1883 1132 2210 1186 repugnare,
2233 1118 2435 1187 quibus
2465 1120 2533 1174 ad
2553 1123 2811 1176 trutinam
2843 1124 3136 1189 revocatis,
3167 1124 3457 1182 conflictus

1882 1207 1937 1263 in
1965 1211 2315 1265 concordiam
2339 1213 2586 1267 vertitur.
2619 1213 2676 1268 Si
2712 1215 2837 1284 quis
2871 1216 3035 1286 igitur
3065 1232 3249 1272 rerum
3272 1220 3457 1288 qunti.

1880 1300 2165 1356 dianarum
2194 1314 2545 1372 apparentem
2562 1305 2895 1367 dissensum,
2924 1307 3241 1377 incorrupto
3259 1309 3458 1363 mentis

1875 1394 2107 1464 judicio,
2147 1410 2177 1449 a
2226 1411 2351 1451 vera
2407 1397 2712 1452 diii'erentia
2763 1397 3060 1468 discernit;
3112 1401 3350 1470 itemque
3401 1403 3457 1455 in

1884 1483 2275 1554 philosophicis
2295 1486 2601 1557 disciplinis
2628 1498 2793 1559 atque
2827 1491 2881 1544 in
2914 1492 3230 1559 rhetoricis,
3283 1508 3312 1546 a
3370 1492 3459 1547 di-

1881 1572 2240 1627 seordihusin
2281 1576 2523 1642 speciem
2550 1578 2848 1645 pugnantia
2886 1591 3013 1633 vere
3050 1579 3367 1650 distinguit;
3401 1582 3456 1635 in

1880 1677 2036 1718 sacra
2053 1678 2184 1719 vero
2207 1674 2395 1719 nostra
2421 1666 2667 1720 doctrina
2694 1669 2882 1723 eodem
2906 1670 3031 1737 jure
3050 1685 3159 1723 non
3190 1671 3333 1741 agit;
3359 1671 3456 1725 sed

1880 1755 1964 1809 vel
2001 1757 2433 1825 superficiariatn
2456 1760 2757 1828 quamlibet
2788 1760 3081 1816 verborum
3127 1775 3362 1831 pugnam
3389 1761 3459 1817 ad

195 1846 549 1903 insolubilem
600 1857 815 1903 vertere
867 1846 1062 1902 nititur
1109 1847 1635 1914 contradictionem;
1665 1846 1779 1914 hic,
1820 1845 2078 1917 inquam,
2109 1850 2243 1919 quin
2267 1864 2407 1920 opus
2451 1862 2775 1907 accusatore
2798 1852 2907 1917 sit,
2980 1853 3370 1924 sycophantam
3398 1868 3461 1910 se

196 1938 771 2007 nnalumquejudieem
794 1952 918 1993 esse
946 1938 1148 2008 prodit.

270 2032 345 2103 β’.
370 2033 579 2085 Αὐτίκα
599 2032 731 2101 γοῦν
751 2032 839 2087 ἵνα
868 2032 979 2087 άπδ
999 2032 1102 2103 τῆς
1128 2032 1236 2086 τῶν
1256 2030 1469 2087 πολλῶν
1493 2032 1785 2102 συνηθείας

1958 2028 2018 2084 2.
2056 2026 2309 2085 Profecto
2338 2037 2402 2083 ut
2433 2045 2464 2083 a
2495 2044 2556 2084 re
2582 2028 2719 2085 satis
2744 2032 3025 2085 communi
3060 2032 3337 2096 eaordiar,
3361 2031 3463 2087 ho-

194 2125 477 2195 ᾶρξωμαι,
511 2125 540 2177 6
576 2126 735 2192 φόνος
768 2125 953 2188 αὐτοῖς
986 2124 1081 2178 καὶ
1112 2125 1389 2190 πολιτείας
1417 2126 1535 2179 ἐστὶ
1581 2124 1777 2194 φύλαξ.

197 2218 297 2268 καὶ
328 2216 533 2285 μύσους
557 2215 817 2278 ὑπόθεσις
841 2231 857 2246 ⁸
891 2218 984 2269 καὶ
1012 2215 1078 2286 δὴ
1103 2218 1199 2269 καὶ
1231 2219 1264 2286 ὴ
1302 2217 1543 2287 ἐμπορία
1578 2217 1782 2286 κόσμος

196 2312 264 2377 τῇ
293 2308 472 2369 πόλει,
502 2307 601 2360 καὶ
630 2307 789 2378 ὕϐρις
818 2306 920 2361 οὐκ
948 2308 1190 2363 ιλαττον.
1224 2310 1335 2363 Καὶ
1358 2308 1477 2373 πῶς
1504 2310 1605 2362 οὐκ
1635 2311 1783 2363 ένανο

195 2400 290 2453 τία
313 2400 489 2453 ταῦτα
512 2414 528 2465 ;
554 2400 674 2454 Ὀτι
699 2400 947 2467 φονεύειν
975 2400 1075 2469 μιν
1102 2401 1205 2455 οὐκ
1230 2400 1440 2467 ἔξεστιν
1462 2402 1780 2471 εὐεργέτην,

195 2491 324 2544 ούδι
360 2491 585 2559 πολίτην
614 2490 801 2543 εὔνουν
841 2494 909 2561 τῇ
941 2491 1095 2544 πόλει
1116 2507 1133 2523 °
1171 2491 1284 2545 οὐδ’
1307 2493 1359 2545 εί
1390 2509 1473 2555 τις
1506 2492 1779 2555 ἀναίτιοςθ

196 2584 465 2653 πολέμιον
486 2583 544 2636 δι
568 2585 664 2636 καὶ
684 2583 995 2654 κακοῦργον
1018 2585 1113 2637 καὶ
1143 2585 1410 2655 προδότην
1439 2584 1614 2648 άλλως
1640 2584 1782 2637 ενδι-

198 2693 301 2729 κον
341 2674 615 2731 τεθνάναι.
642 2670 755 2730 Καὶ
786 2675 852 2746 δὴ
882 2676 977 2730 καὶ
1000 2678 1093 2729 τὸν
1129 2676 1446 2748 ἀλλοτρίους
1470 2677 1683 2745 γάμους
1704 2675 1784 2730 δι-

197 2769 524 2837 ορύττοντα.
551 2769 640 2824 ἐπ’
667 2768 955 2840 αύτοφόρῳ
974 2768 1199 2833 ἁλόντα,
1228 2769 1419 2840 κύριός
1442 2771 1590 2823 εστιν
1614 2771 1643 2823 6
1667 2769 1784 2839 ἠδι-

200 2862 449 2930 κημένος
490 2859 588 2913 καὶ
629 2859 724 2913 τοῦ
766 2861 1188 2931 είσπράττεσθαι
1214 2860 1314 2932 τὴν
1345 2861 1503 2931 δίκην
1528 2876 1543 2892 ο
1584 2860 1689 2926 ἔξω
1724 2860 1784 2914 δὲ

197 2954 300 3007 τοῦ
335 2953 544 3023 μύσους
570 2951 775 3014 λαϐὼν.
800 2952 1062 3020 δικαστὴν
1096 2952 1257 3006 άλλον
1286 2951 1539 3022 έπιζητεῐ
1566 2949 1661 3004 τοῦ
1689 2952 1783 3019 ιγ-

200 3046 506 3114 κληματος.
553 3043 722 3098 Πάλιν
752 3043 868 3097 ὅσοι
908 3042 969 3095 τδ
992 3043 1247 3096 ταπεινὸν
1272 3043 1460 3113 σχῆμα
1490 3042 1591 3111 τῆς
1628 3041 1785 3094 πολι-

197 3136 358 3198 τείας
388 3133 734 3197 ὑποδύονται,
762 3133 1057 3203 ιμπορίαις
1086 3132 1187 3203 τὴν
1219 3133 1375 3185 πόλιν
1405 3131 1781 3197 συναύξουσιν’

198 3228 252 3280 οί
302 3226 362 3278 δε
408 3224 803 3294 στρατηγεῑνῆ
845 3223 1196 3292 δημαγωγεῖν
1238 3222 1272 3293 ἢ
1314 3223 1385 3275 τὰ
1414 3222 1641 3275 τοιαῦτα
1684 3238 1782 3274 τα·
1826 3237 1838 3252 ο

198 3318 449 3388 χθέντες,
510 3318 590 3379 είς
643 3314 861 3384 έκείνην
920 3313 1340 3377 καταϐαίνοντες
1394 3313 1497 3384 τὴν
1555 3314 1777 3382 πρᾶξιν,

1879 2120 2162 2175 micidium
2190 2132 2245 2175 et
2268 2120 2579 2189 reipublica:
2602 2122 2771 2176 tutela
2800 2122 3043 2176 creditur
3073 2124 3215 2192 apud
3243 2124 3458 2195 vulgus,

1882 2212 2137 2282 idemque
2182 2214 2410 2267 materia
2459 2213 2703 2269 sceleris.
2740 2212 2880 2268 Tum
2912 2224 3221 2269 mercatura
3275 2217 3459 2271 decori

1881 2305 2045 2360 simul
2086 2305 2319 2369 civibus,
2352 2305 2625 2372 simulque
2647 2305 2902 2360 dedecori
2925 2316 3029 2361 est.
3064 2306 3263 2373 Quidni
3294 2308 3460 2377 igitur

1880 2395 1997 2451 haec
2023 2397 2301 2451 contraria
2340 2398 2512 2454 sunt?
2541 2397 2671 2466 quia
2714 2398 2963 2453 videlicet
3003 2415 3180 2469 neque
3209 2400 3462 2455 beneme-

1882 2488 2047 2543 ritum
2083 2490 2331 2545 occidere
2356 2490 2479 2545 licet
2503 2490 2701 2552 civem,
2736 2506 2914 2560 neque
2943 2493 3097 2548 urbis
3118 2493 3451 2555 studiosum,

1881 2594 1981 2634 nec
2008 2580 2261 2649 quemvis
2294 2580 2625 2635 innocuum:
2660 2582 2871 2637 hostem
2904 2597 3035 2637 vero
3064 2592 3117 2637 et
3150 2584 3458 2640 malelicum

1880 2682 1935 2727 et
1955 2674 2227 2741 pmcipue
2260 2672 2617 2743 proditorem,
2661 2688 2879 2741 aequum
2912 2681 2996 2727 est
3028 2674 3282 2729 interfici.
3315 2674 3466 2730 Prte-

1884 2770 2029 2816 terca
2054 2764 2146 2832 qui
2180 2763 2388 2818 alienos
2412 2764 2681 2819 thalamos
2703 2764 2890 2826 violat.
2924 2766 2969 2819 si
2997 2768 3050 2819 in
3085 2765 3331 2821 facinore
3373 2767 3465 2820 de-

1884 2855 2272 2925 prehendatur.
2302 2857 2429 2911 licet
2457 2857 2676 2926 conjugi
2716 2858 2845 2911 laeso
2884 2872 3076 2928 poenas
3122 2859 3191 2913 dc
3238 2858 3331 2912 illo
3370 2873 3464 2912 su-

1881 2961 2064 3001 mere:
2093 2949 2139 3001 si
2174 2957 2352 3001 tamen
2387 2948 2607 3003 aliunde
2642 2948 2855 3003 facinus
2880 2958 3263 3018 cognoscatur,
3292 2949 3461 3002 alium

1878 3036 2116 3106 judicem
2155 3052 2325 3092 causa
2362 3039 2622 3108 postulat.
2672 3039 2887 3093 Rursus
2929 3040 3183 3093 homines
3223 3040 3464 3095 obscuro

1882 3127 2006 3181 vita:
2034 3127 2217 3197 generi
2254 3128 2850 3191 detliti,‘mercimoniis
2890 3130 3008 3184 suis
3051 3131 3287 3186 civitatis
3309 3145 3465 3185 cont-

1886 3219 2046 3273 moda
2077 3229 2277 3290 augent
2304 3238 2319 3275 :
2348 3221 2443 3291 qui
2487 3235 2618 3275 vero
2651 3229 2747 3275 aut
2771 3223 2991 3278 ordines
3032 3222 3324 3285 militares.
3368 3232 3465 3277 aut

1884 3309 2071 3364 civiles
2103 3312 2489 3380 magistratus,
2516 3320 2609 3365 aut
2649 3311 2847 3367 similia
2885 3329 3110 3369 munera
3142 3323 3375 3385 gerunt,
3406 3316 3463 3371 hi

197 3373 307 3478 ἓῆς
355 3373 633 3469 πολιτείας
690 3373 1035 3475 έξυϐῥίζουσι
1089 3410 1154 3459 τι
1203 3373 1462 3473 ἀξιώμαί
1516 3373 1616 3458 καί
1673 3373 1780 3457 ξω

1884 3400 1929 3455 si
1956 3402 2022 3456 ad
2041 3403 2131 3455 illa
2166 3373 2381 3472 negotia
2411 3373 2485 3458 se-
2502 3403 2637 3458 forte
2668 3405 2980 3470 demittant,
3002 3407 3123 3459 vitae
3142 3373 3258 3461 suae
3279 3408 3464 3477 digni-

200 3500 670 3570 παραδειγμάτων
710 3498 813 3552 οὐκ
841 3496 957 3550 εστι
994 3496 1172 3568 πέρας
1212 3495 1292 3565 τῷ
1328 3494 1637 3566 βουλομένῳ
1669 3494 1785 3547 δια-

201 3591 574 3662 περάνασθαι.
610 3591 772 3661 Ὁρᾷς
818 3589 895 3652 ὡς
951 3589 1129 3642 πολλὰ
1167 3588 1266 3660 μιν
1307 3586 1608 3657 φαντασίαν
1639 3604 1784 3657 παρ-

202 3684 391 3753 έχεται
434 3680 780 3745 ἀντιθέσεως,
815 3680 1182 3750 εξεταζόμενα
1222 3679 1281 3733 οι
1320 3678 1420 3749 τὴν
1466 3677 1785 3748 συμφωνίαν

202 3772 550 3837 denarrat;
607 3770 792 3835 Οὕτως
849 3770 942 3823 οὖν
986 3773 1083 3825 καὶ
1122 3770 1218 3823 επὶ
1267 3768 1369 3839 τῆς
1426 3770 1577 3837 ίερᾶς
1629 3767 1785 3839 ήμῶν

201 3865 432 3934 Γραφῆς
462 3864 581 3916 δέον
606 3863 853 3933 θεωρεῖν,
875 3856 942 3931 ἦς
970 3860 1133 3930 ῥητὸν
1156 3861 1249 3915 καὶ
1274 3861 1335 3914 τὸ
1357 3859 1450 3913 σὺν
1471 3858 1784 3930 πρόϐλημα,

202 3956 343 4025 πρὸς
394 3954 426 4008 6
471 3954 714 4023 δηλονότι
767 3951 1078 4023 διετυπώθη
1110 3952 1208 4006 καὶ
1238 3951 1300 4005 τὸ
1327 3950 1449 4005 ὅλον
1491 3948 1586 4004 τοῦ
1622 3949 1782 4019 λόγου

203 4049 517 4120 προοίμιον.

272 4141 347 4209 γ’.
392 4140 597 4211 Μωσῆς
635 4138 667 4192 6
693 4138 988 4209 νομοθέτης
1021 4132 1161 4199 εἷπε,
1216 4133 1418 4205 μᾶλλον
1457 4132 1505 4187 δ’
1533 4134 1562 4185 6
1608 4130 1787 4195 κοινὸς

201 4233 299 4288 καὶ
340 4232 589 4301 πλάστης
622 4230 718 4284 καὶ
748 4229 1043 4302 νομοθέτης
1086 4228 1154 4283 δι’
1182 4226 1370 4287 αὑτοῦ.
1410 4244 1430 4278 ε
1474 4225 1550 4279 οὐ
1590 4223 1787 4294 φονεύ-

204 4339 361 4386 σεις·
404 4340 422 4374 t
476 4321 573 4375 καὶ
627 4320 828 4375 πάλιν·
878 4337 899 4371 ι
935 4318 1106 4373 Θέσθε
1158 4317 1387 4379 ῑκαστος
1436 4315 1537 4385 τὴν
1590 4314 1786 4369 ἑαυτοῦ

205 4412 487 4486 ῥομφαίαν
528 4414 619 4467 επὶ
659 4413 753 4467 τὸν
791 4412 986 4484 μηρὸν,
1016 4412 1111 4464 καὶ
1143 4408 1381 4463 διέλθετε
1412 4409 1507 4461 καὶ
1534 4408 1788 4477 άνακάμ-

1888 3498 2049 3542 tatem
2082 3490 2432 3544 dedecomnt.
2463 3490 2654 3546 Nullus
2683 3493 3059 3560 exemplorum
3103 3495 3228 3549 linis
3257 3498 3379 3560 erit,
3416 3497 3462 3551 si

1891 3581 2015 3649 quis
2044 3581 2230 3635 omnia
2262 3583 2513 3652 persequi
2544 3584 2695 3639 velit.
2720 3582 2913 3638 Viden‘
2941 3594 2998 3638 ut
3027 3584 3195 3638 multa
3225 3589 3463 3653 speciem

1886 3686 1996 3740 pne
2036 3686 2095 3726 se
2145 3671 2324 3726 ferunt
2364 3675 2807 3739 contrarietatis,
2858 3691 2981 3746 qua
3027 3691 3152 3731 mox
3197 3692 3463 3748 perpensa

1885 3764 2231 3818 concordiam
2273 3766 2539 3822 tuentur?
2576 3765 2670 3822 llis
2725 3768 2889 3835 igitur
2938 3770 3466 3825 considerationibus

1886 3854 1941 3907 in
1968 3868 2124 3909 sacra
2152 3872 2372 3926 quoque
2410 3857 2689 3929 Scriptura
2720 3870 2907 3915 nostra
2937 3862 3018 3915 uti
3044 3873 3279 3931 Oportet,
3306 3864 3466 3933 cujus

1885 3946 2201 4002 esteﬂ'atum
2224 3948 2354 4004 illud
2379 3952 2522 4020 quod
2560 3961 2617 4005 tu
2646 3951 2779 4005 mihi
2798 3952 3013 4021 olljicis,
3040 3965 3093 4009 et
3113 3956 3273 4025 cujus
3290 3958 3464 4024 gratia

1898 4046 2071 4093 totum
2102 4042 2372 4097 sermonis
2390 4042 2548 4108 hujus
2575 4046 2856 4113 praemium
2886 4046 3208 4101 adornatum
3231 4048 3350 4105 fuit.

1958 4132 2012 4184 3.
2043 4128 2354 4201 Legislator
2374 4132 2551 4189 Moses
2575 4136 2708 4205 (imo
2729 4151 2859 4191 vero
2885 4141 3195 4197 communis
3216 4142 3461 4197 omnium

1886 4230 2103 4273 creator
2132 4230 2187 4274 et
2214 4220 2492 4290 legislator
2522 4235 2619 4277 ore
2661 4222 2780 4293 ejus
2804 4224 3078 4295 .loquens)
3108 4227 3226 4281 ait:
3264 4245 3282 4279 ι
3340 4226 3461 4282 Non

1887 4310 2107 4365 occides
2140 4308 2213 4363 ⁸⁸.
2255 4329 2276 4364 ι
2302 4311 2619 4382 Rursusque
2650 4330 2664 4368 :
2696 4332 2714 4367 ι
2755 4316 3034 4386 Accingite
3081 4318 3458 4388 unusquisque

1889 4401 2033 4456 latus
2070 4417 2230 4469 ense;
2259 4405 2390 4459 itote
2418 4419 2483 4459 ac
2528 4406 2815 4463 circumito
2868 4418 3179 4464 castrorum
3238 4420 3459 4481 portas;

202 4509 341 4576 φατε
369 4508 481 4561 ἀπὸ
508 4506 683 4575 πύλης
713 4506 797 4568 είς
823 4503 1002 4573 πύλην
1029 4502 1119 4556 διὰ
1143 4502 1244 4569 τῆς
1270 4500 1648 4572 παρεμϐολῆς.
1690 4500 1785 4553 καὶ

1887 4494 2138 4548 occidant
2175 4496 2371 4564 singuli
2400 4494 2620 4551 fratrem
2662 4512 2823 4553 suum
2872 4510 2927 4555 et
2973 4506 3344 4557 necessarium
3397 4518 3465 4557 ac

205 4597 565 4652 ἀποκτείνατε
590 4597 819 4659 ῑκαστος
842 4596 932 4649 τὸν
963 4594 1190 4661 ἀδελφὸν
1218 4592 1408 4657 αὐτοῦ,
1438 4592 1529 4645 καὶ
1554 4590 1786 4651 ῑκαστος

1886 4588 2191 4655 proximum
2222 4587 2266 4640 ¹.
2312 4605 2333 4639 a
2388 4586 2587 4654 Quidni
2640 4591 2808 4658 igitur
2863 4592 3006 4646 dicta
3066 4593 3183 4649 haec
3244 4603 3463 4650 mutuas

202 4690 294 4743 τὸν
326 4688 561 4759 πλησίον
580 4687 769 4753 αὐτοῦ,
799 4686 893 4740 καὶ
915 4685 1143 4748 ῑκαστος
1170 4683 1262 4736 τὸν
1292 4684 1519 4751 ἔγγιστα
1543 4679 1733 4771 αὑτοῦι
1754 4698 1774 4731 ι

1886 4678 2059 4732 caedes
2090 4678 2206 4749 iege
2232 4680 2523 4735 sanciunt?
2574 4682 2679 4736 nisi
2728 4683 2858 4752 quia
2921 4684 3276 4755 intelligimus
3337 4702 3462 4756 par-

203 4780 328 4844 Πῶς
356 4775 455 4833 οὖν
480 4773 642 4833 αὗται
670 4781 728 4832 αί
752 4777 927 4846 φωναὶ
962 4778 1063 4847 τὴν
1098 4774 1344 4845 ἀλλήλων
1369 4774 1430 4827 ού
1457 4770 1780 4843 ωμοθετοῦο

206 4890 287 4925 σιν
307 4872 597 4941 ἀναίρεσιν
621 4888 636 4936 ;
669 4871 739 4922 Ἢ
764 4868 1008 4940 δηλονότι
1041 4870 1102 4921 οὐ
1132 4868 1414 4937 φονεύσεις
1441 4865 1539 4935 μὲν
1568 4864 1659 4918 τὸν
1690 4865 1785 4919 άν-

209 4965 380 5018 αίτιον
404 4980 420 4993 ·
442 4963 535 5015 τὸν
563 4962 619 5014 δέ
644 4979 707 5030 γε
739 4961 973 5014 θανάτου
1005 4958 1209 5027 ενοχον,
1243 4957 1336 5009 καὶ
1366 4954 1457 5009 τὸν
1494 4954 1785 5024 πατρῴους

208 5048 419 5127 νόμους
443 5054 822 5124 ένυϐρίσαντα,
843 5051 1081 5114 είδώλοις
1108 5067 1169 5103 τε
1201 5049 1262 5102 τὸ
1289 5047 1383 5100 τοῦ
1408 5047 1653 5101 Πλάστου
1690 5046 1783 5099 σέ-

209 5146 303 5209 ϐας
334 5144 708 5213 ἀναψάμενον,
749 5143 895 5213 φόνῳ
938 5140 1207 5202 κολάσεις.
1262 5138 1475 5191 Ἐάσειν
1522 5153 1612 5205 μοι
1642 5135 1784 5188 δοκῶ

206 5238 280 5289 τό·
314 5256 335 5288 ε
376 5236 453 5289 Οὐ
485 5234 809 5305 μοιχεύσεις,
842 5252 862 5285 a
890 5232 983 5286 καὶ
1004 5232 1087 5284 τό·
1122 5249 1142 5282 ε
1169 5229 1315 5284 Λάϐε
1347 5227 1560 5297 σεαυτῷ
1597 5228 1785 5294 γυναῖ-

210 5342 272 5378 κα
306 5324 571 5393 πορνείας
596 5325 690 5377 καὶ
713 5324 879 5377 τέκνα
915 5321 1187 5392 πορνείας.
1223 5337 1242 5371 ι
1282 5319 1435 5387 Ἔχει
1461 5318 1571 5387 γάρ
1599 5333 1654 5368 τι
1688 5316 1783 5369 καὶ

208 5415 297 5471 τοῦ
326 5416 665 5486 ζητουμένου
704 5414 1001 5484 βαθύτερον
1027 5412 1105 5480 (8)
1131 5428 1145 5443 ⁸
1176 5410 1314 5481 πλὴν
1347 5412 1429 5463 ὅτι
1456 5411 1781 5478 περίστασις

209 5509 487 5564 κάνταῦθα
519 5507 778 5578 ποιεῖτὴν
809 5503 1143 5575 φαινομένην
1176 5504 1355 5573 μάχην
1387 5502 1460 5572 μὴ
1488 5500 1775 5571 μάχεσθαι’

1881 4771 2111 4824 cendum
2143 4786 2265 4826 esse
2297 4772 2561 4840 innoxio;
2595 4776 2790 4831 mortis
2824 4785 3007 4831 autem
3043 4794 3218 4843 reum,
3260 4789 3315 4834 et
3362 4782 3458 4851 qui

1879 4863 2085 4930 patrias
2115 4864 2260 4933 leges
2297 4864 2541 4930 violavit,
2597 4866 2950 4937 debitumque
3005 4868 3251 4925 Creatori
3293 4872 3457 4928 obse-

1878 4951 2067 5020 quium
2108 4954 2175 5006 ad
2205 4953 2349 5007 idola
2384 4957 2682 5023 transtulit,
2710 4958 2878 5019 hunc.
2909 4959 3157 5029 inquam.
3184 4963 3298 5015 neci
3334 4978 3457 5017 esse

1880 5041 2228 5098 tradendum.
2262 5042 2519 5098 Libenter
2548 5048 2745 5101 omitto
2767 5050 2931 5103 verba
2964 5068 2983 5102 ι
3016 5052 3361 5106 Adulterium
3389 5067 3457 5107 ne

1879 5130 2088 5201 facito;
2132 5154 2152 5186 ι
2189 5146 2243 5189 et
2273 5154 2287 5191 :
2332 5157 2351 5189 ε
2378 5136 2523 5208 Cape
2549 5140 2648 5194 tibi
2680 5141 2938 5197 feminam
2984 5147 3347 5209 meretricem,
3392 5162 3455 5202 ac

1879 5225 2079 5281 liberos
2127 5229 2325 5285 nothos
2380 5247 2504 5285 crea
2532 5232 2581 5294 ⁸;
2640 5252 2659 5284 ι
2731 5234 2932 5289 habent
2996 5237 3142 5290 enim
3202 5238 3450 5298 altiorem

1879 5320 2134 5385 praesenti
2165 5323 2466 5389 quastione
2493 5337 2714 5378 sensum
2742 5342 2756 5379 :
2791 5326 2885 5380 sed
2911 5336 3091 5381 tamen
3120 5328 3207 5383 hic
3236 5346 3453 5399 quoque

1876 5406 2286 5463 circumstantia
2318 5410 2467 5471 facit.
2502 5420 2562 5466 ut
2592 5428 2861 5482 apparens
2912 5432 3090 5487 pugna
3119 5433 3311 5485 reapse
3341 5434 3450 5473 non

1878 5510 2102 5569 pugnet.
2138 5498 2291 5556 Haud
2317 5504 2443 5558 licet
2496 5502 2591 5561 Dei
2637 5508 2957 5576 prophetam
3006 5524 3194 5576 manu,
3246 5510 3453 5579 lingua,

274 5643 330 5677 ί*
363 5641 537 5698 Exod.
580 5639 790 5705 “.15.
866 5640 887 5670 ⁸
930 5637 1099 5692 Exod.
1143 5650 1313 5699 sunt,
1360 5633 1453 5686 27.
1526 5634 1547 5665 ³
1580 5633 1719 5686 Osee
1748 5647 1788 5695 ι,
1819 5631 1876 5685 2.

1703 5747 1931 5803 NOTIE.

277 5864 353 5937 (8)
388 5864 598 5924 Yidesis
641 5861 913 5923 Theodori
955 5860 1322 5933 Mopsuestcni
1368 5863 1870 5933 interpretationem
1900 5860 2056 5920 Osca:
2088 5862 2379 5937 prophetat.
