4198 6440
697 387 758 453 5,
1856 361 2122 424 PHOTII
2147 360 2657 425 Immunem
2695 364 2808 428 (τι).
3899 369 3974 435 52

698 483 863 538 modo
888 481 1154 554 quolibet.
1182 479 1400 535 violari.
1452 477 1550 535 Rei
1583 486 1754 537 testes
1805 479 2059 535 illusores
2099 479 2278 550 pueri.
2308 530 2311 537 .

2409 479 2506 532 )6):
2539 478 2752 544 εξεστιν
2789 481 2873 544 είς
2911 477 3050 534 Θεοῦ
3082 482 3375 553 προφήτην
3405 480 3676 554 ὑϐρίζειν,
3707 481 3773 538 οὗ
3799 484 3972 554 χειρὶ,

698 579 794 649 qui
828 593 954 633 cum
980 575 1300 646 prophetam
1333 573 1472 628 risui
1516 573 1861 635 habuissent.
1905 572 2153 627 convicia
2182 586 2282 626 sua

700 683 998 740 corporum
1032 665 1320 737 suppliciis
1357 665 1579 719 luerunt
1605 664 1649 719 δ.
1698 664 2006 733 Cateroqui
2037 671 2093 718 et
2112 663 2283 718 alium

704 761 973 824 invenies,
1006 760 1100 830 qui
1131 759 1260 830 quia
1294 757 1572 826 propheta:
1594 755 1788 811 {aciem
1817 771 1925 811 non
1953 757 2284 820 verberavit,

705 857 762 911 in
813 864 1119 909 extremum
1171 849 1400 904 exitium
1467 847 1654 901 incidit
1686 847 1724 900 ⁸.
1786 846 2057 918 Quodque
2112 849 2286 919 magis

704 947 1077 1002 diiiicultatem
1109 941 1356 1006 roborat,
1385 947 1442 994 et
1499 937 1624 994 illos
1663 937 1760 1007 qui
1813 938 1999 1008 injurii
2067 937 2289 994 fuerant

707 1041 821 1098 fera
851 1037 1102 1100 laniavit,
1130 1044 1187 1090 et
1211 1048 1336 1089 eum
1369 1030 1626 1089 similiter
1649 1032 1742 1101 qui
1776 1031 1846 1086 ab
1873 1045 1940 1086 eo
1970 1029 2118 1087 facto
2158 1032 2289 1086 imi-

708 1133 879 1188 tando
906 1139 1144 1189 caverat.
1176 1128 1280 1180 alia
1320 1123 1436 1180 fera
1479 1125 1700 1179 invasit.
1731 1123 1873 1190 Quid
1905 1124 2071 1194 ergo?
2106 1138 2291 1180 nonne

712 1225 827 1279 haec
882 1221 1154 1278 contraria
1218 1218 1403 1274 sunt?
1461 1216 1685 1272 Minime
1747 1217 2012 1288 gentium.
2072 1216 2289 1272 Etenim

710 1310 959 1380 quaedam
1018 1306 1239 1378 proprio
1289 1305 1497 1374 judicio
1553 1304 1928 1374 instinctuque
1993 1315 2288 1375 suscepta,

711 1411 941 1466 prorsus
971 1411 1078 1449 non
1107 1394 1274 1448 licent
1309 1411 1324 1448 :
1359 1409 1550 1448 verum
1599 1393 1694 1448 ubi
1753 1391 1896 1448 Deus
1938 1394 2191 1464 jusserit.
2235 1405 2292 1450 et

713 1489 982 1544 sententia
1013 1487 1229 1543 ctelitus
1265 1486 1370 1541 lata
1409 1487 1595 1549 fuerit.
1633 1502 1742 1540 non
1774 1487 1952 1542 solum
1979 1487 2144 1542 verbo
2183 1504 2290 1542 non

715 1579 836 1633 licet
879 1579 1034 1633 locus
1059 1579 1203 1632 haud
1236 1585 1343 1640 est.
1388 1591 1577 1630 verum
1618 1576 1784 1630 etiam
1841 1576 2289 1644 inobsequentem

713 1683 879 1740 paena
899 1669 1094 1724 aee-ba
1119 1666 1498 1737 consequitur.
1543 1665 1849 1736 Utrumque
1899 1668 2066 1738 igitur
2108 1681 2293 1722 saera-

719 1776 840 1815 rum
869 1759 1198 1814 Litterarum
1232 1759 1544 1828 exemplum
1589 1767 1944 1829 apparentem
1987 1757 2294 1814 contrarie-

718 1863 883 1906 tatem
913 1851 1185 1922 dispellit;
1219 1849 1454 1906 alternm
1503 1851 1724 1920 quidem
1775 1851 1923 1905 noxii
1971 1861 2028 1906 et
2083 1851 2295 1905 innoxii

721 1943 1168 2010 circumstantia;
1204 1942 1439 1998 alterum
1478 1957 1511 2000 a
1538 1942 1726 2000 divino
1747 1944 1969 2000 decreto
2008 1953 2064 2000 et
2117 1942 2298 2000 homi-

719 2037 808 2092 nis
841 2037 1144 2091 voluntate.

793 2210 848 2265 4.
880 2207 1044 2263 Multa
1081 2223 1302 2280 quoque
1330 2208 1437 2265 alii
1465 2224 1590 2280 qua:
1622 2209 1784 2266 aliter
1827 2226 2077 2282 pugnare
2106 2212 2301 2269 viden-

723 2307 833 2361 tur,
859 2299 1149 2370 perpensis
1181 2308 1330 2356 recte
1350 2301 1806 2366 circumstantiis,
1854 2301 1923 2356 ad
1969 2317 2301 2359 consensum

723 2400 1072 2448 revocantur.
1102 2390 1156 2448 id
1185 2407 1320 2448 vero
1365 2395 1564 2449 accidit
1597 2410 1745 2451 nunc
1787 2395 1929 2461 loco,
1971 2411 2122 2451 nunc
2162 2405 2303 2450 tem-

723 2499 877 2555 pore,
907 2484 1177 2540 interdum
1206 2501 1428 2556 quoque
1480 2501 1736 2557 persona.
1787 2486 1852 2542 Et
1905 2497 2034 2544 sunt
2080 2489 2303 2558 quidem

726 2575 783 2630 in
815 2585 1058 2644 tempore
1084 2573 1404 2630 diﬂ'erentia
1429 2591 1537 2630 non
1566 2592 1771 2646 paucae.
1812 2577 1988 2633 multo
2015 2587 2198 2634 autem
2248 2578 2303 2633 in

727 2681 964 2736 persona
997 2666 1216 2736 plures;
1250 2666 1512 2723 dominus
1536 2677 1588 2722 et
1642 2667 1932 2730 subditus;
1962 2668 2073 2722 dux
2111 2679 2169 2723 et
2202 2668 2308 2723 du-

727 2766 881 2823 ctus;
909 2758 1128 2814 initians
1157 2767 1214 2813 et
1256 2758 1542 2825 initiatus;
1578 2758 1880 2827 discipulus
1928 2770 1983 2814 et
2012 2760 2304 2830 magister;

2382 569 2445 623 οὐ
2477 569 2734 642 γλώσσῃ,
2775 573 2876 644 οὐχ
2917 571 3095 644 ἑτέρῳ
3131 573 3321 643 τρόπῳ
3350 573 3480 626 τινίο
3518 574 3616 629 καὶ
3643 573 3970 646 μαρτύριον,

2386 664 2579 728 παῖδες
2614 664 2914 736 ἀθύροντες
2943 666 3041 720 καὶ
3068 667 3361 738 προφήτην
3391 665 3711 737 ποιούμενοι
3733 665 3970 734 γιλωτα,

2385 755 2510 809 ἀντὶ
2534 757 2889 827 σκωμμάτων
2931 757 3205 828 σωμάτων
3232 757 3678 829 είσεπράχθησαν
3705 755 3932 824 suam
3954 771 3973 788 ο

2386 847 2502 903 ἀλλ’
2542 850 2801 921 εὑρήσεις
2835 848 2978 913 τινά,
3009 850 3135 903 επεὶ
3160 849 3236 920 μὴ
3271 848 3367 902 τοῦ
3399 850 3680 920 προφήτου
3719 848 3821 916 τὴν
3849 847 3974 916 ϐψιν

2387 939 2681 1008 ἀπάταξεν,
2727 942 2814 996 ότι
2859 941 2963 1011 τὴν
2998 941 3235 1012 ἐσχάτην
3271 942 3432 1011 δίκην
3472 941 3731 996 ἀπέτισεο
3778 941 3877 993 καὶ
3910 938 3976 992 τδ

2389 1031 2658 1105 κρατύνον
2693 1033 2899 1105 μᾶλλον
2924 1033 2989 1087 τὸ
3015 1033 3246 1104 άπορον,
3274 1033 3404 1096 τούς
3425 1049 3487 1086 τε
3524 1033 3663 1101 πρὸς
3693 1031 3851 1102 ὓϐριν
3883 1031 3973 1096 ἀει

2389 1122 2711 1194 ενεχθιντας
2755 1123 2945 1194 θηρίον
2991 1125 3290 1195 ἑσπάραξε,
3337 1124 3434 1177 καὶ
3470 1126 3562 1176 τὸν
3603 1120 3978 1189 εὐλαϐηθέντα

2389 1213 2490 1286 τὴν
2525 1215 2782 1285 μίμησιν.
2812 1213 3006 1286 θηρίον
3031 1215 3161 1270 ἀλλο
3190 1213 3476 1268 διέσπασε.
3511 1213 3578 1266 Τί
3609 1211 3706 1266 οὖν
3734 1211 3846 1282 ἀρα
3876 1211 3980 1264 οὐκ

2390 1306 2610 1360 ἀναντία
2639 1305 2816 1360 ταῦτα
2840 1323 2856 1372 ;
2888 1305 2968 1360 υύ
3001 1306 3100 1376 μὲν
3126 1303 3224 1360 οὖν
3249 1307 3371 1360 οὐδὲ
3396 1304 3595 1359 πολλοῦ
3623 1305 3739 1358 δεῖ·
3769 1303 3874 1357 οὐκ
3895 1301 3983 1367 ιε-

2391 1414 2510 1452 εστι
2540 1399 2640 1469 μιν
2663 1399 2774 1470 γάρ
2795 1398 2906 1452 οὐδ’
2922 1399 3061 1461 ὅλως
3090 1397 3268 1467 οἰκεία
3288 1399 3470 1469 κρίσει
3491 1398 3588 1450 καὶ
3615 1399 3758 1466 ὁρμῇ
3785 1398 3980 1463 ἀνερε-

2393 1487 2718 1556 θισόμενον·
2776 1487 3000 1541 ἀπειϐἀν
3053 1487 3114 1540 δὲ
3159 1487 3293 1550 Θεὸς
3339 1486 3541 1557 κελεύῃ
3587 1487 3683 1539 καὶ
3729 1487 3764 1555 η
3796 1485 3984 1554 ψῆφος

2391 1579 2601 1635 ἀνωθεν
2622 1578 2861 1649 φέροιτο.
2893 1577 2957 1632 οὗ
2996 1577 3157 1648 μόνον
3181 1577 3284 1632 οὐκ
3311 1577 3426 1648 εχει
3453 1575 3638 1649 χώραν
3667 1576 3727 1629 τὸ
3753 1576 3872 1630 θῠκ
3899 1572 3987 1639 τε-

2394 1687 2564 1734 εστιν,
2600 1670 2737 1723 ἀλλά
2784 1670 2881 1723 καὶ
2923 1668 3025 1739 τὴν
3051 1667 3487 1739 παρημεληκότα
3516 1665 3732 1738 πικρῶς
3776 1667 3813 1736 η
3855 1664 3983 1732 δίκη

2401 1761 2750 1832 μετέρχεται.
2793 1759 3088 1830 Ἑκάτερον
3132 1753 3226 1811 οὖν
3260 1757 3374 1811 τῶν
3425 1755 3591 1827 ίερῶν
3633 1753 3987 1826 γραμμάτων

2401 1850 2756 1920 παράδειγμα
2797 1848 2896 1920 τὴν
2939 1846 3209 1902 δοκοῦσαν
3241 1846 3561 1902 ἀναντίωσιν
3603 1843 3986 1908 ἀποσκευάζε-

2400 1956 2490 1992 ται
2509 1954 2524 1970 ο
2549 1939 2613 1991 τὸ
2644 1937 2745 2008 μὲν
2774 1939 2840 1991 ὲκ
2861 1936 2963 2007 τῆς
2990 1935 3085 1991 τοῦ
3108 1935 3406 1991 ἀνευθύνου
3436 1937 3532 1990 καὶ
3561 1931 3868 1989 ὑπευθύνου
3895 1932 3989 2004 δη-

2401 2029 2573 2084 λονότι
2600 2029 3001 2101 περιστάσεως.
3027 2027 3090 2082 τδ
3112 2027 3172 2083 δὲ
3203 2026 3356 2098 παρά
3374 2027 3476 2099 τὴν
3502 2026 3657 2094 θείαν
3681 2025 3864 2097 ψῆφον
3892 2024 3991 2080 καὶ

2399 2122 2462 2177 τδ
2491 2121 2834 2191 ἀνθρώπινον
2857 2121 3113 2191 ὅρμημα.

2469 2209 2536 2267 δ’.
2570 2210 2751 2266 Πολλά
2794 2211 2854 2263 δὲ
2890 2211 2986 2264 καὶ
3025 2210 3164 2267 ἄλλα
3195 2209 3297 2281 τὴν
3330 2210 3390 2262 ιν
3415 2207 3600 2273 ἄλλοις
3635 2207 3821 2280 μάχην
3853 2222 3993 2278 προ-

2404 2302 2684 2372 φαίνοντα,
2735 2299 2848 2356 τῶν
2890 2299 3299 2373 περιπατικῶν
3345 2299 3523 2370 ὀρθῶς
3571 2297 3990 2371 διακριθόντων.

2403 2392 2484 2455 είς
2506 2389 2830 2460 συμφωνίαν
2860 2389 3181 2461 μεθίσταται
3201 2404 3217 2420 ’
3245 2388 3377 2443 ἀλλο
3400 2388 3459 2442 δὲ
3484 2388 3697 2456 γίνεται
3726 2386 3861 2441 ποτὶ
3889 2387 3995 2458 μιν

2405 2481 2558 2553 παρά
2596 2480 2691 2536 τδν
2729 2481 2918 2545 τόπον,
2947 2480 3077 2534 ἀλλο
3107 2496 3168 2534 τε
3195 2477 3347 2550 παρά
3374 2478 3466 2531 τὸν
3496 2478 3707 2548 χρόνον,
3737 2477 3910 2532 ινίοτε
3932 2476 3996 2531 ϐἀ

2405 2573 2501 2627 καὶ
2542 2573 2696 2641 παρά
2728 2570 2791 2626 τὺ
2825 2572 3146 2643 πρόσωπον.
3174 2571 3329 2640 Ἔχει
3359 2570 3460 2640 μιν
3487 2565 3583 2624 οὖν
3627 2570 3721 2624 καὶ
3741 2570 3774 2624 ό
3801 2569 3995 2640 χρόνος

2405 2663 2670 2734 διαφορὰς
2702 2665 2805 2718 οὐκ
2834 2663 3046 2732 ὀλίγας,
3077 2663 3210 2718 πολὺ
3241 2663 3299 2716 δὲ
3321 2663 3385 2716 τὸ
3409 2661 3704 2734 πρόσωπον
3728 2661 3952 2726 πλείους
3975 2677 3994 2696 ο

2407 2755 2648 2829 ἄρχοντα
2669 2758 2762 2811 καὶ
2780 2756 3087 2827 ἀρχόμενον
3103 2771 3119 2787 ο
3146 2755 3459 2824 εἰσάγοντα,
3486 2755 3877 2825 είσαγόμενονο
3903 2770 3997 2808 τε-

729 2848 931 2902 noxius
959 2856 1013 2901 et
1045 2846 1322 2902 innoxius.
1357 2845 1572 2903 Rursus
1600 2847 1916 2904 communis
1944 2857 2030 2904 est
2060 2864 2309 2918 persona:

2409 2850 2679 2916 htoﬁwa,
2723 2850 3129 2918 τελειούμενον·
3175 2848 3446 2920 μαθητὴν,
3493 2846 3859 2902 διδάσκαλον·
3899 2846 3999 2901 καὶ

728 2938 951 3000 divisio.
976 2939 1288 2993 immutatio
1308 2939 1556 3008 ejusdem
1587 2940 1670 2995 vel
1698 2939 2028 3010 suppositio.
2058 2937 2311 3011 Namque

2409 2944 2472 2997 τὸ
2497 2943 2671 2998 αἴτιον
2702 2942 2880 2996 καὶτὸ
2897 2943 3138 2996 ἀναίτιον
3156 2958 3171 2973 ·
3203 2940 3299 2994 καὶ
3329 2939 3485 3010 κοινὴ
3513 2939 3676 2994 πάλιν
3697 2936 3794 2992 τοῦ
3828 2952 4000 3007 προα-

731 3031 836 3085 alia
865 3032 1072 3100 species
1103 3031 1381 3098 consurgit
1414 3038 1625 3086 mutato
1656 3045 1830 3091 more.
1874 3041 2133 3086 manente
2190 3047 2311 3102 per-

2411 3032 2562 3087 ώπου
2616 3035 2782 3105 τομὴ,
2831 3033 3109 3104 μεταϐολὴ
3151 3032 3346 3086 τούτου
3381 3033 3476 3085 καὶ
3506 3030 3797 3099 ὑπαλλαγή
3818 3043 3833 3058 ·
3869 3029 4002 3084 ἀλλο

733 3137 903 3186 anna;
939 3122 1044 3176 alia
1100 3137 1293 3176 rursus
1353 3137 1481 3174 cum
1531 3123 1624 3176 uni
1677 3123 1756 3177 rei
1797 3122 1903 3175 alia
1959 3124 2310 3193 supponitur.

2413 3125 2523 3193 γάρ
2553 3119 2691 3187 εἶδος
2715 3123 3082 3188 ἀποτελεῖται,
3107 3123 3200 3177 τοῦ
3223 3124 3388 3193 ἧθους
3412 3123 3515 3193 μιν
3542 3122 4004 3192 μεταπίπτοντος,

734 3209 939 3273 Veluti.
967 3227 1171 3280 regem,
1191 3210 1322 3265 iecit
1343 3210 1486 3266 Deus
1515 3211 1757 3274 Sauleln.
1789 3220 1846 3266 et
1866 3213 2106 3267 vicissim
2133 3212 2309 3268 eidem

2414 3214 2508 3268 τοῦ
2533 3215 2828 3284 προσώπου
2853 3215 2911 3268 δὲ
2933 3215 3281 3284 διαμένοντος
3298 3229 3314 3244 ο
3341 3213 3440 3268 καί
3467 3214 3554 3267 ῑτε
3564 3230 3655 3284 ρον
3677 3212 3842 3266 πάλιν
3870 3212 4004 3266 ὅταν

735 3318 962 3374 regnum
1007 3303 1229 3357 ademit.
1265 3321 1283 3354 ι
1325 3301 1516 3357 Adhuc
1542 3313 1651 3357 tres
1687 3303 1804 3357 dies
1850 3311 1904 3357 et
1944 3302 2137 3357 Ninive
2180 3304 2313 3359 sub-

736 3391 1048 3456 vertetur‘;
1108 3409 1126 3442 ι
1188 3398 1469 3458 exspectat
1521 3398 1702 3444 autem
1751 3391 1882 3444 urbs
1947 3390 2311 3458 praestitutum

737 3489 954 3548 tempus
988 3479 1154 3534 libera
1182 3480 1326 3533 malo
1348 3489 1404 3533 et
1444 3479 1669 3534 illibata.
1714 3480 1980 3534 Sescenta
2022 3483 2131 3535 alia
2163 3491 2311 3545 sunt,

738 3587 863 3640 qua:
899 3587 994 3640 per
1031 3586 1243 3625 morum
1311 3571 1669 3626 mutationem
1726 3587 2016 3640 personam
2071 3572 2317 3627 subdivi-

741 3663 947 3728 dentia,
985 3663 1182 3716 mentis
1213 3663 1506 3716 tumultum
1554 3663 1621 3717 ad
1663 3663 1899 3732 quietem
1950 3672 2169 3718 vocant.
2196 3662 2316 3718 Jam

742 3754 889 3824 quod
920 3752 1098 3806 Aaron
1137 3768 1324 3821 pinnas
1354 3767 1460 3806 non
1493 3754 1703 3807 dederit
1730 3753 1945 3808 conﬂati
1987 3754 2164 3819 vituli,
2210 3770 2320 3824 quo

745 3854 986 3913 tempore
1013 3843 1198 3898 aiiines
1232 3844 1408 3898 eidem
1437 3843 1653 3899 crimini
1687 3843 1902 3914 gladius
1927 3844 2317 3907 ulciscebatur,

746 3937 798 3990 id
829 3938 1028 4005 ipsum,
1049 3937 1292 4007 inquam,
1327 3936 1451 3992 aliis
1480 3937 1955 4006 causisimputare
1985 3938 2130 4002 licet,
2156 3945 2322 4006 atque

745 4028 866 4096 ejus
920 4029 996 4082 rei
1039 4029 1452 4097 repugnantiam
1498 4031 1564 4083 ad
1618 4029 1926 4099 aequitatem
1988 4029 2319 4097 pertrahere.

749 4118 934 4188 itaque
963 4135 1319 4186 personarum
1366 4121 1655 4175 diversitas
1703 4136 1809 4174 non
1868 4120 2216 4174 mediocriter
2258 4121 2324 4174 ad

750 4209 1124 4264 conciliandas
1153 4211 1524 4265 dissonantias
1577 4211 1752 4273 valet;
1791 4208 2238 4279 quandoquidem
2274 4217 2327 4264 et

750 4303 874 4354 alia:
904 4316 992 4355 res
1014 4301 1156 4354 circa
1191 4316 1480 4368 personam
1512 4302 1783 4369 praecipue
1809 4309 1973 4371 atque
2013 4301 2083 4354 ab
2121 4316 2183 4355 ea
2208 4316 2326 4354 nio-

754 4402 997 4446 meutunt
1045 4394 1345 4462 accipiunt.
1400 4393 1464 4446 Et
1515 4393 1733 4461 quidem
1791 4395 1843 4446 in
1900 4395 2072 4448 sacris
2133 4393 2325 4446 litteris

2414 3303 2533 3356 ἀνθ’
2564 3304 2752 3373 ἑτέρου
2779 3305 2968 3376 ἓτερον
3001 3303 3374 3376 ὑποϐάλληταί
3393 3319 3409 3336 ο
3439 3297 3557 3357 οἷον
3584 3302 3940 3356 ἐϐασίλευσεν
3975 3304 4006 3355 ὁ

2416 3393 2550 3456 Θεὸς
2589 3393 2680 3445 τὸν
2718 3393 2917 3458 Σαοὺλ,
2949 3395 3046 3447 καὶ
3078 3395 3244 3448 πάλιν
3273 3393 3494 3462 ἀφεῖλεν
3521 3393 3684 3448 αὑτὸν
3711 3393 3813 3463 τῆς
3843 3392 4007 3463 βασι-

2417 3484 2565 3547 λείας
2591 3501 2606 3516 ο
2645 3503 2665 3534 ι
2692 3487 2815 3537 Ἐτι
2855 3487 3008 3556 τρεῖς
3047 3487 3124 3556 (9)
3166 3487 3395 3556 ἡμέραι,
3440 3487 3538 3540 καὶ
3587 3485 3792 3555 Νινευὴ
3837 3501 4010 3538 κατα-

2420 3575 2816 3643 στραφήσεται,
2839 3594 2857 3627 ι
2895 3576 2992 3628 καὶ
3022 3577 3172 3646 μένει
3205 3577 3394 3646 χρόνον
3422 3578 3456 3645 ὴ
3483 3576 3638 3639 πόλις
3667 3575 3766 3646 τῆς
3799 3576 4009 3646 προθε-

2421 3665 2587 3732 σμίας
2613 3665 2898 3736 ἐλεύθερος
2927 3666 3023 3719 τοῦ
3059 3666 3267 3730 πάθους
3293 3667 3588 3739 ἀπείρατος
3610 3684 3624 3698 ·
3661 3667 3755 3720 καὶ
3789 3666 3930 3721 ἄλλα
3951 3665 4009 3719 δὲ

2424 3756 2594 3827 μυρία
2628 3759 2695 3828 τῇ
2727 3757 3000 3828 μεταϐολῇ
3034 3758 3142 3811 τῶν
3181 3759 3330 3828 ἠθῶν
3357 3760 3421 3812 τὸ
3453 3760 3745 3832 πρόσωπον
3779 3759 4010 3829 μεριζό-

2424 3860 2583 3915 μενα,
2607 3848 2716 3901 τῶν
2747 3849 3025 3915 λογισμῶν
3048 3849 3148 3920 τὴν
3175 3851 3365 3904 στάσιν
3390 3849 3548 3904 καλεῖ
3572 3850 3706 3921 πρὸς
3737 3848 4010 3903 διάλυσιν.

2424 3936 2498 3990 Τὸ
2522 3938 2578 3990 δὲ
2605 3939 2698 3990 τὸν
2737 3939 2952 4009 ’Δαρὼν
2987 3941 3061 4010 μη
3090 3939 3274 3992 δοῦναι
3306 3939 3466 4007 δίκην
3498 3939 3600 4008 τῆς
3630 3940 4011 4009 μοσχοποιίας,

2422 4033 2510 4084 ὅτε
2555 4029 2615 4082 τὸ
2662 4029 2812 4099 ξίφος
2856 4030 2982 4093 τοὺς
3033 4029 3438 4099 μετεσχηκότας
3470 4030 3570 4099 τῆς
3613 4029 3786 4098 αὐτῆς
3827 4031 4014 4092 αἰτίας

2425 4120 2661 4185 ἐδίκαζε,
2711 4122 2807 4173 καὶ
2849 4122 2930 4181 είς
2959 4119 3127 4183 άλλας
3157 4120 3258 4190 μὲν
3290 4119 3440 4173 ἐστιν
3475 4119 3772 4188 ἀναφέρειν
3801 4119 4012 4183 αίτίας,

2425 4210 2521 4263 καὶ
2542 4210 2600 4260 τὸ
2623 4208 2947 4262 ἁντιπίπτον
2972 4208 3181 4262 ἐκεῖθεν
3212 4209 3467 4275 συνάγειν
3499 4209 3575 4270 είς
3605 4207 3667 4261 τὸ
3692 4207 4011 4270 ἀκόλουθον,

2424 4300 2542 4353 ἀλλ’
2567 4296 2660 4353 οὖν
2685 4316 2749 4368 γε
2781 4300 2877 4352 καὶ
2905 4301 2938 4368 ἡ
2960 4299 3068 4352 τῶν
3098 4297 3407 4368 προσώπων
3435 4298 3686 4369 ἑτερότης
3717 4298 3780 4352 οὐ
3813 4298 4012 4371 μικρὸν

2426 4391 2785 4446 διαλύσασθαι
2844 4391 2944 4460 τὴν
2977 4391 3318 4454 ἐναντίωσιν,
3351 4391 3404 4442 εί
3426 4406 3490 4457 γε
3522 4389 3757 4457 μάλιστα
3802 4388 3901 4442 καὶ
3945 4391 4012 4442 τὰ

754 4484 921 4538 multa
959 4494 1014 4538 et
1044 4483 1301 4554 frequens
1327 4495 1406 4538 est
1448 4485 1520 4539 ob
1566 4499 1812 4553 personae
1859 4487 2311 4539 circumstantiam

2433 4481 2568 4537 ἀλλα
2606 4483 2734 4553 περὶ
2773 4482 2907 4536 αὐτό
2952 4498 3011 4534 τε
3043 4481 3138 4534 καὶ
3167 4481 3228 4545 ἐξ
3255 4481 3418 4533 αὑτοῦ
3445 4478 3709 4550 λαμϐάνει
3741 4477 3840 4548 τὴν
3878 4477 4012 4547 πρό-

753 4578 1008 4632 varietas.
1045 4577 1337 4647 Complura
1369 4579 1659 4646 itcm,qu:u
1699 4576 1916 4644 dempta
1960 4577 2176 4630 inscitia
2217 4591 2330 4630 ma-

755 4668 938 4723 litiave
991 4669 1241 4739 legentis,
1274 4669 1405 4722 nihil
1456 4669 1742 4724 dissonum
1783 4668 2004 4734 habent,
2047 4668 2329 4723 nihilomi-

755 4775 861 4815 nus
937 4775 1036 4813 ceu
1119 4755 1266 4813 nullo
1322 4758 1523 4830 eliugio
1600 4759 2020 4814 consonantiam
2089 4759 2332 4815 nancisci

756 4862 980 4922 queant,
1013 4852 1369 4922 objiciuntur.

829 5031 883 5086 ιι.
919 5029 994 5084 Bx
1032 5029 1345 5099 hujusmodi
1379 5043 1512 5098 ergo
1541 5028 1757 5083 inscitia
1785 5027 1868 5080 vel
1904 5027 2112 5080 malitia
2151 5037 2337 5080 manat

763 5125 888 5180 item
920 5124 1153 5194 qiunstio
1187 5125 1297 5187 illa,
1336 5142 1353 5175 ι
1391 5121 1469 5176 Nc
1501 5121 1746 5174 habeatis
1792 5133 1983 5172 zonam
2018 5134 2194 5188 neque
2223 5121 2335 5173 cal-

761 5226 1042 5273 ceamenta
1060 5231 1232 5286 neque
1248 5231 1464 5287 peram:
1492 5234 1510 5266 ι
1532 5224 1643 5268 tum
1662 5213 1849 5275 etiam,
1874 5229 1892 5262 ι
1916 5210 2068 5265 Nunc
2089 5226 2217 5264 vero
2239 5209 2332 5279 qui

764 5307 927 5363 habet
952 5323 1287 5370 crumenam,
1333 5315 1514 5361 sumat
1564 5303 1764 5374 pariter
1813 5311 1866 5356 et
1926 5317 2110 5369 peram
2149 5319 2161 5355 ε
2198 5316 2334 5371 quas

2430 4576 2548 4630 οδον
2572 4592 2585 4606 ·
2620 4575 2759 4629 ἀλλά
2792 4574 2928 4627 πολὺ
2971 4573 3072 4645 μὲν
3101 4573 3198 4626 καὶ
3232 4569 3500 4640 πολλαχοῦ
3547 4569 3646 4638 τῆς
3677 4568 3829 4631 θείας
3878 4568 4017 4639 Γρα-

2433 4670 2540 4738 φῆς
2573 4668 2634 4721 τὸ
2668 4665 2913 4719 ποικίλον
2953 4664 3054 4734 τῆς
3095 4665 3153 4718 ἐν
3182 4662 3261 4731 τῷ
3298 4660 3576 4732 προσώπῳ
3604 4659 4014 4730 περιστάσεως.

2434 4757 2528 4811 καὶ
2553 4757 2724 4811 πολλὰ
2749 4755 2898 4826 παρά
2919 4753 3016 4826 τὴν
3041 4753 3265 4823 ἄγνοιαν
3308 4752 3342 4821 ἢ
3388 4749 3723 4819 κακουργίαν
3751 4746 3848 4802 τοῦ
3884 4748 4019 4801 θεω-

2437 4851 2682 4922 ρήματος
2714 4849 2815 4902 οὐκ
2843 4848 3034 4918 ἔχοντα
3070 4845 3272 4915 μάχην,
3303 4844 3378 4906 ὡς
3409 4841 3533 4912 μηδ’
3555 4839 3908 4911 ἀποστροφὴν
3931 4839 4017 4894 εὐ·

2439 4945 2551 5013 ρεῖν
2579 4939 2915 5012 δεδυνημένα
2945 4936 3286 5007 συμφωνίας,
3321 4936 3685 5004 προτείνεται.

2509 5039 2570 5086 ε’.
2631 5033 2727 5085 Ἐκ
2771 5031 2880 5083 τῶν
2928 5028 3187 5082 τοιούτων
3237 5022 3527 5096 τοιγαροῦν
3574 5022 3944 5094 ἀγνοημάτων
3984 5017 4015 5089 ἢ

2439 5123 2916 5193 κακουργημάτων
2937 5120 3106 5173 καὶτὸ
3128 5138 3146 5170 ι
3169 5118 3261 5188 Μὴ
3287 5117 3438 5188 ἔχετε
3463 5115 3638 5186 ζώνην
3655 5115 3793 5184 μήτε
3821 5112 4018 5182 ὑποδή-

2441 5232 2587 5285 ματα
2603 5216 2739 5285 μὴτε
2756 5214 2960 5284 πήραν,
2984 5230 3001 5262 ι
3027 5210 3196 5264 καὶτὸ
3213 5228 3231 5261 ι
3251 5207 3410 5261 Ἀ).λά
3420 5206 3516 5260 νῦν
3528 5207 3556 5259 ὸ
3581 5207 3718 5276 ιχων
3735 5204 4018 5275 βαλάντιον

2437 5307 2622 5377 ἀράτω
2637 5304 2836 5375 ὁμοίως
2860 5305 2952 5356 καὶ
2977 5304 3159 5371 πήραν
3179 5317 3192 5332 ο
3219 5317 3242 5354 ι
3262 5300 3356 5353 καὶ
3379 5316 3398 5351 ι
3422 5299 3479 5354 '0
3509 5296 3586 5370 μὴ
3610 5296 3749 5367 ἔχων
3776 5296 4017 5367 πωλήσει

831 5422 854 5454 ⁸
884 5420 952 5478 ιν
988 5421 1120 5492 Reg.
1158 5438 1219 5486 ιι,
1249 5420 1340 5474 ει.
1418 5421 1438 5451 ⁸
1471 5417 1533 5473 Ill
1593 5417 1723 5488 lleg.
1773 5433 1861 5479 ax.
1904 5417 1995 5472 33.
2073 5419 2093 5449 ⁶
2132 5414 2286 5470 10ml!
2329 5434 2408 5478 III.
2445 5419 2499 5473 4.

2266 5531 2496 5586 NOTAE.

834 5631 910 5701 (9)
954 5631 1112 5701 Τρεῖς
1151 5646 1248 5754 p'ro
1276 5629 1685 5699 τεσσαράκοντα
1744 5626 1918 5708 habes
1965 5628 2128 5679 etiam
2193 5627 2335 5695 apud

834 5701 1109 5754 modorum
1211 5713 1596 5754 unsuestenum
1649 5713 1851 5753 comm.
1908 5713 1959 5751 ιιι
2008 5695 2226 5754 Jonam.
2282 5705 2335 5750 et

766 5695 1109 5756 Theodorum
1154 5695 1596 5769 Mopsuestettnm
1649 5713 1851 5753 comm.
1908 5698 1959 5751 itt
1999 5695 2226 5769 donum.
2282 5705 2338 5750 et

771 5773 912 5843 apud
973 5764 1470 5841 paeudovﬂyrillum
1515 5785 1726 5824 COtlltll.
1787 5783 1939 5838 aeque
1996 5768 2048 5822 in
2088 5764 2280 5822 Ionam
2315 5783 2375 5842 ς.

2445 5626 2880 5679 conciliationem
2909 5621 3200 5691 quamdam
3228 5617 3424 5689 legesis
3444 5615 3586 5686 apud
3628 5612 4012 5683 Augustinum,

2448 5697 2520 5750 De
2546 5697 2643 5750 civ.
2674 5694 2737 5747 D.
2779 5709 2932 5758 mn,
2955 5691 3046 5745 ιι.
