4198 6440
205 458 275 524 53
1249 450 1348 509 AD
1384 440 1972 510 AMPHILOCHIUM
2009 436 2351 512 QUESTIO
2380 437 2431 499 Ι.
3359 425 3429 490 54

202 576 273 626 τά
291 569 478 639 ἱμάτια
496 564 659 621 αὑτοῦ
687 564 780 618 καὶ
794 561 1053 632 ἀγοράσει
1076 559 1409 630 μάχαιραν.»
1439 559 1514 620 ὡς
1544 558 1762 611 εναντία
1794 558 1836 613 Α

1794 558 1836 613 Δ
1864 554 1910 609 si
1933 568 2059 621 quis
2080 566 2189 607 non
2223 550 2406 613 habet.
2441 547 2760 605 vestimenta
2784 562 2883 604 sua
2923 543 3120 601 vendet
3161 543 3425 639 gladium:

202 657 599 728 προϐάλλονται
623 654 717 707 καὶ
747 652 1047 722 μαχόμενα.
1084 647 1468 717 Ἐγὼδλοῦπω
1496 648 1593 716 μεν
1622 645 1763 710 λέγω

204 751 276 803 τά
306 746 465 812 ἀλλα,
498 745 611 797 ἀλλ’
636 746 830 803 ἐκεῖνο.
862 743 981 805 πῶς
1009 744 1044 811 η
1082 740 1192 794 τῶν
1227 737 1405 809 ῥητῶν
1440 735 1639 805 ἐφεξῆς
1671 735 1767 787 καὶ

206 835 350 887 κατά
393 832 671 900 συνέχειαν
708 828 955 890 σύνθεσις
1000 828 1101 880 ούκ
1145 824 1411 879 ἐδυσώπει
1442 825 1631 893 φυγεῖν
1666 821 1766 889 τὴν

205 922 307 989 τῆς
346 920 521 987 μάχης
552 915 838 984 ὑπόληψιν,
874 913 1235 983 παραπέμπει
1269 910 1327 964 δι
1362 910 1561 979 μᾶλλον
1593 906 1766 959 ιλθεῖν

208 1009 300 1060 ἐπὶ
324 1007 552 1075 ζήτησιν
587 1003 757 1057 καὶτὸ
781 1001 941 1070 βάθος
966 998 1265 1069 ἀνιχνεύειν
1289 996 1384 1050 τοῦ
1415 994 1767 1065 προστάγμα-

203 1113 297 1159 τος
322 1113 338 1159 ;
376 1096 527 1164 ’Δμα
560 1094 670 1163 γὰρ
708 1094 800 1145 καὶ
828 1095 885 1145 ἐν
912 1090 988 1160 τῷ
1017 1088 1214 1156 ἀκαρεῖ
1238 1087 1375 1157 μήτε
1398 1085 1567 1155 λήθης
1599 1085 1767 1153 ἐμπι-

206 1187 473 1254 πτούσης,
528 1186 660 1252 μήτε
712 1180 934 1250 γνώμης
985 1178 1346 1247 ἀστατούσης,
1395 1177 1456 1229 οὐ
1499 1174 1608 1245 μὴν
1645 1172 1768 1226 οὐδὲ

210 1276 332 1343 βίας
370 1274 676 1344 ἰσχυούσης,
711 1272 824 1325 ἀλλ’
843 1271 949 1323 οὐδ’
976 1272 1144 1338 ἀκοῆς
1170 1268 1232 1320 τὸ
1259 1266 1511 1335 διάφορον
1534 1262 1771 1317 ὑποϐαλ-

208 1368 463 1438 λομένης,
502 1364 615 1427 πῶς
660 1362 783 1429 ὲνῆν
812 1361 904 1413 τὸν
931 1359 1092 1413 αὐτὸν
1116 1356 1376 1410 τάναντία
1416 1350 1774 1423 ἐπισημαινό-

212 1477 376 1530 μενον
405 1456 713 1525 νομοθετεῖν
746 1451 1016 1522 αἱρεῖσθαι
1037 1449 1074 1503 ἀ
1100 1449 1193 1501 καὶ
1222 1446 1443 1516 φεύγειν
1468 1444 1769 1510 προσέτατ-

208 1568 336 1612 τενς
392 1546 533 1601 Ἀλλ’
562 1543 898 1611 εὐγνώμονος
946 1541 1046 1607 μὲν
1080 1538 1207 1598 ῖσως
1247 1536 1312 1589 ἀν
1340 1536 1424 1603 εῖη
1468 1532 1652 1586 λαϐεῖν
1683 1533 1773 1585 ὲν-

206 1637 401 1690 τεῦθεν
444 1635 541 1703 τῆς
579 1631 808 1703 Θεωρίας
847 1628 1102 1682 ὑπόθεσιν
1123 1641 1138 1656 ⁸
1163 1625 1223 1677 τὸ
1256 1623 1313 1678 δὲ
1344 1624 1440 1675 καὶ
1477 1621 1657 1692 ῥητῶς
1682 1622 1773 1674 τὸν

207 1727 402 1796 χρόνον
423 1724 665 1793 ἀμείϐειν
691 1721 785 1787 καὶ
804 1721 914 1780 τοῖς
942 1712 1348 1789 ῥᾳδιουργοῦσιν
1370 1713 1770 1780 ἀντιστήσεταιο

207 1820 291 1870 δτι
322 1814 434 1885 γάρ
466 1830 650 1882 φησιν,
691 1831 709 1862 ι
732 1807 1053 1863 ’Δπέστειλα
1094 1806 1238 1874 ὑμᾶς
1262 1818 1278 1833 ⁸
1316 1830 1389 1844 -
1414 1803 1526 1855 Νῦν
1551 1802 1606 1854 δὲ
1630 1800 1773 1869 λέγω

1864 658 1968 711 qtte
1996 654 2159 698 emet.
2209 661 2228 694 ι
2261 640 2372 711 Ego
2398 656 2546 706 vero,
2582 641 2706 697 aliis
2733 640 2947 695 interim
3012 636 3257 699 omissis,
3301 632 3434 687 illud

1864 747 2020 802 rogo,
2055 747 2153 786 cur
2180 747 2285 785 non
2315 746 2379 785 ca
2413 746 2535 800 qua
2584 729 2658 784 ibi
2710 734 3110 797 consequenter
3155 723 3433 782 dicuntur.

1866 830 2264 889 contextusque
2304 828 2597 882 structura,
2644 817 2954 874 sull'ecerint
3020 815 3087 869 ad
3142 811 3437 867 evcluden-

1864 910 1989 965 dam
2017 925 2237 964 omnem
2260 910 2625 980 repugnantia
2653 910 2997 977 opinionem;
3029 908 3142 960 imo
3172 918 3301 957 vero
3322 917 3431 955 non

1869 1000 2187 1071 impulerim
2209 998 2277 1053 ad
2310 1000 2698 1069 exquirendum
2733 999 3008 1067 altiusque
3058 993 3434 1063 vestigandum

1866 1096 2120 1167 praecepti
2149 1109 2372 1151 sensum
2402 1094 2701 1148 arcanum?
2751 1092 2909 1147 Nullo
2948 1091 3095 1145 enim
3147 1087 3430 1156 interiecto

1867 1184 2129 1254 temporis
2158 1184 2352 1252 spatio,
2381 1198 2554 1251 neque
2585 1184 2912 1251 subrepente
2938 1180 3233 1240 oblivione,
3261 1190 3434 1244 neque

1871 1276 2066 1330 mentis
2095 1273 2480 1336 inconstantia,
2514 1287 2686 1339 neque
2718 1272 2767 1325 vi
2796 1272 2974 1341 aliqua
3003 1271 3313 1338 ingruente,
3342 1282 3437 1319 ne-

1869 1380 1977 1434 que
2001 1377 2222 1419 rumore
2240 1362 2485 1431 quolibet
2506 1375 2621 1415 rem
2658 1360 2928 1416 diversam
2961 1357 3309 1427 subjicieute,
3340 1355 3433 1424 qui

1872 1453 1986 1507 ﬁeri
2017 1461 2225 1521 poterat
2272 1461 2332 1506 ut
2372 1452 2510 1506 idem
2550 1452 2823 1505 contraria
2874 1449 3203 1519 approbans,
3246 1447 3433 1500 eadem

1872 1540 2048 1596 facere
2068 1542 2301 1609 juberet.
2335 1556 2455 1611 qua:
2510 1555 2698 1595 cavere
2747 1540 3135 1608 imperaverat?
3177 1538 3291 1592 bno
3333 1536 3435 1589 ho-

1873 1631 2039 1685 minis
2067 1630 2349 1699 prudentis
2382 1630 2487 1683 erit
2537 1630 2667 1684 hinc
2708 1644 2924 1684 sumere
2964 1628 3299 1695 explicanda:
3360 1626 3434 1680 rei

1872 1729 2275 1789 argumentum.
2321 1717 2455 1774 Illud
2488 1720 2652 1775 etiam
2696 1718 3182 1774 contradicentium
3229 1716 3433 1769 levitati

1874 1812 2210 1875 adversatur,
2240 1812 2383 1881 quod
2416 1811 2629 1865 diversa
2665 1820 2903 1877 tempora
2935 1810 3139 1865 diserte
3180 1806 3438 1863 Servator

209 1907 377 1975 ὐμίνο
412 1924 433 1957 ι
462 1904 603 1971 άλλῳ
630 1903 687 1955 δὲ
722 1902 814 1956 καὶ
840 1899 984 1969 ἄλλῳ
1022 1896 1196 1966 καιρῴ
1226 1894 1415 1965 ἑτέραν
1458 1893 1553 1946 καὶ
1582 1892 1774 1961 ἑτέραν
1800 1895 1847 1955 Β

1800 1895 1847 1955 Β
1875 1902 2089 1967 innuit;
2140 1916 2263 1956 cum
2318 1902 2484 1966 enim,
2543 1901 2753 1971 inquit,
2786 1918 2808 1952 ι
2844 1900 2964 1956 Misi
3012 1915 3145 1964 vos;
3177 1928 3249 1949 -ν-
3279 1895 3438 1953 Nunc

207 1995 535 2066 ιναρμόζειν
556 1992 796 2060 ἐντολὴν,
826 1992 885 2043 οὐ
922 1988 1079 2059 μόνον
1111 1985 1263 2039 οὐδὲν
1284 1983 1502 2047 ἄτοπον,
1525 1983 1642 2036 ἀλλ’
1660 1983 1773 2035 ἐσθ’

206 2089 296 2142 ὅτε
326 2086 525 2155 μᾶλλον
552 2084 891 2151 οἰκειότερον,
928 2079 961 2150 ἢ
987 2078 1040 2131 εῖ
1064 2094 1147 2139 τις
1174 2077 1246 2129 τά
1270 2074 1407 2127 αύτά
1429 2074 1773 2143 προστάττει,

205 2178 305 2231 τοῦ
332 2177 472 2231 κατὰ
498 2175 588 2229 τὸν
616 2173 806 2245 καιρὸν
833 2170 1086 2240 διαφόρου
1113 2166 1172 2233 ιε
1209 2166 1452 2236 άνάγχης
1486 2163 1776 2236 ζητοῦντος

204 2268 463 2337 διάφορα.

281 2440 358 2506 ς’.
403 2440 564 2493 Ἀλλά
594 2439 704 2509 γάρ
736 2437 879 2491 οὕτω
907 2437 1019 2491 τῶν
1049 2436 1354 2507 είρημίνων
1380 2434 1775 2505 διεσκευασμιο

206 2551 340 2596 νων,
377 2531 520 2593 τινὶς
550 2530 909 2601 προκείμενον
931 2527 1277 2597 ἐπιλυόμενοί
1314 2544 1446 2596 φασι
1480 2526 1572 2580 τὸν
1595 2526 1773 2580 κοινὸν

206 2624 488 2692 Aac-mimi:
520 2622 645 2683 τοὺς
680 2620 920 2690 μαθητάς
960 2619 1127 2673 πάλαι
1174 2618 1272 2687 μὶν
1309 2615 1771 2686 παιδοτρισοῦντα,

208 2715 309 2765 καὶ
358 2712 493 2781 πρὸς
545 2714 605 2764 τὸ
645 2710 746 2779 τῆς
785 2709 1170 2778 άκτημοσύνης
1219 2708 1505 2775 εἰσάγοντα
1540 2709 1772 2770 στάδιον,

211 2803 382 2873 μηδὲν
411 2803 590 2864 αὐτοῖς
618 2802 725 2854 τῶν
755 2801 1034 2871 προσύλων
1056 2802 1149 2852 καὶ
1174 2801 1350 2868 χαμαὶ
1373 2798 1655 2853 καθέλκειν
1682 2798 1774 2851 δυ-

208 2894 461 2961 ναμένων
492 2892 777 2961 ἐπιτρέψαι
806 2890 1249 2959 συνεφέλκεσθαι,
1279 2889 1401 2958 μηδ’
1431 2890 1496 2942 ἀν
1521 2889 1607 2958 εῖη
1635 2884 1715 2952 οἷς
1744 2890 1773 2941 ό

212 2984 355 3051 ῥέων
382 2982 495 3052 βίος
529 2976 681 3036 οὗτος
721 2983 814 3034 καὶ
852 2980 982 3049 πρὸς
1010 2979 1107 3050 τὴν
1137 2979 1339 3049 φθοράν
1369 2978 1607 3033 ιλαύνων
1645 2994 1771 3030 συν-

210 3074 396 3142 έχεται
420 3089 436 3105 ’
471 3072 629 3125 εἴωθε
658 3072 766 3141 γάρ
788 3071 1043 3134 πολλάκις
1072 3072 1167 3123 καὶ
1193 3071 1425 3139 μάλιστα
1450 3071 1562 3132 τοῖς
1590 3068 1774 3122 ἀτελε-

210 3162 429 3231 στὲροις
453 3161 487 3231 ἢ
510 3161 617 3213 τῶν
645 3162 955 3228 ἀναγκαίων
977 3162 1236 3229 μέριμνα,
1260 3159 1482 3213 καὶτῶν
1507 3158 1773 3227 περιττῶν

208 3254 307 3304 καὶ
340 3252 486 3321 ὑπὲρ
515 3250 614 3321 τὴν
650 3250 837 3319 χρείαν
866 3251 966 3319 τὴν
1006 3250 1241 3318 σπουδὴν
1273 3249 1391 3301 κατ’
1420 3249 1597 3316 ὀλίγον
1646 3266 1773 3302 συν-

208 3342 589 3410 επισύρεσθαι,
620 3341 711 3393 καὶ
737 3341 934 3411 πολλὴν
967 3344 1030 3410 τῇ
1055 3341 1197 3409 ψυχῇ
1222 3340 1320 3409 τὴν
1338 3339 1515 3409 λύμην
1542 3356 1775 3405 συγκατ-

206 3432 562 3503 εργάζεσθαι.
596 3432 694 3484 Διὰ
733 3431 909 3494 τοῦτο,
937 3432 1120 3497 φασιν.
1146 3432 1175 3483 ό
1216 3430 1403 3499 Σωτὴρ
1438 3430 1560 3499 ἄρτι
1602 3444 1771 3499 μυστ-

208 3522 619 3589 αγωγουμένοις
650 3521 847 3572 ἀπεῖπε
884 3518 1005 3571 τότε
1042 3519 1207 3587 μηδὲν
1229 3521 1341 3580 τοῖς
1371 3519 1637 3586 μαθηταῖς
1664 3520 1775 3571 τῶν

208 3615 417 3681 γηΐνων
439 3610 534 3662 καὶ
552 3608 874 3678 σωματικῶν
897 3608 1334 3675 συνεφέλκεσθαιο
1362 3608 1485 3660 ῦστε
1494 3625 1583 3677 ρον
1600 3608 1658 3661 δὲ
1682 3608 1773 3659 τὸν

206 3703 399 3769 ἀγῶνα
430 3701 744 3769 διηνυκότας
773 3699 1114 3767 ἀνύϐριστον,
1153 3698 1245 3751 καὶ
1284 3701 1476 3768 πεῖραν
1514 3700 1637 3752 ὅσον
1667 3699 1773 3753 ἔδει

206 3791 401 3851 δόντας
425 3790 483 3840 ἐν
505 3782 585 3849 οἷς
616 3787 707 3839 τοῦ
735 3786 995 3855 σαρκικοῦ
1025 3786 1454 3855 κατεφρόνησαν,
1496 3786 1575 3839 ἔτι
1598 3787 1654 3840 δὲ
1680 3788 1773 3839 καὶ

205 3880 301 3932 τοῦ
324 3878 594 3947 σωτηρίου
614 3876 815 3939 πάθους
834 3876 1018 3929 λοιπὸν
1040 3876 1350 3944 ἑστηκότος,
1377 3875 1494 3945 μεθ’
1517 3876 1545 3928 δ
1562 3875 1771 3930 πολλῶν

207 3967 538 4038 πειρασμῶν
581 3968 799 4036 νιφάδες
844 3968 967 4029 τοὺς
1009 3967 1313 4034 ἀγωνιστάς
1348 3968 1770 4037 περιστοιχίζειν

206 4062 455 4127 ἠφίεντο,
484 4061 577 4112 καὶ
606 4058 807 4129 χιιμὼν
846 4059 1213 4120 ἀνυπόστατος
1248 4057 1500 4125 διωγμῶν
1537 4060 1631 4112 καί
1662 4058 1773 4111 θλί-

205 4151 355 4217 ψεων
389 4149 699 4219 ὑπεδέχετρ,
733 4149 822 4201 διά
846 4148 1016 4202 ταῦτα
1039 4149 1138 4218 τὴν
1168 4148 1273 4201 τῶν
1305 4147 1541 4218 μετρίων
1578 4149 1772 4219 κτῆσιν

208 4242 304 4293 καὶ
333 4241 372 4294 ἀ
408 4238 695 4309 συγκροτεῖ
719 4241 815 4306 τὴν
841 4238 983 4307 ζωὴν
1012 4239 1083 4307 μὴ
1116 4239 1455 4309 διαρρυῆναι,
1477 4242 1768 4309 συγχωρεῖ.

209 4329 313 4382 Τοῦ
345 4330 456 4400 γάρ
476 4330 569 4397 τῆς
586 4329 1016 4398 φιλοχρηματίας
1036 4327 1240 4389 πάθους
1266 4328 1373 4380 τῶν
1401 4329 1771 4381 άποστολικῶν

208 4418 357 4487 ἠθῶν
397 4434 454 4469 τε
492 4418 583 4469 καὶ
617 4418 829 4485 τρόπων
854 4416 914 4479 ἐξ
945 4417 1112 4484 αὐτῆς
1150 4416 1405 4486 κρηπῖδος
1435 4417 1773 4487 ἀνατραπέν-

1874 2003 2055 2047 autem
2093 1991 2217 2047 dico
2249 1991 2425 2046 vobis.
2467 2008 2486 2043 ι
2516 1991 2633 2046 iam
2657 1992 2802 2061 quod
2830 1991 3063 2045 diversis
3090 1990 3429 2057 temporibus

1879 2081 2094 2135 diversa
2128 2090 2391 2151 praecepta
2439 2090 2762 2150 congruant,
2810 2096 2919 2135 non
2972 2080 3151 2134 solum
3202 2094 3311 2132 non
3352 2086 3436 2132 est

1875 2170 2193 2233 absurdum,
2232 2185 2419 2225 verum
2444 2172 2607 2225 etiam
2652 2172 2981 2240 quandoque
3027 2172 3228 2239 aptius,
3270 2184 3435 2237 quam

1874 2262 1922 2316 si
1950 2263 2071 2331 quis
2102 2261 2287 2316 eadem
2327 2262 2571 2332 imperet,
2599 2263 2810 2318 etiamsi
2855 2262 3145 2317 diversitas
3180 2261 3437 2330 temporis

1876 2353 2185 2407 necessario
2208 2352 2474 2407 diversam
2504 2368 2614 2407 rem
2655 2354 2909 2423 postulet.

1948 2446 2001 2496 ϐ.
2042 2442 2173 2507 Ome
2198 2456 2323 2496 cum
2376 2443 2448 2496 ita
2496 2458 2554 2497 se
2582 2444 2835 2506 habeant,
2866 2441 3110 2499 nonnulli
3146 2448 3204 2495 ut
3237 2452 3437 2511 propo-

1875 2533 2034 2589 sitam
2062 2536 2415 2601 quazstionem
2444 2534 2677 2598 solvant,
2728 2535 2882 2588 aiunt
2932 2546 3281 2587 communem
3328 2532 3434 2585 Do-

1876 2624 2081 2676 minum
2114 2622 2407 2690 discipulos
2440 2624 2568 2677 olim
2599 2624 2931 2678 erndientem
2980 2633 3140 2691 atque
3196 2625 3248 2675 in
3302 2637 3435 2690 pau-

1878 2712 2096 2780 pertatis
2131 2710 2405 2766 curriculo
2443 2722 2809 2772 exercentem.
2852 2712 2994 2765 nulla
3044 2726 3140 2767 eos
3180 2726 3238 2766 re
3265 2722 3435 2766 mate-

1877 2801 1992 2854 riali
2018 2810 2179 2869 atque
2210 2801 2358 2854 bumi
2388 2801 2689 2869 deprimere
2722 2803 2880 2857 solita
2912 2804 3104 2857 siris-se
3141 2802 3335 2870 abripi,
3370 2817 3437 2855 ne

1877 2891 1983 2944 illis
2012 2891 2149 2945 forte
2171 2890 2348 2945 ﬂuxus
2379 2892 2466 2946 bic
2502 2893 2759 2957 mundus,
2801 2894 2893 2961 qui
2926 2894 2989 2946 ad
3026 2893 3304 2946 interitum
3335 2894 3438 2947 du-

1875 2981 1968 3043 cit,
1997 2980 2314 3035 adhaereret.
2358 2981 2503 3036 Solet
2548 2984 2690 3038 enim
2729 2998 3125 3051 smpennmcro,
3167 2986 3437 3053 praacipue

1878 3071 2404 3139 intpcrfectioribns,
2463 3074 2637 3128 victus
2688 3076 2979 3129 necessarii
3023 3090 3196 3138 cura,
3254 3088 3433 3126 rerum

1876 3176 2093 3231 quoque
2115 3162 2505 3231 superﬂuarum
2560 3180 2804 3232 quasque
2852 3180 2982 3218 usus
3040 3180 3147 3218 non
3202 3165 3437 3231 postulat

1877 3254 2131 3321 paulatim
2164 3255 2400 3308 studium
2431 3255 2695 3322 ingerere,
2730 3256 3071 3322 multumque
3122 3255 3317 3308 anima:
3346 3256 3438 3307 de-

1873 3347 2180 3400 trimentum
2253 3346 2470 3399 all'erre.
2527 3344 2839 3415 Propterea,
2906 3346 3114 3408 dicunt,
3178 3345 3437 3399 Servator

1873 3452 2044 3504 nuper
2094 3437 2325 3490 initiatis
2379 3437 2661 3503 disripulis
2709 3437 3091 3497 interdirebat.
3135 3438 3431 3504 quominus

1874 3528 2107 3583 terrenis
2134 3530 2296 3583 rebus
2326 3528 2711 3597 corporeisque
2748 3528 3202 3581 distrnlierentur.
3228 3526 3433 3581 Deinde

1873 3625 2051 3670 autem
2085 3631 2254 3684 agone
2280 3618 2390 3684 jam
2431 3619 2730 3672 bonorilice
2784 3629 3025 3687 peracto,
3083 3618 3434 3673 documento-

1872 3720 1977 3773 que
2034 3707 2167 3761 satis
2211 3694 2356 3761 edito
2414 3716 2745 3776 quantopere
2796 3708 3033 3760 carnalia
3096 3718 3433 3775 spernerent,

1872 3794 2151 3849 Dominica
2179 3797 2396 3864 insuper
2432 3799 2678 3862 passione
2720 3796 2975 3855 instante.
3007 3805 3292 3864 postquam
3318 3810 3434 3850 ten-

1873 3885 2167 3938 tationibus
2189 3884 2490 3939 innumeris
2516 3887 2730 3939 athletae
2756 3887 3146 3952 propemodum
3163 3884 3428 3938 obruendi

1870 3982 2045 4034 erant,
2082 3983 2246 4041 atque
2317 3974 2635 4027 intolerabili
2681 3975 3116 4042 persecutionum
3162 3973 3435 4042 angustia-

1870 4076 2098 4129 rutuque
2140 4063 2387 4130 procellae
2439 4063 2763 4129 objiciendi;
2823 4061 3027 4114 idcirco
3074 4062 3303 4115 modica:
3354 4063 3430 4114 rei

1871 4149 2156 4205 {anniliaris
2214 4167 2521 4220 possessum
2566 4152 2853 4214 concedit,
2910 4166 3021 4219 quo
3071 4153 3277 4205 scilicet
3328 4151 3432 4203 vita

1871 4252 2285 4297 sustentaretur.
2319 4242 2559 4312 Namque
2588 4230 2834 4297 avaritia?
2855 4244 2986 4295 vitio
3027 4258 3090 4296 ex
3112 4242 3427 4311 apostolicis

1872 4334 2116 4386 moribus
2191 4335 2403 4403 vitaque
2480 4333 2721 4389 funditus
2793 4348 3003 4396 everso,
3060 4333 3433 4401 persecutione

1872 4433 2048 4477 autem
2081 4424 2420 4477 vehementer
2446 4434 2605 4493 atque
2655 4424 3052 4477 intolerandum
3101 4423 3154 4476 in
3206 4423 3428 4475 modum

207 4524 319 4569 τος,
342 4508 442 4559 καὶ
469 4505 560 4557 τοῦ
587 4504 825 4573 διωγμοῦ
849 4506 1075 4575 σφοδρὸν
1097 4507 1188 4557 καὶ¹
1208 4507 1573 4559 ἀνυπόστατον
1596 4510 1772 4559 πνέον·
1803 4526 1847 4585 ο

1771 4526 1847 4585 ιι)
1874 4513 2056 4576 ﬂatile,
2092 4530 2304 4583 aequum
2330 4525 2445 4568 erat
2485 4515 2726 4570 solamen
2776 4514 2995 4583 aliquod
3069 4529 3134 4568 ac
3178 4523 3429 4582 tanquam

209 4615 318 4660 τος,
359 4597 527 4665 ἐχρῆν
572 4613 623 4646 τι
670 4594 1010 4664 παραμύθιον
1049 4597 1127 4656 εἰς
1174 4594 1383 4663 ἐφόδιον
1440 4598 1623 4663 φέρειν
1672 4597 1772 4663 τῆς

210 4686 549 4754 πανταχόθεν
593 4685 1035 4755 ὲπηρεαζομένης
1082 4684 1229 4753 ζωῆς
1252 4704 1265 4718 ·
1300 4689 1393 4739 καὶ
1435 4688 1543 4739 οὐδ’
1558 4690 1626 4739 tv
1662 4690 1771 4741 οὐδ’

208 4777 342 4838 ὅλως
373 4776 577 4844 θατέρᾳ.
608 4775 699 4842 τῆς
722 4775 941 4844 ἐντολῆς
968 4777 1001 4845 ἡ
1025 4776 1185 4843 ἑτέρα
1216 4776 1561 4846 λυμαίνεται·
1584 4778 1771 4848 ὥσπερ

210 4868 314 4919 οὐδ’
349 4868 405 4919 εῖ
426 4883 509 4926 τις
540 4864 876 4935 στρατιώτην
909 4869 1045 4935 μετά
1082 4869 1238 4930 νίκας
1282 4870 1373 4920 καὶ
1396 4870 1631 4939 τρόπαια
1663 4872 1770 4923 τῶν

211 4956 523 5026 πολεμικῶν
568 4956 793 5023 ἀγώνων
834 4955 969 5018 τέως
1017 4958 1247 5025 ἀπάγων
1284 4959 1461 5011 δίδωσι
1497 4964 1638 5013 πιεῖν
1678 4962 1772 5013 καὶ

211 5044 304 5097 ὅσα
348 5044 542 5114 εἰρήνη
584 5044 902 5113 χαρίζεται·
935 5046 967 5115 ῆ
1003 5047 1055 5099 εῖ
1088 5064 1169 5109 τις
1204 5050 1282 5110 εἰς
1322 5048 1637 5102 διδασκάλου
1672 5050 1771 5119 μὲν

214 5132 485 5197 φοιτῶντα
525 5132 710 5194 ἄλλαις
745 5137 1000 5186 συνασκεῖ
1043 5135 1313 5203 μελέταις,
1356 5139 1445 5189 τὸν
1485 5137 1685 5208 ἔφηϐον
1713 5139 1771 5192 δὲ

213 5223 472 5288 διεξιόντα
518 5221 834 5291 βαθυτέροις
866 5227 1043 5292 νόμοις
1089 5225 1183 5278 καὶ
1212 5226 1567 5296 ὑψηλοτέραις
1606 5231 1770 5294 ἐγγυ-

218 5311 407 5382 μνάξει
442 5314 696 5383 θεωρίαις
721 5330 736 5344 ο
772 5316 863 5369 καὶ
898 5317 1143 5381 ποίμνιον
1167 5317 1265 5385 μὲν
1294 5316 1471 5381 ἀλλοις
1492 5318 1641 5371 ἔθεσι
1677 5321 1771 5373 καὶ

215 5402 431 5474 θεσμοῖς
462 5404 790 5473 εὐθηνεῖται,
815 5406 905 5458 τὸν
937 5407 1170 5476 ποιμένα
1205 5406 1263 5461 δὲ
1297 5408 1395 5476 οὐχ
1445 5409 1478 5478 ἡ
1507 5409 1643 5479 αὑτὴ
1674 5410 1769 5462 τοῦ

216 5493 326 5565 βίου
354 5494 539 5566 τρίϐος
564 5490 903 5551 κατευθύνειέ

284 5755 347 5819 ζ’.
394 5757 531 5810 Ἀλλ’
556 5757 698 5811 οῦτω
729 5760 827 5829 μέν
857 5776 996 5823 τινες
1018 5761 1097 5824 είς
1119 5761 1430 5833 συμφωνίαν
1463 5762 1559 5825 τάς
1584 5764 1639 5817 ὲν
1662 5767 1770 5826 τοῖς

1878 4603 2133 4656 viaticum
2162 4604 2509 4658 circumferre
2547 4604 2672 4656 vita:
2714 4618 3131 4672 quaquaversus
3154 4605 3430 4656 calamita-

1877 4694 2024 4749 tibus
2062 4696 2329 4763 appetiue.
2387 4693 2570 4763 Neque
2618 4697 2937 4748 alterutrum
2990 4706 3312 4761 praeceptum
3363 4695 3433 4746 ab

1877 4784 2044 4838 altero
2078 4800 2299 4854 prorsus
2327 4786 2555 4839 lmditnr.
2591 4783 2764 4839 Veluti
2813 4786 2859 4838 si
2890 4785 3013 4853 quis
3045 4784 3265 4837 militem
3312 4797 3432 4851 post

1878 4876 2130 4929 victorias
2160 4886 2323 4944 atque
2375 4885 2569 4944 tropaea
2632 4876 2841 4931 bellicis
2893 4875 3282 4929 certaminibus
3327 4875 3428 4927 ali-

1877 4966 2115 5033 quandiu
2165 4966 2513 5027 suhduccns.
2575 4976 2702 5034 potu
2758 4974 3026 5020 recrearet
3083 4966 3166 5019 vel
3224 4966 3431 5020 ceteris

1876 5067 1996 5121 quae
2026 5067 2152 5119 pace
2183 5053 2609 5121 suppeditantur.
2655 5052 2748 5108 Vel
2779 5054 2823 5107 si
2851 5054 2975 5123 quis
3018 5067 3243 5119 puerum
3301 5056 3428 5106 dum

1878 5141 1931 5194 in
1966 5140 2091 5194 ludo
2120 5142 2361 5208 magistri
2394 5151 2637 5195 versatur
2677 5142 2840 5195 certis
2866 5140 3192 5209 quibusdam
3225 5140 3431 5193 imbue-

1878 5241 1957 5285 ret
1985 5232 2327 5296 rudimentis,
2368 5242 2477 5285 tum
2524 5246 2652 5285 vero
2704 5233 2757 5285 in
2810 5233 3051 5300 ephebos
3107 5233 3429 5299 productum

1877 5322 2213 5390 gravioribus
2242 5323 2500 5377 institutis
2528 5322 2961 5388 celsioribusque
2986 5322 3250 5376 doctrinis
3273 5336 3433 5375 uer-

1877 5418 2040 5462 ceret.
2076 5408 2317 5478 Denique
2364 5410 2455 5477 qui
2503 5426 2631 5479 grex
2680 5420 2784 5473 est,
2841 5409 2963 5463 aliis
3022 5408 3219 5463 ritibus
3270 5420 3432 5476 atque

1876 5499 2201 5568 praescriptis
2226 5500 2358 5553 bene
2381 5515 2437 5552 se
2470 5500 2654 5563 habet;
2690 5500 2779 5566 qui
2803 5508 2983 5552 autem
3026 5498 3259 5567 pastoris
3311 5514 3431 5551 tnu-

1879 5602 2006 5643 nere
2052 5589 2311 5657 Iungitur,
2349 5604 2454 5641 non
2501 5588 2688 5642 eadem
2740 5590 2861 5642 vita:
2904 5588 3099 5643 semita
3146 5588 3430 5641 commode

1878 5678 2065 5733 utitur.

1949 5766 1998 5819 7.
2034 5767 2125 5821 Sic
2150 5782 2276 5837 ergo
2300 5766 2542 5821 nonnulli
2575 5764 2975 5834 Scripturarutu
3004 5764 3182 5818 varias
3205 5772 3424 5818 senten-
