4198 6440
772 436 847 504 55
1930 434 2188 497 auom
2233 436 2507 501 PATRIA
2515 439 2736 503 nam
2777 446 2883 508 cr.
3955 463 4030 526 ss

773 545 881 598 tias
948 543 1014 597 ad
1068 541 1415 597 concordiam
1468 543 1712 598 trahunt.
1772 542 1908 598 Aliis
1941 559 2069 598 vero
2093 546 2343 614 quaedam

2449 550 2634 619 ῥητοῖς
2677 555 2974 623 συνάγουσι
3017 557 3290 623 διανοίας·
3339 565 3469 617 οίδὶ
3521 565 3591 618 τά
3622 567 3720 636 μὲν
3747 569 3883 621 ἀλλα
3913 572 4032 625 τῶν

770 636 914 696 aliae,
942 643 1134 701 prater
1165 633 1471 700 pradictas.
1517 635 1815 689 solutiones
1847 635 1989 688 haud
2021 637 2199 691 minus
2229 638 2346 705 pla-

771 729 917 778 cent.
949 723 1115 775 Aiunt
1147 723 1334 792 igitur,
1387 736 1496 790 quo
1541 732 1784 793 tempore
1829 725 2077 793 discipuli
2110 727 2344 795 primum

769 814 1161 868 erudiebantur
1204 829 1266 868 ac
1319 825 1569 884 tyronum
1613 816 1860 869 ordinem
1905 817 2180 876 tenebant,
2207 833 2346 886 Opus

772 907 943 960 fuisse
969 915 1028 959 ut
1055 905 1186 958 nulli
1213 905 1302 959 alii
1331 906 1406 960 rei
1437 916 1643 975 partem
1673 906 1914 961 tribuere
1947 909 2342 976 c0gitationutn

771 1000 1246 1068 permitterentur;
1273 1009 1332 1052 ut
1365 998 1624 1051 nimirum
1697 998 1765 1052 ad
1804 998 2151 1053 ediscendam
2185 1015 2342 1055 exer-

769 1090 1104 1159 eendamqne
1132 1088 1438 1142 Servatoris
1475 1089 1782 1143 doctrinam
1822 1100 1932 1144 tota
1965 1100 2144 1144 mente
2179 1107 2344 1146 vaca-

773 1190 932 1233 rent:
971 1181 1272 1248 praesertim
1310 1181 1440 1248 quia
1458 1181 1717 1248 magister
1749 1182 1864 1249 ipse
1905 1185 2110 1245 aderat,
2144 1197 2343 1250 suppe-

769 1270 1082 1338 ditabatque
1117 1285 1182 1324 ex
1245 1278 1488 1338 tempore
1523 1285 1630 1323 non
1665 1271 1841 1324 solum
1889 1286 1951 1325 ea
1988 1272 2107 1325 sine
2133 1275 2336 1340 quibus

770 1363 881 1415 vita
923 1363 1053 1426 ruit,
1080 1377 1269 1416 verum
1299 1362 1465 1416 etiam
1499 1378 1692 1418 manus
1740 1379 1929 1417 eorum
1961 1364 2032 1417 ita
2063 1364 2340 1431 implebat,

770 1461 830 1505 ut
860 1452 1174 1507 illaboratas
1221 1454 1410 1521 epulas
1463 1453 1649 1508 multis
1691 1454 1864 1508 turbis
1916 1453 2178 1522 impertiri
2211 1470 2344 1523 pos-

770 1550 912 1595 sent.
943 1538 1047 1595 Sed
1070 1541 1214 1595 enim
1242 1555 1364 1595 cum
1403 1541 1516 1609 jam
1561 1542 1663 1611 ipsi
1719 1543 2159 1611 imperfectornm
2192 1546 2342 1600 rudi-

771 1643 953 1687 menta
993 1633 1381 1697 excessissent,
1433 1641 1594 1702 atque
1631 1649 1661 1687 a
1709 1642 1853 1688 statu
1894 1633 2132 1705 perfecto
2175 1652 2343 1706 prope

772 1725 1050 1790 abessent,
1097 1729 1352 1796 magister
1384 1737 1564 1780 autem
1594 1730 1938 1796 praesentiam
1961 1745 2113 1784 suam
2146 1733 2340 1786 Volun-

773 1815 910 1868 taria
965 1816 1298 1885 salutarique
1348 1831 1480 1870 nece
1539 1818 1702 1886 paulo
1733 1827 1854 1887 post
1893 1819 2024 1888 ipsis
2051 1831 2340 1890 erepturus

2456 639 2896 710 προτεθειμένων
2920 645 3021 697 οὐκ
3048 646 3268 701 ἔλαττον
3321 651 3578 719 ἀγαπῶσι
3598 671 3613 685 ο
3658 659 3788 722 φασὶ
3828 658 3886 710 δὲ
3915 659 4031 713 τῶν

2456 729 2718 798 μαθητῶν
2751 733 3016 803 πρότερον
3047 737 3149 805 μὲν
3185 739 3556 811 εἰσαγομένων
3589 746 3681 797 καὶ
3707 747 4028 817 τελειουμέ-

2453 836 2560 871 νων
2602 821 2756 885 τάξιν
2787 825 3112 894 ἐπεχόντων,
3149 829 3446 896 ἀναγκαῖον
3503 830 3642 886 εῐναι
3677 841 3806 906 περὶ
3855 839 4030 907 μηδὲν

2453 909 2580 964 ἄλλο
2607 916 2734 977 τοὺς
2761 914 3056 986 λογισμοὺς
3083 921 3402 990 μερίζεσθαι
3431 925 3771 994 ἐπιτρέπειν,
3813 930 3934 982 ὃλον
3967 931 4028 982 δι

2450 1001 2543 1053 τὸν
2581 1006 2705 1055 νοῦν
2732 1006 2869 1075 πρὸς
2893 1008 2991 1078 τὴν
3025 1011 3262 1079 μάθησιν
3286 1014 3393 1065 τῶν
3420 1017 3704 1085 σωτηρίων
3729 1020 3823 1070 καὶ
3858 1037 4028 1086 μεταο

2453 1093 2686 1163 χείρισιν
2717 1099 3125 1168 ὲπεοτράφθαιυ
3157 1102 3332 1167 ἄλλως
3367 1122 3425 1157 τε
3457 1108 3550 1158 καὶ
3578 1107 3672 1158 τοῦ
3698 1108 4025 1160 διδασκάλου

2451 1189 2720 1256 παρόντος
2751 1191 2845 1242 καὶ
2867 1194 3199 1262 παρέχοντος
3226 1197 3587 1266 αὐτοσχεδίως
3612 1201 3708 1268 οὐχ
3729 1202 3824 1251 ὅσα
3858 1203 4028 1267 μόνον

2451 1279 2485 1346 ἡ
2512 1277 2670 1344 φύσις
2698 1279 2798 1331 οὐκ
2825 1280 3024 1350 ἔχουσα
3047 1282 3200 1335 λύσιν
3227 1284 3362 1353 ἔχει,
3397 1285 3533 1338 ἀλλά
3557 1287 3650 1339 καὶ
3675 1290 3864 1356 χείρας
3890 1288 4028 1339 πολ-

2449 1367 2562 1430 λοῖς
2607 1368 2836 1437 πλήθεσι
2891 1373 3099 1440 τροφὴν
3151 1374 3502 1443 ἀγεώργητον
3549 1376 4024 1444 ύπηρετουμένας.

2465 1457 2682 1526 Ἐπειδὴ
2713 1458 2772 1510 δι
2801 1459 2954 1512 αὐτοὶ
2996 1460 3118 1532 μὲν.
3151 1461 3249 1530 τὴν
3282 1463 3391 1515 τῶν
3422 1463 3625 1515 ἀτελῶν
3651 1464 4026 1534 ὑπερανέδρα-

2453 1565 2552 1616 μον
2577 1549 2971 1616 παιδαγωγίαν,
3001 1552 3280 1620 ἐγγυτέρω
3320 1552 3364 1604 δ’
3389 1553 3636 1619 ἐγένοντο
3660 1554 3752 1605 τοῦ
3784 1555 4022 1616 τελείου,

2449 1640 2612 1702 αὐτὸς
2638 1640 2695 1692 δὲ
2733 1642 2834 1710 ήδη
2864 1641 2942 1711 τῷ
2975 1643 3207 1712 ἑκουσίῳ
3246 1643 3339 1695 καὶ
3366 1645 3623 1713 σωτηρίῳ
3667 1646 3884 1714 θανάτῳ
3921 1645 4025 1713 τῆς

2451 1733 2770 1803 σωματικῆς
2821 1733 3018 1796 αὐτοὺς
3069 1735 3396 1802 ἀποστερεῖν
3446 1734 3740 1804 ἐπλησίαζε
3803 1752 4022 1804 παρου-

2450 1825 2589 1886 σίας,
2623 1825 2721 1876 καὶ
2750 1824 2885 1894 πρός
2930 1839 2993 1890 γε
3034 1824 3095 1876 τὸ
3148 1825 3409 1894 κήρυγμα
3452 1827 3633 1888 αὐτοῖς
3666 1826 4020 1896 ἐγχειρίζειν,

772 1916 956 1971 esset;
994 1917 1105 1960 tum
1155 1909 1317 1961 etiam
1377 1908 1816 1976 pnedieationem
1852 1910 2044 1964 iisdem
2083 1915 2345 1968 commis-

2449 1917 2541 1965 καὶ
2577 1915 2656 1976 εἰς
2687 1913 3020 1966 διδασκάλων
3063 1912 3157 1964 καὶ
3188 1915 3468 1982 ποιμένων
3499 1918 3792 1984 προνόμιον
3821 1919 4021 1970 ἀναϐι-

772 2011 957 2058 suros,
1013 2007 1174 2066 atque
1218 1999 1283 2052 ad
1350 2000 1737 2069 magistrorum
1788 2009 2181 2072 pastorumque
2205 2020 2344 2073 pra:-

773 2091 1072 2157 rogativatn
1113 2099 1464 2158 promoturus
1488 2109 1502 2156 ;
1535 2101 1662 2144 tunc
1688 2106 1784 2146 eos
1806 2094 2346 2159 admonuit,minime

772 2193 898 2231 esse
925 2181 1148 2231 vetitum
1178 2181 1475 2247 quominus
1507 2183 1879 2235 necessarium
1919 2184 2043 2236 vita:
2077 2185 2341 2240 viaticum

773 2283 958 2322 secum
991 2267 1226 2322 ferrent:
1257 2271 1350 2338 qui
1379 2286 1492 2324 mos
1521 2287 1587 2323 eo
1630 2283 1870 2340 tempore
1900 2274 2170 2343 inceptus,
2196 2293 2343 2331 cura

772 2372 991 2426 quoque
1013 2359 1239 2412 asseclis
1270 2359 1642 2428 impendenda
1670 2373 1850 2416 ortum
1879 2363 2025 2418 dedit
2051 2383 2064 2429 ;
2111 2365 2162 2420 id
2197 2368 2341 2434 quod

771 2463 840 2500 ex
867 2446 1000 2515 ipsis
1039 2447 1201 2500 rebus
1231 2447 1425 2500 deinde
1449 2448 1617 2516 gestis
1648 2452 2138 2516 cognoscerelicet.
2173 2453 2342 2507 Nam-

773 2551 881 2604 que
906 2545 1033 2589 ante
1061 2537 1223 2605 pedes
1248 2539 1618 2604 apostolorum
1647 2542 1822 2607 pretia
1856 2543 2142 2596 domorum
2178 2559 2343 2613 agro-

773 2641 1008 2694 rumque
1055 2627 1212 2680 allata
1261 2628 1571 2696 ponebant:
1643 2630 1992 2702 vicissimque
2028 2635 2258 2705 singulis
2290 2637 2344 2690 id

772 2719 917 2785 quod
948 2719 1070 2771 usui
1097 2729 1241 2772 esset
1273 2720 1744 2786 suppeditabatur.

845 2809 902 2863 8.
940 2807 1172 2877 Insuper
1199 2808 1346 2862 aliud
1368 2823 1586 2878 quoque
1609 2811 1866 2878 praaclare
1887 2815 2343 2869 considerandum

773 2900 1051 2954 exhibent.
1082 2900 1308 2953 Creator
1359 2899 1474 2967 ipse
1534 2903 1778 2955 omnium
1836 2919 2016 2956 rerum
2047 2916 2100 2958 et
2123 2922 2346 2962 conser-

773 3003 951 3055 vator,
991 2991 1120 3044 dum
1151 2991 1300 3043 omni
1333 3006 1466 3043 cura
1515 2996 1760 3046 terrestri
1796 2995 2093 3062 discipulos
2123 3012 2343 3066 posses-

776 3096 953 3149 saque
985 3081 1225 3146 arcebat,
1266 3082 1602 3149 marsupiutn
1639 3091 1819 3136 tamen
1882 3085 2133 3151 habebat,
2168 3099 2221 3142 et
2248 3091 2340 3158 qui

2446 2003 2651 2068 ϐάζειν,
2684 2003 2959 2056 ἀκώλυτον
2983 2004 3166 2065 αὐτοῖς
3202 2004 3325 2056 τότε
3355 2007 3422 2058 τὰ
3444 2009 3716 2075 ἀναγκαία
3745 2009 3842 2076 τῆς
3872 2007 4021 2076 ζωῆς

2445 2095 2631 2161 eodem
2659 2094 2842 2163 φέρειν
2865 2097 3152 2166 ἀποφαίνει
3173 2100 3364 2166 οὕπερ,
3393 2099 3601 2151 ἐκεῖθεν
3626 2099 3759 2165 φυὲν
3786 2099 3885 2166 τὴν
3914 2099 4018 2166 ἀρ-

2444 2187 2570 2254 χὴν,
2596 2187 2692 2238 καὶ
2718 2189 2815 2257 τὴν
2840 2190 2948 2241 τῶν
2976 2190 3381 2259 διδασκομένων
3413 2191 3669 2260 πρόνοιαν
3701 2189 4017 2255 ἐκαρποφό-

2448 2293 2554 2344 ρει,
2580 2277 2656 2338 ώς
2686 2279 2774 2330 ἐπ’
2808 2281 2991 2341 αὐτοῖς
3016 2280 3132 2332 ἐστι
3159 2283 3271 2342 τοῖς
3301 2283 3484 2350 ἔργοις
3515 2279 3706 2348 προϊὸν
3733 2279 3895 2330 ίδεῖνο
3924 2278 4020 2329 καὶ

2446 2366 2554 2435 γὰρ
2581 2368 2733 2436 παρά
2765 2371 2891 2429 τοὺς
2915 2369 3082 2432 πόδας
3108 2369 3216 2420 τῶν
3241 2368 3554 2422 ἀποστόλων
3583 2368 3681 2429 τὰς
3711 2367 3879 2435 τιμάς
3908 2366 4018 2417 τῶν

2443 2458 2629 2509 οἰκιῶν
2657 2459 2749 2511 καὶ
2779 2459 2888 2512 τῶν
2921 2459 3105 2528 ἀγρῶν
3137 2460 3398 2529 φέροντες
3430 2459 3659 2524 ἐτίθουν,
3685 2459 3782 2510 καὶ
3811 2459 4018 2511 ἐδίδοτο

2446 2549 2664 2617 ἑκάστῳ
2688 2549 2811 2602 καθ’
2836 2549 2864 2603 ὃ
2889 2551 2956 2605 ἄν
2987 2567 3071 2613 τις
3103 2551 3295 2620 χρείαν
3328 2546 3492 2620 εἶχεν.

2515 2820 2586 2883 η’.
2626 2814 2787 2867 Ἀλλά
2828 2814 2925 2866 καὶ
2968 2813 3126 2867 τοῦτο
3152 2815 3334 2878 καλῶς
3379 2816 3696 2885 ἑπιθεωρεῖν
3731 2815 4019 2867 ὑποτίθεν-

2445 2922 2559 2957 ται.
2605 2905 2779 2966 Αὐτὸς
2806 2907 2835 2957 6
2858 2908 3202 2974 Δημιουργὸς
3233 2907 3330 2958 καὶ
3368 2907 3628 2974 συνοχεὺς
3665 2904 3762 2957 τοῦ
3792 2906 4019 2966 παντὸς,

2443 2995 2533 3047 ὅτε
2581 2994 2875 3063 συμπάσης
2919 2993 3100 3062 ἀπῆγε
3151 2996 3277 3056 τοὺς
3347 2994 3597 3064 μαθητάς
3649 2993 4021 3063 περιπαθείας

2446 3083 2712 3151 προσύλου
2758 3085 2850 3137 καὶ
2896 3084 3166 3152 κτήσεως,
3211 3085 3596 3153 γλωσσόκομον
3620 3079 3732 3152 εἶχε
3766 3085 3861 3135 καὶ
3893 3085 4022 3144 τοὺς

777 3173 982 3241 aliquid
1016 3171 1298 3240 iujicerent
1319 3188 1423 3226 non
1459 3175 1767 3242 respuebat.
1799 3176 1980 3241 Quare
2006 3181 2106 3233 hoc
2127 3196 2345 3250 quoque

2451 3173 2743 3242 βάλλοντας
2791 3174 3114 3243 ἀπεδέχετο·
3159 3174 3301 3227 ὥστε
3357 3177 3418 3227 ού
3469 3175 3534 3227 τδ
3593 3175 3666 3244 μὴ
3714 3174 4020 3242 κεκτῆσθαι

776 3280 1044 3338 ρι’-εουριο
1079 3270 1222 3322 haud
1275 3283 1498 3336 prorsus
1552 3270 1748 3338 opibus
1809 3271 2100 3336 interdicit,
2155 3275 2246 3327 sed
2277 3291 2343 3327 ne

2450 3267 2664 3330 ἀπλῶς,
2714 3265 2847 3316 ἀλλά
2877 3265 2937 3317 τὸ
2970 3266 3044 3334 μὴ
3091 3265 3302 3327 τούτοις
3332 3265 3554 3334 ἔχεσθαι
3593 3266 3689 3316 καὶ
3731 3261 4023 3333 προσηλῶο

777 3362 866 3414 his
899 3360 1072 3414 simus
1099 3359 1321 3413 obnoxii
1349 3374 1413 3412 ac
1439 3360 1606 3413 dediti
1647 3379 1660 3414 :
1727 3377 1851 3414 nam
1884 3371 1938 3415 et
1983 3364 2118 3431 ipse,
2157 3373 2217 3417 ut
2255 3365 2341 3417 di-

777 3451 977 3513 ximus,
1036 3464 1145 3502 non
1217 3449 1463 3502 habendo
1527 3449 2021 3518 habebatznenipe
2055 3453 2336 3519 egentium

775 3539 1154 3593 tantummodo
1178 3553 1363 3602 causa,
1391 3548 1445 3591 et
1464 3538 1532 3591 ob
1547 3555 1734 3593 eorum
1765 3541 2015 3594 solandas
2043 3543 2344 3609 angustias,

777 3641 940 3699 atque
975 3631 1041 3682 ad
1076 3630 1414 3682 necessitatis
1445 3630 1814 3698 depulsionem
1851 3631 2139 3700 quamdam
2180 3643 2345 3703 atque

778 3719 1063 3770 medelam.
1099 3717 1268 3770 Sicuti
1322 3733 1450 3786 ergo
1498 3718 1721 3773 minime
1780 3722 2135 3787 repugnabat,
2166 3721 2341 3788 ipsnnt

783 3807 925 3859 ferre
999 3807 1227 3868 loculos,
1295 3806 1402 3860 illis
1467 3809 1628 3863 simul
1677 3809 1998 3863 interdicere
2047 3813 2345 3877 quominus

777 3891 1072 3966 quidquam
1110 3899 1436 3961 retinerent;
1476 3898 1548 3951 ita
1585 3913 1690 3952 non
1721 3907 1804 3953 est
1835 3902 2188 3962 contrarium,
2214 3903 2342 3955 olim

777 3990 997 4058 quidem
1036 4004 1132 4042 eos
1179 3989 1243 4041 ad
1308 4003 1586 4056 asperum.
1618 3990 1950 4058 paupertatis
2004 3992 2346 4061 arduumque

777 4082 996 4133 culmen
1033 4079 1412 4142 contendisse;
1464 4089 1648 4147 postea
1699 4071 1827 4133 Vero
1866 4080 2074 4133 modica
2126 4083 2201 4135 rei
2247 4099 2346 4136 ne-

778 4171 1028 4221 cessaria:
1101 4169 1447 4236 possessione
1509 4170 1693 4222 multis
1755 4183 1814 4222 se
1887 4169 2347 4227 sollicitudinibus

777 4257 1139 4326 expedivisse,
1191 4272 1254 4310 ac
1309 4272 1647 4311 summarum
1698 4260 2067 4326 angustiarum
2101 4263 2344 4316 solamen

777 4349 1098 4402 obtinuisse.
1141 4347 1244 4400 Sed
1282 4355 1478 4415 praeter
1535 4349 1667 4410 haec.
1703 4349 1814 4403 imo
1840 4364 1968 4403 vero
2018 4351 2070 4402 in
2129 4353 2343 4419 primis,

780 4455 904 4494 cum
935 4439 1152 4499 videris.
1187 4439 1356 4501 aiunt,
1400 4440 1730 4506 paupertatis
1769 4441 2050 4508 praemium
2100 4442 2340 4506 divitias,

2448 3355 2592 3416 σθαι,
2639 3355 2736 3407 καὶ
2764 3355 2853 3406 διὰ
2883 3355 2980 3423 τῆς
3011 3354 3230 3422 ἐντολῆς
3260 3354 3464 3423 ταύτης
3504 3354 3740 3406 κωλύει·
3770 3354 3895 3404 ἐπεὶ
3928 3353 4022 3404 καὶ

2445 3448 2629 3509 αὐτὸς,
2671 3446 2860 3516 ὥσπερ
2915 3445 3147 3514 ἔφημεν,
3183 3442 3328 3514 εἶχεν
3360 3448 3459 3498 οὐκ
3483 3445 3654 3514 ἔχων·
3693 3446 3882 3497 ἕνεκεν
3910 3445 4018 3512 γὰρ

2443 3539 2552 3590 τῶν
2580 3537 2872 3606 δεομένων,
2907 3539 3000 3590 καὶ
3051 3537 3397 3605 παραμύθιον
3443 3536 3552 3589 τῶν
3595 3535 4017 3606 ἀπορουμένων,

2445 3631 2539 3682 καὶ
2569 3631 2670 3696 τῆς
2695 3629 2942 3697 ἀνάγκης
2971 3630 3322 3697 ἀποστροφήν
3353 3644 3475 3680 τινα
3497 3628 3592 3679 καὶ
3619 3626 4020 3696 λύσιν.”Ωσπερ

2445 3718 2539 3774 οὖν
2583 3720 2686 3773 ούκ
2730 3721 2970 3772 ἐναντίον
3021 3719 3184 3772 αὑτὸν
3221 3719 3320 3788 μὲν
3368 3717 3755 3786 γλωσσόκομον
3802 3718 4018 3786 φέρειν,

2446 3811 2687 3872 ἐκείνους
2717 3809 2774 3861 δὲ
2825 3809 2989 3879 μηδὲν
3022 3809 3403 3877 ωνεπιφέρειν
3432 3808 3568 3870 ὅλως
3620 3806 4016 3875 ἀπαγορεύειν,

2444 3902 2615 3962 οὕτως
2665 3900 2765 3951 οὐκ
2803 3900 2948 3951 ἐστιν
3001 3899 3241 3951 ἐναντίον
3289 3898 3410 3950 οὐδὲ
3459 3897 3624 3950 πάλαι
3672 3899 3770 3966 μὲν
3815 3897 4020 3960 αὐτοὺς

2445 3993 2584 4060 πρὸς
2619 3991 2681 4042 τδ
2702 3991 2803 4058 τῆς
2829 3991 2970 4057 ἀκτη
2980 3989 3216 4058 μοσύνης
3243 3988 3416 4058 τραχύ
3441 4006 3502 4041 τε
3531 3990 3623 4042 καὶ
3651 3988 4020 4058 δυσπρόσοδον

2447 4080 2791 4149 ἀνατρέχειν,
2825 4079 3047 4146 ὕστερον
3072 4079 3126 4130 δὲ
3159 4081 3253 4130 καὶ
3285 4081 3349 4147 τῇ
3383 4079 3683 4146 συμμέτρῳ
3710 4078 3822 4129 τῶν
3847 4078 4020 4142 ἀναγ-

2446 4169 2615 4222 καίων
2660 4170 2848 4234 κτήσει
2879 4167 2990 4218 τῶν
3020 4166 3229 4218 πολλῶν
3260 4165 3505 4216 ἀνίεσθαι
3542 4165 3740 4226 πόνων,
3781 4163 3878 4215 καὶ
3915 4163 4019 4231 τῆς

2445 4257 2684 4325 ἐσχάτης
2712 4253 2856 4323 ἔχειν
2887 4253 3232 4324 παραμύθιον
3277 4252 3660 4321 στενοχωρίας.
3715 4251 3875 4304 Ἀλλά
3905 4251 4018 4321 γὰρ

2445 4350 2539 4399 καὶ
2585 4347 2721 4414 πρὸς
2763 4345 2994 4408 τούτοις,
3045 4345 3246 4413 μᾶλλον
3289 4345 3346 4395 δὲ
3381 4345 3487 4413 πρὸ
3521 4343 3630 4394 τῶν
3680 4342 4013 4412 εἰρημένων,

2445 4438 2572 4490 ὅταν
2614 4437 2750 4507 ἴδῃς,
2780 4436 2932 4503 φασὶ,
2966 4435 3062 4504 τῆς
3097 4433 3483 4501 ἀκτημοσύνης
3529 4429 3692 4485 ἆθλον
3725 4433 3816 4484 τὸν
3840 4431 4013 4483 πλοῦ-

781 4541 895 4583 tntn
923 4530 1140 4584 demum
1189 4531 1475 4598 cogitando
1511 4532 1713 4584 clarius
1761 4531 2026 4599 intelliges
2070 4547 2178 4585 non
2216 4549 2338 4587 esse

2448 4547 2553 4590 τον,
2583 4529 2914 4595 σαφέστερον
2957 4525 3020 4576 ἂν
3050 4527 3351 4591 ἐπιστήσας
3383 4524 3590 4593 συνήσῃ
3615 4523 3690 4584 ὠς
3735 4522 3847 4582 οὒκ,
3866 4521 4015 4574 εστιν

780 4625 895 4677 hanc
925 4623 1156 4676 inricem
1206 4623 1590 4690 peremptoria,
1642 4638 1818 4691 neque
1857 4638 2094 4691 pugnare
2123 4627 2344 4678 manda-

781 4726 892 4767 tum
919 4729 1023 4766 non
1050 4713 1358 4779 possidendi
1397 4730 1518 4767 cum
1572 4715 1664 4768 illo
1693 4715 1836 4782 quod
1870 4715 1988 4782 ejus
2023 4715 2098 4768 rei
2131 4716 2340 4783 copiam

779 4802 953 4856 facit:
1017 4803 1310 4856 dummodo
1367 4803 1517 4871 prius
1571 4804 1702 4856 illud
1745 4803 1812 4857 de
1845 4801 2064 4857 homine
2119 4804 2344 4870 pecunia

780 4893 1082 4959 perturbari
1140 4895 1298 4947 solito
1351 4894 1555 4946 dictum
1602 4903 1795 4964 putes;
1847 4898 2120 4963 possessio
2160 4907 2341 4949 autem

782 4983 857 5033 rei
893 4982 1175 5034 familiaris
1214 4996 1443 5034 vacuum
1493 4991 1543 5034 te
1594 4983 2004 5050 perturbatione
2053 4983 2342 5051 relinquat.

784 5072 1069 5136 Quomodo
1127 5071 1272 5122 enim
1323 5069 1519 5122 tuentis
1561 5071 1856 5123 liberalitas
1910 5079 1963 5123 et
2012 5073 2345 5138 paupertatis

783 5164 1014 5216 sublime
1043 5163 1279 5214 studium
1326 5163 1670 5230 multiplicem
1718 5178 1881 5230 upum
1933 5163 2345 5230 mirabilemque

783 5254 994 5320 t-opiant
1020 5261 1229 5320 pareret
1266 5268 1330 5306 ac
1359 5255 1708 5320 germinaret,
1745 5255 1788 5306 si
1829 5257 1964 5307 l'orte
1994 5253 2345 5321 conﬂigerent

781 5344 924 5395 inter
964 5356 1021 5395 se
1065 5343 1208 5409 justa
1251 5341 1528 5411 possessio
1580 5351 1634 5394 et
1693 5341 2026 5410 paupertatis
2067 5341 2346 5394 doctrina?

781 5435 1016 5499 Quinam
1052 5449 1177 5486 vero
1217 5444 1303 5487 est
1330 5433 1491 5501 hujus
1519 5432 1595 5485 rei
1635 5433 1825 5485 testis?
1862 5431 1985 5499 quis
2039 5433 2175 5484 adeo
2235 5448 2347 5484 ser-

782 5525 960 5576 tnonis
1000 5523 1224 5576 auctor?
1265 5524 1518 5575 nimirum
1551 5523 1666 5590 ipse
1716 5522 2022 5575 communis
2063 5522 2343 5575 hominum

781 5614 1036 5665 Senator
1067 5627 1129 5666 ac
1189 5610 1465 5669 Dominus.
1501 5613 1594 5679 qui
1653 5612 1866 5678 proliria
1905 5611 2086 5664 omnia
2131 5624 2348 5680 propter

781 5717 908 5754 cum
977 5701 1305 5766 deserentes,
1361 5702 1716 5769 centuplicetn
1792 5701 2026 5754 fructum
2081 5701 2348 5754 relaturos

784 5797 1163 5851 denuntiavit:
1227 5811 1401 5866 nequc
1461 5796 1720 5853 hactenus
1771 5795 2050 5866 prmuium
2113 5797 2347 5850 circum-

2444 4617 2687 4686 ἀλλήλων
2715 4614 3035 4682 ἀναιρετικά
3062 4652 3077 4676 ,
3113 4615 3233 4666 οὐδὲ
3268 4614 3593 4682 διαμάχεται
3621 4616 3653 4682 ἡ
3689 4612 3879 4682 ἐντολὴ
3917 4613 4013 4665 τοῦ

2448 4709 2522 4779 μὴ
2548 4707 2850 4775 κεκτῆσθαι
2877 4705 3010 4772 πρὸς
3037 4705 3136 4772 τὴν
3168 4705 3570 4772 ἐπιτρέπουσαν
3604 4702 3928 4768 κεκτῆσθαι,
3947 4703 4016 4754 ἀν

2444 4801 2504 4852 τὸ
2533 4799 2629 4868 μὲν
2663 4797 2937 4866 συνάπτῃς
2987 4795 3226 4864 δηλονότι
3269 4793 3345 4860 τῷ
3375 4793 3632 4862 ἐμπαθεί,
3661 4796 3694 4860 ἡ
3724 4795 3918 4862 κτῆσις
3957 4793 4014 4846 δέ

2449 4906 2526 4941 σοι
2557 4887 2652 4940 τοῦ
2679 4888 2880 4948 πάθους
2911 4885 3211 4956 ἐλεύθερον.
3237 4884 3360 4946 Πῶς
3383 4885 3490 4953 γὰρ
3519 4883 3585 4936 ἂν
3617 4885 3678 4936 τὸ
3703 4884 4013 4952 ἀφιλάργυ-

2450 4994 2542 5046 ρον
2570 4977 2668 5045 τῆς
2697 4976 2920 5044 γνώμης
2951 4977 3044 5026 καὶ
3078 4975 3138 5025 τὸ
3183 4974 3283 5042 τῆς
3327 4973 3713 5042 ἀκτημοσύνης
3772 4975 4016 5043 ἀνυπέρ-

2448 5069 2640 5136 ὀλητον
2701 5067 2780 5135 είς
2834 5065 2894 5117 τὺ
2963 5065 3364 5116 πολλαπλάσιον
3413 5066 3506 5117 καὶ
3567 5062 4016 5132 θαυμασιώτερον

2449 5159 2770 5210 ὲόλάστανεν
2799 5155 2885 5217 ἂν,
2925 5157 3019 5208 καὶ
3051 5155 3419 5223 ἐκαρποφὸρει
3468 5158 3564 5224 τῆς
3602 5157 3917 5224 περιουσίας
3957 5157 4018 5208 τὸ

2448 5250 2697 5315 ἄφθονον,
2752 5249 2798 5298 εἰ
2847 5248 2938 5298 διὰ
2996 5248 3171 5315 μάχης
3227 5247 3474 5310 ἀλλήλοις
3526 5249 3558 5312 ἡ
3594 5247 3778 5298 δικαία
3822 5247 4017 5313 κτῆσις

2449 5341 2542 5392 καὶ
2585 5341 2613 5390 6
2664 5342 2760 5400 τῆς
2810 5338 3196 5406 ἀκτημοσύνης
3246 5338 3400 5404 λόγος
3460 5339 3754 5406 προϊεσανς
3787 5338 4016 5398 Καιτίς

2452 5433 2695 5502 μάρτυςς
2731 5431 2814 5492 τίς
2841 5430 2896 5482 δὲ
2929 5431 3280 5496 παραστάτης
3311 5427 3401 5479 τοῦ
3433 5429 3628 5494 λόγου;
3660 5426 3829 5486 Αὐτὸς
3851 5428 3879 5477 ὁ
3908 5443 4020 5477 κοι-

2450 5527 2536 5584 νὸς
2567 5523 2658 5574 τοῦ
2687 5522 2874 5588 γένους
2901 5521 3089 5588 Σωτὴρ
3123 5521 3215 5571 καὶ
3249 5519 3544 5583 Δεσπότης,
3574 5516 3630 5577 ὃς
3664 5518 3775 5576 τοῖς
3806 5514 3874 5566 δι’
3913 5516 4013 5566 αὺ-

2447 5616 2536 5665 τὸν
2566 5612 2781 5665 λιποῦσι
2808 5612 2987 5663 πάντα
3023 5613 3090 5661 τι
3120 5609 3299 5663 αὐτῶν
3327 5607 3860 5660 ἑκατονταπλασίονα
3915 5606 4014 5673 λή-

2448 5703 2642 5771 ψεσθαι
2697 5699 3098 5770 ἐπηγγείλατοο
3155 5699 3250 5750 καὶ
3296 5698 3416 5748 οὐδὲ
3479 5697 3640 5764 μέχρι
3688 5694 3894 5746 τούτων
3953 5696 4013 5746 τὸ

2450 5792 2681 5847 ἔπαθλον
2731 5789 3116 5861 περιέγραψεν,
3170 5787 3282 5840 ἀλλ’
3317 5787 3395 5839 ἔτι
3431 5788 3562 5858 πρὸς
3589 5786 3650 5838 τὸ
3685 5785 3886 5856 μεῖξον,
3922 5786 4013 5839 καὶ
