4198 6440
228 422 298 481 51
1234 430 1335 490 AD
1373 428 1577 488 AMPH
1587 428 1791 489 ILOCE

1879 428 1961 488 1M
1990 430 2337 505 QUESTIO
2372 434 2401 495 Ι
3415 448 3486 513 58

224 539 338 591 οὐδ’
373 540 495 591 ὅσον
524 538 672 592 ἔστιν
714 541 890 593 εἰπεῖν
926 540 1133 609 μεῖζον,
1180 540 1385 610 ἐξαίρει
1431 540 1526 593 καὶ
1577 540 1791 609 ὑπερτί·

1900 541 2141 608 scripsit,
2195 545 2289 600 sed
2356 549 2533 618 magis
2582 551 2783 607 extulit
2827 563 2883 609 et
2943 558 3270 625 cumulavit,
3317 562 3391 617 ita
3424 577 3485 624 ut

226 625 360 694 θησι
381 630 507 697 ’τὴν
524 630 637 698 γάρ
665 630 774 684 τῶν
803 632 1050 700 οὐρανῶν
1079 632 1357 701 βασιλείαν
1385 633 1588 702 κλῆρον
1611 634 1795 695 αὐτοῖς

225 717 504 785 επιφέρει.

297 808 369 861 θ’.
410 812 646 865 Τοιαῦτα
690 814 790 882 μιν
818 815 915 868 οὖν
950 819 1046 870 καὶ
1088 820 1137 871 οἱ
1189 818 1329 887 μετά
1374 820 1502 882 τοὺς
1544 822 1794 891 πρώτους

222 902 541 964 συμφωνεῖν
558 900 819 971 ,ἀλλήλοις
845 906 915 957 τά
945 906 1064 973 ίερά
1089 909 1591 971 κατασκευάζοντες
1613 911 1790 979 λόγια·

222 986 323 1037 καὶ
357 987 517 1055 δῆλον
543 989 619 1053 ὡς
656 993 892 1063 ἑκατέρα
918 998 1080 1067 μοῖρα
1106 998 1193 1050 διὰ
1222 998 1323 1068 τῆς
1359 1002 1502 1053 κατά
1520 1002 1591 1054 τὸ
1621 1003 1794 1072 πρόσ-

220 1091 378 1129 ωπον
402 1080 775 1149 περιστάσεως
805 1084 1028 1139 ἑλκύσαι
1069 1088 1169 1157 τὴν
1207 1087 1359 1141 λύσιν
1410 1090 1791 1161 ινεδυναμώθη

218 1164 320 1216 τοῦ
370 1168 761 1237 ἀπορήματος·
800 1172 986 1244 ιτεραι
1032 1176 1089 1229 δὲ
1135 1177 1267 1245 παρ’
1316 1179 1441 1231 ὅσον
1476 1180 1792 1251 ἀπήλθομεν

217 1253 378 1319 δόξαι
421 1258 485 1309 εκ
530 1259 641 1312 τῶν
684 1263 867 1316 αὐτῶν
920 1266 1017 1333 μὲν
1056 1268 1222 1335 ἐγγὺς
1269 1270 1509 1332 ἐκείναις
1538 1274 1793 1344 ἀφορμᾷν

220 1336 383 1417 ἔσχον
432 1352 532 1417 τὴν
566 1352 812 1422 κίνησιν·
846 1356 971 1409 οὔτε
997 1358 1053 1411 δι
1082 1361 1201 1421 ταῖς
1233 1336 1632 1432 προλαόούσαις
1652 1336 1790 1418 οὕτε

219 1439 365 1503 πρὸς
404 1440 652 1511 ἀλλήλοις
697 1443 765 1498 τὰ
794 1447 935 1499 αύτά
964 1446 1290 1510 διασώζουσι
1333 1450 1498 1521 τέλη·
1546 1455 1654 1507 ἀπὸ
1693 1456 1791 1523 μὲν

217 1525 334 1593 γάρ
363 1528 464 1595 τῆς
509 1529 617 1582 τῶν
647 1532 956 1602 προσώπων
992 1538 1333 1609 ἑτερότητος,
1366 1542 1461 1595 καὶ
1498 1544 1691 1607 αὑταῖς
1730 1546 1790 1599 τὸ

216 1615 429 1685 ἄπορον
457 1618 664 1676 λύεται.
705 1624 940 1693 Λέγουσι
971 1627 1030 1680 δὲ
1062 1628 1161 1699 τὴν
1191 1632 1291 1700 μὲν
1320 1636 1599 1704 προτέραν
1637 1640 1789 1693 ἐντο-

215 1702 476 1775 λὴν,ἧτις
500 1709 592 1761 τὸν
622 1710 723 1780 τῆς
752 1714 1142 1786 ἀκτημοσύνης
1177 1702 1424 1790 είσὲφερι
1450 1702 1635 1794 νόμον.
1654 1728 1789 1796 πρὸς

214 1795 346 1857 τοὺς
377 1797 624 1867 μαθητάς
655 1801 731 1864 ὡς
760 1804 976 1873 ἀληθῶς
1007 1809 1258 1879 εἰρῆσθαι
1279 1852 1292 1874 .
1323 1816 1595 1879 κάκείνοις
1623 1795 1789 1888 ἐφαρ-

218 1886 413 1953 μόζειν
457 1891 660 1957 μόνοις,
702 1897 798 1947 καὶ
838 1897 983 1961 ὅσοις
1015 1900 1077 1952 τὸ
1098 1902 1197 1969 τῆς
1230 1905 1548 1973 φιλοσοφίας
1577 1886 1788 1962 ἔντονον

215 1977 315 2029 καὶ
343 1980 722 2050 παραπλήσιον
752 1986 946 2041 ἄλυτον
967 1989 1054 2044 διὰ
1090 1992 1209 2059 βίου
1242 1994 1421 2063 μένει·
1450 1998 1549 2069 τὴν
1588 2000 1644 2052 δὲ
1663 2000 1786 2053 δευ-

214 2070 385 2140 τέραν
416 2073 568 2125 οὐδὲν
616 2077 716 2142 μὲν
744 2087 1071 2147 παρακινεῖν
1101 2085 1193 2138 τοῦ
1227 2090 1356 2157 περὶ
1389 2089 1489 2159 τῆς
1538 2093 1785 2163 ἀκτημο-

216 2158 387 2226 σύνης
412 2163 526 2224 τοῖς
552 2162 817 2233 ἀθληταῖς
860 2168 1147 2238 δεδομένου
1180 2176 1366 2245 νόμου,
1401 2158 1698 2249 πρόσωπον
1729 2185 1787 2239 δὲ

214 2246 542 2327 ὑποϐάλλειν
594 2254 692 2321 μὲν
740 2255 850 2307 τῶν
895 2259 1175 2328 μαθητῶν,
1226 2266 1306 2328 είς
1336 2246 1557 2337 ἑτέρους
1592 2271 1649 2323 δὲ
1685 2274 1787 2341 τὴν

213 2338 499 2409 ἀναφοράν
530 2342 696 2411 ἔχειν.
742 2347 881 2400 Ἀλλ’
918 2350 1156 2423 ἑκατέρα
1208 2355 1315 2425 μὴν
1356 2359 1483 2432 δόξῃ
1524 2363 1592 2417 τὰ
1632 2338 1785 2419 κοινά

216 2429 387 2500 μέχρι
415 2431 602 2486 τούτου
621 2450 636 2465 ·
662 2438 907 2506 σχίζεται
934 2442 989 2495 δὲ
1012 2445 1072 2496 τὸ
1090 2445 1273 2499 λοιπὸν
1289 2429 1526 2519 θατίρας
1547 2456 1577 2525 ἡ
1600 2457 1783 2527 ἑτέρα·

212 2522 311 2573 καὶ
343 2523 375 2592 ἠ
407 2523 509 2592 μὶν
539 2530 829 2596 πρόσωπον
865 2533 1227 2610 ύποτιθεμένη
1259 2540 1383 2594 ὅσον
1412 2522 1705 2600 πολιτικόν⁷
1724 2566 1784 2603 τε

214 2619 315 2669 καὶ
343 2617 437 2670 τοῦ
475 2623 697 2688 μιγάδος
722 2626 874 2679 οὐδὲν
902 2630 1108 2700 ἀνέχει,
1140 2632 1236 2687 ἀτε
1264 2636 1327 2701 δὴ
1373 2641 1507 2710 πρὸς
1561 2643 1785 2712 μείζονα

214 2708 539 2775 φιλοσοφίαν
563 2712 946 2785 δυσανάγωγόν
975 2739 1033 2774 τε
1064 2727 1157 2777 καὶ
1184 2725 1434 2796 δυσήνιον
1452 2746 1464 2759 ·
1492 2735 1700 2798 τούτοις
1728 2738 1783 2791 δὲ

214 2798 330 2867 ἄρα
371 2800 700 2871 ὑπαγορεύει
744 2799 1199 2880 διοικονομεῖσθαι
1246 2820 1337 2872 καὶ
1384 2822 1485 2893 τὴν
1536 2825 1644 2878 τῶν
1690 2846 1786 2896 με-

213 2886 384 2955 τρίων
414 2890 609 2956 κτῆσιν
633 2934 649 2958 ,
677 2897 771 2947 καὶ
804 2898 904 2965 τῆς
940 2902 1068 2965 τοὺς
1112 2906 1361 2973 μαθητὰς
1388 2886 1785 2987 ἀθλοθετούσης

212 2976 537 3043 νομοθεσίας
561 2982 882 3054 ἐλευθερους
921 2992 1145 3053 τούτους
1178 2995 1432 3065 ἀφίησιν·
1476 3004 1508 3071 ἡ
1552 3004 1610 3057 δὲ
1657 2976 1785 3068 τοῦς

225 3066 519 3133 Ἰουδαίους
556 3071 665 3124 τῶν
710 3075 972 3145 μαθητῶν
1014 3081 1413 3152 ἀντεισάγουσα
1444 3066 1785 3163 προφητείαν

213 3250 422 3313 παντὸς
462 3251 556 3304 τοῦ
587 3257 794 3322 γένους,
823 3260 946 3329 ἥτις
976 3266 1069 3316 καὶ
1101 3266 1237 3336 πρὸς
1270 3271 1431 3339 ἔργον
1459 3274 1779 3345 ἐκϐέϐηκεν,

214 3340 634 3398 Οὐεσπασιανοῦ
664 3351 755 3401 καὶ
785 3351 943 3405 Τίτου
978 3356 1057 3435 είς
1085 3356 1403 3429 πολιορκίαν
1426 3365 1525 3433 τῆς
1566 3340 1785 3435 Ἰεροσολ

212 3428 406 3499 λύμων
436 3434 641 3497 πόλεως
663 3430 1066 3505 καταστάντων,
1098 3445 1169 3509 οἳ,
1198 3428 1291 3502 καὶ
1314 3428 1520 3524 ταύτην
1548 3428 1781 3527 πολέμου

213 3522 368 3590 νόμῳ
400 3529 906 3597 παραστησάμενοι.
940 3536 1213 3606 μαχαίρας
1236 3539 1395 3609 ἔργον
1424 3522 1485 3596 τδ
1520 3522 1784 3601 Ἰουδαίων

214 3612 369 3672 Εθνος
404 3614 702 3681 επὲδειξαν.
741 3619 873 3672 Τότε
899 3623 1008 3693 γάρ
1032 3625 1095 3695 δὴ
1128 3627 1251 3679 τότε
1280 3625 1368 3692 οἷς
1405 3632 1560 3703 μὲνή
1594 3637 1784 3706 κτῆσις

216 3809 407 3863 ροντες
429 3796 509 3856 είς
538 3797 631 3858 τάς
663 3799 922 3854 ἐπέκεινα
948 3806 1045 3874 τῆς
1089 3806 1348 3873 Ἰουδαίας
1375 3814 1561 3877 πόλεις
1588 3819 1687 3884 τῆς
1708 3821 1786 3872 oi-

213 3884 372 3946 κείας
404 3886 705 3957 ἀπέτρεχον
739 3895 1124 3962 μητροπόλεως
1143 3910 1159 3927 ·
1210 3900 1260 3951 οί
1288 3900 1333 3953 δ’
1364 3902 1537 3968 άλλως
1569 3908 1783 3979 πλούτῳ

216 3971 598 4044 βαρυνόμενοι,
627 3979 659 4047 ἢ
688 3982 781 4033 καί
810 4000 952 4036 τισιν
996 3987 1203 4056 ἑτέροις
1232 3993 1455 4059 τρόποις
1484 3971 1783 4070 ἐνεσχημέλ

213 4084 317 4130 νοι,
347 4062 497 4121 οὗτοι
539 4070 602 4140 δὴ
649 4076 715 4143 τῇ
746 4074 899 4128 πόλει
933 4079 1119 4147 μένειν
1145 4062 1781 4165 ἑξαπαιτούμενοι,

215 4161 311 4212 καὶ
344 4160 618 4230 μαχαίρας
663 4167 755 4217 καὶ
785 4167 883 4229 τὰς
928 4168 1093 4233 ἄλλας
1140 4175 1443 4244 πολεμικὰς
1484 4160 1783 4247 πανοπλίας

213 4250 533 4314 ἐξωνεῖσθαι
585 4256 999 4325 συνηλαύνοντο,
1054 4262 1149 4315 τοῦ
1198 4266 1436 4339 πολέμου
1500 4272 1636 4343 πρὸς
1683 4276 1781 4345 τὴν

216 4340 421 4409 πρᾶξιν
461 4343 555 4394 καὶ
603 4346 679 4414 μὴ
727 4346 1086 4418 βουλομένους
1134 4340 1637 4427 ἐπαναγκάζοντος·
1687 4340 1781 4420 καὶ

214 4430 373 4484 τοῦτο
400 4430 465 4500 δὴ
494 4432 650 4486 τοῦτο
676 4431 816 4491 εἶναι
838 4438 867 4491 δ
887 4440 950 4492 τὸ
974 4440 1289 4500 δεσποτικὸν
1339 4452 1778 4518 προαπεθέσπισε

214 4522 427 4591 στόμα·
470 4540 489 4574 ι
522 4524 635 4577 Νῦν
677 4526 732 4579 δὲ
773 4530 803 4582 ὁ
848 4529 985 4598 ῑχων
1015 4532 1300 4602 βαλάντιον
1342 4541 1529 4611 ἀράτω
1578 4546 1777 4614 ὁμοίως

214 4615 307 4667 καὶ
335 4616 522 4685 πήραν
541 4632 555 4648 ·
590 4618 619 4670 ὸ
642 4617 701 4671 δὲ
732 4621 807 4688 μὴ
832 4621 971 4691 ἔχων
999 4626 1242 4695 πωλήσει
1271 4629 1338 4683 τὰ
1365 4633 1557 4701 ίμάτια
1585 4637 1777 4704 αὑτοῦ,

212 4708 308 4760 καὶ
339 4709 599 4780 ἀγοράσει
630 4713 930 4783 μάχαιραν·
968 4733 988 4766 ι
1032 4717 1191 4771 τοῦτο
1239 4721 1296 4774 δι
1345 4726 1454 4793 ἀρα
1497 4728 1589 4779 καὶ
1639 4747 1778 4801 χρη-

211 4802 371 4868 σμοῖς
398 4799 604 4855 ἀνωθεν
632 4804 1028 4876 προδηλοῦσθαι
1046 4826 1059 4841 ·
1097 4829 1116 4861 ι
1136 4811 1450 4883 Συγκόψατε
1474 4816 1542 4870 τά
1568 4817 1700 4887 ἀροτ

215 4890 364 4959 ὑμῶν
399 4893 477 4954 είς
514 4895 805 4963 ῥομφαίας,
855 4899 948 4950 καὶ
980 4899 1048 4952 τά
1088 4901 1333 4971 δρέπανα
1385 4908 1464 4969 είς
1506 4890 1768 4982 σειρομά-

214 4996 361 5044 στας,
408 5000 426 5032 ι
481 4981 573 5035 τοῦ
617 4984 764 5038 θείου
816 4992 1404 5061 προκαταγγέλλοντος.
1451 4981 1636 5066 Οὕτως
1664 4981 1779 5061 οὖν

212 5073 399 5139 φασὶν,
450 5073 700 5145 οὐδαμῶς
734 5078 1005 5147 μάχεσθαι
1036 5082 1098 5134 τὸ
1128 5082 1204 5154 μὴ
1241 5085 1385 5155 ἔχειν
1430 5091 1609 5164 ζώνην
1638 5098 1776 5168 μήτε

1897 631 2033 686 nihil
2060 634 2240 703 majus
2264 638 2370 692 dici
2400 648 2599 707 queat:
2637 644 2786 713 regni
2814 646 3063 703 videlicet
3091 654 3329 709 calcatis
3368 656 3486 711 ba:-

1899 726 2185 781 reditatem
2220 728 2326 783 illis
2350 731 2567 800 adjecit.

1965 820 2019 873 9.
2062 818 2185 874 llaec
2215 822 2475 893 aiuntqui
2506 835 2629 893 post
2655 828 2780 883 illos
2807 830 3017 897 priores
3048 832 3182 889 dant
3228 851 3482 907 operam.

1896 916 1954 961 ut
1984 924 2139 964 sacra
2179 914 2400 967 oracula
2441 915 2583 969 inter
2609 933 2667 971 se
2698 933 3024 976 consonent.
3053 923 3116 976 Et
3136 941 3270 982 sane
3295 930 3483 998 explo-

1896 1008 2073 1051 ratum
2117 1011 2200 1054 est
2241 1012 2449 1069 partem
2518 1017 2809 1078 utramque
2866 1026 2897 1064 a
2946 1027 3191 1080 personae
3239 1018 3478 1073 circum-

1895 1094 2092 1141 stantia
2156 1093 2222 1145 ad
2281 1097 2677 1151 conciliandam
2740 1102 2891 1154 dubii
2951 1106 3279 1163 solutionem
3330 1111 3477 1165 vires

1894 1180 2164 1249 colligere.
2201 1185 2422 1240 Caetera:
2453 1203 2603 1250 vero,
2640 1203 2906 1259 quantum
2948 1197 3220 1261 novimus,
3251 1214 3478 1256 senten-

1895 1270 1981 1324 tiae
2007 1286 2076 1327 ex
2106 1274 2297 1329 iisdem
2322 1278 2433 1332 fere
2458 1281 2742 1350 principiis
2774 1280 3032 1352 manant;
3078 1305 3256 1358 neque
3288 1302 3471 1347 tamen

1894 1360 2007 1413 sive
2032 1378 2159 1417 cum
2189 1366 2468 1433 prioribus
2499 1371 2614 1425 sive
2649 1373 2781 1441 ipsa:
2810 1389 2993 1431 secum
3020 1380 3086 1433 ad
3115 1379 3277 1435 finem
3304 1398 3479 1454 usque

1894 1457 2265 1512 consentiunt.
2319 1461 2456 1515 Nam
2507 1470 2563 1516 et
2608 1466 2737 1534 ipsa:
2801 1469 3019 1537 quidem
3052 1487 3082 1525 a
3116 1487 3475 1540 personarum

1890 1546 2205 1604 diversitate
2262 1560 2623 1620 quaestionem
2676 1559 2945 1615 solvunt:
2984 1568 3281 1636 ceteroqui
3313 1569 3468 1636 prius

1891 1651 2260 1708 praeceptum,
2325 1648 2473 1715 quod
2554 1655 2893 1720 paupertatis
2944 1654 3116 1725 legem
3168 1662 3471 1728 sanciebat,

1888 1730 2172 1799 discipulis
2201 1750 2388 1790 revera
2420 1738 2575 1793 aiunt
2605 1743 2889 1805 traditum,
2934 1745 3125 1815 hisque
3148 1751 3284 1804 solis
3326 1766 3467 1807 con-

1817 1864 1863 1923 B
1891 1838 2105 1891 gruere,
2141 1841 2241 1880 nec
2282 1844 2390 1883 non
2416 1831 2482 1886 iis
2506 1833 2820 1892 hominibus
2843 1839 2937 1906 qui
2973 1840 3211 1910 religiosi
3231 1844 3472 1902 instituti

1890 1928 2074 1982 parem
2111 1919 2453 1975 severitatem
2507 1924 2875 1981 iusolubiliter
2923 1944 3017 1997 per
3049 1946 3266 1987 omnem
3300 1938 3469 1991 vitam

1888 2008 2122 2076 amplexi
2153 2021 2298 2067 sunt.
2316 2014 2505 2069 Altero
2533 2031 2714 2073 autem
2739 2021 2995 2075 mandato
3019 2024 3163 2079 haud
3194 2028 3469 2086 infirmari

1888 2098 2041 2153 aiunt
2067 2101 2227 2156 latam
2267 2104 2687 2172 perfectioribus
2740 2111 2846 2167 illis
2897 2119 3232 2183 paupertatis
3262 2120 3469 2191 legem;

1888 2188 2049 2258 idque
2087 2208 2371 2260 personam
2419 2197 2637 2265 quidem
2674 2203 3005 2269 praetendere
3049 2188 3469 2276 discipulorum,

1886 2290 2254 2337 verumtamen
2294 2286 2432 2339 alios
2485 2286 2733 2343 homines
2783 2307 2972 2362 reapse
3021 2306 3289 2363 spectare.
3327 2298 3470 2355 llac-

1889 2382 2045 2424 tenus
2086 2376 2366 2429 sententia:
2399 2379 2614 2447 utrique
2657 2396 2950 2439 commune
3018 2387 3225 2456 aliquid
3304 2392 3467 2447 inest.

1889 2461 2087 2517 Deinde
2121 2466 2175 2518 iu
2204 2468 2417 2524 diversa
2443 2471 2643 2527 abeunt
2672 2491 2685 2527 :
2728 2476 2928 2529 etenim
2962 2478 3133 2534 altera
3173 2496 3466 2550 personam

1886 2557 2139 2624 proponit
2174 2558 2242 2611 ab
2270 2561 2417 2614 omni
2472 2563 2692 2631 quidem
2731 2582 2788 2620 re
2824 2568 3046 2633 politica
3096 2587 3161 2627 ac
3212 2577 3465 2643 populari

1886 2647 2287 2717 abhorrentem,
2324 2657 2620 2725 czeteroqui
2670 2658 3008 2716 sublimioris
3036 2661 3159 2718 vitae
3183 2664 3327 2719 haud
3360 2684 3459 2722 ca-

1886 2754 2071 2808 pacem
2114 2757 2291 2811 neque
2323 2746 2663 2813 patientem:
2722 2750 2829 2812 his,
2862 2752 3110 2820 inquam,
3150 2754 3466 2814 hominibus

1886 2830 2160 2885 modicum
2202 2834 2280 2888 rei
2330 2836 2618 2893 familiaris
2653 2854 2964 2907 possessum
3025 2846 3294 2909 attribuit,
3338 2864 3466 2904 eos-

1884 2920 2117 2991 demque
2158 2924 2292 2993 legis
2315 2927 2458 2993 ejus,
2495 2944 2616 2996 qua:
2662 2931 2949 2999 discipulis
2980 2947 3242 2990 coronata
3278 2950 3459 2993 certa-

1883 3014 2031 3065 mina
2055 3015 2262 3079 indicit,
2285 3018 2555 3074 immunes
2586 3036 2707 3075 esse
2740 3022 2890 3078 sinit.
2931 3025 3116 3081 Altera
3164 3037 3295 3084 vero
3330 3046 3459 3087 sen-

1887 3104 2054 3155 tentia
2076 3102 2299 3161 Judaeos
2336 3109 2735 3179 discipulorum
2764 3114 2883 3168 loco
2927 3131 3155 3184 ponens,
3186 3120 3239 3173 in
3274 3132 3463 3189 postes

246 3160 360 3211 ἱναι
411 3160 513 3228 τῆς
556 3162 815 3236 δευτέρας
870 3170 939 3221 τά
998 3175 1219 3243 ῥήματα
1273 3178 1572 3235 διατίθεται
1616 3160 1781 3239 *κατά

2283 3160 2291 3161 ,
2348 3160 2735 3179 avra---“
2764 3160 2879 3168 --η
2928 3160 3155 3184 ,ηπ-...η
3274 3160 3456 3189 re...“

1885 3196 2047 3250 rioris
2070 3198 2308 3251 mandati
2339 3200 2517 3255 verbis
2544 3203 2861 3259 vaticinium
2910 3218 3100 3262 contra
3142 3212 3456 3268 universam

1884 3296 2094 3354 gentem
2126 3291 2391 3344 contineri
2456 3293 2575 3347 ait:
2635 3298 2779 3363 quod
2839 3314 2971 3353 sane
3002 3302 3209 3355 exitum
3238 3315 3457 3361 nactum

1883 3388 1988 3439 est,
2011 3392 2134 3432 cum
2166 3378 2536 3451 Vespasianus
2562 3402 2626 3440 ac
2673 3386 2830 3443 'l‘itus
2858 3389 3229 3464 Hierosolyma
3263 3397 3451 3451 urbem

1885 3470 2167 3524 obsidione
2196 3472 2518 3540 cinxerunt;
2544 3479 2635 3544 qui
2677 3490 2799 3547 post
2848 3481 2986 3536 hanc
3012 3484 3133 3538 belli
3169 3486 3288 3554 jure
3328 3490 3456 3541 sub-

1884 3568 2095 3623 actam,
2135 3562 2352 3617 Judaaos
2397 3567 2590 3634 gladiis
2633 3576 3040 3628 consumendos
3090 3578 3451 3633 tradiderunt.

1886 3650 2039 3705 ’l'unc
2066 3653 2209 3705 enim
2240 3670 2473 3722 quorum
2506 3663 2782 3729 possessio
2806 3666 3049 3733 supellex
3068 3677 3184 3723 erat
3207 3680 3260 3725 et
3288 3673 3452 3740 quid-

1760 3758 1784 3769 -
1885 3744 2013 3810 quid
2036 3743 2198 3799 facile
2224 3751 2494 3816 asportari
2536 3762 2769 3821 poterat,
2812 3756 2865 3810 id
2903 3758 2954 3811 iu
3007 3760 3140 3814 alias
3169 3770 3321 3816 extra
3349 3763 3451 3816 Ju-

1883 3836 2052 3888 dazam
2092 3838 2253 3893 urbes
2281 3838 2536 3906 ferentes,
2568 3860 2599 3898 a
2624 3862 2721 3900 sua
2760 3850 3043 3918 metrOpoli
3074 3850 3451 3923 dilfugiebant:

1882 3924 2011 3978 dum
2057 3928 2146 3980 alii
2183 3929 2396 3985 interim
2430 3934 2636 3990 divitiis
2666 3941 2894 4008 gravati,
2936 3952 3029 3996 aut
3056 3946 3300 4013 quolibet
3330 3962 3456 4002 mo-

1884 4017 1951 4069 do
1984 4017 2206 4083 detenti,
2265 4021 2394 4076 dum
2456 4026 2678 4081 urbanae
2724 4032 2969 4085 stationis
3032 4043 3249 4092 tenaces
3297 4049 3454 4102 sunt.

1884 4120 2174 4167 mucrones
2202 4120 2257 4165 et
2285 4128 2446 4169 enses
2479 4127 2643 4185 atque
2673 4121 2777 4174 alia
2810 4138 2960 4177 arma
2985 4125 3177 4181 bellica
3199 4143 3456 4187 coemere

1884 4196 2227 4268 festinabant,
2260 4203 2399 4259 bello
2419 4208 2485 4261 ad
2520 4210 2569 4263 id
2605 4209 2803 4267 invitos
2840 4226 3085 4284 urgente.
3110 4220 3285 4288 Atque
3311 4221 3455 4276 hanc

1882 4303 1997 4341 rem
2032 4292 2287 4347 nimirum
2315 4294 2598 4355 Dominico
2619 4317 2713 4357 ore
2735 4306 2987 4373 prldici;
3014 4324 3156 4364 nunc
3186 4328 3315 4365 vero
3350 4314 3453 4382 qui

1884 4378 2043 4434 habet
2070 4398 2407 4452 crumenam,
2440 4400 2621 4446 sumat
2651 4396 2857 4462 pariter
2890 4409 2942 4452 et
2977 4416 3158 4469 peram
3193 4420 3205 4455 :
3243 4378 3383 4472 quas
3401 4407 3453 4459 si

1810 4472 2004 4570 unis
2049 4472 2156 4528 non
2216 4477 2393 4542 habet,
2453 4483 2741 4539 divenditis
2806 4490 3140 4546 vestimentis
3206 4495 3454 4563 gladium

1884 4563 2150 4631 acquiret.
2195 4564 2250 4619 Id
2287 4568 2462 4635 ipsum
2494 4572 2897 4642 antiquioribus
2938 4594 3158 4649 quoque
3208 4586 3457 4639 oraculis

1881 4652 2241 4722 significatum
2298 4657 2494 4723 fuerat.
2563 4667 2823 4734 propheta
2871 4669 3126 4727 dicente:
3168 4691 3189 4725 ι
3252 4676 3451 4731 Aratra

1879 4753 2056 4799 vestra
2095 4749 2148 4800 in
2174 4750 2402 4818 gladios,
2435 4757 2510 4807 et”
2537 4754 2706 4812 falces
2729 4760 2783 4813 in
2814 4762 3031 4818 lanceas
3059 4766 3390 4821 concidite'.
3426 4786 3444 4817 ι

1706 4838 1772 4923 θα
1873 4832 1965 4889 Sic
1996 4836 2161 4905 igitur
2191 4842 2352 4896 verba
2385 4861 2397 4897 :
2434 4861 2453 4895 ι
2487 4844 2563 4899 Ne
2597 4847 2844 4905 habeatis
2886 4868 3078 4907 zonam
3130 4870 3308 4923 neque
3344 4858 3454 4908 cal.

1878 4939 2155 4983 ceamenta
2181 4946 2355 5001 neque
2385 4951 2594 5004 peram,
2634 4960 2652 4992 ι
2683 4951 2880 5011 negant
2900 4961 3139 5016 pugnare
3158 4964 3283 5002 cum
3318 4949 3409 5006 his
3430 4988 3449 5001 .

1890 5034 1910 5066 ε
1942 5015 2096 5071 Nunc
2118 5020 2209 5087 qui
2242 5021 2402 5078 habet
2429 5040 2771 5095 crumenam,
2811 5045 2991 5089 sumat
3028 5037 3230 5105 pariter
3266 5048 3321 5093 et
3367 5054 3454 5109 pc—

1886 5121 2000 5160 ram
2030 5127 2042 5162 :
2083 5112 2176 5179 qui
2216 5126 2343 5167 vero
2383 5131 2492 5171 non
2524 5119 2707 5187 habet,
2756 5124 3080 5182 vestimenta
3108 5143 3205 5182 sua
3232 5131 3451 5198 vendet,

213 5164 536 5232 ὑποδήματα
571 5168 705 5235 μήτε
764 5171 975 5238 πήραν,
1031 5173 1167 5243 πρὸς
1195 5176 1255 5227 τὸ
1288 5194 1307 5227 ι
1346 5178 1459 5232 Νῦν
1486 5182 1542 5235 δὲ
1576 5187 1605 5237 ὁ
1634 5164 1771 5258 ἔχων

1879 5164 2222 5271 gladiumque

214 5248 501 5316 βαλάντιον
542 5258 733 5326 ἀράτω
767 5260 969 5329 ὁμοίως
993 5264 1084 5317 καὶ
1121 5264 1301 5334 πήραν
1322 5285 1335 5297 ·
1380 5267 1410 5319 ὀ
1470 5270 1528 5324 δὲ
1562 5248 1841 5351 113;"!wa

378 5366 489 5402 ν.»

378 5368 426 5402 ν.
469 5369 489 5401 ι

216 5368 547 5496 “fama
572 5460 636 5510 γε
665 5448 779 5509 τοῖς
814 5446 958 5501 οὕτω
986 5449 1084 5520 τὴν
1129 5452 1366 5524 ἀπορίαν
1398 5455 1775 5530 ἑπιλυομένοις

213 5531 579 5587 ἀντιπεσεῐται
614 5537 712 5605 μὲν
744 5538 873 5602 ἴσως
904 5539 1045 5593 αὑτά
1091 5540 1162 5595 τά
1186 5540 1480 5602 δεσποτικά
1519 5554 1770 5623 ῥήματα·

274 5765 299 5799 ⁴¹
326 5761 466 5820 Joel.
504 5782 583 5833 ut,
621 5767 697 5823 f0.

2184 5293 2245 5345 τὸ
2308 5295 2523 5364 ἱμάτιον
2587 5300 2793 5366 αὐτοῦ,
2859 5304 2957 5359 καὶ
3017 5306 3281 5378 ἀγοράσει
3338 5312 3451 5380 μά-

1953 5472 2037 5525 10.
2082 5473 2184 5529 Sed
2224 5481 2371 5535 enim
2408 5483 2492 5539 his
2520 5488 2613 5555 qui
2647 5488 2746 5543 hac
2774 5490 2987 5545 ratione
3015 5494 3446 5550 controversiam

1877 5562 2159 5631 dirimunt,
2197 5569 2311 5639 ipsa
2362 5574 2595 5632 fortasse
2633 5577 2910 5637 Dominica
2960 5587 3122 5639 verba
3171 5587 3450 5640 contradi-

219 5624 413 5680 ιὈταν
444 5627 552 5698 γὰρ
580 5628 872 5685 ἀπέστειλα
907 5632 1069 5703 ὑμᾶς,
1112 5652 1132 5686 t
1168 5636 1321 5707 φησί.
1356 5639 1485 5707 Καὶ,
1524 5661 1543 5694 ι
1572 5643 1685 5699 Νῦν
1713 5647 1768 5702 δι

1879 5664 2042 5711 cunt:
2082 5676 2102 5709 ι
2136 5659 2271 5716 Cum
2304 5666 2427 5722 misi
2452 5684 2571 5734 vos,

2608 5689 2626 5723 ι
2661 5672 2860 5743 inquit.
2890 5694 2909 5728 ι
2936 5674 3090 5733 Nunc
3113 5687 3291 5734 autem
3324 5678 3446 5734 dico
