4198 6440
719 440 800 507 -59
1881 439 2144 503 ΡΗΟΤΙῙ
2186 440 2332 503 ΡΑΤῙ

2432 438 2693 502 ARCHE
2723 438 2831 499 ΟΡ.
3915 433 3992 500 ϐο

738 550 933 620 vobis;
969 568 989 605 ι
1019 565 1128 607 non
1163 551 1287 608 aliis
1320 551 1415 608 sed
1441 551 1598 609 vobis
1631 552 1790 624 ipsis.
1821 568 1962 623 quos
1991 563 2149 610 antea
2177 569 2316 625 prte-

2432 558 2561 622 ίεγω
2582 553 2712 618 ύμῖν
2732 568 2746 584 ’
2790 569 2808 604 ι
2842 550 2941 606 οὐκ
2973 549 3155 615 ἀλλοις
3198 548 3318 605 ἀλλ’
3352 549 3482 622 ὑμῖν
3528 547 3732 612 αὐτοῖς,
3762 543 3855 611 οὓς
3895 545 3994 600 καὶ

731 641 970 698 dicatum
1006 642 1152 697 misi.
1194 643 1375 710 Quare
1410 642 1566 698 locus
1609 640 1934 713 recipienda
1959 657 2311 714 personarum

2432 643 2713 715 ιηρύσσειν
2767 640 3102 696 ἀπέστειλα·
3135 638 3276 694 ὥστε
3309 637 3405 694 νῦν
3443 639 3479 708 ἡ
3525 637 3636 690 τῶν
3681 633 3994 706 προσώπων

734 733 1017 788 mutationi
1049 734 1231 789 nullus
1261 742 1367 795 est,
1395 732 1509 790 lnto
1529 749 1658 791 vero
1686 734 1817 806 quid
1852 744 2313 802 consentaneum,

731 823 818 878 vel
850 839 1010 892 quem
1050 839 1251 879 nexum
1296 825 1497 880 habent
1523 827 1686 882 verba
1718 843 1732 882 :
1774 845 1794 878 ι
1831 825 1989 884 Nunc
2016 827 2110 898 qui
2156 827 2319 883 habet

735 928 1082 980 crumenam,
1119 924 1302 969 sumat
1335 917 1541 985 pariter
1590 925 1646 972 et
1680 931 1891 987 peram,
1937 934 1957 971 ι
2006 933 2129 974 cum
2181 932 2318 987 pau-

734 1007 960 1074 pertatis
1001 1007 1303 1063 mandato?
1323 1008 1436 1063 Cnr
1459 1007 1605 1063 enim
1643 1025 1847 1080 pauper
1875 1025 2193 1067 crumenam
2224 1009 2321 1064 ha-

736 1097 918 1165 beret}
933 1095 1053 1152 lam
1078 1099 1192 1167 ipsa
1212 1113 1352 1165 perte
1370 1113 1493 1152 cum
1514 1113 1772 1155 crumena
1792 1101 2119 1170 assumptio.
2142 1099 2320 1168 quod-

738 1202 885 1249 nam,
920 1203 1129 1256 quaeso.
1160 1187 1375 1243 Judaici
1401 1190 1553 1243 exitii
1594 1190 1910 1245 vaticinium
1936 1190 2150 1244 innuit?
2179 1190 2323 1245 Sane

739 1276 853 1330 haec
906 1277 1224 1344 opinionum
1295 1278 1571 1348 indagatio
1622 1280 1668 1332 si
1726 1282 1898 1334 libero
1946 1279 2157 1348 judicio
2206 1281 2320 1343 liat,

739 1367 1118 1436 praedictarum
1173 1384 1394 1438 quoque
1457 1371 1858 1425 sententiarum
1899 1371 2177 1427 nonnullis
2219 1371 2322 1426 ob-

742 1458 929 1525 stabit,
965 1474 1142 1527 neque
1187 1462 1336 1514 sinet
1379 1462 1657 1517 indubiam
1698 1462 2028 1516 solutionem
2072 1463 2321 1518 evadere.

741 1549 995 1617 Namque
1040 1551 1168 1604 olim
1223 1552 1572 1608 interdixissc
1618 1551 1932 1622 discipulis,
1967 1554 2161 1608 deinde
2190 1563 2327 1607 con-

748 1641 1004 1702 cessisse,
1054 1656 1215 1711 opes;
1270 1643 1377 1706 his,
1435 1644 1691 1714 inquam,
1739 1645 2012 1700 mandatis
2063 1645 2158 1714 qui
2206 1644 2326 1702 ﬁeri

748 1746 928 1808 potest
955 1745 1013 1790 ιιι
1053 1735 1495 1789 accommodetur
1535 1736 1739 1790 dictum
1779 1736 1908 1789 illud
1943 1751 1960 1787 :
1994 1756 2014 1788 ι
2051 1735 2206 1792 Nunc
2235 1734 2328 1806 qui

743 1829 906 1883 habet
950 1841 1297 1890 crumenam,
1347 1834 1532 1881 sumat
1574 1837 1629 1880 et
1678 1826 1904 1896 peram?
1959 1845 1978 1878 ε
2025 1843 2328 1897 rursusque

2417 733 2706 806 ὑπαλλαγὴ
2754 731 3014 802 οὐδεμίαν
3063 732 3309 803 εὑρίσκει
3354 729 3541 802 χώραν
3581 727 3873 797 ἀποδοχῆς.
3913 723 3993 777 Οὐ

2421 827 2528 896 μὴν
2561 825 2698 879 ἀλλά
2728 825 2827 880 καὶ
2855 825 2977 878 τίνα
3003 823 3182 892 λόγον,
3218 824 3374 876 ποῖον
3403 819 3463 875 δέ
3492 818 3854 874 συνδιασώσει
3877 815 3998 883 alp-

2422 916 2522 986 μδν
2559 915 2641 979 τὸ,
2674 932 2694 967 ε
2742 914 2902 968 Ἀλλά
2949 911 3045 966 νῦν
3088 915 3119 966 ό
3166 912 3306 982 ἔχων
3357 909 3643 976 βαλάντιον
3673 906 3864 978 ἀράτω
3899 902 3998 955 καὶ

2425 1010 2631 1079 πήραν,
2667 1025 2686 1060 ε
2723 1009 2861 1078 πρὸς
2886 1005 2988 1078 τὴν
3027 1005 3128 1073 τῆς
3163 1001 3549 1074 ἀκτημοσύνης
3579 999 3836 1068 cvron;
3872 994 4002 1054 Πῶς

2421 1100 2530 1169 7&9
2567 1099 2634 1152 ἂν
2682 1099 2712 1151 ό
2743 1099 3009 1167 ἀκτήμων
3045 1095 3328 1165 βαλάντιον
3351 1092 3464 1163 ῑχοι
3488 1108 3505 1158 ;
3538 1089 3674 1144 τίνα
3702 1089 3760 1141 δε
3786 1103 4003 1158 προφη-

2419 1190 2574 1244 τείαν
2619 1189 2680 1242 τὸ
2724 1187 3055 1259 προσλαϐεῖν
3086 1185 3165 1256 τῷ
3205 1184 3476 1256 βαλαντίῳ
3526 1184 3622 1235 καὶ
3673 1181 3857 1251 πήραν
3899 1180 4002 1249 τῆς

2421 1283 2533 1338 τῶν
2589 1281 2861 1335 Ἰουδαίων
2919 1280 3230 1349 ὑπογράφει
3291 1275 3711 1346 καταστροφῆςς
3773 1271 4002 1342 augt,

2422 1372 2644 1440 τοιαύτη
2694 1372 2795 1442 μέν
2846 1369 3043 1442 ἔρευνα
3071 1369 3180 1422 τῶν
3209 1366 3487 1437 λογισμῶν
3512 1364 3793 1432 ἀδεκάστῳ
3817 1361 4005 1432 κρίσει

2426 1467 2519 1520 καὶ
2544 1465 2653 1518 τῶν
2700 1463 3013 1534 ἐμπροσθεν
3042 1460 3452 1530 ἀποδεδομένων
3482 1457 3658 1526 λόγων
3691 1455 3854 1516 ῖνίοις
3889 1454 4006 1504 τισι.

2425 1555 2689 1619 διανοίαις
2718 1554 2970 1624 ἐμποδὼν
2994 1553 3063 1608 ἀν
3084 1555 3266 1623 σταίη,
3297 1551 3394 1606 καὶ
3413 1552 3517 1604 οὐκ
3533 1549 3600 1603 ἂν
3625 1546 4007 1618 συγχωρήσειε

2425 1647 2529 1718 τὴν
2558 1645 2714 1699 λύσιν
2735 1643 3218 1716 ἀναμφισϐήτητον
3239 1641 3555 1712 προελθεῖν·
3592 1639 3653 1692 sb
3680 1639 3790 1706 γάρ
3828 1635 4007 1690 πάλαι

2433 1739 2533 1811 μὶν
2581 1742 2696 1803 τοῖς
2729 1737 2999 1809 μαθηταῖς
3032 1735 3408 1799 ἀποκωλῦσαι,
3448 1732 3676 1802 ὕστερον
3699 1729 3745 1783 δ’
3779 1725 4007 1799 ἐπιτρι-

2428 1830 2528 1896 ψαι
2576 1829 2677 1900 τὴν
2709 1830 2938 1899 κτῆσιν
2978 1825 3206 1886 ταύταις
3243 1825 3300 1880 δέ
3354 1827 3474 1886 ταῖς
3515 1821 3755 1881 ἐντολαῖς
3783 1817 3902 1881 πῶς
3939 1818 4012 1870 ἂν

745 1920 874 1974 illttd
920 1937 934 1973 :
978 1937 997 1970 ι
1038 1919 1131 1989 qui
1163 1928 1345 1972 autem
1389 1933 1498 1972 non
1532 1917 1713 1980 habet,
1750 1917 2041 1972 divenditis
2082 1919 2325 1973 vestibus

2432 1899 2791 1992 itpslxuisosiq
2825 1923 3167 1991 συναρμόσαι
3191 1918 3274 1983 τό,
3308 1935 3327 1968 t
3357 1916 3519 1970 Ἀλλά
3556 1914 3652 1967 νῦν
3675 1914 3705 1965 ό
3737 1912 3880 1980 ιχων
3908 1909 4009 1980 βα-

745 2011 984 2082 gladiutn
1021 2009 1199 2065 emet?
1225 2029 1244 2059 ε
1275 2007 1462 2079 Neque
1483 2023 1635 2074 vero,
1664 2008 1710 2063 si
1745 2009 1828 2062 vel
1871 2009 1988 2062 haec
2014 2009 2324 2063 concedan-

749 2113 861 2167 tur,
904 2103 1110 2158 idcirco
1151 2110 1375 2173 apparet
1411 2101 1610 2170 prioris
1652 2102 1890 2156 mandati
1925 2101 2065 2168 apud
2105 2115 2201 2155 eos
2230 2099 2325 2170 qui

749 2202 1077 2265 acceperant
1126 2194 1511 2248 observantia:
1563 2193 1768 2263 alioqui
1824 2194 2004 2247 nullus
2054 2207 2329 2248 crumena:

747 2287 901 2340 locus
943 2294 1109 2340 esset.
1166 2283 1449 2339 Posterius
1481 2296 1659 2338 autem
1707 2285 2022 2339 mandatum
2064 2301 2173 2339 non
2218 2293 2326 2340 tam

749 2373 1066 2444 possidendi
1093 2374 1308 2444 copiam
1349 2372 1499 2436 facit,
1535 2388 1700 2443 quam
1733 2373 2041 2443 superioris
2079 2373 2329 2426 violatio-

750 2482 870 2520 nem
914 2467 1183 2534 coarguit.
1231 2464 1363 2530 Qua:
1413 2480 1539 2517 cunt
1588 2465 1660 2517 ita
1700 2477 1760 2518 se
1809 2463 2082 2528 habeant,
2132 2462 2329 2517 nihilo-

751 2561 937 2614 minus
984 2573 1172 2613 sacros
1217 2558 1337 2612 illos
1381 2557 1703 2625 interpretes
1747 2565 1966 2626 prapter
2015 2571 2115 2612 sua
2147 2558 2329 2625 priora

751 2651 1060 2707 tentamina
1105 2651 1366 2720 piumque
1414 2649 1660 2703 animum
1698 2648 1897 2703 divinis
1937 2648 2223 2716 praeconiis
2250 2646 2332 2703 ef-

752 2746 896 2797 I't-rre
921 2744 1095 2797 decet.
1124 2740 1298 2812 Oputn
1328 2740 1527 2810 quippe
1546 2739 2077 2795 bermeneuticarutn
2113 2740 2328 2794 initium

752 2833 881 2888 inde
930 2843 1212 2888 traxerunt
1247 2835 1305 2897 ii,
1350 2834 1443 2903 qui
1489 2835 1610 2889 illos
1655 2834 1932 2888 consecuti
1967 2843 2116 2896 sunt,
2157 2834 2332 2889 inter-

751 2936 956 2995 pretes,
988 2927 1296 2980 seminibus
1329 2926 1586 2979 nimirum
1620 2927 1860 2995 acceptis
1889 2940 1954 2980 ac
1989 2925 2328 2980 solutionum

769 3017 1170 3072 act'nratiorum
1215 3018 1494 3087 primitiis.
1538 3017 1703 3087 quue
1752 3017 1925 3085 magis
1972 3017 2078 3071 illis
2117 3013 2330 3083 patrum

758 3121 850 3174 jus
874 3122 1002 3177 erga
1035 3121 1131 3161 nos
1163 3107 1380 3173 asserit,
1408 3123 1613 3176 nosque
1642 3107 1823 3161 omnis
1852 3105 2208 3159 observantia:
2239 3107 2333 3160 de-

2427 2014 2641 2068 λάντιον
2668 2013 2858 2082 ἀράτω
2891 2012 2990 2066 καὶ
3015 2011 3092 2080 πή
3101 2025 3238 2080 ρανς
3265 2027 3283 2062 t
3309 2008 3406 2061 καὶ
3434 2007 3517 2068 τὸ,
3555 2025 3573 2058 t
3595 2005 3653 2059 Ὀ
3682 2004 3738 2058 δέ
3773 2005 3849 2074 μὴ
3871 2001 4013 2072 ἔχων

2429 2103 2673 2176 πωλήσει
2693 2102 2756 2156 τὸ
2779 2103 2995 2172 ίμάτιον
3022 2101 3210 2166 αὑτοῦ,
3232 2100 3328 2154 καὶ
3357 2100 3618 2167 ἀγοράσει
3642 2096 3921 2166 μάχαιραν
3947 2110 3964 2156 ;
3986 2111 4006 2142 ε

2429 2197 2568 2251 Οὔτε
2601 2195 2710 2267 7&9
2743 2196 2792 2248 εί
2824 2193 3000 2247 ταῦτα
3041 2191 3222 2263 δοθείη
3249 2231 3266 2255 ,
3314 2192 3413 2260 τῆς
3460 2188 3733 2259 προτέρας
3786 2183 4013 2252 ἐντολῆς

2428 2288 2680 2358 οὐδαμῶς
2714 2283 3150 2354 ἐπιγινώσκεται
3180 2285 3294 2348 τοῖς
3345 2280 3608 2335 λαϐοῦσιν
3659 2280 3692 2349 ἡ
3750 2277 4009 2346 φυλακή·

2429 2380 2491 2433 οὐ
2526 2380 2633 2449 7&9
2679 2379 2745 2432 ἀν
2805 2377 2992 2448 χώραν
3022 2371 3137 2446 εἶχε
3198 2375 3262 2428 τὸ
3323 2373 3627 2444 βαλάντιον.
3676 2369 3790 2425 Καὶ
3816 2371 3851 2439 η
3891 2370 4015 2422 δευ-

2428 2473 2564 2542 τερα
2617 2469 2677 2523 δὲ
2732 2469 2833 2522 οὑκ
2872 2466 3178 2539 ἐπιτροπὴν
3209 2467 3421 2532 είσάγει
3473 2462 3675 2534 μᾶλλον
3742 2459 3837 2514 τοῦ
3872 2463 4011 2529 κτη-

2432 2559 2652 2627 σασθαι,
2696 2559 2812 2613 ἀλλ’
2861 2559 3082 2628 ἔλεγχον
3123 2557 3220 2610 τοῦ
3256 2557 3332 2627 μὴ
3363 2554 3597 2624 φυλάξαι
3627 2553 3699 2606 τά
3731 2552 4011 2623 πρότερα·

2433 2653 2570 2707 ἀλλά
2595 2653 2703 2723 γὰρ
2731 2652 2857 2713 τοὺς
2887 2651 2986 2721 μὲν
3029 2647 3209 2719 ἱεροὺς
3251 2645 3493 2709 ἐκείνους
3530 2643 3913 2713 ἀνδραςλιηειν
3949 2658 4014 2694 τε

2432 2743 2608 2816 χρεὼν
2642 2744 2736 2796 καὶ
2755 2741 2996 2804 θειάξειν
3025 2741 3125 2811 τῆς
3153 2755 3211 2791 τε
3245 2738 3470 2808 πρώτης
3499 2734 3760 2804 ἐπιϐολῆς
3784 2734 3880 2787 καὶ
3907 2732 4013 2802 τῆς

2433 2833 2762 2903 εὐσεϐούσης
2804 2831 3064 2900 γνώμης⁸
3099 2830 3195 2882 καὶ⁵
3241 2829 3324 2882 ὅτι
3362 2827 3460 2894 τὴν
3504 2826 3678 2895 ἀρχὴν
3706 2823 3809 2894 τῆς
3847 2824 4012 2876 εὐπυ-

2434 2927 2556 2998 ρίας
2588 2923 2802 2978 ἐκεῖθεν
2846 2923 2896 2975 οι
2929 2921 3050 2991 μετ’
3081 2920 3279 2982 αὐτοὺς
3319 2917 3663 2984 ἀνεδέξαντο,
3719 2916 4014 2985 σπέρματα

2431 3018 2692 3079 λαϐόντες
2720 3017 2816 3070 καὶ
2847 3014 3104 3083 ἀπαρχὰς
3130 3009 3539 3082 ἀκριϐεστέρων
3570 3007 3875 3061 ἐπιλύσεων
3923 3004 4018 3057 καὶ

2431 3111 2492 3164 τό
2531 3125 2596 3177 γε
2626 3107 2872 3178 πατέρας
2914 3105 3112 3164 αὐτοὺς
3142 3101 3341 3172 μᾶλλον
3369 3100 3500 3170 ἡμῖν
3529 3097 3874 3166 ἐπιγράφων,
3914 3094 4016 3148 καὶ

754 3198 964 3252 bitores
996 3199 1360 3261 demonstrat,
1399 3198 1548 3267 quod
1581 3197 1839 3250 nimirum
1884 3195 2106 3250 acribus
2138 3211 2329 3249 eorum

2435 3201 2698 3273 τροφείων
2724 3199 2869 3268 ἡμᾶς
2894 3197 3194 3265 ἀποφαῖνον
3230 3191 3531 3266 χρεώστας,
3566 3191 3650 3243 ὅτι
3673 3190 3795 3252 ταῖς
3823 3187 4013 3240 συντόο

755 3289 1044 3345 conatibus
1086 3305 1152 3343 ac
1198 3289 1503 3349 laboribus,
1555 3302 1698 3343 nunc
1746 3288 1967 3342 demum
2014 3287 2080 3340 ad
2124 3289 2332 3355 apicem

753 3379 940 3435 videre
982 3377 1105 3433 licet
1134 3393 1415 3433 sacrarum
1462 3377 1789 3437 Litterarum
1827 3378 2331 3446 interpretationem

755 3479 1089 3539 provectam,
1146 3484 1247 3524 nec
1300 3469 1542 3538 cuipiam
1579 3468 1810 3523 inscitia:
1837 3477 1933 3522 aut
1979 3467 2334 3524 dubitationis

759 3578 948 3618 ansam
985 3562 1098 3629 jam
1129 3576 1254 3616 esse
1282 3563 1554 3616 relictam.

836 3650 921 3704 ll.
960 3649 1115 3716 Quod
1147 3651 1192 3704 si
1225 3649 1364 3705 forte
1391 3649 1591 3719 a|iquis
1616 3650 1788 3705 sancti
1815 3648 2050 3718 Spiritus
2073 3650 2332 3706 instinctu

756 3739 926 3808 dicat,
957 3742 1251 3812 praedictas
1273 3740 1608 3797 offensiones
1637 3741 1949 3796 declinandi
1998 3757 2186 3806 causa,
2224 3742 2336 3809 ple-

759 3844 960 3899 rasque
1005 3845 1194 3884 earum
1239 3845 1362 3900 qua:
1410 3829 1465 3884 itt
1517 3830 1699 3884 divina
1752 3829 2030 3899 Scriptura
2080 3831 2336 3884 videntur

757 3921 1243 3987 contradictiones,
1277 3923 1495 3977 inscitia
1532 3923 1807 3976 tnalitiave
1854 3938 2040 3976 eornm
2086 3923 2205 3978 ﬁeri
2236 3924 2332 3992 qtti

759 4020 938 4066 textus
967 4011 1087 4066 illos
1113 4023 1464 4082 oppugnant;
1491 4012 1565 4076 id,
1590 4012 1838 4081 inquam,
1868 4024 2013 4066 recte
2038 4013 2333 4068 admodum

757 4100 1018 4170 justeque
1041 4101 1278 4158 dicetur.
1319 4101 1534 4156 Etenim
1566 4102 1763 4170 partim
1799 4101 1946 4156 haud
1982 4104 2336 4158 considerant

757 4193 1201 4249 circumstantias
1261 4194 1466 4264 quibus
1526 4193 1898 4262 repugnantia;
1959 4193 2332 4262 auferuntur,

759 4285 958 4354 partim
990 4299 1121 4338 vero
1153 4285 1507 4355 improbitate
1547 4299 1647 4338 sua
1691 4284 2064 4339 dimcultatem
2100 4302 2336 4358 exagge-

759 4383 904 4428 rant.
959 4375 1212 4429 Attamen
1284 4389 1646 4445 personarutn
1711 4374 2122 4431 circumstantia
2192 4376 2336 4432 haud

759 4479 1086 4536 magnOpere
1129 4469 1382 4535 praesenti
1416 4477 1739 4538 argumento
1774 4467 2016 4536 prodest,
2059 4467 2155 4523 sed
2189 4468 2334 4537 ipsa-

760 4570 882 4610 rum
925 4557 1108 4628 potius
1138 4574 1424 4614 sacrarum
1479 4560 1784 4614 litterarum
1828 4558 2059 4627 diligens
2085 4559 2334 4614 conside-
2364 4554 2411 4611 ι)

760 4645 924 4710 ratio,
976 4646 1205 4702 inscitiae
1262 4649 1454 4704 sordes
1519 4649 1755 4718 puritate
1812 4647 1897 4702 sui
1951 4662 2146 4704 sensus
2205 4649 2336 4705 hinc

758 4737 970 4807 t-jiciet.
1013 4736 1253 4808 Sequere
1303 4755 1392 4794 me
1425 4739 1589 4809 igitur
1622 4739 1946 4808 cogitatione
1978 4748 2092 4806 tua,
2127 4755 2335 4794 meam-

758 4844 867 4896 que
889 4843 1111 4897 operam
1138 4829 1422 4885 comitare.
1450 4829 1635 4884 Primo
1655 4831 1874 4899 quidem
1903 4829 2168 4887 Dominus
2193 4831 2334 4885 hautl

755 4918 909 4986 jubet
933 4919 1232 4986 discipulos
1262 4934 1583 4974 crumenam
1617 4933 1825 4989 gerere.
1869 4934 2057 4974 verum
2098 4935 2194 4976 eos
2241 4924 2336 4990 qui

759 5007 903 5062 hanc
953 5008 1240 5070 haberent.
1291 5022 1478 5078 peram
1523 5023 1741 5078 quoque
1785 5007 1950 5063 simul
1988 5006 2133 5064 ferre
2179 5009 2334 5065 sinit.

757 5098 886 5165 Qui,
911 5113 1119 5168 quaeso,
1162 5098 1277 5153 hac
1336 5097 1478 5152 inter
1509 5112 1569 5152 se
1601 5099 1906 5163 dissonant,
1941 5097 2024 5152 vel
2063 5101 2337 5169 quomodo

757 5190 862 5244 sibi
891 5189 1298 5243 adversantur?
1330 5187 1382 5241 in
1412 5189 1808 5259 discipulorum
1859 5204 2091 5245 numero
2137 5190 2339 5246 habere

758 5296 822 5336 ac
845 5281 1140 5350 pmdicarc
1161 5295 1256 5336 eos
1279 5281 1373 5351 qui
1397 5283 1732 5351 paupertatis
1765 5282 2078 5336 mandatum
2105 5292 2335 5348 curant;

760 5372 1120 5427 violatoribus
1152 5381 1336 5426 autem
1366 5373 1672 5444 indulgere,
1710 5387 1873 5444 atque
1907 5373 2026 5442 ejus
2083 5375 2158 5428 rei
2201 5389 2337 5442 pra:-

762 5474 982 5533 ceptum
1019 5463 1332 5531 antiquare.
1370 5464 1582 5516 htcnim
1628 5463 1855 5519 iniit-ma:
1885 5464 2051 5518 ntenti
2078 5466 2339 5520 severitas

760 5555 960 5624 regula
1002 5555 1210 5610 inutilis
1251 5563 1366 5620 est;
1418 5566 1472 5608 et
1521 5556 1618 5624 qui
1671 5557 1952 5625 superiore
2002 5557 2106 5610 vita
2157 5557 2341 5627 negle-

760 5655 873 5698 tum
923 5645 1058 5714 legis
1094 5660 1204 5715 pra:
1241 5659 1302 5701 se
1329 5647 1474 5709 tulit,
1508 5647 1554 5700 is
1587 5645 1794 5701 inhibet
1823 5647 2138 5701 ulteriorem
2173 5649 2340 5716 legis-

759 5737 950 5797 latoris
981 5737 1413 5806 providentiam.
1446 5738 1776 5793 Conceditur
1809 5754 1960 5808 ergo,
1994 5748 2052 5792 ut
2081 5739 2339 5803 diximus,

762 5829 1085 5887 habentibus
1120 5846 1442 5888 crumenam
1469 5832 1630 5887 etiam
1661 5847 1826 5900 pera;
1865 5833 1944 5887 vel
1980 5832 2162 5901 potius
2195 5830 2340 5885 rutu-

2437 3310 2547 3356 νιιις
2586 3290 2767 3345 αὐτῶν
2826 3286 3112 3349 ἐπιϐολαῖς
3157 3286 3254 3338 καὶ
3301 3283 3657 3354 φιλοπονίαις,
3703 3283 3784 3345 είς
3841 3279 4017 3349 ἀκρον

2437 3385 2586 3438 ἔστιν
2638 3384 2768 3437 ἰδεῖν
2816 3380 2886 3434 τὰ
2931 3380 3156 3433 πλεῖστα
3183 3377 3293 3431 τῶν
3328 3375 3489 3449 ιερῶν
3531 3373 3877 3444 γραμμάτων
3915 3370 4017 3441 τὴν

2436 3473 2699 3545 ἐργασίαν
2760 3469 3141 3540 ἀπειληφότα,
3217 3468 3314 3521 καὶ
3377 3465 3647 3537 μηδεμίαν
3695 3455 3919 3531 ἀγνοίας
3977 3462 4015 3530 ἢ

2435 3565 2901 3637 ἀμφισϐητήσεώς
2922 3579 3034 3616 τισι
3061 3560 3490 3615 καταλελοιπότα
3517 3557 3815 3627 πρόφασιν.

2514 3657 2604 3710 ια’.
2641 3654 2781 3724 Φαίη
2802 3655 2847 3707 δ’
2874 3653 2940 3708 ἀν
2972 3669 3056 3715 τις
3094 3652 3223 3713 ἴσως
3246 3648 3425 3720 ὁδηγῷ
3455 3648 3541 3716 τῷ
3568 3645 3846 3716 [Ινεύματι
3870 3642 4017 3715 χρώ-

2440 3765 2619 3819 μενος,
2667 3745 2810 3799 ὥστε
2836 3747 2931 3799 καὶ
2963 3744 3061 3808 τὰς
3094 3743 3392 3813 εἰρημένας
3422 3739 3593 3803 λαϐὰς
3620 3738 3904 3806 ἐκφυγεῖν,
3938 3737 4015 3799 ὡς

2436 3840 2495 3892 τὺ
2529 3839 2628 3908 μὲν
2678 3836 2850 3890 πολλά
2904 3835 3013 3888 τῶν
3047 3834 3389 3903 φαινομένων
3440 3834 3497 3885 ἐν
3538 3833 3605 3902 τῇ
3644 3829 3765 3900 θείᾳ⁵
3822 3828 4015 3898 Γραφῇ

2439 3928 2707 4002 μάχεσθαι
2752 3930 2905 3997 παρά
2945 3927 3045 3996 τὴν
3075 3926 3300 3993 ἄγνοιαν
3335 3925 3368 3996 ἦ
3399 3925 3500 3995 τὴν
3528 3921 3865 3994 κακουργίαν
3904 3921 4017 3973 τῶν

2435 4024 2546 4084 τοῖς
2583 4023 2766 4090 ῥητοῖς
2808 4017 3230 4080 ἐπιϐαλλόντων,
3267 4015 3443 4086 ὀρθῶς
3472 4032 3533 4068 τε
3566 4016 3659 4069 καὶ
3689 4013 3916 4076 δικαίως
3947 4012 4018 4066 εῖ-

2441 4125 2632 4181 ρηται’
2666 4111 2716 4162 οι
2751 4109 2851 4180 μὲν
2883 4110 2993 4178 7&9
3044 4109 3108 4161 οὐ
3157 4107 3492 4177 συνορῶντες
3534 4106 3603 4159 τὰ
3651 4105 4020 4176 περιστατικά

2435 4201 2502 4255 δι’
2531 4194 2606 4254 ὧν
2634 4200 2703 4255 τά
2733 4200 3021 4271 μαχόμενα
3051 4199 3275 4252 λύεται·
3307 4199 3355 4251 oi
3398 4196 3457 4250 δέ
3499 4194 4018 4266 κακομηχανοῦντες

2436 4293 2534 4364 τὴν
2578 4292 2813 4363 ἀπορίαν
2841 4291 3203 4363 κρατύνουσιο
3252 4290 3393 4358 πλὴν
3434 4288 3572 4342 ἀλλά
3600 4304 3664 4356 γε
3705 4287 3804 4340 νῦν
3835 4290 3869 4358 ἡ
3907 4286 4018 4341 ἀπὸ

2435 4383 2531 4437 τοῦ
2581 4383 2880 4451 ⁸προσώπου
2911 4383 3238 4453 περίστασις
3268 4381 3422 4435 οὐδὲν
3472 4382 3616 4452 μέγα
3654 4381 3728 4459 ,τῇ
3763 4381 4016 4450 παρούσῃ

2439 4477 2645 4549 Θεωρία
2695 4477 3085 4549 συμϐάλλεται,
3135 4475 3314 4531 αὐτῶν
3357 4475 3416 4530 δέ
3459 4476 3660 4546 μᾶλλον
3691 4475 3801 4529 τῶν
3850 4476 4018 4545 ἱερῶν

2437 4569 2784 4640 γραμμάτων
2812 4569 2848 4641 ἡ
2875 4567 3112 4639 ἀκριϐὴς
3158 4565 3504 4631 συνεξέτασις
3539 4566 3596 4633 ἐξ
3652 4566 3858 4620 ἐαυτὼν
3894 4566 4017 4621 δια-

2438 4658 2760 4722 σκεδάζεται
2796 4656 3152 4714 ἐπιϐολοῦσαν
3183 4658 3246 4724 ἀγ
3258 4673 3406 4711 νοιαν
3435 4659 3503 4727 τῇ
3554 4655 3890 4727 καθαρότητι
3919 4654 4016 4709 τοῦ

2436 4751 2729 4821 νοήματος.
2760 4748 2870 4803 Καί
2908 4765 2999 4818 μοι
3032 4748 3420 4804 συνδιασκόπει
3447 4749 3560 4811 τοῖς
3605 4746 3886 4814 λογισμοῖς
3921 4746 4017 4800 καὶ

2438 4840 2823 4895 συνακολούθει
2850 4840 2927 4911 τῷ
2956 4841 3338 4913 ἐγχειρήματι.
3380 4840 3605 4911 Πρῶτον
3631 4838 3730 4910 μὲν
3754 4837 3783 4892 δ
3809 4837 4016 4892 Δεσπό·

2436 4947 2535 5000 της
2569 4931 2671 4985 οὑκ
2704 4932 2984 4986 ἐπιτάττει
3029 4933 3156 4994 τοὺς
3203 4930 3452 5002 μαθητὰς
3502 4930 3783 5002 βαλάντιον
3812 4930 4014 4999 αῖρειν,

2435 5021 2574 5075 ἀλλά
2612 5021 2736 5084 τοὺς
2765 5021 3012 5093 ιχοντας,
3048 5022 3145 5075 καὶ
3171 5021 3355 5093 πήραν
3384 5021 3768 5092 συνεπιφέρειν
3793 5020 4012 5090 ἀφίησι.

2439 5109 2549 5165 Ποῦ
2595 5109 2775 5164 τοίνυν
2818 5111 2991 5165 ταῦτα
3020 5112 3346 5181 ἀσύμφωνα,
3387 5113 3481 5165 καὶ
3509 5110 3626 5174 πῶς
3660 5110 3727 5164 ἀν
3759 5107 4019 5179 ἀλλήλοις

2441 5203 2702 5272 μάχοιτο;
2765 5204 3014 5274 μαθητὰς
3072 5205 3171 5274 μὲν
3223 5207 3397 5257 ποιεῖν
3446 5204 3541 5258 καὶ
3588 5200 3867 5258 δεικνύναι
3913 5201 4018 5272 τῆς

2439 5293 2826 5365 ἁκτημοσύνης
2884 5294 3300 5364 νομοφύλακας,
3369 5293 3496 5357 τοὺς
3556 5292 3898 5363 ἠθετηκότας
3959 5292 4018 5346 δέ

2443 5385 2764 5452 συγχωρεῖν,
2810 5386 2946 5438 κάπὶ
2974 5386 3083 5439 τῶν
3115 5387 3314 5455 όμοίων
3346 5385 3494 5439 λύειν
3534 5385 3595 5439 τὸ
3637 5384 3977 5454 πρόσταγμα
3997 5399 4013 5414 ο

2441 5471 2836 5542 ἀῤῥωστήματι
2875 5473 2984 5543 γάρ
3018 5473 3240 5544 γνώμης
3292 5474 3468 5528 κανὼν
3501 5473 3787 5545 ἀκριϐείας
3835 5473 4018 5544 ἀσύμ-

2442 5576 2610 5630 φορον
2633 5579 2645 5592 ·
2681 5563 2775 5615 καὶ
2800 5564 2827 5615 ό
2859 5564 2984 5634 δοὺς
3036 5568 3148 5627 τοῖς
3195 5564 3527 5635 προλαϐοῦσι
3569 5567 3667 5634 τῆς
3713 5564 4017 5636 ὀλιγωρίας

2441 5653 2532 5704 τὸν
2576 5652 2811 5723 ἔλεγχον,
2864 5655 3024 5717 αὐτὸς
3065 5656 3399 5724 ἀναχαιτίζει
3451 5656 3546 5709 τοῦ
3582 5655 3875 5724 νομοθέτου
3917 5655 4017 5725 τὴν

2443 5741 2540 5793 ἐτι)⁸
2577 5745 2685 5804 τοῖς
2733 5743 2989 5813 μέλλουσι
3022 5745 3297 5814 πρόνοιαν.
3346 5745 3717 5816 Συγχωρεὶται
3758 5744 3860 5814 μὶν
3897 5740 4012 5806 οὖν,

2443 5833 2517 5897 ὡς
2570 5833 2801 5905 ἔφημεν,
2850 5836 2961 5899 τοῖς
3005 5837 3363 5908 κτησαμένοις
3407 5839 3467 5891 τὸ
3512 5837 3794 5907 βαλάντιον
3846 5835 3942 5889 καὶ
3981 5835 4013 5906 η
