4198 6440
176 423 241 492 61
1222 420 1324 480 AD
1352 418 1588 480 AMPHI
1599 419 1749 480 LOCJ

1848 420 1944 480 ΠΜ
1979 419 2325 493 ΟυιἘὸΤΙΟ
2357 420 2409 480 Ι.
3364 430 3435 492 σε

178 538 333 609 πήρα
357 552 372 568 ⁸
398 537 432 609 ἢ
456 576 473 603 ,
500 538 549 591 εί
580 535 809 607 βούλει,
833 533 1313 605 προαναφωνεῖται
1344 531 1448 600 τῆς
1484 532 1749 601 ἐσομένης

1856 544 1975 583 rum
2011 532 2132 584 vitae
2159 546 2329 599 genus
2350 545 2565 597 eorum,
2594 531 2687 601 qui
2714 530 2897 602 priora
2922 535 3173 590 mandata
3206 540 3434 596 minime

178 627 458 691 πολιτείας
507 630 620 691 τοῖς
673 628 748 697 μὴ
795 627 866 680 τά
914 624 1196 693 φθάσαντα
1262 626 1669 694 συντηρήσασιν
1725 626 1754 677 6

176 721 403 791 τρόπος·
433 720 676 773 ἐναντίον
701 719 756 772 δὲ
789 721 854 789 τῇ
878 717 1087 789 ἐντολῇ,
1116 717 1184 771 δι’
1207 711 1275 789 ἧς
1300 717 1349 770 οξ
1373 717 1752 780 τελειωθέντες

178 810 273 879 τὴν
315 810 703 881 ἁκτημοσύνην
747 809 1139 880 κατώρθωσαν.
1164 811 1435 881 ὀὐδαμῶς
1492 809 1561 864 ἂν
1593 811 1752 863 τοῦτο

178 902 527 974 συνοραθείη.
574 902 739 972 Ὀρᾷς
769 902 887 965 πῶς
911 900 971 966 ἐξ
999 900 1176 970 αὐτῆς
1219 901 1322 970 τῆς
1350 901 1549 968 λέξεως
1580 901 1751 955 καθα-

178 990 286 1059 ρῶς
308 992 344 1059 η
373 989 530 1053 λύσις
564 990 927 1059 προέρχεται,
959 989 1129 1059 μηδὲν
1151 990 1389 1058 ἐργῶδες
1422 990 1559 1060 μηδὲ
1599 1005 1753 1059 περι-

175 1082 500 1151 νενοημένσν
529 1082 865 1152 παρέχουσα·
906 1100 926 1134 ι
961 1079 1123 1135 una
1151 1081 1266 1147 νῦν,
1309 1083 1497 1153 φησιν,
1539 1082 1569 1134 6
1612 1080 1751 1151 ἔχων

178 1172 490 1241 βαλάντιον,
519 1171 723 1241 άράτω·
741 1172 946 1242 ὁμοίως
975 1173 1068 1225 καὶ
1089 1173 1292 1243 πήραν.
1319 1191 1338 1223 ι

245 1263 340 1333 ιβ’.
366 1264 470 1316 Δύο
494 1262 677 1328 τάξεις
702 1264 818 1328 νῦν,
857 1264 886 1318 δ
908 1263 1004 1317 καὶ
1034 1264 1130 1318 ἐπὶ
1169 1265 1349 1335 πάσης
1384 1264 1553 1335 ἄλλης
1603 1264 1750 1318 ἐστιν

174 1356 355 1425 εύρετν
401 1355 641 1426 ἐντολῆς,
698 1356 1072 1410 συνοοῶνταιο
1112 1358 1161 1411 οί
1221 1359 1320 1428 μὲν
1367 1358 1748 1429 κατορθοῦσιν,

172 1447 221 1498 οι
245 1447 303 1499 δέ
338 1448 395 1499 τὸ
426 1447 756 1517 πρόσταγμα
788 1448 1191 1518 παραϐαίνουσι
1213 1465 1229 1480 ο
1261 1450 1374 1511 τοῖς
1412 1449 1513 1517 μέν
1543 1466 1750 1520 κατωρ-

174 1538 376 1591 θωκόσι
406 1539 503 1591 καὶ
561 1537 669 1591 τῶν
723 1540 987 1609 μειζόνων
1014 1541 1043 1593 6
1077 1539 1240 1603 πόνος
1272 1540 1606 1608 πιστεύεται,
1636 1545 1749 1605 τοῖς

170 1626 214 1679 δ’
238 1626 677 1698 ἐρῤᾳθυμηκόσι.
737 1628 889 1682 ούδέν
916 1629 1043 1684 άλλο
1073 1629 1238 1700 βάρος
1274 1631 1577 1683 ἐπιτίθεται
1602 1648 1614 1661 ·
1652 1632 1746 1684 άλ-

169 1718 237 1770 λὰ
267 1720 365 1771 καὶ
393 1722 756 1790 συγχωρεϊται
800 1721 863 1774 τὸ
908 1721 1144 1789 φθάσαν,
1195 1723 1282 1776 ἵνα
1317 1723 1390 1793 μὴ
1419 1724 1480 1776 τὸ
1516 1725 1626 1777 πᾶν
1687 1725 1745 1791 ἐξ

170 1808 540 1877 ἀπογνώσεως
570 1810 902 1869 ἀπολέσωσι.
936 1812 1142 1865 Ἔδωκε
1174 1816 1287 1877 τοῖς
1325 1813 1594 1883 μαθηταῖς
1636 1832 1740 1885 μη-

169 1903 257 1955 δέν
290 1901 628 1972 κεκτῆσθαι·
659 1903 813 1956 οὐδὲν
842 1904 1027 1969 αὐτοῖς
1058 1905 1169 1958 τῶν
1202 1882 1519 1972 ἀναγκαίων
1565 1882 1744 1962 ἐπιλέ-
1776 1882 1815 1935 n

167 1993 468 2056 λοιπεν,ού
533 1994 750 2065 μικρὸν,
785 1994 845 2047 ού
885 1994 1057 2064 μέγα’
1116 1996 1216 2066 οὐχ
1269 1992 1429 2067 εὗρον
1490 2000 1746 2069 ἀφορμὴν

169 2087 428 2155 οὐδεμίαν
454 2087 563 2139 οὐδ’
594 2087 777 2139 αίτίαν
806 2087 1009 2142 πλάσαι
1039 2090 1406 2159 παραϐάσεως
1425 2109 1438 2122 ·
1473 2092 1569 2144 καὶ
1601 2092 1745 2163 μάρ-

168 2196 333 2247 τυρες
361 2178 515 2232 αὐτοὶ
542 2176 637 2231 τοῦ
670 2177 899 2248 μηδενὸς
924 2179 983 2231 ἐν
1019 2179 1197 2251 ἐνδείᾳ
1238 2180 1745 2250 νομοφυλακοῦντες

169 2272 525 2340 καταστῆναι.
545 2288 563 2322 ι
590 2270 680 2340 Μή
694 2287 838 2333 τινος
875 2271 1001 2340 γάρ,
1028 2289 1046 2323 ι
1080 2272 1267 2342 φησὶν,
1295 2290 1314 2322 ι
1336 2273 1688 2343 ὑστερήσας-ες
1722 2293 1739 2326 ι

168 2366 216 2415 oi
234 2362 289 2413 δὲ
316 2380 333 2410 ι
360 2360 605 2423 Οὐδενός.
629 2380 647 2411 ι
666 2361 818 2414 Ἐπεὶ
839 2360 933 2414 οὖν
952 2362 1234 2432 δμοτίμως
1253 2363 1401 2433 μένή
1429 2364 1616 2434 ἐντολὴ
1633 2365 1745 2418 ἐδό-

170 2456 258 2525 θη,
299 2454 577 2523 δμοτίμως
608 2454 665 2507 δέ
709 2453 769 2507 τὸ
797 2452 895 2522 τῆς
937 2452 1128 2524 χρείας
1168 2453 1400 2523 ἄφθονον
1456 2456 1701 2527 ὑπῆρχεν
1726 2474 1740 2489 ο

168 2546 283 2601 ἀλλ’
313 2550 361 2599 οί
397 2546 516 2615 μὶν,
551 2547 612 2598 ού
646 2546 765 2599 δέον
794 2546 1197 2617 συνεπιφέρειν,
1247 2546 1533 2617 βαλάντιον
1560 2544 1739 2618 εἶχον

166 2640 216 2691 οί
246 2638 306 2690 δὲ
344 2639 443 2706 τῆς
467 2636 688 2706 ἐντολῆς
712 2633 853 2707 ἦσαν
876 2653 891 2667 ο
944 2638 1072 2700 τοὺς
1125 2638 1224 2708 μὶν
1275 2640 1631 2711 ὑπεριδόντας
1683 2641 1745 2696 τδ

166 2728 499 2797 πρόσταγμα
530 2767 546 2790 ,
596 2726 713 2796 ἅμα
775 2726 877 2793 μὲν
936 2725 1195 2797 ἐλέγχων.
1257 2727 1374 2799 ἅμα
1455 2729 1514 2783 δέ
1564 2732 1744 2799 ἀφιεὶς

167 2817 433 2888 φέρεσθαι
458 2820 524 2887 τῇ
551 2816 765 2885 γνώμῃ,
784 2815 879 2868 καὶ
903 2815 965 2868 ού
994 2816 1303 2883 συγκλείων
1331 2819 1413 2881 είς
1435 2818 1558 2889 βίαν
1580 2838 1595 2852 ο
1624 2818 1742 2888 ἅμα

165 2911 222 2963 δὲ
247 2910 297 2962 εί
336 2907 514 2975 βούλει
544 2906 638 2959 καὶ
663 2907 1065 2975 προαναφωνῶν
1098 2906 1281 2970 αὐτοῖς
1320 2909 1420 2979 τῆς
1466 2909 1743 2974 πολιτείας

165 3001 224 3053 τδ
252 2999 467 3069 μέλλον,
501 3016 519 3048 ι
564 2998 624 3049 '0
648 2997 804 3065 ἔχων,
841 2997 995 3065 φησὶ,
1016 2996 1316 3065 βαλάντιον,
1336 2999 1523 3067 ἀράτω
1542 3001 1742 3067 ὁμοίως

169 3091 262 3143 καὶ
295 3090 497 3158 πήραν.
538 3105 557 3138 ι
589 3084 1006 3155 Προανεκήρυξε
1042 3084 1152 3155 γὰρ
1179 3087 1207 3138 6
1244 3086 1499 3156 παραϐὰς
1528 3083 1611 3151 οἷς
1646 3088 1742 3156 ευρ.

166 3180 299 3233 θασε
330 3179 563 3248 πράξας,
589 3178 684 3231 καὶ
735 3174 835 3243 τῆς
882 3174 1104 3241 ἐντολῆς
1150 3175 1444 3246 ἀλογήσας.
1498 3178 1617 3231 οῐαν
1650 3180 1740 3232 ναὶ
1766 3208 1810 3268 c

165 3271 301 3340 περὶ
325 3266 419 3321 τοῦ
450 3265 747 3335 συστοίχων
774 3264 874 3333 τὴν
913 3263 969 3315 ἐν
989 3263 1065 3333 τῷ
1100 3264 1348 3332 μέλλοντι
1376 3265 1615 3319 διάθεσιν
1636 3267 1740 3319 δεί-

168 3366 251 3432 ξει
276 3380 290 3394 ·
330 3362 444 3423 τοῖς
471 3359 528 3412 δι
554 3357 806 3428 καθαρῶς
833 3356 1245 3425 ἀσπασαμένοις
1301 3358 1361 3410 τὸ
1391 3358 1739 3427 πρόσταγμα,

168 3455 269 3523 τῆς
299 3453 527 3520 γνώμης
552 3447 729 3501 αὐτῶν
758 3446 1157 3514 ἀποδεξάμενος
1188 3446 1250 3498 τδ
1276 3446 1522 3518 στερρὸν,
1554 3449 1651 3501 καὶ
1680 3449 1742 3501 τὸ

169 3546 473 3613 κεφάλαιον
507 3540 618 3594 τῶν
638 3538 1081 3609 κατορθωμάτων
1106 3539 1162 3589 ἐν
1198 3538 1411 3605 ἀγῶνος
1442 3540 1609 3613 μοίρᾳ
1643 3558 1743 3610 χα.

174 3637 389 3707 ρίζεται
422 3634 516 3686 καὶ
546 3630 682 3702 πρὸς
711 3629 773 3683 τὸ
804 3629 902 3698 τῆς
937 3628 1254 3697 φιλοσοφίας
1289 3630 1459 3700 ἄκρον
1498 3624 1579 3695 οἷς
1627 3634 1740 3685 cla-

168 3729 295 3795 άγει
330 3724 616 3793 ἀναφέρει.

240 3823 333 3885 ιγ’.
363 3815 456 3881 Διό
484 3830 617 3885 ῳησι
641 3812 777 3883 πρὸς
796 3811 1088 3883 ἑκατέρους
1111 3809 1202 3864 τοῦ
1219 3810 1377 3878 λόγου
1394 3809 1739 3881 σχιζομένου*

167 3907 286 3961 Νῦν
323 3907 380 3960 δὲ
410 3907 497 3959 ὅτε
525 3904 759 3972 μάλιστα
784 3904 845 3957 τὸ
868 3904 1037 3965 πάθος
1064 3903 1430 3971 ῆκειτὺέμὺν,
1454 3904 1547 3955 καὶ
1572 3904 1601 3955 6
1622 3904 1739 3956 καθ’

167 3997 329 4065 ὑμῶν
372 3996 469 4048 ἐπὶ
513 3995 656 4063 μέγα
703 3991 1030 4061 κρατύνεται
1080 3991 1337 4059 πόλεμος,
1384 3990 1480 4044 καὶ
1528 3991 1741 4044 πολλῶν

167 4089 393 4154 ἐλεγχον
423 4083 650 4137 δώσουσι
678 4081 955 4151 λογισμοί·
984 4074 1063 4143 οἷς
1093 4079 1189 4149 μὲν
1219 4083 1246 4132 6
1286 4081 1385 4148 τῆς
1410 4081 1627 4150 ἐντολῆς
1655 4082 1742 4133 λόει

166 4196 261 4246 γος
298 4176 408 4228 οὐδ’
441 4174 583 4227 οῦτω
629 4172 868 4242 χαλεπὸς
913 4170 987 4224 ὣν
1026 4172 1127 4223 ούκ
1181 4170 1481 4241 ἐφυλάχθη,
1532 4172 1740 4234 τούτοις

174 4268 538 4335 ἀκολουθήσει
574 4262 711 4334 μετὰ
742 4262 837 4315 τοῦ
901 4261 1184 4331 βαλαντίου
1212 4262 1362 4331 καὶὴ
1396 4262 1740 4332 περιποίησις

164 4358 265 4427 τῆς
301 4358 486 4426 πήρας
514 4370 528 4383 ·
559 4348 639 4417 οἷς
663 4354 709 4405 δ’
735 4354 991 4424 ἀνωτέρω
1020 4351 1274 4421 γενέσθαι
1304 4351 1403 4419 τῆς
1431 4351 1740 4421 άθετήσεως

164 4449 483 4516 διεπονήθη,
516 4439 661 4499 οὗτοι
691 4444 785 4496 καὶ
817 4443 876 4496 τδ
913 4443 1066 4505 τέλος
1117 4442 1318 4495 οἰκεῖον
1344 4440 1453 4493 τῶν
1486 4456 1740 4512 προηγω-

1856 620 2304 683 observaverunt,
2332 620 2667 689 praedicitur.
2694 621 2893 678 Verum
2933 625 2983 679 id
3008 627 3251 695 profecto
3286 629 3433 685 haud

1855 710 2194 764 contrarium
2231 722 2459 781 apparet
2494 713 2753 768 mandato
2787 713 2884 779 illi,
2919 717 3010 770 cui
3056 718 3278 786 perfecti
3347 720 3434 775 di-

1855 800 2049 870 scipuli
2084 802 2485 872 obsequentes,
2527 812 2899 873 paupertatem
2940 808 3131 863 sedulo
3183 812 3399 867 retinue

1856 905 2001 948 runt.
2031 893 2221 949 Viden'
2250 906 2311 950 ut
2343 912 2407 951 ex
2444 897 2563 966 ipsa
2606 899 2885 954 locutione
2908 904 3191 973 perspicue
3224 907 3429 961 solutio

1853 987 2003 1045 ﬂuat.
2036 987 2155 1043 sine
2185 988 2297 1043 ullo
2329 990 2411 1043 vel
2445 989 2631 1044 labore
2658 992 2742 1045 vel
2766 992 2952 1047 subtili
2985 998 3425 1067 excogitatioue:

1858 1095 1877 1129 ι
1910 1075 2066 1131 Nunc
2099 1092 2229 1132 vero
2272 1079 2367 1149 qui
2414 1080 2578 1135 habet
2622 1096 2963 1148 crumenam,
2992 1094 3172 1141 sumat
3219 1088 3427 1157 pariter

1850 1179 1903 1224 et
1933 1185 2116 1239 peram
2143 1170 2156 1222 ι
2193 1190 2212 1222 ι

1923 1261 2009 1315 12.
2054 1260 2201 1317 Duos
2229 1263 2316 1317 hic
2346 1263 2635 1318 hominum
2671 1264 2893 1319 ordines
2930 1264 3013 1337 (ut
3044 1266 3096 1320 in
3133 1266 3244 1322 alio
3287 1286 3427 1337 quo-

1850 1355 1933 1408 vis
1956 1354 2115 1423 jusso
2146 1355 2556 1425 deprehendere
2586 1356 2732 1425 licet)
2763 1357 3015 1413 videmus
3051 1375 3065 1411 :
3097 1361 3187 1413 alii
3217 1362 3424 1417 scilicet

1852 1448 2165 1503 mandatum
2216 1456 2431 1513 curant,
2480 1448 2573 1502 alii
2627 1449 2833 1502 violant
2887 1466 2901 1502 :
2952 1460 3100 1505 recte
3135 1454 3425 1523 agentibus

1851 1539 2075 1608 majoris
2099 1554 2317 1609 quoque
2362 1539 2521 1595 molis
2566 1539 2722 1594 labor
2749 1541 3133 1609 caucreditur;
3175 1545 3423 1599 socordi-

1850 1630 1955 1685 bus
1999 1630 2206 1684 nullum
2239 1630 2466 1701 insuper
2508 1630 2721 1700 pondus
2749 1630 3030 1699 adjicitur,
3067 1632 3177 1685 imo
3206 1642 3261 1687 et
3290 1632 3422 1686 illud

1847 1720 2000 1789 prius
2049 1720 2361 1786 remittitur,
2416 1736 2483 1775 ne
2516 1720 2698 1773 omnia
2745 1721 3124 1788 desperatione
3168 1738 3424 1792 pessum-

1848 1813 1999 1867 dent.
2064 1811 2334 1866 Mandavit
2369 1812 2653 1881 discipulis
2709 1811 2845 1865 nihil
2906 1820 2964 1865 ut
3012 1813 3351 1882 possiderent
3402 1830 3418 1868 :

1848 1902 1982 1956 nihil
2028 1902 2097 1957 iis
2142 1903 2540 1965 necessarium,
2595 1901 2711 1957 sive
2745 1903 2796 1956 id
2852 1917 3081 1972 parvum
3117 1914 3260 1959 esset
3306 1906 3421 1958 sive

1848 2008 2140 2061 magnum,
2202 1990 2411 2057 defuit;
2468 1992 2673 2047 nullam
2725 1994 3075 2047 occasionem
3128 2007 3424 2049 cuusamve

1846 2083 2155 2151 contingere
2197 2090 2514 2151 potuerunt,
2554 2098 2654 2136 cur
2691 2082 3060 2136 obedientiam
3096 2083 3418 2150 abjicerent.

1846 2170 1987 2239 Quin
2039 2173 2141 2243 ipsi
2172 2172 2352 2227 testati
2382 2184 2509 2227 sunt
2537 2172 2681 2227 nulla
2732 2188 2791 2227 se
2818 2182 3059 2244 egestate
3090 2173 3423 2230 laboravisse

1846 2262 1975 2317 dum
2004 2264 2053 2317 ei
2088 2277 2354 2333 pracepto
2385 2264 2835 2332 obsequerentur.
2886 2282 2904 2314 ι
2951 2262 3225 2334 Nunquid,
3262 2284 3282 2317 ι
3321 2266 3418 2330 ait,

1852 2372 1871 2406 ι
1910 2354 2065 2409 vobis
2090 2353 2298 2407 defuit?
2333 2372 2351 2405 ι
2386 2354 2810 2422 responderunt,
2839 2369 2860 2404 ι
2903 2352 3067 2409 Nihil.
3108 2374 3128 2409 ι
3164 2357 3425 2422 Quando-

1844 2446 2063 2516 quidem
2094 2445 2261 2515 igitur
2278 2460 2571 2499 commune
2598 2446 2913 2500 mandatum
2941 2454 3081 2509 erat,
3107 2446 3419 2501 communis

1844 2552 2063 2608 quoque
2110 2538 2210 2591 fuit
2241 2538 2415 2592 victus
2450 2538 2631 2607 capia.
2670 2536 3059 2592 Verumtamen
3091 2538 3182 2591 alii
3226 2548 3417 2591 contra

1843 2625 2077 2680 oliicium
2124 2638 2436 2680 crumenam
2498 2627 2831 2690 habuerunt,
2882 2627 2975 2681 alii
3024 2628 3280 2683 mandato
3322 2628 3418 2683 ad-

1845 2719 2139 2773 haeserunt.
2183 2718 2364 2784 Quare
2413 2720 2657 2774 mandati
2707 2721 2998 2779 violatores
3034 2722 3195 2777 simul
3230 2739 3417 2793 repre-

1844 2809 2049 2872 hendit,
2079 2820 2135 2864 et
2186 2810 2351 2864 simul
2406 2825 2509 2865 suo
2563 2827 2837 2880 quemque
2882 2814 3149 2882 permittit
3185 2817 3416 2871 arbitrio

1842 2904 1994 2971 ferri,
2021 2905 2276 2974 nullaque
2302 2905 2351 2959 vi
2380 2906 2548 2975 c0git.
2589 2906 2763 2960 Simul
2790 2914 2997 2971 autem,
3029 2907 3075 2961 si
3110 2908 3184 2963 ita
3216 2910 3415 2978 placet,

1841 2997 2142 3066 praedicens
2171 2997 2276 3052 illis
2304 2995 2543 3051 futuram
2571 2997 2816 3066 ipsorum
2848 2998 3083 3053 vitamu
3102 3000 3207 3066 Qui
3231 3003 3412 3065 habet,

1841 3088 1937 3152 ait,
1973 3104 2310 3151 crumenam.
2344 3100 2524 3144 sumat
2556 3090 2761 3159 pariter
2792 3101 2845 3145 et
2867 3107 3073 3161 peram.
3108 3111 3127 3145 ι
3164 3078 3297 3147 Nam
3321 3094 3414 3164 qui

1845 3186 2003 3233 antea
2027 3180 2282 3249 deliquit,
2308 3181 2565 3235 mandato
2586 3190 2920 3251 contempto,
2956 3184 3002 3238 is
3031 3184 3166 3238 satis
3194 3194 3416 3253 porten-

1842 3267 1924 3322 dit
1965 3270 2183 3338 qualem
2232 3279 2449 3339 postero
2491 3285 2713 3340 quoque
2762 3281 3005 3343 tempore
3046 3275 3098 3328 in
3146 3291 3206 3331 re
3249 3277 3413 3333 simili

1842 3360 2083 3415 animum
2116 3369 2368 3431 gesturus
2414 3364 2505 3417 sit.
2540 3364 2745 3419 Contra
2790 3379 3004 3431 eorum,
3037 3369 3130 3437 qui
3162 3380 3414 3427 accurate

1843 3464 1956 3504 rem
2008 3450 2326 3519 imperatam
2366 3450 2635 3519 fecerunt,
2684 3462 2945 3509 constans
2976 3455 3249 3527 ingenium
3289 3475 3414 3528 pro.

1844 3542 1998 3603 bans,
2028 3556 2296 3595 summam
2326 3557 2544 3612 quoque
2568 3545 2960 3613 perfectionem
2990 3548 3042 3599 iu
3070 3550 3261 3617 agonis
3290 3567 3413 3621 par-

1843 3641 1948 3683 tem
1985 3630 2233 3700 largitur,
2256 3646 2461 3702 eosque
2491 3632 2557 3687 ad
2585 3633 2855 3703 religiosa:
2895 3636 3019 3690 vitae
3049 3637 3258 3693 culmen
3292 3656 3412 3694 mo-

1844 3722 1972 3775 nitis
2010 3722 2128 3776 suis
2163 3722 2435 3776 subvehit.

1915 3811 2001 3864 l3.
2041 3810 2403 3877 Quamobrem
2442 3810 2520 3865 ait
2542 3811 2758 3879 utrique
2780 3812 2977 3877 ordini,
3007 3811 3260 3884 bipartito
3293 3834 3411 3871 ser-

1843 3917 2002 3955 mone
2040 3900 2238 3955 :Nunc
2284 3916 2408 3955 cum
2442 3903 2679 3956 maxime
2731 3904 2912 3972 passio
2966 3921 3081 3959 mea
3117 3910 3409 3977 appropin-

1840 4001 1990 4061 quat,
2050 3992 2359 4059 bellumque
2410 4006 2667 4059 magnum
2702 4004 2893 4046 contra
2931 4009 3027 4048 vos
3062 3994 3408 4064 ingravescit,

1842 4083 2136 4137 multorum
2174 4081 2409 4150 denique
2476 4082 2860 4136 revelabuntur
2900 4085 3277 4153 cogitationes.
3315 4087 3410 4140 Et-

1841 4171 1987 4225 enim
2019 4154 2170 4235 illos,
2201 4184 2231 4224 a
2261 4170 2463 4240 quibus
2493 4172 2749 4239 superius
2780 4173 3119 4238 mandatum,
3145 4176 3269 4229 licet
3299 4190 3406 4231 non

1842 4263 1913 4317 ita
1930 4263 2182 4326 arduum,
2204 4262 2463 4317 violatum
2489 4262 2609 4328 fuit,
2635 4279 2751 4327 eos,
2780 4257 3025 4333 inquam,
3051 4276 3170 4335 post
3200 4282 3410 4322 crume-

1840 4367 1967 4406 nam
2008 4360 2370 4420 consequetur
2412 4368 2555 4421 pera:
2602 4368 2820 4422 quoque
2865 4354 3100 4423 adjecuio
3150 4373 3166 4411 :
3216 4367 3407 4412 contra

1840 4444 1939 4507 illi,
1968 4444 2172 4515 quibus
2202 4460 2347 4500 cura
2376 4444 2480 4499 fuit
2507 4453 2565 4500 ut
2608 4445 2677 4499 ab
2728 4446 3096 4501 inobedientia
3130 4461 3403 4515 caverent,

164 4540 442 4611 νιαμένων
472 4536 791 4605 ἐπιθήσουσι
817 4550 832 4565 ·
868 4534 961 4586 καὶ
989 4534 1113 4594 τοὺς
1146 4534 1245 4601 μὲν
1274 4533 1373 4603 τῆς
1426 4531 1600 4601 ἄκρας
1653 4546 1741 4598 φι-

1848 4535 2155 4590 coronidem
2180 4550 2395 4605 quoque
2418 4535 2666 4589 idoneam
2700 4536 2974 4603 prioribus
2998 4538 3210 4593 actibus
3234 4540 3407 4609 impo-

164 4630 449 4699 λοσοφίας,
488 4629 587 4683 καὶ
616 4628 703 4680 διά
731 4626 886 4679 τοῦτο
921 4625 1017 4677 καὶ
1047 4625 1145 4694 τῆς
1188 4624 1455 4692 άκτησίας
1506 4640 1737 4691 κατενη-

163 4725 557 4795 νεγμένους,ὴ
604 4721 712 4775 τῶν
744 4719 955 4775 πολλῶν
991 4720 1229 4789 μέριμνα
1289 4719 1382 4771 καὶ
1432 4719 1465 4788 ἡ
1521 4720 1741 4787 φροντὶς

164 4817 484 4880 ὑποδέξεται
512 4831 526 4845 ·
552 4809 634 4876 οἷς
671 4813 810 4885 μετὰ
840 4811 935 4865 τοῦ
967 4809 1252 4880 βαλαντίου
1285 4809 1375 4861 καὶ
1399 4809 1433 4877 ἡ
1456 4810 1628 4878 πήρα,
1647 4809 1740 4861 καὶ

160 4910 261 4961 ὅσα
286 4908 353 4959 ἂν
379 4906 443 4959 τὸ
473 4904 860 4972 εὐπερίστατον
918 4902 1183 4972 ἐπιτάττῃ
1213 4900 1308 4953 τοῦ
1341 4899 1480 4969 βίου,
1522 4902 1583 4953 ού
1625 4901 1741 4953 δια-

163 4999 335 5067 λείῷει
367 4995 435 5050 δι’
461 4996 619 5064 ὄχλου
646 4994 906 5063 γινόμενα
931 5010 945 5024 ο
978 4994 1090 5054 τοῖς
1132 4992 1188 5043 δέ
1220 5008 1283 5058 γε
1325 4993 1630 5062 τηρήσασιν
1681 4992 1739 5043 ἐν

164 5087 368 5156 σπουδῇ
402 5084 497 5137 καὶ
524 5084 703 5144 πόνοις
730 5083 790 5134 τὸ
821 5079 1131 5150 ἀγώνισμα.
1166 5079 1318 5132 Ἐπεὶ
1346 5078 1524 5141 τοῦτο,
1553 5080 1735 5149 φησὶν.

164 5179 290 5246 ύμῖν
313 5175 494 5246 ὀρθῶς
520 5190 578 5227 τε
623 5172 719 5225 καὶ
752 5171 1025 5241 ἐπιμελῶς
1078 5170 1513 5239 διαπέπρακται,
1547 5172 1640 5223 καὶ
1679 5171 1738 5223 τὸ

161 5269 256 5336 τῆς
284 5263 675 5335 ἁκτημοσύνης
703 5258 863 5314 ἆλθον
893 5260 1081 5330 ῶσπερ
1113 5260 1331 5330 άρραγῆ
1366 5260 1607 5328 κρηπῖδα
1630 5259 1737 5311 τῶν

164 5359 471 5429 μελλόντων
496 5353 719 5422 ἀγώνων
746 5352 1002 5420 ἐπήξατε,
1038 5351 1285 5403 λείπεται
1328 5350 1385 5403 δέ
1425 5366 1735 5420 παρεσκευ-

162 5454 435 5523 ασμένους
464 5450 546 5502 ἐτι
578 5449 775 5519 μᾶλλον
799 5448 892 5499 καὶ
936 5446 1182 5515 ἑτοίμους
1214 5445 1356 5512 ὑμᾶς
1390 5440 1528 5497 εἶναι
1563 5444 1658 5498 νῦν
1698 5445 1731 5515 ἡ

163 5546 431 5617 πρότερον
459 5541 597 5611 πρὸς
645 5540 736 5592 τδν
774 5539 913 5607 ὑπὲρ
973 5537 1111 5607 ἐμοῦ
1164 5538 1428 5590 θάνατον’
1480 5537 1582 5607 ἠδη
1625 5539 1733 5607 γὰρ

161 5638 315 5705 κάγὼ
335 5638 430 5689 τὸν
460 5634 602 5702 ὺπέρ
616 5632 710 5685 τοῦ
734 5632 936 5699 κόσμου
966 5630 1294 5699 ύπίρχομαι.
1328 5628 1401 5682 Εὖ
1439 5629 1495 5682 δὲ
1522 5628 1734 5683 ποιοῦν-

162 5747 247 5792 τες
265 5725 647 5799 προαπέθεσθε
669 5724 768 5793 μὲν
794 5723 969 5774 πάντα
984 5721 1053 5773 τά
1073 5719 1169 5773 τοῦ
1188 5721 1302 5789 βὶου
1334 5736 1346 5749 ·
1374 5720 1525 5772 οὐδὲν
1542 5720 1587 5771 δ’
1604 5720 1732 5786 ὑμῖν

159 5819 483 5891 ἐπισύρεται
514 5817 623 5872 τῶν
676 5812 957 5883 μεθέλκειν
989 5812 1303 5881 δυναμένων
1352 5811 1461 5865 ἀπὸ
1511 5808 1603 5863 τοῦ
1656 5811 1730 5880 μὴ

1838 4636 1987 4682 nent.
2020 4626 2156 4681 llinc
2203 4640 2296 4680 eos
2329 4626 2483 4695 quia
2524 4626 2744 4680 sublimi
2783 4627 3125 4697 philosophia
3173 4629 3406 4701 ideoque

1837 4719 1999 4774 etiam
2047 4733 2079 4771 a
2129 4718 2463 4786 paupertatis
2501 4717 2660 4771 laude
2706 4717 3049 4784 exciderunt,
3107 4719 3404 4775 multarum

1838 4823 2016 4864 rerum
2043 4806 2347 4863 sollicitudo
2368 4816 2423 4861 et
2450 4823 2583 4861 cura
2610 4808 2845 4877 excipiet
2873 4824 2887 4861 :
2911 4810 3240 4879 eosdemque
3269 4827 3405 4880 pras-

1841 4910 1920 4954 ter
1966 4915 2283 4954 crumenam
2322 4908 2376 4953 et
2408 4913 2619 4967 peram,
2651 4909 2844 4954 caetera
2882 4901 3071 4966 etiam,
3116 4918 3236 4971 quae
3280 4904 3405 4959 vita:

1837 4991 2045 5044 lautitia
2099 4990 2287 5059 exigit,
2340 4990 2617 5043 turmatim
2680 4991 3109 5048 circumsistent.
3157 4994 3226 5047 At
3274 5009 3404 5049 vero

1836 5081 1942 5133 illis
1962 5081 2053 5149 qui
2082 5080 2271 5134 sedulo
2299 5089 2355 5135 et
2380 5079 2597 5136 fortiter
2624 5083 2675 5135 in
2719 5086 3001 5153 proposito
3032 5100 3194 5154 opere
3223 5102 3405 5154 perse-

1835 5180 2177 5233 veraverunt,
2202 5172 2463 5240 quoniam
2488 5173 2614 5237 hoc,
2640 5174 2835 5243 inquit,
2870 5184 3015 5230 recte
3038 5184 3091 5229 et
3119 5176 3406 5245 diligenter

1833 5280 1864 5315 a
1894 5262 2047 5317 vobis
2091 5275 2365 5329 peractum
2394 5273 2668 5317 certamen
2712 5274 2814 5328 est,
2862 5280 2925 5319 ac
2964 5259 3295 5335 paupertatis
3324 5267 3405 5321 la-

1835 5351 2020 5406 borem
2076 5367 2171 5406 ceu
2220 5352 2549 5407 immobilem
2598 5353 2907 5408 futurorum
2936 5370 3167 5423 agonum
3195 5356 3405 5410 colum-

1835 5458 1957 5497 nam
1980 5443 2364 5505 constituistis,
2393 5454 2642 5513 superest
2673 5453 2731 5497 ut
2782 5460 2928 5499 nunc
2964 5445 3205 5515 apprime
3236 5448 3399 5501 morti

1832 5548 1929 5603 pro
1964 5548 2049 5585 me
2076 5534 2333 5588 obeunda
2376 5535 2547 5603 parati
2582 5534 2702 5589 sitis
2746 5552 2757 5589 :
2799 5551 2923 5587 nam
2963 5548 3015 5589 et
3062 5550 3161 5605 ego
3214 5552 3401 5591 necem

1832 5639 1929 5693 pro
1964 5625 2165 5677 mundo
2214 5639 2340 5677 mox
2375 5624 2656 5679 subiturus
2684 5640 2827 5679 sum.
2885 5624 3026 5679 Bene
3069 5635 3249 5679 autem
3295 5637 3399 5691 est,

1830 5718 1974 5787 quod
2021 5726 2178 5770 antea
2242 5717 2514 5771 mundana
2555 5717 2737 5770 omnia
2789 5716 3065 5784 abjecistis
3105 5732 3120 5769 :
3166 5717 3297 5769 nihil
3344 5728 3401 5771 ut

1833 5824 1927 5864 vos
1955 5808 2185 5878 pelliciat
2232 5822 2443 5871 eorum,
2473 5822 2592 5877 quae
2640 5808 2899 5879 impedire
2926 5815 3165 5877 possunt,
3190 5808 3401 5877 quomi-
