4198 6440
791 449 863 512 63
1949 446 2214 511 PIIOTII
2244 445 2383 508 PAT

2487 446 2750 506 ARCH/E
2787 447 2895 507 (ΣΡ.
3989 459 4058 523 64

794 577 900 616 nus
932 561 1223 617 lzetabundi
1257 560 1324 616 ad
1356 575 1625 617 summam
1667 559 1745 617 rei
1784 560 2038 622 veniatis,
2082 575 2281 624 nempe
2313 559 2381 612 ad

2487 556 2771 626 χαίροντας
2802 557 2978 610 ἐλθεῖν
3027 559 3120 614 ἐπὶ
3146 559 3206 612 τὸ
3228 562 3448 618 πάντων
3473 567 3769 636 κεφάλαιον
3793 568 3894 640 τὴν
3921 572 4062 643 ὑπὲρ

791 654 996 708 eadem
1021 653 1126 706 mei
1157 669 1325 707 causa
1349 653 1683 723 patiendam.
1720 654 1958 707 Pronum
1993 651 2188 721 oppido
2221 651 2375 705 vobis

792 745 896 801 erit
920 745 1190 799 alacribus
1218 744 1355 810 ﬁeri,
1387 753 1550 813 atque
1577 755 1882 799 extremum
1918 744 2223 798 amiculum
2263 752 2375 795 tra-

795 834 947 899 dere,
989 843 1044 889 et
1073 836 1177 889 mei
1212 835 1384 904 gratia
1420 846 1650 889 mortem
1700 851 1824 890 cum
1869 834 1980 889 vita
2012 844 2371 889 commutare.

796 926 854 982 Id
910 927 1054 982 enim
1106 928 1554 982 commodissime
1601 929 1848 981 omnium
1907 927 2166 998 praedicta
2213 928 2375 978 verba

796 1017 1129 1087 signiﬁcant,
1162 1031 1483 1071 crumenam
1518 1032 1624 1071 non
1658 1017 1872 1078 habere,
1907 1015 2212 1071 vestimenti
2247 1029 2375 1067 ven-

796 1113 951 1176 ditio,
1004 1111 1260 1181 gladius:
1293 1112 1457 1165 veluti
1493 1127 1560 1165 ne
1611 1111 1914 1165 novissimo
1967 1110 2185 1176 quidem
2238 1107 2377 1160 ami-

798 1204 922 1258 culo
952 1202 1223 1272 perfectus
1254 1205 1590 1270 paupertatis
1622 1203 1831 1257 assecla
1859 1217 2126 1269 parsurus
2156 1201 2251 1261 sit,
2281 1214 2376 1252 ve-

797 1308 918 1347 rum
950 1294 1076 1346 illud
1108 1308 1325 1362 quoque
1354 1308 1634 1357 cessurus,
1663 1292 1792 1347 dum
1824 1293 2073 1361 expedite
2103 1292 2276 1360 currit
2310 1291 2374 1343 ad

796 1384 1053 1452 gladium.
1081 1383 1218 1438 Hinc
1244 1399 1351 1438 non
1387 1388 1462 1438 ait
1495 1385 1678 1438 vendat
1709 1396 1802 1438 aut
1827 1393 2007 1447 emat;
2054 1383 2147 1437 scd
2193 1382 2376 1434 vendet

797 1486 850 1530 et
875 1486 1006 1530 emet
1037 1493 1055 1530 :
1085 1477 1500 1545 quibusaerbis
1549 1493 1726 1546 neque
1751 1477 1919 1546 legem
1954 1492 2129 1545 neque
2164 1476 2376 1542 jussuni

796 1568 1018 1631 statuit;
1051 1577 1103 1622 et
1137 1577 1320 1621 tamen
1353 1584 1466 1621 rem
1498 1566 1739 1621 futuram
1771 1578 1896 1620 ante
1925 1566 2232 1620 denuntiat.
2269 1564 2380 1618 Sci-

797 1658 924 1713 licet
948 1658 1090 1712 haud
1130 1659 1355 1723 mando,
1388 1659 1583 1728 inquit,
1631 1668 1691 1713 ut
1743 1660 1857 1713 haec
1893 1661 2045 1721 liant,
2081 1659 2172 1712 sed
2211 1658 2376 1711 futuri

797 1749 1060 1819 praescius
1108 1762 1234 1803 ante
1272 1750 1451 1813 edico,
1490 1750 1608 1804 fore
1636 1759 1697 1803 ut
1728 1751 1980 1820 prarcepti
2020 1751 2268 1804 custodia
2313 1749 2379 1802 ad

797 1853 1101 1897 extremum
1153 1858 1373 1913 quoque
1426 1853 1481 1898 et
1536 1843 1751 1914 insigne
1790 1844 2005 1898 l'acinus
2037 1844 2177 1896 viam
2221 1842 2378 1896 vobis

2479 648 2613 715 ἐμοῦ
2649 649 2867 718 σφαγὴν
2891 664 2903 677 ’
2937 649 3125 718 ἕψεται
3147 652 3362 716 πάντως
3384 655 3512 726 ὑμῖν
3542 658 3857 730 προθύμους
3891 658 4060 724 εἶναι,

2478 741 2573 790 καὶ
2616 739 2678 791 τὸ
2705 739 2928 810 ἔσχατον
2954 742 3250 797 ἀποδοῦναι
3279 748 3648 818 περιϐόλαιον,
3693 754 3788 804 καὶ
3823 753 4059 817 ἀλλάξα-

2479 830 2602 882 σθαι
2633 831 2730 900 τῆς
2759 831 2904 900 ζωῆς
2931 832 3028 886 τὸν
3053 834 3194 904 ὑπὲρ
3224 836 3359 904 ἐμοῦ
3418 838 3673 894 θάνατον.
3729 842 3901 896 Τοῦτο
3952 848 4062 915 γάρ

2480 922 2734 990 σημαίνοι
2773 922 2839 975 ἂν
2871 923 2983 976 τῶν
3024 927 3332 996 εἰρημένων
3387 931 3606 984 πάντων
3661 932 4064 1005 εὐστοχώτερον

2478 1011 2538 1062 τὸ
2585 1010 2867 1080 βαλάντιον
2905 1013 2981 1084 μὴ
3013 1014 3179 1084 ἔχειν,
3212 1017 3307 1070 καὶ
3358 1020 3391 1089 ἡ
3426 1020 3522 1073 τοῦ
3565 1022 3785 1090 ἱματίου
3836 1028 4061 1097 πρᾶσις,

2480 1101 2575 1153 καὶ
2604 1102 2638 1169 ἡ
2671 1102 2914 1171 μάχαιρα
2942 1120 2955 1132 ·
2986 1103 3190 1156 ὡσανεὶ
3222 1107 3354 1158 ὅταν
3388 1125 3494 1177 περ
3520 1110 3642 1162 οὺδέ
3685 1111 3778 1163 τοῦ
3829 1114 4061 1181 ἐσχάτου

2479 1194 2830 1262 περιδολαίου
2891 1197 2921 1247 ό
2958 1195 3058 1265 τὴν
3101 1198 3201 1266 τῆς
3259 1199 3645 1272 άκτημοσύνης
3693 1204 4061 1274 τελεσάμενος

2481 1287 2749 1357 φείσεται,
2780 1288 2916 1342 ἀλλὰ
2945 1294 3169 1343 κακεῖνο
3204 1291 3367 1346 δώσει
3397 1296 3595 1364 χωρῶν
3634 1297 3895 1366 εὐθύμως
3925 1302 4063 1369 πρὸς

2484 1382 2774 1450 μάχαιραν.
2802 1383 2892 1434 Διὸ
2923 1384 2984 1435 ού
3038 1387 3395 1449 πωλησάτω,
3444 1388 3632 1455 φησιν,
3661 1390 3780 1442 ούδέ
3844 1392 4065 1459 ἁγορα-

2480 1472 2664 1537 σάτω,
2695 1473 2843 1525 ἀλλὰ-
2863 1475 3136 1540 πωλήσει
3167 1478 3258 1528 καί
3309 1477 3596 1544 ἀγοράσει
3626 1495 3640 1510 ·
3692 1481 3811 1550 ἅμα
3847 1483 3951 1550 μὲν
4004 1487 4063 1535 οὗ

2481 1564 2665 1631 νόμον,
2695 1562 2806 1616 οὐδ’
2837 1565 3119 1633 ἐπίταγμα
3166 1567 3235 1618 τὰ
3267 1567 3491 1635 ῥήματα
3520 1568 3710 1631 ποιῶν,
3736 1567 3856 1637 ἅμα
3885 1569 3942 1623 δέ
3976 1573 4069 1624 καὶ

2480 1654 2543 1705 τὸ
2581 1654 2774 1722 μέλλον
2804 1653 3197 1724 προαγορεύων
3223 1671 3237 1686 ο
3264 1651 3394 1720 οἷον,
3423 1657 3537 1709 Οὐκ
3569 1657 3872 1721 ἐπιτάσσω,
3900 1663 4062 1730 φησι,

2481 1746 2642 1798 τοῦτο
2668 1746 2943 1812 γένεσθαι,
2975 1746 3089 1799 ἀλλ’
3114 1745 3269 1808 εἰδὼς
3300 1747 3360 1798 τὸ
3389 1748 3750 1818 γενησόμενον
3783 1750 4062 1820 προλέγω,

2482 1839 2613 1908 ῶςή
2648 1838 2748 1906 τῆς
2780 1838 3003 1904 ἐντολῆς
3033 1837 3251 1908 φυλακὴ
3293 1840 3388 1891 καὶ
3441 1840 3502 1892 τὸ
3536 1839 3759 1909 ἔσχατόν
3817 1859 3924 1894 που
3978 1845 4070 1895 καί⁵

801 1935 1050 1988 muniat:
1082 1933 1168 1988 illa
1197 1936 1339 1989 enim
1374 1935 1623 1989 suadebit
1653 1913 1828 1999 vobis,
1867 1945 1927 1990 ut
1951 1950 2134 1989 necem
2159 1951 2378 2004 qttuque

2487 1930 2627 2000 μέγα
2658 1931 2786 1999 ὑμῖν
2828 1930 3243 2001 προύπογράφει
3278 1932 3609 2002 κατόρθωμα
3645 1948 3660 1963 ⁸
3717 1933 3904 2003 ἐκείνη
3961 1934 4070 2004 γάρ

798 2023 904 2078 mei
940 2038 1102 2078 causa
1130 2024 1360 2078 libenter
1381 2026 1534 2078 adire
1559 2026 1761 2091 velitis,
1801 2027 1948 2079 oumi
1973 2041 2105 2079 cura
2128 2026 2377 2078 saeculari

2487 2025 2658 2074 πείσει
2709 2022 2800 2074 καὶ
2823 2022 2914 2075 τὸν
2943 2023 3087 2092 ὑπὲρ
3137 2022 3274 2091 ἐμοῦ
3326 2022 3556 2076 θάνατον
3607 2023 3782 2094 ἡδέως
3831 2025 4067 2087 ἐλέσθαι,

798 2115 1024 2180 vacetis,
1063 2116 1196 2169 nihil
1222 2117 1508 2185 corporale
1532 2119 1844 2182 sectemini,
1874 2127 2072 2172 cuncta
2103 2118 2165 2188 ad
2196 2131 2375 2169 meum

2487 2113 2538 2165 τὸ
2573 2116 2754 2183 πάσης
2791 2115 2935 2182 ὑμᾶς
2971 2114 3228 2183 βιωτικῆς
3257 2115 3571 2180 ἐλευθέρους
3605 2111 3743 2168 εἶναι
3773 2118 4070 2186 μερίμνης,

799 2206 1120 2260 famulatum
1154 2207 1426 2288 referatis.
1476 2210 1630 2272 Quod
1687 2220 1867 2263 autem
1907 2209 2050 2262 haud
2104 2209 2244 2262 alius
2299 2207 2378 2261 rei

800 2299 972 2366 gratia
1003 2297 1211 2367 gladios
1265 2311 1526 2354 memoret
1572 2316 1774 2354 arcano
1815 2301 2133 2355 Dominicus
2171 2314 2377 2364 sermo,

797 2388 1007 2459 jamdiu
1059 2390 1332 2458 parabolis
1370 2393 1442 2444 uti
1500 2393 1715 2456 solitus,
1770 2393 1872 2446 nisi
1925 2403 1984 2447 ut
2023 2409 2120 2446 eos
2153 2407 2264 2447 suae
2317 2407 2382 2446 ac

802 2479 1190 2548 discipulorum
1226 2483 1502 2550 passionis
1533 2484 1842 2554 symbolum
1875 2483 2061 2548 faciat,
2093 2483 2381 2538 manifeste

802 2571 1056 2625 enucleat
1097 2573 1151 2626 in
1197 2573 1687 2643 subsequentibus.
1722 2576 1857 2631 Cum
1883 2577 2029 2631 enim
2062 2576 2378 2645 respondis-

802 2673 927 2717 sent
961 2664 1214 2733 discipuli
1249 2676 1450 2735 praasto
1477 2683 1600 2722 esse
1634 2668 1841 2737 gladios
1875 2668 2037 2729 duos,
2073 2670 2208 2722 nihil
2240 2685 2380 2738 prte-

804 2765 948 2809 terea
977 2760 1045 2809 ab
1070 2758 1137 2811 iis
1172 2758 1488 2827 exquisivit,
1525 2768 1650 2828 puta
1682 2761 1765 2814 vel
1808 2770 1866 2813 ut
1894 2770 2096 2815 vestem
2123 2761 2382 2815 divende-

804 2857 947 2911 rent,
965 2850 1046 2902 vel
1079 2865 1146 2902 an
1179 2851 1236 2912 ii,
1263 2851 1464 2920 quibus
1488 2862 1928 2915 essetcrumcna,
1959 2869 2141 2922 peram
2166 2868 2384 2923 quoque

807 2941 1190 3005 sumpsissent,
1221 2957 1397 3010 neque
1447 2945 1513 2995 ad
1564 2945 1697 2996 alias
1739 2960 1832 2998 eos
1875 2947 2153 3000 transtulit
2188 2947 2386 3016 cogita-

806 3030 1016 3100 tiones;
1066 3035 1158 3091 sed
1213 3054 1230 3087 ι
1270 3037 1414 3091 Satis
1461 3050 1564 3104 est,
1625 3059 1643 3090 ι
1696 3043 1771 3093 ait
1806 3059 1818 3094 :
1856 3042 2064 3095 scilicet
2098 3042 2266 3112 signis
2298 3057 2385 3096 res

807 3139 931 3194 qute
957 3127 1298 3194 portenditur
1320 3130 1736 3198 circumscripta
1762 3142 1878 3192 est;
1908 3145 2072 3200 atque
2095 3135 2207 3187 haec
2237 3149 2389 3188 asse-

807 3219 1026 3286 quendo
1057 3235 1226 3288 scopo
1259 3222 1554 3275 sumciuut.
1608 3221 1805 3276 Totum
1856 3227 2055 3293 quippe
2111 3227 2385 3289 negotium

2482 2204 2620 2272 πρὸς
2649 2205 2710 2256 τὸ
2759 2205 2925 2274 μηδὲν
2960 2203 3386 2274 ἐπιστρέφεσθαι
3446 2205 3556 2256 τῶν
3611 2205 3964 2272 σωματικῶν,
4016 2208 4072 2255 τὴ

2479 2298 2659 2349 πάντα
2679 2296 2814 2364 πρὸς
2843 2297 2943 2366 τὴν
2971 2297 3108 2366 ἐμὴν
3130 2295 3421 2366 ἀναφέρειν
3451 2294 3765 2365 θεραπείαν.
3791 2296 3917 2349 Ὀτι
3935 2296 3993 2349 δὲ
4011 2301 4070 2348 οὐ

2484 2387 2682 2454 μᾶλλον
2699 2386 2885 2453 ἑτέρου
2911 2386 3053 2450 τινὸς
3091 2387 3251 2455 χάριν
3280 2387 3377 2449 τὰς
3407 2385 3682 2456 μαχαίρας
3711 2386 3824 2438 ὁτὲ
3853 2386 3948 2438 ἀπ’
3970 2389 4069 2458 ἁρ-

2482 2480 2581 2548 χῆς
2617 2479 2977 2549 προϐλήματα
2995 2479 3366 2548 φθεγγόμενος
3398 2480 3844 2547 αἰνιγματίζεται
3889 2479 4069 2545 λόγος,

2482 2571 2514 2641 ἢ
2552 2571 2818 2639 σύμϐολον
2851 2571 3020 2633 αὐτάς
3037 2571 3407 2640 πεποιημένος
3440 2570 3533 2624 τοῦ
3558 2589 3616 2624 τε
3633 2571 3834 2625 οἰκείου
3865 2571 4073 2634 πάθους

2484 2662 2578 2715 καὶ
2608 2661 2714 2714 τῶν
2752 2660 3031 2732 μαθητῶν,
3066 2660 3253 2730 σαφῶς
3283 2661 3685 2715 ἁναπτύσσεται
3709 2665 3822 2724 τοίς
3846 2661 4072 2730 ἐφεξῆς.

2494 2753 2975 2822 Ἀποκριναμένων
3012 2754 3121 2822 γάρ
3139 2754 3246 2804 τῶν
3281 2753 3543 2821 μαθητῶν
3572 2753 3648 2816 ὡς
3678 2753 3948 2823 μάχαιραι
3980 2755 4074 2805 δύο

2487 2845 2648 2909 εἰσὶν,
2683 2844 2795 2897 οὔθ’
2833 2845 3022 2913 ἕτερον
3045 2861 3097 2896 τι
3159 2843 3551 2913 προσαπῄτησε
3575 2844 3706 2913 παρ’
3733 2844 3932 2904 αὐτῶν,
3964 2839 4077 2895 οἷον

2491 2937 2707 3005 ἱμάτιον
2742 2936 3013 3004 πωλῆσαι,
3045 2935 3076 3006 ἦ
3103 2937 3214 2997 τοῖς
3233 2935 3413 3004 ἔχουσι
3435 2936 3495 2987 τὸ
3516 2935 3818 3002 βαλάντιον,
3844 2938 3894 2987 εί
3921 2936 4019 2988 καὶ
4041 2936 4075 3005 η

2490 3030 2640 3094 πήρα
2670 3026 3092 3096 προσείληπται,
3134 3025 3256 3078 οὔτε
3293 3026 3430 3096 πρὸς
3468 3025 3637 3094 ἄλλην
3667 3025 3910 3078 διάνοιαν
3945 3042 4075 3095 μετ-

2489 3119 2761 3178 εὸίϋασεν,
2794 3117 2907 3170 ἀλλ’
2955 3119 3162 3170 Ἱκανόν
3191 3120 3329 3182 ἐστι,
3388 3117 3561 3187 φησίν
3586 3133 3600 3147 ·
3629 3117 3748 3170 ἀντὶ
3790 3116 3886 3169 τοῦ
3918 3133 4079 3187 περι-

2493 3210 2711 3277 εγράφη
2751 3212 2860 3270 τοῖς
2889 3226 2949 3259 συ
2960 3209 3178 3276 μεόλοις
3199 3209 3260 3260 τὸ
3281 3210 3637 3278 μηνυόμενον,
3652 3207 3747 3260 καὶ
3764 3207 4077 3277 ἀρκούντως

811 3266 1020 3286 νηη--
1057 3266 1223 3288 πη.-
1259 3266 1554 3275 --...ν.ν-..-.
1617 3266 1805 3276 -.,......
1856 3266 1984 3278 η...
2031 3266 2055 3276 .,
2111 3266 2383 3289 Nm"...

809 3308 974 3378 gladii
1018 3312 1126 3366 duo
1154 3313 1329 3366 oculis
1355 3314 1675 3382 subjiciunt,
1710 3266 1919 3384 etquid
1951 3266 2053 3370 sibi
2082 3316 2205 3369 Velit
2242 3331 2383 3385 sym-

2492 3266 2604 3370 ἐχει
2632 3266 2984 3370 παραστῆσαι
3010 3266 3185 3354 ταῦτα
3211 3266 3300 3352 τὸν
3329 3266 3557 3352 σκοπόν.
3592 3266 3659 3352 Ai
3705 3266 3816 3368 γάρ
3843 3299 3943 3352 δύο
3971 3266 4072 3368 tui:

807 3400 992 3454 bolum
1028 3403 1384 3470 patefaciunt.
1439 3406 1590 3458 Alter
1642 3405 1787 3459 enim
1839 3409 2047 3473 gladius
2096 3405 2390 3459 Doruiuicze

809 3489 1079 3557 passionis
1129 3491 1310 3558 imago
1356 3503 1492 3557 erat,
1545 3494 1683 3547 alter
1716 3495 1993 3561 Evangelii
2027 3497 2386 3562 genuinorum

807 3589 863 3635 et
894 3581 1012 3635 sine
1036 3579 1158 3635 l'uco
1191 3583 1611 3651 discipulorum,
1641 3587 1734 3654 qui
1760 3588 1974 3640 cunctis
2007 3586 2145 3640 infra
2177 3587 2388 3640 Domini

812 3669 1133 3744 charitatetn
1170 3671 1385 3736 locatis,
1422 3673 1782 3727 novissimum
1825 3688 2045 3744 quoque
2092 3676 2388 3729 amiculum

813 3770 1046 3825 exuunt,
1103 3771 1267 3829 atque
1300 3763 1448 3817 omni
1494 3765 1737 3817 terrestri
1784 3780 1863 3827 re,
1905 3766 2016 3818 imo
2046 3775 2100 3820 et
2147 3767 2260 3834 ipsa
2295 3782 2391 3821 na-

811 3863 953 3918 tura,
981 3855 1190 3919 nudati,
1241 3855 1404 3908 simul
1437 3872 1498 3910 ac
1541 3855 1762 3910 Occasio
1810 3857 2044 3913 athletas
2074 3867 2286 3922 evocat,
2321 3857 2390 3912 ad

813 3961 1002 4000 necem
1039 3962 1138 4018 pro
1169 3946 1372 4001 dilecto
1401 3957 1629 4003 ovantes
1661 3948 1974 4002 convolant.

884 4199 972 4253 Η.
1006 4199 1182 4268 Atque
1210 4199 1284 4252 ita
1314 4199 1428 4253 hac
1457 4200 1621 4254 etiam
1654 4216 1775 4270 quae
1796 4202 1849 4254 in
1887 4202 2137 4256 manibus
2167 4211 2252 4258 est
2277 4203 2392 4259 dis-

810 4292 1021 4362 putatio
1067 4291 1479 4344 consonantiam
1514 4291 1787 4344 dictorum
1836 4293 2201 4355 demonstrat,
2248 4293 2389 4348 haud

807 4380 1060 4451 equidem
1076 4391 1432 4446 personarum
1451 4377 1774 4440 diﬂ‘erentia,
1797 4394 1960 4447 quam
1988 4379 2189 4435 divina:
2207 4380 2391 4450 Scrip-

809 4480 949 4525 tum
984 4469 1184 4523 locutio
1243 4469 1331 4522 hic
1366 4485 1473 4522 non
1507 4471 1734 4538 patitur,
1786 4473 1880 4525 sed
1919 4475 2388 4540 consequentibus

811 4558 990 4622 factis,
1025 4566 1078 4612 et
1102 4560 1478 4629 progrediente
1510 4561 1782 4614 sermonis
1808 4561 2000 4614 ordine
2031 4563 2385 4631 symbolicam

813 4649 1103 4705 verborum
1154 4648 1606 4719 signiﬁcationem
1650 4651 1922 4716 aperiens.
1972 4650 2224 4705 Profecto
2267 4653 2391 4707 licet

815 4756 922 4796 non
951 4742 1126 4796 solum
1175 4741 1444 4810 praedictis
1493 4739 1672 4794 modis
1716 4743 2156 4797 smiulameutum
2202 4760 2395 4813 pugna:

810 4847 1159 4904 cognoscere,
1188 4832 1282 4886 sed
1312 4831 1434 4885 aliis
1459 4833 1623 4885 etiam
1651 4834 1818 4887 multo
1852 4834 1940 4898 iis,
1968 4835 2062 4901 qui
2090 4837 2216 4890 dicti
2245 4845 2392 4902 sunt,

810 4924 1082 4994 pluribus,
1107 4938 1344 4994 quorum
1376 4923 1649 4992 expositio
1683 4935 1849 4993 atque
1895 4928 2199 4995 percensio,
2232 4945 2395 4998 pecu~

809 5018 962 5071 liaris
1007 5017 1313 5086 cujusdam,
1362 5031 1471 5068 non
1529 5017 1832 5085 praesentis,
1888 5020 2230 5074 tractationis
2284 5033 2386 5075 est.

808 5105 951 5161 Nihil
988 5115 1166 5159 tamen
1214 5113 1361 5159 vetat
1379 5106 1677 5174 quominus
1705 5108 1914 5175 aliquot
1938 5111 2386 5179 perstringamus,

809 5201 905 5269 qui
929 5199 1093 5253 etiam
1128 5198 1404 5253 nonnullis
1436 5197 1558 5251 aliis
1580 5198 2017 5254 dubitationibus
2047 5203 2176 5265 tuis,
2199 5204 2241 5256 si
2266 5205 2390 5271 quis

808 5310 923 5349 rem
959 5303 1137 5347 tecum
1176 5293 1568 5358 considerabit,
1607 5296 2018 5364 responsionem
2074 5299 2392 5367 suppedita-

807 5385 967 5441 bunt.
991 5385 1128 5439 Nam
1163 5386 1329 5439 multa
1364 5401 1575 5450 eorum,
1619 5401 1742 5455 qute
1781 5389 2004 5441 minime
2033 5389 2170 5442 inter
2194 5406 2253 5445 se
2281 5405 2383 5458 pu-

807 5484 994 5547 gnant,
1024 5477 1070 5530 si
1110 5479 1306 5546 partim
1341 5478 1644 5531 secundum
1695 5482 2059 5533 mconomiam
2109 5481 2379 5547 dicantur,

806 5567 1000 5637 partim
1035 5572 1328 5622 secundum
1353 5575 1563 5622 natura:
1589 5569 1860 5634 ordinem,
1891 5580 2058 5640 tuque
2082 5586 2145 5626 ea
2165 5574 2387 5629 minime

806 5658 1110 5723 discemus,
1132 5659 1582 5713 contradictionis
1603 5657 1787 5714 fucum
1813 5659 2030 5716 facient.
2055 5662 2386 5719 (Economia

2491 3408 2678 3460 χαιραι
2707 3391 2802 3461 τὴν
2841 3393 3032 3461 χρείαν
3058 3392 3193 3461 ὃλην
3225 3392 3624 3461 ὑπογράφουσι,
3656 3392 3748 3444 καὶ
3804 3391 3901 3443 τοῦ
3938 3408 4076 3460 συμ-

2489 3482 2649 3535 ϐόλου
2676 3482 2737 3536 τὸ
2777 3483 3025 3552 βούλημα
3052 3482 3429 3551 διαγγέλλουσι
3457 3498 3472 3513 ·
3516 3482 3611 3535 καὶ
3641 3483 3747 3550 γὰρ
3807 3482 4018 3536 τούτων
4047 3484 4078 3554 ἡ

2493 3576 2592 3637 μὲν
2623 3574 2942 3645 παραϐολὴν
2975 3577 3161 3644 ἐπεῖχε
3192 3574 3286 3627 τοῦ
3316 3573 3640 3627 δεσποτικοῦ
3692 3574 3926 3638 πάθους,
3963 3578 3996 3644 ἡ
4019 3575 4073 3627 δὲ

2491 3665 2599 3717 τῶν
2641 3667 2882 3734 γνησίων
2919 3683 2979 3718 τε
3007 3667 3102 3719 καὶ
3129 3665 3206 3729 ὡς
3237 3664 3456 3735 άληθῶς
3481 3665 3576 3718 τοῦ
3619 3666 3778 3731 λόγου
3815 3665 4076 3735 μαθητῶν

2491 3753 2573 3819 οἷς
2603 3757 2816 3810 ᾶπαντα
2839 3757 2936 3825 τῆς
2952 3759 3030 3818 εἰς
3053 3755 3115 3809 τὸ
3135 3756 3411 3826 Δεσπότην
3425 3756 3636 3818 εὐνοίας
3655 3755 4078 3825 ἀλλασσομένοις

2487 3839 2587 3901 καὶ
2612 3847 2750 3918 αὐτὴ
2764 3848 3276 3919 προσαποδεύεταιή
3306 3849 3592 3902 τελευταία
3632 3848 3893 3918 περιϐολή
3924 3865 3940 3880 ·
3984 3865 4080 3917 γυ-

2498 3943 2622 4010 μνοὶ
2648 3940 2710 3993 δέ
2736 3942 2847 3994 τῶν
2880 3957 2945 3994 πε
2956 3941 3198 4010 ριγείων,
3227 3940 3363 3993 ἀλλὰ
3397 3941 3492 3994 καὶ
3516 3941 3683 4011 αὐτῆς
3711 3940 3807 4010 τῆς
3839 3941 4077 4009 φύσεως,

2491 4031 2773 4100 χαίροντες
2803 4031 3040 4102 ἔδραμον
3073 4033 3206 4100 πρὸς
3251 4029 3371 4100 τὴν,
3393 4032 3522 4084 ὅταν
3578 4031 3607 4083 ὁ
3650 4030 3838 4102 καιρὸς
3893 4030 4080 4084 ἐκάλει

2489 4122 2617 4182 τοὺς
2657 4119 2915 4190 ἀθλητὰς,
2948 4121 3090 4190 ὑπὲρ
3119 4120 3213 4173 τοῦ
3260 4118 3593 4188 ποθουμένου
3630 4122 3863 4188 σφαγήν.

2565 4210 2646 4262 ιδ’.
2688 4212 2852 4264 Ἀλλὰ
2882 4212 3145 4279 τοιαύτην
3178 4209 3278 4280 μὲν
3307 4212 3401 4263 καὶ
3428 4210 3462 4280 ἠ
3496 4209 3592 4262 νῦν
3614 4209 3719 4262 τῶν
3749 4207 3934 4280 ῥητῶν
3981 4209 4079 4277 τὴν

2493 4301 2813 4370 συμφωνίαν
2839 4300 3101 4354 δεικνῦσα
3127 4301 3349 4370 θεωρία,
3381 4302 3447 4370 τῇ
3469 4300 3568 4370 μὲν
3604 4300 3712 4353 τῶν
3767 4301 4081 4369 προσώπων

2490 4392 2550 4443 ού
2607 4392 2931 4462 χρησαμένη
2954 4393 3211 4463 διαφορᾷ,
3240 4393 3322 4445 ὅτι
3353 4391 3478 4460 μηδ’
3498 4391 3768 4461 ἐπίτρεπε
3795 4390 3961 4444 τοῦτο
3981 4396 4080 4461 τῆς

2494 4485 2642 4550 ίερᾶς
2675 4484 2896 4552 Γραφῆς
2919 4485 2950 4552 ή
2976 4483 3153 4554 φωνὴ,
3209 4484 3301 4536 ὑπ’
3327 4483 3505 4537 αὐτῶν
3544 4483 3600 4535 δέ
3623 4483 3730 4535 τῶν
3778 4483 4079 4553 ἐκϐεϐηκόο

2490 4588 2598 4624 των
2637 4575 2978 4642 πραγμάτων
3014 4573 3110 4626 καὶ
3157 4575 3257 4642 τῆς
3311 4574 3434 4627 καθ’
3459 4573 3651 4644 εἱρμὸν
3697 4573 3928 4644 προόδου
3983 4574 4078 4627 τοῦ

2492 4664 2652 4731 λόγου
2689 4668 2791 4732 τὴν
2814 4665 3146 4737 συμϐολικὴν
3172 4665 3280 4718 τῶν
3322 4666 3584 4736 ῥημάτων
3615 4666 3894 4736 σημασίαν
3943 4669 4076 4721 ἀνα-

2501 4754 2845 4810 πτύσσουσα.
2879 4756 3036 4809 Ἐστι
3084 4758 3180 4827 μὲν
3219 4752 3335 4822 οὗν,
3387 4757 3532 4809 ἐστιν
3561 4757 3621 4809 οὑ
3647 4756 3787 4808 κατὰ
3821 4758 3950 4819 τοὺς
4006 4759 4078 4809 εί-

2495 4845 2764 4914 ρημένους
2801 4845 2962 4915 μόνον
2991 4848 3233 4916 τρόπους
3274 4849 3374 4916 τὴν
3406 4849 3707 4915 φαντασίαν
3734 4847 3836 4915 τῆς
3892 4847 4074 4918 μάχης

2491 4935 2819 4990 άπαντῶσαν
2847 4937 3058 5002 λαϐεῖν,
3095 4937 3233 4991 ἀλλὰ
3266 4937 3362 4992 καὶ
3389 4941 3510 4992 κατ’
3538 4937 3733 5001 ἄλλους
3765 4939 3948 5009 πολλῷ
3968 4939 4076 4991 τῶν

2489 5029 2797 5100 είρημένων
2824 5031 3096 5094 πλείονας,
3148 5024 3282 5100 ῶνή
3319 5031 3656 5100 στοιχείωσις
3712 5031 3806 5083 καὶ
3873 5047 4076 5099 συγκεο

2491 5121 2795 5186 φαλαίωσις
2825 5121 3159 5192 ἰδιαζούσης,
3206 5122 3321 5176 ἀλλ’
3350 5123 3472 5192 οὐχὶ
3515 5122 3616 5192 τῆς
3645 5121 3740 5175 νῦν
3763 5123 3915 5176 ἐστιν
3941 5123 4073 5180 ὐποο

2491 5213 2711 5277 θέσεως.
2745 5215 2892 5286 Πλὴν
2915 5216 3072 5268 οὐδὲν
3110 5215 3310 5269 κωλύει
3360 5215 3453 5269 καί
3507 5232 3661 5278 τινας
3696 5215 3878 5269 αὐτῶν
3934 5216 4073 5271 διελ·

2492 5302 2627 5368 θεῖν,
2663 5305 2831 5358 οἱκαὶ
2870 5307 3006 5377 πρὸς
3044 5307 3182 5360 ἄλλα
3213 5307 3336 5360 τινὰ
3365 5307 3475 5359 τῶν
3529 5307 3638 5359 σῶν
3699 5307 4074 5376 άπορημάτων

2490 5399 2601 5458 τοίς
2641 5397 3101 5452 συνεπισκοποῦσι
3135 5400 3300 5470 πόρον
3330 5399 3681 5470 παρέχονται.
3740 5397 3922 5454 Πολλὰ
3979 5399 4074 5468 μὲν

2492 5487 2600 5556 γὰρ
2626 5487 2735 5539 τῶν
2763 5488 2824 5540 οὐ
2862 5491 3204 5560 μαχομένων,
3231 5489 3297 5543 ἂν
3321 5491 3382 5543 τὸ
3411 5492 3510 5559 μὶν
3532 5490 3814 5560 οἰκονομία
3837 5490 3994 5565 λέγῃ,
4017 5493 4073 5544 τὸ

2492 5579 2550 5631 δὲ
2583 5580 2680 5649 τῆς
2720 5580 2933 5646 φύσεως
2971 5581 3033 5634 τὸ
3060 5566 3380 5645 ἀκόλουθον,
3413 5585 3477 5636 σὺ
3510 5584 3567 5638 δὲ
3631 5584 3706 5652 μὴ
3741 5583 4072 5659 διαστειλῃςι

2498 5669 2704 5738 πλάνην
2736 5674 2882 5725 ποεεῖ
2937 5673 3264 5735 ἀντιθᾶσεως
3311 5674 3592 5744 οἰκονομία
3623 5675 3734 5742 (10)
3791 5673 3847 5728 δὲ
3876 5674 4076 5746 λέγοιτ’

2329 5757 2562 5812 NOTAE.

2329 5759 2370 5810 N
2428 5760 2467 5812 Τ
2546 5798 2562 5812 .

878 5841 995 5916 (l0)
1028 5843 1098 5900 De
1131 5845 1231 5902 hoc
1255 5861 1412 5902 sacro
1448 5846 1711 5906 vocabulo
1753 5846 1957 5902 multus
2000 5855 2082 5902 est
2136 5759 2421 5905 Suiceru?
2441 5760 2812 5914 itiET/tuauro,
2840 5868 3002 5923 quem
3037 5870 3160 5908 cum
3193 5853 3374 5909 fructu
3400 5856 3595 5912 adibis.
