4198 6440
273 441 347 505 65
1385 439 1482 499 AD
1507 433 1832 496 AMPHII.C

1924 432 2092 494 IIUM
2121 433 2462 506 ΟΙΜΞΞΤΙΟ
2495 437 2535 495 l.

3443 434 3521 517 66

266 558 336 611 av
365 552 570 625 κυρίως
611 551 708 624 μὲν
738 552 773 621 ὴ
806 551 902 606 τοῦ
952 552 1125 618 Λόγου
1169 548 1430 621 φρικτικὴ
1473 546 1614 615 ὑπὲρ
1643 544 1832 599 ἐννοίας

1924 556 2082 601 ,vero
2130 542 2504 612 principaliter
2547 544 2769 621 dicitur.
2811 544 2971 600 Verbi
3010 546 3317 605 incarnatio
3356 570 3521 626 supra

267 645 699 715 ὲνανθρώπησις.
728 643 837 697 Καὶ
858 642 983 697 καθ’
1005 643 1191 712 ἓτερον
1222 641 1278 694 δὲ
1308 640 1510 722 τρόπον
1551 635 1661 689 τῶν
1683 636 1842 703 άκρι-

264 736 421 789 δεστέ
431 753 538 805 ρων
565 735 745 804 νόμων
771 735 805 805 ἡ
837 733 926 786 έπί
945 750 1067 787 τινα
1093 731 1284 802 χρόνον
1327 726 1595 797 ύποστολὴ
1615 726 1649 796 ἢ
1674 724 1836 795 σχολὴ

262 828 296 895 ἢ
336 826 452 879 τῶν
482 826 782 894 ἀνειμένων
810 823 1041 893 εἰσφορά
1070 823 1205 893 πρὸς
1227 821 1327 891 τὴν
1380 819 1489 873 τῶν
1533 818 1835 886 δεχομένων

261 916 572 978 ἀσθένειαν,
601 915 1061 984 διοικονομοῦντος
1090 913 1183 966 τοῦ
1237 910 1528 981 νομοθέτου
1558 908 1620 960 τὸ
1667 907 1839 977 πρόσ-

261 1023 474 1076 ταγμα.
507 1004 891 1075 Προκύπτουσι
913 1004 970 1057 δὲ
999 1004 1098 1073 τῆς
1130 1001 1352 1070 πρώτης
1379 996 1714 1066 οἰκονομίας,
1758 994 1841 1047 οὐο

260 1097 316 1148 δὲ
348 1098 445 1165 τῆς
490 1094 745 1165 δευτέρας
776 1093 1009 1163 ιχούσης
1040 1093 1100 1145 τὸ
1151 1090 1475 1160 ἀδιαίρετον,
1534 1088 1628 1139 καὶ
1687 1083 1837 1138 ἄλλοι

262 1186 455 1254 τρόποι
481 1184 744 1256 διάφοροι.
796 1183 1005 1236 Αὐτίκα
1060 1185 1088 1235 ό
1122 1182 1311 1250 Σωτὴρ
1362 1178 1582 1249 ἠγωνία·
1627 1193 1688 1229 τε
1740 1175 1837 1227 καὶ

264 1276 563 1344 παρῃτεῖτο
611 1274 705 1325 τὸν
727 1272 978 1335 θάνατον,
1028 1270 1165 1324 άλλά
1189 1269 1285 1322 καὶ
1315 1268 1560 1332 ἐξουσίαν
1580 1260 1693 1335 εἶχε
1725 1264 1841 1317 θεῖ-

259 1383 354 1421 ναι
378 1366 477 1437 τὴν
512 1366 692 1435 ψυχὴν
713 1364 879 1417 αὐτοῦ
912 1362 1011 1417 καὶ
1036 1362 1200 1415 πάλιν
1250 1361 1436 1414 λαϐεῖν
1474 1359 1691 1428 αύτήν.,
1724 1355 1834 1409 Καὶ

258 1462 365 1532 ὅρα
404 1461 503 1525 ὡς.
532 1462 584 1513 ετ
609 1476 690 1522 τις
718 1459 793 1529 μὴ
823 1460 886 1513 sb
917 1458 1017 1529 μιν
1060 1458 1129 1527 τῇ
1152 1454 1433 1524 οἰκονομίᾳ
1481 1453 1618 1523 δοίη,
1654 1451 1726 1506 τά
1774 1449 1832 1504 δὲ

256 1554 327 1621 τῇ
358 1551 580 1622 ἐξουσία
615 1552 679 1619 τῇ
702 1549 880 1618 θεῖκῇ.
907 1546 1101 1602 ἑαυτὸν
1131 1548 1248 1608 τοῖς
1276 1545 1543 1607 ἐναντίοις
1574 1540 1831 1612 περιτρέ-

254 1642 401 1711 ψειε.
440 1641 549 1695 Καὶ
578 1640 639 1694 τό
670 1656 735 1709 γε
789 1639 886 1692 νῦν
919 1639 1022 1709 τῆς
1062 1635 1373 1707 οἰκονομίας
1408 1635 1577 1705 όνομα
1632 1632 1830 1702 φύεται

260 1734 387 1801 μὲν,
415 1732 605 1802 ὥσπερ
634 1733 872 1801 εἴρηται,
901 1731 1010 1786 άπό
1033 1746 1098 1799 γε
1125 1731 1223 1800 τῆς
1253 1727 1519 1800 δηλούσης
1548 1727 1650 1795 τὴν
1669 1726 1827 1779 έναν-

1943 649 2159 689 omncm
2176 635 2585 704 intelligentiam
2608 637 2964 693 admirabilis.
2996 639 3208 696 Rursus
3225 645 3332 698 alio
3357 634 3541 703 modo

1942 725 2245 779 mconomia
2271 726 2583 794 intelligitur
2612 728 2783 781 severi
2811 728 2954 797 juris
2976 729 3044 783 ad
3067 741 3273 785 certum
3305 744 3521 807 tempus

1941 816 2197 872 remissio
2230 830 2390 887 atque
2404 817 2676 887 iustitium
2702 839 2716 887 ;
2739 823 2819 875 vel
2850 823 3015 876 etiam
3042 823 3366 880 immunimn
3388 844 3521 897 pen-

1940 908 2123 962 sitatio
2146 919 2368 977 propter
2390 925 2566 980 aegros
2595 913 2968 981 recipientium
2998 916 3213 972 animos
3246 921 3509 986 praestita;

1938 997 2018 1050 sic
2041 997 2291 1051 videlicet
2317 997 2623 1067 legislature
2646 1002 2959 1057 mandatum
2982 1019 3144 1059 suum
3167 1008 3507 1065 moderante.

1937 1086 2218 1144 Exsistunt
2252 1098 2433 1143 autem
2465 1105 2496 1145 e
2527 1091 2708 1159 priore
2737 1094 3046 1149 oeconomia
3098 1095 3300 1167 (neque
3336 1110 3520 1169 poste-

1935 1177 2049 1232 rior
2084 1177 2197 1246 ipsa
2228 1177 2511 1249 abhorret)
2536 1182 2629 1234 alii
2661 1196 2883 1251 quoque
2905 1186 3052 1238 modi
3083 1185 3286 1254 plures.
3317 1190 3517 1244 Exem-

1934 1267 2006 1337 pli
2032 1281 2221 1330 causa,
2243 1265 2502 1323 Servator
2530 1269 2584 1324 in
2614 1272 2807 1341 agonia
2826 1273 3037 1341 positus
3067 1284 3296 1329 mortem
3325 1279 3521 1348 depre-

1933 1356 2160 1411 cabatur
2178 1356 2219 1410 ⁸.
2245 1355 2409 1426 Atqui
2437 1358 2577 1414 idem
2600 1369 2919 1429 potestatem
2949 1361 3183 1418 habebat
3215 1365 3515 1435 deponendi

1933 1444 2191 1507 animam,
2240 1454 2406 1514 atque
2452 1446 2648 1502 iterum
2707 1450 2957 1505 sumendi
3024 1465 3145 1506 eam
3185 1453 3225 1507 ’.
3263 1454 3516 1519 Constat,

1932 1535 2037 1591 nisi
2120 1539 2246 1609 quis
2331 1539 2485 1609 prius
2590 1540 2725 1596 illud
2815 1543 3140 1597 teconomim
3236 1546 3513 1613 ascribat,

1929 1629 2160 1685 alterum
2231 1647 2362 1687 vero
2414 1633 2612 1688 divina:
2671 1635 2950 1702 potestati,
3003 1633 3179 1703 ipsum
3242 1651 3302 1692 se
3378 1654 3514 1694 eon-

1928 1719 2339 1778 tradictionibus
2418 1723 2850 1793 implicaturum.
2924 1723 2989 1779 Et
3062 1724 3168 1781 hoc
3213 1726 3334 1783 loco
3389 1730 3514 1799 qui-

257 1824 566 1894 θρὼιτησιν,
585 1824 708 1894 ητις
726 1823 819 1877 καὶ
844 1821 1051 1892 κυρίως
1075 1820 1142 1875 ἂν
1173 1818 1267 1874 καὶ
1290 1816 1522 1889 πρώτως
1544 1814 1825 1885 οἰκονομία

1926 1807 2046 1864 dem
2094 1812 2415 1868 (economias
2465 1814 2686 1868 nomine
2731 1813 3072 1884 intelligitur,
3129 1824 3188 1869 ut
3245 1817 3505 1877 diximus.

255 1916 337 1984 τῷ
360 1893 627 1985 ἀξιώματί
666 1930 726 1967 τε
746 1914 840 1967 καί⁸
872 1911 952 1983 τῷ
982 1911 1141 1981 αἰτίῳ
1162 1910 1264 1979 τῆς
1302 1909 1360 1975 ἐξ
1392 1907 1564 1979 αὐτῆς
1595 1906 1824 1975 λέγοιτο·

1929 1899 2251 1967 ξιιοετιιιιίο.
2299 1918 2422 1973 qua
2489 1906 2759 1974 praecipue
2821 1906 3187 1976 primitusque
3248 1910 3319 1963 oh
3394 1910 3513 1981 dig-

254 2003 319 2056 ού
354 2004 460 2073 μὴν
484 2004 563 2065 εἰς
591 2002 711 2055 ὅλον
744 1997 1263 2072 έκείνῃσυμφύεται
1282 2013 1297 2028 ο
1341 1994 1585 2066 σχίζεται
1611 1993 1720 2062 γάρ
1753 1991 1834 2054 εἰς

254 2094 353 2147 δύο
385 2094 526 2155 τέως
554 2098 649 2147 καὶ
686 2091 859 2162 αὕτη·
900 2092 997 2146 καὶ
1024 2090 1087 2143 sb
1121 2089 1219 2149 μὶν
1255 2087 1425 2158 αὐτῆς
1467 2084 1561 2139 Isti
1610 2082 1831 2154 μᾶλλον,

256 2184 320 2236 sb
359 2184 416 2238 δέ
450 2183 539 2237 ἐπ’
565 2183 787 2238 ἔλαττον
817 2182 896 2253 τῷ
965 2178 1350 2251 σημαινομένῳ
1412 2173 1828 2246 συμσιδάζεται.

256 2275 319 2326 Εἰ
356 2274 453 2342 μὶν
485 2276 593 2345 γάρ
620 2291 704 2337 τις
740 2274 840 2345 ¹τὴν
876 2272 1116 2342 ἀγωνίαν
1165 2270 1261 2324 καὶ
1299 2269 1399 2339 τὴν
1434 2265 1531 2322 τοῦ
1600 2266 1831 2321 θανάτου

259 2368 590 2437 παραίτησιν
618 2364 740 2419 καθ’
772 2366 800 2419 ὅ
831 2367 1053 2435 γέγονεν
1083 2363 1367 2434 ἄνθρωπος
1404 2359 1587 2415 λαϐεῖν
1643 2356 1833 2427 έθελή-

256 2472 363 2519 σοι,
402 2456 712 2524 οἰκονομίαν
743 2454 976 2509 ἐνταῦθα
1001 2455 1100 2525 τὴν
1146 2451 1346 2523 μᾶλλον
1411 2449 1832 2522 προσφυομένην

254 2546 368 2610 ἕξει
399 2544 478 2616 τῷ
506 2544 865 2616 προταχθέντι
896 2546 1099 2615 ῥήματι
1119 2560 1132 2577 ·
1165 2546 1214 2598 εἰ
1238 2543 1284 2598 δ’
1308 2542 1546 2613 άγωνιᾷν
1567 2542 1661 2595 καί⁹
1691 2556 1829 2610 παρ-

255 2637 529 2690 αιτεῖσθαι
556 2637 648 2690 τὸν
680 2636 932 2700 θάνατον,
965 2636 1065 2689 οὐκ
1093 2635 1223 2689 αὐτὸ
1256 2634 1415 2690 τοῦτο
1441 2634 1577 2688 διότι
1608 2632 1830 2701 γέγονεν

256 2730 547 2799 ἄνθρωπός
577 2746 661 2792 τις
702 2728 962 2783 ὑπολάϐοι
991 2728 1227 2797 (πολλοῖς
1262 2727 1372 2798 γάρ
1396 2728 1489 2780 καὶ
1517 2726 1626 2779 τῶν
1684 2742 1827 2795 μαρ-

256 2826 436 2896 τύρων
465 2826 558 2878 καὶ
583 2822 838 2894 ἀσκητῶν
856 2823 1100 2885 ἑκούσιος
1116 2822 1258 2892 ὁρμὴ
1280 2822 1375 2874 καὶ
1406 2819 1548 2891 χαρά
1568 2819 1704 2890 πρὸς
1732 2820 1826 2874 τὸν

256 2917 535 2981 θάνατον),
552 2914 667 2969 ἀλλ’
685 2914 1083 2984 οἰκονομεῖσθαι
1113 2913 1204 2966 νῦν
1234 2914 1334 2983 τὴν
1363 2914 1599 2981 ἀγωνίαν
1622 2912 1712 2963 καὶ
1730 2909 1827 2979 τὴν

254 3006 352 3059 τοῦ
382 3006 613 3060 θανάτου
652 3004 981 3075 παραίτησιν
1012 3006 1091 3061 εἰς
1122 3003 1411 3073 βεϐαίωσιν
1431 3002 1530 3073 μὲν
1550 3002 1647 3071 τῆς
1674 3002 1826 3054 ἐνανο

256 3095 615 3166 θρωπήσεως,
647 3094 867 3165 ἔλεγχον
893 3094 951 3147 δὲ
1005 3093 1276 3161 φθάνοντα
1304 3092 1413 3145 τῶν
1474 3090 1825 3158 ὑποθεμένων

255 3186 559 3255 φαντασίαν
582 3185 643 3239 sb
666 3185 893 3256 φρικτὸν
920 3186 1019 3253 τῆς
1046 3185 1514 3256 ενανθρωπήσεως
1533 3184 1626 3235 καὶ
1649 3181 1824 3252 παρὰ-

1934 1989 2157 2046 nitatem
2190 2008 2345 2049 suam
2374 2004 2429 2049 et
2448 1994 2792 2050 eﬂicientiam
2826 1998 3019 2051 merito
3046 1996 3247 2052 dicitur
3275 2014 3479 2056 tecono
3497 2031 3510 2043 -

1934 2084 2066 2138 mia.
2093 2080 2281 2155 Neque
2312 2094 2495 2140 tamen
2537 2077 2858 2155 praedictum
2905 2102 3105 2142 nomen
3151 2088 3206 2143 in
3256 2089 3359 2145 hac
3404 2107 3508 2144 una

1935 2175 2153 2231 notione
2193 2178 2466 2233 consistit.
2509 2175 2645 2232 Nam
2677 2186 2732 2232 et
2780 2177 2895 2247 ipsa
2940 2179 3093 2235 notio
3135 2179 3407 2236 interdum
3454 2181 3510 2235 in

1930 2263 2069 2320 duas
2096 2267 2401 2333 scinditur;
2435 2282 2668 2338 quarum
2701 2268 2873 2323 altera
2896 2269 3091 2340 magis,
3125 2270 3295 2325 altera
3325 2272 3508 2328 minus

1927 2359 2057 2410 'cum
2107 2371 2166 2411 re
2200 2356 2471 2413 intellecta
2495 2361 2767 2430 congruit.
2816 2357 2950 2414 Nam
2998 2360 3045 2415 si
3076 2361 3204 2431 quis
3247 2363 3505 2433 agoniam

1930 2446 2232 2519 mortisque
2263 2448 2699 2518 deprecationem
2732 2458 3006 2521 quatenus
3052 2453 3218 2507 homo
3267 2460 3386 2508 erat
3419 2452 3506 2508 in—

1941 2537 2185 2607 telligere
2243 2538 2407 2604 volet,
2461 2538 2507 2594 is
2552 2541 2911 2597 (nconomiam
2950 2542 3240 2612 ιπεροείιο
3284 2545 3508 2600 nomine

1929 2628 2167 2682 maxime
2211 2628 2434 2700 dignam
2490 2630 2714 2686 habebit
2757 2648 2771 2686 :
2831 2632 2917 2687 sin
2971 2634 3247 2704 agoniam}
3290 2636 3401 2705 pati
3450 2647 3507 2692 et

1930 2726 2163 2773 mortem
2198 2718 2501 2785 deprecari,
2546 2718 2691 2773 haud
2725 2734 2756 2774 a
2786 2718 2992 2785 Christi
3033 2722 3375 2779 humanitate
3418 2739 3507 2780 re-

1928 2819 2074 2880 petet
2105 2815 2412 2882 (propterea
2446 2813 2591 2881 quod
2617 2814 2772 2869 multi
2806 2824 3074 2887 martyres
3093 2818 3507 2888 piiqueatbleta:

1927 2910 2121 2971 sponte
2165 2912 2329 2971 atque
2374 2904 2630 2960 alacriter
2662 2906 2730 2961 ad
2773 2921 2961 2961 necem
3000 2914 3501 2980 properaveruut);

1925 3008 2115 3047 verum
2168 2993 2375 3049 idcirco
2416 2996 2655 3066 positum
2706 3013 2828 3053 esse
2871 2999 2924 3053 in
2970 3002 3164 3067 agonia
3206 3000 3391 3058 Jesum
3451 3016 3507 3061 et

1926 3084 2118 3139 mortis
2146 3084 2327 3155 fugam
2363 3088 2691 3156 appetivisse
2713 3088 3007 3159 judicabit,
3056 3101 3116 3147 ut
3141 3093 3504 3153 humanitatis

1926 3190 2039 3229 sua:
2072 3174 2229 3229 tidem
2256 3175 2476 3239 faceret,
2507 3188 2671 3248 atque
2703 3188 2763 3233 ut
2806 3180 2859 3233 in
2902 3191 3251 3240 antecessum
3282 3201 3378 3241 eos
3413 3202 3503 3243 re-

250 3233 426 3341 ἔοξον,
456 3276 555 3347 τὴν
577 3233 907 3329 ιπ⁹ῐὶιλαττον
938 3233 1092 3339 esse;
1110 3233 1521 3344 συναπτομένην
1552 3271 1652 3341 τῆς
1680 3233 1823 3323 οἱκο-

1929 3263 2157 3327 l’elleret,
2183 3264 2276 3335 qui
2310 3233 2629 3323 admirahiie
2659 3277 2821 3338 atque
2845 3233 3151 3340 inopinum.
3164 3233 3506 3332 ἷᾶεἶῖπέἶίῖ).

258 3369 451 3436 νομίας
505 3367 689 3438 φωνὴν
738 3365 875 3438 πρὸς
944 3365 1045 3437 τὴν
1096 3364 1198 3434 τῆς
1252 3365 1431 3435 μάχης
1465 3363 1620 3416 λύσιν
1671 3357 1829 3431 εὗρεν

256 3458 554 3529 ἐπίκουρον
574 3473 592 3491 ο
630 3456 772 3528 πλὴν
799 3457 913 3509 ἀλλ’
942 3456 1096 3510 οὐδὲν
1124 3455 1347 3509 ἱλαττον
1403 3452 1741 3524 ἑκατέρωθεν
1791 3454 1824 3521 ἡ

256 3548 534 3623 φαντασία
565 3546 668 3617 τῆς
708 3547 891 3619 μάχης
924 3546 1229 3602 ἐλαύνεται.

324 3842 408 3890 ιε’.
447 3835 569 3891 Εἰσὶ
600 3833 657 3889 δι
685 3834 780 3888 καὶ
813 3833 965 3904 παρὰ
993 3831 1205 3894 τούτοις
1238 3829 1550 3899 οἰκονομίας
1595 3828 1827 3898 διάφορα

251 3927 355 3997 μιν
385 3924 781 3997 σημαινόμενα,
810 3923 908 3994 τῆς
943 3921 1115 3990 αὐτῆς
1142 3920 1187 3973 δ’
1224 3921 1373 3988 ὅμως
1403 3918 1637 3990 λαχόντα
1672 3917 1826 3987 γενέ-

252 4036 413 4083 σεως,
450 4016 590 4087 πλὴν
620 4015 760 4070 ἀλλά
784 4031 848 4084 γε
882 4014 977 4068 νῦν
1006 4014 1177 4084 μυρία
1222 4012 1322 4082 μιν
1378 4010 1472 4064 καὶ
1523 4010 1659 4065 ἄλλα
1714 4009 1823 4063 τῶν

248 4113 331 4173 εἰς
358 4109 592 4180 ἀπορίαν
621 4105 1064 4179 ἀναφερομένων,
1097 4102 1471 4175 τῇὶπικρίσει
1494 4118 1555 4156 τε
1586 4101 1679 4155 καὶ
1706 4101 1822 4155 δια-

247 4202 410 4269 λήψει
445 4197 539 4253 τοῦ
568 4198 665 4269 τὴν
697 4198 899 4268 κυρίως
928 4195 1242 4265 οἰκονομίαν
1254 4192 1539 4265 δηλοῦντος
1560 4193 1823 4263 ὀνόματος

249 4296 281 4363 ἡ
319 4292 473 4356 λύσις
504 4290 713 4345 ἐκεῖθεν
742 4288 877 4361 πρὸς
908 4288 970 4341 sb
1004 4286 1172 4356 σαφὲς
1213 4286 1336 4354 ἄγει
1360 4302 1375 4320 ο
1420 4284 1720 4350 έπιλύσεως
1763 4286 1820 4341 δὶ

244 4386 403 4440 οὐδὲν
430 4383 650 4437 ιλαττον
678 4381 765 4436 διά
792 4380 995 4451 ταύτης
1027 4379 1182 4449 τύχοι
1212 4378 1278 4432 άν
1317 4377 1350 4447 ἢ
1405 4377 1473 4431 δι’
1504 4376 1669 4447 ἄλλης
1726 4378 1820 4447 ιφ-

243 4478 369 4531 όδου
402 4476 495 4530 καὶ
521 4474 603 4537 sb,
631 4492 651 4526 ι
684 4471 749 4528 Τί
781 4488 846 4542 με
876 4473 1090 4543 ζητεῖτε
1115 4471 1433 4525 ἀποκτεῖναι
1457 4468 1743 4540 ἄνθρωπον
1760 4468 1820 4532 ὃς

1928 3354 2014 3409 nis
2040 3368 2180 3423 opus
2213 3354 2515 3423 phantasia:
2536 3358 2829 3428 ascripturi
2877 3370 3037 3416 erant
3061 3379 3077 3427 ;
3102 3366 3223 3434 qui,
3255 3364 3503 3435 inquam.

1927 3445 2008 3499 sic
2032 3447 2365 3515 opinabitur,
2396 3450 2444 3503 is
2466 3451 2787 3507 (ecunomiae
2814 3453 3501 3515 vocabulum-secundario

1925 3549 2089 3591 sensu
2123 3538 2191 3592 ad
2234 3544 2609 3608 repugnantia
2662 3542 3103 3600 conciliationem
3150 3548 3497 3605 auxiliarium

1928 3627 2180 3683 habebit:
2201 3644 2357 3700 reque
2379 3640 2558 3687 tamen
2583 3633 2838 3705 utrinque
2872 3635 3125 3693 simulata
3146 3643 3500 3711 repugnantia

1924 3719 2233 3787 expellitur.

1998 3810 2084 3865 l5.
2121 3810 2262 3867 Sunt
2291 3823 2472 3871 autem
2497 3823 2692 3885 prater
2724 3815 2824 3873 bas
2852 3816 2975 3874 alia
3005 3834 3229 3893 quoque
3252 3832 3305 3878 et
3332 3825 3498 3880 variae

1924 3902 2173 3959 vocabuli
2214 3908 2533 3962 meonnmic
2566 3908 3013 3978 signillcationes,
3050 3927 3173 3983 qua:
3216 3923 3397 3971 tamen
3430 3918 3500 3972 ab

1923 3992 2111 4048 eadem
2147 3994 2359 4066 origine
2382 4007 2624 4054 manant.
2657 3998 2902 4072 Denique
2932 4003 3038 4057 alia
3072 4004 3358 4062 innumera
3379 4023 3501 4079 qua:

1924 4082 1990 4138 ad
2023 4082 2384 4164 dubitandum
2411 4089 2654 4156 trahunt,
2696 4090 2906 4161 judicio
2926 4102 2983 4149 et
3010 4094 3347 4153 discretione
3392 4116 3492 4154 uo-

1924 4173 2090 4230 Iuinis
2132 4177 2278 4247 quod
2315 4179 2686 4249 principaliter
2730 4182 3167 4241 incarnationem
3203 4188 3495 4258 signiticet,

1920 4267 2343 4325 declarationem
2402 4273 2743 4343 perspicuam
2776 4264 3211 4347 consequuntur.
3265 4278 3332 4335 Et
3394 4282 3497 4339 hac

1920 4358 2146 4427 quidem
2178 4362 2415 4427 ratione,
2444 4363 2617 4417 nihilo
2642 4367 2821 4421 secius
2854 4383 3018 4435 quam
3042 4369 3169 4435 alia,
3206 4372 3496 4429 solutionis

1919 4457 2195 4519 compotes
2229 4449 2347 4506 lieri
2384 4450 2531 4509 licet.
2577 4452 2752 4509 Veluti
2789 4456 2840 4509 iu
2873 4458 2975 4513 hoc
3008 4458 3130 4515 loco
3155 4477 3168 4513 :
3194 4478 3230 4511 ,ι
3263 4461 3373 4517 Cur
3406 4479 3495 4520 me

242 4570 347 4634 τὴν
378 4564 637 4634 ἀλήθειαν
673 4561 945 4629 λελάληκα
974 4560 1142 4630 ύμῖν;
1178 4577 1196 4611 ι
1256 4559 1372 4621 καὶ,
1406 4576 1425 4610 ι
1474 4555 1616 4627 Ἐγὼ
1644 4558 1739 4611 καὶ
1787 4558 1816 4611 ό

1924 4542 2160 4610 ιιυετίιίε
2183 4542 2491 4601 interﬁcere
2518 4545 2792 4603 hominem
2838 4550 2925 4617 qui
2964 4552 3247 4607 veritatem
3275 4554 3492 4613 locutus

243 4654 440 4724 Πατὴρ
459 4652 517 4706 ιν
544 4654 728 4722 ισμεν.
772 4668 790 4702 ι
828 4648 1160 4720 Συγκρούειν
1190 4648 1288 4719 μέν
1315 4655 1426 4718 γάρ
1452 4646 1702 4718 ἀλλήλοις
1726 4645 1811 4699 bo-

241 4746 331 4798 κεῖ
364 4760 481 4806 πως
510 4744 621 4805 τοῖς
679 4740 957 4802 άσυνίτοις
1001 4740 1033 4810 ἢ
1098 4737 1475 4811 ῥᾳδιουργοῦσι
1500 4737 1568 4792 τά
1623 4738 1763 4807 ῥητά
1790 4755 1807 4772 ο

239 4830 357 4885 ἀλλ’
381 4832 411 4884 δ
437 4846 503 4898 γε
532 4830 695 4899 σοφδς
719 4828 817 4899 τῆς
844 4827 1102 4898 ἀληθείας
1128 4827 1284 4895 λόγος
1312 4826 1412 4897 τὴν
1450 4826 1548 4896 μὲν
1573 4826 1679 4879 τῶν
1705 4842 1811 4894 φω-

238 4921 349 4973 νῶν
376 4923 443 4991 τῇ
478 4920 740 4990 άκηράτῳ
768 4917 864 4972 καὶ
901 4917 1147 4988 μακαρίᾳ
1178 4920 1277 4989 τῆς
1338 4916 1609 4988 θειότητος
1675 4916 1803 4970 ύποσ

238 5009 425 5080 φέρων
460 5008 639 5077 φύσει,
669 5007 769 5076 τὴν
813 5007 870 5060 δὲ
924 5006 1045 5060 καθ’
1092 5006 1160 5077 ἢν
1190 5006 1361 5077 αὐτὴν
1406 5008 1437 5060 ό
1482 5007 1653 5073 Λόγος
1708 5004 1805 5074 τὴν

236 5098 517 5167 ἡμετέραν
552 5095 742 5149 οὐσίαν
781 5095 1162 5166 προσείληφεν,
1200 5098 1380 5149 πᾶσαν
1399 5095 1668 5149 διωθεῖται
1694 5097 1805 5167 άμ-

234 5187 588 5259 φισσήτησιν.
619 5184 735 5241 Ούκ
763 5188 1157 5256 άποστατήσειε
1188 5184 1231 5239 δ’
1257 5184 1324 5240 ἂν
1361 5184 1455 5239 τοῦ
1485 5187 1690 5249 εἰκότος
1711 5187 1805 5241 καὶ

233 5278 293 5332 εῖ
323 5295 410 5340 τις
462 5280 527 5347 τῇ
558 5277 695 5348 αὐτῇ
732 5276 985 5331 διαλύοιτ’
1016 5276 1083 5329 ἂν
1112 5275 1394 5346 έπισκέψει
1427 5278 1520 5331 καὶ
1565 5276 1644 5340 sb.
1687 5295 1706 5331 ι
1747 5277 1805 5332 ὀ

231 5370 428 5438 Πατήρ
459 5384 560 5437 μου
602 5367 801 5435 μείζων
837 5365 939 5435 μού
974 5367 1121 5420 ἔστι·
1154 5385 1172 5418 ι
1202 5366 1367 5421 δεῖται
1408 5366 1509 5437 μὲν
1535 5370 1643 5439 γάρ
1676 5386 1801 5422 συν·

1907 4649 2027 4694 sum
2041 4633 2192 4689 vobis
2217 4634 2295 4686 ⁸⁸7
2318 4633 2484 4691 »Τιηιι
2506 4653 2519 4690 :
2544 4654 2563 4687 ι
2594 4635 2704 4708 Ego
2723 4647 2777 4693 et
2800 4636 2956 4694 Pater
2985 4658 3151 4697 unum
3176 4660 3365 4700 sumus
3389 4648 3484 4700 ιι..

1903 4724 2307 4795 Stultisoppido
2354 4726 2665 4784 hominibus
2722 4729 2935 4801 levique
2992 4746 3168 4790 mente
3240 4740 3481 4805 praeditis

1902 4814 2174 4871 contraria
2223 4814 2336 4871 haec
2376 4816 2520 4872 dicta
2564 4818 2861 4876 videntur:
2921 4822 3015 4878 sed
3071 4825 3216 4879 enim
3268 4830 3487 4898 sapiens

1904 4905 2144 4960 veritatis
2164 4919 2345 4960 sermo
2367 4906 2594 4962 alterum
2626 4910 2844 4979 quidem
2868 4912 3071 4969 dictum
3090 4916 3158 4971 ad
3211 4916 3489 4973 immorta'

1904 4997 2009 5052 lem
2027 4997 2346 5063 beatamque
2360 4997 2659 5056 divinitatis
2684 5012 2933 5059 naturam
2960 5007 3224 5073 referens,
3255 5011 3485 5067 alterum

1907 5088 1974 5141 ad
2053 5087 2349 5141 humanam
2423 5102 2549 5143 cum
2603 5089 2857 5147 Christus
2905 5108 3251 5153 communem
3326 5100 3486 5157 nobis

1907 5177 2264 5234 substantiam
2292 5178 2546 5247 sumpsit.
2580 5183 2887 5239 universam
2924 5187 3173 5258 proﬂigat
3209 5191 3481 5261 ainbigui-

1910 5276 2098 5323 tatem.
2114 5266 2299 5337 Neque
2316 5283 2345 5322 a
2359 5268 2506 5337 justa
2528 5273 2797 5327 sententia
2826 5278 3059 5339 recedet,
3087 5280 3131 5333 si
3151 5280 3277 5349 quis
3291 5284 3479 5337 eodem

1906 5359 2133 5415 consilio
2173 5359 2405 5428 explicet
2440 5360 2603 5416 etiam
2628 5401 2643 5426 ,
2677 5380 2696 5414 ι
2737 5362 2897 5419 Pater
2928 5367 3104 5437 major
3129 5384 3216 5424 me
3238 5382 3322 5426 cst
3348 5374 3413 5427 ".
3460 5395 3477 5425 ι

228 5455 373 5509 ετῶν
406 5457 497 5508 καὶ
528 5452 649 5507 καθ’
684 5454 841 5506 ἑαυτὸ
870 5452 1027 5509 τοῦτο
1057 5452 1119 5505 sb
1173 5452 1316 5524 ίερδν
1354 5454 1551 5526 χωρίον
1598 5458 1800 5527 ἀκροα-

1924 5449 2026 5505 iam
2054 5466 2176 5505 cum
2210 5465 2367 5505 sacer
2399 5450 2488 5506 bic
2506 5452 2655 5508 locus
2687 5468 2782 5522 per
2806 5470 2865 5511 se
2887 5460 3181 5526 prudentes
3201 5462 3480 5518 auditores

224 5544 361 5598 τῶν.
396 5542 606 5597 nam
630 5540 676 5594 δ’
703 5541 769 5595 ἂν
799 5540 1017 5611 δεηθείη
1051 5541 1145 5594 καί
1172 5540 1271 5610 τῆς
1285 5542 1583 5613 εἰρημένης
1616 5544 1797 5614 φωνῆς

226 5636 352 5705 ἥτις
387 5634 573 5703 ιδήλου
611 5632 709 5703 τὴν
760 5633 978 5699 ἰσότητα
1032 5632 1264 5701 Πατρὸς,
1309 5633 1796 5707 συνεξεταζομένης

226 5729 326 5779 καὶ
366 5723 963 5796 συμπαραϐαλλομὲνης
993 5723 1172 5794 αὐτῷ’
1215 5727 1262 5779 εἰ
1293 5726 1403 5796 γάρ
1453 5728 1546 5780 καὶ
1579 5728 1796 5798 έτέραις

298 5836 321 5870 ⁸
357 5833 491 5891 Luc.
527 5851 664 5901 nu,
693 5835 784 5891 43.
851 5838 871 5868 ’
903 5835 1057 5890 Joan.
1104 5854 1157 5904 ι,
1205 5838 1289 5893 l8.
1324 5839 1365 5871 ¹⁶
1398 5838 1557 5896 Joan.
1595 5857 1709 5908 vni,
1742 5843 1828 5900 40.

524 5923 795 5988 Panos.
835 5930 957 5989 Gn.
980 5932 1083 5991 Cl.

1897 5540 2156 5612 postulat,
2185 5549 2296 5594 tum
2325 5540 2686 5597 multnetiam
2714 5545 2887 5615 magis
2930 5547 3157 5620 indiget,
3190 5560 3251 5606 ut
3280 5566 3480 5623 supra-

1901 5632 2045 5686 dicta
2079 5644 2200 5695 vos,
2248 5644 2369 5700 qua
2394 5646 2517 5686 cum
2552 5630 2723 5689 "Patre
2769 5638 3135 5705 cqualitatem
3184 5643 3475 5712 signiticet.

1901 5726 2227 5796 adjungatur
2270 5725 2396 5779 huic
2441 5727 2709 5798 juxtaque
2763 5742 3018 5799 ponatur.
3054 5732 3187 5790 Nam
3256 5738 3303 5791 si
3358 5740 3477 5793 aliis

1901 5843 1938 5875 “
1972 5839 2126 5895 Joau.
2161 5854 2212 5903 τ,
2242 5836 2327 5891 50.
2396 5839 2438 5869 “
2468 5838 2626 5894 Juau.
2654 5856 2764 5905 xiv,
2788 5844 2880 5900 28.

3017 5941 3055 5998 3
