4198 6440
733 421 805 487 67
1847 424 2113 486 PHOTH
2151 423 2355 484 PATR'

2354 421 2656 488 IARlIH/E
2693 429 2800 492 ΟΡ.
3902 427 3978 496 ‘8

735 547 953 607 quoque
981 531 1176 604 patriis
1201 531 1520 590 nationibus
1569 533 1828 590 simulata
1857 535 2101 606 ipsorum
2131 547 2306 605 pugna
2339 541 2355 592 Α

2354 537 2385 593 λ
2412 539 2704 609 πατρικαῖς
2751 537 3094 601 ἐπιστασίαις
3130 537 3164 609 η
3193 537 3252 592 ἐν
3280 537 3469 603 αὐταῖς
3494 539 3792 612 φαινομένη
3823 543 3972 613 μάχη

735 625 1085 684 concordiam
1114 624 1369 691 exhibet;
1405 625 1570 680 veluti
1600 626 1732 696 quia
1774 626 2100 682 vocabulum
2132 625 2306 692 major

736 719 803 774 ad
839 732 1060 774 causam
1089 715 1354 782 refertur;
1381 732 1545 770 unum
1567 726 1747 773 autem
1775 726 1987 771 natura:
2019 715 2305 786 mqualita-

737 818 843 864 tom
867 808 1136 878 signilicat
1154 824 1169 873 ;
1188 807 1443 874 sequitur
1458 816 1520 862 ut
1537 807 1853 863 mconomia
1868 821 2085 878 quoque
2099 820 2302 868 sermo,

735 902 829 972 qni
859 900 912 956 in
937 915 996 956 se
1021 899 1207 970 recipit
1237 913 1428 954 vocem
1462 901 1668 969 major,
1687 899 1912 955 liberam
1944 911 2132 954 errore
2149 913 2303 953 com-

737 993 928 1060 probet
948 1007 1042 1062 per
1075 1005 1261 1046 vocem
1289 1007 1456 1045 suam
1480 990 1657 1046 Patris
1692 1006 1817 1046 cum
1842 988 1980 1045 Filio
2016 988 2302 1058 aequalita-

736 1092 865 1136 tem.
897 1079 1070 1135 Porro
1120 1081 1255 1135 nihil
1299 1083 1552 1151 prohibet
1619 1082 1912 1152 quominus
1952 1080 1990 1134 ii
2022 1092 2304 1135 sermones

736 1173 828 1241 qui
867 1173 1176 1228 adhaerente
1214 1173 1318 1227 sibi
1365 1174 1716 1228 contentione
1763 1173 2030 1237 laborant,
2069 1170 2303 1226 diversis

734 1258 877 1312 hanc
899 1259 1216 1328 propulsent
1247 1260 1606 1329 argumentis.
1629 1261 1696 1316 Et
1716 1261 1933 1330 quidem
1967 1260 2069 1314 hoc
2100 1258 2300 1329 ipsum,

735 1348 802 1404 de
821 1364 933 1420 quo
949 1365 1094 1405 nunc
1108 1351 1342 1421 agimus,
1355 1370 1374 1404 ι
1400 1351 1560 1407 Pater
1578 1351 1755 1420 major
1777 1366 1861 1406 me
1881 1361 1983 1416 est,
1997 1350 2147 1406 salii:
2163 1365 2196 1406 a
2217 1365 2303 1406 me

739 1443 1070 1506 rationibus,
1110 1459 1233 1514 quae
1277 1454 1517 1500 mentem
1568 1445 1879 1500 auditorum
1929 1442 2300 1514 pervicerunt,

734 1533 882 1586 omni
911 1533 1250 1589 dubitatione
1285 1533 1597 1605 expeditum
1627 1533 1752 1601 fuit,
1781 1547 1903 1590 cum
1935 1531 2205 1604 probabili
2240 1539 2300 1585 ut

734 1622 972 1678 arbitror
997 1623 1290 1680 solutione.
1993 1609 1995 1611 1

811 1798 899 1853 16.
920 1796 1125 1853 Praeter
1146 1797 1414 1854 hactenus
1432 1799 1600 1862 dicta,
1628 1806 1683 1854 et
1701 1806 1895 1867 praeter
1917 1798 2296 1854 necessitatem
2331 1829 2374 1885 Β

731 1899 785 1946 et
835 1889 1255 1953 immunitatem,
1308 1888 1344 1942 ii
1392 1889 1485 1959 qui
1552 1887 1917 1944 diﬂlcultatem
1968 1888 2304 1944 calumniose

732 1996 1014 2043 sermones
1043 1981 1345 2044 clamitant,
1391 1991 1681 2034 auctorum
1721 1993 1947 2033 suorum
1991 1980 2304 2050 sycophan-

733 2076 865 2130 tiam
904 2078 1230 2142 coarguunt.
1261 2071 1440 2136 Quare
1493 2078 1549 2125 et
1591 2069 1899 2124 communis
1947 2067 2214 2124 Dominus
2249 2077 2304 2124 et

731 2164 960 2220 Creator
994 2159 1208 2231 generis
1230 2167 1394 2220 atque
1425 2155 1679 2210 Servator
1707 2155 1982 2219 Davidem,
2014 2155 2108 2225 qui
2137 2169 2303 2224 panes

735 2249 1026 2306 oblationis
1092 2246 1348 2311 comedit,
1383 2245 1450 2300 de
1516 2243 1646 2299 laeso
1692 2242 1815 2313 jure
1873 2243 2124 2299 absolvit.
2167 2241 2300 2299 Nam

735 2347 918 2411 utpote
964 2335 1260 2408 leglstator,
1337 2343 1587 2388 naturam
1631 2333 1766 2402 legis
1835 2331 2056 2402 vimque
2103 2345 2303 2400 cogno-

734 2445 911 2495 scena,
933 2437 986 2483 et
1026 2426 1229 2497 quibus
1290 2424 1502 2479 actibus
1553 2421 1900 2478 moderandis
1944 2422 2027 2477 lex
2079 2423 2152 2478 sit
2197 2436 2301 2492 po-

734 2522 836 2576 sita
899 2518 1065 2591 probe
1107 2518 1306 2580 sciens.
1352 2514 1585 2584 injurios
1629 2513 1881 2583 equidem
1943 2523 1998 2569 et
2047 2514 2141 2584 qui
2205 2528 2304 2583 per

733 2619 1100 2680 contemptum
1131 2618 1376 2678 peccant,
1409 2620 1566 2677 paena
1583 2605 1774 2676 dignos
1800 2620 1942 2675 sape
1967 2605 2300 2660 declaravit:

735 2710 1103 2756 verumtamen
1136 2699 1204 2753 iis
1247 2697 1449 2768 quibus
1491 2711 1646 2750 amor
1681 2706 1736 2751 et
1771 2695 2075 2751 reverentia
2121 2695 2300 2766 legum

733 2792 897 2855 inest,
946 2789 1037 2844 sed
1100 2788 1400 2843 necessitas
1453 2801 1580 2842 cum
1640 2786 1958 2841 inﬁrmitate
2007 2785 2300 2856 coniuncta

734 2896 977 2936 amorem
1009 2881 1479 2949 reverentiamque
1521 2878 1832 2942 labefactat,
1857 2879 2070 2934 veniam
2119 2878 2301 2934 molli-

740 2973 946 3028 tudinis
967 2972 1294 3039 impertitur,
1335 2986 1512 3040 neque
1542 2971 1595 3024 in
1631 2972 1731 3025 hos
1755 2970 1875 3026 sine
1911 2971 2303 3026 misericordia

739 3065 1019 3121 aﬂectibus
1059 3063 1381 3119 sententiam
1442 3062 1568 3117 fert.
1617 3062 1789 3117 Sicuti
1834 3063 2052 3118 beatum
2085 3077 2303 3132 quoque

2403 625 2504 696 τὴν
2561 627 2881 698 συμφωνίαν
2922 630 3280 699 προήνεγκεν,
3336 624 3448 682 οἷον
3486 631 3568 683 δτι
3610 632 3674 683 τὸ
3725 629 3824 700 μέν
3850 634 3976 701 uel.

2406 715 2517 777 ζων
2553 719 2633 782 είς
2688 720 2750 772 τὸ
2809 720 2981 774 αἴτιον
3049 719 3191 789 (ﬂ)
3252 719 3620 790 ἀναφέρεται,
3681 721 3743 774 τὸ
3794 722 3852 774 δέ
3903 722 3976 775 ἓν

2408 809 2599 879 μηνύει
2651 809 2748 881 τῆς
2779 810 2994 879 φύσεως
3051 810 3153 881 τὴν
3202 811 3445 880 ίσότητα,
3499 811 3617 864 ἀλλ’
3665 809 3760 865 οὖν
3807 813 3901 866 καὶ
3944 813 3974 864 ό

2404 900 2504 968 τῆς
2532 899 2840 972 οἰκονομίας
2867 902 3023 969 λόγος
3052 902 3133 964 είς
3159 902 3351 955 ἐαυτὸν
3373 903 3436 956 τὸ
3471 902 3686 971 psle
3715 902 3972 972 ἀναδεχό-

2407 1005 2587 1058 μενος,
2617 989 2908 1059 ἐλευθέραν
2933 991 3197 1061 ἐπηρείας
3220 991 3321 1061 τὴν
3343 992 3437 1045 τοῦ
3472 993 3685 1062 Πατρδς
3718 993 3853 1062 πρὸς
3878 994 3974 1045 τὸν

2404 1080 2532 1134 ne»
2558 1080 2647 1134 διά
2667 1079 2762 1134 τοῦ
2795 1079 2933 1147 ἑνὸς
2959 1081 3467 1150 συγκατασκευάζει
3499 1082 3741 1152 ίσότητα.
3802 1083 3973 1135 Ούδέν

2401 1169 2458 1223 δέ
2504 1170 2703 1224 κωλύει
2732 1173 2860 1234 τοὺς
2886 1170 2983 1243 τὴν
3004 1171 3120 1242 ἔριν
3143 1171 3528 1241 ἐπιτιθεμένην
3556 1173 3738 1233 αὐτοῖς
3767 1171 3974 1240 ὑποφέ-

2405 1275 2596 1330 ροντας
2621 1260 2811 1328 λόγους
2834 1260 3111 1330 διαφόροις
3125 1259 3596 1323 ἀποσκευάζεσθαι
3640 1260 3849 1328 ταύτην
3871 1261 3970 1328 ἐφ-

2402 1347 2559 1410 όδοιςο
2583 1349 2704 1400 ἐπεὶ
2725 1348 2819 1401 καὶ
2842 1347 2978 1417 δπερ
2998 1346 3095 1399 νῦν
3117 1347 3349 1417 είρηται,
3383 1365 3401 1397 ι
3424 1345 3485 1398 Ὁ
3503 1345 3695 1415 Πατήρ
3720 1362 3826 1414 μου
3851 1345 3974 1414 μεί-

2402 1437 2513 1504 ζων
2544 1439 2646 1509 μού
2671 1440 2842 1505 ἐστιν,
2872 1457 2892 1491 ι
2917 1437 3133 1509 ἐτέραις
3163 1437 3295 1507 παρ’
3323 1435 3886 1506 ὴμῶνζέπισκέψεσιν,
3909 1434 3972 1487 αι

2400 1530 2501 1601 τὴν
2518 1530 2628 1585 τῶν
2647 1530 2932 1601 ἀκροατῶν
2949 1528 3214 1597 ὑπόληψιν
3231 1523 3702 1597 ὑπε[ρε]6ἀλοντυ,
3723 1523 3824 1593 τῆς
3840 1524 3973 1575 ἀπο-

2405 1620 2525 1689 ρίας
2539 1620 2912 1691 ἀνεκαθάρθη,
2938 1619 3000 1672 ού
3036 1617 3314 1690 μεμπτὴν,
3344 1612 3528 1688 οἶμαι,
3557 1617 3657 1684 τὴν
3685 1615 3840 1669 λύσιν
3865 1616 3972 1668 ἀπρ-

2401 1708 2782 1778 ενεγκάμενον.

2475 1805 2569 1865 ις’.
2602 1801 2784 1872 Χωρὶς
2813 1799 2871 1853 δὲ
2896 1798 3006 1852 τῶν
3038 1796 3342 1870 είρημένινν
3370 1797 3465 1851 καὶ
3489 1796 3644 1868 παρά
3668 1795 3771 1866 τὴν
3801 1796 3974 1864 ἀνάγ»-

2404 1907 2508 1960 κην
2534 1891 2628 1943 καὶ
2654 1889 2751 1960 τὴν
2779 1889 2984 1953 ἄδειαν,
3013 1891 3063 1942 οί
3104 1889 3183 1952 είς
3211 1887 3272 1941 τὸ
3294 1887 3496 1959 ἀπορον
3540 1884 3972 1958 ἐπηρεαζόμενοι

2403 1981 2548 2049 λόγοι
2585 1979 2926 2049 συκοφάντας
2952 1979 3077 2042 τοὺς
3106 1977 3511 2047 ἐπιτιθεμένους
3523 1977 3705 2040 αὐτοῖς
3727 1977 3970 2044 ἀπελέγο

2401 2086 2610 2142 χουσιν.
2626 2069 2720 2134 Ἐξ
2733 2062 2795 2123 οὖ
2820 2071 2915 2123 καὶ
2929 2071 2958 2123 ό
2983 2069 3161 2133 κοινὸς
3183 2068 3459 2138 Δεσπότης
3488 2070 3583 2122 καὶ
3610 2068 3853 2136 πλάστης
3875 2063 3974 2119 τοῦ

2402 2160 2591 2228 γένους
2619 2159 2716 2214 καὶ
2749 2159 2940 2230 Σωτὴρ
2985 2159 3078 2212 τὸν
3109 2157 3272 2212 Δαόὶδ
3308 2158 3436 2220 τοὺς
3487 2159 3682 2226 ἄρτους
3727 2157 3972 2226 φαγόντα

2400 2249 2502 2321 τῆς
2530 2249 2864 2320 προθέσεως,
2893 2248 3074 2319 νόμων
3099 2247 3325 2318 ἀφίησιν
3354 2246 3691 2317 ἀθετήσεως.
3735 2244 3823 2308 Ὠς
3857 2247 3974 2316 γὰρ

2402 2337 2646 2408 θέμενος,
2665 2337 2761 2392 καὶ
2785 2337 2940 2398 είδὼς
2968 2338 3070 2408 τήν
3089 2352 3151 2389 τε
3167 2335 3325 2405 φύσιν
3353 2335 3448 2388 καὶ
3477 2335 3631 2405 ίσχὺν
3657 2333 3753 2388 τοῦ
3778 2334 3970 2404 νόμου,

2354 2461 2359 2467 -
2403 2430 2498 2482 καὶ
2524 2421 2600 2480 ὢν
2633 2429 2663 2481 ό
2682 2427 2847 2497 νόμος
2870 2427 2968 2499 τὴν
3002 2425 3279 2480 πολιτείαν
3313 2423 3474 2495 ἐτέθη
3503 2422 3811 2494 ῥυθμίζειν,
3841 2423 3971 2486 τοὺς

2405 2517 2504 2587 μέν
2533 2516 2812 2588 ὐὸριστάς,
2849 2518 2942 2570 καὶ
2969 2511 3052 2580 οἷς
3074 2515 3342 2587 ὑπεροψία
3363 2518 3507 2568 ποιεί
3531 2515 3629 2586 τὴν
3657 2513 3972 2584 παράϐασιν

2401 2607 2597 2661 δικαιοί
2615 2608 2712 2680 τὴν
2755 2608 2914 2678 δίκην
2944 2609 3004 2661 ἐν
3047 2608 3226 2670 ἀλλοις
3285 2607 3541 2670 πολλάκις
3585 2607 3842 2676 ὑπέχειν·
3886 2599 3972 2667 οἷς

2401 2698 2458 2752 δέ
2490 2699 2693 2770 στοργὴ
2737 2699 2838 2770 μέν
2891 2699 2986 2752 καὶ
3031 2697 3195 2762 oloris;
3240 2697 3349 2751 τῶν
3396 2698 3595 2768 νόμων,
3641 2697 3857 2766 ἀνάγκη
3910 2697 3971 2750 δὲ

2403 2789 2502 2857 τὴν
2533 2789 2773 2861 στοργὴν
2802 2789 2978 2844 καὶτὸ
3019 2789 3333 2859 αἰδούμενον
3377 2788 3467 2843 διά
3522 2787 3624 2858 τῆς
3684 2787 3972 2851 ἀσθενείας

2402 2877 2608 2942 ἐκλύει,
2633 2877 2962 2949 συγγνώμην
2991 2879 3164 2941 διδοὺς
3194 2881 3259 2949 τῇ
3295 2879 3477 2950 ἀτονία
3514 2880 3610 2931 καὶ
3643 2877 3970 2946 σπλάγχνοις

2401 2970 2585 3032 ἐλέους
2624 2970 2846 3032 τούτους
2876 2970 3203 3039 ἀνακρίνων.
3235 2969 3504 3039 Καθάπερ
3530 2968 3588 3021 δέ
3617 2970 3712 3022 καὶ
3742 2969 3832 3021 τὸν
3867 2972 3974 3022 Δα-

2403 3059 2488 3113 διδ
2506 3059 2686 3130 νόμων
2705 3058 3066 3130 παραϐάσεως
3085 3059 3330 3122 ἀπολύει,
3346 3062 3460 3122 τοῖς
3473 3060 3856 3130 ἐνεγκαμένοις
3873 3059 3975 3130 οὐχ

739 3155 993 3210 Davidem
1032 3153 1099 3210 de
1156 3153 1301 3209 lasis
1353 3153 1563 3221 legibus
1600 3152 1865 3220 absolvit;
1900 3154 1966 3208 iis
2005 3153 2098 3223 qui
2136 3162 2355 3222 ροηδε(

2354 3162 2374 3221 ι
2409 3147 2707 3217 ὑπεροψίαν
2743 3146 2990 3216 ἐγκαλῶν
3018 3146 3289 3217 τολμῆσαι
3315 3147 3422 3201 τῶν
3449 3148 3646 3217 νόμων,
3684 3151 3782 3217 τῆς
3821 3148 3869 3200 δ’
3913 3148 3975 3201 ἐν

739 3246 1075 3302 abstulerant
1107 3243 1250 3298 baud
1283 3243 1547 3296 audacem
1590 3241 1770 3313 legum
1802 3251 2174 3311 contemptum
2203 3257 2301 3296 ex-

739 3338 1041 3407 probrans;
1071 3337 1164 3391 sed
1205 3335 1333 3405 quia
1368 3343 1575 3388 natura:
1606 3333 1772 3388 robur
1802 3348 1909 3388 non
1939 3333 2072 3388 satis
2105 3333 2302 3388 mentis

741 3427 1024 3498 proposito
1073 3424 1457 3495 respondebat,
1505 3423 1557 3477 id
1600 3422 1680 3478 eis
1717 3423 1771 3477 in
1807 3423 2138 3478 defensionis
2183 3423 2303 3478 loco

739 3534 967 3589 ponens,
1007 3516 1404 3572 absolutionem
1453 3513 1699 3569 decernit
1739 3513 1981 3569 clemens
2020 3513 2202 3570 Jesus.
2237 3512 2305 3568 Et

741 3609 862 3664 alia
886 3608 1108 3679 quidem
1137 3606 1526 3662 controversia
1575 3606 1757 3660 multa
1791 3603 1860 3659 ad
1885 3604 2151 3674 liquidum
2202 3604 2306 3662 bac

742 3699 952 3755 ratione
977 3698 1345 3754 deducuntur.

851 3791 934 3846 Π.
953 3789 1190 3847 Caeteras
1213 3799 1393 3846 autem
1421 3790 1858 3862 circumstantias
1875 3803 2159 3846 recensere
2175 3789 2302 3860 quid

741 3882 997 3937 interest“
1035 3879 1170 3936 Nam
1215 3891 1268 3937 et
1319 3883 1434 3952 ipse
1481 3899 1576 3953 per
1621 3897 1681 3938 se
1724 3879 1972 3935 lectionis
2010 3879 2226 3944 modus,
2258 3877 2305 3934 si

739 3975 933 4045 cuique
945 3971 1224 4029 sententia
1242 3973 1517 4044 proprium
1535 3973 1682 4028 vocis
1693 3986 1888 4028 sonum
1907 3970 2304 4035 accommodet,

741 4068 946 4120 aditum
982 4064 1130 4120 omni
1170 4064 1497 4120 dubitationi
1520 4065 1753 4120 obstruit
1803 4083 1816 4118 :
1861 4065 1946 4118 sin
2002 4071 2126 4132 apta
2156 4061 2306 4116 vocis

742 4157 882 4211 ratio
911 4170 940 4208 a
967 4154 1269 4225 signillcatu
1307 4169 1407 4209 suo
1435 4153 1761 4216 demutetur,
1811 4168 1898 4208 res
1931 4152 2212 4222 perspicua
2252 4151 2306 4204 in

743 4245 1031 4300 obscuram
1070 4244 1314 4297 vertitur.
1355 4260 1374 4293 ι
1413 4241 1525 4312 Ego
1561 4257 1656 4296 vos
1693 4241 1851 4312 elegi,
1895 4260 1914 4294 ι
1949 4242 2026 4295 ait
2055 4239 2308 4295 Senator

743 4333 1022 4402 discipulis
1045 4330 1107 4383 “.
1141 4329 1404 4401 Itemque,
1448 4349 1467 4382 ι
1501 4329 1619 4385 Non
1653 4330 1762 4400 (l5)
1801 4344 1902 4399 ego
1935 4329 2072 4398 elegi
2101 4343 2195 4383 vos
2225 4329 2306 4381 "2

746 4425 802 4479 Si
828 4423 949 4494 quis
971 4423 1133 4494 igitur
1161 4432 1443 4492 utramque
1469 4436 1536 4476 ex
1559 4419 1643 4476 bis
1673 4421 1909 4491 periodis
1941 4423 2129 4475 eodem
2162 4421 2307 4476 vocis

2408 3239 2474 3307 τῇ
2507 3237 2664 3306 φύσει
2697 3236 2886 3308 ῥώμης
2929 3237 2993 3290 ού
3017 3239 3596 3309 συμπαρατεινομένης
3633 3240 3700 3308 τῇ
3747 3238 3970 3308 γνώμῃ,

2409 3327 2505 3381 καὶ
2535 3327 2691 3381 τοῦτο
2707 3327 2862 3395 λόγον
2888 3327 3071 3390 αὐτοῖς
3099 3326 3380 3398 τιθέμενος
3394 3328 3818 3398 όφιλάνθρωπος
3838 3331 3980 3398 γρά-

2410 3434 2500 3487 φει
2542 3417 2642 3489 τὴν
2671 3415 3006 3486 ἐλευθερίαν.
3055 3417 3167 3471 Καὶ
3209 3416 3381 3469 πολλά
3419 3415 3554 3470 ἀλλα
3581 3416 3690 3469 τῶν
3732 3418 3974 3487 ἀπορου-

2413 3507 2588 3580 μένων
2611 3510 2691 3572 είς
2716 3507 2776 3561 τὸ
2802 3507 3030 3579 εθπορον
3062 3505 3151 3560 διὰ
3194 3503 3295 3575 τῆς
3334 3507 3504 3578 αὐτῆς
3531 3507 3788 3580 ἐπιϐολῆς
3839 3509 3978 3580 μει-

2410 3599 2682 3654 οδεύεται.

2500 3801 2584 3866 ιζ’.
2615 3800 2679 3854 Τί
2711 3799 2766 3854 δέ
2811 3798 2897 3853 δεῐ
2932 3796 3028 3862 τάς
3068 3797 3234 3862 ἄλλας
3287 3799 3559 3867 ἐπεξιέναι
3591 3800 3981 3870 περιστάσειςς

2409 3893 2579 3958 Αὐτὸς
2613 3891 2733 3946 καθ’
2758 3891 2952 3945 ἐαυτὸν
2977 3891 3006 3943 ό
3032 3892 3132 3960 τῆς
3155 3890 3511 3960 ἀναγνώσεως
3536 3892 3736 3963 τρόπος
3754 3892 3979 3955 οίκείως

2413 3986 2512 4057 μὶν
2540 3987 2654 4047 τοῖς
2681 3984 2918 4053 νοήμασι
2955 3982 3056 4052 τῆς
3113 3982 3297 4051 φωνῆς
3323 3983 3416 4036 τὸν
3443 3979 3580 4053 ἦχον
3600 3983 3981 4054 ἐναρμοζόμε-

2411 4094 2520 4140 νος,
2559 4077 2737 4147 πάσης
2765 4073 2998 4145 ἀπορίας
3027 4074 3362 4143 ἀποτειχίζει
3394 4075 3626 4144 πάροδον
3649 4089 3662 4104 ·
3693 4074 3978 4129 ἀπαλλατ-

2410 4168 2642 4238 τομένης
2668 4166 2726 4220 δέ
2757 4165 2855 4234 τῆς
2884 4164 3222 4234 καταλλήλω
3251 4163 3436 4234 φωνῆς
3479 4163 3557 4234 τῷ
3605 4165 3858 4233 νοήματι,
3896 4166 3978 4227 είς

2410 4259 2470 4311 τὸ
2494 4258 2807 4328 ἀδιανόητον
2833 4257 2894 4309 τὸ
2925 4254 3092 4324 σαφές
3119 4254 3446 4309 καταδύεται
3463 4269 3480 4284 ο
3526 4274 3546 4308 ε
3595 4254 3763 4324 Ἐγὼ,
3779 4257 3976 4327 φησὶν,

2410 4343 2742 4414 ἐξελεξάμην
2761 4343 2928 4413 ὑμᾶς,
2959 4361 2978 4394 ι
3004 4343 3141 4411 πρὸς
3161 4344 3285 4406 τοὺς
3311 4341 3559 4414 μαθητὰς
3581 4345 3610 4396 ό
3625 4344 3831 4415 Σωτήρ
3858 4347 3977 4410 καὶ,

2419 4451 2436 4484 ι
2479 4434 2594 4486 Ούκ
2622 4431 2732 4500 ἐγὼ
2760 4430 3091 4502 ἐξελεξάμην
3115 4431 3260 4500 ὑμᾶς
3290 4432 3402 4502 (12)
3429 4450 3444 4499 ;
3477 4451 3496 4486 ι
3521 4433 3588 4486 El:
3611 4449 3692 4496 τις
3717 4428 3811 4488 οὖν
3849 4434 3984 4488 ἐκα-

746 4525 877 4570 ιοηο
900 4513 1116 4583 lignret;
1146 4513 1230 4568 vel
1245 4513 1359 4568 vice
1377 4526 1530 4566 versa
1551 4513 1785 4581 priorem
1809 4511 2208 4579 interrogative,
2235 4512 2312 4564 al-
2339 4499 2355 4558 1

2354 4499 2388 4558 D
2410 4524 2577 4593 τέραν
2619 4499 2725 4575 τῶν
2753 4499 3126 4593 προκειμένων
3158 4499 3421 4593 περίοδον
3441 4522 3518 4594 τῷ
3549 4523 3699 4593 αὺτῷ
3722 4523 3822 4593 τῆς
3862 4541 3980 4592 φω-

745 4617 914 4659 teram
936 4605 1006 4658 ita
1035 4602 1222 4660 derat
1261 4615 1319 4658 ut
1354 4603 1590 4672 priorem
1638 4610 1932 4672 oporteret,
1968 4617 2080 4656 rem
2134 4603 2311 4657 mani-

748 4695 943 4750 festam
971 4695 1036 4749 ad
1102 4694 1511 4765 perplexitatem
1540 4693 1739 4756 trahet,
1788 4702 1842 4748 et
1891 4708 1955 4748 ea
2007 4708 2128 4762 quae
2176 4693 2311 4748 nulli

744 4784 1110 4840 criminationi
1150 4783 1385 4839 obnoxia
1446 4792 1620 4848 erant,
1649 4783 1703 4836 in
1747 4781 1904 4851 culpa
1935 4789 2114 4850 ponet.
2175 4781 2311 4837 Nam

749 4876 844 4946 qui
895 4875 1148 4944 elegerat,
1202 4889 1327 4928 cum
1380 4873 1662 4929 electionis
1703 4887 1815 4928 sua:
1862 4873 2120 4929 conscius
2147 4883 2311 4937 esset,

752 4976 916 5036 atque
950 4967 1088 5019 hanc
1116 4964 1398 5036 discipulis
1424 4964 1478 5018 in
1500 4971 1734 5018 mentem
1781 4973 2078 5028 revocaret,
2117 4978 2187 5019 ne
2219 4978 2318 5018 an-

747 5060 958 5128 tiquum
991 5058 1198 5113 scilicet
1221 5055 1602 5112 benevolentiae
1647 5071 1771 5125 erga
1804 5070 1865 5110 se
1911 5054 2148 5109 debitum
2185 5056 2323 5110 obli-

746 5150 923 5205 vionis
963 5148 1216 5204 ﬂuctibus
1248 5147 1604 5217 abriperetur,
1634 5156 1799 5216 atque
1817 5153 1877 5201 ut
1904 5159 1998 5200 eos
2026 5147 2324 5217 promptio-

2413 4615 2509 4683 νῆς
2537 4611 3037 4682 κατασχηματίσειε
3074 4613 3291 4683 τόνῳ,ἢ
3328 4613 3389 4666 τὸ
3430 4615 3699 4669 ἀνάπαλιν
3747 4614 3848 4684 τὴν
3873 4615 3982 4684 μὲν

2413 4703 2683 4773 προτέραν
2709 4704 2765 4755 ἐν
2793 4702 3078 4772 ἐρωτήσει,
3103 4702 3202 4772 τὴν
3245 4701 3302 4754 δέ
3337 4703 3593 4773 δευτέραν
3613 4705 3748 4774 ὅπερ
3776 4698 3846 4775 ἦν
3874 4703 3980 4773 τῆς

2414 4793 2686 4864 προτέρας
2715 4791 3138 4861 ἀποφηνάμενος
3175 4794 3520 4863 προενέγκοι,
3547 4795 3614 4849 τά
3645 4795 3787 4864 σαφῆ
3816 4795 3979 4866 ποιή-

2415 4901 2498 4938 σει
2530 4883 2926 4953 δυστέκμαρτα,
2964 4883 3060 4936 καὶ
3083 4883 3152 4936 τὰ
3173 4883 3345 4953 λαϐῆς
3367 4886 3583 4955 ἀπάσης
3603 4885 3974 4956 ύπερανεστη·

2413 4973 2546 5026 κότα
2603 4971 2890 5042 ἐπίμωμα.
2948 4971 3008 5025 '0
3058 4973 3167 5041 γὰρ
3203 4971 3578 5042 ἐκλεξάμενος,
3629 4973 3783 5036 είδὼς
3807 4990 3868 5025 τε
3899 4973 3981 5038 ὡς

2415 5061 2714 5127 ἐξελέξατο,
2744 5063 2839 5115 καὶ
2871 5063 2984 5125 τοῖς
3015 5061 3282 5132 μαθηταῖς
3320 5061 3418 5133 τὴν
3447 5061 3677 5133 ἐκλογὴν
3714 5064 3807 5116 ἐπὶ
3840 5063 3980 5133 μνή-

2421 5169 2530 5224 μης
2577 5154 2780 5223 φέρων,
2835 5150 2910 5215 ὡς
2937 5151 3004 5205 ἂν
3026 5151 3086 5204 τό
3113 5166 3172 5204 τε
3201 5151 3425 5222 ἀρχαῖον
3453 5151 3609 5222 χρέος
3641 5151 3738 5223 τῆς
3767 5151 3848 5216 είς
3881 5149 3989 5206 αύ-

822 5279 864 5310 "
898 5276 1062 5332 Marc.
1088 5292 1148 5341 ιι,
1178 5275 1270 5331 25.
1327 5275 1367 5305 “
1400 5272 1557 5330 Joan.
1612 5289 1704 5340 xv,
1754 5272 1842 5330 16.
1917 5274 1961 5306 ⁸⁸
2002 5271 2160 5330 Joan.
2219 5283 2419 5348 vr,°7l.

2239 5395 2466 5453 NOTE.

819 5507 932 5580 (ll)
964 5506 1038 5580 De
1064 5505 1324 5580 vocabulo
1351 5504 1552 5580 αἴτιον,
1572 5502 1789 5580 de.ali_is
1809 5504 1902 5580 Dei
1933 5503 2112 5580 Patris
2140 5509 2315 5563 nomi-

753 5573 986 5633 nibus'et
1009 5577 1074 5630 de
1108 5584 1218 5630 toto
1245 5577 1347 5630 hoc
1378 5575 1497 5630 loco
1519 5573 1829 5646 theologico
1859 5574 2056 5645 legesis
2085 5587 2312 5646 praecla-

752 5663 842 5703 ras
872 5646 971 5702 SS.
1007 5647 1223 5699 l’atrum
1254 5647 1602 5699 auctoritates
1626 5643 1767 5714 apud
1803 5643 2105 5712 Petavium,
2130 5646 2309 5704 Theol.

749 5718 868 5787 dog.
899 5719 964 5770 de
982 5715 1133 5787 V'I'ri‘n.
1176 5731 1227 5778 v,
1253 5717 1303 5787 5.

823 5783 932 5855 ili)
963 5785 1193 5855 Antiqua
1217 5786 1422 5841 scilicet
1444 5783 1753 5840 (ira-corum
1801 5784 2064 5855 scriptura
2092 5787 2313 5844 carebat

2414 5511 2656 5593 nota‘illa
2688 5509 3083 5593 interrogandi,
3123 5525 3225 5593 qua
3257 5526 3404 5593 nunc
3430 5511 3834 5593 perspicuitatis
3857 5530 3982 5593 gra-

2415 5584 2486 5635 tia
2511 5582 2731 5635 utimur.
2764 5580 2970 5650 lleapse
3025 5584 3111 5635 vix
3147 5580 3224 5635 in
3279 5580 3982 5638 codicibus'recentissiinia

2413 5651 2668 5721 praedicta
2693 5661 2816 5703 nota
2850 5651 3205 5721 conspicitur.

2483 5719 2601 5790 (l3),
2631 5721 2684 5790 Si
2719 5735 2882 5772 nonne
2903 5717 3089 5774 Latine
3119 5721 3290 5786 dicas,
3313 5721 3425 5775 vim
3447 5722 3726 5778 sententia:
3754 5719 3974 5776 Photin-

2414 5789 2501 5844 uze
2523 5789 2799 5860 infringes.
