4198 6440
244 433 318 495 69
1260 432 1361 490 AD
1395 428 1983 506 AMPHILOCHIUM
2014 430 2359 502 ΟΙΜΞΒΤῙΟ
2393 432 2445 492 Ι.
3431 432 3502 496 ’10

246 550 343 599 τὸν
374 544 587 607 εὐνοίας
618 543 695 615 μὴ
729 542 963 615 ῥεύματι
985 542 1155 614 λήθης
1200 540 1545 612 ὑποσύροιτο,
1589 541 1685 594 καὶ
1708 555 1828 593 πει-

1935 554 2020 596 res
2041 541 2312 598 mandatis
2339 540 2600 599 curandis
2642 540 2882 609 faceret;
2925 543 3073 600 hunc
3118 550 3268 614 patet
3324 556 3503 614 neque

251 637 474 705 θηνὶους
504 636 709 706 μᾶλλον
733 638 845 699 τοῖς
882 633 1382 705 προσταττομένοις
1401 632 1540 703 ἐχοι,
1567 631 1731 702 δῆλον
1750 631 1827 694 ὡς

249 730 354 783 οὐκ
399 727 759 796 ἀπαγορεύων
814 727 925 779 οὐδ’
961 724 1358 795 ἐξαρνούμενος
1412 724 1550 795 ὅπερ
1596 721 1825 794 ἔπραξε,

249 820 369 871 ἀλλ’
401 816 887 884 ἐπιϐεϐαιούμενος
936 814 1140 886 μᾶλλον
1182 815 1249 867 δι’
1284 814 1457 884 αὐτῆς
1477 814 1826 883 ἐρωτήσεων

258 927 279 957 ε
308 910 423 960 Οὐκ
443 908 575 972 ἐγὼ,
605 908 789 976 φησὶν,
816 904 1148 975 ἐξελεξάμην
1171 903 1315 973 ὑμᾶς
1341 920 1359 969 ;
1382 921 1402 953 ι
1441 903 1613 956 Εῐωθε
1640 903 1748 973 7&9
1770 907 1829 956 ἐν

251 998 470 1060 πολλοῖς
506 999 535 1049 δ
573 997 732 1065 λόγος
760 997 946 1049 ἐκεῖνα
991 994 1101 1047 τῶν
1134 993 1591 1063 εὐεργετημάτων
1620 993 1827 1062 ἐρωτή-

254 1105 404 1156 ματα
437 1090 629 1150 ποιεῖν,
651 1084 1193 1159 ἀὶπεριφανεστάτην
1221 1083 1337 1153 εχει
1386 1084 1487 1153 τήν
1519 1083 1829 1153 ἐνάργειαν,

250 1180 349 1229 καὶ
381 1178 481 1230 οὐκ
506 1177 655 1230 ἐστιν
683 1174 863 1229 οὐδενὶ
906 1173 1015 1226 τῶν
1051 1173 1323 1227 λαϐόντων
1364 1171 1709 1242 ἐξαρνεὼθαι
1731 1170 1832 1239 τὴν

252 1270 439 1338 χάριν.
483 1268 783 1335 Ὑπάγοιτο
832 1266 877 1320 δ’
907 1267 975 1320 ἀν
1028 1264 1108 1336 τῷ
1157 1263 1310 1333 αὐτῷ
1362 1265 1550 1319 κανόνι
1605 1263 1699 1316 καὶ
1749 1263 1830 1328 τδ,

258 1378 278 1410 ε
329 1361 454 1413 Ἐὰν
480 1358 593 1428 ἐγὼ
620 1359 752 1429 περὶ
778 1354 1019 1428 ἐμαυτοῦ
1055 1355 1338 1428 μαρτυρῶ,
1362 1358 1396 1427 ή
1429 1356 1705 1427 μαρτυρία
1729 1370 1831 1424 μου

252 1449 463 1522 ἀληθής
490 1452 631 1505 ἐστι.
669 1467 690 1502 ι
726 1449 858 1513 Καὶ,
888 1466 907 1500 ι
940 1448 1069 1502 Ἐἀν
1096 1445 1207 1515 ἐγὼ
1238 1446 1372 1518 περὶ
1413 1444 1653 1517 ἐμαυτοῦ
1693 1460 1834 1515 μαρο

250 1540 426 1610 τυρῶ,
459 1542 493 1610 ή
521 1540 797 1610 μαρτυρία
827 1556 932 1609 μου
954 1539 1055 1591 οὐκ
1081 1537 1230 1592 ἐστιν
1278 1536 1528 1608 ἀληθής;
1560 1553 1580 1589 ι
1610 1536 1673 1589 Et
1724 1536 1835 1606 7&9

252 1634 351 1687 καὶ
389 1633 556 1703 ἐτέρᾳ
596 1631 954 1700 διασκέψειτὺ
982 1628 1174 1683 δοκοῦν
1199 1628 1435 1683 ἐνταῦθα
1472 1626 1833 1697 διαμάχεσθαι

252 1725 409 1777 λύσιν
435 1724 685 1794 εὑρίσκει
714 1722 762 1794 (1
774 1722 854 1791 4),
888 1721 1002 1776 ἀλλ’
1030 1721 1125 1776 οὖν
1155 1720 1332 1784 οὐδεὶς
1357 1719 1425 1774 ἀν
1453 1719 1835 1788 ἐπιτιμήσειεν

249 1816 398 1887 ὀρῶν
422 1815 561 1884 πρὸς
596 1813 695 1884 τὴν
726 1813 904 1884 δίκην,
930 1812 1029 1866 καὶ
1056 1812 1110 1865 ετ
1145 1827 1230 1874 τις
1275 1811 1355 1881 μή
1396 1808 1832 1879 ἀποφαινομένου

250 1883 403 1974 λέγοι
430 1883 513 1968 τδ.
549 1905 612 1960 Ἦ
640 1883 915 1976 μαρτυρία
943 1920 1048 1973 μου
1076 1902 1178 1957 οὐκ
1222 1901 1451 1973 ἀληθὴς,
1472 1900 1608 1955 ἀλλά
1626 1900 1716 1955 διὰ
1734 1900 1834 1970 τῆς
1864 1883 1908 1941 Β

251 1998 580 2067 ἐρωτήσεως
632 1993 1078 2064 ἀπογυμνοῦντός
1125 2009 1186 2045 τε
1226 1994 1323 2046 καὶ
1362 1990 1836 2055 ἀνακαλύπτοντος

251 2084 356 2154 τὴν
383 2085 498 2148 τοῖς
548 2083 824 2148 Ἰουδαίοις
852 2082 1302 2153 ἐμϐαθυνομένην
1352 2082 1450 2135 καὶ
1490 2081 1836 2153 ἀνελιττομέ-

252 2190 355 2244 νην
385 2174 486 2244 τῆς
505 2174 848 2237 ἀποστάσιας
877 2190 937 2226 τε
968 2174 1063 2227 καὶ
1092 2172 1432 2242 κακουργίας
1477 2170 1726 2243 γνώμην.
1773 2172 1837 2225 Et

256 2265 513 2337 μέντοιγέ
548 2282 635 2328 τις
676 2263 779 2329 τάς
817 2264 1124 2334 ἀποφάσεις
1176 2265 1234 2316 ἐν
1260 2261 1432 2333 ὁμοίῳ
1459 2264 1702 2333 σχήματι
1726 2261 1838 2315 τῶν

252 2358 625 2427 καταφάσεων
652 2360 720 2429 τῇ
748 2356 1053 2425 ἀναγνώσει
1079 2355 1288 2423 διεξίοι,
1315 2355 1497 2425 μάχης
1518 2354 1595 2418 ὡς
1618 2353 1836 2424 ἀληθῶς

253 2450 451 2505 ἐαυτὸν
480 2450 576 2505 καὶ
596 2450 835 2521 ταράχου
862 2448 1156 2520 ἐμπλήσει,
1174 2446 1278 2502 κᾶν
1306 2447 1408 2517 τῆς
1429 2443 1839 2516 θεορημοσύνης

252 2544 316 2594 τὸ
342 2540 650 2611 θαυμάσιον
666 2540 845 2609 πάσης
864 2538 1159 2608 ἐπιϐουλῆς
1177 2537 1272 2590 καὶ
1290 2534 1659 2599 ἐναντιώσεως
1676 2534 1840 2604 ὑπερ-

254 2632 636 2702 ανῳκισμένον
691 2632 909 2702 δρᾶται.
959 2630 1073 2701 Τῆς
1114 2628 1286 2698 αὐτῆς
1314 2626 1357 2680 δ’
1386 2624 1453 2681 ἂν
1481 2626 1569 2696 εἴη
1620 2623 1839 2678 διασκέ-

252 2725 405 2793 ψεως
436 2723 532 2777 καὶ
566 2724 623 2794 ή,
659 2741 679 2775 ε
716 2723 942 2787 Μείζων
984 2720 1240 2775 Ἰωάννου
1278 2716 1373 2773 τοῦ
1409 2715 1715 2772 Βαπτιστοῦ
1736 2714 1839 2769 οὐκ

255 2818 558 2885 ἐγήγερται
600 2816 659 2867 ἐν
697 2815 810 2877 τοῖς
857 2815 1137 2883 γεννητοῖς
1179 2811 1292 2865 τῶν
1345 2807 1645 2878 γυναικῶν,
1682 2824 1703 2859 s
1742 2810 1840 2860 Δε-

255 2904 495 2976 σποτικὴ
545 2903 848 2976 μαρτυρίαο
881 2899 1021 2967 εἶτα,
1059 2919 1078 2953 ε
1124 2902 1185 2954 '0
1230 2900 1287 2954 δὲ
1322 2899 1644 2971 μικρότερος
1684 2898 1744 2949 ἐν
1770 2898 1836 2967 τῇ

255 2991 513 3065 βασιλεία
533 2991 642 3045 τῶν
672 2980 940 3061 οὐρανῶν,
982 2989 1183 3059 μείζων
1213 2987 1382 3043 αὐτοῦ
1411 2989 1551 3041 ἐστι·
1577 3005 1597 3039 s
1629 2988 1839 3058 ἐρωτη-

258 3084 499 3151 νιτικῆς
518 3082 627 3154 7&9
646 3081 1161 3151 ἀναγινωσκομένης
1184 3083 1304 3150 τῆς,
1317 3098 1337 3131 ι
1357 3080 1416 3132 ‘0
1431 3079 1490 3132 δέ
1511 3079 1836 3149 μικρότερος

256 3174 322 3225 ἐν
336 3175 402 3244 τῇ
424 3172 676 3243 βασιλείᾳ
693 3172 801 3225 τῶν
814 3171 1085 3242 οὐρανῶν,
1106 3170 1307 3242 μείζων
1322 3169 1489 3224 αὐτοῦ
1511 3172 1661 3238 ἐστι;
1688 3189 1706 3221 ι
1728 3187 1841 3239 φωο

251 3269 382 3339 νῆς,
397 3265 625 3336 οὐδεμία
646 3264 712 3336 δὴ
736 3264 1094 3336 μικρολογίας
1113 3263 1426 3335 εὑρίσκεται
1448 3262 1623 3335 χώρα,
1643 3264 1704 3316 οὐ
1731 3263 1839 3333 μὴν

256 3357 381 3412 ἀλλ’
408 3356 531 3411 οὐδὲ
558 3356 838 3428 περινοίας
858 3354 1025 3427 ἀλλης
1066 3355 1329 3426 δεήσεται
1346 3356 1381 3425 ή
1401 3354 1512 3409 τῶν
1540 3353 1841 3425 προκειμέο

260 3467 372 3502 νων
397 3449 658 3520 ῥημάτων
672 3449 962 3519 σαφήνεια.
981 3446 1146 3500 Ἀλλά
1164 3446 1274 3518 7&9
1290 3446 1449 3499 τοῦτο
1464 3447 1563 3517 μέν
1589 3449 1681 3501 καὶ
1704 3447 1840 3509 ιδίας

259 3544 326 3595 ἐν
356 3541 537 3604 ἀλλοις
563 3540 754 3610 ἔτυχεν
778 3539 1042 3611 ἐργασίας
1074 3538 1208 3609 (15).
1241 3538 1495 3593 Τοιοῦτον
1527 3540 1596 3593 ἂν
1622 3539 1709 3610 ειη
1744 3539 1841 3592 καὶ

258 3634 347 3698 τὸ,
386 3652 407 3686 ι
444 3632 751 3687 Καθεύδετε
786 3632 900 3701 (16)
936 3631 998 3685 τὸ
1024 3630 1210 3683 λοιπὸν
1237 3632 1331 3684 καὶ
1358 3629 1705 3685 ἀναπαύεσθε
1731 3648 1747 3697 ;
1777 3631 1840 3683 οὐ

260 3727 375 3795 7&9
401 3724 838 3795 ἀποφαινομένου
868 3723 929 3777 τὺ
977 3723 1151 3795 ῥῆμα,
1181 3724 1240 3776 ἐν
1274 3724 1541 3794 ἐρωτήσει
1573 3722 1632 3777 δέ
1656 3739 1841 3776 ποιου-

266 3816 434 3887 μένου
456 3816 556 3885 τήν
584 3814 685 3885 τῆς
708 3814 1001 3883 ὀλιγωρίας
1039 3813 1360 3883 ἐπιτίμησιν
1375 3829 1393 3845 ·
1418 3808 1500 3877 οἷς
1522 3813 1844 3885 ἐπιφέρεται

270 3904 569 3960 ἀκόλουθόν
596 3921 658 3958 τε
695 3904 792 3958 καὶ
835 3902 1312 3973 συναρμοζόμενον
1334 3904 1415 3968 τὸ,
1448 3921 1468 3954 ι
1505 3903 1841 3976 Ἐγείρεσθε,

262 3998 491 4066 ἄγωμεν
528 3995 801 4050 ἐντεῦθεν.
848 4014 868 4047 s
902 3996 978 4049 Οὐ
1026 3995 1135 4066 7&9
1168 3995 1236 4049 ἂν
1273 3994 1450 4059 άλλως
1501 3995 1846 4066 ἐτοιμότερον

265 4090 302 4157 ἡ
318 4088 424 4141 τῶν
445 4088 707 4160 ῥημάτων
726 4087 988 4142 συνέπεια
1006 4086 1187 4140 ἐλευθε
1196 4084 1398 4157 ροῦσαν
1413 4086 1638 4141 ὑπέλθοι
1661 4086 1844 4157 ψῆφον

262 4178 359 4233 τοῦ
389 4178 557 4249 μηδὲν
589 4178 879 4248 μάχεσθαι,
914 4178 963 4231 εί
996 4178 1073 4247 μή
1102 4177 1179 4241 τδ,
1237 4195 1257 4229 ε
1295 4178 1598 4231 Καθεύδετε
1641 4179 1703 4231 τδ
1737 4178 1847 4231 λοι-

1925 639 2225 687 retractare
2247 633 2390 703 quod
2437 642 2624 703 egerat
2653 649 2831 705 neque
2851 650 3069 708 negare,
3111 637 3205 691 sed
3255 637 3369 707 ipsa
3403 653 3503 708 po-

1923 724 2037 778 tius
2088 725 2413 780 conﬁrmare
2462 726 2929 796 interrogatione:
2965 727 3084 783 Non
3117 743 3239 800 ego,
3285 730 3499 799 inquit,

1926 813 2061 884 elegi
2098 814 2239 869 vos?
2291 814 2540 871 Solemus
2586 818 2732 872 enim
2768 820 2820 872 in
2860 834 3117 876 sermone
3151 837 3214 875 ea
3241 821 3501 877 beneﬁcia

1928 904 2312 977 interrogando
2376 922 2824 974 commemorare,
2867 926 2989 980 quae
3039 912 3343 968 indubitam
3390 915 3504 969 evi-

1928 997 2167 1051 dentiam
2217 998 2435 1062 Iiabent.
2492 1009 2548 1054 et
2578 1015 2815 1069 quorum
2855 1002 3054 1055 nemini
3076 1003 3215 1059 bene
3264 1004 3351 1059 bis
3405 1004 3504 1057 ad-

1931 1086 2072 1142 ferto
2111 1088 2233 1142 licet
2272 1091 2496 1158 gratiam
2551 1090 2802 1145 inliciari.
2848 1090 2962 1146 Sub
2985 1094 3233 1148 eamdem
3264 1094 3502 1163 regulam

1930 1178 2075 1233 cadit
2121 1178 2284 1234 etiam
2318 1181 2448 1235 illud
2477 1199 2493 1237 :
2542 1200 2562 1234 ι
2587 1181 2645 1237 Si
2668 1197 2770 1253 ego
2816 1183 2951 1238 mihi
2984 1183 3086 1253 ipsi
3124 1185 3501 1240 testimonium

1931 1267 2023 1332 do,
2059 1270 2424 1326 testimonium
2457 1288 2638 1328 meum
2660 1290 2823 1330 verax
2852 1284 2938 1330 est
2968 1275 3033 1331 “.
3056 1295 3074 1327 ι
3097 1277 3254 1343 Item,
3282 1294 3301 1327 ι
3326 1276 3382 1332 Si
3405 1293 3506 1348 ego

1932 1361 2067 1416 mihi
2123 1362 2227 1432 ipsi
2249 1365 2620 1420 testimonium
2654 1367 2746 1433 do,
2780 1369 3155 1423 testimonium
3191 1384 3370 1424 meum
3395 1383 3504 1423 non

1932 1458 2195 1506 estverax
2229 1452 2270 1485 "
2301 1452 2325 1507 τ
2354 1472 2375 1505 ι
2402 1453 2720 1527 Quanquam
2762 1458 2907 1514 enim
2946 1459 3053 1513 alia
3092 1472 3313 1529 quoque
3372 1474 3506 1514 con-

1933 1544 2259 1601 sideratione
2312 1549 2458 1618 quod
2514 1549 2606 1606 hic
2652 1552 2867 1606 videtur
2916 1567 3163 1623 pugnare
3203 1553 3504 1619 dirimitur,

1933 1648 2096 1691 nemo
2126 1645 2306 1693 tamen
2344 1639 2655 1710 objurgabit
2714 1643 2961 1698 dicamve
2993 1645 3274 1715 impinget,
3307 1644 3354 1700 si
3387 1644 3510 1715 quis

1932 1722 2079 1779 dicat
2099 1739 2207 1779 non
2233 1740 2357 1783 esse
2382 1726 2489 1785 hoc
2531 1731 2864 1800 negativum,
2890 1730 3286 1789 Testimonium
3324 1748 3505 1789 meum

1934 1828 2045 1869 non
2076 1825 2161 1871 est
2191 1832 2356 1874 verax
2384 1836 2401 1887 ;
2432 1821 2527 1876 sed
2556 1822 2675 1892 ejus
2700 1822 2792 1893 qui
2824 1825 3020 1895 retegit
3050 1826 3402 1897 denudatque
3422 1827 3507 1881 in-

1934 1904 2100 1959 situm
2133 1903 2337 1964 Judaeis
2375 1920 2538 1981 atque
2560 1912 2883 1983 implicitum
2913 1917 3205 1986 apostasia
3229 1926 3285 1973 et
3304 1918 3509 1988 impro-

1936 1994 2120 2050 bitatis
2155 1996 2450 2067 ingenium.
2484 2000 2543 2055 Si
2566 2004 2691 2072 quis
2721 2003 2882 2073 igitur
2904 2005 3295 2062 allirmationes
3316 2009 3510 2062 eodem

1935 2092 2125 2141 tenore
2154 2102 2265 2157 quo
2303 2092 2622 2159 negationes
2677 2093 2820 2150 inter
2853 2095 3142 2166 legendum
3174 2100 3511 2167 pronuntiet,

1936 2174 1984 2230 is
2012 2176 2293 2234 enimvero
2342 2194 2520 2251 pugna
2554 2182 2794 2253 seipsum
2823 2200 2887 2241 ac
2916 2188 3325 2257 perturbatione
3359 2204 3511 2244 com-

1935 2263 2134 2334 plebit;
2183 2268 2401 2325 etiamsi
2447 2270 2617 2327 divini
2676 2275 2880 2329 oraculi
2914 2276 3152 2348 dignitas
3210 2278 3513 2336 incursioni

1934 2357 2083 2411 omni
2115 2365 2171 2413 et
2213 2364 2588 2419 contrarietati
2626 2368 2881 2437 superior
2906 2385 3028 2426 esse
3070 2372 3339 2429 videatur.
3376 2372 3512 2431 Illud

1934 2448 2100 2503 ctiam
2129 2451 2244 2519 pari
2275 2454 2486 2510 cautela
2519 2457 2865 2515 tractandum
2916 2470 3000 2515 est
3024 2460 3369 2519 Dominicunt
3435 2474 3516 2521 te-

1936 2541 2251 2599 stimonium
2280 2564 2295 2602 :
2321 2545 2525 2618 «Major
2553 2546 2765 2605 Joanne
2783 2550 3022 2622 Baptista
3059 2555 3199 2610 inter
3227 2556 3369 2612 lilios
3398 2574 3517 2612 mu-

1939 2632 2132 2689 lierum
2158 2651 2318 2693 nemo
2343 2640 2640 2695 surrexit.»
2693 2641 2896 2697 Deinde
2930 2661 2944 2697 :
2986 2642 3118 2712 «Qui
3139 2655 3320 2702 autem
3352 2649 3517 2703 mini-

1942 2742 2062 2780 mus
2089 2736 2172 2783 est
2201 2727 2255 2782 in
2300 2744 2471 2801 regno
2496 2732 2783 2797 caelorum,
2819 2735 2910 2789 hic
2965 2736 3139 2806 major
3169 2738 3265 2793 illo
3318 2749 3400 2796 est
3449 2740 3513 2795 ⁸⁸.

1941 2816 2333 2889 lnterrogative
2353 2822 2498 2877 enim
2530 2825 2741 2892 prolata
2781 2841 2937 2882 voce.
2971 2827 3229 2886 Minimus
3243 2841 3424 2887 autem
3458 2835 3516 2887 in

1938 2926 2106 2983 regno
2162 2913 2426 2970 calorum
2462 2916 2639 2987 major
2689 2901 2783 2973 illo
2811 2920 2941 2974 est?
2994 2936 3172 2993 neque
3198 2924 3515 2995 pradictum

1939 3004 2314 3059 testimonium
2339 3008 2648 3076 perimitur,
2683 3025 2861 3081 neque
2889 3012 3035 3068 ullus
3064 3014 3371 3071 cavillando
3430 3016 3516 3071 lo-

1938 3107 2039 3150 cus
2069 3105 2345 3164 superest.
2378 3096 2521 3163 Quin
2578 3100 2717 3155 adeo
2775 3103 2924 3157 nulla
2971 3114 3229 3173 praetcrea
3295 3106 3517 3164 solertia

1940 3199 2079 3253 opus
2106 3189 2210 3241 erit
2253 3198 2311 3242 ut
2332 3202 2495 3259 supra
2542 3190 2687 3246 dicta
2742 3194 2907 3249 verba
2969 3194 3352 3253 inclarescant.
3409 3197 3515 3254 Sed

1940 3276 2088 3332 enim
2135 3278 2223 3333 hic
2259 3278 2415 3335 locus
2438 3281 2568 3335 alibi
2600 3298 2829 3355 quoque
2858 3288 3189 3356 peculiarem
3217 3299 3410 3345 nactus
3428 3300 3517 3346 est

1938 3367 2401 3426 lucubrationem.
2446 3371 2775 3442 Hujusmodi
2799 3376 2908 3432 erit
2937 3379 3107 3433 etiam
3136 3398 3149 3435 :
3200 3399 3221 3433 ι
3253 3380 3518 3438 Dor-mitis

1939 3460 2051 3530 jam
2085 3471 2140 3516 et
2171 3462 2514 3532 requiescitis
2538 3465 2581 3497 ¹⁹
2610 3466 2662 3520 2i
2684 3482 2797 3523 non
2826 3470 2973 3524 enim
3010 3474 3413 3541 pronuntiativa
3436 3476 3519 3530 lo-

1943 3552 2093 3607 cutio
2117 3562 2219 3618 est,
2254 3555 2345 3609 sed
2382 3555 2502 3625 ejus
2522 3557 2615 3627 qui
2654 3558 3045 3631 interrogando
3076 3567 3383 3621 socordiam
3414 3570 3515 3623 ob-

1940 3640 2143 3712 jurgat.
2169 3643 2268 3698 Cui
2306 3646 2545 3700 sermoni
2590 3647 2904 3704 subtexitur
2949 3662 3350 3712 consectaneus
3374 3658 3515 3715 alius

1942 3742 1998 3786 et
2024 3749 2299 3804 congruus
2330 3753 2343 3789 :
2376 3754 2395 3788 ι
2426 3735 2663 3808 Surgite,
2678 3755 2871 3796 eamus
2900 3742 3030 3799 hinc
3047 3744 3352 3817 ".iNeque
3369 3750 3515 3805 enim

1944 3826 2249 3895 promptius
2299 3827 2456 3883 aliter
2492 3832 2763 3887 sermonis
2795 3835 2967 3890 series
3004 3835 3074 3891 ab
3129 3838 3276 3893 omni
3300 3850 3520 3894 contra-

1945 3914 2182 3968 dictione
2213 3915 2355 3971 felici
2391 3916 2603 3973 calculo
2625 3920 2962 3989 liberabitur,
2998 3940 3163 3995 quam
3202 3926 3520 3985 sirDormi-

1942 4005 2014 4059 tis
2063 4004 2177 4074 jam
2221 4015 2277 4061 et
2324 4009 2698 4076 requiescitisi
2734 4010 3180 4085 interrOgativam
3207 4018 3260 4073 in
3290 4018 3519 4090 legendo

1941 4110 2055 4165 prae
2074 4111 2134 4169 se
2165 4095 2304 4153 ferat
2329 4097 2780 4169 increpationem.
2812 4102 2947 4175 Ejus
2976 4108 3195 4178 generis
3226 4107 3515 4168 innumera

268 4271 371 4325 πον
420 4269 519 4323 καὶ
562 4268 928 4335 ἀναπαύεσθε,
959 4287 980 4322 ι
1020 4268 1120 4339 τήν
1187 4269 1611 4340 ἐρωτηματικὴν
1646 4268 1734 4325 διά
1783 4270 1883 4340 τῆς
1954 4274 2313 4344 ἀναγνώσεως
2373 4278 2731 4351 προϐάλλοιτο
2805 4267 3160 4357 ἐπιτίμησιν·
3202 4291 3299 4345 καὶ
3351 4295 3522 4365 μυρία

267 4360 435 4520 at:
471 4449 887 4519 Κακουργήσειε
909 4448 955 4502 δ’
994 4448 1059 4501 ἄν
1084 4464 1168 4511 τις
1204 4446 1312 4501 τῶν
1356 4447 1429 4500 τά
1471 4446 1696 4502 τοιαῦτα
1720 4449 1845 4502 τολ-

266 4544 377 4614 μᾷν
406 4541 677 4596 εἰωθότων
700 4540 854 4611 παρά
876 4539 975 4609 τὴν
1006 4539 1269 4609 σύγχυσιν
1290 4538 1394 4609 τῆς
1415 4538 1596 4602 αίτίας
1626 4539 1688 4593 τὸ
1710 4557 1847 4594 κακ-

2016 4452 2103 4508 18.
2138 4450 2371 4523 Maligne
2397 4455 2598 4526 aliquis
2636 4472 2847 4524 eorum,
2893 4462 3095 4532 quibus
3140 4466 3257 4522 haec
3291 4470 3519 4527 artilicia

1949 4542 2236 4600 familiaria
2258 4554 2408 4612 sunt,
2437 4549 2730 4603 versutiam
2754 4566 2908 4605 suam
2936 4568 3060 4608 cum
3092 4572 3273 4613 causas
3304 4570 3520 4629 pertur-

263 4632 521 4702 ούργημα
572 4630 902 4695 διαπλέκων,
945 4632 1038 4683 καὶ
1085 4630 1220 4700 πρὸς
1284 4629 1366 4695 τὺ,
1406 4647 1426 4682 ι
1484 4630 1609 4683 Ἐάν
1645 4632 1731 4694 τίς
1786 4649 1838 4684 σε

1948 4635 2162 4690 batione
2209 4638 2479 4703 miscebit,
2534 4640 2664 4694 dum
2724 4642 2773 4695 ei
2819 4643 3108 4709 locutioni,
3171 4667 3190 4699 ι
3223 4649 3411 4720 Siquis
3470 4664 3522 4709 te

267 4724 477 4794 ραπίσῃ
504 4724 583 4787 είς
603 4722 701 4793 τὴν
725 4722 907 4787 δεξιὰν
932 4721 1179 4791 σιαγόνα,
1211 4721 1442 4792 στρέψον
1462 4720 1610 4793 αὐτῷ
1631 4723 1724 4775 καὶ
1745 4721 1838 4794 τήν

1944 4730 2268 4795 percusserit
2286 4728 2342 4784 in
2372 4730 2562 4785 dextra
2587 4747 2745 4800 gena,
2769 4735 2951 4803 praebe
2976 4736 3052 4790 illi
3077 4746 3131 4793 et
3151 4740 3381 4796 alteram
3405 4743 3512 4808 υς»

266 4818 456 4886 ἀλλην,
495 4834 515 4868 ι
550 4814 650 4886 τὴν
675 4814 1162 4885 ἀντεπενεχθεῖσαν
1185 4813 1264 4885 τῷ
1281 4815 1618 4885 τυπτήσαντι
1637 4816 1838 4867 Δεσπο-

1939 4830 2176 4889 0ppunet
2230 4822 2436 4879 Christi
2494 4840 2845 4894 responsum,
2900 4832 2994 4900 qui
3041 4838 3352 4903 percussori
3403 4840 3519 4903 ait,

266 4909 427 4979 τικὴν
456 4908 661 4977 φωνήν,
702 4926 720 4960 ι
757 4906 822 4961 Τί
854 4924 921 4977 με
966 4907 1181 4978 δέρειςς
1216 4923 1235 4957 ι
1270 4905 1345 4969 ὡς
1367 4906 1838 4976 ἀντιπράττουσαν

1944 4912 2082 4964 «ϐω-
2120 4926 2206 4967 me
2243 4912 2406 4969 cadis
2431 4915 2476 4947 "
2504 4916 2554 4968 ?s
2591 4915 2788 4971 Verum
2827 4919 2916 4974 ubi
2976 4924 3260 4993 perspicue
3312 4930 3522 4998 patefa-

269 4997 708 5070 προϐαλλόμενος
774 4997 889 5067 (17)
917 5012 931 5027 '
983 4996 1099 5050 ἀλλ’
1155 4996 1235 5060 εἰς
1305 4994 1369 5050 τὺ
1434 4995 1838 5066 ἐμφανέστατον

1946 5011 2094 5057 ctum
2121 5002 2284 5059 fuerit
2319 5020 2543 5061 causam
2580 5008 2656 5063 rei
2678 5023 2799 5064 esse
2829 5012 3013 5079 aliam,
3041 4994 3353 5073 criminatio
3375 5021 3520 5077 illico

358 5153 403 5184 “
444 5151 603 5206 Joan.
644 5169 763 5211 vm.
835 5154 923 5207 14.
1022 5154 1062 5184 ³⁷
1124 5152 1283 5207 Joan.
1360 5167 1414 5211 ν.
1480 5152 1570 5209 31.

268 5225 308 5255 ⁸⁸
334 5222 583 5288 Matthw,
638 5223 726 5277 30.

1022 5154 1062 5184 "
1124 5152 1283 5207 Joan.
1360 5167 1414 5215 ν,

1676 5152 1719 5184 ⁸⁸
1778 5152 1966 5209 Matth.
2002 5169 2079 5219 ιι,
2143 5156 2228 5211 11.

801 5225 846 5254 ⁸⁸
890 5222 1049 5279 Joan.
1096 5238 1255 5287 mu,
1308 5222 1402 5277 25.

2350 5158 2393 5190 "
2424 5156 2612 5216 Matth.
2672 5177 2824 5231 τινι,
2856 5166 2945 5222 45.
3011 5169 3057 5201 ¹⁰
3092 5167 3252 5228 Joan.
3278 5188 3396 5240 xw,
3425 5176 3517 5231 3|.

1798 5313 2036 5371 NOTAE.

337 5431 385 5523 ll
401 5430 452 5523 ll
480 5426 1337 5523 l“.3!".‘3!‘.§l2?l‘i‘.'.‘..‘.‘1‘.’ﬁ’“?£§
1356 5424 1525 5523 33;-
1546 5494 1673 5523 mm
1693 5494 1833 5523 η...

1938 5432 1993 5485 in
2029 5433 2249 5523 vulgato
2280 5432 2582 5491 Bibliorum
2610 5448 2928 5497 nostrorum
2990 5454 3137 5501 Iextu
3181 5448 3521 5523 interrogare

338 5494 454 5567 (l5)
488 5498 630 5567 Lege
645 5494 999 5566 quaestionem
1006 5494 1201 5567 ampli.
1226 5494 1837 5567 1722(nunc509)apud
1938 5516 2046 5555 non
2082 5494 2225 5557 licet.

272 5564 553 5650 Ἦριιριιιε,
571 5564 726 5647 ἐιξίιι
747 5568 977 5650 cpistola
997 5564 1171 5650 ξιιιίιξὲ
1194 5564 1324 5648 ⁸180.
1357 5564 1751 5650 (ιιιιιιονιιηυβ).
1967 5642 1977 5650 _
2011 5571 2514 5650 (Πλρυειςειίρηθιη
2536 5577 2716 5650 “hanc
2765 5581 2887 5635 aliis
2934 5585 3115 5642 verbis
3158 5599 3338 5645 versa,
3378 5591 3518 5650 Pho_

341 5638 452 5720 με»
488 5636 822 5732 τοεεειίηεείο
843 5635 1836 5732 asseram:massa-'9:-
1942 5635 2801 5732 ξὶιξεξίἓξιῖξιέιε.,Αιννιιίιοοιιίεηε
2837 5652 2935 5705 ww
2961 5635 3127 5724 (λᾶι-αξ
3165 5635 3513 5732 ἀξδῑξηιῑίέιιι

275 5703 595 5776 ηὐνῖιψιιύ
615 5706 832 5761 (ἔπεσθε
845 5707 1063 5776 propria
1078 5717 1183 5759 est.
1201 5703 1585 5760 Verumtamen
1616 5708 1668 5758 in
1695 5703 1840 5759 ιλιαδ-
1942 5711 2169 5769 Wolﬁus
2191 5714 2376 5769 cdidir,

274 5796 339 5833 na
387 5780 572 5849 lingua
621 5776 747 5832 huic
795 5777 1135 5847 ambiguitatt
1167 5777 1319 5829 locus
1355 5791 1463 5830 non
1494 5784 1580 5829 est
1623 5793 1635 5828 :
1670 5789 1840 5844 quare
