4198 6440
682 395 748 468 Τί
1848 397 2114 460 PHUTII
2153 394 2268 456 ΡΑἼ

2370 392 2658 455 [ARCILE
2686 396 2791 458 ΟΡ.

3882 399 3969 464 72

685 511 976 570 refelletur.
1003 507 1213 564 Etenim
1303 505 1514 562 homini
1543 506 1638 578 qui
1695 507 1956 578 pecunia:
1986 515 2084 560 aut
2126 503 2262 557 alia-

2370 501 2785 572 καθισταμένου,
2811 502 2884 566 ὡς
2909 504 2944 572 ἡ
2961 501 3122 555 -αίτία
3144 465 3427 574 διάφορος.
3457 502 3651 557 θᾶττον
3690 504 3957 559 ἀπαιτεῖ-

685 620 809 660 rum
837 617 1001 672 opum
1029 607 1122 654 aut
1165 599 1415 669 corporis
1467 598 1856 654 detrimentum
1890 611 2089 668 passus
2141 594 2264 649 fue-

685 696 780 758 rit,
830 691 1054 747 mandat
1103 689 1254 758 pacis
1316 686 1462 743 Deus
1512 703 1581 743 ne
1651 693 1931 758 repugnet,
1997 693 2161 755 atque
2207 690 2268 738 ut

686 783 935 840 omnium
989 780 1157 837 indici
1210 781 1653 850 persecutionem
1704 776 1920 847 injuriae
1963 776 2262 846 permittat.

689 873 886 929 Verum
931 872 1210 928 enimvero
1243 867 1332 936 ubi
1359 869 1634 940 quispiam
1661 868 1919 924 scelestas
1946 879 2144 921 manus
2184 864 2267 917 in—

688 964 892 1026 tulerit,
926 977 1034 1017 non
1079 969 1138 1016 ιιι
1156 960 1321 1016 alicui
1357 961 1740 1030 pmdictarum
1803 973 1986 1012 rerum
2026 963 2260 1019 noceat,

685 1054 777 1107 sed
827 1060 889 1106 ut
922 1053 977 1108 in
1009 1051 1476 1107 oriscontumelia
1507 1065 1621 1103 rem
1651 1048 1981 1120 pralcipuam
2022 1060 2268 1117 pessum-

685 1148 795 1210 det,
823 1159 1018 1216 nempe
1082 1143 1444 1214 religionem;
1483 1152 1614 1198 tunc
1651 1142 1868 1198 demum
1911 1141 2053 1194 haud
2107 1153 2266 1209 aquo

685 1239 872 1292 animo
896 1235 1147 1304 injuriam
1176 1243 1286 1304 pati
1309 1234 1599 1304 iubemur,
1633 1249 1699 1288 ne
1737 1233 2013 1303 patientia
2037 1231 2264 1286 obtentu

686 1327 1032 1380 audaciorem
1066 1325 1293 1395 impium
1323 1325 1637 1389 reddamus,
1677 1339 1780 1380 neu
1814 1323 2035 1379 silentio
2063 1336 2265 1393 augeao

685 1433 809 1472 mus
863 1416 1006 1472 hosti
1029 1416 1266 1481 animos,
1295 1432 1408 1486 quo
1430 1417 1622 1486 pietati
1649 1416 1984 1486 petulantius
2015 1415 2265 1470 insultet.

687 1508 824 1564 lluic
850 1509 1010 1563 divus
1047 1511 1212 1563 etiam
1285 1508 1510 1576 Paulus,
1557 1525 1655 1564 ceu
1710 1510 1958 1564 sincerus
1987 1505 2268 1577 Evangelii

685 1602 1008 1671 discipulus,
1063 1603 1338 1671 sapienter
1400 1612 1668 1673 prmeepto
1716 1602 1898 1672 paruit
1929 1602 1976 1634 ”
2015 1642 2029 1656 .
2060 1600 2271 1656 Idcirco

685 1692 847 1748 etiam
881 1693 1100 1748 tribuno
1129 1693 1436 1749 Romanum
1469 1694 1700 1751 incussit
1719 1697 1994 1757 timorem,
2020 1708 2090 1749 ne
2116 1693 2268 1749 salu-

2365 609 2456 646 ται
2485 593 2578 646 τὸν
2601 593 2843 662 ἔλεγχον.
2877 595 2986 646 Καὶ
3031 594 3141 664 γὰρ
3192 594 3271 664 τῷ
3332 595 3431 663 μὲν
3479 596 3558 659 είς
3619 595 3956 665 ἀργύριονῆ

2366 683 2560 748 κτῆσιν
2595 681 2765 751 ἀλλην
2788 685 2882 735 καὶ
2911 682 3045 736 αὐτὸ
3067 684 3129 735 τὸ
3154 682 3314 750 σῶμα
3354 683 3461 751 τὴν
3486 683 3691 753 ζημίαν
3733 685 3957 754 ὑπομέ-

2366 789 2509 825 νοντι
2538 772 2616 843 μὴ
2637 773 3040 841 ἀντεπεξιέναι,
3068 777 3422 846 παραχωρεῖν
3449 775 3505 828 δὲ
3538 774 3617 845 τῷ
3640 778 3798 847 κριτῇ
3839 775 3960 828 τῶν

2366 865 2524 929 ὅλων,
2556 868 2654 935 τῆς
2699 867 2927 938 εἰρήνης
2976 867 3110 928 Θεὸς
3156 869 3440 921 ἐπιτάττει
3487 867 3590 937 τὴν
3642 868 3955 938 ικδίκησιν.

2366 957 2616 1012 Ἐπειδὰν
2643 959 2698 1012 δέ
2726 976 2812 1023 τις
2832 961 2931 1022 ea;
2956 959 3176 1023 ἀδίκους
3200 959 3418 1030 ἐκτείνει
3442 962 3631 1029 χεῖρας
3670 960 3773 1029 οὐχ
3797 960 3958 1022 ὅπως

2365 1051 2445 1112 είς
2472 1066 2527 1102 τι
2557 1052 2667 1104 τῶν
2705 1051 3012 1122 είρημινων
3075 1050 3174 1122 τὴν
3221 1051 3423 1122 βλάϐην
3473 1045 3798 1116 ἐνστίξειεν,
3830 1050 3940 1102 ἀλλ

2367 1144 2426 1196 ἐν
2447 1146 2512 1213 τῇ
2542 1143 2637 1196 τοῦ
2665 1141 2959 1214 προσώπου
2993 1143 3149 1214 ὕϐρει
3189 1144 3251 1196 τὸ
3302 1143 3742 1214 πρεσϐευόμενον
3771 1141 3957 1212 λωϐή-

2367 1250 2528 1304 σηται
2549 1234 2650 1305 τὴν
2675 1234 2962 1288 εὐσέϐειαν
2985 1234 3122 1303 (l8),
3151 1235 3280 1287 τότε
3313 1234 3389 1305 μὴ
3439 1234 3627 1304 φέρειν
3685 1233 3958 1305 ῥᾳθύμως

2365 1327 2466 1400 τὴν
2493 1326 2654 1398 ὐϐριν
2683 1327 3159 1399 προσταττόμεθα,
3183 1326 3320 1398 μηδὲ
3344 1328 3471 1397 σιγῇ
3499 1324 3954 1393 συγκατασκευάο

2368 1421 2484 1486 ζειν
2507 1419 2586 1490 τῷ
2611 1419 2792 1491 ἐχθρῷ
2831 1418 2925 1474 τὸν
2967 1417 3425 1491 προπηλακισμὸν
3455 1415 3552 1470 τοῦ
3581 1415 3931 1485 σεϐάσματος

2367 1509 2589 1582 Ταύτην
2613 1511 2707 1564 καὶ
2728 1511 2756 1562 ὁ
2776 1509 2920 1572 θεῖος
2945 1506 3180 1571 Παῦλος,
3200 1508 3294 1561 ἀτε
3316 1505 3384 1577 δὴ
3409 1506 3634 1577 γνήσιος
3657 1503 3752 1558 τοῦ
3782 1504 3950 1572 λόγου

2371 1602 2642 1674 μαθητὴς,
2675 1604 2732 1656 ὲν
2763 1601 2928 1673 σοφίᾳ
2962 1599 3064 1670 τὴν
3083 1598 3302 1670 ἐντολὴν
3330 1596 3768 1668 κατωρθώσατω
3787 1594 3954 1649 τοῦτο

2373 1697 2472 1766 μὲν
2515 1695 2752 1765 Ἐλύμαν
2789 1694 2889 1749 τὸν.
2914 1693 3090 1765 μάγον
3141 1692 3254 1762 (19)
3294 1689 3715 1745 ἐπιϐουλεύοντα
3737 1686 3816 1758 τῷ
3845 1703 3952 1756 κη-

687 1783 757 1835 tis
801 1783 1054 1852 propriae,
1092 1797 1257 1852 quam
1313 1782 1473 1840 facile
1512 1787 1768 1855 consequi
1818 1794 2050 1856 poterat.
2124 1784 2268 1839 ultro

2373 1789 2613 1861 ρύγματι
2637 1791 2889 1859 στερήσει
2909 1786 3018 1840 τῶν
3038 1785 3236 1854 δῴεων,
3259 1781 3606 1838 ἀναστέλλων
3623 1796 3683 1833 τε
3704 1777 3799 1832 τοῦ
3823 1778 3958 1830 τολ-

685 1872 929 1940 proditor
951 1873 1248 1938 videretur,
1273 1889 1338 1929 ac
1359 1875 1579 1945 pietatis
1597 1877 1817 1932 cederet
1847 1877 2090 1932 inimico.
2143 1874 2268 1931 Ideo

2374 1881 2626 1951 μήματος
2653 1881 2750 1934 καὶ
2770 1880 2927 1948 δίκην
2948 1877 3196 1932 ἀπαιτῶν
3217 1893 3229 1905 ·
3253 1873 3412 1928 τοῦτο
3455 1872 3515 1926 δὲ
3554 1869 3633 1941 τῷ
3677 1868 3960 1940 χιλιάρχῳ

685 1964 921 2034 denique
960 1962 1277 2019 uberrimus
1333 1981 1430 2021 eos
1478 1967 1743 2037 repressit
1817 1966 2266 2032 refutationibus,

687 2056 782 2124 qui
831 2056 1079 2127 religioni
1133 2058 1443 2114 calumnias
1491 2059 1779 2114 struebant
1805 2060 1896 2117 ⁸⁸.
1933 2058 1998 2115 Et
2047 2060 2267 2130 quidem

688 2146 1118 2202 fortissimorum
1174 2161 1405 2218 quoque
1429 2159 1734 2221 martyrum
1787 2151 2038 2222 egregius
2065 2151 2269 2206 chorus

688 2239 950 2295 adversus
999 2249 1260 2310 tyrannos
1295 2241 1366 2295 ob
1423 2243 1672 2296 eamdem
1723 2255 1948 2297 causam
1997 2243 2270 2298 constanti

686 2331 869 2403 lingua
898 2332 1179 2403 firmisque
1223 2333 1398 2389 oculis
1449 2336 1784 2400 armabatur,
1820 2335 2076 2406 pietatem
2141 2351 2270 2390 ora-

689 2423 836 2477 tione
873 2432 1055 2487 tuens,
1088 2439 1153 2479 ac
1182 2426 1593 2496 superstitionis
1626 2425 1890 2497 ﬂagitium
1936 2439 2266 2496 coarguens.

689 2514 879 2580 Quoad
911 2518 1057 2568 enim
1097 2523 1363 2586 tyrannus
1412 2531 1596 2570 veram
1633 2517 1805 2586 ipsam
1864 2518 2269 2572 accusationem

689 2608 930 2677 maligno
959 2610 1144 2662 animo
1166 2607 1497 2672 dissimulat,
1517 2608 1868 2664 aliiainterim
1898 2610 2270 2682 sycophantiis

688 2716 788 2755 eeu
818 2699 1146 2770 quibusdam
1207 2699 1615 2756 velitationibus
1671 2701 1927 2756 athletam
1959 2717 2221 2758 exercens
2253 2743 2270 2767 ,

689 2792 852 2847 silere
890 2800 1113 2862 praestat
1167 2791 1575 2862 clementerque
1640 2793 1942 2849 molestiam
1977 2795 2111 2865 pati.
2165 2793 2270 2850 Ve-

691 2900 811 2938 rum
841 2885 932 2939 ubi
962 2885 1135 2939 aulam
1164 2884 1406 2947 sublato,
1440 2886 1583 2940 haud
1623 2885 1736 2956 jam
1787 2897 2116 2958 personatus
2137 2902 2274 2942 con-

2368 1976 2459 2028 τὸν
2499 1973 2810 2044 Ῥωμαϊκὸν
2834 1973 3091 2026 ἐπισείων
3121 1970 3306 2041 φόϐον,
3334 1969 3420 2022 ῖνα
3441 1967 3543 2038 μὴ,
3570 1967 3698 2038 ῥᾷον
3723 1963 3783 2016 δν
3809 1963 3949 2017 ἀνα-

2370 2067 2674 2134 σώσαοθαι,
2703 2067 2804 2137 τῆς
2831 2063 3104 2135 σωτηρίας
3135 2061 3405 2132 προδότης
3440 2058 3574 2130 ἀλῷ,
3605 2059 3698 2110 καὶ
3737 2054 3817 2124 τῷ
3845 2053 3950 2122 τῆς

2369 2157 2651 2220 εὐσεϐείας
2701 2154 3271 2224 ὑποκατακλινόμενος
3317 2149 3498 2220 ἐχθρῷ
3524 2164 3545 2178 ⁵
3572 2146 3732 2202 τοῦτο
3751 2144 3809 2198 δὲ
3840 2160 3949 2213 μα-

2369 2251 2524 2317 κροῖς
2555 2247 2926 2319 ιπιστομίζων
2957 2245 3201 2316 ίλέγχοις
3254 2243 3383 2308 τοὺς
3429 2241 3529 2310 τὴν
3579 2235 3954 2305 συκοφαντίαν

2370 2339 2513 2392 κατά
2540 2338 2644 2408 τῆς
2671 2338 2910 2402 πίστεως
2945 2335 3398 2399 συσκευάζοντας.
3424 2331 3535 2387 Καὶ
3563 2329 3676 2382 τῶν
3707 2325 3957 2380 καλλινί-

2370 2447 2485 2483 κων
2604 2429 2901 2500 μαρτύρων
2928 2429 2957 2481 ὀ
2983 2427 3128 2491 θεῖος
3153 2424 3314 2496 χορδς
3333 2425 3423 2478 διά
3448 2422 3549 2494 τὴν
3570 2418 3742 2490 αὐτὴν
3765 2417 3950 2470 αἰτίαν

2371 2523 2509 2594 πρὸς
2537 2525 2663 2587 τοὺς
2684 2522 2986 2594 τυράννους
3009 2516 3481 2590 ἐπαρρησιάζοντο
3495 2512 3754 2582 ἀπτοήτῳ
3770 2508 3952 2578 γλώσ-

2373 2633 2442 2688 σῃ
2472 2616 2569 2669 καὶ
2587 2614 2928 2684 δυσωπήτοις
2948 2612 3246 2682 ὀφθαλμοῖς
3269 2610 3362 2664 τὸν
3389 2609 3530 2679 ὑπὲρ
3547 2606 3648 2678 τῆς
3664 2602 3950 2664 εὐσεϐείας

2371 2706 2529 2774 λόγον
2559 2706 2918 2777 συνείροντες,
2945 2705 3040 2758 καί
3058 2704 3156 2774 τῆς
3187 2703 3443 2765 ἀσεϐείας
3479 2701 3540 2752 τὸ
3567 2698 3851 2767 δύσφημον
3872 2695 3950 2748 δι-

2373 2800 2708 2869 ελέγχοντες.
2737 2798 2827 2852 Ἐν
2860 2793 2942 2862 οἷς
2969 2798 3071 2867 μὲν
3100 2796 3210 2867 γὰρ
3229 2800 3258 2851 ὁ
3281 2796 3546 2866 τύραννος
3569 2792 3662 2846 τὸν
3685 2789 3783 2844 τοῦ
3805 2805 3954 2860 μαρο

2371 2893 2562 2964 τυρίου
2597 2891 2755 2961 λόγον
2786 2891 2934 2946 ἔνδον
2975 2890 3298 2960 κακούργως
3341 2883 3828 2955 ἀποκρυπτόμενος
3851 2880 3955 2932 ἀλ-

692 2985 771 3029 tra
826 2974 1145 3045 religionem
1212 2973 1529 3044 aggreditur
1575 2974 1840 3042 fabulam,
1891 2986 2004 3030 tum
2039 2976 2268 3045 denique

2371 2985 2493 3049 λαις
2516 2985 2822 3055 ὲπηρείαις,
2839 2983 3025 3053 ὥσπερ
3042 2981 3152 3035 τισὶ
3172 2979 3654 3052 προαγωνίσμασι,
3671 2974 3764 3029 τὸν
3783 2971 3954 3041 ἀθλη-

691 3066 902 3121 strenul
931 3066 1029 3119 viri
1062 3073 1174 3131 est,
1205 3075 1399 3121 etcum
1449 3065 1560 3120 Deo
1588 3076 1801 3138 gratum
1847 3082 1984 3137 opus
2013 3076 2127 3123 tum
2163 3066 2268 3122 Do-

2373 3076 2474 3147 τὴν
2501 3073 2813 3145 δοκιμάζει,
2849 3074 3008 3144 σιγᾷν
3031 3073 3254 3141 ἄμεινον
3285 3069 3380 3124 καὶ
3420 3068 3608 3139 πράως
3638 3066 3823 3137 φέρειν
3850 3062 3961 3133 τὴν

693 3158 880 3212 ιιὼιίοί
901 3156 1025 3212 facti
1039 3157 1317 3223 aemulum,
1337 3158 1518 3213 verbis
1542 3159 1961 3214 adversantibus
1978 3159 2077 3221 uti,
2094 3172 2268 3230 neque

2374 3166 2654 3238 ἐνόχλησιν
2681 3183 2697 3201 ο
2734 3165 2955 3219 ἐπειδὰν
2981 3165 3038 3218 δὲ
3067 3165 3166 3234 τὴν
3196 3162 3401 3233 σκηνὴν
3427 3157 3705 3221 διαλύσας,
3738 3154 3954 3224 ἀπρόσ-

694 3264 787 3320 per
816 3248 1089 3304 silentium
1123 3247 1282 3303 malis
1349 3247 1708 3328 histrionibus
1751 3248 1847 3302 Dei
1890 3247 2095 3302 cultum
2142 3263 2268 3318 pro-

2374 3277 2524 3313 ωπον
2570 3259 2671 3330 τὴν
2696 3257 2839 3313 κατὰ
2869 3257 2969 3328 τῆς
2992 3255 3276 3320 εὐσεϐείας
3300 3254 3608 3324 είσέρχεται
3628 3248 3959 3320 κωμῳδίαν..

692 3343 866 3408 dere;
899 3341 1011 3394 imo
1034 3353 1163 3394 vero
1207 3341 1353 3394 hunc
1400 3340 1470 3394 ab
1500 3339 1646 3393 omni
1697 3339 2074 3394 criminatione
2111 3349 2268 3410 atque

2375 3355 2498 3407 τότε
2521 3353 2610 3422 δὴ,
2640 3352 2760 3406 τότε
2799 3349 3049 3420 γενναῖόν
3079 3366 3138 3402 τε
3168 3349 3263 3401 καὶ
3307 3347 3462 3416 φίλον
3499 3343 3641 3415 Θεῷ,
3699 3341 3794 3395 καὶ
3845 3339 3949 3409 τῆς

694 3434 897 3503 impetu
929 3431 1228 3495 vindicare,
1259 3439 1375 3485 tum
1399 3431 1638 3487 veridica
1665 3431 1874 3487 scilicet
1901 3432 2145 3486 oratione
2159 3442 2268 3487 tum

2376 3445 2716 3513 Δεσποτικῆς
2743 3440 3005 3514 ἐργασίας
3037 3439 3290 3510 μίμησις.
3331 3433 3707 3500 ἀντεπεειίναι
3745 3431 3951 3498 λόγοις,

693 3525 859 3580 etiam
901 3523 1071 3578 animi
1124 3522 1475 3579 strenuilate.
1545 3520 1712 3577 Nocet
1758 3522 1957 3592 aliquis
1996 3523 2268 3591 pecuniae,

2378 3535 2472 3588 καὶ
2502 3535 2576 3604 μὴ
2605 3535 2674 3604 τῇ
2712 3535 2892 3603 σιωπῇ
2928 3530 3238 3601 προδιδόναι
3272 3530 3392 3590 ταῖς
3433 3525 3745 3595 κωμῳδίαις
3769 3522 3832 3575 τδ
3859 3523 3960 3575 λαο

695 3620 865 3691 agris,
899 3618 983 3673 vel
1035 3617 1487 3671 contumeliosam
1533 3630 1753 3685 quoque
1795 3629 2015 3669 manum
2060 3616 2268 3685 corpori

2380 3628 2734 3701 τρευόμενονο
2769 3627 3022 3697 κρεῖττον
3047 3624 3104 3678 δὲ
3134 3621 3395 3694 παρέχειν
3415 3618 3587 3689 λαϐῆς
3616 3616 3834 3686 ἀπάσης
3861 3614 3960 3669 καὶ

695 3714 896 3770 aﬂert?’
937 3713 1206 3783 patienter
1248 3711 1393 3767 ferre
1452 3711 1630 3777 decet,
1664 3711 1970 3766 constantia
2027 3711 2268 3780 mitigare

2384 3721 2680 3790 συσκευῆς,
2704 3719 2863 3774 τοῦτο
2905 3719 3004 3790 μὲν
3026 3717 3252 3786 ἀληθέσι
3278 3715 3478 3783 λόγοις,
3498 3713 3655 3765 τοῦτο
3669 3709 3727 3764 δὶ
3751 3707 3830 3778 τῷ
3853 3707 3958 3778 τῆς

696 3805 993 3860 irarundiae
1040 3803 1337 3868 ﬂammam,
1370 3803 1668 3872 damnique
1703 3811 2016 3872 contemptu
2052 3802 2268 3857 insatia-

2377 3811 2560 3882 ψυχῆς
2591 3811 3002 3880 παραστήματι.
3045 3807 3140 3869 Είς
3165 3802 3430 3876 ἀργύριόν
3459 3819 3543 3865 τις
3589 3796 3961 3857 ιπιϐουλεύει.

696 3901 857 3955 bilem
898 3897 1144 3953 avaritia:
1191 3896 1339 3950 sitim
1393 3895 1662 3950 inhibere.
1710 3893 1817 3950 Ubi
1863 3902 2041 3949 tamen
2090 3894 2268 3965 piacu-

2377 3906 2456 3968 είς
2486 3903 2711 3974 ἀγροὺς.
2744 3901 2778 3972 ἢ
2821 3901 2916 3953 καὶ⁸
2951 3901 3110 3970 χεῖρα
3161 3896 3374 3966 ὕϐρεως
3415 3892 3826 3947 ὲπανατείνεται
3872 3887 3956 3959 τῷ

696 3994 892 4048 larium
933 3999 1096 4060 atque
1139 3989 1434 4060 impiorum
1467 3988 1660 4052 instar,
1693 3987 1907 4042 honesti
1931 3987 2100 4042 moris
2130 4001 2268 4041 asse-

2381 3994 2633 4065 σώματις
2665 3993 3003 4058 ἀνεξικάκως
3030 3990 3296 4061 προσήκει
3337 3986 3546 4058 φέρειν,
3601 3980 3961 4053 μακροθυμίᾳ⁵

696 4085 794 4139 σιω
847 4081 1239 4151 religionisque
1287 4092 1588 4148 pracones,
1645 4077 1714 4132 ab
1762 4077 1956 4132 harum
2011 4077 2268 4131 virtutum

2379 4085 2736 4158 διαπραῢνειν
2759 4085 2822 4138 τὸ
2861 4082 3194 4152 φλεγμαῖνον
3221 4078 3321 4149 τῆς
3357 4075 3547 4147 ὀργῆς,
3581 4075 3675 4127 καὶ
3713 4071 3810 4143 τῆς
3835 4070 3962 4140 φιλ-

697 4175 948 4231 hostibus
1001 4173 1362 4227 traducentur
1426 4171 1698 4241 malisque
1751 4170 2110 4233 irretientur,
2150 4178 2268 4223 tunc

2380 4178 2673 4248 αργυρίας,
2734 4174 3002 4246 ὀλιγωρίᾳ.
3048 4174 3153 4243 τῆς
3204 4170 3429 4241 ζημίας,
3486 4163 3839 4220 ὑποστέλλειν
3895 4163 3968 4215 τὸ

697 4265 840 4320 haud
868 4265 1020 4320 taciti
1067 4263 1328 4334 injuriam
1366 4261 1736 4332 perferemus;
1769 4261 1861 4316 sed
1919 4263 2048 4331 quia
2093 4261 2268 4330 iniqua

2379 4271 2679 4342 ἄπληστον.
2724 4268 2862 4324 Ἀλλ’
2892 4268 2968 4331 ὡς
3022 4269 3255 4336 ἰναγεῖς,
3284 4265 3360 4328 ὥς
3407 4263 3624 4328 ἀσεϐεῖς
3672 4262 3800 4326 τοὺς
3853 4261 3961 4332 τῆς

699 4359 943 4429 patimur
998 4357 1097 4427 pii,
1127 4365 1183 4411 et
1211 4355 1339 4426 quia
1380 4353 1662 4425 Evangelii
1702 4353 1945 4410 sacrario
1986 4353 2067 4408 vis
2110 4353 2268 4409 infer-

2379 4365 2580 4435 ἀρετῆς
2605 4360 2845 4433 ἐργάτας
2874 4361 2970 4415 καὶ
3000 4360 3099 4429 τῆς
3122 4357 3405 4422 εὐσεϐείας
3430 4359 3685 4429 κήρυκας
3701 4357 3731 4408 ὁ
3750 4354 3958 4424 ταύτης

695 4460 804 4517 tur,
833 4455 1014 4504 mente
1041 4448 1330 4519 linguaque
1363 4446 1702 4502 audebimus.
1783 4444 1914 4500 Nam
1951 4461 2075 4501 cum
2132 4447 2268 4517 prio-

2381 4454 2611 4509 ἐλαύνει.
2631 4451 2826 4524 ἐχθρὸς
2851 4453 2946 4505 καὶ
2973 4452 3166 4512 κακοῖς
3208 4447 3598 4519 παραδίδωσιν,
3618 4446 3678 4499 οὐ
3703 4448 3829 4516 σιγῇ
3856 4445 3961 4516 τὴν

698 4556 756 4596 re
791 4555 972 4595 rerum
1034 4537 1351 4594 conditione
1398 4537 1677 4593 silentium
1728 4536 1883 4592 mira:
1937 4537 2157 4592 virtutis
2196 4537 2268 4592 si-

2383 4547 2538 4618 ὖϐριν
2562 4548 2804 4617 οίοομεν,
2833 4544 2952 4598 ἀλλ’
2979 4543 3058 4606 ὡς
3083 4543 3245 4597 ἄδικα
3290 4542 3390 4612 μὲν
3442 4542 3745 4609 πάσχοιμεν
3796 4537 3960 4591 εὐσε-

695 4631 973 4702 gnillcatio
1033 4639 1138 4691 est.
1187 4629 1494 4701 posteriore
1551 4637 1734 4684 tamen
1788 4628 1834 4684 si
1867 4627 2028 4697 .forte
2085 4643 2268 4684 vocem

2383 4640 2606 4703 ϐοὖντες
2638 4639 2813 4703 αὐτοὶ,
2850 4637 3011 4692 ἄδικα
3037 4635 3095 4690 δὲ
3122 4634 3323 4704 πάσχοι
3351 4633 3410 4686 τὸ
3452 4633 3648 4686 σεπτδν
3706 4628 3804 4684 τοῦ
3855 4647 3959 4702 κη-

695 4725 1099 4787 conlineamus,
1133 4722 1429 4792 impietatis
1468 4720 1752 4778 audaciam
1782 4729 1980 4777 contra
2002 4721 2268 4792 evangeli-

2389 4733 2487 4802 ρύγ
2498 4748 2690 4802 ματος,
2719 4730 2813 4784 καὶ
2850 4727 3048 4801 γνώμῃ
3079 4728 3174 4781 καὶ
3195 4723 3415 4794 γλώσσῃ
3439 4721 3958 4796 παρῤησιασόμεθα.

698 4829 824 4870 cum
854 4813 1080 4869 “illum
1111 4827 1474 4868 εκπυθηιυεο-
2387 4825 2540 4879 Ἐκεῖ
2579 4823 2681 4894 μὶν
2710 4822 2820 4895 γάρ
2849 4822 2882 4893 ή
2920 4820 3049 4889 σιγὴ
3071 4818 3381 4891 θαυμασίας
3416 4816 3564 4872 ἐστὶν
3596 4816 3796 4887 ἀρετῆς
3818 4816 3961 4869 ὐπο-

2383 4917 2629 4980 τύπωσις
2653 4931 2668 4947 ο
2702 4913 2943 4970 ινταῦθα
2968 4915 3025 4968 δδ
3049 4913 3107 4966 τὺ
3137 4913 3299 4983 σιγᾷν
3325 4908 3836 4981 καταθρασύνεσθαι
3863 4907 3967 4962 τοῦ

2381 5009 2540 5076 λόγου
2576 5005 2776 5078 μᾶλλον
2810 5003 3128 5080 παρακαλεῖ
3159 5003 3260 5074 τὴν
3293 5001 3568 5058 ἀσέϐειαν.

777 5196 822 5231 η
851 5179 970 5232 Act.
1004 5189 1127 5244 xm,
1172 5176 1227 5233 8.
1287 5181 1338 5213 ”‘
1361 5181 1482 5237 Act.
1522 5183 1772 5244 “H.255.

2254 5321 2496 5380 κους..

776 5465 888 5536 (l8)
921 5462 1115 5518 Cicero
1140 5464 1205 5536 in
1238 5462 1333 5516 ον.
1369 5470 1484 5536 post
1514 5459 1624 5513 red.
1653 5461 1704 5512 in
1741 5475 1856 5513 sen.
1898 5475 1951 5536 ν,
1980 5458 2293 5536 etlfactan-

704 5531 834 5597 tius,
864 5537 1000 5588 Inst.
1039 5549 1093 5591 ν.
1131 5534 1185 5598 9,
1218 5542 1382 5601 caput
1435 5531 1624 5584 dicunt
1656 5531 2135 5601 partembominis
2164 5547 2291 5586 san-

703 5607 1024 5675 ctissimam.
1059 5599 1492 5675 Pliotiusauleni
1522 5613 1762 5675 anagoge
1790 5599 2002 5675 nit_itur.
2119 5670 2164 5675 _
2211 5669 2224 5675 _
2391 5599 2678 5675 Excerptis
2720 5619 2905 5675 _aﬁ_me
2932 5602 3093 5675 editis
3119 5603 3563 5675 Porphyrogeniti
3615 5605 3678 5673 (t.
3727 5602 3768 5675 ll
3825 5603 3971 5659 Coll.

775 5675 886 5743 (19)
932 5673 1145 5756 Elymus
1176 5668 2069 5756 vocabulumnsig-I‘IiﬁcatMPersam
2110 5669 2286 5756 (quy-
2391 5671 2508 5726 Vat.
2575 5668 2656 5740 'p.
2718 5673 2845 5756 359)
2909 5674 3002 5756 ubi
3066 5668 3636 5756 exstat;_e.pi§ranrma
3675 5674 3779 5756 “de
3855 5675 3977 5756 _ali.o~

706 5737 899 5820 chron.
942 5737 1017 5820 ad
1044 5743 1181 5797 Dan.
1207 5757 1454 5820 cap._\'ii,
1495 5737 1741 5812 2).'Magi
1778 5750 1958 5820 autem
1991 5737 2162 5820 genus
2193 5737 2290 5792 ho-
2387 5756 2548 5809 mago
2575 5737 2876 5798 recentiore
2909 5742 3073 5799 Persa
3103 5737 3440 5812 pratdicti'oni
3469 5742 3793 5815 evangelica
3817 5744 3960 5799 obsi»

708 5816 917 5871 minqu
947 5816 1260 5870 Persarum.
1297 5812 1494 5866 l’botio
1543 5824 1740 5865 nomen
1776 5812 2058 5879 proprium
2103 5812 2286 5865 visum
2390 5821 2596 5866 stente.

2390 5470 2472 5516 cst
2497 5449 2735 5531 Elymus.
2772 5462 2851 5518 Ad
2889 5463 3036 5519 hunc
3056 5465 3290 5533 Actunm
3335 5461 3760 5533 apostolienrnm
3785 5461 3970 5520 locum

2390 5533 2696 5601 respexisse
2775 5533 3013 5589 arbitror
3096 5531 3452 5588 Menandrum
3519 5533 3842 5589 historicum
3910 5535 3962 5588 in
