4198 6440
228 426 297 487 73
1280 421 1382 483 AD
1411 422 2000 484 AMPIIILOCHIUM
2039 423 2381 495 QUIESTIO
2421 424 2466 484 ῐ.
3409 427 3481 489 ’14

301 537 388 591 ιθ⁰.
430 535 727 604 Ὑπάγοιτο
746 535 790 589 δ’
817 535 885 589 ἂν
913 534 990 606 τῷ
1016 535 1167 607 αύτῷ
1184 530 1285 608 τῆς
1304 537 1633 609 διακρίσεως
1651 537 1805 610 τύπῳ

1978 540 2065 595 19.
2104 539 2275 595 Porro
2304 542 2371 595 ad
2401 539 2713 611 exemplum
2765 539 3104 596 discriminis
3131 542 3331 597 sistere
3357 542 3481 599 licet

231 631 323 683 καὶ
350 632 377 683 6
416 629 663 691 Ἀνανίας
694 630 787 683 καὶ
817 630 851 696 ἡ
881 627 1169 699 Σάπφειρα
1202 628 1280 698 τῷ
1309 630 1592 701 κορυφαίῳ
1612 630 1801 695 ποινὰς

229 721 705 790 εἰσπραττόμενοι,
733 721 829 772 καὶ
862 722 895 789 ἡ
929 719 1034 782 ἕως
1061 720 1525 791 ἑϐδομηκοντάκις
1547 722 1686 776 έπτά
1717 724 1805 776 ιν-

228 810 356 879 τολὴ
384 810 658 880 μετροῦσα
691 812 805 873 τοῖς
862 810 1243 881 ἁμαρτάνουσι
1284 813 1386 881 τὴν
1437 811 1802 883 συγχώρησιν.

230 902 340 953 Καὶ
372 902 480 971 γάρ
509 902 599 954 διὰ
632 904 729 971 μὲν
759 902 860 971 τῆς
886 904 1105 970 έντολῆς
1134 902 1295 967 αὐτός
1338 919 1399 957 τε
1442 904 1651 976 Πέτρος
1710 904 1807 958 καὶ

229 994 391 1058 ἡμεῖς
420 992 487 1044 τά
517 994 597 1053 είς
625 992 852 1053 ἑαυτοὺς
878 994 1256 1063 ἁμαρτήματα
1283 994 1546 1059 πολλάκις
1586 997 1805 1065 ἀφιέναι

226 1079 595 1149 διδασκόμεθα
620 1096 635 1111 ·
662 1081 765 1150 την
792 1080 837 1134 δ’
866 1082 946 1142 είς
990 1081 1054 1135 τὸ
1098 1084 1255 1136 Θεῖον
1300 1082 1459 1153 ὓϐριν
1490 1083 1615 1138 οὔτε
1663 1101 1807 1155 παρ-

226 1170 360 1238 ορᾷν
389 1166 608 1237 ἐντολὴν
638 1167 855 1239 ἔχομεν,
889 1167 1015 1222 οὔτε
1052 1170 1307 1240 παρεῖδεν
1337 1172 1567 1235 έκεῖνος,
1623 1172 1683 1235 ὃς
1740 1188 1804 1239 γε

228 1259 358 1320 τοὺς
383 1256 727 1327 ἠσεϐηκότας
755 1260 851 1312 καὶ
897 1258 1330 1329 νοσφισαμένους
1376 1260 1476 1331 μιν
1508 1260 1577 1314 τὰ
1604 1261 1809 1329 ἀναθή-

228 1364 401 1417 ματα,
432 1349 810 1418 ψευσαμένους
873 1349 929 1403 δὲ
984 1349 1046 1402 τὸ
1103 1349 1325 1421 Πνεῦμα
1378 1352 1438 1405 τὸ
1477 1351 1654 1420 ἅγιον,
1709 1352 1808 1422 τὴν

230 1438 468 1506 ἐσχάτην
505 1439 661 1508 δίκην
685 1438 956 1509 ἀπῄτησε.
990 1439 1096 1493 Ναὶ
1116 1439 1182 1510 δὴ
1213 1440 1308 1495 καὶ
1329 1442 1357 1495 6
1383 1440 1474 1495 τοῦ
1502 1443 1807 1512 κορυφαίου

232 1530 333 1597 μὲν
360 1529 669 1599 συνόμιλος,
700 1530 801 1583 ούκ
832 1530 1081 1585 έλάττοσι
1119 1531 1176 1585 δὲ
1219 1531 1529 1603 πρεσϐείοις
1574 1534 1683 1587 τῶν
1718 1534 1812 1589 ἀλ-

232 1620 340 1671 λων
378 1618 636 1690 μαθητῶν
661 1619 843 1689 φέρων
868 1620 929 1672 τὸ
954 1620 1271 1689 προνόμιον,
1296 1620 1508 1674 Παῦλον
1531 1621 1676 1691 λέγω
1703 1623 1809 1678 πά-

230 1710 315 1760 λιν
343 1708 437 1761 τὸν
465 1708 564 1777 τῆς
589 1710 916 1777 οἰκουμένης
943 1708 1263 1763 διδάσκαλον
1288 1727 1303 1743 ·
1330 1711 1467 1763 ἀλλά
1507 1712 1616 1781 γὰρ
1653 1710 1812 1776 οὗτος

229 1801 258 1849 6
287 1798 430 1859 θεῖος
451 1798 592 1867 ἀνὴρ
619 1800 678 1850 ἑν
706 1798 781 1867 τῷ
808 1798 989 1867 λέγειν
1006 1814 1024 1829 ο
1066 1816 1085 1849 ι
1122 1798 1407 1866 Εύλογεῖτε
1433 1802 1559 1863 τοὺς
1588 1800 1804 1856 διώκον-

1902 632 2165 687 Ananiam
2190 642 2354 702 atque
2382 632 2727 703 Sapphiram,
2750 636 2843 703 qui
2888 634 3265 703 apostolorum
3326 634 3482 705 prin-

1902 725 2012 793 cipi
2067 724 2263 795 pmnas'
2310 724 2687 794 dependerunt
2727 723 2808 790 ",
2852 724 3094 795 itemque
3158 726 3479 781 mandatum

1905 816 2035 871 illud
2065 830 2176 887 quo
2207 816 2565 886 peccantibus
2620 816 3015 885 indulgentiam
3046 820 3357 887 scptuagies
3380 838 3477 878 se-

1904 910 2043 980 pties
2072 909 2336 979 impertiri
2372 908 2629 979 iubemur
2660 909 2727 964 ⁸⁸.
2757 909 2900 964 Sane
2934 910 3037 979 hoc
3070 922 3345 983 pracepto
3363 925 3477 970 tum

1906 1003 2022 1072 ipse
2077 999 2274 1055 Petrus
2333 1007 2450 1053 tum
2501 1015 2605 1057 nos
2654 998 2724 1055 de
2768 1000 3150 1057 condonandis
3202 1004 3481 1061 multnties

1904 1094 2169 1148 adversus
2198 1106 2298 1147 nos
2326 1093 2565 1162 peccatis
2581 1092 2944 1147 admonemur
2977 1110 2991 1146 :
3025 1098 3320 1163 caeteroqui
3350 1112 3484 1151 con-

1906 1182 2185 1238 tumeliam
2234 1182 2498 1237 adversus
2540 1180 2706 1236 Deum
2756 1196 2935 1251 neque
2980 1198 3081 1238 nos
3135 1184 3485 1242 dissimulare

1902 1273 2179 1341 iubemur,
2214 1284 2393 1341 neque
2446 1270 2562 1339 ipse
2602 1268 2837 1339 neglexit
2897 1267 3061 1332 Deus,
3089 1284 3119 1323 a
3145 1285 3256 1340 quo
3284 1272 3359 1325 rei
3388 1272 3486 1341 qui

1906 1362 2150 1432 seposito
2170 1375 2330 1417 sacro
2358 1361 2554 1431 pretio,
2604 1359 2831 1431 Spiritui
2874 1370 3068 1416 sancto
3118 1362 3329 1416 mentiti
3368 1362 3485 1417 fne-

1907 1462 2051 1519 rant,
2105 1468 2323 1511 summo
2367 1453 2634 1524 supplicio
2684 1452 2863 1508 οσσοιί
2928 1452 3173 1508 luerunt.
3230 1454 3485 1511 Profecto

1907 1546 2072 1602 etiam
2102 1545 2370 1616 principis
2427 1545 2634 1609 socius,
2668 1553 2835 1613 atque
2858 1544 3001 1599 haud
3036 1545 3346 1601 minoribus
3374 1562 3487 1603 me-

1911 1638 2031 1693 ritis
2075 1638 2216 1693 inter
2277 1636 2418 1691 alios
2470 1635 2769 1706 discipulos
2828 1637 3190 1706 pmrogativa
3267 1637 3484 1708 fulgens

1908 1731 2157 1803 (Paulum
2191 1744 2384 1785 rursus
2418 1728 2543 1783 dico
2589 1727 2777 1782 mundi
2834 1728 3224 1796 magistrum);
3261 1728 3368 1792 hic,
3411 1731 3491 1783 in-

1911 1838 2099 1893 quam,
2130 1821 2348 1877 divinus
2380 1821 2461 1875 vir
2484 1820 2577 1891 qui
2603 1820 2816 1874 dixerat
2847 1837 2862 1873 :
2904 1839 2922 1870 ι
2964 1818 3275 1874 Benedicite
3293 1835 3491 1889 perse-

228 1907 330 1952 τας
359 1890 524 1957 ὑμᾶς·
558 1888 854 1956 εὐλογεῖτε,
895 1892 991 1944 καὶ
1039 1890 1115 1961 μὴ
1147 1893 1482 1962 καταρᾶσθε,
1523 1912 1541 1944 ι
1583 1894 1677 1947 καὶ
1703 1896 1808 1948 πά-

1910 1882 2201 1984 quentibus
2224 1925 2343 1974 vos.
2359 1882 2663 1967 beneilicite
2680 1920 2735 1966 et
2752 1925 2821 1966 ne
2844 1910 3183 1966 maledicatis
3202 1910 3246 1942 "
3268 1882 3317 1978 ςι
3342 1912 3486 1976 idem

230 1980 333 2031 λιν
369 1997 389 2030 ι
425 1980 769 2049 Ἀλέξανδρος
800 1982 830 2033 6
861 1980 1095 2049 χαλκεὺς
1112 1981 1282 2035 πολλά
1310 1983 1460 2036 κακά
1490 2000 1580 2053 μοι
1615 1986 1817 2039 ένεδεί·

233 2069 384 2133 ξατο,
431 2088 450 2121 ι
522 2070 823 2139 ἀπολυθείη
861 2071 928 2124 ἀν
971 2071 1070 2141 τῆς
1113 2071 1376 2142 δοκούσης
1427 2074 1816 2139 ἐναντιώσεως.

232 2164 305 2215 Ἰὸ
342 2162 443 2233 μὲν
474 2161 582 2232 γὰρ
619 2162 775 2231 δίκην
795 2162 976 2217 δοῦναι
1006 2164 1097 2217 τὸν
1126 2165 1427 2235 ἠδικηκότα
1472 2166 1811 2238 ἐπαρᾶσθαι,

233 2257 261 2307 6
298 2254 762 2322 προπηλακισμός
788 2256 932 2307 ποιεῖ
962 2255 1056 2307 καὶ
1085 2256 1114 2306 6
1138 2254 1372 2325 πόλεμος
1400 2254 1494 2309 τοῦ
1526 2258 1819 2328 κηρύγμα-

232 2361 345 2407 τος.
380 2340 455 2398 ὧν
478 2345 721 2408 ἐπαίτιος
770 2345 866 2398 καὶ
911 2343 1293 2416 Ἀλέξανδρος·
1330 2347 1392 2400 τὸ
1438 2347 1496 2400 δὲ
1545 2347 1822 2417 εὐλογίαις

234 2435 563 2503 ἀμείϐεσθαι
588 2437 710 2499 τοὺς
756 2435 1037 2506 ὑϐριστὰς,
1068 2436 1155 2506 έφ⁹
1188 2431 1271 2500 οἷς
1314 2439 1395 2501 είς
1434 2440 1584 2510 ἡμᾶς
1616 2441 1820 2501 αὐτοὺς

234 2527 325 2578 τὸν
356 2527 598 2597 διωγμὸν
626 2528 990 2597 παλαμῶνται
1009 2566 1024 2591 ,
1056 2528 1424 2583 διατέτακται.

304 2729 381 2775 κ’.
418 2723 532 2775 υύκ
555 2721 734 2789 ἀγνοῶ
752 2720 811 2775 δὲ
848 2722 923 2786 ὡς
966 2724 1067 2775 οὐκ
1109 2725 1250 2793 ἀρᾶς
1284 2724 1502 2795 ἐπέχειν
1529 2725 1684 2792 λόγον
1741 2726 1820 2796 τῷ

235 2811 513 2880 θεσπεσίῳ
553 2811 748 2881 Παύλῳ
771 2813 869 2875 τὰς
902 2812 1031 2881 περὶ
1058 2812 1151 2865 τοῦ
1182 2813 1429 2882 χαλκέως
1478 2815 1658 2882 φωνάς
1687 2814 1820 2868 ἔνιοί

239 2911 429 2960 φασιν,
463 2895 598 2948 ἀλλὰ
624 2898 934 2967 πρόρρησιν
967 2899 1171 2966 μᾶλλον
1195 2895 1334 2952 εἶναι
1372 2901 1479 2953 τῶν
1516 2901 1819 2970 μελλόντων

238 2987 405 3038 αὑτὸν
426 2985 513 3039 sn‘
540 2987 754 3056 ἐσχάτῳ
776 2988 963 3041 δεινῶν
980 2990 1423 3058 καταλαμϐάνειν
1456 2990 1821 3045 δυσσεϐοῦντά

238 3092 298 3128 τε
327 3077 424 3129 καὶ
451 3076 539 3131 τὸν
565 3079 708 3131 κατά
734 3079 832 3148 τῆς
861 3079 1145 3140 εὐσεϐείας
1173 3081 1402 3134 πνέοντα
1438 3081 1701 3149 πόλεμον·
1728 3083 1821 3136 καὶ

1914 2020 2038 2061 cum
2068 2012 2255 2074 postea
2285 2004 2367 2059 sic
2397 2021 2412 2059 :
2452 2019 2474 2055 ε
2508 2002 2814 2058 Alexander
2863 2002 3093 2057 aerarius
3124 2002 3292 2057 multa
3356 2003 3488 2057 mihi

1918 2097 2056 2151 mala
2081 2096 2299 2151 intulit:
2318 2094 2583 2149 retribuat
2608 2095 2687 2148 illi
2708 2093 2972 2148 Dominus
2989 2094 3292 2149 secundum
3324 2109 3490 2164 Opera

1914 2190 2037 2259 ejus
2056 2188 2135 2255 “;
2174 2206 2194 2241 ι
2228 2188 2418 2243 eodem
2466 2185 2667 2257 effugio
2690 2185 3034 2256 .expedietur
3071 2186 3141 2239 al)
3194 2194 3492 2254 npparoute

1915 2282 2362 2340 centradictione.
2429 2279 2673 2350 Namque
2716 2288 2776 2334 ut
2835 2280 3163 2349 imprecetur
3197 2280 3489 2335 vindictam

1916 2392 2043 2438 reo,
2104 2381 2453 2443 contemptus
2507 2379 2671 2441 atque
2722 2371 3055 2441 oppugnatio
3097 2370 3370 2442 Evangelii
3434 2372 3490 2427 in

1916 2481 2082 2523 causa
2112 2474 2216 2527 est,
2246 2480 2481 2535 quorum
2531 2478 2658 2518 reus
2709 2463 3013 2518 Alexander
3041 2482 3053 2516 :
3085 2478 3273 2517 verum
3326 2460 3494 2516 bene—

1916 2556 2245 2613 dictionibus
2272 2553 2609 2610 remunerari
2634 2552 2954 2618 oil’ensores,
2978 2561 3247 2621 quatenus
3277 2558 3493 2605 uosmet

1918 2648 2297 2719 persecutione
2322 2654 2657 2715 oppugnant,
2687 2645 2741 2700 id
2773 2644 2993 2699 demum
3026 2652 3356 2712 przcceptum
3381 2651 3487 2697 est.

1986 2742 2078 2798 20.
2114 2741 2233 2795 Non
2286 2743 2476 2811 ignoro
2506 2740 2760 2809 equidem
2819 2754 3017 2806 negare
3075 2738 3394 2799 llOllllllutls,
3425 2754 3489 2792 ea

1917 2850 2038 2903 qum
2072 2834 2230 2888 divus
2251 2832 2451 2886 Paulus
2484 2830 2551 2885 de
2580 2832 2774 2885 aerario
2795 2829 2949 2893 dicit,
2980 2828 3225 2882 dirarum
3259 2829 3366 2882 vim
3392 2828 3494 2881 ha-

1919 2925 2079 2989 bere;
2114 2923 2206 2978 sed
2233 2920 2554 2975 vaticinium
2583 2919 2758 2988 magis
2799 2934 2924 2974 esse
2954 2932 3381 2988 poenarumque:
3412 2918 3493 2985 ip—

1919 3028 2040 3068 sum
2078 3010 2311 3079 denique
2338 3017 2670 3078 correptum
2696 3015 2873 3071 erant,
2903 3006 3129 3075 impium
3164 3005 3415 3059 videlicet
3439 3013 3493 3057 vt

1921 3103 2011 3173 qui
2051 3100 2297 3171 religioni
2329 3097 2529 3153 bellum
2561 3095 2833 3152 condahat
2870 3113 2884 3149 :
2922 3104 3088 3163 atque
3130 3096 3230 3150 has
3282 3108 3491 3163 praeco-

239 3164 417 3218 ταῦτα
443 3171 949 3237 προανακηρύττειν
999 3170 1094 3222 καὶ
1146 3170 1488 3240 ὑπογράφειν
1518 3171 1606 3224 διά
1637 3174 1816 3241 ρημά-

1922 3164 2044 3247 uem
2074 3164 2301 3245 Paulum
2329 3189 2615 3259 designare
2638 3187 2821 3242 verbis
2845 3187 2952 3241 illis
2987 3197 3149 3255 atque
3165 3186 3489 3255 praedicere;

241 3274 352 3310 των
388 3258 481 3309 τὸν
512 3259 729 3329 κήρυκα
757 3274 771 3290 ·
806 3259 924 3329 ἃμα
952 3261 1049 3330 μὲν
1079 3261 1179 3329 τῆς
1206 3260 1471 3331 τοσαύτης
1495 3262 1697 3331 λύσσης
1726 3264 1817 3315 τὸν

240 3346 562 3414 ἀποστάτην
586 3348 892 3414 ἀπάγοντα,
926 3348 1043 3416 ἅμα
1088 3348 1145 3400 δὲ
1178 3350 1411 3412 καὶτοῖς
1467 3348 1819 3403 συναθλοῦσιν

242 3438 539 3504 εἰσάγοντα
570 3439 938 3509 παραμύθιον,
974 3440 1035 3492 τὸ
1070 3439 1253 3494 δοῦναι
1282 3440 1437 3508 δίκην
1477 3440 1692 3503 παντως
1728 3440 1820 3492 τὸν

242 3533 615 3599 ὲπηρεαστὴν,
648 3531 782 3601 μηδὲ
826 3530 1010 3583 λαθεῖν
1041 3531 1126 3600 ἐφ’
1155 3524 1237 3594 οἷς
1261 3531 1453 3601 ἔδρασε
1473 3532 1531 3585 τὸ
1564 3534 1663 3600 τῆς
1691 3532 1821 3601 Προ-

243 3622 399 3683 ιοίας
430 3621 697 3691 ἀλᾶθητον
728 3637 741 3651 ·
775 3621 840 3675 δι’
873 3616 951 3676 ὢν
976 3623 1069 3675 καὶ
1107 3621 1217 3674 τῶν
1256 3621 1464 3674 πολλῶν
1498 3622 1626 3685 τοὺς
1655 3622 1816 3676 ὀκλάο

242 3713 439 3776 ζοντας
475 3712 865 3781 ἀνακτώμενον
891 3728 948 3765 τε
996 3712 1089 3763 καὶ
1135 3710 1273 3780 πρὸς
1306 3713 1369 3763 τὸ
1425 3710 1651 3782 θαρρεῖν
1706 3712 1822 3765 έστι

247 3803 482 3872 συνορᾷν
530 3802 891 3870 ἐπανάγοντα.
929 3800 1070 3869 ἐγὼ
1092 3800 1149 3853 δὲ
1185 3800 1361 3868 sum
1396 3798 1646 3870 μηδαμοῦ
1679 3800 1820 3854 κατά

242 3893 356 3946 τῶν
430 3891 887 3945 ἐπιϐουλευόντων
946 3890 1037 3960 τῷ-
1085 3890 1316 3959 δόγματι
1386 3879 1660 3961 μηδεμίαν
1741 3885 1822 3942 εί-

244 3984 336 4037 δον
385 3985 496 4043 τοῖς
552 3983 727 4049 ἁγίοις
769 3981 1205 4052 ἢάγανάκτησιν
1242 3981 1274 4052 ἢ
1328 3982 1668 4051 ἐπιτίμησιν,
1715 3981 1822 4035 οὐδ’

246 4069 415 4133 αὐτὸς
433 4070 500 4124 ἀν
519 4070 875 4140 ἀποστροφὴν
899 4070 1065 4139 ἄλλην
1093 4068 1277 4122 έποιού
1285 4086 1393 4139 μην
1414 4069 1514 4139 τῆς
1535 4070 1825 4141 νομιζομέ-

244 4180 348 4230 νης
386 4163 504 4215 νυνὶ
539 4161 742 4232 μάχης,
774 4160 810 4231 ἢ
835 4161 935 4231 τὴν
964 4160 1314 4230 πρόρρησιν·
1353 4159 1468 4215 ω’
1498 4160 1526 4213 ὃ
1551 4176 1615 4228 γε
1650 4160 1825 4231 μάγος

258 4253 499 4324 Ἐλύμας
530 4253 749 4323 πλήρης
798 4253 896 4322 μὲν
942 4250 1142 4315 παντὸς
1181 4250 1356 4316 δόλου,
1388 4250 1603 4321 πλήρης
1639 4252 1695 4306 δὲ
1727 4254 1826 4323 ῥᾳ-

243 4347 553 4414 διουργίας,
585 4344 695 4407 υίὸς
718 4344 776 4397 δὲ
818 4341 1241 4411 καταϐοώμενος
1284 4342 1532 4396 διαϐόλου
1551 4384 1566 4407 ,
1598 4342 1691 4396 καὶ
1720 4342 1828 4397 πά-

249 4456 351 4510 σης
383 4437 729 4507 δικαιοσύνης
753 4435 980 4507 έχθρός·
1012 4436 1110 4491 καὶ
1154 4436 1219 4504 δὴ
1254 4435 1349 4490 καὶ
1390 4436 1562 4497 αύτάς
1615 4435 1828 4506 πικρῶς

1920 3285 2049 3338 dum
2069 3296 2178 3337 una
2207 3280 2391 3336 studet
2420 3294 2450 3333 a
2484 3287 2633 3333 tanto
2662 3278 2850 3333 furore
2872 3285 3175 3344 apostatam
3210 3288 3489 3335 revocare.

1919 3386 1969 3431 et
2002 3375 2118 3431 suis
2148 3372 2349 3442 pariter
2390 3371 2556 3427 sociis
2609 3369 2859 3425 laborum
2896 3367 3139 3424 solamen
3172 3366 3489 3429 insinuare;

1921 3476 2205 3538 propterea
2236 3464 2382 3534 quod
2409 3462 2689 3517 maleﬁcus
2717 3460 2940 3515 omnino
2992 3458 3299 3528 puniendus
3328 3457 3489 3518 foret,

1923 3572 2098 3626 neque
2117 3556 2509 3612 omnituentem
2545 3550 2909 3607 Providentiae
2931 3549 3152 3605 ocuhun
3194 3547 3334 3602 facta
3369 3547 3491 3614 ejus

1925 3649 2170 3703 laterent.
2197 3646 2374 3715 Atque
2406 3644 2494 3699 his
2543 3642 2915 3697 locutionibus
2951 3640 3247 3695 multorum
3283 3636 3491 3691 demis-

1922 3754 2014 3794 sos
2042 3738 2255 3793 animos
2282 3735 2417 3807 erigi
2440 3751 2467 3788 a
2497 3734 2667 3790 Paulo
2687 3742 2741 3789 et
2770 3734 2834 3789 ad
2859 3731 3111 3787 ﬁduciam
3141 3728 3383 3784 revocari
3413 3728 3495 3781 vi-

1924 3831 2139 3886 demus.
2183 3827 2448 3898 Equidem
2480 3828 2525 3883 si
2556 3840 2828 3896 nusquam
2863 3837 3147 3879 cernerem
3180 3829 3492 3877 sanctorum

1924 3920 2204 3974 hominum
2244 3926 2437 3973 contra
2484 3915 2755 3986 dogmatis
2804 3914 2991 3969 hostes
3039 3910 3377 3967 iracundiam
3413 3909 3496 3964 vel

1926 4010 2303 4073 invectioneiu,
2355 4007 2499 4063 haud
2541 4006 2686 4062 aliud
2716 4005 2973 4075 eﬂugium
3028 4003 3295 4059 simulata:
3331 4001 3495 4070 hujus

1926 4099 2294 4171 repugnantia
2318 4112 2618 4168 quarerem
2641 4112 2805 4169 quam
2837 4095 3183 4151 vaticinium.
3213 4093 3318 4148 Sed
3346 4094 3493 4147 enim

1925 4206 2051 4247 cum
2082 4205 2273 4258 magus
2300 4188 2518 4259 Elymas
2548 4188 2740 4259 plenus
2773 4186 2923 4264 omni
2949 4186 3098 4250 dolo,
3127 4184 3327 4264 plenus
3388 4182 3489 4236 fal-

1926 4281 2063 4338 lacia
2090 4290 2143 4334 ct
2170 4280 2371 4336 diaboli
2425 4279 2570 4335 illius
2600 4262 2838 4341 dicatur,
2872 4288 3034 4346 atque
3064 4276 3245 4332 omnis
3270 4262 3496 4345 iustitia:

1930 4374 2099 4429 hostis
2126 4374 2170 4404 ¹⁹
2200 4387 2215 4435 ;
2245 4358 2478 4441 cumque
2526 4370 2667 4425 idem
2724 4367 2899 4423 oculis
2950 4366 3144 4422 acerbe
3199 4364 3492 4428 multetur;

1928 4461 2091 4516 verba
2116 4460 2335 4528 insuper
2354 4458 2534 4527 paries
2562 4455 2843 4510 dealbatus
2861 4455 2906 4486 ”
2930 4454 3067 4523 (sive
3082 4454 3127 4506 is
3145 4451 3496 4522 pOutiﬂcatus

248 4530 613 4599 ἀφῃρημένος
650 4529 749 4590 τάς
801 4527 952 4595 ὄψεις
981 4528 1073 4580 καὶ
1118 4530 1146 4580 6
1192 4527 1580 4597 κεκονιαμένος
1624 4529 1816 4596 τοῖχος,

1928 4550 2160 4621 insignia
2192 4527 2375 4604 coram
2417 4562 2556 4602 caeso
2588 4547 2831 4615 apostolo
2871 4546 3110 4611 gerebat,
3144 4544 3258 4598 sive
3289 4548 3495 4607 secus.)

248 4623 365 4673 εἴτε
411 4618 473 4671 τὸ
525 4618 624 4686 τῆς
672 4616 1083 4687 ἀρχιερωσύνης
1145 4614 1311 4686 ἔφερε
1358 4615 1679 4685 τυπτομένῳ
1743 4614 1823 4685 τῷ

246 4710 460 4781 ἀθλητῇ
493 4710 799 4780 γνώρισμα,
833 4709 943 4763 εἴτε
976 4709 1069 4762 καὶ
1102 4707 1176 4777 μή
1200 4724 1215 4738 ο
1250 4709 1344 4762 καὶ
1389 4708 1491 4763 ὅσα
1549 4708 1647 4776 μὲν
1688 4707 1825 4763 ἀλλα

251 4802 364 4873 πρὸ
391 4802 621 4872 βραχέος
647 4801 883 4871 εἴρηται,
901 4801 1000 4855 ὅσα
1024 4800 1081 4853 δὲ
1103 4799 1198 4854 καὶ
1226 4800 1334 4853 τῶν
1360 4798 1634 4870 ῥηθέντων
1662 4799 1825 4853 πλέον

252 4889 537 4960 πανταχοῦ
584 4891 678 4959 τῆς
729 4892 880 4958 ἱερᾶς
930 4890 1163 4959 φέρεται
1222 4890 1467 4959 Γραφῆς.
1508 4888 1669 4943 Ἀλλά
1714 4889 1823 4961 γὰρ

252 4981 434 5036 ταῦτα
455 4983 521 5051 δὴ
538 4983 711 5035 ταῦτα
739 4982 1008 5052 λαμπρῶς
1038 4982 1099 5035 ού
1124 4983 1312 5052 κοινὴν
1334 4982 1443 5035 οὐδ’
1473 4982 1692 5050 ἀσφαλῆ
1722 4983 1821 5052 τὴν

254 5072 349 5128 διὰ
376 5072 474 5140 τῆς
507 5075 866 5143 προρρήσεως
894 5074 1213 5144 καταφυγήν
1248 5089 1339 5142 μοι
1364 5072 1692 5127 δεικνύουσι.

331 5170 438 5218 κα⁹.
473 5163 617 5233 Πλὴν
639 5165 771 5235 ἡμῖν
792 5165 888 5233 οὐχ
908 5165 1204 5236 ἑρμηνείας
1229 5164 1326 5218 νῦν
1350 5164 1627 5235 ἀκρίϐεια,
1652 5181 1828 5234 παρα-

253 5258 531 5329 δείγματα
556 5257 615 5311 δδ
650 5256 810 5326 μόνον
839 5256 1193 5326 ζητημάτων,
1219 5249 1293 5310 ὧν
1327 5258 1359 5327 ἡ
1386 5257 1539 5320 λύσις
1557 5257 1825 5326 γυμνάζε-

254 5364 373 5411 ται,
415 5347 864 5419 πραγματεύεται
888 5363 902 5376 ’
934 5349 1057 5401 ἐπεὶ
1083 5350 1175 5401 καὶ
1209 5348 1375 5418 ἄλλην
1414 5349 1537 5402 τινὰ
1575 5345 1692 5402 οἶδα
1729 5365 1825 5401 του

258 5440 623 5511 προκειμένου
659 5439 824 5511 ῥητοῦ
850 5440 1199 5511 διασάφησιν,
1237 5440 1357 5510 ἥτις
1400 5442 1493 5493 καὶ
1536 5440 1634 5511 τὴν
1686 5440 1827 5509 ἀράν

262 5532 361 5586 καὶ
388 5533 487 5602 τὴν
524 5534 827 5605 πρόρρησιν
852 5533 1240 5598 ἀποκλίνουσα,
1277 5532 1430 5587 οὐδὲν
1456 5530 1690 5603 χαλεπὸν
1714 5531 1823 5585 οὐδ’

372 5727 417 5757 ³³
444 5728 560 5781 Act.
599 5743 652 5793 γ,
688 5728 736 5784 ι.
808 5727 855 5762 ’⁸
882 5727 1071 5783 Matth.
1105 5743 1260 5793 xvm,
1291 5726 1381 5784 '22.

273 5809 434 5861 nul.
455 5796 508 5851 ὅ.

1495 5728 1537 5757 ’⁷
1561 5725 1718 5781 Rom.
1756 5740 1853 5792 xu,
1887 5723 1967 5779 Η.

1925 4652 1980 4697 et
2014 4648 2280 4710 quotquot
2312 4639 2475 4708 paulo
2491 4647 2622 4691 ante
2672 4637 2814 4690 dicta
2840 4645 2988 4698 sunt,
3015 4644 3067 4687 et
3102 4648 3221 4703 quae
3242 4634 3396 4701 plura
3415 4632 3498 4684 di-

1926 4734 2029 4789 ctis
2064 4733 2117 4787 iu
2168 4746 2323 4786 sacra
2361 4730 2566 4800 passim
2599 4726 2883 4795 Scriptura
2930 4726 3215 4789 feruntur;
3246 4724 3377 4785 haec,
3412 4722 3497 4774 in-

1927 4837 2121 4893 quam,
2195 4819 2476 4875 evidenter
2538 4815 2832 4871 admodum
2887 4813 3021 4869 mihi
3082 4813 3494 4873 demonstrant,

1929 4925 2089 4980 quam
2118 4924 2217 4964 nec
2254 4906 2477 4963 obvium
2502 4918 2681 4975 neque
2711 4912 2887 4958 tutum
2912 4901 2985 4956 ad
3007 4898 3344 4972 prophetiam
3376 4912 3498 4965 pcr-

1930 5002 2139 5072 lugium
2171 5000 2263 5055 sit.

2001 5153 2090 5207 2|.
2126 5151 2229 5206 Sed
2276 5150 2424 5206 enim
2465 5149 2609 5204 haud
2655 5157 2909 5203 accurata
2974 5147 3367 5216 interpretatio,
3399 5143 3497 5200 scd

1931 5243 2176 5313 exempla
2208 5247 2369 5295 modo
2413 5241 2802 5310 qnmstionum,
2855 5254 2980 5294 cum
3015 5237 3347 5293 solutionum
3379 5244 3499 5289 ten-

1932 5336 2153 5396 tamine,
2189 5332 2323 5387 mihi
2353 5347 2499 5387 nunc
2524 5332 2575 5385 in
2602 5330 2852 5385 manibus
2886 5338 3033 5384 sunt.
3078 5326 3213 5382 Nam
3250 5338 3303 5383 et
3335 5327 3498 5381 aliam

1932 5430 2058 5485 novi
2088 5428 2467 5500 praedictorum
2497 5425 2783 5480 verborum
2822 5422 3271 5486 declarationem,
3298 5438 3419 5491 qua!
3468 5438 3499 5476 a

1931 5521 2064 5578 diris
2113 5520 2277 5577 simul
2306 5516 2669 5588 vaticiuioque
2718 5515 3021 5583 declinans,
3049 5515 3183 5570 nihil
3214 5528 3375 5585 grave
3408 5525 3502 5567 aut

3300 5710 3343 5743 ⁸⁸
3374 5710 3493 5765 Act.

2083 5718 2124 5751 ’⁸
2150 5716 2193 5771 ll
2225 5714 2366 5771 Tim.
2402 5730 2473 5782 Iv,
2510 5713 2595 5768 Η.
2710 5714 2753 5744 ’θ
2777 5711 2878 5767 Act
2904 5752 2918 5768 .
2956 5727 3074 5778 xm,
3110 5712 3194 5765 lt).
