4198 6440
220 414 293 475 'n
1268 419 1368 479 an
1404 416 1987 481 AMPHILOCHIUM
2015 421 2358 494 quasue
2408 420 2452 479 ι.
3388 409 3461 471 τε

223 532 415 593 θεῖσαν
444 533 624 587 πᾶσαν
648 532 815 603 ἀλλην
857 532 1116 602 προνοίας
1156 549 1217 586 τε
1256 534 1353 587 καὶ
1380 534 1789 605 φιλανθρωπίας
1814 537 1862 594 Δ

1814 537 1862 594 Δ
1888 549 2033 590 cura:
2077 552 2143 592 ac
2170 534 2478 590 dilectionis
2515 530 2834 587 exhaustam
2869 524 3163 588 rationem,
3204 523 3461 580 Servatur

228 610 457 689 μέθοδον
485 623 514 675 ό
536 620 725 691 Σωτὴρ
748 619 841 674 τοῦ
864 621 1052 689 γένους
1080 621 1207 685 τοὺς
1233 621 1322 677 διά
1346 622 1580 695 σταυροῦ
1624 624 1790 679 θάνα-

1891 624 2104 693 generis
2142 634 2393 679 auctores
2424 620 2530 678 sibi
2573 634 2671 691 per
2699 630 2916 673 crucem
2947 615 3098 671 necis
3127 621 3460 685 prosecutus

223 726 324 763 τον
348 708 498 778 αὐτῷ
522 710 913 777 ἐπενεγκόντας
940 711 1224 781 ἀνέφερεν.
1892 722 2001 768 est.

303 805 413 866 κγ’.
438 799 597 851 Ἀλλά
614 798 786 854 ταῦτα
806 799 905 870 μέν
922 800 1051 863 ἴσως
1067 803 1162 854 καὶ
1180 801 1279 871 τῆς
1294 802 1576 874 παρούσης
1592 804 1796 874 μακρό-

230 905 396 958 τερον
412 889 716 954 ὑποθέσεως
728 908 742 922 ·
763 891 929 961 χωρὶς
947 891 1129 961 μέντοι
1144 909 1208 959 γε
1219 894 1328 947 τῶν
1340 894 1799 966 προεκτεθέντων,

233 977 337 1029 καὶ
367 976 519 1046 παρὰ
541 978 603 1030 τὺ
635 978 813 1031 διττὸν
834 977 927 1031 τοῦ
953 980 1219 1050 ὀνόματος
1263 982 1585 1055 συνταράξοι
1628 983 1696 1037 ἀν
1718 986 1802 1047 τις

234 1066 302 1118 εδ
335 1066 582 1136 βούλημα
606 1069 701 1135 τῆς
726 1069 949 1140 Γραφῆς
968 1070 1068 1124 ούιι
1101 1072 1161 1123 έν
1192 1069 1415 1137 ὀλίγοις.
1446 1072 1652 1126 Λύτίκα
1686 1090 1705 1123 ι
1734 1076 1803 1127 τὰ

236 1156 392 1209 κακά
430 1159 524 1210 καὶ
580 1159 681 1211 οὐκ
733 1158 882 1213 εστιν
921 1160 959 1215 ἀ
1005 1162 1082 1231 μὴ
1128 1162 1304 1227 κτίζει
1356 1162 1595 1233 Κύριοςο
1641 1184 1660 1215 ι
1688 1164 1805 1227 καὶ,

243 1264 267 1298 ε
303 1247 428 1300 Τῶν
455 1248 640 1302 κακῶν
663 1250 823 1303 πάλιν
858 1252 1069 1317 οὐδενός
1098 1255 1244 1308 έστιν
1275 1256 1467 1319 αίτιος.
1499 1273 1518 1307 ι
1551 1256 1661 1309 Καὶ
1692 1256 1809 1319 πῶς

242 1340 316 1393 ἂν
352 1340 750 1413 συμϐιϐασθείη
797 1344 987 1408 ταῦτα,
1014 1346 1063 1398 εί
1104 1347 1179 1415 μή
1208 1345 1270 1398 τὸ
1291 1346 1467 1399 διττὸν
1505 1345 1604 1412 τῆς
1629 1345 1811 1415 φωνῆς

238 1429 577 1502 διαιτήσειες
609 1434 757 1487 κακά
800 1434 899 1503 μέν
925 1433 1178 1502 λέγεσθαι
1224 1436 1428 1507 κυρίως
1458 1436 1527 1489 τά
1561 1437 1813 1507 ἁμαρτή-

244 1538 422 1590 ματα,
456 1515 532 1577 ὧν
561 1524 680 1577 έστι
711 1524 806 1577 καὶ
829 1525 892 1578 τδ
934 1524 1089 1578 Θείον
1129 1526 1400 1580 ἀναίτιονο
1438 1526 1586 1581 κακά
1615 1525 1673 1580 δλ
1719 1526 1815 1578 καὶ

240 1611 320 1665 τὰ
338 1611 607 1668 λυποῦντα
629 1615 790 1670 πάλιν
826 1617 919 1668 καὶ
938 1616 1232 1687 ἀϐούλητα,
1252 1620 1407 1682 νόσος
1426 1618 1520 1672 καὶ
1538 1618 1697 1672 πενία
1718 1617 1814 1672 καὶ

244 1702 561 1773 τραύματα,
584 1706 745 1777 ἀκρὶς
774 1708 868 1759 καὶ
887 1706 1112 1778 βροῦχος
1136 1708 1232 1762 ut
1255 1708 1480 1780 ipuoi6q
1507 1710 1599 1763 καὶ
1617 1712 1813 1780 κάμπη

249 1798 350 1850 καὶ
364 1797 595 1869 χάλαζα,
611 1802 702 1853 καὶ
721 1802 822 1856 ὅσα
840 1802 975 1855 ἀλλα
989 1802 1247 1866 πολλάκις
1267 1804 1301 1873 η
1314 1804 1563 1874 Πρόνοια,
1588 1804 1689 1867 τὰς
1704 1803 1813 1857 τῶν

248 1889 722 1961 πλημμελούντων
744 1893 927 1963 όρμάς
950 1892 1371 1961 ἀναστέλλουσα,
1402 1894 1498 1947 καὶ
1523 1895 1632 1948 τῶν
1666 1894 1819 1963 κηλί-

247 1984 362 2035 δων
399 1982 865 2052 ἀποκαθαίρουσα,
899 1986 1011 2047 τοῖς
1048 1985 1254 2055 ἐνόχοις
1281 1986 1573 2055 έπαφιέναι
1617 1988 1710 2041 καὶ
1734 1986 1821 2042 λέ-

251 2089 415 2140 γεται
447 2075 542 2125 καὶ
565 2073 877 2127 πιστεύεται
897 2090 910 2103 ·
936 2076 999 2128 οὐ
1024 2076 1332 2131 κακύνουσα
1373 2076 1434 2131 τὸ
1460 2076 1817 2147 ἀνθρώπινον,

247 2161 378 2215 οὐδὲ
412 2164 546 2233 πρὸς
570 2164 630 2216 τὸ
656 2166 835 2234 χείρον
864 2165 924 2217 τὸ
943 2164 1333 2238 δημιούργημα
1356 2168 1818 2238 μεταπλάττουσα,

254 2248 338 2318 μή
364 2265 418 2301 τι
447 2248 670 2319 γένηται
694 2266 710 2281 ⁸
749 2251 1038 2319 ἀπάγουσα
1065 2254 1121 2308 δὲ
1154 2255 1263 2307 τῶν
1309 2256 1653 2311 κακυνόντων
1683 2257 1820 2327 μᾶλ-

250 2336 371 2400 λον,
404 2340 499 2391 καὶ
537 2341 602 2408 τῇ
644 2340 963 2411 καταλλήλῳ
1004 2343 1099 2397 τοῦ
1134 2341 1419 2409 νοσοῦντος
1451 2345 1717 2419 θεραπείᾳ
1760 2348 1823 2401 τὸ

250 2422 618 2492 ἠρρωστηκδς
632 2426 731 2495 τής
754 2426 975 2497 γνώμης
993 2430 1127 2501 πρὸς
1144 2431 1205 2484 es
1219 2432 1439 2502 ἄμεινον
1453 2434 1820 2502 ἐπανάγουσα.

254 2510 514 2565 Τοιοῦτον
558 2512 623 2567 ἂν
670 2516 757 2586 είη
802 2518 897 2570 καὶ
945 2518 1026 2584 τὸ,
1060 2538 1081 2571 ε
1131 2522 1453 2592 Παρέδωκεν
1492 2524 1689 2589 αὐτοὺς
1731 2525 1827 2580 λαο

252 2603 475 2671 τρεύειν
507 2606 572 2675 τῇ
618 2610 848 2679 στρατιᾷ
873 2608 967 2663 τοῦ
994 2610 1249 2680 ούρανοῦ.
1301 2632 1320 2666 ι
1364 2644 1437 2655 -
1469 2633 1488 2666 ι
1526 2617 1636 2670 Καὶ
1684 2634 1825 2688 παρ-

252 2693 465 2746 έδωκεν
481 2696 677 2759 αὐτοὺς
693 2700 773 2761 είς
792 2699 938 2771 πάθη
955 2701 1202 2770 ἀτιμίας.
1216 2720 1235 2754 ι
1252 2732 1321 2744 -
1340 2722 1360 2757 ε
1381 2706 1493 2759 Καὶ
1514 2706 1713 2760 ἔδωκεν
1729 2709 1829 2761 αύ·

252 2787 373 2847 τοῖς
405 2785 618 2857 πνεῦμα
635 2790 1317 2865 κατανύξεως,όφθαλμοὺς
1337 2797 1431 2850 τοῦ
1456 2799 1532 2869 μή
1550 2798 1711 2868 βλέπε
1720 2819 1788 2854 ιν.
1801 2819 1821 2852 s

254 2876 375 2943 Τῆς
403 2877 513 2948 γάρ
532 2880 715 2949 φωνῆς
734 2883 797 2935 τὸ
816 2882 1102 2954 ὁμώνυμον
1132 2887 1428 2953 κάνταῦθα,
1453 2890 1513 2943 ού
1540 2892 1699 2961 τυχὸν
1731 2894 1829 2960 μιν

252 2966 607 3035 διακρίσεως,
642 2971 722 3034 είς
750 2974 985 3028 ἀτοπίαν
1028 2976 1319 3046 συστρέφει
1366 2978 1426 3032 τδ
1469 2979 1665 3050 νόημα.
1704 2982 1829 3047 Πῶς

256 3054 374 3125 γὰρ
407 3057 499 3109 καὶ
529 3058 658 3111 πότε
686 3060 915 3131 ψυχικὸν
943 3064 1097 3135 δμμα
1140 3068 1330 3135 τυφλοί
1357 3070 1385 3122 ό
1427 3070 1592 3138 Θεός;
1629 3072 1745 3136 πῶς
1770 3074 1828 3127 st

1964 803 2056 858 25.
2118 802 2322 858 Verum
2382 801 2501 856 hac
2558 798 2794 853 iortasse
2842 797 3062 868 longius
3112 811 3142 850 a
3195 802 3467 865 praesente

1898 894 2175 964 proposito
2206 893 2425 948 abeunt.
2460 889 2525 944 Et
2545 890 2764 960 quidem
2789 898 2984 958 praeter
3016 887 3281 942 hactenus
3298 886 3467 950 dicta,

1902 984 2137 1039 nominis
2160 997 2377 1052 quoque
2409 980 2739 1050 ambiguitas
2792 979 2937 1033 haud
2984 992 3109 1033 raro
3148 976 3265 1032 ﬁeri
3293 985 3472 1044 potest

1904 1084 1963 1128 ut
2001 1073 2323 1129 sententiam
2361 1071 2667 1127 conturbet.
2695 1069 2897 1136 Veluti,
2943 1088 2962 1121 ι
3003 1068 3122 1123 Non
3153 1078 3240 1124 est
3263 1068 3472 1122 malum

1905 1165 2046 1234 quod
2078 1179 2186 1219 non
2226 1162 2393 1218 faciat
2432 1162 2696 1218 Dominus
2716 1162 2804 1227 “;
2844 1181 2863 1214 ι
2910 1174 3234 1228 rursusque,
3266 1176 3286 1209 ι
3341 1158 3474 1214 Nul-

1906 1255 2012 1311 lius
2041 1254 2169 1308 mali
2203 1263 2396 1309 auctor
2436 1251 2700 1309 Dominus
2725 1259 2810 1307 est
2842 1250 2908 1304 ⁸⁸.
2951 1269 2970 1302 ι
3006 1249 3289 1316 Quomodo
3333 1248 3473 1311 hac,

1909 1346 2155 1415 inquam,
2184 1356 2507 1413 congruent,
2554 1343 2660 1399 nisi
2698 1342 3011 1411 ambiguum
3058 1338 3309 1394 vocabuli
3350 1353 3478 1393 sen-

1911 1452 2031 1492 sum
2055 1435 2394 1505 distinguas?
2423 1434 2560 1489 Mala
2582 1434 2792 1489 scilicet
2815 1431 3073 1501 primario
3094 1444 3258 1487 sensu
3280 1428 3476 1485 dicun-

1913 1535 2001 1582 tur
2046 1535 2288 1595 peccata,
2330 1541 2567 1595 quorum
2607 1523 2752 1580 Deus
2787 1538 2955 1579 causa
3010 1537 3118 1578 non
3160 1530 3286 1577 est:
3332 1521 3476 1575 mala

1914 1624 2172 1685 praeterea
2202 1625 2330 1672 sunt
2359 1616 2444 1670 illa
2478 1631 2599 1684 qua:
2626 1614 2876 1670 molestia
2913 1612 3177 1677 afﬁciunt,
3210 1611 3481 1681 nobisque

1914 1706 2100 1762 invitis
2135 1708 2414 1771 accidunt,
2464 1705 2707 1771 morbus,
2749 1714 3063 1775 paupertas,
3102 1704 3352 1765 vulnera,
3395 1701 3482 1756 lo-

1917 1804 2091 1858 custa,
2122 1794 2384 1857 bruchus,
2420 1794 2630 1864 rubigo,
2654 1808 2841 1858 eruca,
2868 1794 3094 1863 grando,
3132 1799 3185 1846 et
3215 1799 3485 1861 quotquot

1918 1884 2022 1939 alia
2051 1898 2424 1954 sapenumero
2457 1883 2565 1940 reis
2615 1884 2831 1939 immitti
2867 1899 2898 1938 a
2928 1884 3113 1939 divina
3147 1882 3485 1955 providentia

1915 1977 2169 2033 dicuntur
2196 1985 2358 2047 atque
2387 1976 2701 2041 creduntur,
2732 1975 2815 2030 vel
2846 1984 2906 2030 ut
2925 1984 3147 2031 ruentes
3172 1973 3237 2029 ad
3264 1982 3486 2044 peccata

1919 2066 2171 2121 mortales
2206 2066 2478 2131 cohibeat,
2522 2067 2605 2122 vel
2658 2080 2718 2122 ut
2769 2067 2918 2122 labes
2966 2066 3154 2121 abluat
3192 2080 3207 2118 :
3254 2064 3484 2119 minime

1918 2172 2046 2213 vero
2069 2166 2128 2212 ut
2155 2156 2413 2226 depravet
2445 2158 2742 2212 humanum
2791 2172 2981 2226 genus,
3028 2168 3207 2224 neque
3236 2163 3296 2208 ut
3327 2153 3484 2223 pejo-

1920 2264 2033 2303 rem
2062 2248 2427 2304 conditionem
2457 2258 2721 2303 creaturae
2750 2263 2862 2304 sua:
2907 2246 3073 2301 iaciat
3109 2245 3285 2311 Deus;
3338 2244 3488 2315 quod

1918 2340 2093 2405 absit;
2132 2339 2242 2395 imo
2282 2341 2461 2410 potius
2504 2348 2563 2394 nt
2604 2354 2635 2393 a
2684 2339 2939 2395 vitiorum
2979 2338 3335 2392 irritamentis
3360 2338 3489 2391 abso

1922 2431 2123 2495 trahat,
2152 2423 2317 2501 atque
2360 2438 2419 2484 ut
2439 2444 2678 2499 congrua
2702 2429 3002 2484 laborantis
3027 2443 3185 2495 cura,
3212 2428 3489 2482 inﬁrmant

1922 2522 2085 2576 animi
2109 2530 2316 2591 partem
2348 2521 2417 2576 ad
2463 2522 2742 2577 meliorem
2777 2520 2986 2592 frugem
3025 2529 3263 2577 revocet.
3300 2517 3494 2587 Hujus-

1925 2610 2069 2665 modi
2112 2610 2216 2665 erit
2260 2610 2423 2665 etiam
2454 2610 2696 2667 locutio:
2728 2630 2746 2663 ι
2777 2610 2840 2665 Et
2874 2610 3095 2666 tradidit
3137 2624 3235 2666 eos
3288 2610 3494 2665 servire

1926 2700 2129 2756 militia:
2163 2700 2285 2756 ειεὶί
2319 2701 2386 2756 ³⁷.
2418 2719 2437 2752 s
2469 2730 2539 2743 —
2566 2719 2584 2752 ε
2624 2700 2689 2756 Et
2725 2701 2948 2756 tradidit
2974 2716 3069 2757 eos
3094 2700 3149 2756 in
3201 2700 3491 2771 passiones

1929 2791 2237 2861 ignominiae
2270 2792 2339 2856 ³⁸,
2371 2810 2391 2844 ι
2432 2822 2503 2833 —-
2536 2810 2555 2844 s
2583 2790 2650 2846 Et
2674 2790 2822 2846 dedit
2838 2793 2917 2847 eis
2951 2791 3199 2862 spiritum
3223 2805 3492 2861 compun-

1926 2881 2143 2944 ctionis.
2182 2883 2373 2937 oculos
2417 2898 2484 2937 ne
2517 2882 2737 2937 videant
2764 2883 2833 2936 ³⁸.
2876 2901 2894 2933 ι
2928 2879 3063 2937 Nam
3093 2881 3341 2938 vocabuli
3388 2882 3493 2936 bo-

1929 2972 2198 3043 monymia
2248 2972 2336 3025 hic
2379 2986 2621 3041 quoque,
2658 2970 2767 3026 nisi
2792 2971 3160 3035 discernatur,
3197 2971 3495 3025 absurdam

1929 3065 2249 3120 sententiam
2290 3063 2449 3133 parit.
2482 3063 2765 3130 Quomodo
2796 3066 2941 3117 enim
2975 3072 3071 3117 aut
3117 3061 3340 3134 quando
3378 3061 3499 3115 anl-

258 3147 494 3201 πάθεσιν
516 3150 545 3202 ὸ
580 3150 785 3206 τούτων
810 3153 1137 3227 καθαιρέτης
1166 3160 1261 3213 καὶ
1282 3161 1506 3233 ἀσεϐείᾳ
1536 3166 1631 3217 καὶ
1654 3164 1826 3237 πλάνη
1852 3165 1897 3224 C

1852 3165 1897 3224 c
1929 3173 2030 3212 ma:
2065 3156 2283 3213 oculum
2325 3166 2557 3212 excaecat
2604 3154 2790 3211 Deus?
2818 3155 3094 3225 quomodo
3121 3151 3496 3223 passionibus,

258 3237 598 3307 παραδίδωσι
620 3259 635 3306 ;
665 3243 1043 3315 Διακριθέντος
1062 3247 1120 3301 δὲ
1141 3251 1253 3312 τοῖς
1291 3255 1709 3322 σημαινομένοις
1732 3256 1825 3309 τοῦ

260 3326 533 3395 ῥήματος,
561 3330 759 3394 παντὸς
796 3332 825 3383 ό
854 3332 1008 3401 λόγος
1049 3337 1378 3407 σοφίσματος
1413 3340 1724 3395 ἀπολύεται.
1757 3343 1829 3396 Τὸ

260 3417 396 3486 γὰρ,
425 3418 754 3487 παρέδωκε,
792 3424 1045 3493 σημαίνει
1074 3426 1173 3495 μὲν
1210 3428 1304 3481 καὶ
1323 3429 1386 3482 τὸ
1412 3432 1707 3500 ἐνεχείρισε
1736 3434 1831 3486 καὶ

260 3507 654 3577 παρέπεμψεν,
698 3510 731 3581 ἢ
773 3511 1047 3583 συνώθησε
1086 3515 1180 3568 καὶ
1228 3516 1529 3587 συνήλασε·
1581 3520 1830 3589 σημαίνει

257 3596 308 3649 δ’
338 3598 494 3651 οὐδὲν
540 3600 758 3656 ἔλαττον
796 3603 891 3657 καὶ
925 3604 1160 3675 μάλιστά
1188 3623 1251 3675 γε
1286 3608 1362 3679 τῷ
1406 3608 1708 3680 βουλήματι
1736 3611 1829 3682 τῆς

262 3686 497 3756 Γραφῆς
528 3692 623 3743 καί
649 3690 708 3743 τδ
739 3690 1412 3766 συνεχώρησε,’καθυφῆκε
1435 3698 1830 3766 καὶένέδωκεν,

264 3778 417 3831 είασε
452 3779 714 3850 φέρεσθαι
746 3786 865 3846 ταῖς
896 3785 1115 3854 όρμαίς,
1154 3785 1334 3855 ἀφῆκε
1372 3787 1433 3841 τὸ
1456 3788 1701 3844 ἑκούσιον
1730 3792 1831 3844 αύ-

264 3871 590 3926 τοδέσποτον
612 3889 629 3905 ο
660 3874 783 3927 καθ’
818 3875 846 3928 δ
878 3879 1272 3948 σημαινόμενον
1301 3880 1712 3952 ὑπειλημμένου
1740 3884 1832 3939 τοῦ

267 3960 635 4029 παρέδωκεν,
674 3965 825 4019 οὐδὲν
860 3967 966 4021 τῶν
996 3968 1319 4037 παραλόγων
1359 3970 1493 4034 δλως
1524 3972 1832 4041 ὑφίσταται.

281 4052 537 4119 ’Λφέλιιει
568 4053 667 4123 μὲν
708 4055 812 4125 γὰρ
840 4056 899 4110 τὸ
930 4056 1084 4110 Θεϊον
1126 4058 1273 4128 νόμῳ
1305 4061 1713 4132 φιλανθρωπίας
1744 4066 1837 4119 καὶ

270 4143 535 4211 προνοίας
560 4144 669 4196 τῶν
697 4146 885 4199 παθῶν
910 4148 1004 4202 καὶ
1030 4148 1441 4221 ἁμαρτημάτων
1478 4153 1538 4207 τὸ
1561 4153 1837 4226 ἀνθρώπι-

272 4250 363 4285 νον
382 4248 398 4264 ·
439 4235 660 4290 ιπειδάν
690 4237 747 4290 δὲ
790 4238 1088 4311 μοχθηρίας
1117 4240 1388 4314 ὑπερϐολῇ
1415 4244 1477 4297 τὸ
1518 4245 1837 4301 ἀναστελλό-

272 4340 440 4393 μενον
464 4326 566 4395 τῆς
604 4328 919 4397 εὐεργεσίας
941 4331 1035 4383 καὶ
1063 4332 1282 4404 χάριτος
1310 4334 1409 4387 οὐκ
1436 4334 1700 4406 ἀνέχοιτο,
1733 4338 1838 4391 οὐδ’

272 4413 450 4467 ἐθέλοι
477 4414 559 4485 τῷ
591 4416 901 4486 μεθέλκοντι
932 4419 1236 4486 πείθεσθαι,
1268 4423 1390 4477 τότε
1418 4424 1650 4496 δὴ,,τότε
1668 4428 1838 4482 ὑπεν-

1933 3249 2021 3302 ille
2055 3248 2145 3318 qui
2177 3248 2365 3302 harum
2398 3256 2657 3318 purgator
2685 3256 2791 3311 est,
2829 3255 2881 3302 et
2922 3245 3187 3316 impietati
3232 3254 3394 3314 atque
3418 3259 3500 3300 er-

1935 3339 2041 3393 rori
2081 3337 2282 3392 tradit?
2322 3338 2599 3393 Distinctis
2640 3346 2821 3393 autem
2861 3337 3110 3393 vocabuli
3159 3335 3498 3401 nationibus,

1934 3428 2082 3481 omni
2120 3428 2463 3483 cavillatione
2508 3430 2797 3498 expeditur
2847 3443 3048 3483 sermo.
3098 3427 3232 3483 Nam
3273 3426 3501 3482 verbum

1937 3519 2157 3571 tradidit
2201 3518 2467 3589 signiﬁcat
2525 3534 2693 3575 sane:
2727 3519 2917 3574 aliena:
2976 3519 3231 3589 potestati
3272 3520 3501 3581 dedidit.

1938 3609 2260 3673 transmisit,
2284 3610 2547 3681 compulit
2584 3628 2597 3663 :
2628 3611 3002 3675 nihilominus,
3040 3611 3150 3665 imo
3175 3625 3304 3665 vero
3325 3610 3499 3679 potis-

1939 3700 2074 3754 sime
2097 3700 2399 3756 secundum
2448 3699 2746 3776 Scriptura:
2783 3716 3026 3768 sensum,
3075 3703 3366 3764 concessit,
3413 3701 3504 3755 iu-

1937 3792 2125 3856 dulsit,
2156 3791 2425 3861 permisit,
2462 3790 2591 3846 ferri
2640 3792 2767 3846 sivit
2817 3792 3017 3861 impetu
3047 3805 3170 3858 suo,
3213 3791 3502 3846 arbitrium

1937 3897 2060 3937 esse
2104 3882 2333 3937 liberum
2396 3897 2589 3952 passus
2630 3892 2755 3938 est:
2804 3882 2959 3951 juxta
3014 3898 3180 3953 quam
3224 3885 3504 3938 notionem

1938 3971 2103 4027 verbo
2140 3972 2363 4026 tradidit
2399 3970 2691 4035 intellecto.
2728 3972 2877 4028 nulla
2899 3972 3211 4029 absurdius
3238 3973 3505 4043 sequitur.

1940 4064 2143 4118 Avocat
2167 4064 2311 4119 enim
2347 4063 2491 4121 Deus
2538 4063 2781 4135 ingenito
2825 4064 3085 4121 bonitatis
3132 4065 3513 4135 providentia-

1941 4166 2047 4222 que
2072 4142 2185 4207 suae
2220 4168 2370 4208 more
2397 4167 2429 4206 a
2450 4153 2798 4224 passionibus
2825 4170 2889 4211 ac
2925 4156 3166 4225 peccatis
3204 4156 3507 4212 homines:

1943 4251 2313 4296 verumtamen
2344 4241 2433 4297 ubi
2461 4242 2540 4307 hi,
2561 4237 2853 4315 superante
2876 4245 3105 4310 malitia,
3138 4244 3324 4300 frenos
3352 4262 3383 4300 ιι
3424 4246 3511 4304 di.-

1942 4334 2063 4386 vina
2106 4331 2456 4388 beneﬁcentia
2511 4335 2791 4405 gratiaque
2844 4335 3075 4405 iniectos
3124 4336 3503 4407 indignantur,

1944 4424 2241 4493 noluntque
2276 4425 2573 4479 retrahenti
2620 4441 2827 4480 morem
2880 4442 3088 4496 gerere,
3129 4437 3247 4482 tum
3286 4426 3512 4481 demum

270 4503 462 4557 δίδωσι
508 4505 767 4574 φέρεσθαι
807 4511 875 4578 τῇ
905 4510 1056 4583 ῥύμῃ
1083 4511 1142 4564 τδ
1170 4512 1450 4579 ἀπειθοῦν,
1471 4492 1588 4569 ⁷καὶ,
1618 4519 1839 4589 ἀφίησιν
1866 4492 1916 4553 D

1866 4492 2069 4569 Dsinit
2112 4492 2275 4569 cursu
2317 4530 2420 4570 suo
2471 4526 2820 4571 contumaces
2866 4492 3021 4581 ferri;
3068 4492 3231 4586 atque
3281 4515 3514 4570 arbitrio

272 4594 691 4664 ἁποκεχρῆσθαι
716 4597 793 4667 τῷ
817 4598 1131 4670 βουλήματι,
1154 4603 1240 4656 ἵνα
1272 4605 1369 4676 μὴ,
1400 4606 1494 4660 έπὶ
1526 4608 1688 4662 πλέον
1708 4612 1840 4665 ἀνα-

277 4683 516 4736 στέλλων
542 4686 635 4737 καὶ
652 4687 1010 4756 ἀναχαιτίζων
1030 4691 1125 4760 τῆς
1148 4692 1338 4765 ῥοπῆς,
1510 4697 1839 4771 διαφθείρειν

273 4773 341 4825 τὸ
388 4772 761 4837 αὐτεξούσιον·
810 4776 903 4830 καὶ
952 4778 985 4847 ή
1040 4779 1327 4851 εὐεργεσία
1381 4786 1476 4838 καὶ
1530 4788 1564 4857 ή
1614 4787 1841 4857 πρόνοια

275 4863 393 4924 τοῖς
430 4862 708 4933 ἀγνώμοσι
733 4864 825 4917 καὶ
852 4866 1161 4939 ἀχαρίστοις
1190 4872 1269 4933 είς
1300 4870 1550 4945 έγκλημα
1585 4879 1840 4951 περιτρέ-

275 4967 458 5007 ποπο.

350 5043 451 5097 κδ’.
484 5044 642 5099 Κατά
670 5044 830 5099 τοῦτο
861 5046 926 5118 δή
944 5048 1004 5102 τὸ
1033 5052 1425 5122 σημαινόμενον
1456 5054 1575 5119 ἔθος
1597 5056 1712 5111 ἐστὶ
1738 5075 1843 5113 πα-

279 5133 728 5209 ραλαμϐάνεσθαι
753 5140 865 5201 τοίς
895 5138 1058 5209 ίεροτς
1079 5141 1236 5211 ήμῶν
1255 5143 1551 5216 Γράμμασι
1572 5148 1633 5201 τὸ
1659 5150 1843 5206 ἔδωκε

276 5226 377 5277 καὶ
407 5226 712 5294 παρέδωκε
749 5230 843 5283 καὶ
874 5231 928 5283 εί
955 5249 1007 5284 τι
1045 5232 1312 5290 τοιοῦτον·
1338 5237 1475 5306 ὅπερ
1503 5239 1694 5294 οὐδένα
1725 5242 1843 5312 μῶ-

279 5332 387 5383 μον
411 5316 534 5369 ούδὶ
567 5316 737 5389 λαϐήν
772 5323 839 5392 τῇ
869 5321 1247 5396 φιλανθρωπίᾳ
1272 5328 1365 5381 καὶ
1405 5329 1721 5403 δικαιοσύνῃ
1748 5334 1842 5388 τοῦ

278 5406 419 5459 Θεοῦ
462 5408 573 5461 οὐδ’
601 5410 900 5479 ἡντιναοῦν,
938 5414 1014 5476 ὡς
1047 5415 1210 5471 πᾶσίν
1253 5417 1369 5470 ἔστι
1391 5421 1643 5491 φανερὸν,
1671 5439 1841 5494 προσ-

275 5498 467 5553 άπτει.
491 5498 651 5554 Οῦτω
686 5502 906 5570 λέγεται
939 5504 1234 5577 σκληρῦναι
1275 5508 1437 5563 πάλιν
1472 5513 1571 5582 τήν
1618 5515 1843 5584 καρδίαν

277 5588 487 5657 Φαραώ
505 5606 519 5619 ·
545 5590 641 5661 οὐχ
666 5592 747 5645 ὅτι
793 5593 972 5647 λαϐὼν
995 5595 1245 5651 είκουσαν
1272 5600 1366 5653 καὶ
1394 5601 1721 5675 πειθομένην
1747 5607 1843 5659 αύ-

278 5681 382 5734 τοῦ
420 5684 532 5746 τοῖς
568 5685 1001 5755 προστάγμασιν,
1032 5689 1110 5752 είς
1142 5689 1205 5743 τὸ
1250 5690 1485 5763 σκληρὸν
1518 5696 1613 5749 καὶ
1643 5696 1843 5771 ἀτέρα-

1940 4605 2193 4661 abutendi
2244 4606 2457 4675 cupiam
2517 4603 2687 4660 facit:
2733 4621 2802 4660 ne
2849 4606 2894 4659 si
2949 4605 3089 4661 forte
3132 4605 3512 4661 vehementius

1939 4695 2204 4750 inhiberet
2234 4709 2299 4751 ac
2325 4697 2545 4751 sisteret
2576 4698 3020 4766 propensionem,
3081 4697 3265 4753 liberae
3310 4696 3510 4751 volun-

1940 4785 2067 4839 tatis
2114 4783 2427 4840 facultatem
2471 4785 2826 4855 pessumdare
2868 4787 3185 4841 videretur:
3226 4794 3389 4856 atque
3436 4787 3511 4842 ita

1941 4874 2205 4931 beneﬁcia
2233 4875 2473 4945 ejusdem
2503 4877 2585 4932 vis
2617 4892 2679 4930 ac
2704 4877 3040 4946 providentia
3070 4878 3399 4934 vecordibus
3431 4887 3513 4932 at-

1941 4984 2048 5039 que
2076 4969 2298 5038 ingratis
2327 4968 2545 5023 crimini
2582 4978 2904 5024 verteretur.

2010 5060 2101 5114 ‘24.
2144 5058 2255 5113 Hac
2300 5058 2466 5130 igitur
2498 5060 2708 5116 ratione
2735 5060 2915 5116 solent
2955 5059 3259 5131 Scriptura
3305 5070 3511 5117 nostra

1944 5151 2123 5207 verbis
2148 5150 2225 5206 uti
2250 5151 2393 5206 dedit
2432 5160 2484 5207 et
2514 5152 2733 5208 tradidit
2761 5161 2816 5207 et
2842 5152 3036 5208 horuut
3079 5153 3354 5209 similibus
3383 5170 3397 5207 :
3455 5154 3510 5208 id

1943 5244 2089 5315 quod
2139 5245 2348 5299 nullum
2393 5244 2653 5314 probrum
2700 5246 3016 5315 nullamque
3071 5261 3261 5301 ansam
3300 5245 3511 5315 vitupe-

1947 5331 2096 5386 randi
2118 5329 2211 5386 Dei
2231 5331 2525 5387 bonitatem
2556 5332 3027 5403 atquejustitiam,
3076 5341 3137 5387 ut
3186 5332 3385 5403 cuique
3410 5347 3511 5387 ex-

1945 5425 2211 5495 ploratum
2234 5429 2339 5487 est,
2372 5421 2534 5491 parit.
2573 5420 2665 5477 Sic
2700 5436 2913 5476 rursum
2949 5420 3091 5477 Deus
3113 5420 3315 5477 dicitur
3350 5420 3512 5476 indu-

1945 5516 2153 5572 ravisse
2191 5529 2287 5569 cur
2340 5513 2642 5569 Pharaonis
2683 5511 2770 5567 “:
2822 5528 2928 5568 non
2982 5514 3125 5584 quod
3177 5513 3310 5569 illud
3348 5512 3512 5569 molle

1945 5606 2149 5679 pridem
2179 5605 2402 5676 suisque
2422 5604 2668 5674 jussibus
2691 5604 2883 5669 docile,
2914 5606 2981 5659 ad
3025 5606 3307 5671 duritiem,
3352 5607 3512 5674 perti-

1946 5696 2180 5762 naciam,
2209 5696 2715 5766 contumaciamque
2743 5696 3112 5761 converterit;
3143 5698 3235 5752 sed
3266 5697 3395 5768 quia
3415 5697 3511 5756 ditt

362 5799 408 5832 ⁸⁸
430 5800 599 5858 Amos
634 5818 718 5868 ιιι,
755 5803 809 5859 6.
884 5805 930 5839 ⁸⁸
952 5803 1068 5862 Jac.
1102 5820 1139 5875 ι,
1180 5808 1266 5865 is.
1343 5810 1386 5844 π
1416 5812 1534 5869 Act.
1564 5828 1656 5881 vn,
1691 5815 1780 5872 42.
1818 5817 1861 5850 ⁸³
1892 5815 2020 5872 Rom

1618 5828 1656 5881 l,
1691 5815 1780 5872 42.
1818 5817 1861 5850 ⁸³
1892 5815 2049 5872 Rom.
2084 5829 2121 5881 ι,
2144 5812 2235 5870 26.
2312 5812 2357 5846 "
2387 5811 2547 5869 Rom.
2581 5828 2657 5881 si,
2695 5812 2750 5869 8.
2827 5812 2874 5847 “
2903 5812 3071 5871 Exod‘.
3099 5830 3196 5881 vu,
3220 5813 3275 5871 3.
