4198 6440
695 431 767 496 79
1853 434 2053 497 PHOT
2061 435 2118 496 II
2151 436 2272 496 ΡΑἿ

2373 437 2662 499 [ΑΒΟΗΛΕ
2691 440 2802 501 CP.
3884 452 3958 515 so

693 548 817 602 data
858 561 1021 620 opera
1070 555 1130 602 ut
1162 562 1259 604 eor
1299 547 1431 604 illud
1478 549 1548 606 ab
1590 549 1957 607 inobedientia
2003 562 2059 606 et
2100 550 2270 607 refra-

2378 571 2508 624 μνον
2537 555 2634 608 καὶ
2681 553 2908 619 ἀπειθὶς
2949 557 3347 628 μετεπ).ἀσατο,
3385 560 3506 615 ἀλλ’
3547 562 3629 617 δτι
3673 563 3957 634 paulum

693 641 866 696 etario
889 640 1082 710 spiritu
1113 651 1418 707 revocaret,
1452 651 1742 713 postquam
1767 642 2084 715 Egyptium
2117 645 2270 700 nullo

695 731 862 787 modo
911 731 1192 786 cedentem
1234 747 1413 800 neque
1452 734 1534 788 ad
1571 734 1935 790 obedientiam
1988 751 2271 793 reversum

697 822 886 886 sensit,
919 822 1030 876 imo
1053 837 1184 876 vero
1215 837 1274 878 se
1302 833 1474 878 totum
1516 825 1569 879 in
1610 827 1884 881 contraria
1919 828 2273 899 repugnanti-

695 929 803 983 que
846 914 1113 969 sententia
1161 915 1582 980 obllrmantem;
1639 917 1784 975 Deus
1849 919 1944 990 qui
1992 936 2272 992 nunquam

697 1006 851 1060 liberi
897 1006 1006 1060 vim
1042 1005 1256 1061 arbitrii
1286 1007 1456 1071 ledit,
1501 1009 1628 1064 sivit
1672 1025 1798 1064 eum
1849 1023 1948 1066 sua
1993 1011 2275 1068 voluntate

697 1097 848 1160 ferri,
867 1098 960 1168 qui
990 1097 1202 1153 meliori
1232 1098 1469 1154 consilio
1493 1113 1701 1154 morem
1741 1113 1930 1170 gerere
1960 1101 2272 1158 recusabat.

696 1187 882 1258 Neque
906 1190 1010 1244 erit
1045 1191 1367 1256 absurdum,
1404 1191 1581 1262 siquis
1607 1191 1714 1247 hoc
1744 1193 1869 1248 loco
1897 1208 2087 1249 vocem
2119 1195 2276 1248 indit-

697 1282 832 1335 rarit
865 1284 942 1336 sic
973 1279 1086 1336 fere
1113 1282 1402 1353 intelligat,
1432 1291 1492 1337 ut
1537 1283 1740 1339 durum
1783 1285 1926 1356 regis
1969 1300 2068 1340 cor
2107 1297 2274 1358 atque

696 1372 1041 1443 prafractum
1079 1371 1222 1428 Deus
1258 1374 1420 1429 editis
1465 1374 1726 1446 prodigiis
1770 1377 2077 1433 evidentius
2109 1392 2271 1434 coar-

695 1460 893 1529 guerit,
923 1470 974 1516 et
1003 1462 1406 1516 contumaciam
1434 1463 1555 1532 ejus
1589 1465 1747 1534 quasi
1775 1466 2052 1536 triumpho
2083 1476 2273 1523 osten-

693 1551 909 1616 taverit,
948 1553 1406 1624 desperatumque
1434 1564 1489 1610 et
1519 1554 1867 1612 intractabile
1895 1558 2098 1613 mentis
2154 1559 2274 1614 vul-

692 1658 822 1708 nus,
879 1644 1117 1699 nondum
1158 1646 1419 1700 omnibus
1463 1647 1596 1701 satis
1635 1645 1938 1717 cognitum,
1983 1649 2271 1705 manifesta

693 1731 816 1786 luce
873 1732 1254 1804 impertiverit.
1316 1731 1700 1805 Prodigiorum
1764 1750 1900 1792 sane
1951 1737 2272 1806 magnitudo

694 1837 820 1876 cum
878 1823 1060 1877 omnis
1106 1823 1512 1879 adhortationis
1556 1823 1944 1896 suasionisque
1999 1826 2136 1881 lines
2175 1842 2273 1882 ex-

694 1916 942 1980 cesserit,
972 1931 1148 1985 neque
1177 1924 1362 1971 tamen
1393 1915 1700 1975 Pharaonis
1730 1919 1970 1974 animum
1994 1932 2272 1988 expugna-

695 2007 852 2073 verit,
911 2023 1090 2063 nonne
1137 2024 1410 2064 summam
1456 2020 1620 2082 atque
1664 2011 2023 2068 insanabilem
2084 2009 2270 2066 cordis

2377 645 2472 699 καὶ
2496 644 2820 700 ἀνακόπτων
2839 647 2939 717 τῆς
2964 648 3246 713 ἀπειθείας
3268 651 3362 703 καὶ
3385 650 3480 705 τοῦ
3502 653 3795 708 ἀντιτύπου
3821 671 3954 726 φρο-

2379 736 2644 806 νήματος,
2692 737 2924 809 ιπείπερ
2964 738 3216 810 οὐδαμῶς
3266 733 3428 811 εὗρεν
3465 742 3808 797 ύπενδιδόντα
3859 747 3955 798 καὶ

2357 827 2520 898 απρδς
2548 827 2720 882 πειθὼ
2770 829 3164 900 μεθιστάμενον
3199 831 3293 885 τδν
3337 832 3658 901 Αίγύπτιον,
3688 834 3804 888 ἀλλ’
3833 835 3955 888 δλον

2377 919 2570 972 ιαυτδν
2597 918 2854 974 ποιοῦντα
2877 920 2970 974 τοῦ
2992 921 3272 975 ἀντιθέτου
3305 925 3402 978 καὶ
3442 924 3952 997 ἀντι[τε]ταγμινου

2377 1007 2540 1080 βουλή
2548 1028 2736 1081 ματος,
2754 1014 2783 1066 ό
2805 1012 3057 1083 μηδαμοῦ
3075 1012 3310 1083 φθείρων
3327 1014 3388 1068 τδ
3405 1016 3749 1081 αὐτεξούσιον
3768 1017 3951 1088 ἀφῆκε

2373 1100 2441 1170 τῇ
2475 1098 2671 1172 γνώμῃ
2699 1099 2962 1171 φέρεσθαι
2981 1100 3075 1154 τὸν
3111 1102 3173 1154 ού
3203 1101 3530 1173 βουληθέντα
3569 1105 3857 1175 πεισθῆναι
3881 1110 3950 1178 τῇ

2375 1189 2666 1260 κρείττονι.
2695 1188 2794 1259 Είη
2825 1191 2871 1244 δ’
2905 1190 2974 1244 ἀν
3003 1191 3208 1262 ἀπᾷδον
3233 1192 3384 1246 ούδλν
3413 1194 3506 1246 καὶ
3529 1195 3585 1246 ετ
3610 1211 3694 1259 τις
3715 1196 3954 1250 ἐνταῦθα

2371 1281 2433 1334 τὸ
2463 1280 2847 1350 ltrqu
2875 1283 2995 1336 ἀντὶ
3016 1283 3136 1349 τοῦ,
3163 1284 3407 1355 σκληρὰν
3434 1281 3600 1341 οὖσαν
3628 1287 3722 1341 καὶ
3753 1289 3954 1343 ἀπότο-

2376 1387 2477 1440 μον
2516 1371 2680 1434 αὐτὸς
2729 1363 2960 1426 διάτῶν
3001 1368 3402 1446 ἀπενεχθέντων
3453 1377 3694 1449 σημείων
3750 1380 3954 1450 μᾶλλον

2373 1460 2652 1533 ἐξήλεγξε,
2704 1466 2800 1517 καὶ
2840 1464 2944 1534 τὴν
2995 1465 3277 1520 ἀπείθειαν
3305 1467 3669 1539 ιθριάμδευσε
3694 1485 3709 1500 ·
3757 1473 3852 1524 καὶ
3890 1471 3954 1524 τὸ

2371 1551 2470 1620 τῆς
2501 1551 2724 1622 γνώμης
2773 1553 3092 1622 ἀμείλικτόν
3122 1570 3180 1608 τε
3222 1559 3317 1609 καὶ
3366 1556 3605 1622 ἀνίατον,
3649 1556 3804 1612 οῦπω
3837 1562 3954 1624 τοῖς

2373 1643 2539 1697 πᾶσιν
2572 1643 2716 1698 οῦτω
2744 1643 3023 1714 γνὼριμόν
3053 1662 3112 1698 τε
3157 1647 3248 1700 καὶ
3279 1646 3600 1719 περιϐόητον
3635 1651 3954 1719 περιφανῶς

2373 1732 2770 1802 ίστηλίτευσεν.
2810 1735 2878 1788 Ἥ
2909 1734 3019 1806 γὰρ
3039 1736 3148 1788 τῶν
3185 1735 3480 1808 θαυμάτων
3517 1739 3812 1812 ὑπερϐολὴ,
3848 1759 3955 1795 πα-

2374 1824 2690 1895 ρακλήσεως
2718 1827 2812 1879 καὶ
2836 1826 3057 1891 πειθοῦς
3102 1828 3320 1896 ἀπάσης
3343 1829 3469 1894 τοὺς
3495 1829 3694 1900 νόμους
3719 1831 3953 1894 νικῶσα,

2371 1917 2464 1968 τοῦ
2506 1917 2708 1986 Φαραὼ
2747 1917 2805 1970 δὲ
2832 1917 2934 1987 τῆς
2981 1918 3208 1988 γνώμης
3261 1919 3652 1992 ἑλαττουμίνη,
3689 1920 3808 1984 πῶς
3853 1922 3954 1975 ούκ

2370 2008 2780 2080 ἀνυπόρδλητον
2827 2008 2992 2062 αὑτοῦ
3032 2009 3125 2062 καὶ
3153 2009 3528 2080 ἀθεράπευτον
3571 2012 3673 2082 τὴν
3718 2014 3955 2082 σκληροο

694 2100 814 2169 νίας
843 2099 1102 2155 duritiam
1145 2101 1575 2157 demonstravit?
1628 2101 1720 2158 Sic
1768 2117 1900 2173 ergo
1942 2103 2268 2167 locutiones,

2374 2099 2600 2170 καρδίαν
2630 2100 2992 2171 παρίστησινς
3031 2097 3188 2152 Οῦτω
3220 2099 3318 2168 μὲν
3344 2100 3438 2153 οῦν
3475 2100 3556 2164 τὸ,
3595 2118 3614 2152 ε
3649 2100 3890 2154 Ἔδωκεν
3921 2101 3955 2154 ό

699 2209 721 2239 ο
759 2188 914 2244 Dedit
938 2189 1081 2245 Deus
1111 2190 1188 2244 rel
1221 2191 1446 2246 tradidit
1482 2193 1536 2247 in
1578 2192 1863 2262 passiones
1891 2192 2262 2264 ignominiam

695 2282 963 2350 itemque,
1001 2299 1020 2333 ι
1059 2280 1124 2336 Et
1179 2283 1456 2345 induravit
1511 2299 1608 2340 cor
1658 2283 1993 2349 Pharaonis,
2043 2303 2062 2337 ι
2102 2299 2271 2356 quas-

694 2368 827 2424 libet
854 2370 1142 2425 calumnia
1172 2372 1402 2428 insidias
1426 2384 1716 2444 astumque
1743 2373 2094 2431 frustrantur.

763 2459 854 2514 25.
897 2459 1017 2516 lant
1069 2462 1200 2532 quid
1257 2477 1396 2534 opus
1442 2475 1526 2520 est
1557 2480 1646 2521 me
1695 2474 1891 2520 caetera
1943 2465 2271 2539 homonyma

695 2552 990 2623 persequi?
1013 2553 1282 2623 siquidem
1322 2554 1404 2609 vel
1437 2557 1557 2626 quis
1595 2557 1802 2628 syllaba
1839 2567 2036 2628 pra‘ter
2071 2559 2270 2614 distiu—

695 2645 895 2701 ctionis
931 2645 1074 2715 leges
1114 2647 1312 2715 posita,
1357 2663 1464 2703 non
1515 2649 1844 2705 mediocrem
1897 2651 2270 2720 perturbatio-

696 2750 816 2789 nem
857 2735 1349 2807 eoul‘usionemque
1395 2738 1604 2808 ignaris
1636 2740 1832 2794 harum
1872 2739 2050 2809 legum
2093 2751 2268 2799 creat.

697 2825 828 2891 Quis
866 2827 1034 2891 enim,
1060 2829 1128 2883 de
1157 2845 1266 2898 qua
1294 2845 1440 2884 nunc
1467 2830 1702 2901 agimus,
1743 2810 1946 2902 syllaba
1969 2833 2273 2902 interroga-

695 2918 896 2972 tionem
921 2919 1213 2989 signilicat.
1245 2904 1396 2974 Tum.
1426 2936 1558 2976 vero
1583 2937 1706 2976 cum
1747 2935 1810 2976 ea
1847 2936 2066 2992 quoque
2105 2939 2273 2992 nega-

693 3009 844 3065 tione
867 3013 1228 3077 construitur,
1267 3027 1389 3082 qua:
1419 3013 1501 3068 vel
1546 3013 1789 3083 apprime
1818 3013 1892 3067 illi
1924 3014 2268 3079 adversatur,

694 3114 816 3156 eam
843 3102 1105 3158 vocabulo
1143 3103 1350 3158 scilicet
1391 3120 1562 3158 nemo.
1607 3105 1759 3160 Alias
1803 3114 1982 3160 autem
2022 3105 2272 3161 indeﬁni-

693 3203 804 3248 tam
833 3207 947 3248 rem
991 3194 1247 3249 ostendit.
1297 3193 1404 3251 Sed
1451 3211 1628 3266 neque
1669 3196 2046 3254 admirationis
2085 3207 2274 3267 stupo-

693 3285 878 3354 risque
901 3283 1005 3339 vim
1039 3298 1279 3340 recusat.
1303 3284 1445 3352 Quin
1475 3287 1612 3341 adeo
1642 3288 1708 3341 ad
1740 3289 2019 3342 raritatem
2052 3304 2272 3358 quoque

693 3372 1040 3427 indicandam
1069 3374 1380 3439 adhibetur,
1417 3390 1517 3431 nec
1543 3391 1653 3430 non
1687 3376 1753 3430 ad
1795 3377 2268 3447 obiurgationem;

2373 2189 2526 2253 Θεὸς,
2569 2208 2588 2241 s
2624 2189 2722 2243 xei
2760 2209 2779 2242 t
2833 2189 3149 2260 παρέδωκεν
3195 2190 3275 2252 είς
3317 2189 3464 2261 πάθη
3510 2191 3756 2260 ἀτιμίας,
3789 2209 3807 2242 ι
3833 2193 3951 2256 καὶ,

2377 2299 2396 2332 ι
2425 2281 2754 2354 Ἐσκλήρυνε
2779 2283 2878 2352 τὴν
2905 2281 3135 2354 καρδίαν
3162 2281 3380 2352 Φαραὼ,
3420 2300 3440 2334 ι
3473 2284 3652 2337 πᾶσαν
3681 2299 3954 2354 συκοφαν-

2370 2375 2491 2436 τίας
2510 2373 2773 2443 ικφεύγει
2801 2373 3136 2445 περιδρομὴν
3159 2376 3253 2428 καὶ
3271 2375 3574 2446 δεινότητα.
3637 2439 3649 2450 ο

2442 2469 2545 2518 κε’.
2575 2463 2643 2516 Τί
2667 2464 2726 2518 δὲ
2751 2465 2820 2518 τά
2857 2464 2994 2518 ἀλλα
3023 2483 3092 2535 με
3119 2465 3202 2519 δεῖ
3241 2466 3351 2519 τῶν
3383 2467 3692 2537 ὁμωνύμων
3716 2467 3954 2539 ἀπέρχε-

2373 2553 2534 2620 σθαι;
2559 2556 2695 2608 ὅπου
2730 2571 2793 2624 τε
2820 2557 2913 2608 καὶ
2942 2557 2976 2625 ἡ
3019 2558 3112 2622 τις
3145 2557 3402 2628 συλλαϐὴ.
3429 2559 3556 2622 τοὺς
3600 2557 3702 2629 τῆς
3732 2559 3950 2614 διαστο-

2372 2643 2472 2714 λῆς
2503 2643 2843 2700 λανθάνουσα
2880 2649 3101 2717 νόμους,
3135 2649 3197 2701 ού
3241 2649 3338 2720 τὴν
3373 2647 3645 2719 τυχοῦσαν
3687 2650 3952 2723 σύγχυσιν

2375 2737 2468 2790 καὶ
2496 2737 2743 2808 ταραχὴν
2769 2740 2884 2802 τοῖς
2907 2739 3076 2809 μηδὲν
3132 2739 3338 2793 τούτων
3363 2741 3805 2796 ὶπικοινωνοῦσιν
3834 2745 3949 2798 sla-

2375 2829 2522 2895 ἀγει.
2546 2829 2658 2882 Καὶ
2675 2829 2784 2900 γάρ
2811 2830 2963 2901 δηλοῖ
2994 2832 3092 2900 μὲν
3114 2833 3246 2885 αὐτὸ
3268 2831 3428 2886 τοῦτο
3457 2834 3550 2886 καὶ
3577 2834 3637 2887 τὸ
3667 2834 3770 2888 ἀνὰ
3787 2837 3952 2905 χεῖρα

2371 2916 2485 2988 τὴν.
2503 2917 2801 2990 ἐρώτησιν·
2845 2922 3256 2990 συμφθέγγεται
3287 2923 3344 2976 δι
3372 2924 3596 2977 καὶτῶν
3622 2924 3954 2991 ἀποφάσεων

2371 3007 2492 3077 ἥτις
2537 3009 2686 3079 αύτῷ
2745 3011 2979 3080 μάλιστα
3043 3011 3518 3084 διαμάχεται,’τῇ
3569 2999 3768 3081 οὗδείς
3811 3015 3948 3086 (l9).

2378 3088 2600 3150 ’Δλλοτε
2624 3097 2681 3151 δι
2712 3097 2776 3150 τὸ
2813 3098 3067 3169 ἀόριστον
3107 3099 3363 3170 σημαίνει
3385 3116 3401 3132 ο
3433 3100 3495 3153 οὐ
3537 3101 3643 3171 μὴν
3669 3100 3793 3154 οὐδὲ
3816 3101 3948 3154 θαυ-

2377 3187 2614 3256 μασμοῦ.
2640 3186 2737 3241 καὶ
2778 3179 3169 3259 καταπλήξεως
3214 3189 3366 3255 τάξιν
3407 3189 3766 3259 άπαρνεῐται·
3815 3188 3955 3242 ἀλλά

2374 3276 2468 3327 καὶ
2498 3275 2636 3347 πρὸς
2661 3275 2725 3329 τὸ
2757 3277 2983 3332 σπάνιον
3011 3279 3368 3348 ύποφέρεται,
3399 3279 3720 3348 επιτίμησιν
3752 3277 3812 3332 δὲ
3848 3279 3953 3333 πάο

2372 3365 2454 3417 λιν
2494 3365 2606 3419 ἔσθ’
2646 3367 2735 3420 ὅτε
2789 3369 2883 3422 καὶ
2910 3370 3223 3440 ἀμηχανίαν
3251 3370 3345 3422 καὶ
3383 3370 3744 3442 διαπόρησιν·
3783 3370 3866 3424 δτι
3894 3371 3954 3423 δὲ

693 3463 966 3519 interdum
991 3480 1210 3536 quoque
1245 3466 1314 3520 ad
1357 3467 1768 3537 perplexitatem
1825 3477 1988 3537 atque
2043 3468 2265 3523 dubita-

2373 3458 2468 3510 καὶ
2507 3457 2931 3530 προσδιορισμδς
2978 3463 3094 3526 τοῖς
3139 3460 3495 3531 φιλοσοφοῦσι
3539 3459 3952 3530 καθωμίληται,

691 3554 918 3610 tionem.
969 3553 1212 3626 Denique
1241 3556 1370 3626 quia
1418 3556 1693 3613 restrictio
1734 3558 1992 3614 modestis
2032 3559 2272 3612 ltomiul-

692 3646 800 3702 lius
844 3645 1128 3704 familiaris
1177 3657 1284 3715 est,
1321 3662 1390 3704 ne
1441 3649 1801 3705 humilitatem
1837 3649 2058 3720 quidem
2093 3665 2272 3721 neque

693 3735 801 3790 alia
841 3735 1042 3791 similia
1071 3752 1178 3792 non
1209 3737 1501 3808 signiﬁcat.
1533 3735 1712 3793 Plena:
1758 3738 2133 3808 exemplorum
2179 3753 2270 3794 sa-

694 3842 804 3881 cra
850 3825 1066 3883 Littera:
1104 3837 1280 3883 sunt:
1322 3843 1463 3898 quas
1510 3827 1954 3885 circumstantias
2001 3830 2112 3885 nisi
2148 3831 2273 3899 quis

695 3916 988 3981 discernat,
1027 3926 1080 3972 et
1124 3933 1286 3973 suum
1337 3919 1537 3988 cuique
1584 3920 1704 3993 voci
1756 3919 1993 3976 ofﬁcium
2045 3921 2268 3988 tribuat,

697 4008 836 4063 nihil
883 4009 1076 4064 attinet
1136 4009 1354 4075 dicem,
1415 4010 1638 4081 quantis
1691 4011 1974 4068 erroribus
2035 4022 2270 4068 mentem

698 4115 854 4155 suam
879 4100 1102 4156 inilciet.
1143 4100 1322 4171 Atque
1356 4099 1408 4154 id
1442 4101 1558 4171 ipsa
1593 4101 1932 4158 locutionum
1968 4101 2273 4173 prolatione

697 4194 1044 4264 perspicuum
1084 4193 1192 4249 lict.
1246 4193 1490 4262 Exempli
1538 4194 1712 4264 gratia
1747 4212 1760 4250 :
1797 4213 1816 4246 t
1853 4193 1989 4261 Quis
2034 4204 2120 4251 est
2171 4193 2274 4250 iste

695 4300 790 4340 res
815 4285 1000 4355 gloriae
1020 4285 1104 4339 "l
1137 4304 1156 4336 ι
1192 4284 1256 4340 Et
1287 4302 1303 4340 :
1333 4303 1353 4338 ι
1389 4283 1525 4352 Quis
1550 4300 1610 4341 es
1640 4294 1719 4348 tu.
1755 4293 1816 4340 ut
1841 4285 2273 4356 respondeamus

698 4376 784 4431 liis
811 4377 900 4446 qui
933 4391 1034 4431 nos
1066 4376 1335 4433 miserunt
1358 4378 1444 4432 “l
1478 4396 1497 4429 ι
1538 4387 1593 4432 et
1626 4384 1899 4448 quotquot
1948 4377 2150 4433 similia
2189 4377 2272 4432 vel

697 4467 1176 4539 interrogationem
1214 4468 1542 4539 significant,
1570 4469 1654 4525 vel
1684 4469 1891 4523 nullam
1916 4469 2271 4538 quaestionem

696 4567 1062 4614 commovent.
1120 4558 1276 4626 Quod
1331 4559 1376 4613 si
1434 4560 1562 4630 quis
1590 4569 1809 4630 propter
1849 4558 2096 4615 vocabuli
2123 4557 2276 4613 simi-

697 4649 1004 4714 litudiuem,
1027 4650 1330 4704 locutiones
1349 4663 1570 4719 quoque
1601 4667 1649 4704 :t
1689 4647 1825 4714 Quis
1859 4647 2008 4703 novit
2036 4656 2272 4701 mentem

695 4739 961 4794 Domini?
993 4748 1091 4794 aut
1133 4743 1259 4810 quis
1299 4739 1651 4796 consiliarius
1692 4739 1812 4810 ejus
1860 4737 1964 4793 fuit
1986 4739 2073 4790 "1'
2102 4755 2122 4787 ι
2165 4747 2220 4792 et
2257 4752 2271 4788 :

2372 3547 2493 3600 ούδι
2525 3550 2624 3618 τὴν
2661 3549 2940 3603 εύτίλειαν
2967 3551 3090 3604 ούδὶ
3119 3551 3346 3605 τοιαῦτα
3387 3551 3552 3622 ἕτερα
3590 3551 3950 3622 παρατρίχει.

2373 3639 2486 3693 Καὶ
2511 3639 2620 3693 τῶν
2663 3641 3129 3713 παραδειγμάτων
3155 3643 3224 3697 τά
3269 3642 3391 3714 ίερά
3415 3643 3576 3711 γίμει
3611 3642 3950 3715 Γράμματα·

2373 3729 2520 3801 ἀπερ
2547 3731 2600 3784 ετ
2623 3748 2708 3795 τις
2742 3732 2818 3802 μὴ
2848 3734 3226 3806 φιλοκρινήσῃ,
3257 3735 3378 3805 μηδ’
3399 3735 3613 3805 ἑκάστῳ
3640 3734 3736 3804 τῆς
3767 3734 3954 3804 φωνῆς

2371 3821 2434 3873 τὸ
2473 3823 2749 3893 προσῆκον
2782 3823 3070 3893 ἀπονίμοι,
3102 3826 3222 3879 οὐδὲ
3263 3825 3420 3892 λόγου
3447 3826 3546 3892 δεῖ,
3585 3825 3793 3896 πλάνης
3819 3826 3954 3894 ὅσης

2372 3911 2502 3976 τοὺς
2532 3913 2726 3966 ἑαυτοῦ
2760 3913 3056 3985 λογισμοὺς
3094 3914 3422 3986 ἀναπλήσει.
3458 3916 3566 3970 Καὶ
3599 3913 3757 3968 τοῦτο
3784 3915 3956 3968 κατά-

2373 4001 2532 4072 δηλον
2561 4003 2658 4056 ἀπ’
2681 4003 2851 4074 αὐτῆς
2876 4019 2938 4072 γε
2980 4003 3082 4072 τῆς
3105 4004 3215 4057 τῶν
3261 4004 3523 4076 ῥημάτων
3553 4003 3912 4076 παραθέσεως
3936 4020 3950 4034 ·

2373 4092 2683 4156 αύτίκα.τδ,
2715 4113 2734 4147 ι
2771 4093 2869 4158 Τίς
2891 4077 3041 4148 ἐστιν
3069 4089 3221 4159 οὗτος
3251 4097 3280 4148 ό
3305 4094 3560 4166 βασιλεὺς
3584 4094 3685 4166 τῆς
3711 4095 3901 4163 δόξηςς
3928 4111 3948 4145 t

2375 4182 2469 4235 καὶ
2497 4183 2578 4247 τὸ,
2621 4201 2640 4236 t
2686 4182 2783 4248 Τίς
2812 4179 2865 4237 si
2894 4185 2980 4246 σὺ.
3011 4184 3100 4238 ἶνα
3139 4185 3431 4257 ἀπόκρισιν
3458 4184 3638 4255 δῶμεν
3667 4185 3779 4248 τοϊς
3802 4184 3952 4254 πόμα

2375 4275 2540 4346 φασιν
2561 4278 2709 4349 ἡμᾶς
2733 4295 2748 4343 ς
2790 4297 2810 4332 s
2840 4279 2934 4332 καὶ
2961 4279 3062 4333 ὅσα
3080 4279 3302 4334 τοιαῦτα
3329 4279 3594 4350 ιρὼτησίν
3627 4277 3739 4348 (20)
3770 4294 3829 4331 τε
3858 4278 3955 4347 δη-

2375 4368 2526 4422 λοῦσι
2566 4370 2662 4424 καὶ
2687 4371 2947 4442 οὐδεμίαν
2977 4371 3214 4444 ἀπορίαν
3253 4370 3516 4426 κινοῦσιν.
3557 4371 3621 4424 El
3662 4370 3720 4426 δέ
3747 4387 3831 4434 τις
3863 4369 3955 4433 διά

2375 4459 2476 4531 τὴν
2505 4461 2603 4530 τῆς
2645 4461 2832 4532 φωνῆς
2872 4461 3190 4534 ὁμοιότητα,
3225 4464 3322 4516 καὶ
3353 4463 3436 4526 τὸ,
3473 4481 3491 4514 ι
3523 4462 3618 4527 Τίς
3647 4461 3788 4529 ιγνω
3824 4460 3954 4513 νοῦν

2376 4552 2580 4621 Κυρίου
2606 4568 2620 4617 ;
2645 4551 2678 4622 ἢ
2704 4553 2786 4616 τίς
2816 4552 3118 4622 σύμϐουλος
3144 4552 3309 4606 αὑτοῦ
3334 4552 3590 4620 ιγίνετος
3623 4571 3641 4605 ι
3659 4553 3775 4616 καὶ,
3805 4571 3824 4604 t
3855 4551 3955 4614 Τίς

2378 4641 2689 4712 προέδωκεν
2718 4641 2867 4711 αύτῷ
2891 4642 2987 4696 καὶ
3011 4641 3512 4712 ἀνταποδοθήσεται
3549 4642 3738 4713 nim};
3778 4661 3797 4692 ι
3831 4645 3950 4706 καὶ,

2381 4751 2401 4785 ε
2441 4732 2536 4796 Τίς
2583 4735 2733 4787 ἑστιν
2774 4733 3059 4806 ἄνθρωπος
3105 4734 3166 4797 δς
3211 4733 3460 4804 ζήσεται,
3491 4734 3586 4787 καὶ
3616 4735 3718 4788 οὐκ
3759 4732 3953 4803 δψεται

702 4852 721 4884 ε
757 4832 890 4898 Quis
933 4841 1058 4886 ante
1105 4806 1254 4888 dedit
1304 4833 1378 4887 illi
1406 4835 1502 4896 ;ιιι,
1526 4832 1574 4886 ei
1625 4806 2127 4888 retribuatur“?'t
2173 4839 2270 4886 et:

2379 4823 2638 4890 θάνατον;
2671 4845 2689 4877 s
2729 4826 2785 4878 εῐ
2807 4843 2890 4889 τις
2925 4821 3020 4879 οὖν
3047 4826 3140 4879 καὶ
3167 4825 3337 4880 ταῦτα
3364 4825 3452 4880 διά
3480 4826 3569 4878 τὸν
3593 4824 3755 4880 αὑτὸν
3778 4825 3953 4879 τύπον

703 4937 723 4970 ι
759 4919 892 4985 Quis
924 4928 1010 4975 est
1029 4919 1194 4976 bomo
1217 4921 1310 4992 qui
1331 4921 1491 4985 vivet,
1519 4935 1619 4977 nec
1650 4932 1879 4976 mortem
1911 4921 2116 4977 videbit
2144 4920 2228 4974 “3
2247 4938 2266 4972 ο

699 5011 743 5063 si
787 5011 932 5080 quis,
985 5011 1224 5081 inquam,
1275 5014 1374 5068 itas
1424 5012 1731 5068 locutiones
1765 5021 1984 5082 propter
2024 5013 2270 5068 eamdem

699 5103 953 5158 vocabuli
987 5101 1238 5169 formam,
1289 5105 1355 5158 ad
1394 5104 1640 5160 eamdem
1675 5103 1954 5158 notionem
1983 5102 2032 5157 vi
2061 5113 2275 5172 pertra-

699 5195 810 5258 ltet,
845 5195 1031 5264 procul
1067 5195 1363 5251 admodum
1403 5212 1434 5252 a
1467 5198 1695 5252 veritate
1735 5193 2034 5250 aberrabil.
2062 5193 2274 5264 Quippe

699 5284 783 5339 itte
811 5300 936 5340 cum
977 5287 1207 5356 negandi
1251 5287 1359 5342 vim
1392 5287 1649 5353 habeant,
1688 5283 2058 5356 interrogandi
2109 5285 2275 5339 ratio-

2377 4915 2480 4986 τῆς
2503 4915 2683 4985 φωνῆς
2705 4916 2844 4985 πρὸς
2862 4915 2962 4986 τὴν
2990 4915 3160 4986 αὐτὴν
3188 4915 3428 4970 διάνοιαν
3455 4915 3786 4980 ικδιάσοιτο,
3811 4915 3951 4970 πολὺ

2379 5009 2445 5062 ἂν
2485 5007 2587 5078 τῆς
2619 5008 2878 5078 ἀληθείας
2927 5007 3297 5080 ἀποσφαλείη·
3329 5007 3500 5064 ταῦτα
3541 5009 3671 5081 γάρ,
3721 5007 3822 5077 τὴν
3851 5009 3953 5078 τῆς

2379 5099 2710 5168 ἀποφάσεως
2758 5099 3022 5169 ἀπέχοντα
3059 5097 3309 5169 δύναμιν,
3353 5100 3453 5172 τὴν
3488 5100 3587 5170 τῆς
3632 5102 3956 5170 ἐρωτήσεως

2380 5192 2482 5245 ούκ
2524 5190 2843 5259 ἀναδέχεται
2877 5189 3054 5254 τάξιν.
3097 5190 3287 5255 Οὐδεὶς
3334 5191 3443 5262 γάρ
3483 5191 3621 5245 οὔτε.
3641 5188 3768 5244 νοῦν
3812 5189 3956 5256 ιγνω

2385 5285 2615 5356 Κυρίου,
2640 5283 2763 5338 ούτε
2796 5283 3098 5356 σύμϐουλος
3129 5283 3292 5336 αὐτοῦ
3323 5282 3544 5352 γέγονεν
3564 5296 3578 5311 ο
3609 5280 3670 5334 οὑ
3697 5280 3806 5352 μὴν
3834 5277 3955 5334 ἀλλ’

701 5391 825 5434 item
855 5393 962 5433 non
990 5378 1278 5448 recipiunt.
1309 5376 1482 5435 Nemo
1514 5378 1658 5434 enim
1692 5377 1773 5434 vel
1799 5385 2034 5431 mentem
2063 5374 2272 5431 Domini

2383 5375 2493 5430 οὐδ’
2525 5375 2675 5431 ιστιν
2703 5375 2992 5448 ἄνθρωπος
3020 5374 3078 5439 δς
3113 5372 3363 5444 ζήσεται,
3392 5371 3486 5426 καὶ
3511 5372 3612 5426 οὐκ
3637 5369 3831 5441 ὄψεται
3855 5368 3955 5424 θά-

765 5579 809 5611 δ¹
845 5577 986 5634 Psal.
1014 5594 1171 5644 amt,
1201 5579 1264 5635 8.
1331 5578 1376 5610 "
1403 5576 1561 5635 Inan.
1594 5593 1631 5640 ι,
1660 5577 1751 5631 ετ.
1843 5577 1886 5608 ⁸³
1921 5576 2079 5631 ilom.
2122 5591 2197 5640 ιι,
2240 5575 2272 5630 δ

2403 5575 2446 5607 ⁵⁸
2470 5575 2623 5641 ibid.,
2649 5575 2738 5631 35.
2818 5577 2863 5608 δ’
2900 5573 3048 5632 Psal.
3075 5589 3339 5638 Lsxxvut,
3364 5573 3457 5631 l9.

2215 5695 2442 5755 ΝΟΤΕ.

768 5814 878 5881 (ιθ)
907 5813 1107 5888 Nempe
1135 5819 1308 5884 οὐδείς
1337 5837 1441 5887 τις,
1486 5817 1676 5875 Latine
1705 5834 1852 5874 nemo
1876 5819 2178 5887 quisquam.

2453 5813 2567 5884 (ΞΟ)
2599 5813 2732 5870 Cod.
2757 5812 3066 5884 ἀπόκρισιν,
3104 5811 3507 5878 responsionem.
