  <div class='ocr_page' id='page_1' title='image "/cluster/home/n/w/nwhite01/storage/ocr_20150623/101/nnc1.0046980164/064.png"; bbox 0 0 4198 6440; ppageno 0'>
   <div class='ocr_carea' id='block_1_1' title="bbox 176 444 1747 526">
    <p class='ocr_par' dir='ltr' id='par_1_1' title="bbox 176 444 1746 513">
     <span class='ocr_line' id='line_1_1' title="bbox 176 444 1746 513; baseline 0.002 -3"><span class='ocrx_word' id='word_1_1' title='bbox 176 444 240 510; x_wconf 84' lang='grc'><strong>81</strong></span> <span class='ocrx_word' id='word_1_2' title='bbox 1236 449 1337 510; x_wconf 82' lang='lat' dir='ltr'><strong>AD</strong></span> <span class='ocrx_word' id='word_1_3' title='bbox 1359 450 1746 513; x_wconf 80' lang='lat' dir='ltr'><strong>AMPHILOC</strong></span> 
     </span>
    </p>
   </div>
   <div class='ocr_carea' id='block_1_2' title="bbox 1846 444 3441 526">
    <p class='ocr_par' dir='ltr' id='par_1_2' title="bbox 1846 452 3441 526">
     <span class='ocr_line' id='line_1_2' title="bbox 1846 452 3441 526; baseline -0.002 -11"><span class='ocrx_word' id='word_1_4' title='bbox 1846 452 1953 515; x_wconf 77' lang='grc' dir='ltr'><strong>ΗΜ</strong></span> <span class='ocrx_word' id='word_1_5' title='bbox 1990 453 2336 526; x_wconf 66' lang='grc' dir='ltr'><strong>ΟυΑΞεΤΙΟ</strong></span> <span class='ocrx_word' id='word_1_6' title='bbox 2377 455 2425 514; x_wconf 91' lang='grc' dir='ltr'><strong>Ι.</strong></span> <span class='ocrx_word' id='word_1_7' title='bbox 3365 452 3441 522; x_wconf 72' lang='lat'><strong>82</strong></span> 
     </span>
    </p>
   </div>
   <div class='ocr_carea' id='block_1_3' title="bbox 177 555 1747 639">
    <p class='ocr_par' dir='ltr' id='par_1_3' title="bbox 177 555 1747 639">
     <span class='ocr_line' id='line_1_3' title="bbox 177 555 1747 639; baseline -0.001 -26"><span class='ocrx_word' id='word_1_8' title='bbox 177 573 376 615; x_wconf 77' lang='grc' dir='ltr'>νατονο</span> <span class='ocrx_word' id='word_1_9' title='bbox 421 556 533 611; x_wconf 82' lang='grc' dir='ltr'>οὐδ’</span> <span class='ocrx_word' id='word_1_10' title='bbox 563 556 738 629; x_wconf 70' lang='grc' dir='ltr'>ιτίρῳ</span> <span class='ocrx_word' id='word_1_11' title='bbox 776 556 834 611; x_wconf 73' lang='grc' dir='ltr'>δι</span> <span class='ocrx_word' id='word_1_12' title='bbox 860 555 1022 612; x_wconf 75' lang='grc' dir='ltr'>πάλιν</span> <span class='ocrx_word' id='word_1_13' title='bbox 1050 557 1161 613; x_wconf 70' lang='grc' dir='ltr'><strong>τῶν</strong></span> <span class='ocrx_word' id='word_1_14' title='bbox 1197 563 1507 635; x_wconf 72' lang='grc' dir='ltr'>εῖρημενων</span> <span class='ocrx_word' id='word_1_15' title='bbox 1540 569 1747 639; x_wconf 69' lang='grc' dir='ltr'>συμφι.</span> 
     </span>
    </p>
   </div>
   <div class='ocr_carea' id='block_1_4' title="bbox 1846 555 3438 639">
    <p class='ocr_par' dir='ltr' id='par_1_4' title="bbox 1849 562 3438 639">
     <span class='ocr_line' id='line_1_4' title="bbox 1849 562 3438 639; baseline 0.002 -15"><span class='ocrx_word' id='word_1_16' title='bbox 1849 568 2017 633; x_wconf 86' lang='lat' dir='ltr'><strong>novit,</strong></span> <span class='ocrx_word' id='word_1_17' title='bbox 2051 566 2133 621; x_wconf 92' lang='lat' dir='ltr'><strong>vel</strong></span> <span class='ocrx_word' id='word_1_18' title='bbox 2167 567 2289 636; x_wconf 86' lang='lat' dir='ltr'><strong>ejus</strong></span> <span class='ocrx_word' id='word_1_19' title='bbox 2329 562 2680 623; x_wconf 86' lang='lat' dir='ltr'><strong>consiliarius</strong></span> <span class='ocrx_word' id='word_1_20' title='bbox 2727 565 2868 635; x_wconf 81' lang='lat' dir='ltr'><strong>fuit;</strong></span> <span class='ocrx_word' id='word_1_21' title='bbox 2916 582 3099 639; x_wconf 89' lang='lat' dir='ltr'><strong>neque</strong></span> <span class='ocrx_word' id='word_1_22' title='bbox 3139 578 3224 625; x_wconf 87' lang='lat' dir='ltr'><strong>est</strong></span> <span class='ocrx_word' id='word_1_23' title='bbox 3274 572 3438 627; x_wconf 89' lang='lat' dir='ltr'><strong>homo</strong></span> 
     </span>
    </p>
   </div>
   <div class='ocr_carea' id='block_1_5' title="bbox 177 643 1747 725">
    <p class='ocr_par' dir='ltr' id='par_1_5' title="bbox 177 643 1747 725">
     <span class='ocr_line' id='line_1_5' title="bbox 177 643 1747 725; baseline 0.008 -29"><span class='ocrx_word' id='word_1_24' title='bbox 177 659 359 710; x_wconf 79' lang='grc' dir='ltr'>ρεται,</span> <span class='ocrx_word' id='word_1_25' title='bbox 387 645 437 705; x_wconf 87' lang='grc' dir='ltr'><strong>εί</strong></span> <span class='ocrx_word' id='word_1_26' title='bbox 464 643 560 697; x_wconf 69' lang='grc' dir='ltr'>καὶ</span> <span class='ocrx_word' id='word_1_27' title='bbox 584 646 652 713; x_wconf 69' lang='grc' dir='ltr'>τῇ</span> <span class='ocrx_word' id='word_1_28' title='bbox 676 644 889 716; x_wconf 81' lang='grc' dir='ltr'><strong>προόδῳ</strong></span> <span class='ocrx_word' id='word_1_29' title='bbox 910 644 1010 698; x_wconf 81' lang='grc' dir='ltr'><strong>τοῦ</strong></span> <span class='ocrx_word' id='word_1_30' title='bbox 1039 647 1284 718; x_wconf 73' lang='grc' dir='ltr'>ῥήματος</span> <span class='ocrx_word' id='word_1_31' title='bbox 1308 652 1371 705; x_wconf 92' lang='grc' dir='ltr'><strong>οὐ</strong></span> <span class='ocrx_word' id='word_1_32' title='bbox 1400 652 1747 725; x_wconf 77' lang='grc' dir='ltr'>διήλλακταιο</span> 
     </span>
    </p>
   </div>
   <div class='ocr_carea' id='block_1_6' title="bbox 171 732 1750 815">
    <p class='ocr_par' dir='ltr' id='par_1_6' title="bbox 171 732 1750 815">
     <span class='ocr_line' id='line_1_6' title="bbox 171 732 1750 815; baseline 0.008 -28"><span class='ocrx_word' id='word_1_33' title='bbox 171 732 296 787; x_wconf 61' lang='grc' dir='ltr'>οὐδὲ</span> <span class='ocrx_word' id='word_1_34' title='bbox 334 732 417 795; x_wconf 76' lang='grc' dir='ltr'>τὸ.</span> <span class='ocrx_word' id='word_1_35' title='bbox 454 749 475 784; x_wconf 82' lang='grc' dir='ltr'><strong>ι</strong></span> <span class='ocrx_word' id='word_1_36' title='bbox 516 734 835 802; x_wconf 74' lang='grc' dir='ltr'>’Ἄνθρωπός</span> <span class='ocrx_word' id='word_1_37' title='bbox 866 752 951 800; x_wconf 89' lang='grc' dir='ltr'><strong>τις</strong></span> <span class='ocrx_word' id='word_1_38' title='bbox 979 737 1300 793; x_wconf 69' lang='grc' dir='ltr'>κατέϐαινεν</span> <span class='ocrx_word' id='word_1_39' title='bbox 1320 742 1430 797; x_wconf 76' lang='grc' dir='ltr'><strong>ἀπὸ</strong></span> <span class='ocrx_word' id='word_1_40' title='bbox 1478 745 1750 815; x_wconf 83' lang='grc' dir='ltr'>Ἰερουσα-</span> 
     </span>
    </p>
   </div>
   <div class='ocr_carea' id='block_1_7' title="bbox 171 821 1751 905">
    <p class='ocr_par' dir='ltr' id='par_1_7' title="bbox 171 821 1751 905">
     <span class='ocr_line' id='line_1_7' title="bbox 171 821 1751 905; baseline 0.008 -31"><span class='ocrx_word' id='word_1_41' title='bbox 171 821 286 892; x_wconf 70' lang='grc' dir='ltr'>λὴμ</span> <span class='ocrx_word' id='word_1_42' title='bbox 315 822 456 894; x_wconf 69' lang='grc' dir='ltr'>[εοά.</span> <span class='ocrx_word' id='word_1_43' title='bbox 502 823 718 895; x_wconf 81' lang='grc' dir='ltr'>Ἰσραήλ</span> <span class='ocrx_word' id='word_1_44' title='bbox 744 824 770 897; x_wconf 77' lang='lat'><strong>}</strong></span> <span class='ocrx_word' id='word_1_45' title='bbox 796 827 878 891; x_wconf 77' lang='grc' dir='ltr'><strong>είς</strong></span> <span class='ocrx_word' id='word_1_46' title='bbox 918 828 1158 900; x_wconf 83' lang='grc' dir='ltr'>Ίεριχώ·</span> <span class='ocrx_word' id='word_1_47' title='bbox 1202 849 1222 883; x_wconf 76' lang='lat' dir='ltr'><strong>s</strong></span> <span class='ocrx_word' id='word_1_48' title='bbox 1254 831 1317 885; x_wconf 81' lang='grc' dir='ltr'>τὸ</span> <span class='ocrx_word' id='word_1_49' title='bbox 1350 833 1459 904; x_wconf 85' lang='grc' dir='ltr'><strong>γάρ</strong></span> <span class='ocrx_word' id='word_1_50' title='bbox 1500 835 1751 905; x_wconf 81' lang='grc' dir='ltr'>ἀόριστον</span> 
     </span>
    </p>
   </div>
   <div class='ocr_carea' id='block_1_8' title="bbox 172 909 1750 997">
    <p class='ocr_par' dir='ltr' id='par_1_8' title="bbox 172 909 1750 997">
     <span class='ocr_line' id='line_1_8' title="bbox 172 909 1750 997; baseline 0.013 -39"><span class='ocrx_word' id='word_1_51' title='bbox 172 911 205 978; x_wconf 77' lang='grc' dir='ltr'>ἡ</span> <span class='ocrx_word' id='word_1_52' title='bbox 234 909 389 980; x_wconf 70' lang='grc' dir='ltr'>φωνὴ</span> <span class='ocrx_word' id='word_1_53' title='bbox 411 912 527 963; x_wconf 73' lang='grc' dir='ltr'>νυνὶ</span> <span class='ocrx_word' id='word_1_54' title='bbox 548 911 803 981; x_wconf 76' lang='grc' dir='ltr'><strong>σημαίνει</strong></span> <span class='ocrx_word' id='word_1_55' title='bbox 820 915 929 969; x_wconf 83' lang='grc' dir='ltr'><strong>τῶν</strong></span> <span class='ocrx_word' id='word_1_56' title='bbox 949 918 1125 972; x_wconf 81' lang='grc' dir='ltr'>ἀλλων</span> <span class='ocrx_word' id='word_1_57' title='bbox 1144 918 1503 991; x_wconf 70' lang='grc' dir='ltr'>ἀποστήσασα</span> <span class='ocrx_word' id='word_1_58' title='bbox 1518 938 1537 957; x_wconf 78' lang='grc' dir='ltr'><strong><em>ο</em></strong></span> <span class='ocrx_word' id='word_1_59' title='bbox 1559 924 1750 997; x_wconf 83' lang='grc' dir='ltr'>ὥσπερ</span> 
     </span>
    </p>
   </div>
   <div class='ocr_carea' id='block_1_9' title="bbox 174 998 1749 1085">
    <p class='ocr_par' dir='ltr' id='par_1_9' title="bbox 174 998 1749 1085">
     <span class='ocr_line' id='line_1_9' title="bbox 174 998 1749 1085; baseline 0.013 -37"><span class='ocrx_word' id='word_1_60' title='bbox 174 998 273 1050; x_wconf 76' lang='grc' dir='ltr'>καὶ</span> <span class='ocrx_word' id='word_1_61' title='bbox 294 998 377 1063; x_wconf 77' lang='grc' dir='ltr'><strong>τὸ,</strong></span> <span class='ocrx_word' id='word_1_62' title='bbox 400 1016 420 1050; x_wconf 88' lang='grc' dir='ltr'><strong>ι</strong></span> <span class='ocrx_word' id='word_1_63' title='bbox 446 999 565 1053; x_wconf 70' lang='grc' dir='ltr'>Εἰσί</span> <span class='ocrx_word' id='word_1_64' title='bbox 588 1017 735 1065; x_wconf 81' lang='grc' dir='ltr'>τινες</span> <span class='ocrx_word' id='word_1_65' title='bbox 762 1003 872 1056; x_wconf 82' lang='grc' dir='ltr'>τῶν</span> <span class='ocrx_word' id='word_1_66' title='bbox 890 998 991 1058; x_wconf 82' lang='grc' dir='ltr'>ὦδε</span> <span class='ocrx_word' id='word_1_67' title='bbox 1015 1006 1345 1078; x_wconf 73' lang='grc' dir='ltr'>ἑστηιώτων,</span> <span class='ocrx_word' id='word_1_68' title='bbox 1371 1011 1568 1076; x_wconf 81' lang='grc' dir='ltr'>οῐτινες</span> <span class='ocrx_word' id='word_1_69' title='bbox 1588 1016 1648 1068; x_wconf 86' lang='grc' dir='ltr'><strong>οὐ</strong></span> <span class='ocrx_word' id='word_1_70' title='bbox 1673 1016 1749 1085; x_wconf 76' lang='grc' dir='ltr'>μὴ</span> 
     </span>
    </p>
   </div>
   <div class='ocr_carea' id='block_1_10' title="bbox 170 1089 1749 1172">
    <p class='ocr_par' dir='ltr' id='par_1_10' title="bbox 170 1089 1749 1172">
     <span class='ocr_line' id='line_1_10' title="bbox 170 1089 1749 1172; baseline 0.013 -32"><span class='ocrx_word' id='word_1_71' title='bbox 170 1089 478 1155; x_wconf 85' lang='grc' dir='ltr'>γεύσωνται</span> <span class='ocrx_word' id='word_1_72' title='bbox 530 1091 761 1146; x_wconf 80' lang='grc' dir='ltr'>θανάτου</span> <span class='ocrx_word' id='word_1_73' title='bbox 791 1094 899 1158; x_wconf 79' lang='grc' dir='ltr'>ῑως</span> <span class='ocrx_word' id='word_1_74' title='bbox 934 1097 1001 1150; x_wconf 88' lang='grc' dir='ltr'><strong>ἀν</strong></span> <span class='ocrx_word' id='word_1_75' title='bbox 1030 1098 1180 1152; x_wconf 86' lang='grc' dir='ltr'>ῖδωσι</span> <span class='ocrx_word' id='word_1_76' title='bbox 1222 1101 1323 1172; x_wconf 76' lang='grc' dir='ltr'>τὴν</span> <span class='ocrx_word' id='word_1_77' title='bbox 1352 1101 1630 1171; x_wconf 82' lang='grc' dir='ltr'>βασιλείαν</span> <span class='ocrx_word' id='word_1_78' title='bbox 1654 1106 1749 1160; x_wconf 81' lang='grc' dir='ltr'><strong>τοῦ</strong></span> 
     </span>
    </p>
   </div>
   <div class='ocr_carea' id='block_1_11' title="bbox 170 1178 1746 1267">
    <p class='ocr_par' dir='ltr' id='par_1_11' title="bbox 170 1178 1746 1267">
     <span class='ocr_line' id='line_1_11' title="bbox 170 1178 1746 1267; baseline 0.013 -36"><span class='ocrx_word' id='word_1_79' title='bbox 170 1178 337 1245; x_wconf 81' lang='grc' dir='ltr'>Θεοῦ,</span> <span class='ocrx_word' id='word_1_80' title='bbox 370 1199 390 1233; x_wconf 79' lang='lat' dir='ltr'><strong>s</strong></span> <span class='ocrx_word' id='word_1_81' title='bbox 416 1179 517 1253; x_wconf 81' lang='grc' dir='ltr'>τὴν</span> <span class='ocrx_word' id='word_1_82' title='bbox 542 1182 635 1237; x_wconf 84' lang='grc' dir='ltr'>τοῦ</span> <span class='ocrx_word' id='word_1_83' title='bbox 669 1184 1095 1258; x_wconf 80' lang='grc' dir='ltr'>προσδιορισμοῦ</span> <span class='ocrx_word' id='word_1_84' title='bbox 1131 1190 1324 1261; x_wconf 85' lang='grc' dir='ltr'>χρείαν</span> <span class='ocrx_word' id='word_1_85' title='bbox 1362 1185 1746 1267; x_wconf 80' lang='grc' dir='ltr'>ἀναπληροῦν.</span> 
     </span>
    </p>
   </div>
   <div class='ocr_carea' id='block_1_12' title="bbox 171 1270 1753 1360">
    <p class='ocr_par' dir='ltr' id='par_1_12' title="bbox 171 1270 1753 1360">
     <span class='ocr_line' id='line_1_12' title="bbox 171 1270 1753 1360; baseline 0.013 -37"><span class='ocrx_word' id='word_1_86' title='bbox 171 1270 487 1343; x_wconf 81' lang='grc' dir='ltr'>Ἀρκεῖγάρ</span> <span class='ocrx_word' id='word_1_87' title='bbox 516 1274 614 1328; x_wconf 79' lang='grc' dir='ltr'>καὶ</span> <span class='ocrx_word' id='word_1_88' title='bbox 642 1278 833 1349; x_wconf 79' lang='grc' dir='ltr'>μνήμη</span> <span class='ocrx_word' id='word_1_89' title='bbox 865 1280 1025 1349; x_wconf 84' lang='grc' dir='ltr'>μόνον</span> <span class='ocrx_word' id='word_1_90' title='bbox 1054 1281 1173 1345; x_wconf 65' lang='grc' dir='ltr'>ἑνὸς</span> <span class='ocrx_word' id='word_1_91' title='bbox 1198 1284 1638 1357; x_wconf 79' lang='grc' dir='ltr'>παραδείγματος</span> <span class='ocrx_word' id='word_1_92' title='bbox 1652 1288 1753 1360; x_wconf 74' lang='grc' dir='ltr'>τήν</span> 
     </span>
    </p>
   </div>
   <div class='ocr_carea' id='block_1_13' title="bbox 171 1364 1751 1449">
    <p class='ocr_par' dir='ltr' id='par_1_13' title="bbox 171 1364 1751 1449">
     <span class='ocr_line' id='line_1_13' title="bbox 171 1364 1751 1449; baseline 0.003 -18"><span class='ocrx_word' id='word_1_93' title='bbox 171 1364 373 1434; x_wconf 81' lang='grc' dir='ltr'>κρῆσιν</span> <span class='ocrx_word' id='word_1_94' title='bbox 402 1366 666 1433; x_wconf 61' lang='grc' dir='ltr'>ἐπιδεῖξαι</span> <span class='ocrx_word' id='word_1_95' title='bbox 702 1371 803 1440; x_wconf 78' lang='grc' dir='ltr'><strong>τῆς</strong></span> <span class='ocrx_word' id='word_1_96' title='bbox 836 1372 1043 1443; x_wconf 76' lang='grc' dir='ltr'>φωνῆς,</span> <span class='ocrx_word' id='word_1_97' title='bbox 1074 1374 1153 1439; x_wconf 81' lang='grc' dir='ltr'>ὡς</span> <span class='ocrx_word' id='word_1_98' title='bbox 1189 1376 1368 1432; x_wconf 79' lang='grc' dir='ltr'>οὐδενὶ</span> <span class='ocrx_word' id='word_1_99' title='bbox 1398 1378 1511 1433; x_wconf 83' lang='grc' dir='ltr'><strong>τῶν</strong></span> <span class='ocrx_word' id='word_1_100' title='bbox 1548 1397 1751 1449; x_wconf 83' lang='grc' dir='ltr'>προτε-</span> 
     </span>
    </p>
   </div>
   <div class='ocr_carea' id='block_1_14' title="bbox 168 1456 903 1529">
    <p class='ocr_par' dir='ltr' id='par_1_14' title="bbox 168 1456 903 1529">
     <span class='ocr_line' id='line_1_14' title="bbox 168 1456 903 1529; baseline 0.015 -23"><span class='ocrx_word' id='word_1_101' title='bbox 168 1456 463 1525; x_wconf 82' lang='grc' dir='ltr'>ταγμένων</span> <span class='ocrx_word' id='word_1_102' title='bbox 485 1459 903 1529; x_wconf 77' lang='grc' dir='ltr'>συμϐιϐἀζεται.</span> 
     </span>
    </p>
   </div>
   <div class='ocr_carea' id='block_1_15' title="bbox 1853 656 3439 733">
    <p class='ocr_par' dir='ltr' id='par_1_15' title="bbox 1853 656 3439 733">
     <span class='ocr_line' id='line_1_15' title="bbox 1853 656 3439 733; baseline 0.003 -21"><span class='ocrx_word' id='word_1_103' title='bbox 1853 658 1948 728; x_wconf 88' lang='lat' dir='ltr'><strong>qui</strong></span> <span class='ocrx_word' id='word_1_104' title='bbox 1989 657 2234 711; x_wconf 86' lang='lat' dir='ltr'><strong>victurus</strong></span> <span class='ocrx_word' id='word_1_105' title='bbox 2262 656 2354 723; x_wconf 87' lang='lat' dir='ltr'><strong>sit,</strong></span> <span class='ocrx_word' id='word_1_106' title='bbox 2391 666 2738 727; x_wconf 90' lang='lat' dir='ltr'><strong>mortemque</strong></span> <span class='ocrx_word' id='word_1_107' title='bbox 2786 674 2895 713; x_wconf 91' lang='lat' dir='ltr'><strong>non</strong></span> <span class='ocrx_word' id='word_1_108' title='bbox 2949 660 3190 716; x_wconf 89' lang='lat' dir='ltr'><strong>visurus.</strong></span> <span class='ocrx_word' id='word_1_109' title='bbox 3248 662 3439 733; x_wconf 81' lang='lat' dir='ltr'><strong>Neque</strong></span> 
     </span>
    </p>
   </div>
   <div class='ocr_carea' id='block_1_16' title="bbox 1854 748 3438 817">
    <p class='ocr_par' dir='ltr' id='par_1_16' title="bbox 1854 748 3438 817">
     <span class='ocr_line' id='line_1_16' title="bbox 1854 748 3438 817; baseline 0.004 -14"><span class='ocrx_word' id='word_1_110' title='bbox 1854 750 1938 804; x_wconf 74' lang='lat' dir='ltr'><strong>ha:</strong></span> <span class='ocrx_word' id='word_1_111' title='bbox 1969 763 2161 803; x_wconf 87' lang='lat' dir='ltr'><strong>rursus</strong></span> <span class='ocrx_word' id='word_1_112' title='bbox 2184 748 2441 817; x_wconf 82' lang='lat' dir='ltr'><strong>cuiquam</strong></span> <span class='ocrx_word' id='word_1_113' title='bbox 2466 765 2532 805; x_wconf 78' lang='lat' dir='ltr'><strong>ex</strong></span> <span class='ocrx_word' id='word_1_114' title='bbox 2567 750 2875 806; x_wconf 74' lang='lat' dir='ltr'><strong>antedictis</strong></span> <span class='ocrx_word' id='word_1_115' title='bbox 2903 750 3277 809; x_wconf 90' lang='lat' dir='ltr'><strong>locutionibus</strong></span> <span class='ocrx_word' id='word_1_116' title='bbox 3303 770 3438 810; x_wconf 83' lang='lat' dir='ltr'><strong>con-</strong></span> 
     </span>
    </p>
   </div>
   <div class='ocr_carea' id='block_1_17' title="bbox 1854 842 3432 917">
    <p class='ocr_par' dir='ltr' id='par_1_17' title="bbox 1854 842 3432 917">
     <span class='ocr_line' id='line_1_17' title="bbox 1854 842 3432 917; baseline 0.006 -23"><span class='ocrx_word' id='word_1_117' title='bbox 1854 850 2076 911; x_wconf 86' lang='lat' dir='ltr'><strong>gruunt,</strong></span> <span class='ocrx_word' id='word_1_118' title='bbox 2129 842 2343 897; x_wconf 82' lang='lat' dir='ltr'><strong>etiamsi</strong></span> <span class='ocrx_word' id='word_1_119' title='bbox 2399 843 2714 898; x_wconf 88' lang='lat' dir='ltr'><strong>terminatio</strong></span> <span class='ocrx_word' id='word_1_120' title='bbox 2766 844 3024 899; x_wconf 91' lang='lat' dir='ltr'><strong>vocabuli</strong></span> <span class='ocrx_word' id='word_1_121' title='bbox 3084 860 3432 917; x_wconf 64' lang='lat' dir='ltr'><strong>nequaquwm</strong></span> 
     </span>
    </p>
   </div>
   <div class='ocr_carea' id='block_1_18' title="bbox 1853 931 3434 1009">
    <p class='ocr_par' dir='ltr' id='par_1_18' title="bbox 1853 931 3434 1009">
     <span class='ocr_line' id='line_1_18' title="bbox 1853 931 3434 1009; baseline 0.006 -24"><span class='ocrx_word' id='word_1_122' title='bbox 1853 932 2070 988; x_wconf 78' lang='lat' dir='ltr'><strong>diﬂ&#39;ert:</strong></span> <span class='ocrx_word' id='word_1_123' title='bbox 2117 947 2294 1002; x_wconf 91' lang='lat' dir='ltr'><strong>neque</strong></span> <span class='ocrx_word' id='word_1_124' title='bbox 2336 934 2462 989; x_wconf 91' lang='lat' dir='ltr'><strong>item</strong></span> <span class='ocrx_word' id='word_1_125' title='bbox 2494 948 2508 985; x_wconf 87' lang='lat'><strong>:</strong></span> <span class='ocrx_word' id='word_1_126' title='bbox 2543 952 2563 985; x_wconf 83' lang='grc' dir='ltr'><strong>ε</strong></span> <span class='ocrx_word' id='word_1_127' title='bbox 2602 931 2778 989; x_wconf 79' lang='lat' dir='ltr'><strong>Homo</strong></span> <span class='ocrx_word' id='word_1_128' title='bbox 2816 935 2904 997; x_wconf 87' lang='grc' dir='ltr'>τὶς</span> <span class='ocrx_word' id='word_1_129' title='bbox 2941 944 3060 990; x_wconf 88' lang='lat' dir='ltr'><strong>erat</strong></span> <span class='ocrx_word' id='word_1_130' title='bbox 3117 937 3171 991; x_wconf 95' lang='lat' dir='ltr'><strong>in</strong></span> <span class='ocrx_word' id='word_1_131' title='bbox 3214 941 3434 1009; x_wconf 76' lang='lat' dir='ltr'><strong>regione</strong></span> 
     </span>
    </p>
   </div>
   <div class='ocr_carea' id='block_1_19' title="bbox 1852 1024 3434 1098">
    <p class='ocr_par' dir='ltr' id='par_1_19' title="bbox 1852 1024 3434 1098">
     <span class='ocr_line' id='line_1_19' title="bbox 1852 1024 3434 1098; baseline 0.004 -18"><span class='ocrx_word' id='word_1_132' title='bbox 1852 1024 2099 1080; x_wconf 78' lang='lat' dir='ltr'><strong>Ausitide</strong></span> <span class='ocrx_word' id='word_1_133' title='bbox 2136 1024 2212 1089; x_wconf 81' lang='lat'><strong>“;</strong></span> <span class='ocrx_word' id='word_1_134' title='bbox 2244 1027 2365 1093; x_wconf 59' lang='lat' dir='ltr'><strong>olet</strong></span> <span class='ocrx_word' id='word_1_135' title='bbox 2394 1042 2409 1079; x_wconf 90' lang='lat'><strong>:</strong></span> <span class='ocrx_word' id='word_1_136' title='bbox 2443 1044 2463 1078; x_wconf 80' lang='grc' dir='ltr'><strong>ι</strong></span> <span class='ocrx_word' id='word_1_137' title='bbox 2497 1024 2673 1080; x_wconf 86' lang='lat' dir='ltr'><strong>Homo</strong></span> <span class='ocrx_word' id='word_1_138' title='bbox 2714 1027 2802 1091; x_wconf 79' lang='grc' dir='ltr'>τὶς</span> <span class='ocrx_word' id='word_1_139' title='bbox 2857 1025 3253 1098; x_wconf 74' lang='lat' dir='ltr'><strong>Hierosolymis</strong></span> <span class='ocrx_word' id='word_1_140' title='bbox 3295 1029 3434 1087; x_wconf 72' lang='lat' dir='ltr'><strong>leri-</strong></span> 
     </span>
    </p>
   </div>
   <div class='ocr_carea' id='block_1_20' title="bbox 1850 1114 3433 1176">
    <p class='ocr_par' dir='ltr' id='par_1_20' title="bbox 1850 1114 3433 1176">
     <span class='ocr_line' id='line_1_20' title="bbox 1850 1114 3433 1176; baseline 0.004 -6"><span class='ocrx_word' id='word_1_141' title='bbox 1850 1124 2068 1171; x_wconf 89' lang='lat' dir='ltr'><strong>cuntem</strong></span> <span class='ocrx_word' id='word_1_142' title='bbox 2095 1114 2341 1170; x_wconf 72' lang='lat' dir='ltr'><strong>veniebat</strong></span> <span class='ocrx_word' id='word_1_143' title='bbox 2361 1115 2425 1170; x_wconf 81' lang='lat'><strong>&quot;.</strong></span> <span class='ocrx_word' id='word_1_144' title='bbox 2465 1134 2485 1169; x_wconf 82' lang='lat' dir='ltr'><strong>s</strong></span> <span class='ocrx_word' id='word_1_145' title='bbox 2522 1116 2643 1171; x_wconf 78' lang='lat' dir='ltr'><strong>Vox</strong></span> <span class='ocrx_word' id='word_1_146' title='bbox 2670 1118 2817 1172; x_wconf 90' lang='lat' dir='ltr'><strong>enim</strong></span> <span class='ocrx_word' id='word_1_147' title='bbox 2842 1116 2934 1172; x_wconf 85' lang='lat' dir='ltr'><strong>hic</strong></span> <span class='ocrx_word' id='word_1_148' title='bbox 2963 1119 3205 1173; x_wconf 88' lang='lat' dir='ltr'><strong>ostendit</strong></span> <span class='ocrx_word' id='word_1_149' title='bbox 3237 1121 3433 1176; x_wconf 86' lang='lat' dir='ltr'><strong>indeli-</strong></span> 
     </span>
    </p>
   </div>
   <div class='ocr_carea' id='block_1_21' title="bbox 1850 1208 3434 1280">
    <p class='ocr_par' dir='ltr' id='par_1_21' title="bbox 1850 1208 3434 1280">
     <span class='ocr_line' id='line_1_21' title="bbox 1850 1208 3434 1280; baseline 0.006 -19"><span class='ocrx_word' id='word_1_150' title='bbox 1850 1208 2024 1262; x_wconf 91' lang='lat' dir='ltr'><strong>nitum</strong></span> <span class='ocrx_word' id='word_1_151' title='bbox 2084 1208 2327 1279; x_wconf 88' lang='lat' dir='ltr'><strong>aliquid.</strong></span> <span class='ocrx_word' id='word_1_152' title='bbox 2382 1218 2549 1279; x_wconf 86' lang='lat' dir='ltr'><strong>atque</strong></span> <span class='ocrx_word' id='word_1_153' title='bbox 2609 1225 2640 1265; x_wconf 86' lang='lat' dir='ltr'><strong>a</strong></span> <span class='ocrx_word' id='word_1_154' title='bbox 2702 1211 3085 1280; x_wconf 73' lang='lat' dir='ltr'><strong>superioribus</strong></span> <span class='ocrx_word' id='word_1_155' title='bbox 3150 1215 3434 1270; x_wconf 84' lang='lat' dir='ltr'><strong>sententiis</strong></span> 
     </span>
    </p>
   </div>
   <div class='ocr_carea' id='block_1_22' title="bbox 1850 1297 3437 1373">
    <p class='ocr_par' dir='ltr' id='par_1_22' title="bbox 1850 1297 3437 1373">
     <span class='ocr_line' id='line_1_22' title="bbox 1850 1297 3437 1373; baseline 0.004 -20"><span class='ocrx_word' id='word_1_156' title='bbox 1850 1299 2075 1353; x_wconf 88' lang='lat' dir='ltr'><strong>abludit.</strong></span> <span class='ocrx_word' id='word_1_157' title='bbox 2104 1297 2279 1354; x_wconf 73' lang='lat' dir='ltr'><strong>Veluti</strong></span> <span class='ocrx_word' id='word_1_158' title='bbox 2304 1309 2357 1355; x_wconf 90' lang='lat' dir='ltr'><strong>et</strong></span> <span class='ocrx_word' id='word_1_159' title='bbox 2383 1300 2516 1354; x_wconf 92' lang='lat' dir='ltr'><strong>illud</strong></span> <span class='ocrx_word' id='word_1_160' title='bbox 2556 1317 2614 1353; x_wconf 77' lang='grc' dir='ltr'><strong>ει</strong></span> <span class='ocrx_word' id='word_1_161' title='bbox 2651 1298 2793 1355; x_wconf 90' lang='lat' dir='ltr'><strong>Sunt</strong></span> <span class='ocrx_word' id='word_1_162' title='bbox 2817 1300 2963 1364; x_wconf 67' lang='grc' dir='ltr'>τινες</span> <span class='ocrx_word' id='word_1_163' title='bbox 2988 1302 3055 1357; x_wconf 94' lang='lat' dir='ltr'><strong>de</strong></span> <span class='ocrx_word' id='word_1_164' title='bbox 3078 1301 3167 1358; x_wconf 88' lang='lat' dir='ltr'><strong>hic</strong></span> <span class='ocrx_word' id='word_1_165' title='bbox 3196 1318 3406 1373; x_wconf 66' lang='lat' dir='ltr'><strong>praesen</strong></span> <span class='ocrx_word' id='word_1_166' title='bbox 3432 1343 3437 1349; x_wconf 65' lang='grc' dir='ltr'><strong>ι</strong></span> 
     </span>
    </p>
   </div>
   <div class='ocr_carea' id='block_1_23' title="bbox 1850 1390 3435 1462">
    <p class='ocr_par' dir='ltr' id='par_1_23' title="bbox 1850 1390 3435 1462">
     <span class='ocr_line' id='line_1_23' title="bbox 1850 1390 3435 1462; baseline 0.003 -18"><span class='ocrx_word' id='word_1_167' title='bbox 1850 1390 2017 1455; x_wconf 88' lang='lat' dir='ltr'><strong>tibus,</strong></span> <span class='ocrx_word' id='word_1_168' title='bbox 2049 1392 2142 1462; x_wconf 90' lang='lat' dir='ltr'><strong>qui</strong></span> <span class='ocrx_word' id='word_1_169' title='bbox 2178 1406 2285 1445; x_wconf 92' lang='lat' dir='ltr'><strong>non</strong></span> <span class='ocrx_word' id='word_1_170' title='bbox 2335 1390 2637 1461; x_wconf 73' lang='lat' dir='ltr'><strong>gustabunt</strong></span> <span class='ocrx_word' id='word_1_171' title='bbox 2683 1401 2939 1452; x_wconf 91' lang='lat' dir='ltr'><strong>mortem.</strong></span> <span class='ocrx_word' id='word_1_172' title='bbox 2985 1391 3164 1448; x_wconf 91' lang='lat' dir='ltr'><strong>donec</strong></span> <span class='ocrx_word' id='word_1_173' title='bbox 3211 1395 3435 1449; x_wconf 87' lang='lat' dir='ltr'><strong>videant</strong></span> 
     </span>
    </p>
   </div>
   <div class='ocr_carea' id='block_1_24' title="bbox 1849 1480 3435 1552">
    <p class='ocr_par' dir='ltr' id='par_1_24' title="bbox 1849 1480 3435 1552">
     <span class='ocr_line' id='line_1_24' title="bbox 1849 1480 3435 1552; baseline 0.003 -19"><span class='ocrx_word' id='word_1_174' title='bbox 1849 1495 2077 1551; x_wconf 91' lang='lat' dir='ltr'><strong>regnum</strong></span> <span class='ocrx_word' id='word_1_175' title='bbox 2114 1480 2208 1537; x_wconf 88' lang='lat' dir='ltr'><strong>Dei</strong></span> <span class='ocrx_word' id='word_1_176' title='bbox 2235 1480 2302 1545; x_wconf 78' lang='lat'><strong>“&#39;,</strong></span> <span class='ocrx_word' id='word_1_177' title='bbox 2346 1500 2365 1533; x_wconf 84' lang='grc'><strong>›</strong></span> <span class='ocrx_word' id='word_1_178' title='bbox 2398 1480 2763 1535; x_wconf 88' lang='lat' dir='ltr'><strong>restrictionis</strong></span> <span class='ocrx_word' id='word_1_179' title='bbox 2782 1480 3017 1536; x_wconf 81' lang='lat' dir='ltr'><strong>oﬂicium</strong></span> <span class='ocrx_word' id='word_1_180' title='bbox 3047 1481 3256 1552; x_wconf 86' lang='lat' dir='ltr'><strong>implet.</strong></span> <span class='ocrx_word' id='word_1_181' title='bbox 3300 1482 3435 1538; x_wconf 84' lang='lat' dir='ltr'><strong>Suf—</strong></span> 
     </span>
    </p>
   </div>
   <div class='ocr_carea' id='block_1_25' title="bbox 169 1542 3434 1644">
    <p class='ocr_par' dir='ltr' id='par_1_25' title="bbox 169 1542 3434 1644">
     <span class='ocr_line' id='line_1_25' title="bbox 169 1542 3434 1644; baseline 0.01 -43"><span class='ocrx_word' id='word_1_182' title='bbox 169 1549 511 1644; x_wconf 80' lang='lat' dir='ltr'><strong>licitantem</strong></span> <span class='ocrx_word' id='word_1_183' title='bbox 560 1552 646 1608; x_wconf 92' lang='lat' dir='ltr'><strong>vel</strong></span> <span class='ocrx_word' id='word_1_184' title='bbox 700 1555 865 1612; x_wconf 86' lang='lat' dir='ltr'><strong>unius</strong></span> <span class='ocrx_word' id='word_1_185' title='bbox 910 1542 1144 1630; x_wconf 80' lang='lat' dir='ltr'><strong>exempli</strong></span> <span class='ocrx_word' id='word_1_186' title='bbox 1196 1562 1407 1618; x_wconf 87' lang='lat' dir='ltr'><strong>mentio</strong></span> <span class='ocrx_word' id='word_1_187' title='bbox 1456 1564 1753 1623; x_wconf 87' lang='lat' dir='ltr'><strong>indicando</strong></span> <span class='ocrx_word' id='word_1_188' title='bbox 1787 1542 2039 1626; x_wconf 75' lang='lat' dir='ltr'><strong>vocabuli</strong></span> <span class='ocrx_word' id='word_1_189' title='bbox 2104 1572 2254 1637; x_wconf 82' lang='lat' dir='ltr'><strong>usui,</strong></span> <span class='ocrx_word' id='word_1_190' title='bbox 2287 1542 2509 1642; x_wconf 27' lang='lat' dir='ltr'><strong>vnempe</strong></span> <span class='ocrx_word' id='word_1_191' title='bbox 2550 1574 2647 1642; x_wconf 89' lang='lat' dir='ltr'><strong>qui</strong></span> <span class='ocrx_word' id='word_1_192' title='bbox 2710 1573 2847 1629; x_wconf 90' lang='lat' dir='ltr'><strong>nulli</strong></span> <span class='ocrx_word' id='word_1_193' title='bbox 2909 1542 3257 1644; x_wconf 68' lang='lat' dir='ltr'><strong>superiorum</strong></span> <span class='ocrx_word' id='word_1_194' title='bbox 3296 1593 3434 1633; x_wconf 88' lang='lat' dir='ltr'><strong>con-</strong></span> 
     </span>
    </p>
   </div>
   <div class='ocr_carea' id='block_1_26' title="bbox 170 1640 345 1711">
    <p class='ocr_par' dir='ltr' id='par_1_26' title="bbox 170 1640 345 1711">
     <span class='ocr_line' id='line_1_26' title="bbox 170 1640 345 1711; baseline 0.011 -16"><span class='ocrx_word' id='word_1_195' title='bbox 170 1640 345 1711; x_wconf 78' lang='lat' dir='ltr'><strong>gruit.</strong></span> 
     </span>
    </p>
   </div>
   <div class='ocr_carea' id='block_1_27' title="bbox 242 1738 1747 1823">
    <p class='ocr_par' dir='ltr' id='par_1_27' title="bbox 242 1738 1747 1823">
     <span class='ocr_line' id='line_1_27' title="bbox 242 1738 1747 1823; baseline 0.012 -33"><span class='ocrx_word' id='word_1_196' title='bbox 242 1745 359 1804; x_wconf 65' lang='grc' dir='ltr'><strong>κζ’.</strong></span> <span class='ocrx_word' id='word_1_197' title='bbox 381 1738 518 1794; x_wconf 85' lang='grc' dir='ltr'>τίνα</span> <span class='ocrx_word' id='word_1_198' title='bbox 535 1738 582 1792; x_wconf 83' lang='grc' dir='ltr'>δ’</span> <span class='ocrx_word' id='word_1_199' title='bbox 611 1740 679 1794; x_wconf 80' lang='grc' dir='ltr'><strong>ἀν</strong></span> <span class='ocrx_word' id='word_1_200' title='bbox 693 1740 805 1812; x_wconf 77' lang='grc' dir='ltr'>εχοι</span> <span class='ocrx_word' id='word_1_201' title='bbox 828 1746 1113 1799; x_wconf 73' lang='grc' dir='ltr'><strong>κοινωνίαν</strong></span> <span class='ocrx_word' id='word_1_202' title='bbox 1140 1747 1277 1820; x_wconf 74' lang='grc' dir='ltr'>πρὸς</span> <span class='ocrx_word' id='word_1_203' title='bbox 1290 1747 1360 1803; x_wconf 91' lang='grc' dir='ltr'><strong>τά</strong></span> <span class='ocrx_word' id='word_1_204' title='bbox 1386 1751 1747 1823; x_wconf 70' lang='grc' dir='ltr'><strong>ιιιρολιιιϐόντα¹</strong></span> 
     </span>
    </p>
   </div>
   <div class='ocr_carea' id='block_1_28' title="bbox 1846 1738 3432 1823">
    <p class='ocr_par' dir='ltr' id='par_1_28' title="bbox 1926 1746 3432 1822">
     <span class='ocr_line' id='line_1_28' title="bbox 1926 1746 3432 1822; baseline 0.001 -17"><span class='ocrx_word' id='word_1_205' title='bbox 1926 1747 2021 1808; x_wconf 77' lang='lat'><strong>9.6.</strong></span> <span class='ocrx_word' id='word_1_206' title='bbox 2057 1747 2202 1803; x_wconf 85' lang='lat' dir='ltr'><strong>Sane</strong></span> <span class='ocrx_word' id='word_1_207' title='bbox 2229 1746 2362 1818; x_wconf 86' lang='lat' dir='ltr'><strong>quid</strong></span> <span class='ocrx_word' id='word_1_208' title='bbox 2391 1761 2684 1803; x_wconf 88' lang='lat' dir='ltr'><strong>commune</strong></span> <span class='ocrx_word' id='word_1_209' title='bbox 2713 1748 2916 1804; x_wconf 79' lang='lat' dir='ltr'><strong>habent</strong></span> <span class='ocrx_word' id='word_1_210' title='bbox 2964 1765 3088 1805; x_wconf 88' lang='lat' dir='ltr'><strong>cum</strong></span> <span class='ocrx_word' id='word_1_211' title='bbox 3120 1752 3432 1822; x_wconf 82' lang='lat' dir='ltr'><strong>suprascri-</strong></span> 
     </span>
    </p>
   </div>
   <div class='ocr_carea' id='block_1_29' title="bbox 170 1831 1751 1912">
    <p class='ocr_par' dir='ltr' id='par_1_29' title="bbox 170 1831 1751 1912">
     <span class='ocr_line' id='line_1_29' title="bbox 170 1831 1751 1912; baseline 0.009 -30"><span class='ocrx_word' id='word_1_212' title='bbox 170 1832 219 1882; x_wconf 84' lang='grc' dir='ltr'><strong>εί</strong></span> <span class='ocrx_word' id='word_1_213' title='bbox 256 1831 485 1900; x_wconf 73' lang='grc' dir='ltr'>καὶτῆς</span> <span class='ocrx_word' id='word_1_214' title='bbox 535 1833 717 1903; x_wconf 82' lang='grc' dir='ltr'>φωνῆς</span> <span class='ocrx_word' id='word_1_215' title='bbox 768 1835 1191 1907; x_wconf 79' lang='grc' dir='ltr'>ἀπαράλλακτος</span> <span class='ocrx_word' id='word_1_216' title='bbox 1217 1841 1247 1893; x_wconf 98' lang='lat'><strong>6</strong></span> <span class='ocrx_word' id='word_1_217' title='bbox 1285 1839 1441 1912; x_wconf 74' lang='grc' dir='ltr'>ἦχος,</span> <span class='ocrx_word' id='word_1_218' title='bbox 1472 1843 1554 1907; x_wconf 82' lang='grc' dir='ltr'>τὸ,</span> <span class='ocrx_word' id='word_1_219' title='bbox 1588 1864 1608 1897; x_wconf 84' lang='grc' dir='ltr'><strong>ι</strong></span> <span class='ocrx_word' id='word_1_220' title='bbox 1656 1845 1751 1912; x_wconf 85' lang='grc' dir='ltr'>Τίς</span> 
     </span>
    </p>
   </div>
   <div class='ocr_carea' id='block_1_30' title="bbox 168 1920 1751 1997">
    <p class='ocr_par' dir='ltr' id='par_1_30' title="bbox 168 1920 1751 1997">
     <span class='ocr_line' id='line_1_30' title="bbox 168 1920 1751 1997; baseline 0.013 -25"><span class='ocrx_word' id='word_1_221' title='bbox 168 1920 465 1991; x_wconf 68' lang='grc' dir='ltr'>ἀνήγγειλε</span> <span class='ocrx_word' id='word_1_222' title='bbox 513 1938 617 1984; x_wconf 85' lang='grc' dir='ltr'>σοι,</span> <span class='ocrx_word' id='word_1_223' title='bbox 660 1925 740 1978; x_wconf 83' lang='grc' dir='ltr'>ὅτι</span> <span class='ocrx_word' id='word_1_224' title='bbox 790 1927 996 1997; x_wconf 78' lang='grc' dir='ltr'>γυμνὸς</span> <span class='ocrx_word' id='word_1_225' title='bbox 1023 1922 1109 1996; x_wconf 70' lang='lat' dir='ltr'><strong>si;</strong></span> <span class='ocrx_word' id='word_1_226' title='bbox 1142 1949 1160 1981; x_wconf 77' lang='grc' dir='ltr'><strong>ι</strong></span> <span class='ocrx_word' id='word_1_227' title='bbox 1194 1934 1306 1996; x_wconf 81' lang='grc' dir='ltr'>καὶ,</span> <span class='ocrx_word' id='word_1_228' title='bbox 1341 1950 1361 1983; x_wconf 82' lang='grc' dir='ltr'><strong>ι</strong></span> <span class='ocrx_word' id='word_1_229' title='bbox 1390 1932 1487 1997; x_wconf 84' lang='grc' dir='ltr'>Τίς</span> <span class='ocrx_word' id='word_1_230' title='bbox 1516 1952 1575 1989; x_wconf 90' lang='grc' dir='ltr'><strong>σε</strong></span> <span class='ocrx_word' id='word_1_231' title='bbox 1619 1954 1751 1991; x_wconf 86' lang='grc' dir='ltr'>κατ-</span> 
     </span>
    </p>
   </div>
   <div class='ocr_carea' id='block_1_31' title="bbox 170 2010 1747 2097">
    <p class='ocr_par' dir='ltr' id='par_1_31' title="bbox 170 2010 1747 2097">
     <span class='ocr_line' id='line_1_31' title="bbox 170 2010 1747 2097; baseline 0.014 -36"><span class='ocrx_word' id='word_1_232' title='bbox 170 2010 409 2079; x_wconf 83' lang='grc' dir='ltr'>ἐστησεν</span> <span class='ocrx_word' id='word_1_233' title='bbox 452 2011 690 2083; x_wconf 78' lang='grc' dir='ltr'>ἄρχοντα</span> <span class='ocrx_word' id='word_1_234' title='bbox 742 2017 836 2095; x_wconf 82' lang='grc' dir='ltr'><strong>καὶ</strong></span> <span class='ocrx_word' id='word_1_235' title='bbox 876 2017 1138 2092; x_wconf 78' lang='grc' dir='ltr'>δικαστὴν</span> <span class='ocrx_word' id='word_1_236' title='bbox 1182 2024 1270 2092; x_wconf 72' lang='grc' dir='ltr'><strong>ἐφ’</strong></span> <span class='ocrx_word' id='word_1_237' title='bbox 1330 2025 1520 2095; x_wconf 77' lang='grc' dir='ltr'>ήμάςς</span> <span class='ocrx_word' id='word_1_238' title='bbox 1560 2047 1578 2079; x_wconf 79' lang='grc' dir='ltr'><strong>ι</strong></span> <span class='ocrx_word' id='word_1_239' title='bbox 1628 2030 1747 2097; x_wconf 79' lang='grc' dir='ltr'>καὶ,</span> 
     </span>
    </p>
   </div>
   <div class='ocr_carea' id='block_1_32' title="bbox 174 2098 1751 2185">
    <p class='ocr_par' dir='ltr' id='par_1_32' title="bbox 174 2098 1751 2185">
     <span class='ocr_line' id='line_1_32' title="bbox 174 2098 1751 2185; baseline 0.014 -32"><span class='ocrx_word' id='word_1_240' title='bbox 174 2120 194 2153; x_wconf 78' lang='grc' dir='ltr'><strong>ι</strong></span> <span class='ocrx_word' id='word_1_241' title='bbox 229 2102 329 2165; x_wconf 76' lang='grc' dir='ltr'>Τίς</span> <span class='ocrx_word' id='word_1_242' title='bbox 357 2098 409 2157; x_wconf 81' lang='grc' dir='ltr'>εἷ</span> <span class='ocrx_word' id='word_1_243' title='bbox 441 2105 507 2158; x_wconf 78' lang='grc' dir='ltr'>σὺ</span> <span class='ocrx_word' id='word_1_244' title='bbox 527 2106 554 2158; x_wconf 90' lang='lat'><strong>6</strong></span> <span class='ocrx_word' id='word_1_245' title='bbox 583 2106 786 2176; x_wconf 85' lang='grc' dir='ltr'>κρίνων</span> <span class='ocrx_word' id='word_1_246' title='bbox 807 2108 1087 2181; x_wconf 79' lang='grc' dir='ltr'>ἀλλότριον</span> <span class='ocrx_word' id='word_1_247' title='bbox 1110 2113 1359 2185; x_wconf 76' lang='grc' dir='ltr'>οίκέτην;</span> <span class='ocrx_word' id='word_1_248' title='bbox 1404 2136 1422 2169; x_wconf 75' lang='grc' dir='ltr'><strong>ι</strong></span> <span class='ocrx_word' id='word_1_249' title='bbox 1454 2120 1571 2185; x_wconf 82' lang='grc' dir='ltr'>καὶ,</span> <span class='ocrx_word' id='word_1_250' title='bbox 1604 2139 1623 2172; x_wconf 78' lang='grc' dir='ltr'><strong>ι</strong></span> <span class='ocrx_word' id='word_1_251' title='bbox 1654 2121 1751 2185; x_wconf 87' lang='grc' dir='ltr'>Τίς</span> 
     </span>
    </p>
   </div>
   <div class='ocr_carea' id='block_1_33' title="bbox 166 2194 1750 2279">
    <p class='ocr_par' dir='ltr' id='par_1_33' title="bbox 166 2194 1750 2279">
     <span class='ocr_line' id='line_1_33' title="bbox 166 2194 1750 2279; baseline 0.014 -34"><span class='ocrx_word' id='word_1_252' title='bbox 166 2194 411 2261; x_wconf 71' lang='grc' dir='ltr'>ἐπάταξε</span> <span class='ocrx_word' id='word_1_253' title='bbox 433 2197 526 2249; x_wconf 80' lang='grc' dir='ltr'><strong>τὸν</strong></span> <span class='ocrx_word' id='word_1_254' title='bbox 565 2198 851 2270; x_wconf 72' lang='grc' dir='ltr'>Ἀϐιμέλεχ</span> <span class='ocrx_word' id='word_1_255' title='bbox 883 2201 998 2256; x_wconf 82' lang='grc' dir='ltr'>υἱδν</span> <span class='ocrx_word' id='word_1_256' title='bbox 1036 2203 1357 2279; x_wconf 83' lang='grc' dir='ltr'>Ἷεροϐοάμ;</span> <span class='ocrx_word' id='word_1_257' title='bbox 1392 2228 1410 2262; x_wconf 80' lang='grc' dir='ltr'><strong>ι</strong></span> <span class='ocrx_word' id='word_1_258' title='bbox 1445 2212 1560 2275; x_wconf 80' lang='grc' dir='ltr'>καὶ,</span> <span class='ocrx_word' id='word_1_259' title='bbox 1593 2230 1613 2264; x_wconf 81' lang='grc' dir='ltr'><strong>ι</strong></span> <span class='ocrx_word' id='word_1_260' title='bbox 1652 2214 1750 2279; x_wconf 87' lang='grc' dir='ltr'>Τίς</span> 
     </span>
    </p>
   </div>
   <div class='ocr_carea' id='block_1_34' title="bbox 165 2282 1750 2374">
    <p class='ocr_par' dir='ltr' id='par_1_34' title="bbox 165 2282 1750 2374">
     <span class='ocr_line' id='line_1_34' title="bbox 165 2282 1750 2374; baseline 0.012 -34"><span class='ocrx_word' id='word_1_261' title='bbox 165 2288 321 2340; x_wconf 75' lang='grc' dir='ltr'>ἐστιν</span> <span class='ocrx_word' id='word_1_262' title='bbox 348 2282 502 2352; x_wconf 76' lang='grc' dir='ltr'>οὗτος</span> <span class='ocrx_word' id='word_1_263' title='bbox 534 2290 563 2343; x_wconf 93' lang='lat'><strong>6</strong></span> <span class='ocrx_word' id='word_1_264' title='bbox 591 2290 849 2361; x_wconf 82' lang='grc' dir='ltr'>κρύπτων</span> <span class='ocrx_word' id='word_1_265' title='bbox 883 2310 951 2363; x_wconf 91' lang='grc' dir='ltr'><strong>με</strong></span> <span class='ocrx_word' id='word_1_266' title='bbox 991 2292 1216 2369; x_wconf 77' lang='grc' dir='ltr'>βουλήνς</span> <span class='ocrx_word' id='word_1_267' title='bbox 1253 2317 1272 2350; x_wconf 74' lang='grc' dir='ltr'><strong>ι</strong></span> <span class='ocrx_word' id='word_1_268' title='bbox 1312 2299 1498 2355; x_wconf 82' lang='grc' dir='ltr'>Ταῦτα</span> <span class='ocrx_word' id='word_1_269' title='bbox 1534 2303 1641 2374; x_wconf 90' lang='grc' dir='ltr'><strong>γάρ</strong></span> <span class='ocrx_word' id='word_1_270' title='bbox 1670 2307 1750 2369; x_wconf 88' lang='grc' dir='ltr'><strong>είς</strong></span> 
     </span>
    </p>
   </div>
   <div class='ocr_carea' id='block_1_35' title="bbox 164 2378 1748 2458">
    <p class='ocr_par' dir='ltr' id='par_1_35' title="bbox 164 2378 1748 2458">
     <span class='ocr_line' id='line_1_35' title="bbox 164 2378 1748 2458; baseline 0.013 -29"><span class='ocrx_word' id='word_1_271' title='bbox 164 2378 541 2447; x_wconf 74' lang='grc' dir='ltr'>ἀγανάκτησιν</span> <span class='ocrx_word' id='word_1_272' title='bbox 569 2380 668 2449; x_wconf 74' lang='grc' dir='ltr'>μὶν</span> <span class='ocrx_word' id='word_1_273' title='bbox 698 2383 793 2436; x_wconf 78' lang='grc' dir='ltr'><strong>καὶ</strong></span> <span class='ocrx_word' id='word_1_274' title='bbox 830 2384 1148 2458; x_wconf 70' lang='grc' dir='ltr'>επιτίμησιν</span> <span class='ocrx_word' id='word_1_275' title='bbox 1180 2388 1477 2458; x_wconf 80' lang='grc' dir='ltr'><strong>ἀφορῶσιν,</strong></span> <span class='ocrx_word' id='word_1_276' title='bbox 1507 2393 1660 2448; x_wconf 64' lang='grc' dir='ltr'>οὐδὲν</span> <span class='ocrx_word' id='word_1_277' title='bbox 1690 2394 1748 2449; x_wconf 66' lang='grc' dir='ltr'>δὲ</span> 
     </span>
    </p>
   </div>
   <div class='ocr_carea' id='block_1_36' title="bbox 163 2467 1748 2552">
    <p class='ocr_par' dir='ltr' id='par_1_36' title="bbox 163 2467 1748 2552">
     <span class='ocr_line' id='line_1_36' title="bbox 163 2467 1748 2552; baseline 0.013 -33"><span class='ocrx_word' id='word_1_278' title='bbox 163 2467 353 2536; x_wconf 79' lang='grc' dir='ltr'>ὅμοιον</span> <span class='ocrx_word' id='word_1_279' title='bbox 396 2468 507 2523; x_wconf 86' lang='grc' dir='ltr'>τ’ὦν</span> <span class='ocrx_word' id='word_1_280' title='bbox 541 2473 1031 2544; x_wconf 68' lang='grc' dir='ltr'><strong>προδεδηλωμένων</strong></span> <span class='ocrx_word' id='word_1_281' title='bbox 1080 2480 1439 2550; x_wconf 83' lang='grc' dir='ltr'>παριστῶσιν.</span> <span class='ocrx_word' id='word_1_282' title='bbox 1472 2484 1536 2539; x_wconf 86' lang='lat' dir='ltr'><strong>El</strong></span> <span class='ocrx_word' id='word_1_283' title='bbox 1577 2484 1635 2539; x_wconf 72' lang='grc' dir='ltr'>δέ</span> <span class='ocrx_word' id='word_1_284' title='bbox 1663 2504 1748 2552; x_wconf 86' lang='grc' dir='ltr'><strong>τις</strong></span> 
     </span>
    </p>
   </div>
   <div class='ocr_carea' id='block_1_37' title="bbox 166 2560 1743 2648">
    <p class='ocr_par' dir='ltr' id='par_1_37' title="bbox 166 2560 1743 2648">
     <span class='ocr_line' id='line_1_37' title="bbox 166 2560 1743 2648; baseline 0.015 -39"><span class='ocrx_word' id='word_1_285' title='bbox 166 2561 262 2610; x_wconf 73' lang='grc' dir='ltr'>καὶ</span> <span class='ocrx_word' id='word_1_286' title='bbox 298 2560 474 2614; x_wconf 82' lang='grc' dir='ltr'>ταῦτα</span> <span class='ocrx_word' id='word_1_287' title='bbox 504 2563 586 2624; x_wconf 83' lang='grc' dir='ltr'><strong>είς</strong></span> <span class='ocrx_word' id='word_1_288' title='bbox 607 2563 698 2617; x_wconf 76' lang='grc' dir='ltr'><strong>τὸν</strong></span> <span class='ocrx_word' id='word_1_289' title='bbox 726 2566 825 2635; x_wconf 86' lang='grc' dir='ltr'>τῆς</span> <span class='ocrx_word' id='word_1_290' title='bbox 856 2568 1178 2639; x_wconf 70' lang='grc' dir='ltr'><strong>ἐρωτήσεως</strong></span> <span class='ocrx_word' id='word_1_291' title='bbox 1202 2572 1530 2641; x_wconf 83' lang='grc' dir='ltr'>μεθελκύσει</span> <span class='ocrx_word' id='word_1_292' title='bbox 1559 2578 1743 2648; x_wconf 85' lang='grc' dir='ltr'>νόμον,</span> 
     </span>
    </p>
   </div>
   <div class='ocr_carea' id='block_1_38' title="bbox 166 2648 1746 2739">
    <p class='ocr_par' dir='ltr' id='par_1_38' title="bbox 166 2648 1746 2739">
     <span class='ocr_line' id='line_1_38' title="bbox 166 2648 1746 2739; baseline 0.015 -38"><span class='ocrx_word' id='word_1_293' title='bbox 166 2648 256 2702; x_wconf 73' lang='grc' dir='ltr'>ἶνα</span> <span class='ocrx_word' id='word_1_294' title='bbox 294 2652 371 2721; x_wconf 82' lang='grc' dir='ltr'>μὴ</span> <span class='ocrx_word' id='word_1_295' title='bbox 411 2653 547 2722; x_wconf 78' lang='grc' dir='ltr'>πρὸς</span> <span class='ocrx_word' id='word_1_296' title='bbox 569 2654 637 2708; x_wconf 80' lang='grc' dir='ltr'><strong>τὰ</strong></span> <span class='ocrx_word' id='word_1_297' title='bbox 672 2656 807 2709; x_wconf 83' lang='grc' dir='ltr'>ἀλλα</span> <span class='ocrx_word' id='word_1_298' title='bbox 838 2657 1003 2727; x_wconf 77' lang='grc' dir='ltr'>λέγω,</span> <span class='ocrx_word' id='word_1_299' title='bbox 1034 2661 1259 2731; x_wconf 77' lang='grc' dir='ltr'>ἄγνοιάν</span> <span class='ocrx_word' id='word_1_300' title='bbox 1285 2681 1346 2720; x_wconf 91' lang='grc' dir='ltr'><strong>τε</strong></span> <span class='ocrx_word' id='word_1_301' title='bbox 1376 2671 1746 2739; x_wconf 76' lang='grc' dir='ltr'><strong>κατηγορήσοι</strong></span> 
     </span>
    </p>
   </div>
   <div class='ocr_carea' id='block_1_39' title="bbox 163 2738 1748 2831">
    <p class='ocr_par' dir='ltr' id='par_1_39' title="bbox 163 2738 1748 2831">
     <span class='ocr_line' id='line_1_39' title="bbox 163 2738 1748 2831; baseline 0.017 -40"><span class='ocrx_word' id='word_1_302' title='bbox 163 2738 262 2793; x_wconf 80' lang='grc' dir='ltr'>τοῦ</span> <span class='ocrx_word' id='word_1_303' title='bbox 303 2742 486 2807; x_wconf 83' lang='grc' dir='ltr'>Θείου,</span> <span class='ocrx_word' id='word_1_304' title='bbox 525 2746 617 2799; x_wconf 76' lang='grc' dir='ltr'><strong>καὶ</strong></span> <span class='ocrx_word' id='word_1_305' title='bbox 645 2749 705 2799; x_wconf 91' lang='grc' dir='ltr'><strong>οὐ</strong></span> <span class='ocrx_word' id='word_1_306' title='bbox 752 2750 1212 2822; x_wconf 70' lang='grc' dir='ltr'><strong>καταμέμφεσθαι</strong></span> <span class='ocrx_word' id='word_1_307' title='bbox 1258 2758 1357 2822; x_wconf 83' lang='grc' dir='ltr'><strong>τάς</strong></span> <span class='ocrx_word' id='word_1_308' title='bbox 1390 2738 1614 2831; x_wconf 80' lang='grc' dir='ltr'>πράξεις</span> <span class='ocrx_word' id='word_1_309' title='bbox 1648 2738 1748 2817; x_wconf 10' lang='grc' dir='ltr'>γδιά</span> 
     </span>
    </p>
   </div>
   <div class='ocr_carea' id='block_1_40' title="bbox 166 2836 1749 2924">
    <p class='ocr_par' dir='ltr' id='par_1_40' title="bbox 166 2836 1749 2924">
     <span class='ocr_line' id='line_1_40' title="bbox 166 2836 1749 2924; baseline 0.016 -41"><span class='ocrx_word' id='word_1_310' title='bbox 166 2836 265 2904; x_wconf 79' lang='grc' dir='ltr'>τῆς</span> <span class='ocrx_word' id='word_1_311' title='bbox 293 2836 501 2904; x_wconf 78' lang='grc' dir='ltr'>φωνῆς,</span> <span class='ocrx_word' id='word_1_312' title='bbox 534 2837 667 2891; x_wconf 78' lang='grc' dir='ltr'>ἀλλὰ</span> <span class='ocrx_word' id='word_1_313' title='bbox 698 2840 889 2910; x_wconf 77' lang='grc' dir='ltr'>μαθεῖν</span> <span class='ocrx_word' id='word_1_314' title='bbox 914 2841 1098 2914; x_wconf 78' lang='grc' dir='ltr'>ζητεῖν</span> <span class='ocrx_word' id='word_1_315' title='bbox 1123 2844 1183 2910; x_wconf 76' lang='grc' dir='ltr'><strong>ιε</strong></span> <span class='ocrx_word' id='word_1_316' title='bbox 1208 2846 1429 2915; x_wconf 78' lang='grc' dir='ltr'>ἀγνοίας</span> <span class='ocrx_word' id='word_1_317' title='bbox 1452 2850 1545 2905; x_wconf 85' lang='grc' dir='ltr'><strong>τδν</strong></span> <span class='ocrx_word' id='word_1_318' title='bbox 1574 2870 1749 2924; x_wconf 84' lang='grc' dir='ltr'>παρα-</span> 
     </span>
    </p>
   </div>
   <div class='ocr_carea' id='block_1_41' title="bbox 168 2927 1746 3011">
    <p class='ocr_par' dir='ltr' id='par_1_41' title="bbox 168 2927 1746 3011">
     <span class='ocr_line' id='line_1_41' title="bbox 168 2927 1746 3011; baseline 0.015 -34"><span class='ocrx_word' id='word_1_319' title='bbox 168 2927 368 2994; x_wconf 75' lang='grc' dir='ltr'>σχόντα</span> <span class='ocrx_word' id='word_1_320' title='bbox 399 2929 497 2999; x_wconf 70' lang='grc' dir='ltr'><strong>τὴν</strong></span> <span class='ocrx_word' id='word_1_321' title='bbox 529 2930 620 2983; x_wconf 84' lang='grc' dir='ltr'>τοῦ</span> <span class='ocrx_word' id='word_1_322' title='bbox 650 2934 853 3001; x_wconf 78' lang='grc' dir='ltr'>πρᾶξαι</span> <span class='ocrx_word' id='word_1_323' title='bbox 882 2935 1064 2990; x_wconf 76' lang='grc' dir='ltr'>ἄδειαν</span> <span class='ocrx_word' id='word_1_324' title='bbox 1084 2954 1098 2968; x_wconf 89' lang='grc'><strong>·</strong></span> <span class='ocrx_word' id='word_1_325' title='bbox 1140 2941 1230 2993; x_wconf 79' lang='grc' dir='ltr'>ναὶ</span> <span class='ocrx_word' id='word_1_326' title='bbox 1258 2940 1322 3011; x_wconf 77' lang='grc' dir='ltr'>δὴ</span> <span class='ocrx_word' id='word_1_327' title='bbox 1363 2944 1456 2995; x_wconf 81' lang='grc' dir='ltr'>καὶ</span> <span class='ocrx_word' id='word_1_328' title='bbox 1478 2944 1559 3009; x_wconf 83' lang='grc' dir='ltr'><strong>τὸ,</strong></span> <span class='ocrx_word' id='word_1_329' title='bbox 1592 2964 1611 2997; x_wconf 85' lang='grc' dir='ltr'><strong>ι</strong></span> <span class='ocrx_word' id='word_1_330' title='bbox 1648 2946 1746 3011; x_wconf 85' lang='grc' dir='ltr'><strong>Τις</strong></span> 
     </span>
    </p>
   </div>
   <div class='ocr_carea' id='block_1_42' title="bbox 164 3020 1744 3099">
    <p class='ocr_par' dir='ltr' id='par_1_42' title="bbox 164 3020 1744 3099">
     <span class='ocr_line' id='line_1_42' title="bbox 164 3020 1744 3099; baseline 0.015 -30"><span class='ocrx_word' id='word_1_331' title='bbox 164 3020 284 3088; x_wconf 82' lang='grc' dir='ltr'>εἰμι</span> <span class='ocrx_word' id='word_1_332' title='bbox 326 3020 479 3088; x_wconf 67' lang='grc' dir='ltr'><strong>εγὼς</strong></span> <span class='ocrx_word' id='word_1_333' title='bbox 532 3023 733 3091; x_wconf 79' lang='grc' dir='ltr'>Κύριός</span> <span class='ocrx_word' id='word_1_334' title='bbox 783 3044 907 3095; x_wconf 90' lang='grc' dir='ltr'>μου,</span> <span class='ocrx_word' id='word_1_335' title='bbox 943 3028 1181 3098; x_wconf 76' lang='grc' dir='ltr'>Κύριοςο</span> <span class='ocrx_word' id='word_1_336' title='bbox 1239 3035 1334 3086; x_wconf 80' lang='grc' dir='ltr'>καὶ</span> <span class='ocrx_word' id='word_1_337' title='bbox 1380 3035 1464 3099; x_wconf 87' lang='grc' dir='ltr'><strong>τίς</strong></span> <span class='ocrx_word' id='word_1_338' title='bbox 1521 3038 1666 3091; x_wconf 73' lang='grc' dir='ltr'>εστιν</span> <span class='ocrx_word' id='word_1_339' title='bbox 1715 3041 1744 3093; x_wconf 91' lang='lat'><strong>6</strong></span> 
     </span>
    </p>
   </div>
   <div class='ocr_carea' id='block_1_43' title="bbox 1854 1842 3435 1915">
    <p class='ocr_par' dir='ltr' id='par_1_43' title="bbox 1854 1842 3435 1915">
     <span class='ocr_line' id='line_1_43' title="bbox 1854 1842 3435 1915; baseline 0.002 -17"><span class='ocrx_word' id='word_1_340' title='bbox 1854 1844 1983 1915; x_wconf 90' lang='lat' dir='ltr'><strong>ptis,</strong></span> <span class='ocrx_word' id='word_1_341' title='bbox 2026 1856 2343 1913; x_wconf 80' lang='lat' dir='ltr'><strong>quanquam</strong></span> <span class='ocrx_word' id='word_1_342' title='bbox 2393 1842 2547 1897; x_wconf 90' lang='lat' dir='ltr'><strong>vocis</strong></span> <span class='ocrx_word' id='word_1_343' title='bbox 2578 1857 2751 1898; x_wconf 80' lang='lat' dir='ltr'><strong>sonus</strong></span> <span class='ocrx_word' id='word_1_344' title='bbox 2781 1843 2928 1899; x_wconf 87' lang='lat' dir='ltr'><strong>haud</strong></span> <span class='ocrx_word' id='word_1_345' title='bbox 2980 1844 3435 1911; x_wconf 85' lang='lat' dir='ltr'><strong>immntatur,lo-</strong></span> 
     </span>
    </p>
   </div>
   <div class='ocr_carea' id='block_1_44' title="bbox 1852 1931 3436 2001">
    <p class='ocr_par' dir='ltr' id='par_1_44' title="bbox 1852 1931 3436 2001">
     <span class='ocr_line' id='line_1_44' title="bbox 1852 1931 3436 2001; baseline 0 -10"><span class='ocrx_word' id='word_1_346' title='bbox 1852 1935 2110 1991; x_wconf 90' lang='lat' dir='ltr'><strong>cutiones</strong></span> <span class='ocrx_word' id='word_1_347' title='bbox 2170 1932 2298 1988; x_wconf 68' lang='lat' dir='ltr'><strong>hae?</strong></span> <span class='ocrx_word' id='word_1_348' title='bbox 2336 1932 2633 1989; x_wconf 88' lang='lat' dir='ltr'><strong>videlicet:</strong></span> <span class='ocrx_word' id='word_1_349' title='bbox 2669 1953 2688 1985; x_wconf 82' lang='grc' dir='ltr'><strong>ι</strong></span> <span class='ocrx_word' id='word_1_350' title='bbox 2726 1931 2866 2001; x_wconf 85' lang='lat' dir='ltr'><strong>Quis</strong></span> <span class='ocrx_word' id='word_1_351' title='bbox 2908 1934 3007 1990; x_wconf 85' lang='lat' dir='ltr'><strong>tibi</strong></span> <span class='ocrx_word' id='word_1_352' title='bbox 3060 1938 3331 1991; x_wconf 84' lang='lat' dir='ltr'><strong>nuntiavit</strong></span> <span class='ocrx_word' id='word_1_353' title='bbox 3381 1946 3436 1991; x_wconf 91' lang='lat' dir='ltr'><strong>te</strong></span> 
     </span>
    </p>
   </div>
   <div class='ocr_carea' id='block_1_45' title="bbox 1851 2026 3435 2095">
    <p class='ocr_par' dir='ltr' id='par_1_45' title="bbox 1851 2026 3435 2095">
     <span class='ocr_line' id='line_1_45' title="bbox 1851 2026 3435 2095; baseline 0.001 -13"><span class='ocrx_word' id='word_1_354' title='bbox 1851 2044 1973 2085; x_wconf 86' lang='lat' dir='ltr'><strong>esse</strong></span> <span class='ocrx_word' id='word_1_355' title='bbox 2011 2027 2217 2082; x_wconf 89' lang='lat' dir='ltr'><strong>nudum</strong></span> <span class='ocrx_word' id='word_1_356' title='bbox 2252 2026 2344 2082; x_wconf 70' lang='lat'><strong>“1</strong></span> <span class='ocrx_word' id='word_1_357' title='bbox 2377 2046 2395 2080; x_wconf 72' lang='grc' dir='ltr'><strong>ι</strong></span> <span class='ocrx_word' id='word_1_358' title='bbox 2432 2056 2503 2069; x_wconf 94' lang='grc'><strong>-</strong></span> <span class='ocrx_word' id='word_1_359' title='bbox 2534 2046 2553 2080; x_wconf 83' lang='grc' dir='ltr'><strong>ι</strong></span> <span class='ocrx_word' id='word_1_360' title='bbox 2591 2026 2727 2095; x_wconf 84' lang='lat' dir='ltr'><strong>Quis</strong></span> <span class='ocrx_word' id='word_1_361' title='bbox 2757 2038 2808 2085; x_wconf 88' lang='lat' dir='ltr'><strong>te</strong></span> <span class='ocrx_word' id='word_1_362' title='bbox 2836 2030 3125 2083; x_wconf 87' lang='lat' dir='ltr'><strong>Dominum</strong></span> <span class='ocrx_word' id='word_1_363' title='bbox 3150 2028 3435 2083; x_wconf 87' lang='lat' dir='ltr'><strong>constituit</strong></span> 
     </span>
    </p>
   </div>
   <div class='ocr_carea' id='block_1_46' title="bbox 1845 2119 3432 2191">
    <p class='ocr_par' dir='ltr' id='par_1_46' title="bbox 1845 2119 3432 2191">
     <span class='ocr_line' id='line_1_46' title="bbox 1845 2119 3432 2191; baseline -0.001 -15"><span class='ocrx_word' id='word_1_364' title='bbox 1845 2120 2197 2191; x_wconf 81' lang='lat' dir='ltr'><strong>judicemque</strong></span> <span class='ocrx_word' id='word_1_365' title='bbox 2249 2128 2498 2176; x_wconf 88' lang='lat' dir='ltr'><strong>nostrum</strong></span> <span class='ocrx_word' id='word_1_366' title='bbox 2532 2121 2624 2174; x_wconf 71' lang='grc' dir='ltr'><strong>ὀἳ</strong></span> <span class='ocrx_word' id='word_1_367' title='bbox 2661 2142 2679 2174; x_wconf 73' lang='grc' dir='ltr'><strong>ι</strong></span> <span class='ocrx_word' id='word_1_368' title='bbox 2708 2150 2778 2162; x_wconf 88' lang='grc'><strong><em>-</em></strong></span> <span class='ocrx_word' id='word_1_369' title='bbox 2817 2139 2837 2172; x_wconf 82' lang='grc' dir='ltr'><strong>ι</strong></span> <span class='ocrx_word' id='word_1_370' title='bbox 2893 2119 3028 2187; x_wconf 85' lang='lat' dir='ltr'><strong>Quis</strong></span> <span class='ocrx_word' id='word_1_371' title='bbox 3078 2136 3140 2176; x_wconf 92' lang='lat' dir='ltr'><strong>es</strong></span> <span class='ocrx_word' id='word_1_372' title='bbox 3186 2129 3242 2175; x_wconf 92' lang='lat' dir='ltr'><strong>tu</strong></span> <span class='ocrx_word' id='word_1_373' title='bbox 3270 2161 3285 2185; x_wconf 92' lang='lat'><strong>,</strong></span> <span class='ocrx_word' id='word_1_374' title='bbox 3336 2121 3432 2191; x_wconf 85' lang='lat' dir='ltr'><strong>qui</strong></span> 
     </span>
    </p>
   </div>
   <div class='ocr_carea' id='block_1_47' title="bbox 1853 2210 3433 2281">
    <p class='ocr_par' dir='ltr' id='par_1_47' title="bbox 1853 2210 3433 2281">
     <span class='ocr_line' id='line_1_47' title="bbox 1853 2210 3433 2281; baseline -0.001 -14"><span class='ocrx_word' id='word_1_375' title='bbox 1853 2212 2093 2267; x_wconf 82' lang='lat' dir='ltr'><strong>alienum</strong></span> <span class='ocrx_word' id='word_1_376' title='bbox 2139 2226 2357 2266; x_wconf 87' lang='lat' dir='ltr'><strong>servum</strong></span> <span class='ocrx_word' id='word_1_377' title='bbox 2404 2210 2621 2279; x_wconf 70' lang='lat' dir='ltr'><strong>Iudicas</strong></span> <span class='ocrx_word' id='word_1_378' title='bbox 2648 2212 2739 2267; x_wconf 77' lang='lat' dir='ltr'><strong>&quot;i</strong></span> <span class='ocrx_word' id='word_1_379' title='bbox 2775 2231 2794 2265; x_wconf 77' lang='grc' dir='ltr'><strong>ι</strong></span> <span class='ocrx_word' id='word_1_380' title='bbox 2826 2241 2895 2255; x_wconf 89' lang='grc'><strong><em>-</em></strong></span> <span class='ocrx_word' id='word_1_381' title='bbox 2928 2231 2947 2263; x_wconf 77' lang='grc' dir='ltr'><strong>ι</strong></span> <span class='ocrx_word' id='word_1_382' title='bbox 2982 2210 3113 2278; x_wconf 82' lang='lat' dir='ltr'><strong>Quis</strong></span> <span class='ocrx_word' id='word_1_383' title='bbox 3157 2212 3433 2281; x_wconf 84' lang='lat' dir='ltr'><strong>percussit</strong></span> 
     </span>
    </p>
   </div>
   <div class='ocr_carea' id='block_1_48' title="bbox 1848 2301 3434 2370">
    <p class='ocr_par' dir='ltr' id='par_1_48' title="bbox 1848 2301 3434 2370">
     <span class='ocr_line' id='line_1_48' title="bbox 1848 2301 3434 2370; baseline 0 -13"><span class='ocrx_word' id='word_1_384' title='bbox 1848 2303 2259 2359; x_wconf 82' lang='lat' dir='ltr'><strong>Abimelechum</strong></span> <span class='ocrx_word' id='word_1_385' title='bbox 2303 2301 2615 2360; x_wconf 78' lang='lat' dir='ltr'><strong>Jerobuami</strong></span> <span class='ocrx_word' id='word_1_386' title='bbox 2650 2304 2820 2359; x_wconf 81' lang='lat' dir='ltr'><strong>tilium</strong></span> <span class='ocrx_word' id='word_1_387' title='bbox 2850 2304 2943 2358; x_wconf 76' lang='lat' dir='ltr'><strong>&quot;i</strong></span> <span class='ocrx_word' id='word_1_388' title='bbox 2976 2322 2994 2356; x_wconf 72' lang='grc' dir='ltr'><strong>ι</strong></span> <span class='ocrx_word' id='word_1_389' title='bbox 3026 2333 3099 2346; x_wconf 91' lang='grc'><strong><em>-</em></strong></span> <span class='ocrx_word' id='word_1_390' title='bbox 3122 2322 3142 2356; x_wconf 83' lang='grc' dir='ltr'><strong>ι</strong></span> <span class='ocrx_word' id='word_1_391' title='bbox 3178 2302 3312 2370; x_wconf 87' lang='lat' dir='ltr'><strong>Quis</strong></span> <span class='ocrx_word' id='word_1_392' title='bbox 3348 2311 3434 2358; x_wconf 84' lang='lat' dir='ltr'><strong>est</strong></span> 
     </span>
    </p>
   </div>
   <div class='ocr_carea' id='block_1_49' title="bbox 1848 2394 3430 2466">
    <p class='ocr_par' dir='ltr' id='par_1_49' title="bbox 1848 2394 3430 2466">
     <span class='ocr_line' id='line_1_49' title="bbox 1848 2394 3430 2466; baseline -0.001 -16"><span class='ocrx_word' id='word_1_393' title='bbox 1848 2397 1940 2466; x_wconf 88' lang='lat' dir='ltr'><strong>qui</strong></span> <span class='ocrx_word' id='word_1_394' title='bbox 1986 2410 2072 2451; x_wconf 92' lang='lat' dir='ltr'><strong>me</strong></span> <span class='ocrx_word' id='word_1_395' title='bbox 2123 2397 2449 2451; x_wconf 88' lang='lat' dir='ltr'><strong>sententiam</strong></span> <span class='ocrx_word' id='word_1_396' title='bbox 2503 2396 2641 2450; x_wconf 90' lang='lat' dir='ltr'><strong>celat</strong></span> <span class='ocrx_word' id='word_1_397' title='bbox 2670 2397 2757 2450; x_wconf 67' lang='lat' dir='ltr'><strong>ui</strong></span> <span class='ocrx_word' id='word_1_398' title='bbox 2820 2414 2839 2448; x_wconf 75' lang='grc' dir='ltr'><strong>ι</strong></span> <span class='ocrx_word' id='word_1_399' title='bbox 2893 2424 2966 2437; x_wconf 93' lang='grc'><strong><em>-</em></strong></span> <span class='ocrx_word' id='word_1_400' title='bbox 3017 2394 3287 2450; x_wconf 84' lang='lat' dir='ltr'><strong>Nimirum</strong></span> <span class='ocrx_word' id='word_1_401' title='bbox 3344 2396 3430 2450; x_wconf 71' lang='lat' dir='ltr'><strong>hre</strong></span> 
     </span>
    </p>
   </div>
   <div class='ocr_carea' id='block_1_50' title="bbox 1850 2474 3431 2555">
    <p class='ocr_par' dir='ltr' id='par_1_50' title="bbox 1850 2474 3431 2555">
     <span class='ocr_line' id='line_1_50' title="bbox 1850 2474 3431 2555; baseline 0 -17"><span class='ocrx_word' id='word_1_402' title='bbox 1850 2474 2158 2539; x_wconf 84' lang='lat' dir='ltr'><strong>locutiones</strong></span> <span class='ocrx_word' id='word_1_403' title='bbox 2228 2483 2294 2537; x_wconf 87' lang='lat' dir='ltr'><strong>ad</strong></span> <span class='ocrx_word' id='word_1_404' title='bbox 2375 2483 2805 2555; x_wconf 75' lang='lat' dir='ltr'><strong>indignationem</strong></span> <span class='ocrx_word' id='word_1_405' title='bbox 2874 2484 3431 2555; x_wconf 78' lang='lat' dir='ltr'><strong>objurgationemque</strong></span> 
     </span>
    </p>
   </div>
   <div class='ocr_carea' id='block_1_51' title="bbox 1850 2575 3426 2648">
    <p class='ocr_par' dir='ltr' id='par_1_51' title="bbox 1850 2575 3426 2648">
     <span class='ocr_line' id='line_1_51' title="bbox 1850 2575 3426 2648; baseline 0.001 -17"><span class='ocrx_word' id='word_1_406' title='bbox 1850 2585 2123 2645; x_wconf 83' lang='lat' dir='ltr'><strong>spectant,</strong></span> <span class='ocrx_word' id='word_1_407' title='bbox 2148 2575 2283 2630; x_wconf 89' lang='lat' dir='ltr'><strong>nihil</strong></span> <span class='ocrx_word' id='word_1_408' title='bbox 2317 2584 2497 2631; x_wconf 90' lang='lat' dir='ltr'><strong>autem</strong></span> <span class='ocrx_word' id='word_1_409' title='bbox 2529 2577 2707 2632; x_wconf 86' lang='lat' dir='ltr'><strong>simile</strong></span> <span class='ocrx_word' id='word_1_410' title='bbox 2740 2577 3125 2648; x_wconf 64' lang='lat' dir='ltr'><strong>pradictarum</strong></span> <span class='ocrx_word' id='word_1_411' title='bbox 3149 2576 3426 2633; x_wconf 79' lang='lat' dir='ltr'><strong>exhibent.</strong></span> 
     </span>
    </p>
   </div>
   <div class='ocr_carea' id='block_1_52' title="bbox 1849 2666 3430 2739">
    <p class='ocr_par' dir='ltr' id='par_1_52' title="bbox 1849 2666 3430 2739">
     <span class='ocr_line' id='line_1_52' title="bbox 1849 2666 3430 2739; baseline 0.001 -20"><span class='ocrx_word' id='word_1_412' title='bbox 1849 2666 2005 2733; x_wconf 89' lang='lat' dir='ltr'><strong>Quod</strong></span> <span class='ocrx_word' id='word_1_413' title='bbox 2040 2667 2228 2737; x_wconf 87' lang='lat' dir='ltr'><strong>siquis</strong></span> <span class='ocrx_word' id='word_1_414' title='bbox 2253 2682 2346 2722; x_wconf 87' lang='lat' dir='ltr'><strong>eas</strong></span> <span class='ocrx_word' id='word_1_415' title='bbox 2376 2668 2443 2721; x_wconf 89' lang='lat' dir='ltr'><strong>ad</strong></span> <span class='ocrx_word' id='word_1_416' title='bbox 2475 2668 2928 2738; x_wconf 74' lang='lat' dir='ltr'><strong>interrogationis</strong></span> <span class='ocrx_word' id='word_1_417' title='bbox 2959 2670 3201 2739; x_wconf 88' lang='lat' dir='ltr'><strong>regulam</strong></span> <span class='ocrx_word' id='word_1_418' title='bbox 3245 2668 3430 2723; x_wconf 89' lang='lat' dir='ltr'><strong>trahe-</strong></span> 
     </span>
    </p>
   </div>
   <div class='ocr_carea' id='block_1_53' title="bbox 1848 2758 3430 2831">
    <p class='ocr_par' dir='ltr' id='par_1_53' title="bbox 1848 2758 3430 2831">
     <span class='ocr_line' id='line_1_53' title="bbox 1848 2758 3430 2831; baseline 0.001 -18"><span class='ocrx_word' id='word_1_419' title='bbox 1848 2758 2180 2826; x_wconf 80' lang='lat' dir='ltr'><strong>ret,.nequid</strong></span> <span class='ocrx_word' id='word_1_420' title='bbox 2227 2769 2492 2830; x_wconf 68' lang='lat' dir='ltr'><strong>praeterea</strong></span> <span class='ocrx_word' id='word_1_421' title='bbox 2544 2761 2746 2826; x_wconf 87' lang='lat' dir='ltr'><strong>dicam,</strong></span> <span class='ocrx_word' id='word_1_422' title='bbox 2796 2762 3161 2827; x_wconf 70' lang='lat' dir='ltr'><strong>ignorantiam</strong></span> <span class='ocrx_word' id='word_1_423' title='bbox 3213 2775 3430 2831; x_wconf 88' lang='lat' dir='ltr'><strong>quoque</strong></span> 
     </span>
    </p>
   </div>
   <div class='ocr_carea' id='block_1_54' title="bbox 1850 2850 3429 2923">
    <p class='ocr_par' dir='ltr' id='par_1_54' title="bbox 1850 2850 3429 2923">
     <span class='ocr_line' id='line_1_54' title="bbox 1850 2850 3429 2923; baseline 0.002 -19"><span class='ocrx_word' id='word_1_424' title='bbox 1850 2850 1901 2904; x_wconf 91' lang='lat' dir='ltr'><strong>in</strong></span> <span class='ocrx_word' id='word_1_425' title='bbox 1933 2850 2040 2906; x_wconf 90' lang='lat' dir='ltr'><strong>Deo</strong></span> <span class='ocrx_word' id='word_1_426' title='bbox 2060 2859 2417 2923; x_wconf 82' lang='lat' dir='ltr'><strong>coargueret;</strong></span> <span class='ocrx_word' id='word_1_427' title='bbox 2441 2868 2621 2921; x_wconf 90' lang='lat' dir='ltr'><strong>neque</strong></span> <span class='ocrx_word' id='word_1_428' title='bbox 2645 2854 2713 2909; x_wconf 90' lang='lat' dir='ltr'><strong>ab</strong></span> <span class='ocrx_word' id='word_1_429' title='bbox 2732 2868 2797 2908; x_wconf 88' lang='lat' dir='ltr'><strong>eu</strong></span> <span class='ocrx_word' id='word_1_430' title='bbox 2821 2852 3143 2922; x_wconf 84' lang='lat' dir='ltr'><strong>reprehendi</strong></span> <span class='ocrx_word' id='word_1_431' title='bbox 3171 2852 3273 2907; x_wconf 89' lang='lat' dir='ltr'><strong>hac</strong></span> <span class='ocrx_word' id='word_1_432' title='bbox 3296 2866 3429 2907; x_wconf 83' lang='lat' dir='ltr'><strong>voce</strong></span> 
     </span>
    </p>
   </div>
   <div class='ocr_carea' id='block_1_55' title="bbox 1848 2940 3426 3012">
    <p class='ocr_par' dir='ltr' id='par_1_55' title="bbox 1848 2940 3426 3012">
     <span class='ocr_line' id='line_1_55' title="bbox 1848 2940 3426 3012; baseline 0.001 -18"><span class='ocrx_word' id='word_1_433' title='bbox 1848 2940 2095 2996; x_wconf 86' lang='lat' dir='ltr'><strong>actiones</strong></span> <span class='ocrx_word' id='word_1_434' title='bbox 2141 2942 2427 2996; x_wconf 85' lang='lat' dir='ltr'><strong>hominum</strong></span> <span class='ocrx_word' id='word_1_435' title='bbox 2474 2941 2752 3008; x_wconf 87' lang='lat' dir='ltr'><strong>suaderet,</strong></span> <span class='ocrx_word' id='word_1_436' title='bbox 2807 2958 2998 2997; x_wconf 87' lang='lat' dir='ltr'><strong>verum</strong></span> <span class='ocrx_word' id='word_1_437' title='bbox 3050 2958 3272 3012; x_wconf 81' lang='lat' dir='ltr'><strong>operam</strong></span> <span class='ocrx_word' id='word_1_438' title='bbox 3306 2942 3426 2996; x_wconf 83' lang='lat' dir='ltr'><strong>dari</strong></span> 
     </span>
    </p>
   </div>
   <div class='ocr_carea' id='block_1_56' title="bbox 1849 3032 3425 3103">
    <p class='ocr_par' dir='ltr' id='par_1_56' title="bbox 1849 3032 3425 3103">
     <span class='ocr_line' id='line_1_56' title="bbox 1849 3032 3425 3103; baseline 0.001 -17"><span class='ocrx_word' id='word_1_439' title='bbox 1849 3032 1917 3086; x_wconf 89' lang='lat' dir='ltr'><strong>ah</strong></span> <span class='ocrx_word' id='word_1_440' title='bbox 1946 3032 2134 3087; x_wconf 83' lang='lat' dir='ltr'><strong>eodem</strong></span> <span class='ocrx_word' id='word_1_441' title='bbox 2170 3042 2394 3103; x_wconf 86' lang='lat' dir='ltr'><strong>propter</strong></span> <span class='ocrx_word' id='word_1_442' title='bbox 2428 3048 2585 3087; x_wconf 86' lang='lat' dir='ltr'><strong>suam</strong></span> <span class='ocrx_word' id='word_1_443' title='bbox 2620 3033 2891 3089; x_wconf 89' lang='lat' dir='ltr'><strong>inscitiam</strong></span> <span class='ocrx_word' id='word_1_444' title='bbox 2932 3043 2990 3088; x_wconf 88' lang='lat' dir='ltr'><strong>ut</strong></span> <span class='ocrx_word' id='word_1_445' title='bbox 3031 3035 3172 3090; x_wconf 87' lang='lat' dir='ltr'><strong>sciat</strong></span> <span class='ocrx_word' id='word_1_446' title='bbox 3200 3033 3425 3103; x_wconf 87' lang='lat' dir='ltr'><strong>aliquid,</strong></span> 
     </span>
    </p>
   </div>
   <div class='ocr_carea' id='block_1_57' title="bbox 164 3098 1747 3197">
    <p class='ocr_par' dir='ltr' id='par_1_57' title="bbox 164 3098 1746 3197">
     <span class='ocr_line' id='line_1_57' title="bbox 164 3098 1746 3197; baseline 0.015 -34"><span class='ocrx_word' id='word_1_447' title='bbox 164 3108 315 3175; x_wconf 79' lang='grc' dir='ltr'>οἶκος</span> <span class='ocrx_word' id='word_1_448' title='bbox 350 3112 445 3165; x_wconf 82' lang='grc' dir='ltr'>τοῦ</span> <span class='ocrx_word' id='word_1_449' title='bbox 487 3117 695 3186; x_wconf 80' lang='grc' dir='ltr'>πατρὸς</span> <span class='ocrx_word' id='word_1_450' title='bbox 740 3135 876 3185; x_wconf 76' lang='grc' dir='ltr'>μους</span> <span class='ocrx_word' id='word_1_451' title='bbox 917 3136 935 3170; x_wconf 77' lang='grc' dir='ltr'><strong>ι</strong></span> <span class='ocrx_word' id='word_1_452' title='bbox 976 3121 1071 3173; x_wconf 72' lang='grc' dir='ltr'><strong>ἐπὶ</strong></span> <span class='ocrx_word' id='word_1_453' title='bbox 1115 3122 1369 3178; x_wconf 80' lang='grc' dir='ltr'>τοσοῦτον</span> <span class='ocrx_word' id='word_1_454' title='bbox 1403 3128 1746 3197; x_wconf 72' lang='grc' dir='ltr'>ιμφανεστά-</span> 
     </span>
    </p>
   </div>
   <div class='ocr_carea' id='block_1_58' title="bbox 1846 3098 3427 3197">
    <p class='ocr_par' dir='ltr' id='par_1_58' title="bbox 1848 3098 3427 3195">
     <span class='ocr_line' id='line_1_58' title="bbox 1848 3098 3427 3195; baseline 0.001 -18"><span class='ocrx_word' id='word_1_455' title='bbox 1848 3124 1941 3193; x_wconf 90' lang='lat' dir='ltr'><strong>qui</strong></span> <span class='ocrx_word' id='word_1_456' title='bbox 1990 3124 2115 3178; x_wconf 88' lang='lat' dir='ltr'><strong>aliis</strong></span> <span class='ocrx_word' id='word_1_457' title='bbox 2151 3098 2466 3179; x_wconf 76' lang='lat' dir='ltr'><strong>facultatem</strong></span> <span class='ocrx_word' id='word_1_458' title='bbox 2516 3126 2711 3194; x_wconf 85' lang='lat' dir='ltr'><strong>agendi</strong></span> <span class='ocrx_word' id='word_1_459' title='bbox 2763 3125 3094 3195; x_wconf 83' lang='lat' dir='ltr'><strong>suppeditat.</strong></span> <span class='ocrx_word' id='word_1_460' title='bbox 3146 3098 3341 3193; x_wconf 83' lang='lat' dir='ltr'><strong>Utique</strong></span> <span class='ocrx_word' id='word_1_461' title='bbox 3371 3135 3427 3179; x_wconf 91' lang='lat' dir='ltr'><strong>et</strong></span> 
     </span>
    </p>
   </div>
   <div class='ocr_carea' id='block_1_59' title="bbox 164 3204 1745 3286">
    <p class='ocr_par' dir='ltr' id='par_1_59' title="bbox 164 3204 1745 3286">
     <span class='ocr_line' id='line_1_59' title="bbox 164 3204 1745 3286; baseline 0.013 -31"><span class='ocrx_word' id='word_1_462' title='bbox 164 3220 269 3273; x_wconf 87' lang='grc' dir='ltr'><strong>την</strong></span> <span class='ocrx_word' id='word_1_463' title='bbox 306 3204 465 3275; x_wconf 69' lang='grc' dir='ltr'>φέρει</span> <span class='ocrx_word' id='word_1_464' title='bbox 498 3206 595 3276; x_wconf 78' lang='grc' dir='ltr'>τὴν</span> <span class='ocrx_word' id='word_1_465' title='bbox 622 3208 1002 3280; x_wconf 79' lang='grc' dir='ltr'>παραλλαγὴν,</span> <span class='ocrx_word' id='word_1_466' title='bbox 1043 3212 1129 3281; x_wconf 61' lang='grc' dir='ltr'>ὐφ’</span> <span class='ocrx_word' id='word_1_467' title='bbox 1160 3214 1285 3268; x_wconf 83' lang='grc' dir='ltr'>ὅσον</span> <span class='ocrx_word' id='word_1_468' title='bbox 1322 3216 1745 3286; x_wconf 80' lang='grc' dir='ltr'>ἀπαράλλακτον</span> 
     </span>
    </p>
   </div>
   <div class='ocr_carea' id='block_1_60' title="bbox 164 3296 1741 3379">
    <p class='ocr_par' dir='ltr' id='par_1_60' title="bbox 164 3296 1741 3379">
     <span class='ocr_line' id='line_1_60' title="bbox 164 3296 1741 3379; baseline 0.013 -32"><span class='ocrx_word' id='word_1_469' title='bbox 164 3296 406 3365; x_wconf 77' lang='grc' dir='ltr'>προάγει</span> <span class='ocrx_word' id='word_1_470' title='bbox 440 3296 537 3368; x_wconf 77' lang='grc' dir='ltr'>τὴν</span> <span class='ocrx_word' id='word_1_471' title='bbox 564 3302 749 3370; x_wconf 79' lang='grc' dir='ltr'>φωνήν</span> <span class='ocrx_word' id='word_1_472' title='bbox 770 3317 784 3330; x_wconf 88' lang='grc'>·</span> <span class='ocrx_word' id='word_1_473' title='bbox 819 3303 1095 3368; x_wconf 77' lang='grc' dir='ltr'>εὐτελείας</span> <span class='ocrx_word' id='word_1_474' title='bbox 1118 3306 1228 3377; x_wconf 78' lang='grc' dir='ltr'><strong>γὰρ</strong></span> <span class='ocrx_word' id='word_1_475' title='bbox 1255 3307 1548 3379; x_wconf 80' lang='grc' dir='ltr'>ὁμολογίαν</span> <span class='ocrx_word' id='word_1_476' title='bbox 1584 3312 1741 3378; x_wconf 78' lang='grc' dir='ltr'>ιδίας,</span> 
     </span>
    </p>
   </div>
   <div class='ocr_carea' id='block_1_61' title="bbox 166 3386 1740 3471">
    <p class='ocr_par' dir='ltr' id='par_1_61' title="bbox 166 3386 1740 3471">
     <span class='ocr_line' id='line_1_61' title="bbox 166 3386 1740 3471; baseline 0.013 -34"><span class='ocrx_word' id='word_1_477' title='bbox 166 3389 263 3439; x_wconf 77' lang='grc' dir='ltr'>καὶ</span> <span class='ocrx_word' id='word_1_478' title='bbox 302 3386 407 3455; x_wconf 79' lang='grc' dir='ltr'>τῆς</span> <span class='ocrx_word' id='word_1_479' title='bbox 444 3388 581 3459; x_wconf 75' lang='grc' dir='ltr'>πρὸς</span> <span class='ocrx_word' id='word_1_480' title='bbox 606 3390 737 3444; x_wconf 78' lang='grc' dir='ltr'>Θεὸν</span> <span class='ocrx_word' id='word_1_481' title='bbox 781 3393 1134 3463; x_wconf 83' lang='grc' dir='ltr'>εὐχαριστίας</span> <span class='ocrx_word' id='word_1_482' title='bbox 1165 3397 1390 3468; x_wconf 83' lang='grc' dir='ltr'>γνώμην</span> <span class='ocrx_word' id='word_1_483' title='bbox 1415 3401 1700 3471; x_wconf 82' lang='grc' dir='ltr'>ἀναφαίνει</span> <span class='ocrx_word' id='word_1_484' title='bbox 1726 3421 1740 3435; x_wconf 75' lang='grc' dir='ltr'><strong>ο</strong></span> 
     </span>
    </p>
   </div>
   <div class='ocr_carea' id='block_1_62' title="bbox 167 3478 1741 3565">
    <p class='ocr_par' dir='ltr' id='par_1_62' title="bbox 167 3478 1741 3565">
     <span class='ocr_line' id='line_1_62' title="bbox 167 3478 1741 3565; baseline 0.01 -34"><span class='ocrx_word' id='word_1_485' title='bbox 167 3479 227 3531; x_wconf 80' lang='grc' dir='ltr'><strong>οὐ</strong></span> <span class='ocrx_word' id='word_1_486' title='bbox 262 3478 367 3548; x_wconf 65' lang='grc' dir='ltr'>μὲν</span> <span class='ocrx_word' id='word_1_487' title='bbox 399 3480 479 3543; x_wconf 85' lang='grc' dir='ltr'><strong>είς</strong></span> <span class='ocrx_word' id='word_1_488' title='bbox 509 3480 797 3551; x_wconf 73' lang='grc' dir='ltr'>ιρώτησιν,</span> <span class='ocrx_word' id='word_1_489' title='bbox 826 3484 948 3538; x_wconf 70' lang='grc' dir='ltr'>οὐδε</span> <span class='ocrx_word' id='word_1_490' title='bbox 978 3485 1177 3540; x_wconf 80' lang='grc' dir='ltr'>πολλοῦ</span> <span class='ocrx_word' id='word_1_491' title='bbox 1209 3488 1292 3541; x_wconf 89' lang='grc' dir='ltr'><strong>δεῖ</strong></span> <span class='ocrx_word' id='word_1_492' title='bbox 1321 3490 1453 3562; x_wconf 77' lang='grc' dir='ltr'>πρὸς</span> <span class='ocrx_word' id='word_1_493' title='bbox 1481 3493 1741 3565; x_wconf 63' lang='grc' dir='ltr'>ἐπιτίμηο</span> 
     </span>
    </p>
   </div>
   <div class='ocr_carea' id='block_1_63' title="bbox 169 3569 1742 3657">
    <p class='ocr_par' dir='ltr' id='par_1_63' title="bbox 169 3569 1742 3657">
     <span class='ocr_line' id='line_1_63' title="bbox 169 3569 1742 3657; baseline 0.012 -37"><span class='ocrx_word' id='word_1_494' title='bbox 169 3584 252 3620; x_wconf 88' lang='grc' dir='ltr'><strong>σιν</strong></span> <span class='ocrx_word' id='word_1_495' title='bbox 280 3569 313 3639; x_wconf 76' lang='grc' dir='ltr'><strong>ἢ</strong></span> <span class='ocrx_word' id='word_1_496' title='bbox 347 3570 743 3644; x_wconf 72' lang='grc' dir='ltr'>ἀγανάκτησιν,</span> <span class='ocrx_word' id='word_1_497' title='bbox 783 3574 816 3646; x_wconf 77' lang='grc' dir='ltr'>ἢ</span> <span class='ocrx_word' id='word_1_498' title='bbox 854 3577 991 3645; x_wconf 77' lang='grc' dir='ltr'>πρὸς</span> <span class='ocrx_word' id='word_1_499' title='bbox 1012 3576 1139 3632; x_wconf 82' lang='grc' dir='ltr'>ἀλλο</span> <span class='ocrx_word' id='word_1_500' title='bbox 1168 3594 1221 3633; x_wconf 89' lang='grc' dir='ltr'><strong>τι</strong></span> <span class='ocrx_word' id='word_1_501' title='bbox 1247 3579 1358 3634; x_wconf 84' lang='grc' dir='ltr'><strong>τῶν</strong></span> <span class='ocrx_word' id='word_1_502' title='bbox 1404 3585 1742 3657; x_wconf 74' lang='grc' dir='ltr'><strong>προειρημι⁸</strong></span> 
     </span>
    </p>
   </div>
   <div class='ocr_carea' id='block_1_64' title="bbox 165 3661 1044 3735">
    <p class='ocr_par' dir='ltr' id='par_1_64' title="bbox 165 3661 1044 3735">
     <span class='ocr_line' id='line_1_64' title="bbox 165 3661 1044 3735; baseline 0.008 -20"><span class='ocrx_word' id='word_1_503' title='bbox 165 3678 273 3715; x_wconf 86' lang='grc' dir='ltr'><strong>νων</strong></span> <span class='ocrx_word' id='word_1_504' title='bbox 308 3661 405 3716; x_wconf 78' lang='grc' dir='ltr'>τὸν</span> <span class='ocrx_word' id='word_1_505' title='bbox 430 3662 688 3735; x_wconf 76' lang='grc' dir='ltr'>λογισμὸν</span> <span class='ocrx_word' id='word_1_506' title='bbox 715 3664 1044 3732; x_wconf 78' lang='grc' dir='ltr'>διαϐιϐάζει.</span> 
     </span>
    </p>
   </div>
   <div class='ocr_carea' id='block_1_65' title="bbox 232 3925 1739 4012">
    <p class='ocr_par' dir='ltr' id='par_1_65' title="bbox 232 3925 1739 4012">
     <span class='ocr_line' id='line_1_65' title="bbox 232 3925 1739 4012; baseline 0.007 -30"><span class='ocrx_word' id='word_1_507' title='bbox 232 3925 338 3993; x_wconf 74' lang='grc' dir='ltr'>κζ’.</span> <span class='ocrx_word' id='word_1_508' title='bbox 375 3925 451 3980; x_wconf 82' lang='grc' dir='ltr'>τδ</span> <span class='ocrx_word' id='word_1_509' title='bbox 494 3926 676 3998; x_wconf 76' lang='grc' dir='ltr'>μιντοι</span> <span class='ocrx_word' id='word_1_510' title='bbox 728 3928 952 3986; x_wconf 81' lang='grc' dir='ltr'>σπάνιον</span> <span class='ocrx_word' id='word_1_511' title='bbox 987 3931 1152 4012; x_wconf 71' lang='grc' dir='ltr'>εἴπερ</span> <span class='ocrx_word' id='word_1_512' title='bbox 1187 3951 1239 3988; x_wconf 92' lang='grc' dir='ltr'><strong>τι</strong></span> <span class='ocrx_word' id='word_1_513' title='bbox 1282 3934 1419 4000; x_wconf 76' lang='grc' dir='ltr'>ὅλως</span> <span class='ocrx_word' id='word_1_514' title='bbox 1451 3936 1605 4007; x_wconf 82' lang='grc' dir='ltr'>δηλοῖ</span> <span class='ocrx_word' id='word_1_515' title='bbox 1656 3937 1739 4005; x_wconf 76' lang='grc' dir='ltr'><strong>τὸ,</strong></span> 
     </span>
    </p>
   </div>
   <div class='ocr_carea' id='block_1_66' title="bbox 170 4015 1744 4091">
    <p class='ocr_par' dir='ltr' id='par_1_66' title="bbox 170 4015 1744 4091">
     <span class='ocr_line' id='line_1_66' title="bbox 170 4015 1744 4091; baseline 0.008 -23"><span class='ocrx_word' id='word_1_516' title='bbox 170 4034 189 4068; x_wconf 84' lang='grc' dir='ltr'><strong>ι</strong></span> <span class='ocrx_word' id='word_1_517' title='bbox 215 4016 313 4081; x_wconf 81' lang='grc' dir='ltr'>Τίς</span> <span class='ocrx_word' id='word_1_518' title='bbox 340 4015 528 4086; x_wconf 74' lang='grc' dir='ltr'>σοφὸς,</span> <span class='ocrx_word' id='word_1_519' title='bbox 555 4020 649 4071; x_wconf 75' lang='grc' dir='ltr'>καὶ</span> <span class='ocrx_word' id='word_1_520' title='bbox 682 4017 906 4087; x_wconf 80' lang='grc' dir='ltr'>φυλάξει</span> <span class='ocrx_word' id='word_1_521' title='bbox 933 4021 1135 4089; x_wconf 61' lang='lat' dir='ltr'><strong>causa;</strong></span> <span class='ocrx_word' id='word_1_522' title='bbox 1171 4040 1189 4073; x_wconf 73' lang='grc' dir='ltr'><strong>ι</strong></span> <span class='ocrx_word' id='word_1_523' title='bbox 1223 4024 1317 4079; x_wconf 74' lang='grc' dir='ltr'>καὶ</span> <span class='ocrx_word' id='word_1_524' title='bbox 1337 4025 1419 4088; x_wconf 78' lang='grc' dir='ltr'><strong>τὺ,</strong></span> <span class='ocrx_word' id='word_1_525' title='bbox 1453 4044 1474 4079; x_wconf 82' lang='grc' dir='ltr'><strong>ι</strong></span> <span class='ocrx_word' id='word_1_526' title='bbox 1504 4026 1600 4091; x_wconf 88' lang='grc' dir='ltr'>Τίς</span> <span class='ocrx_word' id='word_1_527' title='bbox 1624 4028 1744 4081; x_wconf 71' lang='grc' dir='ltr'>επί-</span> 
     </span>
    </p>
   </div>
   <div class='ocr_carea' id='block_1_67' title="bbox 166 4108 1739 4189">
    <p class='ocr_par' dir='ltr' id='par_1_67' title="bbox 166 4108 1739 4189">
     <span class='ocr_line' id='line_1_67' title="bbox 166 4108 1739 4189; baseline 0.01 -32"><span class='ocrx_word' id='word_1_528' title='bbox 166 4121 361 4159; x_wconf 86' lang='grc' dir='ltr'>στευσε</span> <span class='ocrx_word' id='word_1_529' title='bbox 390 4108 457 4178; x_wconf 70' lang='grc' dir='ltr'>τῇ</span> <span class='ocrx_word' id='word_1_530' title='bbox 489 4108 628 4179; x_wconf 80' lang='grc' dir='ltr'>ἀκοῇ</span> <span class='ocrx_word' id='word_1_531' title='bbox 665 4108 860 4178; x_wconf 70' lang='grc' dir='ltr'>ήμῶνς</span> <span class='ocrx_word' id='word_1_532' title='bbox 900 4129 921 4162; x_wconf 75' lang='grc' dir='ltr'><strong>ι</strong></span> <span class='ocrx_word' id='word_1_533' title='bbox 954 4114 1068 4174; x_wconf 75' lang='grc' dir='ltr'>καὶ,</span> <span class='ocrx_word' id='word_1_534' title='bbox 1101 4131 1120 4164; x_wconf 81' lang='grc' dir='ltr'><strong>ι</strong></span> <span class='ocrx_word' id='word_1_535' title='bbox 1166 4113 1223 4168; x_wconf 87' lang='grc' dir='ltr'>Ὀ</span> <span class='ocrx_word' id='word_1_536' title='bbox 1256 4113 1496 4186; x_wconf 81' lang='grc' dir='ltr'>βραχίων</span> <span class='ocrx_word' id='word_1_537' title='bbox 1530 4117 1739 4189; x_wconf 79' lang='grc' dir='ltr'>Κυρίου</span> 
     </span>
    </p>
   </div>
   <div class='ocr_carea' id='block_1_68' title="bbox 162 4197 1741 4275">
    <p class='ocr_par' dir='ltr' id='par_1_68' title="bbox 162 4197 1741 4275">
     <span class='ocr_line' id='line_1_68' title="bbox 162 4197 1741 4275; baseline 0.009 -26"><span class='ocrx_word' id='word_1_538' title='bbox 162 4198 267 4251; x_wconf 88' lang='grc' dir='ltr'>τίνι</span> <span class='ocrx_word' id='word_1_539' title='bbox 298 4197 692 4271; x_wconf 76' lang='grc' dir='ltr'>ἀπεκαλύφοης</span> <span class='ocrx_word' id='word_1_540' title='bbox 730 4219 748 4252; x_wconf 75' lang='grc' dir='ltr'><strong>ι</strong></span> <span class='ocrx_word' id='word_1_541' title='bbox 782 4201 846 4255; x_wconf 83' lang='lat' dir='ltr'><strong>Ei</strong></span> <span class='ocrx_word' id='word_1_542' title='bbox 874 4201 984 4272; x_wconf 89' lang='grc' dir='ltr'><strong>γάρ</strong></span> <span class='ocrx_word' id='word_1_543' title='bbox 1011 4204 1106 4257; x_wconf 77' lang='grc' dir='ltr'>καὶ</span> <span class='ocrx_word' id='word_1_544' title='bbox 1141 4204 1216 4275; x_wconf 81' lang='grc' dir='ltr'>μὴ</span> <span class='ocrx_word' id='word_1_545' title='bbox 1243 4206 1464 4271; x_wconf 79' lang='grc' dir='ltr'>πάντες,</span> <span class='ocrx_word' id='word_1_546' title='bbox 1494 4208 1610 4263; x_wconf 82' lang='grc' dir='ltr'>ἀλλ’</span> <span class='ocrx_word' id='word_1_547' title='bbox 1646 4204 1741 4263; x_wconf 75' lang='grc' dir='ltr'>οὖν</span> 
     </span>
    </p>
   </div>
   <div class='ocr_carea' id='block_1_69' title="bbox 163 4290 1737 4373">
    <p class='ocr_par' dir='ltr' id='par_1_69' title="bbox 163 4290 1737 4373">
     <span class='ocr_line' id='line_1_69' title="bbox 163 4290 1737 4373; baseline 0.008 -31"><span class='ocrx_word' id='word_1_548' title='bbox 163 4290 225 4357; x_wconf 75' lang='grc' dir='ltr'><strong>γί</strong></span> <span class='ocrx_word' id='word_1_549' title='bbox 265 4306 416 4351; x_wconf 84' lang='grc' dir='ltr'>τινες</span> <span class='ocrx_word' id='word_1_550' title='bbox 446 4290 542 4343; x_wconf 79' lang='grc' dir='ltr'><strong>καὶ</strong></span> <span class='ocrx_word' id='word_1_551' title='bbox 573 4292 995 4358; x_wconf 82' lang='grc' dir='ltr'>πεπιστεύκασι,</span> <span class='ocrx_word' id='word_1_552' title='bbox 1022 4296 1119 4348; x_wconf 75' lang='grc' dir='ltr'>καὶ</span> <span class='ocrx_word' id='word_1_553' title='bbox 1147 4295 1248 4367; x_wconf 73' lang='grc' dir='ltr'>τὴν</span> <span class='ocrx_word' id='word_1_554' title='bbox 1282 4302 1658 4373; x_wconf 69' lang='grc' dir='ltr'>φρουρητικίιν</span> <span class='ocrx_word' id='word_1_555' title='bbox 1678 4319 1737 4355; x_wconf 87' lang='grc' dir='ltr'><strong>τε</strong></span> 
     </span>
    </p>
   </div>
   <div class='ocr_carea' id='block_1_70' title="bbox 163 4382 1740 4461">
    <p class='ocr_par' dir='ltr' id='par_1_70' title="bbox 163 4382 1740 4461">
     <span class='ocr_line' id='line_1_70' title="bbox 163 4382 1740 4461; baseline 0.009 -28"><span class='ocrx_word' id='word_1_556' title='bbox 163 4382 255 4434; x_wconf 74' lang='grc' dir='ltr'>καὶ</span> <span class='ocrx_word' id='word_1_557' title='bbox 280 4382 683 4453; x_wconf 80' lang='grc' dir='ltr'>κυϐερνητικὴν</span> <span class='ocrx_word' id='word_1_558' title='bbox 715 4387 809 4438; x_wconf 78' lang='grc' dir='ltr'>καὶ</span> <span class='ocrx_word' id='word_1_559' title='bbox 840 4388 1344 4461; x_wconf 79' lang='grc' dir='ltr'>παντοκρατορικὴν</span> <span class='ocrx_word' id='word_1_560' title='bbox 1372 4391 1467 4444; x_wconf 83' lang='grc' dir='ltr'>τοῦ</span> <span class='ocrx_word' id='word_1_561' title='bbox 1491 4392 1625 4445; x_wconf 83' lang='grc' dir='ltr'>Θεοῦ</span> <span class='ocrx_word' id='word_1_562' title='bbox 1649 4392 1740 4447; x_wconf 86' lang='grc' dir='ltr'>δύ-</span> 
     </span>
    </p>
   </div>
   <div class='ocr_carea' id='block_1_71' title="bbox 162 4476 1736 4554">
    <p class='ocr_par' dir='ltr' id='par_1_71' title="bbox 162 4476 1736 4554">
     <span class='ocr_line' id='line_1_71' title="bbox 162 4476 1736 4554; baseline 0.008 -29"><span class='ocrx_word' id='word_1_563' title='bbox 162 4492 325 4544; x_wconf 83' lang='grc' dir='ltr'>ναμιν</span> <span class='ocrx_word' id='word_1_564' title='bbox 359 4476 423 4528; x_wconf 70' lang='grc' dir='ltr'><strong>εκ</strong></span> <span class='ocrx_word' id='word_1_565' title='bbox 454 4476 557 4545; x_wconf 85' lang='grc' dir='ltr'>τῆς</span> <span class='ocrx_word' id='word_1_566' title='bbox 592 4477 719 4545; x_wconf 79' lang='grc' dir='ltr'>περὶ</span> <span class='ocrx_word' id='word_1_567' title='bbox 769 4478 965 4543; x_wconf 82' lang='grc' dir='ltr'>αὐτοὺς</span> <span class='ocrx_word' id='word_1_568' title='bbox 1010 4480 1105 4533; x_wconf 82' lang='grc' dir='ltr'>καὶ</span> <span class='ocrx_word' id='word_1_569' title='bbox 1128 4480 1227 4550; x_wconf 84' lang='grc' dir='ltr'>τῆς</span> <span class='ocrx_word' id='word_1_570' title='bbox 1255 4481 1386 4548; x_wconf 66' lang='grc' dir='ltr'><strong>περὶ⁵</strong></span> <span class='ocrx_word' id='word_1_571' title='bbox 1423 4482 1483 4535; x_wconf 72' lang='grc' dir='ltr'>τὸ</span> <span class='ocrx_word' id='word_1_572' title='bbox 1513 4480 1736 4554; x_wconf 81' lang='grc' dir='ltr'>σύμπαν</span> 
     </span>
    </p>
   </div>
   <div class='ocr_carea' id='block_1_72' title="bbox 163 4566 1735 4644">
    <p class='ocr_par' dir='ltr' id='par_1_72' title="bbox 163 4566 1735 4644">
     <span class='ocr_line' id='line_1_72' title="bbox 163 4566 1735 4644; baseline 0.007 -27"><span class='ocrx_word' id='word_1_573' title='bbox 163 4566 483 4635; x_wconf 80' lang='grc' dir='ltr'>εὐεργεσίας</span> <span class='ocrx_word' id='word_1_574' title='bbox 519 4583 578 4619; x_wconf 89' lang='grc' dir='ltr'><strong>τε</strong></span> <span class='ocrx_word' id='word_1_575' title='bbox 606 4568 699 4621; x_wconf 69' lang='grc' dir='ltr'>καὶ</span> <span class='ocrx_word' id='word_1_576' title='bbox 731 4568 984 4639; x_wconf 80' lang='grc' dir='ltr'>προνοίας</span> <span class='ocrx_word' id='word_1_577' title='bbox 1012 4570 1248 4625; x_wconf 86' lang='grc' dir='ltr'>συνιδεῖν</span> <span class='ocrx_word' id='word_1_578' title='bbox 1272 4571 1605 4644; x_wconf 69' lang='grc' dir='ltr'>ἠξιώθησαν,</span> <span class='ocrx_word' id='word_1_579' title='bbox 1640 4576 1735 4628; x_wconf 79' lang='grc' dir='ltr'>καὶ</span> 
     </span>
    </p>
   </div>
   <div class='ocr_carea' id='block_1_73' title="bbox 160 4657 1736 4733">
    <p class='ocr_par' dir='ltr' id='par_1_73' title="bbox 160 4657 1736 4733">
     <span class='ocr_line' id='line_1_73' title="bbox 160 4657 1736 4733; baseline 0.008 -26"><span class='ocrx_word' id='word_1_580' title='bbox 160 4658 255 4726; x_wconf 82' lang='grc' dir='ltr'>τῆς</span> <span class='ocrx_word' id='word_1_581' title='bbox 289 4657 504 4711; x_wconf 60' lang='lat' dir='ltr'><strong>tum“</strong></span> <span class='ocrx_word' id='word_1_582' title='bbox 553 4661 924 4731; x_wconf 84' lang='grc' dir='ltr'>μαρμαρυγῆς</span> <span class='ocrx_word' id='word_1_583' title='bbox 963 4664 1083 4727; x_wconf 90' lang='grc' dir='ltr'>ταῖς</span> <span class='ocrx_word' id='word_1_584' title='bbox 1128 4662 1437 4733; x_wconf 82' lang='grc' dir='ltr'>λαμπηδόσι</span> <span class='ocrx_word' id='word_1_585' title='bbox 1484 4667 1575 4718; x_wconf 72' lang='grc' dir='ltr'>τὸν</span> <span class='ocrx_word' id='word_1_586' title='bbox 1610 4665 1736 4719; x_wconf 81' lang='grc' dir='ltr'>νοῦν</span> 
     </span>
    </p>
   </div>
   <div class='ocr_carea' id='block_1_74' title="bbox 161 4748 1735 4826">
    <p class='ocr_par' dir='ltr' id='par_1_74' title="bbox 161 4748 1735 4826">
     <span class='ocr_line' id='line_1_74' title="bbox 161 4748 1735 4826; baseline 0.005 -25"><span class='ocrx_word' id='word_1_587' title='bbox 161 4748 559 4818; x_wconf 73' lang='grc' dir='ltr'>ἑλλαμφθῆναι.</span> <span class='ocrx_word' id='word_1_588' title='bbox 592 4750 716 4813; x_wconf 84' lang='grc' dir='ltr'>Πῶς</span> <span class='ocrx_word' id='word_1_589' title='bbox 754 4752 800 4805; x_wconf 86' lang='grc' dir='ltr'>δ’</span> <span class='ocrx_word' id='word_1_590' title='bbox 825 4751 1021 4805; x_wconf 88' lang='grc' dir='ltr'>αὐτίκα</span> <span class='ocrx_word' id='word_1_591' title='bbox 1046 4752 1108 4805; x_wconf 75' lang='grc' dir='ltr'>τὸ</span> <span class='ocrx_word' id='word_1_592' title='bbox 1149 4751 1337 4820; x_wconf 84' lang='grc' dir='ltr'>θαῦμα</span> <span class='ocrx_word' id='word_1_593' title='bbox 1374 4754 1470 4808; x_wconf 76' lang='grc' dir='ltr'>καὶ</span> <span class='ocrx_word' id='word_1_594' title='bbox 1503 4756 1602 4826; x_wconf 77' lang='grc' dir='ltr'>τὴν</span> <span class='ocrx_word' id='word_1_595' title='bbox 1640 4755 1735 4809; x_wconf 70' lang='grc' dir='ltr'>εκ-</span> 
     </span>
    </p>
   </div>
   <div class='ocr_carea' id='block_1_75' title="bbox 162 4838 1735 4918">
    <p class='ocr_par' dir='ltr' id='par_1_75' title="bbox 162 4838 1735 4918">
     <span class='ocr_line' id='line_1_75' title="bbox 162 4838 1735 4918; baseline 0.008 -27"><span class='ocrx_word' id='word_1_596' title='bbox 162 4840 357 4910; x_wconf 78' lang='grc' dir='ltr'>ττληξιν</span> <span class='ocrx_word' id='word_1_597' title='bbox 382 4841 483 4894; x_wconf 88' lang='grc' dir='ltr'><strong>οὐκ</strong></span> <span class='ocrx_word' id='word_1_598' title='bbox 511 4841 738 4913; x_wconf 78' lang='grc' dir='ltr'>ἀφίησιν</span> <span class='ocrx_word' id='word_1_599' title='bbox 767 4845 796 4896; x_wconf 89' lang='lat'><strong>6</strong></span> <span class='ocrx_word' id='word_1_600' title='bbox 826 4842 1021 4912; x_wconf 75' lang='grc' dir='ltr'>λίγων·</span> <span class='ocrx_word' id='word_1_601' title='bbox 1062 4862 1081 4895; x_wconf 82' lang='grc' dir='ltr'><strong>ι</strong></span> <span class='ocrx_word' id='word_1_602' title='bbox 1114 4844 1211 4909; x_wconf 89' lang='grc' dir='ltr'>Τίς</span> <span class='ocrx_word' id='word_1_603' title='bbox 1238 4838 1396 4910; x_wconf 69' lang='grc' dir='ltr'>οὗτος</span> <span class='ocrx_word' id='word_1_604' title='bbox 1422 4848 1451 4900; x_wconf 86' lang='lat'><strong>6</strong></span> <span class='ocrx_word' id='word_1_605' title='bbox 1480 4863 1735 4918; x_wconf 84' lang='grc' dir='ltr'>παραγε-</span> 
     </span>
    </p>
   </div>
   <div class='ocr_carea' id='block_1_76' title="bbox 160 4927 1729 5003">
    <p class='ocr_par' dir='ltr' id='par_1_76' title="bbox 160 4927 1729 5003">
     <span class='ocr_line' id='line_1_76' title="bbox 160 4927 1729 5003; baseline 0.006 -21"><span class='ocrx_word' id='word_1_606' title='bbox 160 4932 391 4997; x_wconf 78' lang='grc' dir='ltr'>νόμενος</span> <span class='ocrx_word' id='word_1_607' title='bbox 423 4930 485 4993; x_wconf 80' lang='grc' dir='ltr'>ἐξ</span> <span class='ocrx_word' id='word_1_608' title='bbox 528 4930 743 5001; x_wconf 81' lang='grc' dir='ltr'>Ἐδὼμ;</span> <span class='ocrx_word' id='word_1_609' title='bbox 779 4950 798 4985; x_wconf 77' lang='grc' dir='ltr'><strong>ι</strong></span> <span class='ocrx_word' id='word_1_610' title='bbox 830 4933 943 4997; x_wconf 84' lang='grc' dir='ltr'>καὶ,</span> <span class='ocrx_word' id='word_1_611' title='bbox 983 4950 1002 4985; x_wconf 86' lang='grc' dir='ltr'><strong>ι</strong></span> <span class='ocrx_word' id='word_1_612' title='bbox 1030 4933 1125 4997; x_wconf 88' lang='grc' dir='ltr'>Τίς</span> <span class='ocrx_word' id='word_1_613' title='bbox 1147 4935 1297 4988; x_wconf 72' lang='grc' dir='ltr'>εστιν</span> <span class='ocrx_word' id='word_1_614' title='bbox 1320 4927 1497 5003; x_wconf 74' lang='grc' dir='ltr'>οὗτος,</span> <span class='ocrx_word' id='word_1_615' title='bbox 1526 4937 1607 4991; x_wconf 80' lang='grc' dir='ltr'>ὅτι</span> <span class='ocrx_word' id='word_1_616' title='bbox 1632 4939 1729 4991; x_wconf 82' lang='grc' dir='ltr'>καὶ</span> 
     </span>
    </p>
   </div>
   <div class='ocr_carea' id='block_1_77' title="bbox 1851 3212 3423 3284">
    <p class='ocr_par' dir='ltr' id='par_1_77' title="bbox 1851 3212 3423 3284">
     <span class='ocr_line' id='line_1_77' title="bbox 1851 3212 3423 3284; baseline 0 -15"><span class='ocrx_word' id='word_1_617' title='bbox 1851 3214 1981 3269; x_wconf 91' lang='lat' dir='ltr'><strong>illud</strong></span> <span class='ocrx_word' id='word_1_618' title='bbox 2012 3233 2026 3269; x_wconf 91' lang='lat'><strong>:</strong></span> <span class='ocrx_word' id='word_1_619' title='bbox 2068 3234 2085 3265; x_wconf 79' lang='grc' dir='ltr'><strong>ι</strong></span> <span class='ocrx_word' id='word_1_620' title='bbox 2123 3212 2259 3280; x_wconf 89' lang='lat' dir='ltr'><strong>Quis</strong></span> <span class='ocrx_word' id='word_1_621' title='bbox 2302 3229 2422 3269; x_wconf 89' lang='lat' dir='ltr'><strong>sum</strong></span> <span class='ocrx_word' id='word_1_622' title='bbox 2453 3216 2598 3284; x_wconf 70' lang='lat' dir='ltr'><strong>ego?</strong></span> <span class='ocrx_word' id='word_1_623' title='bbox 2626 3216 2893 3271; x_wconf 90' lang='lat' dir='ltr'><strong>Dominus</strong></span> <span class='ocrx_word' id='word_1_624' title='bbox 2920 3230 3093 3276; x_wconf 86' lang='lat' dir='ltr'><strong>meus.</strong></span> <span class='ocrx_word' id='word_1_625' title='bbox 3122 3214 3423 3279; x_wconf 87' lang='lat' dir='ltr'><strong>Dominus;</strong></span> 
     </span>
    </p>
   </div>
   <div class='ocr_carea' id='block_1_78' title="bbox 1846 3306 3426 3377">
    <p class='ocr_par' dir='ltr' id='par_1_78' title="bbox 1846 3306 3426 3377">
     <span class='ocr_line' id='line_1_78' title="bbox 1846 3306 3426 3377; baseline 0.002 -17"><span class='ocrx_word' id='word_1_626' title='bbox 1846 3316 1900 3360; x_wconf 90' lang='lat' dir='ltr'><strong>et</strong></span> <span class='ocrx_word' id='word_1_627' title='bbox 1941 3322 2064 3376; x_wconf 72' lang='lat' dir='ltr'><strong>quae</strong></span> <span class='ocrx_word' id='word_1_628' title='bbox 2112 3315 2196 3362; x_wconf 87' lang='lat' dir='ltr'><strong>est</strong></span> <span class='ocrx_word' id='word_1_629' title='bbox 2238 3307 2437 3362; x_wconf 89' lang='lat' dir='ltr'><strong>domus</strong></span> <span class='ocrx_word' id='word_1_630' title='bbox 2479 3308 2652 3377; x_wconf 86' lang='lat' dir='ltr'><strong>patris</strong></span> <span class='ocrx_word' id='word_1_631' title='bbox 2697 3308 2802 3361; x_wconf 89' lang='lat' dir='ltr'><strong>mei</strong></span> <span class='ocrx_word' id='word_1_632' title='bbox 2829 3306 2919 3361; x_wconf 70' lang='lat'><strong>“3</strong></span> <span class='ocrx_word' id='word_1_633' title='bbox 2974 3326 2992 3358; x_wconf 78' lang='grc' dir='ltr'><strong>ι</strong></span> <span class='ocrx_word' id='word_1_634' title='bbox 3057 3315 3208 3362; x_wconf 90' lang='lat' dir='ltr'><strong>tanto</strong></span> <span class='ocrx_word' id='word_1_635' title='bbox 3252 3307 3426 3377; x_wconf 82' lang='lat' dir='ltr'><strong>magis</strong></span> 
     </span>
    </p>
   </div>
   <div class='ocr_carea' id='block_1_79' title="bbox 1846 3395 3428 3467">
    <p class='ocr_par' dir='ltr' id='par_1_79' title="bbox 1846 3395 3428 3467">
     <span class='ocr_line' id='line_1_79' title="bbox 1846 3395 3428 3467; baseline 0 -17"><span class='ocrx_word' id='word_1_636' title='bbox 1846 3395 1965 3451; x_wconf 61' lang='lat' dir='ltr'><strong>haec</strong></span> <span class='ocrx_word' id='word_1_637' title='bbox 1994 3397 2368 3452; x_wconf 85' lang='lat' dir='ltr'><strong>diversitatem</strong></span> <span class='ocrx_word' id='word_1_638' title='bbox 2400 3396 2482 3451; x_wconf 91' lang='lat' dir='ltr'><strong>rei</strong></span> <span class='ocrx_word' id='word_1_639' title='bbox 2530 3396 2712 3465; x_wconf 79' lang='lat' dir='ltr'><strong>palam</strong></span> <span class='ocrx_word' id='word_1_640' title='bbox 2764 3398 2993 3463; x_wconf 90' lang='lat' dir='ltr'><strong>faciunt,</strong></span> <span class='ocrx_word' id='word_1_641' title='bbox 3036 3405 3242 3467; x_wconf 88' lang='lat' dir='ltr'><strong>quanto</strong></span> <span class='ocrx_word' id='word_1_642' title='bbox 3272 3398 3428 3453; x_wconf 88' lang='lat' dir='ltr'><strong>simi-</strong></span> 
     </span>
    </p>
   </div>
   <div class='ocr_carea' id='block_1_80' title="bbox 1845 3488 3425 3561">
    <p class='ocr_par' dir='ltr' id='par_1_80' title="bbox 1845 3488 3425 3561">
     <span class='ocr_line' id='line_1_80' title="bbox 1845 3488 3425 3561; baseline 0 -19"><span class='ocrx_word' id='word_1_643' title='bbox 1845 3488 1980 3544; x_wconf 90' lang='lat' dir='ltr'><strong>liore</strong></span> <span class='ocrx_word' id='word_1_644' title='bbox 2011 3504 2146 3545; x_wconf 86' lang='lat' dir='ltr'><strong>voce</strong></span> <span class='ocrx_word' id='word_1_645' title='bbox 2174 3490 2454 3545; x_wconf 90' lang='lat' dir='ltr'><strong>dicuntur.</strong></span> <span class='ocrx_word' id='word_1_646' title='bbox 2507 3488 2863 3561; x_wconf 74' lang='lat' dir='ltr'><strong>Sigiiilicatur</strong></span> <span class='ocrx_word' id='word_1_647' title='bbox 2896 3491 3042 3544; x_wconf 90' lang='lat' dir='ltr'><strong>enim</strong></span> <span class='ocrx_word' id='word_1_648' title='bbox 3077 3490 3312 3559; x_wconf 73' lang='lat' dir='ltr'><strong>prOprize</strong></span> <span class='ocrx_word' id='word_1_649' title='bbox 3343 3490 3425 3543; x_wconf 78' lang='lat' dir='ltr'><strong>vi-</strong></span> 
     </span>
    </p>
   </div>
   <div class='ocr_carea' id='block_1_81' title="bbox 1845 3580 3420 3652">
    <p class='ocr_par' dir='ltr' id='par_1_81' title="bbox 1845 3580 3420 3652">
     <span class='ocr_line' id='line_1_81' title="bbox 1845 3580 3420 3652; baseline 0 -17"><span class='ocrx_word' id='word_1_650' title='bbox 1845 3581 2020 3637; x_wconf 89' lang='lat' dir='ltr'><strong>litatis</strong></span> <span class='ocrx_word' id='word_1_651' title='bbox 2042 3580 2338 3643; x_wconf 84' lang='lat' dir='ltr'><strong>confessio.</strong></span> <span class='ocrx_word' id='word_1_652' title='bbox 2362 3590 2664 3652; x_wconf 74' lang='lat' dir='ltr'><strong>gratusque</strong></span> <span class='ocrx_word' id='word_1_653' title='bbox 2691 3582 2959 3637; x_wconf 80' lang='lat' dir='ltr'><strong>adversus</strong></span> <span class='ocrx_word' id='word_1_654' title='bbox 2988 3581 3154 3636; x_wconf 89' lang='lat' dir='ltr'><strong>Deum</strong></span> <span class='ocrx_word' id='word_1_655' title='bbox 3183 3582 3420 3635; x_wconf 87' lang='lat' dir='ltr'><strong>animus.</strong></span> 
     </span>
    </p>
   </div>
   <div class='ocr_carea' id='block_1_82' title="bbox 1844 3659 3425 3741">
    <p class='ocr_par' dir='ltr' id='par_1_82' title="bbox 1844 3659 3425 3741">
     <span class='ocr_line' id='line_1_82' title="bbox 1844 3659 3425 3741; baseline 0 -18"><span class='ocrx_word' id='word_1_656' title='bbox 1844 3667 2032 3741; x_wconf 82' lang='lat' dir='ltr'><strong>Neque</strong></span> <span class='ocrx_word' id='word_1_657' title='bbox 2066 3671 2192 3726; x_wconf 89' lang='lat' dir='ltr'><strong>licet</strong></span> <span class='ocrx_word' id='word_1_658' title='bbox 2238 3671 2327 3725; x_wconf 90' lang='lat' dir='ltr'><strong>hic</strong></span> <span class='ocrx_word' id='word_1_659' title='bbox 2363 3659 2609 3738; x_wconf 77' lang='lat' dir='ltr'><strong>cogitare</strong></span> <span class='ocrx_word' id='word_1_660' title='bbox 2644 3670 3128 3741; x_wconf 89' lang='lat' dir='ltr'><strong>interrogationem</strong></span> <span class='ocrx_word' id='word_1_661' title='bbox 3152 3711 3167 3733; x_wconf 90' lang='lat'><strong>,</strong></span> <span class='ocrx_word' id='word_1_662' title='bbox 3223 3670 3425 3724; x_wconf 80' lang='lat' dir='ltr'><strong>multo-</strong></span> 
     </span>
    </p>
   </div>
   <div class='ocr_carea' id='block_1_83' title="bbox 1844 3760 3425 3831">
    <p class='ocr_par' dir='ltr' id='par_1_83' title="bbox 1844 3760 3425 3831">
     <span class='ocr_line' id='line_1_83' title="bbox 1844 3760 3425 3831; baseline 0 -17"><span class='ocrx_word' id='word_1_663' title='bbox 1844 3776 1951 3830; x_wconf 90' lang='lat' dir='ltr'><strong>que</strong></span> <span class='ocrx_word' id='word_1_664' title='bbox 1993 3760 2176 3817; x_wconf 90' lang='lat' dir='ltr'><strong>minus</strong></span> <span class='ocrx_word' id='word_1_665' title='bbox 2215 3761 2654 3831; x_wconf 69' lang='lat' dir='ltr'><strong>obiurgationem</strong></span> <span class='ocrx_word' id='word_1_666' title='bbox 2699 3769 2794 3815; x_wconf 90' lang='lat' dir='ltr'><strong>aut</strong></span> <span class='ocrx_word' id='word_1_667' title='bbox 2840 3760 3295 3831; x_wconf 85' lang='lat' dir='ltr'><strong>indignationem,</strong></span> <span class='ocrx_word' id='word_1_668' title='bbox 3329 3768 3425 3814; x_wconf 91' lang='lat' dir='ltr'><strong>aut</strong></span> 
     </span>
    </p>
   </div>
   <div class='ocr_carea' id='block_1_84' title="bbox 1844 3851 3000 3923">
    <p class='ocr_par' dir='ltr' id='par_1_84' title="bbox 1844 3851 3000 3923">
     <span class='ocr_line' id='line_1_84' title="bbox 1844 3851 3000 3923; baseline 0 -18"><span class='ocrx_word' id='word_1_669' title='bbox 1844 3852 2141 3923; x_wconf 88' lang='lat' dir='ltr'><strong>quemlibet</strong></span> <span class='ocrx_word' id='word_1_670' title='bbox 2168 3866 2200 3908; x_wconf 91' lang='lat' dir='ltr'><strong>e</strong></span> <span class='ocrx_word' id='word_1_671' title='bbox 2231 3852 2508 3923; x_wconf 72' lang='lat' dir='ltr'><strong>praedictis</strong></span> <span class='ocrx_word' id='word_1_672' title='bbox 2534 3851 2784 3922; x_wconf 83' lang='lat' dir='ltr'><strong>mudum.</strong></span> <span class='ocrx_word' id='word_1_673' title='bbox 2997 3853 3000 3856; x_wconf 79' lang='grc'><strong>’</strong></span> 
     </span>
    </p>
   </div>
   <div class='ocr_carea' id='block_1_85' title="bbox 1895 3939 3423 4014">
    <p class='ocr_par' dir='ltr' id='par_1_85' title="bbox 1895 3939 3423 4014">
     <span class='ocr_line' id='line_1_85' title="bbox 1895 3939 3423 4014; baseline -0.001 -15"><span class='ocrx_word' id='word_1_674' title='bbox 1895 3943 1999 4010; x_wconf 64' lang='grc'><strong>27.</strong></span> <span class='ocrx_word' id='word_1_675' title='bbox 2026 3942 2145 3998; x_wconf 77' lang='lat' dir='ltr'><strong>.lam</strong></span> <span class='ocrx_word' id='word_1_676' title='bbox 2181 3943 2347 3998; x_wconf 89' lang='lat' dir='ltr'><strong>etiam</strong></span> <span class='ocrx_word' id='word_1_677' title='bbox 2373 3946 2651 3999; x_wconf 87' lang='lat' dir='ltr'><strong>raritatem</strong></span> <span class='ocrx_word' id='word_1_678' title='bbox 2680 3958 2846 4014; x_wconf 92' lang='lat' dir='ltr'><strong>quam</strong></span> <span class='ocrx_word' id='word_1_679' title='bbox 2876 3941 3024 4012; x_wconf 89' lang='lat' dir='ltr'><strong>quod</strong></span> <span class='ocrx_word' id='word_1_680' title='bbox 3054 3944 3289 3997; x_wconf 81' lang='lat' dir='ltr'><strong>maxime</strong></span> <span class='ocrx_word' id='word_1_681' title='bbox 3315 3939 3423 3997; x_wconf 89' lang='lat' dir='ltr'><strong>hoc</strong></span> 
     </span>
    </p>
   </div>
   <div class='ocr_carea' id='block_1_86' title="bbox 1842 4034 3423 4105">
    <p class='ocr_par' dir='ltr' id='par_1_86' title="bbox 1842 4034 3423 4105">
     <span class='ocr_line' id='line_1_86' title="bbox 1842 4034 3423 4105; baseline 0.001 -17"><span class='ocrx_word' id='word_1_682' title='bbox 1842 4036 2169 4090; x_wconf 85' lang='lat' dir='ltr'><strong>vocabulum</strong></span> <span class='ocrx_word' id='word_1_683' title='bbox 2215 4034 2489 4103; x_wconf 87' lang='lat' dir='ltr'><strong>designat.</strong></span> <span class='ocrx_word' id='word_1_684' title='bbox 2536 4034 2789 4104; x_wconf 81' lang='lat' dir='ltr'><strong>Nempe:</strong></span> <span class='ocrx_word' id='word_1_685' title='bbox 2833 4054 2851 4088; x_wconf 83' lang='grc' dir='ltr'><strong>ι</strong></span> <span class='ocrx_word' id='word_1_686' title='bbox 2889 4034 3027 4101; x_wconf 89' lang='lat' dir='ltr'><strong>Quis</strong></span> <span class='ocrx_word' id='word_1_687' title='bbox 3078 4035 3318 4105; x_wconf 88' lang='lat' dir='ltr'><strong>sapiens,</strong></span> <span class='ocrx_word' id='word_1_688' title='bbox 3366 4045 3423 4089; x_wconf 89' lang='lat' dir='ltr'><strong>et</strong></span> 
     </span>
    </p>
   </div>
   <div class='ocr_carea' id='block_1_87' title="bbox 1842 4125 3423 4194">
    <p class='ocr_par' dir='ltr' id='par_1_87' title="bbox 1842 4125 3423 4194">
     <span class='ocr_line' id='line_1_87' title="bbox 1842 4125 3423 4194; baseline -0.001 -11"><span class='ocrx_word' id='word_1_689' title='bbox 1842 4125 2115 4183; x_wconf 87' lang='lat' dir='ltr'><strong>custodiet</strong></span> <span class='ocrx_word' id='word_1_690' title='bbox 2171 4128 2284 4182; x_wconf 68' lang='lat' dir='ltr'><strong>hec</strong></span> <span class='ocrx_word' id='word_1_691' title='bbox 2313 4126 2407 4179; x_wconf 78' lang='lat' dir='ltr'><strong>&quot;i</strong></span> <span class='ocrx_word' id='word_1_692' title='bbox 2467 4145 2487 4180; x_wconf 76' lang='grc' dir='ltr'><strong>ι</strong></span> <span class='ocrx_word' id='word_1_693' title='bbox 2523 4134 2580 4182; x_wconf 89' lang='lat' dir='ltr'><strong>et</strong></span> <span class='ocrx_word' id='word_1_694' title='bbox 2632 4143 2646 4181; x_wconf 89' lang='lat'><strong>:</strong></span> <span class='ocrx_word' id='word_1_695' title='bbox 2710 4145 2729 4178; x_wconf 81' lang='grc' dir='ltr'><strong>ι</strong></span> <span class='ocrx_word' id='word_1_696' title='bbox 2788 4126 2926 4194; x_wconf 89' lang='lat' dir='ltr'><strong>Quis</strong></span> <span class='ocrx_word' id='word_1_697' title='bbox 2980 4128 3212 4181; x_wconf 85' lang='lat' dir='ltr'><strong>credidit</strong></span> <span class='ocrx_word' id='word_1_698' title='bbox 3264 4126 3423 4181; x_wconf 77' lang='lat' dir='ltr'><strong>audi-</strong></span> 
     </span>
    </p>
   </div>
   <div class='ocr_carea' id='block_1_88' title="bbox 1841 4212 3416 4279">
    <p class='ocr_par' dir='ltr' id='par_1_88' title="bbox 1841 4212 3416 4279">
     <span class='ocr_line' id='line_1_88' title="bbox 1841 4212 3416 4279; baseline -0.001 -9"><span class='ocrx_word' id='word_1_699' title='bbox 1841 4215 1918 4270; x_wconf 89' lang='lat' dir='ltr'><strong>tui</strong></span> <span class='ocrx_word' id='word_1_700' title='bbox 1969 4226 2197 4279; x_wconf 84' lang='lat' dir='ltr'><strong>nostro,</strong></span> <span class='ocrx_word' id='word_1_701' title='bbox 2251 4224 2307 4269; x_wconf 91' lang='lat' dir='ltr'><strong>et</strong></span> <span class='ocrx_word' id='word_1_702' title='bbox 2353 4213 2635 4269; x_wconf 90' lang='lat' dir='ltr'><strong>brachium</strong></span> <span class='ocrx_word' id='word_1_703' title='bbox 2689 4212 2907 4271; x_wconf 90' lang='lat' dir='ltr'><strong>Domini</strong></span> <span class='ocrx_word' id='word_1_704' title='bbox 2955 4212 3045 4269; x_wconf 92' lang='lat' dir='ltr'><strong>cui</strong></span> <span class='ocrx_word' id='word_1_705' title='bbox 3113 4212 3416 4268; x_wconf 83' lang='lat' dir='ltr'><strong>revelatum</strong></span> 
     </span>
    </p>
   </div>
   <div class='ocr_carea' id='block_1_89' title="bbox 1840 4304 3419 4375">
    <p class='ocr_par' dir='ltr' id='par_1_89' title="bbox 1840 4304 3419 4375">
     <span class='ocr_line' id='line_1_89' title="bbox 1840 4304 3419 4375; baseline -0.001 -15"><span class='ocrx_word' id='word_1_706' title='bbox 1840 4312 1920 4360; x_wconf 86' lang='lat' dir='ltr'><strong>est</strong></span> <span class='ocrx_word' id='word_1_707' title='bbox 1944 4304 2036 4358; x_wconf 69' lang='lat'><strong>&quot;1</strong></span> <span class='ocrx_word' id='word_1_708' title='bbox 2070 4323 2088 4356; x_wconf 77' lang='grc' dir='ltr'><strong>ι</strong></span> <span class='ocrx_word' id='word_1_709' title='bbox 2120 4304 2255 4359; x_wconf 77' lang='lat' dir='ltr'><strong>Nam</strong></span> <span class='ocrx_word' id='word_1_710' title='bbox 2292 4304 2338 4359; x_wconf 87' lang='lat' dir='ltr'><strong>si</strong></span> <span class='ocrx_word' id='word_1_711' title='bbox 2374 4304 2556 4360; x_wconf 87' lang='lat' dir='ltr'><strong>minus</strong></span> <span class='ocrx_word' id='word_1_712' title='bbox 2596 4305 2801 4370; x_wconf 90' lang='lat' dir='ltr'><strong>cuncti,</strong></span> <span class='ocrx_word' id='word_1_713' title='bbox 2844 4316 2993 4361; x_wconf 88' lang='lat' dir='ltr'><strong>certe</strong></span> <span class='ocrx_word' id='word_1_714' title='bbox 3042 4304 3250 4375; x_wconf 82' lang='lat' dir='ltr'><strong>aliquot</strong></span> <span class='ocrx_word' id='word_1_715' title='bbox 3295 4319 3419 4359; x_wconf 71' lang='lat' dir='ltr'><strong>creo</strong></span> 
     </span>
    </p>
   </div>
   <div class='ocr_carea' id='block_1_90' title="bbox 1839 4395 3416 4465">
    <p class='ocr_par' dir='ltr' id='par_1_90' title="bbox 1839 4395 3416 4465">
     <span class='ocr_line' id='line_1_90' title="bbox 1839 4395 3416 4465; baseline -0.001 -14"><span class='ocrx_word' id='word_1_716' title='bbox 1839 4395 2133 4461; x_wconf 87' lang='lat' dir='ltr'><strong>diderunt;</strong></span> <span class='ocrx_word' id='word_1_717' title='bbox 2174 4395 2374 4465; x_wconf 88' lang='lat' dir='ltr'><strong>quibus</strong></span> <span class='ocrx_word' id='word_1_718' title='bbox 2414 4409 2547 4449; x_wconf 86' lang='lat' dir='ltr'><strong>sane</strong></span> <span class='ocrx_word' id='word_1_719' title='bbox 2586 4396 3070 4457; x_wconf 79' lang='lat' dir='ltr'><strong>conservatricem.</strong></span> <span class='ocrx_word' id='word_1_720' title='bbox 3106 4395 3416 4459; x_wconf 88' lang='lat' dir='ltr'><strong>rectricem,</strong></span> 
     </span>
    </p>
   </div>
   <div class='ocr_carea' id='block_1_91' title="bbox 1841 4485 3421 4554">
    <p class='ocr_par' dir='ltr' id='par_1_91' title="bbox 1841 4485 3421 4554">
     <span class='ocr_line' id='line_1_91' title="bbox 1841 4485 3421 4554; baseline -0.001 -12"><span class='ocrx_word' id='word_1_721' title='bbox 1841 4486 2233 4554; x_wconf 88' lang='lat' dir='ltr'><strong>dominamque</strong></span> <span class='ocrx_word' id='word_1_722' title='bbox 2260 4485 2505 4540; x_wconf 87' lang='lat' dir='ltr'><strong>omnium</strong></span> <span class='ocrx_word' id='word_1_723' title='bbox 2550 4485 2643 4541; x_wconf 85' lang='lat' dir='ltr'><strong>Dei</strong></span> <span class='ocrx_word' id='word_1_724' title='bbox 2679 4486 2787 4540; x_wconf 87' lang='lat' dir='ltr'><strong>vim</strong></span> <span class='ocrx_word' id='word_1_725' title='bbox 2810 4497 2937 4541; x_wconf 81' lang='lat' dir='ltr'><strong>tum</strong></span> <span class='ocrx_word' id='word_1_726' title='bbox 2972 4502 3003 4541; x_wconf 89' lang='lat' dir='ltr'><strong>e</strong></span> <span class='ocrx_word' id='word_1_727' title='bbox 3047 4486 3325 4541; x_wconf 76' lang='lat' dir='ltr'><strong>beneﬂciis</strong></span> <span class='ocrx_word' id='word_1_728' title='bbox 3359 4486 3421 4541; x_wconf 87' lang='lat' dir='ltr'><strong>in</strong></span> 
     </span>
    </p>
   </div>
   <div class='ocr_carea' id='block_1_92' title="bbox 1837 4576 3423 4646">
    <p class='ocr_par' dir='ltr' id='par_1_92' title="bbox 1837 4576 3423 4646">
     <span class='ocr_line' id='line_1_92' title="bbox 1837 4576 3423 4646; baseline -0.003 -13"><span class='ocrx_word' id='word_1_729' title='bbox 1837 4593 1898 4634; x_wconf 83' lang='lat' dir='ltr'><strong>se</strong></span> <span class='ocrx_word' id='word_1_730' title='bbox 1925 4577 2301 4646; x_wconf 86' lang='lat' dir='ltr'><strong>mundumque</strong></span> <span class='ocrx_word' id='word_1_731' title='bbox 2327 4584 2501 4631; x_wconf 91' lang='lat' dir='ltr'><strong>totum</strong></span> <span class='ocrx_word' id='word_1_732' title='bbox 2533 4576 2769 4635; x_wconf 89' lang='lat' dir='ltr'><strong>collatis.</strong></span> <span class='ocrx_word' id='word_1_733' title='bbox 2814 4586 2925 4631; x_wconf 90' lang='lat' dir='ltr'><strong>tum</strong></span> <span class='ocrx_word' id='word_1_734' title='bbox 2970 4576 3134 4631; x_wconf 85' lang='lat' dir='ltr'><strong>etiam</strong></span> <span class='ocrx_word' id='word_1_735' title='bbox 3172 4592 3204 4631; x_wconf 90' lang='lat' dir='ltr'><strong>e</strong></span> <span class='ocrx_word' id='word_1_736' title='bbox 3232 4576 3423 4646; x_wconf 77' lang='lat' dir='ltr'><strong>provi-</strong></span> 
     </span>
    </p>
   </div>
   <div class='ocr_carea' id='block_1_93' title="bbox 1836 4663 3412 4736">
    <p class='ocr_par' dir='ltr' id='par_1_93' title="bbox 1836 4663 3412 4736">
     <span class='ocr_line' id='line_1_93' title="bbox 1836 4663 3412 4736; baseline 0.001 -18"><span class='ocrx_word' id='word_1_737' title='bbox 1836 4663 2019 4719; x_wconf 91' lang='lat' dir='ltr'><strong>dentia</strong></span> <span class='ocrx_word' id='word_1_738' title='bbox 2052 4666 2300 4718; x_wconf 78' lang='lat' dir='ltr'><strong>contueri</strong></span> <span class='ocrx_word' id='word_1_739' title='bbox 2332 4664 2623 4733; x_wconf 86' lang='lat' dir='ltr'><strong>dignanter</strong></span> <span class='ocrx_word' id='word_1_740' title='bbox 2645 4680 2968 4721; x_wconf 85' lang='lat' dir='ltr'><strong>concessum</strong></span> <span class='ocrx_word' id='word_1_741' title='bbox 3005 4665 3148 4720; x_wconf 87' lang='lat' dir='ltr'><strong>fuit-:</strong></span> <span class='ocrx_word' id='word_1_742' title='bbox 3180 4681 3412 4736; x_wconf 84' lang='lat' dir='ltr'><strong>quorum</strong></span> 
     </span>
    </p>
   </div>
   <div class='ocr_carea' id='block_1_94' title="bbox 1834 4753 3411 4825">
    <p class='ocr_par' dir='ltr' id='par_1_94' title="bbox 1834 4753 3411 4825">
     <span class='ocr_line' id='line_1_94' title="bbox 1834 4753 3411 4825; baseline 0.001 -15"><span class='ocrx_word' id='word_1_743' title='bbox 1834 4756 2104 4810; x_wconf 91' lang='lat' dir='ltr'><strong>luminum</strong></span> <span class='ocrx_word' id='word_1_744' title='bbox 2145 4755 2311 4810; x_wconf 81' lang='lat' dir='ltr'><strong>radiis</strong></span> <span class='ocrx_word' id='word_1_745' title='bbox 2343 4753 2677 4818; x_wconf 82' lang='lat' dir='ltr'><strong>collustrati,</strong></span> <span class='ocrx_word' id='word_1_746' title='bbox 2711 4756 2913 4818; x_wconf 80' lang='lat' dir='ltr'><strong>mentis</strong></span> <span class='ocrx_word' id='word_1_747' title='bbox 2944 4757 3196 4812; x_wconf 85' lang='lat' dir='ltr'><strong>tenebras</strong></span> <span class='ocrx_word' id='word_1_748' title='bbox 3226 4757 3411 4825; x_wconf 78' lang='lat' dir='ltr'><strong>dispu-</strong></span> 
     </span>
    </p>
   </div>
   <div class='ocr_carea' id='block_1_95' title="bbox 1833 4841 3414 4916">
    <p class='ocr_par' dir='ltr' id='par_1_95' title="bbox 1833 4841 3414 4916">
     <span class='ocr_line' id='line_1_95' title="bbox 1833 4841 3414 4916; baseline 0 -16"><span class='ocrx_word' id='word_1_749' title='bbox 1833 4845 2036 4900; x_wconf 92' lang='lat' dir='ltr'><strong>lerunt.</strong></span> <span class='ocrx_word' id='word_1_750' title='bbox 2093 4841 2290 4899; x_wconf 82' lang='lat' dir='ltr'><strong>Nonne</strong></span> <span class='ocrx_word' id='word_1_751' title='bbox 2351 4858 2482 4899; x_wconf 85' lang='lat' dir='ltr'><strong>vero</strong></span> <span class='ocrx_word' id='word_1_752' title='bbox 2547 4843 2964 4914; x_wconf 77' lang='lat' dir='ltr'><strong>admirationem</strong></span> <span class='ocrx_word' id='word_1_753' title='bbox 3022 4854 3414 4916; x_wconf 89' lang='lat' dir='ltr'><strong>stuporemque</strong></span> 
     </span>
    </p>
   </div>
   <div class='ocr_carea' id='block_1_96' title="bbox 1835 4932 3410 5007">
    <p class='ocr_par' dir='ltr' id='par_1_96' title="bbox 1835 4932 3410 5007">
     <span class='ocr_line' id='line_1_96' title="bbox 1835 4932 3410 5007; baseline 0.001 -18"><span class='ocrx_word' id='word_1_754' title='bbox 1835 4936 2015 5007; x_wconf 85' lang='lat' dir='ltr'><strong>prodit</strong></span> <span class='ocrx_word' id='word_1_755' title='bbox 2081 4935 2128 4989; x_wconf 89' lang='lat' dir='ltr'><strong>is</strong></span> <span class='ocrx_word' id='word_1_756' title='bbox 2191 4934 2283 5005; x_wconf 93' lang='lat' dir='ltr'><strong>qui</strong></span> <span class='ocrx_word' id='word_1_757' title='bbox 2343 4934 2468 4989; x_wconf 86' lang='lat' dir='ltr'><strong>ait:</strong></span> <span class='ocrx_word' id='word_1_758' title='bbox 2510 4952 2529 4986; x_wconf 83' lang='grc' dir='ltr'><strong>ι</strong></span> <span class='ocrx_word' id='word_1_759' title='bbox 2574 4932 2711 5001; x_wconf 86' lang='lat' dir='ltr'><strong>Quis</strong></span> <span class='ocrx_word' id='word_1_760' title='bbox 2760 4946 2843 4991; x_wconf 86' lang='lat' dir='ltr'><strong>est</strong></span> <span class='ocrx_word' id='word_1_761' title='bbox 2900 4936 3004 4991; x_wconf 87' lang='lat' dir='ltr'><strong>iste</strong></span> <span class='ocrx_word' id='word_1_762' title='bbox 3065 4937 3291 4991; x_wconf 83' lang='lat' dir='ltr'><strong>veniens</strong></span> <span class='ocrx_word' id='word_1_763' title='bbox 3342 4950 3410 4991; x_wconf 82' lang='lat' dir='ltr'><strong>ex</strong></span> 
     </span>
    </p>
   </div>
   <div class='ocr_carea' id='block_1_97' title="bbox 158 5019 1747 5105">
    <p class='ocr_par' dir='ltr' id='par_1_97' title="bbox 158 5019 1727 5099">
     <span class='ocr_line' id='line_1_97' title="bbox 158 5019 1727 5099; baseline 0.004 -26"><span class='ocrx_word' id='word_1_764' title='bbox 158 5022 188 5088; x_wconf 75' lang='grc' dir='ltr'>ἡ</span> <span class='ocrx_word' id='word_1_765' title='bbox 225 5021 472 5075; x_wconf 79' lang='grc' dir='ltr'>θάλασσα</span> <span class='ocrx_word' id='word_1_766' title='bbox 502 5019 597 5073; x_wconf 79' lang='grc' dir='ltr'>καὶ</span> <span class='ocrx_word' id='word_1_767' title='bbox 625 5021 675 5073; x_wconf 75' lang='grc' dir='ltr'>οἱ</span> <span class='ocrx_word' id='word_1_768' title='bbox 705 5022 893 5091; x_wconf 75' lang='grc' dir='ltr'>ἄνεμοι</span> <span class='ocrx_word' id='word_1_769' title='bbox 923 5021 1288 5076; x_wconf 81' lang='grc' dir='ltr'>ὑπακούουσιν</span> <span class='ocrx_word' id='word_1_770' title='bbox 1314 5024 1496 5094; x_wconf 82' lang='grc' dir='ltr'>αὐτῷ;</span> <span class='ocrx_word' id='word_1_771' title='bbox 1533 5044 1553 5078; x_wconf 75' lang='grc' dir='ltr'><strong>ι</strong></span> <span class='ocrx_word' id='word_1_772' title='bbox 1591 5026 1727 5099; x_wconf 82' lang='grc' dir='ltr'>ὅπερ</span> 
     </span>
    </p>
   </div>
   <div class='ocr_carea' id='block_1_98' title="bbox 1846 5019 3414 5105">
    <p class='ocr_par' dir='ltr' id='par_1_98' title="bbox 1846 5025 3414 5105">
     <span class='ocr_line' id='line_1_98' title="bbox 1846 5025 3414 5105; baseline 0.001 -25"><span class='ocrx_word' id='word_1_773' title='bbox 1846 5025 2006 5083; x_wconf 87' lang='lat' dir='ltr'><strong>Edom</strong></span> <span class='ocrx_word' id='word_1_774' title='bbox 2040 5025 2133 5080; x_wconf 78' lang='lat'><strong>&quot;?</strong></span> <span class='ocrx_word' id='word_1_775' title='bbox 2163 5044 2181 5077; x_wconf 73' lang='grc' dir='ltr'><strong>ι</strong></span> <span class='ocrx_word' id='word_1_776' title='bbox 2224 5056 2291 5066; x_wconf 90' lang='grc'><strong><em>-</em></strong></span> <span class='ocrx_word' id='word_1_777' title='bbox 2337 5044 2357 5077; x_wconf 88' lang='grc'><em>‹</em></span> <span class='ocrx_word' id='word_1_778' title='bbox 2394 5026 2529 5093; x_wconf 87' lang='lat' dir='ltr'><strong>Quis</strong></span> <span class='ocrx_word' id='word_1_779' title='bbox 2550 5035 2647 5105; x_wconf 42' lang='grc' dir='ltr'>,εει</span> <span class='ocrx_word' id='word_1_780' title='bbox 2694 5026 2800 5091; x_wconf 91' lang='lat' dir='ltr'><strong>hic,</strong></span> <span class='ocrx_word' id='word_1_781' title='bbox 2849 5026 2936 5081; x_wconf 88' lang='lat' dir='ltr'><strong>cui</strong></span> <span class='ocrx_word' id='word_1_782' title='bbox 2975 5043 3123 5083; x_wconf 91' lang='lat' dir='ltr'><strong>mare</strong></span> <span class='ocrx_word' id='word_1_783' title='bbox 3158 5027 3414 5097; x_wconf 86' lang='lat' dir='ltr'><strong>ventique</strong></span> 
     </span>
    </p>
   </div>
   <div class='ocr_carea' id='block_1_99' title="bbox 158 5111 1747 5191">
    <p class='ocr_par' dir='ltr' id='par_1_99' title="bbox 158 5111 1729 5190">
     <span class='ocr_line' id='line_1_99' title="bbox 158 5111 1729 5190; baseline 0.007 -26"><span class='ocrx_word' id='word_1_784' title='bbox 158 5111 379 5183; x_wconf 80' lang='grc' dir='ltr'>οὐδεμία</span> <span class='ocrx_word' id='word_1_785' title='bbox 405 5111 514 5165; x_wconf 83' lang='grc' dir='ltr'><strong>τῶν</strong></span> <span class='ocrx_word' id='word_1_786' title='bbox 544 5114 1003 5184; x_wconf 76' lang='grc' dir='ltr'>προτεταγμένων</span> <span class='ocrx_word' id='word_1_787' title='bbox 1047 5117 1242 5184; x_wconf 84' lang='grc' dir='ltr'>φωνῶν</span> <span class='ocrx_word' id='word_1_788' title='bbox 1275 5119 1334 5171; x_wconf 86' lang='grc' dir='ltr'><strong>οὐ</strong></span> <span class='ocrx_word' id='word_1_789' title='bbox 1374 5118 1472 5190; x_wconf 73' lang='grc' dir='ltr'><strong>μὲν</strong></span> <span class='ocrx_word' id='word_1_790' title='bbox 1507 5115 1601 5174; x_wconf 81' lang='grc' dir='ltr'><strong>οὗν</strong></span> <span class='ocrx_word' id='word_1_791' title='bbox 1627 5122 1729 5176; x_wconf 85' lang='grc' dir='ltr'><strong>οὐκ</strong></span> 
     </span>
    </p>
   </div>
   <div class='ocr_carea' id='block_1_100' title="bbox 1846 5111 3409 5191">
    <p class='ocr_par' dir='ltr' id='par_1_100' title="bbox 1846 5119 3409 5191">
     <span class='ocr_line' id='line_1_100' title="bbox 1846 5119 3409 5191; baseline -0.001 -16"><span class='ocrx_word' id='word_1_792' title='bbox 1846 5120 2094 5175; x_wconf 68' lang='lat' dir='ltr'><strong>abediunt</strong></span> <span class='ocrx_word' id='word_1_793' title='bbox 2120 5119 2209 5174; x_wconf 66' lang='lat'><strong>&quot;1</strong></span> <span class='ocrx_word' id='word_1_794' title='bbox 2242 5138 2260 5172; x_wconf 77' lang='grc' dir='ltr'><strong>ι</strong></span> <span class='ocrx_word' id='word_1_795' title='bbox 2294 5135 2457 5190; x_wconf 89' lang='lat' dir='ltr'><strong>quem</strong></span> <span class='ocrx_word' id='word_1_796' title='bbox 2510 5136 2642 5176; x_wconf 88' lang='lat' dir='ltr'><strong>sane</strong></span> <span class='ocrx_word' id='word_1_797' title='bbox 2694 5120 3087 5191; x_wconf 73' lang='lat' dir='ltr'><strong>significatum,</strong></span> <span class='ocrx_word' id='word_1_798' title='bbox 3137 5120 3409 5174; x_wconf 76' lang='lat' dir='ltr'><strong>uictarum</strong></span> 
     </span>
    </p>
   </div>
   <div class='ocr_carea' id='block_1_101' title="bbox 159 5199 1747 5283">
    <p class='ocr_par' dir='ltr' id='par_1_101' title="bbox 159 5199 1729 5283">
     <span class='ocr_line' id='line_1_101' title="bbox 159 5199 1729 5283; baseline 0.007 -30"><span class='ocrx_word' id='word_1_799' title='bbox 159 5199 298 5273; x_wconf 79' lang='grc' dir='ltr'>εἶχεν</span> <span class='ocrx_word' id='word_1_800' title='bbox 330 5204 487 5273; x_wconf 80' lang='grc' dir='ltr'>ίσχύν</span> <span class='ocrx_word' id='word_1_801' title='bbox 518 5202 825 5274; x_wconf 85' lang='grc' dir='ltr'>σημαίνειν.</span> <span class='ocrx_word' id='word_1_802' title='bbox 862 5206 1131 5275; x_wconf 82' lang='grc' dir='ltr'>Προσθείη</span> <span class='ocrx_word' id='word_1_803' title='bbox 1153 5206 1197 5259; x_wconf 83' lang='grc' dir='ltr'>δ’</span> <span class='ocrx_word' id='word_1_804' title='bbox 1228 5207 1295 5261; x_wconf 85' lang='grc' dir='ltr'><strong>ἀν</strong></span> <span class='ocrx_word' id='word_1_805' title='bbox 1322 5224 1408 5273; x_wconf 90' lang='grc' dir='ltr'><strong>τις</strong></span> <span class='ocrx_word' id='word_1_806' title='bbox 1430 5212 1543 5272; x_wconf 86' lang='grc' dir='ltr'>τοῖς</span> <span class='ocrx_word' id='word_1_807' title='bbox 1576 5212 1729 5283; x_wconf 86' lang='grc' dir='ltr'>είρη-</span> 
     </span>
    </p>
   </div>
   <div class='ocr_carea' id='block_1_102' title="bbox 1846 5199 3413 5283">
    <p class='ocr_par' dir='ltr' id='par_1_102' title="bbox 1846 5209 3413 5283">
     <span class='ocr_line' id='line_1_102' title="bbox 1846 5209 3413 5283; baseline 0 -19"><span class='ocrx_word' id='word_1_808' title='bbox 1846 5219 1990 5265; x_wconf 77' lang='lat' dir='ltr'><strong>lutea</strong></span> <span class='ocrx_word' id='word_1_809' title='bbox 2041 5212 2378 5267; x_wconf 89' lang='lat' dir='ltr'><strong>locutionum</strong></span> <span class='ocrx_word' id='word_1_810' title='bbox 2423 5210 2571 5265; x_wconf 85' lang='lat' dir='ltr'><strong>nulla</strong></span> <span class='ocrx_word' id='word_1_811' title='bbox 2605 5227 2719 5283; x_wconf 69' lang='lat' dir='ltr'><strong>pra</strong></span> <span class='ocrx_word' id='word_1_812' title='bbox 2762 5226 2820 5267; x_wconf 91' lang='lat' dir='ltr'><strong>se</strong></span> <span class='ocrx_word' id='word_1_813' title='bbox 2868 5211 2991 5266; x_wconf 83' lang='lat' dir='ltr'><strong>fert.</strong></span> <span class='ocrx_word' id='word_1_814' title='bbox 3027 5211 3178 5267; x_wconf 81' lang='lat' dir='ltr'><strong>Adde</strong></span> <span class='ocrx_word' id='word_1_815' title='bbox 3209 5210 3315 5274; x_wconf 85' lang='lat' dir='ltr'><strong>bis,</strong></span> <span class='ocrx_word' id='word_1_816' title='bbox 3357 5209 3413 5265; x_wconf 82' lang='lat' dir='ltr'><strong>si</strong></span> 
     </span>
    </p>
   </div>
   <div class='ocr_carea' id='block_1_103' title="bbox 159 5293 1747 5372">
    <p class='ocr_par' dir='ltr' id='par_1_103' title="bbox 159 5293 1717 5371">
     <span class='ocr_line' id='line_1_103' title="bbox 159 5293 1717 5371; baseline 0.006 -27"><span class='ocrx_word' id='word_1_817' title='bbox 159 5293 338 5360; x_wconf 78' lang='grc' dir='ltr'>μένοις</span> <span class='ocrx_word' id='word_1_818' title='bbox 366 5294 463 5347; x_wconf 84' lang='grc' dir='ltr'>καὶ</span> <span class='ocrx_word' id='word_1_819' title='bbox 488 5295 572 5361; x_wconf 78' lang='grc' dir='ltr'><strong>τὸ,</strong></span> <span class='ocrx_word' id='word_1_820' title='bbox 603 5313 622 5347; x_wconf 75' lang='grc' dir='ltr'><strong>ι</strong></span> <span class='ocrx_word' id='word_1_821' title='bbox 661 5295 760 5359; x_wconf 88' lang='grc' dir='ltr'>Τίς</span> <span class='ocrx_word' id='word_1_822' title='bbox 795 5295 1046 5369; x_wconf 76' lang='grc' dir='ltr'>δὼσειτῇ</span> <span class='ocrx_word' id='word_1_823' title='bbox 1082 5296 1291 5368; x_wconf 76' lang='grc' dir='ltr'>κεφαλῇ</span> <span class='ocrx_word' id='word_1_824' title='bbox 1337 5316 1440 5369; x_wconf 90' lang='grc' dir='ltr'><strong>μου</strong></span> <span class='ocrx_word' id='word_1_825' title='bbox 1482 5298 1660 5371; x_wconf 77' lang='grc' dir='ltr'>ὕδωρς</span> <span class='ocrx_word' id='word_1_826' title='bbox 1700 5320 1717 5354; x_wconf 80' lang='grc' dir='ltr'><strong>ι</strong></span> 
     </span>
    </p>
   </div>
   <div class='ocr_carea' id='block_1_104' title="bbox 1846 5293 3414 5372">
    <p class='ocr_par' dir='ltr' id='par_1_104' title="bbox 1846 5300 3414 5372">
     <span class='ocr_line' id='line_1_104' title="bbox 1846 5300 3414 5372; baseline 0.001 -18"><span class='ocrx_word' id='word_1_827' title='bbox 1846 5302 1995 5357; x_wconf 19' lang='lat' dir='ltr'><strong>libet:</strong></span> <span class='ocrx_word' id='word_1_828' title='bbox 2025 5320 2043 5353; x_wconf 84' lang='grc' dir='ltr'><strong>ι</strong></span> <span class='ocrx_word' id='word_1_829' title='bbox 2081 5301 2216 5367; x_wconf 89' lang='lat' dir='ltr'><strong>Quis</strong></span> <span class='ocrx_word' id='word_1_830' title='bbox 2244 5302 2389 5358; x_wconf 86' lang='lat' dir='ltr'><strong>dabit</strong></span> <span class='ocrx_word' id='word_1_831' title='bbox 2423 5304 2585 5372; x_wconf 87' lang='lat' dir='ltr'><strong>capiti</strong></span> <span class='ocrx_word' id='word_1_832' title='bbox 2611 5313 2733 5357; x_wconf 85' lang='lat' dir='ltr'><strong>meo</strong></span> <span class='ocrx_word' id='word_1_833' title='bbox 2764 5318 2962 5372; x_wconf 90' lang='lat' dir='ltr'><strong>aquam</strong></span> <span class='ocrx_word' id='word_1_834' title='bbox 2994 5302 3087 5355; x_wconf 65' lang='grc' dir='ltr'><strong>ὀἳ</strong></span> <span class='ocrx_word' id='word_1_835' title='bbox 3120 5300 3414 5367; x_wconf 74' lang='grc' dir='ltr'>ι-ιριιίε</span> 
     </span>
    </p>
   </div>
   <div class='ocr_carea' id='block_1_105' title="bbox 160 5383 1747 5465">
    <p class='ocr_par' dir='ltr' id='par_1_105' title="bbox 160 5383 1724 5462">
     <span class='ocr_line' id='line_1_105' title="bbox 160 5383 1724 5462; baseline 0.006 -28"><span class='ocrx_word' id='word_1_836' title='bbox 160 5386 272 5445; x_wconf 73' lang='grc' dir='ltr'>καὶ,</span> <span class='ocrx_word' id='word_1_837' title='bbox 311 5404 329 5434; x_wconf 87' lang='grc' dir='ltr'><strong>ι</strong></span> <span class='ocrx_word' id='word_1_838' title='bbox 361 5383 461 5448; x_wconf 86' lang='grc' dir='ltr'>Τίς</span> <span class='ocrx_word' id='word_1_839' title='bbox 491 5384 558 5439; x_wconf 81' lang='grc' dir='ltr'><strong>ἀν</strong></span> <span class='ocrx_word' id='word_1_840' title='bbox 605 5402 672 5454; x_wconf 89' lang='grc' dir='ltr'><strong>με</strong></span> <span class='ocrx_word' id='word_1_841' title='bbox 702 5386 825 5456; x_wconf 87' lang='grc' dir='ltr'>θείη</span> <span class='ocrx_word' id='word_1_842' title='bbox 868 5388 1009 5442; x_wconf 88' lang='grc' dir='ltr'><strong>κατά</strong></span> <span class='ocrx_word' id='word_1_843' title='bbox 1045 5388 1190 5460; x_wconf 82' lang='grc' dir='ltr'>μῆνα</span> <span class='ocrx_word' id='word_1_844' title='bbox 1221 5389 1446 5461; x_wconf 74' lang='grc' dir='ltr'>ἡμερῶν</span> <span class='ocrx_word' id='word_1_845' title='bbox 1474 5391 1584 5446; x_wconf 84' lang='grc' dir='ltr'><strong>τῶν</strong></span> <span class='ocrx_word' id='word_1_846' title='bbox 1623 5392 1724 5462; x_wconf 73' lang='grc' dir='ltr'><strong>ιμ-</strong></span> 
     </span>
    </p>
   </div>
   <div class='ocr_carea' id='block_1_106' title="bbox 1846 5383 3407 5465">
    <p class='ocr_par' dir='ltr' id='par_1_106' title="bbox 1846 5392 3407 5465">
     <span class='ocr_line' id='line_1_106' title="bbox 1846 5392 3407 5465; baseline -0.001 -18"><span class='ocrx_word' id='word_1_847' title='bbox 1846 5409 1919 5449; x_wconf 82' lang='lat' dir='ltr'><strong>me</strong></span> <span class='ocrx_word' id='word_1_848' title='bbox 1947 5404 2111 5464; x_wconf 81' lang='lat' dir='ltr'><strong>ponet</strong></span> <span class='ocrx_word' id='word_1_849' title='bbox 2139 5393 2292 5462; x_wconf 78' lang='lat' dir='ltr'><strong>juxta</strong></span> <span class='ocrx_word' id='word_1_850' title='bbox 2338 5410 2579 5450; x_wconf 85' lang='lat' dir='ltr'><strong>mensem</strong></span> <span class='ocrx_word' id='word_1_851' title='bbox 2611 5394 2961 5465; x_wconf 88' lang='lat' dir='ltr'><strong>superiorum</strong></span> <span class='ocrx_word' id='word_1_852' title='bbox 3007 5395 3218 5449; x_wconf 84' lang='lat' dir='ltr'><strong>dierum</strong></span> <span class='ocrx_word' id='word_1_853' title='bbox 3246 5392 3331 5445; x_wconf 77' lang='grc' dir='ltr'>σοι</span> <span class='ocrx_word' id='word_1_854' title='bbox 3377 5410 3407 5445; x_wconf 73' lang='lat' dir='ltr'><strong>s</strong></span> 
     </span>
    </p>
   </div>
   <div class='ocr_carea' id='block_1_107' title="bbox 158 5470 1747 5557">
    <p class='ocr_par' dir='ltr' id='par_1_107' title="bbox 158 5470 1724 5553">
     <span class='ocr_line' id='line_1_107' title="bbox 158 5470 1724 5553; baseline 0.008 -27"><span class='ocrx_word' id='word_1_855' title='bbox 158 5476 418 5544; x_wconf 74' lang='grc' dir='ltr'>προσθενς</span> <span class='ocrx_word' id='word_1_856' title='bbox 449 5494 468 5528; x_wconf 80' lang='lat' dir='ltr'><strong>s</strong></span> <span class='ocrx_word' id='word_1_857' title='bbox 496 5476 615 5543; x_wconf 71' lang='grc' dir='ltr'>καὶ,</span> <span class='ocrx_word' id='word_1_858' title='bbox 644 5496 665 5531; x_wconf 84' lang='grc' dir='ltr'><strong>ι</strong></span> <span class='ocrx_word' id='word_1_859' title='bbox 694 5470 1050 5550; x_wconf 68' lang='grc' dir='ltr'>’ταλαίπωρος</span> <span class='ocrx_word' id='word_1_860' title='bbox 1072 5479 1185 5549; x_wconf 67' lang='grc' dir='ltr'><strong>ἑγὼ</strong></span> <span class='ocrx_word' id='word_1_861' title='bbox 1208 5481 1524 5551; x_wconf 75' lang='grc' dir='ltr'>ἀνθρωποςι</span> <span class='ocrx_word' id='word_1_862' title='bbox 1549 5484 1631 5547; x_wconf 86' lang='grc' dir='ltr'><strong>τίς</strong></span> <span class='ocrx_word' id='word_1_863' title='bbox 1657 5500 1724 5553; x_wconf 87' lang='grc' dir='ltr'><strong>με</strong></span> 
     </span>
    </p>
   </div>
   <div class='ocr_carea' id='block_1_108' title="bbox 1846 5470 3412 5557">
    <p class='ocr_par' dir='ltr' id='par_1_108' title="bbox 1846 5483 3412 5557">
     <span class='ocr_line' id='line_1_108' title="bbox 1846 5483 3412 5557; baseline -0.001 -17"><span class='ocrx_word' id='word_1_864' title='bbox 1846 5486 1895 5540; x_wconf 76' lang='lat' dir='ltr'><strong>Et</strong></span> <span class='ocrx_word' id='word_1_865' title='bbox 1923 5502 1937 5539; x_wconf 90' lang='lat'><strong>:</strong></span> <span class='ocrx_word' id='word_1_866' title='bbox 1973 5503 1992 5538; x_wconf 85' lang='grc' dir='ltr'><strong>ι</strong></span> <span class='ocrx_word' id='word_1_867' title='bbox 2029 5483 2219 5540; x_wconf 74' lang='lat' dir='ltr'><strong>Infelix</strong></span> <span class='ocrx_word' id='word_1_868' title='bbox 2251 5502 2353 5557; x_wconf 86' lang='lat' dir='ltr'><strong>ego</strong></span> <span class='ocrx_word' id='word_1_869' title='bbox 2384 5488 2584 5542; x_wconf 81' lang='lat' dir='ltr'><strong>homo!</strong></span> <span class='ocrx_word' id='word_1_870' title='bbox 2628 5488 2755 5557; x_wconf 90' lang='lat' dir='ltr'><strong>quis</strong></span> <span class='ocrx_word' id='word_1_871' title='bbox 2790 5501 2877 5541; x_wconf 91' lang='lat' dir='ltr'><strong>me</strong></span> <span class='ocrx_word' id='word_1_872' title='bbox 2908 5485 3162 5541; x_wconf 80' lang='lat' dir='ltr'><strong>liberabit</strong></span> <span class='ocrx_word' id='word_1_873' title='bbox 3190 5483 3260 5540; x_wconf 87' lang='lat' dir='ltr'><strong>de</strong></span> <span class='ocrx_word' id='word_1_874' title='bbox 3283 5498 3412 5539; x_wconf 83' lang='lat' dir='ltr'><strong>cor-</strong></span> 
     </span>
    </p>
   </div>
   <div class='ocr_carea' id='block_1_109' title="bbox 160 5565 1747 5651">
    <p class='ocr_par' dir='ltr' id='par_1_109' title="bbox 160 5565 1720 5641">
     <span class='ocr_line' id='line_1_109' title="bbox 160 5565 1720 5641; baseline 0.007 -23"><span class='ocrx_word' id='word_1_875' title='bbox 160 5565 378 5633; x_wconf 74' lang='grc' dir='ltr'>ρὐεται</span> <span class='ocrx_word' id='word_1_876' title='bbox 413 5569 479 5621; x_wconf 74' lang='grc' dir='ltr'>ὲκ</span> <span class='ocrx_word' id='word_1_877' title='bbox 502 5568 597 5623; x_wconf 81' lang='grc' dir='ltr'>τοῦ</span> <span class='ocrx_word' id='word_1_878' title='bbox 623 5569 878 5641; x_wconf 84' lang='grc' dir='ltr'>σώματος</span> <span class='ocrx_word' id='word_1_879' title='bbox 899 5569 993 5623; x_wconf 86' lang='grc' dir='ltr'>τοῦ</span> <span class='ocrx_word' id='word_1_880' title='bbox 1038 5569 1271 5627; x_wconf 81' lang='grc' dir='ltr'>θανάτου</span> <span class='ocrx_word' id='word_1_881' title='bbox 1305 5572 1536 5641; x_wconf 85' lang='grc' dir='ltr'>τούτου;</span> <span class='ocrx_word' id='word_1_882' title='bbox 1569 5594 1587 5627; x_wconf 79' lang='grc' dir='ltr'><strong>ι</strong></span> <span class='ocrx_word' id='word_1_883' title='bbox 1621 5575 1720 5629; x_wconf 73' lang='lat' dir='ltr'><strong>E6-</strong></span> 
     </span>
    </p>
   </div>
   <div class='ocr_carea' id='block_1_110' title="bbox 1846 5565 3405 5651">
    <p class='ocr_par' dir='ltr' id='par_1_110' title="bbox 1846 5575 3405 5651">
     <span class='ocr_line' id='line_1_110' title="bbox 1846 5575 3405 5651; baseline -0.001 -19"><span class='ocrx_word' id='word_1_884' title='bbox 1846 5591 1963 5647; x_wconf 62' lang='lat' dir='ltr'><strong>pore</strong></span> <span class='ocrx_word' id='word_1_885' title='bbox 2006 5578 2201 5635; x_wconf 90' lang='lat' dir='ltr'><strong>mortis</strong></span> <span class='ocrx_word' id='word_1_886' title='bbox 2245 5579 2405 5651; x_wconf 86' lang='lat' dir='ltr'><strong>hujus</strong></span> <span class='ocrx_word' id='word_1_887' title='bbox 2429 5580 2518 5633; x_wconf 75' lang='lat' dir='ltr'><strong>“t</strong></span> <span class='ocrx_word' id='word_1_888' title='bbox 2551 5598 2571 5632; x_wconf 72' lang='grc' dir='ltr'><strong>ι</strong></span> <span class='ocrx_word' id='word_1_889' title='bbox 2606 5578 2827 5636; x_wconf 88' lang='lat' dir='ltr'><strong>Scilicet</strong></span> <span class='ocrx_word' id='word_1_890' title='bbox 2874 5578 2990 5635; x_wconf 75' lang='lat' dir='ltr'><strong>lucc</strong></span> <span class='ocrx_word' id='word_1_891' title='bbox 3038 5576 3315 5633; x_wconf 87' lang='lat' dir='ltr'><strong>hominem</strong></span> <span class='ocrx_word' id='word_1_892' title='bbox 3344 5575 3405 5631; x_wconf 86' lang='lat' dir='ltr'><strong>io</strong></span> 
     </span>
    </p>
   </div>
   <div class='ocr_carea' id='block_1_111' title="bbox 168 5721 1747 5810">
    <p class='ocr_par' dir='ltr' id='par_1_111' title="bbox 168 5721 1744 5810">
     <span class='ocr_line' id='line_1_111' title="bbox 168 5721 1744 5810; baseline 0.005 0"><span class='ocrx_word' id='word_1_893' title='bbox 168 5780 208 5810; x_wconf 78' lang='lat' dir='ltr'><strong>ss</strong></span> <span class='ocrx_word' id='word_1_894' title='bbox 240 5722 426 5810; x_wconf 44' lang='lat' dir='ltr'><strong>1‘..an</strong></span> <span class='ocrx_word' id='word_1_895' title='bbox 468 5738 519 5810; x_wconf 38' lang='grc' dir='ltr'><strong>ξ’.</strong></span> <span class='ocrx_word' id='word_1_896' title='bbox 545 5721 631 5810; x_wconf 61' lang='grc' dir='ltr'><strong>Ιιζ.</strong></span> <span class='ocrx_word' id='word_1_897' title='bbox 673 5724 718 5757; x_wconf 45' lang='grc' dir='ltr'>δ’</span> <span class='ocrx_word' id='word_1_898' title='bbox 737 5723 888 5810; x_wconf 40' lang='grc' dir='ltr'><strong>,θ’ιῆ</strong></span> <span class='ocrx_word' id='word_1_899' title='bbox 910 5741 966 5790; x_wconf 62' lang='lat' dir='ltr'><strong>x’</strong></span> <span class='ocrx_word' id='word_1_900' title='bbox 991 5726 1081 5782; x_wconf 67' lang='lat'><strong>50&#39;</strong></span> <span class='ocrx_word' id='word_1_901' title='bbox 1118 5798 1147 5810; x_wconf 92' lang='grc'><strong>..</strong></span> <span class='ocrx_word' id='word_1_902' title='bbox 1180 5725 1383 5810; x_wconf 44' lang='lat'><strong>“1‘99</strong></span> <span class='ocrx_word' id='word_1_903' title='bbox 1396 5744 1492 5810; x_wconf 55' lang='grc' dir='ltr'><strong>,μ’</strong></span> <span class='ocrx_word' id='word_1_904' title='bbox 1521 5727 1613 5783; x_wconf 60' lang='grc'><strong>2⁷⁸</strong></span> <span class='ocrx_word' id='word_1_905' title='bbox 1724 5730 1744 5761; x_wconf 48' lang='grc' dir='ltr'><strong>ι</strong></span> 
     </span>
    </p>
   </div>
   <div class='ocr_carea' id='block_1_112' title="bbox 1846 5721 3395 5810">
    <p class='ocr_par' dir='ltr' id='par_1_112' title="bbox 1852 5729 3395 5810">
     <span class='ocr_line' id='line_1_112' title="bbox 1852 5729 3395 5810; baseline -0.003 -24"><span class='ocrx_word' id='word_1_906' title='bbox 1852 5747 1964 5810; x_wconf 57' lang='lat' dir='ltr'><strong>en._</strong></span> <span class='ocrx_word' id='word_1_907' title='bbox 1999 5747 2081 5810; x_wconf 64' lang='lat' dir='ltr'><strong>ut.</strong></span> <span class='ocrx_word' id='word_1_908' title='bbox 2108 5802 2119 5810; x_wconf 88' lang='lat'><strong>_</strong></span> <span class='ocrx_word' id='word_1_909' title='bbox 2144 5733 2231 5788; x_wconf 86' lang='lat' dir='ltr'><strong>ll.</strong></span> <span class='ocrx_word' id='word_1_910' title='bbox 2329 5733 2387 5810; x_wconf 75' lang='lat'><strong>_&#39;_‘</strong></span> <span class='ocrx_word' id='word_1_911' title='bbox 2422 5732 2593 5810; x_wconf 48' lang='lat' dir='ltr'><strong>Brod.</strong></span> <span class='ocrx_word' id='word_1_912' title='bbox 2632 5749 2693 5797; x_wconf 86' lang='grc' dir='ltr'><strong>ιι,</strong></span> <span class='ocrx_word' id='word_1_913' title='bbox 2735 5733 2819 5788; x_wconf 73' lang='lat' dir='ltr'><strong>l6.</strong></span> <span class='ocrx_word' id='word_1_914' title='bbox 2868 5804 2880 5810; x_wconf 88' lang='lat'>_</span> <span class='ocrx_word' id='word_1_915' title='bbox 2931 5732 3165 5810; x_wconf 46' lang='lat' dir='ltr'><strong>&#39;Lliom.</strong></span> <span class='ocrx_word' id='word_1_916' title='bbox 3201 5745 3309 5793; x_wconf 81' lang='grc' dir='ltr'>ιιν,</span> 
     </span>
    </p>
   </div>
   <div class='ocr_carea' id='block_1_113' title="bbox 168 5789 1747 5880">
    <p class='ocr_par' dir='ltr' id='par_1_113' title="bbox 168 5789 1715 5880">
     <span class='ocr_line' id='line_1_113' title="bbox 168 5789 1715 5880; baseline 0 0"><span class='ocrx_word' id='word_1_917' title='bbox 168 5789 658 5880; x_wconf 50' lang='grc' dir='ltr'><strong>ζίὲιέἒεῗεθηνοᾶι</strong></span> <span class='ocrx_word' id='word_1_918' title='bbox 701 5792 930 5880; x_wconf 74' lang='grc' dir='ltr'><strong>.Ῐ³.³υ¹’·</strong></span> <span class='ocrx_word' id='word_1_919' title='bbox 956 5789 1086 5863; x_wconf 56' lang='lat' dir='ltr'><strong>mh</strong></span> <span class='ocrx_word' id='word_1_920' title='bbox 1114 5798 1169 5880; x_wconf 71' lang='lat'><strong>.5-</strong></span> <span class='ocrx_word' id='word_1_921' title='bbox 1244 5798 1293 5880; x_wconf 75' lang='lat' dir='ltr'><strong>f.‘</strong></span> <span class='ocrx_word' id='word_1_922' title='bbox 1321 5796 1363 5880; x_wconf 76' lang='grc' dir='ltr'><strong>ει</strong></span> <span class='ocrx_word' id='word_1_923' title='bbox 1384 5789 1527 5880; x_wconf 62' lang='grc' dir='ltr'>,ποδιο</span> <span class='ocrx_word' id='word_1_924' title='bbox 1563 5814 1715 5880; x_wconf 68' lang='lat'><strong>&quot;1&quot;-</strong></span> 
     </span>
    </p>
   </div>
   <div class='ocr_carea' id='block_1_114' title="bbox 1846 5789 3407 5880">
    <p class='ocr_par' dir='ltr' id='par_1_114' title="bbox 1846 5789 3407 5880">
     <span class='ocr_line' id='line_1_114' title="bbox 1846 5789 3407 5880; baseline -0.002 -23"><span class='ocrx_word' id='word_1_925' title='bbox 1846 5868 1878 5880; x_wconf 74' lang='lat'><strong><em>_</em></strong></span> <span class='ocrx_word' id='word_1_926' title='bbox 1919 5801 1966 5832; x_wconf 86' lang='lat'>&quot;</span> <span class='ocrx_word' id='word_1_927' title='bbox 2002 5789 2288 5880; x_wconf 45' lang='lat'><strong>9.51.3&quot;,</strong></span> <span class='ocrx_word' id='word_1_928' title='bbox 2318 5803 2406 5858; x_wconf 77' lang='grc'><strong>43.</strong></span> <span class='ocrx_word' id='word_1_929' title='bbox 2480 5803 2525 5835; x_wconf 84' lang='grc'><strong><em>⁸⁵</em></strong></span> <span class='ocrx_word' id='word_1_930' title='bbox 2561 5789 2824 5870; x_wconf 52' lang='grc' dir='ltr'>ιδαίιιιι,</span> <span class='ocrx_word' id='word_1_931' title='bbox 2866 5804 2911 5860; x_wconf 94' lang='lat' dir='ltr'><strong>l.</strong></span> <span class='ocrx_word' id='word_1_932' title='bbox 2959 5803 3003 5835; x_wconf 85' lang='lat'><strong>&quot;</strong></span> <span class='ocrx_word' id='word_1_933' title='bbox 3029 5801 3131 5856; x_wconf 88' lang='lat' dir='ltr'><strong>lsa.</strong></span> <span class='ocrx_word' id='word_1_934' title='bbox 3165 5789 3320 5867; x_wconf 74' lang='lat' dir='ltr'><strong>um,</strong></span> <span class='ocrx_word' id='word_1_935' title='bbox 3344 5801 3407 5856; x_wconf 61' lang='grc' dir='ltr'>ί.</span> 
     </span>
    </p>
   </div>
   <div class='ocr_carea' id='block_1_115' title="bbox 227 5855 1747 5940">
    <p class='ocr_par' dir='ltr' id='par_1_115' title="bbox 227 5855 1713 5935">
     <span class='ocr_line' id='line_1_115' title="bbox 227 5855 1713 5935; baseline 0.007 -23"><span class='ocrx_word' id='word_1_936' title='bbox 227 5855 406 5916; x_wconf 64' lang='grc' dir='ltr'>κατιεῖ</span> <span class='ocrx_word' id='word_1_937' title='bbox 429 5875 502 5930; x_wconf 82' lang='lat' dir='ltr'><strong>tv,</strong></span> <span class='ocrx_word' id='word_1_938' title='bbox 536 5862 623 5917; x_wconf 73' lang='lat'><strong>40.</strong></span> <span class='ocrx_word' id='word_1_939' title='bbox 700 5864 749 5900; x_wconf 81' lang='lat'><strong>”</strong></span> <span class='ocrx_word' id='word_1_940' title='bbox 771 5862 965 5921; x_wconf 61' lang='grc' dir='ltr'>λοι-ειη.</span> <span class='ocrx_word' id='word_1_941' title='bbox 1002 5855 1083 5932; x_wconf 65' lang='grc' dir='ltr'>ιι,</span> <span class='ocrx_word' id='word_1_942' title='bbox 1110 5866 1159 5921; x_wconf 82' lang='grc'><strong>1.</strong></span> <span class='ocrx_word' id='word_1_943' title='bbox 1243 5868 1286 5901; x_wconf 79' lang='grc'><strong>⁸⁸</strong></span> <span class='ocrx_word' id='word_1_944' title='bbox 1311 5865 1415 5925; x_wconf 78' lang='lat' dir='ltr'><strong>Job</strong></span> <span class='ocrx_word' id='word_1_945' title='bbox 1446 5855 1594 5935; x_wconf 59' lang='lat' dir='ltr'><strong>im,</strong></span> <span class='ocrx_word' id='word_1_946' title='bbox 1631 5855 1713 5923; x_wconf 37' lang='lat' dir='ltr'><strong>2f</strong></span> 
     </span>
    </p>
   </div>
   <div class='ocr_carea' id='block_1_116' title="bbox 1846 5855 2246 5940">
    <p class='ocr_par' dir='ltr' id='par_1_116' title="bbox 1846 5868 2246 5940">
     <span class='ocr_line' id='line_1_116' title="bbox 1846 5868 2246 5940; baseline 0.005 -15"><span class='ocrx_word' id='word_1_947' title='bbox 1846 5868 1999 5926; x_wconf 79' lang='lat' dir='ltr'><strong>Rom.</strong></span> <span class='ocrx_word' id='word_1_948' title='bbox 2027 5886 2121 5940; x_wconf 82' lang='lat' dir='ltr'><strong>vn,</strong></span> <span class='ocrx_word' id='word_1_949' title='bbox 2157 5872 2246 5927; x_wconf 77' lang='grc' dir='ltr'>ει.</span> 
     </span>
    </p>
   </div>
  </div>
