4198 6440
762 417 834 480 83
1893 413 2155 474 ΡΗΟΤΙῙ
2207 415 2420 473 ΡΑΤΒΙ

2353 415 2709 473 ΒΙΑΒΟΗᾸΞ
2747 415 2857 475 CP.
3930 416 4006 484 δι

764 522 1034 593 angustiis
1073 522 1142 578 ad
1186 537 1372 593 preces
1416 521 1824 593 conlugientem
1866 525 2153 588 exhibent,
2203 539 2328 578 cum
2359 531 2400 584 Α

2359 531 2400 584 Α
2432 525 2533 592 χῆς
2560 523 2659 593 μὲν
2688 525 2797 595 γὰρ
2827 523 3152 593 καταφυγὴν
3185 523 3244 589 EE
3284 525 3595 596 ἀμηχανίας
3622 526 3691 579 τά
3731 526 4004 597 εἰρημένα

766 617 1159 678 sententiarum
1210 615 1455 684 priurum
1507 615 1657 669 nulla
1709 624 2060 685 congruunt:
2102 625 2158 671 et
2203 626 2327 671 vota

766 707 987 776 quidem
1024 719 1120 772 pro
1171 707 1439 759 malorum
1487 706 1810 774 depulsione
1864 707 2166 772 continent,
2220 723 2327 762 non

767 803 947 846 tamen
975 793 1057 846 vel
1085 794 1586 862 interrogationem,
1630 795 1713 850 vel
1750 795 2029 850 modestia:
2054 798 2332 866 signiﬁca-

769 882 1004 944 tionem,
1034 882 1116 936 vel
1146 881 1484 936 indeﬁnitum
1511 877 1662 952 qdid,
1706 885 1789 937 vel
1811 884 2048 953 aliquam
2081 886 2330 953 increpa-

769 972 1005 1038 tionem;
1039 987 1216 1042 neque
1258 988 1450 1027 rursus
1491 973 1790 1038 raritatem,
1821 989 1997 1043 neque
2034 976 2331 1044 gratiarum

770 1066 1064 1127 actionem,
1100 1079 1277 1132 neque
1305 1064 1728 1119 admirationem
1756 1064 1839 1118 vel
1869 1076 2168 1135 stuporem.

837 1153 930 1207 κε.
984 1152 1248 1208 Praterea
1299 1154 1442 1207 istud
1502 1155 1667 1209 etiam
1728 1169 1939 1210 mecum
1993 1158 2332 1217 considera:

776 1244 942 1310 «Quis
961 1243 1190 1312 decipiet
1201 1244 1509 1298 Achaabum
1524 1244 1569 1275 "
1587 1245 1611 1294 τ
1635 1253 1710 1309 et,
1731 1245 1929 1309 «Quem
1950 1247 2154 1302 mittam
2173 1250 2239 1281 "'
2270 1252 2293 1304 2
2313 1272 2331 1304 ι

769 1345 826 1390 et
856 1352 872 1390 :
900 1355 918 1386 ι
951 1336 1085 1401 Quis
1134 1335 1234 1389 ibit
1278 1335 1344 1389 ad
1393 1334 1650 1403 populum
1686 1336 1769 1388 "1’
1797 1355 1816 1388 ι
1844 1335 2172 1392 Nonnullam
2225 1341 2338 1396 lucc

769 1427 988 1496 quidem
1021 1425 1254 1494 speciem
1288 1424 1511 1490 habent,
1544 1423 1660 1480 fore
1696 1436 1756 1480 ut
1784 1427 1885 1481 sub
1910 1427 2094 1497 aliquo
2123 1444 2155 1484 e
2195 1447 2336 1500 pra:-

771 1518 1094 1573 cedentibus
1149 1517 1328 1572 modis
1387 1518 1806 1580 concludantur,
1859 1535 1917 1573 re
1977 1529 2160 1574 tamen
2212 1537 2336 1576 vera

772 1608 979 1662 aditum
1063 1608 1191 1662 illuc
1259 1622 1366 1661 non
1433 1609 1781 1674 inveniunt,
1851 1609 1944 1664 sed
2009 1613 2338 1680 provocandi

774 1698 975 1764 potius,
1024 1697 1107 1751 vel
1151 1695 1298 1751 modi
1353 1696 1538 1750 nescio
1583 1697 1742 1765 cujus
1796 1699 2122 1753 sententiam
2156 1702 2331 1755 conti-

776 1797 929 1842 nent.
983 1787 1118 1842 lllud
1163 1797 1345 1842 autem
1379 1806 1392 1842 :
1434 1805 1452 1838 ι
1484 1786 1617 1852 Qua:
1644 1790 1790 1842 enim
1837 1787 2100 1844 fortitudo
2133 1806 2251 1843 mea
2284 1799 2342 1844 ut

2427 614 2676 682 δηλώσει,
2716 615 2794 677 εἰς
2814 613 2966 667 οὐδὲν
2985 615 3042 667 δὲ
3071 616 3180 670 τῶν
3205 616 3703 686 προδιεσταλμένων
3730 616 4005 690 συνε[νε]-

2429 704 2613 775 χθείη·
2649 705 2743 757 καὶ
2781 705 3102 774 ἀπαλλαγῆς
3149 706 3248 775 μὲν
3281 705 3559 776 ὲξαίτησιν
3605 706 3712 759 τῶν
3749 709 4006 774 συνεχόν-

2429 809 2558 856 των,
2595 792 2656 844 ού
2689 792 2794 862 μὴν
2822 792 3115 864 ἐρώτησιν,
3155 793 3277 845 οὐδὲ
3309 793 3752 864 προσδιορισμδν,
3788 793 3914 847 ούδὶ
3942 795 4008 847 τὸ

2430 884 2701 953 ἀόριστον,
2733 885 2841 937 οὐδ’
2865 885 3205 956 έπιτίμησιν,
3233 882 3347 937 ἀλλ’
3372 886 3494 938 οὐδὲ
3521 885 3583 937 τὸ
3613 883 3858 946 σπάνιον,
3885 883 4006 935 ἀλλ’

2430 974 2551 1026 οὑδὲ
2594 974 2967 1044 εὐχαριστίαν,
2999 975 3034 1045 ἢ
3074 975 3371 1042 εὐτέλειαν,
3401 974 3523 1027 οὐδὲ
3557 973 3740 1044 θαῦμα
3771 974 3868 1026 καὶ
3915 971 4009 1024 έκ-

2434 1065 2629 1134 πληξιν
2661 1066 2993 1136 ὑπογράφει.

2504 1155 2610 1224 κη’.
2645 1155 2716 1209 Σὺ
2763 1157 2822 1208 δέ
2871 1174 2965 1225 μοι
3028 1156 3250 1209 κάκεῖνο
3295 1153 3710 1225 προσεπιζήτει,
3737 1154 3819 1220 τὸ,
3854 1172 3873 1206 ι
3908 1151 4012 1217 Τίς

2435 1251 2705 1318 ἀπατήσει
2726 1250 2817 1302 τὸν
2843 1248 3086 1319 ’Δχαάϐς
3117 1266 3136 1299 ι
3168 1249 3312 1311 καὶ,ι
3337 1247 3470 1300 Τίνα
3491 1246 3803 1312 ἀποστελῶς
3830 1263 3851 1298 t
3889 1246 4010 1310 καὶ,

2441 1356 2460 1390 ι
2496 1339 2592 1400 Τίς
2634 1337 2962 1407 πορεύσεται
3011 1338 3149 1408 πρὸς
3176 1336 3268 1390 τὸν
3299 1336 3456 1403 λαόν;
3490 1356 3509 1390 ι
3561 1336 3866 1389 θαντασίαν
3909 1335 4014 1404 μέν

2436 1446 2559 1480 τινα
2592 1427 2892 1496 παρέχεται
2921 1427 2996 1490 ῶς
3023 1427 3248 1480 δυνατὸν
3280 1427 3370 1494 ὑφ’
3412 1427 3470 1478 ἐν
3508 1426 3618 1479 τῶν
3664 1426 4016 1496 προδιευκρι-

2438 1537 2502 1588 νη
2511 1519 2689 1588 μένων
2717 1517 3016 1587 ἀναχθῆναι
3036 1535 3050 1548 ·
3083 1518 3144 1570 ού
3171 1519 3278 1588 μήν
3309 1534 3372 1585 γε
3397 1516 3495 1569 καὶ
3517 1518 3584 1586 τῇ
3611 1515 3841 1586 ἀληθείᾳ
3868 1515 4017 1585 πάρ-

2441 1611 2558 1663 οδον
2597 1611 2862 1677 εὑρίσκει,
2920 1608 3057 1664 ἀλλά
3093 1607 3464 1678 προκλητικῖκ
3499 1606 3698 1676 μᾶλλόν
3738 1607 3855 1657 έστι
3892 1604 4017 1657 δια-

2443 1700 2612 1763 νοίας,
2657 1701 2690 1770 ἢ
2745 1701 2930 1770 ἑτέρου
2963 1698 3107 1762 τινὸς
3136 1699 3307 1752 τύπον
3337 1696 3614 1760 διασώζει.
3651 1697 3724 1748 Τὸ
3745 1695 3823 1760 δὲ,
3863 1713 3884 1746 t
3916 1695 4018 1757 τίς

2443 1788 2554 1858 γάρ
2588 1805 2690 1857 μου
2724 1788 2757 1858 ἡ
2785 1788 2962 1857 ἰσχὺς,
2991 1787 3074 1840 ὅτι
3103 1786 3394 1856 ύπομένω;
3429 1785 3462 1855 ἢ
3491 1785 3573 1847 τίς
3607 1801 3708 1855 μου
3736 1784 3764 1835 ὑ
3797 1783 4017 1853 χρόνος,

775 1877 1118 1932 sustineam?
1146 1886 1242 1932 aut
1284 1878 1559 1948 quodnam
1603 1886 1819 1948 tempus
1852 1895 2032 1933 meum
2076 1892 2133 1934 ut
2166 1881 2342 1949 perfe-
2371 1865 2414 1919 Β

2371 1865 2414 1919 Β
2441 1879 2522 1930 δτι
2569 1878 2867 1946 ἀνέχομαι;
2899 1895 2917 1926 ι
2975 1877 3091 1938 πῶς
3131 1877 3232 1947 οὐχ
3277 1875 3464 1943 ἔτερόν
3513 1892 3565 1928 τι
3611 1876 4022 1944 σημαινόμενον

779 1982 894 2020 ram
921 1967 1012 2020 “2
1045 1985 1066 2019 ι
1100 1967 1291 2037 quidni
1333 1967 1500 2021 alium
1543 1983 1764 2022 sensum
1808 1969 1910 2023 sibi
1957 1970 2233 2036 deposcet,
2270 1973 2341 2025 ita

779 2064 839 2109 ιιι
872 2056 1159 2111 consilium
1205 2055 1431 2110 minime
1473 2057 1734 2125 injurium
1781 2058 1891 2113 Deo
1921 2059 2037 2114 sit?
2077 2058 2167 2116 Ille
2193 2062 2340 2116 enim

775 2143 1176 2198 calamitatibus
1203 2159 1446 2213 pressus,
1473 2146 1603 2200 dum
1630 2148 1753 2201 vitae
1782 2148 2095 2203 brevitatem
2122 2151 2346 2205 virium:

776 2248 885 2302 que
936 2225 1304 2287 inﬁrmitatem
1353 2243 1410 2288 et
1452 2237 1776 2304 paucitatem
1817 2237 2095 2293 declarare
2143 2241 2343 2308 studet,

780 2323 867 2377 his
895 2339 1017 2392 quae
1041 2322 1157 2378 dixi
1186 2324 1365 2377 verbis
1395 2332 1450 2379 et
1479 2325 1571 2378 illa
1601 2326 1764 2381 simul
1802 2327 1965 2393 mala,
2000 2339 2055 2382 et
2082 2345 2242 2384 suum
2275 2334 2344 2386 ob

780 2425 846 2466 ea
873 2421 1124 2466 mcestnm
1170 2411 1555 2483 defessumque
1587 2417 1832 2471 animum
1869 2421 2066 2489 aperit.
2121 2420 2347 2492 insuper

781 2503 916 2557 illud
956 2523 970 2558 :
1006 2523 1026 2556 ι
1063 2504 1200 2558 Num
1244 2506 1370 2574 quis
1423 2508 1573 2561 novit
1619 2523 1686 2562 an
1737 2526 1861 2565 eum
1905 2513 2346 2581 deprehensurus

779 2596 885 2649 sim
909 2596 993 2648 ⁸³1
1019 2615 1039 2647 ι
1061 2607 1115 2651 et
1135 2615 1147 2650 :
1166 2615 1185 2647 ι
1211 2595 1348 2662 Quis
1374 2599 1545 2665 novit,
1571 2610 1753 2654 utrum
1782 2605 1852 2657 sit
1879 2619 2196 2662 reversurus
2218 2609 2300 2663 “l
2322 2628 2341 2661 ι

782 2686 921 2752 haec,
954 2689 1197 2758 inquam,
1230 2689 1544 2744 dubitanter
1572 2692 1738 2757 dicta,
1765 2694 1810 2748 si
1840 2695 1913 2748 ita
1953 2696 2346 2769 intelligantur,

785 2793 1132 2846 nequaquam
1174 2780 1494 2833 sententiam
1527 2781 1922 2848 obscurabunt,
1963 2787 2223 2856 nullaque
2249 2805 2349 2842 an-

783 2868 1017 2920 ditorcm
1067 2869 1421 2936 ambiguitate
1473 2871 1738 2925 irretient.
1790 2872 1883 2927 Sin
1939 2877 2124 2930 eadem
2155 2893 2185 2932 a
2215 2895 2352 2947 prae-

781 2955 928 3008 dicta
963 2956 1357 3026 signiﬁcatione
1387 2959 1661 3023 recedent,
1689 2961 2013 3030 perplexitas
2045 2965 2350 3020 auditorem

783 3046 1002 3108 obruet,
1053 3048 1327 3102 contraria
1378 3064 1603 3116 prorsus
1652 3051 1730 3104 illi
1795 3053 2191 3122 perspicuitati,
2232 3072 2353 3125 quae

787 3144 947 3188 rectae
973 3136 1341 3205 intelligentia:
1371 3137 1584 3194 fructus
1626 3150 1732 3196 est.
1775 3143 1951 3210 Atque
1995 3143 2160 3213 hujus
2188 3163 2349 3202 voca-

789 3225 899 3278 buli
935 3242 1018 3287 τις
1048 3227 1245 3280 multas
1279 3229 1416 3282 alias
1467 3227 1806 3286 dilIerentias
1834 3250 1862 3285 ει
1897 3249 1982 3287 me
2015 3238 2349 3303 praetermis-

789 3331 900 3379 sas,
947 3317 1041 3385 qui
1073 3319 1304 3372 scrutari
1337 3334 1528 3376 sacros
1567 3320 1759 3376 Libros
1814 3323 2067 3392 voluerit,
2107 3329 2352 3395 profecto

791 3407 1052 3474 inveniet,
1084 3425 1220 3476 quas
1249 3419 1304 3464 et
1351 3411 1474 3465 aliis
1519 3414 1807 3468 ostendere
1833 3431 1940 3469 non
1976 3432 2134 3471 secus
2163 3433 2226 3472 ac
2254 3417 2352 3473 de-

789 3498 1143 3568 prehendere,
1178 3499 1433 3569 perfacile
1461 3505 1735 3571 negotium
1759 3513 1865 3559 est.

859 3589 949 3641 29.
989 3589 1105 3644 Non
1158 3589 1335 3644 solum
1391 3602 1574 3645 autem
1631 3594 1794 3647 unica
1844 3594 2118 3651 interdum
2177 3599 2355 3655 brevis

791 3677 958 3733 dictio
991 3678 1276 3748 multiplici
1306 3680 1614 3749 signiﬁcatu
1643 3683 1886 3750 praedita,
1919 3684 2188 3753 siquando
2210 3687 2355 3743 haud

790 3771 1174 3824 convenienter
1219 3770 1580 3838 intelligatur,
1631 3783 1866 3828 mentem
1895 3775 2059 3830 etiam
2103 3779 2358 3833 cordate-

792 3876 913 3915 rum
946 3859 1226 3914 hominum
1263 3862 1522 3916 obscurat
1549 3872 1714 3932 atque
1738 3865 2055 3931 conturbat;
2088 3869 2179 3922 sed
2211 3867 2357 3923 litte-

792 3952 927 4007 rulze
973 3966 1196 4021 quoque
1239 3951 1534 4017 aberratio,
1584 3954 1792 4010 additio
1834 3955 1917 4010 vel
1946 3955 2236 4023 detractio,
2272 3961 2356 4014 vel

792 4043 971 4096 dirum
1019 4043 1148 4113 quid
1195 4043 1485 4112 aliquoties
1532 4045 1694 4113 parit,
1728 4046 1811 4101 vel
1860 4055 2005 4100 certe
2058 4049 2356 4104 absurdum

794 4134 932 4186 solet
971 4132 1198 4187 elllcere.
1231 4133 1411 4200 Atque
1461 4141 1522 4186 ut
1569 4143 1764 4188 cetera
1812 4134 2031 4190 interim
2080 4138 2355 4203 omittam,

791 4223 838 4278 si
885 4225 1011 4293 quis
1067 4224 1292 4278 verbum
1340 4223 1538 4292 ἐκτησε
1587 4224 1745 4294 longa
1793 4227 1994 4296 syllaba
2051 4229 2355 4296 praeditum,

792 4316 938 4370 brevi
963 4317 1166 4372 scribat
1192 4317 1422 4386 (ἔκτισε)
1457 4325 1625 4386 atque
1671 4317 1744 4371 ita
1791 4317 2064 4387 intelligat
2097 4319 2150 4372 in
2182 4335 2244 4374 ea
2276 4321 2358 4374 Io-

2444 1968 2786 2038 ἐπιζητήσει,
2808 1968 2874 2020 δι’
2903 1961 2966 2022 οῦ
2985 1968 3046 2019 τὸ
3075 1966 3286 2019 ἐκείνου
3309 1965 3558 2036 βούλημα
3580 1964 3679 2018 οὑκ
3701 1964 4021 2036 έξυϐρίσοις

2443 2059 2518 2111 Τδ
2545 2058 2652 2128 γὰρ
2680 2057 2852 2128 βραχὺ
2903 2056 2999 2110 καλ⁵
3029 2058 3216 2110 ἄτονον
3260 2056 3356 2109 καὶ
3383 2056 3748 2126 ὀλιγοχρόνιον
3774 2054 3869 2108 τοῦ
3899 2054 4022 2124 βίου

2445 2151 2538 2203 καὶ
2563 2149 2663 2219 τῆς
2695 2149 2876 2219 ἰσχύος
2905 2150 2933 2202 ό
2964 2151 3031 2219 τῇ
3063 2147 3407 2217 ταλαιπωρίᾳ
3439 2145 3803 2218 έκτρυχωθεὶς
3833 2162 4022 2215 παρα-

2446 2240 2642 2309 στῆσαι
2669 2238 2974 2310 βουληθεὶς,
3015 2238 3104 2290 διά
3133 2237 3339 2290 τούτων
3375 2234 3493 2290 τῶν
3537 2237 3798 2307 ῥημάτων
3833 2236 4024 2289 έκεῐνά

2443 2349 2502 2385 τε
2534 2332 2650 2400 ἅμα
2698 2332 2792 2383 καὶ
2831 2329 2922 2382 τὸν
2952 2330 3042 2382 έπ⁹
3088 2329 3272 2392 αύτοίς
3307 2327 3706 2398 ὀλοφυρόμενον
3755 2326 3882 2379 νοῦν
3926 2327 4024 2379 καὶ

2446 2419 2786 2491 ἀπειρηκότα
2821 2417 3181 2473 ἀναπτύσσει.
3226 2416 3390 2470 Ἀλλά
3437 2417 3545 2488 γὰρ
3588 2415 3683 2469 καὶ
3727 2415 3808 2479 τὺ,
3863 2433 3882 2466 ι
3923 2415 4025 2479 Τίς

2446 2509 2556 2577 ἀρα
2585 2507 2771 2577 γνοίη,
2803 2507 2886 2560 ὅτι
2919 2505 3138 2577 εῦροιμι
3169 2504 3363 2570 αύτόν;
3398 2523 3418 2556 ι
3453 2504 3544 2558 καὶ
3571 2504 3654 2569 τὸ,
3688 2522 3707 2554 ι
3746 2501 3846 2566 τίς
3877 2498 4025 2555 οἶδεν

2447 2599 2496 2650 εἰ
2530 2595 2881 2666 έπιστρέψοις
2919 2613 2937 2646 ι
2983 2595 3123 2647 κατά
3149 2591 3470 2663 διαπόρησιν
3508 2591 3810 2662 εἰρημένα,
3845 2593 3894 2644 εἰ
3929 2589 4022 2644 οῦ-

2446 2702 2555 2748 τως
2585 2682 2981 2754 προσληφθείη,
3023 2681 3178 2735 οὐδὲν
3213 2681 3313 2751 μὲν
3342 2681 3443 2750 τὴν
3468 2679 3707 2733 διάνοιαν
3752 2679 4026 2749 ἀμαυρῶ-

2452 2789 2554 2834 σει,
2587 2773 2665 2834 είς
2693 2771 2949 2840 οὐδεμίαν
2977 2770 3035 2823 δέ
3069 2767 3402 2839 ἀμφιϐολίαν
3439 2771 3530 2821 τὸν
3553 2768 3832 2838 ἀκροατὴν
3862 2783 4027 2837 περι-

2449 2862 2637 2932 τρέψει
2657 2874 2674 2891 ⁶
2701 2861 3003 2914 ἐκπεσόντα
3048 2860 3105 2912 δὲ
3127 2860 3225 2929 τῆς
3249 2858 3508 2929 τοιαύτης
3538 2858 3837 2927 σημασίας,
3871 2857 4028 2910 οὐδέν

2452 2953 2671 3004 ἔλαττον
2697 2951 2729 3020 ἢ
2764 2951 2901 3020 ὅπερ
2926 2949 3177 3002 ἐϐούλετο
3207 2949 3401 3019 δηλοῦν
3431 2948 3661 3018 ὀρθότης
3686 2947 3781 3001 τοῦ
3818 2964 4030 3018 σημαι-

2452 3043 2698 3110 νομὲνου,
2725 3041 2957 3110 ἀπορίας
2988 3039 3152 3092 αὐτὸν
3198 3038 3558 3109 ἀναπλήσσει.
3595 3037 3706 3091 Καὶ
3729 3037 3790 3090 οὑ
3819 3037 4030 3102 ταύτας

2461 3132 2641 3202 μόνον,
2668 3130 2802 3182 ἀλλὰ
2833 3132 2928 3183 καὶ
2963 3128 3164 3192 πολλάς
3193 3129 3359 3191 ἄλλας
3381 3127 3645 3199 διαφορὰς
3668 3127 3770 3197 τῆς
3795 3144 4028 3198 προκει-

2463 3224 2630 3293 μένης
2685 3222 2867 3290 φωνῆς
2901 3220 3420 3291 παραλελειμμένας
3466 3221 3496 3273 ὀ
3547 3218 3876 3288 βουλόμενος
3929 3219 4034 3290 τὴν

2462 3313 2612 3380 ίεράν
2635 3311 3031 3381 ἀναλεγόμενος
3057 3309 3282 3381 Γραφὴν
3315 3309 3561 3378 εὑρήσει,
3592 3308 3658 3371 ἃς
3683 3306 3838 3360 οὐδὲν
3868 3307 4034 3378 ιργον

2457 3405 2579 3459 οὕτε
2618 3405 2780 3460 αὑτὸν
2812 3404 2998 3458 λαϐεῖν
3035 3401 3161 3456 οὔτε
3188 3402 3302 3465 τοῖς
3333 3400 3519 3463 ἀλλοις
3549 3397 3883 3468 έκκαλύψαι.

2533 3598 2638 3652 κθν.
2680 3596 2756 3650 Ού
2790 3595 2948 3666 μόνον
2974 3594 3031 3647 δὲ
3061 3593 3162 3664 μία
3189 3592 3333 3659 λέξις
3356 3594 3453 3647 καὶ
3475 3593 3599 3646 τότε
3624 3592 3853 3665 βραχεῖα
3887 3595 4038 3648 κατά

2461 3687 2672 3741 πολλῶν
2700 3687 2799 3757 μὲν
2825 3683 3201 3754 ὑποκειμένων
3230 3685 3531 3756 φερομένη,
3555 3685 3616 3737 ού
3646 3685 3947 3755 προσφυῶς
3977 3685 4038 3740 ει

2461 3777 3029 3848 παραλαμϐανομένη,
3085 3774 3180 3827 τὸν
3231 3773 3356 3827 νοῦν
3407 3775 3518 3829 τῶν
3564 3774 3743 3843 ὀρθῶς
3795 3776 4039 3845 έχόντων

2462 3867 2703 3922 ὲπιθολοί
2756 3867 2851 3920 καὶ
2902 3867 3283 3937 διαταράττει,
3357 3864 3495 3919 ἀλλά
3546 3865 3643 3919 καὶ
3703 3865 4039 3936 γράμματος

2461 3956 2785 4028 παραλλαγὴ
2807 3995 2819 4016 ,
2850 3955 2884 4024 ἢ
2914 3955 3217 4026 πρόσθεσις
3237 3955 3333 4008 καὶ
3367 3955 3658 4025 ἀφαίρεσις
3679 3993 3694 4019 ,
3745 3955 3796 4007 εἰ
3826 3955 3921 4008 καὶ
3960 3955 4038 4024 μὴ

2463 4049 2697 4120 χαλεπὸν
2718 4047 3114 4108 ἀποσκευάσαι,
3131 4047 3280 4114 ὅμως
3303 4044 3503 4098 ἀτοπόν
3525 4061 3579 4098 τι
3603 4045 3849 4115 ἀπαντᾷν
3873 4045 4037 4098 εἴωθε

2465 4138 2925 4211 παρασκευάζειν.
2984 4138 3096 4190 Καὶ
3140 4138 3228 4191 ίνα
3276 4136 3372 4191 νῦν
3413 4137 3561 4191 έάσω
3588 4136 3658 4190 τὰ
3687 4136 3846 4202 ἀλλα,
3896 4135 4040 4190 ἀλλά

2463 4233 2571 4302 γάρ
2623 4232 2718 4284 καὶ
2768 4229 2831 4283 τδ
2857 4229 3120 4294 ἕκτησεν
3151 4227 3205 4281 εῐ
3249 4245 3334 4291 τις
3386 4227 3759 4298 μηκυνόμενον
3805 4225 3894 4280 διά
3940 4227 4039 4280 τοῦ

2466 4319 2870 4392 βραχυνομένου
2917 4319 3029 4391 (21)
3067 4319 3159 4372 καλ
3189 4319 3418 4389 γράψειε
3448 4318 3545 4372 καὶ
3572 4319 3813 4389 νοήσειεν
3842 4319 3903 4370 ιν
3938 4317 4038 4386 τῷ,

791 4408 1008 4464 ultione
1046 4427 1065 4460 ι
1103 4409 1363 4463 Dominus
1389 4409 1588 4478 ἐκτησε
1617 4408 1834 4477 (nempe
1876 4411 2068 4463 creavit
2105 4426 2203 4480 pro
2234 4429 2358 4480 pos-

2471 4431 2491 4465 t
2524 4412 2726 4482 Κύριος
2776 4411 2975 4480 έκτησέ
3025 4425 3091 4478 με
3135 4409 3312 4478 ἀρχὴν
3338 4407 3473 4462 ὀδῶν
3504 4407 3656 4480 [cod.
3691 4405 3834 4478 ὀδδν]
3865 4405 4038 4459 αὐτοῦ

792 4499 952 4566 sedit)
981 4515 1069 4554 me
1091 4500 1300 4553 initium
1326 4502 1533 4552 viarum
1569 4515 1792 4554 suarum
1818 4500 1885 4554 ad
1909 4516 2074 4569 opera
2107 4518 2205 4556 sua
2229 4503 2308 4567 ",
2335 4523 2354 4556 ι
2391 4519 2434 4574 ο

2391 4519 2434 4574 ο
2463 4505 2543 4565 είς
2570 4500 2705 4572 ἔργα
2733 4499 2927 4552 αὑτοῦ·
2965 4517 2984 4550 ι
3012 4495 3129 4551 εἶτα
3155 4499 3291 4569 πρὸς
3313 4497 3412 4567 τὴν
3434 4497 3532 4551 τοῦ
3569 4496 3777 4568 ’Δρείου
3805 4495 4039 4565 γνώμην

794 4589 990 4644 deinde
1019 4589 1084 4643 ad
1123 4590 1235 4643 Arii
1280 4590 1607 4644 sententiam
1653 4589 1910 4655 inclinet;
1949 4590 1995 4645 is
2029 4601 2221 4646 contra
2262 4594 2356 4646 lilii

2463 4590 2922 4658 ἀποκλίνοι,κατά
2952 4590 3048 4658 τῆς
3080 4588 3175 4643 τοῦ
3207 4588 3339 4642 Υἱοῦ
3367 4589 3622 4659 θεότητος
3654 4587 3755 4659 τὴν
3781 4586 4041 4655 γλῶσσαν

791 4681 1124 4736 divinitatem
1182 4680 1416 4749 linguam
1479 4688 1657 4733 acuet.
1722 4679 1824 4734 Sed
1886 4680 2000 4733 Arii
2056 4681 2355 4736 suavitatem

2462 4684 2671 4748 ὀξύνοιο
2723 4678 2785 4737 οῦ
2820 4682 2882 4735 τδ
2911 4681 3195 4752 δύσφημον
3227 4679 3512 4750 πολλαχῶς
3567 4679 3667 4751 μιν
3709 4679 4040 4750 έρῤαπίζειν

794 4770 1145 4828 multifariam
1192 4770 1444 4824 insectari
1492 4779 1545 4823 et
1596 4784 1894 4838 coarguere
1945 4785 2175 4838 pronum
2225 4779 2354 4826 est:

2465 4771 2560 4822 καὶ
2591 4770 2888 4838 διελέγχειν
2921 4769 3075 4839 ῥᾷον,
3108 4768 3221 4821 ἀλλ’
3268 4768 3422 4822 οὐδὲν
3451 4767 3672 4821 ἔλαττον
3707 4767 3801 4820 καὶ
3855 4768 3943 4820 δτι
3982 4771 4041 4820 τὸ

795 4866 1094 4934 praesertim
1130 4865 1256 4934 quia
1293 4865 1515 4919 verbum
1552 4862 1773 4932 ἕκτησε,
1805 4863 1945 4916 haud
1992 4878 2088 4932 per
2131 4865 2238 4918 iota
2270 4864 2360 4919 lit-

2467 4857 2729 4923 ἐκτησεν
2756 4857 2818 4909 ού
2845 4856 2944 4926 τῆς
2970 4856 3059 4909 διὰ
3086 4854 3180 4908 τοῦ
3207 4855 3338 4908 ἰῶτα
3368 4855 3657 4926 γραμμῆς,
3694 4855 3783 4908 διά
3832 4854 3891 4908 δέ
3939 4858 4041 4925 τῆς

796 4966 978 5008 teram.
1013 4955 1106 5009 sed
1138 4971 1234 5024 per
1272 4963 1359 5009 eta
1407 4953 1874 5023 pronuntiandum
1907 4953 1950 5007 si
1980 4953 2102 5022 quis
2129 4955 2361 5008 demon-

2465 4947 2558 5002 τοῦ
2596 4943 2703 5018 ἦτα
2733 4947 3143 5018 προφερόμενον
3187 4947 3216 4999 ὀ
3261 4945 3582 5008 ὑποδεικνὺς
3611 4945 4040 5006 ἀνακαλύπτων,

796 5055 952 5110 stret,
991 5046 1038 5100 is
1069 5047 1352 5116 loquacem
1391 5045 1659 5099 hzereticab
1688 5044 1957 5113 superbia:
1983 5043 2264 5096 audaciam
2293 5043 2360 5097 ad

2462 5043 2541 5103 εἰς
2569 5039 2725 5109 σιγὴν
2748 5039 3011 5107 αἰσχύνης
3042 5037 3136 5090 τοῦ
3169 5036 3449 5107 αίρετικοῦ
3480 5037 3828 5107 φρονήματος
3862 5034 3925 5087 τὸ
3952 5035 4043 5088 λά·

797 5135 1076 5190 silentium
1114 5144 1269 5204 turpe
1301 5134 1607 5202 compellet.
1644 5133 1776 5188 Nam
1817 5134 2040 5188 verbum
2075 5133 2178 5187 hoc
2205 5134 2361 5203 longa

2463 5133 2553 5184 λον
2598 5129 2798 5199 θράσος
2833 5127 3150 5180 συνελάσει·
3200 5127 3234 5197 ἠ
3276 5127 3386 5196 γὰρ
3436 5126 3575 5196 μετὰ
3619 5125 3714 5179 τοῦ
3772 5124 4042 5194 μεγέθους

803 5226 980 5276 littera
1015 5223 1310 5292 prolatum,
1358 5225 1510 5278 nullo
1557 5226 1716 5278 modo
1769 5233 2019 5278 naturam
2064 5223 2360 5286 imminuit,

2471 5217 2732 5289 προϊοῦσα
2777 5217 2922 5282 λέξις
2962 5216 3064 5269 οὐκ
3108 5216 3320 5269 έλαττοῖ
3363 5216 3462 5285 τὴν
3492 5214 3675 5284 φύσιν,
3712 5214 3775 5267 ού
3801 5215 3906 5281 μέν
3945 5209 4042 5268 οῦν

801 5330 975 5383 neque
1001 5316 1139 5369 intra
1177 5316 1443 5370 minorem
1475 5316 1755 5370 modulum
1787 5325 2049 5380 coarctat,
2085 5330 2262 5385 neque
2296 5314 2364 5368 ad

2473 5312 2592 5364 οὐδὲ
2621 5310 2898 5363 συστέλλει
2926 5308 3063 5379 πρὸς
3093 5307 3153 5359 τὺ
3178 5305 3536 5378 βραχύτερον,
3567 5305 3691 5360 ούδὶ
3730 5307 3808 5369 εἰς
3831 5305 4042 5376 κτίσμα

800 5521 848 5554 ﬂ
871 5447 1016 5576 ‘6';le
1216 5465 1358 5558 ἐέιι,
1388 5451 1478 5505 20.
1553 5452 1621 5483 η’
1651 5449 1755 5505 isa.
1782 5465 1855 5517 vt,
1889 5451 1941 5506 8.
2037 5450 2083 5481 “
2114 5448 2316 5505 Jerem.
2349 5465 2439 5514 xv,
2465 5449 2516 5501 5.
2610 5446 2656 5480 “
2686 5444 2787 5502 Job
2818 5461 2891 5511 vt,
2929 5445 3016 5500 ll.
3057 5445 3103 5476 “
3129 5442 3235 5499 Job
3275 5459 3431 5509 unt,
3477 5443 3532 5498 3.
3626 5442 3671 5475 “
3708 5439 3833 5498 Jon.
3867 5456 3955 5508 tn,
3983 5441 4036 5501 9-

1020 5559 1035 5574 ’
1074 5557 1186 5587 ””⁹
1219 5557 1309 5574 ”’
2295 5585 2525 5642 ΝοτΑε.

878 5736 990 5804 (2|)
1023 5733 1159 5790 lliuc
1218 5734 1598 5805 cognoscimus
1649 5732 1898 5805 Photium
1929 5730 2369 5805 pronuntiavisse
2474 5737 2678 5805 tantem
2742 5724 3100 5805 \Lilioisonutn
3139 5721 3352 5805 Proleg:
3407 5720 3474 5775 ad
3524 5719 3746 5776 llomer.
3793 5733 3853 5791 ν.
3885 5724 4046 5789 tv,“

805 5791 1120 5861 unico'souo
1187 5791 1315 5860 tam“
1332 5815 1416 5860 ctu
1445 5819 1603 5874 quam
1635 5805 1761 5857 iuta.
1790 5801 1864 5858 De
1887 5791 1944 5857 re
1971 5801 2165 5874 legesis
2186 5800 2371 5871 dispu-
2475 5798 2724 5853 Auecdot.
2757 5795 2851 5853 Cr.
2894 5805 3026 5853 tom.
3055 5793 3121 5861 11,
3145 5807 3197 5864 p.
3243 5791 3342 5848 liti
3371 5805 3522 5862 seqq.
