4198 6440
190 433 267 498 85
1218 441 1318 501 ΑΙ)
1345 441 1763 503 AMPHILOCI

1865 441 1937 501 [Μ
1967 439 2313 513 ΟυιλΕΞΤΙΟ
2340 439 2390 499 Ι.
3375 436 3446 502 86

184 549 288 616 τὴν
316 546 573 603 άκτιστον
614 548 805 605 οὐσίαν
832 551 1096 621 κατάγει⁶
1144 555 1221 625 μή
1277 572 1333 609 τι
1372 557 1640 626 γένηται·
1682 558 1763 610 οἱ·

1868 567 2133 613 οεοαιυι-αι
2157 555 2530 612 conditionem
2566 554 2929 612 substantiam
2962 556 3261 612 incrcatam
3301 558 3446 613 redi-

186 636 415 690 κείωσιν
468 639 525 692 δι
580 641 784 709 μᾶλλον
829 644 926 695 καὶ
967 644 1272 714 πρόσληψιν
1323 645 1420 698 καὶ
1477 646 1767 700 κοινωνίαν

186 726 301 779 τῶν
339 728 595 796 ὁμοφυῶν
623 731 837 801 ηατρδς
876 731 1185 803 ὑπογράφει
1226 733 1322 788 καὶ
1354 735 1510 791 Υίοῦ.
1554 734 1613 789 ⁸0
1659 736 1768 807 γάρ

186 816 493 882 διαστατῶς
517 822 797 891 πανταχοῦ
829 823 1005 879 συνὼν
1032 825 1111 894 τῷ
1132 827 1293 896 γεννή
1304 843 1437 896 ματι
1462 828 1763 898 γεννήτωρ.

189 912 289 964 καὶ
313 912 478 981 μηδὲν
499 913 776 982 ἀπότομον
794 918 890 970 καὶ
920 918 1249 988 διῃρημένον
1268 919 1369 988 τῆς
1401 919 1611 972 έκείνου
1644 920 1768 990 βου-

187 999 293 1069 λῆς
320 1003 416 1055 καὶ
444 1001 675 1073 γνώμης
702 1007 846 1060 κατά
870 1007 1237 1079 δημιουργίαν
1284 1008 1422 1080 μηδι
1464 1013 1611 1063 κατά
1636 1010 1769 1081 πρό-

188 1106 346 1144 νοιαν
376 1095 657 1169 πράττων,
682 1095 841 1166 δῆλον
871 1098 952 1151 ὅτι
984 1099 1103 1168 μετ’
1124 1098 1451 1163 οίκειώσεως
1481 1102 1575 1153 καί
1598 1118 1768 1171 προσ-

188 1180 407 1251 λήψεως
439 1183 549 1237 τῶν
596 1183 981 1258 βουλευμάτων
1018 1190 1126 1244 τῶν
1180 1190 1274 1244 τοῦ
1312 1192 1446 1247 Υίοῦ
1487 1191 1666 1249 πάντα
1701 1196 1769 1250 ἂν

187 1272 291 1324 καὶ
337 1274 643 1345 προαγάγοι
674 1278 771 1331 καὶ
807 1279 1063 1349 προνοίας
1084 1280 1313 1355 ἀξιώσῃ.
1337 1276 1433 1348 Οἷς
1455 1282 1564 1355 γάρ
1589 1286 1769 1356 ἀπαρο

184 1361 459 1419 άλλακτον
496 1369 590 1421 καὶ
629 1370 809 1424 κοινὸν
857 1372 918 1425 τὸ
953 1372 1174 1443 ἀξίωμα
1216 1376 1311 1428 καὶ⁵
1367 1375 1402 1446 ἡ
1444 1376 1609 1445 φύσις
1670 1377 1770 1431 καὶ

186 1455 432 1522 ἔξουσία,
475 1458 690 1525 τούτοις
732 1462 975 1535 δηλονότι
1028 1465 1121 1518 καὶ
1170 1464 1233 1519 τὸ
1272 1464 1626 1538 δημιουργεῖν
1673 1469 1769 1521 καὶ

186 1548 481 1619 προάγειν,
514 1552 807 1624 ἀμέριστόν
834 1573 893 1608 τε
933 1556 1029 1610 καὶ
1063 1556 1407 1620 ἀδιάστατον.
1434 1560 1530 1613 καὶ
1554 1560 1768 1628 παραλ-

185 1634 369 1709 λαγὴν
396 1640 497 1710 τῆς
516 1640 743 1715 γνώμης
774 1644 837 1699 οὐ
863 1647 1029 1717 φέρον
1056 1648 1329 1719 οὐδεμίαν.
1354 1650 1420 1703 Ὀ
1446 1651 1541 1704 καὶ
1560 1652 1595 1722 ἡ
1625 1667 1768 1722 παρ-

165 1725 333 1783 .οὖσα
356 1733 909 1806 συνεπιμαρτύρηται
927 1737 1087 1808 ῥῆσις
1105 1754 1119 1770 ·
1135 1738 1227 1792 έπί
1249 1755 1309 1793 τε
1336 1740 1445 1810 γὰρ
1467 1743 1535 1812 τῇ
1564 1759 1771 1812 κοσμο-

184 1822 382 1895 γενείᾳ
406 1824 502 1879 τοῦ
530 1826 755 1893 παντὸς,
788 1829 886 1883 καὶ
927 1830 1021 1883 επὶ
1056 1832 1122 1901 τῇ
1150 1831 1490 1886 ἀνακαινίσει
1532 1833 1628 1887 καὶ
1656 1849 1765 1887 σωο

182 1914 358 1985 τηρίᾳ
399 1915 497 1970 τοῦ
527 1920 1036 1989 παρολισθήσαντος
1068 1922 1228 1994 ἡμῶν
1259 1924 1451 1991 γένους
1475 1925 1569 1978 καὶ⁵
1599 1943 1769 1979 κατα-

184 2006 451 2072 πεσόντος
479 2010 559 2073 είς
583 2010 896 2081 συντριϐὴν,
928 2012 1117 2085 κοινὴν
1158 2014 1255 2067 καὶ
1283 2015 1380 2086 τὴν
1404 2016 1768 2088 δημιουργίαν

182 2092 445 2153 εἶναικαὶ
470 2101 568 2172 τὴν
596 2102 855 2171 πρόνοιαν
879 2105 1095 2175 Πατρδς
1128 2106 1221 2159 καὶ
1251 2105 1384 2159 Υίοῦ
1417 2107 1725 2162 ἐκδιδάσκει
1747 2124 1763 2141 ⁸

178 2185 212 2253 ἦ
244 2202 308 2239 τε
339 2187 453 2259 γάρ
479 2189 587 2243 τῶν
618 2190 755 2245 ὅλων
790 2195 853 2247 έκ
889 2193 964 2265 μὴ
992 2197 1162 2249 δντων
1188 2197 1435 2267 πρόοδος,
1469 2199 1561 2252 καὶ
1590 2202 1622 2269 ἡ
1665 2204 1765 2271 τῆς

175 2277 464 2348 ἡμετέρας
496 2279 714 2348 φύσεως
744 2284 826 2347 είς
857 2283 918 2336 τὸ
952 2287 1136 2356 χεῖρον
1163 2287 1543 2359 ἀπονευσάσης
1569 2291 1661 2343 επὶ
1698 2290 1759 2344 τὸ

176 2367 412 2435 ἄμεινον
442 2371 747 2442 ἀνάκτησις
767 2375 865 2427 καὶ
890 2376 1216 2449 ἐπιστροφὴ,
1248 2377 1408 2448 δῆλον
1436 2382 1517 2434 δτι
1541 2381 1639 2451 τῆς
1664 2381 1759 2435 τοῦ

176 2455 399 2525 Πατρὸς
432 2459 528 2511 καὶ
556 2460 651 2513 τοῦ
680 2461 814 2516 Υίοῦ
843 2466 940 2519 καὶ
972 2465 1289 2536 Πνεύματός
1334 2468 1451 2521 έστι
1494 2468 1759 2541 δημιουρ-

183 2546 303 2612 γίας
337 2549 434 2602 καὶ
468 2552 761 2621 προνοίας⁶
788 2553 906 2609 ἀλλ’
936 2558 969 2627 ἡ
1020 2558 1119 2627 μὲν
1158 2559 1224 2612 έκ
1250 2558 1346 2613 τοῦ
1374 2559 1759 2615 συστέλλεσθαι

175 2636 276 2690 καὶ
309 2642 653 2707 μηκύνεσθαι
685 2647 896 2717 γραφὴ,
942 2647 1020 2711 ὡς
1060 2649 1154 2703 έπὶ
1198 2651 1646 2722 παραδείγματος
1682 2655 1759 2707 εί-

174 2728 327 2792 πεῖν,
354 2730 457 2799 τὴν
484 2731 718 2803 ἀπορίαν
747 2736 921 2801 οὕτως
948 2738 1319 2804 διασκεδάζει.
1355 2741 1634 2807 Ὡσαύτως
1662 2745 1758 2798 καὶ

173 2814 238 2868 sb
268 2816 612 2888 ἐγέννησεν
645 2826 936 2895 ἀφαίρεσιν
994 2830 1097 2900 μὲν
1143 2832 1203 2899 ἐξ
1260 2833 1552 2903 ἐπιϐουλῆς
1604 2834 1636 2904 ἢ
1699 2835 1759 2902 ἐξ

172 2906 407 2974 ἀγνοίας
452 2912 549 2967 τοῦ
594 2914 712 2978 ἑνὸς
751 2935 780 2970 ν
816 2921 1118 2988 πεπονθὸς,
1169 2926 1487 2993 κτισμάτων
1523 2924 1759 2997 ὕπαρξιν

172 2998 468 3070 ἐπεισάγει
488 3019 503 3033 ·
532 3005 698 3060 λαϐδν
726 3009 782 3063 δὲ
816 3010 877 3063 τὸ
905 3013 1224 3081 ἀφαιρεθὲν,
1259 3016 1399 3086 πρὸς
1429 3015 1491 3069 τὸ
1515 3018 1759 3086 ὀμοφυές

178 3105 241 3141 τε
296 3094 394 3145 καὶ
438 3096 726 3161 όμοούσιον
770 3103 1126 3159 κατευθύνεν
1166 3106 1259 3160 καὶ
1306 3106 1477 3163 πολλά
1519 3108 1577 3162 δὲ
1623 3108 1757 3163 ἀλλα

1868 651 1980 721 git;
2019 650 2166 719 quod
2206 649 2385 716 absit;
2430 647 2527 704 sed
2570 648 3030 705 necessitudinem
3062 649 3247 718 potius
3275 660 3329 705 et
3353 665 3445 705 so-

1866 741 2119 795 cietatem
2175 739 2733 808 communionemque
2782 739 2949 794 unita:
2988 748 3199 794 natura:
3256 738 3444 794 Patris

1867 827 2103 898 Filiique
2131 828 2413 884 describit.
2445 826 2551 893 Qui
2571 829 2718 882 enim
2748 827 3005 883 distincte
3030 828 3193 882 simul
3227 829 3445 883 exsistit

1866 936 1989 974 cum
2020 920 2201 991 genito
2228 921 2463 989 genitor,
2488 919 2734 989 nihilque
2755 926 3062 987 separatum
3085 927 3181 973 aut
3204 920 3442 974 divisum

1869 1013 1938 1065 ab
1971 1012 2091 1081 ejus
2121 1012 2403 1066 voluntate
2440 1028 2506 1067 ac
2547 1022 2728 1066 mente
2756 1012 2810 1065 in
2837 1011 3135 1065 creationis
3164 1027 3230 1066 ac
3261 1014 3445 1081 provi-

1867 1103 2064 1157 dentia:
2105 1118 2268 1171 opere
2314 1102 2465 1168 facit,
2515 1102 2661 1157 hunc
2706 1111 2851 1171 patet
2892 1100 3009 1156 lore
3063 1112 3121 1156 ut
3186 1118 3293 1157 non
3325 1102 3446 1159 sine

1869 1193 2165 1263 coniuncto
2191 1193 2453 1263 socioque
2470 1194 2591 1249 Filii
2609 1194 2841 1249 consilio
2869 1194 3055 1247 omnia
3086 1194 3356 1263 producat
3380 1210 3445 1250 ac

1870 1284 2209 1356 providentia
2255 1285 2530 1354 dignetur.
2583 1284 2797 1351 Quibus
2847 1286 2993 1339 enim
3048 1286 3246 1341 similis
3301 1288 3445 1342 inest

1870 1377 2295 1445 communisque
2339 1376 2596 1443 dignitas,
2628 1386 2822 1431 natura
2847 1384 2903 1430 et
2940 1385 3202 1445 potestas,
3236 1377 3323 1432 his
3356 1378 3445 1431 ni-

1871 1468 2069 1523 mirum
2107 1480 2297 1521 creare
2348 1467 2512 1519 etiam
2568 1474 2623 1520 et
2668 1465 2905 1521 condere
2938 1465 3304 1533 inseparabile
3340 1466 3448 1521 erit

1870 1567 2035 1628 atque
2068 1554 2469 1618 indistinctum,
2529 1568 2703 1624 neque
2747 1554 2856 1610 ulla
2906 1554 3123 1610 consilii
3170 1555 3446 1610 dissensio

1869 1648 2130 1704 accidet:
2172 1645 2224 1701 id
2261 1645 2406 1716 quod
2452 1660 2694 1715 praesens
2740 1646 2906 1701 etiam
2949 1655 3183 1700 testatur
3215 1645 3442 1701 locutio.

1870 1740 2003 1795 Nam
2033 1740 2149 1795 sive
2171 1739 2225 1793 in
2260 1738 2501 1793 universi
2530 1738 2834 1801 creatione,
2870 1738 2985 1791 sive
3013 1739 3068 1792 in
3098 1738 3237 1808 lapsi
3266 1738 3442 1793 nostri

1875 1832 2089 1904 generis
2118 1840 2282 1901 atque
2311 1830 2363 1884 in
2395 1829 2689 1899 perniciem
2733 1829 2946 1883 decitlui
2988 1829 3342 1883 renovatione
3379 1844 3445 1884 ac

1874 1921 2265 1991 redemptione,
2292 1934 2636 1975 communem
2676 1934 2798 1974 esse
2826 1919 2985 1973 docet
3013 1917 3161 1973 Patri
3196 1917 3445 1990 Filioque

1872 2016 2207 2069 creationem
2256 2026 2321 2065 ac
2364 2010 2786 2080 providentiam.
2829 2008 2965 2063 Nam
3008 2019 3064 2063 et
3106 2009 3347 2066 universi
3375 2026 3443 2065 ex

1870 2104 2044 2158 nihilo
2081 2103 2284 2165 exitus,
2313 2110 2368 2155 et
2409 2110 2616 2155 natura
2666 2109 2866 2154 nostra:
2922 2099 3182 2153 deorsum
3241 2114 3337 2169 per
3384 2114 3443 2153 se

1872 2195 2081 2251 ruentis
2119 2192 2440 2249 instauratio
2470 2207 2533 2245 ac
2562 2192 2852 2261 reparatio,
2890 2190 2940 2245 id
2970 2205 3156 2256 omne,
3192 2192 3440 2261 inquam,

1868 2302 1896 2342 ε
1928 2285 2103 2341 Patris
2134 2294 2190 2339 et
2217 2282 2335 2338 Filii
2369 2292 2427 2338 et
2450 2282 2684 2352 Spiritus
2714 2281 2991 2336 creatione
3018 2280 3283 2349 procedit.
3299 2279 3438 2335 Tum

1867 2390 1998 2430 vero
2025 2373 2208 2428 brevis
2240 2382 2335 2427 aut
2372 2372 2532 2440 longa
2570 2372 2859 2439 scripturae
2900 2372 3173 2441 praedictae
3215 2374 3437 2443 positio.

1866 2477 1927 2522 ut
1960 2465 2011 2520 id
2047 2464 2278 2535 exempli
2329 2464 2501 2519 instar
2552 2464 2642 2526 sit,
2680 2464 3089 2533 ambiguitatem
3136 2464 3242 2519 hoc
3276 2464 3441 2519 modo

1864 2559 2119 2628 dissipat.
2149 2556 2413 2612 Similiter
2444 2555 2666 2609 verbum
2716 2556 3029 2622 έγέννησεν,
3069 2557 3113 2611 si
3157 2556 3322 2611 unius
3353 2559 3440 2609 lit-

1864 2659 1994 2704 tera
2045 2666 2073 2703 ν
2129 2648 2345 2703 inscitia
2400 2646 2485 2701 vel
2538 2657 2661 2700 astu
2716 2646 3107 2702 detrimentum
3172 2648 3436 2717 patiatur,

1862 2750 2099 2797 creatam
2128 2747 2378 2793 naturam
2397 2740 2614 2793 asserit.
2642 2737 3028 2792 Verumtamen
3050 2738 3096 2792 si
3118 2753 3235 2807 quae
3260 2739 3439 2793 ablata

1858 2836 2038 2891 fuerat
2067 2834 2244 2887 littera
2276 2841 2609 2894 resumatur,
2652 2832 2805 2885 unita
2836 2840 2891 2885 et
2937 2830 3440 2886 consubstantialis

1858 2936 2055 2983 natura
2092 2932 2400 2979 revocatur.
2431 2922 2597 2977 Multa
2638 2924 2743 2976 alia
2774 2923 2890 2977 sive
2922 2922 2977 2977 in
3020 2921 3266 2991 profanis
3297 2924 3438 2978 scri-

1858 3020 1968 3089 ptis
2013 3018 2127 3072 sive
2162 3015 2215 3069 in
2255 3016 2428 3069 sacris
2479 3014 2683 3069 nostris
2738 3014 2981 3068 oraculis
3029 3013 3440 3082 deprehendere

1858 3110 2006 3169 licet,
2040 3118 2163 3174 quae
2193 3102 2296 3158 sub
2324 3101 2570 3157 eamdem
2606 3101 3109 3156 considerationem
3140 3103 3365 3156 cadunt.

182 3183 333 3237 κατά
373 3202 433 3237 τε
474 3187 600 3250 τοὺς
652 3188 756 3253 ἔξω
802 3191 995 3261 λόγους
1039 3194 1143 3249 κάν
1185 3197 1299 3260 τοίς
1344 3196 1509 3269 ίεροῖς
1550 3198 1607 3252 δὲ
1656 3200 1752 3255 καὶ
1782 3197 2069 3272 ἡμετέροις
2088 3194 2353 3264 χρησμοῖς
2381 3190 2657 3262 φωράσειέ
2709 3207 2795 3254 τις
2847 3192 2928 3255 είς
2987 3191 3087 3263 τὴν
3114 3191 3283 3262 αὐτὴν
3304 3193 3441 3247 ἀνα.

174 3277 457 3346 φερόμενα
487 3277 696 3347 σκέψιν.

249 3368 318 3422 λ’.
366 3369 443 3421 Οὐ
476 3369 637 3438 μόνον
686 3371 743 3424 δὲ
789 3371 1120 3444 γράμματος
1162 3375 1282 3440 ένδς
1328 3376 1627 3449 πρόσθεσις
1663 3380 1759 3432 καὶ

1931 3371 2025 3427 3t).
2056 3368 2243 3437 Neque
2296 3381 2428 3423 vero
2473 3367 2640 3423 unius
2688 3367 3069 3423 tantummodo
3121 3367 3310 3425 littera:
3342 3374 3443 3426 ad"

175 3458 481 3529 ἀφαίρεσις
523 3459 668 3514 οὕτω
718 3463 931 3518 πολλῶν
979 3467 1325 3537 πραγμάτων
1375 3471 1763 3541 καταστροφὴν

177 3554 277 3603 καὶ
309 3549 603 3606 ἀλλοίωσιν
647 3555 1050 3625 ἀπεργάζεται,
1098 3558 1235 3614 ἀλλά
1282 3561 1376 3614 καὶ
1421 3562 1577 3615 τόνου
1620 3562 1761 3633 χρῆ-

180 3658 268 3705 σις
294 3639 411 3711 (‘22)
437 3642 536 3695 οὐκ
572 3640 860 3715 εὔκαιρος,
895 3646 955 3700 τό
987 3665 1046 3701 τε
1078 3649 1229 3721 ῥῆμα
1256 3650 1374 3703 ἀνθ’
1408 3652 1619 3721 ἑτέρου,
1640 3652 1761 3707 καί-

177 3746 265 3782 τοι
310 3729 416 3799 τῆς
465 3732 684 3803 γραφῆς
724 3733 1086 3789 άναλλοιώτου
1138 3736 1407 3808 μενούσης
1448 3739 1763 3811 παρέδειξεν

178 3822 396 3892 έτερον.
425 3823 519 3876 καὶ
541 3824 623 3887 είς
653 3824 835 3895 νόημα
866 3827 1153 3890 παντελῶς
1182 3828 1615 3899 άλλοτριώτατον
1670 3832 1762 3884 τὸν

179 3912 311 3966 νοῦν
342 3915 715 3984 έκτοτιήσασα,
742 3916 775 3986 ἢ
806 3916 1039 3988 δυσσεϐῆ
1069 3918 1226 3983 δόξαν
1259 3918 1292 3989 ἢ
1322 3919 1629 3990 γελώμενον
1662 3921 1764 3990 λῆ-

182 4021 281 4075 ρον
317 4006 633 4074 συνήγαγε·
690 4007 745 4060 τί
772 4007 831 4061 δε
860 4008 1004 4075 λέγω
1033 4009 1366 4079 γράμματα;
1400 4010 1534 4064 ὅπου
1569 4027 1631 4077 γε
1670 4012 1763 4065 καὶ

180 4096 320 4149 αὐτὸ
348 4097 409 4151 τὸ
435 4098 652 4153 πάντων
681 4098 1019 4171 βραχύτατον
1046 4103 1079 4171 ή
1115 4101 1317 4173 στιγμὴ
1349 4104 1761 4172 κακουργούμε-

180 4198 277 4234 νον
307 4182 344 4252 ἢ
373 4183 784 4255 παρορώμενον,
820 4188 915 4241 καὶ
954 4188 1053 4258 τῆς
1100 4189 1306 4252 οίκείας
1342 4189 1762 4261 μετατιθέμενοι)

179 4270 418 4341 λήξεως,
450 4273 802 4340 παντοδαπάς
850 4278 951 4345 μὲν
980 4278 1074 4331 καὶ
1106 4278 1347 4348 μεγάλας
1379 4281 1619 4351 αἱρέσεις
1658 4284 1763 4337 ἁπ-

182 4364 377 4416 έτεκεν
398 4378 413 4393 ·
444 4365 691 4434 ἀφρόνων
739 4366 797 4420 δέ
825 4367 993 4421 πολὺν
1023 4371 1216 4441 χρόνον
1253 4370 1599 4442 κατενεμήθη
1632 4389 1764 4442 φροο

181 4456 429 4525 νήματα,
475 4456 570 4509 καὶ
608 4458 721 4520 τοῖς
746 4458 1064 4513 εὐσεϐοῦσιν
1106 4460 1247 4513 ὥστε
1290 4460 1659 4531 θριαμϐεῦσαι
1694 4464 1761 4517 τά

181 4547 285 4617 τῆς
315 4546 635 4611 δυσσεϐείας
659 4548 927 4620 δόγματα.
968 4553 1157 4622 μακρά
1188 4552 1431 4623 παρέσχε
1466 4552 1536 4606 τά
1562 4554 1762 4622 ἀγωνί-

184 4655 399 4707 σματα.
430 4639 660 4703 Αὐτίκα,
696 4641 784 4694 ἵνα
806 4642 874 4695 τά
900 4641 1037 4697 ἄλλα
1080 4642 1262 4713 παρῶ,
1292 4645 1321 4696 ό
1352 4644 1643 4714 μετάρσιος
1669 4646 1763 4700 dv-

1862 3462 2036 3533 jectio
2071 3460 2155 3514 vel
2190 3458 2501 3523 sobduetio,
2532 3465 2613 3511 tot
2651 3472 2834 3512 rerum
2876 3458 3285 3513 subversionem
3318 3476 3443 3514 mll-

1867 3554 2238 3620 tationemque
2284 3548 2434 3612 facit,
2479 3563 2668 3602 verum
2722 3548 2885 3603 etiam
2936 3558 3266 3603 accentuum
3308 3565 3443 3605 usus

1869 3642 2283 3712 intempestivus
2312 3639 2442 3693 facit
2471 3648 2529 3693 ut
2562 3638 2707 3693 aliud
2736 3653 2834 3708 pro
2864 3638 2972 3693 alio
2998 3638 3321 3694 vocabulum
3347 3641 3438 3704 sit,

1868 3750 2180 3806 quanquam
2218 3733 2438 3788 immota
2473 3732 2740 3800 scriptura
2790 3742 3034 3796 maneat;
3079 3741 3190 3786 tttm
3221 3732 3288 3786 ad
3318 3748 3443 3788 sen-

1872 3826 2098 3881 tentiam
2124 3824 2284 3894 plane
2320 3822 2590 3877 diversam
2646 3830 2824 3877 mente
2862 3821 3154 3887 abstracta,
3206 3830 3301 3875 aut
3334 3821 3442 3875 im-

1869 3919 2019 3988 pium
2073 3929 2292 3972 sensum
2336 3922 2431 3968 aut
2479 3912 2740 3968 ridiculas
2782 3913 3015 3982 ineptias
3064 3914 3288 3968 invehit.
3333 3913 3441 3969 Sed

1869 4026 1969 4065 cur
1996 4009 2206 4063 litteras
2254 4006 2395 4069 dico,
2448 4004 2895 4074 quandoquidem
2928 4005 3293 4073 interpunctio
3324 4006 3441 4075 (qui

1869 4098 2226 4164 brevissimus
2256 4096 2504 4151 omnium
2550 4109 2687 4164 apex
2719 4095 2823 4162 est)
2854 4110 3018 4164 prava
3045 4094 3315 4150 interdum
3347 4105 3442 4150 aut

1870 4190 2323 4257 neglecta,suove
2353 4188 2472 4242 loco
2502 4186 2738 4251 demota,
2757 4186 3087 4256 multiplices
3107 4203 3440 4259 magnasque

1869 4280 2106 4336 haereses
2139 4278 2346 4349 peperit
2374 4277 2395 4329 τ
2427 4276 2731 4332 Stultorum
2778 4264 2959 4331 autem
2994 4276 3166 4331 multo
3197 4286 3439 4348 tempore

1869 4386 2121 4427 mansere
2150 4370 2459 4440 opiniones,
2504 4369 2719 4438 piisque
2770 4368 3087 4424 hominibus
3136 4378 3192 4423 ut
3238 4370 3304 4423 de
3334 4370 3439 4422 im-

1868 4460 2085 4530 pietatis
2134 4458 2479 4528 dogmatibus
2534 4456 2981 4526 triumpharent,
3048 4457 3437 4512 diuturnorum

1867 4549 2228 4606 certaminum
2261 4562 2426 4603 causa
2457 4546 2699 4604 luerunt.
2730 4546 2975 4617 Exempli
3017 4563 3202 4613 causa,
3238 4560 3296 4603 ut
3328 4565 3439 4605 cas-

1868 4649 1981 4695 tera
2013 4638 2436 4708 praetermittatur.
2471 4639 2552 4690 vir
2576 4637 2665 4690 ille
2696 4637 2750 4691 in
2798 4638 2998 4692 cmlunt
3047 4639 3298 4693 mortalis
3341 4640 3439 4693 ad-

183 4730 410 4800 θρωπος
466 4731 561 4785 καὶ
620 4731 721 4802 τῆς
772 4733 1096 4805 οἰκουμένης
1148 4735 1465 4799 διδάσκαλος
1505 4738 1533 4789 δ
1587 4737 1759 4806 μέγας

1865 4730 1967 4785 huc
1994 4729 2265 4793 sublatus,
2294 4739 2348 4782 et
2386 4727 2572 4781 mundi
2607 4730 2818 4792 doctor,
2874 4744 3103 4797 magnus
3133 4730 3435 4799 apostolus,

196 4823 529 4885 Ἀπόστολος
568 4822 624 4877 εν
651 4841 763 4878 τισι
809 4825 920 4880 τῶν
968 4824 1133 4879 αὑτοῦ
1167 4828 1509 4899 γραμμάτων
1538 4826 1761 4895 (Κορίν⁹

1865 4820 1912 4875 in
1938 4820 2053 4875 suis
2082 4819 2403 4888 quihusdam
2432 4818 2628 4873 litteris
2660 4822 2878 4888 (nempe
2906 4819 2961 4873 in
2993 4835 3055 4875 ea
3087 4836 3209 4889 qua:
3232 4824 3435 4890 scripta

183 4911 293 4963 θιοι
327 4910 384 4964 δὲ
419 4910 514 4981 τὴν
541 4912 832 4983 επιστολὴν
860 4912 1234 4983 ὑποδέχονται)
1261 4910 1404 4967 οὕτω
1426 4911 1610 4984 φησίν·
1633 4930 1652 4964 ι
1675 4912 1763 4965 Ἐν

1865 4916 1939 4963 est
1992 4907 2058 4961 ad
2114 4905 2428 4959 Corinthios
2478 4906 2731 4975 epistola)
2785 4907 2866 4960 sic
2915 4909 3034 4960 ait:
3080 4925 3097 4957 ι
3139 4907 3195 4960 In
3231 4908 3436 4977 quibus

180 4998 265 5067 οἷς
302 5004 333 5055 6
360 5003 492 5066 Θεὸς
520 5003 615 5057 τοῦ
644 5004 838 5068 αἰῶνος
877 5005 1066 5058 τούτου
1105 5004 1385 5073 ἐτύφλωσε
1414 5004 1484 5058 τά
1516 5005 1763 5074 νοήματα

1865 5000 2004 5057 Deus
2034 5000 2199 5069 hujus
2228 5001 2413 5055 saeculi
2444 5000 2735 5054 excaecavit
2788 5000 3434 5069 cogitationes‘incrcdu-

182 5093 295 5147 τών
331 5094 602 5156 ἀπίστων,
632 5097 711 5157 εἰς
736 5095 797 5147 τὸ
830 5098 906 5165 μὴ
934 5097 1230 5164 ὲναυγάσαι
1253 5097 1433 5157 αὐτοῖς
1472 5096 1564 5149 τὸν
1599 5113 1763 5165 φωτι-

1865 5091 2056 5155 lorum,
2087 5089 2378 5160 quominus
2423 5088 2511 5142 his
2550 5088 2888 5143 illuccsceret
2924 5089 3109 5143 lumen
3152 5088 3430 5161 Evangelii

185 5185 326 5254 σμὸν
352 5182 449 5236 τοῦ
492 5184 827 5253 Εὑαγγελίου
858 5188 958 5256 τῆς
994 5187 1151 5255 δόξης
1177 5185 1271 5239 τοῦ
1308 5185 1565 5256 Χριστοῦ.
1596 5204 1613 5236 t
1648 5185 1761 5238 ἀλλ’

1865 5182 2041 5253 gloriae
2070 5180 2272 5236 Christi
2310 5180 2375 5233 ⁸⁸.
2423 5199 2441 5231 ι
2487 5177 2752 5249 Equidem
2799 5181 2892 5249 qui
2927 5180 2999 5234 ita
3050 5181 3270 5235 locutus
3324 5192 3428 5248 est,

181 5277 211 5327 ό
240 5276 344 5346 μιν
375 5274 538 5330 τοῦτο
564 5274 757 5343 είπὼν,
793 5275 1093 5346 θαυμάσιόν
1126 5294 1250 5330 τινα
1298 5277 1393 5331 καὶ
1435 5277 1545 5329 τῶν
1588 5277 1745 5346 ούρα-

1868 5272 2149 5327 miriﬁcam
2194 5272 2483 5339 quamdam
2548 5270 2876 5338 vocibusque
2923 5271 2977 5323 in
3028 5272 3171 5327 ctelo
3228 5271 3433 5327 auditis

182 5364 317 5421 νίων
358 5366 741 5437 ἀπηχημάτων
780 5365 1004 5433 ἐπάξιον
1028 5364 1155 5421 νοῦν
1200 5368 1313 5431 τοίς
1352 5366 1755 5437 τετελεσμένοις

1868 5365 2087 5437 dignam
2118 5363 2439 5419 sententiam
2466 5362 2747 5435 discipulis
2776 5363 3056 5435 sapientia
3090 5380 3204 5421 sua:
3236 5365 3435 5435 imper-

254 5541 304 5576 ⁸⁸
337 5541 378 5598 ll
403 5541 529 5599 Cor.
564 5558 641 5611 tv,
668 5542 723 5599 4.

1699 5681 1930 5743 NOTAE.

258 5798 375 5869 (τε)
409 5798 517 5857 lles
540 5801 824 5859 notissima
874 5803 1293 5877 lesieographis.
1331 5821 1470 5876 quos
1500 5806 1639 5861 inter
1673 5803 1758 5860 adi
1798 5816 1893 5859 seu
1926 5798 2183 5870 Cyrillum
2216 5815 2309 5854 seu
2341 5796 2716 5867 Philoponum.
