4198 6440
729 437 797 498 8'1
1880 430 2143 491 PIIO’I‘II
2169 430 2678 490 I‘ATRIARCIL-E
2715 431 2822 487 cr.
3917 412 4001 474 88

742 556 874 606 titus
907 558 1011 603 e~t.
1043 549 1109 602 At
1153 547 1296 602 enint
1353 545 1581 601 Manetis
1635 544 2039 613 Marcionisque
2094 547 2310 600 scelesti

2429 545 2514 613 τὴν
2544 545 2756 596 ἐκείνου
2789 540 2984 608 σοφίαν
3012 535 3388 606 μυσταγωγεῖ,
3415 533 3478 584 Ui
3507 531 3550 584 δ’
3580 528 3689 582 ἀπὸ
3709 528 3998 588 Μάνεντος

733 641 956 694 οεδεοιω
976 638 1304 694 locutionem
1326 638 1469 690 hanc
1490 635 1556 689 ad
1589 650 1809 690 sensuum
1840 650 2000 688 suum
2035 635 2309 703 captivam

2429 636 2511 688 tat
2558 634 2886 704 Μαρκίωνος
2937 628 3220 688 δυσσεϐεῖς
3253 626 3600 694 ἁρπάσαντες
3639 621 3738 689 τὴν
3778 617 3996 687 φωνὴν,

732 730 1138 801 quodammodo
1175 729 1499 797 pertrahunt
1532 745 1545 779 :
1594 727 1688 795 qui
1725 727 1975 780 videlicet
2004 724 2134 778 dum
2172 726 2315 779 inter

2429 728 2512 780 ml.
2556 727 2692 793 πρὸς
2738 725 2835 791 τὴν
2885 721 3021 774 ίδίαν
3072 717 3580 788 αἰχμαλωτίσαντες
3620 711 3819 783 ὁρμὴν,
3871 705 3999 762 εἶτα

744 824 879 877 Deus
908 833 962 875 et
1009 823 1164 889 hujus
1195 821 1378 874 srecult'
1414 819 1916 888 interpunctiOnem
1955 817 2070 871 fieri
2103 832 2208 870 non
2240 817 2315 870 si-

739 923 898 974 nttnt,
932 929 997 966 eo
1030 912 1253 966 sceleris
1292 912 1565 981 progressi
1603 919 1752 972 sunt,
1777 919 1834 964 ttt
1864 925 1973 962 non
2010 909 2186 963 solum
2213 909 2312 972 ipsi

742 1004 1033 1069 gravisime
1064 1003 1378 1073 religionem
1412 1003 1692 1062 laederent.
1735 1017 1918 1055 verum
1945 1002 2110 1054 etiam
2143 1000 2316 1052 sacris

741 1092 963 1148 Litteris
995 1108 1215 1146 causam
1248 1092 1566 1160 aflingerent
1605 1093 1926 1147 adversandi
1963 1091 2070 1144 Deo
2103 1109 2118 1142 :
2154 1093 2224 1144 ita
2261 1102 2316 1143 ut

742 1185 882 1238 alter
927 1184 998 1237 sit
1046 1183 1208 1244 Deus,
1240 1183 1331 1250 qui
1389 1183 1749 1236 invisibiliutn
1799 1198 1977 1236 rerum
2005 1197 2070 1235 ac
2097 1182 2316 1250 spirita-

745 1277 877 1329 lium
914 1277 1250 1330 dominatum
1293 1277 1590 1329 creationis
1624 1291 1791 1329 causa
1843 1283 2018 1336 tenet;
2051 1275 2186 1328 alter
2215 1292 2314 1328 att-

747 1377 854 1421 tem
885 1368 953 1420 ab
987 1368 1119 1435 ipsis
1145 1367 1469 1436 pra-dicetur
1512 1367 1652 1421 Deus
1679 1368 1961 1436 pneseutis
2022 1367 2229 1430 saeculi,
2264 1376 2318 1420 et

742 1473 931 1512 earum
965 1473 1166 1519 rerum,
1203 1473 1324 1526 qua:
1357 1457 1482 1512 huic
1510 1457 1787 1511 cohazreut
1821 1457 2138 1526 similesque
2163 1470 2315 1520 sunt,

743 1561 979 1603 creator.
1005 1549 1109 1603 Sed
1139 1549 1285 1603 enim
1319 1549 1510 1602 insana
1542 1549 1690 1602 circa
1715 1547 1922 1602 dictum
1968 1549 2070 1602 hoc
2098 1548 2318 1602 cavilla-

745 1643 840 1702 tio,
869 1641 995 1694 alibi
1019 1654 1236 1709 quoque
1264 1649 1320 1695 et
1353 1653 1730 1707 saepenumero
1758 1639 1927 1694 futilis
1947 1639 2315 1693 demonstrata

743 1731 890 1785 fuit:
933 1733 1200 1799 przrcipue
1247 1747 1376 1783 vero
1422 1729 1803 1791 convincitur,
1849 1730 1978 1798 quia
2030 1744 2137 1782 non
2188 1729 2319 1782 sinit

743 1824 1237 1892 interpunctionem
1272 1823 1508 1878 statione
1536 1837 1630 1874 sua
1659 1822 1961 1889 quiescere.
1996 1821 2132 1874 Tum
2164 1821 2318 1874 deui-

743 1930 850 1983 que
882 1916 1010 1982 quia
1046 1929 1284 1982 prsescns
1314 1914 1573 1968 sazculum
1611 1914 1770 1966 modo
1806 1913 2022 1982 quidem
2055 1914 2319 1980 temporis

746 2005 1008 2072 spatium.
1061 2006 1222 2058 modo
1264 2020 1392 2058 vero
1443 2005 1606 2058 etiam
1653 2003 1952 2067 ﬂagitiosos
2001 2013 2177 2064 actus,
2223 2003 2317 2071 qui

744 2111 840 2163 per
873 2096 1013 2150 hanc
1038 2099 1200 2150 vitam
1234 2096 1544 2166 germinare
1571 2095 1769 2159 solent,
1815 2093 2105 2162 signiﬁcat.
2140 2096 2320 2158 Quare

743 2188 789 2240 si
826 2187 953 2256 quis
978 2188 1141 2242 etiam
1175 2187 1316 2240 illam
1348 2187 1492 2240 circa
1525 2186 2016 2254 interpunctioucm
2052 2186 2318 2238 malitiam

745 2281 1022 2347 impunem
1100 2292 1224 2332 esse
1287 2278 1462 2339 sinat,
1519 2277 1874 2331 nihilominus
1935 2277 2319 2331 haereticorum

744 2367 1067 2422 sententiam
1093 2367 1337 2421 funditus
1360 2369 1606 2436 perimet.
1626 2366 1890 2419 Malorum
1916 2367 2061 2420 enim
2095 2382 2320 2436 operum

746 2470 909 2528 atque
947 2468 1166 2513 actuum
1199 2473 1325 2513 cum
1358 2469 1513 2512 sator
1541 2468 1595 2512 et
1623 2460 1880 2512 incitator
1917 2458 2174 2512 diabolus
2201 2459 2272 2512 sit
2304 2477 2319 2524 ;

747 2548 891 2600 hunc
913 2548 958 2602 si
987 2547 1127 2602 forte
1159 2549 1348 2602 talium
1382 2564 1564 2602 rerum
1610 2549 1897 2602 dominunt
1944 2559 1998 2603 et
2042 2559 2322 2602 auctorem

747 2648 801 2692 et
823 2640 985 2692 deum
1015 2642 1177 2694 etiam
1201 2641 1473 2704 dicamus,
1523 2642 1702 2695 verbis
1744 2640 1959 2695 inﬂexis
1989 2643 2226 2694 maxime
2257 2641 2322 2695 ad

747 2745 937 2784 eorum
974 2728 1285 2800 opinionem
1330 2733 1423 2800 qui
1459 2733 1604 2785 illius
1647 2733 1871 2785 malitiae
1900 2733 2323 2802 morigerantut',

749 2825 955 2878 nullum
999 2825 1128 2878 hinc
1176 2828 1478 2894 apostatica
1522 2826 1845 2892 improbitas
1883 2825 2097 2879 lucrum
2140 2825 2323 2879 faciet.

751 2915 885 2970 Nam
917 2925 973 2970 et
999 2916 1242 2985 gentium
1273 2917 1440 2978 idola.
1475 2932 1634 2976 casso
1666 2933 1799 2972 sane
1846 2917 2087 2981 nomine,
2125 2918 2216 2971 sed
2247 2927 2328 2971 ta-

750 3023 874 3061 men
914 3007 1236 3061 dicebantur
1275 3007 1371 3060 dii.
1421 3006 1485 3059 Et
1527 3007 1780 3063 diabolus
1810 3008 2029 3076 quidem
2065 3017 2366 3060 creaturau'

749 3093 984 3161 alicujus
1014 3095 1097 3148 vel
1125 3110 1307 3148 rerum
1346 3093 1558 3147 ﬁrmam
1599 3104 1916 3164 certamquc
1964 3096 2325 3150 substantiam

2421 818 2625 887 μεταξὺ
2658 817 2750 868 τοῦ
2783 815 2927 880 Θεὸς
2954 815 3050 867 καὶ
3085 812 3188 865 τοῦ
3227 808 3444 874 αἰῶνος
3477 807 3694 859 τούτου
3739 803 3801 856 οὑ
3832 815 4002 887 *παρ-

2420 884 2571 968 έντες
2627 904 2838 957 κεῖσθαι
2893 901 2992 971 τὴν
3053 900 3310 968 στιγμὴν,
3361 897 3440 957 είς
3501 891 3774 960 τοσαύτην
3828 884 4000 958 ἦλθον

2415 996 2734 1057 δυσσεϐείας
2768 991 3095 1061 ὑπερϐολὴν,
3121 990 3195 1052 ὠς
3224 988 3298 1058 μὴ
3337 987 3496 1055 μόνον
3526 984 3597 1036 τὰ
3628 983 3834 1051 ἔσχατα
3860 980 3994 1032 δυσο

2419 1087 2618 1150 σεϐεῖν,
2649 1084 2783 1138 ἀλλὰ
2827 1083 2921 1134 καὶ
2965 1083 3087 1140 ταῖς
3135 1080 3308 1147 ίεραῖς
3340 1077 3550 1141 φωναῖς
3593 1073 3856 1125 ἀνάπτειν
3894 1067 4001 1130 τὴν

2417 1179 2595 1231 αἰτίαν
2620 1175 2715 1228 τοῦ
2740 1173 3030 1242 θεομαχεῖν
3055 1187 3070 1202 ο
3114 1171 3208 1222 καὶ
3233 1168 3423 1235 ἕτερον
3449 1165 3549 1234 μὲν
3575 1158 3716 1216 εἶναι
3751 1157 4002 1223 δοξάζειν

2416 1270 2548 1322 Θεὸν
2582 1268 2638 1329 ὃς
2669 1266 2776 1317 τῶν
2803 1264 3050 1333 ἀοράτων
3073 1278 3132 1313 τε
3157 1260 3251 1312 καὶ
3279 1256 3488 1326 νοητῶν
3515 1255 3618 1322 τῆς
3638 1251 4003 1322 δημιουργίας

2417 1363 2530 1430 ἔχει
2559 1360 2654 1429 τὴν
2685 1359 2892 1427 ἀρχὴν,
2919 1355 3107 1426 ἓτερον
3137 1354 3192 1406 δὲ
3225 1353 3316 1405 τὸν
3344 1350 3439 1402 τοῦ
3468 1348 3738 1419 παρόντος
3773 1343 3999 1404 αἰῶνος,

2417 1452 2512 1503 καὶ
2539 1450 2639 1502 ὅσα
2671 1448 2928 1514 σύστοιχα
2956 1442 3149 1495 τούτου
3177 1442 3271 1494 καὶ
3300 1437 3572 1507 ὁμοταγῆ.
3599 1431 4005 1504 ἀνακηρύττειν

2419 1538 2779 1608 Δημιουργὲν.
2805 1534 2952 1589 Ἀλλ’
2981 1534 3015 1603 ἠ
3043 1533 3145 1602 μὲν
3178 1531 3305 1601 περὶ
3335 1529 3396 1582 τὸ
3425 1528 3592 1598 ῥητὸν
3621 1522 4003 1596 φρενοϐλαϐὴς

2418 1629 2679 1697 ἐπιϐουλὴ
2721 1630 2812 1679 καὶ
2841 1627 3032 1679 ἄλλοτε
3081 1623 3180 1693 μὲν
3215 1619 3546 1688 πολλαχόθεν
3573 1617 3856 1670 δείκνυται
3897 1631 4000 1666 σα-

2420 1721 2550 1790 θρά,
2593 1719 2745 1773 οὐδὲν
2786 1718 2840 1771 δὲ
2887 1712 3050 1788 ἦττον
3088 1711 3428 1781 διελεγχθείη
3457 1711 3524 1764 ἀν
3555 1709 3650 1762 καὶ
3681 1708 3763 1761 ὅτι
3803 1705 3881 1775 μὴ
3904 1705 4006 1772 τὴν

2422 1812 2655 1882 στιγμὴν
2697 1812 2792 1865 ἐπὶ
2841 1811 2940 1878 τῆς
2989 1805 3196 1869 οἰκείας
3243 1803 3427 1874 χώρας
3473 1801 3688 1871 ἀφῆκεν
3735 1799 4005 1868 ⁴Ιξρεμεῖν·

2423 1907 2546 1958 ἐπεὶ
2572 1903 2668 1956 καὶ
2698 1905 2726 1956 ὁ
2749 1900 2939 1970 παρὼν
2969 1899 3102 1952 αἰὼν
3126 1898 3257 1950 ποτὲ
3289 1895 3389 1965 μὲν
3423 1894 3593 1963 αὑτὴν
3619 1891 3720 1962 τὴν
3743 1888 4008 1960 χρονικὴν

2423 1996 2758 2065 παράτασιν,
2794 1991 2908 2045 ἐσθ’
2939 1991 3029 2043 ὅτε
3057 1989 3112 2042 δὲ
3142 1988 3236 2040 καὶ
3263 1986 3361 2049 τὰς
3399 1984 3637 2044 ἀτόπους
3663 1978 3919 2052 πράξεις,
3949 1978 4006 2031 αῖ

2422 2086 2563 2139 κατὰ
2590 2084 2682 2137 τὸν
2713 2082 2961 2153 παρόντα
2998 2079 3113 2150 βίον
3150 2076 3410 2130 εἰώθασιν
3433 2071 3774 2139 ἀναφύεσθαι
3804 2068 4008 2139 σημαί·

2423 2191 2538 2229 νειο
2570 2173 2710 2226 ὥστε
2762 2173 2854 2224 καὶ
2908 2170 2962 2222 εί
2999 2186 3086 2231 τις
3121 2169 3305 2229 αὑτοῖς
3351 2165 3411 2217 τὸ
3452 2162 3581 2232 περὶ
3625 2160 3724 2230 τὴν
3770 2158 4012 2228 στιγμὴν

2424 2266 2796 2336 κακούργημα
2835 2261 3080 2323 ἐνδώσει,
3115 2258 3267 2312 οὐδὲν
3308 2257 3529 2309 ἔλαττον
3559 2252 3739 2307 αὐτῶν
3769 2251 3829 2304 τὸ
3869 2250 4004 2318 φρό-

2425 2375 2572 2427 νημα
2623 2352 3056 2423 καθαιρούμενον
3089 2350 3377 2418 διελέγχει.
3414 2346 3536 2399 Τῶν
3597 2344 3706 2413 γὰρ
3756 2341 4011 2410 πονηρῶν

2426 2451 2603 2518 ἔργων
2637 2451 2732 2500 καὶ
2761 2446 3015 2516 πράξεων
3053 2445 3147 2498 ἆτε
3182 2442 3248 2513 δὴ
3286 2440 3526 2509 σπορεὺς
3566 2437 3662 2490 καὶ
3708 2433 4012 2494 ὑποϐολεὺς

2425 2543 2453 2593 ὁ
2483 2540 2790 2606 ἀρχέκακος
2838 2534 2935 2597 ῶν,
2989 2536 3038 2587 εί
3094 2533 3283 2603 κύριος
3316 2530 3499 2583 αὑτῶν
3541 2526 3633 2579 καὶ
3676 2523 4014 2608 δημιουργὸς

2428 2628 2523 2681 καὶ
2562 2628 2681 2689 θεὸς
2719 2624 2932 2696 ῥηθείη,
2977 2622 3113 2692 πρὸς
3153 2623 3254 2690 τὴν
3282 2620 3443 2684 δόξαν
3477 2618 3714 2687 μάλιστα
3744 2614 3859 2666 τῶν
3909 2614 4013 2666 ὑπ-

2431 2717 2816 2790 ηρετουμένων
2845 2714 3012 2767 αὑτοῦ
3041 2717 3109 2782 τῇ
3146 2710 3383 2782 πονηρίᾳ
3415 2709 3525 2762 τῶν
3561 2707 3822 2778 ῥημάτων
3879 2702 4012 2773 μεθ-

2428 2810 2844 2881 αρμοζομένων.
2885 2806 3037 2858 οὐδὲν
3067 2804 3190 2874 ἃ.νῆ
3223 2802 3517 2862 ἁποστάτις
3564 2796 3830 2866 ἐπιϐουλὴ
3883 2795 4014 2863 κέρα

2428 2904 2515 2963 δος
2565 2900 2828 2969 εὑρήσει⁹
2884 2897 3007 2949 ἐπεὶ
3048 2896 3143 2948 καὶ
3182 2894 3250 2945 τὰ
3297 2891 3404 2944 τῶν
3444 2890 3614 2943 ἐθνῶν
3663 2887 3885 2949 εἴδωλα,
3915 2885 4014 2936 οὑκ

2430 2987 2567 3058 ἦσαν
2626 2988 2724 3057 μὲν
2760 2987 2897 3054 ὅπερ
2947 2983 3218 3050 ἐλέγοντο,
3267 2980 3513 3047 ἐλέγοντο
3553 2978 3597 3030 δ’
3645 2977 3798 3046 ὅμως
3881 2972 4013 3025 θεοί.

2431 3080 2564 3141 Θεὸς
2629 3077 2729 3147 μὲν
2785 3077 2894 3144 γὰρ
2942 3070 3310 3141 δημιουργίας
3368 3067 3512 3130 τινὸς
3574 3066 3608 3137 ἢ
3670 3062 4018 3134 πραγμάτων

752 3186 1064 3240 habentium
1099 3201 1378 3254 nunquam
1429 3187 1569 3240 deus
1616 3187 1828 3242 dicetur
1861 3187 1944 3241 vel
1990 3189 2330 3241 existimabi-

2434 3169 2664 3238 ἐχόντων
2705 3164 2981 3236 σταθηρὰν
3017 3163 3112 3216 κα)⁵
3147 3157 3562 3231 γνωριζομένην
3591 3155 3918 3217 ὑπόστασιν,
3957 3152 4016 3205 οὑ

753 3284 844 3328 tur
879 3293 892 3328 :
926 3277 1215 3345 ca‘teroqui
1246 3276 1312 3329 ad
1347 3291 1545 3344 pravos
1581 3277 1811 3332 affectus
1856 3277 2003 3347 quod
2055 3277 2249 3330 attinet
2278 3286 2332 3329 et

2437 3261 2534 3328 μὲν
2566 3254 2661 3310 οὖν
2695 3257 2795 3309 οὑκ
2844 3256 2911 3308 ἂν
2956 3253 3078 3306 οὔτε
3115 3251 3332 3321 λεχθείη
3378 3247 3502 3303 οὔτε
3556 3245 3876 3316 νομισθείη·
3924 3245 4016 3296 εκ-

755 3377 1066 3435 pcccatum.
1095 3367 1292 3437 quibus
1325 3367 1441 3435 ipse
1484 3375 1538 3420 et
1583 3367 1784 3437 gaudet
1821 3377 1982 3437 atque
2015 3367 2248 3429 laetatur,
2281 3375 2335 3420 et

755 3459 893 3511 alios
924 3458 1302 3513 fraudulenter
1333 3458 1537 3513 illicere
1566 3474 1846 3528 nunquam
1882 3459 2081 3513 desinit
2108 3475 2123 3524 ;
2152 3457 2333 3526 quoad

755 3549 976 3616 quidem
1029 3549 1103 3603 ita
1149 3564 1208 3602 se
1246 3559 1432 3617 geret,
1500 3565 1662 3604 nemo
1707 3565 1834 3603 eum
1879 3550 2188 3619 pernicioso
2231 3550 2338 3604 hoc

758 3640 1076 3711 infelicique
1118 3641 1402 3696 dominatu
1464 3648 1629 3711 atqtte
1690 3642 1921 3712 imperio
1986 3643 2193 3710 pollere
2240 3657 2338 3695 ne-

757 3733 925 3800 gabit.

829 3825 918 3878 5i.
958 3822 1023 3877 Et
1052 3840 1263 3880 sacrum
1296 3827 1516 3896 quidem
1563 3826 1716 3882 Pauli
1752 3827 1957 3881 dictum
2001 3826 2170 3897 probe
2190 3827 2338 3891 novi,

760 3933 869 3971 non
920 3919 1173 3986 praelicta
1214 3919 1390 3974 solum
1430 3921 1915 3983 demonstratione,
1966 3927 2338 3987 apostatarum

2434 3351 2653 3419 θέσμων
2684 3348 2739 3399 δὲ
2773 3346 2960 3398 παθῶν
2993 3347 3085 3398 καὶ
3109 3342 3406 3412 ἁμαρτίας,
3430 3335 3510 3403 οἷς
3538 3339 3726 3408 ἥδεται
3759 3337 3857 3388 καὶ
3885 3352 4018 3405 τρυ-

2437 3441 2513 3510 φᾷ
2559 3437 2812 3498 καὶτοὺς
2843 3434 3037 3498 ἄλλους
3083 3433 3220 3502 πρὸς
3261 3429 3404 3484 αὑτά
3445 3427 3514 3482 δι’
3577 3428 3796 3495 ἀπάτης
3840 3424 4020 3478 ἕλκειν

2435 3534 2715 3587 ἄπαυστον
2741 3529 2856 3598 εχει
2889 3526 2953 3579 τὸ
2981 3525 3303 3594 φιλονικεῖν,
3343 3521 3535 3590 μέχρις
3567 3518 3633 3572 ἂν
3666 3515 3845 3571 ταῦτα
3871 3517 4021 3582 ένερο

2437 3624 2544 3691 γῇ..
2586 3619 2762 3681 οὐδεὶς
2816 3616 2981 3670 αὑτὸν
3037 3613 3161 3667 οὔτε
3213 3613 3313 3682 τῆς
3360 3610 3605 3679 ὀλεθρίου
3669 3606 3877 3674 ταύτης
3927 3604 4022 3658 καὶ

2438 3713 2629 3773 ἀθλίας
2651 3709 2993 3779 κυριότητος,
3023 3704 3148 3759 οὔτε
3173 3704 3283 3775 μὴν
3305 3703 3403 3770 τῆς
3423 3700 3596 3770 ἀρχῆς
3631 3695 3958 3762 ἀπαλλάξει.

2509 3841 2610 3896 λα’.
2649 3837 2780 3895 Οἶδα
2812 3840 2857 3893 δ’
2886 3839 2969 3892 ὃτι
2990 3835 3053 3889 τὸ
3088 3835 3232 3902 ίερὸν
3252 3831 3347 3885 τοῦ
3379 3829 3594 3885 Παύλου
3618 3827 3804 3897 ῥητὸν,
3831 3825 3897 3879 οὑ
3925 3823 4023 3895 μό-

2441 3952 2530 3987 νον
2577 3934 2642 3986 ικ
2691 3931 2789 3999 τῆς
2817 3927 3077 3994 τοιαύτης
3107 3923 3343 3994 θεωρίας
3391 3922 3491 3992 τὴν
3539 3919 3701 3984 δόξαν
3741 3916 4025 3987 διαφεύγει

762 4023 984 4062 sensum
1022 4011 1194 4064 vitare
1223 4027 1237 4073 ;
1277 4026 1463 4064 verum
1495 4011 1661 4065 etiam
1692 4012 1895 4069 omissa
1944 4011 2333 4080 interpunctio-

2442 4027 2552 4078 τῶν
2579 4021 2926 4083 ἀποστατῶν,
2964 4018 3107 4072 ἀλλά
3136 4016 3232 4070 καὶ
3279 4016 3441 4077 εἴτις
3485 4013 3577 4066 τὸν
3621 4011 3752 4080 περὶ
3786 4006 4024 4077 στιγμῆς

763 4103 849 4154 nis
874 4101 1167 4164 mentione,
1199 4103 1562 4156 nihilominus
1624 4117 1787 4170 posse
1823 4102 2181 4157 temeritatem
2233 4103 2345 4155 illu-

763 4209 883 4246 rutn
922 4193 1164 4263 infringi.
1198 4192 1332 4248 Nam
1364 4194 1522 4249 sicuti
1566 4209 1730 4250 verus
1790 4194 1931 4250 Deus
1993 4204 2182 4249 noster
2227 4195 2347 4248 uni-

2444 4118 2602 4183 λόγον
2662 4114 2839 4177 ἐάσει,
2887 4110 3040 4163 οὐδὲν
3096 4107 3318 4161 ἔλαττον
3361 4103 3542 4158 αὑτῶν
3584 4100 3930 4173 καταισχύνῃ
3968 4097 4027 4152 τὸ

2448 4205 2738 4277 προπετές.
2779 4204 2990 4270 Ὠσπερ
3019 4200 3130 4270 γὰρ
3161 4199 3191 4251 ό
3219 4196 3425 4266 ἀληθὴς
3459 4193 3596 4257 Θεὸς
3620 4191 3778 4263 ἡμῶν
3808 4187 4025 4244 καὶτοῦ

761 4287 907 4342 versi
962 4297 1196 4348 creator.
1270 4287 1412 4343 Deus
1469 4287 1590 4343 caeli
1633 4299 1921 4358 terraque,
1984 4286 2333 4342 nihilominus

2447 4297 2648 4360 παντὸς
2673 4292 3042 4365 Δημιουργὸς.
3083 4289 3218 4352 Θεὸς
3261 4286 3493 4358 ούρανοῦ
3527 4286 3623 4338 καὶ
3650 4285 3754 4355 γῆς
3777 4324 3794 4348 ,
3823 4282 4028 4351 λέγοιτ⁹

762 4379 964 4432 dicitur
988 4379 1151 4432 etiam
1184 4379 1323 4433 Deus
1340 4379 1637 4433 Abraltami
1665 4389 1719 4434 et
1743 4377 1910 4434 lsaaci
1936 4390 2102 4449 atque
2129 4377 2342 4445 Jacobi,

2447 4388 2512 4442 ἂν
2560 4388 2656 4442 καὶ
2693 4386 2830 4448 Θεὸς
2881 4381 3136 4453 Ἀϐραὰμ
3186 4380 3280 4432 καὶ
3313 4377 3497 4431 Ἰσαὰκ
3521 4376 3618 4430 καὶ
3662 4372 3896 4439 Ἰακὼϐ,
3938 4375 4031 4427 καὶ

763 4481 817 4523 et
844 4469 984 4524 Deus
1013 4471 1425 4532 consolationis.
1459 4480 1514 4525 et
1541 4470 1681 4524 Deus
1710 4470 1900 4538 pacis;
1948 4485 2125 4540 neque
2157 4479 2333 4524 tamen

2452 4482 2586 4544 Θεὸς
2636 4477 3061 4551 παρακλήσεως,
3090 4474 3184 4528 καὶ
3223 4471 3355 4534 Θεὸς
3398 4470 3643 4540 εἰρήνης.
3674 4467 3771 4521 καὶ
3797 4466 4028 4520 οὑδέπου

765 4559 970 4613 idcirco
1021 4568 1336 4613 cmterarum
1393 4560 1652 4613 similium
1720 4562 2078 4629 ejusdemque
2131 4559 2333 4612 ordini:

2449 4573 2538 4627 διὰ
2566 4539 2739 4625 ταῦτα
2789 4539 2900 4621 τῶν
2929 4563 3217 4637 ὁμοταγῶν
3264 4561 3360 4615 καὶ
3413 4559 3714 4628 συστοίχων
3755 4558 3858 4612 οὑκ
3912 4557 4031 4610 εστι

767 4667 948 4707 rerum
1003 4667 1111 4705 non
1164 4659 1247 4704 est
1297 4651 1487 4706 Deus:
1549 4652 1658 4705 imo
1726 4652 1910 4720 potius
1961 4650 2091 4720 quia
2146 4649 2333 4704 dicitut

2449 4663 2602 4725 Θεὸς,
2634 4660 2771 4714 ἀλλὰ
2813 4657 3012 4727 μᾶλλον
3038 4654 3098 4719 ἐξ
3130 4648 3204 4707 ὧν
3252 4651 3470 4720 λέγεται
3513 4649 3740 4713 τούτων,
3789 4648 3883 4701 καὶ
3919 4648 4031 4702 τῶν

765 4742 1145 4814 praedictorum
1163 4742 1556 4795 elementorum
1585 4750 1639 4794 ct
1666 4741 1946 4794 hominum
1981 4740 2333 4810 bonitatisqut

2449 4749 2622 4802 ἄλλων
2663 4745 3043 4812 συνεισάγεται
3065 4742 3222 4803 Θεός·
3254 4739 3397 4792 οὕτω
3421 4739 3516 4792 καὶ
3546 4737 3679 4800 Θεὸς
3709 4735 3805 4789 τοῦ
3830 4737 4030 4799 αίῶνος

771 4834 934 4895 Deus,
988 4833 1216 4887 aliarum
1263 4847 1482 4901 quoque
1532 4847 1713 4886 rerum
1753 4831 1894 4885 Deus
1917 4831 2344 4900 comprobatur;

768 4930 841 4984 ita
871 4945 995 4984 cum
1042 4927 1246 4983 dicitur
1289 4926 1453 4996 hujus
1515 4926 1698 4980 szeculi
1747 4925 1910 4990 Deus,
1943 4941 1970 4978 a
2009 4934 2162 4994 parte
2181 4924 2346 4978 simul

770 5019 1089 5088 intelligitnr
1146 5016 1419 5087 simulque
1482 5016 1809 5086 ptmclicatur
1864 5029 2045 5069 rerum
2099 5012 2346 5067 omnium

770 5111 936 5176 Deus,
972 5111 1084 5163 sive
1116 5124 1239 5178 quae
1273 5109 1340 5162 ad
1384 5108 1710 5177 spiritalium
1752 5108 1869 5161 sive
1912 5120 2035 5175 quzc
2069 5103 2134 5158 ad
2169 5103 2347 5158 sensi-

770 5203 904 5256 linm
931 5201 1179 5256 ordinem
1205 5201 1501 5263 pertinent.
1537 5198 1681 5265 Quin
1708 5200 1845 5253 adeo
1873 5200 1917 5252 si
1959 5197 2152 5250 latiore
2177 5210 2345 5250 sensu

771 5293 977 5345 dictum
1014 5290 1118 5344 hoc
1144 5289 1499 5359 intelligatur,
1535 5289 1694 5344 facile
1739 5288 1791 5343 id
1825 5303 2017 5342 rursus
2043 5285 2350 5341 calumnia-

772 5392 954 5439 torum
992 5383 1217 5439 insidias
1245 5383 1455 5437 evadet.
1494 5381 1704 5437 Mentes
1739 5382 1998 5435 nimirum
2042 5379 2338 5433 incredulo

776 5492 897 5531 rum
937 5475 1097 5542 hujus
1127 5475 1308 5530 δαιτυιί
1346 5475 1488 5528 Deus
1532 5483 1807 5540 excaecat;
1849 5474 1949 5526 huc
1981 5483 2065 5526 est
2097 5472 2348 5542 indignas

775 5569 981 5638 judicat
1005 5567 1386 5621 defaecatarum
1428 5582 1611 5622 rerum
1670 5565 2151 5635 contemplatione,
2193 5563 2350 5631 cujus

774 5676 883 5728 ope
931 5660 1262 5729 contingeret
1297 5659 1377 5714 eis
1435 5659 1710 5729 Evangelii
1771 5659 1977 5713 lumine
2017 5657 2345 5712 collustrari.

778 5753 1081 5810 liuedulis
1114 5752 1259 5808 enim
1319 5752 1482 5824 hujus
1514 5753 1698 5808 seculi
1739 5752 2053 5808 hominibus
2083 5749 2350 5804 rebellare

776 5858 944 5918 atque
960 5845 1231 5901 adversari
1253 5844 1482 5902 Domino
1501 5858 1604 5902 suo
1622 5842 1974 5910 Creatorique
1998 5839 2346 5909 permittitur;

2449 4839 2639 4892 τούτου
2665 4837 2901 4906 λεχθεὶς,
2935 4835 3044 4888 ἀπὸ
3077 4832 3279 4902 μέρους
3313 4829 3406 4883 καὶ
3428 4828 3524 4882 τοῦ
3573 4827 3794 4892 παντὸς,
3827 4829 3930 4882 ὅσα
3969 4845 4028 4880 τε

2451 4935 2532 4996 είς
2561 4930 2759 5000 νοητὴν
2788 4927 2946 4996 λῆξιν
2977 4927 3072 4980 καὶ
3121 4926 3223 4978 ὅσα
3271 4924 3406 4994 πρὸς
3450 4919 3702 4991 αῖσθησιν
3757 4919 4029 4988 ἀναφέρε-

2447 5039 2563 5082 ται,
2602 5018 2996 5072 συνεπινοεῖται
3047 5014 3144 5068 καὶ
3193 5010 3764 5080 συνανακηρύττεται·
3799 5008 3862 5062 οὑ
3920 5007 4027 5079 μὴν

2450 5112 2584 5166 ἀλλά
2655 5111 2748 5164 καὶ
2805 5106 2928 5162 καθ’
2989 5104 3281 5175 ὑπέρθεσιν
3339 5103 3400 5155 τὸ
3469 5102 3632 5170 ῥητὸν
3705 5099 3982 5168 ὲκληφθὲν
4009 5139 4024 5164 ,

2450 5202 2629 5254 πᾶσαν
2659 5197 2858 5268 ῥᾳδίως
2901 5194 3010 5246 τῶν
3041 5191 3453 5261 ἐπηρεαζόντων
3489 5186 3773 5256 διαφεύγει
3826 5188 4024 5258 λαϐήν.

2450 5292 2531 5344 Τά
2554 5289 2663 5359 γὰρ
2689 5290 2938 5356 νοήματα
2971 5284 3080 5337 τῶν
3124 5281 3371 5336 ἀπίστων
3397 5281 3494 5334 τοῦ
3524 5280 3720 5342 αἰῶνος
3765 5279 3962 5333 τούτου
3997 5280 4026 5332 ό

2448 5383 2583 5443 Θεὸς
2616 5378 2842 5449 τυφλοῖ·
2888 5375 3165 5430 τουτέστιν
3197 5373 3390 5437 ἀνάξια
3424 5373 3600 5440 κρίνει
3649 5371 3750 5440 τῆς
3777 5371 3889 5423 τῶν
3933 5385 4026 5423 at:-

2449 5472 2811 5543 καθαρμένων
2851 5467 3111 5536 θεωρίας⁸
3140 5465 3208 5518 δι’
3251 5460 3318 5535 ἦς
3362 5464 3544 5525 αὑτοῖς
3575 5462 3701 5530 ἐνῆν
3732 5461 3826 5514 τὸν
3853 5477 4023 5528 φωτι-

2451 5561 2586 5628 σμὸν
2613 5555 3010 5625 ὲναυγασθῆναι
3036 5552 3128 5605 τοῦ
3163 5550 3520 5618 Εὑαγγελίου.
3547 5549 3611 5601 Ui
3642 5547 3743 5617 μὲν
3775 5547 3892 5617 γὰρ
3929 5545 4022 5600 τοῦ

2450 5652 2545 5706 νῦν
2576 5651 2768 5711 αίῶνος
2788 5647 3030 5706 ἄπιστοι,
3062 5644 3154 5696 καὶ
3180 5639 3492 5703 στασιάζειν
3520 5641 3614 5692 καὶ
3634 5637 4023 5709 προσφιλονει-

2452 5743 2567 5794 κεῖν
2599 5737 2850 5806 ἀφίενται
2871 5733 2950 5804 τῷ
2976 5732 3163 5800 οἰκείῳ
3190 5731 3437 5801 Δεσπότῃ
3463 5728 3556 5781 καὶ
3576 5725 3907 5797 Δημιουργῷ
3925 5741 3941 5756 ’
3967 5727 4023 5777 έν

2449 5831 2508 5885 δὲ
2533 5829 2611 5902 τῷ
2639 5827 2886 5897 μέλλοντι
2929 5825 3018 5878 ὅτε
3051 5824 3158 5878 πᾶν
3186 5822 3315 5890 γόνυ
3356 5820 3564 5892 κάμψει
3606 5817 3755 5891 αὑτῷ
3785 5819 4021 5890 ἐπουρα-
