4198 6440
178 423 250 484 39
1229 407 1329 465 AD
1360 399 1949 466 AMPHILOCHIUM
1991 400 2339 475 QUESTIO
2374 403 2423 462 Ι.
3373 399 3444 464 ω

179 532 308 582 νίων
322 527 419 581 καὶ
437 523 695 593 έπιγείων
707 520 808 574 ικαὶ
835 515 1227 588 καταχθονίων,
1246 518 1340 569 καὶ
1359 517 1509 569 πᾶσα
1537 512 1760 582 γλῶσσα

1870 522 2233 571 Verumtamen
2294 516 2348 570 in
2400 514 2613 577 futuro.
2666 528 2791 567 eum
2838 524 3001 566 omne
3028 524 3163 579 genu
3197 507 3442 571 ﬂectetur

180 619 637 689 ἐξομολογήσεται
671 611 841 680 αὐτῷ,
862 610 1035 674 οὐδεὶς
1067 608 1247 661 αὐτῶν
1267 604 1390 661 οὔτε
1416 603 1753 659 ἀποστασίας

1870 607 1936 660 illi
1972 606 2305 673 cmiestium,
2333 608 2677 663 terrestrium
2706 616 2760 662 et
2785 604 3149 671 infernorum.
3180 614 3236 658 et
3263 604 3450 658 omnis

179 710 302 761 οὔτε
334 704 671 776 φιλονεικίας
715 702 749 771 ἢ
798 698 1020 767 ἀγνοίας
1067 699 1145 759 είς
1194 694 1256 748 τδ
1288 695 1363 764 μὴ
1392 692 1620 746 συνιδεῖν
1657 691 1755 760 τὴν

1870 696 2047 765 lingua
2069 696 2416 751 conlltebitur
2448 698 2534 757 ei;
2563 696 2722 750 nullae
2775 696 2889 764 jam
2942 694 3012 749 ali
3050 694 3119 747 iis
3154 695 3445 763 apostasia?

181 800 326 852 κατά
346 797 567 851 πάντων
595 790 895 863 κυριότητα
924 790 1020 841 καὶ
1045 788 1107 841 τὸ
1128 782 1755 857 κράτος,έπιπροσθήσει

180 889 379 957 γνόφος
409 887 444 958 ἢ
471 886 664 956 ἀχλύς.

253 1062 355 1133 λβ’.
399 1060 540 1114 Ἀλλ’
580 1060 719 1129 ὅπερ
760 1057 981 1124 ἐλέγετο
1019 1054 1116 1124 μὲν
1146 1056 1181 1125 ἡ
1212 1052 1340 1124 περ)⁸
1371 1052 1474 1121 τῆς
1523 1052 1759 1121 στιγμῆς

182 1156 379 1223 σκέψις
416 1153 477 1206 οὐ
511 1152 671 1222 μόνον
720 1151 776 1203 έν
821 1152 935 1210 τοῖς
990 1145 1369 1209 θεοπνεύστοις
1406 1144 1499 1198 τοῦ
1545 1144 1759 1199 Παύλου

184 1249 398 1317 ῥητοῖς,
426 1243 853 1314 κακουργήμασι
890 1239 991 1309 μὲν
1016 1237 1198 1292 δίδωσι
1232 1237 1442 1307 πλάνης
1482 1236 1758 1307 ἀφορμὰς,

181 1333 692 1405 ἁκριϐολογουμένη
744 1329 802 1383 δέ
845 1327 1212 1399 καταστρέφει
1257 1328 1357 1390 τάς
1402 1326 1503 1398 τῆς
1544 1327 1762 1398 ἀπάτης

184 1427 462 1495 μηχανάς,
497 1424 633 1477 ἀλλά
663 1422 759 1476 καὶ
802 1422 862 1473 έν
910 1422 1099 1484 αὐταῖς
1141 1421 1264 1482 ταῖς
1304 1418 1665 1479 Δεσποτικαῖς
1700 1434 1761 1470 τε

183 1517 287 1569 καὶ
340 1506 646 1585 Κυριακαῖς
677 1514 883 1581 φωναῖς
929 1510 989 1565 οὐ
1020 1512 1121 1580 τὴν
1159 1508 1429 1579 τυχοῦσαν
1472 1510 1609 1580 πρὸς
1637 1509 1763 1563 έκά-

181 1626 321 1679 τερα
351 1608 539 1661 δίδωσι
581 1607 774 1678 ῥοπήν.
826 1605 890 1658 Οί
938 1604 1046 1673 γάρ
1076 1602 1233 1656 αὐτοὶ
1271 1603 1372 1673 τῆς
1422 1601 1763 1663 ἀποστασίας

181 1698 438 1769 ἐρασταὶ,
490 1696 593 1768 τῆς
646 1696 983 1766 Δεσποτικῆς
1034 1693 1395 1765 δημιουργίας
1452 1692 1513 1746 τδ
1560 1692 1762 1763 ὡραῖον

180 1789 347 1843 τοῦτο
377 1789 472 1842 καὶ
502 1785 954 1855 θαυμασιώτατον
984 1783 1352 1855 φιλοτέχνημα
1372 1822 1387 1847 ,
1424 1781 1515 1836 τὸν
1544 1782 1762 1853 ὁρώμε-

181 1896 277 1931 νον
312 1878 458 1945 λέγω
480 1878 577 1930 καὶ
611 1874 917 1947 περικαλλῆ
947 1874 1176 1943 κόσμον,
1204 1877 1263 1926 οὐ
1298 1871 1543 1929 Θέλοντες
1563 1873 1763 1941 ἀνομο-

181 1970 368 2037 λογεῖν
402 1968 561 2040 ἐργον
591 1964 732 2021 εἶναι
775 1964 868 2021 τοῦ
903 1964 1274 2037 Δημιουργοῢ,
1308 1963 1425 2017 ἀλλ’
1458 1964 1539 2027 είς
1568 1964 1762 2033 έτέραν

184 2064 393 2116 ἄτοπον
424 2058 856 2129 φιλονεικοῦντες
895 2059 1190 2128 ἀναφέρειν
1212 2056 1383 2127 ἀρχὴν
1410 2056 1495 2118 τὸ,
1530 2075 1548 2108 s
1578 2056 1764 2109 Πάντα

182 2152 255 2203 δι’
284 2150 450 2203 αὐτοῦ
503 2149 739 2218 έγένετο,
775 2149 870 2201 καὶ
911 2147 1079 2217 χωρὶς
1142 2145 1306 2200 αὑτοῦ
1349 2146 1567 2214 ἐγένετο
1611 2144 1764 2197 οὐδὲν

180 2245 209 2294 ὃ
234 2244 485 2309 γέγονεν,
526 2260 549 2295 a
581 2243 680 2294 οὐκ
707 2240 965 2309 ἀγαπῶσι
994 2238 1324 2308 καταλήγειν
1367 2239 1447 2301 είς
1486 2240 1725 2307 στιγμήν
1745 2253 1761 2270 ο

186 2332 531 2403 συνείροντες
572 2330 629 2384 δέ
658 2333 773 2394 τοῖς
814 2328 1149 2400 προλαϐοῦσι
1175 2332 1270 2382 καὶ
1296 2329 1357 2381 τὸ
1384 2330 1441 2382 έν
1469 2327 1638 2397 αὐτῷ,
1670 2327 1764 2380 οὕ-

184 2442 293 2485 τως
310 2426 588 2493 λήγουσαν
612 2422 709 2493 τὴν
733 2423 916 2491 φωνὴν
938 2423 1163 2491 ἀφιᾶσιν
1178 2420 1257 2484 είς
1277 2420 1534 2490 στιγμήν.
1557 2418 1656 2471 Διά
1678 2417 1760 2482 τίς

187 2516 315 2568 Ἵνα
338 2516 405 2566 τὰ
438 2515 496 2566 ἐν
525 2513 675 2583 αὺτῷ
702 2512 771 2565 δι’
794 2510 959 2564 αὑτοῦ
1007 2509 1259 2580 γενέσθαι
1300 2509 1547 2578 λέγοντες
1582 2508 1763 2577 μόνον,

185 2609 352 2659 ὁποῖα
379 2608 445 2658 ἂν
465 2605 646 2659 αὐτῶν
662 2605 755 2658 καὶ
776 2605 836 2658 τὸ
858 2606 1087 2674 μάταιον
1102 2604 1211 2656 τῶν
1226 2603 1503 2672 λογισμῶν
1522 2600 1766 2654 ἀναπλά-

189 2712 304 2758 σοι,
352 2697 463 2747 τῶν
514 2696 817 2764 γεγονότων
868 2694 1070 2748 λοιπῶν
1109 2694 1365 2747 ἁπάντων
1411 2692 1510 2762 τὴν
1554 2692 1765 2760 γένεσιν

186 2787 358 2840 αὑτὸν
376 2786 721 2856 ἀφαιρήσωσι
740 2786 833 2839 καὶ
849 2785 913 2854 δη
922 2802 1046 2855 μιου
1053 2786 1233 2855 ργίαν.
1253 2784 1435 2855 Ὀρᾷς,
1455 2784 1545 2837 καὶ
1561 2776 1621 2837 οὗ
1634 2783 1768 2853 βρα-

188 2877 425 2948 χύτερον
440 2878 539 2928 οὐκ
557 2876 702 2928 ἔστιν
718 2879 916 2947 εὑρεῖν,
933 2879 1007 2947 μὴ
1024 2879 1092 2945 τῇ
1110 2874 1390 2945 πρεπούσῃ
1405 2874 1581 2945 κρίσει
1601 2872 1768 2926 καθυ-

191 2967 494 3037 ποϐληθέν,
514 2968 642 3020 οἴων
664 2969 882 3021 ἀτόπων
898 2985 958 3021 τε
989 2968 1084 3021 καὶ
1099 2967 1542 3021 δυσσεϐεστάτων
1559 2966 1767 3037 νοημά-

185 3075 305 3111 των
317 3057 546 3127 ἀφορμὴ
563 3060 676 3120 τοῖς
692 3057 946 3110 ἀσεϐοῦσι
973 3057 1298 3111 καθίσταται
1322 3057 1417 3110 καὶ
1438 3057 1728 3125 καταφυγή
1751 3071 1769 3121 ;

1859 790 1943 841 vel
1987 789 2300 857 pertinacia:
2351 791 2432 844 vel
2462 789 2695 845 inscitia:
2753 787 3158 858 praetendentur
3181 788 3445 849 tenebrae,

1859 880 2158 947 quominus
2182 878 2273 932 Dei
2311 879 2674 933 univcrsalem
2709 877 3056 932 dominatum
3112 877 3444 947 potentiam-

1860 985 1966 1038 que
1995 980 2312 1039 agnusranl.
2786 956 2787 959 Ἴ

1932 1055 2020 1110 52.
2061 1056 2250 1126 Atqui,
2287 1065 2345 1111 ut
2373 1057 2637 1113 hactenus
2663 1058 2869 1113 dictum
2904 1068 3007 1119 est.
3038 1058 3442 1128 interpunctio-

1864 1146 1951 1199 nis
1985 1147 2296 1200 observatio
2333 1162 2441 1200 non
2474 1149 2653 1202 solum
2700 1148 2753 1201 in
2783 1162 3021 1216 superne
3048 1148 3243 1203 amatis
3290 1147 3444 1203 Pauli

1863 1235 2023 1318 dictis
2061 1235 2283 1289 malitia:
2307 1239 2590 1307 emirique
2614 1251 2804 1292 ansam
2853 1238 3080 1306 praebet,
3116 1253 3236 1308 quae
3264 1248 3442 1292 tamen

1863 1324 1910 1378 si
1944 1334 2092 1381 recte
2120 1326 2234 1390 fiat.
2276 1326 2486 1383 fraudis
2514 1328 2741 1385 technas
2772 1329 3037 1399 dissipat:
3065 1344 3251 1384 verum
3281 1331 3445 1384 etiam

1866 1416 1921 1470 in
1972 1417 2263 1472 dominicis
2311 1419 2444 1487 ipsis
2493 1435 2765 1490 suprema:
2814 1421 3163 1475 auctoritatis
3194 1422 3439 1484 vocibus.

1864 1521 1971 1561 non
2002 1508 2274 1562 mediocre
2310 1510 2526 1578 utrique
2551 1510 2838 1565 sententiae
2871 1520 3205 1565 momentum
3230 1512 3448 1566 confert

1866 1596 2252 1667 interpunctio.
2284 1597 2531 1670 Namque
2554 1600 2718 1655 iidem
2759 1601 2861 1670 ipsi
2884 1602 3173 1670 apostasia:
3199 1602 3447 1666 asseclae,

1866 1688 2171 1758 speciosum
2198 1690 2302 1745 hoc
2323 1690 2817 1761 admirandumque
2843 1691 3133 1746 dominica
3152 1693 3450 1747 creationis

1866 1781 2176 1845 :eiliﬂcium,
2211 1781 2599 1850 aspectabilem
2653 1782 2779 1837 dico
2821 1782 3223 1851 pulchrumque
3288 1798 3450 1838 mun-

1799 1855 1840 1915 Β
1869 1866 2023 1927 dum.
2064 1859 2198 1921 dum
2232 1866 2518 1922 Creatoris
2544 1884 2681 1938 opus
2706 1884 2828 1923 esse
2854 1878 3073 1938 negant,
3106 1868 3450 1939 incongrua:-

1864 1974 1971 2027 que
1986 1957 2078 2011 alii
2102 1957 2299 2024 origini
2318 1946 2557 2015 tribuere
2581 1961 2820 2024 student,
2846 1960 3174 2014 locutionem
3205 1979 3223 2011 ι
3254 1961 3449 2015 omnia

1865 2065 1963 2119 per
1993 2051 2170 2120 ipsum
2202 2050 2343 2106 facta
2371 2058 2519 2116 sunt,
2549 2060 2603 2106 et
2637 2052 2755 2106 sine
2796 2053 2914 2121 ipso
2958 2050 3162 2106 factum
3195 2062 3279 2107 est
3305 2052 3446 2107 nihil

1866 2141 2008 2211 quod
2037 2144 2236 2196 factum
2258 2152 2340 2197 est
2360 2143 2500 2207 "'",
2532 2163 2550 2195 ι
2577 2144 2771 2197 nolunt
2791 2142 3230 2211 interpunctione
3256 2143 3444 2209 ﬁnire;

1866 2233 1960 2288 sed
2011 2234 2263 2302 copulata
2331 2248 2456 2289 cum
2523 2234 2904 2304 superioribus
2960 2244 3222 2305 sequente
3281 2237 3447 2290 etiam

1866 2324 2107 2381 dictione
2136 2326 2189 2377 in
2234 2326 2368 2391 ipso,
2430 2337 2545 2380 tum
2598 2325 2817 2381 demum
2854 2325 3139 2395 periodum
3166 2328 3453 2397 interpun-

1864 2416 2042 2471 ctione
2063 2416 2417 2471 concludunt.
2444 2416 2594 2470 Cur?
2630 2417 2882 2471 videlicet
2912 2428 2972 2473 ut
2998 2433 3062 2473 ea
3094 2434 3216 2487 quae
3241 2428 3368 2473 sunt
3394 2420 3450 2474 in

1868 2508 2006 2578 ipso,
2066 2508 2447 2563 tantummodo
2483 2508 2670 2563 dicant
2721 2507 2863 2563 facta
2923 2492 3035 2576 per.
3070 2510 3248 2579 ipsum
3283 2512 3453 2581 (qua.

1865 2618 2079 2670 cunque
2122 2602 2239 2657 haec
2291 2602 2509 2657 demum
2568 2604 2731 2657 stulta
2759 2618 2913 2656 mens
2944 2602 3162 2656 illorum
3197 2604 3301 2657 sibi
3330 2618 3452 2658 esse

1867 2694 2183 2762 conlinglt);
2215 2704 2535 2748 ceterarum
2570 2704 2756 2748 autem
2800 2709 2983 2748 rerum
3020 2695 3291 2760 omnium,
3327 2710 3450 2765 qua:

1869 2785 2023 2839 facta:
2062 2787 2302 2847 fuerunt,
2338 2783 2513 2840 Verbo
2552 2784 2805 2840 auferant
2837 2786 3103 2855 originem
3127 2797 3178 2839 et
3212 2787 3452 2841 creatio-

1868 2890 2014 2929 nem.
2058 2873 2189 2928 Hem
2232 2890 2342 2938 res.
2403 2891 2511 2945 qua
2561 2877 2706 2929 nulla
2758 2877 2939 2930 minor
2995 2876 3225 2931 inveniri
3250 2887 3449 2947 potest,

1867 2982 2029 3037 quam
2060 2966 2417 3021 absurdarum
2445 2966 2846 3037 impiarumque
2862 2968 3183 3037 Opinionum
3202 2969 3449 3025 scelestis

1869 3060 2182 3115 hominibus
2222 3075 2411 3113 ansam
2443 3060 2701 3114 obtulerit
2728 3074 2793 3113 ac
2818 3058 3161 3130 perfugium!

264 3156 371 3218 λγ’.
407 3150 520 3203 οὐκ
546 3149 725 3218 ἀγνοῶ
752 3150 810 3202 δὲ
836 3149 911 3213 ὡς
959 3149 1053 3202 καὶ
1079 3149 1241 3211 ἄλλας
1274 3148 1426 3211 τινάς
1456 3150 1769 3203 έπαναστά-

1942 3153 2031 3209 55.
2070 3151 2186 3207 Νοη
2249 3153 2435 3207 nescio
2495 3153 2621 3207 aliis
2678 3166 2901 3222 quoque
2968 3151 3451 3209 sollicitationibus

190 3258 312 3303 σεις
354 3243 390 3310 ἠ
434 3239 753 3302 αὒτὸλεκτος
800 3237 944 3311 αὕτη
984 3240 1080 3292 καὶ
1129 3239 1432 3310 Δεσποτικὴ
1466 3240 1617 3308 παρά
1666 3240 1765 3309 τὴν

188 3332 369 3402 αὐτὴν
408 3330 586 3385 αἰτίαν
628 3330 833 3401 ὑπέστη
869 3333 1046 3401 φωνή.
1085 3332 1142 3383 ὐ
1181 3330 1279 3400 μὲν
1310 3331 1415 3400 γάρ
1449 3328 1625 3392 κοινὸς
1666 3329 1766 3397 τῆς

186 3422 457 3492 ἀληθείας
482 3424 576 3475 καλ⁸
600 3422 931 3492 ἀπερίεργος
963 3421 1121 3490 λόγος
1158 3422 1295 3490 μετά
1318 3420 1399 3483 τὺ,
1438 3437 1457 3470 ε
1488 3420 1673 3471 Πάντα
1698 3418 1765 3471 δι’

189 3512 365 3567 αὐτοῦ
402 3512 640 3580 έγένετο,
683 3513 778 3565 καὶ
819 3514 989 3581 χωρὶς
1018 3511 1183 3565 αὐτοῦ
1221 3509 1441 3579 ἐγένετο
1474 3510 1595 3563 οὐδὲ
1644 3508 1702 3560 ἓν
1741 3506 1769 3560 δ

188 3605 472 3673 γέγονεν,ι
502 3602 576 3665 ῶς
602 3602 696 3656 καὶ
718 3603 1058 3675 προείρηται,
1091 3600 1265 3665 οὓτως
1286 3604 1480 3669 ἐπάγει
1499 3599 1597 3670 τὴν
1622 3615 1773 3662 στιγ-

194 3694 332 3764 μήν·
366 3694 416 3745 oi
443 3693 502 3747 δέ
532 3692 773 3756 στίζουσι
805 3691 904 3762 μὲν
948 3692 1085 3761 μετὰ
1104 3692 1166 3743 τὸ
1196 3691 1370 3755 οὐδὲν,
1399 3689 1573 3760 ἀρχῆς
1598 3690 1653 3743 δέ
1677 3689 1769 3742 ἀπ’

189 3785 367 3853 ἀλλης
410 3783 772 3853 προφέροντες
818 3783 898 3847 τὸ,
955 3783 1061 3835 «⁸0
1110 3780 1332 3849 γέγονεν
1370 3783 1429 3833 έν
1464 3780 1613 3851 αὑτῷ
1658 3777 1770 3850 ζωὴ

189 3872 321 3945 ἦν,»
356 3873 484 3928 νοῦν
518 3875 615 3944 μέν
644 3876 943 3941 ἀναγκαῖον
967 3873 1155 3927 οὐδένα
1184 3872 1455 3943 δηλοῦσιν,
1492 3867 1770 3940 ἀνοίγουσι

190 3966 255 4019 δέ
296 3967 411 4028 τοῖς
446 3964 791 4034 βουλομένοις
836 3964 907 4017 τά
956 3965 1195 4033 μυστικὰ
1242 3963 1335 4015 καὶ
1362 3962 1565 4033 φρικτά
1600 3961 1770 4032 κάλλη

191 4057 311 4111 τῶν
342 4056 505 4125 ιερῶν
531 4056 685 4126 ἡμῶν
702 4056 911 4124 Δογίων
934 4054 1318 4127 κατορχεῖσθαι
1346 4056 1606 4107 πλατεῖαν
1632 4054 1768 4107 ὀδόν.

196 4150 269 4204 Τί
302 4150 413 4221 γὰρ
442 4150 559 4203 ένδν
581 4148 864 4219 ἀρκεῖσθαι
888 4149 999 4210 τοῖς
1018 4147 1380 4217 έγνωσμένοις
1402 4148 1493 4201 καὶ
1518 4145 1775 4200 κάλλιστα

193 4246 301 4313 τῆς
329 4240 628 4311 ἑρμηνείας
654 4240 888 4309 ἔχουσιν,
933 4238 1320 4309 ὑπερορῶντας
1355 4236 1531 4290 ταῦτα
1566 4236 1772 4307 ζητεῖν,

195 4339 315 4397 τοῖς
346 4332 517 4405 μηδέν
542 4334 727 4400 ὅμοιον
759 4330 1141 4399 κεκτημένοις,
1184 4327 1481 4398 καινότητα
1514 4328 1572 4381 δέ
1617 4328 1777 4397 μόνον

194 4424 611 4500 χαριζομένοις,
657 4418 1099 4485 καλλωπίζεθαις
1138 4419 1250 4474 Καὶ
1276 4420 1336 4472 οὐ
1367 4419 1510 4473 κατά
1548 4420 1773 4473 πάντων

1873 3244 2015 3299 hanc
2044 3246 2214 3313 ipsam
2243 3245 2565 3298 locutionem
2606 3242 2934 3297 dominicam
2963 3242 3155 3297 eadem
3184 3244 3249 3298 de
3283 3259 3449 3299 causa

1872 3335 2161 3389 obnoxiam
2197 3332 2386 3387 fuisse.
2425 3330 2569 3388 Sane
2601 3334 2910 3387 communis
2956 3342 3012 3387 et
3044 3334 3277 3402 ingenua
3304 3336 3453 3389 veri—

1875 3424 2001 3477 tatis
2052 3424 2189 3477 ratio
2239 3432 2361 3491 post
2407 3423 2571 3477 verba
2610 3440 2629 3473 ι
2670 3422 2866 3476 Omnia
2938 3439 3034 3492 per
3080 3422 3259 3492 ipsum
3307 3423 3460 3480 facta:

1875 3524 2022 3579 sum,
2050 3523 2104 3569 et
2148 3517 2263 3568 sine
2292 3514 2410 3583 ipso
2442 3513 2643 3569 factum
2674 3525 2758 3569 est
2800 3514 2935 3569 nihil
2979 3518 3120 3585 quod
3154 3515 3394 3581 factum,
3422 3537 3447 3570 ι

1876 3603 2385 3672 interpunctionem,
2423 3604 2612 3674 utjam
2642 3604 2904 3669 diximus,
2941 3608 3114 3674 ponit.
3136 3606 3237 3659 Alii
3268 3618 3455 3663 tamen

1876 3696 2266 3767 interpungunt
2327 3706 2449 3768 post
2472 3696 2643 3750 m‘lu'l:
2691 3708 2803 3752 tum
2856 3696 3021 3751 veluti
3068 3713 3133 3753 ex
3161 3700 3270 3753 alio
3295 3700 3455 3755 initio

1876 3787 2236 3858 proferentes.
2272 3805 2290 3839 ι
2333 3787 2489 3853 Quod
2511 3786 2712 3842 factum
2753 3796 2837 3841 cst
2868 3787 2921 3840 in
2951 3788 3070 3857 ipso
3105 3788 3212 3842 vita
3252 3799 3391 3855 erat,
3424 3809 3447 3842 ι

1878 3895 2104 3935 sensum
2154 3878 2374 3948 quidem
2429 3878 2688 3932 idoneum
2744 3877 2957 3931 nullum
3006 3876 3240 3932 afferunt
3269 3894 3296 3943 ;.
3338 3880 3450 3934 imo

1878 3973 2042 4027 latam
2079 3970 2220 4025 viam
2254 3980 2505 4025 sternunt
2536 3970 2621 4034 iis,
2648 3970 2742 4039 qui
2781 3981 3061 4024 sacrorum
3095 3972 3382 4040 mysticum
3398 3981 3455 4025 et

1881 4071 2173 4133 augustum
2232 4061 2581 4115 oraculorum
2659 4070 2978 4115 nostrorum
3027 4062 3198 4117 decus
3252 4063 3452 4118 violare

1880 4137 2139 4225 gestiunt.
2176 4150 2287 4208 Cur
2311 4151 2456 4206 enim
2496 4166 2619 4206 cum
2652 4150 2811 4205 liceat
2840 4152 3068 4220 probata
3101 4161 3155 4205 et
3200 4152 3453 4222 pulcher-

1881 4247 2018 4301 rima
2052 4243 2503 4313 interpretatione
2541 4256 2664 4297 esse
2700 4243 2975 4297 contentis
2997 4282 3013 4307 ,
3047 4257 3167 4305 cur,
3205 4242 3453 4311 inquam,

1882 4333 1985 4387 hac
2012 4338 2218 4400 spreta.
2249 4328 2515 4399 captanda
2543 4336 2628 4383 est
2647 4328 2891 4383 aliorum.
2907 4343 3168 4407 sensuum
3200 4328 3457 4398 gloriola,

1881 4425 1975 4493 qui
2034 4422 2172 4491 aequi
2232 4421 2491 4490 ponderis
2542 4420 2676 4474 nihil
2708 4420 2929 4481 habent.
2954 4421 3181 4475 novitati
3211 4430 3456 4474 tantum—

195 4519 358 4588 φέρω
382 4515 501 4586 τὴν
537 4514 738 4584 ψῆφον,
794 4511 910 4565 ἀλλ’
952 4507 1028 4567 ὧν
1060 4512 1093 4582 ἡ
1136 4509 1334 4581 γνώμη
1382 4510 1473 4563 τὸν
1501 4510 1658 4578 λόγον
1685 4527 1770 4579 μοι

1882 4514 2041 4569 modo
2070 4510 2455 4567 velificantur?
2502 4510 2687 4580 Neque
2742 4510 3006 4565 adversus
3037 4525 3231 4565 omnes
3261 4511 3455 4567 ωσι-αι-

195 4612 480 4663 δείιινυσιν
510 4604 931 4673 έπσληθεὺοντα.
961 4602 1157 4672 ’Ᾱρχει
1185 4601 1243 4655 δὲ
1269 4602 1367 4672 τῆς
1401 4601 1522 4655 ὀδοῦ
1554 4601 1783 4671 ταύτης,

196 4704 303 4755 ὅσα
337 4716 407 4768 γε
452 4697 554 4767 τὴν
601 4695 742 4767 ἐμὴν
783 4695 885 4748 οὑκ
928 4693 1080 4748 έλιπε
1121 4693 1364 4763 μνήμην,
1408 4694 1438 4746 ὁ
1467 4692 1781 4765 πολυμαθὴς

202 4794 304 4863 μὶν
337 4790 497 4844 οὐδέν
539 4787 593 4841 δέ
648 4781 813 4858 ἦττον
854 4784 898 4856 ἢ
940 4783 1286 4855 πολυπλανὴς
1323 4782 1604 4855 Ὠριγινης
1644 4783 1780 4853 (εδ).

198 4884 493 4955 ἐκδέχεται
538 4880 596 4934 δέ
627 4879 727 4950 τὴν
769 4876 1000 4949 μίμησιν
1024 4878 1053 4929 ό
1083 4877 1541 4945 Πνευματομάχος
1586 4872 1783 4946 [Mace-

197 4972 429 5045 donius]
465 5013 481 5036 ,
520 4974 570 5026 εί
592 4972 688 5025 καὶ
716 4969 793 5041 μὴ
830 4968 931 5039 τῆς
970 4966 1294 5030 δυσσεϐείας
1322 4967 1404 5037 (οὺ
1436 4966 1546 5039 γάρ
1583 4966 1700 5037 ἀμα
1725 4982 1779 5019 τε

197 5069 302 5139 τὴν
339 5065 579 5137 στιγμὴν
617 5065 824 5127 ἐκεῖνος
864 5058 1199 5131 ὑπερετίθει,
1257 5058 1353 5111 καὶ
1394 5058 1493 5129 τῆν
1523 5057 1779 5112 ἀσέϐειαν

200 5158 294 5211 διὰ
342 5154 443 5210 τοῦ
487 5152 652 5227 ῥητοῦ
689 5149 1123 5223 μετεδίδασκεν),
1159 5145 1275 5201 ἀλλ’
1309 5145 1404 5201 οῦν
1426 5162 1492 5215 γε
1521 5146 1621 5216 τῆς
1649 5144 1778 5215 περὶ

276 5272 404 5305 ⁸⁸³⁸
429 5268 591 5325 Joan.
625 5281 666 5332 ι,
692 5266 748 5321 3.

1878 4609 2023 4677 gium
2048 4604 2184 4671 fero,
2216 4605 2308 4659 sed
2340 4612 2532 4657 contra
2578 4618 2673 4657 eos
2717 4618 2954 4672 quorum
2995 4603 3239 4658 doctrina
3268 4620 3451 4658 veram

1877 4709 1999 4751 esse
2045 4692 2289 4763 coarguit
2340 4691 2821 4760 reprehensionem
2884 4707 3098 4747 meam..
3130 4691 3281 4749 Hanc
3307 4696 3460 4749 viam

1878 4786 2087 4855 primus
2113 4785 2395 4854 ingressus
2412 4792 2515 4847 est,
2546 4782 2653 4838 nisi
2692 4796 2811 4836 mea
2862 4797 2953 4838 me
2998 4785 3259 4838 memoria
3300 4783 3463 4850 fallit,

1878 4871 2228 4927 doctissimus
2296 4870 2388 4926 ille
2458 4884 2633 4939 tneque
2694 4868 2879 4923 minus
2952 4883 3201 4923 errorum
3268 4870 3469 4940 plenus»

1884 4960 2163 5029 Origenes.
2188 4958 2399 5029 Excipit
2457 4956 2623 5027 hujus
2679 4956 3190 5026 exemplumsancti
3223 4958 3467 5026 Spiritus

1886 5061 2258 5120 Oppugnator;
2306 5062 2623 5119 quanquam
2655 5062 2811 5103 suam
2850 5051 3186 5118 peculiarem
3208 5048 3459 5106 haeresim

1881 5143 1950 5196 ab
1965 5156 2031 5196 eo
2048 5156 2156 5196 non
2179 5140 2388 5196 hausit.
2400 5138 2591 5210 Neque
2609 5138 2755 5195 enim
2775 5135 3043 5210 Origenes
3058 5139 3187 5193 dum
3210 5139 3458 5197 transfer:

1739 5373 1970 5431 NOTE.

278 5510 396 5582 (9.3)
428 5506 695 5582 Scholion
743 5505 797 5582 in
844 5502 1031 5582 codice
1084 5500 1323 5582 quodam
1349 5501 1473 5582 γει.
1504 5510 1704 5582 esten;
1732 5499 1788 5552 in

203 5569 479 5635 lnalt.'sic
509 5578 710 5631 habet:
747 5575 939 5627 ’ἰστέον
984 5571 1059 5633 ὡς
1104 5569 1486 5638 -Ἃπολινάριος
1524 5570 1619 5623 καὶ
1652 5570 1792 5637 Ὠριο

205 5652 377 5719 γένης
408 5648 501 5719 καὶ
533 5642 970 5719 Κύριλλρςκατά
1000 5644 1099 5719 τῂν
1131 5640 1507 5719 διαϐληθεῖσαν
1545 5638 1791 5719 ἀνάγνω-

207 5709 296 5772 σιν
330 5709 652 5784 ’ἑξέδωκαν’·
698 5712 833 5767 ἀλλά
873 5711 962 5784 τά-
991 5709 1089 5784 μέν
1131 5709 1505 5784 -ξᾼπολιναρίῳ
1526 5780 1538 5784 _
1560 5709 1792 5784 ρηθέντα

203 5777 410 5861 παρεὶς
428 5784 717 5856 ἀδιανόητα
742 5784 892 5851 ὄντα,
911 5782 978 5834 τά
995 5777 1164 5851 ’Κυρίλ
1174 5779 1265 5834 λου
1290 5777 1502 5851 πρῶτον
1522 5777 1789 5833 “(inter

1894 5492 1993 5549 εἷθ’
2038 5494 2211 5559 οὕτως
2255 5496 2326 5549 τὰ
2358 5496 2682 5567 Ὧριγένους
2714 5497 2904 5567 πορρω
2944 5494 3046 5567 τῇς
3070 5495 3480 5567 γεγραμμένη-ς

1896 5569 2235 5637 κατηγορίας
2260 5564 2594 5637 ὑσπάρχοντα.
2609 5564 2855 5633 Origeuis
2877 5575 2931 5620 et
2957 5564 3138 5635 Cyrilli
3159 5564 3265 5619 loci
3283 5564 3477 5633 legun-

1898 5636 2185 5690 tormlhuc
2226 5636 2511 5690 ineorum
2571 5637 2957 5703 superstitibus
3000 5637 3064 5689 ad
3104 5637 3257 5689 Joan.
3302 5638 3477 5687 Com-

1897 5705 2196 5759 mentariis.
2244 5706 2563 5760 Aoollinarii
2607 5705 2770 5759 verba
2820 5706 2874 5760 in
2907 5706 3058 5760 nullo
3091 5705 3358 5759 Vaticana:
3382 5703 3480 5758 bb-

1896 5774 2182 5830 bliotheca
2208 5774 2395 5829 codice
2426 5774 2662 5830 invenio.
