4198 6440
210 434 283 500 93
1242 443 1359 504 AD.
1374 442 1770 505 ΑΜΡΗΙιοα

1870 440 1967 501 UM
2004 438 2350 503 ΟυιΕὸΤΙΟ
2390 439 2439 501 Ι.

3383 442 3454 506 θό

214 541 377 612 μεθα.
432 544 500 597 Ἦ
524 544 568 598 δ’
594 537 690 600 οὖν
725 546 817 599 ἰπὶ
844 548 957 610 τοῖς
998 548 1310 621 εἰρημένοις
1356 551 1634 622 γυμνασία
1678 555 1770 603 οὐκ

1878 546 2099 616 quidem
2118 545 2506 616 praedictarum
2525 546 3018 602 controversiarum
3060 549 3234 605 solers
3260 552 3449 621 cogni-

210 637 271 688 έν
299 634 484 699 αὐτοῖς
519 636 684 706 μόνον
716 639 1049 711 περιγράφει
1076 641 1139 696 τὸ
1174 643 1466 714 χρήσιμον,
1492 642 1693 713 πολλὴν
1714 642 1772 695 δι

212 720 406 794 ῥώμην
455 726 549 778 καὶ
592 728 789 797 κράτος
833 730 1062 801 παρέχει
1101 732 1237 801 πρὸς
1277 732 1339 784 τὸ
1381 732 1482 803 τὴν
1514 731 1772 801 ἀλήθειαν

213 816 524 883 μεθοδεύειν
558 821 654 873 καὶ
692 820 1039 888 διευκρινεῖν,
1076 822 1172 877 καὶ
1199 822 1266 875 τά
1295 823 1479 892 ὅμοια.
1516 822 1627 877 Καὶ
1665 821 1771 889 γάρ

206 906 309 958 ὅσα
336 907 405 959 δι’
433 908 723 979 ὑπέρθεσιν
761 910 935 979 λόγων
971 913 1005 981 ἢ
1040 913 1300 983 ῥημάτων
1336 913 1370 984 ἢ
1403 913 1705 984 ὀνομάτων,
1736 912 1767 982 ἢ

206 996 415 1051 τούτων
445 999 682 1069 ιλλειψιν
709 1000 802 1055 καὶ
825 1002 1153 1074 περικοπὴν,
1179 1002 1216 1074 ἢ
1247 1003 1457 1075 τροπὴν
1476 1004 1572 1058 καὶ
1606 1020 1772 1074 μετα-

208 1088 413 1157 φορὰν,
462 1090 542 1152 εἰς
586 1092 887 1160 ἀμφίϐολον
931 1094 1024 1147 καὶ
1062 1094 1379 1165 μαχομένην
1408 1095 1644 1150 διάνοιαν
1678 1112 1771 1147 συ-

206 1180 554 1241 σκευάζεται,
580 1181 674 1233 καὶ
697 1180 870 1236 ταῦτα
900 1182 929 1234 ό
962 1184 1082 1246 ταῖς
1108 1184 1427 1253 εἰρημέναις
1459 1182 1772 1253 ἔμπροσθεν

206 1266 423 1334 ἐφόδοις
448 1268 954 1339 έγγυμνασάμενος,
978 1270 1077 1341 τὴν
1114 1270 1213 1340 τῆς
1234 1270 1521 1341 ἀκριϐείας
1542 1270 1772 1340 βάσανον

205 1356 487 1410 κάνταῦθα
522 1357 754 1425 καθιεὶς,
800 1360 861 1413 οὐ
891 1358 1143 1431 χαλεπῶς
1184 1377 1245 1415 τε
1271 1360 1334 1414 τὸ
1362 1362 1771 1431 συγκεχυμένον

202 1447 493 1518 διακρινεῖ,
520 1448 616 1501 καὶ
647 1449 708 1501 τὸ
749 1450 1216 1520 περιτρεπόμενον
1248 1444 1352 1504 ὧδε
1382 1453 1607 1504 κακεῖσε
1635 1450 1771 1519 πρὸς

204 1534 311 1603 τὴν
363 1536 461 1603 τῆς
502 1537 759 1606 ἀληθείας
789 1538 1007 1608 έδράσει
1055 1540 1367 1608 διάγνωσιν.
1408 1539 1617 1593 Λύτίκα
1655 1539 1771 1602 πῶς

199 1627 307 1678 οὐκ
336 1627 544 1681 έκεῖθεν
569 1629 711 1698 πρὸς
737 1628 957 1699 ἔλεγχον
981 1631 1164 1700 ῥᾴδιον
1187 1630 1217 1685 δ
1241 1631 1301 1686 τὸ
1328 1631 1437 1685 τῶν
1458 1632 1769 1703 Ἀνθρωπο-

202 1716 494 1785 μορφιτῶν
538 1718 692 1785 γένος
745 1721 1219 1791 ἀπεϐουκόλησεν;
1254 1722 1537 1793 Ἀφορμάς
1582 1722 1691 1792 γάρ
1741 1722 1771 1773 ό

198 1804 390 1858 λαϐὼν
426 1805 525 1869 τάς
569 1808 627 1860 έν
673 1811 785 1872 τοῖς
823 1810 1087 1873 τοιούτοις
1125 1812 1387 1883 διαφοράς
1421 1814 1584 1865 ἰπισκ
1622 1814 1763 1874 πεῖν,

1872 641 1952 693 tio
1974 653 2081 693 non
2114 638 2171 693 in
2199 638 2284 693 his
2306 637 2480 693 solum
2518 638 2800 693 utilitatem
2830 655 2987 694 suam
3020 640 3443 711 circumscribit,

1874 728 1965 783 sed
2015 742 2243 799 magnas
2268 729 2413 783 vires
2453 728 2725 797 roburque
2745 728 2897 784 addit
2921 730 2988 784 ad
3030 733 3311 786 veritatem
3340 733 3444 788 eli-

1873 818 2120 872 ciendam
2155 818 2703 890 discernendamque,
2741 831 2794 874 et
2822 821 2888 874 ad
2920 832 3114 875 cetera
3145 822 3440 891 ejusmodi.

1872 907 2007 961 Nam
2058 924 2396 980 quaecunque
2442 911 2514 964 ob
2541 911 2948 966 translationem
2976 912 3315 968 locutionum
3344 923 3443 969 aut

1871 1002 2160 1056 verborum
2222 1014 2314 1058 aut
2367 1004 2672 1071 nominum,
2720 1014 2814 1059 ant
2842 1006 2912 1060 ob
2951 1007 3140 1061 horum
3168 1009 3440 1064 defectum

1870 1106 1935 1147 ac
1959 1094 2393 1159 subductionem,
2415 1095 2499 1150 vel
2520 1097 2929 1151 conversionem
2955 1113 3019 1153 ac
3045 1102 3442 1169 metaphoram,

1873 1181 2180 1251 ambiguam
2212 1193 2648 1254 pugnantemque
2689 1187 3015 1241 sententiam
3058 1187 3285 1251 faciunt,
3320 1193 3438 1244 haec

1872 1268 1963 1325 ille
2009 1270 2061 1325 in
2094 1273 2367 1337 praedictis
2394 1275 2754 1330 solutionibus
2793 1276 3088 1338 exercitus,
3110 1279 3442 1347 exploratio-

1872 1360 1956 1413 nis
2010 1363 2262 1417 acumine
2302 1364 2408 1418 huc
2450 1366 2731 1428 translato,
2773 1366 2916 1420 haud
2939 1383 3079 1436 agre
3123 1381 3177 1423 et
3207 1368 3439 1424 confusa

1870 1447 2163 1513 discernet,
2194 1461 2249 1507 et
2285 1469 2398 1509 rent
2428 1454 2574 1508 ultro
2618 1457 2870 1524 citroque
2901 1456 3184 1524 iactatam,
3219 1460 3272 1513 in
3303 1460 3445 1514 veri-

1872 1542 1998 1595 tatis
2027 1542 2233 1596 lumine
2251 1544 2615 1600 constabiliet.
2645 1543 2838 1599 Nonne
2877 1546 3005 1600 hinc
3040 1548 3249 1604 scilicet
3284 1548 3444 1605 facile

1868 1637 1949 1683 est
1987 1644 2284 1701 coarguere
2328 1632 2383 1687 id
2447 1633 2594 1702 quod
2650 1634 3214 1703 anthropomorphitis
3256 1637 3441 1693 fucum

1870 1714 2029 1770 fecit?
2064 1716 2257 1773 Noster
2280 1720 2425 1774 enim
2455 1720 2679 1776 criticus
2707 1720 3018 1778 facultatem
3044 1724 3271 1795 adeptus
3294 1727 3445 1783 diffe-

1872 1806 2075 1863 rentias
2126 1810 2447 1864 observandi
2474 1826 2596 1880 quae
2644 1813 2697 1866 in
2741 1812 2825 1867 his
2850 1814 3018 1883 tropis
3042 1829 3351 1884 occurrunt,
3387 1827 3443 1874 et

198 1899 304 1967 τὴν
331 1897 389 1950 δὲ
415 1897 674 1969 σύγχυσιν
707 1901 906 1972 πολλὴν
930 1902 1030 1974 τὴν
1059 1875 1268 1974 πλάνην
1288 1875 1643 1976 έργάζεσθαι,
1680 1907 1769 1959 εύ-

1873 1898 2017 1965 quod
2050 1898 2300 1954 confusio
2334 1903 2534 1956 multos
2555 1917 2771 1958 errores
2806 1906 2969 1972 parit,
3005 1910 3188 1961 statim
3228 1912 3442 1965 noverit

198 1988 303 2051 θὺς
334 1991 551 2058 ἐπέγνω
590 1992 682 2045 καὶ
713 1992 1065 2057 διεστείλατο.
1093 1995 1259 2066 ἀλλην
1290 1997 1388 2066 μιν
1408 1997 1602 2068 χρῆσιν
1627 1997 1771 2067 έχειν

196 2079 272 2129 τά
296 2078 437 2131 κατά
465 2080 798 2150 μεταφορὰν.
822 2081 993 2151 ἄλλην
1018 2083 1077 2136 δι
1104 2083 1201 2152 τὴν
1230 2083 1330 2153 τῆς
1358 2084 1558 2150 λέξεως
1582 2085 1772 2156 κυριόο

196 2185 363 2236 τητα.
408 2164 508 2221 Ὧν
532 2170 687 2223 οὐδὲν
715 2171 807 2224 ἐπὶ
838 2171 965 2226 νοῦν
985 2173 1055 2227 τά
1084 2175 1339 2244 αίρετικά
1364 2174 1597 2228 λαϐόντα
1637 2193 1771 2246 φρο-

195 2260 466 2329 νήματα,
518 2260 618 2313 ὃσα
662 2261 936 2332 τροπικῶς
984 2265 1077 2317 καὶ
1122 2263 1264 2319 κατά
1314 2266 1625 2337 μεταφορὰν
1677 2267 1772 2318 επὶ

196 2348 341 2401 Θεοῦ
380 2348 617 2419 εἴρηται,
640 2349 849 2420 τροπῆς
884 2352 980 2405 καί
1008 2353 1285 2423 ἀτρέπτου
1322 2354 1507 2424 φωνῆς
1542 2355 1605 2409 ού
1644 2354 1768 2425 βου-

194 2441 463 2511 ληθέντες
484 2442 714 2496 συνιδεῖν
737 2444 1049 2514 ἑτερότητα,
1082 2445 1180 2516 τὴν
1210 2445 1387 2517 ἀπλῆν
1406 2448 1500 2500 καὶ
1528 2447 1769 2517 ἄληπτον

196 2532 301 2586 καὶ
349 2533 757 2602 ἀσχημάτιστον
785 2534 976 2587 οὐσίαν
1005 2535 1099 2588 τοῦ
1124 2536 1283 2602 Θεοῦ,
1317 2538 1399 2590 ὅτι
1447 2540 1638 2608 χεῖρας
1675 2541 1769 2592 καὶ

200 2621 372 2684 πόδας
404 2623 497 2676 καὶ
514 2622 825 2693 ὀφθαλμοὺς
851 2626 944 2677 καὶ
967 2624 1323 2695 όσφραίνεθαι
1352 2628 1448 2680 καὶ
1477 2628 1652 2696 στόμα
1675 2628 1770 2681 καὶ

194 2711 399 2781 λόγους
449 2714 713 2784 ἤκουσαν,
762 2716 1290 2785 όμοιοσχημάτιστον
1336 2721 1467 2789 ἡμῖν
1499 2719 1560 2773 τὸ
1614 2720 1769 2774 Θεῑον

193 2804 482 2867 δυσσεϐῶς
510 2821 570 2857 τε
594 2805 688 2857 καί
710 2806 985 2870 ἀσυνέτως
1010 2807 1335 2864 έπλάσαντο.

273 2970 371 3025 λε’.
405 2969 561 3026 Οὕτω
581 2973 713 3043 γοῦν
735 2975 829 3030 καὶ
861 2976 915 3029 εἰ
941 2994 991 3031 τι
1022 2977 1151 3033 ἀλλο
1176 2979 1286 3032 τῶν
1311 2982 1469 3053 ἰερῶν
1499 2984 1769 3056 Γραμμά-

194 3082 311 3118 των
354 3065 384 3116 ὁ
426 3065 713 3135 αἰρετίζων
754 3066 786 3137 ἦ
828 3069 857 3120 ό
892 3068 1191 3136 φιλόνεικος
1219 3072 1473 3141 ἀρπάσας
1515 3077 1770 3147 λογισμὸς

195 3153 343 3221 πρὸς
378 3152 694 3205 δυσσέϐειαν
741 3154 773 3222 ἢ
805 3156 1038 3223 ἀπορίαν
1070 3158 1293 3212 έλκῦσαι
1319 3162 1763 3235 φιλονεικήσειεν,

1871 1997 2033 2057 atque
2062 1990 2375 2061 distinguet,
2402 1993 2569 2048 alium
2608 2009 2727 2049 esse
2754 2011 2915 2051 usum
2941 2013 3134 2053 eorum
3158 2015 3278 2069 quze
3306 2016 3433 2056 cum

1871 2078 2182 2146 metaphora
2214 2080 2488 2147 dicuntur,
2547 2083 2713 2137 alium
2747 2100 2937 2139 eorum
2984 2101 3105 2155 qua:
3138 2090 3437 2143 secundum

1869 2166 2124 2222 dictionis
2153 2172 2534 2239 proprietatem
2570 2192 2581 2228 :
2622 2190 2852 2244 quorum
2887 2192 3010 2231 cum
3052 2178 3186 2232 nihil
3223 2180 3439 2235 haereti-

1869 2256 1949 2310 cis
1977 2257 2031 2311 in
2081 2269 2316 2315 mentem
2352 2264 2609 2329 venisset,
2664 2265 2716 2318 hi
2760 2281 3103 2337 quascunque
3130 2283 3253 2323 cum
3279 2280 3438 2341 tropo

1871 2358 1934 2399 ac
1953 2347 2266 2413 metaphora
2292 2348 2359 2403 de
2391 2348 2500 2404 Deo
2532 2351 2808 2417 dicuntur,
2861 2369 2985 2408 cum
3045 2357 3249 2413 nollent
3292 2360 3436 2427 tropi

1869 2449 1963 2492 aut
1982 2437 2277 2495 immutatae
2299 2441 2449 2495 vocis
2478 2457 2775 2512 agnoscere
2799 2443 3206 2512 diversitatem;
3234 2450 3443 2520 simpli-

1869 2544 1985 2583 cem
2015 2538 2071 2584 et
2098 2531 2695 2602 incomprehensibilem
2727 2546 2777 2589 et
2810 2535 2928 2590 sine
2961 2536 3133 2608 ﬁgura
3177 2541 3437 2596 substano

1871 2619 1998 2673 tiam
2046 2620 2163 2687 Dei,
2222 2624 2347 2692 quia
2401 2639 2595 2677 manus
2622 2634 2676 2678 et
2716 2626 2878 2694 pedes
2921 2636 2975 2682 et
3012 2630 3199 2685 oculos
3230 2642 3285 2687 et
3305 2633 3441 2687 olfa-

1870 2715 2014 2761 ctum
2042 2718 2095 2763 et
2119 2724 2179 2764 os
2198 2720 2252 2764 et
2274 2710 2545 2781 loquelam
2582 2712 2947 2779 inaudierant,
2978 2717 3209 2772 similem
3252 2722 3439 2790 ﬁgura

1870 2807 2087 2863 nostrae,
2148 2800 2313 2856 Deum
2371 2803 2579 2859 scilicet
2628 2807 2857 2870 homini,
2901 2808 3165 2879 sacrilege
3204 2819 3258 2865 et
3288 2810 3440 2867 fatue

1868 2889 2263 2946 continuerunt.

1941 2979 2027 3033 35.
2070 2982 2246 3050 Atque
2277 2982 2349 3037 ita
2376 2984 2671 3054 quamlibet
2698 2983 3096 3055 Scripturarum
3155 3004 3435 3045 sacrarum

1870 3082 2075 3142 partem
2112 3072 2347 3127 haeretici
2385 3075 2468 3129 vel
2516 3077 2844 3131 contentiosi
2903 3079 3140 3134 hominis
3187 3081 3429 3135 studium

1873 3162 1939 3217 ad
1977 3164 2221 3218 haeresim
2251 3165 2333 3220 vel
2368 3169 2722 3235 quaestionem
2769 3169 3062 3223 conabitur
3100 3172 3331 3237 trahere,
3388 3174 3433 3227 si

195 3243 251 3293 εἰ
287 3242 389 3310 μὶν
416 3242 537 3295 καθ’
560 3242 619 3296 ῑν
657 3259 711 3295 τι
740 3244 848 3295 τῶν
880 3244 1337 3317 διευκρινημένων
1368 3250 1428 3303 τὸ
1459 3231 1770 3324 κακομήχα-

1874 3252 2168 3307 secundum
2199 3231 2403 3322 aliquid
2434 3270 2499 3309 ex
2527 3265 2650 3309 ante
2676 3257 2970 3326 disputatis
2997 3259 3241 3314 fraudem
3274 3231 3432 3315 suam

195 3348 294 3383 νον
342 3332 571 3395 έπινοεῖ,
624 3332 846 3384 αὐτόθεν
896 3333 1005 3397 Ξξει
1059 3336 1181 3389 καθ’
1224 3338 1414 3391 ἑαυτοῦ
1464 3344 1769 3414 φερομένην

196 3422 451 3489 ἄφυκτον
474 3420 571 3493 τὴν
601 3422 912 3494 ἀνατροπήν
933 3439 947 3453 ο
994 3425 1044 3476 εἰ
1085 3425 1142 3478 δὲ
1172 3428 1294 3481 καθ’
1322 3429 1379 3482 ιν
1408 3446 1459 3483 τι
1492 3432 1601 3486 τῶν
1635 3451 1772 3503 παρ-

197 3512 460 3581 ειμένων,
497 3511 560 3564 ού
593 3511 829 3581 χαλεπὸν
872 3515 936 3567 ἰκ
961 3514 1068 3567 τῶν
1109 3516 1432 3585 φθασάντων
1458 3521 1555 3592 τὴν
1578 3523 1771 3593 ὁμοίαν

198 3603 388 3673 κρίσιν
416 3603 508 3656 καὶ
538 3603 630 3655 ἰπὶ
651 3603 861 3667 τούτοις
890 3604 1213 3671 ἐλκύσαντα,
1242 3610 1355 3673 τοῖς
1382 3611 1587 3680 όμοίοις
1620 3615 1773 3683 ἐλέγε-

197 3708 319 3761 χοις
347 3692 473 3753 τοὺς
502 3690 917 3761 μιμησαμένους
949 3691 1252 3758 ὑποϐαλεῖν,
1287 3690 1367 3758 οἷς
1412 3698 1503 3749 καὶ
1544 3699 1594 3751 οἰ
1642 3718 1772 3771 προ-

197 3780 463 3842 λαϐόντες
495 3780 1002 3854 ἀαρῤαπίσθησαν.
1036 3785 1144 3837 Καὶ
1168 3783 1327 3838 τοῦτό
1358 3786 1473 3841 εστι
1499 3790 1638 3857 μετὰ
1666 3791 1772 3845 τῶν

197 3871 382 3925 ἄλλων
401 3870 430 3923 ό
460 3872 534 3942 μὴ
565 3873 741 3935 πάσας
772 3873 870 3936 τὰς
897 3876 1078 3937 αἰτίας
1117 3876 1423 3940 ἐπεξελθεῖν
1449 3875 1596 3950 ἡμᾶς
1630 3884 1773 3937 κατά

200 3962 374 4033 μέρος
401 3962 502 4015 οὐκ
531 3962 873 4029 έξεϐιάσατο·
903 3964 1026 4018 οὔτε
1057 3968 1164 4037 γάρ
1196 3970 1534 4039 στοιχείωσιν
1568 3974 1771 4028 τούτων

198 4055 534 4119 συναγαγεῖν
578 4054 945 4124 ὑπεσχόμεθα,
973 4056 1096 4109 οὗτε
1144 4058 1478 4130 δυσθήρατός
1523 4066 1670 4118 εστιν
1706 4068 1770 4119 εκ

193 4145 312 4197 τῶν
348 4145 777 4214 προειρημένων,
824 4143 933 4197 τῶν
981 4152 1323 4218 παρειμένων
1366 4150 1632 4224 ήθεωρία
1677 4159 1771 4211 καὶ

194 4234 499 4304 διάκρισις.
534 4236 637 4288 Καὶ
662 4237 743 4289 ὅτι
768 4237 837 4289 τά
859 4236 992 4291 ἄλλα
1023 4241 1119 4309 οὐχ
1153 4240 1341 4312 ὥσπερ
1367 4243 1541 4298 ταῦτα
1579 4250 1771 4301 έπιπο·

193 4326 357 4390 λάξει
386 4326 481 4378 καὶ
514 4329 637 4388 τοὺς
666 4326 891 4391 πολλοὺς
924 4330 1275 4400 ἰπινέμεται·
1313 4334 1407 4388 καὶ
1429 4336 1531 4389 ὅσα
1560 4337 1770 4407 φθάσας

194 4415 363 4476 αὐτὸς
398 4414 730 4486 διηπόρησας
772 4417 912 4471 κατά
949 4435 1013 4487 γε
1041 4422 1141 4491 τὴν
1174 4421 1268 4475 νῦν
1300 4424 1395 4477 καὶ
1423 4428 1523 4497 τὴν
1563 4430 1766 4500 προλα-

1872 3343 2333 3406 comminiscatur,
2366 3346 2553 3400 statim
2590 3346 2717 3400 hinc
2750 3348 2970 3403 habebit
3002 3360 3191 3405 contra
3228 3367 3286 3407 se
3315 3353 3435 3407 ine-

1870 3432 2144 3487 vitabilem
2184 3434 2589 3493 refutationem.
2634 3435 2730 3490 Sin
2791 3453 2921 3493 vero
2974 3441 3271 3496 secundum
3329 3444 3435 3497 ali-

1871 3522 1997 3591 quid
2030 3524 2547 3591 przetermissorum,
2591 3525 2732 3581 haud
2772 3526 2990 3584 dilIicile
3025 3530 3130 3585 erit
3180 3546 3245 3585 cx
3306 3543 3435 3587 ante

1872 3609 2032 3664 dictis
2056 3626 2152 3680 par
2178 3611 2441 3680 judicium
2472 3613 2540 3667 de
2570 3631 2627 3669 re
2663 3619 2918 3687 praesenti
2950 3634 3226 3683 exercere.
3269 3634 3435 3693 atque

1872 3700 2169 3755 imitatores
2193 3703 2307 3771 pari
2334 3718 2532 3774 genere
2554 3717 2998 3777 argumentorum
3025 3710 3290 3780 refellere,
3319 3730 3431 3784 quo

1872 3796 2183 3863 superiores
2208 3798 2283 3851 illi
2312 3800 2729 3869 vapulaverunt.
2760 3800 2841 3857 Ob
2864 3804 3005 3860 hanc
3036 3806 3278 3877 aliasque
3304 3824 3433 3863 cau-

1871 3901 1961 3940 sas
1992 3886 2131 3941 haud
2158 3897 2353 3943 cuncta
2385 3890 2664 3959 sigillatim
2693 3892 2856 3946 dubia
2884 3897 3189 3963 percenseri
3216 3912 3245 3950 a
3278 3899 3433 3953 nobis

1871 3988 2096 4027 necesse
2150 3973 2494 4045 fuit:neque
2548 3979 2689 4033 enim
2727 3979 2921 4034 horum
2975 3984 3278 4054 catalogum
3342 4002 3431 4041 co-

1870 4077 2126 4118 acervare
2154 4066 2542 4134 promisimus;
2578 4084 2753 4137 neque
2793 4072 2961 4125 ardua
2992 4081 3096 4138 est,
3143 4087 3262 4142 post
3292 4091 3431 4144 pne-

1869 4152 2032 4214 dicta,
2063 4156 2551 4223 prastermissorum
2596 4159 2839 4228 cognitio
2862 4170 2915 4214 et
2940 4161 3200 4218 discretio
3240 4182 3252 4217 :
3291 4179 3430 4232 pra:-

1870 4247 2057 4300 sertim
2089 4248 2212 4317 quia
2242 4259 2434 4303 czctera
2476 4265 2582 4304 non
2630 4259 2787 4316 tam,’
2828 4263 2886 4307 ut
2936 4254 3071 4320 haec,
3124 4254 3429 4325 frequentia

1870 4345 2015 4398 sunt,
2047 4353 2219 4407 neque
2264 4346 2377 4393 tam
2424 4342 2625 4396 multos
2675 4354 2964 4414 occupant.
3010 4346 3179 4416 igitur
3211 4349 3321 4409 illa.
3364 4351 3430 4404 de

1868 4427 2067 4497 quibus
2130 4445 2301 4499 nuper
2351 4432 2685 4501 ambigebas,
2741 4438 3041 4490 secundum
3109 4450 3429 4504 praesentem

194 4504 406 4557 ϐοῦσαν
459 4503 704 4569 ἀξίωσιν,
739 4508 1025 4579 αὐτάρκως
1063 4512 1124 4564 τὸ
1172 4513 1341 4582 σαφές
1388 4517 1483 4569 καὶ
1529 4517 1627 4590 τὴν
1668 4521 1765 4591 τῆς

1870 4519 2213 4587 prioremque
2240 4521 2683 4588 postulationem,
2734 4527 2869 4578 satis
2911 4503 3255 4583 manifestam
3304 4545 3428 4599 pcr-

194 4594 441 4664 ἀπορίας
469 4594 624 4647 λύσιν
656 4597 933 4666 εἰλήφασι.

270 4683 383 4749 λς’.
418 4685 563 4753 Πλὴν
603 4685 655 4737 εί
686 4686 768 4747 τίς
797 4703 861 4754 γε
893 4689 987 4741 καὶ
1011 4688 1168 4743 τοῦτο
1197 4690 1306 4745 τῶν
1334 4692 1769 4761 ἑπιπολαζόντων

197 4776 323 4845 θείη
344 4775 483 4847 (ἔστι
513 4775 621 4845 γάρ
639 4780 749 4839 τοῖς
786 4794 845 4831 τε
862 4778 1041 4843 ἀλλοις
1062 4784 1357 4852 αἰρετικοῖς
1376 4786 1595 4853 καὶτοῖς
1622 4791 1766 4844 εἰκο-

200 4868 468 4935 νομάχοις
509 4866 653 4935 μέγα
707 4868 1043 4937 κσταφύγιον
1068 4887 1082 4902 ο
1121 4874 1408 4928 καθολικδν
1444 4877 1551 4947 γάρ
1601 4880 1769 4935 τύπον

195 4955 467 5017 πολλάκις
500 4957 534 5027 ὴ
572 4957 693 5026 ἰερά
734 4959 885 5029 φωνὴ
925 4962 1353 5031 σχηματίζουσα,
1383 4964 1444 5018 ού
1477 4967 1769 5041 καθολικὴν

195 5046 431 5096 ἀπαιτεῖ
452 5044 550 5113 τὴν
571 5045 775 5098 ἔννοιαν
806 5047 1264 5117 ὲκλαμϐἀνεσθαι,
1294 5054 1371 5115 εἰς
1399 5054 1677 5130 ὡρισμένα
1708 5060 1765 5112 δέ

194 5152 328 5188 τινα
355 5135 449 5187 καὶ
478 5136 885 5207 προειλημμένα
912 5140 1217 5208 συνάγουσα
1248 5144 1343 5214 τὴν
1372 5144 1641 5218 διήγησιν,
1674 5169 1767 5221 με.

198 5226 368 5297 ρικήν
401 5225 726 5279 ινδείκνυται
761 5227 856 5299 τὴν
887 5229 1204 5299 ἀπόφασιν),
1240 5232 1479 5288 τοιοῦτόν
1524 5242 1639 5292 ἐστι
1684 5242 1765 5306 τὸ,

204 5335 224 5366 ε
258 5315 470 5378 Πάντες
500 5315 612 5368 ὅσοι
639 5316 743 5386 πρὸ
773 5317 907 5387 ἐμοῦ
934 5314 1118 5390 ἦλθον,
1147 5322 1375 5379 κλέπται
1409 5327 1513 5381 είσί
1544 5331 1637 5383 καὶ
1670 5331 1767 5403 λῃ-

196 5402 349 5457 σταί.
388 5422 408 5455 ι
450 5403 836 5461 ’Υποϐάλλουσι
877 5409 984 5480 γάρ
1028 5412 1105 5482 τῷ
1143 5414 1413 5486 καθολικῷ
1459 5402 1767 5493 χαρακτῆρι

192 5497 305 5564 τῆς
336 5497 520 5566 φωνῆς
552 5499 602 5551 οἰ
639 5500 747 5553 ἀπὸ
770 5501 1095 5573 Μαρκίωνος
1122 5508 1215 5561 καί
1237 5508 1337 5578 τῆς
1365 5511 1603 5578 γείτονος
1629 5532 1769 5585 φραο

192 5589 382 5659 τριάς,
418 5590 617 5644 Μωσέα
649 5609 708 5645 τε
747 5594 839 5647 καὶ
875 5596 1000 5660 τοὺς
1028 5597 1219 5664 ἀλλους
1258 5602 1351 5655 τοῦ
1384 5602 1517 5657 Θεοῦ
1558 5609 1769 5679 προφή-

193 5696 326 5745 τας,
361 5679 459 5751 τὴν
495 5681 736 5738 Παλαιὰν
767 5686 1040 5759 Διαθήκην
1078 5692 1347 5759 συσκευῂν
1389 5689 1527 5749 εῖναι
1564 5696 1767 5769 δυσφη-

268 5837 312 5868 ⁷¹
348 5834 505 5892 Joan.
539 5855 592 5905 ι,
629 5840 682 5893 8.

1869 4607 2138 4677 plexitatis
2168 4623 2277 4663 suae
2308 4611 2633 4665 solutionem
2670 4616 3115 4682 impetraverunt.

1939 4696 2025 4750 36.
2058 4695 2198 4762 Quid
2231 4714 2395 4767 porro
2420 4702 2464 4755 si
2500 4701 2624 4770 quis
2673 4702 2814 4757 hanc
2854 4706 3015 4760 ctiam
3051 4722 3082 4762 e
3117 4711 3428 4779 vulgaribus

1867 4789 2261 4856 quaestionibus
2294 4793 2557 4859 poneret?
2588 4810 2711 4864 quae
2746 4797 2962 4865 quidem
3000 4808 3113 4853 tum
3155 4802 3275 4856 aliis
3317 4802 3425 4857 hae-

1867 4879 2047 4934 reticis
2071 4889 2184 4935 tum
2210 4882 2507 4952 imaginum
2531 4889 3001 4957 oppugnatoribus
3028 4905 3277 4959 magnum
3307 4908 3425 4961 per-

1869 4971 2073 5039 fugium
2097 4983 2202 5027 est.
2228 4972 2499 5031 Nimirum
2529 4978 2891 5035 universalem
2920 4996 3293 5051 saepenumero
3320 4983 3420 5039 for-

1869 5075 2008 5114 tnam
2051 5078 2219 5117 sacra
2264 5063 2483 5121 Littera:
2528 5068 2841 5137 figuranles,
2887 5071 3033 5125 haud
3066 5072 3423 5127 universalem

1867 5154 2187 5207 sententiam
2214 5156 2315 5209 sibi
2344 5158 2508 5211 tribui
2530 5161 2837 5227 postulant;
2872 5163 2964 5216 sed
2994 5162 3133 5216 intra
3166 5164 3425 5219 terminos

1867 5245 2153 5314 quosdam,
2185 5247 2275 5315 qui
2318 5249 2431 5318 jam
2466 5253 2781 5323 prasumpti
2828 5252 3070 5319 fuerunt,
3118 5256 3424 5310 orationem

1868 5351 2020 5390 suam
2059 5350 2416 5407 coarctantes,
2466 5344 2778 5411 purtiariam
2834 5346 3063 5400 efferunt
3117 5346 3421 5402 allirmatio-

1867 5441 2009 5481 nem.
2044 5426 2358 5498 Hujusmotli
2392 5443 2477 5488 est
2509 5452 2521 5486 :
2555 5452 2574 5484 ι
2608 5435 2809 5490 Omnes
2856 5448 3124 5508 quotquot
3175 5448 3299 5492 ante
3340 5455 3421 5495 me

1868 5527 2149 5581 venerunt,
2182 5517 2329 5574 fures
2382 5520 2728 5593 latronesque
2752 5522 2997 5578 fuere".
3038 5543 3057 5576 ι
3094 5524 3146 5578 In
3190 5528 3289 5581 hoc
3329 5542 3420 5596 ge-

1869 5604 2035 5657 nerali
2066 5606 2322 5662 dictionis
2351 5609 2664 5666 charactere
2701 5613 3033 5667 concludunt
3069 5614 3419 5681 Marcionitm,

1865 5704 1918 5752 et
1942 5697 2185 5767 proxima
2210 5710 2381 5766 secta,
2423 5700 2608 5758 Mosen
2652 5703 2829 5774 ipsum
2871 5704 3113 5776 aliosque
3162 5704 3254 5761 Dei
3296 5721 3418 5775 pro-
