4198 6440
786 438 858 502 95
1312 499 1315 501 ,
1946 435 2206 496 ΡΠΟΤΙΙ
2243 435 2373 495 ΡΛἹ

2476 435 2748 496 ΑΒΟΗᾸΞ
2783 437 2892 498 CP.
3986 442 4056 506 96

792 549 983 619 phetas
1024 562 1039 601 :
1080 551 1243 615 atque
1271 545 1344 598 ita
1383 543 1550 600 V'etns
1577 545 1988 601 Testamentum
2041 546 2167 601 mali
2216 547 2359 616 genii

2474 545 2692 615 μοῦντες
2717 547 2812 599 τοῦ
2845 546 3090 618 Πονηροῦ
3111 564 3124 578 ⁸
3156 549 3334 602 καίτοι
3365 565 3432 618 γε
3467 550 3529 604 οὐ
3552 553 3674 605 κατ’
3700 550 3957 618 ἐκείνων,
3979 553 4056 615 ὡς

788 641 993 696 malum
1041 653 1179 709 opus
1215 652 1337 692 esse
1380 639 1811 693 calumniantur.
1869 639 2034 707 Atqui
2087 653 2152 694 ea
2201 641 2362 693 verba

792 747 900 784 nun
927 729 1187 783 adversus
1219 727 1319 781 hos
1352 737 1569 781 constat
1606 740 1730 783 esse
1764 729 1992 798 prolata,
2035 729 2127 783 sed
2176 737 2364 784 contra

793 821 917 875 illos
943 821 1034 888 qui
1065 821 1225 889 paulo
1267 828 1394 874 ante
1447 821 1662 875 Domini
1704 821 2000 876 adventum
2049 822 2365 891 deceptores

790 922 844 966 et
886 911 1032 981 plani
1067 911 1418 966 exstiterunt.
1445 911 1577 966 Nam
1608 914 1653 967 si
1689 913 1814 982 quis
1875 913 2128 982 opinetur
2174 921 2362 967 contra

791 1007 1072 1059 daemonas
1127 1006 1271 1058 hanc
1315 1005 1518 1073 jactam
1559 1020 1682 1059 esse
1732 1006 2068 1060 Dominicam
2133 1005 2366 1058 locutio-

792 1110 941 1156 nctn,
995 1093 1206 1147 etiamsi
1259 1093 1311 1146 id
1362 1096 1430 1147 ad
1489 1096 1818 1164 sacrilegum
1879 1093 2368 1162 nullunrimpellit

793 1202 1045 1252 sensum;
1083 1196 1136 1240 et
1175 1188 1219 1240 si
1244 1203 1398 1256 teque
1428 1189 1734 1256 praesumit,
1787 1187 1932 1245 haud
1979 1202 2195 1256 semper
2248 1187 2368 1240 uni-

791 1274 1000 1328 versale
1023 1275 1274 1328 dictionis
1311 1275 1533 1328 schema
1577 1276 1886 1344 generalem
1915 1276 2020 1331 sibi
2040 1278 2366 1330 sententiam

791 1365 1104 1430 vindicare;
1138 1366 1497 1420 nihilominus
1536 1367 1872 1436 exquisitior
1921 1367 2219 1432 subtilitas,
2274 1382 2369 1420 ne-

792 1471 900 1524 que
932 1457 1068 1510 satis
1097 1457 1415 1526 evangelico
1447 1459 1636 1512 sensui
1689 1474 2022 1528 congruens,
2069 1458 2365 1513 secundum

793 1546 924 1600 huic
947 1548 1188 1614 opinioni
1214 1557 1338 1614 post
1360 1549 1675 1615 prmdictam
1717 1549 1866 1602 illam
1913 1550 2098 1604 locum
2134 1549 2249 1603 dat.
2282 1548 2368 1602 ln-

794 1640 954 1693 terim
991 1650 1171 1694 tamen
1201 1655 1408 1695 vesana
1439 1649 1493 1694 et
1535 1642 1804 1712 sacrilega
1837 1643 2078 1698 hostium
2129 1643 2222 1697 Dei
2273 1657 2371 1696 au-

791 1731 971 1793 dacia,
1009 1733 1136 1786 dum
1189 1731 1384 1787 forma:
1423 1734 1753 1790 universalis
1803 1735 2057 1790 dictionis
2105 1737 2368 1800 adhzeret.

793 1820 1018 1877 sceleris
1046 1822 1130 1878 sui
1162 1829 1409 1878 tutamen
1445 1821 1500 1877 in
1534 1822 1838 1880 Dominicis
1861 1824 2037 1880 eﬂatia
2081 1826 2284 1881 habere
2313 1842 2372 1883 se

793 1919 974 1979 putat.

862 2000 953 2055 37.
989 2001 1124 2055 Illud
1159 2016 1380 2071 quoque
1405 2001 1585 2057 simile
1611 2012 1695 2059 est
1747 2023 1766 2056 ι
1803 2006 2000 2061 Omnia
2053 2023 2147 2077 per
2188 2009 2366 2077 ipsum

795 2089 937 2145 facta
968 2101 1094 2147 sunt
1134 2111 1148 2146 :
1188 2111 1206 2144 ι
1235 2096 1382 2161 quod
1414 2109 1570 2164 aeque
1598 2099 1777 2151 sancti
1811 2097 2048 2168 Spiritus
2082 2114 2368 2170 oppugna-

797 2183 1011 2236 toribus
1059 2194 1442 2252 argumentum
1491 2186 1710 2240 errandi
1761 2196 1864 2244 est.
1917 2189 2056 2244 Dum
2108 2192 2253 2244 enim
2301 2192 2371 2246 ob

794 2273 1106 2328 universale
1142 2273 1401 2328 dictionis
1429 2291 1620 2344 genus,
1654 2281 2066 2335 sanctissimum
2102 2282 2369 2353 Spiritum

795 2381 826 2419 a
873 2377 1252 2420 creaturarum
1301 2368 1651 2423 universitate
1697 2387 1803 2425 non
1858 2383 2135 2442 separant,
2193 2376 2370 2444 ipsum

794 2454 1194 2521 blasphemant.
1234 2454 1499 2511 Sescenta
1525 2459 1627 2513 alia
1670 2475 1840 2515 sacrm
1885 2462 2105 2520 Littera:
2150 2469 2373 2522 univcr-

795 2545 894 2600 sali
927 2546 1204 2600 schemate
1238 2546 1491 2613 ell'erunt,
1524 2552 1727 2618 quibus
1781 2562 1960 2608 tamen
2006 2557 2223 2610 nonnisi
2251 2573 2373 2626 par-

795 2638 1016 2691 tiariuin
1049 2637 1407 2708 signiﬁcatum
1451 2641 1720 2700 tribuunt.
1784 2644 1966 2699 Veluti
2018 2664 2031 2699 :
2079 2665 2097 2697 ε
2145 2645 2374 2703 Vanitas

795 2729 1125 2791 vanitatum.
1170 2737 1225 2783 et
1263 2732 1448 2784 omnia
1499 2734 1714 2790 vanitas
1744 2736 1793 2767 "
1828 2752 1843 2790 :
1878 2756 1898 2790 ι
1935 2753 2112 2807 neque
2170 2740 2375 2795 idcirco

793 2829 889 2871 aut
924 2820 1098 2873 virtus
1133 2829 1225 2874 aut
1254 2822 1516 2889 sapientia
1543 2833 1637 2878 aut
1665 2825 1857 2897 religio
1893 2828 1944 2881 in
1983 2843 2245 2883 ranarum
2274 2847 2375 2882 nu-

795 2926 951 2964 mero
987 2925 1167 2964 rerum
1210 2921 1359 2966 sunt.
1405 2913 1544 2967 Tum
1591 2916 1722 2971 illud
1760 2935 1774 2971 :
1811 2937 1830 2968 ι
1893 2918 2094 2974 Omnes
2139 2921 2375 2975 declina-

796 3011 1011 3067 verunt,
1051 3002 1212 3056 simul
1242 3003 1462 3058 inutiles
1495 3004 1622 3059 facti
1650 3018 1781 3061 sunt
1805 3009 1883 3076 7';
1925 3028 1944 3061 ι
1979 3024 2158 3080 neque
2191 3020 2372 3066 tamen

792 3090 1069 3157 ejusmodi
1096 3103 1252 3145 erant
1281 3093 1317 3146 ii
1353 3109 1493 3162 quos
1527 3093 1671 3151 Deus
1718 3098 1772 3151 itt
1835 3100 2067 3170 singulis
2127 3103 2375 3156 aetatibus

797 3183 1052 3236 vitiorum
1116 3193 1170 3237 et
1213 3185 1522 3238 dmnonum
1568 3196 1624 3240 et
1675 3197 2031 3258 tyrannorum
2082 3188 2211 3245 fecit
2255 3207 2378 3246 esse

2464 637 2646 706 δῆλον,
2676 639 2904 710 tamen,
2940 639 3054 692 ἀλλ’
3078 639 3172 702 οὓς
3199 645 3227 694 ὁ
3258 641 3440 711 μικρῷ
3469 642 3707 714 πρόσθεν
3727 643 3922 714 χρόνος
3955 642 4056 712 τῆς

2467 733 2806 802 Δεσποτικῆς
2842 733 3171 805 παρουσίας,
3195 736 3521 799 ἀπατεῶνας
3549 739 3644 790 καὶ
3673 737 3918 799 πλάνους
3946 739 4057 790 άπ-

2467 823 2660 887 ἐδειξε.
2697 827 2768 876 Τὸ
2821 825 2928 894 γάρ
2963 827 3042 889 εἰς
3089 827 3215 889 τοὺς
3262 825 3522 895 δαίμονας
3566 827 3903 898 ὑπειλῆφθαι
3957 827 4058 894 τὴν

2468 916 2803 984 Δεσποτικὴν
2835 917 3042 987 ταύτην
3067 917 3403 987 ἀπερῤίφθαι
3440 920 3644 990 φωνὴν,
3678 919 3783 972 κᾶν
3813 922 3895 982 εἰς
3927 918 4060 972 ἀσεο

2474 1002 2738 1072 δημάτων
2772 1006 2872 1057 οὐκ
2901 1006 2968 1058 ἂν
3009 1007 3119 1076 ἥκῃ
3172 1005 3451 1074 λογισμὸν,
3483 1005 3584 1059 κᾶν
3631 1006 3835 1077 ὁμοίως
3881 1010 4056 1077 φρονῇ

2473 1091 2546 1162 μὴ
2578 1095 2809 1146 πάντοτε
2834 1095 2894 1148 τὸ
2923 1095 3209 1150 καθολικὸν
3239 1097 3424 1166 σχῆμα
3459 1097 3559 1167 τῆς
3581 1100 3763 1167 φωνῆς
3790 1098 3886 1150 καὶ
3921 1097 4059 1151 καθ-

2468 1185 2654 1253 ολικὴν
2682 1186 2908 1240 ἐννοιαν
2953 1190 3223 1252 ἀπαιτεῖν,
3258 1188 3373 1241 ἀλλ’
3415 1185 3508 1242 οὖν
3537 1189 3599 1240 τὸ
3633 1190 4060 1259 περιεργότερον

2470 1277 2564 1330 καὶ
2605 1275 2679 1345 μὴ
2711 1278 2811 1346 τῆς
2836 1279 3198 1349 εὐαηελικῆς
3230 1279 3536 1349 βουλήσεως
3565 1282 3693 1351 περὶ
3724 1280 3864 1332 πόδα
3890 1274 4058 1342 εἶναι,

2468 1367 2726 1439 δευτέραν
2749 1368 2896 1438 αύτῷ
2919 1369 3101 1423 δίδωσι
3124 1369 3220 1423 τοῦ
3246 1372 3650 1441 προειρημένου
3674 1372 3828 1437 τάξιν
3848 1371 4058 1426 λαϐεῖν’

2471 1460 2612 1530 πλὴν
2637 1476 2699 1527 γε
2728 1461 2789 1513 τὸ
2814 1461 3072 1515 ἀσύνετον
3103 1462 3197 1515 καὶ
3219 1461 3480 1524 δυσσεϐὲς
3505 1462 3614 1515 τῶν
3639 1461 4060 1534 θεομαχούντων

2471 1549 2668 1620 θράσος
2701 1549 2780 1619 τῷ
2810 1551 2968 1623 τύπῳ
3009 1555 3111 1623 τῆς
3141 1552 3436 1622 καθολικῆς
3474 1554 3912 1623 προσανέχοντες
3945 1571 4058 1621 φωο

2472 1638 2589 1707 γῆς,
2619 1638 2722 1707 τῆς
2745 1640 2951 1704 οἰκείας
2980 1641 3298 1706 δυσσεϐείας
3325 1640 3677 1713 ἀναχώρησιν
3706 1643 3771 1696 τὰ
3796 1643 4063 1712 Κυριακά

2471 1728 2753 1798 νομίζουσι
2784 1731 2962 1801 λόγια.

2542 1989 2638 2054 λζ’.
2670 1990 2896 2059 Ὀμοιόν
2933 1993 3051 2046 ἐστι
3084 1993 3181 2046 καὶ
3213 1994 3292 2060 τὸ,
3336 2013 3355 2047 t
3396 1995 3583 2049 Πάντα
3623 1995 3692 2048 δι’
3719 1996 3886 2049 αὑτοῦ
3938 1996 4062 2065 ὲγὲ·

2471 2098 2622 2135 νετοο
2663 2101 2681 2134 ι
2733 2086 2830 2137 καὶ
2878 2085 3080 2153 ὁμοίως
3118 2088 3230 2147 τοῖς
3268 2087 3756 2157 Πνευματομάχοις
3811 2088 4049 2158 ὄργανον

2469 2175 2569 2243 τῆς
2605 2173 2813 2244 πλάνης
2852 2173 3237 2230 ὑποϐάλλεται.
3271 2175 3394 2229 Τῶν
3429 2177 3648 2230 πάντων
3673 2178 3783 2247 γάρ
3826 2179 3886 2232 τὸ
3919 2197 4060 2232 παν-

2470 2268 2625 2337 ἀγιον
2648 2268 2871 2338 Πνεῦμα
2893 2270 2983 2322 διὰ
3003 2271 3065 2323 τὸ
3092 2269 3321 2324 καθόλου
3346 2271 3443 2341 τῆς
3472 2274 3657 2342 φωνῆς
3681 2273 3782 2326 οὐκ
3809 2272 4064 2344 ἐξαιρού-

2476 2379 2625 2434 μενοι
2658 2362 2763 2416 τῶν
2794 2364 3117 2430 γεγονότων,
3156 2363 3253 2416 καὶ
3281 2363 3415 2417 αὐτὸ
3437 2364 3912 2436 δεδυσφημήκασι.
3949 2365 4064 2418 Καὶ

2477 2454 2643 2525 μυρία
2696 2453 2740 2506 δ’
2785 2454 2922 2506 ἄλλα
2968 2455 3018 2506 οἰ
3071 2455 3211 2525 ἰεροὶ
3248 2454 3411 2522 Λόγοι
3439 2456 3517 2518 είς
3553 2455 3614 2508 τδ
3644 2455 3766 2510 καθ’
3786 2455 3914 2510 ὅλου
3960 2455 4063 2524 μὲν

2475 2545 2895 2615 σχηματίζουσι,
2931 2545 3312 2617 μερικωτέραν
3339 2546 3397 2598 δὲ
3433 2545 3714 2600 ποιοῦνται
3747 2546 3848 2616 τὴν
3876 2547 4062 2618 δήλω-

2477 2653 2560 2690 σιν
2578 2653 2593 2667 ·
2623 2635 2699 2700 ὼς
2729 2636 2811 2689 τό·
2842 2654 2860 2687 ι
2891 2636 3209 2706 Ματαιότης
3236 2639 3631 2708 ματαιοτήτων,
3658 2637 3724 2690 τὰ
3743 2639 3922 2692 πάντα
3954 2656 4064 2708 μα-

2473 2727 2696 2794 ταιότης
2718 2742 2732 2758 ·
2768 2745 2787 2779 ι
2830 2726 2949 2780 οὐδὲ
2978 2726 3085 2798 γάρ
3105 2727 3212 2780 οὐδ’
3247 2729 3279 2798 ἠ
3314 2728 3482 2800 ἀρετὴ
3507 2728 3616 2781 τῶν
3646 2729 3915 2798 ματαίων,
3952 2730 4062 2782 οὐδ’

2478 2817 2510 2885 ἠ
2548 2815 2733 2882 σοφία,
2760 2815 2870 2868 οὐδ’
2906 2816 2938 2885 ἡ
2981 2815 3256 2869 εὐσέϐεια.
3296 2818 3424 2879 Καὶ,
3463 2835 3481 2867 ι
3509 2818 3716 2881 Πάντες
3751 2817 4060 2884 ἐξέκλιναν,

2477 2904 2594 2970 ἅμα
2617 2902 3022 2973 ἠχρειώθησαν·
3051 2923 3070 2955 ι
3105 2905 3226 2958 οὐδὲ
3250 2906 3357 2976 γὰρ
3382 2905 3492 2958 οὐδ’
3514 2908 3563 2959 οἰ
3595 2909 3746 2978 παρά
3766 2907 3902 2959 Θεοῦ
3937 2906 4063 2961 καθ’

2477 2999 2714 3065 ἑκάστην
2766 3001 2960 3065 γενεὰν
3001 3000 3096 3052 καὶ
3121 3000 3316 3066 γενεὰν
3347 3000 3490 3054 κατὰ
3521 3000 3709 3054 παθῶν
3742 3001 3836 3055 καὶ
3866 3000 4064 3069 δαιμό-

2477 3106 2583 3140 νων
2610 3089 2703 3139 καὶ
2725 3090 3001 3156 τυράννων
3026 3094 3342 3158 στεφανῖται
3366 3089 3706 3160 δεικνύμενοι
3727 3107 3741 3122 ο
3769 3092 3864 3144 καὶ
3886 3090 4062 3144 πολλά

2477 3181 2613 3236 ἄλλα
2645 3181 2868 3235 τοιαῦτα
2903 3184 2994 3236 ἐπὶ
3023 3183 3217 3253 σχολῆς
3241 3183 3306 3237 ἄν
3338 3201 3420 3248 τις
3453 3184 3783 3256 θεωρήσειεν
3812 3200 3829 3216 ο
3869 3186 4064 3255 ἀρκεῖν

799 3273 1058 3328 victores.
1097 3273 1260 3327 Multa
1293 3275 1604 3342 hujusmodi
1638 3277 1763 3332 licet
1807 3281 2004 3349 cuique
2059 3296 2154 3350 per
2203 3282 2373 3336 Otium

2479 3275 2524 3328 δ’
2544 3270 2814 3343 οἶμαικαὶ
2843 3278 2911 3328 τὰ
2948 3277 3408 3347 παρατεθειμένα.
3437 3279 3549 3347 Τῆς
3577 3277 3680 3349 γάρ
3711 3280 4062 3348 εἰκονομαχι-

800 3365 1093 3419 observare
1127 3383 1141 3418 :
1177 3381 1488 3435 quanquam
1520 3368 1654 3421 mihi
1702 3369 1966 3425 hactenus
1994 3371 2141 3426 dicta
2182 3373 2378 3428 viden-

801 3467 889 3510 tur
925 3455 1189 3510 sufﬁcere.
1223 3455 1382 3511 Certe
1411 3465 1464 3511 et
1487 3456 1730 3514 furorem
1763 3463 2196 3531 oppugnantium
2243 3463 2378 3516 ima-

798 3549 976 3618 gincs,
1013 3548 1103 3617 qui
1136 3548 1300 3602 simili
1333 3549 1539 3604 malitia
1581 3553 1916 3622 vesaniaque
1957 3553 2208 3608 laborant
2253 3569 2376 3608 cum

798 3641 923 3694 aliis
946 3640 1109 3694 fatuis
1130 3640 1378 3708 ejusdem
1405 3653 1567 3697 secta:
1587 3644 1865 3709 vcrsutiis,
1889 3644 2152 3715 peculiari
2174 3647 2379 3714 scripto

797 3731 1209 3786 debellavimus.
1233 3730 1465 3802 Jamque
1494 3735 1631 3788 adeo
1660 3737 1806 3802 quod
1840 3738 2024 3791 multa:
2053 3740 2380 3808 quaestiones

798 3838 1055 3880 sermone
1084 3825 1287 3894 praevio
1311 3834 1524 3893 egeant,
1566 3835 1621 3881 et
1653 3829 1799 3897 quod
1847 3838 1954 3884 tua:
2009 3830 2379 3886 dubitationes

798 3912 869 3966 ab
903 3915 1306 3983 antiquioribus
1338 3917 1543 3971 sanctis
1574 3918 1729 3984 viris,
1765 3929 1929 3989 atque
1956 3936 1986 3975 a
2017 3937 2125 3988 me,
2145 3922 2378 3978 ducibus

800 4005 929 4066 illis,
965 4007 1243 4075 dissipatae
1272 4007 1498 4072 fuerint,
1543 4017 1599 4063 et
1639 4009 1782 4079 quod
1835 4012 2104 4082 plurimas
2156 4029 2376 4082 causas,

801 4094 944 4146 unde
970 4095 1102 4147 oriri
1131 4095 1524 4150 controversia:
1559 4096 1754 4162 solent,
1797 4100 2222 4169 percensuerim,
2257 4118 2374 4157 ser-

798 4196 891 4234 lllO
931 4197 1088 4237 meus
1119 4183 1388 4239 hactenus
1427 4187 1843 4242 demonstravit.
1880 4186 2072 4244 Utrum
2101 4206 2230 4245 V8“)
2267 4206 2380 4245 om-

802 4268 891 4319 nia
921 4261 1177 4324 accurate
1206 4272 1747 4339 comprehenderim,
1786 4289 1978 4339 necne,
2014 4276 2158 4331 haud
2187 4275 2379 4332 Hercle

797 4356 1179 4413 amrmaverim
1217 4377 1229 4412 :
1263 4362 1559 4429 caeteroqui
1583 4363 1729 4431 quod
1752 4379 1858 4418 non
1909 4366 2166 4435 pauciora
2190 4377 2378 4437 postu-

801 4446 927 4501 latis
958 4446 1010 4500 in
1039 4449 1277 4503 medium
1311 4449 1554 4514 tulerim,
1580 4451 1630 4504 id
1667 4451 1714 4505 si
1736 4451 1875 4508 forte
1904 4453 2192 4520 aﬂirmem,
2218 4473 2378 4512 nemo

798 4551 907 4600 tne,
941 4536 1128 4606 judice
1161 4540 1407 4603 veritate,
1442 4541 1676 4610 superbe
1706 4543 1856 4613 loqui
1893 4546 2231 4601 causabitur.

1373 4651 1700 4718 QUESTIO
1732 4654 1797 4710 11.

793 4738 989 4818 δίιάίε
1034 4743 1253 4818 septimo
1316 4745 1564 4818 requirvit
1604 4743 1764 4818 Deus_
1797 4745 1889 4818 ab,
1917 4747 2172 4818 universis
2200 4753 2366 4818 operi-

866 4810 960 4880 bu_s
995 4813 1126 4873 suis,
1177 4816 1438 4880 quomodo
1464 4814 1702 4867 salutare
1737 4814 1916 4869 Patris
1950 4816 2171 4870 Verbum
2205 4810 2369 4875 dicit:

869 4897 888 4929 t
913 4878 1074 4933 Pater
1097 4878 1240 4934 metu
1267 4898 1430 4950 usque
1459 4886 1614 4935 modo
1635 4897 1884 4951 operatur
1902 4895 1950 4939 et
1979 4903 2072 4956 ego
2093 4892 2322 4957 operor.’
2346 4911 2365 4944 ι

853 5077 995 5128 Edita
1025 5078 1084 5126 ab
1122 5081 1198 5129 An

791 5140 918 5191 Gen.
942 5155 996 5201 tt,
1031 5142 1062 5188 2
1084 5148 1139 5190 et
1160 5140 1303 5190 δόσει.
1335 5156 1380 5200 v,
1417 5142 1497 5202 17,

869 5246 1115 5312 Quatuor
1142 5249 1390 5305 videmus
1421 5249 1699 5306 Creatoris
1720 5253 2102 5323 operationes;
2141 5271 2374 5327 quarum

795 5339 1018 5409 quidem
1072 5342 1245 5411 prima
1292 5350 1376 5397 est
1409 5342 1526 5412 ipso
1567 5344 1635 5398 ab
1672 5345 1828 5400 initio
1866 5361 2056 5402 eorum
2082 5363 2202 5418 qua
2223 5351 2376 5405 exsi-

869 5452 912 5483 "
947 5449 1125 5508 Ecclc.
1168 5470 1206 5519 t,
1241 5453 1297 5508 2.
1371 5453 1420 5488 ’³
1450 5454 1596 5511 Psal.
1652 5473 1773 5524 χιιι,
1829 5460 1885 5514 3.

2481 3368 2583 3436 κῆς
2636 3364 2840 3433 λύσσης
2891 3368 2989 3437 τὴν
3033 3367 3122 3421 διά
3170 3367 3270 3437 τῆς
3307 3369 3645 3439 κακουργίας
3685 3367 3889 3439 ταύτης
3927 3369 4063 3422 ἀπό·

2479 3471 2647 3516 νοιαν,
2684 3455 2821 3524 μετά
2846 3454 2945 3523 τῆς
2975 3453 3141 3526 ἄλλης
3167 3456 3346 3509 αύτῶν
3375 3456 3776 3526 φρενοδλαϐοὗς
3803 3475 4064 3529 κακομη-

2480 3542 2690 3614 χανίας,
2738 3543 3044 3609 ἰδιαζόντως
3087 3547 3223 3616 ημῖν
3267 3547 3424 3616 λόγος
3468 3547 3867 3618 ἐθριάμϐευσεν
3922 3550 4061 3617 (36).

2492 3634 2632 3689 Ἀλλ’
2683 3636 2765 3688 ὃτι
2825 3639 2924 3708 μὲν
2976 3637 3146 3691 πολλὰ
3191 3638 3302 3690 τῶν
3351 3639 3725 3709 ἀπορημάτων
3775 3657 4065 3710 προκατα-

2481 3727 2678 3798 σκευῆς
2731 3727 2923 3792 δεῖται,
2969 3728 3064 3781 καὶ
3100 3729 3182 3783 ὅτι
3215 3730 3284 3783 τὰ
3323 3728 3392 3782 σά
3421 3731 3575 3800 παρά
3611 3747 3672 3783 τε
3712 3729 3820 3783 τῶν
3850 3734 4064 3802 προλα-

2481 3818 2681 3870 6όντων
2720 3817 2927 3888 ἀνδρῶν
2954 3819 3124 3887 ἁγίων
3156 3820 3250 3874 καὶ
3281 3820 3413 3890 ἡμῖν
3444 3820 3629 3884 αὐτοῖς
3663 3820 3876 3874 ἐκεῖθεν
3908 3839 4064 3892 χειρ-

2481 3905 2941 3979 α[γω]γουμένοις
2981 3910 3370 3982 διευκρίνηται,
3389 3912 3481 3964 καὶ
3500 3911 3583 3965 ὅτι
3612 3913 3680 3966 τά
3706 3912 3938 3965 πλεῖστα
3954 3914 4066 3966 τῶν

2480 4000 2668 4052 αἰτίων
2689 4002 2819 4070 παρ’
2841 3999 2878 4054 ἃ
2903 4001 3060 4054 εἴωθε
3091 4001 3410 4072 συμϐαίνειν
3439 4004 3500 4056 τὸ
3528 4003 3731 4073 ἄπορον
3766 4004 4065 4075 ἐπεξήλθο-

2483 4107 2605 4160 μεν,
2650 4091 2678 4142 ό
2727 4090 2883 4158 λόγος
2929 4091 3196 4157 ἐπέδειξε.
3234 4093 3345 4147 Καὶ
3376 4094 3457 4148 ὃτι
3500 4095 3596 4164 μὲν
3639 4095 3737 4160 τῆς
3771 4095 4065 4168 ἀκριϐείας

2481 4181 2698 4233 πάντων
2741 4182 3144 4252 ὲπειλήμμεθα,
3184 4184 3284 4238 οὐκ
3330 4183 3397 4239 ἂν
3442 4185 3703 4258 φαίημενο
3739 4187 3820 4240 ὅτι
3863 4188 3919 4240 δὲ
3962 4191 4064 4259 τῆς

2479 4271 2747 4340 αἰτήσεως
2791 4273 2894 4326 ούκ
2941 4273 3161 4328 ἔλαττον
3193 4275 3615 4347 εἰσηνέγκαμεν,
3647 4279 3748 4331 ούκ
3780 4277 3847 4332 ἂν
3884 4279 4063 4351 ὕπερ-

2478 4360 2702 4431 ηφάνων
2727 4362 2921 4432 λόγων,
2944 4363 3268 4436 δικαζούσης
3294 4366 3577 4438 ἀληθείας,
3606 4368 3780 4433 οὐδεὶς
3810 4369 3880 4424 ἂν
3912 4371 4063 4442 ἡμᾶς

2480 4453 2808 4509 αἰτιάσαιτο.

3017 4671 3348 4728 ΕΡΩἸἨΣΙΣ
3379 4673 3453 4731 B'.

2479 4757 2548 4810 Εί
2577 4755 2650 4823 τῇ
2676 4757 2901 4832 ἐσρόμῃν
2929 4761 3120 4830 ἡμέρᾳ
3137 4765 3524 4819 κατέκαυσεν
3539 4768 3573 4819 ό
3593 4768 3738 4832 Θεὸς
3758 4768 3879 4822 ἀπὸ
3906 4773 4060 4824 ardr-

2546 4842 2665 4905 r_wr
2696 4829 2814 4905 τῶν
2848 4829 3062 4905 {prior
3095 4829 3310 4905 αὑτοῦ,
3359 4833 3486 4905 πῶς
3524 4835 3557 4888 ὁ
3606 4829 3904 4905 σωτήριος
3953 4842 4061 4894 τοῦ

2546 4899 2775 4975 Πατρςξς
2822 4903 3009 4975 Adrog-
3067 4903 3292 4975 mqbf-
3332 4899 3473 4975 (“:07
3512 4904 3714 4974 Πατήρ
3757 4899 3893 4975 ᾆιού
3950 4909 4062 4974 ἕως

2542 4966 2670 5032 apri
2700 4966 3018 5036 ἐργάζεται,
3045 4966 3208 5039 κάγὼ
3231 4971 3574 5042 ἐργάζομαι;
3614 4993 3632 5025 ι

1200 5080 1557 5165 ἐρρηθη-ξιτ.
1614 5082 1801 5146 Srript.
1833 5097 1943 5134 nov.
1986 5085 2132 5146 Coll.,
2166 5093 2200 5136 t.
2235 5089 2312 5150 IX,
2339 5105 2388 5152 p.
2431 5093 2525 5151 12;
2572 5102 2861 5164 explanans,
2887 5105 3131 5165 quomodo
3158 5108 3294 5156 inter
3317 5119 3376 5157 se
3417 5109 3713 5158 conveniant
3762 5111 4056 5162 testimonia

2554 5264 2834 5337 'l’éacapa;
2867 5269 3085 5342 ὁρῶμεν
3128 5273 3222 5327 τοῦ
3257 5276 3602 5348 Δημιουργοῦ
3641 5278 3944 5350 ἀργασίας·
3981 5278 4056 5336 ὦν

2485 5357 2673 5428 πρώτη
2706 5361 2806 5429 μέν
2832 5362 2984 5416 ἐστιν
3012 5363 3151 5436 αὐτὴ
3177 5366 3287 5422 τῶν
3319 5367 3542 5443 ὅντωνὴ
3568 5373 3692 5427 κατ’
3713 5372 3888 5446 ἀρχάς
3922 5392 4056 5447 προ·

2300 5556 2537 5613 NOTAE.

860 5657 973 5726 (ἐϋ)
1009 5657 1192 5736 Photii
1219 5674 1359 5736 opus
1389 5675 1509 5736 pro
1537 5671 1846 5736 sanctarum
1887 5665 2180 5736 imaginum
2211 5669 2359 5722 cultu

786 5743 1097 5802 memorare
1145 5729 1358 5802 videtur
1390 5729 1712 5802 Enthymius
1762 5734 1903 5802 apud
1937 5729 2186 5790 La'tnbec.
2228 5746 2358 5790 tom.

789 5799 882 5856 lll.
914 5815 964 5856 ο.
1001 5799 1126 5854 422.
1158 5801 1478 5868 Quanquam
1528 5799 1663 5855 nihil
1707 5799 1854 5858 aliud
1893 5803 2123 5860 fortasse
2156 5807 2359 5860 intelli-

2469 5671 2709 5762 gendum
2729 5683 2838 5762 est,
2871 5688 3067 5760 praeter
3096 5681 3183 5735 ilia
3209 5698 3329 5762 qua:
3344 5701 3451 5762 pro
3479 5704 3544 5744 eo
3577 5691 3828 5762 dogmate
3861 5694 4055 5748 dit-nn-

2470 5751 2614 5838 iulg-Et
2640 5742 2843 5838 [:lmt‘in'
2870 5742 2927 5838 in.
2951 5742 3388 5838 pt‘imanepistol'a
3418 5742 4057 5838 (ιιιιέις-ιξέίξινῖΙείίιλίαι),

2467 5820 2522 5863 et
2547 5814 2597 5863 in
2637 5814 3078 5881 Atiipltilocltiania
3105 5814 3209 5874 me"
3231 5823 3401 5895 (167),
3423 5814 3532 5884 ‘497
3564 5829 3732 5902 (ius),
3762 5814 3888 5891 eos.
