4198 6440
83 438 153 499 g7
1075 424 1174 483 AD
1211 413 1683 481 AMPHILOCHI

1790 403 1804 470 Ι
1836 403 2183 480 QU/ESTIO
2211 406 2296 466 ῐῐι
3288 395 3362 465 98

86 538 221 607 ϐελή
245 552 303 589 τε
337 535 430 587 καὶ
462 533 793 603 δημιουργία
820 548 833 561 °
869 530 992 583 καθ’
1019 530 1048 579 ὃ
1092 528 1494 599 σημαινόμενον
1521 523 1677 593 εἴρηο

1790 524 1938 569 stunt
1970 513 2259 582 productio
2298 518 2355 565 et
2386 510 2624 574 creatio;
2675 520 2788 577 quo
2841 504 2898 574 in
2935 519 3099 561 sensu
3151 503 3357 557 dictum

83 648 201 693 ται,
220 645 242 681 ε
264 627 373 681 Καὶ
393 628 458 696 τῇ
494 626 541 690 ξ’
575 626 756 695 ήμέρᾳ
777 624 1124 675 κατέπαυσεν
1156 618 1361 681 ὀθεὸς·
1393 637 1412 668 ι
1443 616 1540 669 καὶ
1568 615 1678 683 γὰρ

85 719 190 782 τὰς
226 718 419 787 φύσεις
449 716 559 768 τῶν
584 716 755 768 ὄντων
777 714 1036 768 ἁπάντων
1065 715 1122 764 ἐν
1150 711 1288 764 ἐτιτά
1316 707 1677 777 τελεσάμενός

89 822 150 858 τε
182 808 280 859 καὶ
316 803 583 866 οὐσιώσας
632 804 869 875 ἡμέραις
908 800 1295 870 ὁΔημιουργδς
1320 798 1504 850 οὐκέτι
1532 812 1679 865 παρ-

87 896 313 964 αγωγὴν
376 895 635 963 οὐδεμίαν
661 892 992 956 ἐπεδείξατο.
1027 891 1266 960 Δευτέρα
1291 889 1348 941 δὲ
1382 889 1417 959 ή
1445 887 1505 953 ἐξ
1531 887 1678 939 ἐκεί-

89 1006 184 1039 νου
223 989 385 1056 μέχρι
412 985 509 1037 τοῦ
538 984 634 1038 νῦν
659 984 768 1037 τῶν
790 984 940 1050 ἅπαξ
963 982 1282 1051 ἐφεστώτων
1309 978 1678 1051 ἐνεργουμένη

87 1075 321 1144 διαμονή
339 1092 397 1127 τε
430 1075 521 1126 καὶ
551 1074 883 1144 συντήρησις
919 1072 1013 1124 καὶ
1033 1068 1681 1141 μηδαμῆπαραχωροῦσα

88 1166 170 1228 είς
196 1164 493 1233 ὀλόκληρον
524 1161 664 1227 εἶδος
696 1161 1112 1234 παραπολέσθαι
1144 1163 1237 1215 καὶ
1266 1160 1489 1232 πρὸς-τὺ
1516 1160 1591 1231 μὴ
1622 1159 1683 1212 δν

88 1257 385 1325 χωρῆσαν
415 1257 448 1325 ή
496 1255 552 1308 δέ
594 1255 821 1326 τοιαύτη
862 1255 1119 1325 ἐνέργεια
1172 1254 1269 1307 καὶ
1330 1255 1679 1324 συντήρησις,

91 1347 329 1415 πρόνοιά
362 1364 420 1399 τε
449 1345 583 1399 Θεοῦ
613 1347 706 1398 καὶ
731 1345 1028 1417 κηδεμονία
1049 1345 1294 1400 καλεῖται
1318 1361 1334 1377 ’
1359 1346 1455 1399 καὶ
1476 1344 1682 1413 ταύτης

86 1438 189 1506 τῆς
245 1438 529 1507 ἐνεργείας
563 1453 623 1488 τε
672 1436 768 1491 καὶ
815 1436 1082 1506 ἐργασίας
1129 1436 1385 1506 οὐδεμίαν
1427 1434 1681 1490 οὐδέποτε

88 1528 462 1591 κατάπαυσιν,
486 1529 681 1597 μέχρις
712 1528 779 1581 ἂν
810 1529 871 1581 τὸ
900 1530 1177 1599 περίγειον
1245 1526 1363 1581 τόδε
1388 1520 1681 1597 σύγκριμα

88 1620 194 1687 τὴν
225 1619 525 1671 ὑπόστασιν
559 1617 679 1688 ἔχῃ,
697 1619 726 1671 ὁ
745 1616 950 1689 ἀληθής
974 1617 1330 1683 ἐξεπίσταται
1355 1616 1532 1684 λόγος.
1555 1616 1678 1668 Ἔτι

88 1709 146 1764 δέ
178 1710 376 1779 τρίτην
409 1710 625 1781 ὁρῶμεν
657 1709 751 1763 τοῦ
798 1707 1143 1779 Δημιουργοῦ
1182 1709 1473 1779 ἐργασίαν,
1518 1707 1578 1770 ἐξ
1614 1701 1681 1777 ἦς

91 1801 304 1871 ἐκάστη
347 1801 510 1867 φύσις
538 1799 610 1853 τά
651 1800 829 1854 οίκεῖα
861 1800 1179 1870 πράττουσα
1230 1799 1385 1852 ούδέν
1423 1798 1677 1867 ἀνόμοιον

90 1893 125 1963 ἢ
160 1865 449 1959 ἀλλότριον
487 1892 660 1962 αὐτῆς
710 1865 1097 1963 προϐάλλεται,
1133 1890 1251 1945 ἀλλ’
1289 1891 1494 1961 ἐκάστη
1528 1865 1672 1958 πρὸς
1710 1865 1750 1919 Β

88 1983 151 2035 τὸ
176 1986 383 2036 οἰκεῖον
420 1984 518 2037 καὶ
560 1986 803 2055 ἐμφερές
846 1984 1281 2055 διαπλαττομένη
1326 1984 1421 2038 καὶ⁴
1469 2000 1673 2055 μορφο-

90 2072 330 2125 ποιοῦσα
354 2072 414 2125 τὸ
443 2073 688 2143 γέννημα
718 2074 1005 2128 ἀνόθευτον
1048 2073 1147 2145 τὴν
1187 2073 1438 2144 διαδοχὴν
1473 2073 1674 2126 ἐπιδεί-

92 2179 292 2218 κνυται
319 2180 334 2194 ο
369 2165 454 2234 είη
488 2163 535 2216 δ’
564 2166 633 2217 ἂν
663 2164 760 2217 καὶ
794 2166 827 2236 ή
852 2165 1076 2236 τοιαύτη
1102 2164 1334 2235 ἐργασία
1364 2165 1444 2227 είς
1472 2163 1565 2218 τὸν
1578 2167 1677 2235 τῆς

92 2256 362 2325 προνοίας
390 2258 484 2309 καὶ
524 2257 858 2327 κηδεμονίας
879 2259 1165 2330 ἀνηγμένη
1192 2258 1374 2326 λόγον.
1407 2257 1555 2329 Πλὴν
1568 2258 1677 2311 τῶν

93 2350 413 2417 εἰρημένων
438 2351 605 2419 τριῶν
630 2350 927 2420 ἐργασιῶν,
965 2352 999 2421 ή
1034 2351 1134 2422 μὲν
1168 2352 1300 2421 περὶ
1342 2350 1677 2415 ούσιώσεως,

94 2443 129 2507 η
159 2439 221 2491 δέ
251 2457 314 2491 πε
327 2441 381 2510 pi
410 2440 700 2510 δ.αμονῆς,
732 2445 766 2513 ή
789 2443 843 2496 δέ
871 2444 999 2513 περὶ
1021 2444 1339 2513 ὁμοιότητος
1362 2444 1455 2498 τὸν
1478 2444 1680 2497 σκοπὸν

94 2530 421 2586 ἀπευθύνει.
457 2533 549 2595 Εἰς
576 2534 665 2585 τὸν
688 2535 852 2586 αὑτὸν
873 2534 929 2586 δὲ
958 2534 1255 2606 συναχθείη
1286 2536 1443 2602 λόγον
1464 2535 1558 2588 καὶ
1584 2535 1683 2605 τῆς

94 2622 314 2687 τάξεως
352 2625 459 2676 τῶν
491 2627 844 2679 ὑποστάντων
870 2630 903 2697 ή
935 2628 1295 2691 ἀναλλοίωτός
1330 2645 1386 2681 τε
1417 2628 1513 2681 καὶ
1545 2630 1684 2697 ἀμε-

102 2718 405 2787 τακίνητος
430 2717 646 2789 διαδοχή
668 2735 682 2749 ο
707 2720 857 2790 ἥλιός
883 2721 939 2773 τέ
957 2737 1020 2788 γε
1039 2720 1133 2774 καὶ
1156 2720 1355 2791 σελήνη
1371 2722 1467 2784 τὰς
1492 2722 1685 2774 ἀνατο-

1779 617 1864 664 est
1890 625 1902 661 :
1937 606 2032 661 «Et
2058 606 2147 663 die
2181 604 2415 675 septimo
2444 600 2714 672 requievit
2742 598 2938 654 Deus.)
2965 596 3183 652 Naturis
3214 597 3359 650 enim

1785 714 1975 754 eorum
2000 696 2248 751 omnium
2279 711 2402 767 qua:
2423 706 2550 751 sunt
2573 703 2624 747 et
2642 690 2969 747 substantiis
2987 691 3127 744 intra
3150 700 3357 759 septem

1779 790 1896 845 dies
1926 787 2205 859 perfectis,
2251 787 2479 842 Creator
2522 784 2727 839 nullam
2761 784 2905 838 ultra
2952 782 3201 836 exhibuit
3234 795 3362 849 pro-

1780 881 2121 949 ductionem.
2184 878 2433 935 Secunda
2480 889 2661 932 autem
2701 884 2786 932 est
2842 876 2932 930 illa
2983 874 3249 930 stabilitas
3308 881 3364 934 et

1778 974 2126 1039 conservatio
2151 982 2547 1034 creaturarum,
2570 985 2633 1023 ex
2658 983 2768 1037 quo
2794 968 3057 1022 exsistere
3078 975 3365 1036 coeperunt

1788 1082 1962 1137 usque
1992 1067 2058 1120 ad
2077 1067 2182 1119 boc
2202 1076 2436 1131 tempus,
2475 1077 2584 1117 non
2618 1064 2805 1116 sineus
2834 1060 2919 1114 vel
2938 1075 3102 1114 unam
3125 1061 3363 1129 speciem

1782 1161 2008 1214 omnino
2042 1159 2218 1228 perire
2233 1167 2287 1211 et
2318 1158 2371 1209 in
2407 1156 2635 1209 nihilum
2668 1154 2844 1209 redire
2872 1171 2888 1207 :
2918 1169 2981 1207 ea
3010 1168 3174 1223 porro
3202 1153 3286 1208 vis
3311 1159 3366 1205 ct

1793 1250 2177 1315 conservatio,
2230 1248 2569 1317 providentia
2610 1247 2703 1300 Dei
2736 1256 2792 1301 et
2819 1261 2950 1301 cura
2987 1256 3234 1299 vocatur.
3303 1243 3371 1298 Et

1786 1343 1905 1397 ha-e
1936 1342 2018 1398 vis
2056 1351 2107 1397 et
2157 1343 2303 1396 actio
2339 1355 2617 1411 nunquam
2655 1338 2903 1394 futurum
2930 1354 3053 1395 esse
3086 1350 3146 1393 ut
3170 1348 3366 1403 cesset,

1781 1436 2025 1505 quandiu
2079 1434 2342 1491 subsistet
2389 1436 2502 1489 lucc
2552 1444 2769 1488 terrena
2832 1432 3065 1496 creatio,
3094 1432 3371 1487 veridicus

1783 1527 1935 1581 testis
1961 1535 2046 1582 est
2073 1541 2277 1581 sermo.
2312 1526 2551 1580 Tertiam
2582 1540 2802 1596 quoque
2821 1525 3073 1579 videmus
3091 1525 3371 1580 Creatoris

1781 1619 2175 1687 operationem,
2238 1619 2288 1672 vi
2339 1618 2497 1687 cujus
2558 1632 2900 1687 unaquaeque
2950 1628 3145 1671 natura
3208 1633 3374 1687 agens

1782 1707 2002 1775 pr0pria
2042 1706 2177 1761 nihil
2224 1706 2327 1763 sibi
2356 1707 2624 1762 dissimile
2668 1718 2759 1761 aut
2804 1721 2913 1760 non
2943 1716 3371 1761 consentaneum

1786 1799 2073 1869 producit;
2127 1798 2221 1854 sed
2258 1798 2413 1868 juxta
2446 1814 2575 1854 suas
2628 1798 2992 1869 proprietates
3026 1809 3081 1852 et
3114 1813 3266 1852 suam
3298 1799 3374 1852 si-

1781 1889 2139 1945 militudinem
2194 1890 2453 1961 efﬁngens
2500 1900 2556 1945 et
2608 1889 2853 1945 formans
2897 1905 2959 1943 ea
2992 1904 3115 1959 quae
3161 1904 3225 1942 ex
3259 1890 3373 1958 ipsa

1777 1990 2099 2044 nascuntur,
2127 1981 2430 2052 legitimam,
2459 1981 2703 2035 sobolem
2754 1979 3069 2035 successive
3112 1978 3373 2042 exhibet;

1776 2071 1905 2129 talis
1948 2083 2129 2127 autem
2177 2073 2425 2143 Operatio
2466 2072 2687 2126 nomine
2738 2071 3095 2141 providentia:
3133 2079 3187 2125 et
3228 2086 3379 2125 curua

1778 2164 2114 2236 designatur.
2142 2164 2409 2220 Caeterum
2470 2164 2852 2233 praedictarum
2896 2162 3064 2215 trium
3102 2162 3379 2231 operatio»

1778 2272 1907 2312 num
1927 2265 2037 2310 tum
2051 2271 2114 2310 ea
2132 2271 2253 2326 quae
2267 2256 2621 2320 substantias,
2641 2264 2755 2309 tum
2770 2268 2834 2308 ea
2852 2269 2975 2323 quae
3000 2254 3379 2309 conservatio-

1783 2364 1929 2413 nem,
1961 2358 2075 2403 tum
2111 2363 2175 2404 ea
2212 2364 2335 2419 qua:
2374 2348 2787 2403 similitudinem
2824 2362 2925 2417 pro
2961 2346 3179 2415 ubjecto
3215 2346 3381 2401 habet

1780 2443 2113 2498 suumlinem
2136 2442 2382 2513 apprime
2398 2450 2792 2511 assequuntur.
2810 2441 2889 2496 Ad
2921 2442 3169 2496 eatndem
3190 2449 3374 2496 autem

1782 2538 2049 2589 rationem
2100 2534 2403 2589 reducenda
2462 2535 2568 2589 erit
2592 2534 2758 2590 etiam
2798 2532 3009 2588 ordinis
3047 2532 3384 2588 substantia-

1782 2626 2268 2682 rumimmutaliilis
2297 2638 2351 2682 et
2376 2636 2637 2682 constans
2672 2627 2973 2682 successio.
3000 2625 3091 2680 Sol
3114 2628 3314 2697 quippe
3327 2638 3384 2681 ct

1786 2716 1936 2784 luna,
1950 2728 2105 2774 ortus
2116 2729 2169 2774 et
2183 2734 2431 2785 occasus,
2445 2735 2775 2790 congressus
2789 2728 2846 2774 et
2855 2718 3195 2776 defectiones
3208 2729 3264 2775 et
3277 2729 3383 2775 cas“

98 2812 197 2873 λάς
229 2826 289 2861 τε
314 2811 406 2860 καὶ
428 2809 632 2873 δύσεις,
680 2812 931 2874 συνόδους
965 2830 1024 2865 τε
1054 2814 1149 2865 καὶ
1204 2816 1555 2878 ἀποστάσεις,
1594 2818 1687 2867 καί

1790 2822 1934 2866 teras
1950 2810 2093 2864 vires
2105 2826 2240 2879 quas
2252 2810 2362 2864 illis
2379 2809 2577 2864 indidit
2593 2810 2838 2865 divinum
2855 2810 2991 2865 Crea
3002 2807 3379 2865 torisVerbum

99 2902 201 2962 τὰς
234 2900 409 2962 ἄλλας
466 2902 772 2971 ἐνεργείας,
803 2904 869 2967 ἃς
896 2905 925 2956 ό
956 2903 1347 2977 δημιουργικδς
1386 2908 1569 2969 αὐτοῖς
1602 2909 1686 2961 ἐν·

1790 2915 2066 2968 nunquam
2104 2910 2379 2954 mutantes
2411 2916 2585 2971 neque
2630 2901 2732 2955 sibi
2769 2901 2840 2957 ab
2871 2902 3375 2971 iuitioimpressum

101 2989 350 3043 απέοετο
380 2990 539 3058 λόγος
565 2992 666 3044 οὐκ
694 2994 760 3045 ἂν
785 2995 1127 3063 ἀμείϐοντες,
1157 2996 1278 3049 οὐδὲ
1305 3001 1405 3061 τὴν
1425 2997 1483 3064 ἐξ
1515 3000 1686 3069 ἀρχῆς

1790 3005 1985 3045 cursus
2039 2992 2351 3045 ordinatum
2424 2992 2525 3046 iter
2566 2993 2954 3047 obliviscentes
3014 2993 3377 3046 animadverti

101 3081 293 3141 αὐτοῖς
330 3082 594 3146 παγεῖσαν
648 3080 911 3135 εῠτακτον
968 3083 1063 3136 τοῦ
1124 3085 1326 3156 δρόμου
1386 3091 1687 3157 περιφορὰν

1794 3090 2035 3149 possent.
2107 3080 2292 3152 Neque
2353 3082 2597 3153 reliquus
2647 3096 2923 3139 astrorum
2975 3085 3177 3139 chorus
3230 3084 3376 3138 illam

103 3169 421 3237 φωραθεῖεν
451 3172 855 3243 διαφθείροντες
876 3188 889 3202 ·
917 3174 1069 3228 οὐδ’ό
1104 3175 1289 3240 λοιπὸς
1312 3178 1421 3230 τῶν
1446 3179 1687 3249 ἀστέρων

1795 3173 1897 3228 sibi
1923 3173 1992 3228 ab
2023 3174 2178 3227 initio
2206 3175 2513 3243 impositam
2539 3186 2723 3231 motus
2742 3186 2797 3232 et
2830 3178 3061 3241 ordinis,
3087 3178 3380 3247 apparitio-

105 3262 269 3331 χορὸς
296 3263 393 3315 τὸν
416 3263 476 3327 ἐξ
511 3264 687 3334 ἀρχῆς
739 3266 922 3328 αὐτοῖς
961 3268 1241 3322 ἐνδοθέντα
1270 3271 1372 3340 τῆς
1428 3289 1487 3323 τε
1541 3290 1687 3341 περι-

1799 3267 1883 3321 nis
1904 3280 1957 3321 et
1989 3268 2370 3324 occultationis
2394 3270 2643 3324 semitam
2667 3280 2980 3340 permutare
2997 3284 3051 3325 et
3077 3274 3381 3327 dissolvere

106 3354 285 3419 φορᾶς
313 3353 538 3422 καὶτῆς
564 3355 773 3419 τάξεως
815 3358 1027 3426 εἱρμὸν,
1064 3359 1279 3425 φάσεώς
1326 3378 1384 3411 τε
1420 3365 1512 3413 καὶ
1564 3363 1687 3433 κρύ·

1797 3361 2226 3427 convinceretur,
2251 3371 2543 3433 noctesque
2559 3364 2753 3418 diebus
2770 3366 3130 3419 succedentes
3146 3375 3198 3419 et
3219 3367 3355 3418 vicis
3376 3394 3385 3402 -

105 3443 278 3511 ψεως,
320 3444 425 3495 οὐκ
450 3444 516 3496 ἂν
546 3445 724 3497 ἁλοῖεν
766 3445 1121 3516 άμειὸόμενοί
1147 3464 1205 3500 τε
1230 3450 1324 3501 καὶ
1354 3448 1687 3512 διαλύοντεςε

1803 3453 1902 3505 sim
1932 3452 2049 3507 dies
2081 3465 2200 3521 post
2252 3464 2441 3509 noctes
2496 3465 2842 3526 resurgentes
2894 3456 3157 3528 integram
3187 3468 3242 3512 et
3274 3474 3383 3511 non

109 3537 310 3598 νύκτες
363 3553 421 3588 τε
476 3539 596 3599 ταῖς
632 3538 865 3607 ἡμέραις
912 3540 1319 3612 ὑποχωροῦσαι,
1351 3545 1446 3596 καὶ
1476 3545 1538 3596 τὸ
1568 3544 1687 3597 ἀνά-

1798 3542 2156 3597 adulteratam
2180 3548 2587 3616 proportionem
2605 3558 2983 3603 servaverunt.
3021 3551 3152 3603 Item
3184 3561 3236 3604 et
3257 3552 3383 3603 anui

116 3628 284 3678 παλιν
316 3628 376 3679 αἱ
407 3629 614 3698 ήμέραι
648 3631 768 3693 ταῖς
801 3632 949 3695 νυξὶν
996 3633 1371 3698 ἐξιστάμεναι,
1416 3635 1687 3690 ἀνόθευτόι

1804 3643 2108 3704 temporum
2160 3647 2368 3692 natura:
2419 3639 2519 3692 sibi
2585 3639 2815 3694 invicem
2873 3639 3231 3695 succedentes
3250 3642 3385 3695 nihil

111 3736 169 3769 τε
207 3720 307 3769 καὶ
368 3720 790 3790 ἀπαραποίητον
826 3723 927 3792 τὴν
973 3723 1240 3778 εὔτακτον
1288 3726 1587 3793 ἀναλογίαν
1638 3729 1687 3779 δι

1803 3733 1928 3784 novi
1948 3746 2123 3800 passa:
2154 3743 2312 3798 sunt;
2346 3733 2439 3786 sed
2471 3734 2751 3803 antiquam
2786 3745 2842 3788 et
2867 3734 3177 3788 mirabilem
3214 3736 3378 3791 vicis-

112 3808 398 3860 εσώσαντο
421 3825 453 3875 ·,
478 3809 738 3874 ὡσαύτως
760 3813 853 3865 καὶ
877 3813 1035 3884 ὡρῶν
1056 3817 1111 3867 αἱ
1129 3816 1315 3883 φύσεις
1340 3818 1437 3879 τὰς
1458 3818 1687 3887 διαδοχὰε

1804 3822 2099 3876 situdinem
2152 3824 2548 3879 immutabilem
2595 3836 2648 3880 et
2706 3835 3046 3881 constantem
3077 3809 3380 3881 servavere.

114 3900 395 3967 ἀλλήλαις
458 3905 967 3971 παραπέμπουσαι,
1022 3905 1283 3975 ούδεμίαν
1358 3911 1687 3979 καινοτομίαι

1814 3914 1961 3968 Illam
2002 3930 2167 3986 porro
2191 3916 2247 3971 in
2276 3916 2344 3971 iis
2365 3934 2489 3987 quae
2515 3926 2643 3972 sunt
2678 3928 2861 3972 creata
2904 3917 3303 3972 ordinationem
3335 3931 3390 3970 et

115 3993 396 4056 ἐδέξαντο,
425 3992 559 4046 ἀλλά
588 3994 690 4063 τὴν
711 3996 945 4065 ἀρχαίαν
983 3997 1079 4047 καὶ
1133 3995 1444 4066 θαυμασίαν
1500 3999 1687 4069 ταύτηη

1810 4009 2221 4077 proportionem
2252 4008 2540 4065 manifeste
2594 4010 2839 4065 continet
2887 4025 2952 4066 ac
2987 4011 3169 4065 lirmat
3205 4011 3389 4080 provi-

122 4085 453 4155 μεταϐολὴν,
494 4086 876 4157 ἀμετάβλητον
909 4088 1004 4140 καὶ
1040 4088 1443 4158 ἀμετακίνητον
1474 4092 1687 4159 συνετήι

1813 4100 2014 4154 dentia:
2063 4101 2325 4167 verbum;
2393 4116 2516 4171 qua
2577 4104 2823 4173 operatio
2862 4112 2950 4158 est
3006 4104 3174 4158 etiam
3242 4104 3389 4158 illius

120 4195 300 4245 ρησαν
324 4194 340 4209 ·
372 4179 465 4231 καὶ
492 4178 696 4247 ταύτην
719 4178 817 4248 τὴν
847 4182 904 4233 ἐν
926 4183 1037 4243 τοῖς
1055 4177 1209 4234 οὖσιν
1232 4181 1487 4246 εὐταξίαν
1515 4200 1574 4235 τε
1607 4185 1687 4238 καί

1811 4189 1905 4245 Dei
1936 4191 2030 4262 qui
2061 4192 2247 4246 omnia
2289 4193 2565 4261 sapienter
2600 4195 2867 4249 condidit.

119 4272 439 4341 ἀναλογίαν,
470 4273 628 4343 δῆλον
656 4274 732 4337 ὡς
761 4276 789 4327 ό
841 4275 941 4345 τῆς
987 4276 1243 4344 προνοίας
1284 4278 1499 4347 συνέχει
1529 4295 1587 4331 τε
1618 4282 1712 4334 καὶ
1781 4288 2077 4357 συγκροτεῖ
2142 4284 2302 4354 λόγος
2331 4302 2347 4321 ·
2380 4286 2614 4357 ἐργασία
2642 4286 2686 4339 δ’
2724 4287 2791 4341 ἂν
2838 4289 2925 4359 είη
2980 4289 3076 4342 καὶ
3112 4288 3272 4343 τοῦτο
3294 4289 3389 4344 τοῦ

119 4371 301 4422 πάντα
331 4372 390 4421 ἐν
420 4370 582 4439 σοφίᾳ
607 4367 1113 4441 δημιουργήσαντος
1140 4371 1299 4424 Θεοῦ.

190 4463 357 4514 ἐστι
383 4460 441 4513 δέ
464 4478 547 4522 τις
570 4462 663 4515 ἐπὶ
690 4462 902 4526 τούτοις
929 4466 1021 4516 καὶ
1049 4464 1211 4533 έτέρα
1234 4465 1482 4535 ἐργασία,
1515 4467 1687 4534 φιλαν-

1875 4470 1973 4528 Est
2024 4483 2205 4528 autem
2270 4484 2530 4543 pi'aaterea
2600 4486 2653 4530 et
2707 4476 2811 4530 alia
2871 4479 3137 4546 operatio,
3197 4493 3391 4547 nempe

122 4554 343 4625 θρωπία
382 4554 677 4625 δεσποτικὴ
700 4554 778 4625 τῷ
819 4556 1147 4627 ἀνθρωπίνῳ
1201 4557 1435 4628 μάλιστα
1482 4560 1687 4613 ἐπιθεω

1816 4563 2193 4617 benevolentia
2252 4562 2470 4617 Domini
2509 4566 2749 4620 humano
2807 4567 2991 4636 generi
3056 4567 3388 4637 iuvigilaus;

124 4644 370 4713 ρουμένη
411 4644 559 4711 γένει
584 4660 599 4674 ο
626 4644 793 4711 διπλῆ
818 4645 877 4698 δέ
905 4645 1049 4716 αὕτη
1076 4663 1091 4677 ·
1124 4649 1157 4718 ή
1185 4648 1284 4717 μὲν
1316 4649 1421 4720 γὰρ
1447 4650 1704 4719 τέμνεται

122 4738 251 4805 περὶ
278 4735 446 4805 σῶμα
472 4736 539 4789 δι’
568 4732 639 4808 ἧς
671 4737 846 4791 λῶσαί
907 4755 967 4791 τε
1014 4742 1107 4791 καὶ
1156 4741 1302 4810 πάθη
1355 4742 1521 4811 μυρία
1570 4742 1705 4797 ἀλλα

123 4827 215 4879 τοῦ
262 4827 589 4896 πλάσματος
652 4829 1042 4895 ἀπελαύνεται,
1082 4830 1119 4886 ἀ
1158 4832 1223 4902 δή
1267 4833 1704 4902 παραγεγονὼςό

126 4918 303 4980 κοινὸς
332 4918 431 4971 τοῦ
464 4921 653 4986 γένους
688 4921 877 4994 Σωτὴρ
924 4922 1161 4991 ἐπραττέ
1215 4942 1273 4977 τε
1327 4924 1419 4977 καὶ
1462 4926 1701 4995 ἐνήργει,

128 5012 492 5075 παντοδαπῶς
528 5012 867 5082 παθημάτων
907 5015 1002 5067 καὶ
1046 5015 1217 5069 νόσων
1250 5016 1310 5069 τὸ
1365 5015 1705 5088 ἀνθρώπινον

128 5102 433 5171 ἐλευθερῶν
451 5116 465 5130 ·
495 5104 528 5169 ὴ
578 5102 633 5155 δέ
662 5106 791 5174 περὶ
840 5104 1019 5175 ψυχήν
1042 5120 1055 5133 ·
1077 5105 1284 5176 ταύτην
1325 5107 1434 5177 γὰρ
1488 5105 1705 5171 πολλοῖς

128 5199 494 5269 ἁμαρτήμασι
526 5200 982 5270 συγκεχωσμένην
1013 5201 1105 5254 καὶ
1157 5201 1517 5256 κατάστικτον
1578 5202 1706 5273 ὅλην

130 5292 506 5361 γεγενημένην
544 5293 664 5355 ταῖς
712 5292 807 5345 τοῦ
844 5295 1080 5365 πονηροῦ
1147 5295 1369 5365 μυρίαις
1423 5296 1647 5361 αἰκίαις,
1677 5298 1706 5349 ὀ

133 5383 291 5447 αὐτὸς
317 5383 476 5452 ήμῶν
517 5384 760 5457 πλάστης
804 5387 897 5439 καὶ
952 5387 1294 5459 Δημιουργὸς
1345 5388 1703 5459 ἀποκαθηρά-

138 5478 293 5544 pud;
314 5492 375 5527 τε
406 5477 502 5529 καὶ
526 5477 794 5541 ἀποξέσας
824 5478 911 5531 διὰ
941 5480 1039 5547 τῆς
1079 5478 1245 5533 αὐτοῦ
1290 5480 1431 5549 ὑπὲρ
1459 5479 1583 5533 νοῦν
1613 5480 1705 5533 καὶ

136 5566 288 5635 λόγον
324 5566 643 5637 ἐπιδημίας,
675 5569 761 5632 είς
788 5586 847 5622 τε
882 5568 942 5622 τὸ
982 5572 1209 5640 ἀρχαῖον
1256 5570 1475 5641 ἀξίωμα
1535 5573 1703 5624 ἐπαν-

139 5662 334 5729 ήγαγε,
367 5660 463 5713 καὶ
492 5660 555 5712 τὸ
580 5664 699 5715 κατ’
736 5663 923 5717 είκόνα
948 5663 1107 5716 πάλιν
1137 5662 1419 5717 ἀναλασὼν
1460 5664 1613 5735 ίσχύν
1643 5681 1705 5719 τε

138 5754 226 5804 καὶ
280 5753 463 5824 χαρὰν
512 5754 819 5824 παρέσχετο
843 5773 856 5787 ·
892 5756 1032 5826 αὕτη
1082 5756 1371 5827 τοιγαροῦν
1403 5758 1435 5827 ή
1475 5759 1604 5828 περὶ
1646 5757 1705 5809 τὸ

141 5845 364 5915 πλάσμα
401 5846 509 5900 τῶν
536 5848 733 5918 χειρῶν
763 5848 928 5902 αὑτοῦ
972 5850 1200 5920 ἐργασία
1242 5850 1459 5920 τυφλοῖς
1493 5849 1552 5902 τὸ
1583 5848 1702 5919 βλέ-

415 5942 688 6001 Parnm.
736 5944 847 6002 Gn.
905 5943 1002 6003 Cl.

1810 4667 1932 4722 qua:
1966 4651 2163 4722 duplex
2192 4662 2295 4707 est.
2348 4652 2503 4707 Prior
2559 4654 2776 4722 quidem
2826 4670 2925 4725 pro
2965 4656 3179 4725 ohjecto
3228 4656 3389 4709 habet

1812 4760 2034 4814 corpus,
2064 4760 2172 4815 qua
2201 4746 2377 4800 morbi
2407 4758 2460 4800 et
2490 4759 2749 4803 sexcenta
2778 4749 2885 4803 alia
2916 4748 3057 4803 mala
3077 4753 3392 4804 arreaturis

1811 4840 2193 4908 expelluntur;
2246 4838 2391 4910 quod
2421 4839 2619 4910 agebat
2646 4849 2701 4895 et
2722 4842 3051 4907 Operabatur
3080 4844 3391 4899 communis

1813 4932 2029 4999 generis
2060 4933 2234 4985 nostri
2275 4932 2547 4997 Salvator,
2578 4933 2915 5002 quibuslibet
2968 4934 3251 4988 doloribus
3284 4934 3389 4988 bo-

1812 5024 1993 5079 mines
2042 5022 2305 5078 liberans.
2352 5023 2537 5079 Altera
2586 5038 2718 5078 vero
2763 5024 2831 5079 ad
2860 5024 3103 5079 animam
3130 5024 3385 5094 respicit:

1814 5114 1963 5170 illam
1998 5117 2146 5169 enim
2198 5115 2355 5170 multi
2416 5116 2654 5186 peccatis
2687 5116 2940 5170 obrutam
2971 5126 3024 5172 et
3063 5127 3229 5171 totam
3263 5133 3387 5172 sex-

1814 5206 1993 5261 centis
2021 5205 2222 5259 diaboli
2256 5206 2475 5260 astutiis
2494 5205 2841 5272 maculatam,
2876 5205 3177 5275 plasmator
3204 5215 3389 5271 noster

1811 5306 1864 5349 et
1892 5295 2118 5351 Creator
2171 5298 2488 5367 abstergens
2542 5308 2597 5352 et
2640 5289 2912 5353 abradens
2955 5313 3052 5366 per
3086 5314 3245 5353 suum
3292 5314 3390 5353 su-

1814 5402 1911 5457 pra
1969 5397 2205 5442 mentem
2271 5396 2327 5442 et
2392 5388 2662 5457 rationem
2716 5391 3010 5447 adventum
3070 5392 3263 5459 priscae
3306 5390 3391 5444 di-

1813 5476 2004 5545 gnitati
2056 5477 2315 5541 restituit,
2360 5486 2416 5531 et
2450 5480 2596 5547 quod
2641 5478 2709 5533 ad
2762 5493 2918 5533 suam
2966 5478 3258 5549 imaginem
3313 5479 3393 5534 ef-

1816 5569 2144 5625 formaverat
2180 5585 2457 5635 recreans,
2492 5571 2542 5625 ei
2574 5572 2681 5624 vim
2730 5583 2783 5624 et
2819 5571 3077 5641 gaudium
3124 5571 3379 5641 prahuit.

1814 5660 1906 5715 Illa
1932 5661 2095 5730 igitur
2148 5662 2200 5714 in
2247 5676 2385 5731 opus
2409 5678 2667 5716 manuum
2701 5663 2872 5732 ipsius
2924 5664 3067 5717 actio
3098 5665 3257 5717 caecis
3309 5662 3390 5712 vi-

1813 5768 1934 5809 sum
1968 5754 2212 5823 largitur,
2246 5753 2909 5824 paralyticum'astringit,
2958 5755 3384 5823 quatriduanum

1814 5853 2091 5901 mortuum
2148 5846 2377 5901 suscitat
2414 5862 2479 5903 ex
2524 5848 2795 5916 sepulcro,
2843 5859 2896 5902 et
2944 5849 3227 5901 innumera
3280 5843 3385 5899 alia

3004 5942 3040 6000 Ιι
