4198 6440
815 412 888 476 99
1967 417 2196 478 PI-IOTI
2205 419 2228 476 Ι
2267 419 2772 482 I'ATRIARCHIE
2799 425 2907 484 CP.

2499 423 2772 482 ARCHIE
2799 425 2907 484 CP.

3969 433 4066 500 ιοο

821 535 1069 580 naturam
1099 523 1415 579 excedentia
1441 537 1604 594 opera
1640 526 1913 593 ostendit;
1939 544 2061 596 quae
2079 531 2205 583 dum
2226 529 2390 584 bene-
2422 540 2465 594 Α
2495 550 2616 585 mw
2650 537 2957 603 χαρίζεται,
2992 539 3272 608 παράλυτο

2495 550 2616 585 πειν
2650 537 2957 603 χαρίζεται,
2992 539 3304 608 παράλυτον
3332 541 3570 611 σφίγγει,
3596 551 3920 616 τεταρταῖον
3970 555 4066 602 ἀν-

822 617 1070 672 volentire
1119 615 1322 685 regulis
1351 624 1407 669 et
1454 616 1664 685 legibus
1691 617 1851 672 cllicit
1889 617 2152 674 Dominus
2181 629 2381 683 noster,

819 709 1138 766 benelicium
1179 709 1227 763 ei
1277 709 1571 778 exprobrat
1616 709 1864 780 ingratus
1884 709 2194 766 Judaeorum
2217 727 2386 782 popu-

821 804 925 866 lus,
976 802 1214 855 Sabbato
1265 802 1503 854 debitam
1538 803 1938 856 venerationem
1987 811 2303 872 praetextum
2336 813 2388 857 et

820 911 932 948 suae
992 893 1210 947 invidia:
1265 893 1593 964 malitireque
1641 894 1817 948 velum
1880 895 2146 964 objiciens
2191 898 2388 950 :autlit

819 1001 946 1040 vero
981 985 1288 1046 Dominum.
1348 994 1462 1039 tum
1519 995 1787 1056 quatenus
1817 987 2081 1042 Dominus
2119 997 2224 1050 est.
2268 999 2381 1042 tum

818 1088 1087 1148 quatenus
1142 1079 1404 1146 magister
1430 1085 1486 1132 et
1538 1079 1798 1146 salvator,
1827 1081 2132 1135 dicentem:
2189 1081 2388 1136 «Pater

821 1189 971 1227 mens
1002 1187 1176 1241 usque
1201 1171 1365 1225 modo
1393 1181 1651 1240 operatur
1677 1182 1732 1226 et
1758 1187 1857 1242 ego
1890 1187 2086 1242 operor
2105 1174 2226 1226 "'.i
2251 1172 2385 1227 Dum

819 1275 996 1318 autem
1029 1266 1252 1334 ingratis
1279 1263 1480 1320 Jndeis
1535 1265 1696 1319 istam
1757 1266 2000 1334 corporis
2027 1267 2386 1328 curationem,

817 1358 941 1424 quia
988 1355 1226 1410 Sabbato
1281 1355 1421 1410 facta
1480 1367 1618 1421 erat,
1662 1357 2097 1426 vituperantibus
2143 1366 2198 1412 et
2244 1358 2390 1412 blas-

819 1448 1198 1519 pbcmantibus
1262 1448 1335 1502 ita
1404 1448 1669 1502 Dominus
1699 1463 1763 1503 os
1809 1448 2048 1513 obturat,
2113 1465 2213 1505 nos
2245 1451 2391 1504 clare

815 1542 1006 1594 edocet
1072 1538 1141 1591 ab
1202 1537 1575 1606 hujuscemodi
1632 1536 1892 1607 operibus
1941 1554 2116 1608 neque
2175 1538 2388 1592 Patrem

818 1629 1180 1698 requiescere.
1224 1642 1402 1698 neque
1439 1627 1678 1698 seipsum
1707 1629 1921 1699 operari
1970 1631 2240 1684 desinere.
2312 1628 2390 1683 Ex

819 1727 917 1778 bac
942 1723 1103 1792 igitur
1139 1721 1350 1775 Domini
1401 1723 1753 1791 responsione
1796 1734 1848 1778 et
1903 1737 1972 1778 ex
2001 1724 2232 1779 diversis
2263 1739 2390 1792 ope-

2494 628 2617 696 ιστᾷ
2645 626 2739 678 τοῦ
2773 628 2965 694 τάφου,
3009 632 3102 682 καὶ
3135 633 3387 698 κρεῖσσον
3416 635 3447 703 ἢ
3480 637 3848 707 ἀριθμεῖσθαι,
3900 640 4070 710 ὕπερ-

2489 718 2601 787 φυῆ
2623 717 2760 788 ἔργα
2783 721 3096 784 ἐπεδείξατο
3116 739 3128 752 ⁸
3157 723 3192 776 ἃ.
3219 725 3310 776 τοῦ
3347 727 3616 779 Δεσπότου
3653 729 4069 801 φιλανθρωπίας

2487 812 2599 881 ὅρῳ
2629 815 2720 864 καὶ
2741 813 2890 881 νόμῳ
2923 815 3410 883 διαπραττομένου,
3462 819 3767 883 ἐξονειδίζει
3822 823 3925 891 μὲν
3971 823 4071 892 τὴν

2491 899 2814 968 εὐεργεσίαν
2847 902 2877 954 6
2917 903 3212 972 ἀχάριστος
3249 904 3357 955 τῶν
3401 906 3671 960 Ἰουδαίων
3707 907 3918 978 δῆμος,
3968 913 4067 981 τὴν

2487 987 2582 1040 τοῦ
2614 988 2891 1042 Σαϐϐάτου
2932 992 3094 1062 τιμὴν
3142 994 3412 1064 πρόφασίν
3450 1013 3510 1048 τε
3559 999 3651 1051 καὶ
3692 1001 4071 1070 προκάλυμμα

2489 1078 2583 1130 τοῦ
2612 1078 2809 1146 φθόνου
2837 1081 3050 1150 καὶτῆς
3074 1084 3334 1154 πονηρίας
3371 1085 3806 1156 προϐαλλόμενος
3833 1103 3847 1117 ·
3876 1091 4068 1144 ἁκοίει

2489 1168 2545 1220 δέ
2572 1168 2722 1239 παρὰ
2752 1169 2848 1223 τοῦ
2875 1174 3145 1224 Δεσπότου
3175 1173 3334 1226 τοῦτο
3361 1175 3461 1243 μὲν
3500 1178 3867 1240 Δεσποτικῶς,
3905 1179 4069 1233 τοῦτο

2488 1259 2544 1312 δὲ
2568 1259 2962 1324 διδασκαλικῶς
2981 1279 3036 1315 τε
3056 1264 3150 1316 καὶ
3173 1265 3525 1335 σωτηριωδῶς
3551 1285 3562 1295 ·
3603 1287 3621 1318 ι
3649 1268 3704 1322 '0
3736 1270 3932 1340 Πατήρ
3967 1289 4068 1340 μου

2491 1350 2596 1412 ἓως
2635 1352 2762 1422 ἄρτι
2808 1351 3122 1422 ἐργάζεται,
3147 1355 3301 1422 κάγὼ
3334 1358 3654 1428 ἐργάζομαι.
3690 1377 3710 1410 ι
3742 1359 3907 1415 una:
3943 1364 4070 1426 τοὺς

2494 1443 2592 1510 μὲν
2630 1443 2958 1513 ἀχαρίστους
2993 1443 3285 1508 Ἰουδαίους
3325 1445 3422 1517 τὴν
3454 1451 3583 1519 περὶ
3611 1450 3672 1502 τδ
3710 1451 3871 1521 σῶμα
3904 1451 4073 1523 θερα-

2495 1534 2653 1586 πείαν
2685 1536 2766 1586 ὃτι
2795 1537 2984 1602 γέγονε
3024 1537 3286 1608 Σαϐϐάτῳ
3332 1537 3681 1610 διασύροντας
3725 1543 3820 1594 καὶ
3865 1544 4071 1614 δυσφη-

2494 1624 2730 1692 μοῦντας
2755 1625 2929 1688 οὕτως
2954 1628 2981 1678 6
3012 1630 3292 1700 Δεσπότης
3339 1630 3724 1701 ἐπιστομίζων,
3748 1634 3964 1688 τούτων
4008 1654 4069 1688 τε

2492 1716 2588 1768 καὶ
2633 1716 2742 1771 τῶν
2786 1717 3042 1770 τοιούτων
3086 1718 3263 1790 ἔργων
3313 1724 3451 1792 μήτε
3479 1721 3570 1775 τὸν
3602 1723 3820 1794 Πατέρα
3847 1727 4070 1779 πεπαῦσ

818 1818 1084 1870 ιάιὶοιιιιιη
1120 1815 1534 1870 cltaracteribus
1562 1814 1720 1869 facile
1756 1814 1852 1868 tibi
1893 1825 1975 1869 est
2025 1815 2328 1887 intelligere
2357 1833 2385 1870 a
2423 1886 2430 1887 ί
2496 1798 2638 1873 σθέιι,
2673 1809 2807 1878 μήτε
2835 1811 2998 1864 αὑτὸν
3029 1811 3126 1881 τῆς
3151 1815 3273 1883 ἑργο

2496 1798 2638 1873 σθαι,
2673 1809 2807 1878 μήτε
2835 1811 2998 1864 αὐτὸν
3029 1811 3126 1881 τῆς
3151 1813 3411 1883 ἐργασίας
3447 1812 3634 1885 λήγειν
3669 1817 3881 1886 τρανῶς
3919 1819 4072 1886 ἡμᾶς

817 1907 1016 1977 quibus
1044 1907 1298 1974 operibus
1334 1907 1701 1974 requieverint
1726 1905 1887 1960 Pater
1921 1915 1974 1961 et
2014 1886 2385 1977 Filius,qua:-
2420 1886 2458 1942 Β
2488 1900 2812 1964 ἀνεδίδαξεν·
2864 1902 2996 1956 Ἀπὸ
3015 1903 3071 1955 δὲ
3103 1907 3199 1974 τῆς
3223 1908 3273 1956 Δί

2490 1900 2812 1964 ἀνεδίόαξεν.
2864 1902 2996 1956 Ἀπὸ
3015 1903 3071 1955 δέ
3103 1907 3199 1974 τῆς
3223 1906 3562 1975 Δεσποτικῆς
3586 1906 3918 1975 ἀποφάσεως
3936 1909 4070 1961 ταύι-

821 2013 946 2051 nam
985 2005 1164 2051 autem
1225 2011 1398 2065 usque
1449 1997 1613 2050 modo
1676 2011 1784 2050 non
1837 1997 2090 2052 desinant
2148 2000 2386 2068 operari.

819 2086 1042 2142 Creator
1071 2086 1347 2140 enimvero
1377 2085 1712 2140 substantias
1762 2087 2084 2154 jamdudum
2123 2091 2388 2143 termina-

821 2179 931 2244 vit;
983 2178 1113 2234 dum
1161 2188 1342 2234 autem
1379 2178 1810 2248 incorruptibilia
1871 2195 1934 2235 ea
1962 2196 2085 2249 quae
2116 2183 2385 2246 condidit,

822 2281 1025 2334 servat,
1076 2272 1314 2340 itemque
1378 2271 1578 2326 illmsas
1633 2282 1687 2326 et
1746 2287 1853 2326 non
1904 2273 2240 2329 adulterinas
2268 2291 2390 2330 esse

822 2381 1011 2420 eorum
1042 2367 1308 2420 essentias
1349 2380 1446 2419 sua
1477 2365 1819 2434 providentia
1851 2379 2135 2435 procurat,
2187 2379 2240 2423 et
2287 2368 2388 2422 im-

822 2460 1055 2528 positum
1085 2457 1332 2511 ordinem
1365 2457 1727 2527 semitamque
1761 2459 2152 2514 immutabilem
2190 2468 2393 2524 servat,

824 2550 1048 2604 minime
1080 2549 1333 2604 videntur
1349 2563 1567 2602 cessare
1604 2564 1776 2619 neque
1793 2549 1972 2617 Pater,
1997 2566 2173 2621 neque
2203 2551 2393 2614 Filius,

825 2655 999 2712 neque
1022 2639 1183 2695 etiam
1244 2639 1482 2708 Spiritus
1527 2651 1772 2695 sanctus.
1835 2641 2395 2709 Supersubstantialis

823 2735 964 2788 enim
986 2742 1040 2789 et
1062 2733 1450 2803 omnipotentis
1475 2743 1527 2787 et
1569 2735 1748 2786 omnia
1806 2737 2045 2789 creantis
2074 2737 2395 2789 substantia:

827 2841 931 2880 una
963 2834 1121 2880 estet
1147 2826 1398 2880 voluntas
1425 2833 1480 2879 et
1510 2825 1752 2895 potentia
1790 2832 1842 2877 et
1869 2825 1981 2885 vis;
2039 2825 2392 2879 manifestum

825 2925 906 2971 est
939 2927 1114 2968 autem
1167 2930 1230 2969 ea
1286 2917 1418 2969 born
1463 2931 1572 2986 qua
1605 2917 1758 2985 signa
1812 2929 1911 2968 sua
1935 2911 2182 2965 Salvator
2214 2925 2397 2966 llOs‘ltfl'

834 3011 1182 3078 operabatur,
1243 3019 1526 3080 operatum
1589 3025 1710 3064 esse
1765 3009 1983 3078 quidem
2031 3005 2253 3072 Filimn,
2315 3008 2390 3060 illi

829 3115 957 3154 vero
990 3110 1308 3170 cooperatos
1337 3115 1459 3154 esse
1491 3100 1707 3154 Patrem
1731 3107 1785 3153 et
1817 3096 2080 3168 Spiritum
2116 3108 2391 3152 sanctum.

2484 2008 2582 2060 της
2618 1996 2712 2046 καὶ
2751 1993 2786 2046 ἃ
2817 1994 2925 2064 πρὸ
2961 1995 3190 2067 βραχέος
3220 1995 3588 2067 διευκρίνησεν
3611 1997 3640 2049 6
3673 1997 3827 2064 λόγος
3861 2015 4070 2066 σημαιο

2485 2085 2687 2153 νόμενα
2715 2086 2814 2155 τῆς
2843 2088 3107 2157 ἐργασίας
3139 2088 3361 2160 εὐχερές
3390 2089 3504 2142 ἐστί
3542 2106 3621 2144 σοι
3651 2090 3858 2155 λαϐεῖν,
3899 2093 4071 2144 ποίων

2491 2177 2588 2246 μὲν
2621 2176 2798 2248 ἔργων
2838 2179 3180 2232 κατέπαυσεν
3215 2184 3241 2234 6
3273 2183 3460 2253 Πατὴρ
3491 2185 3584 2235 καὶ
3616 2185 3644 2236 6
3685 2182 3832 2247 Υἱὸς,
3863 2183 3990 2237 τίνα
4016 2183 4071 2234 δὲ

2490 2269 2651 2340 μέχρι
2678 2269 2774 2322 τοῦ
2819 2273 2916 2324 νῦν
2964 2273 3023 2324 οὐ
3091 2271 3326 2326 παύεται
3382 2275 3780 2344 ἐργαζόμενος’
3811 2276 3907 2328 καὶ
3963 2278 4071 2344 γὰρ

2486 2362 2836 2431 δημιουργῶν
2864 2365 2964 2434 μὲν
2983 2366 3082 2426 τὰς
3112 2365 3300 2433 φύσεις
3328 2366 3492 2419 πάλαι
3517 2366 3888 2430 κατέπαυσεν,
3917 2367 4072 2420 ἀδιά-

2488 2452 2662 2521 φθορα
2694 2451 2750 2504 δὲ
2792 2452 3264 2524 δημιουργηθέντα
3325 2453 3640 2524 συντηρῶν,
3683 2453 3950 2516 ὡσαύτως
4013 2455 4070 2505 δὲ

2489 2543 2582 2594 καλ⁵
2605 2543 3100 2614 ἀπαραχαράκτους
3128 2545 3222 2596 καὶ
3240 2544 3660 2612 ἁκιϐδηλεύτους
3679 2544 3778 2606 τὰς
3804 2544 4071 2613 ὀλότητας

2491 2634 2599 2687 τῶν
2635 2635 3007 2689 οὐσιωθέντων
3039 2637 3126 2689 διὰ
3164 2635 3265 2703 τῆς
3298 2636 3461 2690 αὐτοῦ
3496 2635 3735 2706 συνέχων
3783 2637 4067 2706 προνοίας,

2491 2727 2586 2778 καὶ
2613 2727 2712 2796 τὴν
2736 2727 3043 2780 ἐντεθεῖσαν
3073 2729 3326 2794 εὐταξίαν
3349 2745 3408 2780 τε
3431 2727 3631 2780 καὶτὸν
3653 2726 3868 2798 είρμδν,
3892 2727 4066 2780 άναλ-

2491 2818 2686 2870 λοίωτα
2752 2820 3053 2891 συντηρῶν,
3113 2822 3348 2891 οὐδαμοῦ
3409 2822 3655 2888 φαίνεται
3715 2822 4071 2887 πεπαυμένος

2491 2909 2612 2961 οὐτε
2640 2911 2668 2962 6
2703 2911 2891 2982 Πατὴρ
2923 2911 3046 2965 οὔτε
3086 2916 3113 2965 6
3151 2914 3300 2977 Υἱὸς,
3333 2914 3392 2965 οὐ
3426 2914 3529 2982 μὴν
3556 2913 3670 2966 ἀλλ’
3695 2914 3816 2966 οὐδέ
3844 2913 4074 2982 Πνεῦμα

2489 3003 2551 3056 τὸ
2575 3004 2729 3071 ἅγιον
2753 3021 2766 3034 ο
2796 3005 2894 3072 τῆς
2930 3005 3037 3074 γὰρ
3073 3005 3398 3074 ὐπερουσίου
3435 3007 3528 3058 καὶ
3558 3006 4072 3074 παντοκρατορικῆς

2493 3097 2589 3150 καὶ
2611 3096 3013 3166 δημιουργικῆς
3040 3097 3146 3148 τῶν
3176 3097 3312 3148 ὅλων
3333 3096 3519 3161 οὐσίας
3545 3096 3641 3166 μία
3670 3113 3728 3148 τε
3758 3100 3850 3148 καὶ
3879 3098 3914 3164 ἡ
3933 3097 4074 3164 αὐτὴ

828 3189 1083 3258 βούλησις
1101 3190 1196 3243 καὶ
1214 3189 1442 3258 δύναμις
1466 3189 1562 3242 καὶ
1589 3189 1840 3258 ἐνέργεια
1867 3202 1880 3216 ·
1915 3187 2072 3257 δῆλον
2097 3187 2154 3239 δέ
2185 3187 2260 3250 ὡς
2279 3188 2401 3240 κατ’
2441 3188 2620 3238 ἐκεῖνο
2648 3184 2842 3254 καιροῦ
2903 3186 3024 3237 καθ’
3048 3186 3077 3238 δ
3129 3188 3226 3248 τὰς
3267 3186 3594 3258 θεοσημείας
3622 3188 3650 3240 6
3680 3187 3872 3258 Σωτὴρ
3914 3187 4076 3258 ἡμῶν

829 3279 1094 3344 ἐπετέλει,
1125 3277 1439 3348 είργάζεται
1469 3276 1570 3346 μὲν
1596 3279 1623 3329 6
1650 3275 2174 3346 Υίδς,συνεργάζετο
2198 3274 2254 3327 δὲ
2278 3274 2426 3344 αὐτῷ
2454 3272 2640 3345 Πατὴρ
2680 3275 2776 3328 καὶ
2805 3275 2865 3326 τὸ
2890 3275 3042 3341 ἅγιον
3070 3276 3309 3346 Πνεῦμα.

1385 3384 1719 3453 QUASSTIO
1751 3384 1840 3437 ιιι.

831 3483 939 3536 Cur
981 3497 1106 3536 usus
1146 3490 1222 3535 est
1267 3479 1380 3533 luto
1416 3479 1692 3542 Durnium,
1742 3495 1842 3529 non
1887 3486 2060 3530 autem
2089 3477 2196 3528 alio
2220 3477 2395 3540 modo,

1253 3561 1310 3602 ut
1345 3549 1523 3602 oculos
1564 3550 1691 3601 cazci
1725 3549 1976 3600 curaret?

3075 3388 3405 3442 ΕΡΩΤΗΣΙΣ
3429 3390 3504 3444 l".

2506 3477 2612 3552 Διᾲ
2640 3478 2696 3530 τί
2718 3478 3100 3552 χρησάμενος
3131 3479 3306 3552 ,πηλῷ
3336 3484 3369 3536 d
3424 3483 3751 3552 Δεσπότης,
3783 3481 3950 3536 ἀλλὰ
3987 3483 4077 3552 μὴ

2576 3548 2742 3670 ἀλλ,ρί
2787 3550 3000 3627 τρόπῳ,
3053 3551 3192 3613 τοὺς
3256 3551 3600 3620 ὀφθαλμοὺς
3643 3551 3929 3615 ἐξιάσατο
3968 3548 4078 3607 τοῦ

2577 3634 2712 3684 τινες.
2741 3634 2852 3680 ου;

1655 3722 1796 3773 Edita
1825 3735 1852 3769 a
1874 3721 2016 3782 Maio,
2039 3723 2071 3770 l.
2094 3735 2138 3770 c.
2161 3736 2212 3785 p.
2235 3724 2281 3770 3.
2307 3725 2378 3774 De
2402 3727 2658 3777 sanatione
2681 3728 2795 3778 caeci
2821 3734 2939 3779 nati.
2975 3730 3115 3779 Joan.
3141 3743 3206 3790 Ix,
3228 3731 3273 3777 6.

898 3837 1043 3892 Luto
1064 3851 1200 3891 usus
1219 3835 1575 3899 estCreator,
1607 3849 1730 3889 cum
1767 3849 1910 3890 caaco
1953 3834 2234 3888 innovavit
2272 3848 2404 3888 ocu-

832 3933 938 3995 los,
975 3941 1034 3986 ut
1066 3927 1444 3984 dubitantibus
1463 3928 1737 3997 quomodo
1759 3927 1826 3982 de
1846 3934 1988 3981 terra
2009 3927 2218 3996 primus
2240 3926 2401 3981 homo

835 4023 1101 4077 formatus
1129 4019 1313 4086 fuerit,
1359 4034 1425 4074 eo
1479 4018 1624 4088 quod
1662 4019 1823 4088 lmjns
1863 4019 2104 4072 creation
2126 4019 2172 4073 is
2215 4019 2400 4072 nullus

833 4117 1018 4169 aderat
1045 4113 1319 4182 inspector
1347 4120 1401 4165 et
1434 4112 1612 4174 testis,
1659 4119 1890 4164 mentem
1913 4109 1980 4162 ad
2021 4110 2251 4164 solidam
2291 4111 2400 4163 eri-

835 4216 986 4276 geret
1016 4206 1197 4258 tidem.
1268 4203 1400 4257 lllud
1445 4201 1590 4256 enim
1637 4201 1782 4255 circa
1805 4200 2186 4270 dignissimum
2221 4201 2399 4254 bomi-

836 4300 925 4351 nis
974 4296 1346 4350 membrorum
1393 4292 1672 4363 opilicium
1719 4291 1892 4347 oculis
1924 4290 2170 4346 omnium
2195 4304 2399 4360 propo-

836 4391 1022 4452 situm,
1038 4398 1096 4443 ut
1112 4397 1166 4442 et
1182 4391 1244 4442 de
1258 4387 1469 4442 caeteris
1491 4385 1736 4456 corporis
1751 4385 2015 4455 partibus,
2041 4384 2236 4454 quibus
2251 4382 2401 4437 ellin-

837 4480 1026 4548 gendis
1055 4479 1234 4533 nullus
1289 4477 1478 4532 aderat
1520 4477 1736 4541 oculus,
1778 4492 1938 4531 nemo
1969 4478 2202 4531 incertas
2222 4473 2401 4529 difﬁn-

836 4572 966 4624 dere
991 4568 1290 4623 sententias
1326 4565 1554 4631 dubitet,
1605 4565 1832 4619 multam
1858 4565 1966 4618 vim
2004 4576 2058 4619 et
2091 4565 2399 4618 lirmitatem

2578 3839 2742 3908 Πηλῷ
2763 3840 2818 3891 δέ
2853 3842 3192 3910 χρησάμενος
3218 3841 3245 3892 6
3279 3839 3522 3909 Πλάστης
3545 3839 3856 3909 ὀφθαλμοὺς
3885 3842 4078 3893 ἐκαιν-

2505 3929 2771 4001 ούργησεν
2822 3933 2899 4001 τῷ
2945 3932 3148 4001 τυφλῷ,
3187 3932 3273 3985 ἵνα
3310 3931 3418 3984 τῶν
3459 3932 3883 4002 διαπορούντων,
3959 3934 4079 3995 πῶς

2506 4024 2613 4075 ἀπὸ
2649 4025 2750 4092 γῆς
2774 4025 2800 4074 ὁ
2827 4023 3040 4093 πρῶτος
3072 4023 3358 4092 ἄνθρωπος
3405 4022 3672 4092 ἐπλάσθη,
3709 4024 3948 4096 ἐπείπερ
3977 4026 4080 4094 τῆς

2505 4113 2760 4182 τοιαύτης
2794 4115 3156 4185 δημιουργίας
3190 4115 3363 4176 οὐδεὶς
3409 4115 3651 4184 ἐπόπτης
3689 4115 3808 4168 οὐδέ
3863 4118 4078 4185 μάρτυς

2506 4203 2762 4273 εἱστήκει,
2799 4206 2896 4274 τὴν
2951 4205 3177 4273 γνώμην
3216 4205 3294 4266 είς
3340 4203 3706 4274 ἁναμφίϐολον
3757 4204 4080 4275 συμϐιϐάση

2507 4294 2688 4345 πίστιν
2718 4311 2730 4323 ο
2763 4297 2794 4364 ἡ
2827 4296 2934 4366 γὰρ
2956 4298 3081 4366 περὶ
3100 4297 3161 4349 τὸ
3205 4293 3530 4365 τιμιώτατον
3554 4294 3660 4347 τῶν
3677 4296 3732 4346 ἐν
3753 4295 3829 4363 τῷ
3859 4295 4056 4364 σῶμα-ε

2504 4385 2596 4436 τοῦ
2623 4385 2911 4456 ἀνθρώπου
2941 4387 3118 4457 μελῶν
3166 4387 3497 4457 δημιουργία
3535 4385 3628 4440 ὑπ’
3661 4385 3783 4454 (ni/tv
3817 4387 4079 4439 ἁπάντωι

2507 4479 2831 4546 προτεθεῖσα
2870 4481 2963 4531 καὶ
2991 4479 3120 4550 περὶ
3149 4481 3332 4533 λοιποῦ
3353 4479 3624 4550 σώματος,
3652 4473 3695 4547 ᾧ
3714 4479 4080 4550 πλαττομένῳ

2506 4569 2730 4638 οὐδεμία
2755 4569 2874 4638 δψις
2902 4573 3212 4640 ἐφεστήκει,
3253 4572 3328 4641 μὴ
3351 4572 3664 4641 ἁμφιϐάλλῃ
3712 4570 3899 4640 μηδεὶς
3933 4573 4079 4625 άπο-

837 4661 1059 4732 praabet.
1112 4657 1213 4714 Ubi
1266 4659 1413 4714 enim
1469 4657 1617 4712 videt
1672 4656 1807 4710 illud
1844 4656 1991 4726 quod
2037 4656 2089 4709 in
2127 4655 2284 4708 nobis
2318 4662 2402 4708 est
2511 4663 2776 4730 ρουμένας
2805 4662 3176 4733 διασχίζεσθαι
3205 4681 3273 4730 γν.

2511 4663 2776 4730 ρουμένας
2805 4662 3176 4733 διασχίζεσθαι
3205 4663 3447 4732 γνώμας,
3498 4663 3737 4734 μεγάλην
3783 4662 3940 4732 ίσχὺν
3985 4665 4080 4716 καὶ

838 4754 1101 4824 optimum
1152 4763 1207 4808 et
1266 4750 1648 4821 dignissimum
1698 4765 1856 4805 suam
1891 4747 2306 4819 plasmationem
2351 4755 2405 4800 et
2513 4752 2802 4821 βεϐαίωσιν
2855 4755 3124 4824 παρέχεισ
3153 4748 3233 4817 οἷς

2513 4752 2802 4821 βεϐαίωσιν
2855 4755 3085 4824 παρέχει
3111 4771 3124 4785 ·
3153 4748 3233 4817 οἷς
3274 4754 3382 4823 γὰρ
3421 4755 3485 4807 ἄν
3513 4771 3593 4816 τις
3627 4756 3688 4806 τὸ
3737 4754 3964 4820 ἄριστόν
4016 4771 4078 4805 τε

839 4847 1198 4903 substantiam
1254 4861 1322 4900 ex
1374 4846 1486 4898 luto
1516 4845 1830 4910 deduxisse,
1885 4840 2156 4912 quomodo
2182 4856 2292 4896 non
2325 4839 2403 4893 in-
2437 4865 2480 4918 ι)
2511 4843 2604 4895 καὶ
2653 4843 2980 4913 τιμιώτατον
3026 4845 3133 4896 τῶν
3165 4846 3221 4896 ἐν
3250 4846 3273 4913 ἦ

2511 4843 2604 4895 καὶ
2653 4843 2980 4913 τιμιώτατον
3026 4845 3133 4896 τῶν
3165 4846 3221 4896 ἐν
3250 4846 3379 4914 ἡμῖν
3426 4846 3489 4897 ἐκ
3524 4843 3693 4915 πηλοῦ
3741 4844 3838 4909 τὴν
3875 4844 4080 4897 πλάσιν

841 4953 1108 4992 concusso
1166 4944 1490 5005 argumento
1538 4943 1595 4988 et
1641 4945 1833 4988 caetera
1884 4948 2088 5003 organa
2124 4947 2189 4987 ex
2215 4931 2402 4985 eadem
2509 4934 2605 4986 καὶ
2654 4936 2949 4990 ὑπόστασιν
3002 4938 3100 5006 ὁρᾷ
3164 4953 3273 5004 προς

2509 4934 2605 4986 καὶ
2654 4936 2949 4990 ὑπόστασιν
3002 4938 3100 5006 ὁρᾷ
3164 4937 3548 5006 προαχθεῖσαν,
3603 4935 3716 4996 πῶς
3765 4927 3921 4996 οὗτος
3977 4935 4079 4986 οὐκ

845 5029 1067 5082 materia
1094 5043 1158 5082 ac
1196 5026 1438 5098 potentia
1478 5025 1618 5080 facta
1643 5041 1766 5080 esse
1798 5024 2178 5080 conﬁtebitur?
2231 5022 2404 5078 Caete-
2507 5027 2887 5097 ἀναντιρῤήτῳ
2913 5027 3155 5096 λογισμῷ
3193 5029 3273 5080 καλ

2507 5027 2887 5097 ἁναντιρῤήτῳ
2913 5027 3155 5096 λογισμῷ
3193 5029 3286 5080 καὶ
3325 5027 3383 5080 τὸ
3415 5026 3598 5079 λοιπὸν
3632 5026 3861 5095 ὄργανον
3885 5026 3954 5076 ἐκ
3979 5025 4078 5094 τῆς

845 5134 964 5171 rum
1003 5128 1064 5171 ut
1109 5119 1309 5174 clarius
1345 5119 1526 5174 discas
1557 5120 1610 5173 in
1637 5119 1892 5174 omnibus
1915 5120 1982 5173 iis
2021 5119 2218 5187 quibus
2251 5118 2406 5170 Pater
2506 5117 2676 5185 αὐτῆς
2708 5117 2840 5186 ὕλης
2880 5119 2971 5171 καὶ
2993 5119 3273 5190 δυνάμεως

2506 5117 2676 5185 αὐτῆς
2708 5117 2840 5186 ὕλης
2880 5119 2971 5171 καὶ
2993 5119 3276 5190 δυνάμεως
3296 5118 3683 5189 ἁνομολογήσει
3705 5114 4077 5185 γεγενῆσθαι;

845 5221 902 5263 ιιι
936 5207 1103 5263 Deum
1139 5225 1197 5263 se
1225 5217 1414 5264 notum
1455 5207 1605 5276 facit,
1652 5208 1891 5279 potentia
1941 5223 2132 5277 nempe
2153 5217 2207 5262 et
2235 5208 2399 5276 gloria
2506 5208 2680 5270 ἄλλως
2704 5225 2762 5260 τε
2795 5209 2851 5261 δέ
2891 5210 2973 5263 ἴνα
3015 5211 3168 5264 τοῦτο
3197 5227 3273 5281 τρι

2506 5208 2680 5270 ἄλλως
2704 5225 2762 5260 τε
2795 5209 2851 5261 δέ
2891 5210 2973 5263 ἴνα
3015 5211 3168 5264 τοῦτο
3197 5211 3407 5281 τρανῶς
3451 5209 3734 5280 ἁναμάθῃς
3763 5208 3846 5260 ὅτι
3883 5223 3993 5278 περ
4023 5209 4081 5260 ἐν

843 5311 899 5354 et
918 5299 1222 5354 substantia
1249 5309 1304 5355 et
1331 5299 1727 5364 dominatione,
1780 5300 1835 5354 in
1887 5301 1953 5354 iis
2000 5299 2160 5352 etiam
2202 5296 2398 5351 Filium

846 5391 1209 5460 aequalitatem
1260 5401 1444 5447 tenere
1491 5401 1546 5447 et
1576 5390 2090 5456 immutabilitatem,
2144 5391 2315 5444 lutum
2355 5397 2408 5440 et

846 5497 955 5537 non
1011 5481 1170 5537 aliam
1251 5483 1533 5538 materiam
1598 5485 1739 5554 cepit
1764 5493 1826 5537 ut
1853 5483 2040 5538 oculos
2072 5481 2198 5536 caeci
2235 5480 2408 5535 refor-

847 5583 1054 5639 maret;
1090 5575 1545 5643 quemadmodum
1585 5586 1638 5630 et
1654 5575 1814 5630 Pater
1847 5575 1964 5644 ejus
1992 5574 2258 5629 olimcum
2291 5573 2410 5639 ipso

847 5679 912 5718 ex
953 5664 1068 5718 luto
1095 5665 1368 5720 hominem
1404 5676 1570 5722 creat.
1624 5664 1998 5723 Hanilestatur
2045 5677 2224 5722 autem
2247 5665 2410 5720 etiam

925 5825 989 5855 "’
1022 5822 1173 5880 Joan.
1215 5842 1267 5894 ν,
1301 5826 1388 5880 l7.

2510 5301 2673 5351 πᾶσιν
2702 5295 2780 5363 οἷς
2811 5301 2838 5353 6
2870 5302 3058 5373 Πατὴρ
3093 5303 3152 5356 τὸ
3189 5303 3319 5365 Θεὸς
3350 5298 3490 5356 εἶναι
3520 5301 3866 5372 γνωρίζεται,
3909 5299 4078 5352 δυνά·

2513 5405 2600 5457 μει
2621 5389 2763 5458 λέγω
2788 5393 2880 5446 καὶ
2902 5393 3029 5467 δόξῃ
3051 5395 3144 5447 καὶ
3167 5395 3323 5463 οὐσία
3347 5397 3439 5446 καὶ
3459 5392 3760 5463 κυριότητι,
3782 5392 3840 5442 ἐν
3861 5391 4078 5452 τούτοις

2509 5482 2602 5530 καὶ
2629 5480 2658 5531 6
2683 5480 2806 5545 Υίὺς
2837 5483 2897 5534 τὸ
2931 5483 3042 5537 ἴσον
3068 5485 3210 5552 ἔχειν
3259 5483 3730 5553 καταλαμϐάνεται
3773 5481 3868 5534 καὶ
3899 5481 4082 5549 ἀπαρ-

2513 5572 2808 5636 άλλακτον.
2842 5576 3011 5646 πηλὸν
3045 5577 3137 5630 καὶ
3192 5577 3290 5630 οὐκ
3340 5574 3505 5645 ἄλλην
3551 5573 3684 5646 ὓλην
3737 5570 3917 5624 λαϐὼν
3954 5570 4081 5630 τούς

2515 5663 2825 5736 ὀφθαλμοὺς
2876 5668 3202 5723 ἀναπλάττει
3266 5666 3358 5720 τοῦ
3411 5666 3610 5736 τυφλοῦ
3639 5681 3651 5695 °
3693 5665 3883 5736 ὥσπερ
3931 5661 4026 5716 καὶ
4055 5663 4084 5712 ὁ
