4198 6440
150 439 243 504 101
1101 441 1200 500 AD
1243 429 1832 499 AMPHlLOCIliUM
1869 425 2213 507 QUESTIO
2240 431 2337 509 IV,
2366 434 2436 495 V.
3284 432 3391 499 102

148 549 343 621 Πατὴρ
381 548 540 604 πάλαι
572 550 671 603 σὺν
700 548 851 621 αὐτῷ
897 551 961 604 ἐκ
988 549 1161 619 πηλοῦ
1192 549 1285 602 τὸν
1311 546 1597 619 ἄνθρωπον
1627 544 1723 615 δη·
1754 580 1768 606 ι

1834 545 1981 600 illum
2022 543 2191 601 Deum
2223 546 2316 615 qui
2348 547 2401 600 in
2426 543 2603 601 forma
2627 543 2867 601 hominis
2905 544 3098 614 agebat
3127 554 3182 601 et
3212 547 3387 601 lutum

155 643 447 711 μιουργετο
486 643 941 712 συναναφαίνεται
997 640 1052 694 δὲ
1098 642 1193 694 καὶ
1240 640 1399 693 τοῦτο
1445 639 1527 692 ὅτι
1574 638 1727 708 περό

1823 637 1875 692 in
1905 637 2051 693 ocnli
2101 637 2464 692 substantiam
2511 637 2864 692 convertebat
2894 636 3146 691 eumdem
3174 652 3298 693 esse
3324 651 3391 693 ac

150 732 245 784 νῦν
282 733 341 783 ἐν
365 735 547 803 μορφῇ
580 731 873 802 ἀνθρώπου
904 732 1249 801 χρηματίσας
1275 728 1409 792 Θεὸς
1432 727 1528 782 καὶ
1552 727 1726 798 πηλὸν

1823 744 1945 785 eum
1975 729 2066 799 qui
2129 729 2262 782 olim
2315 728 2592 783 hominem
2644 741 2752 783 una
2810 740 2936 783 cum
2969 724 3128 785 Patre
3176 744 3243 783 ex
3273 729 3389 784 luto

153 822 232 883 είς
272 821 438 890 φύσιν
487 822 838 891 μεταϐάλλων
882 821 1183 892 ὀφθαλμοῦ,
1230 821 1391 883 αὐτὸς
1458 814 1527 889 ἦν
1562 819 1659 872 καὶ
1695 819 1724 871 6

1823 820 2203 891 plasmaverat.

151 908 325 961 πάλαι

148 998 265 1055 λοῦ.

404 909 495 962 τὸν
564 909 855 981 ἄνθρωπον
927 908 1432 981 συμπλαστονργῶν
1500 908 1564 961 ἐκ
1612 924 1722 976 πη-

716 1111 1048 1165 ΕΡΩῘἩΣιΣ
1091 1115 1163 1164 Δ¹.

155 1202 217 1254 τί
236 1200 395 1267 ἐστι,
419 1218 437 1251 ι
462 1201 801 1273 Μισοῦντεςγ
817 1204 912 1255 amt
930 1203 1035 1256 τὸν
1047 1204 1168 1273 ἀπὸ
1184 1202 1292 1270 τῆς
1307 1195 1535 1273 σαρκός
1558 1202 1721 1258 duxt-

648 1272 918 1342 ,ιωμένον
942 1272 1191 1340 priora;
1227 1294 1245 1324 ι

2383 1103 2712 1173 ρυΑΞΒΤΙΟ
2738 1106 2829 1163 ιν.

1825 1197 1965 1264 Quid
1991 1205 2089 1261 est,
2132 1200 2152 1249 ε
2186 1195 2320 1251 Odia
2352 1197 2595 1252 habentes
2635 1208 2682 1252 et
2716 1215 2854 1262 eam,
2889 1212 3003 1267 qun:
3030 1200 3263 1254 carnalis
3288 1201 3390 1263 esi.

2253 1272 2575 1321 maculatam
2604 1270 2836 1322 tunicam
2860 1270 2884 1322 ?
2914 1287 2933 1320 ι

948 1386 1092 1436 Edita
1111 1400 1139 1435 a
1173 1386 1318 1445 Maio,
1340 1387 1375 1435 1.
1408 1396 1452 1437 c.
1473 1401 1522 1449 p.
1545 1382 1593 1446 3,
1617 1385 1663 1434 ι.
1697 1382 1772 1435 De
1792 1381 1899 1431 loco
1918 1380 2144 1443 epistola
2168 1378 2220 1430 S.
2239 1379 2399 1439 Iuda,
2422 1391 2468 1429 v.
2502 1379 2580 1428 23.

225 1491 474 1561 Ἐνδνμα
502 1491 682 1562 γάμου
709 1489 863 1561 παρὰ
896 1494 993 1562 τῆς
1010 1492 1159 1556 θείας
1181 1492 1543 1563 διδασκόμεθα
1571 1493 1713 1561 Γρα-

150 1586 281 1655 φῆς,
334 1585 426 1637 τὸν
469 1584 588 1637 κατ’
613 1584 814 1654 ἀρετὴν
859 1579 998 1636 εἶναι
1040 1583 1155 1653 βίον
1203 1586 1295 1637 καὶ
1320 1584 1597 1638 πολιτείαν
1619 1584 1718 1653 τὴν

148 1677 445 1746 ἐλευθέραν
472 1678 889 1747 ἁμαρτημάτων
934 1677 1028 1729 καὶ
1066 1676 1345 1747 καθαράν·
1373 1676 1441 1747 ἥν
1480 1678 1526 1729 οἱ
1566 1677 1717 1728 ἐστο.

1896 1485 2112 1543 Vcstem
2153 1486 2447 1556 nuptialem
2482 1500 2549 1539 ex
2602 1484 2784 1539 divina
2817 1482 3098 1554 Scriptura
3130 1487 3393 1544 discimus

1823 1594 1943 1635 esse
1979 1594 2122 1645 eam,
2160 1591 2283 1649 quae
2321 1577 2623 1633 secundum
2657 1577 2911 1632 virtutem
2944 1586 3057 1643 est,
3106 1578 3307 1648 vitam,
3338 1590 3395 1635 et

1825 1673 1880 1726 id
1922 1666 2117 1743 agendi
2180 1671 2488 1725 iustitutdm
2524 1669 2667 1739 quod
2700 1671 2939 1739 peccatis
2968 1668 3197 1726 liberum
3234 1682 3317 1729 est
3341 1682 3397 1728 ct

146 1769 415 1837 λισμένοι,
450 1768 549 1837 τῆς
576 1785 637 1821 τε
660 1769 925 1839 μυστικῆς
950 1768 1219 1832 παστάδος
1248 1768 1378 1838 παρ’
1401 1766 1562 1822 αὐτοῦ
1581 1765 1718 1838 Χρι-
1754 1807 1768 1862 1

1824 1779 2058 1836 purum;
2093 1779 2255 1834 qnam
2297 1764 2400 1833 qui.
2435 1762 2609 1817 induti
2651 1766 2813 1827 sunt,
2867 1763 2975 1819 illis
3018 1764 3258 1836 mysticis
3288 1781 3392 1821 nu-

155 1859 291 1912 στοῦ
316 1860 411 1919 τοῦ
435 1860 670 1931 νυμφίου
701 1859 913 1923 ἐπάξιοι
940 1860 1235 1931 κρίνονται,
1267 1862 1360 1913 καὶ
1392 1861 1470 1920 είς
1493 1858 1584 1911 τὸν
1616 1876 1722 1929 μα-

145 1956 345 2024 κάριον
376 1956 581 2009 ἐκεῖνον
616 1955 710 2008 καὶ
725 1953 1050 2009 Δεσποτικὸν
1083 1955 1457 2010 ἀνακλίνονται
1477 1955 1687 2008 δεῖπνον
1706 1966 1723 1983 ⁸

145 2048 195 2097 oi
230 2046 290 2099 δέ
329 2062 393 2112 γε
421 2046 488 2099 τά
505 2045 725 2099 τοιαῦτα
744 2046 853 2098 τῶν
874 2045 1186 2113 ἐνδυμάτων
1215 2043 1565 2116 ῥυπώσαντες
1583 2084 1599 2109 ,
1631 2042 1725 2097 καὶ

148 2138 252 2203 τῆς
299 2137 608 2206 θαυμασίας
655 2136 857 2206 ταύτης
897 2130 1297 2191 ἱπελαύνονται
1350 2136 1721 2199 ἀπολαύσεως,

154 2228 254 2277 καὶ
290 2228 495 2297 πικρὰν
532 2226 630 2297 τὴν
683 2227 907 2297 ἀτιμίαν
941 2228 1282 2297 ὑφίστανται.
1323 2228 1386 2281 Ei
1445 2228 1501 2282 δὲ
1566 2227 1726 2280 τοῦτο

150 2317 579 2388 μεμαθήκαμεν.
612 2317 768 2386 δῆλος
802 2318 867 2372 ἀν
907 2321 990 2390 εῐη
1025 2320 1119 2372 καὶ
1150 2321 1178 2371 6
1216 2319 1366 2387 παρά
1409 2318 1486 2389 τῷ
1526 2318 1721 2372 θεσπεο

149 2409 251 2477 ϐίῳ
289 2408 569 2478 ἀποστόλῳ
587 2408 966 2478 ’ἐσπιλωμένος
989 2410 1319 2481 καλούμενος
1350 2411 1534 2479 χιτὼν,
1559 2410 1617 2463 6v
1635 2412 1725 2463 καὶ

150 2503 335 2567 μισεῖν
367 2502 512 2568 ἡμᾶς
539 2500 719 2561 καλῶς
758 2519 815 2553 τε
855 2504 951 2555 καὶ
992 2501 1213 2565 δικαίως
1255 2502 1721 2571 παρακελεύεται⁶

147 2593 177 2643 6
212 2592 325 2659 γὰρ
351 2594 470 2652 ταῖς
496 2592 790 2661 ἁμαρτίαις
840 2594 1201 2657 κατάστικτος
1233 2593 1327 2646 καὶ
1364 2595 1552 2664 ῥυπῶν
1585 2593 1722 2660 ὅλος,

148 2675 311 2744 οὗτος
350 2685 416 2733 ἀν
452 2682 537 2749 εἴη
570 2684 598 2735 6
636 2683 1007 2752 ἐσπιλωμένος
1045 2685 1230 2753 χιτών.
1260 2684 1429 2737 Τοῦτο
1475 2685 1530 2737 δὲ
1562 2685 1728 2753 σαφέ-

152 2790 245 2825 ετε
256 2790 347 2842 ρον
365 2773 759 2827 ἀνακαλύπτων
783 2774 879 2843 οὐχ
900 2775 1085 2838 ἁπλῶς
1110 2777 1478 2845 ἐσπιλωμένον
1500 2775 1724 2846 χιτῶνα,

1824 1858 1954 1928 ptiis
2004 1855 2071 1910 ab
2110 1857 2228 1926 ipso
2250 1869 2454 1925 sponso
2486 1853 2706 1909 Christo‘
2729 1854 2877 1926 digni
2909 1854 3308 1922 existimantur,
3342 1864 3396 1911 ct

1825 1949 1878 2003 in
1913 1948 2067 2003 beata
2097 1948 2189 2001 illa
2224 1952 2277 2001 et
2310 1946 2454 2016 regia
2512 1959 2667 2000 coena
2728 1946 3074 2001 recumbunt.
3119 1946 3223 2013 Qui
3267 1947 3395 2004 vero

1826 2040 1925 2096 has
1953 2049 2131 2095 vestes
2172 2038 2501 2108 polluerunt,
2536 2040 2604 2093 ab
2635 2038 2719 2092 his
2756 2038 3022 2095 mirandis
3047 2041 3396 2108 expelluntur

1824 2136 2035 2193 deliciis
2063 2147 2114 2192 et
2148 2138 2357 2193 acerbae
2401 2136 2640 2192 infamia:
2675 2137 3061 2205 subjiciuntur.
3099 2137 3212 2193 Hoc
3240 2140 3287 2195 si
3313 2139 3398 2195 di-

1823 2226 2080 2290 dicimus,
2102 2228 2449 2284 manifestum
2478 2227 2634 2283 nobis
2653 2237 2738 2282 est
2759 2226 3009 2298 quamam
3034 2226 3105 2285 sil
3132 2228 3194 2285 ea
3229 2234 3395 2301 quam

1823 2330 1985 2374 vocat
2016 2319 2232 2374 divinus
2248 2319 2542 2388 Apostolus
2564 2320 2891 2375 maculatam
2916 2321 3177 2385 tunicam,
3199 2328 3398 2393 quam-

1825 2425 1931 2481 que
1960 2419 2021 2465 ut
2047 2410 2325 2467 oderimus
2348 2421 2457 2465 tam
2483 2409 2708 2480 pulchre
2737 2420 2790 2466 ct
2813 2412 2961 2482 juste
2993 2408 3239 2469 hortatur
3265 2433 3278 2469 :
3306 2416 3397 2471 illo

1825 2503 1969 2557 enim
2004 2504 2096 2573 qni
2140 2512 2285 2559 totus
2335 2505 2574 2574 peccatis
2617 2504 2976 2575 distinguitur
3013 2522 3077 2561 ac
3108 2508 3393 2577 polluitur.

1826 2593 2197 2649 indubitanter
2230 2594 2321 2649 illa
2355 2596 2626 2649 maculata
2661 2595 2846 2651 tunica
2876 2606 2979 2651 est.
3021 2595 3176 2663 Quod
3218 2599 3399 2653 mani;

1824 2685 2019 2743 festius
2049 2686 2226 2742 adhuc
2255 2687 2537 2743 declarans
2560 2729 2574 2748 .
2615 2704 2722 2743 non
2764 2690 2927 2745 modo
2957 2691 3282 2746 maculatam
3312 2701 3398 2747 tu-

1828 2780 2029 2843 nicam,
2062 2780 2154 2833 sed
2184 2794 2302 2833 eam
2340 2794 2462 2849 quae
2488 2775 2727 2834 carnalis
2756 2789 2859 2844 est,
2904 2782 3035 2837 dicit
3072 2783 3394 2838 maculatam

149 2865 296 2917 ἀλλά
337 2865 427 2918 τὸν
465 2866 573 2917 άπὸ
619 2866 715 2933 τῆς
774 2868 971 2937 σαρκός
1024 2885 1189 2937 φησιν
1232 2868 1600 2935 ἐσπιλωμένον
1634 2869 1729 2921 καὶ

1827 2883 1881 2926 et
1904 2872 2201 2941 pollutam,
2229 2882 2283 2927 ct
2312 2872 2497 2925 omnia
2528 2886 2648 2939 qua:
2680 2876 2810 2926 caro
2836 2875 3173 2942 concupiscit
3203 2878 3396 2929 adver-

149 2958 571 3027 ἐρρυπωμένον,
604 2959 697 3009 καλ⁵
728 2958 826 3009 ὅσα
857 2960 888 3028 ὴ
931 2958 1067 3029 σὰρξ
1092 2959 1432 3029 ἐπιθυμοῦσα
1460 2957 1602 3013 κατά
1633 2958 1726 3011 τοῦ

1828 2982 1923 3022 sus
1951 2965 2224 3035 spiritum,
2248 2972 2490 3019 nostram
2523 2963 2687 3017 vitam
2720 2963 2997 3019 maculant
3022 2973 3077 3019 et
3104 2965 3351 3035 polluunt
3378 2985 3390 3021 :

150 3050 486 3116 πνεύματος,
515 3049 605 3099 τὸν
627 3048 744 3116 βίον
779 3049 939 3118 ἡμῶν
969 3050 1399 3120 κεκηλιδωμένον
1435 3054 1530 3106 καὶ
1563 3054 1729 3106 κατάο

1829 3073 1992 3128 quam
2024 3058 2338 3112 omnimodo
2368 3055 2554 3129 fugere
2613 3071 2712 3112 nos
2751 3056 2941 3122 decet,
3003 3059 3132 3128 quia
3185 3054 3397 3130 mystit—i

152 3152 379 3187 στικτον
417 3135 689 3201 ἀποτελεῖ,
735 3136 795 3189 ὃν
838 3138 1278 3207 ἀποστρέφεσθαι
1326 3140 1491 3192 παντὶ
1543 3142 1768 3211 τρόπῳι

1830 3148 2094 3202 ρωιιοουιί
2146 3146 2341 3218 jannas
2378 3148 2536 3203 nobis
2578 3148 2805 3215 claudit,
2871 3148 2998 3220 quia
3032 3150 3398 3219 pulcherrimo

153 3231 470 3301 προσήκει·
503 3231 584 3282 ὅτι
625 3230 723 3300 τῆς
781 3230 1051 3301 μυστικῆς
1112 3230 1381 3294 παστάδος
1416 3232 1516 3295 τὰς
1559 3233 1728 3302 θύρας

1832 3237 2044 3309 Sponso
2072 3256 2173 3295 nos
2198 3240 2448 3310 indignos
2476 3239 2656 3303 edicit,
2690 3242 2816 3311 quia
2863 3241 3009 3311 large
3037 3258 3066 3296 a
3094 3243 3400 3299 veneranda

152 3324 185 3389 ἡ
193 3326 287 3391 μίν
309 3321 609 3386 ἀποκλείει,
630 3324 711 3375 ὅτι
733 3322 826 3375 τοῦ
848 3321 1014 3374 καλοῦ
1032 3322 1285 3390 Νυμφίου
1304 3326 1445 3376 ποιεῖ
1460 3325 1728 3391 ἀναξίους,

151 3414 367 3467 ὅτιτοῦ
399 3413 628 3485 φρικτοῦ
683 3415 778 3467 καὶ
835 3414 1103 3484 σωτηρίου
1162 3413 1380 3468 δείπνου
1449 3416 1729 3488 πόρρωθεν

151 3520 480 3557 απεΑαυνει.

758 3589 1090 3642 ΕΡΩΤΗΣΙΣ
1112 3590 1184 3644 E'.

154 3682 228 3736 El
256 3683 385 3737 πᾶν
412 3682 479 3735 t6
503 3682 899 3752 ὑποκείμενον
920 3681 1154 3749 ἀνάγκη
1182 3682 1277 3735 καὶ
1309 3681 1397 3750 μὴ
1430 3683 1731 3752 ,βουλόμεο

243 3770 362 3807 νον
412 3752 570 3805 ποιεῖ
625 3753 699 3803 τὰ
749 3750 861 3820 τῆς
909 3752 1052 3816 ,ϐίας
1084 3792 1097 3813 ,
1129 3752 1360 3820 ἀνάγκη
1414 3751 1482 3804 δὲ
1534 3750 1733 3807 ἐλθεῖν

238 3822 315 3873 τὰ
346 3822 666 3875 σκάνδαλα
692 3822 761 3873 ἐν
799 3819 879 3884 τῷ
904 3824 1129 3889 κόσμῳ,
1174 3819 1511 3875 οὐδίκαιον
1562 3822 1732 3890 ἀραῖς

226 3891 606 3960 ὑποϐάλλειν
645 3890 751 3960 τὸν
817 3893 1152 3953 βιασθέντα
1214 3890 1358 3944 οὐδὲ
1388 3890 1519 3960 μὴν
1555 3895 1730 3960 δίκας

229 3959 611 4015 ἀπαιτεῖσθαι
639 3958 745 4013 τοῦ
778 3960 1212 4028 ἁμαρτήματος.

1829 3342 1881 3385 et
1915 3330 2190 3386 dominica
2221 3345 2377 3387 coena
2408 3346 2510 3387 nos
2534 3342 2703 3388 arcet.

2414 3583 2744 3652 QUESTIO
2768 3583 2832 3640 ν.

1833 3678 1965 3734 Cum
1997 3677 2250 3747 quidquid
2270 3679 2567 3732 necessitati
2597 3679 2831 3748 subjocet
2856 3680 3076 3735 invitum
3106 3682 3402 3739 necessitati

1900 3760 2120 3816 pareat,
2172 3764 2371 3802 necesse
2419 3759 2597 3802 autem
2638 3760 2715 3803 est
2754 3761 2809 3803 ut
2853 3752 3091 3805 eveniunt
3150 3755 3402 3809 scandala

1904 3818 2112 3891 (Matth.
2142 3833 2303 3891 ινιιι,
2318 3818 2371 3885 7)
2405 3819 2459 3871 in
2492 3820 2723 3891 mundo;
2748 3820 3005 3887 iniustum
3036 3831 3113 3876 est
3142 3825 3398 3891 impreca-

1903 3886 2132 3943 tionibus
2165 3886 2420 3960 subjicere
2448 3903 2567 3941 eum
2606 3890 2699 3959 qui
2746 3886 2848 3944 vim
2894 3891 3100 3960 patitur
3138 3906 3183 3947 et
3216 3886 3298 3947 ἰιό
3340 3912 3399 3948 eo

1898 3974 2076 4027 pinnas
2109 3959 2309 4027 peccati
2343 3968 2588 4027 repetere.

1386 4076 1526 4126 Edita
1544 4089 1571 4125 a
1594 4075 1735 4139 Maio,
1757 4077 1793 4128 ι.
1814 4090 1883 4139 c.,
1910 4090 1959 4139 p.
1995 4075 2040 4133 4,
2067 4075 2112 4123 5.

229 4161 391 4230 Ἔχει
419 4160 517 4229 μέν
543 4178 595 4213 τι
627 4160 852 4215 πιθανὸν
876 4162 910 4232 ἡ
948 4160 1259 4233 κατασκευὴ
1278 4161 1371 4215 τοῦ
1390 4162 1571 4231 λόγου,
1592 4165 1728 4234 πλὴν

150 4255 248 4306 ἐπὶ
286 4252 483 4323 θύραις
527 4254 622 4305 καὶ
666 4253 728 4305 τὺ
778 4252 1034 4315 δυσσεϐές
1060 4267 1074 4283 ⁸
1109 4255 1424 4325 εἰσπράττει
1482 4257 1592 4326 γάρ
1638 4258 1728 4311 τὸν

150 4346 289 4398 Θεὸν
338 4344 495 4406 δίκας
532 4345 648 4397 ἀνθ’
676 4345 802 4397 ὅτου
855 4345 915 4398 τὸ
972 4344 1291 4415 βιαζόμενον
1348 4347 1585 4413 κολάζει,
1632 4349 1728 4403 καὶ

151 4439 285 4504 περὶ
315 4435 378 4488 τὸ
406 4437 603 4488 οἰκεῖον
640 4437 865 4506 πλάσμα
899 4436 1102 4506 πικράν
1132 4438 1332 4508 ἀφίησι
1384 4439 1483 4508 τὴν
1512 4440 1689 4510 ψῆφον
1711 4456 1723 4469 ·

1903 4160 2076 4218 Habet
2112 4161 2332 4232 quidem
2372 4160 2622 4215 nonnihil
2662 4160 2967 4230 persuasivi
3004 4163 3162 4218 istius
3188 4178 3399 4219 sermo-

1832 4257 1919 4311 nis
1949 4246 2293 4322 compositio,
2326 4252 2418 4307 se‘d
2440 4252 2567 4307 etin
2602 4253 2715 4323 ipsa
2741 4253 2909 4321 janua
2930 4255 3131 4323 impius
3157 4264 3259 4310 est.
3293 4255 3400 4310 Ra-

1834 4346 2034 4399 tionem
2067 4344 2213 4398 enim
2246 4357 2275 4395 a
2318 4339 2432 4395 Deo
2478 4341 2648 4410 exigit
2698 4357 2869 4411 quare
2904 4343 3106 4411 aliquid
3146 4353 3396 4399 coactum

1831 4436 2023 4506 puniat
2054 4444 2109 4488 et
2140 4434 2195 4487 in
2234 4447 2389 4488 suam
2450 4432 2728 4502 propriam
2774 4440 3079 4488 creaturam
3140 4435 3396 4490 acerbum

150 4532 203 4580 εἰ
232 4530 346 4599 γάρ
367 4529 598 4596 ἀνάγκη,
618 4528 771 4599 φησὶ,
798 4529 865 4582 τά
902 4529 1169 4583 σκάνδαλα
1192 4530 1384 4593 ἐλθεῖν,
1419 4534 1512 4585 καὶ
1548 4533 1608 4585 τὸ
1640 4532 1730 4600 γέ-
1760 4521 1768 4575 Ῑ

1834 4527 2045 4582 emittat
2081 4526 2397 4590 decretum;
2453 4525 2497 4578 si
2526 4526 2670 4578 enim
2702 4523 2803 4578 fert
2841 4529 3159 4591 necessitas,
3200 4528 3397 4597 inquit,

152 4638 245 4683 νος
272 4625 307 4690 η
317 4620 442 4689 μῶν
470 4620 530 4683 ἐξ
561 4621 805 4690 ἀνάγκης
844 4619 1109 4674 ἁλώσεται
1147 4625 1260 4685 τοῖς
1306 4624 1619 4687 σκανδάλοις
1640 4640 1653 4653 ·
1683 4624 1732 4676 εἰ

152 4710 198 4761 δ’
231 4710 388 4762 άκων
419 4710 530 4777 ἐγὼ
557 4709 815 4770 δουλεύω,
844 4710 929 4763 διὰ
954 4710 1005 4762 τί
1025 4709 1085 4763 τὸ
1115 4709 1435 4780 βιαζόμενον
1457 4712 1735 4783 παραδρα-

158 4799 301 4865 μὼν,
336 4799 441 4869 ἐμὲ
479 4799 570 4852 τὸν
600 4798 955 4868 βεϐιασμένον
983 4802 1010 4852 6
1052 4799 1245 4870 κριτὴς
1291 4802 1450 4871 ἀραῖς
1496 4801 1731 4855 ὑποϐάλ-

153 4894 239 4945 λει
275 4909 289 4950 ;
328 4893 470 4944 υύαὶ
498 4892 609 4959 γάρ
645 4890 724 4959 τῷ
756 4890 1027 4960 ἀνθρώπῳ
1047 4891 1259 4960 ἐκείνῳ,
1295 4892 1448 4961 φησι,
1480 4891 1546 4945 δι’
1580 4886 1639 4945 οὗ
1663 4893 1732 4945 τὰ

157 4982 441 5037 σκάνδαλα
474 4982 708 5050 ἔρχεται.
743 4981 816 5033 Οὐ
878 4981 986 5049 γάρ
1048 4981 1213 5052 ἐχρῆν
1275 4980 1583 5052 ἐπαρᾶσθαι
1640 4981 1733 5033 καὶ

155 5072 519 5142 ἐπεμϐαίνειν
544 5071 620 5142 τῷ
648 5071 959 5142 ἠδικημένῳ
990 5072 1081 5123 καὶ
1106 5072 1421 5140 τυραννίδος
1461 5070 1732 5142 ἅρπαγμα

156 5164 542 5234 γεγενημένῳ,
576 5162 982 5231 φιλανθρωπίας
1032 5162 1088 5215 δὲ
1144 5162 1343 5231 μᾶλλον
1378 5162 1472 5215 καὶ
1519 5179 1734 5232 συμπαο

156 5252 318 5315 θείας
346 5252 497 5317 ἀξιον
525 5250 764 5318 νομίζειν
787 5269 800 5281 ’
838 5252 925 5303 ἵνα
968 5250 1044 5321 μὴ
1067 5250 1208 5317 λέγω
1241 5252 1335 5305 καὶ
1382 5252 1487 5323 πρὸ
1531 5253 1733 5305 τούτων

155 5348 239 5409 ὡς
269 5346 638 5401 ἀπαλλάττειν
687 5346 791 5399 ἔδει
838 5345 937 5415 τῆς
983 5344 1103 5415 βίας
1138 5345 1199 5398 τὸ
1241 5346 1438 5398 οίκεῖον
1482 5346 1731 5415 πλάσμα.

156 5440 321 5495 Οὕτω
349 5441 449 5510 μὶν
472 5435 567 5493 οὖν
594 5440 658 5493 ἀν
685 5456 767 5500 τις
820 5440 916 5491 καὶ
955 5437 1283 5509 δριμύτερον
1327 5438 1424 5508 τὴν
1455 5438 1551 5509 σὴν
1592 5454 1730 5507 συμ-

159 5531 414 5596 πλέξειεν
445 5529 698 5600 ἀπορίαν.
735 5528 903 5599 Ἀρχὴ
931 5528 976 5581 δ’
1009 5528 1197 5597 ἀνείη,
1220 5528 1375 5594 φασὶ,
1404 5528 1611 5591 λύσεως
1637 5526 1735 5596 τῆς

158 5626 398 5696 ἀπορίας
426 5623 489 5677 τὸ
501 5622 886 5694 κραταιότερον
908 5636 925 5653 ·
952 5621 1014 5673 τδ
1041 5620 1169 5691 γὰρ,
1192 5620 1307 5675 Οὐκ
1329 5620 1514 5691 ἐχρῆν,
1545 5621 1733 5690 φάναι,

167 5717 222 5770 r6
245 5717 450 5769 οίκείον
474 5715 702 5785 πλάσμα
743 5712 1073 5786 ἐπαρᾶσθαι,
1115 5712 1250 5767 ἀλλὰ
1296 5715 1361 5784 τῇ
1405 5715 1564 5782 ποινῇ
1602 5712 1737 5766 καθ-

160 5805 490 5861 υποϐάλλειν
518 5805 619 5879 τῆς
650 5805 769 5876 βίας
796 5806 857 5859 τὸ
894 5805 1087 5870 αἴτιον,
1126 5804 1225 5857 οὐκ
1256 5803 1403 5858 ἐστιν
1426 5803 1553 5860 ἄλλο
1582 5802 1735 5857 τιλέ-

1830 4628 1892 4673 ιιι
1920 4618 2175 4673 eveniant
2204 4615 2462 4669 scandala
2486 4654 2500 4677 ,
2532 4623 2587 4668 et
2624 4625 2873 4670 nostrum
2916 4633 3086 4687 genus
3114 4633 3178 4673 ex
3212 4631 3403 4673 neces-‘

1832 4711 1991 4765 sitate
2020 4708 2291 4763 scandulis
2322 4706 2683 4775 occupabitur
2710 4725 2724 4772 ;
2756 4707 2802 4761 si
2835 4719 3017 4762 autem
3062 4725 3168 4763 non
3212 4709 3400 4763 volens

1831 4800 2030 4862 servio.
2061 4812 2160 4853 cur
2204 4796 2514 4853 necessitati
2567 4811 2675 4850 non
2710 4800 2997 4853 attendens
3045 4798 3243 4869 judex,
3296 4801 3399 4857 etsl

1832 4896 2078 4943 coactum
2113 4886 2248 4942 diris
2274 4886 2535 4941 devovet?
2561 4887 2815 4943 Vaeenim
2846 4890 3052 4943 homini
3084 4890 3401 4961 illi,inquit,-

1832 4995 1928 5050 per
1957 4995 2120 5050 quem
2158 4978 2413 5035 scandala
2442 4979 2726 5034 eveniunt.
2764 4979 2883 5034 Non
2927 4980 3070 5034 enim
3119 4984 3402 5050 oportebat

1834 5071 2125 5141 imprecari
2154 5077 2207 5125 et
2233 5070 2497 5125 insultare
2548 5069 2599 5123 ei
2656 5072 2749 5139 qui
2788 5070 3044 5139 lnjuriam
3102 5086 3295 5141 passus
3346 5084 3403 5128 et

1836 5163 2137 5233 tyrannidis
2169 5162 2349 5231 praeda
2381 5162 2559 5216 factus
2588 5168 2707 5225 est,
2742 5162 2836 5216 sed
2868 5162 3051 5231 patius
3093 5177 3216 5216 eum
3247 5177 3403 5217 coma

1835 5256 2091 5326 passione
2117 5254 2337 5324 dignum
2363 5253 2600 5319 habere;
2636 5267 2704 5308 ne
2736 5253 2913 5307 dicam
2944 5256 3254 5323 oportuisse
3276 5263 3399 5308 ante

1834 5348 2018 5402 omnia
2048 5343 2218 5401 Deum
2260 5345 2353 5399 tali
2385 5345 2655 5400 violentia
2686 5346 2967 5415 pmprium
2996 5347 3201 5415 plasma
3224 5346 3403 5414 eripe-

1834 5453 1916 5493 re.
1948 5438 2025 5491 lta
2046 5438 2191 5493 enim
2215 5447 2269 5492 et
2293 5438 2659 5492 abundantius
2691 5437 2891 5508 aliquis
2922 5453 3077 5492 suam
3104 5438 3405 5492 innecteret

1833 5530 2248 5585 dubitationem.
2281 5529 2498 5585 initium
2551 5542 2729 5586 autem
2784 5532 3097 5597 solutionis,
3127 5531 3404 5602 inquiunt,

1833 5632 1917 5675 est
1952 5622 2065 5689 ipsa
2094 5620 2245 5675 dubii
2271 5621 2432 5688 hujus
2463 5621 2737 5690 praecipua
2761 5637 2906 5691 pom.
2940 5623 3095 5690 Quod
3125 5624 3402 5681 enimait:

1835 5710 1951 5766 Non
1986 5713 2267 5782 oportebat
2300 5712 2519 5781 proprio
2547 5712 2799 5781 plusmati
2827 5714 3133 5783 imprecari,
3167 5714 3260 5769 sed
3292 5727 3406 5782 ρωιά

1838 5817 1920 5856 me
1948 5800 2220 5872 subjicere
2243 5815 2465 5858 causam
2498 5802 2788 5868 violentiae,
2846 5814 2929 5859 est
2976 5803 3200 5873 perinde
3258 5817 3321 5857 ac
3358 5798 3408 5861 si
