4198 6440
809 432 908 496 103

1958 406 2218 471 ΡΗΟΤΙΙ
2257 402 2758 463 PATRIARCH/E
2786 407 2896 467 CP.

3958 398 4063 463 ιοι

804 544 950 595 dicat
981 555 994 590 :
1033 534 1324 604 Oportebat
1360 529 1496 585 diris
1547 541 1742 581 vovere
1786 522 2084 578 hominem.
2134 517 2193 570 Si
2231 512 2374 566 enim
2408 560 2411 568 λ

2494 531 2599 579 ζειν
2626 516 2764 578 ἀλλ’,
2802 517 3002 587 Ἐχρῆν
3032 520 3136 572 ὑπὸ
3161 521 3402 590 κατάραν
3432 515 3700 571 ποιεῖσθαι
3727 515 3818 568 τὸν
3839 513 4060 581 ἄνθρω-

809 633 1049 694 aliunde,
1077 643 1250 696 neque
1275 641 1340 680 ex
1369 632 1552 677 nostra
1583 632 1637 675 et
1668 621 1835 673 libera
1873 614 2147 670 voluntate
2173 624 2374 678 expan-

810 729 1012 779 duntur
1034 718 1312 778 scandala,
1337 716 1534 770 merito
1563 726 1744 768 seruio
1762 711 1849 764 ille
1875 709 2006 777 petit
2034 719 2101 759 ne
2123 703 2248 773 quis
2280 703 2378 754 lio-

814 833 900 871 IIIO
930 811 1417 883 imprecationibus
1446 806 1808 874 subjiciatur;
1856 801 1900 854 si
1935 808 2117 854 autem
2151 794 2378 866 projicio

813 909 927 977 ipse
959 902 1342 959 scaudalorum
1380 898 1588 952 semina
1615 934 1629 957 ,
1673 900 1961 960 postquam
1998 895 2177 940 autem
2211 880 2378 934 semi-

813 973 937 1054 nata
971 1005 1118 1057 sunt,
1155 1005 1376 1046 necesse
1399 998 1484 1042 est
1516 996 1575 1039 ut
1608 985 1856 1040 colantur
1887 990 1940 1034 et
1961 979 2147 1046 spinas
2181 973 2379 1035 (erant,

814 1105 914 1159 ego
961 1085 1055 1155 qui
1093 1084 1224 1138 milii
1260 1082 1373 1150 ipse
1405 1091 1618 1148 pmnam
1657 1091 1752 1145 per
1779 1069 2160 1129 scaudalorum
2198 1064 2382 1132 spinas

814 1155 1122 1240 conciliavi,
1150 1174 1273 1244 jure
1307 1187 1391 1226 me
1423 1179 1476 1224 et
1504 1165 1876 1238 imprecationi
1909 1171 1965 1218 et
1997 1173 2168 1231 preme
2198 1155 2384 1224 subje-

815 1283 964 1327 ctum
994 1268 1165 1323 eﬂicio
1195 1283 1208 1318 :
1245 1278 1352 1318 non
1383 1259 1710 1331 judicareris
1743 1266 1921 1310 autem
1953 1253 2150 1322 dignus
2176 1249 2268 1316 qui
2301 1261 2386 1298 ve-

818 1367 963 1418 niam
988 1374 1078 1414 aut
1099 1355 1529 1414 benevolentiam
1555 1351 1666 1404 ullo
1679 1358 1835 1419 pacto
1860 1341 2386 1415 implorares.Porro

817 1457 907 1509 illa
939 1449 1194 1507 scandala
1220 1458 1347 1504 sunt
1368 1457 1709 1516 quaecunque
1750 1437 2132 1508 impedimenta
2162 1446 2386 1486 moran-

820 1559 906 1602 tur
929 1544 1074 1597 viam
1097 1542 1152 1596 in
1178 1551 1436 1595 aeternam
1471 1537 1634 1589 vitam
1663 1535 1976 1588 ducentem.
2005 1527 2264 1594 Quaenam
2293 1539 2389 1579 au-

2478 626 2612 661 πον·
2648 611 2824 679 εἰμὲν
2865 612 2973 679 γάρ
3024 610 3246 664 ἄλλοθέν
3297 609 3461 662 ποθεν
3513 609 3608 662 καὶ
3655 608 3753 660 οὐκ
3801 603 3912 658 ἀπὸ
3951 602 4060 671 τῆς

2479 702 2752 773 ἡμετέρας
2773 705 2865 756 καὶ
2883 703 3275 756 αὑτοδεσπότου
3291 701 3514 769 γνώμης
3530 696 3765 769 ήπλοῦτο
3795 697 3861 748 τά
3888 695 4062 748 σκάν-

2479 794 2878 857 δαλα,είκὸτως
2903 810 2963 845 τε
3002 793 3068 846 ἂν
3107 793 3306 859 ὁλόγος
3339 792 3538 861 ἀπῄτει
3598 789 3728 859 μηδὲ
3774 789 3938 855 ἀραῖς
3975 802 4062 837 τι·

2482 905 2547 940 να
2573 888 2682 938 τῶν
2708 887 3011 956 ἀνθρώπων
3063 885 3458 937 ὑποϐάλλεσθαι
3479 900 3493 913 ·
3528 884 3579 935 εί
3625 882 3682 935 δὲ
3728 879 4062 932 καταϐάλλω

2487 979 2584 1047 μὲν
2623 976 2734 1044 ἐγὼ
2765 977 2872 1028 τῶν
2911 975 3222 1028 σκανδάλων
3254 975 3323 1026 τὰ
3360 973 3670 1042 σπέρματα,
3701 970 3895 1023 ἐπεὶδὲ
3919 983 4061 1020 κατ-

2485 1069 2708 1137 εϐλήθη,
2747 1068 2962 1135 ἀνάγκη
2996 1068 3088 1118 καὶ
3137 1065 3524 1134 γεωργηθῆναι
3566 1064 3660 1115 καὶ⁵
3705 1061 4064 1130 καρπφορῆ·

2490 1175 2579 1212 σαι
2619 1158 2720 1227 τὴν
2766 1156 3030 1212 ἄκανθαν.
3069 1157 3097 1208 ὁ
3148 1153 3486 1224 προξενήσας
3535 1151 3757 1222 ἐμαυτῷ
3803 1150 3896 1202 διὰ
3953 1147 4068 1198 τῶν

2490 1248 2798 1303 σκανδάλων
2827 1248 2927 1317 τῆς
2966 1245 3208 1314 ἀκάνθης
3240 1247 3302 1298 τὸ
3340 1245 3637 1311 ἐπιτίμιον,
3689 1240 3920 1300 εἰκότως
3971 1238 4067 1289 καὶ

2486 1345 2587 1412 τῆς
2617 1344 2755 1412 ἀρᾶς
2786 1343 2881 1396 καὶ
2917 1341 3013 1410 τῆς
3037 1341 3191 1408 δίκης
3222 1337 3456 1407 έμαυτδν
3487 1335 3794 1405 παρίστημι
3837 1333 4025 1401 ἔνοχον
4051 1347 4065 1360 ·

2489 1436 2606 1486 ἀλλ’
2631 1436 2692 1487 οὐ
2731 1435 3065 1503 συγγνώμην
3088 1432 3248 1485 ποθὲν
3291 1431 3561 1493 ἀπαιτεῖν,
3605 1426 3725 1479 οὐδὲ
3762 1424 4068 1493 φιλανθρωο

2493 1527 2621 1590 πίας
2648 1525 2914 1594 οὐμενοῦν
2942 1522 3180 1594 οὐδαμοῦ
3208 1522 3456 1594 κριθείης
3500 1517 3679 1582 ἄξιος·
3715 1513 3999 1568 σκάνδαλα
4025 1512 4069 1564 δ’

821 1649 927 1692 tem
959 1633 1132 1690 sunt?
1158 1629 1525 1689 Adulterium,
1560 1624 1818 1685 ebrietas,
1843 1620 2072 1682 furtum,
2113 1615 2390 1670 calumnia

2494 1619 2557 1673 ἀν
2587 1621 2773 1674 ὲκείνα
2818 1621 2904 1687 εἴη
2935 1620 3036 1672 ὅσα
3087 1615 3383 1685 κωλύματα
3423 1613 3633 1681 γίνεται
3666 1610 3762 1676 τῆς
3795 1609 3937 1678 πρὸς
3975 1607 4070 1674 τὴν

826 1729 960 1784 etin
999 1724 1191 1796 primis
1217 1718 1572 1776 homicidium
1603 1727 1656 1771 et
1678 1713 1926 1777 avaritia,
1953 1719 2008 1764 et
2051 1719 2391 1778 quaecunque

2494 1714 2638 1786 ζωὴν
2677 1713 2918 1782 ἀγούσης
2949 1710 3070 1765 όδοῦ
3099 1710 3196 1781 τὴν
3222 1707 3470 1761 αἰώνιον·
3503 1707 3626 1758 τίνα
3648 1704 3694 1756 δ’
3715 1703 3834 1756 έστι
3854 1698 4070 1764 ταῦτα;

821 1822 927 1876 alia
962 1834 1029 1872 ex
1061 1817 1127 1872 iis
1163 1815 1303 1870 mala
1327 1813 1616 1872 oriuntur;
1671 1822 1792 1876 qua:
1831 1807 2072 1860 humana
2120 1815 2276 1855 mens
2326 1798 2393 1851 ad

2497 1807 2746 1878 πορνεία,
2785 1805 2946 1875 μέθη,
2993 1802 3193 1872 κλοπὴ,
3225 1796 3548 1860 καταλαλιά,
3576 1796 3672 1848 καὶ
3727 1791 3837 1863 πρὸ
3867 1792 4075 1843 τούτων

826 1913 1118 1984 imaginem
1154 1907 1245 1962 Dei
1283 1905 1450 1968 facta,
1481 1900 1793 1956 indolentia:
1825 1909 1879 1953 et
1925 1895 2168 1952 mollitia:
2193 1892 2392 1956 dedita,

2497 1900 2658 1968 φόνος
2694 1897 2788 1950 καὶ
2811 1895 3146 1966 φιλαργυρία
3183 1892 3277 1946 καὶ
3324 1892 3425 1942 ὅσα
3459 1887 3596 1942 ἀλλα
3639 1884 3784 1939 κακά
3826 1882 3919 1935 διὰ
3953 1879 4075 1932 τού.

827 2015 885 2059 ιιι
918 2007 972 2059 iii
1006 1999 1268 2057 mundum
1314 1995 1536 2050 veniant
1564 1992 1727 2057 facit;
1763 2001 1818 2046 et
1867 2004 1992 2045 cum
2037 1995 2222 2041 creata
2253 1995 2398 2038 esset

2498 2011 2605 2046 των
2630 2008 2644 2021 ·
2680 1991 2825 2061 άπερ
2853 1991 2882 2042 ό
2911 1987 3252 2058 ἀνθρώπινος
3312 1983 3433 2036 κατ’
3465 1980 3650 2035 είκόνα
3681 1975 3821 2031 Θεοῦ
3864 1974 4078 2027 πεπλα-

827 2109 886 2153 υι
912 2101 1230 2167 operaretur
1249 2095 1498 2150 virtutes,
1531 2085 1880 2153 seuietipsam
1896 2080 2074 2136 ell'ecit
2094 2076 2398 2148 operariaui

2502 2085 2698 2155 σμένος
2731 2082 2856 2144 νοῦς
2897 2081 3140 2152 ῥαθυμίᾳ
3179 2079 3272 2131 καὶ
3313 2073 3568 2148 ῥαστώνῃ
3608 2067 3910 2141 παρασχὼν
3958 2066 4077 2118 ἑαν-

827 2191 1200 2259 iniquitstum.
1242 2179 1416 2235 Simul
1455 2189 1635 2232 autem
1675 2186 1837 2243 atque
1884 2189 1946 2228 ex
2002 2171 2160 2226 nobis
2194 2177 2400 2222 motum

2501 2180 2593 2232 τὸν
2625 2178 2705 2240 είς
2730 2177 2823 2230 τὸν
2867 2175 3074 2244 κόσμον
3132 2171 3310 2225 ἐλθεῖν
3364 2165 3772 2238 παρασκευάζει
3797 2178 3811 2191 '
3847 2159 3944 2213 καὶ⁵
3976 2158 4079 2211 τῶν

827 2294 883 2337 et
910 2283 1306 2334 incrementum
1328 2270 1639 2329 istiusmodi
1679 2266 2002 2339 cupiditates
2026 2269 2310 2333 ceperunt,
2336 2275 2402 2314 ex

832 2372 1161 2428 necessitate
1192 2366 1390 2422 deinde
1417 2366 1470 2418 in
1494 2370 1680 2417 nostra
1706 2360 1815 2412 vita
1835 2363 2120 2412 versantur
2145 2362 2200 2406 et
2217 2361 2400 2423 agunt.

832 2467 888 2522 Si
920 2467 1066 2521 enim
1093 2465 1355 2533 antiquus
1396 2459 1566 2514 nostri
1600 2459 1815 2528 generis
1844 2453 2017 2508 hostis
2071 2448 2299 2519 impellit
2353 2453 2407 2500 et

831 2561 1034 2616 excitat
1089 2557 1156 2610 ad
1220 2556 1404 2626 pejora
1467 2560 1705 2606 nostram
1770 2558 2065 2608 naturam,
2129 2554 2405 2608 nunquam

839 2665 1018 2704 tamen
1049 2648 1261 2702 videtur
1285 2643 1444 2698 nobis
1471 2641 1658 2696 invitis
1682 2653 1859 2710 neque
1892 2635 2077 2708 pejora
2109 2632 2287 2686 facere
2312 2644 2409 2683 cu-

837 2741 1113 2799 Dieutibus
1152 2739 1452 2805 imperare;
1483 2732 1611 2787 dum
1651 2740 1835 2785 autem
1887 2723 2150 2797 quasdam
2204 2720 2412 2776 excita-

840 2847 1018 2888 tiones
1051 2840 1104 2885 et
1129 2829 1286 2900 quasi
1319 2825 1512 2881 solatia
1553 2822 1802 2876 alicunde
1823 2827 2226 2888 exspectamus,
2255 2811 2356 2881 ipsi
2383 2824 2413 2864 a

841 2925 982 2978 virili
1015 2932 1068 2977 et
1096 2934 1361 2991 generoso
1402 2915 1621 2970 virtutis
1645 2929 1812 2969 sensu
1842 2910 2200 2971 declinantes,
2234 2905 2412 2958 locum

842 3026 1076 3083 Occupat
1102 3013 1303 3068 diaboli
1336 3010 1648 3074 consilium,
1683 3017 1736 3060 et
1758 3008 1816 3059 lit
1849 3004 2142 3058 auxiliator
2172 2999 2413 3069 quidem,

845 3110 940 3162 sed
983 3123 1089 3160 nou
1143 3104 1352 3173 primus
1393 3114 1558 3154 casus
1588 3095 1762 3151 nostri
1789 3103 1996 3148 auctor.
2031 3089 2187 3144 Patet
2214 3097 2414 3146 autem,

2502 2269 2713 2339 ἀρετῶν
2754 2267 2990 2338 ἐργάτης
3040 2262 3301 2324 πλασθεὶς
3363 2259 3609 2330 γεωργὸν
3659 2254 3850 2309 ἑαυτὸν
3917 2266 4082 2303 καταο

2507 2359 2768 2424 σκευάζει
2797 2359 2904 2412 τῶν
2926 2355 3146 2426 φαύλων
3172 2374 3186 2387 ·
3219 2354 3391 2425 ῥοπὴν
3420 2352 3476 2405 δὲ
3515 2348 3661 2414 ἀπαξ
3697 2346 3757 2412 ἐξ
3797 2343 3958 2415 ἡμῶν
3992 2343 4082 2394 καὶ

2510 2454 2746 2524 βλάστην
2786 2453 2855 2505 τά
2897 2450 3126 2504 τοιαῦτα
3171 2447 3280 2500 τῶν
3345 2444 3682 2512 παθημάτων
3741 2440 3998 2502 λαθόντα,
4029 2436 4084 2500 ἐξ

2509 2545 2758 2612 ἀνάγκης
2788 2543 2849 2595 τὸ
2887 2540 3074 2594 λοιπὸν
3110 2536 3466 2609 ἐπιχωριάζει
3494 2552 3553 2588 τε
3583 2535 3677 2587 καὶ
3706 2530 4083 2603 παρρησιάζε-

2510 2653 2600 2689 ται
2634 2633 2713 2704 τῷ
2749 2632 3006 2704 ἡμετέρῳ
3041 2630 3162 2702 βίῳ.
3193 2629 3255 2684 Εἰ
3290 2628 3399 2698 γάρ
3438 2627 3531 2680 καὶ
3559 2628 3588 2680 ό
3621 2624 3844 2695 ἀρχαῖος
3866 2620 3968 2673 τοῦ
3997 2619 4086 2686 γέ-

2512 2746 2637 2792 νους
2674 2728 2833 2798 ἡμῶν
2866 2725 3062 2796 ἐχθρὸς
3097 2724 3342 2778 ἀνακινεῖ
3384 2738 3447 2774 τε
3494 2719 3590 2773 καὶ
3629 2715 3903 2786 ἀνεγείρει
3958 2713 4087 2782 πρὸς

2513 2825 2583 2877 τά
2613 2823 2837 2893 χείρονα
2861 2821 2962 2892 τὴν
2994 2818 3178 2888 φύσιν,
3233 2813 3348 2870 ἀλλ’
3371 2811 3608 2882 οὐδαμοῦ
3655 2810 3910 2880 φαίνεται
3955 2822 4089 2874 κρα-

2515 2918 2622 2972 τῶν
2644 2916 2801 2987 ἡμῶν
2828 2914 2904 2985 μὴ
2929 2910 3288 2981 πειθομένων,
3322 2907 3457 2976 μηδὲ
3486 2903 3553 2956 τά
3579 2903 3801 2972 χείρονα
3831 2898 4089 2968 πράττειν

2517 3008 2865 3080 ὡρμημένων
2886 3023 2900 3037 ·
2935 3003 3258 3076 ἐρεθισμοὺς
3285 2998 3343 3053 δέ
3370 3014 3523 3058 τινας
3558 2994 3653 3048 καὶ
3673 2990 3788 3046 οἷον
3811 2987 4092 3060 παρακλὴ-

2522 3123 2634 3168 σεις
2657 3101 2953 3173 ἀλλαχόθεν
2986 3096 3390 3168 ἀναμενόντων,
3440 3089 3598 3161 ἡμῶν
3625 3088 3680 3142 δὲ
3719 3085 3813 3140 τοῦ
3849 3085 4093 3155 ἀρρενω-

845 3195 1303 3268 quemadmodum
1334 3194 1498 3244 vitam
1530 3190 1730 3244 bonam
1761 3188 1992 3256 perdunt
2020 3197 2085 3236 ac
2130 3182 2411 3235 destruunt

2525 3198 2628 3252 ποῦ
2664 3215 2722 3249 τε
2756 3195 2852 3249 καὶ
2889 3192 3141 3261 γενναίου
3181 3187 3282 3257 τῆς
3332 3184 3533 3256 ἀρετῆς
3580 3178 4092 3236 ὑπολισθαινὸντων,

847 3289 1157 3346 istiusmodi
1199 3283 1456 3340 scandala
1513 3291 1568 3336 et
1599 3280 1942 3349 cupiditates,
1973 3275 2047 3328 ita
2077 3273 2239 3327 etiam
2269 3273 2338 3325 ita
2365 3281 2418 3323 et

848 3390 969 3457 pios
996 3395 1280 3438 sermones
1305 3375 1565 3432 invadere
1589 3383 1644 3428 et
1669 3381 1884 3428 vastare
1929 3369 2182 3424 haeretica
2229 3373 2284 3419 et
2312 3365 2420 3418 dis-

849 3492 986 3536 sona
1014 3475 1308 3545 impiorum
1343 3471 1596 3540 dogmata
1641 3474 1696 3520 et
1744 3465 1974 3535 cogitata
2009 3479 2023 3515 :
2057 3461 2151 3530 qui
2199 3472 2322 3513 cum
2357 3457 2424 3508 ab

854 3572 1011 3628 initio
1036 3567 1218 3638 pravis
1253 3563 1371 3619 suis
1415 3558 1842 3630 cogitationibus
1878 3570 1942 3610 ea
1979 3553 2323 3622 collegissent
2375 3556 2428 3602 et

856 3667 910 3720 in
935 3665 1112 3718 lucem
1141 3657 1474 3719 edidissent;
1509 3667 1616 3707 non
1645 3649 1963 3705 necessitate
1991 3647 2084 3701 sed
2121 3643 2429 3697 voluntario

858 3756 1093 3813 consilio
1122 3761 1178 3806 et
1203 3748 1496 3812 sententia,
1520 3745 1891 3815 proximorum
1916 3754 2075 3794 aures
2092 3735 2428 3807 blasphemia

860 3849 1224 3919 impleverunt
1249 3883 1263 3907 ,
1293 3851 1348 3896 et
1377 3840 1626 3895 fecerunt
1655 3846 1715 3891 ut
1743 3850 1837 3906 per
1865 3848 1924 3889 se
1957 3843 2012 3886 et
2038 3846 2131 3886 eos
2176 3829 2269 3898 qui
2299 3826 2432 3896 ipsis

861 3942 1230 4003 crediderunt,
1281 3951 1347 3990 ex
1397 3932 1724 3988 necessitate
1767 3925 2022 3984 scandala
2071 3925 2124 3977 in
2167 3922 2431 3976 mundum

863 4037 1155 4097 venirent;
1186 4030 1386 4099 quibus
1417 4038 1471 4080 et
1500 4025 1634 4078 illud
1669 4039 1778 4085 vae,
1836 4023 2147 4087 incorrupta
2187 4012 2432 4085 judiciali

864 4128 1159 4190 sententia,
1182 4124 1427 4179 divinum
1462 4118 1740 4173 decretum
1775 4115 1827 4168 in
1857 4128 1953 4168 eos
1979 4109 2218 4166 immittit
2249 4107 2342 4177 qui
2376 4119 2434 4159 se

866 4225 1116 4291 indignos
1134 4217 1376 4289 qualibet
1400 4210 1773 4267 misericordia
1799 4206 2182 4279 praestiterunt,
2216 4213 2275 4258 ut
2295 4211 2350 4257 et
2377 4200 2434 4254 in

867 4316 976 4369 alio
1012 4314 1132 4367 loco
1165 4309 1320 4373 dicit,
1375 4306 1558 4360 talium
1619 4303 1883 4356 interesse
1933 4307 1988 4351 ut
2028 4297 2170 4350 mola
2198 4295 2437 4349 asinaria

869 4425 1062 4466 eorum
1124 4404 1280 4459 collis
1342 4400 1591 4471 alligetur
1645 4405 1700 4451 et
1751 4396 1804 4448 in
1858 4405 2006 4446 mare
2059 4389 2433 4460 projiciautur.

873 4502 1065 4558 Saluta
1099 4501 1260 4569 igitur
1293 4505 1377 4550 est
1405 4491 1694 4548 dill‘icultas
1719 4503 1786 4544 ex
1821 4487 1888 4541 iis
1920 4483 2116 4555 quibus
2150 4480 2435 4534 videbatur

871 4592 1220 4665 potissimum
1255 4585 1524 4642 roborari.
1549 4579 1733 4652 Neque
1767 4581 1823 4634 in
1867 4577 2018 4632 illum
2048 4572 2300 4643 dirigitur
2331 4572 2436 4624 im-

870 4686 1136 4760 precatio,
1169 4682 1263 4752 qui
1311 4680 1417 4734 vim
1449 4677 1668 4748 patitur,
1705 4673 1800 4729 sed
1826 4672 1883 4726 in
1911 4684 2034 4725 eum
2063 4667 2155 4738 qui
2184 4664 2438 4721 scandala

2522 3289 2792 3359 λαμϐάνει
2827 3283 3011 3356 χώραν
3038 3285 3072 3354 ἡ
3099 3280 3194 3333 τοῦ
3228 3274 3465 3347 πονηροῦ
3505 3271 3804 3343 συμϐουλὴ,
3838 3269 3937 3321 καὶ
3961 3267 4094 3335 γίνε-

2523 3400 2615 3434 ται
2647 3379 2908 3450 συνεργὸς
2941 3374 3056 3429 ἀλλ’
3085 3375 3185 3426 οὐκ
3216 3370 3456 3441 ἀρχηγὸς
3497 3365 3591 3420 τοῦ
3629 3359 4094 3434 παραπτώματος.

2526 3473 2685 3544 δῆλον
2711 3472 2769 3524 δὲ
2797 3472 2882 3525 ὃτι
2915 3468 3169 3536 καθάπερ
3201 3463 3276 3532 τῷ
3305 3460 3425 3514 κατ’
3455 3458 3654 3528 ἀρετὴν
3678 3455 3777 3525 βίῳ
3803 3453 4095 3521 emunga-

2528 3566 2677 3618 νεταί
2716 3579 2774 3616 τε
2810 3563 2906 3614 καὶ
2946 3557 3246 3628 ἀνατρέπει
3297 3555 3366 3607 τά
3411 3551 3638 3605 τοιαῦτα
3675 3545 3954 3600 σκάνδαλα
4015 3541 4098 3594 καί

2529 3656 2702 3725 πάθη,
2747 3653 2891 3706 οὕτω
2935 3651 3002 3719 δὴ
3043 3647 3187 3701 οὓτω
3233 3647 3328 3700 καὶ
3368 3643 3444 3714 τῷ
3479 3642 3600 3695 κατ’
3628 3637 3913 3692 εὐσέϐειαν
3965 3633 4101 3700 λόγῳ

2531 3746 2857 3819 ἐπιπροσθεῖ
2887 3761 2948 3798 τε
2986 3744 3080 3798 καὶ
3107 3739 3494 3808 καταληῖζεται
3511 3735 3580 3788 τά
3601 3731 3853 3803 αἱρετικά
3883 3729 3983 3781 καὶ
4006 3743 4097 3778 παι

2531 3844 2708 3913 λίμφη
2717 3857 2794 3912 μα
2815 3833 3341 3904 τῶνζδυσσεδούντων
3359 3830 3608 3898 δόγματα
3628 3826 3722 3879 καὶ
3735 3822 4064 3894 φρονήματα
4087 3836 4100 3849 ο

2535 3911 2695 4005 οἷπερ
2720 3911 2782 3998 ἐξ
2803 3930 2979 4001 ἀρχῆς
3029 3929 3152 3990 ταῖς
3186 3923 3451 3995 πονηραῖς
3471 3918 3652 3974 αὐτῶν
3685 3915 3952 3976 διανοίαις
3989 3911 4101 3965 συ).⁹

2533 4004 2789 4090 λαϐόντες
2807 4024 2947 4080 αὐτὰ
2981 4024 3076 4077 καὶ
3106 4019 3465 4077 ἀποτεκόντες
3495 4014 3598 4066 οὑκ
3630 4011 3695 4076 s5
3716 4010 3973 4075 ἀνάγκης
3992 4004 4104 4057 οὐδὲ

2535 4123 2647 4195 βίᾳ,
2688 4119 3030 4186 έκουσιότητι
3084 4113 3142 4168 δὲ
3189 4109 3386 4181 βουλῆς
3431 4123 3492 4160 τε
3536 4105 3630 4158 καὶ
3652 4101 3898 4172 γνώμης,
3927 4099 4028 4160 τάς
4052 4109 4104 4146 τε

2536 4187 2644 4268 τῶν
2676 4209 2906 4281 πλησίον
2931 4207 3103 4269 ἀκοὰς
3147 4203 3246 4272 τῆς
3297 4197 3612 4269 δυσφημίας
3647 4192 3979 4261 ἐνέπλησαν,
4019 4187 4105 4237 καὶ

2537 4306 2598 4372 ἐξ
2620 4280 2868 4369 ἀνάγκης
2899 4299 2967 4352 δι’
2995 4294 3202 4352 ἑαυτῶν
3235 4309 3296 4346 τι
3345 4290 3441 4344 καὶ
3486 4287 3597 4340 τῶν
3654 4280 4106 4356 παραδεξαμένων

2538 4401 2618 4462 εἰς
2645 4397 2737 4450 τὸν
2775 4394 2980 4465 κόσμον
3007 4392 3181 4445 ἐλθεῖν
3208 4387 3278 4440 τά
3323 4382 3595 4439 σκάνδαλα
3652 4376 4105 4450 παρεσκεύασαν·

2540 4485 2621 4553 οἷς
2647 4490 2742 4541 καὶ
2780 4487 2841 4540 τὸ
2874 4485 3020 4547 οὐαὶ,
3049 4481 3333 4550 ἀδεκάστῳ
3357 4478 3538 4548 κρίσει
3561 4475 3596 4546 η
3633 4473 3756 4526 θεία
3784 4471 3971 4543 ψῆφος
4020 4471 4106 4521 έπ-

2549 4581 2779 4649 αφίησιν
2811 4575 3040 4636 ἑαυτοὺς
3071 4571 3322 4636 ἀναξίους
3343 4563 3785 4637 παρεσκευακόσι
3813 4559 4016 4621 παντὸς
4041 4560 4107 4610 ol-

2547 4669 2808 4743 κτιρμοῦ,
2831 4667 2907 4731 ῶς
2941 4681 3044 4720 που
3074 4665 3168 4717 καὶ
3193 4659 3454 4730 ἀλλαχόθι
3492 4656 3656 4726 φησὶν
3684 4655 3768 4708 ὅτι
3798 4655 3914 4716 τοῖς
3948 4650 4108 4703 τοιούο

870 4740 1305 4845 ίοιιιίηιιείρει·
1352 4740 1514 4841 quem
1545 4740 1847 4838 prodeunt;
1885 4760 2048 4818 simul
2094 4773 2158 4814 ac
2186 4756 2408 4812 scandal

2549 4740 2663 4826 τοις
2686 4759 2962 4831 συμφέρει
2996 4757 3084 4809 ἵνα
3112 4751 3280 4824 μύλος
3322 4748 3501 4811 όνικδς
3536 4745 3664 4816 δεθῇ
3699 4742 3830 4813 περὶ
3873 4741 3968 4794 τὸν
3989 4740 4105 4810 τράο

869 4869 1120 4942 projecit,
1159 4881 1227 4922 es
1252 4864 1581 4921 necessitate
1603 4859 1798 4916 deinde
1826 4857 1880 4910 in
1912 4852 2114 4909 mundo
2158 4859 2411 4905 versantu

2550 4855 2714 4928 χηλον
2763 4850 2966 4914 αὐτῶν,
3018 4847 3113 4899 καὶ
3157 4840 3537 4912 ἀπορριφῶσιν
3577 4838 3658 4899 εἰς
3687 4835 3785 4906 τὴν
3817 4831 4107 4888 θάλασσαν.

869 4976 923 5020 et
953 4972 1142 5033 agunt.

2554 4926 2788 5006 λέλυται
2815 4943 2995 4998 τοίνυν
3007 4937 3210 5009 ἀπορία
3229 4935 3290 5000 ἐξ
3311 4928 3384 4989 ῶν
3401 4933 3576 4988 ἐδόκει
3590 4926 3961 5002 κρατύνεσθαι
3985 4943 3999 4956 ο
4028 4929 4107 4976 καὶ

870 5063 970 5130 οὐχ
991 5026 1033 5114 *ὁ
1063 5056 1305 5130 βιασθεὶς
1328 5057 1444 5127 ἔχει
1471 5055 1569 5126 τὴν
1597 5055 1760 5125 ἀράν,
1783 5051 1900 5108 ἀλλ’
1919 5052 1949 5105 ὁ
1966 5053 2076 5106 τῶν
2097 5053 2409 5108 σκανδάλων
2437 5046 2735 5122 προὸολεὺς
2761 5041 2828 5096 δι’
2860 5034 2923 5096 οὗ
2963 5035 3169 5107 προέϐη
3199 5034 3269 5087 τὰ
3299 5029 3600 5086 σκάνδαλαο
3623 5028 3819 5081 τούτου
3843 5026 3952 5098 γὰρ
3991 5037 4105 5093 προν

873 5122 1228 5228 ϐαλλομένου,
1267 5150 1328 5216 ιξ
1357 5122 1649 5217 -ἀνάγκης-
1689 5146 1877 5201 λοιπὸν
1933 5146 2190 5217 ἐπιδημεῖ
2243 5162 2306 5199 τε
2357 5144 2453 5199 καὶ
2491 5134 2930 5212 παρρησιάζεται
2955 5128 3036 5201 τῷ
3067 5127 3257 5197 κόσμῳ
3283 5124 3350 5179 τά
3378 5122 3669 5178 σκάνδαλα.
