4198 6440
157 414 253 477 105

713 523 1049 579 ΕΡΩΤΗΣΙΣ
1084 523 1177 588 ς’.

1174 408 1273 467 AD
1305 402 1901 466 AMPHILOCHIUM
1933 396 2279 474 QUIESTIO
2299 393 2400 459 VI.

3311 392 3411 459 106

2382 506 2714 577 QUESTIO
2756 507 2847 563 VI.

160 622 216 674 TI
254 619 326 677 δή
368 634 509 672 ποτε
553 615 778 683 Μωσῆς
820 613 937 667 τῶν
987 610 1260 683 οὐρανῶν
1305 613 1403 683 οὐΔ
1426 608 1719 683 μέμνηται

1865 609 1936 660 'ur
1967 606 2135 660 Moses
2194 605 2339 674 regni
2383 602 2630 683 galerum
2682 600 2884 683 null-nm
2916 602 3226 683 "mulionem
3265 601 3412 683 [fce-

217 689 557 753 βιισιλείας,
581 687 680 739 καί
702 679 790 739 τοι
810 685 914 738 τοῦ
941 679 1213 749 Σωτῆρος
1228 679 1435 753 ἐντοῖς
1456 682 1718 753 Euan-8-

219 747 375 821 :lt'ou;
390 747 673 825 λαμᾶρῶς
687 755 960 825 εἰπόντος
984 747 1456 825 ἀπδκιιτέιϐολῇς
1485 751 1718 825 κέσμου

226 817 365 892 τοῖς(
385 817 891 892 δυὶαίόιςὶιιύτην
920 818 1349 891 ἐτοιμσθῆναι
1368 817 1585 885 (27-23)
1612 836 1628 884 ς

1896 680 1987 741 rit,
2043 670 2345 744 quanquam
2390 672 2637 726 Senator
2683 672 2739 724 in
2784 670 3085 744 Evangelii:
3129 672 3413 744 manifeste

1897 741 2118 809 dicat“,
2146 764 2178 798 α
2198 741 2581 798 constitutione
2612 743 2795 796 mundi
2826 741 2958 796 illud
2989 758 3101 798 esse
3120 742 3281 812 justi:
3311 757 3414 810 pa-

1895 828 2092 871 ratum.

1281 910 1423 962 Edita
1442 924 1472 960 a
1493 908 1641 971 Maio,
1663 913 1794 961 Non.
1823 910 1970 967 Cou.,
1994 916 2033 959 t.
2066 909 2105 967 Ι,
2128 923 2177 971 p.
2203 907 2281 956 48.

229 1031 298 1079 α’.
328 1024 506 1078 Πολλά
528 1023 637 1077 τῶν
663 1021 869 1091 νοητῶν
897 1023 924 1074 δ
957 1021 1098 1082 θεῖος
1124 1021 1332 1093 Μωσῆς
1356 1022 1575 1092 παρῆκε
1594 1037 1609 1051 ·
1640 1021 1736 1074 καὶ

163 1120 196 1185 ὴ
232 1115 479 1186 βασιλεία
500 1115 557 1167 δὲ
588 1114 697 1167 τῶν
718 1114 961 1184 οὐρανῶν
987 1111 1271 1183 κρείττονα
1299 1113 1395 1165 καὶ
1424 1112 1523 1182 τὴν
1557 1110 1737 1179 ῦπαρο

167 1209 246 1272 ξιν
282 1207 378 1260 καὶ
416 1206 515 1275 τὴν
558 1204 859 1258 ἀπόλαυσιν
902 1205 936 1274 ἢ
981 1205 1102 1257 κατ’
1130 1203 1383 1273 αἴσθησιν
1424 1186 1571 1272 ἔχει’
1604 1204 1740 1270 φησὶ⁵

166 1300 323 1369 γάρ,ι
367 1299 435 1350 ’Δ
454 1295 730 1364 ὀφθαλμὸς
759 1295 859 1347 οὐκ
890 1290 997 1347 εἶδε
1028 1292 1123 1346 καὶ
1153 1291 1247 1355 οῦς
1267 1294 1369 1346 οὐκ
1408 1291 1610 1361 ἢκουσε
1648 1290 1742 1343 καὶ

168 1392 260 1443 ἐπὶ
305 1390 530 1458 καρδίαν
563 1387 849 1458 ἀνθρώπου
876 1386 975 1440 οὐκ
1012 1384 1181 1456 ἀνέϐη
1205 1402 1219 1418 ο
1262 1403 1281 1437 ι
1312 1383 1463 1437 οὐδὲν
1486 1381 1582 1436 οῦν
1613 1381 1744 1435 θαυ-

173 1480 378 1547 μαστὸν
437 1478 743 1548 ἀσωμάτων
792 1475 1153 1547 δημιουργίαν
1195 1474 1479 1544 δυνάμεων
1518 1472 1633 1544 (29)
1670 1473 1745 1542 μὴ

172 1568 531 1634 ἐπεξελθόντα
588 1569 680 1622 τὸν
736 1567 970 1638 θεόπτην
1034 1567 1240 1637 Μωσῆν
1298 1566 1388 1619 διὰ
1421 1566 1521 1636 τὴν
1564 1564 1743 1635 παχύ-

170 1663 308 1727 τητά
329 1677 389 1712 τε
414 1660 508 1713 καὶ
531 1659 813 1713 ἀσθένειαν
838 1661 945 1712 τῶν
969 1660 1277 1731 ἀκροατῶν,
1304 1660 1438 1730 μηδὲ
1462 1659 1565 1729 τῆς
1606 1659 1748 1730 ὑπὲρ

173 1751 424 1821 αἴσθησιν
480 1750 757 1821 βασιλείας
809 1749 919 1804 τῶν
972 1750 1218 1822 οὐρανῶν
1270 1751 1523 1821 διήγησιν
1572 1765 1749 1819 παρα-

1916 1022 1963 1074 l.
1997 1020 2195 1074 Multas
2220 1019 2393 1074 Moses
2416 1016 2811 1072 intellectuales
2828 1032 2916 1072 res
2942 1016 3163 1073 silentio
3184 1020 3411 1088 pressit:

1844 1126 2073 1181 regnum
2100 1121 2280 1167 autem
2318 1112 2581 1164 cmlornm
2613 1118 2726 1161 tum
2755 1116 2951 1163 natura
2982 1124 3082 1163 sua
3113 1120 3225 1165 tum
3251 1113 3418 1166 etiam

1846 1205 2166 1276 gaudiorum
2210 1202 2525 1275 prmstantia
2571 1216 2769 1255 sensus
2814 1210 3126 1270 exsuperat.
3173 1201 3229 1257 ld
3272 1203 3418 1257 enim

1847 1299 1924 1353 rei
1952 1313 2143 1369 genus,
2179 1307 2240 1351 ut
2286 1297 2362 1351 ait
2388 1294 2665 1363 Scriptura
2686 1335 2701 1359 ,
2733 1309 2753 1344 ‹
2807 1290 2995 1363 Neque
3037 1295 3231 1350 oculus
3261 1296 3422 1362 vidit,

1850 1386 2024 1461 neque
2051 1390 2202 1445 auris
2244 1387 2471 1451 audivit,
2520 1401 2695 1456 neque
2730 1387 2784 1440 in
2819 1401 2917 1442 cor
2953 1385 3196 1442 hominis
3229 1402 3422 1441 ascen-

1849 1485 1930 1539 dit
1969 1486 2037 1541 ".
2077 1502 2095 1535 ι
2133 1482 2217 1537 Nil
2245 1498 2375 1552 ergo
2408 1483 2608 1537 mirum
2641 1490 2759 1548 est,
2834 1481 2879 1536 si
2915 1496 3039 1536 cum
3071 1479 3167 1537 Dei
3199 1492 3425 1551 aspectu

1850 1576 2046 1647 dignus
2086 1575 2262 1632 Moses
2294 1576 2740 1644 incorporearum
2775 1572 3040 1627 virtutum
3090 1573 3423 1628 creationem

1852 1683 1962 1724 non
1994 1667 2294 1722 narraverit
2338 1674 2559 1736 propter
2590 1664 2930 1719 audientiqu
2962 1678 3151 1719 crassa
3203 1663 3424 1734 ingenia

1852 1774 1907 1820 et
1948 1764 2343 1830 inﬁrmitatem,
2391 1763 2650 1818 idemmet
2680 1777 2749 1817 ne
2788 1762 3055 1817 caalorum
3087 1762 3309 1830 quidem
3342 1777 3427 1816 re-

176 1843 389 1904 θέσθαι,
413 1844 532 1895 κατ’
561 1834 812 1911 αἴσθησιν
837 1840 1036 1912 μᾶλλον
1059 1841 1092 1913 ἢ
1123 1842 1265 1896 κατά
1292 1842 1523 1913 θεωρίαν
1544 1840 1745 1912 βιοῦντι

1865 1871 2014 1926 gnum
2048 1854 2190 1924 apud
2219 1853 2479 1924 populum
2528 1852 2783 1908 sensibus
2837 1851 3011 1918 magis
3054 1867 3217 1921 quam
3265 1851 3427 1907 intel-

176 1936 288 2005 λαῴ
311 1951 323 1962 ·
355 1935 417 1988 τὸ
446 1934 556 2003 γὰρ
585 1934 826 2003 νομίζειν
856 1933 1007 1996 τινάς
1027 1934 1104 2004 τῷ
1138 1934 1283 1988 κατά
1303 1934 1395 1987 τὸν
1421 1934 1755 2005 παράδεισον

177 2030 476 2098 διηγήματι
499 2025 931 2097 συμπεριλαϐεῖν
958 2026 1053 2080 καὶ
1082 2025 1180 2097 τὴν
1210 2026 1489 2097 βασιλείαν
1515 2027 1626 2080 τῶν
1662 2027 1756 2080 οὐ·

181 2121 381 2193 ρανῶν,
402 2120 523 2190 ἣτις
550 2122 627 2183 είς
649 2120 844 2173 ταύτὸν
877 2118 1092 2189 ἔρχεται
1120 2121 1186 2189 τῇ
1222 2118 1472 2189 βασιλείᾳ
1506 2117 1600 2173 τοῦ
1622 2119 1757 2190 Χρι-

181 2212 331 2276 στοῦ,
352 2213 453 2264 οὐκ
487 2210 553 2265 ἂν
586 2210 820 2281 ἀκριϐὴς
854 2208 1208 2279 παραδέξοιτο
1239 2209 1529 2279 λογισμός·
1562 2226 1759 2264 ταπει-

181 2307 267 2357 νὸν
298 2304 410 2374 (30)
449 2304 558 2371 γάρ
588 2302 654 2355 ἀν
678 2303 767 2372 εῐη
792 2302 953 2355 τοῦτο
982 2301 1161 2371 πολλῷ
1199 2302 1296 2370 τῆς
1340 2301 1618 2372 βασιλείας
1650 2301 1757 2355 τῶν

180 2395 429 2466 οὐρανῶν
452 2411 466 2424 ·
494 2394 612 2461 Myer
637 2409 698 2446 τε
722 2392 832 2462 γάρ
859 2395 888 2445 ό
912 2392 1239 2461 παράδεισος
1270 2391 1615 2464 καταληπτδς
1641 2395 1761 2460 ἐγε-

182 2489 353 2557 γόνει,
394 2488 489 2541 καὶ
521 2486 740 2549 πολίτας
782 2486 908 2555 ἔσχε
942 2486 1067 2547 τούς
1105 2483 1517 2556 πρωτογόνους·
1562 2485 1658 2537 καὶ
1698 2483 1761 2537 τὸ

184 2582 471 2634 κάλλιπον
498 2580 597 2651 μὲν
619 2581 728 2633 τῶν
751 2580 1124 2649 περικοσμίων
1150 2579 1286 2644 ἐστὶ,
1309 2583 1408 2650 τῆς
1428 2580 1529 2649 γῆς
1549 2580 1595 2633 δ’
1611 2582 1759 2649 ὅμως

187 2674 389 2744 μέρος”
431 2674 525 2725 καὶ
558 2674 744 2739 φυτοῖς
791 2672 888 2741 μὲν
940 2672 1163 2738 ὡραίοις
1207 2674 1373 2742 κομᾷ.
1416 2672 1512 2725 καὶ
1546 2672 1762 2740 διαυγε-

187 2764 405 2825 στάτοις
470 2761 799 2830 κατάρδεται
855 2761 1082 2830 νάμασι,
1152 2760 1290 2829 πλὴν
1352 2761 1504 2815 οὐδὲν
1557 2762 1761 2815 τούτων

186 2853 523 2923 ὑψηλότερον
567 2851 767 2921 ὂψεως.
820 2851 941 2905 οὐδὲ
999 2852 1108 2904 τῶν
1150 2850 1509 2920 ἀνθρωπίνων
1559 2856 1758 2907 ἀνακε-

185 2947 410 3016 χώρηκε
436 2944 734 3014 λογισμῶν.
767 2944 957 3014 ῶσπερ
994 2947 1027 3014 ή
1062 2945 1308 3014 βασιλεία
1339 2946 1448 2998 τῶν
1477 2945 1724 3015 οὐρανῶν
1743 2964 1756 2976 ·

188 3040 283 3091 καὶ
312 3037 417 3107 γῆς
445 3036 503 3089 δὲ
529 3038 623 3090 καὶ
646 3035 878 3107 οὐρανοῦ
912 3036 1022 3089 οὐδ’
1044 3037 1190 3089 ἐστιν
1224 3037 1401 3089 εἰπεῖν
1428 3038 1553 3090 ὅσον
1579 3036 1640 3089 τὸ
1665 3038 1764 3107 μέ-

187 3145 303 3182 σον.

263 3243 331 3311 β’.
372 3242 435 3295 Εἰ
483 3241 540 3294 δὲ
593 3240 725 3294 διότι
787 3239 885 3293 τοῦ
947 3239 1196 3309 γενναίου
1254 3240 1501 3303 εἰπόντος
1542 3240 1765 3314 λῃστοῦ,

193 3357 213 3387 ι
242 3332 535 3403 Μνήσθητί
561 3350 685 3402 μου,
716 3331 911 3401 Κύριε,
940 3334 998 3385 ὲν
1023 3334 1086 3399 τῇ
1121 3329 1368 3402 βασιλείᾳ
1399 3349 1514 3392 σου.
1553 3351 1571 3384 ι
1598 3335 1625 3385 ὁ
1656 3332 1769 3385 Σω-

186 3428 296 3497 τὴρ
343 3425 490 3495 αὐτῷ
537 3424 636 3495 τὴν
675 3426 756 3487 εἰς
800 3425 893 3477 τὸν
940 3423 1265 3494 παράδεισον
1295 3422 1657 3493 ὑπισχνεῖται,
1683 3423 1769 3477 διὰ

190 3520 358 3573 τοῦτο
386 3518 484 3587 τὴν
524 3515 801 3586 βασιλείαν
835 3514 942 3569 τῶν
969 3514 1213 3583 οὐρανῶν
1256 3514 1359 3585 τὴν
1385 3513 1481 3567 τοῦ
1511 3516 1773 3585 παραδεί-

193 3628 290 3663 σου
312 3609 523 3661 τίθεται
549 3606 700 3677 λῆξιν
724 3607 803 3672 (of:
829 3607 936 3674 γάρ
957 3604 1091 3660 ἄλλα
1114 3605 1211 3675 μὲν
1239 3606 1410 3659 αἰτεῖν
1430 3604 1523 3659 τὸν
1546 3604 1770 3675 λῃστὴν,

190 3702 331 3756 ἄλλα
364 3699 421 3752 δὲ
453 3695 750 3768 λαμϐάνειν
778 3697 928 3766 παρὰ
949 3694 1041 3747 τοῦ
1075 3692 1455 3764 μεγαλοδώρου
1485 3692 1620 3745 Θεοῦ
1648 3694 1776 3748 ἀκό-

193 3799 393 3851 λουθον
423 3791 559 3848 εἶναι
588 3788 720 3861 φαίη
758 3788 867 3853 ἂν),
891 3788 1067 3839 ἐκεῖνο
1096 3785 1293 3855 μᾶλλον
1326 3785 1594 3841 σκοπείτω
1617 3787 1692 3851 ὡς
1722 3788 1775 3841 τί

192 3891 260 3960 δή
299 3905 435 3941 ποτε
471 3887 569 3957 μὲν
599 3881 669 3957 ἦν
692 3887 725 3955 ἡ
752 3877 998 3954 βασιλεία
1026 3878 1133 3930 τῶν
1163 3877 1431 3947 οὐρανῶν,
1457 3877 1596 3951 ὅπερ
1629 3879 1777 3933 ἐστὶν

192 3986 227 4052 ἡ
255 3980 353 4034 τοῦ
377 3978 633 4049 Χριστοῦ,
658 3976 904 4047 οὐδαμῶς
932 3977 959 4029 ό
984 3974 1186 4046 λῃστὴς
1209 3973 1569 4041 συνεγνώκειο
1615 3973 1777 4026 πόθεν

193 4075 309 4143 γὰρ
341 4073 408 4126 ἂν
443 4070 675 4135 ἐξαιτεῖν
712 4067 966 4139 προήχθη
1005 4067 1041 4121 ἃ
1071 4068 1166 4121 καὶ
1204 4067 1298 4120 τοῦ
1329 4064 1638 4134 λογίζεσθαι
1678 4066 1778 4137 τὴν

197 4165 363 4235 ἰσχὺν
385 4164 558 4229 ὲνίκα,
590 4162 683 4214 καὶ
721 4161 818 4232 τὴν
858 4159 1207 4230 ἀνθρωπίνην
1246 4160 1486 4213 διάνοιαν
1516 4158 1780 4230 ὑπερϐαί-

196 4276 277 4310 νει
305 4275 322 4323 ;
359 4254 555 4308 οὔκουν
584 4254 637 4307 τί
671 4270 799 4306 ποτε
839 4252 939 4323 μὲν
970 4246 1093 4321 ἦνή
1131 4250 1380 4321 βασιλεία
1408 4250 1518 4303 τῶν
1536 4249 1780 4321 οὐρανῶν

1856 1949 1995 2004 lectu
2050 1956 2291 2003 utentem
2328 1944 2861 2002 commemoraverit.
2914 1944 3050 1999 Nam
3092 1945 3237 2015 quod
3290 1960 3430 2000 non-

1857 2041 1988 2096 nulli
2038 2042 2371 2097 arbitrantur
2401 2041 2592 2095 Mosen
2631 2040 2686 2093 in
2736 2038 2972 2107 paradisi
3022 2039 3297 2093 mentione
3341 2054 3432 2093 re-

1856 2148 2020 2203 gnum
2038 2147 2255 2203 quoque
2288 2133 2556 2185 caelorum
2582 2131 2939 2195 conclusisse,
2972 2130 3118 2200 quod
3141 2140 3226 2187 est
3251 2131 3430 2200 ipsum

1854 2224 2057 2282 Christi
2082 2239 2332 2295 regnum,
2373 2222 2536 2291 hanc,
2576 2222 2821 2291 inquam,
2858 2223 3170 2293 opinionem
3204 2239 3436 2279 accura-

1859 2329 1972 2373 tum
2007 2316 2354 2372 ratiocinium
2382 2331 2491 2371 non
2523 2315 2733 2386 recipit.
2770 2314 2861 2369 llle
2893 2316 3039 2370 enim
3066 2316 3221 2371 valde
3260 2330 3434 2385 regno

1852 2412 2121 2480 caelorum
2170 2408 2396 2466 inferior
2438 2408 2710 2463 videbitur
2760 2426 2775 2462 :
2826 2406 3092 2476 siquidem
3145 2405 3435 2475 paradisus

1862 2505 2111 2560 sensibus
2148 2512 2267 2558 erat
2307 2500 2841 2573 comprehensibilis,
2884 2500 3198 2569 incolasque
3228 2502 3439 2569 primos

1861 2605 2112 2662 parentes
2152 2594 2344 2650 habuit
2391 2611 2405 2649 :
2456 2602 2514 2649 et
2543 2592 2940 2648 mundanarum
2986 2590 3208 2661 quidem
3254 2606 3437 2645 rerum

1863 2686 2222 2758 pulcherrima
2270 2693 2372 2749 est,
2407 2684 2504 2741 sed
2553 2693 2735 2739 tamen
2783 2691 2944 2737 terra;
2969 2682 3135 2751 hujus
3178 2697 3305 2750 pars
3340 2700 3355 2736 :
3388 2672 3443 2736 et

1862 2794 2171 2849 quanquam
2192 2777 2434 2848 pulchris
2456 2776 2746 2831 arboribus
2777 2774 2933 2829 ﬂoret
2954 2790 3018 2829 ac
3046 2772 3442 2844 limpidissimis

1864 2871 2073 2938 rigatur
2104 2868 2302 2931 ﬂuviis,
2347 2866 2707 2922 nihilominus
2763 2864 2900 2919 nihil
2936 2864 3136 2919 visibili
3180 2865 3235 2918 vi
3271 2864 3443 2919 subli-

1865 2962 2007 3017 mius
2033 2963 2217 3025 habet,
2251 2974 2428 3028 neque
2455 2960 2757 3013 humanum
2788 2956 3122 3011 intellectum
3147 2955 3443 3017 excedens,

1867 3067 1923 3111 ut
1954 3071 2143 3126 reapse
2175 3064 2257 3110 est
2289 3070 2515 3126 regnum
2545 3053 2828 3109 calorum.
2859 3052 3206 3121 Quantopere
3227 3051 3445 3105 demum

1872 3160 2013 3204 terra
2042 3149 2180 3204 caelo
2202 3147 2435 3212 diﬂerat,
2471 3146 2654 3201 verbis
2681 3145 2948 3200 declarari
2973 3160 3082 3199 non
3114 3153 3313 3214 potest.

1938 3238 1993 3292 2.
2034 3236 2188 3303 Quod
2217 3237 2261 3292 si
2289 3236 2417 3306 quia
2441 3235 2641 3290 dicenti
2670 3236 2865 3290 latroni
2893 3234 3036 3290 bono
3070 3251 3083 3289 :
3124 3254 3141 3286 ι
3174 3235 3449 3288 Memento

1871 3331 1998 3396 mei,
2023 3328 2271 3394 Domine,
2305 3330 2358 3384 in
2382 3342 2550 3399 regno
2576 3336 2671 3382 tuo
2701 3330 2767 3393 ⁷⁸,
2807 3347 2826 3378 ι
2852 3327 3108 3381 Servator
3138 3326 3448 3396 paradisum

1870 3425 2141 3495 promisit,
2181 3424 2385 3478 idcirco
2412 3437 2639 3494 regnum
2669 3423 2931 3478 caelorum
2962 3422 3103 3475 idem
3146 3434 3268 3475 esse
3298 3427 3454 3488 putat

1870 3516 2073 3586 aliquis
2100 3515 2244 3587 quod
2273 3516 2513 3586 paradisi
2545 3516 2702 3572 sedes
2736 3513 2935 3585 (neque
2968 3514 3114 3569 enim
3161 3519 3453 3567 consenta—

1875 3627 2035 3666 neum
2065 3610 2168 3666 l'uit
2204 3610 2350 3666 aliud
2384 3610 2651 3665 latronem
2682 3617 2884 3679 petere,
2929 3606 3076 3662 aliud
3117 3621 3149 3662 a
3192 3603 3454 3660 muniﬁco

1875 3706 1985 3760 Deo
2014 3702 2310 3773 accipere);
2357 3701 2491 3757 illud
2540 3702 2721 3771 potius
2748 3700 3078 3762 consideret,
3107 3698 3371 3763 caelorum
3398 3696 3454 3751 id

1874 3806 1959 3853 est
1988 3795 2191 3852 Christi
2228 3810 2454 3866 regnum
2496 3794 2695 3848 latroni
2735 3792 3070 3863 incognitum
3124 3789 3313 3845 fuisse.
3349 3787 3455 3854 Qui

1876 3898 2055 3943 autem
2077 3886 2194 3942 ﬁeri
2220 3893 2448 3957 poterat,
2472 3893 2532 3940 ut
2553 3883 2605 3938 id
2630 3883 2732 3940 sibi
2750 3882 3086 3953 deposceret.
3105 3880 3250 3951 quod
3276 3881 3455 3950 ipsum

1878 3980 2148 4037 ratiocinii
2183 3994 2413 4034 acumen
2462 3977 2783 4048 effugiebat,
2830 3976 3142 4046 mentisque
3203 3976 3458 4029 humanae

1879 4075 2022 4129 vires
2050 4072 2382 4150 excedebat?
2422 4072 2593 4143 Igitur
2631 4071 2896 4141 quidnam
2940 4083 3128 4126 revera
3171 4078 3319 4125 esset
3371 4083 3459 4123 re-

1880 4181 2045 4238 gnum
2071 4165 2335 4221 cmlorum
2370 4165 2510 4219 latro
2539 4164 2767 4219 omnino
2818 4161 3125 4238 ignorabat,
3182 4174 3359 4230 neque
3390 4160 3458 4216 ad

1880 4233 2088 4310 certum
2137 4253 2341 4325 aliquid
2376 4263 2672 4323 uotumque
2724 4233 2828 4307 sibi
2877 4261 3115 4307 mentem
3168 4250 3459 4306 intendens

194 4352 224 4401 ὁ
255 4348 466 4419 λῃστὴς
496 4346 745 4415 οὐδαμῶς
775 4343 1126 4413 συνεγνώκει,
1157 4343 1277 4395 οὐδὲ
1308 4342 1443 4413 πρὸς
1472 4340 1768 4413 ὡρισμένοι

1880 4362 2069 4419 preces
2099 4347 2221 4403 illas
2251 4346 2473 4413 eﬂ'udit;
2504 4346 2597 4401 sed
2630 4347 2761 4401 boni
2788 4346 3021 4416 alicujus
3055 4346 3334 4415 beataeque
3357 4357 3461 4401 vo-

195 4465 252 4497 τι
301 4445 400 4497 καὶ
444 4441 723 4512 γνώριμον
776 4441 866 4492 τὸν
917 4437 1043 4492 νοῦν
1082 4435 1405 4491 ἀπευθύνων
1442 4434 1541 4504 τὴν
1566 4434 1768 4505 αῐτησικ

1881 4441 2104 4512 luptatis
2158 4448 2460 4511 compotem
2515 4455 2575 4495 se
2623 4439 2738 4494 ﬁeri
2794 4438 3107 4508 postulavit.
3161 4436 3279 4492 Jam
3331 4436 3461 4507 quia

199 4539 446 4589 ἐποιεῖτο
466 4552 478 4565 ·
511 4521 647 4586 ἀλλὰ
672 4531 758 4585 διὰ
780 4530 1037 4601 τοιαύτης
1069 4528 1341 4598 αἰτήσεως
1368 4526 1589 4594 ἀγαθῶν
1616 4543 1768 4578 τινων

1882 4534 2040 4587 bonis
2072 4532 2287 4589 caeteris
2338 4532 2521 4585 n0tior
2554 4532 2602 4586 ei
2638 4530 2925 4601 paradisus
2970 4538 3090 4585 erat
3128 4530 3275 4600 (cum
3317 4529 3462 4583 enim

204 4626 503 4695 μετασχεῖν
527 4621 620 4674 καὶ
652 4620 926 4691 μακαρίας
954 4617 1311 4681 ἀπολαύσεως
1338 4618 1521 4687 ᾐτεῖτο
1540 4633 1554 4647 ο
1586 4616 1708 4668 ἐπεὶ
1730 4616 1768 4669 δί

1888 4626 1977 4681 hic
2004 4624 2169 4681 Mosis
2189 4624 2500 4695 magisterio
2517 4623 2757 4679 Judaicae
2780 4623 2926 4694 genti
2948 4624 3265 4693 exploratus
3296 4631 3464 4685 esset,

198 4718 314 4769 τῶν
370 4714 543 4768 ἄλλων
590 4713 844 4766 ἁπάντων
890 4711 1072 4766 καλῶν
1116 4709 1537 4780 γνωριμώτερος
1577 4708 1723 4778 αὐτῷ
1760 4728 1768 4759 ι

1886 4716 2007 4785 ejus
2042 4731 2108 4769 ue
2136 4716 2398 4769 latronem
2421 4714 2639 4784 quidem
2661 4714 2853 4768 notitia
2878 4713 3117 4781 latebat),
3148 4713 3349 4767 idcirco
3373 4728 3467 4781 pa-

200 4808 538 4877 παράδεισος
592 4806 941 4873 καθειστήκει
972 4805 1058 4872 (ἐκ
1093 4803 1202 4872 γὰρ
1238 4802 1335 4869 τῆς
1374 4802 1674 4871 Μωσαῖκῆς
1708 4800 1768 4851 δι·

1890 4806 2131 4860 radisum
2180 4806 2253 4859 illi
2304 4805 2567 4860 Dominus
2621 4806 2853 4874 spondet
2903 4824 2916 4859 :
2959 4821 3137 4876 neque
3188 4804 3333 4859 aliud
3368 4819 3468 4874 pro

200 4896 507 4957 δασκαλίας
542 4893 618 4963 τῷ
666 4894 936 4946 Ἰουδαίων
973 4891 1470 4959 ὲπιγινωσκόμενος
1485 4890 1648 4957 ἔθνει)
1666 4888 1768 4942 οὐδέ

1891 4899 1998 4953 alio
2026 4899 2270 4968 largitur,
2304 4898 2397 4952 sed
2432 4898 2484 4952 id
2518 4899 2746 4952 omnino
2780 4900 2925 4967 quod
2954 4899 3155 4967 petenti
3188 4906 3307 4951 erat
3330 4913 3466 4951 con-

202 4989 306 5056 τὴν
341 4985 556 5038 ἐκείνου
588 4984 812 5053 διέφυγε
842 4983 1067 5051 γνῶσιν,
1093 4982 1180 5035 διὰ
1206 4981 1365 5035 τοῦτο
1403 4982 1495 5034 τὸν
1524 4981 1768 5049 παράδει·

1893 4992 2158 5060 cupitum.
2184 4991 2231 5046 Is
2256 5006 2382 5047 vere
2406 4991 2660 5061 cupiebat
2682 5000 2743 5046 ut
2770 4991 2855 5046 sui
2885 4992 3146 5045 memoria
3178 4990 3472 5044 haberetur

206 5098 302 5133 σον
341 5082 373 5132 ὁ
417 5078 695 5147 Δεσπότης
728 5075 880 5147 αὐτῷ
926 5076 1297 5142 κατεγγυΞται
1319 5090 1333 5105 ⁸
1379 5074 1473 5127 καὶ
1495 5074 1594 5143 οὐχ
1626 5074 1768 5145 ἒτερε

1895 5082 1950 5136 in
1979 5082 2181 5137 Christi
2214 5099 2398 5151 regno,
2433 5084 2484 5137 id
2508 5093 2593 5139 est
2616 5092 2675 5138 ut
2702 5084 2861 5138 bonis
2894 5090 3059 5153 atque
3087 5083 3261 5137 beatis
3294 5097 3473 5137 atum-

204 5171 329 5224 ἀνθ’
355 5169 556 5239 ἐτέρων
587 5170 861 5238 δωρεῖται,
896 5166 1011 5220 ἀλλ’
1037 5160 1112 5220 ῶν
1144 5168 1331 5235 τυχεῖν
1362 5167 1390 5217 ό
1410 5164 1768 5233 ὲξαιτούμενα

1898 5187 2221 5238 oneraretur.
2250 5175 2459 5240 Reapse
2486 5177 2533 5231 is
2564 5176 2760 5231 deinde
2792 5176 3028 5246 paradisi
3066 5176 3303 5231 incolatu
3335 5175 3473 5243 poti-

207 5262 481 5332 ἐπεθύμει
500 5279 513 5291 ·
544 5260 808 5331 ἐπεθύμει
830 5260 888 5313 δὲ
919 5261 1141 5330 μνήμης
1162 5261 1348 5329 τυχεῖν
1371 5261 1427 5312 ὲν
1456 5261 1522 5328 τῇ
1550 5259 1768 5328 βασιλείι

1898 5273 2007 5330 tur,
2052 5281 2212 5336 quem
2265 5267 2481 5338 generis
2531 5267 2703 5322 nostri
2760 5276 3014 5322 auctores
3054 5276 3178 5321 ante
3211 5266 3470 5319 violatum

208 5353 478 5427 Χριστοῦ,
511 5354 646 5424 ὅπερ
675 5354 824 5406 ἐστὶν
849 5353 906 5405 ἐν
937 5352 1160 5420 ἀγαθοῖς
1184 5369 1243 5405 τε
1270 5353 1363 5405 καὶ
1393 5351 1685 5422 μακαρίοις
1704 5369 1767 5419 γε

1900 5366 2225 5425 praeceptum
2257 5356 2434 5413 sortiti
2481 5357 2717 5413 fuerant.
2756 5355 2913 5423 Quod
2941 5358 2988 5413 si
3013 5357 3137 5427 quis
3163 5355 3473 5427 paradisum

286 5472 331 5501 ⁷⁸
370 5472 558 5525 Matth.
590 5486 716 5533 xxv,
745 5468 833 5523 δι.
870 5467 919 5513 -’⁵
958 5467 976 5522 l
1009 5467 1132 5523 Cor.
1168 5482 1226 5528 ιι,
1251 5467 1303 5522 9.
1346 5465 1390 5496 "
1428 5462 1561 5520 Luc.
1604 5480 1756 5527 xxm,
1783 5464 1872 5518 42.

1720 5582 1944 5639 ΝΟΤΛΕ.

291 5680 811 5750 i9.7-28)Conspirat
836 5681 890 5733 in
916 5678 1416 5750 hanciseuteutiam
1435 5675 1792 5750 Hieronymus
1904 5674 2081 5750 ___(2_Q)
2106 5672 2305 5750 Confer
2336 5671 2590 5727 Photium
2618 5672 2669 5726 in
2697 5670 2998 5742 quaestione
3022 5668 3123 5722 illi
3153 5666 3322 5736 (llllllC
3340 5662 3408 5717 79
3415 5677 3476 5730 μ

216 5754 374 5819 epist.
435 5752 558 5815 139,
590 5752 626 5806 5
656 5742 683 5803 τ’
729 5771 746 5801 ι
789 5750 915 5804 Mihi
974 5750 1027 5802 in
1066 5748 1356 5819 Evzuigelio
1408 5742 1794 5819 promittuntur
1904 5742 2101 5819 Wolﬁo
2122 5744 2287 5819 edita.

223 5812 383 5884 ιίιέιιὶι
420 5812 709 5903 ριιςιὸνυῐη,
758 5838 876 5891 qua:
921 5812 1341 5876 iustrumcn'tum
1386 5812 1540 5873 vetus
1573 5816 1794 5872 omnino
1974 5814 2084 5886 (50)
2120 5813 2298 5869 Malim
2326 5812 2739 5887 ταπεικὼτερον.

225 5912 328 5949 nun
360 5903 631 5950 Ituuttnal.
668 5912 687 5945 ι
