4198 6440
203 420 308 486 ίω

1177 441 1282 501 AD
1300 444 1883 510 AMPHILOCHIUM
1922 450 2263 523 QUESTIO
2288 454 2421 516 VII.

3336 453 3439 518 110

197 538 716 612 καταμαραινόμενα
782 544 1027 617 λυπηρά,
1092 550 1210 605 ἀλλ’
1269 554 1371 609 ὅσα
1436 557 1503 611 δι’
1563 560 1748 625 αἰῶνος

1862 565 1986 620 \it:
2032 566 2192 622 sicuti
2239 568 2403 624 etiam
2459 583 2565 623 non
2619 567 2972 624 credentibus
3018 563 3431 628 demonstravit.

194 627 501 698 ἀπεράντου
549 638 1023 712 παρατεινομένην
1063 643 1246 714 έχουσι
1284 647 1382 719 τὴν
1414 653 1609 721 πεῖραν
1652 653 1759 707 τῶν

191 718 479 771 ἀλγεινῶν-

263 737 479 787 γεινων.

259 894 323 953 δ’,
362 898 424 951 Εἰ
457 899 522 970 δὴ
558 904 653 959 καὶ
697 904 1096 979 άγωνιστήριον
1135 906 1205 984 ἧν
1252 915 1282 968 δ
1323 916 1674 987 παράδεισος,
1702 921 1759 974 ἐν

188 988 343 1057 αὐτῷ
372 991 480 1062 γάρ
512 992 574 1046 τὸ
600 997 902 1064 γυμνάσιον
926 999 1006 1070 τῷ
1032 1003 1443 1077 πρωτοπλάστῳ
1473 1010 1761 1077 προτέθει-

186 1097 271 1142 το,
310 1081 426 1145 πῶς
457 1081 527 1137 ἂν
551 1086 636 1152 εῐη
670 1085 747 1157 τῷ
784 1088 933 1159 αὐτῷ
971 1091 1065 1145 καὶ
1106 1092 1358 1164 βραδεῐον
1384 1099 1479 1152 καὶ
1509 1101 1755 1169 στάδιον;

186 1171 387 1224 οὐκοῦν
407 1174 433 1224 ό
454 1175 780 1243 παράδεισος
804 1181 1088 1250 προοίμιον
1113 1184 1211 1251 μὲν
1229 1186 1329 1256 τῆς
1354 1189 1629 1258 βασιλείας
1651 1192 1760 1247 τῶν

183 1260 458 1331 οὐρανῶν,
485 1264 546 1317 οὐ
582 1265 828 1335 βασιλεία
858 1270 917 1324 δέ
939 1287 955 1303 ο
987 1274 1083 1326 καὶ
1107 1276 1377 1347 μακάριον
1402 1278 1504 1349 μιν
1533 1283 1629 1336 καὶ
1656 1300 1759 1337 πο-

183 1349 484 1444 λυέραστον
510 1355 914 1429 ἐνδιωτηθῆναι
934 1362 1013 1433 τῷ
1034 1365 1240 1435 χωρίῳ,
1265 1369 1679 1444 μακαριώτερον
1700 1375 1758 1428 δὲ

184 1440 281 1493 καὶ
310 1444 719 1517 ἐρασμιώτερον
742 1451 804 1503 τὸ
829 1452 911 1515 εἰς
932 1455 1031 1516 τάς
1053 1456 1313 1525 οὐρανίας
1344 1440 1554 1515 ἐκεῖθεν
1583 1440 1761 1535 παρα-

184 1533 505 1628 πεμφθῆναι
563 1542 763 1610 σκηνάς
784 1558 800 1574 ο
856 1546 951 1598 καὶ
979 1547 1040 1600 τὸ
1072 1548 1315 1621 ἀρχηγὸν
1360 1552 1417 1606 δέ
1449 1556 1586 1622 φῶς,
1624 1533 1758 1628 ὅπερ

180 1626 549 1721 ἀναχεόμενον
603 1632 710 1700 πρὸ
765 1634 865 1704 τῆς
909 1637 1002 1691 τοῦ
1042 1640 1191 1709 ήλίου
1231 1642 1616 1716 δημιουργίας,
1658 1626 1758 1721 τὴν

182 1714 401 1807 ημέραν
426 1720 619 1787 ἐποίει,
652 1723 929 1794 βασιλείαν
949 1730 1194 1800 οὐρανῶν
1220 1714 1557 1807 ὑψηλοτέραν
1581 1757 1639 1794 τε
1666 1714 1759 1796 καὶ

180 1803 465 1898 θειοτέραν
501 1812 596 1865 καὶ
637 1813 713 1877 ὡς
748 1816 964 1885 ἀληθῶς
996 1820 1248 1891 οὐράνιον
1270 1803 1633 1898 Ἵλῆξιννὴμᾶς
1667 1834 1753 1886 ἐν·

179 1896 347 1957 νοεῖν,
378 1899 410 1965 ἢ
435 1899 527 1952 τὸν
551 1904 899 1974 παράδεισον,
944 1910 1274 1969 ἀπευθύνειν
1304 1914 1419 1992 ἐνῇ
1450 1896 1564 1985 τοίς
1588 1924 1753 1990 άξιω-
1786 1905 1828 1960 Β

179 1985 509 2085 θησομένοις
561 1995 926 2056 ἐνδιαιτᾶσθαι
970 2003 1071 2075 τὴν
1114 2007 1302 2075 χρείαν
1341 1985 1751 2085 ἀποκληρώσει·

178 2081 276 2131 καὶ
304 2080 393 2151 εἴη
429 2084 497 2137 ἂν
522 2088 693 2142 εἰκότι
727 2089 869 2162 λόγῳ
893 2093 1184 2165 ἀναλογίαν
1208 2098 1469 2167 διασῶζον
1496 2080 1753 2180 τδψούρά-

175 2186 293 2270 νιον
324 2173 487 2270 σῶμα
508 2178 645 2247 πρὸς
668 2181 768 2251 τὴν
792 2182 1070 2252 βασιλείαν
1094 2189 1202 2245 τῶν
1234 2192 1501 2265 οὐρανῶν,
1529 2198 1596 2270 ἢν
1633 2173 1754 2253 συν-

171 2261 435 2361 διασώζει
663 2274 833 2345 αὐτὴν
872 2278 905 2349 ἡ
950 2279 1019 2349 γῆ
1044 2298 1058 2313 ο
1088 2282 1269 2355 ἐκείνη
1387 2261 1497 2360 γὰρ
1535 2261 1754 2361 ipsus

171 2354 457 2423 ὁρώμενον
477 2360 727 2432 οὐράνιον
746 2365 908 2431 κῦτος
924 2369 1076 2435 τάξιν
1099 2354 1326 2443 ἐδάφους
1345 2354 1614 2449 ἐπέχουσα
1634 2384 1753 2452 φαί-

173 2460 330 2499 νεται
351 2464 368 2479 ο
401 2450 564 2515 αὐτός
592 2471 652 2505 τε
688 2456 851 2511 πάλιν
887 2460 1116 2531 ἐδάφους
1148 2466 1530 2539 ἀναπληρώσει
1566 2450 1751 2544 χώραν

171 2540 288 2628 τοῖς
306 2541 366 2594 ιν
381 2544 447 2613 τῇ
468 2544 578 2597 τῶν
597 2548 840 2617 οὐρανῶν
858 2551 1120 2625 βασιλείᾳ,
1136 2558 1236 2627 τὴν
1250 2559 1460 2615 δίαιταν
1475 2540 1749 2628 ἀξιωθεῐσι

172 2627 393 2700 λαχεῖνο
431 2635 583 2689 οὐδὲν
606 2634 698 2691 οὖν
720 2641 855 2709 ὅλως
885 2644 1031 2698 ἐστιν
1054 2650 1280 2718 ἀπορεῖν
1300 2653 1394 2706 τοῦ
1420 2654 1605 2711 λοιποῦ
1633 2659 1751 2722 πῶς

171 2722 271 2774 τοῦ
292 2725 569 2780 Δεσπότου
595 2730 830 2801 Χριστοῦ
856 2737 996 2790 κατὰ
1014 2740 1111 2811 τὴν
1130 2742 1293 2796 αὐτοῦ
1320 2750 1585 2817 σωτήριον
1608 2767 1753 2820 παρ-

168 2813 369 2908 ουσίαν
396 2817 647 2908 οὐράνιον
669 2824 800 2893 ημῖν
823 2827 919 2879 καὶ
937 2827 1275 2896 διδάσκοντος
1298 2835 1392 2887 καὶ
1424 2813 1750 2908 ἐπαγγειλα-

174 2901 373 3002 μένου⁸
399 2905 698 2977 βασιλείαν,
734 2915 763 2967 δ
812 2915 1065 2988 θεράπων
1109 2922 1272 2976 αὐτοῦ
1320 2901 1606 3002 Μωσῆςῆ
1639 2933 1747 2986 οὐδ’

170 2990 314 3053 ὅλως
344 2993 377 3063 ἢ
405 2995 481 3059 ὡς
513 2998 571 3051 ἐν
594 3001 877 3072 αἰνίγματι
908 3005 1111 3077 ταύτης
1136 3011 1379 3084 ἐμνήσθη
1402 3031 1415 3044 ·
1439 2990 1559 3071 οὐδὲ
1587 2990 1745 3074 πότε-

174 3096 271 3147 ρον
291 3086 486 3139 ταυτόν
506 3089 654 3143 ἐστιν
675 3092 707 3162 ἢ
731 3093 817 3147 ἐτε
827 3112 917 3165 ρον
940 3099 968 3150 ὀ
992 3099 1317 3170 παράδεισος
1340 3106 1481 3177 καὶή
1505 3107 1748 3178 βασιλεία

168 3176 284 3225 τῶν
315 3176 583 3247 οὐρανῶν.

1861 658 1974 712 fore
2002 666 2061 713 ut
2081 658 2203 714 illos
2225 660 2366 716 haud
2383 661 2703 732 temporalis
2725 661 2808 716 vel
2835 661 3130 730 aliquando
3152 672 3427 715 cessatura

1859 763 2016 816 paena
2045 750 2297 820 excipiat,
2346 751 2605 823 κάρυξε
2633 766 2855 807 sensum
2889 752 3073 823 potius
3113 752 3321 807 doloris
3373 753 3426 805 in

1859 840 2128 898 inﬁnitum
2163 849 2338 899 avum
2376 844 2660 900 extendat.

1926 934 1981 989 4.
2016 933 2170 1001 Quod
2194 936 2239 990 si
2275 947 2535 1005 praeterea
2565 935 2855 1005 paradisus
2886 938 3245 991 certaminum
3286 953 3424 1007 pra-.-

1860 1024 2027 1080 mium
2055 1035 2174 1091 est;
2201 1026 2311 1081 illic
2338 1027 2484 1080 enim
2513 1027 2691 1097 primo
2719 1027 2929 1083 homini
2952 1029 3285 1098 propositum
3317 1031 3428 1082 vir-

1861 1116 1988 1172 tutis
2012 1117 2327 1172 exercitium
2351 1116 2488 1183 fuit;
2511 1119 2605 1188 qui
2629 1118 2744 1173 ﬁeri
2764 1127 2944 1187 potest
2961 1128 3022 1173 ut
3051 1118 3194 1173 idem
3219 1120 3425 1173 homini

1858 1208 2009 1263 locus
2032 1208 2207 1277 palma
2230 1218 2377 1264 esset
2405 1217 2459 1263 et
2489 1209 2765 1265 stadium?
2798 1208 3058 1280 Sequitur
3078 1224 3208 1280 ergo
3242 1221 3301 1264 ut
3326 1227 3424 1279 pa-

1858 1300 2072 1355 radisus
2121 1299 2442 1370 pra-ludium
2472 1301 2691 1371 quidem
2722 1299 2876 1372 regni
2925 1301 3188 1357 cmlorum
3245 1302 3427 1362 fuerit.

1856 1404 1966 1444 non
1998 1399 2176 1445 tamen
2207 1390 2386 1461 ipsum
2423 1408 2668 1461 regnum.
2702 1390 2770 1447 Et
2802 1392 2857 1447 in
2880 1406 2948 1446 eo
2973 1392 3194 1461 quidem
3222 1393 3429 1447 versari

1858 1480 1979 1535 loco
2008 1480 2223 1536 beatum
2258 1498 2323 1538 ac
2361 1482 2724 1537 desiderabile
2747 1491 2865 1547 est;
2893 1482 3068 1538 multo
3092 1489 3273 1537 tamen
3302 1482 3431 1537 bea-

1856 1573 1964 1626 tius
2002 1582 2167 1642 atque
2213 1573 2510 1643 optabilius
2559 1580 2642 1628 est
2691 1574 2757 1625 ad
2786 1573 3042 1628 caelestes
3091 1572 3247 1627 sedes
3280 1572 3430 1625 illine

1854 1660 2049 1715 emitti.
2079 1660 2144 1716 Et
2171 1662 2393 1733 quidem
2420 1664 2510 1717 lux
2532 1664 2622 1717 illa
2653 1662 2997 1734 primigenia,
3026 1662 3185 1733 cujus
3211 1661 3427 1727 effusio,

1855 1760 1980 1806 ante
2005 1752 2175 1807 solem
2205 1753 2508 1817 conditum,
2548 1753 2691 1808 diem
2725 1752 3009 1815 eﬁiciebat,
3040 1753 3290 1822 exemplo
3334 1768 3431 1807 no-

1856 1839 1939 1896 bis
1968 1852 2070 1907 est,
2105 1852 2165 1898 ut
2205 1843 2573 1914 intelligamus
2600 1858 2827 1914 regnum
2865 1844 3131 1899 caelorum
3158 1860 3282 1899 vere
3310 1859 3431 1899 esse

1856 1932 2073 1989 cmleste
2119 1934 2511 2001 habitaculum,
2544 1937 2824 2006 multoque
2861 1935 3131 1991 excelsius
3160 1936 3431 1990 divinius-

1854 2039 1982 2093 que,
2010 2040 2174 2097 quam
2209 2027 2517 2097 paradisus,
2551 2027 2608 2082 in
2639 2043 2751 2099 quo
2777 2027 2991 2099 quidem
3028 2027 3236 2083 caelesti
3276 2028 3429 2083 habi-

1856 2118 2053 2182 taculo,
2081 2118 2135 2173 hi
2172 2118 2269 2190 qui
2304 2135 2369 2175 eo
2400 2120 2549 2191 digni
2586 2118 2807 2184 fuerint,
2855 2120 2966 2175 voti
2998 2121 3177 2176 omnis
3208 2136 3427 2190 compo-

1856 2221 1937 2267 tes
1984 2212 2132 2267 ﬁent.
2186 2212 2419 2268 Prorsus
2474 2212 2689 2268 videtur
2738 2212 2891 2282 justa
2946 2214 3157 2269 ratione
3208 2215 3430 2270 cteleste

1854 2301 2252 2358 ﬁrmamentum
2301 2319 2422 2361 eam
2468 2305 2774 2375 analogiam
2823 2320 2951 2376 erga
2992 2322 3220 2378 regnum
3260 2306 3429 2364 casio-

1853 2410 1973 2449 rum
2008 2396 2172 2459 tueri,
2198 2411 2361 2467 quam
2396 2411 2523 2468 erga
2550 2397 2731 2467 ipsum
2768 2397 3173 2453 ﬁrmamentum
3208 2399 3368 2453 tellus
3410 2415 3424 2449 :

1852 2484 1967 2541 ha-c
1990 2487 2134 2543 enim
2165 2488 2393 2551 cmlesti,
2426 2503 2589 2558 quem
2636 2489 2995 2559 suspicimus.
3024 2488 3222 2544 fornici
3247 2491 3442 2546 vicem-

1851 2578 2138 2646 pavimenti
2156 2589 2411 2650 praestare
2433 2580 2665 2636 videtur.
2694 2581 2907 2637 Rursus
2926 2581 3290 2663 ipse‘coalestis
3311 2580 3425 2635 for-

1850 2668 1944 2721 nix
1976 2672 2263 2738 pavimenti
2286 2671 2458 2727 instar
2477 2673 2582 2727 erit
2600 2673 2666 2727 iis
2687 2673 2779 2742 qui
2801 2674 3066 2728 caelorum
3092 2688 3315 2742 regnum
3344 2673 3426 2727 in-

1850 2757 2059 2812 colendi
2078 2759 2223 2831 digni
2240 2769 2421 2815 erunt.
2452 2759 2597 2832 Ergo
2618 2762 2877 2832 deinceps
2904 2777 3011 2816 non
3027 2762 3425 2831 eritambigen-

1848 2847 1998 2913 dum,
2023 2864 2122 2904 cur
2150 2866 2273 2906 nam
2294 2852 2564 2918 Christus,
2591 2870 2700 2921 quo
2730 2864 2973 2925 tempore
3004 2855 3143 2910 inter
3178 2856 3426 2909 homines

1848 2939 2155 2996 salutariter
2185 2954 2433 3000 versatus
2487 2956 2589 3010 est,
2637 2946 2863 3001 cceleste
2906 2947 3065 3001 nobis
3115 2948 3426 3016 promiserit

1848 3029 2284 3101 nuntiaveritque
2317 3048 2581 3103 regnum;
2630 3035 2752 3102 ejus
2800 3050 2928 3090 vero
2971 3035 3210 3090 famulus
3244 3036 3423 3091 Moses

1847 3117 1934 3171 vel
1965 3120 2115 3175 nullo
2152 3123 2337 3188 modo,
2370 3124 2452 3178 vel
2485 3135 2631 3180 certe
2663 3141 2770 3181 non
2792 3128 2911 3182 sine
2940 3126 3232 3198 renigmate
3272 3130 3423 3193 regni

1847 3210 2091 3280 ejusdem
2118 3216 2448 3271 mentionem
2485 3216 2694 3273 fecerit.
2745 3216 2932 3290 Neque
2958 3222 3192 3291 denique
3210 3228 3295 3276 est
3325 3220 3427 3275 du-

170 3266 463 3326 bitandum
493 3282 674 3331 utrum
717 3278 857 3334 idem
890 3284 960 3336 sit
990 3298 1057 3338 an
1089 3287 1216 3356 quid
1246 3289 1548 3356 diversum,
1584 3266 1959 3365 paradisus-et
1993 3320 2217 3379 regnum
2252 3308 2537 3364 caelorum.

737 3376 1027 3435 ΕΡΩΤΗΣΙ
1034 3382 1071 3434 Σ
1101 3384 1176 3439 Ζ’.

2061 3376 2077 3379 θ
2382 3402 2709 3470 QUASSTIO
2751 3405 2857 3462 vn.

170 3465 240 3516 Ei
268 3464 344 3516 τὰ
376 3462 519 3530 τέλη
544 3466 660 3518 τῶν
691 3468 921 3569 αἰώνων
929 3475 1035 3569 1εἰς·
1068 3472 1225 3542 ἡμᾶς
1254 3477 1655 3547 κατήντησεν,
1679 3485 1748 3537 ἐν

248 3535 442 3569 ηΑἷηιι.
472 3535 684 3569 ηἲιῗιηιυ
781 3539 885 3569 ολδ
974 3545 1177 3569 ...ι--..Ζ
1214 3548 1393 3569 _a_:_
1416 3568 1425 3569 ,
1493 3554 1536 3569 _.
1609 3553 1623 3569 τ
1688 3554 1711 3565 -

1852 3491 1913 3550 Si
1940 3494 2063 3563 ﬁnis
2093 3462 2577 3569 syriilorum‘iiobis
2607 3499 2839 3560 advenit,
2863 3501 3180 3569 quibusnam
3216 3502 3424 3556 secutis

243 3535 442 3598 ποίοις
471 3535 684 3588 αἰῶσιν
714 3542 746 3592 ὁ
781 3539 885 3593 τοῦ
920 3535 1178 3609 Χρὶσῖοῦ
1200 3535 1468 3616 πλοῦτος
1483 3535 1571 3617 sic

239 3603 722 3672 ἐπιδειχθήσεται
748 3624 767 3670 ;

1852 3535 1913 3550 υ.
1960 3535 2061 3547 .....
2093 3535 2577 3550 -.υ.....,........νν..
2607 3535 2816 3552 .....,.....
2899 3535 3151 3554 ...ν-...κη

1940 3535 1954 3563 ’
2102 3564 2299 3619 Christi
2328 3564 2529 3621 divitia
2559 3569 2611 3620 in
2645 3584 2739 3621 nos
2771 3535 3151 3624 oslelndentur?

270 3638 584 3670 σιιυσιιυιρυ
600 3638 719 3660 ειμι
748 3649 762 3670 ,

423 3742 565 3794 Edita
585 3759 612 3794 a
642 3745 781 3807 Maio,
807 3761 916 3800 nov.
952 3748 1095 3811 6011.,
1116 3756 1154 3802 t.
1182 3752 1262 3814 lx,
1288 3768 1335 3817 p.
1358 3755 1461 3806 5-6.
1494 3758 1829 3811 Conciliantur
1855 3762 1992 3813 Pauli
2028 3764 2216 3816 verbal
2246 3766 2355 3819 Cor.
2379 3780 2429 3827 x,
2462 3766 2671 3831 il,cum
2702 3766 2870 3818 verbis
2900 3768 3026 3831 Eph.
3048 3781 3098 3828 ιι.
3121 3770 3169 3819 7.

239 3831 361 3883 Οὐκ
400 3831 603 3903 ἄπορον
647 3835 703 3888 δὲ
734 3837 843 3889 οὐδ’
873 3840 921 3891 εί
964 3841 1033 3892 τὰ
1070 3840 1196 3912 τέλη
1236 3844 1344 3896 τῶν
1397 3846 1608 3901 αἰώνων
1664 3850 1747 3913 είς

1916 3850 2030 3906 Non
2056 3853 2322 3909 incertum
2340 3863 2422 3911 est
2443 3870 2682 3926 quoque,
2706 3856 2750 3911 si
2770 3857 2894 3911 linis
2912 3855 3237 3913 saeculorum
3263 3858 3427 3913 nobis

164 3923 319 3991 ἡμᾶς
364 3925 723 3994 κατήντησεν,
757 3930 814 3982 ἐν
857 3932 969 3995 τοῖς
1013 3934 1403 4004 ἐπερχομένοις
1448 3938 1607 3992 αἰῶσι
1653 3941 1745 3994 τὸν

1844 3944 2076 4009 advenit,
2092 3945 2305 4001 divitias
2319 3962 2447 4003 suas
2465 3947 2518 4001 in
2543 3963 2640 4001 nos
2654 3947 2958 4004 ostendisse
2974 3964 3319 4004 communem
3332 3966 3419 4021 ge—

163 4015 404 4069 πλοῦτον
432 4016 595 4070 αὐτοῦ
624 4019 991 4086 ἐπιδείξασθαι
1020 4027 1097 4087 εἰς
1125 4028 1271 4095 ἡμᾶς
1312 4029 1402 4082 τὸν
1430 4031 1607 4084 κοινὸν
1644 4032 1738 4086 τοῦ

1844 4034 1987 4089 neris
2004 4037 2169 4090 nostri
2189 4036 2521 4093 Salvatorem
2535 4049 2589 4094 et
2606 4037 3045 4110 Redemptorem.
3067 4039 3125 4094 ln
3147 4040 3252 4094 line.
3267 4042 3411 4096 enim

164 4106 363 4167 γένους
392 4106 609 4178 σωτῆρα
637 4111 729 4162 καὶ
751 4110 1055 4183 λυτρωτήν.
1075 4112 1199 4167 Ἐπὶ
1230 4116 1328 4185 μὲν
1356 4117 1465 4190 γὰρ
1490 4120 1568 4192 τῷ
1596 4122 1739 4175 τέλει

1844 4126 2156 4182 saeculorum
2170 4130 2851 4201 sumusnosquicunquein
2868 4131 3011 4185 hunc
3027 4130 3289 4188 mundum
3300 4132 3413 4201 jam

159 4197 276 4248 τῶν
318 4198 529 4252 αἰώνων
556 4201 718 4270 ἡμεῖς
748 4204 935 4273 ἐσμεν,
964 4205 1079 4258 ὅσοι
1116 4206 1209 4261 τὸν
1251 4212 1495 4281 παρόντα
1539 4216 1741 4284 κόσμον

1844 4213 2119 4273 ﬁaccidum
2130 4227 2182 4272 et
2194 4218 2261 4272 ad
2278 4218 2437 4274 ﬁnem
2461 4197 2619 4276 suum
2634 4197 2942 4291 vergentem
2963 4222 3116 4278 missi
3129 4225 3414 4281 sumusin-

159 4289 265 4357 ἥδη
287 4291 684 4360 μαραινόμενόν
706 4311 764 4346 τε
777 4297 872 4349 καὶ
894 4299 1264 4370 καταρρέοντα
1289 4302 1423 4372 πρὸς
1444 4304 1592 4366 τέλος
1612 4305 1739 4358 ἐτά-

1844 4306 2022 4363 colend
2032 4324 2140 4375 um;
2157 4325 2218 4365 sn
2226 4311 2591 4379 pervenientia
2606 4322 2784 4367 autem
2800 4314 2994 4368 secula
3016 4315 3108 4370 illa
3125 4331 3246 4371 esse
3265 4319 3412 4389 cogi-

156 4380 379 4451 χθημεν
402 4389 797 4457 παραμετρεῖν,
830 4390 1235 4460 ἐπερχομένους
1276 4394 1332 4447 δέ
1357 4394 1561 4459 αἰῶνας
1593 4397 1735 4450 ἐκεί-

1844 4399 2054 4454 Landum
2066 4408 2279 4469 estquae
2294 4410 2616 4456 internarum
2633 4404 2686 4457 in
2700 4402 2882 4458 futura
2897 4405 3215 4461 deliciarum
3235 4380 3404 4479 parti—

155 4491 288 4538 νους
338 4476 420 4529 δεῖ
474 4480 632 4543 νοεῖν,
687 4479 801 4533 ὅσοι
862 4485 928 4554 τῇ
975 4484 1082 4536 τῶν
1121 4486 1422 4553 μελλόντων
1471 4489 1732 4559 άδιαδόχῳ

1844 4490 2061 4559 :ipantia
2075 4501 2381 4560 protensam
2395 4494 2845 4552 obtinenteorum
2859 4506 3131 4553 naturam.
3150 4476 3255 4555 Sed
3274 4501 3404 4555 mihi

156 4566 584 4635 παραπολαύσει
609 4576 1192 4645 συμπαρατεινομένην
1230 4577 1412 4647 ἔχουσι
1454 4579 1615 4649 φύσιν
1636 4582 1734 4650 τὴν

1844 4592 1889 4635 et
1910 4583 1989 4635 sic
2013 4583 2297 4637 considera
2320 4602 2333 4638 :
2354 4585 2567 4639 saeculis
2590 4585 2695 4639 illis
2710 4602 2943 4655 quorum
2960 4588 3086 4643 ﬁnis
3105 4589 3160 4645 in
3186 4607 3285 4647 nos
3308 4594 3408 4647 ad-

153 4658 393 4711 ἑαυτῶν.
429 4659 568 4729 Ὀρα
598 4661 654 4713 δέ
692 4679 780 4731 μοι
804 4665 899 4716 καὶ
925 4664 1096 4727 οὓτως
1120 4683 1134 4698 ⁸
1160 4667 1219 4719 ἐν
1254 4669 1352 4738 μὲν
1380 4672 1492 4734 τοῖς
1517 4672 1729 4735 αἰῶσιν,

1844 4672 1998 4731 venit,
2018 4672 2295 4726 deﬁnitum
2315 4683 2440 4729 ante
2455 4675 2650 4729 saecula
2673 4676 2995 4747 mysterium
3011 4695 3107 4748 pro
3125 4686 3406 4739 communi

152 4738 233 4797 ὧν
259 4748 341 4809 εἰς
374 4749 521 4817 ἡμᾶς
542 4750 609 4803 τά
643 4751 775 4822 τέλη
811 4755 1140 4824 κατήντησε,
1179 4758 1241 4810 τὸ
1268 4760 1373 4830 πρὸ
1394 4761 1501 4814 τῶν
1520 4763 1731 4815 αἰώνων

1844 4762 2115 4816 hominum
2136 4765 2352 4834 generis
2382 4765 2560 4821 salute
2589 4770 2883 4825 terminum
2912 4773 3123 4841 accepit
3149 4782 3205 4828 et
3225 4773 3406 4843 perfe~

150 4837 378 4908 ὁρισθὲν
415 4842 711 4912 μυστήριον
738 4846 831 4898 ἐπὶ
862 4849 1015 4917 κοινῇ
1050 4847 1142 4902 τοῦ
1170 4849 1509 4920 ἀνθρωπίνου
1541 4853 1730 4921 γένους

1844 4863 2088 4919 :tumest;
2104 4855 2195 4925 qui
2210 4856 2471 4911 terminus
2507 4867 2590 4912 est
2604 4857 2693 4913 Dei
2710 4862 2853 4929 apud
2866 4837 3115 4917 homin-es
3130 4837 3341 4920 mansio
3354 4877 3409 4921 et

152 4931 409 5002 σωτηρίᾳ
436 4932 605 5002 πέρας
634 4935 794 4990 ἔλαϐέ
828 4954 884 4990 τε
907 4940 1001 4990 καὶ
1031 4940 1282 5013 ἐτελέσθη
1306 4958 1321 4973 ο
1355 4943 1491 5014 ὅπερ
1516 4947 1661 4998 ἐστὶν
1690 4948 1721 5016 ὴ

1856 4944 2133 5011 ncolatus;
2164 4948 2665 5013 supervenientibus
2689 4960 2871 5006 autem
2892 4953 3110 5009 saeculis
3129 4953 3404 5023 perfectus

149 5021 248 5073 τοῦ
290 5022 429 5075 Θεοῦ
481 5026 615 5096 πρὸς
661 5028 981 5099 ἀνθρώπους
1013 5032 1205 5112 ἐνωσίς
1226 5052 1284 5088 τε
1311 5038 1403 5089 καὶ
1430 5038 1691 5109 ἐπιδημία
1712 5057 1725 5069 ·

1844 5039 1932 5092 :rit
1954 5038 2233 5093 hominum
2254 5038 2317 5092 ad
2338 5039 2505 5093 Deum
2523 5039 2730 5097 reditus
2746 5052 2799 5098 et
2826 5044 2990 5101 altior
3023 5021 3149 5103 cum
3170 5049 3261 5104 illo
3276 5065 3405 5105 con-

148 5117 209 5165 ἐν
240 5114 300 5168 δὲ
328 5119 442 5180 τοῖς
489 5118 875 5188 ἐπερχομένοις
916 5124 1287 5197 ἐπιτελεσθείη
1338 5128 1404 5182 ἂν
1443 5130 1607 5200 ἡτῶν
1629 5133 1725 5185 ἀν-

1850 5129 2052 5184 unctio.
2078 5128 2230 5185 Tunc
2250 5129 2410 5184 etiam
2433 5132 2729 5187 secundum
2748 5136 2978 5204 gratiam
3020 5136 3150 5193 facti
3195 5142 3404 5198 erimus

149 5205 394 5277 θρώπων
442 5208 575 5279 πρὸς
612 5212 745 5265 Θεὸν
788 5214 972 5278 ἄνοδὸς
1013 5234 1071 5269 τε
1104 5219 1199 5271 καὶ
1259 5220 1562 5294 ὑψηλοτέρα
1600 5241 1724 5276 συν-

1844 5222 1898 5275 lii
1913 5235 2084 5291 neque
2094 5220 2159 5276 ad
2175 5220 2767 5289 pejoraconversionem
2785 5228 3085 5295 capientes.
3105 5231 3299 5287 Adhuc
3311 5249 3406 5288 au-

147 5302 323 5367 άφεια
343 5317 356 5331 ·
374 5302 470 5355 καὶ
493 5303 551 5357 τὸ
577 5307 718 5360 κατὰ
746 5309 908 5380 χάριν
936 5311 1085 5379 ἡμᾶς
1116 5312 1364 5379 γενέσθαι
1401 5315 1576 5381 θεοὺς,
1621 5334 1725 5387 μη-

146 5393 271 5445 κέτι
298 5393 433 5463 πρὸς
456 5395 526 5447 τὰ
563 5397 731 5467 χείρω
752 5399 849 5470 τὴν
892 5404 1198 5475 μεταϐολὴν
1226 5406 1567 5477 δεχομένους.
1604 5410 1724 5463 Ἔτι

143 5482 201 5537 δὲ
232 5484 295 5536 ἐν
320 5485 422 5554 μὲν
452 5488 564 5550 τοίς
590 5489 803 5558 αἰῶσιν,
827 5484 901 5545 ὧν
930 5495 1010 5557 είς
1033 5497 1101 5548 τὰ
1124 5496 1251 5567 τέλη
1276 5499 1720 5570 κατηντήσαμεν,

143 5576 246 5644 τὴν
273 5577 538 5647 ἐργασίαν
584 5580 689 5634 τῶν
729 5583 956 5637 ἐντολῶν
1002 5587 1381 5657 ἀπαιτούμεθα
1404 5606 1422 5621 ·
1453 5592 1544 5643 καὶ
1587 5592 1721 5662 πρὸς

144 5666 207 5718 τὸ
238 5666 546 5736 γυμνάσιον
577 5669 922 5744 ἀποδυόμεθα
946 5689 959 5703 ·
997 5676 1054 5728 ἐν
1086 5675 1144 5730 δὲ
1187 5683 1298 5742 τοῖς
1336 5681 1720 5751 ἐπερχομένοις

140 5759 214 5811 τά
238 5775 299 5811 τε
325 5760 436 5813 τῶν
466 5762 752 5829 πρακτέων
812 5767 1065 5838 ἐπίχειρα
1118 5770 1456 5841 κομιζόμεθα
1493 5774 1585 5825 καὶ
1614 5772 1719 5825 τῶν

149 5850 421 5925 βραϐείων
464 5852 778 5925 ἀξιούμεθα,
833 5859 919 5912 ὅτε
965 5860 1029 5933 δὴ
1068 5862 1155 5915 ὅτε
1190 5865 1281 5917 καὶ
1314 5866 1340 5918 ὁ
1370 5863 1593 5930 πλοῦτος
1621 5865 1713 5935 si};

1825 5322 1931 5368 tem
1946 5314 2026 5369 bis
2038 5314 2247 5371 saeculis
2259 5330 2486 5386 quorum
2500 5317 2871 5384 ﬁnisadvenit,
2889 5337 2919 5376 a
2934 5325 3090 5381 nobis
3105 5323 3403 5399 praecepto-

1822 5420 1943 5459 rum
1957 5404 2264 5475 adimpletio
2280 5407 2531 5476 exigitur,
2551 5418 2604 5463 et
2617 5410 2683 5463 ad
2702 5410 2902 5466 luctam
2921 5417 3283 5487 accingimur;
3302 5436 3398 5475 su-

1824 5497 2256 5567 pervenientibus
2270 5508 2446 5552 autem
2461 5513 2588 5554 coru
2598 5517 2645 5554 ηι
2664 5517 2783 5571 quae
2805 5506 3011 5574 agenda
3029 5518 3157 5562 sunt
3174 5512 3397 5577 praemia

1822 5587 2133 5654 accipimus,
2151 5589 2645 5646 etvictorizelaurca
2666 5594 3159 5664 dignijndicamur,
3174 5606 3397 5670 quando

1821 5689 1874 5733 et
1907 5678 2105 5733 divitia:
2134 5680 2415 5735 dominica:
2440 5681 2693 5735 bonitatis
2724 5692 2778 5739 et
2809 5685 3114 5757 largitionis
3134 5692 3395 5748 ineﬁabili

1822 5772 1987 5825 verbo
1998 5780 2051 5826 et
2068 5770 2599 5841 incompreliensibili
2616 5775 2825 5832 ratione
2840 5780 3221 5847 cepiosissime
3234 5784 3394 5840 nobis

1820 5860 2392 5919 subministrabuntur.
2420 5864 2473 5918 Si
2494 5866 2594 5929 vis,
2612 5870 2968 5936 ιιιίυςυιιιίὺιιε
2986 5872 3205 5941 quidem
3223 5889 3395 5931 sacu-
