4198 6440
743 421 836 489 111

1893 425 2158 488 ΡΗΟΤΙΙ
2187 426 2465 486 PATRIA
2478 429 2700 488 RCILIE
2726 431 2839 490 (ΞΡ.

3912 432 4013 500 112

743 541 811 595 lis
865 536 1200 607 corruptibili
1243 553 1472 610 corpore
1511 538 1676 594 vitam
1709 551 1947 595 nostram
1995 539 2328 610 perticimus,

2440 540 2765 611 Δεσποτικῆς
2788 543 3157 612 χρηστότητος
3187 546 3280 598 καὶ
3322 544 3637 615 φιλοτιμίας
3665 545 3897 618 ἁρῤήτιρ
3925 545 4010 600 λόο

745 632 1252 702 supervenieutibus
1281 641 1460 686 autern
1474 633 1878 700 corruptionem
1910 632 2322 701 incorruptione

747 735 1039 789 mutantes,
1054 724 1417 778 sicinllnitum
1432 739 1608 779 aevum
1627 739 2031 795 percurremus.
2051 723 2117 778 Et
2133 738 2322 779 rursus

745 821 957 875 Sacculis
969 817 1328 888 praesentibus
1343 817 1695 888 insurgensin
1717 831 1818 872 nos
1835 825 1888 871 et
1904 832 2005 873 nos
2023 818 2323 888 impediens

748 921 1025 978 peccatum
1044 911 1316 978 subimus;
1331 909 1840 980 supervenientibus
1853 921 2054 974 autem,
2075 924 2250 980 neque
2267 911 2320 965 in

748 1017 847 1056 nos
873 1017 1131 1072 pugnam,
1155 1013 1248 1057 aut
1267 1015 1436 1074 agens
1457 1011 1762 1073 peccatum,
1792 1003 1885 1057 sed
1911 1015 2090 1072 neque
2108 1002 2324 1058 occulte

747 1095 799 1147 in
826 1096 982 1149 nobis
1000 1105 1150 1149 stans
1171 1106 1261 1147 aut
1291 1101 1438 1149 stare
1466 1093 1652 1147 Valens
1682 1093 2035 1160 reperiemus.
2068 1091 2240 1148 Multa
2269 1103 2325 1148 et

744 1190 848 1242 alia
873 1198 1125 1243 sexct‘nta
1146 1188 1230 1246 bis
1247 1187 1372 1242 addi
1400 1185 1838 1256 possentquibus
1859 1184 2159 1240 dim-rentia
2183 1187 2327 1241 inter

679 1349 683 1353 ι
745 1283 944 1335 directa
974 1281 1038 1334 ad
1077 1280 1237 1334 linem
1272 1282 1468 1335 saecula
1498 1287 1552 1334 et
1572 1293 1635 1333 ea
1659 1293 1782 1348 quae
1806 1278 1859 1331 in
1896 1277 2166 1331 inlinitum
2205 1293 2325 1332 ma-

748 1384 880 1441 nent
927 1372 1085 1426 facile
1117 1372 1469 1426 discernitur.
1502 1371 1678 1440 Atque
1711 1369 1786 1423 ita
1827 1369 2118 1438 prteposita
2164 1371 2326 1424 verba

750 1482 854 1519 llOlI
882 1465 1108 1518 invicem
1144 1471 1514 1532 opponuntur,
1541 1475 1715 1530 neque
1743 1459 1884 1512 inter
1912 1471 1972 1510 se
2000 1469 2263 1528 pugnant.

2429 649 2510 702 γῳ
2535 634 2628 685 καὶ
2664 634 3070 705 ἀκαταλήπτοις
3091 636 3373 706 λογισμοῖς
3401 639 3533 708 ήμῖν
3552 639 4010 708 ιπιδαψιλεύσιτο.

2430 723 2490 776 El
2527 724 2702 794 βούλει
2730 725 2785 778 δὲ
2808 727 2866 778 ἐν
2899 727 2999 794 μὲν
3033 731 3148 790 τοῖς
3179 729 3612 798 περατουμένοις
3635 730 3800 783 αίῶσι
3833 729 4012 800 φθαρ-

2426 815 2506 884 τῷ
2529 817 2744 884 σώματι
2768 817 2860 870 τὸν
2885 818 3170 889 βίονήμῶν
3182 820 3488 889 διανύομεν,
3521 823 3580 874 ὲν
3599 822 3656 874 δὲ
3693 825 3809 885 τοῖς
3840 825 4009 890 ἐπερ-

2424 908 2678 977 χομένοις
2691 910 2790 980 τῆς
2807 909 3013 980 φθορᾶς
3031 912 3131 981 τὴν
3145 911 3453 981 ἀφθαρσίαν
3471 912 3848 983 ἀμειϐόμενοι,
3867 912 4012 966 οὕτω

2425 999 2518 1052 τὸν
2537 999 2891 1071 ἀτελεύτητον
2905 1001 3255 1073 διατελοῦμεν
3272 1003 3463 1057 αἰῶνα.
3485 1005 3593 1058 Καὶ
3630 1004 3795 1057 πὰλιν
3813 1007 3871 1057 ὲν
3915 1005 4013 1073 μὲν

2419 1092 2530 1153 τοῖς
2550 1092 2784 1159 παροὶσι
2817 1093 2918 1161 τὴν
2953 1094 3483 1164 κατεξανισταμένην
3513 1095 3669 1164 ἡμῶν
3698 1095 3798 1165 τὴν
3827 1097 4012 1163 ἁμαρο

2417 1185 2541 1238 τίαν
2581 1188 2675 1238 καὶ
2709 1185 3433 1257 διενοχλοῦσανύφιστάμεθα
3453 1206 3467 1220 ·
3508 1190 3635 1242 ἑνδὲ
3654 1192 3765 1251 τοῖς
3783 1191 4013 1260 ἐπερχοο

2424 1280 2604 1350 μένοις
2638 1282 2820 1335 οὐκέτι
2843 1282 3400 1354 καταστρατηγοῦσαν
3434 1283 3556 1336 οὐδὲ
3585 1284 4011 1354 ἐνεργουμένην,

2423 1371 2559 1426 ἀλλὰ
2574 1372 2709 1443 μηδὲ
2732 1374 3046 1442 ὑφεστῶσαν
3057 1376 3193 1438 ὅλως
3204 1376 3530 1447 εὑρήσομεν,
3550 1376 3685 1446 μηδὲ
3699 1375 4016 1446 δυναμένην

2425 1463 2776 1532 ὑφίστασθαι.
2797 1466 2974 1519 Πολλὰ
2989 1466 3033 1520 δ’
3050 1466 3116 1521 ἁν
3131 1485 3215 1531 τις
3231 1468 3322 1520 καὶ
3334 1467 3470 1522 ἄλλα
3489 1468 3657 1538 μυρία
3671 1468 3883 1532 τούτοις
3897 1467 4016 1521 ἑπι-

748 1561 890 1631 θείη,
908 1560 976 1614 δι’
998 1553 1072 1613 ῶν
1093 1560 1128 1629 ἡ
1160 1556 1394 1630 διαφορὰ
1420 1558 1529 1612 τῶν
1556 1574 1616 1610 τε
1638 1557 1775 1628 πρὸς
1803 1558 1958 1619 τέλος
1985 1555 2359 1626 ἐπειγομένων
2391 1559 2603 1614 αίώνων
2638 1561 2859 1616 καὶτῶν
2876 1565 2956 1626 είς
2974 1563 3280 1631 ἁπέραντον
3293 1563 3654 1634 διαμενόντων
3679 1565 3881 1636 ῥᾳδίως
3919 1582 4015 1618 κα-

743 1652 1147 1724 ταλαμϐάνεται
1174 1669 1187 1682 ο
1222 1653 1314 1704 καὶ
1342 1649 1418 1714 ὡς
1445 1650 1514 1704 τὰ
1542 1649 1875 1720 προκείμενα
1907 1647 2046 1721 ῥητὰ
2075 1647 2196 1701 οὐδὲ
2221 1648 2472 1716 ἀλλήλοις
2489 1655 2896 1725 ἁντινομοθετεζ
2919 1655 3040 1709 ούδὶ
3072 1655 3418 1726 διαμάχεται.

1291 1741 1625 1809 ρυλεδτιο
1655 1741 1794 1796 νιιι.

747 1836 1020 1902 Quomodo
1056 1836 1256 1888 dicitur
1282 1834 1422 1898 [ilius
1447 1832 1546 1887 Dei
1575 1842 1849 1899 peccatum
1882 1849 1985 1885 non
2006 1832 2199 1901 facere,
2232 1833 2325 1902 qui

813 1909 970 1976 juxta
999 1908 1237 1960 eamdem
1269 1905 1602 1976 Scripturam
1635 1919 1702 1955 ea:
1728 1920 1868 1972 aqua
1891 1914 1941 1955 et
1972 1902 2177 1976 Spiritu
2226 1919 2326 1956 ua-

817 1975 1066 2038 .scuntur;
1099 1985 1146 2030 et
1175 1985 1350 2027 tamen
1383 1975 1572 2028 multos
1614 1975 1846 2027 videmus
1874 1991 1965 2040 per
1995 1975 2322 2041 baptismum

817 2048 958 2118 [ilius
999 2048 1090 2101 Dei
1115 2046 1326 2114 effectos
1365 2055 1635 2112 peccatum
1672 2044 1962 2113 facientes;

2989 1745 3330 1801 ΕΡΩΤΗΣΙΣ
3354 1744 3437 1799 η’.

2432 1837 2564 1903 Πῶς
2597 1839 2668 1892 τὰ
2704 1837 2888 1909 τέκνα
2932 1841 3040 1894 τοῦ
3093 1840 3241 1894 Θεοῦ
3283 1839 3521 1908 λέγεται
3568 1842 3872 1909 ἁμαρτίαν
3933 1842 4014 1909 μὴ

2495 1909 2710 1980 atoan
2748 1908 2900 1964 εἶναι
2931 1910 3000 1963 δὲ
3021 1911 3207 1964 ταῦτα
3245 1911 3283 1979 ἠ
3309 1913 3463 1977 αὐτὴ
3505 1908 4016 1980 λέγειΓραμ-,ὴίτὰ

2504 1979 2576 2031 δι’
2602 1979 2824 2045 ὓδατος
2851 1981 2947 2033 καὶ
2978 1981 3326 2047 ηγεύματος
3356 1979 3753 2048 γεννηθέντα,
3778 1979 3878 2043 καί
3907 1981 4017 2039 πά-

2496 2053 2599 2102 λιν
2639 2050 2910 2120 πολλοὺς
2959 2049 3189 2120 ὁρῶμεν
3226 2052 3366 2116 τοὺς
3437 2050 3534 2105 διὰ
3593 2053 4020 2120 βαπτίσματος

2356 2116 2398 2169 Β
2488 2116 2941 2187 υίοποιηοέντίις
2966 2116 3087 2189 tiu"
3115 2121 3408 2190 ἁμαρτίαν
3428 2116 3972 2190 διαπραττομέὗ-ους
3998 2140 4015 2184 ;

782 2213 920 2266 lldita
949 2227 975 2261 a
1011 2211 1152 2270 Maio,
1179 2212 1211 2260 l.
1237 2225 1279 2262 c.
1311 2223 1356 2272 p.
1388 2210 1492 2260 6-8.
1521 2209 1598 2260 De
1631 2208 1797 2257 verbis
1823 2208 1840 2257 l
1865 2209 2004 2258 Joan.
2030 2224 2098 2267 ιιι,
2130 2209 2197 2275 9_;
2231 2210 2544 2275 etqnomodo
2586 2211 2666 2259 his
2688 2225 2787 2275 non
2824 2210 3009 2272 obstet,
3028 2213 3159 2275 quod
3181 2208 3470 2272 baptizatos,
3493 2210 3580 2275 qui
3615 2225 3732 2262 vere
3776 2211 3865 2262 filii
3890 2213 3986 2264 Dei

1723 2279 1840 2320 sunt
1864 2277 2025 2333 (Joan.
2048 2287 2121 2335 ιιι,
2154 2273 2204 2331 5)
2235 2273 2393 2322 adhuc
2425 2279 2686 2322 peccantes
2709 2272 2980 2324 videamus.

819 2383 877 2438 Si
906 2383 1218 2453 quicunque
1248 2397 1312 2434 ex
1343 2395 1480 2448 aqua
1515 2388 1568 2433 et
1594 2377 1798 2446 Spiritu
1831 2389 2022 2434 sancto
2059 2395 2329 2451 generan-

752 2489 859 2540 tur,
892 2478 930 2530 ii
965 2483 1095 2530 sunt
1145 2473 1242 2528 ﬁlii
1277 2474 1404 2538 Dei;
1435 2472 1532 2527 lilii
1562 2482 1741 2527 autem
1760 2471 1876 2537 Dei,
1903 2481 1961 2526 ut
1984 2472 2144 2526 divus
2164 2471 2333 2526 Joan-

751 2585 852 2625 nes
876 2569 1098 2632 clamat,
1127 2580 1412 2638 peccatum
1446 2580 1554 2620 non
1591 2565 1817 2627 faciunt,
1846 2565 2048 2633 quaeris
2077 2573 2132 2618 et
2153 2564 2332 2619 disce-

750 2674 869 2733 ptas
908 2661 1210 2733 quomodo,
1263 2669 1553 2730 postquam
1606 2673 1699 2726 per
1727 2658 2003 2712 lavacrum
2038 2672 2332 2727 regenera-

751 2756 917 2810 tionis
942 2765 1089 2809 tanta
1116 2754 1287 2825 gratia
1325 2753 1474 2823 digni
1507 2753 1672 2807 habiti
1709 2765 1918 2817 sumus,
1949 2749 2016 2804 ad
2045 2761 2330 2820 peccatum

751 2847 1062 2904 deferamur
1085 2884 1102 2901 .
1141 2845 1246 2902 Sed
1276 2855 1566 2916 antequam
1629 2843 1792 2898 verba
1830 2843 2166 2897 resolvamus
2206 2858 2329 2912 qua:

751 2943 852 2995 sibi
890 2942 1121 2995 invicem
1174 2937 1552 2993 contradicere
1593 2937 1878 3000 videntur,
1937 2935 2117 3004 ipsum
2170 2934 2224 2987 in
2276 2947 2336 2988 se

756 3034 1210 3104 Apostolidictum
1235 3029 1654 3087 examinandum
1672 3035 1758 3084 est
1777 3046 1790 3082 :
1811 3026 2086 3098 quomodo
2109 3025 2336 3080 omnino

755 3132 919 3181 homo
954 3126 1095 3182 lilius
1123 3123 1217 3180 Dei
1247 3123 1426 3178 factus
1464 3131 1748 3191 pet-catum
1776 3135 1883 3174 non
1914 3128 2092 3189 potest
2121 3115 2339 3172 facere?

754 3222 986 3288 Quidam
1017 3220 1180 3287 igitur
1217 3217 1408 3273 dicunt
1456 3215 1590 3270 illud
1628 3215 1810 3284 ipsum
1859 3212 2125 3269 Joannem
2160 3209 2336 3281 expli-

754 3322 964 3371 cantem
993 3311 1192 3367 addere
1223 3329 1238 3364 :
1264 3309 1524 3380 quoniam
1549 3322 1732 3362 semen
1751 3305 1924 3374 ipsius
1955 3305 2008 3358 in
2033 3319 2098 3358 eo
2122 3311 2334 3368 manet;

759 3406 906 3478 quod
933 3405 1152 3476 quidem
1184 3417 1369 3459 semen
1400 3411 1484 3457 est
1511 3415 1645 3455 sane
1674 3398 1903 3453 docendi
1937 3405 2173 3467 peritum
2215 3410 2340 3449 ver-

757 3501 929 3564 bum;
959 3497 1092 3553 exiit
1118 3496 1264 3551 enim
1301 3493 1394 3565 qui
1431 3492 1668 3548 seminat
1693 3491 1989 3545 seminare.
2025 3487 2121 3541 Illo
2153 3495 2336 3541 autem

758 3593 988 3648 semine.
1013 3590 1068 3643 in
1114 3589 1296 3642 anima
1328 3585 1542 3640 radices
1575 3593 1766 3655 agente
1797 3590 1851 3637 et
1902 3591 2178 3643 manente,
2231 3592 2336 3632 non

760 3693 937 3757 potest
975 3696 1202 3753 peccare
1225 3679 1321 3750 qui
1353 3679 1458 3732 hoc
1483 3677 1690 3732 semine
1727 3673 2178 3730 assimilationem
2210 3683 2334 3724 cum

760 3787 1055 3849 generante
1085 3774 1193 3831 Deo
1216 3772 1481 3845 possidet.
1515 3771 1614 3826 Illo
1643 3779 1824 3825 autem
1861 3767 2070 3824 semine
2093 3781 2158 3819 ex
2186 3764 2338 3834 cogi-

762 3871 966 3926 tatione
989 3877 1176 3924 nostra
1205 3867 1402 3937 eiecto.
1437 3864 1622 3921 statim
1670 3861 1874 3917 diaboli
1906 3874 2090 3914 semen
2117 3855 2342 3912 inillius

762 3963 947 4018 locum
983 3959 1261 4030 injicitur,
1289 3964 1344 4013 et
1373 3956 1710 4011 zizaniorum
1746 3950 2075 4022 germinatio
2124 3946 2337 4016 incipit.

765 4054 955 4108 Plures
983 4051 1198 4124 quidem
1227 4051 1307 4106 sic
1333 4047 1585 4120 propius,
1621 4055 1682 4100 ut
1714 4043 1846 4097 mihi
1877 4041 2115 4104 videtur,
2147 4038 2214 4093 ad
2244 4051 2342 4091 ve-

769 4143 988 4198 ritatem
1039 4149 1310 4197 steterunt
1345 4138 1479 4194 illud
1519 4135 1751 4209 apostoli
1807 4134 2012 4190 dictum
2066 4132 2340 4198 interpre-

767 4236 954 4290 tando.
995 4235 1098 4288 Alii
1133 4241 1316 4289 autem
1351 4231 1654 4302 simplicius
1686 4229 1876 4284 dicunt
1926 4240 2102 4295 neque
2133 4222 2341 4292 justum

766 4328 1036 4398 justitiam
1065 4327 1378 4393 colentem,
1435 4338 1613 4394 neque
1661 4320 1962 4391 sapientem
2018 4315 2342 4386 sapientiam

769 4421 1176 4490 adimplentem,
1216 4431 1395 4488 neque
1423 4417 1591 4472 alium
1624 4427 1896 4485 quemque
1942 4425 2104 4466 suum
2146 4421 2344 4462 nomen

769 4530 798 4564 ιι
828 4512 1024 4564 virtute
1058 4510 1360 4586 trahentem
1391 4521 1458 4563 eo
1493 4506 1639 4577 quod
1663 4505 1808 4558 illam
1839 4509 2058 4571 peragat
2086 4506 2142 4553 et
2168 4497 2346 4552 adim-

768 4605 936 4676 pleat,
968 4617 1210 4674 unquam
1242 4602 1449 4672 peccati
1477 4600 1808 4654 exstiturum
1847 4595 2130 4647 factorem.

843 4781 950 4836 Sed
984 4780 1086 4834 ltoc
1109 4778 1682 4848 quidem.quanquam
1729 4790 1759 4828 a
1789 4771 2121 4843 quibusdam
2144 4769 2350 4824 dictum

773 4883 876 4939 est,
915 4889 1023 4928 non
1056 4871 1399 4927 altitudinem
1449 4868 1763 4940 apostolica:
1813 4864 2096 4922 sententia:
2135 4861 2353 4916 videtur

2505 2381 2566 2433 Ei
2595 2381 2661 2433 δι’
2691 2379 2883 2444 ὓδατος
2915 2381 3009 2434 καὶ
3040 2380 3357 2450 Πνεύματος
3387 2380 3436 2434 οί
3468 2381 3822 2451 γεννηθέντες
3850 2382 4019 2434 τέκεα

2432 2471 2568 2525 Θεοῦ
2597 2471 3018 2542 χρηματίζουσι,
3055 2472 3124 2526 τά
3148 2473 3205 2526 δὲ
3250 2472 3416 2526 τέκνα
3446 2472 3542 2526 τοῦ
3571 2472 3730 2537 Θεοῦ,
3771 2472 3847 2536 ὡς
3874 2476 3903 2526 6
3928 2474 4020 2526 θε-

2437 2565 2657 2627 σπέσιος
2689 2565 2941 2636 Ἰωάννης
2980 2565 3100 2634 βοᾷ.
3139 2563 3418 2634 ἁμαρτίαν
3445 2564 3507 2618 οὐ
3536 2567 3702 2626 ποιεῖ,
3730 2566 4019 2635 ἑπερωτᾷς

2436 2659 2530 2710 καὶ
2562 2657 2842 2727 διαπορείς
2871 2656 2989 2719 πῶς
3018 2655 3134 2726 μεθ’
3155 2655 3184 2708 ὃ
3207 2654 3302 2709 τοῦ
3329 2655 3556 2727 λουτροῦ
3584 2659 3684 2727 τῆς
3716 2655 4019 2724 παλλιγγεο

2436 2753 2618 2814 vesia;
2650 2751 2745 2804 τοῦ
2774 2751 3094 2823 τηλικούτου
3126 2751 3465 2824 χαρίσματος
3509 2749 3850 2821 ἠξιώθημεν,
3883 2752 4021 2820 πρὸς

2436 2847 2714 2916 ἁμαρτίαν
2751 2844 3193 2916 καταφερόμεθα.
3239 2843 3403 2897 ’Λλλὰ
3435 2844 3542 2914 πρό
3572 2861 3636 2911 γε
3675 2843 3774 2915 τῆς
3814 2842 4024 2906 λύσεως

2435 2939 2545 2991 τῶν
2573 2939 2877 2992 δοκούντων
2901 2939 3045 3009 ἔχειν
3068 2938 3419 3010 ἐναντιότητα
3437 2937 3722 3009 ῥημάτων,
3741 2938 3877 2991 αὐτὸ
3902 2935 4024 2990 καθ’

2437 3031 2571 3084 αὐτὸ
2602 3031 2663 3084 τὺ
2686 3031 3038 3085 άποστολικδν
3091 3030 3456 3084 ἐπισκεπτέον
3505 3032 3670 3102 ῥητόν
3691 3046 3705 3059 ⁸
3735 3029 3852 3093 πῶς
3889 3029 4024 3092 ὅλως

2440 3121 2731 3192 ἄνθρωπος
2757 3123 2946 3177 τέκνον
2978 3123 3116 3176 Θεοῦ
3140 3120 3380 3191 γεγονὼς
3409 3123 3685 3193 ἁμαρτίαν
3707 3123 3765 3176 ού
3802 3121 4025 3175 δύναται

2440 3219 2645 3283 ποιετν;
2670 3217 2826 3280 Τινὲς
2876 3216 2975 3286 μὲν
3019 3215 3114 3270 οῦν
3146 3233 3331 3286 φασιν,
3370 3215 3446 3278 ὡς
3475 3215 3641 3278 αὐτὸς
3667 3216 3876 3277 ἐκεῖνος
3908 3216 4026 3266 ἐπι-

2439 3307 2702 3378 λυόμενος
2729 3307 2926 3375 ἐπάγει
2948 3307 3030 3372 τὸ,
3064 3307 3147 3359 ὅτι
3179 3307 3402 3376 σπέρμα
3435 3303 3602 3358 αὐτοῦ
3638 3307 3696 3359 ὲν
3723 3304 3876 3373 αὑτῷ
3898 3321 3912 3334 ·
3933 3303 4027 3355 τοῦ

2440 3401 2551 3471 γὰρ
2582 3398 2903 3452 δεσποτικοῦ
2936 3399 3252 3469 σπέρματος
3281 3398 3400 3468 ἦτοι
3432 3395 3815 3450 διδασκαλικοῦ
3831 3395 4026 3463 λόγον’

2455 3492 2709 3564 Ἐξῆλθεν
2724 3491 2852 3563 γὰρ,
2877 3491 3064 3561 φησὶν,
3093 3493 3120 3543 ὀ
3145 3491 3388 3558 σπείρων
3408 3487 3504 3543 τοῦ
3539 3490 3759 3558 σπεῖραι
3783 3503 3798 3519 ’
3835 3490 4028 3542 τούτου

2443 3586 2507 3656 δὴ
2539 3585 2631 3639 τοῦ
2668 3585 2986 3653 σπέρματος
3013 3583 3070 3634 ὲν
3099 3583 3166 3652 τῇ
3189 3583 3336 3652 ψυχῇ
3371 3580 3691 3652 ῥιζωθέντος
3718 3580 3815 3632 καὶ
3846 3595 4027 3646 παραυ

2445 3678 2702 3749 μένοντος
2725 3677 2787 3730 ού
2817 3675 3044 3728 δύναται
3080 3676 3254 3726 ποιεῖν
3288 3673 3565 3745 ἁμαρτίαν
3600 3673 3629 3724 6
3666 3671 3883 3724 ἐκείνου
3935 3668 4029 3723 τοῦ

2442 3771 2648 3842 σπόρου
2678 3771 2775 3840 τὴν
2801 3767 3141 3838 άφομοίωσιν
3174 3767 3312 3836 πρὸς
3352 3765 3445 3818 τὸν
3489 3763 3860 3834 γεγεννηκότα
3897 3777 4029 3831 κτη·

2444 3861 2682 3930 σάμενος
2709 3857 2843 3911 Θεόν
2869 3873 2882 3887 ⁸
2915 3856 3348 3928 παραιρεθέντος
3382 3855 3438 3907 δὲ
3465 3855 3561 3907 τοῦ
3589 3852 3836 3906 τοιούτου
3861 3851 4035 3922 σπέρο

2447 3969 2616 4026 ματος
2641 3955 2706 4004 ὲκ
2737 3950 2838 4020 τῆς
2871 3948 3110 4011 διανοίας
3147 3947 3326 4018 ἡμῶν,
3374 3945 3570 3999 αὐτίκα
3614 3945 3642 3997 6
3690 3942 3784 3996 τοῦ
3831 3943 4032 4015 ἐχθροῦ

2444 4045 2970 4104 ἀντικαταϐάλλεται
2994 4044 3215 4115 σπόρος,
3242 4043 3335 4096 καὶ
3360 4043 3394 4113 ὴ
3415 4041 3524 4095 τῶν
3548 4039 3802 4106 ζιζανίων
3827 4038 4034 4109 βλάστη

2444 4140 2712 4212 λαμϐάνει
2729 4139 2924 4209 ἀρχήν.
2944 4135 3114 4190 ΙἘνιοι
3136 4135 3234 4206 μὲν
3253 4133 3446 4195 οὕτως,
3464 4133 3537 4196 ὼς
3553 4132 3735 4201 ἔμοιγε
3750 4131 3922 4191 δοκεῖ,
3943 4130 4036 4182 καὶ

2445 4237 2542 4306 τῆς
2567 4232 2826 4305 ἀληθείας
2854 4232 3020 4299 ἐγγὺς
3037 4228 3099 4281 τὸ
3114 4224 3469 4281 ἁποττολικδν
3495 4223 3654 4294 ῥητὸν
3687 4222 4032 4290 νενοήκασιν.

2448 4331 2511 4384 οι
2539 4327 2596 4381 δὲ
2627 4321 2995 4392 ἁπλούστερόν
3037 4335 3228 4389 φασιν,
3263 4317 3335 4379 ὼς
3370 4313 3492 4368 οὔτε
3521 4316 3549 4367 6
3602 4312 3809 4374 δίκαιος
3838 4311 3940 4380 τὴν
3966 4310 4038 4361 ει-

2450 4418 2740 4488 καιοσύνην
2771 4418 3051 4484 πράττων,
3105 4409 3227 4464 οῦτε
3257 4409 3286 4460 6
3316 4407 3548 4478 σώφρων
3564 4405 3661 4475 τὴν
3679 4401 4039 4474 σωφροσύνην

2451 4508 2735 4569 ἐπιτελῶν,
2762 4507 2824 4558 οὐ
2859 4503 2963 4575 μὴν
2990 4501 3105 4555 ἁλλ’
3137 4502 3244 4554 οὐδ’
3266 4500 3421 4563 ἄλλος
3453 4495 3782 4566 παρώνυμος
3807 4493 3916 4544 ἁπδ
3940 4490 4042 4558 τῆς

2453 4600 2654 4672 ἀρετῆς
2685 4599 2742 4651 ὲν
2768 4589 2813 4665 ᾧ
2839 4593 3045 4664 ταύτην
3069 4593 3212 4646 τελεί
3227 4589 3748 4657 καὶδιαπράττεται,
3770 4580 4039 4672 οῦμενουν

2455 4671 2553 4746 ούκ
2585 4691 2650 4745 ἁν
2682 4705 2813 4742 ποτε
2835 4686 2929 4741 καὶ
2953 4685 3052 4756 τῆς
3081 4681 3356 4754 ἁμαρτίας
3391 4677 3649 4750 ὑπάρξειε
3678 4671 4037 4744 δημιουργός.

2538 4783 2698 4836 Ἀλλὰ
2731 4780 2894 4834 τοῦτο
2931 4778 3030 4847 μὲν
3057 4778 3103 4828 εί
3126 4773 3219 4828 καί
3243 4789 3384 4826 τισιν
3404 4770 3640 4840 εἴρηται,
3670 4764 3732 4818 οῦ
3764 4780 3858 4833 μοι
3893 4760 4044 4814 δοκεῖ

2455 4876 2551 4929 τοῦ
2576 4873 2741 4944 ὕψους
2767 4872 2864 4939 τῆς
2895 4865 3257 4936 ἁποστολικῆς
3286 4858 3593 4931 ἐφικεῖσθαι
3617 4856 3854 4915 διανοίας
3872 4869 3888 4883 ⁸
3920 4853 4043 4906 οὑδὲ⁹

775 4967 1037 5038 attigisse.
1069 4965 1185 5020 Non
1202 4965 1347 5020 enim
1373 4963 1626 5019 callidum
1653 4960 1910 5025 estscire,
1939 4958 2033 5013 sed
2065 4972 2240 5027 neque
2257 4955 2334 5008 do

2461 4971 2571 5041 γὰρ
2595 4968 2757 5036 σοφὸν
2780 4965 3003 5026 ειδέναι,
3035 4959 3149 5014 ἁλλ’
3182 4956 3302 5011 οὐδὲ
3328 4954 3622 5015 διδάσκειν,
3676 4949 3751 5011 ὡς
3785 4951 3814 5000 ό
3835 4947 4044 5007 δίκαιος

777 5078 900 5117 Cere
925 5061 1136 5131 justum
1163 5060 1310 5128 juSIe
1349 5065 1598 5127 agentem
1657 5071 1766 5109 non
1799 5053 2123 5122 iniustitiam
2157 5051 2351 5106 admit-

780 5169 914 5216 tere.
968 5169 1143 5223 neque
1188 5153 1490 5223 sapientem
1536 5153 1964 5219 intemperanter
2018 5161 2126 5201 non
2170 5145 2352 5198 vivere

779 5251 907 5303 dum
947 5249 1108 5317 sapit.
1141 5245 1330 5301 Melius
1376 5244 1513 5298 forte
1564 5252 1710 5298 esset
1733 5252 1786 5297 et
1816 5242 1922 5296 hoc
1950 5239 2110 5294 modo
2148 5235 2354 5291 intelli-

782 5357 907 5413 gere
947 5355 1071 5395 eum
1102 5341 1196 5409 qui
1241 5356 1306 5394 ex
1340 5338 1448 5393 Deo
1478 5347 1641 5392 natus
1668 5345 1751 5391 est
1781 5345 1834 5390 et
1859 5328 2049 5392 semen
2082 5330 2274 5403 ejusin
2296 5344 2355 5385 se

784 5438 900 5506 ipso
929 5435 1196 5502 concepit.
1236 5448 1430 5502 nempe
1458 5431 1712 5486 virtutem
1745 5431 1929 5499 (omne
1962 5428 2106 5482 enim
2148 5425 2354 5479 donum

784 5527 1080 5596 perfectum
1115 5527 1403 5580 desursum
1433 5533 1536 5588 est,
1572 5525 1908 5578 descendens
1935 5537 1962 5575 a
1998 5519 2156 5573 Patre
2193 5516 2358 5570 lumi-

787 5623 959 5690 num),
984 5629 1038 5676 et
1070 5619 1340 5690 perfectus
1394 5629 1475 5674 est
1518 5619 1571 5673 in
1605 5633 1692 5678 ea.
1719 5617 1794 5670 ita
1831 5624 1890 5669 ut
1931 5614 1984 5668 in
2017 5613 2161 5667 illius
2201 5607 2359 5664 habi-

784 5723 900 5765 tum
965 5727 1096 5781 pure
1144 5710 1442 5772 transierit,
1484 5727 1591 5764 non
1646 5710 1851 5763 habens
1893 5705 1996 5761 sibi
2063 5703 2358 5757 admistum

789 5803 915 5860 mali
945 5820 1149 5869 δοιιιειιι,
1177 5821 1326 5867 eum,
1369 5805 1611 5873 inquam,
1639 5818 1746 5858 non
1781 5816 1939 5873 posse
1969 5809 2250 5871 peccatum
2282 5794 2360 5849 la-

788 5911 910 5950 cere
935 5913 946 5958 ;
975 5895 1023 5949 id
1053 5905 1154 5958 est.
1195 5912 1297 5952 non
1330 5895 1527 5952 babcz'c
1553 5897 1883 5951 voluntatem
1918 5893 1980 5948 ad
2032 5891 2360 5964 cupiditates

2443 5038 2864 5128 δικαιοπραγῶν
2884 5055 2984 5107 οὐκ
3000 5052 3193 5111 ἀδικεῖ,
3221 5047 3336 5101 ἁλλ’
3356 5045 3478 5098 οὐδὲ
3502 5046 3530 5096 ὀ
3549 5041 3780 5110 σώφρων
3793 5038 3894 5089 οὐκ
3913 5039 4045 5089 ἁκο-

2457 5152 2736 5207 λασταίνει
2771 5150 2828 5200 ὲν
2852 5147 2931 5218 τῷ
2971 5143 3305 5213 σωφρονεῖνο
3342 5137 3564 5206 ἄμεινον
3601 5133 3660 5186 δὲ
3695 5131 3761 5184 ἂν
3797 5131 3931 5191 ἴσως
3957 5129 4045 5198 εἴη

2460 5247 2682 5302 κάκεῖνο
2712 5237 3045 5301 συνιδεῖν,ὠς
3075 5236 3101 5286 6
3125 5229 3522 5301 γεγεννημένος
3555 5228 3618 5278 ὲκ
3643 5223 3738 5276 τοῦ
3772 5219 3912 5274 Θεοῦ
3949 5221 4047 5274 καὶ

2460 5338 2522 5390 τὸ
2549 5335 2772 5405 σπέρμα
2805 5329 2973 5384 αὐτοῦ
3009 5329 3065 5380 ἐν
3095 5323 3274 5393 ἑαυτῷ
3307 5317 3586 5374 συλλαϐὼν
3610 5318 3729 5388 ἦτοι
3762 5313 3862 5385 τὴν
3924 5315 4048 5383 ἀρε-

2462 5431 2559 5500 τὴν
2621 5428 2751 5499 (πᾶν
2799 5425 2908 5495 γὰρ
2954 5421 3186 5492 δώρημα
3245 5417 3448 5469 τέλειον
3481 5411 3687 5464 ἄνωθέν
3729 5410 3840 5461 ἐστι
3876 5423 4047 5458 κατα-

2463 5496 2646 5577 ϐαῖνον
2675 5519 2783 5572 ἀπὸ
2812 5515 2905 5569 τοῦ
2938 5511 3150 5581 Harpe;
3182 5507 3290 5560 τῶν
3352 5505 3568 5574 φώτων)
3615 5501 3710 5554 καὶ
3739 5496 4048 5559 τελειωθεὶς

2463 5617 2520 5666 ὲν
2555 5613 2692 5682 αὐτῇ
2722 5611 2796 5671 ὡς
2832 5607 2925 5661 καὶ
2956 5603 3158 5672 ταύτης
3181 5598 3435 5666 καθαρῶς
3458 5597 3535 5659 είς
3569 5594 3681 5658 ἕξιν
3709 5592 3918 5654 ἐλάσαι,
3971 5589 4049 5659 μὴ

2465 5707 2604 5774 ἔχων
2631 5699 3071 5772 ἐπιμιγνυμένην
3100 5691 3279 5762 ἑαυτῷ
3314 5688 3406 5742 τοῦ
3439 5685 3609 5740 κακοῦ
3640 5686 3738 5754 τὴν
3762 5684 3997 5751 σπορὰν,
4017 5683 4046 5733 ό

2465 5794 2704 5856 τοιοῦτος
2730 5794 2789 5844 ού
2816 5791 3040 5844 δύναται
3074 5787 3247 5838 ποιεῖν
3279 5779 3552 5852 ἁμαρτίαν
3575 5796 3586 5809 ·
3625 5775 3922 5832 τουτέστιν,
3945 5772 4050 5824 οῦκ

2467 5889 2576 5955 ἔχει
2612 5888 2710 5955 τὴν
2747 5883 2972 5955 γιὼμην
3035 5879 3306 5953 ῥέπουσαν
3372 5873 3508 5944 πρὸς
3563 5870 3628 5924 τὰ
3684 5866 3852 5934 παθη,
3922 5861 4048 5916 cii.“
