4198 6440
168 435 269 500 113

1073 437 1171 495 AD
1198 433 1787 498 AMPHILOCHIUM
1817 434 2167 510 QUESTIO
2204 436 2371 511 VIII,
2414 437 2517 497 IX.

3343 440 3440 506 m

164 554 305 624 πρὸς
335 554 519 607 ἐκεῖνα
538 555 630 605 τὸν
663 552 787 605 νοῦν
809 552 1292 621 επιστρεφόμενον.
1320 551 1531 623 Ὠσπερ
1560 552 1670 623 γὰρ
1702 554 1737 623 ή

1842 561 2189 624 serpentem,
2248 566 2424 623 neque
2483 560 2717 608 mentem
2796 555 2862 609 ad
2918 554 3039 610 illas
3100 571 3441 614 conversam.

162 641 445 704 ἀδίδακτος
474 642 638 711 φύσις
670 640 890 710 ίσχυρδν
918 642 987 694 τά
1025 642 1177 709 παρά
1208 640 1371 709 φύσιν
1401 643 1743 713 ἀποστρέφε-

163 732 310 793 σθαι.
346 731 519 793 οὕτως
543 733 576 800 ἡ
610 732 677 784 ἐκ
708 729 1062 793 διδασκαλίας
1100 729 1188 783 διά
1218 730 1320 800 τῆς
1366 730 1476 783 τῶν
1517 732 1742 800 ἀγαθῶν

164 824 419 893 τράξεως
439 824 747 893 γυμνασίας
771 823 1129 892 επιγινομένη
1160 823 1277 889 ῑξις
1310 822 1556 893 μεγάλην
1604 824 1743 891 λαμ-

162 916 318 970 ϐάνει
340 915 439 987 τήν
471 916 626 984 ίσχὺν
650 917 729 978 είς
752 914 815 968 τὸ
844 915 982 985 πρὸς
1010 915 1177 985 μηδεν
1204 913 1317 967 τῶν
1336 914 1557 984 φαύλων
1586 917 1744 987 ὶπιρο

164 1006 347 1076 ρεπῶς
379 1006 524 1075 ἔχειν
556 1006 651 1059 καὶ⁵
687 1005 899 1069 τούτοις
928 1005 1226 1076 ἐφήδεσθαι
1248 1022 1264 1038 ·
1294 1006 1410 1060 ἀλλ’
1442 1008 1475 1076 ἡ
1518 1006 1620 1076 μεν
1645 1005 1741 1060 τοῦ

163 1096 334 1165 ῥητοῦ
357 1097 480 1150 καθ’
511 1098 712 1167 ἑαυτὴν
750 1098 942 1167 σκέψις
967 1097 1193 1168 τοιαύτη
1218 1114 1304 1162 τις
1330 1098 1397 1152 ἂν
1423 1099 1532 1169 εἴη.
1589 1098 1746 1152 Ἐπι-

159 1195 344 1250 λύοιτο
367 1195 412 1248 δ’
440 1196 508 1249 ἂν
532 1196 626 1249 καὶ
660 1196 694 1266 ἡ
727 1196 869 1249 κατά
886 1194 1209 1265 συμπλοκὴν
1238 1196 1350 1250 τῶν
1386 1195 1568 1267 ῥητῶν
1607 1214 1745 1265 προ-

160 1286 392 1358 κειμένη
407 1287 611 1358 ἀπορία
624 1287 776 1341 οὐδὲν
792 1286 1012 1341 ἔλαττον
1040 1289 1135 1341 καὶ
1148 1287 1217 1342 δι’
1247 1289 1368 1352 ἑνὸς
1384 1289 1619 1344 ικάστου
1634 1289 1747 1344 τῶν

160 1379 478 1449 εἰρημένων
496 1395 510 1409 ·
555 1378 707 1433 οὐδὲν
737 1379 850 1450 γὰρ
878 1380 1085 1450 ἄπορον
1111 1378 1238 1433 οὔτε
1271 1380 1363 1435 τὸν
1394 1379 1591 1451 ἔχοντα
1618 1381 1748 1444 τοὺς

161 1470 573 1539 σπερματικοὺς
590 1469 781 1535 λογοὺς
802 1470 859 1521 έν
878 1467 1057 1537 ἑαυτῷ
1085 1468 1501 1537 βλαστάνοντας,
1518 1470 1626 1521 εῐτε
1637 1468 1747 1522 τῶν

159 1560 375 1627 ἀρετῶν
404 1562 615 1629 εἴησαν,
642 1559 753 1613 εἴτε
766 1559 867 1629 τῆς
889 1559 1171 1623 εὐσεϐείας
1194 1560 1250 1611 αί
1280 1558 1599 1622 καταϐολαὶ,
1626 1559 1746 1612 τότε

162 1653 264 1721 μὲν
288 1651 556 1721 μηδαμῶς
571 1649 929 1721 ἀποδέχεσθαι
946 1650 1355 1721 τὴνέπισποράν
1365 1649 1460 1702 τοῦ
1474 1648 1709 1719 πονηροῦ
1728 1667 1743 1681 ο

159 1744 384 1795 ἐπειδάν
395 1743 454 1796 δὲ
466 1742 558 1795 τοῦ
570 1742 743 1796 κακοῦ
760 1741 1137 1811 βλαστήματος
1148 1740 1243 1813 ῑρη
1252 1758 1345 1810 μοι
1360 1740 1743 1809 καταστῶμεν,

156 1836 279 1885 τότε
305 1834 444 1904 πρὸς
466 1835 564 1903 τὴν
596 1833 704 1888 τῶν
719 1832 972 1899 ζιζανίων
1010 1832 1283 1903 ὑποδοχὴν
1320 1847 1748 1902 παρασκευασα-

160 1928 361 1993 μένους
395 1928 625 1998 ὁρᾶσθαι
649 1944 662 1956 ·
694 1927 808 1980 ἀλλ’
829 1926 950 1979 οὐδὲ
972 1925 1064 1979 τὸν
1094 1928 1399 1995 πράττοντα
1423 1924 1521 1995 τὴν
1536 1924 1738 1994 ἀρετὴν

1850 644 2325 712 Quemadmodum
2349 644 2497 699 enim
2554 645 2772 701 indocta
2812 656 3007 702 natura
3058 648 3320 704 violenter
3373 666 3438 705 ea

1844 752 1967 806 quin
1992 752 2155 807 supra
2179 747 2431 793 naturam
2463 750 2595 794 sunt
2627 749 2933 806 aversatur,
2963 741 3036 795 ita
3063 742 3155 796 ille
3198 758 3267 797 ex
3339 744 3440 797 do-

1846 829 2026 883 ctrina
2055 843 2153 899 per
2182 830 2451 885 bonarum
2492 831 2767 886 actionum
2799 832 3115 887 exercitium
3150 834 3325 889 lactus
3346 836 3440 888 lia-

1845 919 1992 975 bitus
2042 920 2154 975 vim
2204 935 2458 989 magnam
2496 922 2693 991 accipit
2730 932 2791 978 ut
2836 925 3003 980 nullis
3047 925 3208 980 malis
3255 936 3439 992 serpat

1845 1023 1939 1067 aut
1967 1012 2133 1068 nullis
2168 1013 2488 1069 delectetur.
2532 1014 2607 1070 Ea
2653 1017 2873 1087 quidem
2907 1024 3055 1072 esset
3098 1017 3265 1085 huius
3301 1018 3435 1073 dicti

1849 1102 1902 1155 iu
1931 1116 1991 1157 se
2017 1102 2384 1174 investigatio.
2418 1104 2737 1162 Solveretur
2766 1116 2821 1162 et
2851 1107 3139 1163 dimcultas
3162 1108 3217 1163 in
3245 1109 3440 1164 verbo-

1846 1206 1965 1246 rum
1990 1194 2329 1250 connexione
2372 1198 2475 1251 sita
2504 1212 2614 1251 non
2646 1199 2828 1254 minus
2860 1214 2953 1265 per
3008 1202 3439 1271 unumquodque

1845 1283 2141 1340 dictorum.
2179 1284 2302 1341 Non
2331 1288 2477 1342 enim
2532 1288 2760 1344 dubium
2789 1299 2874 1345 est
2900 1290 3031 1361 quin
3057 1290 3103 1345 is
3127 1293 3221 1362 qui
3274 1292 3442 1346 semi-

1847 1376 1989 1430 nalia
2018 1376 2181 1432 verba
2211 1378 2373 1433 habet
2396 1378 2449 1432 in
2472 1394 2532 1435 se
2558 1379 2677 1450 ipso
2704 1381 3087 1451 germinantia,
3119 1383 3232 1437 sive
3258 1382 3437 1437 virtu-

1850 1476 1960 1519 tum
1996 1466 2127 1531 sint,
2148 1468 2263 1522 sive
2297 1469 2517 1538 pietatis
2554 1470 2700 1538 jacta
2736 1471 2970 1535 semina,
3022 1472 3244 1527 minime
3293 1472 3345 1525 in
3378 1487 3439 1527 se

1848 1558 1970 1611 mali
2004 1557 2272 1612 sationem
2305 1558 2593 1626 admittat;
2638 1576 2761 1617 cum
2800 1572 2981 1616 autem
3015 1563 3161 1617 malo
3196 1563 3439 1631 germine

1848 1651 2003 1704 vacui
2062 1659 2292 1714 stamus,
2348 1659 2479 1705 tunc
2528 1652 2582 1705 in
2629 1653 2965 1708 zizaniorum
3009 1654 3435 1723 aceeptationem

1847 1740 2191 1811 accingentes
2219 1757 2323 1798 nos
2365 1743 2668 1809 videamur,
2700 1746 2794 1799 sed
2827 1760 3001 1815 neque
3032 1760 3156 1801 eum
3199 1746 3289 1816 qui
3326 1746 3437 1799 vir-

1848 1838 2017 1884 tutem
2075 1830 2231 1899 agit,
2276 1832 2539 1887 adversus
2602 1832 2825 1899 malum,
2882 1832 3210 1889 inellicacem
3273 1848 3434 1899 esse;

1845 1935 1969 1975 eum
1997 1931 2181 1977 autem
2223 1923 2317 1993 qui
2349 1924 2606 1993 pulchros
2650 1934 2811 1979 actus
2882 1924 3104 1996 negligit
3130 1925 3199 1980 ad
3252 1926 3437 1996 pejora

155 2020 383 2072 ἐπειδὰν
404 2019 609 2087 ταύτην
632 2019 937 2091 εἰλικρινῶς
951 2019 1190 2090 πράττῃ,
1208 2017 1572 2088 άνενέργητον
1592 2015 1739 2069 αύτὸη

1860 2010 2084 2077 deferri,
2120 2029 2279 2069 nemo
2309 2016 2507 2084 estqui
2549 2015 2837 2084 disceptat.

157 2110 295 2182 πρὸς
311 2110 413 2182 τὴν
422 2110 619 2164 κακίαν
630 2105 797 2164 εἶναι’
813 2109 1163 2180 ἀμελήσαντα
1177 2109 1233 2163 δὲ
1254 2108 1363 2162 τῶν
1379 2108 1557 2162 καλῶν
1583 2106 1760 2179 ἔργων
1786 2102 1919 2172 πρὸς
1935 2102 2005 2157 τά
2033 2105 2252 2176 χείρονα
2267 2106 2674 2176 κατενεχθῆναι,
2693 2105 2868 2171 οὐδεὶς
2884 2106 2949 2159 ἂν
2964 2106 3051 2160 δια
3058 2107 3434 2181 μφισϐητήσῃ.

226 2203 435 2273 Δυθείη
494 2204 592 2273 μιν
644 2201 711 2256 ἃν
738 2202 929 2273 ὥσπερ
966 2203 1179 2273 εἴρηται
1228 2201 1320 2255 διὰ
1345 2200 1553 2255 τούτων
1576 2202 1673 2254 καὶ
1696 2201 1731 2271 ὴ

154 2296 393 2348 δοκοῦσα
424 2295 545 2348 κατ’
570 2294 743 2365 ἀρχάς
761 2294 870 2348 τῶν
904 2294 1081 2366 ῥητῶν
1100 2293 1495 2363 ἰναντιολογία·
1526 2294 1737 2347 οἰκειω-

152 2387 293 2456 τίρα
328 2386 387 2438 δὲ
420 2387 515 2439 καὶ
560 2386 835 2451 ίδιάζουσα
872 2385 1125 2456 λύσιςείη
1174 2386 1242 2439 ἀν
1267 2386 1405 2457 αὐτῇ
1462 2402 1736 2456 προσαγο-

156 2478 296 2548 μένη
328 2478 575 2548 τοιαύτη.
613 2478 798 2541 Διττός
836 2479 985 2531 ἑστιν
1022 2479 1052 2530 δ
1098 2479 1197 2548 τῆς
1218 2476 1429 2532 ἀνωθεν
1463 2475 1736 2541 υἱοθεσίας

154 2570 390 2639 τρόπος·
444 2573 473 2624 ὁ
499 2571 599 2640 μὲν
628 2573 693 2624 ἐκ
721 2572 889 2639 μόνης
922 2572 1023 2638 τῆς
1074 2570 1389 2640 φιλοτιμίας
1431 2569 1528 2623 τοῦ
1559 2568 1737 2623 υἱοθε-

152 2660 384 2724 τοῦντος
411 2660 876 2732 ἐπιδεικνύμενος,
910 2663 937 2714 ὁ
964 2660 1022 2714 δὲ
1069 2660 1208 2730 μετά
1244 2661 1607 2728 συνεισφορᾶς
1637 2659 1736 2729 τῆς

152 2754 435 2823 ἡμετέρας
452 2754 707 2822 σπουδῆς.
722 2754 842 2806 καθ’
868 2754 933 2824 ἢν
949 2754 980 2821 ή
996 2752 1103 2805 τῶν
1122 2754 1333 2821 ἀρετῶν
1354 2752 1735 2819 συνεισάγεται

153 2847 395 2912 ἐργασία
418 2861 432 2873 ·
474 2845 568 2897 καὶ
588 2846 620 2913 ἡ
642 2845 856 2897 δοθεῖσα
884 2846 983 2913 τῆς
1014 2842 1290 2906 υίοθεσίας
1324 2842 1532 2897 ἀνωθεν
1574 2843 1734 2911 χάρις

148 2939 218 3005 τῇ
245 2936 358 2990 ἀπὸ
384 2938 484 3008 τῆς
508 2938 733 3007 γνώμης
761 2935 1090 2989 συνελθοῦσα
1127 2934 1239 2987 τῶν
1266 2936 1480 3005 ἀρετῶν
1512 2933 1732 3004 πράξει.

148 3030 276 3081 ὅλον
304 3031 615 3099 ἀναμορφοί
641 3029 731 3081 τὸν
760 3026 1171 3097 υίοθετούμενον
1189 3027 1324 3099 πρὸς
1348 3026 1449 3096 τὴν
1475 3026 1735 3096 ὁμοίωσιν

151 3122 248 3173 καὶ
281 3121 377 3172 τὸν
404 3117 751 3189 χαρακτῆρα,
782 3117 902 3170 καθ’
933 3119 1057 3171 ὅσον
1082 3119 1230 3170 ἐστὶν
1264 3116 1536 3188 ἀνθρώπῳ
1560 3117 1734 3187 μιμή-

149 3211 355 3264 σασθαι
384 3209 608 3263 δυνατὸν
644 3210 736 3263 τὸν
767 3209 1136 3279 γεγεννηκότα
1186 3207 1343 3263 Θεόν.
1416 3207 1605 3271 Οὕτως
1636 3208 1737 3278 μὲν

148 3300 297 3357 οὗνό
351 3302 494 3357 κατὰ
536 3302 726 3355 τοῦτον
756 3303 848 3354 τὸν
886 3300 1089 3370 τρόπον
1148 3300 1496 3371 χρηματίσας
1549 3301 1736 3353 τέκνον

147 3397 315 3460 Θεοῦ,
338 3397 431 3448 καὶ
448 3393 591 3447 οὕτω
621 3393 843 3463 βεϐαίαν
882 3395 975 3447 καὶ
1005 3394 1405 3463 ἀμετακίνητον
1429 3391 1527 3462 τὴν
1560 3392 1736 3445 υίοθε-

1916 2197 2020 2256 Per
2080 2199 2195 2253 haec
2227 2197 2445 2269 quidem
2483 2198 2801 2263 solveretur,
2846 2208 2907 2254 ut
2946 2199 3149 2255 dictmu
3188 2209 3305 2265 est,
3343 2202 3434 2255 illa

1835 2293 2013 2366 primo
2057 2290 2257 2345 intuitu
2307 2304 2575 2359 apparens
2622 2290 2931 2360 oppositio;
2980 2291 3154 2360 magis
3216 2293 3433 2361 prOpria

1834 2397 1966 2438 vero
2018 2392 2072 2437 et
2115 2383 2574 2439 accommodatior
2629 2392 2772 2439 esset
2829 2384 2905 2438 illi
2971 2386 3185 2439 admota
3231 2385 3434 2441 solutio

1837 2475 1981 2529 talis.
2021 2473 2220 2543 Duplex
2246 2484 2330 2529 est
2362 2473 2523 2541 hujus
2568 2474 2847 2530 {iliationis
2877 2476 3069 2531 modus
3102 2499 3113 2530 :
3142 2493 3282 2532 unus
3308 2477 3434 2546 qui-

1835 2567 1956 2623 dem
2000 2581 2063 2620 ea
2090 2565 2208 2621 sola
2252 2565 2563 2635 adoptantis
2582 2566 2867 2636 largitione
2896 2582 2959 2622 ac
2980 2568 3161 2623 studio
3208 2570 3435 2624 demun-

1835 2666 2079 2723 stratus;
2114 2657 2252 2711 alter
2285 2671 2433 2722 vero,
2467 2657 2724 2726 adjuncto
2750 2660 2969 2729 proprio
3017 2672 3204 2715 nostro
3227 2661 3430 2725 studio,

1833 2750 1887 2804 vi
1918 2750 2077 2819 cujus
2112 2748 2477 2803 introducitur
2506 2749 2769 2803 virtutum
2810 2751 3087 2820 operatio;
3115 2762 3167 2806 et
3192 2754 3315 2806 data
3340 2770 3404 2807 su

1836 2857 2017 2914 pernae
2068 2842 2343 2895 liliationis
2396 2842 2571 2911 gratia
2626 2857 2749 2896 cum
2801 2844 3107 2897 voluntaria
3163 2844 3428 2904 virtutum

1833 2936 1987 3005 praxi
2020 2936 2378 2997 conveniens,
2408 2944 2580 2989 totum
2615 2934 2972 3008 trqnsl‘ortuat
3001 2937 3169 2990 lilium
3213 2936 3435 3006 adopta-

1840 3042 1957 3097 tum
1988 3026 2053 3079 ad
2085 3025 2497 3080 similitudinem
2530 3034 2584 3079 et
2616 3026 3011 3091 characterem,
3039 3040 3303 3096 quantum
3334 3029 3425 3082 hoc

1837 3117 1970 3171 mini
2026 3117 2151 3172 licet
2201 3117 2403 3172 intueri
2438 3132 2561 3171 eum
2611 3117 2704 3187 qui
2743 3117 2927 3187 genuit
2958 3117 3148 3173 Deum.
3190 3117 3280 3173 Sic
3311 3120 3435 3189 qui-

1836 3208 1955 3263 dem
1993 3209 2081 3264 ille
2120 3209 2212 3279 qui
2264 3224 2323 3264 se
2380 3209 2483 3265 hoc
2539 3208 2703 3264 modo
2745 3209 2913 3264 filium
2958 3209 3049 3264 Dei
3092 3211 3228 3282 gerit
3275 3222 3437 3281 atque

1837 3311 1910 3364 ita
1965 3300 2195 3357 solidam
2242 3309 2297 3355 ct
2340 3302 2738 3357 immutabilem
2782 3302 3127 3370 adoptionem
3174 3303 3435 3371 possidet.

1836 3392 2219 3448 inconcussam
2256 3393 2452 3461 accipit
2488 3393 2857 3447 habitudinem
2908 3393 3034 3447 boui
3068 3402 3122 3447 et
3148 3409 3177 3447 a
3214 3404 3437 3464 peccato

148 3489 277 3540 σίαν
306 3487 671 3556 κτησάμενος,
699 3485 1057 3539 ἀναλλοίωτον
1081 3483 1347 3553 λαμϐάνει
1370 3483 1468 3554 τὴν
1493 3481 1607 3547 ἕξιν
1634 3482 1729 3535 τοῦ

1841 3483 2112 3547 abhorret,
2138 3499 2238 3538 nec
2264 3483 2398 3538 illud
2436 3485 2554 3538 vult
2594 3499 2816 3555 quoquo
2869 3486 3033 3540 modo
3098 3484 3293 3540 facere.
3331 3485 3435 3553 Qui

147 3580 347 3641 καλοῦ,
366 3580 460 3632 καὶ
490 3581 638 3648 μισεῖ
661 3580 757 3649 τὴν
786 3579 1061 3648 ἁμαρτίαν
1078 3576 1172 3629 καὶ
1193 3576 1623 3646 ἀποστρέφεται,
1649 3574 1739 3626 καὶ

1843 3585 2025 3630 tamen
2062 3576 2151 3630 illa
2178 3576 2390 3630 Domini
2419 3575 2705 3647 largitione
2731 3576 2928 3633 fruitus
2976 3587 3059 3633 est
3098 3594 3271 3648 neque
3303 3579 3437 3633 satis

146 3674 252 3723 οὐκ
280 3670 455 3722 ιθέλει
484 3669 690 3738 ταύτην
728 3668 937 3739 οὐδαμῆ
969 3669 1165 3722 ποιεῖν.
1212 3668 1270 3721 Ὀ
1300 3666 1399 3736 μέν
1448 3664 1530 3719 τοί
1557 3682 1621 3732 γε
1641 3665 1739 3731 τῆς

1841 3668 2050 3721 curavit
2094 3676 2151 3721 ut
2184 3667 2413 3721 solidam
2470 3668 2813 3737 adoptionem
2842 3671 3152 3723 ostenderet
3176 3679 3228 3724 et
3257 3683 3315 3723 se
3336 3670 3438 3723 hac

146 3760 495 3829 Δεσποτικῆς
517 3758 831 3821 ἀπολαύσας
868 3758 1200 3828 φιλοτιμίας,
1231 3755 1399 3826 μηδὲν
1420 3754 1479 3807 δὲ
1493 3754 1741 3825 τηλικοῦ-

146 3872 245 3907 τον
276 3850 708 3918 συνεισενεγκὼν
727 3850 804 3914 ὡς
856 3849 1083 3920 βεϐαίαν
1117 3849 1217 3917 τὴν
1242 3847 1517 3901 υἱοθεσίαν
1543 3846 1738 3912 δεῖξαι,

146 3948 248 4000 καὶ
278 3946 473 3999 ἑαυτὸν
503 3944 652 4009 ἀξιον
684 3943 890 4011 ταύτης
913 3942 1000 3997 διὰ
1021 3940 1131 3994 τῶν
1161 3940 1341 4011 ἔργων
1359 3937 1731 4007 παραστῆσαι,

147 4032 313 4101 οὗτος
347 4038 413 4107 δὴ
442 4031 599 4096 οὗτος
632 4036 737 4090 κᾶν
770 4037 868 4105 τῆς
897 4034 1177 4096 υἱοθεσίας
1220 4032 1438 4102 ἔτυχεν,
1458 4031 1527 4100 ἢν
1554 4030 1587 4100 ἠ
1637 4030 1733 4089 Ae-

149 4132 393 4199 σποτικὴ
445 4127 729 4199 χαρίζεται
794 4127 1102 4197 φιλοτιμία,
1168 4125 1248 4196 τῷ
1300 4122 1508 4193 ταύτην
1561 4121 1739 4192 οἰκεία

145 4222 349 4292 γνώμῃ
395 4222 488 4275 καὶ
520 4222 721 4292 σπουδῇ
754 4221 829 4292 μὴ
860 4221 1204 4292 συγκροτεῖν,
1237 4217 1482 4289 εὐχερῶς
1511 4214 1736 4286 φέρεται

147 4314 294 4382 πρὸς
325 4314 423 4375 τὰς
447 4312 559 4365 τῶν
608 4313 1025 4384 ἁμαρτημάτων
1079 4310 1307 4381 πράξεις
1338 4324 1352 4339 ·
1383 4309 1445 4361 τὸ
1494 4308 1594 4378 μὶν
1628 4307 1736 4361 ἀπὸ

144 4406 249 4473 τῆς
276 4404 502 4472 χάριτος
522 4403 675 4456 δοθὲν
704 4404 948 4472 σπέρμα,
983 4398 1093 4457 οἷον
1108 4402 1542 4473 ἀτελεσφόρητον
1562 4416 1735 4453 κατα-

144 4494 330 4545 λιπὼν
347 4534 363 4559 ,
396 4492 459 4546 τὸ
481 4492 538 4545 δι
577 4494 687 4546 ἀπὸ
712 4492 810 4547 τοῦ
836 4492 1075 4564 πονηροῦ
1101 4492 1428 4563 ὲπισπαρεν,
1480 4490 1738 4558 τελεσφο-

1837 3774 1959 3815 esse
1994 3758 2219 3831 dignum
2242 3760 2498 3831 operibus
2531 3760 2861 3825 ostenderet,
2915 3760 3007 3814 ille
3046 3775 3196 3826 sane,
3257 3775 3433 3830 quan-

1838 3866 2003 3920 quam
2027 3851 2374 3920 adoptionem
2402 3852 2627 3907 sortitus
2667 3862 2752 3908 est
2775 3867 2940 3921 quam
2966 3851 3180 3907 Domini
3209 3852 3438 3922 largitur

1840 3941 2075 4005 affectio,
2106 3944 2235 4013 quia
2269 3960 2378 3997 non
2410 3959 2532 3999 eam
2587 3945 2802 4015 pr0pria
2847 3945 3125 3999 voluntate
3158 3954 3210 3998 et
3243 3945 3437 3998 ardore

1842 4030 2146 4095 confirmat,
2187 4032 2253 4084 ad
2292 4042 2634 4101 peccaturum
2679 4044 2833 4089 actus
2872 4034 3032 4089 facile
3098 4034 3288 4090 fertur.
3339 4034 3438 4087 Illo

1840 4120 2083 4189 quidem,
2114 4122 2258 4192 quod
2288 4126 2462 4193 gratia
2494 4125 2677 4179 datum
2729 4135 2832 4189 est,
2873 4126 3079 4180 semine
3121 4125 3435 4193 imperfecto

1842 4213 2052 4279 relicto,
2081 4216 2225 4284 quod
2286 4230 2316 4269 a
2361 4217 2505 4271 malo
2548 4218 2873 4272 seminatum
2906 4228 2989 4272 est
3029 4218 3244 4287 prepria
3277 4218 3438 4271 indo-

1840 4303 2005 4361 lentia
2055 4306 2333 4376 perficitur
2377 4317 2431 4363 et
2461 4309 2693 4375 colitur;
2749 4310 2893 4378 quod
2940 4310 2995 4363 in
3045 4326 3103 4365 se
3151 4308 3437 4364 colaferens

1833 4397 2021 4463 homo,
2082 4399 2276 4453 merito
2319 4415 2426 4455 non
2465 4410 2552 4455 est
2612 4402 2755 4456 filius
2797 4399 2914 4465 Dei,
2972 4401 3066 4455 sed
3136 4402 3279 4455 filius
3304 4402 3435 4454 dia-

1835 4488 1968 4543 boli.

147 4585 421 4655 ρούμενόν
482 4601 543 4637 τε
599 4585 695 4639 καὶ
738 4585 1154 4657 γεωργούμενον
1196 4586 1372 4656 οίκείᾳ
1413 4584 1689 4656 ῥᾳθυμίᾳ·
1733 4583 1869 4653 ὅπερ
1909 4586 2002 4639 καὶ
2052 4586 2361 4657 περιφέρων
2385 4588 2442 4640 ὲν
2466 4585 2663 4654 ἑαυτῷ,
2688 4588 2912 4651 είκότως
2950 4590 3071 4641 ἀντὶ
3116 4586 3211 4641 τοῦ
3243 4587 3433 4639 τέκνον

144 4678 290 4733 εἶναι
320 4680 478 4745 Θεοῦ,
510 4681 697 4733 τέκνον
722 4680 1049 4751 χρηματίζει
1078 4681 1172 4735 τοῦ
1219 4681 1486 4735 διαϐόλου.

723 4795 1057 4850 ΕΡΩΤΗΣΙΣ
1090 4793 1167 4850 Θ’.
1771 4789 1815 4845 D

145 4887 283 4951 Πῶς
311 4887 419 4939 τοῦ
436 4888 799 4955 θεοπὰτορος
821 4887 1001 4941 eam
1027 4890 1324 4952 είκόντος,
1348 4906 1367 4938 ι
1394 4888 1732 4951 Ἀνθρωπος

1841 4882 2117 4949 Quomodo
2197 4880 2400 4955 Dnvide
2444 4880 2578 4955 __Dei
2613 4890 2791 4955 _palre
2838 4880 3069 4955 __di_cente
3106 4894 3125 4932 :
3171 4898 3196 4955 _i
3258 4878 3432 4955 [fonto

213 4949 359 5010 ὡσεί
393 4960 606 5023 χόρτος
625 4949 1155 5025 αὶῆῄέραιπὺτοῦ,
1182 4978 1199 5008 ι
1224 4949 1317 5010 καὶ
1356 4958 1503 5026 ἑξῆς,
1530 4949 1562 5010 ὅ
1599 4949 1733 5009 tod—

1911 4962 2162 5026 tanquam
2212 4954 2387 5026 [en-nm
2420 4949 2533 5026 dies
2562 4950 2709 5026 ejus,
2751 4968 2769 5000 ι
2829 4949 3083 5026 Salomon
3131 4951 3243 5017 ejus
3273 4950 3431 5026 [ilius

223 5046 329 5081 του
357 5019 493 5088 nisi};
524 5019 1243 5094 onopibr'dxogpalrstal,
1267 5047 1286 5079 ι
1312 5019 1473 5097 Μέγὲι
1502 5026 1730 5094 ἀνθρω-

1905 5019 2189 5097 declarat;
2222 5038 2239 5071 ι
2280 5019 2372 5073 Est
2404 5019 2609 5097 otiquid
2648 5035 2893 5088 mag'tum
2932 5021 3106 5081 homo,
3148 5030 3194 5072 et
3229 5020 3431 5089 aliquid

217 5114 333 5161 πος
375 5098 472 5150 καὶ
501 5091 890 5165 timor-dmin;
925 5091 966 5149 ι⁷
1106 5101 1112 5109 ’
1232 5091 1236 5093 Ἴ
1407 5091 1418 5097 ’
1615 5091 1626 5094 ’

1905 5095 2097 5146 honore
2125 5092 2340 5160 dignum
2368 5092 2447 5143 uir
2468 5091 2499 5148 ?.
2524 5109 2541 5140 ι

211 5211 357 5261 Edita
388 5225 417 5259 a
450 5210 592 5269 Ilaio,
616 5210 649 5259 l.
674 5224 701 5260 c
725 5248 738 5271 ,
761 5226 809 5273 p.
833 5211 936 5259 8-9.
964 5212 1218 5272 Quomodo
1240 5210 1442 5262 Davidis
1462 5210 1609 5260 verba
1636 5211 1765 5258 Psal.
1792 5207 1984 5320 cu,tll,
2014 5208 2089 5267 15,
2127 5220 2237 5257 cum
2261 5206 2540 5257 Salomonis
2573 5208 2740 5268 eﬂ'ato,
2766 5207 2911 5256 Prov.
2939 5221 3025 5267 xx,
3048 5205 3078 5253 6
3105 5207 3262 5268 (juxta
3284 5203 3425 5265 LXX)

1601 5284 1875 5320 conveniat:
1909 5308 1919 5316 .

1601 5284 1919 5320 conveniant.

219 5357 336 5424 Τὴν
362 5354 471 5407 τῶν
494 5354 795 5426 ἀνθρώπων
823 5355 986 5423 φύσιν
1011 5358 1087 5419 ὼς
1108 5356 1178 5411 τά
1210 5356 1379 5409 πολλά
1414 5357 1507 5409 καὶ
1536 5360 1563 5409 ὁ
1594 5356 1737 5419 θεῖος

149 5447 321 5502 Δαϐὶδ
366 5448 786 5513 κατευτελίζων,
812 5450 905 5502 καὶ
941 5451 969 5502 ό
1003 5450 1165 5517 σοφὸς
1217 5448 1533 5518 μεγαλύνων
1582 5447 1739 5500 Σολο-

153 5541 295 5609 μῶν,
336 5540 439 5591 οὐκ
488 5539 736 5593 ἐναντίαν
770 5540 1023 5610 ἀλλήλοις
1094 5540 1480 5607 ἀντεισάγουσι
1547 5538 1736 5602 δόξαν·

1850 5557 1955 5594 nou
1989 5538 2268 5608 oppositas
2306 5535 2443 5587 inter
2474 5549 2532 5588 se
2555 5535 2856 5589 sententias
2906 5532 3278 5587 introducunt.
3304 5530 3421 5583 Non

150 5635 207 5685 ού
248 5632 361 5700 γὰρ
391 5625 535 5685 οὗτοι
552 5632 710 5700 μόνον
728 5632 984 5695 τοιαύτας
1027 5632 1331 5698 ἀποφάσεις
1371 5630 1502 5701 περὶ
1531 5631 1621 5683 τοῦ
1646 5633 1739 5683 ἁν-

1846 5632 1990 5685 enim
2022 5631 2097 5683 illi
2122 5626 2463 5683 solummodo
2483 5626 2549 5678 de
2577 5626 2815 5678 humano
2842 5639 3038 5695 genere
3073 5623 3200 5677 talia
3237 5622 3421 5675 decla-

151 5723 429 5792 θρωπείου
462 5722 654 5789 γένους
688 5724 990 5787 ποιοῦνται,
1023 5724 1160 5775 ἀλλὰ
1201 5728 1293 5776 καὶ
1334 5722 1600 5792 πολλαχοῦ
1639 5723 1735 5789 ’ἧς

1844 5732 1987 5785 rant,
2018 5724 2110 5775 ενι]
2147 5721 2279 5775 etin
2325 5717 2601 5786 plerisque
2632 5732 2804 5769 sacra:
2830 5716 3127 5785 Scriptura:
3176 5714 3305 5768 locis
3338 5714 3422 5765 iu-

152 5815 304 5877 θ;ίιις
350 5812 577 5885 Γραφῇ
608 5814 884 5885 εὑρήσεις,
924 5813 1082 5868 τοῦτο
1134 5814 1232 5882 μὲν
1264 5814 1564 5883 ἐπαίροντα
1639 5813 1735 5880 τὴν

1843 5816 2026 5867 venies
2072 5826 2190 5867 eam
2231 5809 2563 5864 attollentem
2622 5807 2845 5876 quidem
2871 5814 3110 5861 nostram
3144 5812 3416 5869 naturam,

2406 4787 2734 4856 QUAESTIO
2774 4786 2866 4843 IX.

1924 5355 2225 5408 Ilumanam
2265 5362 2515 5406 naturam
2584 5353 2902 5421 plerumque
2955 5362 3008 5405 et
3072 5351 3288 5404 divinus
3323 5348 3428 5401 lia-

1847 5450 1929 5502 vid
1969 5446 2116 5517 parvi
2148 5443 2353 5497 faciens
2407 5452 2461 5496 et
2494 5444 2711 5513 sapiens
2760 5442 3017 5496 Salomon
3072 5440 3426 5510 magniﬁcans
