4198 6440
725 447 831 512 115

1883 435 2140 499 ΡΗΟῙΊΙ
2179 433 2689 495 PATRIARCIIE
2719 433 2830 495 ΕΡ.

3893 429 3999 494 116

725 572 920 616 rursus
951 563 1131 611 autem
1158 565 1279 607 eam
1311 549 1729 621 vilipendentcm
1766 557 1817 600 et
1863 546 2260 616 deprimentem
2286 560 2305 608 ;
2337 594 2340 603 ,

2438 543 2686 612 ιμετέραν
2710 544 2894 612 φύσιν,
2929 543 3086 598 τοῦτο
3111 544 3169 598 δὲ
3208 544 3369 598 πάλιν
3399 541 3886 604 κατευτελίζουσαν
3904 545 4002 595 καὶ

726 663 828 704 nec
863 655 1070 702 tantum
1096 641 1405 710 Scriptura,
1440 639 1537 695 sed
1567 647 1623 694 et
1647 638 1960 708 quicunque
1990 641 2306 690 nostrorum

728 751 1040 795 sanctorum
1071 733 1295 788 Patrum
1331 746 1518 786 veram
1565 730 1887 798 sapientiam
1917 727 2042 781 inde
2085 725 2309 795 mystice

728 833 874 889 docti
916 839 1065 892 sunt,
1112 827 1356 882 diversas
1400 824 1701 879 sententias
1743 824 1808 876 de
1844 822 2085 874 humano
2111 832 2312 887 genere

732 932 1054 983 statuentes.
1079 935 1187 974 non
1221 933 1286 973 ea
1316 916 1715 973 sententiarum
1734 913 2036 968 differentia
2066 911 2313 964 rebellio-

733 1032 858 1073 nem
883 1023 978 1070 aut
1003 1026 1241 1084 pugnam
1288 1011 1340 1064 in
1374 1022 1435 1064 se
1461 1010 1611 1078 ipsos
1640 1017 1694 1061 et
1723 1007 1775 1059 in
1821 1004 1958 1058 alios
2009 1001 2315 1056 concitasse

733 1109 1007 1171 vide-itur,
1048 1107 1140 1160 sed
1183 1100 1535 1157 concordiam
1579 1108 1634 1153 et
1660 1104 1986 1152 concentum
2035 1103 2315 1146 servantes

736 1203 1102 1274 reperiuntur.
1124 1195 1410 1264 Quomodo
1439 1202 1621 1248 autem
1652 1205 1743 1245 eas
1772 1188 2080 1244 diﬂerentes
2098 1195 2318 1239 scaten-

739 1300 844 1354 tias
878 1296 1025 1351 nulla
1049 1295 1105 1348 in
1138 1292 1419 1346 veritatem
1442 1303 1619 1357 pugna
1640 1283 2021 1353 autoppositio
2034 1289 2316 1350 sequatur,

739 1392 867 1445 hinc
896 1386 1056 1442 facile
1087 1391 1172 1438 est
1199 1380 1520 1448 intelligere.
1553 1376 1830 1446 Duplicem
1870 1373 2318 1427 constitutionem

740 1484 903 1538 habet
932 1482 1116 1542 homo,
1147 1487 1201 1530 et
1223 1474 1497 1544 duplicem
1523 1471 1659 1524 vixit
1683 1469 1874 1530 vitam,
1910 1481 2073 1519 unam
2097 1465 2318 1534 quidem

741 1586 870 1628 ante
905 1568 1408 1643 przevaricationem
1442 1575 1496 1620 et
1529 1565 1758 1618 alteram
1793 1567 1915 1630 post
1963 1559 2318 1613 violationem

741 1665 897 1736 legis.
950 1664 1078 1733 Ejus
1119 1670 1299 1715 autem
1338 1657 1658 1713 constitutio
1702 1670 1768 1708 ex
1822 1668 1926 1707 una
1956 1661 2109 1723 parte
2152 1653 2325 1705 lutum

741 1771 796 1814 et
824 1760 962 1816 cinis
989 1767 1092 1822 est,
1117 1772 1182 1812 ex
1210 1756 1380 1810 altera
1408 1770 1534 1808 vero
1549 1754 1972 1821 omnipotentem
2000 1760 2247 1803 naturam
2275 1757 2327 1804 ct

746 1853 815 1908 iis
842 1853 1095 1906 omnibus
1121 1864 1244 1918 quae
1271 1856 1398 1902 sunt
1447 1845 1807 1914 imperantem
1850 1844 2118 1898 imitatur.
2158 1840 2322 1907 Quae-

2408 635 2847 695 κάτω,τιοεἰσαν
2867 636 2960 688 ὀὐ
2996 636 3156 705 μόνον
3183 636 3239 688 δὲ
3271 636 3406 690 ἀλλὰ
3437 636 3532 689 καὶ
3569 636 3684 688 ὅσοι
3722 635 3831 688 τῶν
3861 638 4002 702 ἡμεο

2407 727 2580 796 τὲρων
2623 726 2783 798 ἱερῶν
2807 727 3064 797 Πατέρων
3097 727 3305 780 ἐκεῖθεν
3337 727 3438 799 τὴν
3467 726 3725 796 ἀληθινὴν
3756 728 4004 795 ἑμυστα-

2408 821 2742 890 γωγήθησαν
2779 822 2993 890 σοφίαν,
3016 823 3110 874 καὶ
3129 815 3276 876 οὗτοι
3287 822 3576 893 διαφόρους
3591 820 3748 885 δόξας
3779 819 4007 887 θέμενοι

2412 913 2540 982 περὶ
2618 914 2679 964 τὸ
2750 913 3111 984 ἀνθρώπινον,
3175 914 3276 966 οὐκ
3328 915 3386 966 ἐν
3445 913 3525 983 τῷ
3575 912 3820 981 διαφόρῳ
3890 909 4008 962 τῶν

2411 1003 2781 1072 ψηφισμάτων
2817 1004 3073 1075 στάσινῆ
3115 1004 3296 1074 μάχην
3341 1005 3479 1075 πρὸς
3504 1006 3732 1066 ἑαυτοὺς
3780 1005 3813 1072 ἢ
3863 1003 4009 1072 πρὸς

2415 1096 2678 1167 ἀλλήλους
2704 1097 2988 1164 φαίνονται
3032 1097 3556 1163 συνεισενεγκόντες,
3597 1096 3710 1148 ἀλλ’
3746 1095 4011 1164 ὁμόνοιάν

2416 1206 2475 1241 τε
2507 1191 2600 1242 καὶ
2634 1189 2953 1259 συμφωνίαν
2979 1189 3211 1259 ὁρῶνται
3239 1189 3731 1257 διαπεπραγμένοι.
3787 1187 3913 1247 ῐιῶς
3950 1186 4012 1237 ea

2417 1282 2652 1351 διάφορα
2679 1282 3135 1350 ἀποφαινομένων
3162 1280 3387 1348 οὐδεμία
3423 1281 3573 1348 μάχη
3607 1280 3639 1349 ἦ
3684 1278 4011 1331 ἐναντίωσις

2420 1372 2558 1443 πρὸς
2592 1373 2692 1444 τὴν
2720 1373 2979 1442 ἀλήθειαν
3001 1371 3382 1434 ἐπακολουθεῖ,
3409 1370 3656 1423 ἐντεῦθεν
3709 1371 3860 1422 ἐστιν
3912 1369 4014 1437 ρᾁ

2422 1465 2533 1516 διον
2603 1463 2808 1516 λαϐεῖν.
2859 1462 3061 1532 Διπλῆν
3116 1461 3214 1532 τὴν
3257 1463 3607 1531 κατασκευὴν
3652 1463 3681 1513 ό
3719 1459 4014 1530 ἄνθρωπος

2425 1556 2559 1626 ἔχει,
2594 1557 2690 1610 καὶ
2723 1555 2948 1609 διπλοῦν
2991 1554 3376 1607 ἐπολιτεύσατο
3416 1553 3565 1623 βίονο
3602 1553 3692 1604 τὸν
3749 1552 3848 1620 μὲν
3904 1550 4017 1618 πρὸ

2427 1650 2525 1718 τῆς
2563 1647 2947 1717 παραϐάσεως,
2987 1647 3080 1700 τὸν
3107 1648 3163 1701 δὲ
3199 1647 3338 1716 μετὰ
3367 1648 3468 1716 τὴν
3495 1645 3752 1714 ἀθέτησιν
3790 1645 3893 1712 τῆς
3923 1644 4017 1693 tv.

2427 1740 2586 1809 τολῆς
2609 1756 2622 1769 ·
2650 1741 2684 1807 ὴ
2717 1739 2774 1791 δὲ
2808 1738 3141 1808 κατασκευὴ,
3165 1739 3226 1791 τὺ
3252 1738 3351 1808 μὲν
3382 1736 3546 1792 αὐτοῦ
3573 1737 3743 1806 πηλός
3774 1737 3893 1788 ὲστι
3923 1738 4021 1795 καὶ

2431 1835 2599 1896 κόνις,
2630 1833 2696 1885 τὸ
2747 1833 2805 1886 δὲ
2849 1833 2951 1901 τὴν
2983 1831 3496 1901 παντοκρατορικὴν
3551 1831 3645 1882 καὶ
3675 1827 4019 1896 δεσποτικὴν

745 1959 965 2013 cunque
985 1944 1146 2013 igitur
1161 1939 1434 1994 hominem
1459 1939 1714 1992 attollunt
1734 1947 1787 1991 et
1812 1950 2028 1991 sursum
2052 1943 2320 1997 statuunt,

2438 1927 2532 1980 τῶν
2548 1927 2718 1978 ὄντων
2742 1925 2994 1978 ἁπάντων
3016 1922 3328 1988 ἐξεικονίζει
3347 1921 3508 1992 φύσιν
3530 1939 3544 1953 ο
3569 1924 3667 1976 ὅσα
3678 1917 3772 1974 οὖν
3797 1920 4022 1986 ἐπαίρει

750 2037 834 2091 vel
863 2035 911 2089 ei
937 2035 1078 2089 data:
1124 2031 1408 2102 dignitatis
1446 2029 1874 2100 magnitudinem
1915 2028 2197 2091 exhibent,
2244 2027 2328 2082 vel

749 2128 964 2183 beatam
1023 2135 1077 2180 et
1117 2123 1329 2179 felicem
1371 2131 1498 2177 ante
1551 2122 2058 2192 praevaricationem
2116 2123 2326 2187 vitam;

751 2233 1092 2294 quaecunque
1112 2226 1291 2272 autem
1328 2219 1478 2272 illum
1501 2217 1801 2286 depretiant
1823 2228 1877 2272 et
1905 2218 2235 2287 deprimunt,
2265 2233 2331 2272 ex

753 2331 862 2370 una
899 2325 1053 2385 parte
1083 2315 1227 2368 mala
1263 2324 1384 2382 post
1420 2313 1912 2384 transgressiOnem
1936 2313 2119 2382 gravia
2144 2321 2331 2367 osten-

753 2409 913 2470 dunt,
938 2422 1003 2460 ex
1031 2407 1198 2460 altera
1234 2419 1362 2459 vero
1391 2405 1542 2458 illum
1571 2420 1694 2460 esse
1729 2405 2008 2473 pulverem
2049 2405 2185 2457 etin
2226 2414 2335 2456 ter-

757 2517 875 2554 ram
915 2499 1165 2561 dissolvi,
1207 2498 1495 2553 manifeste
1536 2499 1934 2554 demonstrant.
1977 2497 2082 2552 Sed
2116 2499 2230 2552 hmc
2260 2497 2337 2550 di-

760 2593 938 2646 cimus
969 2601 1225 2658 tanquam
1262 2591 1436 2658 prima
1469 2599 1523 2644 et
1546 2591 1882 2644 dominantia
1915 2590 2184 2660 principia
2243 2590 2339 2643 de-

761 2685 1086 2738 scril-entes.
1123 2683 1198 2735 Ex
1222 2681 1306 2736 his
1340 2693 1521 2737 autem
1561 2682 1728 2736 multa
1760 2692 1814 2736 et
1848 2681 1953 2736 alia
1986 2691 2286 2734 nascuntur
2323 2697 2336 2733 :

762 2777 1172 2834 conterminum
1221 2785 1303 2829 est
1333 2776 1478 2828 enim
1505 2775 1780 2844 quomodo
1820 2775 1982 2828 homo
2013 2786 2138 2826 cum
2166 2770 2341 2825 factus

763 2871 834 2923 sit
857 2879 912 2922 et
950 2869 1141 2937 possit,
1172 2868 1216 2921 si
1253 2867 1399 2932 velit,
1431 2868 1569 2922 deus
1599 2867 1762 2930 effici,
1793 2882 1892 2921 nec
1923 2865 2120 2920 haheat
2156 2879 2344 2918 neces-

764 2965 1001 3025 sitatem,
1041 2961 1084 3015 si
1136 2961 1296 3024 velit,
1344 2961 1408 3013 ad
1457 2960 1642 3030 pejora
1697 2960 1844 3013 illum
1888 2959 2144 3025 impetum
2185 2955 2344 3010 attol-

764 3056 962 3108 lentem
1001 3065 1226 3117 vertere,
1262 3053 1409 3106 mille
1454 3051 1641 3107 laudes
1676 3053 1922 3106 obtinere
1978 3050 2176 3120 dignus
2234 3049 2344 3110 sit;

765 3147 1000 3202 stolidus
1070 3156 1248 3201 autem
1290 3155 1345 3199 et
1385 3147 1601 3208 brutus,
1635 3160 1700 3198 ne
1740 3145 1916 3197 dicam
1975 3143 2346 3210 improborum

764 3240 1154 3294 daemoniorum
1178 3239 1390 3293 malitiae
1403 3254 1630 3295 consors
1651 3239 1896 3302 effectus,
1919 3239 2064 3292 mille
2089 3236 2347 3306 subjicia-
2376 3270 2418 3323 Ο

767 3339 858 3385 tur
924 3331 1468 3400 exprobrationibus;
1533 3341 1588 3385 et
1647 3341 1770 3384 ante
1814 3332 1928 3385 hmc
1989 3330 2172 3384 omnia
2223 3333 2346 3384 vita:

768 3425 1135 3493 voluptatibus
1158 3440 1221 3480 ac
1241 3426 1452 3479 deliciis
1487 3438 1718 3480 mentem
1756 3440 2040 3491 exercens,
2072 3427 2346 3480 sexcentis

768 3515 1012 3584 quotidie
1034 3514 1508 3570 circumfundatur
1524 3516 1702 3581 malis,
1732 3521 1818 3570 vix
1845 3516 2144 3585 aliquando
2173 3516 2302 3570 illud
2331 3535 2344 3570 :

769 3605 994 3661 Vanitas
1031 3609 1326 3661 vanitatum
1358 3617 1412 3661 et
1440 3609 1620 3662 omnia
1641 3607 1905 3662 vanitas"
1935 3607 2121 3660 valens
2151 3608 2349 3660 intelli-

770 3715 919 3768 μιν.
946 3694 1014 3752 Se
1037 3707 1212 3750 autem
1247 3698 1455 3750 ratione
1477 3713 1507 3750 a
1538 3697 1736 3749 mundo
1753 3711 2045 3766 segregans
2069 3707 2121 3749 et
2139 3696 2206 3748 ab
2238 3710 2353 3747 om-

773 3793 937 3846 nibus
973 3807 1094 3858 quae
1122 3793 1174 3843 in
1217 3791 1420 3843 mundo
1470 3790 1832 3843 circumstant
1884 3786 2064 3855 nugis,
2114 3787 2354 3838 maxima

773 3883 976 3938 fruitur
1022 3882 1320 3949 voluptate,
1373 3891 1425 3935 et
1473 3892 1763 3949 antequam
1805 3877 1986 3932 futura
2032 3877 2171 3930 bona
2204 3892 2355 3930 asse-

771 3985 995 4043 qnatur,
1039 3980 1297 4040 tanquam
1326 3971 1559 4044 imagine
1598 3981 1653 4025 et
1689 3970 1950 4039 praelndio
1983 3968 2129 4022 illius
2174 3967 2357 4021 multm

774 4067 1051 4120 felicitatis
1084 4065 1335 4134 praesenti
1385 4072 1632 4132 tempore
1671 4063 1892 4115 fruitur.
1958 4059 2140 4128 Neque
2197 4060 2357 4128 igitur

778 4172 930 4229 pater
976 4157 1086 4211 lilio
1125 4157 1470 4218 adversatur,
1521 4164 1696 4224 pater,
1737 4155 1983 4223 inquam,
2029 4151 2196 4204 David
2268 4167 2358 4205 sa-

781 4252 946 4322 pienti
979 4249 1282 4310 Salomoni,
1321 4247 1451 4302 dum
1493 4248 1629 4301 alter
1675 4247 1880 4310 laudat,
1915 4245 2049 4299 alter
2100 4259 2227 4297 vero
2266 4243 2363 4297 de-

780 4343 969 4411 primit
1018 4342 1316 4404 hominem,
1355 4356 1534 4408 neque
1576 4339 1760 4393 divina
1798 4336 2082 4407 Scriptura
2115 4337 2218 4390 sibi
2257 4336 2360 4404 ipsi

787 4441 1007 4503 pugnat,
1037 4430 1131 4484 sed
1157 4444 1330 4498 neque
1359 4427 1582 4480 Patrum
1616 4437 1932 4480 nostrorum
1989 4426 2209 4479 divinus
2229 4426 2364 4478 cho-

786 4541 881 4580 rus
934 4538 1080 4577 nunc
1112 4523 1328 4590 quidem
1365 4521 1658 4574 humanam
1685 4529 1935 4574 naturam
1970 4517 2361 4579 deiticantium,

785 4627 930 4668 nunc
955 4623 1134 4666 autem
1165 4611 1316 4680 parvi
1339 4607 1711 4677 pendentium,
1736 4617 1790 4661 et
1821 4607 1886 4661 ad
1917 4607 2163 4661 ultimam
2189 4607 2366 4659 vilita-

787 4716 893 4759 tem
924 4706 1301 4772 redigentium.
1335 4701 1397 4754 Et
1430 4702 1685 4770 sepositis
1717 4717 1838 4769 qua:
1872 4699 2017 4753 dicta
2053 4707 2203 4762 sunt,
2230 4713 2369 4766 quo-

785 4799 950 4849 modo
1027 4792 1276 4863 corporis
1334 4790 1648 4844 affectiones
1703 4800 1758 4842 et
1808 4788 2121 4857 quotidiana
2186 4795 2371 4840 nostra
2471 4772 2566 4821 καί

785 4889 986 4941 datnna
1041 4902 1146 4939 non
1231 4898 1333 4937 nos
1397 4881 1808 4950 deprimerent?
1846 4879 2143 4932 Conversio
2188 4888 2370 4932 autem

2426 2018 2519 2070 τὸν
2544 2017 2833 2084 ἄνθρωπον
2867 2015 2960 2067 καὶ
2988 2015 3101 2069 ἄνω
3125 2015 3357 2082 ἵστησιν,
3383 2013 3416 2084 ἢ
3447 2013 3542 2065 τοῦ
3570 2011 3818 2072 δοθέντος
3863 2010 4020 2076 αὐτῴ

2429 2107 2743 2177 ἀξιώματος
2797 2108 2858 2158 τὸ
2898 2105 3130 2176 μέγεθος
3168 2105 3528 2173 ὐπεμφαίνει,
3565 2103 3599 2172 ἢ
3629 2103 3721 2155 τὸν
3761 2100 3874 2171 πρὸ
3922 2101 4023 2166 τῆς

2431 2199 2799 2270 παραϐάσεως
2819 2197 3092 2268 μακάριον
3109 2196 3204 2249 καὶ
3232 2195 3523 2264 εὐδαίμονα
3545 2193 3655 2262 βίον
3672 2209 3688 2224 ο
3718 2192 3822 2245 ὅσα
3843 2190 3902 2243 δὲ
3933 2190 4026 2242 εὖ·

2431 2292 2631 2356 τελίζει
2661 2291 2755 2344 καὶ
2778 2291 2928 2344 κάτω
2948 2287 3154 2358 τίθησι,
3189 2287 3351 2341 τοῦτο
3381 2287 3480 2356 μὲν
3510 2286 3577 2340 τὰ
3604 2284 3743 2354 μετὰ
3777 2284 3883 2351 τὴν
3908 2298 4022 2336 πα-

2439 2383 2668 2453 ράϐασιν
2690 2380 2907 2451 τίθησιν
2945 2379 3195 2445 ἀλγεινὰ,
3232 2377 3390 2432 τοῦτο
3416 2378 3474 2431 δὲ
3501 2377 3595 2429 καὶ
3621 2377 3702 2429 ὅτι
3732 2374 3865 2444 χοῦς
3908 2375 4027 2426 ἐστι

2435 2477 2530 2528 καὶ
2561 2475 2639 2538 είς
2660 2477 2763 2544 γῆν
2795 2471 3035 2537 ἀναλύει,
3058 2470 3388 2541 παρίστησιν
3413 2468 3621 2536 σαφῶς.
3668 2465 4030 2518 Ἀλλὰταῦτὰ

2438 2583 2618 2635 φαμεν
2653 2566 2816 2618 οίονεὶ
2844 2564 2946 2627 τὰς
2998 2563 3222 2632 πρώτας
3257 2563 3352 2613 καὶ⁹
3380 2559 3722 2630 κυριωτάτας
3778 2556 4030 2624 ἀναγρα-

2439 2672 2629 2725 φοντες
2659 2655 2857 2726 ἀρχάς.
2895 2654 2993 2708 Ἐκ
3016 2653 3074 2706 δὲ
3097 2653 3303 2706 τούτων
3318 2652 3487 2704 πολλὰ
3517 2651 3612 2704 καὶ
3632 2648 3770 2703 ἄλλα
3791 2647 3994 2716 φύεται
4013 2663 4028 2678 ο

2445 2744 2696 2815 μεθόριον
2721 2743 2830 2813 γὰρ
2850 2742 3040 2812 ὥσπερ
3063 2743 3092 2794 ό
3114 2740 3399 2812 ἄνθρωπος
3419 2737 3656 2808 γεγονὼς
3679 2739 3774 2790 καὶ
3801 2737 4035 2805 δυνάμει

2442 2855 2530 2899 νος
2573 2837 2731 2905 εἴπερ
2763 2834 3005 2903 βούλοιτο
3031 2833 3323 2903 Οεωθῆναι,
3372 2833 3472 2885 οὐκ
3516 2830 3653 2899 ἔχων
3681 2830 3737 2881 δὲ
3780 2829 4035 2896 ἀνάγκην

2444 2931 2507 2983 ἄν
2528 2945 2634 3000 περ
2658 2927 2900 2996 βούλοιτο
2928 2925 3064 2995 πρὸς
3092 2923 3163 2975 τὰ
3189 2922 3356 2991 χείρω
3391 2921 3552 2991 ῥέψαι
3591 2918 4035 2972 ἀναστέλλουσαν

2445 3025 2542 3092 τὴν
2575 3025 2770 3092 ὁρμὴν,
2802 3018 3094 3087 θεούμενος
3126 3017 3224 3087 μὲν
3244 3016 3352 3069 τῶν
3372 3014 3580 3084 μυρίων
3601 3013 3845 3065 ἐπαίνων
3881 3010 4036 3077 ἄξιός

2449 3116 2565 3166 ἐστι
2600 3112 2911 3180 τυγχάνειν,
2953 3107 3418 3177 ἁποθηριούμενος
3431 3107 3487 3158 δὲ
3513 3105 3603 3158 καὶ
3625 3103 3912 3173 κτηνώδης
3944 3119 4036 3169 γε-

2452 3206 2695 3275 νόμενος,
2755 3204 2842 3257 ἵνα
2890 3201 2964 3271 μὴ
3025 3201 3170 3267 λέγω
3220 3202 3286 3269 τῇ
3317 3198 3428 3251 τῶν
3480 3196 3735 3266 πονηρῶν
3761 3195 4038 3266 δαιμόνων

2452 3295 2943 3367 παραμιλλῶμενος
2973 3293 3161 3363 κακίᾳ,
3189 3291 3402 3362 μυρίοις
3423 3288 3787 3344 ὑποϐάλλεται
3812 3288 4035 3356 ψόγοιςο

2450 3393 2546 3444 καὶ.
2585 3390 2690 3458 πρό
2707 3405 2770 3456 γε
2804 3386 2996 3439 τούτου
3024 3388 3152 3455 περὶ
3207 3385 3275 3436 τὰ
3333 3385 3392 3436 ὲν
3421 3383 3498 3451 τῷ
3538 3382 3636 3453 βίῳ
3679 3383 3892 3452 τερπνὰ
3943 3383 4038 3434 καὶ

2451 3485 2582 3554 ἡδέα
2614 3483 2704 3535 τὸν
2729 3481 2852 3534 νοῦν
2878 3477 3334 3548 ὲνησχολημὲνος,
3390 3476 3608 3544 μυρίοις
3642 3474 3766 3527 καθ’
3798 3475 4040 3544 ἑκάστην

2454 3573 2851 3643 περιαντλεῖται
2884 3571 3071 3630 κακοῖς
3096 3585 3110 3598 ·
3146 3567 3298 3636 μόλις
3333 3568 3462 3618 ποτε
3481 3565 3540 3617 τὸ
3563 3565 3878 3634 ματαιότης
3938 3581 4040 3633 μα-

2452 3667 2772 3734 ταιοτήτων,
2795 3662 2864 3713 τὰ
2889 3661 3064 3713 πάντα
3093 3659 3410 3727 ματαιότης,
3440 3656 3731 3727 δυνάμενος
3772 3656 4003 3709 συνιδεῖν
4025 3673 4038 3686 ο

2457 3759 2647 3814 ἑαυτὸν
2677 3758 2734 3810 δὲ
2762 3753 3003 3824 τῷλόγῳ
3046 3752 3296 3822 χωρίζων
3326 3750 3420 3803 τοῦ
3454 3751 3684 3820 κόσμου,
3726 3749 3821 3801 καὶ
3853 3748 3965 3800 τῶν
3984 3750 4042 3801 ὲν

2457 3852 2532 3922 τις)
2556 3850 2748 3920 κόσμῳ
2773 3846 3151 3918 περιστάσεων
3203 3846 3299 3896 καὶ
3346 3843 3676 3912 ἀδολεσχιῶν
3698 3842 3797 3909 τῆς
3827 3841 3913 3894 ὅτι
3941 3840 4044 3909 μά-

2457 3945 2612 3996 λιστα
2645 3939 2991 4010 εὐδαιμονίας
3017 3935 3282 3991 ἀπολαύει
3307 3956 3319 3966 ·
3360 3936 3456 3987 καὶ
3486 3933 3592 4004 πρὸ
3613 3933 3706 3986 τοῦ
3729 3934 3915 4001 τυχεῖν
3943 3931 4047 3982 τῶν

2461 4034 2669 4090 ἐκεῖθεν
2695 4033 2769 4091 ὡς
2812 4033 2871 4084 ὲν
2935 4025 3208 4095 εἰκόνιτῷ
3257 4027 3510 4096 παρόντι,
3544 4025 3639 4078 καὶ
3676 4025 3735 4076 ὲν
3778 4024 4047 4094 προοιμίῳ

2463 4127 2664 4194 πολλῆς
2690 4125 2786 4193 τῆς
2819 4119 3220 4191 μακαριότητος
3259 4118 3529 4188 ἑντρυφᾷ’
3573 4116 3716 4170 ῶστε
3737 4113 3862 4166 οὔτε
3897 4116 3927 4165 6
3950 4131 4048 4166 πα-

2461 4223 2565 4289 τὴρ
2592 4218 2669 4288 τῷ
2700 4216 2853 4268 παιδὶ
2900 4214 3155 4283 μάχεται,
3188 4211 3217 4262 6
3247 4209 3558 4278 θεοπάτωρ,
3601 4208 3768 4278 φημὶ,
3792 4207 3959 4260 Δαδὶδ
3980 4206 4050 4265 τῶ

2465 4309 2614 4378 σοφῷ
2667 4305 2992 4376 Σολομῶντι,
3026 4305 3054 4356 ό
3089 4303 3186 4372 μὲν
3237 4301 3498 4364 ἐπαινῶν,
3536 4301 3565 4351 6
3593 4299 3649 4351 δὲ
3671 4299 3934 4362 κατάγων
3962 4299 4050 4349 τίεν

2465 4400 2774 4470 ἄνθρωπον,
2811 4394 2934 4448 οὕτε
2957 4396 2991 4462 ἡ
3011 4393 3130 4445 θεία
3154 4392 3348 4463 Γραφὴ
3365 4391 3691 4460 διαμάχεται
3709 4389 3902 4457 ἑαυτῇ,
3931 4388 4051 4440 ἀλλ’

2465 4492 2584 4545 οὐδὲ
2615 4490 2722 4542 τῶν
2746 4488 3003 4556 Πατέρων
3023 4488 3054 4554 ἡ
3065 4484 3182 4555 μῶν
3211 4484 3241 4535 6
3267 4482 3408 4545 θεῖος
3436 4483 3620 4554 χορὸς,
3651 4478 3784 4533 ποτὶ
3831 4479 3935 4548 μὲν
3957 4481 4051 4548 τὴν

2397 4606 2442 4660 ι)
2471 4582 2758 4654 ἀνθρώπου
2776 4579 3150 4643 ἐκθειάζοντες
3183 4576 3368 4646 φύσιν,
3406 4575 3536 4628 ποτὲ
3564 4574 3622 4627 δὲ
3652 4573 4051 4636 κατευτελίζον-

2471 4693 2563 4737 τες
2599 4677 2692 4726 καὶ
2715 4677 2794 4736 εἰς
2813 4672 3042 4742 ἔσχατον
3065 4666 3588 4736 συγκατακλείοντες
3631 4667 4021 4731 ταπεινότητος
4039 4679 4052 4692 ο

2606 4766 2772 4836 χωρὶς
2822 4765 2878 4817 δὲ
2909 4763 3018 4816 τῶν
3059 4760 3371 4832 εἰρημένων
3400 4758 3469 4812 τὰ
3514 4758 3646 4827 περὶ
3689 4756 3748 4809 τὸ
3783 4756 4053 4824 σωμάτιον

2474 4859 2626 4926 πάθη
2660 4859 2754 4909 καὶ
2777 4857 2833 4907 αἱ
2863 4852 3234 4924 καθημεριναὶ
3263 4849 3439 4904 λῶϐαι
3493 4847 3612 4911 πῶς
3657 4848 3720 4900 οὐ
3757 4845 4054 4900 κατευτελί·

787 4982 986 5034 mentis
1015 4980 1081 5033 ad
1132 4976 1646 5045 contemplationem
1694 4983 1747 5026 et
1785 4987 2034 5041 superna:
2085 4971 2340 5040 voluptati

2476 4950 2630 5012 ζουσι
2655 4947 2722 5000 τὰ
2751 4947 3039 5015 ἡμετερας
3068 4945 3100 5010 ὴ
3137 4942 3192 4995 δὲ
3211 4943 3347 5012 πρὸς
3377 4940 3609 5009 θεωρίαν
3628 4941 3938 5013 ἐπιστροφὴ
3969 4943 4052 4996 τοῦ

789 5077 1106 5145 puritatem,
1155 5071 1434 5140 quomodo
1493 5080 1738 5122 nostram
1779 5068 1942 5120 vitam
2000 5081 2108 5120 non
2157 5065 2373 5120 beatam

788 5184 854 5224 ac
886 5165 1096 5224 felicem
1149 5165 1514 5236 praestarent?

1283 5320 1614 5390 QUIESTIO
1644 5320 1710 5375 Χ.

866 5421 1040 5488 Quare
1090 5420 1413 5474 dwntoniaco
1480 5417 1662 5469 morbo
1712 5421 2048 5488 wgrolanm,
2118 5411 2378 5464 licitatio-08

1287 5487 1607 5558 evangelista
1633 5495 1780 5539 vocat
1818 5487 1843 5541 .’

2481 5040 2574 5093 νοῦ
2617 5039 2712 5092 καλ⁵
2740 5038 2801 5090 τὸ
2825 5035 3034 5089 ἐκεῖθεν
3061 5034 3160 5104 τῆς
3186 5034 3381 5104 ἡδονῆς
3405 5032 3669 5102 καθαρὸν,
3724 5032 3846 5094 πῶς
3871 5035 3931 5086 οὐ
3958 5053 4055 5105 μα-

2486 5137 2684 5204 καρίαν
2751 5131 2906 5201 ἡμῶν
2973 5129 3066 5182 καὶ
3122 5126 3416 5196 εὐδαίμονα
3474 5126 3574 5197 τὴν
3628 5122 3904 5179 πολιτείαν
3935 5127 4056 5180 ὑπο-

2487 5227 2793 5280 δεικνύουσι
2820 5243 2834 5288 ς

3068 5311 3401 5365 ΕΡΩΤΙΙΣΙΣ
3429 5309 3490 5368 1’.

2495 5415 2551 5466 Τί
2581 5410 2656 5477 δή
2689 5425 2832 5462 ποτε
2886 5406 3027 5477 τοὺς
3086 5403 3366 5477 δαιμονίᾳ
3420 5402 3588 5477 νόσω
3625 5401 4056 5477 κακουμένους,

2576 5469 3123 5547 σεληνιαζομένους
3152 5469 3642 5542 ὀέὑαττελιστὴς
3672 5469 3981 5540 ὀνομὰζευ

917 5611 1062 5665 Edita
1093 5625 1120 5660 a
1151 5608 1295 5670 Maio,
1328 5610 1363 5658 ι.
1396 5623 1439 5660 c.
1475 5622 1522 5672 p.
1557 5607 1703 5666 9-10;
1728 5608 1998 5670 explanans
2028 5618 2118 5654 cur
2143 5603 2448 5666 evangelista
2476 5599 2672 5661 (Matth.
2697 5611 2763 5657 iv,
2791 5595 2878 5654 ll;
2902 5607 3022 5652 xvn,
3047 5591 3127 5653 ιι)
3150 5588 3481 5640 όωωοηὶδεοε
3503 5595 3651 5635 vocet
3681 5584 3946 5636 lunaticos.

894 5721 1187 5778 Lnnaticos
1207 5717 1539 5789 evangelista
1565 5733 1594 5772 a
1612 5718 1861 5771 daemone
1900 5715 2158 5768 obsessos
2211 5721 2394 5774 vocat,

803 5835 911 5874 non
957 5817 1138 5869 lunam
1181 5813 1484 5869 affectionis
1545 5827 1768 5868 causam
1837 5809 2146 5880 assignans,
2203 5817 2377 5875 neque

874 5931 922 5963 ’θ
955 5930 1134 5988 lict-lc.
1173 5947 1208 5996 l,
1249 5931 1284 5985 Ξ

2573 5703 3065 5774 Σεληνιαζομένους
3124 5701 3152 5749 ὁ
3205 5693 3593 5764 εὐαγγελιστὴς
3643 5693 3770 5754 τοὺς
3821 5691 4063 5761 δαιμονία

2490 5798 2753 5864 κατΰχους
2815 5790 3072 5862 ὀνομάζει
3133 5790 3288 5858 νόσῳ,
3349 5785 3467 5854 οῦχὶ
3505 5782 3602 5852 τὴν
3642 5780 3873 5852 σελήνην
3896 5779 4062 5834 αἰτίαν
