4198 6440
193 376 297 439 117

1231 397 1327 455 AD
1352 396 1941 461 AMPHILOCHIUM
1984 401 2329 474 QUESTIO
2353 404 2427 464 Χ.

3337 408 3439 469 118

193 486 289 583 τού
322 488 527 583 πάθους
550 493 905 583 ἀναγράφων,
943 498 1051 551 οὐδ’
1080 499 1159 552 ὃτι
1193 502 1330 572 αὑτὴ
1367 504 1459 561 τὸν
1482 505 1766 576 ἄνθρωπον

1865 512 1993 581 quia
2016 512 2254 583 maligno
2267 512 2542 568 hominem
2563 512 2860 582 occupandi
2880 512 3197 569 occasiones
3220 515 3442 583 praebet.

192 575 289 666 τοῦ
311 577 516 632 ἀλῶναι
557 582 633 651 τῷ
692 585 847 655 κακῷ
895 588 997 651 τὰς
1045 591 1298 661 άφορμάς
1350 575 1599 666 παρέχει,
1645 599 1759 651 ἀλλ’

190 664 403 735 ιθιμοις
430 669 506 739 τῷ
534 673 729 743 πλήθει
778 678 872 727 και
917 679 1213 749 γνωρίμοις
1270 664 1627 753 ὀνόμασιντάς
1664 688 1758 742 τοῦ

191 758 463 812 Δισπότου
492 760 937 836 θαυματουργίας
982 770 1294 835 σπουδάζων
1325 774 1627 843 διηγεῖσθαι
1652 793 1667 809 ·
1697 780 1759 832 οὐ

420 851 567 920 αὐτῷ
600 856 788 925 σκοπῷ
814 858 1049 922 ἀττικῶς
1081 864 1274 923 εἰπεῖν,
1295 865 1432 918 ἀλλά
1458 868 1641 936 σαφῶς
1661 871 1760 939 τὴν

192 936 457 1006 ἀλήθειαν
481 940 689 1005 διδάξαι
708 959 723 973 ·
765 946 922 999 τοῦτο
973 949 1018 1000 δ’
1052 951 1117 1001 ἂν
1150 951 1409 1021 ὑπάρξαι,
1439 956 1489 1007 sl
1514 960 1579 1026 τῇ
1610 936 1758 1029 κοινῇ

192 1030 394 1096 χρήσει
413 1031 520 1084 τῶν
553 1033 832 1101 ὀνομάτων
868 1041 962 1091 καὶ
982 1040 1058 1103 ὡς
1084 1044 1433 1114 ἐπιχωριάζει
1458 1046 1521 1099 τὸ
1548 1048 1667 1111 Ξθος
1694 1050 1762 1104 τά

192 1121 456 1206 γεγονότα
484 1139 565 1184 τις
600 1125 929 1193 ἀπαγγελεῖο
980 1129 1155 1193 ἄλλως
1188 1149 1246 1185 τε
1292 1134 1350 1187 δὴ
1376 1136 1483 1188 οὐδ’
1510 1138 1763 1206 ἐμπεδῶν

192 1203 263 1298 ἦν
294 1208 387 1263 τοῦ
414 1213 653 1280 ῥήματος
695 1217 728 1285 ή
774 1220 967 1287 χρῆσις
1018 1220 1096 1291 τῷ
1122 1223 1439 1293 κηρύγματι
1486 1203 1585 1298 τῆς
1609 1229 1764 1281 εὐσε-

193 1296 352 1362 ϐείας
374 1316 390 1330 -
426 1304 547 1355 ιπει
595 1305 703 1375 γὰρ
754 1308 938 1362 πολλοὶ
960 1312 1068 1364 τῶν
1090 1313 1225 1382 ήλίῳ
1258 1316 1350 1367 και
1374 1296 1571 1390 σελήνη
1605 1318 1765 1372 λελα-

191 1394 507 1459 τρευκότων
560 1394 783 1466 εμελλον
815 1403 1076 1470 κατήκοοι
1112 1404 1222 1457 τῶν
1249 1409 1593 1463 Δεσποτικῶν
1616 1410 1765 1477 γίνε-

195 1482 325 1536 σθαι
357 1485 671 1556 θαυμάτων,
701 1493 765 1544 ἐκ
802 1494 903 1560 τῆς
933 1498 1061 1567 παρ’
1095 1498 1279 1559 αὐτοῖς
1328 1500 1646 1570 ὑπολήψεως
1674 1502 1767 1555 καὶ

192 1572 300 1638 τῆς
325 1574 436 1625 τῶν
469 1578 728 1646 ῥημάτων
752 1583 1022 1651 χρήσεως,
1059 1585 1158 1653 τῆς
1206 1588 1441 1657 ἀρχαίας
1461 1591 1656 1653 αὐτοὺς
1674 1592 1768 1644 καὶ

193 1662 495 1728 δυσσεϐοῦς
510 1669 839 1726 ἀπαλλάττει
860 1675 1089 1745 πλάνης,
1111 1682 1389 1750 μονονουχὶ
1406 1680 1627 1745 τούτους
1641 1684 1771 1735 ἀνα.

196 1759 532 1827 καλούμενος
576 1765 669 1817 καὶ
709 1765 883 1835 βοῶν·
920 1770 1249 1842 Ἄνθρωποι,
1279 1775 1396 1838 πῶς
1451 1776 1644 1848 σελήνῃ
1674 1778 1769 1831 καὶ

1862 604 1955 658 sed
1994 604 2132 673 plebi
2163 606 2380 660 usitatis
2418 613 2473 659 et
2505 606 2648 659 notis
2694 605 2917 660 vocibus
2948 604 3155 659 Domini
3184 606 3443 661 miracula

1861 694 2039 748 nitens
2091 710 2378 763 exponere.
2434 693 2550 749 Non
2586 694 2728 750 enim
2792 694 3104 749 attendebat
3138 695 3304 749 attice
3357 695 3446 750 lo-

1860 785 1974 853 qui,
2002 785 2093 840 sed
2131 786 2275 841 clare
2301 787 2582 841 veritatem
2618 785 2831 848 docere,
2863 786 3006 854 quod
3036 784 3148 838 ﬁeri
3180 785 3438 854 debebat,

1862 873 1908 925 si
1942 873 2217 925 communi
2249 875 2531 927 nominum
2565 887 2666 927 usu
2696 882 2750 927 et
2808 883 2865 926 ut
2902 873 3119 926 solitum
3153 881 3257 937 est,
3290 871 3434 927 facta

1861 965 2307 1019 enuntiarentur.
2357 964 2589 1019 Aliunde
2645 980 2750 1019 non
2797 965 3049 1017 obstabat
3099 965 3246 1019 verbi
3296 980 3432 1019 usus

1864 1052 2091 1120 pietatis
2137 1052 2546 1105 auuuntiationi
2584 1066 2743 1106 :cum
2768 1052 2910 1105 enim
2947 1052 3102 1105 multi
3130 1066 3316 1105 eorum
3345 1046 3441 1122 qui

1863 1140 1962 1191 soli
1993 1150 2045 1192 et
2084 1138 2225 1191 lunae
2270 1140 2590 1201 servierant,
2660 1137 2874 1192 Domini
2917 1138 3183 1193 miracula
3249 1139 3442 1193 audire

1862 1226 2161 1289 deberent,
2220 1240 2284 1278 ex
2341 1241 2530 1279 eorum
2586 1224 2844 1295 opinione
2894 1234 2950 1280 et
2981 1226 3268 1280 verborum
3314 1242 3441 1287 usu,

1865 1314 1933 1367 ab
1957 1312 2179 1380 antiquo
2200 1319 2252 1365 et
2274 1310 2439 1380 impio
2462 1326 2646 1366 errore
2678 1325 2770 1365 eos
2796 1312 3007 1377 liberat,
3040 1311 3152 1366 fere
3167 1326 3263 1368 eos
3286 1312 3442 1366 invo‘

1866 1414 2020 1463 cans,
2050 1408 2105 1453 et
2133 1400 2377 1455 clamans
2410 1418 2425 1454 :
2468 1399 2747 1464 llomines,
2775 1401 3046 1467 quomodo
3069 1400 3212 1455 luna:
3258 1409 3313 1454 et
3337 1392 3439 1456 soli

1868 1492 2104 1561 aliquam
2158 1490 2426 1545 adhibetis
2462 1489 2863 1546 venerationem
2911 1499 2965 1545 et
3005 1491 3137 1547 deos
3189 1501 3245 1546 et
3275 1492 3446 1547 bene-

1869 1583 2100 1637 factores
2121 1597 2217 1637 eos
2246 1584 2468 1652 putatis,
2494 1598 2562 1637 ex
2612 1584 2811 1653 quibus
2834 1592 2893 1638 ut
2916 1584 3036 1652 ipso
3060 1584 3224 1638 verbo
3262 1585 3443 1639 dicere

1868 1673 2145 1733 videmini.
2182 1683 2328 1727 tanta
2352 1673 2567 1743 quidem
2606 1674 2748 1729 mala
2773 1674 3042 1744 accipitis,
3074 1683 3284 1729 tantum
3345 1690 3443 1729 au-

1872 1778 1979 1823 tem
2010 1768 2233 1823 exitium
2263 1767 2544 1821 hominum
2572 1782 2745 1838 genus
2772 1768 3017 1839 depascit
3042 1768 3066 1821 τ
3091 1765 3317 1837 Oportet
3343 1782 3441 1823 vos

195 1850 335 1921 ήλίῳ
360 1869 412 1904 τι
440 1853 604 1917 σέϐας
628 1857 895 1914 ἀνάπτετε
926 1863 1021 1916 καὶ
1044 1864 1197 1929 θεοὺς
1225 1867 1319 1919 καὶ
1359 1867 1652 1936 εὐεργέτας
1684 1886 1769 1922 νο-

1873 1879 1901 1918 a
1933 1864 2054 1916 luna
2083 1872 2137 1917 et
2174 1863 2387 1917 exteris
2408 1862 2670 1930 separari,
2702 1878 2826 1918 cum
2856 1873 2965 1917 tam
3000 1863 3139 1917 male
3162 1872 3214 1918 et
3238 1862 3445 1917 tamin-

197 1942 412 2010 μίζετε,
458 1944 517 2011 ἐξ
572 1940 647 2001 ὧν
692 1950 852 2018 ὑμεῖς
896 1953 971 2016 ὡς
1003 1954 1070 2008 ἂν
1116 1958 1273 2009 αὐτοὶ
1300 1958 1394 2011 καὶ
1438 1958 1518 2028 τῷ
1570 1959 1775 2030 ῥήματι

195 2036 399 2104 φαίητε
426 2038 727 2106 τηλικαῦτα
766 2042 864 2112 μὲν
927 2044 1226 2115 μαθήματα
1284 2046 1502 2117 φέρετε,
1541 2048 1775 2116 τοσαύτη

193 2128 253 2179 δὲ
280 2128 428 2198 λύμη
461 2131 538 2202 τῷ
567 2132 890 2204 ἀνθρωπίνῳ
942 2137 1089 2204 γένει
1127 2139 1482 2208 ἑπινέμεταις
1523 2140 1641 2193 δέον
1686 2157 1777 2193 σε·

200 2215 377 2288 λήνης
406 2222 634 2275 καὶτῶν
672 2223 847 2276 ἄλλων
903 2226 1359 2293 ἀπαλλάττεσθαι,
1408 2229 1578 2293 οὔτως
1618 2232 1778 2300 χαλε-

194 2308 317 2369 πῶς
350 2311 444 2363 καὶ
471 2312 685 2377 ἀθλίως,
722 2315 798 2379 ὼς
820 2318 1176 2388 ὑπειλήφατε,
1204 2320 1554 2375 διατεθέντων
1584 2323 1764 2391 ὑμῶν·

192 2398 276 2466 τῷ
302 2399 359 2451 δὲ
386 2403 701 2456 καὶτούτων
750 2407 844 2458 καὶ
884 2408 1057 2461 ἀλλων
1103 2409 1313 2480 μυρίων
1344 2411 1534 2465 παθῶν
1555 2412 1768 2483 νέμοντι

1873 1955 2121 2020 feliciter,
2146 1963 2206 2009 ut
2251 1953 2356 2024 ipsi
2406 1954 2728 2024 opinamlui,
2755 1955 3008 2022 dispositi
3039 1954 3161 2009 sitis
3192 1970 3209 2021 ;
3242 1955 3318 2009 illi
3344 1970 3444 2009 au-

1874 2055 1979 2101 tem
2001 2046 2093 2113 qui
2134 2046 2202 2099 ab
2244 2045 2365 2101 istis
2388 2056 2443 2100 et
2488 2045 2610 2101 aliis
2640 2046 2908 2100 sescentis
2943 2046 3102 2101 malis
3143 2046 3336 2100 liberat
3390 2058 3446 2101 et

1872 2136 2111 2190 caelestia
2140 2136 2280 2189 bona
2315 2135 2545 2205 largitur
2575 2146 2631 2189 et
2656 2134 3071 2191 venerationem
3103 2136 3359 2189 adhibere
3390 2145 3445 2189 et

1873 2242 2065 2298 puram
2096 2226 2469 2281 adoratiouem
2496 2225 2694 2281 oiIerre
2726 2243 2741 2279 :
2790 2226 2976 2295 itaque
3004 2226 3108 2295 piis
3157 2226 3441 2295 principiis

1874 2317 2008 2369 nihil
2071 2315 2391 2371 contradicit
2418 2316 2723 2371 communis
2785 2327 2834 2370 et
2866 2318 3077 2371 usitatae
3106 2316 3257 2371 vocis
3283 2317 3441 2370 adhi-

1878 2409 2033 2463 Ιιίιίο.

192 2492 300 2559 τὴν
363 2494 674 2565 ἐλευθερίαν
726 2500 821 2551 καὶ
880 2499 948 2555 τὰ
1016 2501 1211 2557 αἰώνια
1284 2503 1778 2575 ιπιδαψιλευομένῳ
1813 2501 2015 2571 ἀγαθὰ,
2079 2502 2271 2572 ἐκείνῳ
2327 2501 2421 2555 καὶ
2471 2499 2533 2554 τὸ
2586 2499 2749 2564 σέϐας
2784 2502 3044 2555 ἀνάπτειν
3076 2500 3173 2553 καὶ
3216 2499 3317 2569 τὴν
3344 2498 3441 2551 λα-

194 2584 391 2652 τρείαν
420 2587 720 2658 προσάγειν
752 2589 1005 2661 καθαρῶς
1026 2607 1040 2621 ο
1077 2592 1247 2659 οὕτως
1294 2594 1445 2651 οὐδὲν
1474 2595 1831 2665 προσίσταται
1864 2595 1962 2662 τῆς
1993 2592 2174 2662 κοινῆς
2229 2592 2325 2645 καὶ
2389 2589 2579 2661 ἐθίμου
2610 2589 2808 2654 λέξεως
2860 2592 2893 2660 ή
2957 2591 3151 2661 χρῆσις
3186 2591 3297 2648 τοῖς
3350 2588 3441 2641 sti-

196 2673 387 2725 σεϐἐσι
415 2672 715 2743 λογισμοῖς.

273 2768 524 2822 Ἤκουσα
561 2769 617 2822 δέ
645 2788 803 2825 τινων
826 2773 1093 2840 λεγόντων
1120 2775 1197 2836 ὡς
1231 2776 1412 2831 ἀλλοτι
1440 2779 1500 2831 τὸ
1524 2776 1773 2847 σεληνιά-

195 2858 393 2920 ζεσθαι
425 2860 571 2927 παρὰ
613 2862 673 2912 τὸ
696 2860 955 2933 δαιμονᾷν
980 2867 1008 2917 ὁ
1050 2867 1440 2937 εὐαγγελιστὴς
1503 2865 1645 2922 οἶδεν
1670 2885 1683 2899 ⁸
1711 2869 1772 2921 ού

195 2950 308 3018 γὰρ
370 2948 437 3002 ἂν
501 2949 670 3002 εἰπὼν
723 2953 1220 3023 σεληνιαζομένους,
1281 2960 1339 3010 εν
1390 2960 1574 3027 ταύτῷ
1605 2976 1775 3029 προσ-

194 3038 370 3109 έθηκε
399 3039 492 3090 καὶ
509 3039 987 3109 δαιμονιζομένους
1009 3059 1020 3071 ·
1059 3046 1153 3100 καὶ
1178 3043 1315 3101 εἶναι
1349 3048 1440 3102 τὸν
1466 3048 1776 3118 σεληνιαζόο

197 3147 365 3199 μενον
391 3130 490 3199 οὐχ
522 3131 626 3183 ὑπο
655 3129 906 3201 δαίμονος
932 3137 1338 3206 ἐνεργούμενον,
1364 3140 1479 3192 ἀλλ’
1504 3142 1606 3193 ὑπό
1630 3158 1774 3203 τινος

1973 2772 2167 2825 Andivl
2199 2770 2491 2825 nonnullos
2516 2768 2756 2826 dicentes
2788 2769 2930 2825 aliud
2966 2770 3265 2825 lnnaticnm
3318 2785 3440 2826 esse

1868 2870 1921 2916 et
1966 2859 2113 2914 aliud
2141 2874 2170 2912 a
2215 2860 2462 2912 daemone
2514 2858 2751 2913 obsideri
2788 2860 3174 2927 evangelistam
3228 2858 3438 2926 signill~

1867 2968 2060 3007 casse:
2092 2968 2197 3007 non
2227 2952 2395 3015 enim,
2441 2961 2725 3022 postquam
2780 2952 2917 3008 dixit
2972 2952 3258 3015 lunaticos,
3291 2951 3440 3021 adje-

1876 3044 2042 3098 cisset
2069 3051 2125 3095 et
2162 3041 2491 3095 demonium
2537 3041 2830 3095 habentes:
2867 3051 2923 3096 et
2966 3057 3089 3096 esse
3140 3042 3437 3096 lunaticum

1875 3148 1981 3186 non
2002 3148 2033 3185 a
2065 3130 2311 3185 daemone
2334 3132 2688 3200 exagitatum,
2718 3132 2810 3185 sed
2847 3132 2957 3185 alio
2980 3130 3215 3200 quodam
3248 3131 3439 3185 morbo

195 3221 392 3292 ἑτέρου
415 3222 745 3290 νοσήματος,
789 3224 817 3275 ὂ
862 3225 958 3285 τάς
986 3228 1157 3295 ἀρχάς
1202 3230 1308 3281 ἀπὸ
1334 3232 1442 3282 τῶν
1467 3234 1525 3283 ἐν
1561 3230 1770 3299 σώματι

1876 3227 1967 3295 qui
1999 3225 2321 3295 principium
2347 3239 2413 3278 ex
2451 3225 2721 3291 corruptis
2748 3224 2800 3276 in
2839 3238 3066 3291 corpore
3121 3224 3441 3279 humoribus

197 3314 519 3382 σεσηπότων
572 3313 761 3382 χυμῶν
818 3316 1084 3387 λαμϐάνει
1112 3336 1125 3350 ⁸
1176 3314 1320 3374 οὗτοι
1359 3322 1416 3375 δὲ
1451 3322 1649 3389 μᾶλλον
1675 3322 1772 3374 αὖ·

194 3402 386 3470 ξονται
441 3406 533 3457 καὶ
588 3406 943 3477 σφοδρότερον
1006 3409 1337 3464 ἐπιτίθενται
1398 3413 1497 3482 τῆς
1546 3415 1770 3481 σελήνης

195 3495 545 3566 πλησιφαοῦς
577 3495 742 3567 οὕσης
763 3514 775 3526 ’
812 3498 1032 3569 καὶγὰρ
1062 3499 1230 3554 πολλά
1260 3507 1366 3554 τῶν
1389 3503 1561 3557 ἄλλων
1592 3507 1772 3575 ὑγρῶν

194 3585 297 3636 καὶ
334 3584 393 3635 ἐν
420 3583 569 3653 ὑγρῷ
591 3584 982 3656 διαιτωμένων,
1026 3587 1215 3661 ῶσπερ
1244 3590 1443 3662 ὄστρεά
1471 3609 1530 3645 τε
1577 3597 1672 3647 καὶ
1704 3597 1771 3649 τά

195 3673 452 3735 τοιαῦτα,
480 3676 599 3727 τότε
630 3675 827 3744 μᾶλλον
853 3680 1043 3743 ὁρᾶται
1074 3680 1209 3750 πρὸς
1233 3679 1385 3746 αὕξιν
1412 3683 1769 3748 ἐπιδιδοῦντα,

193 3768 301 3819 οὐκ
334 3767 714 3837 αὑτοδεσπότῳ
756 3770 945 3840 κράτει
992 3771 1093 3839 τῆς
1148 3772 1377 3848 σελήνης
1410 3775 1573 3827 τοῦτο
1602 3792 1773 3846 πρατ-

194 3855 417 3924 τούσης.
445 3855 647 3922 ἄπαγε,
670 3857 807 3911 ἀλλά
831 3859 927 3929 τῆς
954 3861 1266 3931 ἀπορρήτου
1288 3862 1643 3932 δημιουργίας
1674 3866 1769 3918 τοῦ

196 3949 385 4013 πάντα
408 3950 465 4000 ιν
490 3950 652 4021 σοφίᾳ
677 3952 1031 4022 πεποιηκότος
1050 3954 1311 4018 τοιαύτας
1340 3957 1477 4027 αὐτῇ
1494 3958 1592 4020 τὰς
1620 3959 1770 4031 ἐνερ-

196 4041 360 4108 γείας
417 4042 876 4111 ἑγκαταθεμένου.
926 4045 1035 4097 Καὶ
1080 4046 1210 4116 γάρ,
1270 4048 1455 4117 φησιν,
1513 4049 1590 4112 ὡς
1620 4050 1682 4103 τδ
1714 4054 1771 4105 ιν

196 4132 344 4201 αὐτῇ
382 4130 583 4201 θερμὸν
615 4133 830 4201 φύσεως
862 4136 1090 4205 χλιαρᾶς
1115 4138 1379 4209 ὑπάρχον,
1414 4141 1633 4194 ἐπειδάν
1662 4144 1771 4198 τῶν

194 4223 491 4297 ήμετέρων
519 4224 789 4292 σωμάτων
814 4229 935 4289 ταῖς
980 4226 1159 4296 βολαῖς
1190 4231 1468 4299 έπιψαύοι,
1511 4233 1771 4303 ἀνάχυσιν

202 4313 305 4381 μὲν
331 4312 439 4365 τῶν
468 4316 525 4365 ἐν
548 4316 679 4383 ήμῖν
738 4316 919 4387 ὑγρῶν
962 4321 1401 4389 παρασκευάζει,
1450 4324 1772 4395 διαφόρησιν

197 4400 256 4456 δὲ
284 4405 381 4456 καὶ
410 4404 701 4473 ἀπόκρισιν
760 4410 868 4464 τῶν
905 4410 1278 4481 ἀναχυθέντων
1305 4414 1393 4467 διὰ.
1436 4416 1496 4468 τὸ
1535 4416 1609 4486 μή
1636 4434 1769 4485 atpo-

1876 3318 2057 3384 capit:
2108 3316 2184 3369 illi
2225 3323 2404 3367 autem
2481 3312 2667 3368 dicunt
2720 3314 2821 3368 hos
2870 3315 3126 3368 humores
3167 3315 3338 3383 magis
3385 3323 3440 3368 et

1882 3409 2067 3462 acrius
2098 3421 2409 3475 augescere,
2468 3406 2737 3459 cumluua
2773 3405 2931 3473 plena
2964 3414 3065 3459 est.
3098 3404 3263 3459 Multa
3294 3405 3436 3459 enim

1880 3501 2108 3553 aliorum
2148 3497 2494 3551 humidorutn
2544 3506 2599 3551 et
2639 3497 2691 3550 in
2746 3497 2968 3551 humido
3025 3498 3348 3558 viventium,
3381 3505 3441 3549 ut

1877 3604 2002 3646 sunt
2070 3601 2263 3642 ostrea
2318 3597 2373 3643 et
2414 3588 2518 3641 alia
2558 3588 2953 3656 hujuscemodi,
2989 3598 3117 3642 tunc
3176 3589 3436 3657 temporis

1878 3683 2110 3735 maxime
2135 3679 2386 3733 videntur
2412 3680 2806 3734 incrementum
2838 3679 3105 3747 accipere,
3155 3693 3261 3732 non
3313 3694 3436 3747 pro-

1876 3772 1992 3840 pria
2020 3770 2254 3837 potentia
2302 3769 2353 3821 id
2386 3776 2642 3836 operante
2688 3767 2835 3834 luna,
2906 3768 3067 3831 absit,
3108 3769 3201 3822 sed
3239 3784 3436 3824 arcana

1875 3860 2189 3930 Operatione
2212 3860 2331 3928 ejus
2384 3861 2476 3927 qui
2514 3859 2696 3913 omnia
2723 3860 2775 3913 iu
2808 3860 3074 3930 sapientia
3132 3858 3259 3914 fecit
3299 3861 3439 3915 hanc

1877 3955 2130 4007 virtutem
2158 3952 2236 4006 illi
2289 3953 2437 4006 intus
2483 3951 2801 4020 deponente.
2848 3950 3077 4017 Etenim,
3108 3953 3302 4022 inquit,
3356 3962 3433 4007 te-

1876 4047 2012 4116 pida:
2048 4052 2252 4099 natura:
2297 4045 2389 4110 qui
2436 4042 2489 4095 in
2517 4057 2580 4097 ea
2610 4052 2692 4097 est
2722 4043 2890 4108 calor,
2929 4059 3053 4097 cum
3079 4052 3264 4097 nostra
3319 4059 3439 4097 cor-

1876 4150 2008 4204 pora
2034 4120 2233 4189 ictibus
2285 4133 2398 4188 suis
2450 4134 2686 4203 attingit,
2741 4134 2994 4188 humores
3028 4133 3120 4201 qui
3176 4134 3227 4186 in
3278 4134 3435 4187 nobis

1877 4235 2003 4281 sunt
2032 4224 2337 4288 confundit,
2398 4225 2751 4279 confusorum
2802 4229 2990 4279 autem
3022 4226 3432 4295 dissipatiouem

1874 4328 1930 4373 et
1958 4318 2339 4375 excretiouem.
2367 4330 2434 4369 e0
2475 4318 2619 4385 quod
2650 4332 2755 4369 non
2790 4318 2921 4371 satis
2973 4316 3126 4372 ardet
3177 4318 3346 4380 calor,
3378 4328 3437 4372 ut

1876 4407 2027 4461 calor
2074 4406 2227 4469 solis,
2258 4420 2366 4459 non
2397 4403 2546 4460 facit.
2570 4404 2666 4459 llis
2694 4415 2875 4459 autem
2901 4407 3223 4460 humoribus
3268 4408 3342 4461 ita
3380 4411 3432 4460 in

197 4494 336 4566 δράν
374 4490 630 4567 εἶναιτὴν
667 4498 898 4570 θέρμην,
926 4500 1114 4572 ὥσπερ
1141 4504 1242 4573 τήν
1285 4505 1350 4557 ὲκ
1378 4504 1474 4558 τοῦ
1505 4505 1679 4573 ήλίου,
1708 4508 1768 4559 οὐ

1877 4510 2103 4565 corpore
2143 4494 2387 4550 confusis
2436 4503 2491 4549 et
2562 4497 2922 4561 conturbatis,
2957 4511 3022 4551 eo
3072 4499 3244 4565 magis
3295 4499 3435 4551 valet

202 4589 355 4639 ποιεῖ
373 4590 627 4640 ’τουτωνὶ
650 4589 707 4642 δὲ
734 4590 843 4644 τῶν
868 4593 1057 4662 χυμῶν
1073 4594 1262 4658 εοῦτως
1308 4596 1684 4666 ἀναχυθὲντων
1714 4601 1773 4652 ἐν

198 4679 277 4745 τῷ
295 4676 504 4747 σώματι
534 4682 625 4732 καὶ
648 4684 1147 4754 συνταραχθέντων,
1178 4687 1376 4757 μᾶλλον
1398 4705 1456 4742 τε
1471 4688 1532 4742 τὸ
1562 4690 1772 4759 νόσημα

203 4766 409 4835 ἰσχύει,
455 4768 550 4821 καὶ
610 4770 809 4839 μᾶλλον
854 4776 1225 4845 tumeton
1257 4776 1334 4847 τῷ
1363 4780 1648 4849 δγκεφάλῳ
1678 4782 1772 4833 καὶ

194 4863 266 4928 τῇ
306 4860 537 4930 κεφαλῇ,
575 4863 884 4933 διαστρέφει
914 4883 973 4920 τε
1020 4870 1080 4921 τὸ
1116 4868 1275 4933 ζῶον,
1302 4873 1393 4924 καὶ
1418 4871 1638 4935 ἀλλοιοῖ,
1677 4874 1771 4927 καὶ

194 4954 303 5013 τὰς
330 4954 563 5019 φυσικὰς
619 4958 987 5027 παραποδίζον
1040 4961 1320 5031 ἐνεργείας
1370 4965 1668 5035 ῥήγνυσθαί
1710 4984 1771 5019 τε

198 5044 300 5093 καὶ
326 5044 733 5111 σπαράσσεσθαι
763 5046 1199 5117 παρασκευάζει’
1229 5053 1322 5104 καὶ
1351 5053 1441 5105 διὰ
1468 5053 1625 5107 τοῦτο
1670 5056 1771 5107 ὑπὸ

197 5132 449 5185 τοιούτου
502 5136 767 5205 κατόχους
796 5142 1099 5209 νοσήματος
1131 5143 1224 5194 καὶ
1264 5144 1327 5196 τὸ
1375 5144 1576 5212 πλῆθος
1607 5146 1767 5216 σελη-

199 5223 557 5292 νιαζομένους
577 5228 749 5293 καλεῖ,
781 5232 874 5282 καί⁹
908 5231 1094 5283 καλεῖν
1121 5233 1272 5285 οὐδέν
1317 5234 1465 5287 ἐστιν
1493 5236 1761 5303 ἐμποδὼν.

200 5316 362 5369 Ἐστι
395 5316 452 5369 δέ
482 5336 565 5380 τις
588 5321 682 5372 καὶ
721 5321 871 5389 παρά
904 5321 1077 5375 ταῦτα
1103 5325 1259 5391 λόγος
1289 5325 1480 5394 Δἕτερος
1501 5340 1515 5355 ⁶
1546 5327 1619 5389 ὡς
1653 5329 1771 5380 δαι-

200 5408 432 5475 μονιῶσι
461 5409 559 5478 μὲν
582 5412 677 5462 καὶ
702 5408 847 5465 οὗτοι
875 5411 967 5477 οὓς
987 5414 1035 5465 οί
1061 5414 1244 5468 πολλοὶ
1270 5415 1489 5483 λέγουσι
1521 5417 1769 5486 σεληνια-

201 5492 468 5566 ζομὲνους
490 5517 502 5530 ’
532 5504 599 5553 τά
647 5501 897 5571 δαιμόνια
959 5505 1014 5558 δὲ
1062 5504 1368 5560 διαϐάλλειν
1395 5508 1461 5560 τά
1497 5509 1771 5575 κτίσματα

197 5589 299 5643 τοῦ
350 5592 694 5660 Δημιουργοῦ
755 5598 865 5657 τοῖς
922 5596 1228 5666 ἀνθρώποις
1268 5598 1459 5667 ἔχοντα
1516 5600 1768 5670 σπουδὴν,

198 5683 454 5750 ἐπιτηρεῖ
508 5684 605 5746 τὰς
659 5685 909 5753 αὐξήσεις
955 5689 1053 5755 τῆς
1093 5690 1355 5758 σελήνηςο
1404 5691 1497 5743 καὶ
1526 5691 1647 5742 τότε
1672 5693 1769 5761 τὴν

200 5773 449 5827 ἐπίθεσιν
471 5776 560 5830 καὶ
593 5776 653 5828 τὸ
680 5778 848 5841 πάθος
881 5777 1213 5847 ἐκδηλότεροι
1245 5783 1417 5835 ποιεῖ’
1453 5782 1539 5838 ἵνα
1582 5780 1768 5853 κακῶς

1876 4590 2132 4655 morbus;
2154 4600 2209 4643 et
2227 4590 2399 4656 magis
2423 4588 2646 4641 cerebro
2670 4595 2721 4640 et
2741 4588 2901 4654 capiti
2927 4587 3163 4650 additur,
3195 4597 3434 4655 torquet-

1872 4698 1978 4753 que
2006 4682 2209 4736 animal
2243 4692 2296 4735 et
2334 4691 2529 4744 mutat,
2552 4688 2605 4735 et
2636 4683 2908 4735 naturales
2937 4682 3077 4734 vires
3110 4697 3232 4735 cum
3266 4680 3434 4748 impe-

1871 4774 2017 4836 diat,
2051 4770 2469 4841 emiranguntnr
2499 4779 2553 4823 et
2593 4769 2946 4838 dissipantur.
2981 4768 3042 4823 Et
3066 4769 3268 4823 idcirco
3314 4770 3432 4823 illos

1872 4866 1965 4933 qui
1996 4863 2089 4917 tali
2130 4864 2321 4915 morbo
2353 4869 2606 4915 tenentur
2636 4862 2829 4931 vulgus
2863 4861 3132 4915 lunaticos
3164 4862 3429 4925 nominat,

1871 4967 1927 5011 et
1960 4955 2087 5024 quin
2111 4956 2190 5009 sic
2241 4968 2336 5008 eos
2363 4952 2602 5007 nominet
2640 4952 2772 5005 nihil
2828 4954 3024 5006 obstat.
3090 4952 3185 5007 Est
3205 4962 3259 5006 et
3294 4956 3431 5007 uhra

1874 5050 1986 5104 h.cc
2010 5049 2143 5102 alter
2173 5061 2352 5102 sermo
2378 5046 2473 5115 qui
2517 5047 2843 5100 daemonium
2899 5046 3096 5098 habere
3151 5045 3279 5098 dicit
3336 5059 3429 5099 eos

1868 5155 2005 5207 quos
2030 5138 2223 5208 vulgus
2260 5136 2530 5190 lunaticos
2562 5144 2747 5199 vocat;
2775 5134 3041 5188 daemonia
3072 5150 3200 5188 vero
3223 5135 3430 5186 calum-

1865 5232 2079 5285 niandis
2108 5228 2378 5283 Creatoris
2407 5227 2662 5296 operibus
2714 5227 2855 5293 apud
2905 5226 3154 5279 homines
3176 5225 3380 5283 intenta
3408 5262 3423 5285 ,

1868 5320 2505 5390 diligenterincremeuta
2538 5317 2676 5371 lunae
2706 5318 3018 5379 observare,
3064 5325 3115 5368 et
3155 5324 3281 5367 tunc
3312 5330 3425 5367 ma-

1870 5414 1981 5466 lum
2037 5426 2235 5479 angere
2290 5418 2343 5464 et
2417 5410 2718 5464 evidentius
2796 5408 2994 5471 facere,
3060 5420 3116 5461 ut
3162 5409 3425 5475 pessimus

1867 5520 2063 5558 causas
2101 5518 2220 5557 esse
2267 5504 2491 5571 pulchra
2526 5503 2619 5558 Dei
2653 5502 2867 5571 opiﬁcia
2931 5502 3144 5571 opinari
3202 5515 3424 5569 persua-

1864 5598 2026 5649 deant
2079 5604 2134 5649 et
2179 5598 2302 5649 inde
2357 5598 2667 5650 Creatorem
2711 5596 3104 5664 blasphcment.
3158 5592 3261 5645 Sed
3334 5593 3421 5647 hic

1862 5689 2077 5756 quidem
2111 5704 2289 5741 sermo
2326 5705 2428 5743 uon
2451 5689 2885 5741 rationemail'czt
2916 5705 3012 5740 cur
3052 5688 3141 5739 tali
3182 5686 3419 5739 dictione

1863 5780 2077 5835 divinus
2127 5783 2414 5849 Apostolus
2473 5799 2602 5836 usus
2641 5784 2746 5847 sit;
2805 5783 2894 5837 δελ
2954 5778 3223 5851 quomodo
3288 5791 3417 5831 sane
