4198 6440
216 415 309 482 Ῑῖί

1133 420 1229 479 ΑΙ)
1271 419 1863 482 AMPHILOCHIUM
1903 422 2245 493 QUIESTIO
2272 427 2377 499 XI,
2408 428 2547 488 XII.

3366 426 3475 499 192

210 545 298 580 νον
322 527 402 588 είς
426 525 517 579 τὸν
562 525 623 591 ἐξ
647 525 942 595 ἐπιϐουλῆς
986 525 1227 597 ὁρμῆσαι
1258 526 1489 581 θάνατον
1508 528 1601 581 τοῦ
1630 528 1784 581 ἀδελ-

1891 545 2086 587 manus
2127 533 2411 600 injicere!!!
2450 534 2640 591 Restat
2669 546 2729 591 ut
2762 538 2852 593 ille
2881 548 3113 593 mortem
3155 556 3222 594 ex
3252 543 3469 600 insidiis

210 618 337 689 φοῦ,
368 619 424 681 ὃς
450 619 544 671 καὶ
569 619 676 689 προ
729 618 827 687 τῆς
854 617 1094 685 ἀθέσμου
1128 616 1333 684 ταύτης
1360 616 1632 687 πράξεως,
1664 618 1785 671 ἐλύ-

210 730 303 766 πει
337 713 435 780 μέν
459 707 539 774 οἷς
562 710 931 782 ἐκαρποφόρει
958 710 1113 773 Θεὸν,
1148 712 1227 774 είς
1253 710 1446 777 φθόνον
1472 712 1530 764 δέ
1557 710 1653 764 τοῦ
1682 729 1787 781 μη-

207 806 296 858 δὲν
335 804 657 874 ἠδικηκότος
708 803 1056 874 ἀνηρέθιστο,
1099 804 1315 873 πονηρᾷ
1366 802 1422 855 δὲ
1461 804 1655 873 γνώμῃ
1692 803 1785 855 καὶ

210 896 377 966 βουλῇ
406 896 556 968 δολία
576 898 675 959 τάς
703 896 897 949 ἑαυτοῦ
931 898 1119 966 χεῖρας
1148 897 1227 958 είς
1252 896 1349 965 τὴν
1364 894 1783 964 ἀδελφοκτονίαν

209 989 525 1058 ηὐτρέπιζε.
582 989 690 1041 Καὶ
742 990 842 1057 δρα
870 1004 959 1057 μοι
988 986 1265 1041 κάνταῦθα
1288 988 1386 1057 τῆς
1430 988 1692 1058 Προνοίας
1724 988 1786 1039 τὸ

210 1083 376 1149 σοφόν
405 1099 465 1135 τε
525 1082 618 1133 καὶ
652 1080 1056 1150 ἀνεξιχνίαστον
1077 1096 1092 1110 ο
1127 1080 1196 1132 δι’
1225 1072 1299 1132 ὧν
1332 1079 1442 1149 7&9
1474 1078 1725 1148 ἐνόμιζεν
1755 1081 1784 1132 ὀ

207 1174 447 1244 πονηρὸς
479 1174 700 1243 κρατεῖν
748 1173 846 1235 τάς
906 1174 1093 1242 χεῖρας
1125 1175 1268 1226 κατὰ
1308 1172 1418 1226 τῶν
1477 1172 1783 1241 ἀμεινόνων

206 1266 540 1327 ἐπανιστῶν,
569 1266 636 1317 δι’
659 1265 885 1318 ἐκείνων
909 1264 1059 1334 αὐτῷ
1100 1264 1169 1317 τὰ
1199 1264 1425 1342 προοίμι
1499 1265 1598 1333 τῆς
1618 1281 1786 1317 κατα-

207 1358 447 1426 στροφῆς
490 1357 747 1427 ἀπαντᾷο
799 1358 1073 1425 συγχωρεῖ
1129 1355 1228 1424 μὲν
1286 1355 1397 1425 γὰρ
1441 1355 1471 1408 ό
1506 1354 1607 1424 τῆς
1633 1354 1784 1418 Θείας

204 1462 268 1498 τε
301 1448 397 1499 καὶ
424 1446 565 1516 ὑπὲρ
593 1446 800 1499 ιννοιαν
823 1444 1134 1513 οἰκονομίας
1177 1444 1354 1512 λόγος,
1387 1444 1547 1515 ἔργον
1580 1445 1784 1498 ἀδίκων

208 1537 305 1590 καὶ
329 1538 630 1606 μιαιφόνων
656 1536 856 1607 χειρῶν
900 1535 994 1588 τὸν
1021 1535 1188 1587 Ἀδελ
1221 1534 1494 1603 γενέσθαι,
1529 1535 1624 1588 καὶ
1656 1550 1785 1604 προ-

209 1627 404 1695 φθάνει
455 1631 546 1680 τ’,ν
587 1627 762 1696 φύντα
787 1627 878 1679 ἐπὶ
905 1625 984 1697 τῷ
1013 1626 1230 1696 θανάτῳ
1255 1628 1285 1678 6
1326 1628 1475 1689 παῖς.
1514 1625 1674 1679 Ἀλλά
1697 1626 1782 1691 γί-

207 1736 363 1772 νεται
391 1720 486 1773 τοῦ
513 1720 641 1791 ᾅδου
700 1719 761 1772 τὸ
814 1721 1015 1790 κράτος
1041 1718 1137 1773 καὶ
1178 1721 1212 1790 ή
1254 1718 1450 1788 πρώτη
1502 1717 1779 1788 καταϐολὴ

208 1809 478 1878 ἀσθενής·
525 1811 575 1861 εί
633 1808 731 1879 μιν
788 1808 898 1879 7&9
944 1808 1038 1861 τὸν
1084 1807 1256 1877 Ἀδάμ
1292 1805 1510 1869 ἐδέξατο
1544 1804 1777 1875 πρῶτον,

1890 618 1941 669 in
2002 617 2224 675 fratrem
2255 625 2622 692 aggrediatur,
2654 626 2746 695 qui
2767 636 2821 681 et
2842 637 2967 682 ante
3006 629 3153 683 illam
3205 632 3464 700 injustam

1886 710 2188 776 actionem,
2220 728 2287 767 ea
2310 715 2378 769 iis
2428 731 2552 786 quae
2590 715 2703 771 Deo
2727 717 2896 773 frater
2921 719 3203 785 offerebat,
3228 739 3466 780 munore

1886 802 2238 869 adiciebatur,
2266 808 2671 865 etininvidiam
2719 812 2841 882 ejus
2878 813 2970 882 qui
2993 828 3101 869 non
3143 814 3345 871 fecerat
3376 820 3463 872 in-

1880 893 2082 962 juriam
2130 900 2492 965 excitabatur,
2536 905 2772 971 pessima
2823 916 3004 959 autem
3058 917 3235 962 mente
3264 919 3318 962 et
3339 924 3465 978 per-

1884 990 1992 1042 lido
2042 990 2271 1044 consilio
2302 1006 2432 1047 suas
2474 1008 2667 1048 manus
2703 996 2755 1047 in
2795 995 2984 1052 fratris
3016 1012 3201 1053 necem
3234 1015 3466 1055 conver-

1887 1082 1969 1135 tit.
2003 1082 2065 1137 Et
2088 1083 2207 1137 vide
2249 1084 2380 1138 mihi
2408 1094 2459 1139 et
2496 1087 2549 1139 in
2593 1087 2696 1141 hoc
2729 1086 3092 1144 Providentia:
3142 1092 3463 1160 sapientiam

1884 1173 2311 1245 investigabilem
2341 1193 2355 1229 :
2385 1176 2454 1231 iis
2494 1176 2638 1231 enim
2674 1180 2876 1246 quibus
2926 1182 3152 1249 putabat
3194 1184 3464 1251 pessimus

1886 1276 1946 1316 se
2009 1264 2276 1318 victurum
2335 1279 2532 1322 manus
2573 1277 2762 1321 contra
2820 1270 3074 1324 meliores
3126 1272 3462 1341 erigentem,

1890 1354 2080 1408 iisdem
2114 1356 2193 1409 illi
2242 1358 2487 1425 prolusio
2522 1361 2901 1431 eatasuopbes
2938 1364 3199 1416 occurrit.
3229 1364 3464 1417 Permit-

1885 1442 1950 1497 tit
1980 1444 2123 1497 enim
2176 1445 2375 1502 divina:
2419 1458 2473 1503 et
2492 1466 2658 1519 supra
2705 1453 3089 1520 cogitationem
3143 1456 3464 1509 meonomia

1890 1531 2031 1584 ratio
2059 1542 2117 1585 ut
2142 1546 2281 1603 opus
2319 1534 2645 1603 injustarum
2682 1548 2737 1592 et
2769 1538 3170 1593 homicidarum
3202 1556 3462 1595 manuum

1882 1616 2017 1671 Abel
2067 1620 2206 1685 fiat;
2259 1629 2314 1675 et
2357 1625 2613 1692 pra-cedit
2663 1626 2963 1694 genitorem
3016 1628 3084 1680 ad
3123 1638 3348 1681 mortem
3406 1629 3465 1681 fi-

1881 1708 2027 1777 lius;
2079 1711 2173 1765 sed
2231 1712 2535 1769 infirmatur
2564 1716 2620 1770 in
2668 1718 2845 1787 primo
2881 1718 2973 1772 illo
3001 1718 3109 1773 ictu
3142 1720 3333 1773 inferni
3365 1736 3465 1789 po-

1880 1801 2072 1855 tentia.
2089 1801 2146 1856 Si
2167 1805 2310 1857 enim
2327 1806 2595 1862 Adamum
2618 1810 2852 1880 primum
2883 1811 3197 1873 invasisset,
3226 1812 3462 1867 solidum

212 1894 431 1964 ίτχυρὸς
455 1893 519 1946 ἀν
551 1893 699 1963 αὐτῷ
722 1896 751 1946 6
770 1893 1017 1963 θεμέλιος
1037 1892 1331 1964 ἐπήγνυτο,
1358 1890 1449 1943 τὸν
1471 1889 1594 1961 θεία
1622 1906 1784 1942 κατα.

1887 1893 1962 1946 illi
2015 1892 2424 1952 fundamentum
2454 1898 2620 1955 fixum
2648 1914 2814 1968 esset,
2835 1919 2959 1959 cum
2993 1905 3138 1958 hunc
3152 1905 3335 1958 divino
3367 1904 3463 1958 de-

204 1985 539 2040 δικασθέντα
565 1987 731 2057 ψήφῳ
759 1985 948 2039 τοῦτον
971 1984 1368 2055 ὑποδεξαμένου
1394 1982 1489 2037 καὶ
1516 1981 1732 2053 πρῶτον
1765 2021 1777 2034 .

220 2086 379 2139 Ἐπεὶ
403 2086 462 2139 δέ
481 2087 575 2139 τὸν
609 2086 847 2139 ἀναίτιον
878 2084 939 2151 ἐξ
958 2084 1221 2155 ἐπηρείας
1244 2082 1600 2145 ὑπεϐάλλετο,
1623 2080 1782 2133 αὐτό-

208 2178 304 2229 θεν
328 2177 492 2230 αὐτοῦ
524 2179 1002 2249 ἀνατετραμμένον
1029 2176 1186 2249 |Cod.
1209 2173 1324 2247 νου]
1348 2174 1409 2227 τὸ
1438 2173 1639 2244 κράτος
1695 2172 1788 2224 εὐ-

211 2271 463 2338 ρίσκεται
499 2270 574 2333 ὡς
604 2270 801 2341 σαθρὸν
840 2270 899 2337 ἐξ
944 2269 1121 2341 ἀρχῆς
1162 2266 1598 2337 ὑποδαλλομινου
1628 2262 1785 2334 om.

207 2362 343 2415 λιον·
368 2362 462 2414 καὶ
492 2363 697 2429 γίνεται
718 2361 1001 2432 προοίμιον
1016 2363 1113 2430 τῆς
1131 2358 1426 2423 παντελοῦς
1446 2356 1791 2419 καταλύσεως

206 2452 305 2507 τοῦ
332 2453 459 2523 ᾇδου
487 2457 517 2507 6
536 2453 629 2507 τοῦ
656 2453 860 2507 δικαίου
892 2453 952 2518 ἐξ
975 2453 1238 2524 ἐπηρείας
1264 2452 1513 2515 θάνατος.

762 2592 1093 2648 ΕΡΩΤΗΣΙΣ
1133 2594 1231 2647 IB'.

1889 1994 2037 2040 creto
2056 1986 2371 2043 damnatum
2409 1994 2739 2063 suscepisset
2762 1997 3100 2065 etprimum;
3135 2011 3258 2049 cum
3283 2006 3462 2050 autem

1889 2078 2161 2135 insontem
2203 2096 2270 2135 eo
2303 2082 2502 2153 injuria
2550 2086 2827 2157 dejiceret,
2876 2087 3001 2142 inde
3025 2088 3147 2158 ejus
3195 2102 3464 2143 concussa

1888 2174 2127 2241 potentia
2153 2177 2423 2245 reperitur
2452 2187 2710 2249 tanquam
2747 2180 2816 2234 ab
2839 2180 2994 2235 initio
3026 2181 3300 2249 putridum
3337 2196 3466 2248 Sttp-

1890 2263 2145 2332 pouentis
2172 2262 2584 2321 fundamentum
2615 2283 2631 2332 ;
2666 2276 2720 2321 et
2744 2267 2804 2321 fit
2830 2268 3159 2338 prooemium
3203 2267 3465 2321 absolutae

1892 2353 2090 2414 inferni
2110 2358 2486 2415 dissolutionis
2497 2360 2631 2430 justi
2663 2375 2810 2415 mors
2839 2376 2907 2416 ex
2961 2360 3183 2431 injuria.

2425 2579 2755 2648 QUA‘ZSTIO
2790 2579 2909 2635 XII.

203 2713 350 2782 Περὶ
377 2711 483 2767 τοῦ
511 2708 599 2764 ὅτι
622 2712 693 2765 οὐ
709 2712 962 2780 μάχεται
1012 2708 1127 2764 κᾶν
1157 2724 1278 2782 τισι
1310 2705 1462 2782 δοκῇ
1498 2706 1586 2768 τὸ,
1619 2723 1640 2782 t_
1670 2706 1774 2782 El;

1884 2698 2003 2755 Non
2065 2698 2691 2782 σαείειίευςοιιιναάςοιίο,
2745 2699 2848 2782 etsi
2908 2700 3225 2781 quibusdam
3292 2702 3466 2755 ridea-

277 2768 458 2852 κρῖμα
477 2783 589 2852 ἐγὼ
612 2768 843 2847 είς-’τόξ’
888 2768 1457 2852 Meritoria-124006,
1680 2768 1775 2852 τὸ,

1952 2768 2405 2852 ιιιινμηιιτηίίίιιά
2431 2784 2508 2852 ξ’(
2539 2768 2606 2821 In
2658 2769 2920 2852 ζειαί-σηιξη
2962 2786 3055 2840 ego
3108 2774 3172 2852 ίιι¹
3213 2785 3463 2825 manuum

284 2799 506 2852 κριμαε
612 2799 698 2847 εις
736 2799 843 2834 tor
888 2799 1120 2849 κοσμον
1160 2799 1452 2843 unauna,
1492 2799 1511 2826 ι
1550 2799 1645 2829 και
1686 2799 1775 2836 τυ,

284 2872 303 2904 ι
346 2858 467 2905 οὐκ
502 2799 692 2923 γῖἴθον
740 2852 841 2904 ἵνα
874 2852 1055 2918 κρίνω
1092 2850 1200 2904 τὸν
1230 2850 1485 2917 κόσμον,
1509 2846 1649 2902 ἀλλ’
1679 2846 1780 2899 ἶνα

1952 2799 2028 2823 uu
2051 2811 2065 2835 ’
2086 2799 2213 2823 "uel
2273 2799 2405 2822 ιιηιυ
2431 2809 2442 2821 ο
2489 2799 2507 2818 I
2539 2799 2606 2821 au
2658 2799 2920 2835 Ιιυειηιηι
2962 2799 3055 2840 (νυ
3108 2799 3160 2822 ιιι
3213 2799 3462 2825 "tuuutnu

1948 2843 2081 2903 veni,
2095 2858 2113 2890 ι
2134 2853 2178 2893 et
2195 2841 2330 2923 illud
2342 2853 2360 2890 :
2383 2858 2401 2890 ι
2424 2837 2475 2891 Ν
2482 2854 2546 2891 on
2565 2843 2745 2909 vendat
2756 2840 2992 2908 judicent
3012 2844 3285 2909 mundum,
3301 2849 3388 2896 sed
3406 2853 3462 2896 ut

278 2924 463 2977 σώσω
482 2909 592 2976 τὸν
608 2923 859 2991 κόσμον.
894 2909 922 2972 ἶ
1345 2909 1363 2917 ⁷
1471 2909 1479 2914 ’

1954 2914 2149 2965 salvam
2170 2909 2444 2966 mundum.
2483 2927 2502 2961 ι

366 3063 507 3113 Edita
525 3076 551 3111 a
583 3059 725 3122 Maio,
749 3061 783 3109 ι.
807 3074 871 3121 c.,
904 3073 953 3122 ρ.
980 3058 1140 3108 12-13.
1164 3058 1237 3107 De
1259 3063 1531 3119 apparente
1561 3047 1953 3104 contradictione
1976 3052 2112 3097 inter
2135 3046 2282 3095 verba
2301 3044 2483 3098 Christi
2501 3046 2643 3097 Joan.
2676 3060 2746 3107 ix,
2778 3048 2840 3098 39
2863 3052 2918 3098 et
2946 3048 3089 3099 Joan.
3114 3062 3203 3110 xu,
3226 3049 3307 3100 47.

282 3173 382 3236 Τὸ,
419 3191 438 3225 t
473 3170 563 3234 Είς
591 3174 768 3240 κρῖμα
827 3167 940 3237 ἐγὼ
970 3170 1049 3231 εἰς
1092 3166 1185 3219 τὸν
1236 3166 1440 3236 κόσμον
1470 3161 1724 3234 ἐλήλυθα’
1761 3180 1779 3213 ι

1956 3153 2129 3209 lllud:
2166 3173 2184 3206 ε
2222 3154 2281 3206 ln
2323 3152 2593 3223 judicium
2636 3167 2739 3224 ego
2767 3154 2821 3208 in
2866 3153 3127 3208 mundum
3161 3153 3307 3215 veni,
3353 3172 3373 3206 ι
3406 3162 3463 3209 et

205 3268 305 3321 καὶ
336 3264 419 3328 τδ,
459 3282 477 3314 ι
515 3265 627 3318 Οὐκ
657 3258 822 3333 ἦλθον
845 3262 931 3314 ἶνα
971 3260 1143 3330 κρίνω
1172 3259 1262 3311 τὸν
1298 3258 1520 3326 κόσμον,
1546 3254 1659 3309 ἀλλ’
1700 3256 1786 3307 ἵνα

1886 3248 2041 3302 illud:
2068 3244 2217 3302 (Non
2249 3248 2366 3302 veni
2393 3247 2705 3317 utjudicem
2732 3248 3017 3311 mundum,
3041 3247 3137 3302 sed
3176 3259 3237 3302 ut
3257 3248 3458 3302 saltem

207 3358 377 3412 σώσω
434 3357 526 3409 τὸν
550 3358 779 3425 κόσμον,
815 3372 834 3407 ι
869 3354 929 3407 οὐ
960 3354 1118 3422 μόνον
1149 3349 1406 3419 οὐδεμίαν
1431 3348 1785 3417 ἐναντιότητα

1891 3340 2176 3406 mundum,
2228 3357 2248 3391 ι
2307 3355 2417 3393 non
2474 3340 2636 3393 modo
2702 3340 2905 3393 nullam
2968 3339 3462 3394 contradictionem

205 3450 351 3519 πρὸς
373 3448 576 3517 ἄλληλα
602 3448 881 3517 φέρουσιν,
925 3445 1063 3496 ἀλλά
1102 3442 1302 3512 μᾶλλον
1337 3441 1431 3494 καὶ
1460 3439 1661 3507 πολλὴν
1687 3442 1785 3506 τὴν

1891 3432 2030 3483 inter
2063 3444 2120 3483 se
2159 3428 2369 3493 ferunt,
2408 3430 2501 3483 sed
2548 3437 2738 3483 contra
2776 3430 3002 3482 multam
3048 3430 3459 3499 congruentiam

205 3541 536 3596 ἀκολουθίαν
576 3542 671 3594 καὶ
716 3539 816 3607 τὴν
871 3535 1189 3606 συμφωνίαν
1240 3532 1595 3587 δεικνύουσιν.
1634 3550 1653 3581 ‹
1693 3530 1785 3592 Εἰς

1889 3532 1944 3575 et
1968 3531 2293 3577 concentum
2332 3520 2649 3576 ostendunt.
2694 3539 2713 3573 ι
2759 3519 2816 3575 In
2857 3522 3125 3591 judicium
3173 3521 3341 3585 enim,
3377 3523 3461 3575 iii-

206 3636 392 3703 κρῐμα
412 3631 546 3701 7&9,
580 3630 766 3700 φησὶν,
798 3628 911 3697 ἐγὼ
934 3630 1010 3688 είς
1031 3628 1122 3679 τὸν
1154 3626 1359 3695 κόσμον
1392 3623 1653 3693 ἐλήλυθα’
1691 3642 1710 3674 ι
1736 3624 1783 3675 οἱ

1889 3614 2029 3681 quit,
2052 3627 2153 3684 ego
2183 3613 2237 3666 iu
2268 3616 2529 3668 mundum
2554 3615 2715 3679 veni;
2746 3634 2762 3665 ι
2802 3614 2893 3682 qui
2925 3614 3128 3667 debent
3149 3615 3293 3667 enim
3318 3616 3463 3683 aspi-

204 3728 323 3795 γάρ
366 3724 669 3791 ὀφείλοντες
712 3722 932 3792 βλέπειν
963 3719 1177 3781 ἑκόντες
1231 3717 1664 3793 τυφλώττουσινο
1695 3716 1788 3768 καὶ

205 3820 327 3871 ὅσοι
348 3816 677 3885 τυφλώττειν
694 3815 1022 3885 ἐνομίζοντο,
1047 3812 1183 3884 πρὸς
1201 3811 1262 3863 τὸ
1279 3814 1392 3880 φὼς
1407 3809 1505 3878 τῆς
1531 3806 1787 3878 ἀληθείας

208 3909 535 3978 ἐδείχθησαν
566 3908 853 3978 βλέποντες
875 3921 889 3935 ο
944 3906 993 3958 οί
1024 3905 1122 3974 μέν
1145 3905 1254 3974 7&9
1279 3903 1379 3973 τὴν
1406 3902 1682 3974 σωτηρίαν
1723 3901 1786 3952 οὐ

208 4002 599 4071 προσήκαντο·
666 3999 717 4051 οἱ
779 3998 832 4051 δέ
898 3996 1317 4067 παραγενομένῃ
1373 3995 1783 4066 προσέδραμονο

206 4098 357 4152 ὥστε
388 4094 491 4148 κάν
544 4096 577 4162 ἡ
636 4093 767 4162 ἐμὴ,
806 4092 993 4161 φησιν,
1032 4088 1244 4151 ἐλευσις
1293 4090 1387 4142 ἐπὶ
1417 4088 1659 4158 σωτηρίᾳ
1692 4084 1784 4139 τοῦ

208 4188 425 4256 κόσμου
457 4185 767 4254 γεγένηται,
800 4182 915 4236 ἀλλ’
945 4179 1038 4237 οῦν
1066 4184 1114 4236 οί
1146 4180 1456 4251 ἐθελοκάκῳ
1485 4183 1625 4253 ῥοπῇ
1650 4179 1787 4250 πρὸς

206 4280 308 4350 τὴν
346 4278 482 4331 ἰδίαν
496 4274 1023 4344 ἀπαυθαδιαζόμενοι
1061 4272 1417 4337 λυσιτέλειαν,
1453 4275 1625 4342 κρῖμα
1658 4274 1785 4325 tau-

206 4371 327 4431 τοῖς
351 4368 450 4436 τὴν
472 4367 611 4436 ἐμὴν
632 4366 937 4437 παρουσίαν
986 4362 1419 4433 κατεπράξαντο.
1442 4363 1506 4415 Τί
1532 4363 1591 4415 οὐ
1624 4361 1784 4434 [ϐοά.

206 4454 332 4529 οὖν]
371 4456 483 4527 πῦρ
517 4457 799 4523 κατάγεις,
839 4454 961 4508 οὐδέ
995 4456 1095 4526 τὴν
1132 4455 1235 4525 γῆν
1265 4454 1448 4517 αὐτοῖς
1477 4454 1784 4516 ἀνασείειςς

204 4551 335 4603 οὐδέ
378 4552 506 4611 τοὺς
547 4548 935 4619 καταρῤἀκτας
977 4546 1072 4600 τοῦ
1124 4544 1358 4616 οὐρανοῦ
1402 4544 1660 4612 ἀνοίγεις,
1693 4544 1787 4598 καὶ

208 4642 454 4714 βυθίζεις
495 4640 675 4694 αὐτῶν
711 4641 813 4708 τὴν
873 4638 1161 4702 ἀπόνοιαν;
1218 4638 1303 4690 ὅτι
1360 4655 1379 4687 ι
1434 4636 1549 4688 Οὐκ
1599 4630 1784 4705 ἦλθον,

208 4734 374 4803 φησι,
403 4734 587 4800 κρῖναι
609 4732 699 4783 τὸν
730 4730 955 4799 κόσμον,
1001 4728 1135 4782 ἀλλά
1168 4728 1360 4792 σῶσαι,
1396 4745 1415 4778 ι
1442 4727 1557 4780 ἀλλ’
1580 4728 1787 4781 ἀνακα-

206 4823 474 4878 λέσασθαι
492 4839 506 4853 ·
540 4822 632 4875 διὰ
653 4820 812 4876 τοῦτο
842 4819 1201 4891 μακροθυμῶ,
1223 4818 1310 4872 διὰ
1340 4818 1498 4871 τοῦτο
1526 4818 1786 4889 ταμιεύο-

1890 3720 2032 3770 cere,
2075 3706 2320 3760 Volentes
2380 3707 2745 3769 obcaecautur,
2777 3716 2829 3759 ct
2868 3707 2961 3775 qui
3000 3705 3263 3759 obcaecati
3302 3715 3459 3774 puta-

1887 3797 2107 3861 bantur,
2152 3797 2334 3851 lumen
2390 3798 2631 3853 verilatis
2677 3800 2961 3852 monstrati
2992 3806 3121 3853 sunt
3164 3799 3457 3851 intuentes.

1885 3890 1992 3943 Alii
2041 3889 2258 3959 quidem
2308 3890 2537 3945 salutem
2592 3905 2700 3946 non
2746 3900 3098 3961 acceperunt,
3147 3890 3239 3944 alii
3279 3899 3457 3943 autem

1886 3982 2136 4036 adductas
2177 3982 2340 4035 Sululi
2377 3992 2766 4049 accurrerunt;
2803 3985 2875 4035 ita
2926 3992 3007 4047 ut,
3037 3983 3139 4035 etsi
3172 3996 3347 4045 meus,
3378 3981 3460 4034 in-

1886 4073 2023 4142 quit,
2057 4074 2323 4127 adventus
2357 4088 2455 4142 pro
2486 4074 2676 4128 mundi
2725 4074 2900 4128 salute
2948 4073 3126 4127 factus
3171 4074 3261 4138 sit,
3306 4074 3399 4127 sed
3420 4072 3458 4127 ii

1886 4167 1979 4235 qui
2012 4155 2177 4235 prava
2213 4166 2507 4221 voluntatis
2534 4167 2889 4221 inclinatione
2937 4167 3005 4220 ad
3057 4168 3331 4236 propriam
3367 4182 3460 4221 ar-

1885 4267 2139 4328 roganter
2153 4271 2211 4311 se
2234 4267 2519 4327 gesserunt
2542 4249 3131 4329 utilitatem,judicium
3154 4261 3256 4314 sibi
3284 4273 3458 4315 meam

1886 4350 2227 4418 praesentiam
2300 4349 2595 4406 effecerint.
2669 4352 2807 4419 Quid
2863 4355 3029 4422 igitur
3114 4354 3291 4422 ignem
3349 4366 3459 4405 non

1886 4441 2153 4508 immittis,
2192 4458 2364 4512 neque
2394 4454 2592 4499 terram
2625 4444 2731 4500 illis
2764 4448 3035 4509 concutis,
3080 4460 3255 4515 neque
3307 4456 3458 4500 cata-

1887 4543 2066 4588 rat-tas
2091 4534 2213 4589 ραιιί
2236 4535 2416 4604 aperis
2437 4546 2491 4589 et
2521 4535 2791 4607 demergis
2819 4537 3034 4590 illorum
3087 4538 3461 4593 dementiam?

1885 4625 2014 4692 quia
2051 4643 2069 4676 ε
2118 4642 2228 4679 non
2262 4627 2407 4691 veni,
2453 4628 2651 4697 inquit,
2689 4629 3007 4697 utjudicem
3044 4631 3330 4692 mundum,
3362 4631 3459 4686 sed

1888 4728 1947 4769 ut
1973 4716 2199 4778 salvem,
2244 4735 2260 4767 ι
2302 4718 2394 4771 sed
2424 4732 2647 4773 sursum
2685 4732 2809 4773 eum
2858 4734 3070 4786 vocem;
3130 4733 3461 4791 quapropter

1885 4810 2146 4887 patientia
2188 4822 2310 4865 utor
2336 4852 2351 4876 ,
2413 4821 2746 4882 quapropter
2775 4813 2967 4868 differo
3003 4815 3308 4884 judicium;
3350 4834 3459 4873 non

212 4936 314 4991 μαι
340 4917 439 4983 τὴν
479 4916 655 4986 κρίσιν
675 4933 688 4946 ·
714 4916 775 4968 οὐ
803 4915 908 4983 γὰρ
938 4913 1171 4983 κρίσεως
1214 4910 1406 4981 καιρὸς
1434 4912 1533 4980 τῆς
1563 4911 1786 4982 πρώτης

1892 4906 2036 4959 enim
2073 4905 2266 4975 judicii
2312 4916 2546 4977 tempus,
2578 4908 2738 4976 primi
2773 4908 3041 4963 adventus
3083 4912 3189 4965 mei
3226 4920 3457 4981 tempus,

212 5029 320 5083 μου
350 5009 651 5081 παρουσίας
697 5011 725 5061 6
756 5008 967 5078 καιρὸς,
1006 5005 1141 5059 ἀλλά
1192 5004 1624 5075 φιλανθρωπίας.
1653 5005 1788 5058 ἀλλά

211 5102 586 5175 συμπαθείας,
639 5100 755 5155 ἀλλ’
820 5097 1141 5169 εὐμενείας,
1192 5095 1355 5149 ’ἀλλά
1411 5096 1785 5166 ἀνακλήσεως.

210 5198 403 5258 Οὕτως
436 5194 499 5248 οὐ
528 5194 689 5265 μόνον
720 5191 977 5263 οὐδεμίαν
1008 5190 1192 5261 μάχην
1216 5188 1466 5260 ἀλλήλοις
1491 5189 1787 5258 ἐπιφέρου-

211 5308 297 5345 σιν
327 5290 380 5342 οί
408 5288 761 5358 προκείμενοι
791 5285 923 5338 θεῖοι
952 5284 1208 5355 χρησμοὶ,
1230 5282 1365 5337 ἀλλά
1400 5283 1493 5337 καὶ
1518 5282 1788 5348 πλεῖστον,

210 5385 287 5445 ὡς
317 5382 477 5451 ὁρᾷς,
511 5378 574 5431 τὸ
631 5378 956 5449 ἐναρμόνιον
1010 5375 1364 5439 διασώζουσιν
1385 5391 1399 5405 ·
1447 5375 1622 5439 ἄλλως
1652 5392 1711 5427 τε
1733 5375 1789 5427 δέ

212 5476 307 5527 καὶ
340 5475 513 5541 κρίμα
540 5472 635 5524 καὶ⁵
672 5471 852 5540 κρίσις
907 5469 1283 5541 συμφέρονται
1324 5469 1424 5539 μὲν
1455 5471 1513 5521 ἐν
1551 5468 1788 5534 πολλοῖς,

212 5565 571 5635 ἀναδέχονται
615 5564 673 5618 δέ
730 5564 824 5617 καὶ
873 5563 1173 5632 διαφοράνσ
1208 5563 1269 5615 τὸ
1309 5562 1409 5632 μὲν
1465 5561 1576 5631 γὰρ
1616 5565 1791 5632 κρῖμα

216 5658 423 5729 μᾶλλον
450 5656 600 5728 δηλοῖ
618 5658 679 5710 τὸ
711 5657 1049 5727 κατάκριμα,
1081 5658 1113 5725 η
1148 5655 1207 5707 δὲ
1250 5654 1428 5725 κρίσις
1466 5657 1543 5718 είς
1577 5655 1675 5725 τὴν
1696 5656 1789 5709 τοῦ

216 5752 589 5820 προσήκοντος
646 5748 902 5802 ἀπονεύει
949 5747 1302 5816 διανέμησιν·
1346 5745 1427 5808 είς
1467 5745 1641 5815 κρῖμα
1698 5744 1791 5798 οὐν

219 5842 480 5913 ἐλήλυθεν
530 5841 559 5893 6
611 5839 804 5912 Σωτὴρ
854 5840 931 5903 εἰς
981 5839 1072 5893 τὸν
1098 5837 1322 5908 κόσμον,
1386 5836 1667 5890 τουτέστιν
1711 5838 1793 5901 είς

1893 5000 1988 5052 sed
2030 4999 2436 5062 misericordias,
2475 4999 2569 5053 sed
2600 5002 3021 5070 compassionis,
3088 5003 3183 5057 sed
3222 5003 3460 5057 benevo-

1894 5089 2092 5151 lentiae,
2122 5089 2216 5144 sed
2266 5090 2615 5146 hortationis.
2648 5092 2847 5162 Sicque
2894 5107 3002 5147 non
3054 5096 3219 5149 modo
3254 5096 3461 5149 nullam

1892 5197 2130 5252 pugnant
2204 5187 2343 5238 inter
2413 5198 2472 5239 se
2539 5182 2719 5239 ferunt
2790 5186 3043 5255 praedicta
3120 5188 3303 5243 divina
3347 5204 3464 5245 ora-

1893 5275 2017 5328 cula
2056 5275 2149 5332 sed
2188 5279 2507 5343 maximum,
2541 5287 2597 5331 ut
2627 5279 2802 5345 vides,
2840 5290 3168 5334 concentum
3217 5290 3459 5335 servant.

1892 5365 2127 5419 Aliunde
2196 5377 2377 5422 autem
2438 5368 2703 5437 judicium
2786 5369 3005 5440 (κρῖμα)
3080 5381 3136 5424 et
3196 5370 3462 5440 judicatio

1893 5462 2122 5532 (κρίσις)
2169 5462 2502 5517 concordant
2543 5463 2761 5530 quidem
2806 5464 2859 5515 in
2912 5464 3122 5529 multis,
3168 5468 3462 5521 admittunt

1890 5565 2072 5611 tamen
2100 5566 2154 5611 et
2176 5555 2558 5611 diﬂ‘erentiam.
2576 5556 2851 5611 Judicium
2876 5558 3022 5611 enim
3039 5560 3210 5631 magis
3227 5563 3460 5616 ostendit

1894 5652 2318 5713 damnationem,
2336 5651 2598 5720 judicatio
2620 5662 2801 5706 autem
2827 5654 2879 5706 in
2905 5653 3073 5709 debiti
3101 5656 3325 5710 inclinat
3347 5659 3459 5710 dis-

1899 5744 2273 5799 tributionem.
2320 5743 2377 5798 ln
2423 5746 2690 5815 judicium
2742 5761 2873 5813 ergo
2922 5749 3067 5802 venit
3102 5747 3354 5804 Salvator
3405 5753 3459 5804 in

1899 5836 2186 5901 mundum,
2228 5836 2281 5893 id
2306 5846 2390 5892 est
2415 5836 2471 5891 in
2509 5838 2915 5895 damnationem
2956 5841 3133 5895 factus
3160 5853 3243 5897 est
3276 5843 3339 5897 iis
3366 5846 3461 5911 qui
