4198 6440
780 425 884 492 123

1935 419 2204 480 PHOTII
2236 420 2744 483 PATRIARCHIE
2780 423 2890 484 CP.

3936 406 4026 472 124

779 548 1075 604 noluerunt
1106 540 1172 598 ad
1201 554 1358 596 suam
1395 537 1684 594 utilitatem
1713 536 1980 607 aspicere,
2018 550 2194 606 neque
2233 536 2350 589 dili-

2483 538 2776 608 ιατάκριμα
2802 537 3025 606 γέγονεν
3069 533 3300 596 ἐκείνοις
3336 532 3452 608 ὅσοι
3483 529 3558 600 μὴ
3586 526 3871 596 διαϐλέψαι
3901 526 4026 597 πρὸς

779 639 1017 711 gentiam
1043 633 1418 690 adhibuerunt
1448 639 1509 685 ut
1526 645 1679 685 suam
1705 628 2132 698 redemptionem
2189 642 2360 696 agno-

781 738 1016 785 scerent.
1053 725 1168 780 lllis
1205 724 1373 794 igitur
1412 721 1748 792 injudicium
1785 719 1962 775 factus
1992 729 2078 774 est
2111 734 2360 772 commu-

779 821 866 875 nis
909 829 1156 873 nostrum
1212 815 1462 870 omnium
1526 811 1832 878 Salvator;
1889 825 1996 864 non
2047 809 2187 878 quod
2247 809 2361 873 ipse

779 927 998 982 pinnam
1055 924 1152 963 eos
1201 908 1498 961 incurrisse
1548 914 1741 960 auctor
1806 904 1898 965 sit,
1950 902 2041 956 sed
2089 900 2233 970 quod
2257 899 2360 969 ipsi

778 1020 932 1059 suam
969 1002 1201 1056 salutem
1240 1000 1293 1053 in
1330 996 1675 1052 mortiferum
1706 996 1812 1049 sibi
1846 992 2362 1049 transformaverint

784 1111 1084 1151 venenum.
1119 1094 1252 1147 Illud
1306 1094 1476 1157 enim,
1528 1101 1584 1145 ut
1640 1091 1891 1154 viderim,
1942 1098 2047 1143 etc.
2112 1103 2220 1142 non
2278 1095 2363 1141 est

781 1203 965 1241 causa
1011 1185 1298 1246 iudicatio,
1326 1183 1420 1237 sed
1473 1197 1664 1237 eorum
1717 1181 2062 1236 annuntiatio
2092 1180 2184 1248 qui
2217 1177 2361 1232 mala

781 1281 1061 1334 voluntate
1083 1287 1137 1330 et
1155 1284 1334 1330 mente
1357 1275 1541 1344 pejora
1562 1274 1880 1328 melioribus
1907 1277 2359 1341 anteposuerunt;

781 1386 840 1426 se
890 1373 1040 1440 ipsos
1087 1368 1232 1421 enim
1279 1367 1558 1434 subjectos
1608 1365 1817 1434 judicio
1851 1364 2131 1419 declarare
2187 1374 2364 1430 neque

779 1475 1132 1515 communem
1175 1459 1513 1513 Salvatorcm
1539 1458 1890 1526 accipientes,
1929 1455 2147 1510 malitia
2173 1467 2361 1507 eorum

779 1564 865 1608 est
892 1552 1168 1615 revelatio,
1204 1551 1338 1604 nihil
1387 1561 1567 1604 autem
1600 1550 1667 1604 ad
1711 1548 1980 1603 dicentem
2013 1547 2252 1617 pertinet
2299 1557 2359 1597 se

781 1647 996 1700 venisse
1029 1659 1136 1699 nou
1178 1642 1463 1714 utjudicet
1492 1640 1776 1708 mundum,
1809 1640 1971 1695 sedut
2022 1639 2215 1693 salvet.

855 1824 1056 1876 Contra
1081 1837 1211 1874 vero
1243 1830 1472 1876 testatur
1497 1819 1754 1876 bonitatis
1773 1819 2000 1888 pelagus
2031 1818 2360 1873 immensum

2461 634 2560 700 τὴν
2606 630 2815 685 ἑαυτῶν
2862 629 3136 699 ἠθέλησαν
3195 623 3562 687 λυσιτέλειαν,
3629 621 3762 692 μηδέ
3823 619 4026 673 σύνεσιν

2467 724 2741 792 παρέσχον
2769 723 3066 789 ἐπιγνῶναι
3093 719 3190 789 τὴν
3221 716 3431 771 ἑαυτῶν
3469 714 3880 785 ἀπολύτρωσιν·
3910 711 4027 764 τού-

2463 830 2576 876 τοις
2604 809 2699 866 οὖν
2735 814 2816 874 εἰς
2845 813 3016 881 κρῖμα
3039 809 3264 877 γέγονεν
3303 809 3331 860 ό
3376 805 3553 868 κοινὸς
3611 803 3768 872 ήμῶν
3809 802 4024 871 Σωτήρ·

2461 909 2563 961 οὐκ
2590 905 2752 968 αὐτὸς
2778 905 2950 967 αίτιος
2973 902 3067 956 τοῦ
3104 902 3258 970 δίκην
3288 899 3520 968 ὀφείλειν
3549 896 3747 958 αὐτοὺς
3775 895 4024 961 γεγονὼς,

2461 1000 2577 1054 ἀλλ’
2614 998 2839 1051 ἐκείνων
2865 996 2928 1048 τὸ
2957 996 3225 1064 σωτήριον
3251 992 3330 1054 εἰς
3356 989 3598 1059 ὀλέθριον
3632 990 3845 1047 ἑαυτοῖς
3877 1003 4030 1056 μετα·

2463 1091 2884 1159 σκευασαμένων
2912 1087 3222 1156 φάρμακον.
3265 1083 3339 1136 To
3377 1083 3509 1151 γάρ,
3537 1081 3624 1134 ῖνα
3659 1081 3709 1132 οἱ
3745 1079 4030 1148 βλέποντες

2462 1183 2556 1234 καὶ
2586 1179 2734 1248 ἑξῆς,
2769 1178 2869 1231 οὐκ
2899 1178 3079 1238 αἰτίας
3134 1175 3280 1228 ἐστὶν
3337 1171 3585 1235 ἔνδειξις,
3635 1169 3944 1236 ἀπαγγελία
3982 1168 4034 1219 δὲ

2461 1273 2570 1325 τῶν
2622 1271 2934 1339 ἐθελοκάκῳ
2973 1266 3169 1339 γνώμῃ
3213 1265 3283 1318 τὰ
3345 1265 3512 1333 χείρω
3545 1262 3654 1314 τῶν
3720 1259 4034 1331 κρειττόνων

2463 1361 2847 1431 ποιησαμένων
2904 1356 3254 1428 ἐπίπροσθεν.
3321 1355 3394 1409 Τὸ
3427 1354 3526 1425 μὲν
3551 1348 3647 1407 οὖν
3678 1353 3892 1422 ἐνόχους
3916 1353 4035 1404 ἐαυ-

2463 1455 2587 1516 τοὺς
2617 1455 2884 1524 κρίματος
2915 1451 3194 1520 ἀποφῆναι
3221 1449 3315 1500 καὶ
3353 1446 3428 1517 μή
3454 1443 3935 1516 παραδεξαμένους
3952 1445 4037 1493 τὸν

2475 1546 2652 1611 κοινὸν
2685 1545 2934 1615 Σωτῆρα,
2963 1543 3066 1613 τῆς
3091 1541 3314 1595 ἐκείνων
3359 1538 3477 1592 ἐστὶ
3507 1535 3807 1608 μοχθηρίας
3832 1533 4037 1588 ἀπόδει-

2467 1637 2583 1703 ξις⁸
2610 1636 2922 1689 ἀντιπίπτει
2966 1633 3022 1686 δὲ
3075 1632 3229 1685 οὐδὲν
3271 1630 3408 1700 πρὸς
3463 1627 3557 1680 τὸν
3605 1626 3829 1680 εἰπόντα
3872 1622 4039 1677 ἐλθεῖν

2465 1730 2565 1783 οὐκ
2592 1730 2687 1782 ἐπὶ
2714 1729 2776 1780 τὸ
2805 1729 2984 1797 κρῖναι
3012 1725 3105 1778 τὸν
3136 1723 3340 1793 κόσμον
3363 1719 3478 1780 ἀλλ’
3510 1722 3590 1783 είς
3622 1718 3684 1771 τὸ
3702 1717 3893 1770 σῶσαι.

2535 1820 2857 1873 Τούναντίον
2888 1814 2981 1874 οὖν
3017 1817 3285 1889 μαρτυρεῖ
3335 1811 3746 1884 φιλανθρωπίας
3801 1808 4040 1876 πέλαγος

787 1932 846 1969 se
889 1915 1087 1970 mullos
1117 1914 1186 1968 ab
1213 1929 1400 1968 errore
1441 1913 1754 1978 retraxisse,
1785 1921 1838 1967 et
1875 1926 1982 1964 non
2026 1920 2284 1981 parentes
2308 1920 2363 1963 et

2483 1910 2714 1983 ἤπειρον,
2748 1911 2829 1964 ὅτι
2859 1926 2920 1962 τε
2951 1908 3180 1970 πολλοὺς
3219 1905 3320 1976 τῆς
3346 1903 3555 1972 πλάνης
3586 1901 3896 1965 ἀνείλκυσε,
3951 1900 4042 1952 καὶ

786 2022 845 2060 se
891 2009 992 2060 sub
1044 2006 1311 2076 judicium
1364 2015 1626 2076 ponentes
1679 2021 1788 2060 non
1853 2005 2114 2068 multare,
2185 2019 2364 2072 neque

785 2100 1003 2169 punire,
1063 2113 1237 2168 neque
1283 2085 1578 2166 damnare,
1639 2099 1733 2154 sed
1777 2113 1904 2167 erga
1954 2113 2050 2152 eos
2104 2098 2198 2166 qui
2255 2113 2362 2151 non

785 2199 978 2261 parent
1003 2191 1297 2261 benignum
1324 2207 1447 2245 esse
1487 2210 1502 2247 :
1539 2211 1556 2242 ι
1581 2189 1774 2244 Totam
1795 2190 1936 2243 diem
1964 2190 2133 2251 enim,
2167 2188 2361 2257 inquit,

791 2284 1012 2338 extendi
1060 2299 1257 2338 manus
1307 2299 1456 2336 meas
1512 2284 1578 2337 ad
1633 2282 1888 2353 populum
1919 2296 2023 2336 nou
2087 2290 2364 2350 parentem

788 2385 842 2427 et
875 2375 1365 2428 contradiceulein.
1397 2394 1415 2426 ι
1459 2372 1744 2427 Damnatio
1785 2373 1950 2442 igitur
1980 2372 2036 2425 lit
2067 2372 2206 2440 apud
2244 2384 2366 2433 nos,

789 2476 1040 2519 versatus
1093 2465 1342 2519 Salvator
1398 2465 1604 2518 malitia
1659 2479 1850 2518 eorum
1886 2464 1979 2532 qui
2029 2462 2206 2532 ipsum
2262 2473 2369 2514 ac-

789 2568 1072 2628 ceperunt,
1111 2574 1218 2611 nun
1262 2557 1476 2627 judicat
1524 2557 1645 2610 illos
1689 2569 1867 2625 neque
1907 2554 2080 2624 punit,
2112 2562 2370 2606 extrema:

791 2648 1140 2716 benignitatis
1167 2649 1361 2717 gratia,
1393 2655 1446 2699 ct
1476 2646 1604 2714 quia
1636 2646 1871 2715 priOrem
1922 2642 2043 2712 ejus
2080 2641 2367 2696 adventum

791 2755 902 2792 non
929 2739 1118 2808 judicii
1154 2747 1390 2807 tempus,
1422 2737 1515 2792 sed
1545 2735 1862 2790 wconomize
1900 2743 1953 2789 et
1977 2732 2371 2804 compassionis

793 2832 1082 2885 ostendere
1117 2831 1166 2883 ci
1211 2840 1295 2882 est
1327 2832 1378 2882 in
1423 2831 1626 2883 animo.
1661 2827 1717 2881 Si
1759 2830 1882 2897 quis
1915 2836 2094 2880 autem
2125 2826 2253 2878 velit
2279 2825 2372 2893 ju-

793 2923 1046 2976 veniliter
1077 2923 1184 2976 vim
1230 2922 1516 2976 intendere
1548 2929 1600 2973 et
1630 2930 1842 2974 mutare
1879 2919 2146 2989 judicium
2177 2919 2229 2971 in
2258 2917 2372 2971 dis-

798 3018 1095 3070 cretioncm
1121 3025 1176 3068 et
1193 3015 1619 3085 separationcm.
1639 3015 1692 3067 in
1718 3013 1890 3067 sacris
1909 3013 2128 3082 quidem
2155 3009 2373 3066 Litteris

797 3124 928 3172 non,
969 3117 1026 3159 ut
1052 3106 1309 3169 arbitror,
1344 3107 1484 3160 lianc
1511 3121 1698 3159 vocem
1748 3104 1800 3157 id
1837 3114 2149 3165 scuantem,
2182 3110 2372 3156 contra

803 3216 960 3252 usum
994 3197 1211 3252 ﬁrmum
1245 3199 1520 3262 inveniet;
1556 3198 1787 3266 reperiet
1819 3194 2049 3250 fortasse
2071 3193 2248 3263 quoad
2277 3193 2375 3246 IIOS

801 3307 996 3348 sensus
1026 3290 1382 3361 cogitationes
1413 3306 1521 3343 non
1553 3290 1685 3343 satis
1706 3291 2016 3358 probantes,
2047 3296 2141 3340 ut:
2179 3283 2383 3339 «Nolite

805 3385 1031 3440 credere
1075 3384 1203 3453 quia
1253 3383 1374 3436 veni
1426 3383 1643 3436 mittere
1691 3395 1876 3450 pacem
1925 3395 2090 3450 super
2135 3389 2380 3443 terram;

804 3493 911 3531 non
964 3475 1089 3529 veni
1141 3490 1330 3545 pacem
1378 3475 1597 3528 mittere
1635 3482 1729 3528 sed
1763 3473 1998 3541 gladium
2029 3490 2044 3538 ;
2081 3472 2204 3524 veni
2237 3471 2382 3525 enim

802 3568 1105 3637 dijudicare
1131 3565 1406 3620 hominem
1433 3574 1619 3620 contra
1646 3573 1854 3633 patrem
1915 3565 2052 3631 ejus,
2090 3570 2145 3615 et
2185 3574 2385 3614 nurum

810 3670 1005 3713 contra
1069 3673 1288 3713 socrum
1346 3673 1530 3722 suam;
1582 3665 1657 3722 et,
1709 3655 1867 3724 cujus
1917 3654 2279 3707 ventilabrum
2330 3652 2383 3704 in

805 3768 971 3806 manu
1003 3751 1144 3821 ejus,
1183 3759 1237 3805 et
1283 3750 1734 3820 purgabitaream
1763 3763 1942 3812 suam,
1965 3759 2015 3800 et
2054 3747 2383 3799 frumentum

806 3846 1028 3916 quidem
1081 3843 1439 3914 congregabit
1495 3844 1548 3897 in
1602 3841 1883 3904 horreum,
1941 3840 2149 3908 paleam
2205 3846 2383 3890 autem

807 3938 1092 3990 comburet
1121 3935 1245 4005 igne
1273 3932 1768 4004 inexstinguibiliu
1795 3931 2108 4000 etquaedam
2128 3918 2386 3996 hujusce-

809 4029 955 4082 modi
988 4027 1114 4081 alia.
1146 4028 1400 4081 Attamen
1450 4039 1628 4095 neque
1676 4025 1747 4078 ita
1778 4037 2058 4078 sacrorum
2094 4022 2382 4075 verborum

809 4135 988 4189 pugna
1018 4118 1094 4173 illi
1118 4119 1212 4188 qui
1244 4119 1324 4172 sic
1367 4133 1486 4172 eam
1519 4118 1760 4182 instruit,
1789 4117 1925 4169 inter
1955 4115 2111 4177 illud,
2141 4114 2382 4181 inquam,

818 4230 837 4262 ι
869 4209 925 4264 ln
955 4211 1224 4280 judicium
1253 4225 1352 4280 ego
1387 4212 1439 4263 in
1468 4211 1612 4263 hunc
1640 4208 1904 4263 mundum
1936 4207 2081 4269 veni,
2108 4224 2126 4257 ι
2156 4214 2209 4258 et
2233 4203 2382 4267 illud,

817 4300 963 4356 «Non
984 4301 1104 4354 veni
1127 4300 1374 4370 judicare
1393 4300 1708 4364 mundum,»
1733 4298 1841 4351 ullo
1859 4297 2020 4352 modo
2039 4295 2381 4351 conllabitur.

813 4395 1063 4447 Salvator
1091 4393 1237 4447 enim
1271 4403 1329 4445 ut
1355 4391 1969 4461 mundumpacil‘icaret
1997 4399 2051 4444 et
2094 4387 2242 4442 Patri
2299 4401 2385 4440 re-

811 4484 1129 4538 conciliaret
1177 4498 1272 4538 eos
1317 4484 1414 4553 qui
1455 4485 1584 4537 olim
1634 4484 1709 4537 illi
1749 4481 1945 4536 infensi
1991 4489 2168 4545 erant,
2205 4478 2380 4541 venit;

812 4582 866 4628 et
908 4574 1126 4642 quidem
1178 4574 1418 4628 medium
1475 4573 1735 4641 parietem
1792 4569 2114 4625 munimenti
2164 4568 2380 4621 solvens
2414 4599 2457 4654 ι)

823 4682 947 4721 cum
980 4668 1046 4719 iis
1076 4681 1198 4735 qua:
1228 4666 1484 4719 deorsum
1515 4675 1642 4718 sunt
1688 4665 1775 4716 illa
1816 4676 1936 4732 quae
1962 4675 2177 4714 sursum
2213 4660 2384 4711 univit

814 4768 869 4813 et
909 4760 962 4811 in
1011 4773 1143 4826 pace
1181 4758 1506 4822 constituit;
1559 4757 1605 4811 si
1646 4770 1772 4809 vero
1816 4756 2036 4824 quidam
2092 4766 2278 4821 pacem
2334 4751 2385 4802 in

817 4850 1164 4905 inimicitiam
1207 4859 1579 4911 mutaverunt,
1610 4857 1660 4901 et
1706 4847 1961 4900 unionem
2001 4845 2056 4897 in
2094 4843 2384 4896 tumultum

817 4944 1086 5004 fecerunt,
1120 4957 1227 4995 non
1279 4942 1332 4994 in
1383 4956 1548 4994 causa
1585 4947 1667 4993 est
1703 4938 1796 5007 qui
1852 4951 2040 5005 pacem
2073 4933 2306 5002 praebuit
2334 4939 2387 4983 et

817 5037 1099 5098 unionem,
1133 5031 1227 5087 sed
1259 5032 1333 5086 illi
1365 5032 1456 5101 qui
1489 5046 1547 5086 se
1577 5032 1724 5100 ipsos
1756 5029 1826 5083 ab
1871 5028 1936 5081 iis
1962 5027 2051 5094 qui
2080 5024 2221 5080 Patri
2247 5038 2380 5078 con-

811 5128 988 5198 juncti
1034 5137 1190 5182 erant
1225 5135 1276 5179 et
1323 5125 1474 5195 pacis
1514 5123 1670 5178 bonis
1721 5121 2061 5182 fruebantur,
2090 5131 2378 5187 separave-

815 5231 963 5273 l'ilnl.

2470 2004 2875 2073 ἀπειθήσαντας
2912 2002 3008 2056 καὶ
3038 2001 3146 2054 ὑπὸ
3167 2000 3346 2069 κρῖμα
3381 1995 3574 2059 θέντας
3600 1993 3828 2054 ἑαυτοὺς
3850 1993 3950 2045 οὐκ
3965 1991 4045 2043 εὑ-

2471 2093 2773 2154 commeat
2803 2093 3044 2157 κολάζει,
3073 2090 3190 2144 ούδέ
3205 2087 3547 2157 κατακρίνει.
3565 2085 3698 2140 ἀλλὰ
3724 2084 3857 2155 πρὸς
3890 2085 4044 2136 άπειο

2473 2186 2694 2250 θοῦντας
2716 2185 3078 2257 χρηστεύεται
3103 2200 3119 2215 ο
3150 2182 3272 2236 ούδέ
3299 2182 3427 2252 ὃλην
3452 2180 3582 2249 γάρ,
3603 2179 3758 2247 φησὶ,
3794 2176 3892 2247 τὴν
3913 2175 4048 2245 ήμέο

2475 2297 2574 2351 ραν
2603 2279 2905 2344 ἐξεπέτασα
2932 2277 3030 2340 τὰς
3055 2274 3249 2347 χεῖράς
3280 2290 3381 2342 μου
3396 2271 3532 2342 πρὸς
3557 2270 3683 2323 λαὸν
3718 2265 4046 2321 ἀπειθοῦντα

2473 2371 2570 2425 καὶ
2607 2371 2976 2439 ἀντιλέγοντα.
3035 2369 3371 2437 Κατάκριμα
3401 2365 3494 2418 οὖν
3533 2363 3743 2432 γίνεται
3806 2375 4048 2430 παραγε-

2473 2463 2643 2534 γονὼς
2676 2466 2704 2516 ό
2728 2463 2918 2530 Σωτὴρ
2961 2460 3048 2514 διά
3106 2458 3409 2530 μοχθηρίας
3445 2453 3556 2507 τῶν
3589 2449 4047 2522 παραδεξαμένων

2476 2558 2638 2612 αὐτόν
2667 2573 2681 2589 ⁶
2712 2557 2774 2611 οὐ
2812 2556 2986 2626 κρίνει
3025 2554 3082 2608 δὲ
3111 2552 3339 2614 τούτους
3390 2548 3515 2602 οὑδέ
3574 2547 3899 2616 τιμωρεῖται
3964 2542 4049 2595 διὰ

2477 2649 2888 2722 φιλανθρωπίαν
2936 2649 3133 2718 ἄκραν,
3169 2644 3262 2699 καὶ
3310 2643 3372 2696 τδ
3434 2642 3532 2709 τὴν
3569 2640 3840 2711 προτέραν
3884 2635 4047 2690 αὑτοῦ

2479 2742 2784 2813 παρουσίαν
2815 2741 2890 2810 μὴ
2941 2739 3174 2808 κρίσεως
3210 2732 3398 2805 καιρὸν
3447 2730 3560 2785 ἀλλ’
3600 2728 3914 2796 οἰκονομίας
3961 2724 4051 2777 καὶ

2479 2811 2819 2902 συμπαθείας
2873 2827 3138 2891 ἐπιδεῖξαι
3202 2822 3473 2893 βούλεται.
3543 2817 3604 2870 Ei
3660 2814 3719 2868 δέ
3745 2830 3829 2875 τις
3881 2811 4051 2864 ἐθέλοι

2478 2924 2872 2991 νεανικώτερον
2900 2915 3279 2978 ἐκϐιάσασθαι,
3311 2913 3406 2966 καὶ
3442 2906 3766 2980 μεταλαϐεῖν
3789 2909 3850 2958 το
3883 2906 4055 2974 κρῖμα

2479 3019 2558 3080 εἰς
2589 3015 2860 3085 διάκρισιν
2889 3011 2984 3065 καὶ
3019 3005 3408 3079 διαχωρισμὸν,
3433 2999 3582 3071 παρὰ
3613 2998 3714 3069 μέν
3740 2998 3853 3059 τοῖς
3892 2996 4052 3064 ίεροῖς

2481 3108 2822 3178 γράμμασιν,
2836 3103 2936 3157 οὐκ
2952 3103 3017 3155 ἂν
3033 3096 3186 3168 οἶμαι
3214 3099 3314 3166 τὴν
3330 3093 3473 3159 λέξιν
3500 3092 3657 3146 τοῦτο
3681 3088 4058 3161 σημαίνουσαν

2483 3196 2628 3250 κατά
2656 3195 2850 3265 χρῆσιν
2875 3193 3212 3248 ἀδιάπτωτον
3243 3187 3392 3259 εὖροι
3413 3200 3426 3212 ·
3459 3181 3745 3254 εὖρήσειδ⁹
3776 3183 3912 3243 ίσως
3943 3178 4058 3232 δια-

2484 3287 2634 3349 νοίας
2670 3285 2779 3338 οὐδ’
2819 3280 3226 3351 άποφαινούσας
3256 3278 3393 3348 πρὸς
3415 3276 3483 3329 τά
3511 3273 3737 3329 τοιαῦτα
3791 3269 4059 3340 σημαινό-

2489 3394 2625 3447 μενα
2653 3393 2666 3406 ·
2698 3370 2807 3429 οἷον
2839 3373 2914 3444 μὴ
2929 3373 3187 3442 νομίσητε
3218 3372 3298 3423 ὅτι
3326 3364 3490 3439 ἦλθον
3519 3364 3703 3437 βαλεῖν
3719 3363 3949 3434 εἰρήνην
3971 3361 4061 3412 ἐπὶ

2484 3471 2584 3542 τὴν
2616 3470 2741 3540 γῆν,
2774 3468 2874 3522 οὐκ
2901 3462 3064 3537 ἦλθον
3096 3464 3278 3534 βαλεῖν
3302 3462 3544 3532 εἰρήνην,
3576 3456 3714 3510 ἀλλὰ
3746 3456 4057 3542 μάχαιραν·

2483 3541 2646 3634 ἦλθον
2677 3561 2786 3634 γὰρ
2807 3559 3029 3614 δικάσαι
3053 3555 3338 3626 ἄνθρωπον
3359 3551 3500 3606 κατά
3529 3548 3624 3602 τοῦ
3648 3546 3855 3618 πατρὸς
3889 3541 4059 3597 αὐτοῦ

2486 3656 2578 3708 καὶ
2609 3652 2883 3723 θυγατέρα
2904 3651 3045 3703 κατά
3072 3649 3168 3716 τῆς
3201 3644 3406 3716 μητρὸς
3440 3641 3633 3710 αὐτῆς,
3689 3637 3786 3691 καὶ
3839 3636 4062 3705 νύμφην

2485 3747 2626 3802 κατά
2655 3747 2754 3816 τῆς
2794 3743 3062 3814 πενθερᾶς
3085 3739 3254 3807 αὐτῆς
3279 3754 3293 3768 °
3321 3736 3434 3800 καὶ,
3489 3726 3550 3787 οὗ
3598 3731 3659 3785 τὸ
3697 3730 3864 3783 πτύον
3905 3731 3965 3781 ἐν
3994 3731 4062 3795 τῇ

2485 3839 2631 3910 χειρὶ
2658 3836 2845 3900 αὑτοῦ,
2888 3835 2983 3889 καὶ
3021 3831 3362 3901 διακαθαριεῖ
3391 3828 3491 3898 τὴν
3521 3826 3706 3880 ἅλωνα
3743 3819 3934 3882 αὐτοῦ,
3968 3823 4063 3872 καὶ

2484 3931 2574 3985 τδν
2606 3932 2703 4002 μὲν
2739 3935 2884 3984 σῖτον
2922 3926 3138 3990 συνάξει
3167 3926 3244 3987 είς
3277 3922 3376 3993 τὴν
3402 3917 3709 3988 ἀποθήκην,
3738 3917 3798 3967 τὸ
3833 3911 3892 3966 δέ
3925 3911 4063 4002 ἄχυ-

2487 4040 2578 4095 ρον
2611 4019 2944 4078 κατακαύσει
3001 4017 3133 4088 πυρὶ
3172 4015 3459 4083 ἀσϐέστῳ*
3511 4009 3604 4062 καί
3655 4024 3777 4061 τινα
3832 4001 4063 4056 τοιαῦτα

2484 4093 2668 4186 ἐτερα.
2726 4114 2876 4181 Πλὴν
2905 4109 3014 4165 οὐδ’
3041 4109 3212 4168 οὕτως
3245 4108 3279 4176 ή
3306 4104 3415 4156 τῶν
3445 4100 3607 4169 ἱερῶν
3640 4099 3904 4170 ῥημάτιον
3958 4093 4064 4163 μάν

2485 4226 2555 4280 χη
2580 4207 2656 4278 τῷ
2702 4205 2908 4275 ταύτην
2935 4196 3415 4266 διασκευαζομένῳ
3457 4194 3602 4261 λέγω
3649 4191 3714 4261 δὴ
3760 4188 3823 4242 τό
3839 4203 3928 4249 τε,
3963 4187 4064 4280 iiii;

2486 4275 2658 4370 κρῖμα
2686 4296 2794 4366 ἐγὼ
2822 4297 2900 4360 εἰς
2921 4295 3010 4347 τὸν
3033 4292 3235 4361 κόσμον
3263 4287 3498 4358 ἐλήλυθα
3526 4301 3544 4316 ο
3573 4283 3668 4336 καὶ
3693 4281 3772 4345 ca,
3807 4281 3928 4333 Οὐκ
3961 4275 4064 4350 ἦλο

2486 4389 2577 4443 θον
2609 4392 2788 4460 κρῖναι
2817 4387 2905 4440 τὸν
2954 4385 3160 4454 κόσμον
3215 4381 3348 4435 άλλά
3385 4377 3579 4438 σῶσαι,
3608 4373 3874 4444 οὕμενουν
3900 4372 4067 4460 οὐδαο

2488 4480 2603 4552 μῶς
2639 4458 3160 4548 συγκροτηθήσεται.
3213 4470 3270 4523 '0
3303 4469 3401 4539 μὶν
3437 4465 3547 4538 γὰρ
3582 4462 3764 4531 σωτὴρ
3806 4458 4066 4552 εἱγρηνεύε

2486 4591 2574 4625 σαι
2627 4571 2720 4624 τὸν
2774 4569 2976 4636 κόσμον
3032 4565 3126 4618 καὶ
3187 4557 3518 4624 καταλλάξαι
3569 4553 3646 4625 τῷ
3703 4551 3879 4621 Πατρὶ
3937 4551 4067 4611 τοὺς

2486 4661 3043 4732 ἐκπεπολεμωμένους
3080 4657 3244 4711 πάλαι
3275 4652 3420 4720 αὐτῷ
3444 4667 3516 4703 πα
3529 4648 3786 4720 ραγέγονε
3805 4660 3820 4674 ·
3853 4645 3963 4697 καὶ
4003 4642 4066 4710 δὴ

2487 4757 2580 4809 καὶ
2615 4757 2676 4808 τὸ
2710 4753 3020 4825 μεσότοιχον
3044 4748 3137 4802 τοῦ
3167 4743 3422 4818 φραγμοῦ
3446 4737 3732 4810 περιελὼν,
3767 4738 3881 4800 τοῖς
3910 4737 4068 4790 κάτω

2486 4847 2553 4900 τά
2590 4846 2702 4901 ἀνω
2728 4843 2931 4914 συνῆψέ
2965 4859 3024 4895 τε
3076 4840 3168 4893 καὶ
3205 4833 3612 4908 εἱρηνοποίησεν
3635 4844 3650 4858 ’
3707 4829 3754 4883 ει
3803 4827 3863 4882 δέ
3917 4842 4068 4887 τινες

2488 4941 2696 5003 ἑαυτοῖς
2730 4937 2830 5008 τὴν
2854 4937 3078 5006 εἰρήνην
3115 4934 3191 4996 εἰς
3227 4929 3424 5000 ἔχθραν
3444 4927 3800 4997 μετέστησαν,
3837 4920 3944 4972 καὶ
3969 4918 4067 4986 τήν

2484 5030 2777 5100 διαλλαγὴν
2811 5030 2889 5091 εἰς
2930 5027 3210 5081 διάστασιν
3237 5018 3662 5088 ἀπειργάσαντο,
3691 5012 3814 5081 οὐχὶ
3838 5011 3944 5065 τοῦ
3971 5011 4068 5081 τὴν

2486 5123 2709 5192 εἰρήνην
2739 5122 3114 5194 παρασχόντος
3137 5117 3256 5172 οὺδέ
3285 5116 3379 5171 τοῦ
3415 5109 3849 5176 καταλλάξάντος
3885 5110 3923 5178 ή
3977 5106 4066 5158 αῖ-

2486 5213 2591 5276 τία,
2612 5214 2747 5268 ἀλλά
2774 5215 2882 5268 τῶν
2897 5214 3311 5270 διασπασάντων
3325 5217 3547 5283 ἑαυτοὺς
3577 5220 3671 5273 καὶ
3680 5211 4068 5282 διακοψάντων

815 5318 923 5370 ἀπὸ
951 5316 1058 5369 τῶν
1091 5313 1540 5383 καταλλαγέντων
1593 5309 1666 5381 τῷ
1701 5311 1896 5380 Πατρὶ,
1927 5310 2016 5362 καὶ
2035 5307 2146 5361 τῶν
2170 5305 2269 5375 τῆς
2300 5305 2524 5378 εἰρήνης
2558 5309 3007 5365 ἀπολελαυκότων
3033 5312 3275 5381 ἀγαθῶν.
