4198 6440
226 435 328 500 ιεεο

781 545 1114 600 ΕΡΩΤΗΣΙΣ
1143 544 1237 597 II".

224 646 290 698 ει
313 644 381 695 τὸ
406 643 478 695 ἐν
510 639 757 695 κολάσει
784 636 1051 702 διηνεκεῖ
1077 633 1230 689 εῖναι
1277 632 1489 697 πολλῷ
1522 631 1791 701 χαλεπώο

287 730 484 780 τερον,
517 711 623 764 τοῦ
654 709 800 780 [οού.
835 706 1071 780 τίη-τὰρ
1092 705 1392 780 ἀλγηδόσι
1412 704 1517 780 ’καὶ
1550 702 1794 780 όδύξ-αις

289 771 770 848 κᾶτατείνεσθαι,
804 780 871 848 τὸ
906 771 1077 847 Tomi.
1105 771 1245 848 tofi]
1274 772 1469 848 μηδὲν
1522 771 1795 848 τοιοῦτον

290 853 555 919 πάσχειν
580 843 1082 919 πολλῷνᾶμείὶνον.
1111 843 1238 909 πῶξ·
1336 843 1481 919 Geor:
1530 843 1673 906 τοὺς
1720 843 1789 919 ἐγ

283 912 616 988 ἁμαρτίαις,
661 918 831 986 φασί,
853 912 1201 988 ⁷μέλτιοντιις
1231 916 1338 988 τὸν
1354 914 1499 988 ,βίον
1525 912 1798 978 κατατρί-

286 986 415 1044 σεηὲ
444 992 773 1058 παρήγαγε,
804 990 872 1042 τὸ
902 987 1105 1056 χεῖρον
1136 987 1175 1053 ἢ
1206 986 1274 1038 τὸ
1343 986 1591 1053 ἀμειγον
1644 996 1785 1050 προ-

283 1062 574 1129 ελόμενος
599 1076 617 1123 ;

1202 432 1300 490 AD
1332 427 1919 489 AMPHILUCHIUM
1954 424 2299 499 QUIESTIO
2329 426 2498 486 XIII.

3364 423 3466 489 126

2402 537 2733 604 ΟυΑΞδΤίΟ
2767 536 2908 591 XIII.

1896 628 1956 683 Si
1991 631 2043 682 in
2078 640 2277 683 interna
2313 646 2466 695 pana
2490 631 2687 682 νει-εανὶ
2729 630 2897 681 inulto
2932 628 3161 680 deterius
3196 638 3272 682 est
3304 644 3464 697 quam

1965 702 2178 752 omnino
2204 705 2309 754 vita
2338 717 2437 753 non
2470 702 2548 751 uti
2580 701 2732 766 (nihil
2764 703 2904 752 enim
2936 700 3050 765 pati
3074 699 3238 751 multo
3275 698 3463 751 melius

1963 780 2037 822 est
2073 787 2228 839 quam
2276 771 2544 822 doloribus
2574 773 2997 835 cruciatibusque
3048 770 3331 835 dicturi),
3368 784 3465 821 cur

1974 840 2107 892 Deus
2139 842 2372 893 homines
2402 842 2525 892 illus
2551 844 2640 908 qui
2670 843 2723 892 in
2743 840 2970 907 pri-catis
3004 839 3166 890 vitam
3217 856 3465 908 coruunt-

1962 914 2105 977 pturi
2130 913 2509 974 erant,creurit
2534 950 2548 971 .
2582 927 2686 963 rem
2703 911 2933 979 pejorem
2962 924 3073 975 pre
3104 909 3319 962 meliore
3361 907 3463 961 cii-

1964 997 2084 1050 gens
2106 982 2132 1034 .’

1348 1164 1491 1214 Edita
1512 1176 1541 1212 a
1563 1160 1687 1211 Maio
1712 1157 1971 1208 Nov.Coll.
2005 1165 2025 1207 t
2071 1158 2152 1216 IX,
2174 1158 2250 1217 Η,
2287 1158 2356 1209 lii.

284 1262 355 1310 α’.
384 1256 506 1307 Ὀτι
531 1254 627 1323 μὲν
665 1247 757 1306 οὖν
786 1251 991 1321 βέλτιον
1025 1245 1097 1320 ἦν
1155 1252 1268 1311 τοῖς
1310 1248 1387 1311 εἰς
1440 1245 1785 1316 χαλεπότητα

220 1350 577 1417 πταισμάτων
606 1345 897 1415 ὲληλακόσι
924 1344 986 1396 τὸ
1021 1344 1144 1413 μηδ’
1165 1342 1300 1405 ὅλως
1323 1340 1597 1410 γενέσθαι,
1624 1337 1785 1399 αὐτὸς

211 1448 240 1496 ὅ
292 1443 488 1510 Σωτὴρ
511 1438 669 1508 ἡμῶν
713 1439 771 1490 ὲν
798 1440 908 1499 τοῖς
941 1434 1291 1503 Εὑαγγελίοις
1318 1430 1553 1494 ὲὸίδαξεν
1581 1428 1748 1481 εἰπών
1768 1442 1781 1456 ·

220 1555 238 1586 ι
278 1532 457 1586 Καλὸν
482 1528 548 1601 ἦν
578 1529 729 1599 αὐτῷ
762 1530 812 1581 ιι
839 1532 938 1581 οὐκ
984 1524 1216 1595 έγενήθη
1245 1526 1274 1577 ὅ
1300 1522 1588 1591 ἄνθρωπος
1638 1520 1785 1570 ἐκεί-

211 1642 302 1686 νος
324 1640 340 1654 ’
378 1641 397 1673 ι
426 1623 540 1675 ἀλλ’
588 1621 759 1691 Ἰούδᾳ
790 1620 891 1686 μὲν
920 1619 1017 1671 καὶ
1060 1620 1170 1679 τοῖς
1197 1614 1319 1668 κατ’
1348 1614 1508 1665 αὑτὸν
1559 1611 1785 1680 ἄμεινον

210 1711 282 1783 ἦν
309 1714 406 1766 τοῦ
432 1711 688 1779 γενέσθαι
714 1712 774 1763 τὸ
798 1710 872 1779 μὴ
917 1706 1170 1776 γενέσθαι
1203 1722 1217 1737 '
1249 1706 1311 1758 οὺ
1338 1705 1443 1773 μὴν
1467 1704 1526 1755 δὲ
1555 1701 1743 1762 ἁπλῶς
1769 1716 1782 1729 ·

210 1806 329 1858 ἀλλ’
364 1804 489 1857 οὐδὲ
522 1803 640 1873 Θεῷ
668 1803 889 1873 ἄμεινον
909 1817 923 1832 ο
948 1802 1080 1853 ὅπου
1111 1814 1172 1866 γε
1199 1799 1261 1851 τὸ
1292 1797 1392 1866 μὲν
1437 1797 1517 1857 εἰς
1546 1794 1790 1847 ἀπόλαυ-

213 1915 300 1948 σιν
326 1898 451 1959 ἄγει
480 1895 572 1948 τοῦ
595 1894 765 1955 ὅντος.
800 1892 892 1945 καὶ
920 1892 1016 1961 τῆς
1049 1890 1199 1951 θείας
1235 1886 1491 1957 προνοίας
1535 1884 1631 1937 καὶ
1698 1882 1793 1951 δη·

214 1986 512 2056 μιουργίας
540 1985 686 2037 ἐστὶν
720 1980 1102 2050 ἑξαγγελτικόν
1127 1997 1140 2008 ·
1172 1978 1232 2031 τὸ
1259 1980 1316 2031 δὲ
1353 1976 1446 2029 τοῦ
1472 1976 1621 2037 ὄντος
1647 1972 1793 2035 ἅπαξ

209 2078 495 2142 διαπεσδν,
538 2075 675 2145 μετά
720 2072 815 2126 τοῦ
874 2072 1043 2143 μηδὲν
1084 2069 1443 2124 ἐκκαλύπτειν
1492 2068 1590 2135 τῆς
1623 2065 1793 2134 ὑπερ-

213 2171 388 2237 φυοῦς
419 2169 609 2237 σοφίας
636 2166 728 2220 τοῦ
755 2166 910 2231 Θεοῦ,
944 2164 1065 2218 οὐδὲ
1089 2163 1197 2217 τῶν
1230 2161 1411 2215 καλῶν
1462 2175 1607 2222 τινος
1661 2173 1792 2227 μετ-

212 2266 362 2331 έχειν
393 2261 615 2313 δύναται
642 2277 654 2290 ·
687 2257 883 2312 οὐκοῦν
914 2256 1035 2309 ἐπεὶ
1066 2254 1385 2323 τὸγενέσθαι
1418 2252 1513 2304 τοῦ
1545 2250 1619 2321 μὴ
1644 2248 1792 2317 γενέ-

213 2353 344 2405 σθαι
378 2354 632 2421 κρεῖσσον
656 2349 821 2402 καὶτὸ
849 2345 987 2400 εἶναι
1016 2347 1109 2399 τοῦ
1136 2347 1211 2416 μὴ
1240 2339 1398 2408 εἶναι,
1428 2343 1534 2395 ἔδει
1561 2343 1622 2393 τὸ
1650 2341 1792 2392 θεῖον

210 2448 297 2507 είς
345 2442 706 2513 δημιουργίαν
750 2440 939 2493 ἀπιδὸν
974 2438 1048 2508 μὴ
1111 2436 1206 2490 τοῦ
1246 2435 1487 2504 χείρονος
1540 2430 1792 2499 γενέσθαι

209 2539 277 2591 τὸ
314 2538 371 2590 δὲ
406 2540 653 2606 κρεῖττον
684 2530 1123 2603 ἀπεργάζεσθαι’
1168 2528 1343 2591 οὓτως
1394 2523 1487 2579 οὖν
1540 2522 1793 2593 οὐδαμῶς

209 2636 333 2684 ἐστι
360 2630 481 2699 Θεῷ
507 2628 738 2699 πρέπον,
776 2627 895 2679 ἀντὶ
926 2625 1022 2692 τῆς
1063 2624 1141 2685 είς
1174 2621 1237 2674 τὸ
1270 2616 1410 2674 εἶναι
1461 2615 1793 2688 προαγωγῆς

209 2723 324 2777 τῶν
352 2722 651 2791 ἐσομένων,
681 2721 713 2788 ἡ
746 2720 826 2781 είς
851 2716 912 2769 τὸ
948 2715 1024 2785 μὴ
1061 2714 1119 2766 ὃν
1150 2710 1531 2781 ἐγκατάλειψις
1566 2723 1579 2737 ·
1615 2710 1665 2759 εί
1702 2705 1794 2759 καὶ

208 2816 294 2885 τῷ
324 2815 565 2884 προδότῃ
601 2815 660 2864 ἐν
688 2811 839 2879 νόμῳ
868 2807 1303 2876 ταλανιζομένων
1354 2805 1387 2873 ή
1416 2800 1793 2869 φιλάνθρωπος

209 2911 321 2976 ἔφη
361 2909 541 2972 σοφία,
575 2904 737 2957 καλὸν
774 2899 842 2971 ἦν
879 2899 1027 2969 αὐτῷ
1076 2900 1125 2950 εί
1172 2896 1249 2967 μὴ
1280 2895 1572 2963 ἐγεγένητο
1605 2908 1618 2921 ·
1671 2892 1793 2943 ἐπεὶ

211 3002 312 3053 καὶ
364 2998 538 3059 ἄλλως
591 2997 717 3056 τοὺς
765 2992 1178 3062 ἁμαρτάνοντας
1222 2990 1334 3049 τοῖς
1386 2985 1793 3055 ἀναμαρτήτοις

208 3095 271 3144 ἐν
303 3092 408 3159 ι’σῳ
434 3087 712 3156 τετάχθαι,
755 3084 1105 3155 χαριέστατον
1142 3079 1238 3149 μὲν
1268 3078 1333 3131 ἂν
1378 3077 1461 3145 εἴη
1488 3092 1500 3104 ·
1564 3074 1699 3127 Θεοῦ
1733 3073 1790 3125 δὲ

210 3182 401 3250 κρίσει
428 3179 490 3230 οὑ
516 3180 616 3247 μὲν
664 3172 757 3229 οὖν
778 3174 1029 3243 οὐδαμῶς
1072 3170 1296 3224 ἀνεκτὸν
1336 3167 1456 3220 οὐδὲ
1487 3164 1634 3230 ἀξιον
1654 3182 1666 3195 °
1699 3163 1792 3216 καὶ

210 3274 274 3325 τὸ
306 3270 387 3341 μὴ
414 3268 595 3323 δοῦναι
628 3268 785 3336 δίκην
819 3264 1154 3333 ὀφείλοντας,
1187 3261 1439 3331 δεύτερον
1472 3259 1570 3328 μὲν
1609 3256 1791 3318 αὐτοῖς

209 3363 426 3431 ἀγαθόν
458 3378 472 3389 ’
503 3360 616 3413 ἀλλ’
652 3359 949 3412 οὐδὲτοῦτο
977 3356 1073 3425 τῆς
1096 3352 1487 3421 δικαιοκρισίας
1509 3350 1675 3417 ἐγγὺς
1695 3346 1788 3399 τοῦ

210 3454 357 3507 Θεοῦ
384 3471 397 3483 ³
423 3455 517 3507 καὶ
549 3451 718 3521 μυρία
751 3449 907 3502 ἄλλα.

289 3547 360 3616 β’.
402 3544 561 3599 Κατά
586 3545 676 3595 τὸν
698 3542 861 3595 αὑτὸν
914 3540 971 3592 δὲ
1015 3539 1212 3610 τρόπον
1258 3536 1475 3589 καὶτὸν
1518 3532 1789 3602 ἀμετάθε-

212 3657 309 3692 τον
338 3637 531 3707 είρμὸν
558 3634 654 3688 τοῦ
686 3634 864 3701 λόγου,
897 3632 990 3685 καὶ
1013 3630 1168 3701 ήτῶν
1192 3628 1462 3696 ἐσομένων
1493 3624 1789 3693 προαγωγὴ

213 3731 410 3793 αὐτοῖς
437 3745 500 3781 τε
534 3726 739 3796 βέλτιον
792 3724 887 3778 καὶ
927 3722 1047 3792 Θεῷ
1106 3719 1577 3792 πρεπωδέστατον,
1604 3717 1653 3767 εί
1700 3714 1791 3768 καί

212 3838 367 3883 τινες
406 3819 517 3871 τῶν
552 3816 930 3886 προαχθέντων
987 3812 1164 3883 χρόνῳ
1199 3810 1425 3879 ὕστερον
1483 3808 1792 3877 αὐθαιρέτῳ

213 3910 418 3981 γνώμῃ
446 3908 555 3961 τῶν
590 3906 912 3976 κρειττόνων
954 3904 1021 3956 τά
1053 3904 1273 3972 χείρονα
1326 3898 1643 3969 ἠλλάξαντο,
1698 3898 1791 3950 καὶ

213 4005 316 4069 τὴν
344 3999 666 4068 θαυμαστὴν
697 3996 792 4049 καὶ
831 3996 1100 4064 σωτήριον
1138 3991 1503 4062 δημιουργίαν
1534 3990 1629 4043 τοῦ
1657 3990 1791 4043 Θεοῦ

218 4091 502 4161 σφαλεράν
527 4090 713 4151 αὐτοῖς
781 4087 1204 4155 κατεστήσαντο,
1254 4084 1316 4135 τὸ
1377 4084 1597 4153 ἄριστον
1656 4099 1793 4152 προ-

220 4186 453 4251 αγαγεῖν
478 4182 951 4250 φιλονεικήσαντες
973 4180 1053 4241 εἰς
1082 4178 1143 4232 τὸ
1177 4178 1447 4248 χείριστον
1471 4193 1483 4207 ·
1533 4177 1613 4229 ἔτι
1660 4178 1716 4229 δὲ
1745 4180 1793 4230 εἰ

214 4277 276 4327 τὸ
309 4275 409 4343 μὲν
443 4273 583 4325 θεῖον
612 4272 696 4324 ἀεί
724 4272 784 4323 τέ
820 4273 937 4322 ἐστι
958 4270 1052 4322 καὶ
1080 4270 1138 4322 ὲν
1166 4268 1456 4339 ἀτρέπτοις
1490 4265 1583 4321 καὶ
1632 4266 1794 4320 ἀναλ-

1962 1243 2014 1296 1.
2051 1241 2201 1308 Quos
2222 1259 2353 1297 sane
2376 1246 2569 1300 melius
2594 1243 2788 1300 fuisset
2810 1260 3152 1315 nequaquam
3169 1260 3264 1299 eos
3292 1244 3465 1309 nasci,

1890 1337 1984 1404 qui
2015 1338 2247 1391 suunnis
2274 1338 2574 1393 sceleribus
2605 1347 2779 1393 semet
2802 1338 3122 1394 obstricturi
3150 1346 3331 1403 erant,
3352 1338 3469 1406 ipse

1894 1427 2153 1482 Servatur
2182 1440 2368 1484 noster
2404 1431 2457 1483 in
2489 1429 2778 1501 Evangelia
2817 1432 3002 1486 docuit
3028 1431 3219 1486 dicens
3250 1448 3264 1485 :
3304 1449 3325 1483 ι
3360 1431 3467 1485 Βο-

1891 1536 2021 1575 num
2055 1530 2174 1575 erat
2203 1522 2253 1576 ei
2304 1523 2350 1576 si
2386 1535 2548 1577 natus
2585 1540 2694 1578 non
2747 1523 2943 1579 fuisset
2985 1524 3153 1578 homo
3203 1524 3294 1577 ille
3332 1523 3401 1577 ".
3440 1541 3461 1573 ι

1894 1610 2142 1665 Profecto
2185 1610 2337 1666 Iudae
2377 1628 2440 1667 ac
2482 1614 2756 1669 similibus
2804 1616 2926 1683 ejus
2958 1614 3155 1668 melius
3183 1622 3305 1668 erat
3354 1630 3465 1668 non

1891 1702 2042 1756 nasci
2077 1720 2091 1755 :
2124 1718 2212 1757 res
2233 1712 2411 1756 tamen
2441 1705 2740 1770 generatim
2764 1718 2873 1757 non
2904 1704 2979 1757 ita
3006 1718 3067 1757 se
3090 1704 3255 1758 habet
3285 1721 3298 1755 :
3336 1717 3464 1757 nam

1894 1791 2004 1846 Deo
2055 1802 2203 1847 certe
2246 1793 2297 1846 id
2340 1794 2535 1848 melius
2578 1809 2685 1848 non
2712 1804 2796 1849 est
2831 1812 2843 1847 :
2887 1794 3157 1865 siquidem
3189 1796 3364 1860 nasci,
3395 1795 3462 1846 ad

1891 1883 2224 1937 exsistentie
2256 1885 2660 1953 possessionem
2693 1885 2961 1956 perducit,
2986 1886 3295 1955 divinaeque
3336 1901 3465 1955 pro-

1892 1974 2145 2030 videntia:
2168 1985 2221 2029 et
2251 1976 2546 2031 creationis
2588 1978 2899 2046 praedicatio
2926 1984 3033 2032 est.
3097 1975 3252 2042 Quod
3282 1987 3465 2031 autem

1892 2065 2211 2119 exsistentia
2243 2077 2413 2132 caret,
2450 2079 2645 2137 praeter
2672 2084 2836 2137 quam
2878 2068 3026 2138 quod
3056 2083 3328 2123 summam
3371 2067 3467 2122 Dei

1893 2160 2213 2228 sapientiam
2249 2162 2402 2215 nullo
2430 2162 2593 2216 modo
2624 2162 2909 2231 praedicat,
2955 2176 3023 2216 ne
3062 2161 3207 2215 bona
3246 2162 3464 2231 quidem

1893 2250 2005 2303 ulla
2055 2252 2316 2321 consequi
2370 2260 2573 2322 potest.
2599 2252 2771 2323 Igitur
2792 2254 2921 2322 quia
2952 2252 3104 2307 nasci
3144 2253 3340 2306 melius
3384 2262 3469 2306 est

1893 2357 2059 2411 quam
2104 2358 2213 2396 non
2245 2344 2417 2410 nasci,
2448 2355 2503 2399 et
2528 2359 2653 2399 esse
2702 2346 2899 2400 melius
2947 2360 3114 2415 quam
3171 2359 3282 2398 non
3318 2360 3463 2403 esse.

1893 2434 2138 2502 oportuit
2166 2432 2335 2489 Deum
2364 2434 2432 2489 de
2468 2435 2744 2490 creatione
2767 2437 3098 2505 cogitantem
3121 2435 3348 2489 meliora
3372 2451 3469 2504 po-

1894 2530 2004 2581 tius
2032 2537 2195 2596 qualn
2221 2529 2493 2583 deteriora
2517 2544 2697 2597 agere.
2739 2526 2835 2583 Sic
2862 2543 2995 2596 ergo
3026 2526 3196 2581 Deum
3234 2543 3341 2582 non
3371 2530 3467 2583 de-

1894 2618 2030 2680 cuit,
2073 2619 2543 2677 omissorcreandi
2593 2620 2849 2685 consilio,
2894 2635 3009 2673 rem
3063 2619 3205 2673 hanc
3234 2630 3288 2674 et
3316 2620 3466 2673 illam

1895 2707 2191 2760 increatam
2241 2708 2590 2778 relinquere:
2625 2710 2876 2779 quamvis
2907 2708 2976 2763 de
3025 2709 3307 2779 proditore
3353 2709 3468 2764 cle-

1895 2812 2049 2850 mens
2077 2798 2346 2867 sapientia
2377 2788 2757 2855 miserantium
2795 2801 2903 2855 ritu
2927 2800 3148 2865 dixerit,
3178 2801 3375 2856 melius
3415 2802 3466 2855 ei

1894 2886 2067 2942 fuisse
2101 2889 2147 2942 si
2194 2899 2354 2943 natus
2401 2906 2505 2943 non
2538 2900 2707 2945 esset.
2757 2889 2893 2945 Nam
2932 2900 2989 2945 et
3012 2891 3216 2959 alioqui
3266 2892 3467 2960 jucun-

1823 3018 1865 3075 ϐ
1898 2977 2184 3032 dissimum
2225 2981 2611 3048 peccatoribus
2648 2980 2809 3046 foret,
2857 2983 2904 3036 si
2933 2982 3049 3050 pari
3084 2983 3206 3037 loco
3236 2998 3359 3036 cum
3390 2998 3469 3038 m-

1899 3071 2223 3125 nocentibus
2268 3072 2599 3126 haberentur
2632 3091 2646 3126 :
2675 3074 2823 3143 quod
2877 3085 3059 3128 tamen
3105 3073 3199 3129 Dei
3244 3076 3470 3144 justitite

1902 3174 2079 3230 neque
2124 3161 2409 3219 tolerabile
2452 3178 2629 3234 neque
2657 3164 2920 3219 decorum
2968 3175 3075 3221 est.
3099 3163 3237 3220 Tum
3278 3182 3469 3236 ρωπος

1898 3272 2007 3311 non
2038 3257 2171 3312 dare
2198 3273 2344 3323 reos,
2382 3276 2601 3314 rursum
2644 3260 2732 3315 bis
2773 3262 2978 3316 bonum
3010 3272 3196 3327 esset;
3229 3271 3468 3315 attamen

1898 3349 1949 3403 id
1996 3366 2027 3403 a
2049 3351 2199 3418 juSto
2248 3350 2342 3406 Dei
2388 3352 2617 3407 consilio
2639 3354 2829 3423 procul
2861 3356 3037 3408 abest.
3071 3353 3336 3408 Sexcenta
3366 3354 3470 3409 bu-

1891 3440 2130 3508 jusmodi
2162 3441 2267 3495 dici
2300 3454 2526 3511 queunt.

1968 3533 2021 3588 2.
2065 3531 2177 3589 Hoc
2211 3535 2404 3589 eodem
2437 3551 2570 3591 sane
2599 3538 2761 3593 modo
2790 3538 3057 3609 ﬁrmaque
3085 3540 3359 3594 ratiocinii
3383 3556 3471 3595 se-

1899 3625 2080 3693 quela.
2113 3624 2422 3679 futurorum
2463 3627 2745 3683 hominum
2788 3631 2993 3685 creatio
3029 3638 3083 3685 et
3114 3632 3247 3700 ipsis
3279 3630 3470 3684 melior

1899 3726 1980 3769 est
2013 3727 2067 3771 et
2096 3714 2207 3771 Deo
2244 3718 2763 3774 convenientissima
2798 3737 2810 3772 :
2848 3736 3167 3791 quanquam
3221 3721 3469 3775 nonnulli

1899 3810 2112 3864 labente
2144 3818 2410 3881 tempore,
2442 3813 2758 3869 voluntario
2783 3816 2953 3869 animi
2985 3816 3219 3871 consilio
3246 3816 3469 3872 meliora

1898 3899 2259 3956 deterioribus
2286 3905 2675 3959 commutaturi
2702 3905 2848 3967 sint;
2880 3908 3188 3977 mirumque
3220 3922 3283 3961 ac
3323 3909 3471 3961 salu-

1903 4000 2016 4045 tare
2060 3990 2155 4045 Dei
2186 4007 2345 4063 opus,
2373 3995 2748 4063 perniciosum
2780 3998 2887 4052 sibi
2913 3998 3190 4064 eil‘ecturi;
3240 4014 3471 4067 remque

1901 4083 2163 4155 Optimam
2211 4086 2457 4141 studiose
2482 4090 2823 4154 ,conversuri
2870 4089 2927 4143 in
2958 4092 3275 4159 pessimam.
3331 4090 3471 4144 Prae-

1904 4184 2047 4229 terea
2075 4175 2123 4228 si
2162 4175 2305 4231 Deus
2328 4186 2567 4233 aeternus
2592 4192 2675 4233 εει
2701 4181 3244 4254 atqueimmutabilis
3276 4182 3469 4235 tinnis.

1901 4283 2008 4339 que
2042 4267 2240 4322 ﬁnibus
2265 4278 2473 4323 natura:
2510 4286 2623 4325 sua:
2665 4271 2848 4337 nixus,
2875 4288 3038 4328 omne
3084 4284 3265 4328 autem
3320 4274 3468 4344 quod

215 4366 469 4427 λοιῶτοις
498 4366 643 4433 ὅροις
672 4363 768 4431 τῆς
796 4361 930 4424 ιδίας
962 4362 1174 4430 ἵδρυται
1200 4361 1436 4428 φύσεως,
1488 4360 1595 4410 πᾶν
1637 4358 1695 4410 δὲ
1736 4358 1793 4410 τὸ

1900 4360 2182 4413 nativitate
2236 4362 2500 4429 procedit,
2556 4364 2857 4419 innumeris
2914 4368 3308 4421 mutationibus
3367 4369 3469 4422 ob-

212 4460 306 4512 διὰ
336 4459 606 4527 γενέσεως
636 4453 894 4524 προελθὸν
909 4453 1228 4522 μεταϐολαῖς
1255 4451 1477 4521 μυρίαις
1509 4451 1792 4519 ὑπηρετεί-

215 4571 309 4605 ται
342 4552 440 4605 καὶ
468 4549 838 4609 ἀλλοιώσεσιν,
868 4548 898 4597 ὁ
924 4548 1049 4609 τοὺς
1112 4546 1402 4615 μέλλοντας
1462 4544 1797 4613 ἁμαρτήσειν

216 4643 416 4709 ἀξιῶν,
450 4641 526 4709 μὴ
559 4639 667 4691 δεῖν
705 4640 1039 4708 προαγαγεῖν
1078 4636 1167 4688 τὸν
1194 4635 1347 4700 Θεζν,
1405 4635 1437 4707 ἢ
1501 4633 1607 4687 οὐδ’
1660 4634 1797 4693 ὅλως

213 4738 321 4803 τὴν
362 4733 712 4801 ἀνθρωπίνην
745 4731 906 4798 φύσιν
934 4728 1234 4799 νομοθετεῖ,
1271 4726 1302 4796 ἢ
1332 4726 1597 4796 ἄτρεπτον
1630 4725 1797 4793 αὐτὴν

215 4824 569 4895 προαχθῆναι
604 4822 699 4873 καὶ
728 4822 1085 4874 ἀναλλοίωτον
1108 4834 1121 4850 ⁶
1141 4818 1200 4871 τὸ
1224 4818 1279 4871 δέ
1312 4820 1479 4880 ἐστιν,
1510 4816 1542 4886 ἦ
1577 4816 1797 4884 σύμπαν

212 4919 283 4969 τὸ
320 4916 668 4984 ἀνθρώπινον
702 4916 859 4981 γένος
885 4914 984 4980 τῆς
1012 4909 1376 4981 δημιουργίας
1420 4907 1715 4977 διατεμεῖν,
1762 4906 1794 4975 ἢ

209 5011 477 5062 ἀπαιτεῖν
509 5005 640 5058 Θεοῦ
668 5005 827 5072 φύσιν
860 5004 1050 5073 ἔχοντα
1078 5004 1165 5054 τὸν
1181 5000 1462 5072 ἄνθρωπον
1494 4999 1792 5070 προελθεῖν·

211 5098 299 5153 ὧν
340 5100 626 5165 ἑκάτερον,
668 5098 744 5159 εἰς
770 5098 892 5148 ὅσον
938 5095 1192 5156 ἀπονοίας
1223 5093 1317 5145 καὶ
1360 5091 1651 5153 δυσσεϐοῦς
1677 5092 1797 5162 ἥκει

210 5192 479 5261 γνώμης,
507 5189 736 5241 αὐτόθεν
767 5188 912 5239 ἔστιν
949 5188 1074 5240 ἰδεῖν
1096 5186 1192 5256 τὴν
1253 5184 1457 5253 στήλην
1502 5184 1797 5253 ἱσταμένην

208 5285 615 5351 ἁνεξάλειπτον
646 5297 658 5309 ·
692 5280 864 5341 ἄλλως
898 5297 954 5332 τε
972 5280 1028 5331 δὲ
1052 5279 1111 5329 τὸ
1136 5276 1233 5348 μὲν
1259 5276 1378 5347 μηδ’
1414 5277 1547 5338 ὅλως
1570 5292 1799 5343 γεγενη-

211 5376 389 5445 μένον
424 5372 564 5441 μήτε
601 5368 681 5431 ὃν,
713 5368 811 5421 οὐκ
843 5366 907 5419 ἂν
934 5366 1150 5419 δύναται
1202 5360 1339 5417 εἶναι
1390 5364 1590 5432 ἀγαθόν
1620 5379 1634 5393 ·
1688 5365 1715 5415 ὁ
1744 5363 1799 5415 δὲ

204 5471 281 5520 ὲν
317 5462 618 5533 ἁμαρτίαις
648 5457 1114 5527 ἀναστρεφόμενος
1144 5455 1362 5509 δύναται
1401 5454 1650 5522 γενέσθαι
1663 5455 1799 5520 ἁγα-

204 5558 318 5619 Οὸς
344 5573 356 5585 ’
388 5557 447 5607 τὸ
476 5555 531 5608 δὲ
567 5550 768 5620 ἀγαθὸν
814 5547 908 5602 τοῦ
936 5546 1155 5613 ἔκδηλον
1206 5547 1363 5618 φέρει
1420 5546 1794 5617 μακαριζόμε-

209 5667 321 5705 νον
354 5649 416 5701 τὸ
462 5646 738 5715 διάφορον.

296 5749 345 5809 γ’
377 5741 559 5808 Χωρ“ις
587 5738 641 5790 δὲ
673 5739 779 5789 τῶν
810 5736 1112 5807 εἰρημένων
1139 5735 1167 5787 ὁ
1204 5734 1379 5803 λέγων
1406 5731 1539 5785 διότι
1566 5730 1785 5802 ἔμελλόν

292 5855 341 5885 ⁸⁸
379 5853 566 5906 Matth.
593 5868 738 5917 τινι,
768 5852 854 5904 Si.

1899 4450 2123 4503 noxium
2156 4460 2239 4505 est
2273 4466 2336 4506 ac
2369 4453 2754 4509 varietatibus:
2796 4456 2842 4510 si
2883 4457 3008 4525 quis
3038 4469 3223 4513 censet
3247 4473 3343 4513 eos
3370 4460 3467 4530 qui

1898 4546 2172 4611 peccaturi
2204 4557 2355 4609 sunt,
2393 4562 2502 4601 non
2532 4546 2703 4603 fuisse
2737 4566 2767 4603 a
2794 4550 2902 4605 Deo
2930 4554 3227 4617 creandos;
3260 4554 3348 4609 hic
3374 4566 3468 4609 aut

1899 4638 2075 4689 nullas
2112 4639 2361 4692 humana:
2400 4647 2610 4695 natura:
2652 4642 2797 4711 leges
2828 4644 3107 4711 ponendas
3140 4643 3315 4700 fuisse
3345 4662 3466 4701 cre-

1897 4726 2007 4789 dit;
2038 4738 2129 4779 aut
2161 4742 2279 4780 eam
2312 4730 2711 4784 immutabilem
2740 4734 3033 4786 creandam
3063 4742 3118 4787 et
3142 4734 3261 4788 sine
3289 4736 3467 4789 varie-

1898 4822 2046 4867 tate:
2092 4815 2196 4871 hoc
2240 4826 2321 4872 est
2371 4819 2454 4872 vel
2485 4820 2802 4875 universum
2858 4824 3160 4878 humanum
3216 4839 3387 4893 genus
3435 4840 3466 4879 a

1897 4907 2171 4963 creatione
2224 4922 2483 4975 removet,
2534 4924 2628 4967 aut
2675 4916 2948 4971 hominem
2996 4933 3120 4972 cum
3153 4917 3245 4971 Dei
3271 4928 3466 4973 natura

1897 4999 2013 5053 ﬁeri
2045 5004 2324 5070 postulat:
2360 5020 2479 5072 qua:
2523 5021 2610 5059 res
2644 5017 2871 5073 utraque
2911 5008 3037 5077 quia
3086 5009 3141 5062 in
3191 5024 3464 5063 summam

1900 5093 2165 5147 insaniam
2216 5095 2653 5167 impietatemque
2694 5099 2914 5163 decidit,
2968 5100 3092 5153 inde
3134 5115 3463 5170 cognoscere

1898 5184 2024 5238 licet
2064 5184 2193 5253 legis
2242 5188 2477 5241 tabulam
2526 5201 2771 5258 perstare
2818 5192 3185 5245 indelebilem.
3235 5192 3464 5261 Insuper

1898 5278 2043 5345 quod
2091 5278 2314 5334 omnino
2363 5297 2535 5349 neque
2570 5281 2775 5336 factum
2806 5295 2889 5337 est
2938 5299 3113 5353 neque
3146 5285 3461 5348 exsistit,’id

1900 5369 2101 5423 bonum
2126 5386 2246 5425 esse
2265 5374 2451 5442 nequit
2476 5390 2488 5427 :
2509 5376 2598 5441 qui
2631 5384 2811 5427 autem
2846 5376 2897 5426 in
2925 5375 3160 5444 peccatis
3190 5384 3463 5442 versatur,

1901 5464 1946 5515 is
1974 5462 2148 5517 bonus
2180 5463 2293 5517 ﬁeri
2324 5476 2520 5533 potest.
2554 5466 2764 5520 Bonum
2799 5476 2979 5522 autem
3005 5468 3073 5521 ab
3094 5482 3161 5521 eo
3191 5468 3337 5537 quod
3369 5469 3465 5521 bu-

1902 5572 2030 5609 num
2064 5572 2170 5611 non
2202 5569 2305 5623 est,
2340 5558 2569 5613 feliciter
2607 5560 2724 5615 sine
2754 5562 2921 5615 dubio
2951 5560 3149 5615 diﬂ‘ert.

1974 5732 2026 5788 5.
2078 5736 2266 5791 \‘erum
2296 5746 2346 5792 ct
2380 5735 2461 5790 his
2488 5737 2741 5803 omissis;
2785 5740 2872 5809 qui
2906 5741 2998 5805 ait,
3027 5750 3305 5809 propterea
3328 5740 3469 5811 quod
