4198 6440
759 413 858 479 127

1913 404 2182 488 ΡΗΟΤΠ
2208 429 2712 490 ΡΛΤΒΙΑΒΟΙΙᾸΞ
2749 433 2858 493 cr.

3919 421 4019 490 128

757 531 1011 587 homines
1047 529 1295 585 nonnulli
1333 529 1565 599 ‘lapsuri
1632 533 1690 586 in
1745 545 2028 602 peccatum
2050 549 2228 602 erant,
2255 540 2338 593 id-

2445 557 2592 601 τινες
2639 541 2749 592 τῶν
2791 539 3096 610 ἀνθρώπων
3148 542 3228 602 είς
3283 539 3558 609 ἁμαρτίας
3604 537 4008 603 ἐξολισθαίνειν,

755 625 904 680 circo
930 638 1026 678 eos
1053 637 1157 678 non
1204 621 1378 678 fuisse
1414 624 1701 688 creandos,
1750 627 1856 693 hic,
1909 630 2150 710 inquam,
2200 632 2336 686 nihil

757 715 905 770 aliud
946 712 1197 777 aﬂirmat,
1266 712 1371 766 nisi
1400 723 1685 782 peccatum
1745 717 1989 771 nondum
2029 719 2206 789 ipsum
2240 736 2337 773 na-

755 819 877 860 tutu
915 805 1008 860 Dei
1062 805 1434 860 creationibus
1486 806 1760 861 dominari
1808 809 2084 866 debuisse.
2123 811 2257 865 Nam
2289 813 2335 867 si

758 899 887 966 quia
923 896 1171 951 nonnulli
1203 896 1485 965 peccaturi
1535 907 1711 972 erant.
1746 899 1868 955 ideo
1906 901 2071 965 Deus,
2121 905 2334 972 quomi-

758 1006 866 1043 nus
900 1004 995 1042 eos
1017 997 1250 1052 crearet,
1285 969 1663 1058 prohibendus
1695 990 1815 1054 fuit,
1847 994 2096 1061 sequitur
2128 969 2186 1048 ut
2214 1011 2337 1065 pec-

759 1079 864 1132 cati
888 1079 1060 1147 major
1085 1093 1249 1147 quam
1269 1078 1480 1132 divinae
1508 1079 1765 1134 eilicacia:
1795 1086 2034 1150 potentia
2066 1086 2156 1138 sit.
2182 1085 2335 1140 Adde

757 1169 903 1236 quod
935 1182 1160 1236 peccare
1192 1169 1442 1220 humanae
1468 1169 1762 1224 voluntatis
1795 1181 1876 1224 cst
1907 1182 2070 1241 atque
2096 1174 2332 1237 arbitrii,

759 1258 966 1312 creatio
1013 1267 1193 1312 autem
1242 1257 1486 1313 factoris.
1521 1259 1632 1316 Cur
1662 1275 1795 1331 ergo
1824 1264 2095 1333 quispiam
2130 1265 2334 1320 omisso

758 1349 965 1420 peccati
1006 1365 1123 1414 reo,
1167 1352 1230 1404 id
1292 1350 1347 1404 in
1397 1351 1695 1406 innocuum
1764 1354 2060 1410 transferre
2109 1358 2336 1411 nititur?

761 1441 949 1510 Neque
973 1457 1102 1495 vero
1131 1442 1201 1496 ab
1231 1441 1333 1496 hac
1365 1443 1576 1498 insania
1602 1445 1925 1512 absolvitur,
1957 1449 2003 1501 si
2037 1449 2163 1518 quis
2193 1449 2337 1504 forte

760 1534 860 1596 ait,
909 1543 1232 1602 peccaturos
1281 1537 1665 1590 tantummodo
1715 1537 1967 1592 homines
2007 1554 2116 1592 non
2166 1555 2334 1610 opor-

756 1626 929 1678 tuisse
960 1641 989 1678 a
1039 1625 1298 1679 Creatore
1340 1626 1681 1682 nativitatem
1727 1630 1913 1683 sortiri
1953 1644 2129 1700 neque
2163 1632 2216 1685 in
2253 1633 2336 1686 lu-

758 1715 927 1769 minis
957 1730 1124 1768 auras
1146 1717 1412 1785 protrahi.
1432 1716 1567 1771 Nam
1588 1729 1646 1772 et
1675 1718 1764 1774 hic
1783 1720 1998 1774 videtur
2025 1737 2167 1789 aagre
2192 1720 2337 1778 ferre

758 1807 804 1860 si
823 1808 968 1876 quis,
994 1809 1119 1878 quia
1147 1818 1233 1862 est
1263 1823 1416 1872 reus,
1441 1823 1634 1878 pmnas
1658 1811 1960 1880 dependat;
1988 1815 2209 1868 studere
2237 1830 2336 1869 au-

2441 630 2530 683 διά
2558 631 2715 683 τοῦτο
2759 632 2868 684 ἔδει
2916 631 3144 693 τούτους
3186 630 3353 700 μηδὲ
3404 630 3674 697 γενέσθαι,
3701 634 3728 682 ὁ
3767 631 4012 694 τοιοῦτος

2439 719 2590 772 οὐδὲν
2620 720 2807 790 ἓτερον
2828 719 2999 788 λέγει,
3031 718 3064 791 ἦ
3101 721 3184 773 ὃτι
3220 721 3325 772 ἔδει
3355 722 3455 788 τὴν
3485 722 3759 791 ἁμαρτίαν
3787 722 3883 772 καὶ
3907 724 4011 788 μή-

2443 824 2528 858 πω
2559 808 2945 878 γεγενημένην
2977 809 3074 878 τῆς
3102 808 3196 861 τοῦ
3228 809 3362 862 Θεοῦ
3390 809 3752 878 δημιουργίας
3784 815 4013 880 ἐπικρα-

2436 901 2570 952 τεῖν.
2599 900 2661 951 Εἰ
2696 899 2803 968 γὰρ
2834 901 2916 952 ὅτι
2945 900 3170 970 ἔμελλόν
3197 917 3339 962 τινες
3374 902 3728 970 ἁμαρτάνειν,
3758 902 3865 953 ἔδει
3917 900 4013 970 τὴν

2437 989 2525 1039 ἐπ’
2551 989 2747 1050 αὐτοὺς
2773 989 3145 1057 δημιουργίαν
3179 988 3496 1042 πεπαῦσθαι
3543 988 3639 1040 τοῦ
3670 988 3828 1048 Θεοῦ,
3856 989 4013 1056 δῆλον

2437 1078 2596 1129 ὅτιτὸ
2629 1078 2829 1146 κράτος
2850 1082 2949 1147 τῆς
2984 1078 3257 1146 ἁμαρτίας
3286 1077 3352 1130 ἀν
3399 1077 3486 1146 εἴη
3531 1077 3563 1147 ἦ
3597 1077 3698 1144 τῆς
3728 1079 4014 1145 ἐνεργείας

2434 1169 2529 1221 τοῦ
2560 1167 2696 1221 Θεοῦ
2724 1184 2737 1198 ·
2767 1168 2921 1222 ἔτιδὲ
2954 1170 3015 1221 τὸ
3046 1172 3144 1238 μὲν
3187 1170 3545 1239 ἁμαρτάνειν,
3599 1169 3703 1237 τῆς
3737 1168 4018 1238 ἀνθρωπί-

2436 1275 2534 1326 νης
2561 1259 2679 1310 ἐστὶ
2710 1259 2933 1329 γνώμης
2957 1260 3051 1312 καὶ
3083 1262 3479 1330 προαιρέσεως,
3522 1263 3555 1329 ὴ
3593 1260 3651 1312 δὲ
3685 1261 4016 1330 δημιουργία

2433 1349 2528 1400 τοῦ
2570 1348 3008 1426 πλάσαντοςττί
3051 1345 3145 1403 οὗν
3194 1367 3279 1411 τις
3325 1352 3490 1419 ἀφεὶς
3536 1350 3638 1421 τὴν
3691 1352 3877 1404 αἰτίαν
3924 1350 4018 1401 τού

2436 1441 2796 1511 ἁμαρτάνειν,
2824 1443 2902 1503 είς
2917 1431 3017 1493 ἶιὸν
3045 1442 3284 1495 ἀναίτιον
3329 1443 3536 1512 ταύτην
3572 1445 3815 1511 ἐγχειρεῖ
3855 1460 4021 1511 μετα-

2439 1533 2631 1602 φέρειν
2658 1547 2673 1596 ;
2704 1533 2826 1586 οὐδὲ
2853 1534 3059 1605 ταύτης
3081 1533 3136 1587 δὲ
3163 1532 3264 1603 τῆς
3301 1534 3488 1596 ἀνοίας
3521 1534 3819 1587 ἀπολύεται
3849 1537 3880 1587 ὁ
3908 1533 4017 1603 ψῆ-

2437 1640 2540 1693 φον
2581 1625 2820 1694 εἰσάγων
2865 1627 2949 1679 ὅτι
2998 1642 3105 1696 περ
3153 1628 3282 1690 τοὺς
3334 1627 3628 1696 μέλλοντας
3683 1628 4023 1698 ἁμαρτάνειν

2436 1713 2602 1783 ἐχρῆν
2650 1713 2775 1784 μηδ’
2819 1716 2958 1779 ὅλως
3003 1715 3157 1787 παρὰ
3208 1715 3303 1768 τού
3345 1715 3698 1786 Δημιουργοῦ
3750 1717 4023 1784 γενέσεως

2442 1808 2757 1874 μετασχεῖν,
2798 1805 2832 1876 ἢ
2881 1805 3020 1875 πρὸς
3054 1805 3230 1874 αὐγάς
3273 1805 3425 1876 nam
3469 1806 3845 1877 προαχθῆναι·
3879 1807 4025 1859 ἔοικε

766 1909 875 1952 tem
901 1910 957 1954 ut
993 1901 1086 1970 qui
1111 1911 1332 1970 peccato
1349 1911 1519 1966 caret,
1546 1903 1594 1957 is
1623 1904 1882 1960 damnum
1909 1904 2067 1960 ferat.
2103 1906 2164 1960 Id
2190 1908 2335 1962 enim

2442 1896 2550 1962 γάρ
2581 1895 2874 1959 ὀτοιοῦτος
2920 1897 3292 1968 δυσχεραίνειν
3349 1897 3448 1966 μὲν
3495 1899 3590 1951 ἐάν
3632 1915 3715 1960 τις
3760 1897 4026 1966 ἁμαρτών

769 2007 959 2060 reapse
980 1992 1210 2060 contigit
1237 1993 1284 2047 si
1317 1993 1595 2061 peccaturi
1626 1995 1910 2051 nativitate
1939 2004 1994 2050 et
2018 1997 2334 2052 exsistentia

767 2083 1069 2150 priventur,
1123 2082 1266 2135 Deus
1306 2092 1487 2136 autem
1537 2097 1566 2136 a
1609 2086 1849 2139 creando
1871 2086 2215 2155 impediatur.
2249 2087 2337 2141 ln-

763 2189 928 2242 super
975 2174 1136 2228 datur
1181 2187 1346 2243 opera
1395 2183 1457 2227 ut
1505 2175 1706 2230 divinae
1766 2176 2124 2244 tumscientia:
2169 2192 2337 2232 causa

765 2265 1097 2319 damnentur
1129 2265 1163 2317 ii
1187 2265 1279 2335 qui
1312 2279 1511 2319 noxam
1546 2267 1882 2321 contracturi
1914 2279 2043 2323 sunt
2079 2285 2093 2322 :
2122 2284 2340 2324 rursus-

761 2367 871 2421 que
914 2361 972 2412 ut
1015 2353 1202 2419 iidem,
1243 2363 1534 2422 postquam
1579 2356 1952 2425 peccaverint,
1993 2357 2062 2411 ab
2086 2358 2336 2412 animad-

761 2444 1014 2499 versione
1038 2454 1399 2514 protegantur
1432 2463 1446 2498 :
1476 2461 1598 2515 quae
1629 2461 1718 2502 res
1757 2463 1932 2518 neque
1967 2449 2208 2504 humano
2243 2464 2339 2503 ne-

765 2552 872 2604 que
904 2536 1090 2589 divino
1128 2536 1253 2605 jure
1284 2537 1398 2590 lieri
1433 2536 1700 2592 creditur.
1736 2537 1948 2594 Etenim
1974 2548 2034 2595 ut
2062 2555 2090 2594 a
2121 2541 2338 2595 nemine

760 2637 888 2683 ante
912 2630 1126 2697 culpam
1155 2638 1479 2699 reposcatur
1504 2645 1690 2700 ptena,
1721 2633 2030 2686 communis
2054 2633 2338 2687 hominum

759 2723 1028 2775 sententia
1061 2729 1145 2775 est
1190 2720 1504 2791 divinisque
1544 2722 1752 2792 legibus
1781 2734 2168 2779 consentanea.
2195 2722 2338 2779 Tum

758 2834 888 2872 vero
917 2819 983 2872 de
1015 2818 1277 2886 pertinaci
1313 2828 1534 2886 peccato
1555 2833 1748 2890 poenas
1771 2836 2009 2884 sumere,
2061 2821 2114 2874 id
2143 2821 2341 2876 divinae

765 2895 1053 2965 ne‘nteseos
1095 2910 1435 2979 justitiaaque
1484 2912 1877 2968 demonstratio
1921 2923 2023 2968 est.
2061 2913 2171 2969 Cur
2208 2930 2340 2986 ergo

763 3002 966 3070 aliquis
1003 3002 1152 3066 velit,
1197 3017 1320 3072 qua:
1363 3007 1579 3058 cunctis
1612 3014 1762 3059 recta
1793 3006 2063 3071 videntur,
2093 3006 2179 3062 his
2208 3022 2341 3061 con-

761 3095 925 3148 traria
979 3093 1198 3149 facere?
1246 3110 1310 3148 ea
1352 3109 1506 3159 vero,
1561 3113 1685 3165 qua:
1709 3097 1876 3152 Deum
1927 3099 2198 3153 vindicem
2254 3100 2344 3168 ju-

770 3196 1028 3256 stumqne
1063 3187 1459 3253 demonstrant,
1530 3189 1586 3243 in
1656 3192 1831 3259 pretio
1891 3192 2091 3246 habere
2160 3192 2343 3246 nolit?

2439 1985 2597 2054 δίκην
2627 1983 2702 2054 δῷ
2753 2000 2768 2014 ⁸
2798 1984 3123 2053 φιλονεικεῖν
3157 1985 3215 2039 δὲ
3265 1986 3417 2056 παρά
3447 1986 3557 2039 τῶν
3599 1987 3767 2057 μηδὲν
3798 1985 4026 2058 μηδέπω

2443 2075 2885 2146 ἁμαρτησάντων
2915 2077 3190 2148 τιμωρίαν
3224 2077 3408 2131 λαϐεῖν
3431 2094 3445 2109 ο
3485 2077 3646 2131 τοῦτο
3671 2079 3783 2148 γάρ
3817 2080 3938 2129 ἐστι
3968 2079 4027 2129 τὸ

2440 2171 2568 2233 τοὺς
2601 2171 2895 2241 μέλλοντας
2921 2172 3261 2242 ἁμαρτάνειν
3292 2172 3562 2239 γενέσεως
3612 2173 3708 2224 καὶ
3734 2171 4027 2241 ὑπάρξεως

2442 2263 2787 2335 ἀποστερεῖν,
2810 2263 3021 2335 καὶτῆς
3041 2264 3405 2335 δημιουργίας
3421 2265 3714 2318 ἐκκόπτειν
3733 2264 3830 2316 τοῦ
3851 2262 3992 2316 Θεοῦ
4010 2280 4024 2295 ο

2443 2355 2580 2410 ἀλλά
2610 2357 2720 2426 γάρ
2747 2361 2843 2409 καὶ
2867 2357 2978 2410 ἀπὸ
3014 2356 3113 2426 τῆς
3152 2355 3303 2418 θείας
3338 2355 3703 2427 προγνώσεως
3729 2356 4027 2410 καταδικά-

2443 2447 2559 2512 ζειν
2583 2448 2683 2517 μὲν
2708 2447 2995 2518 βούλεσθαι
3017 2449 3143 2510 τοὺς
3167 2447 3609 2518 ἀμαρτήσοντας,
3642 2449 3700 2500 ὲν
3731 2448 3928 2508 αὑταῖς
3967 2445 4025 2498 δὲ

2441 2543 2565 2603 ταῖς
2593 2539 2828 2610 πράξεσι
2861 2542 3266 2611 γεγενημένους
3295 2539 3478 2610 ζητεῖν
3507 2538 3765 2607 ἀφίεσθαι
3793 2538 3905 2592 τῶν
3932 2555 4027 2590 κο-

2442 2632 2652 2687 λάσεων
2678 2650 2691 2662 ·
2729 2634 2868 2704 ὅπερ
2896 2632 3022 2686 οὒτε
3067 2631 3409 2702 ἀνθρώπινον
3457 2631 3580 2684 οὔτε
3617 2631 3762 2684 θεῖον
3797 2630 4030 2683 ἐπίστα-

2443 2742 2534 2777 ται
2553 2725 2785 2780 δίκαιον.
2817 2725 2930 2778 Καὶ
2951 2723 3013 2777 τὸ
3042 2725 3140 2793 μὲν
3170 2723 3276 2792 πρὸ
3325 2722 3433 2776 τῶν
3468 2721 3889 2793 ἁμαρτημάτων
3924 2739 4030 2790 μη-

2445 2817 2573 2870 δένα
2605 2817 2760 2887 δίκην
2789 2819 3058 2880 ἀπαιτεῖν,
3087 2817 3240 2885 κοινή
3273 2831 3333 2867 τε
3363 2816 3530 2868 πᾶσιν
3559 2812 3873 2884 ἀνθρώποις
3911 2813 4032 2883 κρί-

2449 2925 2532 2971 σις
2558 2910 2651 2960 καὶ
2677 2908 2840 2970 θείοις
2863 2908 3048 2978 νόμοις
3078 2907 3338 2978 ἁρμόδιον
3367 2922 3379 2934 ’
3406 2908 3658 2960 ἀπαιτεῖν
3680 2907 3737 2962 δὲ
3758 2907 3907 2975 μετά
3931 2906 4030 2976 τὴν

2447 2999 2843 3068 ἀνεπίστροφον
2876 2998 3151 3066 ἁμαρτίαν
3190 2995 3288 3062 τὴν
3315 2996 3494 3066 δίκην,
3537 2996 3634 3064 τῆς
3683 2996 3836 3058 θείας
3873 3013 4033 3065 μισε-

2448 3089 2710 3158 πονηρίας
2740 3089 2836 3142 καὶ
2863 3089 3210 3160 δικαιοσύνης
3235 3089 3533 3155 ἀπόδειξις.
3560 3087 3684 3150 Πῶς
3711 3084 3806 3141 οὖν
3848 3088 3920 3142 ἂν
3949 3107 4032 3152 τις

2451 3182 2777 3249 μελετήσας,
2811 3179 2846 3233 ἀ
2875 3180 2974 3250 μὲν
3007 3183 3142 3234 πᾶσι
3173 3182 3340 3245 δοκεῖ,
3365 3181 3573 3234 τούτων
3601 3181 3868 3234 τάναντία
3898 3199 4030 3249 (ppo-

761 3278 954 3332 Nonne
983 3280 1069 3333 hic
1102 3295 1330 3335 summa
1381 3281 1632 3336 amentiae
1671 3289 1835 3351 atque
1865 3283 2166 3352 impietatis
2192 3299 2338 3338 reum

2445 3275 2556 3324 νεῖν
2577 3289 2591 3336 ;
2616 3272 2652 3325 ἀ
2677 3271 2733 3324 δὲ
2756 3273 3126 3344 μισοπόνηρον
3148 3276 3244 3327 καὶ
3270 3275 3478 3327 δίκαιον
3498 3273 3736 3326 δείκνυσι
3759 3274 3853 3329 τὸν
3871 3274 4031 3335 Θεὸν,

765 3388 823 3426 se
867 3371 1038 3426 facit?
1072 3371 1184 3426 Cur
1222 3373 1304 3426 ais
1344 3372 1620 3427 hominem
1660 3384 1931 3443 oportere,
1973 3391 2082 3445 quo
2123 3391 2342 3446 poenam

765 3464 922 3527 vitet,
961 3461 1028 3514 ad
1051 3462 1266 3531 culpam
1292 3463 1515 3518 minime
1539 3465 1688 3519 nasci
1712 3465 1956 3520 labilem?
1976 3465 2168 3521 Nonne
2198 3468 2341 3522 enim

762 3567 952 3626 aperte
1006 3555 1164 3620 dicis,
1205 3555 1420 3610 etiamsi
1456 3556 1680 3611 minime
1705 3557 1879 3624 dicas,
1914 3561 2222 3628 oportuisse
2244 3560 2346 3613 ho-

764 3649 965 3700 minem
1007 3647 1182 3702 creari
1235 3649 1645 3716 impeccahilem
1669 3691 1685 3716 ,
1728 3667 1798 3706 ne
1825 3653 2034 3706 scilicet
2074 3654 2298 3707 coronis
2325 3692 2342 3715 ,

765 3756 998 3808 quarum
1032 3742 1202 3809 gratia
1241 3739 1410 3794 fortes
1455 3749 1679 3809 peccato
1705 3743 2016 3812 superiores
2057 3744 2217 3806 ﬁunt,
2247 3744 2345 3798 do-

764 3833 964 3886 netnr?
1011 3831 1155 3886 Sane
1202 3833 1246 3886 si
1293 3834 1416 3900 quis
1463 3835 1663 3888 mentis
1711 3849 1824 3889 suae
1872 3849 2116 3905 compos,
2166 3851 2345 3905 neque

777 3923 1070 3977 vehemens
1111 3924 1320 3990 peccati
1368 3931 1602 3986 amator,
1641 3933 1696 3978 et
1725 3923 2070 3978 cruciatuum
2106 3926 2342 3988 timens;

762 4015 806 4068 si
845 4016 914 4076 is,
941 4015 1187 4083 inquam,
1213 4029 1244 4068 e
1268 4014 1482 4067 duobus
1509 4016 1837 4069 alterutrum
1862 4014 2096 4083 eligendi
2127 4017 2341 4084 copiam

768 4106 1014 4170 haberet,
1051 4119 1246 4173 nempe
1282 4105 1361 4158 vel
1393 4104 1482 4174 (ne
1514 4107 1610 4175 qui
1645 4103 1782 4159 forte
1815 4116 2098 4176 peccantes
2130 4121 2344 4174 poenam

762 4198 997 4266 luerent)
1031 4211 1268 4250 coronas
1301 4197 1571 4265 capitibus
1598 4206 1949 4251 strenuorum
1983 4197 2340 4262 detrahendi;

763 4288 844 4340 vel
871 4288 1115 4356 (propter
1147 4301 1243 4341 eos
1269 4287 1361 4355 qui
1391 4287 1540 4355 juste
1563 4289 1924 4343 certaminum
1954 4288 2175 4354 praemia
2205 4287 2346 4342 refe-

758 4379 910 4448 runt)
940 4393 1008 4433 ne
1040 4387 1324 4448 peccatum
1359 4378 1578 4446 quidem
1609 4378 1729 4433 sine
1756 4392 1916 4448 poena
1941 4393 2063 4434 esse
2097 4377 2340 4443 sinendi;

757 4486 941 4526 nonne
967 4471 1055 4526 hic
1081 4472 1251 4524 multo
1283 4472 1466 4524 mallet
1489 4469 1657 4524 fortes
1678 4471 1911 4525 athletas
1941 4471 2160 4525 coronis
2179 4486 2343 4523 orna-

2443 3364 2615 3416 ταῦτα
2648 3363 2722 3435 μὴ
2778 3364 3066 3434 ἀνέχεσθαι
3124 3368 3325 3436 τιμᾷν;
3357 3360 3490 3418 Εἶτα
3543 3360 3698 3428 οὗτος
3749 3365 3880 3434 οὐχὶ
3933 3365 4034 3434 τῆς

2445 3459 2679 3527 ἐσχάτης
2713 3458 2806 3510 καὶ
2839 3457 3224 3526 παραπληξίας
3243 3459 3338 3511 καὶ
3363 3458 3681 3520 δυσσεϐείας
3709 3458 3880 3520 αὐτὸς
3905 3459 4034 3509 ἐαυ-

2447 3548 2537 3600 τὸν
2562 3548 2745 3615 ἔνοχον
2771 3549 2919 3601 ποιεῖ
2941 3564 2956 3613 ;
2981 3549 3034 3600 τί
3056 3549 3235 3616 λέγεις
3251 3551 3530 3619 ἀπρεπτον
3561 3551 3700 3619 πρὸς
3723 3549 4031 3618 ἁμαρτίαν,

2448 3640 2535 3692 ἵνα
2569 3641 2739 3710 αὐτὴν
2767 3641 2989 3693 κόλασιν
3023 3641 3284 3711 διαφύγῃ,
3310 3641 3402 3693 τὸν
3426 3641 3714 3712 ἄνθρωπον
3737 3643 3919 3711 ἐχρῆν
3939 3657 4036 3708 γε-

2447 3732 2730 3799 γενῆσθαι,
2772 3731 2868 3783 καὶ
2919 3730 3038 3794 πῶς
3091 3732 3212 3801 οὐχὶ
3249 3732 3522 3803 λαμπρῶς
3570 3733 3774 3801 λέγεις,
3811 3734 3922 3786 κᾶν
3961 3734 4037 3803 μὴ

2447 3825 2630 3895 λέγῃς,
2658 3824 2732 3886 ὡς
2763 3826 3031 3893 ἄτρεπτον
3075 3827 3243 3895 ἐχρῆν
3273 3826 3409 3896 πρὸς
3460 3826 3733 3898 ἁμαρτίαν
3764 3828 4038 3896 δημιουρ-

2447 3912 2690 3982 γηθῆναι
2713 3913 2806 3965 τὸν
2836 3913 3142 3982 ἄνθρωπον,
3177 3915 3266 3968 ἵνα
3299 3916 3372 3984 μὴ
3395 3915 3505 3968 τῶν
3540 3917 3845 3984 στεφάνων,
3878 3916 3942 3981 ἐξ
3958 3913 4038 3971 ῶν

2448 4003 2844 4073 ἀγωνιζόμενοι
2880 4005 3158 4072 κρατῶσιν
3213 4005 3403 4074 αὐτῆς,
3449 4005 3747 4077 ἀξιωθείης
3785 4009 3883 4060 καὶ
3923 4010 4036 4080 μὴν

2448 4098 2500 4150 εἴ
2525 4115 2606 4162 τις
2637 4116 2701 4166 γε
2734 4099 2826 4151 νοῦ
2854 4100 3116 4170 μετέχων,
3134 4102 3228 4154 καὶ
3260 4102 3334 4172 μὴ
3370 4102 3469 4172 τῆς
3500 4103 3772 4174 ἁμαρτίας
3797 4106 3888 4174 εῐη
3915 4106 4039 4174 ἅμα

2445 4206 2506 4242 τε
2535 4188 2737 4260 θερμὸς
2773 4191 3031 4262 ἐραστὴς,
3070 4192 3164 4244 καὶ
3190 4192 3295 4255 τὰς
3324 4192 3592 4261 βασάνους
3621 4194 3864 4264 φεύγων,
3918 4197 4040 4250 ἑλέ-

2449 4282 2572 4336 σθαι
2602 4282 2828 4354 θάτερον
2857 4282 2966 4337 τῶν
3003 4283 3098 4337 δύο
3131 4285 3231 4354 τὴν
3256 4285 3504 4349 ἐξουσίαν
3537 4289 3591 4340 εῖ
3632 4303 3739 4357 περ
3785 4287 4035 4358 εἰλήφει,

2445 4375 2673 4446 πότερον
2695 4376 2784 4429 ἵνα
2809 4377 2881 4446 μή
2904 4393 3051 4439 τινες
3076 4377 3491 4447 ἀμαρτήσαντες
3506 4378 3637 4432 δῶσι
3653 4379 3831 4450 δίκην,
3858 4383 4038 4452 ἐχρῆν

2443 4469 2569 4528 τοὺς
2588 4467 2884 4534 στεφάνους
2903 4467 3014 4519 τῶν
3037 4467 3289 4535 κεφαλῶν
3309 4469 3528 4537 ἀφελεῖν
3545 4470 3656 4523 τῶν
3677 4471 4040 4543 ἀνδραγαθη-

757 4577 840 4617 tos
875 4577 1118 4626 cernere,
1149 4576 1382 4628 reosque
1410 4560 1576 4615 simul
1607 4560 1821 4616 meritis
1861 4560 2143 4629 suppliciis
2167 4561 2338 4615 tradi!

2452 4562 2683 4623 σάντων,
2712 4560 2744 4629 ἦ
2780 4560 2868 4613 διὰ
2893 4562 3019 4624 τοὺς
3047 4559 3272 4624 δικαίως
3297 4562 3404 4614 τῶν
3450 4563 3545 4615 ἰπὶ
3572 4564 3687 4625 τοῖς
3715 4563 3906 4626 ἁθλοις
3939 4581 4038 4631 γε-

757 4650 868 4723 ρῶν
889 4650 1382 4720 ἀξιωθησομένους,
1391 4650 1512 4720 μηδ’
1530 4650 1880 4721 ἀτιμώρητον
1896 4651 1996 4720 τὴν
2021 4650 2296 4722 ἁμαρτίαν
2314 4652 2468 4721 ὁρᾴν,
2486 4649 2603 4713 πῶς
2624 4650 2725 4702 οὐκ
2755 4650 2821 4702 ἂν
2852 4649 3033 4721 πολλῷ
3053 4652 3337 4723 ποιήσαιτο
3361 4652 3673 4723 ἔμπροσθεν
3705 4658 3818 4717 τοῖς
3843 4673 3908 4708 τε
3929 4659 4036 4724 τῆς

757 4739 1122 4811 ἀνδραγαθίας
1142 4739 1427 4807 στεφάνοις
1440 4739 1566 4802 τοὺς
1584 4740 1822 4810 ἀθλητάς
1843 4742 1976 4812 ὁρᾷν
1996 4741 2470 4811 κεκοσμημένους,
2489 4740 2720 4804 καὶτοὺς
2738 4740 3035 4813 ὑποχρέους
3050 4739 3158 4794 τῶν
3172 4741 3501 4813 ὀφλημάτων
3519 4745 3990 4815 κατατιθεμένους
4017 4767 4032 4814 ;

827 4861 881 4913 4.
942 4858 1047 4913 Sed
1077 4869 1272 4928 praeter
1317 4857 1582 4910 hactenus
1619 4858 1788 4920 dicta,
1833 4874 1962 4912 nunt
1997 4869 2050 4912 Ie
2083 4859 2203 4912 sola
2242 4857 2340 4913 ho-

755 4955 964 5008 minum
994 4951 1198 5005 creatio
1239 4949 1562 5017 perturbat?
1619 4966 1687 5002 an
1720 4951 2166 5018 incorporearum
2198 4966 2337 5018 quo-

756 5058 863 5114 quc
923 5057 986 5095 ac
1041 5042 1160 5096 sine
1195 5041 1433 5093 materia
1465 5049 1783 5094 naturarum
1815 5051 1870 5094 et
1907 5040 2341 5095 immortalitatis

758 5150 984 5190 munere
1046 5133 1470 5203 perfruentium.
1540 5134 1592 5186 in
1620 5137 1867 5188 eamdem
1925 5133 2337 5204 perplexitatem

755 5228 976 5300 dejicit?
1002 5227 1134 5283 Nam
1165 5238 1219 5283 et
1241 5245 1307 5283 ex
1331 5229 1396 5281 iis
1421 5227 1738 5282 cmlestibus
1755 5227 2041 5281 ordinibus
2065 5226 2332 5295 beateque

756 5319 974 5389 fastigio
1003 5329 1193 5388 sponte
1217 5319 1307 5373 ille
1338 5317 1614 5387 delapsus,
1644 5318 1898 5387 princeps
1923 5317 2138 5372 malitiae
2157 5315 2333 5371 factus

755 5420 841 5468 est
877 5411 1127 5465 diabolus
1182 5429 1194 5464 :
1253 5419 1308 5464 et
1356 5407 1523 5464 simul
1585 5418 1850 5479 quotquot
1911 5418 2146 5462 mentem
2182 5423 2337 5462 suam

757 5505 1005 5575 partibus
1031 5504 1177 5560 illius
1208 5505 1611 5573 applicuerunt,
1669 5504 1948 5563 meliorem
1975 5503 2336 5556 conditionem

757 5597 941 5668 pejore
973 5604 1404 5651 commutarunt.
1464 5595 1676 5666 Reliqui
1709 5605 1890 5649 autem
1915 5611 1980 5648 ex
2012 5595 2080 5651 iis
2115 5595 2340 5647 immor-

757 5688 958 5741 talibus
999 5687 1326 5758 inclytisque
1372 5686 1560 5740 choris
1624 5687 1680 5739 in
1735 5686 2023 5741 devotione
2052 5685 2340 5753 debitaque

762 5779 1027 5833 modestia
1060 5789 1395 5844 constantes,
1449 5778 1581 5832 nihil
1615 5779 1682 5833 de
1711 5792 1809 5832 sua
1842 5776 2244 5848 pulchritudine
2276 5790 2340 5829 ac

761 5874 1021 5942 dignitate
1048 5874 1393 5929 amiserunt:
1430 5872 1520 5926 sed
1571 5873 1850 5928 communi
1893 5870 2119 5926 Domino
2169 5868 2337 5924 Crea-

2508 4857 2571 4912 δ’.
2602 4856 2745 4927 Πρὸς
2775 4857 2832 4909 δέ
2855 4873 2918 4926 γε
2948 4860 3058 4917 τοῖς
3089 4858 3421 4927 εἰρημένοις,
3455 4855 3566 4930 ἆρα
3621 4862 3758 4930 μόνη
3808 4877 3872 4914 σε
3918 4866 4038 4916 τῶν

2442 4947 2748 5020 ἀνθρώπων
2775 4950 2808 5021 ή
2841 4949 3172 5019 δημιουργία
3200 4949 3511 5023 θορυὸεἶςῆ
3540 4951 3760 5005 καὶτῶν
3786 4956 4036 5024 ἀσωμά-

2440 5059 2548 5094 των
2574 5041 2667 5094 καὶ
2704 5041 2884 5094 άΰλων
2915 5039 3130 5110 φύσεων
3156 5043 3249 5094 καὶ
3281 5042 3416 5112 πρὸς
3463 5042 3562 5114 τὴν
3584 5043 3890 5097 ἀθανασίαν
3927 5051 4035 5100 άν-

2440 5136 2715 5205 ηγμένων,
2757 5134 2836 5197 είς
2867 5133 2967 5203 τὴν
3007 5133 3178 5204 αύτήν
3219 5151 3277 5187 σε
3318 5133 3560 5205 ταραχὴν
3601 5135 3900 5205 ἐμϐάλλεις
3933 5140 4038 5192 καὶ

2439 5228 2547 5295 γὰρ
2580 5228 2786 5278 τούτων
2807 5224 2915 5277 τῶν
2939 5226 3205 5295 οὐρανίων
3247 5228 3544 5294 ταγμάτων
3575 5227 3666 5280 καὶ
3699 5228 3800 5296 τῆς
3836 5246 4034 5297 μακα-

2440 5318 2558 5388 ρίας
2583 5317 2802 5387 ἐκείνης
2847 5315 3074 5386 λήξεως,
3127 5318 3155 5368 ὁ
3193 5318 3291 5386 μὲν
3327 5318 3534 5371 ἐκεῖθεν
3576 5318 3717 5372 ἑκὼν
3770 5321 4030 5390 ὲκρυεὶς,

2439 5408 2678 5478 ἀρχηγὸς
2707 5409 2905 5471 κακίας
2934 5409 3156 5476 γέγονεν
3187 5409 3215 5460 ό
3248 5408 3512 5474 διάὸολος,
3544 5411 3636 5463 καὶ
3662 5412 3778 5464 ὅσοι
3799 5411 3901 5481 τὴν
3930 5416 4034 5484 ῥο-

2439 5501 2545 5570 πὴν
2575 5500 2710 5569 πρὸς
2744 5500 2841 5571 τὴν
2872 5501 3083 5553 ἐκείνου
3113 5501 3337 5571 γνώμην
3357 5502 3706 5572 τρεψάμενοι,
3737 5504 3799 5555 τὸ
3834 5507 4037 5575 χεῖρον

2437 5593 2560 5645 ἀντὶ
2594 5591 2688 5644 τοῦ
2722 5593 3032 5661 κρείττονος
3075 5594 3526 5663 μεθηρμόσαντο·
3560 5596 3609 5646 ei
3658 5594 3713 5646 δέ
3757 5611 3819 5662 γε
3867 5597 4036 5652 ἄλλοι

2446 5685 2555 5738 τῶν
2596 5685 2883 5738 ἀθανάτων
2909 5686 3132 5738 ἐκείνων
3162 5686 3254 5737 καὶ
3289 5684 3588 5739 θεσπεσίων
3618 5687 3795 5756 χορῶν
3818 5704 4040 5756 προσο-

2447 5779 2543 5846 οχῇ
2585 5778 2682 5830 καὶ
2712 5776 2975 5848 σπουδαίᾳ
3007 5776 3188 5846 νήψει,
3224 5777 3375 5828 οὐὶὲν
3404 5777 3502 5846 τῆς
3525 5778 3727 5840 οἰκείας
3755 5776 4040 5845 καλλονῆς

2447 5869 2478 5938 ἢ
2511 5871 2719 5936 τάξεως
2740 5871 3152 5935 ἀλλοιώσαντες,
3178 5868 3313 5922 άλλά
3347 5871 3479 5941 πρὸς
3499 5869 3589 5920 τὸν
3614 5867 3792 5922 κοινὸν
3814 5872 3883 5922 Διε
3895 5874 4043 5924 σπό-
