4198 6440
176 447 276 512 129

1118 437 1219 498 AD
1254 428 1840 495 AMPIIILOCHIUM
1890 424 2233 500 QUIESTIO
2270 430 2445 492 XIII.

3288 428 3387 495 ιω

171 579 271 631 την
296 558 391 613 καὶ
419 552 760 626 Δημιουργδν
780 549 1073 613 ἀνενδότως
1093 549 1317 613 ἑαυτοὺς
1338 545 1729 605 ἀνατείνοντες,
1760 548 1803 603 Α

1760 548 1803 603 Α
1833 542 2043 611 torique
2080 543 2308 598 llrmiter
2348 541 2709 607 adherentes,
2764 554 2941 611 neque
2982 538 3187 597 fontem
3213 544 3394 602 onittla

172 653 267 705 καὶ
312 649 473 718 κόρον
518 645 620 715 τῆς
658 644 988 712 ἀγαθοδότου
1017 642 1206 705 οὐσίας
1234 640 1334 695 οὐκ
1367 639 1602 709 ἔχοντες,
1631 635 1733 689 οὐκ

173 740 326 795 αὐτοὶ
352 740 511 807 μόνον
550 734 745 804 ἀγαθοὶ
775 733 914 787 κατά
946 731 1179 802 μετοχὴν
1206 730 1571 799 διαμένουσιν,
1595 725 1730 779 ἀλλά

172 829 265 884 καὶ
317 827 396 895 τῷ
438 826 545 879 τῶν
599 823 903 894 ἀνθρώπιον
949 822 1095 891 γένει
1132 820 1231 892 τὴν
1260 819 1409 874 θείαν
1430 818 1533 873 κάν
1558 817 1731 887 τούτῳ

172 899 667 987 ὲξυπηρετούμενοι
722 912 995 984 βούλησιν,
1058 910 1420 981 ἀγαθοεργίας
1482 912 1733 981 συνεργοὶ

171 1012 263 1064 καὶ
293 1008 577 1077 ἐπίκουροι
605 1006 849 1073 γίνονται
873 1020 888 1034 ο
921 1005 1016 1057 καὶ
1051 1004 1100 1057 οί
1141 1004 1240 1074 μὲν
1271 1004 1384 1057 ὅσοι
1408 1004 1728 1066 κατέπεσον,

170 1102 265 1156 καὶ
298 1100 462 1153 αὑτὸν
486 1098 580 1151 τὸν
614 1094 786 1148 τύπον
815 1094 911 1148 τοῦ
942 1093 1178 1166 σταυροῦ
1207 1094 1616 1167 χαρασσόμενον
1638 1094 1732 1164 dp-

167 1191 335 1258 γάνου
387 1187 564 1258 τύπῳ,
608 1186 677 1240 δι’
709 1180 772 1241 οὗ
816 1186 878 1239 τὸ
928 1186 1196 1256 σωτήριον
1234 1185 1501 1255 ἐτελέσθη·
1540 1184 1729 1248 πάθος,

166 1280 504 1349 φρίττοντες,
538 1278 825 1347 τρέμουσι,
858 1277 955 1331 καὶ
972 1276 1048 1339 ὡς
1075 1275 1731 1348 πορρωτάτωοδραπετεύ·

162 1386 348 1425 ουσιν·
382 1369 433 1423 οί
460 1368 517 1421 δὲ
544 1368 622 1438 τῷ
650 1367 778 1438 θείῳ
806 1367 983 1439 θρόνῳ
1034 1367 1448 1437 περιιστάμενοι
1493 1368 1590 1436 τῆς
1626 1382 1734 1435 μαο

164 1460 367 1531 καρίας
397 1457 613 1528 ἐκείνης
637 1459 730 1512 καὶ
758 1457 996 1528 φοσεράς
1028 1456 1154 1519 θέας
1192 1456 1317 1510 ὅσον
1363 1457 1595 1528 ἐγχωρεῖ
1627 1454 1729 1524 φύεν

162 1569 250 1611 σει
280 1554 498 1620 κτιστῇ,
541 1552 643 1614 τὰς
685 1547 1054 1621 μαρμαρυγὰς
1083 1548 1431 1618 ὑποδέχονται
1453 1566 1468 1581 ο
1496 1547 1592 1603 καὶ
1618 1549 1731 1611 τοῖς

160 1645 266 1714 μὲν
293 1640 377 1704 οἷς
396 1642 565 1714 δρῶσί
589 1659 651 1696 τε
682 1642 775 1695 καὶ
820 1642 1133 1714 δεδράκασι,
1163 1641 1275 1713 πῦρ
1314 1641 1639 1712 ἡτοίμασται
1668 1639 1730 1694 τὸ

157 1735 431 1805 ἐξώτερον
457 1752 471 1765 ’
497 1736 548 1788 οί
569 1734 625 1788 δὲ
650 1734 717 1789 δι’
748 1730 824 1789 ῶν
856 1733 916 1788 τὸ
943 1734 1399 1805 αὑτοκρατορικὸν
1430 1732 1533 1803 τῆς
1557 1732 1729 1804 ῥοπῆς

156 1831 220 1881 ἐν
255 1830 377 1890 ταῖς
422 1825 669 1897 ἀμείνοσι
711 1830 1015 1897 προκοπαῖς
1051 1826 1145 1881 καὶ
1196 1825 1493 1880 ἀναϐάσεσι
1532 1841 1729 1895 συντη-

155 1917 319 1991 ροῦσι
334 1918 427 1973 καὶ
445 1918 833 1991 συνετήρησαν,
861 1920 921 1972 ἐν
943 1919 1218 1989 ἀδιηγήτῳ
1235 1920 1412 1990 τρυφῇ
1434 1917 1528 1971 καὶ
1538 1916 1733 1991 αίωνίᾳ

151 2007 441 2075 διαμένειν
488 2006 782 2061 ἀπολαύσει
828 2006 927 2070 τὰς
961 2005 1174 2078 ψήφους
1206 2006 1305 2078 ἠδη
1389 2005 1727 2075 κατέχουσιν.

232 2097 297 2154 ε’.
342 2098 519 2169 Ἐρεῖς
534 2096 629 2151 οῦν
654 2098 891 2163 πάντως,
935 2098 1034 2152 Διά
1082 2097 1135 2151 τί
1168 2097 1391 2167 γέγονεν
1428 2097 1458 2150 δ
1495 2096 1730 2167 πονηρὸς

153 2193 393 2256 ἐκεῖνος,
446 2190 540 2244 καὶ
576 2190 698 2243 ὅσαι
748 2188 897 2260 αὐτῷ
964 2190 1147 2260 μοῖραι
1211 2188 1727 2259 συναπεστάτησανς

154 2285 332 2354 ἐχρῆν
365 2282 476 2353 γάρ
508 2283 601 2335 τὸν
628 2280 761 2335 Θεὸν
782 2280 984 2350 ἀγαθὸν
1012 2280 1159 2346 ὄντα,
1207 2281 1308 2352 τῆς
1344 2280 1533 2344 οὐσίας
1598 2296 1732 2353 προ-

152 2372 445 2438 εξελέσθαι
463 2375 556 2426 καί
578 2371 896 2443 προανελεῖν
921 2371 988 2424 τὰ
1013 2370 1233 2425 τοιαῦτα
1247 2369 1727 2443 δημιουργήματαο

152 2466 387 2534 ἄμεινον
420 2464 529 2534 γάρ
559 2465 752 2528 αὑταῖς
790 2460 879 2535 ἦν,
912 2462 946 2534 ἢ
975 2463 1113 2534 πρὸς
1151 2463 1523 2537 ἀπαραίτητον
1554 2478 1731 2534 παρα-

156 2554 486 2625 πέμπεσθαι
505 2553 755 2624 ,βάσανον
780 2570 795 2584 ·
829 2549 948 2607 εἶτα
991 2552 1101 2607 τῶν
1126 2555 1303 2608 αὐτῶν
1335 2571 1394 2608 σε
1424 2556 1731 2627 περιέργων

152 2646 442 2717 λογισμῶν
467 2646 530 2700 τὸ
556 2646 868 2711 ἀκόλουθον,
899 2652 994 2702 καὶ
1018 2649 1113 2702 ἐπὶ
1147 2646 1218 2701 τά
1265 2647 1427 2703 λοιπά
1463 2648 1570 2702 τῶν
1609 2665 1729 2701 κτι-

156 2740 392 2808 σμάτων
418 2736 774 2806 παραπέμψει
798 2737 949 2790 ’ἔδει
990 2738 1097 2808 γάρ
1147 2737 1243 2809 τὴν
1286 2737 1392 2807 γῆν
1440 2738 1731 2809 προαχθεῖ-

155 2846 261 2882 σαν
288 2828 325 2898 ἢ
354 2827 532 2896 μένειν
559 2826 814 2896 ἀκίνητον
850 2827 944 2883 ἐπὶ
996 2828 1095 2899 τῆς
1124 2828 1475 2899 προαγωγῆς,
1526 2828 1619 2883 καὶ
1649 2827 1730 2899 τῷ

155 2919 428 2988 ἀτρέπτῳ
495 2916 974 2986 περιτειχίζεσθαι,
1016 2918 1050 2990 ἢ
1099 2918 1181 2972 ἵνα
1229 2918 1297 2971 τὰ
1350 2918 1485 2974 ἀλλα
1525 2918 1730 2989 ταύτης

156 3004 316 3074 πάθη
360 3002 459 3057 καὶ
485 3005 583 3067 τάς
605 3002 920 3071 ἀλλοιώσεις
967 3005 1133 3070 ἐάσω,
1170 3006 1246 3079 μὴ
1288 3011 1401 3069 τοῖς
1446 3008 1652 3073 ὕδασιν,
1680 3012 1729 3062 εί

156 3096 256 3147 καὶ
285 3094 367 3164 μὴ
398 3094 520 3149 καθ’
550 3095 698 3167 ὅλην,
730 3096 871 3151 κατά
916 3095 1086 3150 ποὶλά
1125 3096 1181 3150 δὲ
1220 3098 1328 3154 τῶν
1360 3098 1543 3170 μερῶν
1569 3117 1728 3170 περιι-

1830 630 1958 686 honi
1988 632 2351 688 substantiam
2391 631 2750 697 fastidientes,
2813 647 2923 688 non
2972 632 3147 689 solum
3193 632 3299 713 ipsi
3338 635 3392 690 in

1830 722 2088 777 bonitatis
2150 723 2539 778 communione
2592 731 2929 787 manserunt,
2978 737 3166 778 verum
3227 724 3391 777 etiam

1832 814 2112 870 hominum
2166 816 2373 885 generi,
2426 814 2625 870 divina:
2664 816 2868 886 pariter
2900 816 2957 873 in
2993 816 3096 871 hoc
3123 815 3391 875 voluntati

1829 905 2211 975 obsequentes.
2273 906 2537 961 bonorum
2573 920 2798 975 operum
2844 906 3122 976 adjutores
3148 907 3391 976 sociique

1830 1004 2136 1050 evaserunt.
2164 994 2230 1051 Et
2254 994 2291 1049 ii
2312 1010 2445 1051 sane
2474 994 2569 1065 qui
2591 995 2937 1060 exciderunt,
2970 996 3141 1065 ipsam
3173 1005 3392 1067 quoquo

1828 1086 2007 1141 crucis
2038 1085 2353 1157 imaginem,
2404 1086 2458 1140 in
2499 1086 2618 1156 ejus
2662 1085 3008 1142 instrumenti
3034 1079 3209 1143 forma
3238 1090 3393 1143 ειίιὶο

1830 1176 1996 1233 bitam
2039 1191 2149 1245 quo
2203 1175 2509 1232 Servatoris
2574 1178 2758 1247 passio
2813 1186 3032 1249 peracta
3075 1178 3211 1244 fuit,
3265 1195 3391 1237 cunt

1832 1269 2060 1325 horrore
2083 1269 2448 1326 extimescunt
2477 1284 2540 1326 ac
2573 1270 2889 1341 longissime
2922 1270 3136 1343 fugiunt
3166 1290 3181 1326 :
3211 1274 3391 1329 caeteri

1830 1372 2009 1417 autem
2043 1361 2286 1416 divinum
2334 1361 2533 1416 solium
2576 1362 3012 1428 circumstantes,
3050 1361 3219 1419 beata
3247 1362 3393 1417 illius

1829 1470 1894 1510 ac
1944 1453 2240 1509 tremenda:
2289 1454 2538 1521 visionis,
2597 1462 2861 1523 quantum
2913 1462 3112 1511 creata
3183 1460 3393 1510 natura:

1827 1544 1976 1611 licet,
2002 1545 2185 1601 radios
2212 1545 2507 1614 excipiunt.
2570 1544 2679 1601 Illis
2725 1545 2796 1601 ob
2846 1561 2912 1601 ea
2962 1562 3085 1617 quae
3110 1558 3276 1617 agunt
3309 1546 3391 1601 fe.

1827 1645 2147 1708 ceruntque,
2218 1637 2360 1708 ignis
2410 1638 2651 1693 exterior
2711 1646 2937 1709 paratus
2986 1647 3111 1705 est;
3188 1640 3243 1695 hi
3294 1639 3391 1710 qui

1828 1728 2059 1784 liberum
2084 1728 2370 1784 arbitrium
2400 1744 2561 1785 suum
2594 1729 2647 1783 in
2671 1729 2991 1786 melioribus
3012 1732 3392 1802 progressibus

1830 1818 2196 1890 gradibusque
2224 1817 2489 1874 faciendis
2542 1819 2931 1874 continuerunt
2979 1830 3035 1874 et
3088 1819 3393 1882 continent,

1834 1910 2276 1966 inenarrabilium
2306 1910 2627 1981 gaudiorum
2672 1918 2838 1980 atque
2871 1918 3092 1967 eterna:
3118 1909 3392 1968 beatitatis

1828 2010 2026 2058 sortem
2048 1999 2270 2056 decreto
2298 2000 2482 2055 divino
2505 1999 2770 2056 obtinent.

1899 2090 1952 2147 5.
1970 2090 2139 2147 Porro
2154 2090 2336 2148 dices:
2355 2090 2465 2147 Cur
2488 2105 2610 2145 nam
2634 2090 2723 2147 ille
2743 2089 3021 2162 improbus
3035 2100 3252 2148 creatus
3268 2090 3389 2157 fuit,

1828 2191 1884 2239 et
1918 2191 2185 2253 quatqttot
2229 2198 2353 2239 cum
2404 2197 2471 2238 eo
2504 2183 2725 2238 ordines
2747 2183 3033 2254 apostatici
3059 2178 3391 2241 evaseruntf

1833 2275 2110 2331 Decuisset
2157 2275 2303 2330 enim
2360 2272 2455 2329 Del
2504 2275 2730 2331 bonitati
2770 2291 2799 2329 a
2829 2291 3012 2331 rerum
3046 2285 3242 2334 natura
3274 2276 3391 2348 prio

1829 2363 1997 2419 mitus
2051 2364 2293 2422 eximere
2337 2364 2436 2420 has
2476 2376 2756 2422 creaturas
2781 2376 2945 2438 atque
2972 2367 3281 2425 excludere.
3332 2368 3389 2424 id

1828 2457 1971 2512 enim
2025 2456 2219 2513 melius
2265 2465 2384 2513 erat
2438 2456 2522 2512 his
2555 2472 2717 2527 quam
2764 2458 3082 2515 inexorabili
3121 2461 3387 2517 cruciatui

1827 2548 2110 2619 deputare.
2168 2547 2330 2620 Atqui
2374 2549 2496 2603 vani
2529 2548 2696 2620 hujus
2732 2550 3002 2607 ratiocinii
3042 2553 3260 2624 sequela
3295 2568 3393 2625 per

1828 2650 2057 2697 caeteras
2113 2654 2330 2711 quoque
2385 2657 2473 2697 res
2518 2651 2731 2698 creatas
2790 2652 2842 2699 te
2891 2644 3093 2714 pariter
3137 2646 3388 2705 deducet.

1830 2729 2110 2787 Decuisset
2153 2732 2297 2787 enim
2354 2732 2598 2786 tellurem
2647 2747 2867 2803 quoque
2894 2745 3132 2789 creatam
3164 2751 3391 2792 manere

1830 2823 2160 2878 immobilem
2194 2824 2247 2877 in
2282 2832 2424 2880 statu
2458 2833 2626 2880 suoet
2660 2823 2921 2880 ﬁrmitate
2954 2826 3391 2899 munirizuequa

1832 2915 1924 2985 (ut
1977 2926 2201 2970 crateras
2254 2915 2373 2983 ejus
2424 2916 2705 2985 passiones
2760 2917 3199 2989 mutationesque
3256 2926 3393 2988 prie.

1830 3008 2070 3075 teream)
2105 3007 2264 3076 aquis
2295 3006 2343 3062 si
2380 3009 2559 3063 minus
2591 3007 2901 3064 universam
2930 3017 3076 3065 certe
3098 3011 3390 3067 maximam

1830 3107 2039 3168 partem
2075 3098 2330 3153 inundari
2357 3114 2373 3164 ;
2436 3098 2668 3169 paulove
2691 3099 2871 3155 minus
2898 3114 3063 3169 quam
3093 3116 3218 3155 cum
3248 3101 3391 3158 invi-

156 3185 466 3250 κλύξεσθαι
494 3201 508 3215 ·
550 3187 647 3241 καὶ
672 3188 870 3259 μικροῦ
920 3186 1087 3259 μηδὲν
1146 3188 1364 3243 ἔλαττον
1392 3190 1424 3261 ἡ
1452 3191 1538 3244 ὅτε
1567 3190 1731 3262 ἀόρα-
1757 3212 1800 3271 c

1757 3212 1800 3271 ο
1833 3190 2007 3245 sibilis
2029 3198 2148 3246 erat
2167 3199 2221 3245 et
2244 3189 2516 3255 informis,
2544 3188 2798 3246 ﬂuctibus
2824 3190 3001 3246 obrui.
3034 3191 3227 3249 Aerem
3255 3209 3393 3262 quo.

158 3294 254 3341 τος
282 3279 382 3331 καὶ
409 3278 893 3342 ἀκατασκεύαστος
922 3272 989 3349 ἦν
1018 3281 1081 3349 τῇ
1125 3279 1466 3354 πλημμυρίδι
1504 3282 1733 3353 συγκρύ-

158 3370 439 3423 πτεσθαιο
472 3370 690 3423 καὶτὸν
725 3370 863 3441 ἀέρα
900 3369 956 3423 δὲ
1004 3370 1239 3443 καθαρόν
1293 3390 1350 3425 τε
1401 3374 1496 3427 καὶ
1556 3374 1733 3443 πάσης

158 3462 594 3532 ἀπηλλαγμένον
622 3461 777 3515 νόθου
808 3462 1117 3531 μετουσίας,
1149 3463 1415 3534 σωτήριόν
1442 3480 1502 3517 τε
1524 3464 1733 3536 ἀνθρώ.

157 3570 289 3616 ποις
320 3554 419 3605 καὶ
445 3554 558 3615 τοῖς
586 3552 766 3615 ἀλλοις
790 3549 949 3617 ζώοις
973 3552 1298 3617 ὑποστάντα,
1331 3553 1435 3607 οῦκ
1466 3553 1575 3607 ἔδει
1597 3556 1735 3625 πρὸς

156 3646 410 3716 λοιμώδη
442 3646 534 3699 καὶ
560 3646 867 3719 φθαρτικὴν
893 3644 1001 3702 τῶν
1034 3644 1357 3717 σωζομένων
1401 3647 1733 3705 κατάστασιν

157 3738 554 3809 μεταπίπτειν.
590 3736 655 3791 Εί
691 3738 746 3792 δὲ
767 3738 941 3793 ταῦτα
970 3740 1363 3811 προαγομένοις
1393 3741 1576 3803 αὐτοῖς
1607 3742 1733 3813 ὅρος

156 3831 413 3898 ἑνεπάγη
459 3827 886 3898 μεταϐάλλεσθαι
910 3830 1008 3900 τὴν
1040 3830 1221 3900 φύσιν,
1266 3832 1329 3885 ού
1357 3831 1527 3885 ταῦτα
1548 3832 1605 3886 δὲ
1630 3834 1730 3904 μό,

155 3936 277 3985 νον,
310 3918 456 3972 ἀλλά
483 3919 574 3973 καὶ
593 3919 662 3972 τά
684 3919 897 3982 τούτοις
925 3918 1203 3990 σύστοιχα,
1224 3919 1447 3990 ἀμεινον
1468 3916 1538 3992 ἦν
1565 3923 1729 3992 μηδὲν

148 4009 371 4064 τούτων
402 4009 483 4071 είς
514 4008 841 4081 προαγωγὴν
863 4009 1142 4080 ἐνεχθῆναι
1165 4026 1180 4044 ν
1219 4006 1338 4065 εἶτα
1366 4013 1394 4065 ὁ
1431 4011 1528 4084 τὴν
1551 4014 1728 4070 κτίσιν

146 4098 285 4169 δλην
315 4096 491 4160 οὕτως
522 4098 924 4163 ἀνασκευάζων,
948 4099 1048 4170 ὅση
1077 4117 1135 4153 τε
1172 4100 1231 4153 έν
1250 4103 1480 4171 νοητοῖς,
1506 4103 1600 4160 καὶ
1626 4104 1725 4176 ὅση

148 4190 209 4240 έν
244 4187 553 4257 αἰσθητοῖς,
587 4187 679 4243 καὶ
698 4188 830 4260 μηδὲ
853 4187 961 4243 τῶν
984 4188 1205 4261 ἀψύχων
1234 4190 1566 4263 φειδόμενος,
1592 4193 1727 4250 ἀλλά

148 4279 344 4330 πάντα
386 4277 599 4347 πικρῶς
619 4277 761 4332 οὕτω
808 4279 1177 4349 ζυγοστατῶν,
1212 4282 1307 4337 καὶ
1336 4286 1402 4354 τῇ
1451 4284 1558 4355 ίδίᾳ
1592 4286 1724 4341 καθο

144 4364 485 4419 υποδάλλων
506 4367 613 4420 τῶν
638 4368 910 4439 λογισμῶν
944 4370 1142 4442 κρίσει,
1173 4372 1267 4425 καὶ
1302 4374 1493 4443 μηδενὶ
1520 4376 1724 4433 τούτων

148 4457 651 4527 συναρεσκόμενος,
674 4461 728 4516 τί
763 4464 949 4529 ποιεῖς
987 4463 1117 4533 περὶ
1148 4464 1247 4534 τῆς
1291 4463 1385 4518 τοῦ
1433 4464 1720 4541 ἀνθρώπου

1835 3297 1941 3351 que
1969 3281 2243 3336 decuisset
2289 3296 2483 3350 purum
2522 3295 2647 3337 esse
2701 3290 2866 3351 atque
2897 3281 3043 3337 omni
3075 3283 3395 3339 humiditate

1832 3387 2083 3437 vacuum,
2119 3373 2432 3429 hominibus
2463 3372 2793 3444 exterisque
2842 3375 3210 3431 animantibus
3242 3375 3394 3435 salu-

1832 3473 2033 3530 tarem;
2091 3478 2201 3519 non
2252 3471 2432 3520 autem
2462 3465 2530 3520 ad
2578 3466 2917 3536 pestilentem
2948 3467 3395 3540 mortiferumque

1830 3556 2133 3611 viventibus
2158 3555 2522 3612 conditionem
2553 3558 2823 3613 converti.
2879 3558 3035 3627 Quod
3092 3560 3139 3617 si
3179 3560 3295 3619 haec
3320 3562 3395 3620 ita

1832 3658 2080 3719 generata
2114 3659 2261 3714 sunt,
2294 3659 2353 3704 ut
2399 3658 2650 3706 naturam
2687 3651 2900 3706 variare
2939 3651 3189 3719 soleant;
3218 3669 3396 3723 neque

1829 3738 1941 3792 haec
1965 3737 2342 3792 tantummodo
2379 3738 2471 3793 sed
2502 3738 2609 3793 alia
2653 3738 2962 3808 ejusmodi;
3021 3742 3196 3796 satius
3250 3752 3386 3804 erat,

1828 3828 2007 3901 inquit
2040 3829 2257 3899 aliquis,
2307 3828 2421 3886 haec
2457 3830 2682 3885 omnino
2732 3845 2843 3887 non
2883 3832 3077 3889 creari.
3126 3833 3218 3890 Sic
3259 3849 3390 3904 ergo

1828 3923 1931 3977 iste
1964 3921 2275 3977 universam
2307 3932 2555 3977 naturam
2608 3920 2959 3988 labefactans,
3022 3924 3138 3981 sive
3183 3940 3304 3996 qua
3331 3928 3387 3985 iu

1827 4013 2277 4070 intellectualihus
2301 4021 2384 4069 est
2408 4014 2522 4069 sive
2569 4030 2695 4086 quae
2732 4016 2786 4071 in
2819 4016 3188 4083 sensibilibus,
3240 4028 3295 4075 et
3319 4036 3389 4077 ne

1825 4102 2082 4170 inanimis
2107 4101 2327 4174 quidem
2366 4103 2529 4159 rebus
2560 4119 2812 4174 parcens,
2846 4107 2940 4163 sed
2977 4117 3172 4169 cuncta
3194 4114 3390 4166 acerbe

1823 4196 1903 4251 sic
1934 4210 2240 4265 exatquans,
2277 4196 2470 4267 suique
2508 4197 2777 4253 ratiocinii
2806 4198 3014 4268 judicio
3045 4201 3344 4272 subjiciens
3366 4246 3384 4270 ,

1823 4287 2066 4358 nihilque
2106 4289 2299 4343 horum
2348 4290 2611 4359 probans,
2668 4291 2800 4360 quid
2855 4292 3075 4349 dentom
3114 4295 3264 4365 agit?
3318 4296 3387 4352 de

1822 4380 2059 4435 hominis
2082 4381 2377 4448 creatione,
2413 4382 2557 4451 quod
2599 4397 2764 4439 unum
2794 4393 2877 4438 est
2902 4400 2935 4440 e
2958 4386 3156 4445 creatis
3176 4390 3387 4456 generi-

1821 4472 1925 4529 bus
1943 4472 2197 4542 ambigit;
2230 4473 2314 4527 vel
2341 4471 2507 4527 Deum
2544 4474 2709 4527 alium
2744 4486 3155 4548 creatoremque
3188 4480 3385 4549 qumrit

138 4550 523 4621 δημιουργίας
562 4551 680 4615 ἑνὸς
722 4553 896 4617 εἴδους
938 4554 1048 4607 τῶν
1092 4556 1391 4624 γεγονότων
1438 4557 1717 4628 διαπορεῖ’
1750 4550 1794 4607 Ι)

1750 4550 1794 4607 Ι)
1824 4561 1891 4633 (o
1921 4560 2062 4615 Deus
2094 4563 2295 4631 bone!)
2350 4578 2508 4631 quem
2557 4563 2685 4618 dum
2739 4565 2987 4635 ignarum
3038 4568 3115 4623 rei
3142 4570 3381 4625 melioris

140 4641 176 4711 ἢ
207 4641 355 4692 θεὸν
402 4640 589 4711 ἕτερον
638 4643 730 4698 καὶ
790 4643 1115 4717 δημιουργὸν
1150 4647 1400 4719 ἐπιζητεῖ
1434 4648 1616 4719 (ῖλεως
1661 4652 1719 4706 δὲ

1819 4666 1883 4706 ea
1905 4666 2025 4720 qua
2054 4650 2291 4705 diximus
2323 4651 2515 4707 fecisse
2546 4654 2643 4715 ait,
2674 4654 2889 4709 ellronti
2912 4657 3059 4710 vultu
3091 4658 3381 4730 linguaque

136 4734 287 4802 ἡμῖν
319 4733 433 4802 είη)
468 4732 655 4805 ἀμαθῆ
687 4734 745 4792 δὲ
771 4736 865 4789 τοῦ
901 4738 1206 4808 κρείττονος
1256 4742 1347 4792 τὸν
1375 4740 1548 4795 ταῦτα
1580 4760 1718 4814 προ.-

1818 4743 2006 4799 ellreni
2033 4742 2214 4797 omnia
2249 4743 2570 4799 subsanuat.
2608 4744 2712 4800 Sed
2737 4760 2836 4801 cur
2861 4746 2971 4803 dixi
3008 4746 3179 4802 Deum
3213 4750 3378 4806 alium

135 4824 439 4892 ἀγαγόντα
464 4824 639 4879 πάντα
666 4826 871 4881 ἀναιδεῖ
900 4827 1174 4898 προσώπῳ
1188 4830 1281 4884 καὶ
1305 4830 1571 4903 ἀπυλώτῳ
1597 4835 1722 4887 στόν-

1816 4846 2227 4907 creatoremque
2278 4835 2347 4890 ab
2389 4851 2455 4891 eo
2512 4836 2724 4906 queri?
2782 4837 2900 4908 Ipse
2927 4842 3107 4909 potius
3132 4857 3189 4896 se
3217 4842 3269 4896 in
3300 4844 3382 4898 in.

137 4929 282 4982 ματι
342 4912 709 4984 διακωμῳδεῖ.
742 4915 809 4967 Τί
852 4915 909 4969 δὲ
947 4915 1088 4985 λέγω
1132 4917 1263 4971 Θεὸν
1290 4917 1476 4989 ἕτερον
1506 4920 1598 4973 καὶ
1624 4920 1719 4991 δη-

1817 4929 1988 4985 sanim
2052 4926 2401 4997 stultitiaque
2464 4926 2682 4998 fastigio
2753 4930 3028 4987 collocatis
3086 4934 3382 4991 creatiouis

136 5002 421 5074 μιουργὺν
455 5002 732 5075 ἐπιζητεῖς
766 5005 928 5058 αὑτὸν
964 5007 1075 5077 γὰρ
1110 5007 1271 5070 αὐτὸς
1304 5008 1534 5073 καθίσας
1555 5012 1613 5063 έν
1640 5010 1717 5082 τῷ

1821 5021 2263 5082 emendatorem,
2319 5032 2537 5075 omnem
2594 5017 2691 5073 Dei
2752 5020 3001 5075 notitiam
3063 5037 3129 5077 ex
3184 5024 3382 5080 animis

132 5093 240 5163 τῆς
265 5091 540 5156 ἀπονοίας
576 5094 669 5147 καὶ
690 5095 875 5158 ἀνοίας
901 5093 1023 5166 ὕψει
1049 5097 1160 5151 τῶν
1175 5098 1475 5165 γεγονότων
1496 5099 1720 5171 διορθωο

130 5184 262 5255 τὴν,
291 5183 521 5252 ἀφελεῖν
548 5185 837 5249 σπουδάζει
866 5187 1142 5252 παντελῶς
1167 5189 1265 5261 τὴν
1293 5193 1420 5265 περὶ
1464 5191 1598 5247 Θεοῦ
1628 5193 1718 5246 ιν-

137 5293 319 5338 νοιαν,
361 5276 432 5345 ἣν
462 5276 562 5346 τῆς
602 5275 735 5341 ίδίας
789 5279 1173 5349 προαφείλετο,
1219 5280 1330 5334 τῶν
1361 5281 1718 5354 ἀνθρωπίνων

128 5365 336 5438 ψυχῶν
356 5380 373 5397 ⁶
403 5365 542 5421 ἀλλά
570 5366 740 5421 ταῦτα
769 5368 868 5437 μὲν
891 5370 966 5433 ὡς
991 5370 1129 5424 κατά
1161 5370 1321 5439 λόγον
1365 5373 1715 5447 κεφαλαιώδη

130 5457 305 5512 ίκανά
328 5451 484 5528 οἶμαι
504 5457 715 5511 καίτῶν
737 5459 1249 5533 παραλελειμμένων
1268 5464 1345 5526 είς
1363 5462 1568 5518 ἔννοιαν
1583 5465 1716 5518 ἀνα-

125 5549 358 5616 γαγεῖν*
379 5549 475 5600 καὶ
506 5550 628 5612 τοὺς
642 5550 939 5619 ἀντιλέγειν
951 5552 1117 5606 πάλαι
1161 5552 1610 5627 θρασυνομένους,
1641 5554 1717 5621 ώς

127 5638 563 5711 βοῦς(31)ὲπέ6η
587 5640 685 5713 τὴν
704 5642 1021 5713 παροιμίαν,
1038 5643 1132 5699 καὶ
1153 5646 1335 5702 πεῖσαι
1360 5644 1712 5715 μεταμαθεῖν.

1822 5108 2127 5172 hominum,
2167 5121 2329 5178 quam
2351 5108 2418 5163 de
2441 5123 2538 5164 suo
2564 5107 2678 5178 jam
2697 5110 2924 5179 expulit,
2958 5111 3143 5168 delere
3166 5114 3377 5173 nititur.

1823 5197 1928 5255 Sed
1985 5200 2246 5256 hactenus
2315 5199 2654 5269 capitulatim
2695 5201 2970 5272 disputata
3008 5204 3277 5261 sulﬁciunt
3309 5209 3378 5264 ad

1820 5293 2307 5366 praetermissarum
2336 5294 2522 5361 etiam,
2578 5302 2637 5352 ut
2680 5306 2829 5365 puto,
2871 5300 3232 5357 relricandam
3268 5302 3379 5355 me-

1822 5384 2093 5449 moriam;
2129 5398 2291 5453 atque
2344 5394 2404 5439 ut
2459 5384 2494 5439 ii
2531 5388 2625 5457 qui
2657 5388 2786 5442 olim
2805 5390 3178 5447 contradicere
3212 5393 3380 5447 aude.

1823 5475 1973 5541 bant,
2006 5482 2262 5543 tanquam
2287 5474 2331 5528 si
2363 5475 2462 5530 bos
2486 5477 2792 5547 irrupisset,
2818 5488 2876 5535 ut
2904 5481 2979 5536 ait
3006 5484 3375 5552 proverbium,

1821 5565 2099 5623 dediscere
2127 5580 2234 5621 non
2267 5576 2537 5626 recusent.

194 5798 322 5867 ('5!)
360 5795 513 5866 Diog.
543 5808 695 5865 prov.
730 5806 874 5851 cent.
919 5796 1009 5864 Ill,
1064 5796 1125 5855 6|
1169 5817 1182 5854 :
1237 5797 1372 5863 Βοῦς
1404 5799 1610 5873 ίπέσηο
1671 5801 1765 5857 ἰπὶ
1802 5798 1852 5855 τί

1713 5801 1765 5857 πῖ
1802 5798 1911 5855 τῶν
1950 5797 2207 5873 ἐξαίφνης
2250 5800 2598 5859 σιωπώντων·
2651 5805 2714 5862 τὸ
2769 5807 2876 5877 γὰρ
2920 5807 3185 5878 ἀργύριον
3243 5808 3371 5884 βοῦν

384 5909 653 5973 Panos.
682 5912 795 5976 Gs.
833 5911 918 5976 CI.

2938 5918 2971 5985 5
