4198 6440
727 367 832 437 1³1
1253 475 1580 546 ΟῸᾸΞΒΤΙΟ
1630 474 1770 534 XIV.

732 575 873 644 Quid
912 582 990 629 est
1025 572 1192 628 illud:
1240 590 1258 623 ι
1299 573 1480 638 Aperti
1520 564 1642 626 su'nt
1669 587 1850 644 eorum
1889 572 2062 644 oculi.
2105 591 2124 624 ι
2154 571 2293 644 Gen.

806 662 889 707 Ill,
909 645 962 708 7,
984 664 1003 697 ι
1035 653 1084 698 et
1106 644 1365 711 quomodo
1393 643 1745 712 transgressio
1770 642 1874 694 vim
1901 641 2080 695 habuit
2123 642 2301 698 oculos

801 715 1068 786 aperiendi
1083 714 1106 754 ν

1877 365 2144 428 PHOTII
2177 365 2684 428 PATRIARCHE
2715 369 2825 429 CP.

2329 479 2380 540 A

3877 353 3987 421 132

2969 470 3303 529 ΕΡΩΤΗΣΙΣ
3329 473 3426 527 1Δ⁹.

2407 571 2468 625 Τί
2495 569 2627 622 ἐστι
2653 569 2741 632 τὸ,
2769 587 2787 620 ι
2815 568 3257 634 Διηνοίχθησαν
3292 562 3492 618 αὐτῶν
3525 565 3580 618 οι
3608 562 3928 634 ὀφθαλμοίο
3961 580 3980 613 s

2475 641 2571 691 καὶ
2607 637 2732 704 πῶς
2769 640 2808 705 ἡ
2846 632 3183 706 παράϐασις
3226 635 3413 704 laxi)?
3461 634 3611 704 ἄσχυ
3651 632 3972 701 march-etv

2480 709 2868 777 ὀφθαλμούς-ς

1773 825 1910 875 Edita
1957 840 1985 877 a
2009 825 2154 884 Malo,
2186 826 2316 875 Non.
2343 821 2488 884 00".,
2516 829 2552 871 t.
2587 823 2671 881 IX,
2697 824 2772 881 14,
2806 821 2883 871 15.

802 937 938 994 lllud
974 944 1178 1004 autem,
1212 954 1232 988 ι
1259 936 1443 1005 Aperti
1477 944 1606 992 sunt
1634 937 1916 990 amborum
1960 936 2160 1000 θεοῦ.»
2201 950 2309 990 non

739 1032 885 1100 quod
928 1029 1294 1100 transgressio
1336 1029 1606 1098 aperuerit
1641 1043 1830 1083 eorum
1874 1033 2086 1091 oculos,
2131 1026 2305 1089 absit;

733 1141 840 1178 non
867 1127 1014 1180 enim
1049 1127 1313 1192 scriptum
1361 1130 1444 1176 est
1472 1121 1589 1192 ipsa
1632 1123 2067 1191 transgressione
2113 1134 2305 1174 eorum

731 1217 923 1270 oculos
971 1224 1186 1284 apertos
1241 1214 1434 1277 fuisse,
1477 1212 1570 1268 sed
1619 1223 1746 1283 post
1787 1213 2301 1280 transgressionem.

736 1309 877 1363 liicit
905 1309 1049 1362 enim
1078 1326 1090 1360 :
1129 1326 1147 1358 ι
1184 1305 1250 1360 Ει
1275 1315 1564 1377 postquam
1594 1307 1801 1375 accepit
1827 1304 2039 1372 mulier,
2068 1305 2138 1360 de
2156 1305 2306 1359 fruc-

736 1411 792 1455 tu
855 1401 1110 1466 comedit,
1137 1409 1191 1454 et
1219 1401 1391 1471 aperti
1432 1409 1559 1455 sunt
1589 1399 1730 1453 oculi
1760 1399 2083 1464 amborum;
2115 1417 2135 1448 ι
2162 1395 2307 1466 quod

734 1493 842 1546 tale
889 1492 1171 1562 quoddam
1209 1502 1332 1546 est:
1367 1491 1497 1546 Post
1532 1491 1793 1562 peccandi
1837 1498 2045 1552 aetum,
2092 1498 2153 1543 ut
2192 1489 2306 1558 ple-

735 1598 968 1654 rumque
1014 1583 1218 1652 peccati
1269 1583 1510 1653 cognitio
1560 1581 1921 1652 supervenit,
1969 1591 2024 1636 et
2070 1581 2311 1635 audaciae

736 1675 1052 1745 magnitudo
1081 1675 1252 1746 magis
1288 1675 1623 1749 agnoscitur.
1652 1674 1960 1745 Cupiditate
2018 1674 2164 1728 enim
2191 1686 2312 1742 quae

2479 932 2554 984 Tb
2577 932 2658 995 δὲ,
2683 950 2701 982 ι
2723 929 3116 1001 Διηνοίχθησαν
3136 931 3185 982 oi
3202 927 3468 998 ὀφθαλμοὶ
3488 927 3596 980 τῶν
3614 926 3761 989 δύο.»
3786 926 3886 995 οὐκ
3906 925 3990 979 δτι

2413 1024 2446 1091 ή
2486 1021 2801 1093 παράϐασις
2829 1020 3096 1090 διήνοιξεν
3117 1019 3308 1072 αὐτῶν
3334 1019 3461 1082 τοὺς
3485 1017 3818 1088 ὀφθαλμοὺς,
3843 1016 3988 1070 άπα-

2420 1127 2482 1178 γε
2523 1126 2538 1141 ·
2575 1110 2697 1162 οὐδὲ
2723 1111 2835 1181 γὰρ
2865 1108 2975 1163 οὐδ’
3009 1111 3068 1163 έν
3112 1108 3250 1179 αὐτῇ
3288 1111 3356 1180 τῇ
3408 1109 3719 1179 παραϐάσει
3785 1109 3992 1176 γεγρα·

2409 1220 2543 1257 πται
2565 1205 2689 1266 τοὺς
2715 1203 3026 1274 ὀφθαλμοὺς
3054 1201 3233 1257 αὐτῶν
3258 1202 3646 1272 διανοιχθῆναι,
3678 1200 3816 1256 ἀλλά
3851 1202 3993 1271 μεεά

2407 1296 2507 1368 τὴν
2541 1297 2878 1366 παράϐασιν
2911 1296 3045 1366 φησὶ
3072 1297 3199 1366 γάρ·
3227 1313 3249 1347 ι
3268 1295 3380 1350 Καὶ
3402 1294 3639 1348 λαϐοῦσα
3667 1295 3702 1364 ή
3725 1294 3865 1364 γυνη
3882 1294 3993 1347 ἀπὺ

2411 1392 2503 1444 τοῦ
2535 1391 2751 1463 καρποῦ
2785 1391 2954 1444 αὑτοῦ
2978 1391 3152 1462 ἔφαγε
3207 1392 3304 1445 καὶ
3363 1389 3530 1443 ἔδωκε
3570 1391 3665 1442 καὶ
3701 1388 3784 1460 τῷ
3834 1389 3993 1458 ἀνδρὶ

2416 1485 2609 1554 αὐτῆς,
2643 1485 2738 1537 καί
2768 1483 2972 1554 ἔφαγον
2993 1485 3088 1536 καὶ
3103 1482 3489 1555 διηνοίχθησαν
3514 1483 3565 1535 οῖ
3587 1480 3858 1551 ὀφθαλμοὶ
3881 1479 3992 1533 τῶν

2412 1572 2505 1626 δύο
2530 1589 2545 1604 ο
2581 1593 2601 1625 s
2636 1575 2773 1644 ὅπερ
2805 1573 3045 1628 τοιοῦτόν
3086 1577 3237 1628 ἐστι’
3275 1574 3432 1630 Μετά
3455 1573 3554 1645 τήν
3586 1573 3866 1645 ἁμαρτίαν
3916 1571 3994 1634 ὡς

2412 1665 2482 1717 τά
2518 1664 2690 1718 πολλὰ
2713 1667 2746 1736 ή
2779 1665 3074 1737 ἐπίγνωσις
3090 1666 3186 1720 τοῦ
3209 1667 3607 1739 ἁμαρτήματος
3635 1665 3865 1734 γίνεται,
3895 1664 3994 1717 καὶ

738 1765 804 1819 ad
835 1767 1167 1835 peccandum
1203 1764 1536 1833 impellebat,
1576 1772 1626 1817 et
1673 1761 1899 1817 stimulo
1937 1761 2030 1831 qui
2067 1762 2312 1816 animum

2417 1757 2476 1810 sb
2506 1757 2741 1826 μέγεθος
2766 1758 2860 1812 τοῦ
2891 1759 3240 1832 τολμήματος
3283 1761 3410 1813 τότε
3475 1758 3674 1830 μᾶλλον
3732 1759 3995 1827 ἐπιγινώ-

738 1855 999 1924 agitabat,
1018 1864 1136 1923 post
1166 1852 1407 1921 exlegem
1432 1861 1611 1906 actum
1632 1859 1882 1905 cessante
1900 1858 1955 1904 et
1971 1847 2308 1918 quiescente,

739 1958 870 2002 tunc
912 1961 1043 2003 sane
1094 1955 1354 2015 tanquam
1408 1960 1508 2015 per
1557 1944 1698 1999 banc
1749 1942 1976 1997 multam
2025 1941 2312 2009 caliginem

740 2040 1083 2112 perspiciens
1117 2040 1258 2094 ratio
1288 2046 1343 2092 et
1393 2037 1751 2106 resipiscens,
1780 2050 1844 2089 ea
1875 2050 1998 2103 qua!
2035 2043 2157 2087 acta
2185 2041 2315 2087 sunt

741 2133 1004 2195 intuetur,
1047 2140 1101 2185 et
1148 2131 1204 2184 in
1238 2143 1399 2200 quem
1449 2138 1650 2184 statum
1693 2136 1747 2181 et
1784 2141 1814 2180 a
1857 2142 1969 2196 quo
2002 2135 2209 2179 mutata
2243 2127 2316 2179 sit

743 2224 916 2294 magis
939 2222 1224 2292 intelligit;
1249 2229 1303 2275 et
1330 2235 1454 2276 cum
1505 2217 1836 2274 conscientia
1868 2219 2039 2288 ipsam
2067 2217 2316 2271 vulneret

741 2325 796 2370 ct
823 2322 1092 2386 torqueat,
1129 2313 1276 2368 clare
1298 2313 1666 2376 discernitca,
1698 2325 1841 2380 quae,
1877 2310 2172 2379 cupiditate
2211 2310 2316 2362 int-

743 2408 996 2479 pellente,
1052 2420 1162 2460 non
1212 2403 1465 2459 similiter
1508 2403 1788 2458 cernebat.
1833 2402 2065 2456 Aliunde
2132 2409 2313 2455 autem

743 2501 977 2569 quisque
1005 2504 1228 2569 peccato
1250 2495 1472 2555 cedens,
1497 2494 1564 2548 iis
1592 2494 1792 2562 quibus
1815 2491 2068 2546 diabolus
2091 2491 2318 2546 titillaus

742 2601 796 2645 t'l
835 2591 1081 2644 mulcens
1113 2603 1212 2642 nos
1229 2586 1502 2641 eil'emiuat
1528 2595 1582 2638 et
1612 2585 1847 2639 tenebris
1873 2585 2062 2652 replet,
2089 2583 2317 2637 innexos

744 2684 901 2753 quasi
941 2682 1047 2738 fert
1082 2696 1213 2736 suos
1251 2693 1468 2741 sensus,
1496 2688 1551 2734 et
1587 2677 1767 2748 quoad
1815 2677 1925 2730 vim
1972 2674 2315 2731 discernendi

748 2775 1051 2829 mutilatos.
1098 2774 1229 2827 Post
1290 2771 1559 2826 actionem
1619 2779 1799 2824 autem
1852 2770 1954 2824 sub
2014 2769 2205 2823 oculos
2260 2768 2314 2823 id

748 2867 892 2936 quod
932 2873 1192 2919 tentatum
1218 2871 1302 2917 est
1332 2861 1574 2923 adducit,
1607 2872 1660 2914 et
1704 2859 1899 2915 acerbe
1953 2859 2128 2929 aperit
2169 2860 2317 2928 quod

749 2959 902 3027 prius
951 2955 1138 3010 multis
1183 2953 1432 3008 artiﬁciis
1471 2953 1760 3006 celaverat.
1810 2951 1940 3004 Dein
1993 2951 2063 3005 iis
2114 2951 2316 3020 quibus

755 3047 980 3102 sceleris
1015 3044 1218 3099 molem
1247 3032 1698 3111 comprehensam
1743 3039 1937 3101 reddit,
1975 3038 2030 3092 in
2061 3037 2317 3108 despera-

752 3143 952 3193 tionem
982 3150 1106 3191 eum
1141 3133 1234 3204 qui
1263 3132 1509 3204 peccavit
1539 3130 1814 3201 impellere
1839 3139 2090 3185 conatur.

2414 1864 2602 1902 σκεται
2619 1865 2634 1880 ·
2653 1849 2746 1902 τοῦ
2775 1851 2885 1921 γάρ
2906 1849 3410 1922 ἔπιπροσωθοῦντος
3439 1851 3647 1915 πάθους
3665 1851 3760 1905 καὶ
3775 1850 3995 1904 κινοῦνο

2411 1956 2501 2003 τος
2534 1931 2750 2012 οἴστρου
2785 1943 2924 2012 πρὸς
2955 1942 3053 2014 τήν
3085 1943 3382 2015 ἁμαρτίαν,
3418 1946 3559 2016 μετά
3601 1943 3698 2015 τήν
3723 1943 3996 2013 ἔκθεσμον

2413 2034 2613 2102 πρᾶξιν
2647 2035 2999 2105 πεπαυμένον
3028 2053 3089 2090 τε
3118 2036 3215 2089 καὶ
3237 2035 3592 2108 ἠρεμοῦντος,
3617 2037 3736 2090 τότε
3763 2035 3830 2109 δή
3871 2037 3994 2090 τότε

2415 2123 2605 2194 ὥσπερ
2645 2125 2916 2195 διακύψας
2945 2128 3046 2198 τῆς
3101 2127 3302 2199 πολλῆς
3335 2128 3533 2198 ἀχλύος
3571 2128 3788 2198 ἐκείνης
3830 2129 3860 2180 δ
3903 2127 3996 2179 λοι

2414 2215 2609 2284 γισμὺς
2639 2218 2733 2271 καὶ
2783 2217 3067 2287 ἀνανήψας
3117 2220 3292 2290 ἐφορᾷ
3345 2219 3415 2273 τά
3461 2220 3854 2291 πεπραγμένα,
3898 2222 3996 2273 καὶ

2417 2307 2500 2369 είς
2528 2308 2645 2361 οἵαν
2672 2309 3007 2364 κατάστασιν
3035 2313 3130 2365 καὶ
3154 2312 3216 2377 ἐξ
3234 2311 3354 2376 οἵας
3385 2311 3717 2384 μετηνέχθη,
3749 2311 3850 2383 τὴν
3876 2329 3997 2365 συν-

2416 2396 2669 2468 αίσθησιν
2705 2400 2907 2469 μᾶλλον
2938 2401 3223 2472 λαμϐάνει,
3255 2405 3349 2457 καὶ
3396 2404 3458 2457 sb
3508 2404 3746 2468 συνειδὸς
3791 2403 3997 2475 τιτρῶ-

2418 2504 2548 2542 σκον
2592 2492 2754 2544 αὐτὸν
2791 2494 2886 2546 καὶ
2910 2494 3174 2566 διεγεῖρον
3206 2495 3366 2566 ἔχων,
3397 2495 3677 2551 διαϐλέπει
3725 2498 3938 2570 τρανῶς
3959 2497 3998 2552 ἆ

2416 2581 2512 2634 τοῦ
2539 2583 2746 2649 πάθους
2774 2586 3286 2660 ἔπιπροσωθοῦντος
3336 2589 3434 2661 οὐχ
3464 2590 3669 2661 ὁμοίως
3713 2591 3941 2644 ἔϐλεπεν
3975 2608 3990 2622 ·

2417 2673 2592 2738 ἄλλως
2643 2693 2703 2729 τε
2755 2677 2813 2731 δὲ
2859 2681 2996 2750 πρὸς
3046 2679 3144 2750 τὴν
3195 2682 3472 2751 ἁμαρτίαν
3523 2684 3754 2747 ἔκαστος
3799 2686 3996 2755 χωρῶν

2416 2759 2498 2828 οἷς
2522 2767 2550 2817 ό
2588 2767 2825 2840 πονηρὸς
2851 2769 3287 2842 διαγαργαλίζων
3314 2789 3374 2825 τε
3391 2772 3481 2826 καὶ
3509 2772 3821 2842 ὕποθέλγων
3845 2775 3997 2844 ήμᾶς

2420 2855 2705 2927 ὲκθηλύνει
2742 2860 2837 2912 καὶ
2881 2862 3082 2929 γνόφου
3118 2861 3318 2933 πληροῖ
3347 2865 3766 2934 κεκαρωμένους
3803 2861 3997 2935 ὥσπερ

2420 2945 2575 3017 φέρει
2608 2949 2736 3012 τοὺς
2762 2950 3056 3021 λογισμοὺς
3090 2954 3184 3007 καὶ
3215 2955 3651 3026 πεπηρωμένους
3687 2955 3748 3008 sb
3771 2955 3998 3009 ὀπτικον

2420 3039 2518 3109 τῆς
2561 3039 2884 3113 διακρίσεως
2910 3058 2926 3075 ⁶
2976 3045 3115 3115 μετά
3144 3044 3201 3098 δὲ
3231 3045 3330 3116 τὴν
3359 3045 3557 3118 πρᾶξιν
3584 3047 3676 3100 ὑπ’
3702 3046 3826 3116 θψιν
3871 3047 3997 3114 ἄγει

2343 3121 2388 3185 C
2420 3130 2483 3183 sb
2505 3131 2798 3204 τολμηθὲν,
2845 3136 2939 3190 καὶ
2991 3138 3363 3192 ἀνακαλύπτει
3393 3137 3608 3209 πικρῶς
3655 3138 3685 3192 δ
3724 3139 4002 3211 πρότερον

751 3236 974 3298 πολλαῖς
999 3233 1266 3304 μηχαναῖς
1295 3227 1698 3283 συνεκάλυπτεν
1723 3243 1738 3258 ’
1802 3222 1919 3281 εἷτα
1979 3227 2047 3279 δι’
2091 3219 2168 3280 ὧν
2226 3224 2554 3298 κατάφωρον
2615 3231 2706 3284 τὸν
2763 3231 2927 3302 ὃγκον
2979 3233 3235 3289 ἀποτελεῖ
3283 3231 3380 3288 τοῦ
3436 3233 3808 3307 τολμήματος,
3861 3233 4002 3306 πρὸς

750 3329 1060 3398 ἀπόγνωσιν
1080 3323 1243 3378 ὠθεῖν
1295 3323 1553 3394 πειρᾶται
1583 3322 1672 3374 τὸν
1696 3321 2111 3392 άμαρτήσαντα.

821 3424 956 3477 lllud
980 3422 1161 3492 igitur,
1186 3438 1204 3472 ι
1229 3419 1411 3490 Aperti
1435 3427 1562 3474 sunt
1582 3433 1769 3474 eorum
1791 3419 1986 3480 oculi,»
2011 3435 2116 3472 non
2144 3419 2324 3476 relati-

752 3533 816 3570 se
845 3515 912 3569 ad
940 3513 1268 3568 antecedens
1292 3521 1530 3580 tempus,
1556 3525 1732 3580 neque
1750 3510 2065 3579 priusquam
2124 3525 2155 3565 a
2208 3511 2324 3582 lege

754 3605 887 3677 ipsis
916 3603 1170 3674 imposita
1196 3601 1528 3666 deciderent,
1557 3601 2024 3670 interpretandum
2049 3610 2166 3668 est;
2192 3611 2322 3658 tunc

752 3699 898 3753 enim
932 3696 1122 3752 oculos
1159 3695 1329 3768 magis
1357 3703 1576 3764 apertos
1608 3693 1900 3759 habebant,
1932 3695 2170 3750 nondum
2203 3712 2322 3751 ser-

752 3789 932 3859 pentis
963 3785 1433 3842 susurrationibus
1467 3784 1700 3854 decepti,
1730 3793 1782 3838 et
1804 3784 2115 3854 vigilantem
2147 3785 2213 3841 ad
2239 3786 2322 3840 vi-

753 3881 988 3937 dendum
1023 3879 1152 3950 quid
1210 3877 1520 3934 faciendum
1567 3886 1734 3942 esset,
1783 3887 2017 3931 mentem
2056 3876 2318 3933 ferebant.

752 3973 873 4030 Non
910 3975 1074 4043 igitur
1106 3973 1282 4028 visum
1318 3987 1424 4025 non
1463 3969 1745 4032 habentes,
1775 3982 2054 4039 peccatum
2087 3970 2324 4027 admise-

753 4075 902 4130 runt,
921 4064 1015 4120 sed
1037 4071 1224 4120 contra
1247 4063 1300 4116 in
1324 4061 1653 4117 admittendo
1688 4069 1908 4131 peccato
1943 4061 2322 4130 mentientes;

753 4169 1044 4229 postquam
1069 4166 1248 4210 autem
1273 4165 1548 4224 peccatum
1573 4153 1691 4217 fuit,
1713 4153 1887 4208 visum
1916 4162 2322 4223 recuperarunt.

755 4251 966 4306 l’ravus
1015 4249 1179 4320 igitur
1228 4258 1283 4303 et
1326 4248 1396 4303 ab
1453 4248 1608 4302 initio
1640 4245 1814 4300 malus
1867 4255 2068 4301 nostrae
2117 4254 2326 4301 natura:

756 4341 932 4396 hostis
969 4341 1148 4396 sciens
1197 4350 1250 4394 et
1285 4340 1399 4409 ipse
1427 4354 1491 4394 ex
1527 4339 1592 4394 iis
1616 4353 1738 4408 quae
1790 4353 1983 4407 passus
2028 4345 2164 4401 erat,
2200 4346 2327 4408 post

759 4433 956 4486 malam
996 4432 1264 4486 actionem
1299 4430 1567 4485 exsistere
1591 4428 1770 4484 delicti
1803 4427 2238 4497 intelligentiam,
2271 4435 2326 4482 et

758 4523 935 4594 ipsum
982 4537 1089 4576 non
1141 4537 1201 4577 se
1245 4521 1312 4576 ad
1361 4519 1790 4590 resipiscentiam
1840 4518 2218 4584 convertisse;
2273 4525 2326 4572 et

2496 3420 2570 3473 Tb
2599 3418 2750 3488 γοῦν,
2788 3435 2807 3471 ι
2846 3418 3236 3491 Διηνοίχθησαν
3271 3417 3452 3474 αὐτῶν
3475 3420 3525 3474 οί
3547 3419 3846 3491 ὀφθαλμοὶ,
3878 3441 3897 3472 s
3930 3424 3998 3476 οὐ

2423 3511 2564 3582 πρὸς
2585 3510 2678 3565 sbv
2712 3509 3024 3580 ἔμπροσθεν
3053 3511 3264 3582 χρόνον,
3293 3511 3417 3564 οὐδὲ
3440 3513 3568 3583 πρὶν
3590 3511 3624 3583 ή
3648 3513 3747 3583 τῆς
3772 3514 3999 3583 ἐντολῆς

2424 3604 2619 3667 αὐτοὺς
2649 3604 2904 3657 ἐκπεσεῖν
2927 3602 3330 3675 παραληπτέονο
3353 3603 3473 3657 τότε
3491 3605 3595 3674 γάρ
3616 3606 4002 3676 ήνεῳγμένους

2424 3714 2484 3750 τε
2520 3696 2721 3766 μᾶλλον
2749 3691 2919 3767 εἶχον,
2951 3697 3134 3767 ’μήπω
3158 3696 3252 3749 τοῦ
3276 3695 3452 3767 ὄφεως
3483 3699 3598 3762 τοῖς
3639 3697 4003 3771 ψιθυρισμοῖς

2425 3789 2852 3853 ὐποκλαπέντες,
2886 3788 2982 3842 καὶ
3015 3790 3245 3861 σμνορᾷν
3290 3789 3353 3844 sb
3381 3790 3652 3861 πρακτέον
3692 3792 4001 3863 ἔγρήγορον

2424 3879 2619 3951 ἔφερον
2646 3879 2744 3951 τὴν
2768 3879 3030 3936 διάνοιαν.
3058 3880 3172 3935 Οὐκ
3206 3875 3300 3935 οὖν
3348 3879 3410 3934 sb
3439 3878 3660 3952 βλέπειν
3700 3881 3798 3933 οὐκ
3845 3882 4003 3952 ἔχον·

2426 3990 2536 4040 τες,
2568 3973 2662 4027 ἐπὶ
2686 3973 2787 4043 τῆς
2811 3971 3088 4043 ἁμαρτίας
3121 3971 3384 4027 ἀνέλαϐον
3408 3988 3422 4002 ·
3445 3973 3757 4026 τούναντίον
3810 3972 3868 4026 δὲ
3897 3973 4000 4044 τὴν

2427 4061 2702 4135 ἁμαρτίαν
2727 4065 2785 4117 ἔν
2803 4063 2881 4134 τῷ
2899 4063 3156 4135 πράττειν
3178 4061 3596 4133 τυφλιὶητοντες·
3619 4065 4001 4134 πεπαυμένης,

2426 4155 2525 4224 τὴν
2552 4155 2740 4225 ὅρασιν
2778 4154 3146 4225 ἀνεκτήσαντο
3173 4171 3188 4187 ο
3217 4155 3246 4207 ό
3282 4151 3411 4224 γοῦν
3456 4153 3691 4224 πονηρὸς
3715 4154 3809 4206 καὶ
3836 4155 4005 4224 ἀρχέ-

2427 4262 2598 4310 κακος
2626 4245 2782 4317 ἡμῶν
2813 4247 2910 4316 τῆς
2948 4246 3167 4314 φύσεως
3211 4244 3405 4316 ἐχθρὸς
3428 4242 3584 4309 εἰδὼς
3612 4247 3704 4299 καὶ
3735 4245 3898 4309 αὐτὸς
3940 4247 4004 4314 ἐξ

2426 4332 2502 4392 ὧν
2544 4339 2852 4403 ἔπεπόνθει,
2907 4339 2984 4402 ὡς
3033 4337 3173 4410 μετά
3219 4337 3320 4409 τήν
3361 4334 3456 4389 τοῦ
3504 4334 3677 4390 κακοῦ
3725 4333 3925 4408 πρᾶξιν
3968 4341 4004 4408 ή

2429 4430 2776 4501 συναίσθησις
2828 4429 3117 4499 ἐφίσταται
3168 4427 3266 4482 τοῦ
3325 4428 3852 4500 πλημμελήματος,
3905 4432 4004 4483 καὶ

2428 4521 2589 4584 αὐτὸς
2621 4521 2721 4574 οὐκ
2765 4521 3081 4592 ἐπεστράφη
3124 4519 3261 4593 πρὸς
3294 4520 3396 4592 τήν
3421 4520 3690 4592 ἀνάνηψιν
3710 4537 3726 4553 ·
3760 4522 3856 4575 καὶ
3885 4523 4006 4576 πεί-

756 4631 881 4670 cum
920 4615 1251 4684 experientia
1286 4613 1534 4668 didicerit
1583 4622 1869 4683 peccantes
1899 4622 2021 4682 post
2045 4619 2315 4681 peccatum

2433 4629 2503 4685 pq.
2535 4612 2719 4684 μαθὼν
2751 4614 2827 4678 ὼς
2853 4615 3044 4668 ἔπεται
3069 4616 3181 4679 τοῖς
3209 4614 3590 4685 ἁμαρτάνουσι
3621 4613 3680 4666 sb
3715 4614 3852 4684 μετά
3899 4615 4004 4684 τὴν

758 4707 913 4778 sequi
937 4681 1284 4761 conscientiae
1313 4681 1615 4770 stimulum,
1642 4713 1696 4759 et
1723 4681 1990 4757 Adamum
2022 4701 2315 4757 adhortans

2432 4681 2707 4776 ἁμαρτίαν
2727 4704 2950 4776 κέντρον
2975 4705 3073 4776 τῆς
3099 4681 3472 4778 συνειδήσεως,
3497 4707 3591 4760 καὶ
3617 4681 3729 4770 τοῖς
3759 4708 3889 4778 περὶ
3910 4681 4003 4762 sbv

757 4807 817 4852 ut
839 4812 934 4868 per
954 4796 1579 4868 legistransgressiouem
1600 4805 1781 4864 peccet
1804 4813 1818 4849 :
1843 4812 1862 4845 t
1887 4790 2005 4860 Qua
2023 4793 2220 4862 inquit,
2236 4791 2325 4848 die

757 4904 828 4944 ex
851 4902 918 4944 eo
946 4889 1257 4954 comedetis,
1302 4889 1615 4958 aperientur
1638 4885 1802 4941 vestri
1864 4885 2006 4941 oculi
2034 4903 2049 4950 ;
2081 4903 2100 4936 ι
2128 4883 2324 4941 deinde

759 4994 887 5036 cum
910 4980 981 5036 sit
997 4980 1065 5034 ab
1084 4979 1238 5034 initio
1260 4978 1385 5032 mali
1408 4977 1751 5033 machinator
1778 4986 1832 5032 et
1853 4975 2122 5032 mendacii
2144 4985 2319 5047 pater,

759 5073 1077 5128 commiscet
1093 5072 1335 5127 veritatis
1355 5071 1623 5143 cllycbnio
1653 5085 1843 5124 omnes
1878 5068 2140 5125 mendacii
2168 5079 2320 5140 tene-

759 5163 907 5226 bras,
938 5175 991 5218 et
1039 5165 1146 5217 ait:
1190 5183 1207 5214 ι
1239 5163 1401 5220 Eritis
1442 5163 1585 5217 sicut
1626 5162 1724 5228 dii,
1762 5161 1998 5218 scientes
2037 5163 2239 5218 bonum
2267 5171 2321 5218 et

762 5253 988 5308 malum.
1024 5272 1041 5304 ι
1068 5253 1170 5308 Sed
1205 5253 1662 5323 quemadmodum
1743 5255 2014 5322 peceando
2067 5253 2317 5322 .quidem

759 5345 1076 5407 caacutiuut,
1130 5345 1582 5416 transgressionis
1619 5360 1826 5411 amore,
1867 5355 1988 5417 post
2037 5355 2322 5415 peccatum

759 5436 1172 5508 intelligentiam
1211 5449 1264 5493 et
1295 5438 1722 5509 rcsipisccntiam
1771 5438 1951 5493 delicti
1983 5447 2322 5509 receperunt.

2443 4796 2615 4866 ’Δδάμ
2643 4797 2910 4868 ἁμαρτεῖν
2936 4797 3025 4852 διά
3047 4797 3410 4870 παραϐάσεως
3445 4798 3848 4869 ὑποτιθέμενος,
3883 4819 3902 4852 ι
3922 4793 4004 4871 ⁷ῌ

2428 4887 2474 4941 δ’
2507 4887 2592 4952 ἂν,
2636 4888 2821 4959 φησὶν,
2858 4889 3038 4961 ἡμέρᾳ
3085 4891 3297 4961 φάγητε
3335 4890 3432 4944 ἀπ’
3462 4889 3648 4956 αὑτοῦ,
3687 4889 4006 4960 διανοιχθή-

2431 4996 2613 5034 σονται
2633 4979 2786 5049 ὑμῶν
2809 4981 2858 5033 oi
2874 4979 3164 5052 ὀφθαλμοί·
3188 4997 3208 5032 ›
3238 4975 3359 5034 εἶτα
3387 4981 3768 5052 κακομήχανος
3794 4979 3874 5033 ὣν
3904 4981 4003 5034 ἀπ’

2427 5071 2602 5142 ἀρχῆς
2634 5072 2729 5125 καὶ
2765 5071 2997 5140 ψεύδους
3025 5071 3227 5145 πατὴρ,
3262 5071 3726 5144 συγκαταμιγνΰει
3789 5074 3856 5144 τῇ
3899 5073 4007 5141 τῆς

2428 5161 2686 5233 ἀληθείας
2715 5161 2989 5232 θρυαλλίδι
3016 5161 3136 5215 ὅλον
3162 5162 3223 5215 sb
3259 5161 3354 5218 τοῦ
3387 5161 3615 5231 ψεύδους
3665 5161 3855 5226 σκότος
3910 5161 4003 5216 καί

2427 5271 2623 5326 φησιν·
2660 5252 2918 5307 «Ἐσεσθε
2934 5253 3010 5318 ὡς
3041 5253 3173 5321 θεοὶ,
3201 5253 3560 5322 γινώσκοντες
3589 5253 3753 5308 καλὸν
3784 5254 3880 5306 καὶ
3907 5271 4005 5308 πο-

2431 5345 2616 5417 νηρόνο
2653 5363 2672 5397 i
2717 5343 2831 5398 ἀλλ’
2857 5343 2931 5408 ὡς
2970 5346 3028 5398 ὲν
3057 5345 3136 5416 τῷ
3166 5345 3500 5416 ἀμαρτάνειν
3530 5345 3632 5416 μὲν
3660 5343 4005 5414 τυφλώττον-

2428 5455 2541 5501 τες,
2608 5435 2687 5506 τῷ
2741 5434 2839 5506 τῆς
2895 5436 3256 5507 παραϐάσεως
3320 5436 3528 5507 ἔρωτι·
3593 5436 3733 5507 μετά
3782 5435 3841 5490 δι
3900 5437 4005 5509 τὴν

2284 5555 2519 5612 NOTAE.

756 5661 871 5742 εἶχε
900 5670 1008 5742 τῶν
1028 5671 1345 5740 ’Δθηναίωντ
1366 5669 1476 5725 οἷον
1504 5673 1555 5725 οί
1573 5672 2023 5742 δωροδοκούμενοι
2048 5672 2319 5742 έσιώπων.

759 5733 864 5797 Bos
889 5741 1102 5807 irrum’t,
1134 5733 1196 5800 de
1223 5744 1287 5798 iis
1338 5742 1534 5798 dicitur
1557 5733 1886 5813 gui'repente'
1927 5751 2119 5798 tacent.
2157 5733 2322 5798 At'he-

2429 5672 2690 5744 niensium
2729 5670 2867 5744 enim
2921 5673 3145 5738 pecunia
3193 5675 3313 5728 bove
3364 5673 3617 5744 insignita
3668 5673 3788 5743 fuit.
3829 5670 4000 5728 Silus

2428 5750 2602 5796 autem
2634 5741 2782 5795 donis
2811 5744 3061 5812 corrupti.
