4198 6440
200 434 292 502 133
1105 430 1207 491 AD
1239 426 1827 489 AMPIIIIDCHIUM
1854 425 2199 500 QII/ESTIO
2237 430 2389 508 XIV,
2422 433 2546 495 XV.
3352 432 3456 502 134

192 548 469 622 ἁμαρτίαν
501 545 854 619 συναίσθησιν
876 543 973 599 καὶ
994 542 1261 613 ἀνάνηψιν
1276 540 1373 596 τοῦ
1402 540 1768 611 τολμηθέντος

1895 542 2058 609 ὶιιοτο
2099 556 2280 601 autem
2331 558 2629 618 postquam
2666 546 2839 617 aperti
2886 556 3016 603 sunt
3064 562 3254 604 eorum
3281 554 3452 614 oculi,

194 641 584 710 ἀναλαϐόμενοι
604 656 619 671 ο
649 639 739 693 διά
765 636 822 691 τί
848 637 908 690 δὲ
950 636 1089 706 μετά
1112 634 1175 689 τδ
1220 632 1589 703 διανοιχθῆναι
1644 635 1772 697 τοὺς

1895 638 2115 693 )rimum
2160 640 2381 710 quidem
2440 640 2817 709 generantium
2863 642 3103 711 partium
3150 644 3453 699 nuditatem

194 734 506 803 ὀφθαλμοὺς
526 731 728 794 αὐτῶν,
760 728 979 802 πρῶτον
1016 729 1117 797 τὴν
1154 726 1437 796 γύμνωσιν
1486 724 1596 779 τῶν
1642 741 1772 779 παι-

1902 732 2189 801 ntelligunt
2250 741 2306 787 et
2351 732 2728 788 erubescunt?
2772 732 2913 799 Quia
2968 735 3156 790 acrius
3217 736 3457 805 imperat

195 826 428 890 δογόνων
459 824 665 895 μορίων
692 822 1041 876 αἰσθάνονται
1063 820 1159 873 καὶ
1203 816 1588 888 αἱσχύνονται;
1649 818 1771 870 Ὀτι

1895 837 2043 890 luam
2095 832 2315 886 caetera,
2380 822 2483 878 nisi
2539 824 2811 893 cupiditas
2885 826 3167 893 sapientia:
3243 827 3457 897 legibus

194 932 254 968 τε
287 915 618 985 δριμύτερον
678 914 986 968 ἐπιτίθεται
1015 912 1126 965 τῶν
1146 911 1325 965 ἀλλων
1358 910 1771 979 ἁμαρτημάτων

1895 916 2200 979 'efrenetur,
2226 934 2321 988 per
2347 932 2441 973 eas
2468 928 2649 988 partes
2687 919 2979 988 cupiditas.
3012 920 3079 975 Et
3103 922 3231 991 quia
3258 922 3310 974 iu
3347 924 3457 974 ani-

194 1009 417 1074 θεσμοῖς
441 1007 796 1077 σωφροσύνης
824 1006 886 1059 οὐ
939 1002 1505 1076 χαλιναγωγούμενον,
1565 1002 1625 1055 τὸ
1677 1002 1770 1055 διὰ

1895 1009 2025 1071 nali.
2063 1020 2342 1064 commota
2400 1010 2465 1064 ad
2500 1025 2729 1065 venerea
2754 1011 3135 1081 dispositione,
3168 1022 3222 1067 et
3249 1024 3461 1067 cazterzt:

194 1098 402 1152 τούτων
423 1098 639 1162 πάθοςο
686 1100 783 1152 καὶ
844 1097 929 1151 ὅτι
989 1093 1307 1167 κινηθείσης
1360 1092 1460 1161 τῆς
1517 1093 1657 1146 κατά
1707 1094 1779 1146 τὰ

1895 1100 2204 1169 :upitlitates
2248 1116 2556 1157 recrescere
2589 1102 2792 1169 solent,
2837 1112 2892 1157 et
2917 1104 3047 1173 quia
3088 1119 3154 1158 ex
3191 1104 3286 1159 illo
3324 1115 3462 1159 teut-

196 1190 488 1259 ἀφροδίσια
512 1191 571 1243 ὲν
594 1188 673 1260 τῷ
699 1187 825 1257 ζώῳ
850 1186 1171 1250 διαθέσεως,
1213 1184 1309 1237 καὶ
1358 1183 1428 1236 τά
1460 1182 1623 1235 λοιπά
1668 1181 1780 1235 τῶν

1895 1207 2007 1260 »τε
2032 1194 2219 1247 omnia
2267 1193 2375 1247 alia
2406 1202 2624 1263 peccata
2670 1194 2774 1249 sub
2801 1194 3072 1264 judicium
3140 1196 3413 1249 ducantur
3444 1213 3460 1259 ;

198 1282 391 1334 παθῶν
414 1280 850 1351 συναναφύεσθαι
880 1278 1062 1341 εἴωθε,
1096 1276 1194 1330 καὶ
1211 1275 1345 1329 διότι
1370 1273 1430 1337 ἐξ
1457 1272 1669 1327 ἐκείνου
1686 1272 1779 1327 τοῦ

1895 1299 1997 1339 masc
2023 1298 2152 1339 vero
2185 1293 2311 1338 ante
2338 1284 2472 1339 illud
2510 1295 2725 1355 tempus
2764 1287 3033 1341 mentium
3077 1286 3377 1341 inﬁrmitati
3409 1297 3464 1341 et

198 1374 393 1445 χρόνου
422 1376 517 1428 καὶ
538 1375 607 1428 τά
634 1375 770 1430 ἀλλα
813 1374 992 1428 πάντα
1045 1370 1156 1424 τῶν
1213 1364 1630 1439 ἁμαρτημάτων
1678 1366 1783 1419 ὑπὸ

1895 1374 2147 1440 infantia,
2197 1385 2313 1432 tum
2379 1377 2463 1431 lex
2521 1379 2845 1445 spiritualis,
2897 1389 3015 1435 tum
3074 1380 3158 1435 lex
3196 1396 3319 1451 quae
3368 1396 3464 1449 per

198 1466 384 1537 κρίσιν
410 1468 604 1535 ἄγεται
626 1483 641 1497 ·
666 1466 735 1519 τά
765 1466 875 1536 γὰρ
909 1463 1015 1534 πρὸ
1046 1459 1257 1515 ἐκείνου
1287 1458 1364 1521 ὼς
1405 1456 1609 1510 ἐπίπαν
1651 1475 1783 1529 φρε-

1895 1469 2007 1524 vitae
2033 1469 2301 1523 rationem
2330 1477 2414 1525 est
2440 1470 2775 1539 imponebat.

199 1558 309 1609 νῶν
334 1558 620 1629 ἀρρωστία
646 1560 741 1611 καὶ
763 1555 1050 1627 νηπιότητι
1078 1554 1107 1606 ὃ
1133 1568 1193 1605 τε
1222 1548 1595 1619 πνευματικὸς
1618 1548 1783 1617 νόμος

198 1650 299 1702 καὶ
326 1652 355 1702 ό
373 1649 463 1702 διὰ
490 1651 591 1716 τῆς
627 1649 907 1712 πολιτείας
940 1643 1281 1715 ἀνατίθησιν.

732 1826 783 1883 J.
824 1824 1461 1884 HERGENROETHERI
1500 1823 1817 1883 MONITUM
1860 1822 1925 1879 IN
1968 1823 2441 1895 QUIESTIONEM
2486 1820 2929 1889 SEQUENTE”.

274 1983 334 2037 In
362 1982 778 2053 quatuordeeim
836 1982 1031 2052 primis
1072 1980 1474 2050 quaestionibus
1502 2050 1522 2053 ,Α
1547 1979 1952 2053 ιτσελοοάἰοεσ,
1983 1978 2299 2053 Vaticanus,
2339 1980 2712 2053 Coislinianus
2741 1988 2795 2033 et
2856 1976 3239 2053 Taurincnsis,
3280 1982 3466 2051 quoatl

201 2050 454 2108 ordinem
486 2063 541 2108 et
568 2050 1037 2121 numeros'plane
1066 2054 1447 2107 consentiunt.
1489 2050 1729 2121 Quaestio
1775 2064 2170 2121 veropsequens
2203 2052 2413 2105 decima
2452 2052 2666 2120 quinta,
2719 2065 2843 2121 qua;
2879 2050 2933 2102 in
2981 2050 3105 2104 cod.
3143 2050 3263 2105 Vat.
3301 2050 3464 2111 1915,

205 2126 305 2178 fol.
335 2125 501 2178 50-3l
538 2133 715 2178 exstat
746 2133 800 2176 et
830 2119 976 2177 nunc
1005 2123 1181 2191 prima
1206 2122 1327 2191 ivice
1355 2136 1462 2176 una
1490 2137 1614 2175 cum
1648 2119 2117 2191 Antoni_i'Catifori
2145 2120 2338 2175 Latina
2385 2119 2636 2175 versione
2666 2119 3001 2189 publicatur,
3039 2130 3151 2174 tum
3180 2137 3216 2191 7a
3270 2121 3468 2176 Coisli-

206 2196 376 2247 niano
416 2205 527 2248 tum
559 2211 588 2248 a
625 2192 949 2247 Taurinensi
982 2189 1155 2245 abest.
1202 2190 1341 2246 Hinc
1383 2192 1460 2253 ﬁt,
1494 2199 1552 2244 ttt
1574 2206 1697 2260 quae
1726 2193 1781 2244 in
1815 2189 2074 2246 Vaticano
2106 2200 2190 2245 est
2240 2192 2475 2260 quastio
2504 2191 2715 2245 decima
2750 2200 2926 2260 sexta,
2960 2205 3023 2243 ea
3056 2192 3111 2243 in
3137 2190 3221 2245 his
3254 2194 3469 2247 duobus

204 2266 281 2317 sit
314 2267 521 2319 decima
551 2266 764 2333 quinta,
799 2272 855 2315 et
886 2263 969 2316 sie
1001 2262 1260 2330 deinceps
1290 2276 1466 2329 usque
1488 2263 1553 2316 ad
1590 2257 2045 2331 septuagesimam
2072 2257 2305 2327 sextam,
2334 2277 2458 2331 qua:
2493 2262 2545 2315 in
2575 2262 2660 2316 his
2686 2257 3208 2331 est'septuagcsima
3252 2266 3464 2331 quinta,

211 2334 511 2389 Vaticanus
535 2338 701 2389 cotlex
732 2349 840 2387 uno
873 2348 1091 2400 semper
1120 2347 1350 2386 nurnero
1375 2333 1642 2400 praecedat
1666 2342 1915 2385 caeteros.
1980 2386 1983 2387 ν

282 2404 453 2483 Porro
482 2420 567 2483 ea_
592 2421 754 2473 quam
780 2418 931 2483 nunc
970 2418 1038 2457 ex
1085 2402 1351 2483 Vaticano
1406 2402 1602 2483 damus
1652 2403 1880 2483 quaestio
1922 2401 2132 2483 decima
2171 2404 2369 2483 quinta
2413 2402 2659 2483 ejusdem
2697 2401 3011 2483 argumenti
3051 2409 3135 2483 est
3177 2415 3239 2455 ac
3274 2416 3467 2483 sexta;

202 2475 389 2529 aliinis
425 2470 833 2544 quodaminodo
878 2472 965 2527 his
1016 2480 1102 2527 est
1145 2472 1551 2541 septuagesima
1582 2485 1742 2539 nona,
1791 2472 1878 2526 ubi
1921 2473 1988 2528 de
2014 2470 2237 2543 Angelis
2268 2474 2323 2528 in
2370 2473 2667 2528 creationis
2708 2470 2935 2527 historia
2971 2470 3119 2527 haud
3153 2482 3471 2530 memoratis

206 2560 395 2601 SCI’HIO
416 2558 520 2601 εει.

790 2695 1119 2751 ΕΡΩΤΗΣΙΣ
1147 2695 1246 2751 lE'.

2441 2696 2768 2766 QUIESTIO
2800 2697 2919 2755 XV.

214 2794 277 2847 Τί
335 2792 559 2857 δήποτε
618 2788 882 2863 μωῢσῆς
930 2790 999 2863 ἐν
1038 2787 1110 2854 τῇ
1156 2786 1787 2863 κοσμογονίᾳτῆςβα-

1895 2788 2002 2845 Cur
2034 2790 2205 2845 Moses
2230 2793 2286 2846 in
2316 2794 2654 2863 cosmogoﬁuia
2684 2794 2831 2862 regni
2874 2785 3126 2848 calorum
3154 2795 3470 2849 mentionem

279 2865 518 2925 σιλείας
569 2860 687 2913 τῶν
733 2859 1018 2931 οὐρανῶν-
1046 2859 1294 2926 μνήμην
1314 2859 1405 2931 οὐ,
1446 2858 1781 2931 πεποίηται,

1958 2876 2061 2914 non
2089 2864 2229 2931 fecit,
2266 2858 2513 2931 quamvis
2537 2858 2785 2917 Salvator
2803 2864 2967 2927 dicat,
2992 2864 3129 2917 illud
3157 2882 3190 2918 α
3222 2876 3475 2920 constitu-

279 2936 477 2985 καίτοι
504 2932 611 2985 τοῦ
638 2926 920 3005 ,Σωτῆρος
948 2928 1256 3005 λέγοᾼζτος.
1294 2927 1414 3005 dato
1440 2926 1781 3005 καταϐρλῆς

1960 2926 2099 3005 tione
2133 2926 2314 2986 mundi
2341 2944 2589 3005 paratum
2611 2951 2720 2988 esse
2736 2926 3124 3005 justisf(Gen.
3163 2950 3202 2999 ι,
3239 2938 3262 2989 1
3315 2953 3469 3005 seqq.

282 3005 517 3071 κόσμου
544 3003 767 3068 ταύτην
802 2996 1248 3067 ἑτοιμασθῆναι
1306 2998 1429 3061 τοῖς
1481 2996 1778 3062 δικαίοις;

1961 3001 2153 3057 Matth.
2188 3020 2315 3069 xxv,
2341 2996 2462 3074 ⁷54.)

1271 3109 1412 3159 Nunc
1432 3109 1645 3171 primum
1679 3108 1815 3161 edita
1834 3111 1896 3161 ab
1925 3114 1973 3163 J.
1998 3115 2425 3179 Hergenroether.

279 3229 355 3285 α’.
390 3228 547 3290 Τινὲς
576 3226 673 3296 μὲν
699 3223 791 3277 οὖν
814 3238 998 3291 φασιν,
1028 3221 1104 3283 ὡς
1126 3220 1343 3273 ἀτελέσι
1375 3221 1470 3273 καὶ
1501 3217 1792 3289 προσύλοις

1954 3224 2004 3279 1.
2046 3222 2243 3279 Dicunt
2305 3225 2517 3296 aliqui,
2562 3222 2764 3280 Iudaeis
2822 3224 3160 3295 imperfectis
3204 3225 3381 3281 adhuc
3420 3235 3476 3279 et

207 3325 329 3384 τοῖς
373 3318 643 3378 Ἰουδαίοις
673 3310 793 3368 οὖσι
827 3314 922 3367 καὶ
987 3311 1125 3381 πρὸς
1176 3310 1247 3363 τὰ
1300 3309 1791 3381 εἰσαγωγικώτερα

1895 3316 2118 3371 materiae
2168 3318 2399 3372 addictis
2440 3317 2729 3389 potiusque
2782 3321 2852 3373 ad
2900 3318 3121 3373 rudiora
3161 3318 3474 3388 disciplina-

209 3414 323 3466 τῶν
358 3410 695 3482 μαθημάτων
710 3406 909 3477 μᾶλλον
935 3401 1212 3455 νενευκόσι
1232 3402 1326 3455 καὶ
1351 3401 1411 3454 τὸ
1430 3398 1591 3472 ἦττον
1609 3401 1730 3470 ἔχου
1740 3419 1789 3453 σι

1895 3424 2002 3462 rum
2036 3409 2189 3464 initia
2237 3412 2524 3480 propensis
2574 3425 2677 3466 nec
2722 3411 2855 3466 satis
2895 3410 3096 3465 virium
3144 3410 3477 3466 habentibus

208 3507 244 3575 ἢ
273 3505 369 3559 διά
400 3503 509 3555 τῶν
540 3500 743 3571 νοερῶν
770 3497 1066 3567 ὀφθαλμῶν
1092 3498 1204 3558 τοῖς
1236 3494 1377 3564 ὑπὲρ
1396 3492 1652 3562 αἴσθησιν
1674 3496 1793 3546 επι-

1895 3501 1947 3553 td
1976 3514 2039 3554 ea
2066 3515 2159 3569 per
2188 3502 2386 3555 mentis
2412 3500 2602 3555 oculos
2640 3500 2923 3563 intuenda,
2970 3516 3093 3571 qua:
3142 3516 3308 3571 supra
3342 3518 3475 3557 sen-

210 3596 457 3655 6ἀλλειν,
494 3591 582 3644 διά
616 3588 773 3642 τοῦτο
794 3588 891 3657 τὴν
926 3586 1053 3655 περί
1084 3586 1183 3653 τῆς
1226 3583 1505 3653 βασιλείας
1531 3582 1640 3635 τῶν
1698 3583 1790 3635 οὐδ

1895 3608 2002 3647 sinu
2033 3602 2345 3663 assurgunt,
2394 3593 2596 3647 idcirco
2634 3593 2938 3648 doctrinam
2977 3593 3043 3648 de
3091 3608 3257 3664 regno
3299 3595 3477 3649 calo-

216 3682 400 3752 ρανῶν
472 3679 762 3747 εἰσήγησιν
791 3678 819 3728 ό
852 3675 1094 3743 Μωῦσῆς
1150 3674 1332 3735 αὐτοῖς
1381 3672 1789 3741 ἀπεσιώπησεν,

1897 3700 2015 3737 rum
2049 3699 2078 3737 a
2128 3682 2274 3738 Mose
2305 3700 2413 3737 non
2442 3683 2613 3738 fuisse
2650 3684 2977 3754 expositam.
3010 3700 3078 3739 ne
3115 3685 3245 3754 ipsis
3285 3687 3473 3739 mundi

214 3777 302 3828 ἶνα
337 3774 413 3842 μὴ
441 3772 649 3839 προστῇ
680 3770 859 3829 αὐτοῖς
894 3766 1217 3836 ἀρχομένοις
1250 3764 1540 3835 μανθάνειν
1600 3764 1691 3817 τοῦ
1729 3781 1790 3816 τε

1897 3789 2189 3844 rerumque
2215 3776 2268 3828 in
2294 3789 2358 3828 eo
2376 3774 2707 3828 exstantium
2738 3783 2919 3828 ortum
2954 3773 3169 3829 discere
3210 3775 3475 3842 incipien-

211 3867 426 3934 κόσμου
478 3863 575 3931 τὴν
605 3860 821 3927 γένεσιν
855 3857 947 3910 καὶ
976 3856 1085 3909 τῶν
1114 3859 1173 3908 ἐν
1200 3855 1350 3924 αὐτῷ
1391 3855 1680 3927 θειοτέρων
1731 3872 1790 3909 τε

1898 3868 2041 3920 tibus
2068 3880 2131 3920 ea
2164 3866 2405 3920 obstaret
2435 3865 2656 3919 traditio
2704 3865 3036 3935 segniusque
3092 3866 3218 3920 inde
3264 3866 3473 3935 reliqua

210 3960 309 4011 καὶ
342 3955 482 4026 ὑπὲρ
509 3953 706 4013 αὐτοὺς
741 3951 776 4021 ή
833 3948 1149 4019 παράδοσις,
1190 3946 1483 4001 κάντεῦθεν
1535 3947 1672 4019 πρὸς
1692 3947 1792 4017 τὴν

1897 3958 2295 4021 auscultarent;
2326 3956 2572 4011 doctrina
2614 3957 2760 4011 enim
2806 3957 3015 4012 viribus
3052 3958 3215 4011 etiam
3256 3958 3473 4011 audito-

217 4050 322 4100 τῶν
351 4045 555 4099 λοιπῶν
580 4043 843 4115 ἀκρόασιν
868 4039 1153 4094 διατεθῶσι
1174 4080 1190 4104 ,
1246 4038 1613 4109 ῥᾳθυμότερον
1637 4055 1652 4071 ο
1712 4038 1793 4090 δεῖ

1898 4062 2017 4100 rum
2082 4048 2351 4101 metienda
2406 4058 2510 4102 est.
2572 4046 2715 4112 Quid
2765 4049 3305 4117 autem,.inquiunt,
3365 4048 3472 4103 illis

211 4148 323 4211 γὰρ
358 4143 558 4210 μέτρον
581 4138 679 4207 τῆς
713 4133 1059 4195 διδασκαλίας
1092 4134 1191 4187 καὶ
1222 4134 1320 4203 τὴν
1344 4134 1454 4187 τῶν
1503 4132 1789 4205 ἀκροατῶν

1895 4141 2107 4194 obstare
2133 4149 2342 4206 poterat
2374 4139 2520 4194 clara
2545 4138 2613 4192 de
2644 4154 2811 4209 regno
2844 4139 3110 4193 caelorum
3149 4139 3473 4209 instructio}

213 4234 372 4301 ίσχὺν
425 4228 713 4282 ποιεῖσθαι.
778 4226 937 4279 Ἀλλά
988 4224 1098 4294 γὰρ
1148 4225 1236 4287 τί,
1300 4227 1486 4294 φασὶν,
1544 4224 1794 4294 ἐμποδῶν

212 4325 403 4385 αὐτοῖς
434 4317 503 4392 ἦν
532 4324 564 4390 ὴ
599 4321 728 4389 περὶ
758 4320 856 4388 τῆς
886 4318 992 4371 τῶν
1023 4318 1268 4388 οὐρανῶν
1322 4317 1602 4386 βασιλείας
1663 4335 1795 4372 κατ-

214 4418 415 4487 ήχησις
439 4431 453 4477 ;
486 4414 553 4465 δι’
584 4414 700 4465 ἴσου
727 4412 835 4480 γὰρ
867 4412 1003 4481 πρός
1031 4427 1089 4463 τε
1119 4408 1217 4479 τὴν
1245 4410 1447 4477 γνῶσιν
1476 4410 1573 4480 τῆς
1596 4426 1795 4479 κοσμο-

216 4509 435 4574 γενείας
499 4504 594 4557 καὶ
618 4504 752 4573 πρὸς
786 4502 1090 4571 κατάληψιν
1114 4502 1213 4571 τῆς
1238 4501 1349 4554 τῶν
1396 4502 1640 4572 οὐρανῶν
1694 4501 1792 4571 βα-

218 4597 449 4658 σιλείας,
497 4596 601 4645 κᾶν
628 4594 697 4644 τὰ
721 4593 821 4658 μὲν
855 4592 959 4643 ὐπὸ
1001 4591 1099 4661 τὴν
1128 4591 1378 4661 αίσθησιν
1408 4591 1604 4660 πίπτῃ,
1632 4592 1699 4643 τὰ
1737 4590 1795 4643 δὲ

217 4690 454 4758 κρείττω
517 4684 821 4754 καθέστηκε
881 4685 977 4753 τῆς
1011 4682 1340 4751 αἰσθήσεως,
1406 4682 1469 4735 τὸ
1526 4681 1795 4751 Ἐϐραίων

217 4786 371 4849 γένος
400 4780 773 4850 ἀφεστηκότες
806 4779 1103 4848 ἐτύγχανον
1132 4795 1145 4808 ·
1166 4779 1274 4831 ἔδει
1302 4779 1357 4832 δὲ
1388 4781 1605 4849 ἀρακαί
1628 4797 1795 4850 προσ-

217 4875 375 4936 ὑλους
422 4873 584 4933 ὗντας
622 4875 714 4925 καὶ
739 4871 868 4940 περὶ
894 4871 963 4922 τά
1014 4872 1175 4940 γήϊνα
1207 4870 1603 4940 στρεφομένους
1661 4888 1792 4940 μετ-

216 4965 445 5031 αρσίους
478 4961 678 5031 μᾶλλον
707 4964 799 5013 καὶ
832 4960 1069 5029 ὑψηλοὺς
1102 4964 1167 5031 τῇ
1201 4959 1309 5012 τῶν
1330 4961 1509 5013 ἀΰλων
1537 4961 1633 5014 καὶ
1655 4962 1793 5031 ὑπὲρ

213 5058 315 5125 τὴν
349 5054 607 5123 αἴσθησιν
632 5053 938 5123 ἐπαγγελίᾳ
976 5053 1069 5105 καὶ
1102 5052 1424 5131 διδασκαλίᾳ
1479 5056 1793 5123 ἀπεργάζε-

218 5147 346 5199 σθαι
380 5162 391 5174 ·
424 5145 747 5198 διδασκάλου
774 5144 883 5213 γὰρ
907 5146 1005 5213 τὴν
1044 5145 1239 5214 τέχνην
1307 5144 1589 5212 ἀμείνονος
1624 5161 1794 5198 κατα-

221 5238 493 5308 μιγνύντα
521 5238 632 5297 τοῖς
666 5236 985 5305 συντρόφοις
1016 5236 1109 5287 καὶ
1147 5236 1216 5288 τά
1248 5234 1389 5305 ὐπὲρ
1413 5234 1664 5305 αῖσθησιν
1692 5254 1793 5289 κα-

213 5336 288 5385 τὰ
332 5333 529 5402 μικρὸν
560 5330 760 5394 ἐθίζειν
792 5332 927 5400 πρὸς
956 5332 1055 5399 τὴν
1080 5330 1189 5383 τῶν
1220 5331 1512 5401 θειοτέρων
1559 5331 1791 5384 σπουδά-

211 5426 333 5487 ζειν
385 5424 665 5477 ἐπίϐασιν.
718 5423 808 5475 Διὸ
850 5423 943 5475 καὶ
972 5424 1146 5474 εἰπεῖν
1178 5421 1489 5493 ἐθάρρησαν
1519 5423 1568 5475 οἰ
1618 5421 1795 5475 τοιού·

1896 4229 2073 4300 Eque
2103 4231 2245 4286 enim
2273 4246 2397 4285 cum
2428 4246 2459 4285 a
2497 4230 2683 4285 mundi
2712 4231 2921 4301 origine
2952 4231 3318 4300 agnoscenda,
3355 4241 3470 4285 tum

1896 4336 2115 4391 aregno
2158 4322 2429 4375 caelorum
2476 4322 3017 4393 comprehendendo,
3070 4322 3292 4376 tametsi
3341 4322 3473 4375 illud

1894 4414 2108 4481 quidem
2140 4414 2241 4467 sub
2276 4429 2497 4468 sensum
2536 4414 2714 4475 cadat,
2751 4414 2857 4469 hoc
2886 4429 3014 4467 vero
3054 4430 3274 4469 sensum
3308 4431 3473 4485 supe-

1896 4512 1993 4565 ret,
2020 4502 2326 4558 Judaorum
2362 4520 2495 4574 gens
2531 4514 2649 4559 erat
2688 4505 2898 4559 dissita.
2939 4503 3236 4575 Oportebat
3290 4516 3472 4560 autem

1893 4594 2037 4658 illos,
2081 4610 2203 4649 cum
2259 4597 2500 4650 materiae
2550 4597 2749 4651 addicti
2796 4606 2850 4651 et
2893 4599 2958 4651 ad
3005 4606 3223 4653 terrena
3281 4600 3469 4653 intenti

1894 4696 2097 4751 essent,
2147 4687 2417 4741 sublevari
2475 4689 2654 4757 potius
2697 4699 2860 4759 atque
2902 4689 2957 4744 in
3012 4690 3245 4745 sublime
3285 4691 3471 4745 extolli

1895 4796 2074 4835 rerum
2122 4781 2563 4835 immaterialium
2612 4791 2667 4835 et
2710 4782 3076 4850 spiritualium
3110 4783 3473 4849 explicatione

1895 4889 1957 4927 ac
1998 4873 2279 4937 doctrina;
2316 4884 2401 4927 est
2421 4874 2566 4926 enim
2599 4873 2841 4942 magistri
2875 4883 2993 4927 arte
3021 4877 3354 4942 praestantis.
3377 4890 3469 4928 re-

1896 4966 1996 5018 bus
2036 4964 2396 5018 familiaribus
2443 4980 2504 5018 ea
2564 4980 2686 5034 qua:
2718 4980 2938 5019 sensum
2981 4966 3249 5020 excedunt
3294 4968 3471 5019 admi-

1896 5058 2096 5112 scendo
2120 5057 2399 5111 auditores
2416 5055 2824 5121 consuefacere,
2851 5068 2909 5110 ut
2942 5058 3201 5126 paulatim
3239 5058 3303 5111 ad
3330 5059 3473 5109 divi-

1896 5150 2049 5203 niora
2082 5148 2445 5202 conscendere
2488 5147 2825 5202 adnitantur.
2884 5148 3255 5213 Quamobrem
3307 5150 3472 5202 etiam

1896 5255 2140 5295 asserere
2180 5239 2265 5293 isti
2297 5249 2425 5293 sunt
2460 5240 2601 5303 ausi,
2637 5237 2838 5293 Mosem
2867 5239 3094 5309 ﬁgurate
3120 5253 3183 5293 ac
3215 5254 3310 5307 per
3340 5240 3473 5311 reni-

1897 5347 2017 5402 giua
2052 5347 2273 5402 regnum
2303 5332 2563 5386 caslorum
2601 5332 2892 5385 indicasse.
2946 5329 3181 5385 Ubinam
3225 5331 3371 5384 hoc?
3416 5330 3473 5383 In

1898 5423 2015 5491 ipso
2058 5422 2303 5483 exordio,
2364 5422 2640 5489 inquiunt,
2692 5422 2784 5474 ubi
2834 5420 3012 5475 dicit:
3049 5438 3067 5470 t
3101 5419 3156 5473 lu
3207 5420 3474 5489 principio

208 5533 326 5579 τοι,
356 5517 430 5578 ὡς
461 5515 707 5576 τυπικῶς
764 5514 859 5566 καὶ
911 5514 977 5565 δι’
1038 5513 1355 5583 αἰνίγματος
1400 5514 1493 5566 καὶ
1552 5513 1793 5583 Μωῦσῆς

1898 5512 2104 5568 creavit
2138 5512 2277 5565 Deus
2320 5514 2517 5566 cmlutn
2546 5521 2598 5565 et
2630 5498 2851 5564 terram.
2893 5530 2910 5562 ι
2950 5510 3071 5564 Mox
3115 5513 3258 5564 enini
3314 5511 3474 5579 opiﬁ-

208 5608 320 5676 τὴν
345 5609 453 5661 τῶν
494 5606 739 5675 οὐρανῶν
771 5606 1046 5675 βασιλείαν
1083 5606 1435 5675 εἰσηγήσατο.
1470 5605 1579 5659 Ποῦ
1607 5605 1795 5671 τοῦτο;

1904 5605 2047 5657 cium
2074 5603 2305 5670 explicat
2336 5603 2481 5670 quod
2521 5601 2624 5655 sub
2671 5601 2806 5655 C(Blo
2835 5610 2890 5655 et
2932 5603 2982 5653 in
3022 5602 3154 5655 orbe
3205 5613 3472 5654 terrarum

226 5698 325 5751 Ἐν
352 5700 501 5770 αὑτῴ
548 5699 625 5768 τῷ
672 5700 961 5770 προοιμίῳ,
991 5698 1145 5767 φασὶ,
1202 5697 1394 5765 λέγων’
1438 5715 1457 5748 t
1510 5698 1597 5751 Ἐν
1652 5700 1793 5769 ἀρχῇ

1902 5704 2118 5759 exstat;
2166 5696 2268 5749 sub
2299 5694 2422 5748 cmli
2475 5702 2655 5747 autem
2714 5693 2933 5747 nomine
2967 5704 3091 5747 ante
3135 5693 3239 5746 alia
3288 5692 3471 5746 omnia

211 5792 478 5861 ἐποίησεν
507 5794 536 5844 ὁ
563 5792 693 5854 Θεὸς
722 5792 814 5843 τὸν
835 5790 1063 5861 οὐρανὸν
1094 5791 1185 5843 καὶ
1214 5788 1311 5860 τὴν
1340 5790 1465 5860 γῆν.
1502 5808 1519 5840 ι
1568 5788 1793 5857 Ἐφεξῆς

1900 5789 2165 5843 collocato
2192 5796 2390 5841 statum
2424 5802 2605 5841 rerum
2632 5786 2771 5839 ultra
2794 5786 2871 5853 (et
2895 5787 3041 5857 ante)
3073 5785 3474 5839 ﬁrmamentum

216 5883 330 5953 μὲν
361 5887 467 5956 γὰρ
496 5886 595 5953 τὴν
634 5884 957 5954 ὑπουράνιον
989 5885 1083 5937 καὶ
1114 5882 1407 5951 ἑγκόσμιον
1431 5880 1791 5951 δημιουργίαν

1899 5890 1949 5931 ct
1986 5893 2148 5947 supra
2176 5879 2437 5931 ntuutlum
2478 5875 2780 5945 positarum
2828 5876 3213 5931 subintlicavit.
3267 5878 3331 5929 At
3371 5875 3472 5927 hoc
