4202 6442
793 401 895 467 BS

1931 401 2198 464 PHOTII
2236 404 2735 469 PATRIARCHE
2779 413 2888 472 CP.

3924 423 4030 496 136

793 533 898 569 non
952 516 1021 571 ita
1072 514 1230 571 facile
1267 514 1468 571 veritas
1501 513 1833 584 probaverit,
1872 524 1986 570 tum
2031 518 2164 586 quia
2196 518 2358 572 nimis
2383 537 2423 591 Α

2355 552 2358 568 .
2383 537 2432 591 Α
2459 521 2792 577 ἀναπτύσσει
2813 543 2828 556 σ
2869 525 2958 580 τὸν
2996 530 3222 598 οὐρανὸν
3248 532 3306 585 δὲ
3337 536 3612 610 προτάξας
3654 539 3756 608 τὴν
3776 539 3884 610 πρδ
3928 542 4024 594 τοῦ

789 620 1092 669 contortum
1124 623 1227 675 eat,
1263 620 1377 666 tum
1407 612 1536 680 quia
1571 611 1802 668 dicendo
1845 611 2107 667 caelorum
2131 611 2362 667 creatio-

2355 639 2362 651 -
2465 611 2843 683 οτερεώματος
2867 617 2961 670 καὶ⁵
2992 619 3131 689 ὑπὲρ
3173 623 3396 692 κόσμιον
3432 627 3762 681 κατάποσιν
3791 629 3880 682 διὰ
3921 630 4026 698 τῆς

792 716 913 755 nem
941 701 1008 757 de
1032 701 1241 758 caelesti
1282 717 1447 772 regno
1471 702 1692 760 δυόωσι
1715 704 1849 759 nihil
1872 704 2055 760 minus
2081 704 2357 758 illumina-

789 793 888 856 vit,
921 809 1084 864 quam
1114 796 1161 848 si
1193 796 1420 851 omnino
1461 798 1836 862 conticuisset,
1882 807 1996 853 tum
2026 797 2156 869 quia
2187 797 2356 852 multa

789 883 917 938 item
950 885 1055 942 alia
1090 886 1218 942 huic
1245 887 1489 957 opinioni
1515 890 1892 946 adversamur.
2295 893 2300 900 ”

2461 704 2952 777 τούτουνποιήσεως
2984 711 3348 782 ὑπεδήλωσεν.
3390 717 3550 771 Ἀλλά
3587 719 3744 773 τοῦτο
3797 723 3898 791 μιν
3924 723 4025 776 οὐκ

2458 791 2524 847 ἂν
2540 795 2737 864 ῥαδίως
2747 798 3004 868 ἀγαπήσῃ
3019 803 3052 870 ή
3080 803 3324 871 ἀλήθεια,
3343 807 3425 859 ὅτι
3437 825 3495 860 τε
3519 809 3638 862 λίαν
3651 811 4022 874 εκϐεϐίασται,

2457 884 2550 938 καὶ
2572 885 2652 937 ὅτι
2693 886 2860 940 είπὼν
2877 889 3350 964 οὐρανῶνοποίησιν
3376 901 3505 968 περὶ
3530 900 3628 968 τῆς
3649 901 3760 953 τῶν
3779 904 4025 974 οὐρανῶν

790 976 1066 1046 βασιλείας
1131 979 1258 1042 τοὺς
1304 979 1596 1043 Ἰουδαίους
1619 981 1772 1049 οὐδὲν
1806 977 1968 1054 ἦττον
2001 979 2281 1050 ὠφέλησεν
2306 977 2340 1048 ἢ
2375 977 2424 1029 εί
2444 976 2723 1040 παντελῶς
2741 978 3137 1051 ἀπεσιώπησεν·
3163 986 3256 1038 καὶ
3282 986 3450 1058 πολλὴ
3491 989 3626 1060 άλλη
3655 991 3793 1062 πρὸς
3819 995 4024 1064 ταύτην

788 1070 890 1141 τὴν
932 1068 1201 1139 ὑπόληψιν
1269 1071 1683 1134 ὐπεναντίωσις.

856 1168 907 1222 2.
949 1167 1050 1220 Alii
1075 1182 1207 1222 vero
1236 1169 1290 1221 in
1323 1168 1557 1236 paradisi
1582 1167 1926 1222 enarratione
1964 1168 2153 1223 dicunt
2184 1166 2348 1220 etiam

786 1275 1011 1329 regnum
1062 1260 1326 1314 cmlorum
1370 1260 1609 1321 includi;
1644 1275 1772 1330 pars
1816 1261 1959 1314 enim
2025 1268 2350 1314 aeternorum

785 1352 1051 1407 bonorum
1089 1361 1143 1404 et
1183 1350 1535 1405 beatitudinis
1595 1351 1866 1420 perceptio
1912 1350 2193 1418 paradisus
2233 1359 2348 1412 est;

786 1443 906 1496 ideo
935 1451 988 1496 et
1017 1441 1210 1494 latroni
1245 1440 1532 1511 ﬂagitanti,
1567 1450 1625 1494 ut
1662 1440 1715 1495 in
1754 1456 1918 1510 regno
1959 1440 2046 1495 Dei
2089 1439 2352 1495 memoria

786 1535 869 1587 sui
917 1533 1228 1596 haberetur,
1281 1531 1571 1602 paradisus
1622 1531 1941 1586 incolendus
2001 1531 2257 1586 tribuitur
2310 1530 2348 1584 ί.

787 1625 985 1678 Verum
1020 1624 1344 1685 cavendum,
1379 1638 1446 1678 ne
1494 1625 1600 1679 hoc
1649 1625 1819 1678 multo
1848 1624 1988 1678 infra
2034 1624 2351 1694 dignitatem

784 1717 932 1786 regni
961 1716 1222 1770 caelorum
1252 1715 1341 1770 sit.
1374 1713 1692 1770 Plantarum
1722 1716 1867 1770 enim
1901 1717 2061 1770 ﬂores
2091 1725 2146 1769 et
2177 1729 2348 1769 venu—

785 1817 971 1869 states,
1007 1805 1265 1876 ﬂuviique
1297 1820 1361 1861 ac
1380 1806 1570 1862 latices
1589 1807 1768 1861 locum
1806 1805 1959 1860 illum
1985 1806 2351 1861 circumluen-

781 1908 889 1959 tes.
941 1898 1326 1967 fructuumque
1363 1898 1718 1966 pulchrorum
1783 1897 2019 1953 varietas
2064 1907 2118 1952 et
2173 1898 2351 1952 herba:
2383 1885 2423 1940 Β

785 1988 1108 2043 suavitatem
1150 1988 1426 2058 spirantes
1465 1983 1529 2043 ac
1563 1989 1816 2059 gratiam,
1861 1997 1916 2042 et
1959 1988 2140 2043 modis
2168 1989 2348 2044 omni-

783 2075 886 2130 bus
911 2086 1063 2130 terra:
1087 2075 1254 2131 facies
1291 2086 1553 2132 exornata
1575 2092 1638 2132 ac
1667 2078 1943 2144 decorata,
1977 2087 2030 2132 ct
2057 2080 2198 2133 aeris
2223 2088 2353 2132 tem-

784 2168 960 2237 peries
986 2182 1118 2236 pura
1145 2175 1306 2238 atque
1330 2167 1600 2236 pellucida
1630 2168 1942 2239 primosque
1969 2171 2103 2226 solis
2163 2170 2350 2226 radios

782 2259 1106 2329 suscipiens,
1138 2273 1319 2314 nonne
1341 2258 1455 2314 haec
1482 2269 1647 2314 totam
1677 2260 1950 2330 regionem
1977 2262 2122 2317 illam
2150 2263 2349 2332 jucun-

781 2353 948 2406 ditate
967 2367 1030 2406 ac
1045 2351 1322 2420 voluptate
1360 2352 1614 2407 sensibus
1643 2352 2041 2422 permulcendis
2090 2364 2211 2424 apta
2239 2369 2350 2425 pra:

782 2444 889 2498 alio
927 2457 1254 2514 quocunque
1317 2442 1438 2498 loco
1499 2444 2000 2512 praestantissimam
2063 2446 2346 2501 alliciunt?

787 2534 1174 2590 Verumtamen
1221 2534 1372 2605 regni
1420 2535 1678 2590 calorum
1722 2537 1861 2594 bona
1895 2537 2160 2593 immenso
2200 2538 2345 2593 illam

778 2635 1108 2695 exsuperant
1143 2625 1448 2681 intervallo.
1485 2643 1504 2679 ι
1551 2625 1735 2697 Neque
1783 2629 1927 2683 enim
1972 2630 2163 2685 oculos
2194 2630 2342 2694 vidit,

781 2733 957 2786 neque
989 2715 1140 2770 auris
1167 2716 1395 2782 audivit,
1425 2732 1600 2788 neque
1637 2719 1690 2772 in
1731 2735 1825 2774 cor
1859 2719 2092 2775 hominis
2121 2721 2347 2776 descen-

778 2811 878 2866 dit.
905 2823 1026 2878 qua:
1053 2808 1375 2878 praeparavit
1403 2809 1544 2865 Deus
1564 2811 1907 2881 diligentibus
1927 2829 1984 2867 se
1999 2815 2041 2866 ⁸.
2075 2831 2094 2864 ι
2119 2811 2347 2868 Praescr-

781 2901 873 2953 titu
906 2914 1028 2953 cum
1065 2900 1272 2953 Adauto
1296 2900 1579 2968 paradisus
1611 2919 1716 2956 non
1750 2913 1868 2957 erat
1920 2915 2179 2973 tanquam
2210 2920 2345 2974 pra:-

779 2990 947 3043 niium
986 2990 1344 3044 certaminum
1370 3000 1424 3044 et
1447 2991 1690 3046 laborum
1713 2995 2040 3065 assignatus,
2065 2997 2158 3050 sed
2186 2997 2341 3066 quasi

777 3084 1024 3143 talaestra
1050 3082 1228 3149 potius
1259 3096 1321 3134 ac
1343 3083 1580 3137 stadium
1616 3086 1860 3152 virtutis;
1898 3089 2114 3155 praemia
2144 3104 2268 3144 vero
2291 3097 2345 3143 et

775 3187 990 3227 coronae
1037 3173 1298 3244 majorem
1343 3174 1546 3244 ubique
1585 3186 1640 3230 et
1681 3176 2057 3246 perfectiorem
2111 3179 2343 3235 aﬂ‘erunt

2528 1161 2592 1231 β’.
2633 1161 2814 1215 Ἀλλοι
2841 1162 2900 1216 δὲ
2935 1163 2993 1216 ὲν
3012 1165 3077 1234 τῇ
3111 1164 3240 1236 περὶ
3265 1167 3595 1238 παραδείσου
3620 1171 3868 1242 διηγήσει
3922 1193 4026 1245 φα-

2457 1254 2512 1306 σὶ
2555 1253 2650 1306 καὶ
2687 1253 2780 1324 τὴν
2819 1253 2930 1308 τῶν
2953 1256 3200 1326 οὐρανῶν
3228 1256 3504 1327 βασιλείαν
3564 1265 3978 1331 συνεισάγεσθαι
4005 1282 4021 1297 ο

2457 1342 2625 1416 μέρος
2650 1346 2758 1413 γὰρ
2786 1345 2894 1398 τῶν
2917 1347 3151 1402 αἰωνίων
3200 1349 3422 1416 ἀγαθῶν
3479 1352 3574 1406 καὶ
3619 1358 4024 1427 μακαριότητος

2454 1436 2752 1501 ἀπόλαυσις
2779 1441 2809 1492 ό
2835 1440 3160 1509 παράδεισος
3181 1458 3196 1473 ’
3232 1441 3312 1496 διὸ
3350 1446 3444 1497 καὶ
3479 1446 3560 1516 τῷ
3589 1446 3758 1520 λῃστῇ
3789 1451 4024 1516 αίτησα-

2461 1526 2610 1598 μένῳ
2641 1529 2700 1582 ἑν
2721 1531 2786 1598 τῇ
2819 1530 3064 1601 βασιλείᾳ
3091 1532 3184 1586 τοῦ
3211 1533 3348 1587 Θεοῦ
3384 1537 3608 1606 μνήμης
3634 1543 3838 1608 τυχεῖν,
3870 1542 3905 1611 ὴ
3927 1543 4022 1596 τοῦ

2455 1618 2780 1689 παραδείσου
2807 1621 3400 1694 διατριϐήάποδίδοται.
3446 1628 3605 1682 Ἀλλὰ
3634 1634 3842 1700 μήποτε
3862 1631 4023 1685 τοῦτο

2454 1712 2551 1782 τῆς
2572 1716 2680 1767 τῶν
2734 1716 2980 1786 οὐρανῶν
3003 1717 3279 1787 βασιλείας
3328 1721 3462 1774 πολὺ
3512 1722 3577 1776 ἂν
3638 1726 4022 1795 ταπεινότερον

2452 1804 2537 1877 εἴη
2562 1818 2579 1836 ⁶
2630 1807 2812 1874 φυτῶν
2841 1808 2940 1877 μὲν
2977 1809 3086 1882 γὰρ
3109 1810 3241 1881 ἄνθη
3267 1811 3362 1866 καὶ
3392 1812 3586 1880 κάλλη,
3636 1814 3874 1883 ποταμοὶ
3927 1818 4022 1867 καὶ

2451 1897 2665 1967 νάματα
2710 1898 2770 1952 τὸ
2790 1900 2987 1971 χωρίον
3019 1903 3396 1974 περιρρέοντα,
3434 1905 3662 1975 καρπῶν
3706 1922 3766 1958 τε
3799 1907 4021 1976 ὡραίων

2449 1989 2691 2043 ποικιλία
2739 1993 2833 2044 καὶ
2874 1991 3111 2062 βοτανῶν
3153 1994 3343 2064 φύσεις
3391 1997 3487 2068 ήδύ
3549 2015 3609 2051 τε
3654 1999 3749 2051 καὶ
3791 2000 4020 2070 ἐπίχαρι

2449 2081 2726 2148 πνέουσαι,
2757 2086 2853 2138 καὶ
2883 2085 2972 2138 διὰ
3007 2087 3220 2140 πάντων
3252 2087 3314 2140 τὸ
3339 2089 3625 2159 πρόσωπον
3649 2090 3746 2160 τῆς
3791 2093 3896 2162 γῆς
3927 2109 4021 2145 κο-

2450 2174 2756 2243 σμούμενόν
2781 2193 2842 2228 τε
2879 2177 2975 2230 καὶ⁵
2997 2177 3382 2249 ὼραῖζόμενον,
3403 2181 3496 2235 καὶ
3523 2181 3683 2253 ἀέρος
3719 2185 3917 2254 κρᾶσις
3937 2185 4019 2247 είς

2446 2265 2797 2339 καθαρότητα
2861 2271 2955 2322 καὶ
3014 2269 3291 2339 διαύγειαν
3340 2272 3706 2344 ἀνηπλωμένη
3764 2275 3863 2329 καὶ
3914 2277 4019 2340 τὰς

2449 2359 2672 2430 πρώτας
2699 2362 2921 2424 ἀκτῖνας
2954 2363 3317 2437 ὑποδεχομένη
3355 2365 3449 2418 τοῦ
3496 2365 3666 2435 ήλίου,
3721 2367 3839 2431 πῶς
3893 2370 4018 2439 οὐχὶ

2446 2452 2506 2504 τὸ
2537 2452 2733 2524 χωρίον
2762 2452 2883 2506 ὅλον
2932 2453 3257 2510 ἀποτελοῦσι
3288 2457 3651 2528 τερπνότητός
3679 2460 3861 2518 taxat
3893 2460 4020 2531 ήδο-

2446 2543 2560 2611 νῆς,
2591 2544 2692 2614 δση
2720 2547 2970 2615 γοητεύει
2999 2546 3096 2608 τὰς
3127 2547 3425 2618 αἰσθήσεις,
3457 2549 3676 2603 πάντων
3707 2550 3898 2621 φέρειν
3952 2550 4016 2606 τδ

2444 2634 2782 2704 ἀκρότατον;
2817 2636 2966 2709 Πλὴν
2996 2637 3132 2692 ἀλλά
3157 2655 3222 2706 γε
3247 2640 3346 2711 τῆς
3388 2640 3664 2710 βασιλείας
3713 2642 3785 2696 τά
3832 2643 4015 2712 ἀγαθά

2445 2725 2657 2796 ἀπείρῳ
2719 2726 2903 2798 μέτρῳ
2954 2728 3407 2802 ὑπερανέστηκεν.
3451 2751 3469 2783 ε
3505 2733 3635 2786 Οὐδὲ
3663 2734 3770 2803 γάρ
3811 2733 4016 2803 ὀφθαλ-

2450 2818 2548 2886 μὸς
2581 2815 2739 2881 είδεν,
2771 2817 2896 2873 οὐτε
2924 2816 3015 2884 οὖς
3042 2823 3289 2892 ἤκουσεν,
3319 2822 3442 2876 οὔτε
3496 2825 3591 2877 ἐπὶ
3627 2826 3855 2896 καρδίαν
3914 2829 4013 2881 ἀν-

2445 2907 2662 2978 θρώπου
2694 2910 2882 2980 ἀνέϐη,
2912 2910 2949 2965 ἀ
2985 2913 3278 2983 ἡτοίμασεν
3325 2915 3355 2967 ό
3397 2914 3528 2978 Θεὸς
3560 2918 3670 2980 τοῖς
3725 2918 4013 2984 ἀγαπῶσιν

2444 3000 2626 3054 αὐτόν.
2667 3019 2686 3052 ι
2720 3001 2925 3065 ’Ἄλλως
2971 3019 3031 3056 τε
3079 3004 3136 3056 δὲ
3168 3007 3261 3059 καὶ
3301 3006 3383 3059 ὅτι
3422 3006 3502 3077 τῷ
3545 3007 3715 3077 Ἀδὰμ
3761 3012 3789 3061 ό
3827 3011 4012 3081 παρά-

2443 3095 2618 3157 δεισος
2655 3095 2715 3148 οὐ
2749 3095 3018 3166 βραϐείων
3056 3099 3148 3150 καὶ
3192 3099 3438 3154 ἐπάθλων
3464 3101 3631 3170 γέρας
3661 3104 4008 3171 ἐγνωρίζετο,

2368 3215 2413 3276 c
2443 3188 2741 3256 γυμνάσιον
2766 3187 2824 3242 δὲ
2856 3188 3056 3258 μᾶλλον
3078 3191 3138 3241 τὸ
3167 3191 3365 3260 χωρίον
3395 3193 3687 3262 προύκειτο
3733 3196 3829 3248 καὶ
3878 3198 4010 3250 cmi-

775 3265 1159 3319 nblectationis
1187 3281 1370 3331 usum,
1400 3275 1454 3320 et
1472 3265 1708 3321 stadium
1737 3283 1899 3323 nemo
1926 3269 2106 3326 adhuc
2136 3274 2342 3342 przemii
2373 3265 2413 3276 “’

2373 3265 2413 3276 “
2442 3277 2555 3332 διον
2584 3280 2783 3351 ἀρετῆς
2801 3295 2816 3310 ·
2849 3281 2917 3335 τὰ
2944 3281 3000 3335 δὲ
3033 3282 3239 3336 ἔπαθλα
3264 3285 3357 3338 καὶ
3402 3285 3452 3338 οί
3487 3285 3738 3356 στέφανοι
3766 3287 4009 3357 δηλονότι

775 3357 950 3410 Ioequ
991 3356 1238 3412 obtinere
1273 3357 1502 3413 audivit.
1544 3357 1871 3415 Conceditur
1911 3374 2091 3418 autem
2146 3365 2342 3420 latroni

2443 3369 2613 3440 μείζω
2643 3371 2736 3424 καὶ
2765 3371 3101 3444 τελειοτέραν
3127 3377 3224 3445 τήν
3258 3375 3558 3432 ἀπόλαυσιν
3608 3356 3860 3449 φέρουσι,
3913 3381 4006 3434 καὶ

774 3447 1062 3516 paradisus
1094 3448 1243 3502 velut
1271 3448 1437 3502 arrha
1471 3451 1718 3518 quaedam
1743 3462 1796 3505 et
1832 3452 2139 3510 futurorum
2176 3459 2344 3513 bono.

2443 3463 2655 3516 στάδιον
2689 3464 2864 3524 οὐδεὶς
2894 3465 3107 3520 οὐδέπω
3134 3467 3402 3537 βραϐείων
3429 3471 3522 3523 καὶ
3551 3447 3804 3525 ἐπάθλων
3843 3473 4006 3541 φύσιν

773 3553 892 3592 rum
932 3537 1288 3608 prooemium;
1329 3554 1453 3594 cum
1495 3540 1637 3594 enim
1687 3549 1818 3596 tunc
1868 3547 2140 3600 communi
2182 3557 2340 3603 aeter-

2441 3553 2718 3622 μετελθείν
2745 3555 2853 3608 οὐδ’
2881 3556 3050 3628 ἀκοήν
3071 3551 3198 3628 εὗρε
3225 3558 3560 3614 διδάσκαλον.
3597 3537 3890 3630 Είσάγεται
3943 3563 4001 3616 δὲ

770 3648 969 3686 norum
999 3632 1261 3686 bonorum
1308 3630 1652 3686 retributioui
1702 3634 1940 3689 nondum
1993 3647 2136 3692 esset
2163 3638 2335 3702 locus,

2439 3643 2574 3714 πρὸς
2602 3645 2694 3698 τὸν
2725 3647 3050 3717 παράδεισον
3082 3650 3111 3702 ό
3144 3647 3345 3721 λῃστής
3371 3645 3482 3704 οἷον
3515 3653 3830 3723 ἀρῤαϐῶνός
3857 3672 4003 3719 τινος

771 3739 880 3776 ιιυιι
909 3732 1026 3776 erat
1044 3737 1282 3792 aequum,
1312 3731 1367 3775 ιιι
1391 3722 1506 3789 ipse
1529 3723 1680 3778 solus
1717 3739 1783 3778 ex
1829 3728 2102 3791 omnibus,
2137 3730 2229 3799 qui
2271 3730 2339 3785 ab

2434 3737 2528 3788 καὶ
2550 3738 2835 3807 προοιμίου
2851 3739 2959 3793 τῶν
2985 3739 3282 3810 μελλόντων
3303 3743 3518 3810 ἀγαθῶν
3529 3722 3843 3814 ἀξιούμενος
3863 3747 3998 3817 (32)·

769 3812 923 3865 initio
952 3812 1102 3866 chari
1134 3811 1381 3882 gratique
1414 3809 1522 3866 Deo
1551 3811 1783 3879 fuerant,
1809 3815 1875 3868 ad
1895 3814 2057 3871 ﬂucm
2085 3831 2339 3876 extrema

2433 3829 2619 3897 ὲπείγε
2647 3831 2749 3900 τῆς
2777 3832 2964 3900 κοινῆς
2991 3809 3395 3899 ἀνταποδόσεως
3419 3835 3530 3889 τῶν
3579 3809 3813 3890 αίωνίων
3857 3809 3998 3908 ἀγα-

769 3901 1121 3958 beatitudinis
1157 3913 1467 3974 perveniret
1501 3913 1556 3960 et
1590 3906 1709 3962 sine
1731 3909 2030 3968 innumeris
2055 3912 2164 3969 illis
2207 3930 2336 3969 sau-

2432 3919 2541 3973 θῶν
2565 3924 2731 3992 μήπω
2757 3923 2880 3975 τότε
2911 3923 3100 3994 καιρὸν
3127 3924 3378 3997 ἐχούσης,
3409 3926 3516 3980 οὐδ’
3531 3927 3690 3992 αὐτὸς
3709 3924 3777 3999 ἦν
3792 3901 4001 3995 δίκαιος

766 4001 975 4047 ctoruin
1004 3994 1245 4051 cmtibus
1273 4009 1768 4067 consummaretur,
1799 4010 1858 4055 ut
1879 4011 1935 4057 et
1955 4003 2114 4060 divus
2129 4003 2331 4062 Paulus

2429 4013 2590 4085 μόνος
2619 4015 2683 4067 ὲκ
2712 4014 2926 4068 πάντων
2971 4015 3080 4069 τῶν
3129 4017 3222 4069 ἀπ’
3273 3994 3467 4082 αίῶνος
3515 3994 3999 4092 εὐαρεστησάντων

768 4091 1119 4145 protestatur.

2426 4103 2543 4175 Θεῷ
2570 4104 2704 4175 πρὸς
2723 4104 2948 4169 τὸτέλος
2973 4106 3176 4177 φθάσαι
3203 4109 3303 4179 τῆς
3332 4110 3565 4181 έσχάτης
3604 4116 4001 4187 μακαριότητος

765 4179 858 4230 καὶ
881 4179 1048 4282 χωρὶς
1075 4180 1182 4282 τῶν
1207 4181 1418 4252 μυρίων
1446 4182 1670 4238 ἐκείνων
1701 4187 1876 4257 χορῶν
1901 4188 2008 4242 τῶν
2034 4189 2201 4260 ἁγίων
2222 4195 2587 4271 τελειωθῆναι,
2605 4201 2680 4265 ὥς
2699 4219 2801 4257 που
2825 4201 2920 4257 καὶ
2945 4201 2974 4255 ό
2998 4201 3279 4267 θεσπέσιος
3308 4179 3518 4270 Παύλος
3545 4179 3997 4282 διαμαρτύρεταί

827 4271 880 4325 3.
919 4268 1124 4326 Horum
1168 4272 1336 4344 igitur
1364 4292 1487 4346 quae
1530 4276 1770 4333 diximus
1808 4280 1988 4350 aliqua
2034 4299 2141 4339 non
2174 4289 2333 4355 pauci.

2467 4268 2477 4271 v
2511 4299 2580 4362 γ’.
2615 4294 2735 4348 Τῶν
2764 4294 2941 4350 τοίνυν
2974 4295 3277 4366 είρημένων
3308 4295 3424 4350 ivra
3449 4268 3548 4353 οὐκ
3575 4268 3743 4371 ὀλίγοι
3775 4268 3876 4375 μὲν
3890 4268 4001 4358 tibi;

765 4372 888 4414 ante
912 4376 1009 4416 nos
1041 4372 1099 4416 ut
1127 4378 1325 4420 causas
1348 4366 1676 4432 retulerunt,
1703 4383 1799 4422 cur
1821 4373 1966 4426 nulla
1991 4375 2140 4444 regni
2167 4379 2334 4433 cmlo-
2364 4403 2415 4463 ι)

2364 4403 2415 4463 ι)
2441 4386 2548 4456 πρὸ
2572 4385 2731 4457 ήμῶν
2759 4386 2835 4451 ὡς
2870 4388 3049 4453 αίτίας
3075 4388 3168 4442 τοῦ
3202 4389 3277 4460 μὴ
3305 4393 3486 4462 τυχεῖν
3521 4366 3742 4464 μνήμης
3761 4366 3860 4466 τὴν
3887 4397 4000 4450 τῶν

765 4467 885 4505 ι·υιιι
930 4455 1132 4507 mentio
1169 4455 1313 4510 facta
1361 4455 1526 4511 fuerit
1561 4459 1652 4512 ubi
1699 4459 1874 4515 Moses
1920 4467 2105 4519 mundi
2150 4479 2330 4526 ortum

762 4551 816 4595 et
837 4543 1278 4601 constitutionem
1297 4545 1492 4602 litteris
1509 4550 1809 4618 mandavit;
1841 4569 1944 4608 non
1974 4557 2126 4624 pauci
2153 4569 2330 4618 tamen

765 4633 817 4685 in
855 4633 1080 4688 dubium
1114 4651 1178 4690 ea
1209 4649 1556 4694 revocarunt.
1588 4639 1849 4712 Eﬂ'ugerit
1874 4657 2053 4702 autem
2103 4649 2332 4709 fortasse

762 4722 958 4793 aliquis
987 4741 1151 4782 ausas
1186 4727 1306 4783 illas
1328 4729 1576 4796 dicendo,
1610 4744 1894 4803 propterea
1940 4737 2146 4795 Mosen:
2177 4744 2330 4813 regni

761 4813 1025 4893 calorum
1059 4831 1168 4870 non
1193 4817 1529 4885 meminisse,
1561 4822 1687 4890 quia
1721 4822 2002 4893 Scriptura
2025 4839 2080 4882 et
2101 4829 2186 4885 lex
2215 4848 2246 4886 a
2271 4848 2331 4888 se

760 4917 870 4956 non
911 4887 1122 4972 poterat
1163 4908 1424 4962 calorum
1479 4887 1706 4981 regnum
1763 4887 1966 4985 largiri.
2012 4916 2151 4983 Quid
2181 4887 2328 4978 enim

759 5009 881 5048 mea
938 4995 1180 5061 interest,
1209 4997 1473 5054 calorum
1525 5017 1754 5071 regnum
1808 5005 2110 5075 addiscere,
2158 5011 2201 5066 si
2234 5011 2326 5068 illo

758 5101 855 5157 per
887 5087 1020 5156 legis
1055 5089 1364 5145 institutum
1393 5094 1555 5161 potiri
1600 5097 1850 5166 nequeo?
1875 5099 2193 5160 Communis
2222 5121 2324 5159 au-

758 5186 865 5232 tem
892 5177 1152 5236 Dominus
1179 5191 1232 5236 et
1266 5181 1533 5251 Salvator,
1574 5190 1833 5255 quoniam
1880 5192 1984 5246 tale
2013 5193 2170 5250 nobis
2211 5204 2324 5252 tra-

756 5271 894 5325 didit
924 5274 1253 5342 institutum,
1287 5292 1346 5331 se
1385 5279 1561 5348 ipsum
1594 5283 1646 5334 in
1670 5283 1975 5354 exemplum
2019 5302 2323 5357 proponens

758 5362 1008 5432 (habetur
1041 5367 1182 5421 enim
1209 5368 1262 5422 in
1297 5367 1594 5441 Scripturis
1627 5389 1641 5426 :
1670 5391 1688 5425 ι
1729 5373 1834 5432 Ubi
1863 5380 2028 5450 erepit
2060 5381 2240 5439 facere
2267 5392 2323 5439 et

827 5477 843 5507 ⁸
898 5474 1032 5533 Luc.
1075 5497 1229 5550 χχιιι,
1279 5483 1368 5549 ιε,
1419 5484 1509 5539 ιδ.
1586 5487 1663 5540 ’l
1713 5489 1840 5543 Cor.
1887 5506 1947 5556 ιι,
2006 5491 2061 5547 9.

2428 4477 2673 4548 οὐρανῶν
2706 4476 3004 4547 βασιλείαν,
3030 4482 3090 4534 ἐν
3117 4476 3163 4549 ᾧ
3219 4469 3458 4554 Μωῦσῆς
3514 4484 3614 4555 τήν
3648 4478 3742 4540 τοῦ
3791 4488 3999 4558 κόσμου

2429 4567 2735 4639 καταϐολὴν
2766 4568 3022 4640 ἔγραψεν,
3045 4571 3469 4640 ἀποδεδώκασιν,
3491 4575 3591 4629 οὐκ
3619 4576 3787 4646 ὀλίγοι
3816 4577 3874 4631 δὲ
3903 4581 4000 4635 καὶ

2428 4657 2507 4719 είς
2524 4657 2936 4730 ἀμφισϐήτησιν
2983 4663 3389 4732 περιείλκυσαν.
3431 4667 3589 4730 Ἴσως
3619 4668 3666 4721 δ’
3688 4670 3753 4723 ἀν
3780 4687 3864 4735 τις
3918 4674 3999 4725 είο

2429 4743 2546 4799 πὼν
2571 4747 2800 4818 ἐκφύγοι
2834 4749 2933 4815 τὰς
2963 4753 3370 4824 προειρημένας
3407 4754 3598 4820 λαϐὰς,
3631 4757 3708 4822 ὼς
3759 4761 3996 4835 ἐπείπερ

2426 4836 2461 4920 ή
2484 4835 2575 4889 τοῦ
2601 4838 2882 4904 Μωῦσέως
2907 4843 3195 4916 συγγραφὴ
3219 4845 3312 4898 καὶ
3355 4845 3642 4915 νομοθεσία
3669 4850 3767 4920 οὐχ
3813 4852 3903 4905 οἶα
3933 4870 3995 4907 τε

2429 4919 2498 4995 ἦν
2523 4923 2802 4996 βασιλείαν
2834 4929 3080 5002 οὐρανῶν
3133 4932 3474 5003 χαρίζεσθαι,
3525 4937 3613 4991 διὰ
3666 4919 3826 4993 τοῦτο
3870 4943 3995 4996 οὐδὲ

2428 5015 2633 5089 ταύτης
2687 5021 2766 5084 είς
2792 5022 3012 5094 μνήμην
3038 5023 3285 5093 ἀφίκετο.
3318 5026 3504 5101 Τίγάρ
3532 5047 3600 5100 με
3624 5030 3994 5103 δείβασιλείαν

2426 5108 2672 5178 οὐρανῶν
2710 5111 2900 5182 μαθεῖν
2931 5114 2997 5186 ην
3023 5115 3087 5168 έκ
3118 5115 3218 5187 τῆς
3247 5119 3390 5174 κατά
3410 5121 3573 5192 νόμον
3594 5123 3869 5190 πολιτείας
3890 5129 3993 5183 οὐκ

2425 5201 2539 5256 ἔστι
2568 5219 2659 5273 μοι
2688 5204 2874 5260 λαϐεῖν
2905 5224 2919 5272 ;
2965 5206 3023 5261 '0
3054 5209 3111 5264 δὲ
3138 5212 3312 5276 κοινὸς
3349 5215 3623 5288 Δεσπότης
3651 5219 3745 5272 καὶ
3774 5220 3988 5293 Σωτήρ,

2424 5293 2545 5346 ἐπεὶ
2568 5295 2823 5367 τοιαύτην
2873 5300 3004 5368 ἡμῖν
3046 5305 3417 5374 κατεστήσατο
3466 5307 3763 5376 πολιτείαν,
3792 5311 3988 5366 ἑαυτὸν

2429 5386 2776 5459 παράδειγμα
2805 5391 3046 5462 προθείς·
3086 5413 3106 5446 ι
3133 5387 3232 5450 Ὧν
3258 5398 3365 5469 γάρ
3391 5397 3779 5472 ήρξατομρησὶ,
3811 5406 3989 5459 ποιεῖν

2261 5610 2495 5671 ΝΟΤΕ.

827 5709 936 5779 (52)
989 5707 1110 5765 ll:rc
1171 5714 1482 5771 Graecorum
1545 5719 1856 5788 opinionem
1933 5724 2168 5785 inuuunt
2233 5729 2302 5786 de

752 5792 967 5846 peracto
993 5787 1341 5850 perfruantur
1370 5787 1652 5844 beatorum
1686 5795 1897 5849 anima.

2343 5733 2604 5794 dilatione
2644 5738 3011 5813 beatitudinis,
3063 5762 3170 5818 qua
3223 5748 3440 5807 nonnisi
3484 5761 3726 5811 extremo
3777 5755 3984 5827 judicio
