4202 6442
224 440 322 507 131

1176 439 1275 501 AD
1301 437 1893 501 AMPHILOCHIUM
1912 432 2259 510 QUESTIO
2296 433 2450 495 XVI.

3357 424 3463 490 138

218 567 279 605 τε
306 554 404 606 καὶ
419 549 714 618 διδάσκειν,
746 570 766 605 ι
803 550 872 607 δι’
901 545 970 625 ἧς
1000 550 1117 607 ῑστι
1145 553 1246 623 τῆς
1272 552 1382 608 τῶν
1406 553 1658 626 οὐρανῶν
1687 530 1783 625 βα·
1809 596 1819 617 Α

1907 551 2076 607 locere
2093 550 2135 614 ³,
2164 550 2212 619 ι)
2243 563 2340 620 ρει-
2367 547 2514 618 quod
2550 544 2908 617 (institutum)
2937 552 3022 599 est
3055 542 3109 597 in
3152 542 3304 613 regni
3346 556 3461 597 cu:-

222 642 427 707 σιλείας
453 644 547 697 τὸν
576 644 778 715 κλῆρον
816 643 1091 709 ὑπελθεῖν,
1122 644 1348 709 εἰκότως
1396 647 1478 708 εἰς
1531 644 1789 713 τοιαύτην

222 735 371 802 ἡμᾶς
416 733 781 803 ιπαναγαγὼν
817 735 1093 789 πολιτείαν
1147 735 1243 790 καὶ
1293 738 1422 808 περὶ
1471 736 1642 807 αὑτῆς
1689 734 1790 804 τῆς

221 823 330 877 τῶν
368 824 612 895 οὐρανῶν
640 825 916 895 βασιλείας
945 828 1290 899 σαφεστάτην
1317 829 1411 882 καὶ
1461 826 1790 882 ἀδίστακτον

222 914 321 985 τὴν
346 914 695 970 διδασκαλίαν
722 917 819 972 καὶ
844 917 947 988 τὴν
1007 918 1303 991 ὑπόσχεσιν
1360 918 1672 989 ἐχαρίσατο.
1724 917 1788 971 Εἰ

220 1008 281 1060 δέ
317 1025 403 1073 τις
428 1010 568 1081 πρὸς
591 1010 852 1080 ἀμείνονα
874 1011 1106 1085 θεωρίαν
1130 1011 1227 1067 τοῦ
1278 1011 1643 1085 προκειμένου
1698 1006 1791 1080 Cn-

223 1101 468 1170 τήματος
494 1100 702 1164 ἀναϐὰς
729 1102 935 1174 ταύτην
963 1102 1249 1168 ἐπιδιδάξει,
1280 1102 1345 1157 τδ
1368 1102 1621 1158 εὐκταῖον
1640 1095 1795 1164 οὗτος

227 1190 295 1243 ἂν
325 1191 451 1261 ἐμοὶ
479 1190 736 1262 πράττων
758 1192 846 1264 εἴη
875 1193 971 1248 καὶ
990 1193 1377 1266 χαριέστατον.
1521 1187 1528 1193 ’

746 1305 1082 1360 urorum
1128 1308 1247 1375 ις’.

225 1393 331 1448 Διὰ
366 1395 429 1449 τι
472 1395 731 1465 deputav-
778 1396 898 1467 τὴν
941 1396 1063 1468 γῆν
1103 1400 1137 1453 ό
1165 1397 1389 1469 Μωσῆς
1435 1399 1792 1471 ὠνόμασεν;

1886 644 2037 699 lestis
2092 638 2459 697 hereditatem
2491 637 2697 708 ingredi
2734 651 2749 689 :
2790 634 2987 691 merito
3014 634 3178 689 etiam
3221 633 3289 687 de
3346 633 3463 701 ipso

1888 737 2150 793 cmlorum
2209 748 2398 802 regno,
2426 748 2553 789 cum
2594 730 2648 785 in
2688 729 2795 784 tale
2850 744 2952 784 nos
2983 725 3294 781 institutum
3340 740 3469 793 pro-

1888 828 2148 890 vexisset,
2175 824 2537 882 clarissimam
2567 831 2624 878 et
2651 819 2929 876 indubiam
2964 816 3273 873 doctrinam
3300 825 3467 884 atque

1890 918 2306 991 promissionem
2338 914 2565 986 largitus
2600 922 2703 969 est.
2734 910 2894 979 Quod
2932 908 2980 964 si
3022 908 3145 977 quis
3184 906 3465 960 meliorem

1889 1009 2182 1083 proposita
2206 1005 2525 1079 quaestionis
2553 1000 2963 1073 intelligentiam
3028 1005 3313 1053 assecutus
3345 1010 3468 1050 eam

1894 1100 2258 1173 proposuerit,
2308 1099 2356 1155 is
2406 1112 2522 1154 rem
2574 1095 2709 1151 mihi
2759 1107 2927 1164 quam
2972 1089 3338 1160 gratissimam
3392 1086 3471 1143 fe-

1896 1194 2053 1250 cerit.

2111 1298 2438 1371 QUIESTIO
2465 1297 2608 1355 XVI.
2641 1295 2830 1369 [CoisL
2865 1294 3088 1349 Taurin.
3117 1290 3263 1364 XV.]

2008 1391 2119 1449 Cur
2150 1389 2465 1446 inuisibilem
2495 1396 2694 1443 terram
2744 1385 2955 1456 Moyses
2990 1384 3315 1452 nuncupavit
3344 1382 3372 1437 .’

1114 1517 1259 1571 Edita
1277 1533 1307 1569 a
1339 1515 1485 1578 Iaio,
1528 1518 1659 1568 Nov.
1686 1509 1811 1565 Call.
1848 1513 1888 1560 t.
1914 1507 2000 1569 IX,
2026 1505 2190 1557 lli-16.
2213 1506 2272 1556 In
2304 1504 2429 1556 Gen.
2454 1517 2492 1564 ι,
2517 1504 2566 1552 2.

311 1596 568 1668 ’Δόρατον
586 1599 688 1670 τὴν
713 1601 819 1672 γῆν
844 1600 1046 1674 ἔφησεν
1064 1605 1093 1658 ό
1105 1605 1332 1675 Μωσῆς,
1356 1603 1480 1657 ἐπεὶ
1490 1602 1660 1673 τὸτῆς
1675 1599 1804 1664 θέας

224 1686 437 1744 δίκαιον
476 1692 575 1760 τῆς
598 1691 709 1745 τῶν
732 1693 944 1749 ὑδάτων
967 1696 1305 1768 πλημμύρας
1334 1695 1647 1767 κεχυμένης
1695 1695 1793 1750 αύ-

1976 1592 2312 1650 lnvisibilem
2377 1600 2582 1647 terram
2619 1586 2799 1645 Moses
2829 1586 2990 1651 dixit,
3015 1584 3239 1656 quando
3261 1591 3477 1654 specta-

1901 1684 2009 1741 culi
2063 1682 2791 1755 perfectionem,aquarum
2848 1677 3213 1733 inundatione
3264 1676 3320 1730 in
3354 1690 3476 1730 eam

227 1777 299 1847 τῇ
330 1776 485 1833 οῦπω
512 1775 658 1851 εῖχεν
692 1783 1041 1839 ἀπολαϐοῦσα
1264 1780 1335 1857 ἦν
1361 1786 1396 1856 η
1423 1766 1587 1856 ἰσχὺς
1617 1783 1715 1838 καὶ
1734 1784 1799 1838 τδ

1907 1776 2115 1843 diffusa,
2134 1774 2378 1831 nondum
2408 1782 2733 1843 acceperat;
2763 1769 2861 1827 sed
2884 1777 3003 1826 erat
3022 1769 3104 1825 vis
3150 1777 3208 1824 et
3236 1766 3477 1864 potentia

228 1870 433 1939 κράτος
470 1872 570 1942 τῆς
608 1872 871 1940 ἀϐύσσου,
923 1876 1081 1930 τοῦτο
1138 1876 1238 1948 μὲν
1274 1876 1373 1947 τὴν
1412 1875 1652 1946 ἐμφυτον
1701 1875 1803 1947 τῆς

228 1961 338 2029 γῆς
372 1961 641 2034 ξηρότητα
666 1966 1134 2038 περινοτιζούσης,
1162 1966 1322 2023 τοῦτο
1340 1968 1397 2022 δδ
1425 1967 1519 2022 τὸν
1550 1968 1682 2022 ίδιον
1712 1967 1804 2022 κόο

231 2062 374 2118 σμον
399 2052 691 2106 ἀπολαϐεῖν
716 2055 819 2109 οὑκ
845 2056 1116 2127 ἐώσης,δς
1145 2056 1210 2129 δὴ
1230 2056 1416 2127 φυτῶν
1442 2052 1513 2129 ἦν
1544 2056 1677 2129 γένη
1708 2056 1805 2112 καὶ

234 2141 476 2209 βοτανῶν
503 2144 598 2197 καὶ
624 2145 656 2215 ἡ
680 2144 816 2217 ἄλλη
846 2146 956 2200 τῶν
984 2147 1189 2202 ἀνθέων
1216 2148 1310 2202 καὶ
1335 2150 1564 2219 καρπῶν
1608 2146 1806 2219 ὡραιό-

230 2247 335 2302 της
374 2248 389 2262 ’
412 2232 492 2287 ἔτι
520 2234 576 2289 δὲ
595 2236 823 2307 ἀόρατος
851 2234 969 2310 ἦνὴ
999 2241 1070 2310 γῆ
1098 2241 1181 2295 ὅτι
1211 2241 1378 2312 μήπω
1403 2243 1585 2312 παρῆν
1612 2241 1641 2294 ό
1673 2238 1806 2295 ταύ-

230 2337 340 2393 την
382 2324 519 2397 όρᾷν
548 2324 837 2397 ἄνθρωπος
882 2329 1065 2383 λαϐὼν
1089 2329 1235 2400 ὄψιν.
1273 2330 1386 2384 Καὶ
1438 2330 1664 2401 προσέτι
1714 2329 1807 2384 ἀό-

234 2433 401 2485 ρατος
422 2418 618 2486 λέγοιτ’
638 2418 706 2473 ἂν
727 2421 973 2486 εἰκότως,
998 2422 1080 2475 δτι
1120 2421 1216 2475 τοῦ
1246 2422 1426 2492 φωτὸς
1461 2421 1614 2476 οὔπω
1642 2438 1805 2490 γενη-

234 2508 421 2571 θέντος
442 2509 511 2563 δι’
540 2504 602 2565 οῦ
625 2514 687 2564 τὸ
713 2512 906 2584 ὁρατὸν
933 2516 1000 2584 τῇ
1028 2513 1147 2583 ὕψει
1173 2514 1675 2584 καταλαμϐάνεται,
1698 2513 1807 2566 οὐδ’

233 2601 379 2671 αὑτὴ
404 2601 502 2672 τὴν
530 2602 724 2673 αἰγλην
750 2599 864 2673 εἷχε
888 2599 1036 2677 δι’ἧς
1058 2604 1125 2659 ἂν
1152 2605 1475 2676 ὑπηρετεῖτο
1486 2604 1564 2675 τῷ
1576 2604 1806 2674 ὄμματι·

236 2691 385 2744 ὥστε
414 2693 464 2744 εἰ
494 2694 585 2745 καὶ
607 2695 720 2758 τοῖς
749 2693 969 2758 οἰκείοις
998 2695 1219 2759 κόλποις
1245 2697 1278 2767 ἡ
1302 2694 1538 2759 ἄϐυσσος
1562 2710 1810 2763 καταμε-

239 2782 491 2850 ρισθεῖσα
520 2784 917 2849 συνεστέλλετο,
946 2785 1040 2839 καὶ
1072 2789 1183 2848 τοῖς
1221 2788 1408 2854 φυτοῖς
1442 2784 1536 2840 καὶ
1564 2783 1643 2856 τῷ
1668 2785 1811 2855 ἄλλῳ

236 2873 435 2943 κόσμῳ
464 2874 498 2945 ἠ
530 2874 602 2943 γῆ
632 2876 992 2946 ἐκεκόσμητο,
1025 2878 1118 2930 καὶ
1144 2877 1174 2928 ὸ
1246 2876 1455 2947 μέλλων
1516 2876 1649 2947 ὁρᾷν
1721 2876 1814 2944 ἐφ-

236 2964 468 3034 εστήκει
515 2964 823 3035 ἄνθρωπος,
855 2966 1010 3020 οὕπω
1035 2967 1093 3020 δὲ
1125 2967 1221 3021 τοῦ
1256 2968 1435 3036 φωτὸς
1458 2969 1493 3037 ἡ
1531 2966 1693 3036 φύσις
1725 2966 1812 3030 ἐξ·

238 3057 634 3126 έλαμπεν,οὑδ’
662 3057 835 3120 οὑτως
858 3058 925 3111 ἂν
952 3058 1321 3129 ἐχρημάτιζεν
1342 3060 1511 3130 ὁρατή
1538 3075 1553 3091 ·
1582 3058 1813 3129 δῆλονδὲ

1901 1868 2105 1940 abyssi,
2133 1881 2258 1938 qua
2290 1873 2405 1921 tum
2454 1863 2762 1920 naturalem
2800 1872 2961 1918 terra:
3012 1859 3319 1917 siccitatem
3372 1858 3483 1914 cir-

1903 1956 2343 2029 cumspargehat,
2387 1965 2503 2012 tum
2556 1953 2906 2025 impediebat,
2953 1953 3087 2024 quin
3144 1968 3305 2009 suum
3346 1965 3480 2023 pro-

1903 2050 2083 2122 prium
2107 2056 2363 2105 ornatum
2387 2047 2658 2111 indueret,
2690 2061 2854 2117 quem
2904 2059 3040 2101 sane
3074 2043 3484 2100 constituebant

1903 2141 2215 2211 plantarum
2245 2154 2440 2208 genera
2486 2147 2541 2194 et
2585 2137 2901 2199 herbarum,
2947 2145 3003 2193 et
3036 2136 3143 2191 alia
3184 2135 3376 2191 florum
3428 2144 3485 2191 et

1905 2232 2180 2288 fructuunt
2227 2239 2509 2287 venustas.
2572 2229 2766 2286 Adhuc
2812 2238 2931 2286 erat
2988 2228 3281 2285 invisibilis
3335 2238 3479 2285 terra

1904 2326 2033 2397 quia
2063 2324 2303 2380 nandum
2338 2323 2528 2379 aderat
2555 2323 2648 2393 qui
2678 2338 2800 2378 eam
2825 2322 3133 2392 adspiceret
3166 2321 3351 2385 homo,
3398 2322 3483 2376 vi-

1906 2432 2026 2473 sum
2058 2416 2307 2472 sortitus.
2332 2412 2400 2469 Et
2440 2414 2666 2484 insuper
2705 2412 3002 2468 invisibilis
3034 2412 3233 2466 merito
3266 2412 3482 2467 dicere-

1909 2514 2019 2571 tur,
2050 2504 2203 2577 quia.
2240 2504 2364 2559 luce
2414 2503 2660 2558 nondum
2712 2501 2855 2559 facta
2915 2517 3015 2573 per
3061 2515 3229 2571 quam
3264 2502 3483 2559 visibile

1908 2594 2027 2649 visu
2092 2593 2416 2664 percipitur,
2458 2608 2569 2648 non
2621 2592 2779 2648 illum
2838 2592 3076 2647 habebat
3133 2591 3483 2662 splendorem

1909 2699 2019 2754 quo
2048 2685 2223 2741 oculis
2252 2684 2766 2740 subministraretur
2791 2725 2807 2751 ,
2839 2684 2913 2740 ita
2944 2693 3005 2739 ut
3030 2684 3247 2740 etiamsi
3278 2685 3332 2739 in
3355 2700 3486 2755 pro-

1909 2778 2045 2849 priis
2069 2777 2206 2835 locis
2235 2777 2483 2847 sejuncta
2528 2779 2759 2848 abyssus
2790 2778 3139 2842 coercitetur,
3182 2786 3238 2833 et
3284 2778 3487 2847 plantis

1910 2879 1965 2925 et
1994 2868 2103 2923 alio
2134 2878 2331 2923 ornatu
2363 2868 2631 2923 instructa
2666 2876 2838 2933 esset,
2874 2876 2929 2923 et
2963 2868 3131 2923 homo
3162 2884 3285 2924 eam
3328 2884 3487 2939 aspe-

1911 2970 2101 3017 cturus
2147 2960 2454 3024 extitisset,
2489 2960 2736 3015 nondum
2766 2974 2900 3016 vero
2939 2960 3081 3017 lucis
3136 2972 3329 3016 natura
3383 2960 3487 3015 mi-

1913 3054 2138 3113 cuisset.
2191 3067 2300 3106 non
2344 3052 2508 3106 etiam
2559 3060 2691 3106 tunc
2754 3050 2953 3108 fuisset
3014 3052 3269 3108 visibilis.
3332 3050 3492 3108 Patet

238 3147 315 3207 ὡς
347 3147 492 3200 κατά
521 3146 611 3199 τὸν
627 3148 741 3200 τσον
756 3148 957 3217 τρόπον
973 3149 1081 3201 οὐδ’
1094 3148 1255 3212 αὐτὸς
1281 3148 1390 3217 ἀὴρ
1405 3148 1464 3211 ὃς
1484 3149 1583 3220 τὴν
1618 3149 1811 3202 ἀκτῖνα

1914 3151 2093 3195 autem
2123 3139 2278 3210 juxta
2329 3139 2583 3196 eumdem
2617 3140 2836 3197 modum
2890 3157 3069 3213 neque
3098 3143 3278 3213 ipsum
3336 3158 3487 3210 aera,

235 3235 335 3289 τοῦ
404 3236 579 3304 φωτὸς
617 3238 906 3308 δεχόμενος
958 3237 1056 3309 τὴν
1109 3238 1204 3291 τοῦ
1263 3239 1499 3309 ὁρῶντος
1528 3239 1812 3311 ἐνέργειαν

238 3326 319 3396 τῷ
346 3327 608 3397 ὁρωμένῳ
639 3328 903 3381 συνάπτει
942 3328 1104 3398 μέσος
1134 3329 1417 3400 γινόμενος
1445 3345 1460 3361 ⁸
1500 3330 1609 3383 οὐδ’
1652 3330 1815 3395 αὐτὸς

238 3419 335 3473 οὖν
367 3419 492 3473 οὐδὲ
521 3420 582 3472 τὸ
611 3419 757 3490 ὕδωρ
787 3419 881 3474 τοῦ
909 3419 1085 3489 φωτὸς
1121 3421 1182 3474 οὑ
1222 3420 1480 3484 λαϐόντος
1517 3421 1815 3477 ὑπόστασιν

240 3512 343 3563 οὐκ
381 3511 449 3563 ἂν
482 3509 777 3581 ἐτύγχανεν
803 3512 998 3582 ὁρατός
1019 3529 1034 3543 ·
1060 3511 1239 3566 καίτοι
1294 3529 1357 3581 γε
1391 3514 1529 3584 μήτε
1560 3513 1649 3583 ὑφ’
1697 3514 1816 3568 ἐτέ-

246 3621 358 3674 ρων
385 3602 884 3673 ὲπιπροσθούμενος
911 3604 1098 3677 ῶσπερ
1144 3604 1252 3657 οὐδ’
1302 3607 1335 3676 ἡ
1387 3605 1643 3672 ἄϐυσσος,
1683 3608 1817 3679 μηδὲ

244 3695 454 3759 κόσμου
483 3693 625 3756 τινὸς
655 3693 867 3747 οἴκοθεν
883 3693 1376 3764 ἀποστερούμενος.
1407 3694 1507 3749 Διά
1533 3694 1692 3750 τοῦτο
1710 3697 1820 3769 ἀρα

244 3787 342 3838 καὶ
372 3786 578 3857 Μωσῆς
601 3784 693 3839 τὸν
722 3786 859 3857 ἀέρα
903 3785 1060 3850 εἰδὼς
1109 3785 1187 3857 τῷ
1218 3785 1373 3840 ὑδατι
1427 3787 1818 3859 ἑποχούμενον,

244 3879 306 3930 τὸ
330 3878 516 3932 ἐπάνω
536 3876 635 3948 τῆς
682 3877 920 3932 ἀϐύσσου
983 3878 1174 3941 σκότος
1227 3877 1519 3949 ὠνόμασεο
1560 3880 1655 3952 τῆς
1710 3882 1820 3953 γὰρ

245 3970 593 4040 φωτιζούσης
618 3971 794 4042 αὐγῆς
821 3972 908 4026 διά
924 3972 1025 4042 τῆς
1052 3972 1237 4043 ἀερίου
1259 3973 1475 4044 φύσεως
1502 3975 1563 4029 οὑ
1588 3974 1823 4030 διϊκνου-

250 4065 428 4133 μένης
463 4062 636 4134 (οὔπω
666 4064 773 4134 γὰρ
793 4064 914 4119 οὐδὲ
945 4064 1005 4117 τὺ
1034 4063 1282 4137 πηγάζον
1312 4066 1521 4138 ταύτην
1550 4063 1677 4146 ,εἶχε
1721 4069 1823 4139 τὴν

248 4153 507 4224 ὕπαρξιν,
540 4153 662 4207 οὗτε
694 4155 857 4208 αὑτὸν
888 4154 1083 4227 όρατὺν
1116 4153 1254 4211 εἰναι
1306 4156 1397 4211 τὸν
1450 4158 1608 4230 ἀέρα,
1643 4158 1823 4229 πολλῷ

247 4247 307 4298 δὲ
340 4247 544 4316 μᾶλλον
582 4246 701 4299 οὑδὲ
724 4250 824 4317 τὴν
857 4247 1111 4313 ἄϐυσσον,
1143 4250 1229 4318 ἐφ’
1253 4244 1321 4321 ἦς
1346 4252 1522 4320 ἐχεῖτο
1550 4250 1612 4305 τὸ
1641 4250 1824 4322 ἀέριον

249 4334 493 4407 πνεῦμα,
520 4335 817 4404 ἐνεδέχετο·
857 4334 936 4388 διὸ
970 4335 1066 4389 καὶ
1082 4336 1271 4397 σκότος
1293 4337 1521 4401 εἰκότως
1553 4338 1825 4409 ἐπονομά-

248 4423 429 4485 ζεται.
462 4422 539 4476 Τὸ
561 4420 669 4493 γάρ
698 4421 877 4490 λέγειν
903 4422 968 4477 τὸ
1021 4422 1164 4478 θεῖον
1225 4421 1366 4480 εἶναι
1415 4426 1638 4499 Πνεῦμα
1656 4426 1719 4481 τδ
1753 4429 1820 4498 τῇ

1914 3235 2009 3304 qui
2047 3233 2231 3289 radios
2265 3233 2407 3290 lucis
2460 3234 2737 3303 accipiens
2790 3236 2900 3290 vim
2938 3235 3176 3293 videntis
3228 3237 3307 3293 rei
3358 3237 3493 3293 visre

1913 3326 2583 3398 conjungitintermedius
2606 3327 2808 3392 factus,
2857 3345 2960 3385 nec
2994 3330 3198 3400 ipsum,
3240 3330 3489 3400 inquam,

1915 3433 2089 3488 neque
2111 3432 2332 3489 aquam,
2373 3418 2494 3474 luce
2523 3419 2882 3475 substantiam
2912 3436 3019 3475 non
3052 3422 3303 3483 habente,
3324 3420 3494 3477 fuisse

1914 3511 2210 3566 visibilem.
2241 3510 2310 3565 Et
2332 3518 2479 3565 certe
2524 3525 2699 3581 neque
2742 3511 2849 3566 alia
2908 3526 3033 3566 eum
3083 3522 3181 3567 aut
3226 3513 3487 3582 abyssum

1916 3602 2265 3669 invaserunt,
2291 3617 2465 3672 neque
2498 3614 2825 3658 ornamento
2863 3604 3097 3673 quodam
3119 3605 3343 3674 proprio
3381 3605 3496 3675 pri-

1918 3704 2075 3751 vatus
2104 3704 2207 3751 est.
2246 3695 2456 3752 Idcirco
2482 3695 2648 3767 igitur
2700 3706 2754 3752 et
2785 3696 2960 3751 Moses
3010 3712 3137 3752 aera
3197 3713 3354 3768 aqua:
3406 3698 3495 3753 in-

1918 3795 2130 3842 vectum
2158 3785 2360 3850 sciens,
2387 3786 2534 3856 quod
2558 3801 2724 3855 supra
2755 3786 3017 3857 abyssum
3060 3795 3181 3842 erat
3240 3789 3496 3844 tenebras

1919 3878 2241 3933 nominavit.
2276 3876 2624 3932 lllumlnante
2665 3876 2809 3933 enim
2856 3877 3150 3947 splendore
3208 3893 3305 3947 per
3350 3877 3500 3934 aeris

1920 3969 2280 4024 substantiam
2328 3969 2572 4024 nondum
2611 3968 2763 4023 illato
2811 3968 2921 4036 (vis
2976 3970 3125 4025 enim
3167 3969 3315 4024 hunc
3370 3985 3496 4025 sca-

1922 4060 2157 4131 turiendi
2188 4075 2296 4116 non
2320 4061 2395 4116 illi
2410 4062 2730 4118 substantia:
2769 4061 2992 4131 inerat),
3024 4078 3202 4130 neque
3229 4077 3354 4117 aera
3373 4078 3500 4119 esse

1921 4153 2188 4208 visibilem
2217 4153 2434 4220 licebat,
2478 4169 2654 4224 neque
2710 4168 2743 4208 a
2800 4153 3013 4209 fortiori
3064 4155 3324 4225 abyssum
3375 4172 3500 4224 qua:

1921 4247 2214 4302 athereum
2247 4245 2457 4302 ferebat
2495 4248 2770 4318 spiritum.
2812 4246 3157 4318 Quapropter
3198 4249 3397 4302 merito
3424 4259 3499 4303 te-

1923 4340 2103 4393 nebrae
2133 4348 2337 4394 vocatze
2382 4348 2531 4395 sunt.
2573 4338 2631 4395 Si
2678 4340 2801 4409 quis
2840 4351 3023 4396 autem
3076 4340 3325 4395 divinum
3374 4355 3498 4395 esse

1926 4428 2183 4499 Spiritum
2236 4430 2382 4485 dicat
2458 4431 2552 4501 qni
2612 4447 2779 4501 super
2855 4433 3149 4501 abyssunt
3197 4431 3495 4495 ferebatur,

247 4512 477 4583 ἀδύσσῳ
512 4515 961 4584 περιφερόμενον,
994 4516 1202 4588 μήποτε
1230 4519 1323 4571 καὶ
1352 4520 1700 4591 περιγραφὴν
1726 4518 1819 4573 τοῦ

1928 4534 2108 4573 nonne
2133 4525 2188 4575 et
2216 4519 2639 4589 descriptionem
2671 4520 3018 4591 indescripta:
3056 4522 3132 4577 rei
3159 4522 3496 4585 introducat.

246 4603 671 4675 ἀπεριγράπτου
698 4604 1006 4674 συνεισάγει
1034 4622 1050 4673 ;
1078 4607 1304 4660 καὶτῶν
1331 4607 1505 4661 ἄλλων
1517 4608 1827 4679 κτισμάτων

247 4691 335 4757 οἷς
383 4695 487 4749 οὑκ
515 4695 813 4766 ἐπεφέρετο
839 4695 937 4767 τὴν
966 4696 1114 4750 θείαν
1138 4698 1396 4768 πρόνοιαν
1453 4700 1547 4753 καὶ
1598 4701 1828 4769 έποψίαν

250 4786 537 4840 συστέλλει
562 4802 579 4852 ;
614 4788 744 4851 ῐσως
770 4788 815 4841 δ’
840 4786 907 4843 ἂν
928 4788 1029 4841 οὑκ
1054 4786 1121 4841 ἂν
1147 4789 1231 4859 είη
1265 4789 1545 4857 θεολογίας
1596 4791 1817 4856 ἐπάξιον

249 4878 313 4929 ἐν
340 4880 408 4948 τῇ
439 4876 541 4948 τῆς
575 4876 804 4942 κτίσεως
828 4877 1101 4948 καταϐολῇ
1126 4881 1194 4950 τῇ
1230 4879 1471 4950 ἀκτίστῳ
1504 4882 1600 4935 καὶ
1646 4882 1827 4951 μακά-

251 4967 351 5037 ρίᾳ
376 4966 538 5036 φύσει
554 4967 673 5037 ἤτοι
692 4967 769 5039 τῷ
785 4969 1035 5038 παναγίῳ
1060 4968 1333 5039 ιινεύματι
1362 4970 1544 5041 χώραν
1556 4971 1825 5041 ἑκνέμειψ

247 5064 300 5114 εἰ
326 5060 384 5115 δὲ
397 5060 494 5114 καὶ
510 5059 659 5133 Σύρα
674 5061 893 5130 γλῶσσα
914 5062 975 5115 τὺ
988 5062 1251 5131 πανάγιον
1270 5062 1495 5132 Πνεῦμα
1510 5065 1623 5128 τοῖς
1643 5063 1828 5120 ὕδασιν

247 5153 575 5225 ἐποχεῖσθαι
599 5153 866 5224 βούλεται,
879 5156 974 5209 καὶ
988 5150 1097 5208 οἷον
1110 5153 1383 5219 ὲπωάζειν
1397 5155 1567 5209 ταῦτα
1580 5156 1674 5210 καὶ
1695 5157 1829 5221 Cmo-

248 5248 460 5315 γονεῖν,
490 5246 591 5299 οὑκ
627 5246 693 5299 ἂν
734 5246 1064 5316 καταγνοίην
1086 5246 1307 5318 ’ἀρκεῖν
1336 5245 1443 5316 γὰρ
1475 5245 1671 5301 εἰδέναι
1692 5247 1829 5311 τέως

247 5338 315 5391 τὸ
344 5336 613 5405 πανάγιον
643 5337 866 5408 Πνεῦμα
893 5337 1017 5393 ὅθεν
1043 5338 1110 5393 ἂν
1133 5338 1228 5394 καὶ
1248 5340 1515 5407 δύναιντο,
1560 5340 1827 5411 ζωογόνου

250 5446 314 5483 τε
341 5430 441 5484 καὶ
465 5430 859 5501 δημιουργικῆς
889 5432 1153 5503 ὑπάρχειν
1177 5430 1366 5495 οὑσίας
1394 5431 1491 5486 καὶ
1521 5431 1824 5503 δυνάμεως

264 5523 534 5594 Ἀόρατος
559 5521 651 5578 οὖν
682 5523 717 5594 ἡ
746 5522 819 5593 γῆ
840 5523 935 5577 καὶ
957 5522 1030 5576 τά
1056 5523 1219 5577 λοιπά
1246 5522 1355 5577 τῶν
1382 5524 1663 5595 στοιχείων
1688 5523 1831 5579 κατά

252 5633 317 5670 τε
346 5616 451 5686 τὴν
472 5615 772 5687 εἰρημένην
800 5616 980 5670 αἰτίαν
1006 5615 1102 5670 καὶ
1130 5616 1228 5679 τὰς
1250 5614 1665 5685 προδεδομένας,
1687 5615 1829 5687 πλὴν

258 5708 415 5778 μιᾶς·
463 5706 545 5760 ὅτι
575 5706 637 5758 τὸ
674 5704 1036 5775 ἰπιπροσθοῦν
1068 5705 1169 5759 οὑκ
1199 5700 1346 5776 εἶχον
1392 5703 1517 5758 οὕτε
1566 5703 1628 5758 τὸ
1684 5705 1829 5778 ὕδωρ

252 5799 385 5853 οὔτε
410 5801 440 5851 ό
467 5799 598 5869 ἀήρ.
622 5797 697 5851 Τὸ
732 5798 915 5868 μέντοι
951 5798 1141 5863 σκότος
1161 5797 1215 5853 ετ
1241 5814 1326 5862 τις
1355 5796 1431 5869 μὴ
1457 5795 1711 5869 στέρησιν
1731 5798 1827 5853 τοῦ

331 5914 355 5946 ³
408 5913 530 5968 Ars.
572 5928 625 5977 l,
673 5913 719 5965 Ι.

1928 4618 1983 4664 et
2014 4609 2241 4663 aliarum
2289 4618 2663 4665 creaturarum
2712 4611 2767 4665 in
2820 4613 3021 4682 quibus
3062 4628 3168 4667 non
3225 4610 3501 4666 ferebatur

1928 4699 2324 4770 providentiam
2373 4709 2426 4754 et
2462 4701 2853 4771 inspectionem
2908 4717 3016 4757 non
3041 4704 3332 4758 coerceat?
3364 4700 3499 4757 For-

1929 4803 2071 4845 tasse
2103 4806 2209 4844 non
2248 4800 2393 4846 esset
2431 4791 2706 4862 theologia
2764 4792 2988 4863 dignum
3045 4794 3338 4849 creationis
3372 4808 3499 4862 pro-

1927 4882 2179 4938 ductione
2214 4883 2464 4938 increatze
2507 4898 2571 4940 ac
2607 4883 2938 4939 beatissima:
2983 4894 3215 4949 natura,
3271 4886 3500 4940 sanctis~

1928 4974 2069 5027 simn
2088 4974 2294 5029 scilicet
2327 4974 2574 5044 Spiritui.
2615 4974 2795 5030 locum
2840 4975 3160 5046 assignare;
3196 4991 3321 5031 cum
3368 4990 3498 5031 vero

1930 5064 2150 5137 Syriaca
2179 5066 2369 5121 Glossa
2428 5066 2838 5122 sanctissimum
2901 5065 3167 5137 Spiritum
3199 5068 3497 5137 vultaquis

1929 5154 2081 5222 ferri,
2106 5167 2160 5211 et
2189 5156 2349 5227 quasi
2394 5156 2477 5210 eis
2509 5156 2770 5212 incubare
2796 5171 3002 5226 easque
3052 5157 3353 5224 vivificare,
3387 5172 3494 5211 non

1930 5248 2307 5319 reprehendo;
2348 5248 2550 5303 docent
2577 5250 2724 5303 enim
2784 5251 2929 5304 unde
2982 5259 3039 5305 et
3095 5259 3328 5321 possunt
3373 5249 3497 5318 Spi-

1928 5341 2093 5395 ritum
2115 5347 2365 5397 sanctum
2395 5341 2725 5396 viviﬁcantis
2761 5356 2884 5398 esse
2903 5353 2958 5398 et
2978 5343 3217 5397 creantis
3236 5343 3496 5398 substan-

1929 5432 2018 5487 tiae
2044 5440 2098 5487 et
2144 5432 2416 5501 potentiae.
2447 5429 2748 5486 Invisibilis
2797 5431 2964 5503 igitur
2997 5440 3143 5485 terra
3182 5440 3236 5486 et
3295 5442 3490 5486 caetera

1930 5526 2197 5581 elementa
2246 5524 2401 5591 juxta
2436 5532 2490 5577 et
2520 5524 2834 5593 pmdictam
2866 5538 3088 5578 causam
3118 5531 3173 5578 ct
3211 5523 3345 5577 alias
3370 5534 3496 5576 ante

1929 5618 2105 5681 datas,
2133 5627 2354 5685 excepta
2383 5631 2488 5669 una
2522 5632 2536 5679 ;
2570 5616 2706 5685 quia
2743 5614 3091 5680 superfusum
3134 5614 3340 5684 aliquid
3384 5630 3492 5667 uon

1930 5708 2204 5762 habebant
2260 5722 2435 5775 neque
2471 5722 2610 5775 aqua
2666 5721 2844 5773 neque
2894 5722 3007 5759 aer.
3066 5703 3340 5760 Tenebras
3379 5704 3498 5771 qui-

1932 5797 2053 5854 dem
2105 5797 2151 5853 si
2184 5797 2309 5867 quis
2341 5812 2446 5851 non
2482 5796 2839 5868 privationem
2877 5796 3038 5862 lucis,
3088 5795 3183 5851 sed
3223 5794 3492 5850 malorum
