4202 6442
769 395 873 464 139

1919 405 2180 466 ΡΗΟΤΙΙ
2223 407 2728 475 PATRIARCH/B
2759 415 2867 477 CP.

3917 423 4014 491 ιω

766 521 1045 568 auctorem
1083 510 1364 568 diabolum
1403 511 1671 579 crederet,
1743 514 2000 585 abyssum
2053 531 2189 573 vero
2247 532 2342 574 eas

2448 525 2646 592 φωτὸς,
2672 526 2810 581 ἀλλά
2835 527 2929 582 τὸν
2950 529 3261 600 ἀρχέκακον
3275 531 3524 588 διάδολον
3548 534 3832 601 ὑπολάϐοι,
3853 536 4024 592 ἀδυσ-

765 622 888 676 quaa
924 606 1028 663 sub
1059 605 1156 661 illo
1199 615 1330 663 sunt
1353 615 1676 680 potestates,
1717 607 1879 680 longe
1915 625 1946 665 a
1979 611 2205 667 veritate
2246 611 2339 667 ille

767 699 1069 762 aberraret,
1117 705 1174 752 et
1221 697 1390 769 impia
1439 699 1638 770 plenus
1695 710 1840 756 esset
1895 701 2175 770 opinione,
2208 703 2337 774 quia

767 790 962 845 seriem
1019 789 1352 845 narrationis
1388 806 1496 846 non
1555 799 1736 863 potest
1791 793 2116 865 intelligere,
2161 809 2338 864 neque

764 881 1011 938 ordinem
1058 890 1154 938 aut
1175 884 1648 941 enumerationem
1685 901 1899 948 eorum,
1933 901 2055 956 quae
2081 888 2338 944 sensibus

763 975 1113 1045 percipienda
1139 973 1287 1031 facta
1316 987 1750 1048 sunt;quorum
1817 978 1998 1036 Moses
2050 980 2337 1038 historiam

763 1066 1114 1136 conscripsit,
1149 1082 1329 1138 neque
1378 1068 1714 1140 incorporea:
1749 1079 1806 1125 et
1875 1070 2186 1141 spiritualis
2238 1088 2338 1126 na-

762 1166 900 1211 tura:
925 1166 982 1212 et
1025 1158 1358 1214 creationem
1393 1168 1448 1215 et
1485 1160 1791 1215 doctrinam
1840 1169 1894 1215 et
1934 1169 2153 1231 tempus
2192 1164 2337 1232 quod

762 1250 904 1302 miro
955 1249 1151 1304 ordine
1209 1250 1278 1306 de
1331 1250 1419 1306 bis
1461 1251 1626 1307 rebus
1655 1253 2004 1308 traditionem
2065 1252 2334 1310 deﬁnivit.

763 1339 1004 1409 Spiritus
1036 1339 1130 1396 Dei
1157 1355 1251 1396 aer
1276 1342 1459 1399 dictus
1491 1356 1596 1411 est,
1623 1346 2088 1416 quemadmodum
2140 1354 2193 1401 et
2219 1346 2339 1401 aliae

759 1434 1014 1500 quaelibet
1041 1433 1182 1504 ejus,
1209 1445 1476 1493 creaturae
1499 1446 1556 1492 et
1590 1453 1755 1508 opera
1788 1455 1804 1492 :
1852 1457 1872 1490 ε
1909 1439 2131 1494 Emittet
2169 1439 2337 1502 enim,

762 1525 961 1596 inquit,
1015 1527 1241 1582 verbum
1290 1543 1453 1584 suum
1484 1539 1540 1586 et
1571 1529 1886 1596 liquefaciet
1950 1546 2118 1595 eam;
2186 1529 2340 1586 ﬂabit

758 1617 986 1686 spiritus
1015 1617 1155 1688 ejus,
1179 1629 1230 1674 et
1253 1619 1422 1675 ﬂuent
1440 1636 1594 1691 aqua:
1614 1621 1669 1654 "
1695 1640 1711 1689 ;
1736 1639 1754 1673 ι
1784 1622 1928 1694 quod
1949 1623 2016 1677 de
2041 1621 2336 1692 liquefacta

759 1709 1096 1766 australibus
1143 1712 1318 1786 ventis
1349 1721 1492 1768 terra
1544 1714 1780 1770 canebat
1825 1711 2014 1769 David.
2057 1713 2124 1769 Et
2155 1714 2337 1769 dictus

759 1802 952 1858 fuisset
969 1803 1192 1872 spiritus
1213 1802 1306 1860 Dei
1340 1804 1394 1860 in
1423 1806 1614 1862 eodem
1643 1822 1807 1863 sensu
1835 1823 1898 1863 ac
1929 1806 2060 1862 illud
2085 1823 2100 1860 :
2137 1823 2155 1857 ι
2189 1804 2338 1862 Fecit

2443 633 2535 670 σον
2575 619 2632 672 δὲ
2685 620 2784 683 τὰς
2819 622 2911 676 ὑπ’
2941 625 3108 678 αὐτὸν
3150 626 3394 696 πονηράς
3424 625 3707 698 δυνάμεις,
3729 628 3922 699 πόρρω
3955 646 4016 683 τε

2439 709 2538 779 τῆς
2566 711 2824 782 ἀληθείας
2842 706 2999 778 οὗτος
3017 714 3374 787 πλανώμενος
3407 718 3492 789 εῖη
3524 718 3620 772 καὶ
3646 719 4018 790 δυσσεϐοῦς-ης

2442 802 2728 867 ἀνάπλεως
2762 805 2943 876 δόξης,
2973 808 3110 878 μετά
3137 807 3232 862 τοῦ
3259 810 3334 878 μὴ
3358 809 3620 865 δύνασθαι
3638 815 3874 884 συνορᾲν
3903 815 4020 882 tip-

2444 893 2545 962 μδν
2567 895 2872 966 διηγήσεως
2904 901 3000 952 καὶ
3027 898 3182 964 τάξιν
3217 902 3310 953 καὶ
3335 901 3712 974 ἀπαρίθμησιν
3743 905 3857 958 τῶν
3898 905 4021 958 κατ’

2441 984 2696 1055 αἴσθησιν
2719 988 2983 1057 γενητῶν,
3022 982 3100 1043 ὧν
3129 992 3159 1043 ἀ
3186 990 3392 1061 Μωσῆς
3431 991 3533 1062 τὴν
3589 994 3832 1062 ἱστορίαν
3891 1011 4022 1048 συνο

2439 1077 2700 1147 έγραψεν,
2729 1081 2823 1133 καὶ
2851 1081 3145 1150 ἀσωμάτου
3173 1082 3269 1135 καὶ
3292 1084 3485 1152 νοερᾶς
3509 1083 3724 1152 φύσεως
3750 1087 4023 1156 δημιουρ·

2441 1168 2567 1236 γίαν
2607 1187 2666 1223 τε
2704 1171 2796 1224 καὶ
2835 1170 3071 1242 θεωρίαν
3102 1173 3197 1227 καὶ
3227 1175 3419 1245 καιρὸν
3453 1174 3513 1238 δς
3555 1176 3842 1248 ἀφορίζειν
3876 1172 4026 1230 οἶδεν

2437 1255 2717 1318 εὐτάκτως
2753 1258 2851 1329 τὴν
2887 1261 3017 1331 περὶ
3038 1261 3248 1316 τούτων
3279 1263 3578 1333 παράδοσιν
3608 1281 3624 1297 ο
3686 1266 3912 1336 πνεῦμα
3963 1267 4026 1320 δὲ

2437 1346 2572 1400 Θεοῦ
2601 1351 2630 1402 ὀ
2657 1349 2766 1418 ἀὴρ
2795 1350 3010 1421 εἴρηται
3033 1367 3048 1385 ⁸
3081 1352 3333 1424 καθάπερ
3364 1354 3456 1408 καὶ
3483 1355 3551 1408 τά
3617 1354 3781 1410 λοιπὰ
3825 1350 3916 1409 οἷα
3953 1355 4025 1427 δὴ

2438 1438 2645 1508 κτίσμα
2673 1441 2766 1493 καὶ
2795 1441 3004 1512 ποίημα
3029 1443 3193 1496 αὑτοῦ
3216 1460 3229 1473 ·
3263 1462 3281 1494 ι
3306 1443 3689 1511 Ἐξαποστελεῖ
3707 1446 3837 1516 γάρ,
3864 1448 4025 1516 φησὶ,

2436 1529 2527 1582 τὸν
2546 1529 2702 1598 λόγον
2731 1532 2897 1584 αὑτοῦ
2929 1533 3021 1586 καὶ
3053 1533 3205 1603 τήξει
3237 1534 3407 1604 αὐτήν
3427 1551 3442 1565 ο
3481 1535 3702 1589 πνεύσει
3721 1536 3785 1589 τὺ
3803 1535 4028 1606 πνεῦμα

2437 1619 2602 1674 αὐτοῦ
2637 1621 2730 1674 καὶ
2757 1624 3016 1693 ρυήσεται
3046 1623 3212 1679 ὕδατα
3230 1644 3246 1658 ο
3277 1645 3296 1678 ι
3330 1626 3460 1699 περὶ
3487 1627 3795 1699 τηκομένης
3820 1629 3888 1682 ἔκ
3915 1629 4028 1682 τῶν

2437 1713 2628 1767 νοτίων
2659 1715 2985 1784 πνευμάτων
3018 1716 3191 1786 λέγων
3228 1719 3403 1789 χιόνος
3431 1721 3459 1772 ὁ
3484 1718 3648 1772 Δασίδ
3669 1733 3687 1751 ο
3708 1720 3804 1773 καὶ
3835 1721 3926 1789 sit}
3956 1721 4029 1776 ἂν

2439 1807 2728 1878 εἰρημένον
2751 1809 2967 1880 πνεῦμα
2991 1810 3128 1864 Θεοῦ
3157 1813 3216 1865 έν
3252 1811 3352 1881 ίσῳ
3378 1811 3458 1876 τὸ,
3485 1830 3505 1864 ε
3541 1811 3826 1884 Ἐποίησεν
3847 1813 4028 1878 δΘεδς

759 1892 905 1947 Deus
934 1894 1132 1949 caelum
1153 1903 1209 1949 et
1225 1905 1467 1961 terram;
1497 1915 1516 1948 ι
1554 1907 1609 1954 ct
1631 1909 1692 1953 ut
1729 1898 1820 1953 illa
1846 1898 2064 1968 quidem
2095 1908 2224 1952 sunt
2248 1895 2342 1952 Dei

2446 1900 2538 1954 τὸν
2577 1903 2804 1973 οὐρανὸν
2859 1905 2955 1957 καὶ
2989 1904 3089 1976 τὴν
3121 1905 3226 1974 γῆν
3256 1924 3271 1937 ·
3314 1923 3334 1956 ο
3366 1905 3593 1960 κάκεῖνα
3625 1904 3734 1976 γάρ
3761 1905 3902 1960 Θεοῦ
3945 1905 4026 1970 ὥς

759 1995 1047 2051 creaturae,
1077 1996 1133 2041 et
1158 1986 1250 2042 ille
1280 1988 1536 2044 similiter
1568 1999 1819 2045 creatura
1842 2001 1929 2044 est
1949 1999 2002 2044 et
2025 2003 2164 2060 opus
2180 1991 2335 2060 ejus:

758 2077 882 2133 ideo
914 2079 1052 2134 bene
1073 2080 1379 2150 appellatus
1414 2092 1499 2138 est
1517 2085 1739 2154 spiritus
1765 2081 1882 2139 Dei.

1118 2193 1444 2262 oumsno
1483 2197 1625 2256 xvn
1665 2199 1766 2274 [αι.
1799 2199 1965 2272 xw].

809 2310 921 2367 Cur
951 2309 1189 2381 prohibet
1223 2314 1351 2386 quin
1382 2333 1568 2372 carnes
1600 2333 1632 2370 a
1668 2317 1797 2386 {eris
1827 2325 2008 2385 captas
2047 2314 2283 2370 homines

1397 2389 1676 2441 comedam
1692 2389 1717 2440 τ

833 2502 1157 2574 Discrepare
1195 2503 1457 2574 praesenti
1490 2513 1763 2574 praecepto
1800 2503 1943 2559 Deus
1968 2505 2159 2559 statuit
2187 2502 2336 2559 fera-

760 2611 880 2649 rum
901 2604 957 2650 et
977 2597 1262 2652 hominum
1291 2597 1459 2650 vitam
1489 2612 1503 2651 :
1533 2595 1731 2666 quibus
1755 2597 1900 2652 enim
1923 2597 2244 2668 prohibetur
2270 2608 2338 2650 ne

761 2689 831 2753 sit
863 2705 970 2744 una
1007 2699 1062 2744 et
1093 2689 1283 2744 eadem
1325 2705 1538 2756 mensa,
1574 2703 1671 2744 eos
1695 2695 1750 2744 et
1803 2689 1942 2744 alios
1992 2703 2184 2743 omnes
2217 2701 2339 2741 mo-

761 2800 848 2837 res
879 2795 933 2838 et
955 2783 1402 2841 vitatinstitutum
1432 2791 1487 2837 et
1516 2792 1696 2836 motus
1715 2791 1770 2837 et
1798 2790 1954 2836 actus
1975 2780 2208 2836 multum
2236 2775 2342 2833 dil-

765 2876 905 2931 turre
932 2876 1020 2932 lex
1051 2875 1295 2930 addocet.
1322 2873 1482 2944 Rapit
1507 2873 1620 2929 fera
1650 2885 1703 2928 et
1743 2873 1900 2928 avida
1929 2884 2014 2928 est
2043 2881 2098 2926 et
2131 2874 2196 2927 ad
2221 2885 2340 2926 mo-

762 2979 853 3022 tus
899 2975 984 3022 est
1028 2966 1466 3037 petulantissima
1517 2966 1769 3036 legesque
1813 2973 1867 3020 et
1898 2965 2249 3036 benignitatis
2288 2971 2344 3018 et

763 3056 1176 3112 counnunitatis
1225 3066 1281 3111 et
1331 3054 1768 3110 mansuetudinis
1827 3055 2000 3110 nescit
2060 3073 2074 3109 :
2136 3055 2205 3108 ab
2258 3052 2344 3107 his

764 3148 1023 3206 omnibus
1071 3162 1269 3220 purum
1316 3156 1372 3202 et
1427 3148 1656 3203 liberum
1709 3162 1831 3202 esse
1861 3144 2340 3211 bominemdecet;

2447 1995 2572 2064 ποιή
2583 2011 2749 2064 ματα,
2781 1998 2874 2050 καί
2911 1997 3068 2050 τοῦτο
3097 1996 3296 2067 ὁμοίως
3311 1995 3518 2067 κτίσμα
3538 1995 3675 2050 Θεοῦ
3692 1999 3785 2051 καὶ
3809 1998 4028 2069 ποίημα

2447 2079 2542 2134 τοῦ
2575 2082 2742 2138 αὐτοῦ
2773 2100 2789 2115 ·
2819 2084 2902 2139 διὸ
2953 2085 3138 2149 καλῶς
3166 2088 3380 2158 εἴρηται
3404 2085 3623 2157 πνεῦμα
3645 2086 3809 2145 Θεοῦ.

2992 2203 3325 2259 ΕΡΩΤΗΣΙΣ
3356 2207 3455 2261 lZ'.

2442 2308 2555 2364 Διὰ
2578 2312 2635 2366 τί
2656 2312 2991 2382 θηριάιωτα
3028 2315 3176 2384 κρέα
3227 2316 3368 2382 τοὺς
3397 2317 3745 2387 ἀνθρώπους
3797 2315 4032 2371 ἐσθίειν

3033 2387 3374 2442 ἀποκωλύει
3389 2404 3408 2452 ;

2515 2499 2975 2573 Παρηλλαγμένον
3001 2504 3103 2559 διάῖ
3131 2504 3225 2560 τοῦ
3267 2505 3539 2578 παρόντος
3594 2505 4030 2577 προστάγματος

2443 2595 2730 2664 νομοθετεῖ
2762 2596 2856 2651 τὸν
2887 2597 2999 2651 τῶν
3039 2599 3245 2671 θηρίων
3273 2593 3415 2653 εἶναι
3461 2599 3662 2672 τρόπον
3689 2600 3786 2653 καὶ
3810 2600 3903 2652 τὸν
3924 2601 4024 2652 ἀνο

2443 2687 2715 2757 θρώπινον
2735 2688 2850 2760 βίον
2870 2705 2885 2721 ο
2915 2686 2998 2755 οἷς
3012 2690 3119 2760 γὰρ
3138 2693 3170 2760 ή
3189 2691 3442 2762 τράπεζα
3461 2690 3729 2744 κωλύεται
3752 2691 3852 2763 μία
3877 2693 3972 2744 καὶ
3994 2693 4031 2760 ἡ

2442 2778 2581 2848 αὑτὴ
2613 2775 2776 2845 εἷναι,
2807 2779 3018 2844 τούτοις
3050 2783 3144 2835 καὶ
3173 2782 3240 2835 τά
3265 2781 3402 2838 ἄλλα
3433 2784 3613 2836 πάντα
3656 2781 3762 2854 ἤθη
3820 2799 3883 2836 τε
3936 2783 4033 2836 καὶ

2443 2868 2624 2925 δίαιτα
2653 2873 2746 2927 καὶ
2775 2873 2948 2943 ὁρμαὶ
2984 2875 3081 2927 καὶ
3106 2875 3336 2944 πράξεις
3365 2874 3506 2928 κατά
3541 2876 3676 2929 πολὺ
3728 2874 4025 2944 διαφέρειν

2450 2962 2833 3032 συνεισάγεται
2866 2965 3030 3035 νόμος
3059 2981 3075 2996 ο
3111 2965 3350 3038 ἁρπάζει
3383 2965 3445 3019 τὸ
3473 2965 3661 3038 θηρίον
3711 2969 3806 3020 καὶ
3835 2967 4032 3020 πλεον-

2445 3056 2612 3121 εκτεῖ,
2647 3055 2746 3109 καὶ
2777 3055 2914 3127 πρὸς
2940 3056 3040 3120 τὰς
3062 3060 3238 3128 ὁρμάς
3265 3059 3382 3111 ἐστι
3430 3059 3895 3130 προπετέστατον,
3929 3059 4035 3114 καὶ

2449 3144 2649 3213 νόμους
2706 3145 2809 3199 οὐκ
2839 3141 2951 3199 οἶδε
3000 3146 3412 3219 φιλανθρωπίας
3445 3148 3542 3202 καὶ
3601 3149 3884 3212 κοινωνίας
3932 3151 4034 3203 καὶ

765 3243 893 3296 item
923 3255 1052 3296 vero
1071 3212 1132 3296 et
1160 3239 1227 3297 ad
1249 3239 1387 3294 alios
1403 3239 1627 3296 ail‘ectus
1643 3238 2010 3308 intemperans
2037 3245 2118 3291 est
2135 3237 2342 3291 animal

2446 3238 2786 3310 ἡμερότητος
2809 3255 2824 3270 ·
2847 3212 3056 3294 τούτων
3081 3212 3338 3294 ἀπάντων
3365 3240 3603 3314 καθαρὸν
3632 3241 3728 3296 καὶ
3747 3240 4037 3310 ἀπηλλαγ-

764 3344 819 3388 et
873 3330 1228 3388 inirenatum.
1270 3330 1460 3401 itaque
1506 3331 1785 3386 hominum
1841 3329 2034 3399 agendi
2073 3329 2214 3384 ratio
2247 3343 2344 3398 per

767 3424 1185 3496 temperantiam
1217 3433 1273 3480 et
1301 3424 1700 3480 institutionem
1733 3423 2029 3494 procedens
2062 3422 2154 3475 illa
2209 3437 2344 3490 pra:-

768 3525 942 3572 staret
960 3516 1275 3573 diﬂ‘erentia:
1296 3517 1489 3587 signa;
1518 3515 1570 3571 id
1591 3531 1718 3571 vero
1745 3515 1888 3584 quod
1920 3530 2025 3568 non
2045 3515 2144 3568 hos
2173 3513 2345 3584 signis

768 3609 1044 3681 signatum
1071 3619 1126 3664 et
1157 3619 1403 3665 notatum
1433 3609 1538 3664 erit
1567 3618 1823 3678 tanquam
1856 3605 2028 3662 ferum
2061 3619 2115 3661 et
2147 3622 2178 3660 a
2215 3605 2346 3661 feris

769 3713 988 3771 raptum
1019 3701 1146 3771 quid
1173 3710 1227 3756 et
1249 3711 1591 3756 mansuetam
1622 3699 2112 3770 rationabilemque
2137 3713 2346 3754 exuens

773 3807 1024 3850 naturam
1079 3796 1378 3867 rcjicietur.
1417 3795 1471 3850 Si
1522 3796 1647 3867 quis
1688 3805 1872 3850 autem
1922 3794 1987 3849 ad
2046 3795 2343 3863 puritatem

772 3890 1045 3944 instruere
1100 3898 1156 3943 et
1222 3889 1493 3947 adducere
1543 3889 1750 3943 diceret
1814 3901 1909 3958 per
1963 3885 2345 3942 abstinentiam

770 3977 1020 4030 carnium
1065 3990 1095 4030 a
1143 3974 1276 4032 feris
1317 3986 1600 4046 captarum
1647 3974 1778 4029 illud
1806 3974 1872 4028 ad
1915 3973 2207 4044 imaginem
2253 3972 2348 4027 Dei

771 4068 1067 4124 formatum
1102 4082 1262 4139 Opus,
1294 4078 1350 4126 et
1380 4069 1559 4126 omnis
1600 4066 1950 4138 turpitudinis
1999 4080 2194 4135 expers
2229 4064 2348 4119 red.

770 4168 903 4220 dere
944 4178 1066 4233 qua:
1109 4174 1326 4235 gustum
1374 4165 1568 4233 polluit
1597 4172 1650 4218 et
1685 4177 1806 4232 qua:
1851 4175 1946 4231 per
1981 4160 2118 4215 alios
2151 4174 2349 4214 sensus

773 4257 1017 4326 procedit
1036 4256 1223 4326 (unius
1247 4256 1392 4311 enim
1421 4272 1620 4312 sensus
1644 4254 1897 4311 custodia
1928 4261 1983 4309 et
2016 4250 2346 4314 observatio,

771 4360 828 4405 ιιι
857 4352 997 4406 alios
1036 4347 1288 4403 similiter
1335 4349 1405 4403 ab
1437 4349 1588 4403 omni
1642 4347 1956 4417 impuritate
2001 4354 2055 4400 et
2111 4344 2348 4413 turpitu-

772 4442 899 4498 dine
930 4443 1163 4498 mundos
1191 4457 1288 4513 per
1315 4441 1466 4496 illum
1510 4441 1684 4511 facit),
1719 4441 1770 4496 id
1817 4454 1924 4496 non
1971 4453 2002 4492 a
2028 4436 2176 4494 civili
2221 4449 2350 4504 pro-

772 4534 1012 4588 videntia
1042 4543 1098 4589 et
1130 4543 1318 4590 sancta
1361 4533 1698 4588 institutione
1722 4539 1866 4588 esset
1889 4530 2150 4586 alienum.

2445 3331 2605 3401 μένον
2677 3332 2941 3403 προσήκει
2998 3331 3091 3384 τὸν
3170 3329 3458 3403 ἄνθρωπον
3531 3328 3708 3385 εἶναι·
3757 3330 4031 3395 ὡσαύτως

2442 3425 2501 3480 δὲ
2529 3425 2622 3478 καὶ
2647 3424 2789 3478 κατά
2811 3424 2880 3477 τά
2911 3423 3046 3478 ἄλλα
3071 3423 3181 3478 τῶν
3202 3422 3412 3488 παθών,
3439 3423 3682 3494 ἀκρατές
3705 3423 3823 3476 ἐστι
3845 3423 3909 3475 τὸ
3929 3421 4039 3491 θη-

2447 3519 2560 3592 ρίον
2588 3515 3022 3587 καὶάχαλίνωτον
3035 3533 3052 3548 ⁶
3077 3515 3271 3571 οὐκοῦν
3288 3516 3322 3586 ἡ
3337 3514 3445 3569 τῶν
3467 3514 3563 3568 ἀνθ
3572 3512 3767 3585 ρώπων
3785 3513 4039 3568 πολιτεία

2445 3612 2514 3666 δι’
2527 3611 2858 3682 ἐγκρατείας
2880 3611 2972 3665 καὶ
2990 3609 3370 3678 παιδαγωγίας
3380 3609 3661 3667 ὀδεύουσα.
3675 3606 3846 3662 ταῦτα
3858 3607 4042 3677 παράο

2449 3725 2565 3777 σχοι
2598 3709 2700 3777 τῆς
2736 3706 2998 3775 διαφορᾶς
3024 3703 3095 3758 τὰ
3130 3704 3490 3773 γνωρίσματα
3513 3719 3526 3732 ·
3557 3703 3654 3756 καὶ
3707 3703 3864 3770 τόνγε
3912 3701 4040 3754 τού-

2446 3817 2559 3864 τοις
2587 3798 2899 3870 ἀσήμαντόν
2919 3813 2981 3850 τε
3007 3796 3102 3850 καὶ
3127 3795 3530 3863 ἀνεπίγνωστον
3557 3796 3673 3857 τοῖς
3701 3794 4039 3865 γνωρίσμα-

2449 3907 2534 3944 σιν
2578 3889 2654 3952 ώς
2698 3888 2888 3959 θηρίον
2925 3886 3022 3941 καὶ
3048 3886 3387 3957 θηριάλωτον
3417 3884 3638 3954 καὶτῆς
3684 3885 3898 3956 ἡμέρου
3940 3884 4040 3938 καὶ

2449 3982 2674 4052 λογικῆς
2701 3977 3178 4050 καταψευδόμενον
3229 3977 3444 4047 φύσεως
3491 3978 3924 4048 ὲκτραπήσεται.
3973 3975 4039 4030 El

2449 4072 2504 4125 δὲ
2530 4071 2667 4142 πρὸς
2683 4070 3090 4142 καθαρειότητα
3119 4068 3402 4124 παιδεύειν
3434 4085 3494 4121 τε
3523 4069 3617 4122 καὶ
3648 4069 3875 4137 ἀνάγειν
3898 4069 4037 4138 φαίη

2449 4181 2534 4228 τις
2565 4164 2654 4218 διά
2675 4163 2777 4233 τῆς
2811 4163 3021 4234 ἀποχῆς
3052 4162 3166 4216 τῶν
3192 4159 3553 4233 θηριαλώτων
3593 4163 3656 4215 τὸ
3690 4162 3813 4215 κατ’
3847 4162 4040 4214 εἰκόνα

2449 4255 2588 4311 Θεοῦ
2624 4255 3100 4326 διαπεπλασμένον
3148 4253 3547 4324 φιλοτέχνημα.
3603 4253 3699 4305 καὶ
3745 4251 4037 4323 βδελυρίας

2450 4350 2673 4419 ἀπάσης
2707 4346 3140 4412 κατασκευάζειν
3169 4345 3466 4416 ἀμέτοχον,
3502 4341 3599 4415 δση
3627 4360 3688 4397 τε
3716 4343 4038 4414 διαμολύνει

2448 4440 2550 4512 τὴν
2589 4438 2777 4508 γεῦσιν
2810 4439 2904 4492 καὶ
2939 4437 3038 4507 ὅση
3069 4436 3157 4490 διά
3181 4437 3290 4489 τῶν
3335 4434 3510 4489 ἀλλων
3555 4435 3862 4507 αἰσθήσεων
3903 4435 4039 4506 πρό-

2453 4549 2620 4588 εισιν·
2646 4535 2680 4603 η
2711 4532 2819 4602 γὰρ
2850 4532 2943 4584 ἐπὶ
2971 4530 3069 4601 τῆς
3099 4529 3226 4601 μιᾶς
3255 4529 3627 4601 παραφυλακὴ
3686 4530 3784 4582 καὶ
3837 4529 4042 4598 συντή-

776 4646 954 4699 ρησις,
985 4627 1080 4682 καὶ
1123 4627 1224 4691 τὰς
1266 4625 1431 4689 άλλας
1469 4627 1668 4696 ὁμοίως
1709 4625 1808 4695 τῆς
1839 4624 2182 4696 ἀκαθαρσίας
2246 4627 2341 4681 καὶ
2382 4625 2663 4696 βδελυρίας
2718 4621 3048 4694 καθαρεύειν
3107 4621 3175 4676 δι’
3230 4622 3446 4708 ἐκείνης
3487 4621 3877 4690 ἀσφαλίζεται,
3909 4621 4038 4676 οὑδὶ

772 4726 932 4780 τοῦτο
953 4725 1019 4780 ἂν
1043 4722 1129 4796 εῖη
1180 4725 1280 4795 τῆς
1317 4721 1599 4794 πολιτικῆς
1646 4720 1900 4792 προνοίας
1937 4721 2030 4774 καὶ
2087 4722 2457 4795 ἀγιοπρεποῦς
2486 4721 2765 4793 ἀλλότριον
2793 4716 3206 4784 καταστάσεως.

1237 4813 1566 4883 QUtESTlO
1601 4813 1764 4870 xvm
1805 4812 2016 4886 {xvu}.

2997 4810 3332 4866 ΕΡΩΤΗΣΙΣ
3360 4811 3468 4865 IH’.

778 4932 1051 5000 Quomodo
1089 4929 1486 5001 intelligendum
1530 4928 1682 4992 illud,
1732 4946 1751 4979 ε
1779 4925 1912 5001 Non
1951 4929 2227 4996 apparebis
2265 4945 2342 4984 co-

2459 4924 2592 4993 Πῶς
2611 4924 2866 4994 render
2893 4926 2960 4980 τὸ
2988 4964 3005 4992 ,
3039 4943 3061 4978 ε
3120 4925 3245 4980 οὐκ
3271 4924 3516 4995 ὀφθήσῃ
3554 4924 3734 4992 κενὸς
3757 4924 4042 4982 ἐναντιον

1287 5017 1404 5054 ram
1439 5015 1519 5054 me
1553 4999 1794 5052 vacuus?
1839 5017 1857 5050 ι

3133 5010 3327 5066 μους»

1398 5092 1538 5141 Edita
1558 5105 1584 5139 a
1610 5088 1752 5149 Maio,
1777 5091 1810 5140 l.
1834 5103 1898 5148 c.,
1920 5103 1970 5152 p.
1998 5089 2072 5151 l7,
2107 5090 2159 5140 in
2179 5091 2338 5142 Exod.
2359 5102 2497 5150 xxnt,
2521 5089 2580 5139 i5
2603 5101 2617 5149 ;
2658 5101 2832 5148 xxxiv,
2856 5087 2943 5149 10;
2964 5088 3176 5140 Denter.
3212 5101 3314 5149 xu,
3336 5085 3414 5137 16.

851 5179 1085 5249 Quidam
1130 5178 1296 5246 igitur
1322 5178 1511 5233 dicunt
1552 5193 1674 5232 eum
1725 5175 1820 5244 qui
1857 5174 2023 5230 Deum
2069 5177 2354 5232 adoratum

782 5275 935 5329 venit
961 5281 1215 5342 oportere
1254 5281 1310 5325 et
1346 5269 1487 5324 dona
1521 5269 1730 5324 liberali
1761 5285 1924 5324 manu
1980 5269 2217 5337 offerre;
2244 5285 2352 5326 non

784 5380 1045 5436 tanquam
1077 5364 1218 5427 Dens
1249 5365 1334 5420 his
1385 5363 1648 5433 indigeat,
1675 5361 1894 5434 (quibus
1919 5363 2064 5417 enim
2102 5362 2244 5418 Deus
2272 5363 2357 5417 in-

783 5460 968 5529 digere
1000 5457 1234 5528 possit?)
1291 5455 1386 5512 sed
1430 5466 1688 5526 tanquam
1728 5455 1989 5510 beneiicia
2028 5465 2156 5510 tunc
2208 5455 2356 5510 acci-

787 5548 900 5618 piat
930 5547 974 5602 is
1003 5547 1096 5617 qui
1127 5562 1355 5602 munera
1385 5546 1563 5602 oii‘ert.
1589 5544 1814 5612 Quando
1844 5546 1968 5616 quis
1993 5546 2135 5600 enim
2159 5545 2356 5616 dignus

789 5648 1047 5693 censetur
1066 5638 1160 5708 qui
1190 5637 1298 5694 Deo
1322 5637 1534 5694 fructus
1566 5637 1779 5702 offerat,
1809 5646 1864 5690 et
1890 5636 2156 5692 internam
2193 5637 2361 5708 pieta-

791 5741 901 5786 tem
933 5747 1028 5802 per
1071 5741 1298 5789 externa
1329 5732 1548 5798 revelet,
1603 5740 1654 5788 et
1699 5729 2068 5787 mediantibus
2097 5729 2358 5801 placami-

870 5848 923 5887 "*
947 5847 1096 5905 Psal.
1134 5865 1299 5916 xum,
1343 5850 1430 5905 l8.

2529 5175 2686 5239 Τινὲς
2736 5174 2836 5246 μὲν
2889 5169 2983 5228 οὖν
3016 5190 3180 5244 φασιν
3237 5173 3312 5238 ὡς
3367 5173 3601 5228 ἀπιόντα
3656 5174 4044 5244 προσκυνῆσαι

2460 5267 2581 5338 Θεῷ
2607 5268 2692 5322 δεῖ
2731 5267 2826 5321 καὶ
2846 5267 2995 5339 δῶρα
3043 5257 3426 5337 προσάγεινιῖΝ
3457 5266 3491 5337 ἠ
3517 5266 3640 5338 χεὶρ
3662 5263 3917 5336 εὔπορος,
3939 5265 4045 5336 οὐχ

2459 5361 2535 5425 ὡς
2560 5353 2791 5430 ὲνχρεία
2805 5359 3007 5414 τούτων
3023 5358 3366 5424 καθεστῶτος
3383 5358 3541 5412 Θεοῦ·
3566 5359 3712 5422 τίνος
3730 5358 3843 5429 γὰρ
3861 5358 3927 5411 ἀν
3948 5356 4040 5428 εῖη

2462 5453 2596 5516 Θεὸς
2626 5452 2929 5524 προσδεήςς
2960 5450 3088 5506 ἀλλ’
3134 5451 3220 5516 di;-
3258 5449 3720 5524 εὐεργετουμένου
3759 5446 4043 5504 κάνταῦθα

2460 5545 2556 5599 τοῦ
2577 5546 2963 5616 προσάγοντος·
2995 5547 3053 5599 έν
3074 5536 3118 5612 ᾧ
3143 5544 3248 5616 γάρ
3268 5561 3352 5610 τις
3379 5543 3624 5611 ἀξιοῦται
3659 5541 4038 5614 καρποφορεῖν

2461 5635 2619 5708 Θεῷ.
2651 5639 2746 5692 καὶ
2787 5637 2894 5693 τῶν
2934 5636 3080 5691 ένδον
3129 5637 3220 5691 διά
3265 5635 3374 5691 τῶν
3423 5635 3582 5701 ικτὸς
3629 5633 4042 5690 ἀνακαλύπτειν

2469 5727 2782 5798 εὐσέϐειαν,
2810 5728 2905 5784 καὶ
2939 5725 3307 5785 συνάπτεσθαι
3333 5725 3424 5782 διά
3469 5728 3650 5800 μέσων
3690 5724 3801 5780 τῶν
3833 5721 4044 5797 μειλιγ·
