4202 6442
183 426 277 493 141

916 430 1014 490 AD
1034 426 1623 489 AMPHILOCHIUM
1660 424 2004 499 QUESTIO
2040 426 2225 500 XVII,
2266 424 2488 501 XVIII,
2528 426 2689 487 XIX.

3336 426 3437 494 142

184 542 367 607 μάτων
385 538 445 593 τὸ
460 538 685 609 πλάσμα
698 538 776 610 τῷ
792 538 1078 605 πλάσαντι,
1094 539 1186 595 τοῦ
1210 541 1307 611 μὶν
1324 539 1452 595 ῖλεω
1460 539 1762 611 δεχομένου.

1873 539 2033 595 nibus
2075 547 2383 595 creaturam
2430 538 2725 611 coniungat
2763 536 3050 606 Creatori,
3094 544 3266 599 sltem
3314 546 3438 613 qui-

178 632 269 684 τοῦ
292 632 347 685 δὲ
364 632 565 695 πιστῶς
596 632 692 684 καὶ
715 630 1011 703 προθύμως
1040 631 1318 703 φέροντος,
1339 632 1458 696 πῶς
1472 632 1573 686 οὐκ
1598 630 1765 702 ἀνείη

179 725 495 793 θαυμαστῆς
524 724 781 793 προνοίας
809 724 903 778 καὶ
936 724 1253 795 εὐεργεσίας
1296 724 1599 787 ἀπόλαυσις
1624 766 1639 790 ,
1668 723 1765 778 καὶ

178 816 230 867 τί
258 815 323 868 iv
356 815 481 869 ἄλλο
512 816 563 867 εί
588 816 662 885 μὴ
690 814 846 869 τοῦτο
875 816 962 885 εἴη
999 816 1135 886 πρὸς
1153 814 1472 887 εὐεργεσίαν
1506 814 1600 869 καὶ
1627 815 1763 884 πρό-

179 924 327 959 νοιαν
369 907 443 976 τῷ
477 905 678 975 λογικῷ
724 904 849 977 ζὼῳ
901 907 1314 978 σπουδαιότερὸν
1362 922 1423 959 τε
1452 906 1547 960 καὶ
1572 904 1765 976 τιμιώ-

178 1016 338 1067 τερον
362 1015 377 1061 ;
398 1000 449 1051 τί
478 999 535 1052 δέ
558 998 911 1071 χαριέστερον
958 1016 1020 1052 τε
1053 1001 1147 1055 καὶ
1185 998 1445 1070 ήδύτερον
1473 1015 1490 1065 ;
1517 999 1603 1068 εῐη
1632 998 1678 1052 δ’
1697 996 1765 1051 ἀν

180 1089 276 1142 καὶ
350 1088 787 1158 προσφυέστερον
859 1089 1058 1160 μᾶλλον
1103 1087 1203 1153 τάς
1268 1088 1470 1160 ἀρετὰς
1534 1086 1764 1141 ένταῦθα

186 1180 282 1232 καὶ
308 1180 409 1249 τὴν
434 1178 716 1233 εὐσέϐειαν
764 1180 986 1243 ιννοεῖν,
1012 1171 1087 1233 ὧν
1114 1180 1175 1232 οὐ
1207 1178 1362 1232 κενὸν
1402 1177 1655 1231 οὐδέποτε
1684 1176 1765 1230 δεῖ

180 1272 521 1326 κατενώπιον
573 1270 803 1343 ὁρᾶσθαι
824 1270 980 1325 Θεοῦ·
1022 1272 1052 1324 6
1082 1268 1190 1341 γάρ
1236 1268 1438 1340 ἀρετῆς
1468 1269 1562 1323 καὶ
1606 1268 1764 1322 εὐσε-

180 1364 330 1427 ϐείας
380 1363 754 1433 κεκενωμένος
786 1404 803 1430 ,
859 1364 964 1418 κᾶν
990 1364 1121 1433 δοκῇ
1156 1361 1438 1435 προσιέναι
1466 1360 1604 1431 Θεῷ,
1650 1360 1763 1415 οὔτ’

178 1457 246 1508 ἂν
295 1456 488 1524 ὄψεται
546 1454 679 1509 Θεὸν
724 1453 849 1508 οὔτε
905 1455 1200 1526 ὀφθήσεται
1245 1454 1338 1506 ὐπ’
1382 1452 1568 1506 αὐτοῦ·
1598 1455 1627 1507 6
1656 1455 1764 1523 7&9

176 1547 381 1617 ἀσεϐὴς
446 1549 548 1600 οὐκ
593 1546 784 1615 ὄψεται
836 1545 994 1612 δόξαν
1026 1545 1182 1599 Θεοῦ·
1228 1544 1351 1599 οὐδὲ
1394 1544 1763 1613 διηγήσεταιό

176 1638 501 1709 ἁμαρτωλὸς
549 1638 619 1691 τὰ
666 1636 1010 1707 δικαιώματα
1067 1634 1229 1691 αὐτοῦ
1253 1653 1267 1666 ·
1305 1635 1419 1689 ἀλλ’
1448 1635 1569 1687 οὐδὲ
1599 1631 1763 1703 γινώ-

176 1746 297 1783 σκει
344 1728 548 1801 Κύριος
596 1729 719 1783 οὐδ’
756 1728 1042 1799 εὐμενείας
1085 1726 1292 1797 δμματι
1320 1728 1413 1781 καὶ
1440 1726 1764 1792 οίκειώσεως

177 1816 390 1889 καθορᾷ
430 1819 558 1882 τοὺς
610 1817 710 1888 τῆς
740 1817 969 1889 ἀνομίας
994 1817 1254 1889 ἐργάτας.
1294 1816 1618 1885 Ἀναγκαῖον
1663 1814 1758 1870 οὖν

173 1910 248 1971 ὡς
488 1910 588 1973 τάς
642 1882 856 1979 ἀρετὰς.
897 1908 993 1963 καὶ
1027 1882 1141 1978 ’τὴν
1190 1882 1474 1961 εὐσέϐεια-ν
1497 1910 1556 1961 έν
1606 1908 1753 1978 ψυχῇ
1786 1882 1831 1943 Β

176 2002 467 2073 φέροντας,
495 2000 638 2054 οὕτω
691 2001 975 2070 προσιέναι
1022 1998 1142 2069 Θεῷ
1185 1999 1281 2052 καὶ
1328 1998 1391 2053 τὸ
1426 1999 1754 2070 πρόσταγμα

176 2094 424 2166 πληροῦν
460 2092 522 2146 τὸ
550 2092 869 2146 δεσποτικὸν
914 2092 975 2145 τὸ
1000 2089 1507 2161 παρακελευόμενον
1534 2131 1550 2156 ,
1586 2108 1606 2143 ι
1642 2090 1756 2145 Οὐκ

172 2190 391 2258 ὀφθήσῃ
415 2186 571 2250 κενὸς
622 2186 863 2241 έναντίον
893 2202 1019 2256 μου.
1047 2203 1066 2237 ι
1096 2183 1304 2255 Πρέποι
1346 2183 1403 2238 δ’
1422 2182 1489 2237 ἂν
1513 2184 1615 2237 κάν
1642 2187 1757 2249 τοῖς

174 2280 307 2349 περὶ
338 2276 473 2332 Θεοῦ
529 2277 625 2331 καὶ
660 2277 820 2330 θείων
855 2276 1078 2348 ζήτημα
1130 2278 1207 2346 μὴ
1263 2274 1421 2330 κενὸν
1470 2274 1756 2339 εὐλαϐείας

178 2373 317 2442 μηδὲ
348 2369 720 2441 πνευματικῆς
761 2368 1096 2439 ἀνακρίσεως
1124 2362 1287 2421 εῖναι·
1316 2368 1346 2420 6
1368 2366 1477 2437 7&9
1526 2367 1754 2438 ψυχικὸς

175 2462 271 2514 ἄνθ
281 2475 460 2529 ρωπος
481 2460 543 2512 οὐ
564 2459 779 2527 δέχεται
802 2458 873 2511 τά
889 2456 983 2511 τοῦ
1006 2456 1331 2528 πνεύματος,
1349 2456 1468 2510 οὐδὲ
1493 2459 1522 2510 6
1547 2456 1755 2527 ίταμῶς

175 2554 519 2625 ὲπιρῤίπτων
565 2552 758 2622 ἑαυτὸν
786 2554 897 2614 τοῖς
942 2550 1270 2620 θεοπρεπέσι
1322 2549 1630 2621 ζητήμασιν
1661 2549 1755 2603 οὖν

179 2660 377 2712 μενουν
396 2644 497 2697 οὐκ
524 2643 591 2696 ἀν
609 2642 896 2714 ἀνιχνεύσῃ
916 2643 1012 2713 τὴν
1028 2642 1307 2714 ἀλήθειαν,
1335 2660 1356 2695 ε
1384 2644 1604 2711 Ζητεῖτε
1626 2643 1755 2713 7&9,

178 2736 340 2802 φησι,
368 2734 463 2787 καὶ
486 2734 546 2787 οὐ
573 2733 902 2804 λαμϐάνετε,
935 2733 1068 2789 διότι
1091 2734 1274 2798 κακῶς
1298 2734 1533 2805 ζητεῖτε.
1573 2734 1633 2790 ὐ
1658 2736 1758 2804 μέν

176 2845 258 2880 τοι
282 2827 649 2897 πνευματικὸς
676 2827 771 2880 σὺν
790 2826 1043 2899 εὐλαϐείᾳ
1062 2827 1371 2881 διασκοπῶν
1384 2844 1443 2881 τε
1469 2828 1563 2881 καὶ
1576 2827 1759 2899 £1:th-

176 2920 287 2969 τῶν
308 2917 377 2971 τὰ
398 2917 490 2971 τοῦ
522 2918 851 2987 πνεύματος,
869 2912 1021 2983 οὗτος
1038 2918 1116 2981 είς
1138 2916 1355 2987 εὕρεσιν
1375 2918 1474 2987 τῆς
1494 2916 1755 2989 ἀληθείας

176 3010 433 3076 ἀφίξεται
486 3010 583 3063 καὶ
623 3010 721 3079 τῆς
743 3010 977 3080 σπουδῆς
1009 3011 1068 3063 οὐ
1101 3009 1575 3080 διαψευσθήσεται·
1597 3009 1763 3079 ἀψευ-

176 3101 273 3169 δὴς
313 3101 421 3169 γάρ
448 3103 596 3154 ἐστιν
623 3102 653 3153 6
690 3101 1077 3171 ὑποσχόμενος·
1119 3120 1139 3153 ‹
1169 3102 1379 3155 Αἰτεῖτε
1404 3140 1421 3166 ,
1453 3102 1549 3157 καὶ
1600 3101 1759 3173 δοθήο

180 3208 337 3244 σεται
373 3193 524 3262 ὑμῖν·
548 3190 800 3264 κρούετε,
832 3194 928 3247 καὶ
954 3194 1307 3265 ἀνοιγήσεται
1335 3194 1481 3266 ὑμῖν.
1521 3213 1540 3242 ι

1863 629 1985 685 dem
2032 628 2193 683 hilari
2218 630 2374 684 vultu
2408 630 2733 700 accipiente,
2783 631 2955 687 altero
2982 641 3163 690 autem
3202 634 3437 691 ﬁdeliter

1864 729 1917 774 et
1942 718 2200 774 ardenter
2230 719 2509 787 aﬁ'erente,
2554 721 2831 792 quomodo
2867 738 2976 778 non
3019 739 3085 779 eo
3112 734 3259 781 esset
3285 726 3436 781 mira

1865 809 2220 879 providentia
2270 820 2326 866 et
2377 811 2731 881 benignitatis
2757 811 2983 868 fruitio?
3030 812 3097 868 Et
3122 816 3255 885 quid
3281 817 3434 872 aliud

1865 900 2111 955 beneﬁcii
2156 910 2248 957 aut
2274 903 2647 973 providentiae,
2684 903 2999 958 rationabili
3029 916 3297 962 creaturae
3335 909 3433 963 de-

1864 994 2218 1049 siderabilius
2247 1005 2301 1049 et
2326 995 2624 1066 pretiosius
2651 996 2836 1052 esset?
2857 996 3001 1063 Quid
3035 1007 3217 1054 autem
3255 1014 3433 1056 amm-

1863 1088 1989 1142 nius
2038 1097 2092 1141 et
2137 1086 2390 1142 dulcius?
2427 1086 2621 1157 Aptius
2666 1096 2849 1143 autem
2888 1098 3037 1145 esset
3081 1090 3155 1145 ibi
3205 1091 3435 1149 virtutes

1861 1186 1917 1233 et
1965 1178 2217 1249 pietatem
2273 1179 2595 1249 intelligere,
2639 1180 2840 1248 quibus
2880 1195 3163 1250 nunquam
3196 1197 3435 1239 vacuum

1864 1277 2078 1339 oportet
2123 1283 2307 1324 coram
2364 1266 2473 1324 Deo
2501 1282 2802 1338 apparere;
2844 1268 2939 1339 qui
2968 1269 3113 1324 enim
3146 1270 3350 1326 virtute
3378 1280 3437 1327 et

1861 1356 2061 1425 pietate
2098 1364 2264 1419 caret,
2298 1356 2547 1425 quamvis
2571 1356 2816 1411 videatur
2844 1358 2913 1412 ad
2954 1357 3123 1413 Deum
3148 1360 3431 1423 accedere,

1863 1463 2041 1519 neque
2068 1448 2186 1518 ipse
2215 1448 2419 1503 videbit
2449 1448 2642 1515 Deum,
2695 1464 2873 1519 neque
2903 1464 2937 1504 a
2966 1450 3076 1505 Deo
3123 1452 3430 1519 videbitur;

1865 1539 2066 1609 impius
2094 1541 2239 1596 enim
2275 1557 2385 1596 non
2414 1542 2619 1598 videbit
2638 1534 2870 1613 gloriam
2892 1541 2987 1598 Dei
3015 1562 3031 1610 ;
3060 1558 3238 1614 neque
3267 1560 3431 1607 enar—

1862 1632 2009 1688 rabit
2040 1642 2295 1702 peccator
2339 1633 2584 1703 justitias
2620 1640 2758 1703 ejus.
2797 1634 2986 1705 Neque
3030 1646 3219 1692 noscet
3249 1636 3435 1692 Domi-

1860 1739 1966 1780 nus
1993 1740 2168 1795 neque
2197 1725 2587 1781 benevolentiae
2631 1735 2688 1781 et
2730 1726 2989 1781 amicitia
3032 1727 3213 1783 oculis
3247 1728 3431 1785 intue-

1862 1812 2011 1868 bitur
2041 1828 2136 1869 eos
2168 1814 2262 1884 qui
2309 1813 2513 1882 injuste
2548 1824 2737 1885 agunt.
2768 1814 3005 1873 Necesse
3030 1824 3114 1873 est
3140 1817 3306 1888 igitur
3336 1833 3435 1875 eos

1857 1905 1950 1975 qui
1982 1920 2083 1973 pro
2116 1907 2277 1963 donis
2305 1908 2535 1965 virtutes
2561 1916 2618 1965 et
2663 1909 2919 1979 pietatem
2949 1914 3005 1965 in
3037 1911 3223 1967 animo
3252 1911 3435 1968 ferunt

1850 1996 1917 2052 ad
1945 1995 2111 2053 Deum
2133 1999 2390 2056 accedere
2409 2008 2464 2055 et
2491 2008 2827 2073 praeceptum
2855 2000 3219 2071 Dominicum
3248 2004 3433 2059 adim-

1851 2089 2019 2160 plere,
2040 2093 2121 2147 sic
2145 2091 2479 2147 adhortans:
2512 2111 2530 2145 ι
2554 2090 2672 2148 Non
2698 2094 2985 2165 apparebis
3011 2110 3198 2151 coram
3221 2112 3308 2152 me
3335 2113 3435 2153 va-

1851 2196 2011 2239 cuus.
2059 2202 2081 2237 ι
2118 2182 2346 2241 Deceret
2390 2194 2572 2240 autem
2628 2195 2683 2241 et
2734 2188 3065 2256 quaestiones
3111 2188 3179 2244 de
3218 2188 3328 2245 Deo
3379 2198 3437 2246 et

1852 2274 2052 2331 divinis
2095 2290 2206 2331 non
2248 2275 2533 2347 prudentia
2567 2286 2624 2332 et
2653 2279 2929 2346 spirituali
2964 2278 3175 2349 judicio
3221 2296 3432 2337 carere.

1852 2366 2119 2423 Animalis
2146 2367 2292 2424 enim
2328 2367 2493 2425 homo
2522 2384 2633 2425 non
2666 2370 2904 2444 percipit
2922 2385 2987 2426 ea
3017 2386 3140 2443 qua:
3164 2379 3295 2428 sunt
3319 2372 3433 2443 spi-

1853 2459 2013 2524 ritus,
2041 2474 2216 2530 neque
2238 2460 2331 2531 qui
2356 2475 2415 2516 se
2438 2469 2639 2518 temere
2659 2462 2713 2517 in
2735 2461 2948 2519 divinas
2968 2462 3142 2535 injicit
3169 2466 3433 2534 quaestio-

1852 2567 1949 2608 nes
1984 2553 2329 2622 invest’igabit
2360 2554 2666 2609 veritatem.
2722 2554 2977 2625 Qusritis
3023 2555 3191 2623 enim,
3230 2556 3433 2627 inquit.

1853 2654 1909 2699 et
1952 2659 2062 2700 non
2106 2646 2403 2716 percipitis,
2460 2647 2590 2716 quia
2636 2648 2778 2702 male
2809 2647 3074 2717 queritis.
3120 2648 3434 2718 Spirituaiis

1855 2739 2074 2808 quidem
2113 2740 2407 2809 prudenter
2435 2742 2756 2796 examinans
2792 2749 2849 2797 et
2886 2740 3173 2810 inquirens
3197 2759 3260 2797 ea
3306 2760 3431 2815 qua:

1856 2840 1984 2888 sunt
2006 2833 2251 2902 spiritus,
2270 2833 2359 2888 ille
2379 2832 2447 2888 ad
2461 2834 2707 2889 veritatis
2736 2834 3109 2889 inventionem
3135 2839 3433 2903 perveniet.

1858 2940 1957 2979 nec
1984 2941 2118 2982 suus
2138 2941 2261 2981 eum
2283 2926 2444 2981 ardor
2467 2925 2821 2983 frustrabitur
2849 2944 2864 2982 :
2896 2943 3009 2984 non
3036 2928 3183 2984 enim
3201 2930 3436 2987 mendax

1858 3026 1943 3073 est
1967 3019 2054 3073 illc
2079 3021 2171 3090 qui
2194 3020 2468 3090 pollicitus
2497 3030 2583 3077 est
2615 3039 2629 3075 :
2658 3040 2678 3073 ι
2701 3020 2897 3091 Potite,
2923 3030 2979 3080 et
3005 3021 3225 3080 dabitur
3248 3023 3436 3093 vobis;

1860 3112 2097 3182 pulsate,
2131 3120 2185 3169 et
2222 3112 2499 3184 aperietur
2529 3114 2685 3171 vobis
2713 3114 2783 3170 ".
2821 3135 2843 3170 ι

697 3307 1031 3362 ΕΡΩΤΗΣΙΣ
1082 3308 1183 3362 ιε’.
1778 3319 1822 3380 ο
2209 3306 2539 3377 QUASSTIO
2575 3308 2698 3364 xxx
2738 3309 2837 3384 [aL
2878 3310 3090 3387 xvul].

178 3425 315 3491 Πῶς
343 3427 454 3477 οὐκ
481 3427 651 3478 ἔστιν
679 3426 956 3479 ἐναντίον
980 3424 1048 3477 τὸ
1078 3423 1281 3492 λέγον,
1316 3445 1338 3477 ε
1376 3423 1536 3480 Ἰδοὺ
1564 3423 1759 3477 πάντα

1869 3421 2145 3488 Quomodo
2188 3439 2292 3476 non
2331 3424 2467 3478 inter
2495 3440 2551 3477 se
2602 3426 2956 3480 adversantur
2982 3441 3003 3480 :
3041 3445 3061 3478 ι
3098 3425 3234 3482 Ecce
3258 3430 3438 3484 omnia

252 3499 411 3548 καλὰ
442 3497 603 3566 λίαν.
630 3514 648 3545 ι
683 3497 778 3548 καί
802 3495 869 3547 τὸ
898 3496 1045 3566 μετὰ
1073 3495 1261 3566 ταῦτα
1284 3496 1628 3560 ἐπιδιελεῖν,
1656 3494 1757 3548 καί

1932 3492 2156 3566 pulchro
2183 3494 2361 3566 nimis,
2396 3515 2415 3545 ο
2445 3504 2494 3548 et
2515 3510 2631 3563 qua
2653 3498 2890 3566 sequitur
2912 3498 3124 3559 divisio,
3150 3514 3269 3552 cum
3297 3502 3437 3554 diri-

249 3567 326 3620 τὰ
337 3565 454 3634 μὲν
470 3564 585 3618 τῶν
600 3565 755 3625 ζώων
775 3564 1233 3634 καθαράλέγειγ,
1246 3569 1316 3619 τὰ
1331 3568 1397 3619 δὲ
1415 3566 1718 3634 ἀκάθαρτα
1732 3581 1752 3629 ;

1934 3573 2021 3615 tur
2050 3563 2159 3616 alia
2200 3565 2407 3630 quidem
2442 3579 2507 3618 ea:
2557 3563 2876 3620 animalibus
2908 3584 3020 3622 esse
3064 3570 3286 3637 munda,
3319 3572 3438 3626 alio

1923 3649 2039 3687 vero
2070 3634 2379 3687 immunda?

1923 3649 2039 3687 υσνο
2070 3649 2342 3686 tmmunau

700 3747 843 3798 Edita
863 3762 891 3797 a
912 3744 1056 3806 Maio,
1080 3750 1112 3797 Ι.
1156 3759 1222 3803 ο..
1243 3759 1293 3810 p.
1327 3745 1491 3796 i8-20.
1514 3748 1590 3796 An
1610 3742 1680 3797 sit
1708 3758 1762 3796 co

1853 3742 2031 3796 adictio
2060 3742 2191 3795 inter
2213 3745 2339 3796 Gen.
2361 3756 2394 3805 t,
2420 3745 2476 3795 δι
2513 3752 2568 3795 et
2593 3745 2720 3799 Gen.
2749 3760 2833 3809 vn,
2859 3746 2891 3795 Ξ

257 3851 436 3908 ηολλά
463 3852 561 3923 μὲν
592 3850 683 3905 οὖν
712 3851 778 3905 ἀν
794 3868 877 3914 τις
905 3853 1046 3904 είποι
1081 3851 1207 3920 περὶ
1226 3850 1431 3919 ταύτης
1458 3849 1558 3919 τῆς
1590 3850 1759 3922 ζητή-

1932 3850 2105 3905 Multa
2150 3849 2373 3926 quidem
2409 3850 2476 3905 de
2536 3850 2639 3907 hac
2688 3854 2992 3925 quastione
3033 3852 3144 3909 dici
3192 3866 3404 3924 possen'

180 3962 343 4010 σεως·
372 3945 592 4014 καὶγὰρ
614 3944 707 3996 καὶ
730 3942 839 3996 τῶν
866 3944 973 4013 πρὸ
999 3942 1157 4013 ἡμῶν
1209 3942 1308 3995 οὐκ
1338 3941 1507 4008 ὀλίγοι
1552 3940 1760 4013 ταύτην

1860 3938 2073 3995 Etenim
2100 3949 2155 3995 et
2181 3952 2307 3995 ante
2333 3956 2432 3997 nos
2464 3956 2572 3995 non
2601 3944 2757 4012 pauci
2794 3959 2915 3999 eam
2951 3945 3259 4001 solverunt.
3316 3946 3409 4003 Νει-

176 4038 534 4093 ὲπελύσαντο·
560 4038 702 4091 εῖποι
727 4036 773 4090 δ’
793 4035 859 4091 ἀν
883 4052 969 4099 τις
1011 4035 1073 4089 οὐ
1126 4034 1315 4105 πύρρω
1347 4036 1447 4105 τῆς
1473 4033 1759 4103 ἀκριϐείας

1858 4030 2019 4103 longe
2065 4046 2098 4087 a
2144 4034 2374 4088 veritate
2420 4034 2638 4089 abesset
2679 4035 2774 4105 qui
2828 4036 3037 4092 diceret
3064 4038 3207 4094 inter
3237 4054 3296 4094 se
3326 4054 3398 4097 ne

179 4132 510 4202 φερόμενος,
569 4129 646 4193 ὡς
678 4128 779 4182 οὐκ
806 4127 1059 4198 ἀλλήλοις
1084 4126 1146 4180 τό
1193 4143 1253 4180 τε
1279 4125 1524 4196 καθαρὸν
1554 4127 1651 4180 καλ
1698 4125 1759 4180 τὸ

1860 4123 2077 4195 opponi.
2107 4124 2371 4180 mundum
2397 4135 2452 4181 et
2492 4126 2824 4197 pulchrum;
2865 4128 3095 4199 pulchro
3125 4132 3272 4187 enim
3317 4147 3388 4190 nt;

176 4224 368 4277 καλὸν·
390 4221 469 4291 τῷ
503 4221 601 4291 μὶν
630 4218 738 4290 γάρ
772 4218 922 4289 καλῷ
952 4220 1014 4272 τὸ
1051 4217 1242 4281 κακὸν,
1267 4216 1348 4289 τῷ
1377 4217 1423 4271 δ’
1456 4215 1751 4285 ἀκαθάρτῳ

1859 4214 2007 4281 lum,
2057 4215 2339 4273 immundo
2396 4226 2579 4274 autem
2634 4220 2898 4275 mundum
2924 4237 2991 4277 ex
3026 4220 3257 4279 adverso
3310 4234 3398 4281 est

172 4316 237 4367 τὸ
259 4313 500 4384 καθαρὸν
512 4311 855 4382 διαμάχεται·
872 4310 1179 4381 ἀκάθαρτον
1195 4308 1252 4362 δὲ
1269 4308 1362 4361 καὶ
1376 4306 1543 4362 καλὸν
1561 4308 1662 4361 οὐκ
1682 4306 1750 4362 ἂν

1853 4306 2190 4362 lmmundum
2211 4324 2343 4363 vero
2367 4319 2421 4364 et
2447 4310 2736 4380 pulchrum
2763 4328 2872 4367 non
2904 4324 3161 4368 accurate
3190 4331 3408 4385 oppone

173 4407 265 4475 ετη
306 4423 371 4475 γε
418 4406 485 4477 τῇ
520 4420 584 4474 γε
618 4401 872 4475 ἀκριϐείᾳ
900 4402 1227 4473 μαχόμενον·
1258 4402 1308 4454 εί
1340 4401 1441 4471 μὶν
1464 4399 1557 4454 οὖν
1582 4398 1751 4453 είπὼν

1853 4409 2057 4453 rentur.
2085 4398 2145 4454 Si
2164 4416 2294 4469 ergo
2318 4410 2617 4473 postquam
2648 4403 2861 4459 dixerat
2888 4422 2904 4458 :
2930 4423 2950 4457 ι
2984 4404 3181 4461 Omnia
3208 4407 3437 4477 pulchra

174 4496 513 4568 ἔμπροσθεν,
543 4514 563 4547 ι
589 4496 772 4549 Πάντα
806 4492 947 4549 καλά
976 4493 1119 4560 λίαν,
1146 4510 1165 4543 ι
1186 4491 1411 4564 ὕστερον
1426 4492 1671 4562 έπήγαγε
1684 4490 1752 4543 τά

1853 4491 2021 4557 valde,
2051 4510 2071 4543 ι
2102 4492 2296 4548 deinde
2325 4493 2647 4564 subiecisset
2665 4496 2771 4552 alia
2803 4496 3021 4567 quidem
3043 4513 3165 4554 esse
3186 4498 3433 4569 pulchra,

176 4589 283 4657 μὲν
306 4586 489 4641 αὐτῶν
509 4581 646 4639 εἶναι
666 4584 825 4645 καλά.
850 4584 919 4638 τά
935 4581 1199 4653 δὶφαῦλα,
1220 4581 1379 4636 τοῦτο
1404 4582 1471 4637 ἀν
1487 4583 1572 4653 εῖη
1608 4597 1753 4652 παρ-

1853 4580 1955 4635 alia
2012 4593 2195 4637 autem
2263 4583 2422 4650 mala,
2452 4585 2575 4640 inde
2603 4596 2922 4642 nasceretur
2944 4586 3264 4655 diﬁicultas;
3291 4604 3432 4658 quo-

170 4653 193 4731 ἐ
202 4697 299 4749 χον
315 4680 375 4731 τδ
390 4676 749 4749 impertiret
772 4676 829 4728 δι
850 4673 993 4728 καλά
1012 4674 1131 4727 λίαν
1155 4672 1328 4728 εἰπὼν
1356 4674 1424 4728 τὰ
1452 4673 1552 4744 μὲν
1576 4671 1757 4727 αὐτῶν

1861 4672 2005 4726 niam
2037 4687 2188 4737 vero,
2215 4684 2498 4745 postquam
2526 4676 2664 4730 dixit
2692 4677 2918 4747 pulchra
2953 4679 3135 4745 nimis,
3157 4653 3262 4735 alia
3291 4653 3433 4734 imr-

168 4772 345 4839 quas
374 4769 592 4839 καθαρὰ
610 4768 706 4834 ,τά
722 4767 778 4819 δὲ
800 4765 1108 4838 ἀκάθαρτα,
1128 4765 1230 4835 την
1258 4764 1439 4836 μάχην
1478 4763 1755 4833 διέφυγεν·

1861 4765 2029 4818 mavit
2049 4778 2172 4819 csse
2194 4766 2394 4821 munda
2417 4774 2470 4821 et
2497 4767 2603 4822 alia
2628 4768 2909 4824 immunda
2948 4784 3171 4825 omnem
3202 4780 3430 4825 contra-

168 4860 320 4912 οὕτω
352 4858 453 4928 μὲν
492 4858 559 4910 ἂν
604 4855 908 4927 κοινότερον
950 4856 1016 4911 ἀν
1050 4871 1138 4917 τις
1186 4854 1332 4909 εἴποι
1379 4855 1476 4909 καὶ
1527 4854 1760 4924 λογικώ-

1859 4855 2149 4911 dictionem
2199 4859 2473 4927 praecavit.
2527 4857 2684 4925 Quod
2736 4861 2959 4931 quidem
2997 4864 3345 4917 communitis
3373 4874 3431 4918 et

166 4967 356 5021 τερον.
386 4949 593 5001 Ἐκεῖνο
608 4947 664 5001 δὲ
683 4948 861 5011 δεῖτις
889 4946 1139 5013 συνιδεῖν,
1159 4945 1235 5009 ὡς
1253 4945 1314 4999 τὸ
1336 4946 1434 5016 μὲν
1466 4945 1608 5000 καλά
1637 4945 1758 4999 λίαν

1858 4946 2231 5003 rationabilius
2257 4948 2365 5004 dici
2398 4959 2598 5019 posset.
2631 4950 2859 5021 Oportet
2888 4963 3067 5007 autem
3099 4964 3152 5008 et
3193 4955 3298 5009 hoc
3342 4954 3432 5008 in-

165 5044 359 5098 πάντα
400 5036 540 5093 εἶναι
570 5040 662 5093 ἐπὶ
701 5040 799 5109 τῆς
838 5039 947 5092 τῶν
990 5036 1498 5117 δημιουργηθέντων
1544 5035 1757 5106 φύσεως

1862 5038 2121 5108 telligere,
2161 5039 2291 5095 illud
2322 5040 2542 5109 quidem
2573 5043 2759 5097 omnia
2795 5042 3019 5113 pulchra
3038 5059 3161 5099 esse
3181 5044 3249 5100 de
3271 5060 3427 5100 crea-

168 5134 413 5206 εῖρηται·
433 5133 493 5188 τὸ
509 5133 566 5188 δι
588 5133 824 5204 καθαρὸν
840 5133 934 5185 καὶ
948 5130 1251 5202 ἀκάθαρτον
1274 5129 1365 5183 uti.
1381 5129 1477 5199 τῆς
1499 5130 1649 5196 παρά
1661 5128 1762 5182 τῶν

1870 5139 2113 5185 tutarutn
2127 5141 2317 5186 natura
2335 5134 2573 5200 dictum;
2598 5135 2934 5191 immundum
2950 5151 3079 5191 vero
3094 5145 3149 5192 et
3164 5138 3428 5193 mundum

165 5226 483 5300 ἀνθρώπων
508 5227 777 5299 χρήσεως·
824 5224 1018 5295 χρῆσις
1145 5222 1237 5275 καὶΙ
1254 5221 1419 5291 φύσις
1443 5220 1762 5291 παμπόλλην

1864 5220 1931 5277 de
1960 5238 2061 5277 usu
2107 5225 2176 5278 ab
2207 5225 2520 5281 hominibus
2555 5225 2819 5283 faciendo.
2869 5226 3011 5283 Usus
3044 5230 3192 5284 enim
3237 5238 3291 5285 et
3328 5246 3430 5284 na-

165 5324 362 5390 ῑχουσι
377 5318 477 5390 τὴν
492 5317 756 5388 διαφοράν
776 5332 793 5350 ·
811 5315 979 5369 πολλὰ
998 5314 1097 5386 μὲν
1114 5313 1224 5385 γὰρ
1244 5318 1312 5385 τῇ
1324 5314 1482 5381 φύσει
1499 5315 1616 5366 έστὶ
1641 5313 1762 5367 λίαν

1859 5324 1978 5369 tura
2025 5319 2253 5370 multum
2309 5318 2834 5374 intersediﬁ'erunt.
2889 5321 3054 5376 Multa
3110 5337 3303 5391 nempe
3331 5337 3428 5376 na-

164 5411 413 5485 χρηστά.
450 5411 563 5474 τοῖς
604 5408 906 5479 χρωμένοις
943 5408 1001 5461 δὲ
1039 5406 1249 5476 γίνεται
1275 5405 1394 5460 λίαν
1423 5404 1652 5478 πονηρά,
1691 5404 1756 5459 οὐ

1854 5414 1977 5461 tura
2012 5407 2166 5463 valde
2203 5409 2344 5463 bona
2374 5419 2533 5473 sunt,
2555 5413 2833 5467 utentibus
2863 5423 3043 5467 autem
3093 5413 3229 5469 ﬁunt
3270 5414 3425 5469 valde

166 5504 327 5578 παρὰ
350 5504 467 5567 τοῖς
486 5502 585 5572 τὴν
602 5502 808 5555 ἑαυτῶν
836 5500 1018 5570 φύσιν,
1038 5498 1175 5553 ἀλλά
1203 5498 1352 5569 παρὰ
1367 5498 1468 5567 τὴν
1494 5498 1601 5550 τῶν
1621 5514 1753 5566 χρω-

1858 5498 2021 5563 mala,
2051 5514 2156 5554 non
2188 5511 2405 5569 propter
2450 5502 2692 5573 ipsorum
2743 5514 3019 5569 naturam,
3063 5504 3157 5561 sed
3201 5516 3426 5576 propter

170 5598 359 5668 μένων
387 5592 718 5664 φαυλότητα·
750 5591 843 5645 καὶ
872 5592 957 5645 ἵνα
982 5592 1093 5655 τοῖς
1116 5591 1496 5660 προκειμένοις
1518 5590 1552 5659 ἡ
1571 5589 1755 5667 πίστις

1860 5592 2127 5646 utentium
2185 5593 2468 5649 malitiam.
2519 5592 2586 5647 Et
2632 5605 2691 5649 ut
2744 5597 3175 5665 praecedentibus
3203 5596 3335 5653 ﬁdes
3367 5607 3423 5653 et

173 5690 265 5745 eoi.
300 5685 575 5756 ἑτέρωθεν
596 5685 815 5757 ἐπιστῇ,
839 5684 1037 5739 αὐτίκα
1065 5683 1095 5739 6
1114 5681 1339 5753 οὐρανὸς
1358 5681 1419 5736 τὸ
1444 5680 1753 5752 θαυμαστὸν

1859 5682 2077 5739 aliunde
2100 5683 2438 5751 adhibeatur,
2473 5686 2672 5743 cmlum
2716 5692 2899 5744 statim
2931 5690 3086 5747 adest
3111 5689 3427 5747 mirandum

238 5870 283 5900 ⁶¹
332 5865 527 5922 Matth.
557 5881 656 5934 vn,
696 5866 745 5923 7.
