4202 6442
757 415 862 484 N3

1897 438 2156 502 PllOTIi
2198 439 2702 501 PATHIARCHzE
2730 442 2839 502 ΕΡ.

3896 449 3997 514 144

747 545 800 625 et
831 533 1125 604 perlectum
1151 550 1291 609 Opus
1323 541 1462 597 inter
1489 559 1552 599 ea
1581 561 1704 616 qua:
1728 550 1884 608 valde
1916 553 2138 620 pulchra
2163 565 2309 608 sunt.

2415 553 2571 608 τοῦτο
2601 557 2694 607 καὶ
2728 556 2891 624 σοφὸν
2935 552 3305 625 φιλοτέχνημα
3348 553 3458 606 τῶν
3487 551 3606 609 λίαν
3634 557 3752 611 ἐστὶ
3796 560 3994 613 καλῶν·

746 621 817 681 lis
846 636 1031 684 autem
1063 631 1156 701 qui
1186 633 1313 689 illud
1343 635 1603 708 eilingunt
1645 643 1845 698 animai
1891 645 2084 701 videns
2125 657 2179 702 et
2222 664 2309 702 ra-

746 721 895 778 tione
924 723 1205 793 praeditum
1235 735 1291 782 et
1332 727 1750 803 Deum,quique
1779 752 1884 792 non
1920 739 2186 804 Creatori,
2219 743 2312 796 sed

2416 649 2526 707 τοῖς
2552 647 2607 698 δὲ
2633 647 2771 710 ζῶον
2801 646 3041 716 ἔμψυχον
3063 647 3196 700 αὐτὸ
3219 647 3310 700 καὶ
3338 646 3554 716 λογικὸν
3590 651 3684 702 καὶ
3712 651 3846 704 Θεὸν
3869 655 3999 706 ἀνα-

2416 739 2670 800 πλάσασι,
2698 739 2791 791 καὶ
2819 739 2939 791 ἀντὶ
2970 737 3064 791 τοῦ
3089 738 3428 810 Δημιουργοῦ
3450 739 3530 810 τῷ
3554 739 3999 813 δημιουργήματι

743 824 1010 872 creature
1038 820 1438 876 venerationem
1475 835 1755 894 prastant,
1801 838 1855 897 et
1879 832 2081 899 quibus
2112 832 2312 890 licebat

2413 831 2475 883 τὸ
2533 831 2696 894 σέϐας
2746 831 2986 900 ἀνάψασι
3012 873 3026 896 ,
3061 831 3159 883 καὶ
3202 825 3284 893 οἷς
3322 830 3439 895 ὲξδν
3483 832 3582 902 μὲν
3641 834 3882 904 χρῆσθαι
3910 837 3986 897 ὡς

742 923 808 994 ρο
853 907 929 965 uti
954 912 1412 979 quemadmodum
1464 929 1716 979 creatura
1773 923 1943 977 utitur
1989 939 2308 994 conservus,

743 992 849 1055 illis
875 1015 1009 1058 sane
1028 1003 1175 1072 quod
1205 1013 1414 1061 natura:
1435 1008 1863 1077 pulcherrimum
1877 1027 2017 1080 erat,
2034 992 2308 1074 funestum

735 1102 795 1146 et
824 1093 1124 1160 pessimum
1163 1099 1540 1165 constituitur,
1580 1102 1715 1157 nihil
1744 1106 1962 1175 quidem
1991 1110 2223 1178 propriae
2257 1121 2312 1165 et

740 1182 998 1253 ingenita:
1019 1187 1445 1254 pulchritudinis
1479 1195 1761 1261 amittens,
1788 1198 1880 1252 sed
1902 1208 2125 1269 prOpter
2160 1202 2311 1256 insa-

738 1287 868 1328 nam
902 1287 1298 1334 conservorum
1325 1282 1610 1338 audaciam
1642 1294 1698 1340 et
1737 1286 1966 1342 abusum
2000 1300 2306 1347 extremum

738 1365 944 1419 malum
993 1365 1103 1423 illis
1144 1368 1346 1425 factum
1385 1389 1398 1425 :
1430 1372 1618 1442 itaque
1646 1375 1793 1431 aliud
1823 1387 1906 1432 est
1933 1388 2141 1433 naturze
2186 1382 2308 1450 pul-

737 1451 1013 1522 chritudo.
1033 1460 1246 1515 etaiiud
1271 1476 1473 1531 pravus
1501 1464 1666 1534 hujus
1685 1478 1894 1524 natura:
1916 1487 2066 1526 usus.
2107 1451 2304 1527 Oinnia

739 1541 907 1620 igitur
942 1551 1152 1607 ratione
1197 1563 1406 1610 natura:
1449 1557 1604 1612 valde
1636 1560 1861 1629 pulchra
1917 1573 2074 1629 sunt;
2113 1579 2304 1618 eorum

737 1649 870 1695 vero
882 1657 1014 1698 usus
1030 1658 1138 1699 non
1155 1646 1412 1703 omnibus
1434 1649 1632 1712 bonus,
1651 1667 1826 1721 neque
1846 1655 2091 1708 omnium
2111 1656 2306 1711 similis

738 1743 847 1786 non
878 1734 1043 1789 modo
1069 1735 1295 1793 relative
1317 1738 1383 1793 ad
1413 1739 1712 1796 humanam
1744 1753 2019 1810 naturam,
2052 1746 2144 1800 sed
2167 1747 2305 1802 alio-

738 1839 859 1879 rum
898 1825 966 1881 ad
999 1827 1126 1896 alia.

807 1911 1059 1973 Forsitan
1083 1929 1266 1976 autem
1298 1920 1388 1977 illa
1416 1923 1619 1979 solutio
1650 1924 1717 1979 ad
1743 1926 2019 1997 propriam
2052 1930 2304 1998 pervenit

735 1999 1210 2078 perspicuitatem;
1268 2015 1362 2070 sed
1413 2015 1593 2071 adhuc
1642 2020 1866 2089 propius
1907 2021 2145 2076 eundum
2195 2031 2301 2078 est.

735 2096 922 2172 itaque
965 2101 1198 2162 dicimus
1235 2106 1357 2171 hoc,
1412 2109 1596 2164 omnia
1648 2126 1842 2181 nempe
1882 2127 2005 2169 esse
2049 2115 2189 2170 bona
2233 2115 2300 2170 ad

734 2194 1033 2251 c-reationis
1081 2207 1136 2253 et
1188 2208 1395 2254 natura:
1426 2201 1694 2256 rationem
1729 2202 1956 2270 referri;
2003 2204 2132 2260 illud
2170 2221 2300 2262 vero

734 2285 839 2339 alia
871 2299 1059 2342 eorum
1103 2303 1226 2344 esse
1269 2291 1496 2358 munda,
1531 2301 1585 2348 et
1610 2293 1713 2348 alia
1751 2293 2027 2350 immunda
2082 2312 2187 2351 non
2233 2314 2298 2353 au

730 2375 1026 2435 creationis
1053 2396 1228 2453 neque
1271 2391 1500 2450 naturae,
1550 2385 1644 2440 sed
1695 2385 1763 2442 ad
1811 2389 2067 2443 sacrilicii
2111 2399 2165 2445 et
2200 2390 2300 2445 hu-

729 2480 908 2526 manae
932 2473 1205 2542 opinionis
1235 2475 1545 2540 rationem;
1606 2478 1813 2534 creatio
1860 2490 2043 2535 autem
2089 2490 2144 2536 et
2199 2499 2299 2537 na-

731 2564 853 2617 tura
879 2562 946 2618 ad
974 2565 1283 2634 opinionem
1315 2577 1367 2626 et
1392 2572 1726 2629 sacriﬁcium
1761 2590 1870 2631 non
1895 2586 2013 2630 rata
2040 2593 2298 2633 mensura

730 2652 1104 2725 dirimuntur,
1161 2664 1464 2728 praesertim
1513 2666 1798 2722 sacriiiciis
1851 2675 1905 2722 et
1950 2667 2299 2738 Opinionibus

729 2756 840 2799 non
873 2746 1062 2803 iisdem
1094 2753 1322 2808 omnino
1367 2753 1422 2808 in
1452 2755 1642 2812 eodem
1670 2757 1880 2828 judicio
1908 2760 2214 2828 stantibus;
2246 2771 2303 2817 et

728 2837 857 2906 quia
892 2856 1000 2895 non
1049 2843 1118 2898 ab
1155 2843 1312 2900 initio
1337 2848 1636 2903 creationis
1680 2849 1786 2905 alia
1817 2853 2038 2921 quidem
2076 2869 2211 2922 pura
2247 2863 2301 2909 et

732 2931 838 2987 slis
865 2934 1078 3005 impura
1108 2936 1622 3010 distinguebantur,
1655 2958 1718 2998 ex
1753 2946 1986 3014 quadam
2020 2961 2147 3002 vero
2186 2947 2299 3002 cir-

730 3028 1060 3082 cumstantis
1112 3029 1251 3085 hanc
1295 3031 1657 3088 diderentiam
1702 3047 2049 3106 acceperunt.
2095 3038 2301 3110 IEgyp-

733 3117 823 3170 tiis
853 3118 998 3173 enim
1023 3123 1164 3190 apud
1194 3136 1332 3193 quos
1357 3124 1656 3182 lsraeiitica
1677 3143 1809 3198 gens
1830 3131 2100 3185 serviebat
2128 3133 2299 3186 multa

734 3211 991 3266 animalia
1022 3224 1079 3268 ut
1108 3217 1238 3270 deos
1271 3219 1653 3274 venerantibus
1673 3259 1688 3282 ,
1721 3236 1844 3274 cum
1875 3221 1944 3276 iis
1972 3222 2126 3277 valde
2169 3239 2302 3277 sane

733 3302 978 3372 pulchris
1003 3305 1141 3360 male
1183 3317 1486 3372 uterentur,
1536 3327 1606 3366 ne
1651 3322 1705 3367 et
1739 3311 2029 3370 israelitica
2064 3331 2197 3385 gens
2245 3317 2297 3370 in

735 3393 884 3450 hunc
915 3397 1210 3465 pessimum
1242 3415 1400 3455 usum
1428 3402 1790 3460 abduceretur
1816 3415 1871 3461 et
1895 3406 2140 3461 divinum
2183 3409 2305 3463 cui-

736 3489 851 3547 tum
884 3485 1060 3543 brutis
1089 3491 1395 3559 adhiberet,
1422 3493 1700 3550 immunda
1734 3496 1822 3550 illa
1853 3497 2129 3567 legislator
2155 3497 2304 3572 Moy-

732 3592 826 3631 ses
871 3580 1065 3635 merito
1124 3585 1490 3653 nuncupavit;
1551 3601 1657 3641 non
1710 3588 1855 3642 enim
1911 3603 1978 3643 ex
2030 3590 2305 3646 creatione

736 3658 1096 3726 linmunditiae
1151 3674 1578 3746 participabant,
1635 3679 1819 3745 absit,
1874 3695 2052 3750 neque
2107 3690 2305 3735 natura

737 3755 1018 3819 immunda
1069 3777 1246 3831 erant,
1301 3770 1397 3824 sed
1433 3786 1542 3826 non
1600 3773 1822 3837 munde,
1859 3772 2085 3843 profane
2116 3783 2299 3829 autem

734 3868 784 3909 et
818 3857 980 3928 impie
1032 3861 1198 3916 nimis
1224 3861 1547 3934 Egyptiaca
1587 3867 1736 3922 natio
1771 3867 1838 3923 iis
1873 3869 2143 3922 utebatur.
2187 3866 2303 3922 Etsi

738 3959 866 4002 vero
893 3951 1139 4018 quaedam
1172 3969 1360 4009 eorum
1385 3972 1507 4025 qua!
1539 3960 1680 4028 apud
1721 3959 2007 4032 Egyptios
2036 3961 2110 4015 dii
2138 3962 2303 4016 habe-

733 4035 954 4107 bantur,
987 4054 1045 4097 ut
1074 4046 1261 4099 bovem
1291 4056 1345 4102 et
1375 4047 1612 4114 hircum,
1640 4051 1694 4103 in
1739 4053 2067 4106 mundorum
2109 4069 2304 4108 nume-

735 4146 853 4188 rum
886 4133 1096 4206 Moyses
1132 4139 1337 4200 retulit.
1365 4141 1502 4196 nihil
1536 4153 1726 4198 contra
1753 4145 2067 4214 praedictam
2096 4147 2301 4201 doctri-

732 4241 859 4281 nam
925 4243 1104 4299 neque
1158 4239 1348 4286 contra
1405 4235 1688 4302 proprium
1754 4251 1977 4305 scopum
2040 4236 2300 4306 perfecit;

731 4318 932 4373 etenim
955 4335 1144 4375 eorum
1174 4337 1291 4390 quae
1331 4323 1473 4392 apud
1500 4340 1594 4379 eos
1623 4333 1683 4378 ut
1713 4325 1787 4380 dii
1814 4327 2152 4392 colebantur,
2197 4329 2301 4381 alia

732 4411 952 4478 quidem
997 4411 1274 4467 immunda
1320 4430 1542 4480 vocans,
1581 4417 1684 4471 alia
1717 4427 1895 4473 autem
1936 4419 2296 4474 immolationi

731 4499 787 4558 et
826 4505 1075 4574 sanguini
1129 4517 1183 4558 et
1217 4507 1378 4560 morti
1407 4523 1628 4571 vovens,
1673 4510 1741 4562 ab
1792 4525 1981 4565 eorum
2030 4511 2177 4565 cultu
2224 4509 2302 4566 ls-

730 4595 972 4664 raclitas,
990 4607 1046 4654 et
1060 4612 1090 4650 ιι
1107 4596 1306 4653 damno
1323 4599 1434 4654 illis
1453 4600 1575 4655 inde
1593 4611 1846 4656 nascente
1859 4619 1923 4672 pa
1933 4604 2061 4656 riter
2076 4604 2298 4666 avertit;

2414 921 2677 991 κτίσματι
2712 922 2804 975 τὸν
2829 922 3144 993 ὁμόδουλον,
3169 921 3378 984 τούτοις
3413 921 3479 991 δὴ
3535 921 3745 985 τούτοις
3770 924 3831 976 τὺ
3862 925 3996 977 κάλ-

2414 1013 2594 1065 λιστον
2649 1015 2715 1084 τῇ
2769 1013 2977 1082 φύσει,
3012 1012 3258 1084 ὀλέθριόν
3309 1030 3368 1066 τε
3404 1015 3498 1066 καὶ
3559 1014 3822 1067 κάκιστον
3869 1018 3996 1068 ἀνα-

2411 1105 2683 1173 δείκνυται
2721 1143 2736 1168 ,
2783 1103 2938 1157 οὐδὲν
3001 1103 3099 1171 μὲν
3149 1102 3280 1155 αὐτὸ
3337 1103 3436 1170 τῆς
3479 1103 3688 1164 οἰκείας
3737 1107 3833 1156 καὶ
3883 1106 3988 1173 έμ-

2412 1169 2584 1264 φύτού
2615 1195 2880 1265 καλλονῆς
2933 1169 3208 1248 ἀποϐαλδν
3232 1232 3248 1256 ,
3293 1169 3442 1264 παρά
3497 1193 3554 1245 δὲ
3581 1192 3678 1262 τὴν
3700 1169 3999 1264 ἀγνώμονα

2409 1288 2517 1338 τῶν
2541 1287 2847 1356 ὁμοδούλων
2870 1286 3076 1355 τόλμαν
3113 1287 3209 1339 καὶ
3234 1285 3586 1355 παράχρησιν
3621 1286 3852 1354 ἔσχατον
3895 1289 3997 1340 αύ-

2405 1383 2519 1444 ,τοῖς
2553 1379 2721 1432 κακὸν
2750 1381 2991 1447 γεγονόςο
3015 1379 3188 1440 οὕτως
3219 1378 3407 1447 ἕτερόν
3462 1379 3578 1429 ἐστι
3617 1378 3830 1446 φύσεως
3862 1378 4000 1430 καλ-

2409 1474 2535 1543 λονὴ
2567 1476 2662 1526 καὶ
2714 1476 2906 1545 χρῆσις
2957 1475 3321 1542 ἀτφόσφορος
3373 1473 3553 1526 πάντα
3605 1473 3703 1542 μὲν
3736 1469 3830 1526 οὖν
3877 1474 4000 1525 λίαν

2410 1568 2550 1621 καλά
2577 1569 2653 1637 τῷ
2680 1568 2823 1634 λόγῳ
2846 1567 2945 1636 τῆς
2977 1567 3211 1636 φύσεωςο
3244 1567 3277 1631 ὴ
3306 1565 3362 1617 δὲ
3388 1564 3595 1618 τούτων
3632 1567 3828 1636 χρῆσις
3871 1560 3999 1619 οὔτε

2409 1661 2541 1714 πᾶσι
2591 1661 2749 1732 καλὴ,
2776 1659 2900 1714 οὗτε
2933 1660 3150 1713 πάντων
3195 1659 3376 1729 ὁμοία.
3407 1658 3470 1710 ού
3515 1659 3673 1728 μόνον
3723 1660 3858 1726 πρὸς
3897 1661 4000 1730 τὴν

2406 1752 2754 1823 ἀνθρωπίνην
2827 1751 3284 1822 παραϐαλλομένη
3339 1751 3503 1820 φύσιν
3529 1791 3544 1816 ,
3575 1752 3704 1806 ἀλλ’
3734 1752 3860 1805 οὐδὲ
3888 1752 4000 1804 τῶν

2408 1841 2584 1896 ἄλλων
2609 1842 2747 1913 πρὸς
2777 1842 3008 1910 ἄλληλα.

2477 1939 2631 2007 Τάχα
2658 1937 2714 1990 δὲ
2748 1937 2856 1990 οὐδ’
2893 1939 2925 2006 ἠ
2959 1937 3112 2000 λύσις
3165 1933 3303 2008 αὕτη
3346 1937 3482 2008 πρὸς
3532 1936 3628 2006 τὴν
3683 1935 3999 2001 ἰδιάζουσαν

2406 2030 2640 2099 κατῆλθε
2695 2030 3016 2098 σαφήνειαν,
3069 2026 3199 2082 ἀλλ’
3233 2030 3313 2083 ἔτι
3343 2029 3424 2082 δεῖ
3461 2028 3708 2082 κατιέναι
3738 2029 3999 2099 πλησιαί-

2402 2135 2580 2188 τερον·
2612 2116 2693 2169 διό
2723 2133 2902 2186 φαμεν
2930 2116 2991 2168 τὸ
3031 2116 3127 2185 μὲν
3155 2113 3296 2170 καλά
3332 2117 3453 2169 λίαν
3500 2112 3640 2169 εἶναι
3671 2117 3872 2178 πάντα,
3903 2118 3984 2178 είς

2401 2211 2493 2261 τὸν
2531 2209 2626 2279 τῆς
2656 2206 3018 2278 δημιουργίας
3048 2210 3141 2262 καὶ
3163 2209 3380 2276 φύσεως
3402 2209 3562 2277 λόγον
3591 2209 3989 2279 ἀναφέρεσθαι·

2401 2301 2462 2353 τὸ
2489 2301 2544 2353 δὲ
2575 2300 2641 2353 τὰ
2685 2300 2783 2369 μὲν
2839 2300 3017 2354 αὐτῶν
3041 2297 3180 2352 εῖναι
3209 2299 3443 2371 καθαρὰ,
3489 2301 3556 2353 τὰ
3587 2299 3643 2352 δὲ
3672 2300 3987 2370 ἀκάθαρτα,

2401 2392 2522 2445 οὐδὲ
2551 2394 2628 2455 είς
2658 2392 2750 2444 τὸν
2779 2392 2880 2461 τῆς
2907 2390 3294 2462 δημιουργίας,
3348 2386 3471 2445 οὔτε
3510 2391 3617 2464 μὴν
3653 2394 3734 2455 είς
3772 2393 3866 2444 τὸν
3896 2394 3996 2462 τῆς

2403 2485 2634 2552 φύσεως,
2673 2481 2790 2534 ἀλλ’
2818 2484 2900 2544 είς
2927 2482 3016 2535 τὸν
3041 2481 3143 2550 τῆς
3193 2481 3386 2545 θυσίας
3436 2482 3531 2535 καὶ⁵
3558 2482 3657 2552 τῆς
3707 2481 3995 2551 ἀνθρωπί-

2400 2591 2499 2642 νης
2528 2572 2865 2643 ὑπολήψεως·
2885 2572 3216 2642 δημιουργία
3234 2572 3289 2625 δὲ
3317 2572 3413 2625 καὶ
3441 2573 3602 2642 φύσις
3631 2573 3765 2642 πρὸς
3793 2574 3998 2640 ὐπόληυ

2398 2663 2490 2734 ψιν
2508 2665 2602 2718 καὶ
2625 2662 2834 2724 θυσίαν,
2850 2663 2968 2715 οὐδὲ
2992 2661 3139 2734 ρητῷ
3163 2661 3346 2733 μέτρῳ
3373 2662 3803 2733 διατειχείζεται,
3831 2663 3996 2729 μάλιο

2403 2758 2504 2810 στά
2521 2773 2583 2825 γε
2602 2756 2708 2809 τῶν
2731 2755 2930 2809 θυσιῶν
2952 2755 3044 2808 καὶ
3058 2755 3165 2808 τῶν
3196 2754 3513 2826 ὑπολήψεων
3540 2756 3658 2826 οὐχὶ
3682 2755 3792 2808 τῶν
3811 2755 3996 2807 αὐτῶν

2399 2849 2487 2903 διά
2517 2848 2715 2910 παντὸς
2743 2849 2834 2900 ἐπὶ
2854 2848 2951 2916 τῆς
2971 2847 3137 2916 αὐτῆς
3163 2847 3465 2917 ἱσταμένων
3493 2847 3747 2918 κρίσεωςο
3783 2848 3879 2900 καὶ
3910 2849 3996 2902 ὅτι

2401 2940 2520 2993 οὐδ’
2542 2939 2635 2992 ἀπ’
2659 2939 2832 3008 ἀρχῆς
2849 2940 2947 3008 τῆς
2975 2937 3336 3008 δημιουργίας
3363 2939 3429 2990 τὰ
3455 2938 3553 3004 μὲν
3577 2936 3813 3003 καθαρὰ,
3833 2937 3902 2990 τά
3933 2937 3995 2990 δὲ

2402 3030 2690 3098 ἀκάθαρτα
2721 3027 3075 3081 διεστέλλετο·
3107 3028 3215 3080 ἀπό
3236 3045 3378 3091 τινος
3407 3027 3463 3079 δὲ
3490 3029 3864 3098 περιστάσεως
3892 3029 3995 3097 τὴν

2401 3118 2665 3190 διαφορὰν
2695 3118 2900 3188 ταύτην
2956 3118 3191 3183 ἐδέξατο.
3229 3118 3540 3187 Αἰγυπτίων
3568 3120 3674 3192 γὰρ
3717 3122 3775 3172 ὲν
3816 3114 3899 3182 οἷς
3929 3119 3994 3172 τὸ

2420 3209 2808 3280 ’ῐσραηλιτικὸν
2856 3208 3008 3271 ἔθνος
3063 3209 3286 3280 ὲθήτευε
3351 3209 3521 3263 πολλά
3568 3209 3676 3263 τῶν
3713 3210 3871 3273 ζώων
3912 3214 3996 3274 εἰς

2327 3335 2371 3395 C
2409 3300 2545 3354 θεῶν
2567 3299 2946 3370 ἀναφερόντων
2996 3299 3182 3364 σέϐας,
3199 3301 3498 3372 ἐπειδήπερ
3530 3301 3712 3364 αὐτοῖς
3729 3301 3851 3354 λίαν
3874 3300 3995 3355 οὖσι

2407 3391 2586 3453 καλοῖς
2606 3391 2791 3451 κακῶς
2810 3391 3149 3463 ξὲκέχρηντο,
3175 3391 3260 3444 ἵνα
3284 3392 3360 3462 μὴ
3383 3395 3477 3445 καὶ
3504 3392 3564 3445 τὸ
3597 3393 3997 3463 Ἱσραηλιτικδν

2407 3482 2561 3549 γένος
2580 3481 2659 3543 είς
2680 3479 2894 3548 ἐκείνην
2920 3481 3018 3550 τὴν
3043 3479 3253 3550 φαύλην
3274 3483 3546 3553 ἀπενεχθῇ
3572 3481 3789 3551 χρῆσιν,
3809 3483 3906 3534 καὶ
3927 3483 3996 3534 τὸ

2407 3572 2546 3625 θεῖον
2582 3571 2744 3636 σέϐας
2779 3573 2892 3634 τοῖς
2919 3572 3133 3640 ἀλόγοις
3169 3573 3412 3644 περιάψῃ
3442 3615 3457 3638 ,
3500 3573 3784 3642 ἀκάθαρτα
3811 3572 3993 3626 ταῦτα

2404 3662 2706 3733 νομοθετῶν
2737 3665 2764 3717 ό
2787 3663 2991 3733 Μωσῆς
3014 3665 3237 3726 δικαίως
3290 3664 3564 3734 ὠνόμασεσ
3599 3665 3829 3735 μέτοχον
3864 3666 3983 3734 γάρ

2409 3755 2756 3824 ἀκαθαρσίας
2782 3755 2881 3806 οὐκ
2909 3755 3016 3808 ἀπὸ
3057 3757 3156 3826 τῆς
3191 3757 3571 3827 δημιουργίας,
3611 3759 3815 3825 ἄπαγε,
3862 3757 3991 3810 οὐδ’

2406 3849 2438 3917 ὴ
2470 3846 2631 3916 φύσις
2658 3843 2774 3917 εἶχε
2811 3848 2873 3900 τὸ
2897 3846 3206 3918 ἀκάθαρτον
3230 3888 3244 3912 ,
3274 3848 3390 3901 ἀλλ’
3438 3849 3520 3901 ὅτι
3573 3849 3635 3900 ού
3700 3848 3986 3918 καθαρῶς,

2408 3938 2607 4006 μᾶλλον
2634 3937 2691 3990 δὲ
2727 3937 2969 4009 βεϐήλως
3012 3938 3134 3990 λίαν
3163 3940 3257 3991 καὶ
3297 3939 3553 4009 ἁνιέρως,
3584 3939 3646 3992 τὸ
3665 3940 3989 4006 Αἰγυπτίων

2404 4032 2554 4093 ἔθνος
2604 4031 2813 4092 τούτοις
2861 4031 3221 4100 ὲπεχρήσατο.
3257 4029 3319 4082 Εἰ
3347 4030 3402 4084 δὲ
3439 4032 3533 4084 καί
3567 4035 3687 4083 τινα
3724 4031 3836 4083 τῶν
3866 4031 3992 4084 θεο-

2405 4122 2747 4191 ποιουμένων
2777 4120 2928 4192 παρὰ
2971 4123 3082 4182 τοῖς
3134 4121 3455 4186 Αἰγυπτίοις
3487 4124 3516 4174 ό
3541 4121 3746 4190 Μωσῆς
3795 4121 3990 4192 ῶσπερ

2403 4213 2493 4266 τὸν
2521 4212 2644 4282 βοῦν
2683 4214 2775 4265 καὶ
2803 4213 2896 4264 τὸν
2943 4213 3147 4282 τράγον
3187 4215 3264 4276 είς
3293 4211 3390 4283 τὴν
3423 4213 3532 4266 τῶν
3557 4211 3813 4283 καθαρῶν
3833 4214 3988 4278 τάξιν

2403 4305 2716 4374 ἀπέκρινεν,
2750 4303 2902 4357 οὐδὲν
2941 4304 3066 4356 οὐδὲ
3118 4304 3272 4373 παρὰ
3301 4307 3401 4373 τὴν
3446 4305 3814 4374 προκειμένην
3844 4305 3990 4357 θεω-

2405 4398 2546 4464 ρίαν,
2573 4397 2695 4448 οὺδὲ
2734 4397 2885 4466 παρὰ
2917 4397 3011 4448 τὸν
3052 4400 3250 4450 οἰκεῖον
3275 4397 3473 4450 σκοπὸν
3501 4397 3859 4467 διεπράξαθ’
3887 4397 3990 4450 καὶ

2403 4488 2510 4557 γὰρ
2543 4489 2650 4540 τῶν
2675 4488 3040 4558 θειαζομένων
3065 4492 3190 4558 παρ’
3231 4490 3413 4552 αὐτοῖς
3461 4489 3530 4542 τὰ
3578 4488 3678 4558 μὲν
3718 4488 3989 4560 βδελυκτὰ

2408 4581 2639 4642 καλέσας
2667 4620 2683 4641 ,
2722 4582 2791 4633 τὰ
2835 4580 2894 4633 δὲ
2951 4585 3131 4650 σφαγῇ
3173 4583 3263 4634 καὶ
3314 4581 3505 4648 αῖματι
3545 4583 3640 4633 καὶ
3702 4582 3988 4651 ἀναιρέσει

730 4676 873 4758 quod
903 4689 1047 4743 enim
1096 4690 1520 4746 abominandum
1575 4703 1658 4748 est
1709 4702 1764 4748 et
1812 4695 2206 4751 immolandum
2251 4708 2304 4751 et

2406 4671 2548 4732 δοὺς,
2600 4671 2702 4737 τῆς
2764 4671 2969 4723 τούτων
3025 4672 3283 4742 λατρείας
3326 4671 3450 4734 τοὺς
3516 4671 3853 4741 Ἰσραηλίτας
3891 4672 3988 4725 καὶ

729 4779 890 4848 epulo
918 4791 1305 4849 praeparatum.
1357 4798 1464 4836 nun
1505 4783 1657 4838 credi
1701 4794 1881 4854 potest
1911 4799 2032 4840 esse
2061 4785 2192 4840 deus
2234 4786 2302 4841 ab

731 4873 798 4926 iis
828 4871 922 4942 qui
961 4871 1032 4926 ita
1058 4874 1243 4927 animo
1265 4873 1595 4930 afﬁciuntur.

796 5108 964 5178 igitur
991 5109 1196 5164 creatio
1231 5107 1320 5163 Dei
1349 5124 1514 5178 opera
1538 5115 1720 5165 omnia
1745 5109 1894 5167 valde
1925 5113 2147 5182 pulchra
2176 5130 2298 5184 proo

728 5199 911 5264 duxit;
939 5209 994 5254 et
1015 5209 1202 5254 natura
1232 5201 1475 5255 omnium
1502 5211 1585 5257 est
1607 5206 1845 5272 Optima;
1878 5206 2154 5260 hominum
2169 5222 2298 5261 vero

730 5292 913 5348 insani
941 5301 996 5347 et
1017 5293 1233 5363 exleges
1269 5311 1402 5348 usus
1431 5297 1599 5350 multa
1629 5314 1693 5351 ex
1729 5299 1924 5352 creatis
1960 5298 2299 5368 profanando

727 5385 834 5440 alia
895 5385 1115 5454 quidem
1182 5386 1483 5441 existimari
1557 5396 1612 5442 et
1681 5389 1940 5458 appellari
2019 5390 2297 5444 immunda

730 5475 996 5536 rccerunt,
1029 5477 1134 5531 alia
1165 5492 1315 5542 vero,
1347 5478 1445 5533 etsi
1473 5478 1613 5534 hanc
1648 5481 1716 5535 ab
1752 5481 2090 5535 immunditia
2130 5483 2301 5535 deno-

729 5567 1086 5622 minationem
1159 5568 1486 5640 effugerunt,
1544 5580 1724 5625 tamen
1786 5573 1943 5627 iidem
2009 5588 2142 5627 usus
2208 5573 2301 5626 Dei

730 5662 909 5716 amico
958 5676 1179 5717 causam
1231 5663 1576 5732 praebuerunt
1620 5665 1786 5718 altera
1836 5666 2091 5720 methodo
2142 5666 2300 5719 intel-

730 5753 952 5822 ligendi,
983 5761 1038 5808 et
1078 5769 1142 5809 ea
1175 5769 1206 5808 a
1250 5755 1631 5825 profanatione
1678 5758 1979 5822 eximendi;
2036 5768 2092 5811 et
2138 5767 2302 5810 utro-

731 5859 842 5913 que
897 5847 1060 5903 modo
1102 5863 1169 5903 sx
1223 5848 1592 5905 israelitarum
1647 5861 1827 5906 mente
1883 5851 2301 5921 pniythcisnmm

2408 4763 2506 4832 τῆς
2557 4761 2782 4815 αὐτόθεν
2828 4763 3014 4816 αὐτοῖς
3088 4763 3469 4833 ἀναφυομένης
3524 4761 3724 4833 βλάϐης
3778 4763 3987 4833 ὁμοίοις

2409 4854 2781 4908 ἀπεκώλυσενο
2811 4855 2934 4908 οὔτε
2968 4855 3075 4926 γάρ
3101 4857 3164 4907 τὸ
3213 4855 3501 4925 βδελυκτδν
3551 4853 3677 4908 οὔτε
3713 4856 3776 4908 τὸ
3829 4873 3983 4926 σφα-ο

2410 4946 2728 5015 γιαζόμενον
2775 4947 2868 4998 καὶ
2892 4946 3046 5019 θοίνῃ
3076 4947 3435 5016 προκείμενον
3478 4944 3578 4999 οὐκ
3606 4945 3673 4997 ἀν
3699 4945 3986 5018 νομισθείη

2409 5039 2519 5098 τοῖς
2547 5037 2689 5089 οὓτω
2737 5037 2863 5106 περὶ
2902 5037 3039 5090 αύτά
3083 5036 3446 5104 διακειμένοις
3485 5034 3625 5097 θεός.

2489 5128 2550 5180 Ἠ
2582 5128 2680 5194 μὲν
2727 5124 2819 5180 οὖν
2859 5127 3187 5198 δημιουργία
3221 5128 3316 5179 τοῦ
3364 5127 3497 5179 Θεοῦ
3534 5127 3602 5179 τὰ
3642 5126 3987 5198 δημιουργήσ-

2409 5235 2552 5290 ματα
2572 5221 2746 5271 πάντα
2768 5219 2887 5270 λίαν
2905 5217 3042 5270 καλά
3066 5217 3443 5290 προηγάγετοο
3477 5216 3570 5269 καὶ
3595 5218 3627 5285 ἡ
3658 5215 3822 5284 φύσις
3845 5220 3986 5270 πάνο

2404 5327 2514 5362 των
2546 5309 2654 5376 ἔχει
2705 5309 2766 5360 τὸ
2808 5307 3066 5378 ἄριστον
3108 5306 3410 5378 ἀνθρώπων
3461 5307 3517 5358 δὲ
3553 5306 3854 5376 παράλογοι
3891 5308 3986 5359 καὶ

2408 5401 2661 5468 ἔκθεσμοι
2691 5399 2915 5469 χρήσεις
2940 5397 3111 5451 πολλά
3142 5397 3251 5451 τῶν
3281 5396 3792 5469 δημιουργηθέντων
3821 5395 3986 5466 βεϐη·

2402 5491 2665 5552 λώσασαι,
2696 5490 2764 5541 τὰ
2788 5488 2888 5558 μὲν
2918 5487 3204 5558 ἀκάθαρτα
3253 5489 3343 5540 καὶ
3379 5485 3697 5555 νομίζεσθαι
3730 5487 3827 5536 καὶ
3877 5503 3980 5538 κα-

2403 5578 2611 5630 λεῖσθαι
2636 5577 3047 5647 παρεσκεύασαν
3067 5594 3080 5606 ·
3112 5577 3178 5630 τὰ
3215 5577 3272 5629 δὲ
3299 5575 3400 5630 κᾶν
3432 5578 3529 5645 τὴν
3561 5575 3668 5627 ἀπὸ
3702 5575 3799 5644 τῆς
3840 5575 3980 5627 ἀκα-

2406 5670 2634 5738 θαρσίας
2657 5670 2845 5738 κλῆσιν
2878 5668 3150 5737 διέφυγεν,
3179 5669 3292 5722 ἀλλ’
3324 5664 3417 5721 οὖν
3440 5668 3712 5737 παρέσχον
3749 5665 3830 5732 τῷ
3861 5665 3981 5717 οεό⁸

2409 5776 2516 5830 πτῃ
2574 5761 2751 5812 αἰτίαν
2798 5760 3029 5811 συνιδεῖν
3080 5761 3243 5830 ἑτέρᾳ
3280 5760 3504 5828 μεθόδῳ,
3539 5760 3632 5810 καὶ
3676 5757 3850 5809 ταῦτα
3878 5759 3981 5833 τῆς

2411 5851 2761 5920 βεϐηλώσεως
2785 5853 3035 5922 ἐκτεμεῖν
3061 5870 3070 5881 ·
3101 5855 3192 5904 καὶ
3225 5853 3291 5904 δι’
3337 5852 3595 5920 ἑκατέρου
3638 5851 3838 5918 τρόπου
3874 5849 3983 5901 τῶν
