4202 6442
214 438 312 500 145

1202 457 1303 517 AD
1341 455 1925 525 AMPHILOCHIUM
1958 461 2301 534 QU.ESTIO
2334 467 2460 525 ΧΧ.

3338 450 3444 518 M6

240 549 569 647 Ισραηλιτῶν
621 549 721 624 τῆς
752 552 989 621 διανοίας
1035 559 1098 613 τό
1150 575 1212 616 τε
1261 565 1525 619 πολύθεον
1554 568 1757 631 ἐξελεῖν

1812 580 1854 633 Α
1884 574 2097 647 auferre
2146 584 2201 629 et
2247 573 2647 628 damnationem
2699 573 2768 626 ab
2824 572 2904 626 eis
2946 580 3185 625 avertere
3240 572 3426 622 valuit.

210 641 298 690 ml.
322 641 385 692 τὸ
431 643 849 711 ἀκατάγνωστον
901 654 1465 721 πραγματεύσασθαιο
1526 660 1621 711 καὶ
1666 663 1774 729 γὰρ

210 732 298 780 ita!
325 731 518 801 κλῆσις
570 736 879 809 ἀκάθαρτος
929 741 1023 794 καὶ
1049 743 1247 813 χρῆσις
1276 746 1337 799 τὸ
1395 748 1658 818 θυόμενον
1696 755 1777 814 εἰς

212 824 449 891 γαστέρα
483 828 954 897 παραπέμπουσα,
1009 834 1165 887 ούδὶν
1225 836 1368 890 θεῖον
1409 840 1528 893 οὐδὲ
1581 842 1776 893 σεπτὸν

206 914 411 965 ἐννοεῖν
446 916 575 984 περὶ
601 918 803 981 αὐτῶν,
835 921 952 974 ἀλλ’
982 923 1106 976 οὐδὲ
1133 925 1296 997 ψιλήν
1326 944 1447 981 τινα
1475 932 1777 998 φαντασίαν

204 1007 528 1091 παραχωρεῖ
558 1006 931 1078 ἀναδέχεσθαι.
963 1013 1026 1066 El
1066 1014 1124 1067 δι
1156 1033 1239 1079 τις
1267 1019 1401 1089 ἐρεῖ,
1425 1020 1551 1084 Πῶς
1575 1017 1671 1076 οὖν
1700 1022 1778 1091 τῷ

206 1090 332 1183 Νῶε
387 1094 489 1162 τῆς
555 1097 859 1170 Μωσαῐκῆς
921 1105 1240 1174 νομοθεσίας
1310 1110 1463 1164 οὔπω
1536 1090 1781 1183 δοθείσης

211 1181 431 1274 καθαρά
476 1187 570 1239 καὶ
618 1189 904 1260 ἀκάθαρτα
946 1194 1242 1267 διακρίνειν
1289 1202 1385 1253 καὶ
1441 1181 1778 1274 συνεισάγειν

208 1273 277 1364 τῇ
337 1273 554 1345 κιϐωτῷ
601 1282 996 1352 προστετάχθαι
1048 1285 1305 1357 είρηταις
1355 1292 1623 1364 πρόληψις
1676 1273 1780 1364 μὲν

208 1363 321 1455 γάρ
352 1366 465 1455 εστι
489 1366 552 1419 τὸ
580 1370 787 1440 σχῆμα’
818 1375 913 1428 καὶ
939 1378 991 1429 εί
1018 1376 1093 1448 μὴ
1114 1373 1264 1443 ιξῶν
1285 1382 1401 1435 τότε
1424 1363 1779 1455 ιγνωρίζοντο

207 1456 278 1505 τὰ
304 1452 441 1517 ζῶα,
458 1458 571 1510 ἀλλ’
593 1459 654 1525 ἐξ
680 1456 755 1515 ὧν
776 1462 1001 1534 ἔσχατον
1027 1468 1447 1542 ιπεγνώσθησαν
1461 1452 1778 1545 ὠνομάσθη-

210 1559 332 1608 σαν,
362 1546 482 1600 οὐδὲ
544 1552 693 1619 παρά
742 1553 801 1606 τὸ
854 1555 949 1609 τοῦ
1006 1560 1294 1630 εἰρημένου
1344 1562 1502 1631 λόγου
1559 1565 1773 1635 ίδίωμα·

209 1635 306 1687 καὶ
338 1636 447 1705 γὰρ
473 1639 566 1691 καὶ
610 1642 712 1710 τὴν
744 1643 962 1700 Γένεσιν
1010 1649 1131 1719 οὐχὶ
1177 1648 1297 1705 Νῶε
1326 1654 1548 1723 γράφει,
1585 1655 1644 1720 δς
1679 1658 1776 1723 τῆς

207 1726 533 1817 νομοθεσίας
562 1731 774 1803 ὑπῆρχε
802 1727 1188 1809 πρεσϐύτερος,
1217 1743 1354 1795 ἀλλὰ
1385 1745 1588 1815 Μωσῆς
1607 1745 1777 1817 ὁπερὶ

206 1814 467 1885 καθαρῶν
495 1820 591 1873 καὶ
616 1822 938 1896 ἀκαθάρτων
973 1828 1138 1900 νόμον
1185 1832 1495 1902 ἐκθέμενος·
1524 1814 1572 1887 εἰ
1602 1835 1659 1889 δὲ
1684 1814 1776 1888 καὶ

1883 661 2091 716 Etenim
2115 680 2214 717 vox
2244 664 2449 732 impura
2479 670 2774 732 nuncupat.
2803 670 2857 715 et
2896 677 3027 716 usus
3059 662 3331 714 immolata
3378 662 3433 713 in

1877 762 2118 807 ventrem
2162 755 2418 815 immittit.
2456 768 2631 823 neque
2656 754 2899 807 divinum
2943 764 3036 806 aut
3065 752 3433 805 venerandum

1876 845 2078 913 aliquid
2112 844 2179 897 de
2217 845 2282 899 iis
2312 847 2542 917 cogitari
2592 846 2738 909 licet,
2780 846 2873 898 sed
2919 858 3094 911 neque
3126 842 3209 895 vel
3266 843 3434 896 levem

1877 937 2161 1004 quamdam
2196 936 2368 992 ideam
2404 937 2574 1005 accipi
2630 940 2697 991 de
2738 949 2925 991 eorum
2961 934 3181 989 deitate.
3225 933 3282 987 Si
3311 935 3436 1001 quis

1876 1034 2052 1080 autem
2072 1026 2764 1097 interrogaveritquomodo
2780 1024 3037 1083 Noemus.
3059 1024 3293 1077 nondum
3314 1022 3436 1075 data

1875 1115 2109 1171 Mosaica
2141 1117 2275 1187 lege.
2307 1117 2484 1173 dictus
2515 1117 2846 1185 sitjucuuda
2893 1126 2944 1170 et
2993 1114 3269 1167 immunda
3323 1115 3431 1167 dis-

1876 1208 2130 1263 cernendi
2163 1218 2216 1264 et
2242 1210 2295 1262 in
2317 1224 2499 1265 arcam
2526 1209 2902 1264 introdueendi
2936 1209 3250 1261 mandatum
3281 1222 3437 1261 acce-

1875 1300 2058 1367 pisse?
2116 1299 2231 1355 haec
2294 1300 2465 1369 figura
2519 1312 2602 1355 est
2658 1316 2821 1367 quam
2872 1299 3163 1368 prolepsim
3224 1310 3436 1351 vocant.

1877 1392 1987 1447 Etsi
2036 1392 2179 1446 enim
2232 1408 2341 1447 non
2393 1407 2457 1447 ex
2506 1392 2593 1447 his
2644 1393 2844 1461 quibus
2898 1401 3029 1445 tunc
3077 1392 3441 1444 noscebantur

1875 1480 2149 1545 animalia,
2178 1482 2271 1536 sed
2321 1496 2388 1536 ex
2435 1482 2518 1537 his
2564 1483 2762 1551 quibus
2810 1482 3003 1534 ultimo
3039 1482 3254 1549 cognita
3288 1488 3436 1542 sunt,

1876 1570 2140 1625 nominati
2177 1571 2306 1637 sint,
2351 1572 2491 1625 nihil
2545 1572 2675 1626 dicti
2708 1571 2853 1624 verbi
2891 1570 3203 1640 proprietati
3256 1570 3439 1622 adver-

1874 1670 2044 1716 satur.
2074 1661 2281 1717 Etenim
2308 1677 2415 1717 non
2447 1664 2666 1731 scripsit
2694 1658 2805 1717 Noe
2849 1660 3128 1725 Genesim,
3181 1662 3273 1730 qui
3322 1662 3437 1731 lege

1874 1752 2147 1821 antiquior
2190 1752 2311 1817 fuit,
2365 1753 2458 1808 sed
2504 1752 2719 1823 Moyses
2764 1754 2879 1822 ipse
2905 1753 2997 1821 qui
3026 1752 3093 1807 de
3122 1751 3340 1805 mundis
3385 1760 3440 1804 et

1875 1842 2169 1897 immundis
2189 1842 2357 1913 legem
2386 1844 2594 1899 statuit.
2628 1844 2684 1899 Si
2716 1854 2896 1898 autem
2929 1858 2991 1897 ea
3022 1858 3143 1912 quae
3167 1843 3439 1911 posterius

206 1904 244 1958 ἃ
259 1909 287 1959 ό
309 1910 473 2006 νόμος
488 1909 711 1983 ὕστερον
729 1916 901 1984 ἔθετο,
911 1921 1084 1977 ταῦτα
1113 1923 1191 1994 τῷ
1205 1924 1329 1978 Νῶε
1356 1927 1762 1999 προανεκηρύτ-

1794 1930 1841 1991 Β
1869 1933 2115 1997 sancivit,
2143 1931 2350 1989 Noemo
2402 1937 2760 2006 praenuntiata
2799 1936 3017 1999 fuerint,
3050 1935 3182 1988 nihil
3204 1935 3435 1997 mirum;

204 2013 353 2064 τετο,
401 1999 708 2071 θαυμαστὸν
755 2005 907 2064 οὐδέν
932 2028 946 2040 ·
977 2016 1103 2067 ἐπεὶ
1148 2018 1242 2069 καὶ
1282 2017 1378 2071 τοῦ
1411 2019 1595 2072 κοινοῦ
1618 2037 1780 2075 ναυα-

205 2087 331 2154 γίου
390 2092 555 2161 μήπω
594 2096 816 2164 στάντος
848 2140 865 2161 .
912 2102 1012 2174 τὴν
1043 2104 1247 2173 γνῶσιν
1295 2107 1474 2162 λασὼν
1502 2104 1647 2179 εἶχεν
1666 2110 1779 2164 ἁδί-

206 2196 461 2235 στεικτον⁶
484 2185 600 2248 πῶς
613 2182 708 2241 οὖν
724 2192 921 2263 συνῆκε
936 2194 1194 2267 καθαρῶν
1208 2198 1304 2253 καὶ
1318 2199 1639 2268 ἀκαθάρτων
1656 2202 1773 2255 δια-

206 2272 384 2342 φορὰν
401 2274 787 2347 ἑνωτιζόμενος
799 2282 1067 2355 διάκρισιν
1081 2288 1285 2343 τούτων
1300 2291 1768 2361 καταπράξασθαι,

201 2363 530 2455 enisuri);
560 2369 870 2441 εἰρημένοις
918 2377 1013 2430 καὶ
1055 2378 1215 2434 τοῦτο
1250 2384 1765 2455 συμπεριείληπται·

202 2452 234 2503 ⁸⁵
283 2453 396 2525 γὰρ
437 2456 500 2510 τδ
531 2462 873 2533 παγκόσμισν
896 2468 1153 2538 ναυάγιον
1178 2474 1307 2544 πρὶν
1334 2452 1619 2546 ἐπιστῆναι
1648 2477 1767 2530 δια-

200 2547 389 2607 γνοὺς,
416 2550 512 2601 καὶ.
543 2552 763 2623 σπέρμα
784 2555 863 2627 τῷ
882 2558 1204 2633 ἀνθρωπίνῳ
1237 2564 1384 2631 γένει
1403 2566 1769 2621 διασώσασθαι

200 2638 358 2728 παρα
377 2636 511 2693 Θεοῦ
534 2643 695 2711 χάριν
718 2646 972 2717 εἰληφὼς,
994 2644 1152 2717 οὗτος
1176 2655 1297 2708 οὐδὲ
1325 2658 1426 2728 τὴν
1455 2657 1564 2711 τῶν
1594 2658 1766 2713 καθα-

203 2725 319 2792 ρῶν
354 2727 449 2780 καὶ
495 2730 821 2803 ἀκαθάρτων
866 2737 1149 2807 διάγνωσιν
1180 2725 1391 2800 ἄνωθεν
1435 2747 1639 2814 λαϐεῖν,
1675 2748 1767 2802 καὶ

198 2814 309 2909 τῶν
341 2816 621 2909 ὀνομάτων
656 2825 689 2891 ἠ
715 2825 909 2895 χρῆσις
933 2829 1033 2883 οὐκ
1064 2833 1434 2905 ὲπεχωρίαζεν
1456 2878 1473 2903 ,
1500 2836 1761 2909 οὓμενουν

195 2904 452 2975 οὐδαμῶς
481 2910 773 2983 ὑστερίζων
798 2912 889 2988 ἦν.

757 3028 1090 3088 ΕΡΩἸἨΣΙΣ
1118 3035 1202 3093 κ’.

194 3108 411 3201 Διριξι
424 3111 569 3201 οςῆς
618 3118 917 3201 Pinarum:
960 3124 1366 3201 ᾲφιστάμενος
1396 3149 1428 3185 o
1457 3131 1761 3201 ἅνθρωπος

263 3181 551 3271 ξιξζιβὲιξν
569 3181 863 3271 "ista"
890 3181 1201 3271 ξεέὶιωμοί
1224 3181 1762 3271 πρὸὲξιὲρὡὲὗῖἦῖρ

641 3260 675 3310 δ
710 3250 780 3342 Q3
806 3250 1759 3342 κηςίίδῷν-’σῳματίέιῆ

674 3328 792 3412 adv:
840 3331 959 3411 τῶν
984 3328 1275 3412 ἀρεμίὲωγ
1331 3328 1589 3411 ἀποσέῇ
1610 3328 1757 3412 πρά-ἱ

262 3390 469 3478 Δ,
520 3396 670 3461 πρὸς
733 3398 800 3452 τὸ
845 3399 958 3469 τῆς
1022 3390 1579 3478 (spuade

258 3459 545 3528 ἀνάγεται
562 3459 592 3523 ,-

1876 2025 2132 2093 quoniam
2173 2027 2450 2081 communi
2484 2027 2768 2097 naufragio
2803 2027 3040 2081 nondum
3087 2027 3435 2085 adventante.

1877 2128 1982 2168 non
2022 2114 2242 2170 dubiam
2293 2118 2502 2187 accepit
2557 2118 2624 2173 de
2683 2119 2777 2173 illo
2834 2118 3102 2172 notitiam.
3150 2114 3436 2181 Quomodo

1871 2213 2050 2260 autem
2082 2206 2408 2263 intellexerit
2438 2209 2760 2264 mundorum
2794 2218 2847 2265 et
2895 2210 3299 2264 immundorum
3331 2207 3435 2261 dif-

1876 2295 2180 2361 ferentiam,
2213 2313 2338 2354 cum
2366 2300 2553 2369 jussus
2584 2310 2668 2355 est
2706 2316 2769 2355 ea
2820 2301 3174 2370 distinguere,
3217 2300 3281 2353 iis
3310 2315 3433 2369 qua:

1869 2388 2028 2443 modo
2060 2387 2203 2444 dicta
2256 2401 2383 2445 sunt
2414 2391 2617 2462 percipi
2650 2401 2859 2463 potest;
2910 2394 3003 2462 qui
3031 2392 3174 2446 enim
3218 2392 3432 2444 univer-

1867 2480 1980 2534 sale
2006 2479 2346 2551 naufragium
2378 2492 2669 2553 antequam
2706 2484 3006 2544 adveniret,
3059 2484 3346 2552 praescivit,
3378 2493 3431 2535 et

1865 2570 2086 2625 seminis
2112 2571 2351 2627 humano
2374 2575 2557 2643 generi
2587 2574 2947 2629 conservandi
2983 2576 3207 2643 gratiam
3254 2589 3283 2627 a
3322 2573 3429 2627 Deo

1864 2659 2088 2727 accepit,
2145 2660 2233 2714 ille
2288 2663 2614 2718 mundorum
2673 2675 2727 2719 et
2780 2666 3181 2719 immundorum
3231 2665 3431 2719 intelli-

1865 2754 2099 2825 gentiam
2149 2753 2215 2807 de
2260 2769 2475 2811 sursum
2506 2758 2773 2827 accipere,
2803 2760 2904 2813 etsi
2959 2759 3236 2813 nominum
3290 2774 3424 2812 usus

1866 2860 1973 2899 non
1993 2843 2170 2898 adhuc
2191 2842 2445 2916 frequens
2470 2848 2651 2910 fuerit,
2669 2850 2818 2903 nullo
2846 2850 3005 2904 modo
3035 2865 3165 2905 sane
3196 2850 3428 2918 impera-

1870 2944 2037 2990 verat.

2244 3028 2573 3097 QUAES‘I‘IO
2617 3028 2713 3083 xx
2750 3028 2847 3102 [αι.
2876 3028 3044 3101 xm.

1864 3118 2039 3184 Quare
2060 3138 2123 3174 ετ
2148 3121 2331 3174 Iucresi
2368 3138 2606 3187 egressus
2632 3123 2804 3183 homo,
2856 3123 2903 3174 si
2931 3124 3093 3175 vitam
3139 3134 3260 3189 agat
3296 3124 3427 3174 irre-

1930 3190 2344 3259 preltensibilem,
2372 3193 2438 3243 ad
2464 3193 2813 3244 sacerdotium
2842 3194 3069 3259 pervenit
3092 3208 3109 3253 ,'
3133 3197 3220 3259 qui
3250 3202 3425 3244 autem

1930 3261 2149 3316 maculis
2173 3264 2446 3332 corporeis
2460 3263 2718 3327 inﬁcitur,
2745 3264 2953 3315 etiamsi
2994 3264 3057 3314 ab
3092 3263 3302 3329 injustis
3333 3263 3425 3313 ab-

1786 3361 1829 3419 c
1931 3333 2143 3398 uincat,
2193 3336 2261 3386 ad
2306 3334 2584 3387 sacerdotii
2615 3333 2925 3403 dignitatem
2970 3349 3073 3386 non
3115 3334 3373 3385 inve/titur
3402 3333 3427 3382 .7

219 3590 362 3639 Edita
386 3604 415 3640 a
438 3591 577 3654 Malo,
599 3594 634 3643 l.
656 3608 725 3659 c.,
747 3612 796 3663 p.
820 3600 986 3652 Ill-2|.
1006 3604 1105 3654 Cur
1124 3607 1348 3661 defectus
1366 3618 1585 3677 corporis
1609 3620 1762 3731 irregt

1738 3697 1762 3731 ε

1786 3626 2023 3733 Lintatem
2044 3632 2202 3693 quoad
2223 3634 2423 3685 ordines
2461 3633 2749 3695 constituat,
2775 3649 2871 3685 non
2898 3648 3017 3685 vero
3038 3637 3298 3686 conversio
3358 3651 3421 3688 ex

1841 3703 1901 3736 ει.

1868 3705 1901 3739 ι.

255 3734 332 3786 Th
359 3736 416 3834 δί
444 3737 525 3800 εἰς
554 3739 783 3834 amplcti;
814 3746 1183 3817 προαγόμενον
1215 3755 1527 3826 πρόϐλημα,
1563 3760 1614 3812 τί
1663 3763 1754 3834 δή·

186 3838 319 3876 παῖε
349 3827 459 3879 τῶν
511 3830 997 3903 πλημμελημάτων
1045 3842 1105 3892 τὸ
1144 3843 1523 3911 χαλεπώτατον
1580 3827 1753 3908 λιπῶν

181 3920 284 3985 τὴν
309 3919 521 3988 αἰρεσιν
549 3922 831 3991 ἄνθρωπος
860 3928 941 3989 είς
976 3930 1297 4004 ίερωσύνην,
1334 3938 1408 4008 μὴ
1435 3941 1543 3994 τῶν
1573 3943 1751 3999 ἄλλων

183 4008 364 4103 ἔργων
396 4011 736 4103 μαχομένων,
764 4020 1159 4086 παραγγέλλειν
1187 4024 1433 4081 δύναταιο
1459 4033 1488 4083 ό
1523 4032 1566 4084 δ’
1588 4034 1748 4103 ὀρθό-

181 4097 335 4159 δοξον
356 4098 544 4194 Ῡέρων
567 4102 643 4194 Δτὸ
699 4104 974 4176 φρόνημα,
1018 4112 1244 4184 ὲμφύλῳ
1287 4116 1383 4188 τὴν
1414 4123 1568 4191 χεῖρα
1618 4097 1748 4194 μιά-

181 4201 280 4284 νας
316 4187 533 4284 αἵματι,
560 4190 593 4260 ἢ
622 4193 827 4261 τάφους
854 4199 1137 4269 ἀνορύξας.
1163 4187 1557 4277 ἧκατενεχθε-ὶς
1588 4187 1750 4284 μέχρι

180 4271 432 4371 σώματος
472 4281 550 4342 είς
606 4286 1029 4354 κατενοχλοῦσαν
1090 4271 1302 4364 ἡδονὴν,
1352 4271 1605 4371 nam;

177 4368 267 4427 νὸς
326 4369 428 4421 ούκ
482 4371 713 4437 εὑαγοῦς
759 4377 1008 4447 πράξεως
1041 4381 1224 4452 ἔνοχος
1249 4388 1508 4456 γεγονὼς,
1561 4368 1749 4448 οὐκέτι

174 4460 297 4513 οὐδὲ
314 4460 448 4557 πρὸς
474 4463 1257 4557 μετάνοιανὲπιστρεφόμενος,
1280 4478 1399 4532 οὐδὲ
1419 4480 1591 4545 διδοὺς
1612 4485 1753 4557 πλη-

176 4553 437 4643 ροφορίαν
486 4552 561 4623 μὴ
594 4554 946 4620 διστάζουσαν
972 4566 1084 4626 τοῖς
1128 4564 1437 4634 άδεκάστως
1484 4552 1749 4643 κρίνουσι,

171 4642 283 4692 τῶν
332 4644 692 4713 μολυσμάτων
732 4650 1089 4723 κεκάθαρται·
1128 4656 1262 4712 ἀλλὰ
1290 4661 1397 4731 γὰρ
1435 4642 1609 4729 οὐδεὶς
1642 4669 1750 4721 τῶν

171 4732 451 4796 τοιούτων,
469 4736 605 4828 μηδι
633 4738 738 4789 τῶν
764 4739 938 4795 ἄλλων
962 4747 1174 4814 ἀρετῶν
1208 4751 1746 4828 ἐπιμαρτυρούντων,

167 4824 435 4895 οῦμενουν
497 4827 561 4879 οὐ
613 4830 888 4899 νομίζεται
948 4838 1047 4906 τῆς
1100 4840 1399 4915 ἱερωσύνης
1426 4824 1664 4913 ἐπάξιος.

238 4919 317 4971 Τὸ
346 4919 568 5013 μὲνοῦν
612 4920 835 4993 ζήτημα
868 4928 1095 4983 παλαιόν
1120 4950 1178 4985 τε
1210 4935 1303 4988 καὶ
1355 4938 1453 5009 τὴν
1485 4942 1743 5013 τοιαύτην

1927 3773 1980 3829 In
2038 3776 2431 3834 dubitationem
2514 3795 2659 3835 nunc
2698 3780 3020 3835 .adducitur
3078 3782 3216 3836 istud
3295 3794 3423 3850 pro‘

1854 3864 2028 3920 hlema
2068 3886 2081 3921 :
2126 3885 2296 3940 quare
2346 3871 2393 3925 is
2468 3871 2561 3942 qui
2622 3884 2968 3942 peccatorum
3034 3874 3420 3942 gravissimum

1855 3956 2103 4012 haeresim
2139 3974 2332 4029 nempe
2359 3959 2597 4031 reliquit,
2628 3963 3015 4024 sacerdotium.
3036 3963 3138 4017 nisi
3168 3964 3270 4017 alia
3299 3965 3427 4033 ejus

1853 4063 2012 4115 opera
2046 4053 2386 4120 prohibeant,
2420 4054 2626 4108 ambire
2654 4055 2857 4123 possit;
2898 4055 2985 4108 ille
3024 4071 3152 4109 vero
3192 4057 3283 4124 qui
3324 4072 3419 4110 ore

1855 4142 2119 4197 thodoxos
2162 4143 2321 4198 habet
2361 4160 2575 4207 sensus.
2629 4162 2846 4199 manum
2903 4162 3033 4201 vero
3081 4146 3263 4203 fratris
3292 4164 3418 4202 san-

1854 4235 2011 4302 guine
2042 4235 2308 4302 polluerit.
2336 4238 2418 4291 vel
2468 4237 2715 4305 sepulcra
2768 4238 3074 4302 violaverit,
3114 4240 3194 4293 vel
3219 4256 3418 4309 corpus

1853 4323 2065 4378 funesta
2124 4327 2397 4397 voluptate
2454 4328 2731 4388 ledaverit,
2782 4330 2861 4380 vel
2910 4330 3072 4382 aliam
3121 4335 3411 4398 quamdam

1852 4429 1959 4468 non
2023 4418 2281 4471 mundam
2333 4421 2600 4473 actionem
2651 4419 2967 4483 admiserit,
3018 4437 3192 4491 neque
3245 4422 3289 4475 si
3346 4423 3414 4475 ad

1852 4506 2222 4574 paenitentiam
2253 4520 2600 4564 convertatur
2635 4526 2811 4580 neque
2844 4514 2888 4566 si
2922 4514 3235 4583 incorrupte
3263 4515 3414 4582 judi-

1850 4599 2087 4652 cantinm
2132 4601 2423 4669 Opinione,
2479 4602 2636 4671 plene
2682 4603 3036 4667 satisfecerit,
3095 4607 3412 4673 impollutus

1849 4690 2059 4743 evadat.
2094 4691 2259 4746 Nemo
2288 4695 2454 4752 enim,
2475 4693 2673 4748 talibus
2701 4704 2794 4749 aut
2819 4697 2941 4751 aliis
2970 4698 3256 4752 virtutibus
3286 4714 3411 4767 pro-

1849 4786 2047 4845 tectus,
2078 4782 2382 4837 sacerdotio
2413 4784 2611 4852 dignus
2633 4785 2927 4853 iudicatur.

1918 4948 2046 5014 Qua:
2096 4952 2311 5018 quidem
2352 4954 2577 5021 qumstio
2616 4954 2835 5024 antiqua
2865 4965 2967 5017 est,
3013 4966 3067 5009 et
3116 4959 3215 5009 hoc
3247 4957 3407 5010 modo

171 5012 509 5111 προαγωγῆν
566 5017 955 5111 οἰκειούμενον
990 5024 1119 5111 εἶδέ
1169 5043 1314 5091 τινες
1346 5032 1520 5101 ὀρθῶς
1548 5036 1739 5090 ἐπελύ-

1786 5034 1815 5088 D
1844 5041 1979 5094 solet
2005 5043 2311 5107 enuntiari;
2346 5044 2390 5097 si
2425 5046 2519 5111 qui
2572 5060 2699 5097 vero
2749 5054 2895 5100 recte
2938 5062 3059 5099 eam
3100 5048 3402 5109 solverunt,

170 5118 357 5203 σαντο,
380 5104 553 5172 ἡδέως
579 5105 645 5157 ἄν
670 5108 849 5161 αὐτῶν
880 5107 1127 5183 μαθητὴς
1159 5118 1435 5192 γενοίμηνο
1465 5124 1738 5195 διδάξαιμι

1841 5131 2069 5186 libenter
2086 5148 2171 5186 me
2186 5148 2371 5187 eorum
2400 5134 2725 5203 discipulum
2749 5138 3158 5193 constitueretn.
3187 5137 3401 5192 Docebo

162 5194 207 5245 δ’
241 5194 313 5247 ἂν
347 5196 477 5257 ἴσως
508 5200 558 5249 εί
586 5198 680 5250 καὶ
720 5203 795 5270 μὴ
830 5202 1043 5269 ἄλλους,
1082 5207 1139 5259 σὲ
1172 5208 1227 5260 δὲ
1269 5212 1503 5277 πάντως·
1527 5216 1600 5279 ὡς
1626 5194 1741 5271 ὅσοι

1838 5234 2016 5276 autem
2052 5222 2210 5287 forte,
2238 5225 2280 5279 si
2310 5225 2489 5279 minus
2514 5226 2674 5289 alios,
2709 5236 2759 5280 te
2789 5228 2981 5281 saltem
3014 5229 3239 5280 omnino
3264 5246 3277 5292 ;
3308 5229 3400 5296 qui

167 5287 265 5387 μεν
286 5286 569 5387 δυσσεόεϊν
618 5290 825 5361 εἴχοντο
864 5294 1087 5365 γνώμης
1116 5301 1380 5371 προῆλθον
1413 5308 1508 5377 οὐχ
1548 5310 1735 5378 αἱρου-

1838 5315 2055 5383 quidcm
2121 5315 2268 5385 impii
2327 5318 2667 5373 habebantur
2719 5334 2748 5371 ιι
2799 5320 3077 5373 voluntate
3124 5322 3396 5387 progressi

166 5377 345 5445 μένης
372 5380 431 5431 τὸ
454 5378 681 5449 φαῦλον,
716 5383 831 5435 ἀλλ’
851 5386 1212 5460 ἐπιζητούσης
1244 5394 1303 5444 τὸ
1326 5394 1565 5464 ἄμεινον,
1596 5377 1734 5453 ἀπο.

1838 5417 1963 5459 sunt
1989 5404 2189 5459 malum
2227 5424 2333 5461 non
2372 5409 2624 5475 eligente,
2648 5409 2739 5463 sed
2779 5410 2979 5463 bonum
3014 5411 3393 5478 iuvestigante,

164 5468 461 5533 σφαλέντες
488 5470 543 5523 δὲ
567 5471 664 5524 τοῦ
689 5473 833 5543 ἱεροῦ
863 5478 971 5529 τῶν
996 5484 1318 5547 κρειττόνων
1347 5487 1568 5556 ἔρωτος,
1594 5494 1730 5560 πρὸς

1836 5512 1993 5550 sacro
2024 5506 2201 5551 autem
2228 5500 2554 5567 Optimorum
2588 5516 2770 5555 amore
2815 5502 3028 5568 privati.
3077 5504 3142 5553 ad
3196 5503 3395 5553 malum

161 5557 221 5609 τὸ
270 5560 453 5660 χεῖρον
478 5561 508 5613 ὃ
555 5563 631 5632 μὴ
666 5566 955 5636 προέθεντο
980 5570 1384 5641 ἀπηνέχθησαν-
1422 5580 1453 5646 ἡ
1489 5582 1586 5647 μὲν
1633 5557 1726 5635 ἀπ’

1834 5588 2117 5653 quodnon
2150 5600 2575 5656 praeposuerunt,
2624 5591 2785 5643 delati
2841 5602 3000 5653 sunt;
3052 5607 3079 5644 a
3132 5592 3396 5660 principio

161 5649 340 5717 ἀρχῆς
364 5651 505 5721 όρμὴ
534 5653 739 5717 τούτοις
766 5656 916 5726 ῆνθει
945 5660 1006 5710 τὸ
1031 5662 1233 5727 ἀγαθόν
1254 5682 1267 5694 ’
1306 5669 1337 5735 ἡ
1370 5669 1425 5720 δὲ
1459 5670 1724 5741 ἀποτυχία

1832 5682 1975 5732 enim
2008 5682 2210 5733 amoris
2244 5684 2507 5737 terminus
2548 5685 2614 5737 iis
2666 5686 2890 5737 florebat
2930 5686 3164 5748 bonum;
3199 5699 3387 5736 eorum

163 5740 368 5792 δύναιτ’
392 5741 456 5794 ἂν
492 5747 851 5813 καταφεύγειν
869 5752 946 5813 είς
973 5754 1032 5803 τὸ
1051 5754 1147 5823 τῆς
1171 5754 1385 5824 φύσεως
1415 5762 1723 5833 ἀπομαραι-

1832 5786 1991 5839 porro
2022 5772 2204 5824 infelix
2244 5774 2418 5826 exitus
2466 5785 2648 5842 posset
2678 5778 2741 5827 ad
2785 5779 3185 5843 corruptionem
3218 5790 3264 5829 ct
3304 5778 3387 5828 iu-

161 5835 387 5900 νόμενον
435 5837 523 5890 καὶ
559 5839 804 5904 ἀσθενές·
836 5846 931 5895 καὶ
962 5838 1105 5898 οὗτοι
1138 5850 1237 5917 μὲν
1277 5853 1385 5903 τῶν
1450 5857 1707 5923 χειρόνων

1821 5863 2132 5916 firmitatem
2195 5874 2399 5919 natura:
2461 5865 2787 5936 confugere;
2843 5881 2893 5921 et
2951 5870 2982 5921 ii
3033 5884 3059 5920 a
3116 5869 3386 5937 prioribus
