4202 6442
805 394 900 462 m

1935 403 2198 466 PHOTII
2228 405 2729 470 PATBIARCH/E
2763 412 2871 473 CP.

3916 414 4021 479 ιιε

802 509 1075 572 conversi.
1120 509 1308 566 vident
1358 509 1791 568 misericordiam
1835 513 2096 573 benevole
2135 533 2232 576 eos
2269 532 2354 574 re-

2459 524 2925 592 μεταναστάντες,
2965 525 3206 592 εὐμενῶς
3252 525 3438 595 αὐτοῖς
3481 526 3680 596 ὁρῶσιν
3745 529 3844 596 τὴν
3890 547 4020 590 συγ-

804 604 1141 674 spicieutem.
1166 601 1270 668 Qui
1298 617 1428 658 vero
1453 603 1521 659 ab
1550 605 1707 659 initio
1733 621 1792 661 se
1819 607 1958 661 male
1973 623 2133 679 agere
2156 611 2354 675 sciunt,

799 706 855 749 et
877 696 942 750 ad
977 693 1176 749 malum
1223 709 1383 750 suum
1431 697 1669 751 animum
1714 697 1952 765 firmant,
1983 702 2260 757 conversis
2289 701 2357 756 ad

802 786 1173 856 paenitentiam
1191 787 1416 842 multam
1439 797 1629 842 contra
1653 789 1799 858 ipsos
1826 795 2188 858 praestantiam
2210 809 2354 865 pra:-

801 880 947 934 bent.
969 879 1075 932 Alii
1101 879 1245 933 enim
1272 878 1430 934 bonis
1479 879 1763 936 desideriis
1787 884 2150 947 adhaeserunt,
2175 895 2229 939 et
2258 899 2358 940 no-

800 964 969 1027 lentes
1006 972 1058 1026 in
1102 974 1432 1026 contrariam
1482 971 1732 1027 abierunt
1773 981 2010 1042 partem;
2044 974 2132 1028 alii
2173 984 2353 1029 autem

797 1064 869 1116 ab
897 1062 1055 1117 initio
1101 1062 1242 1116 mala
1281 1063 1582 1134 elegerunt,
1613 1077 1668 1118 et
1694 1080 1881 1120 eorum
1913 1067 2176 1120 sententia
2206 1080 2354 1122 mors

800 1153 868 1208 iis
905 1154 1131 1218 accidit;
1165 1155 1288 1211 aliis
1329 1155 1548 1225 quidem
1598 1156 1861 1225 optimum
1896 1157 2178 1211 videbatur
2206 1157 2353 1228 quod

765 1308 771 1315 _
797 1243 1114 1309 laudabant,
1140 1244 1211 1300 ita
1234 1252 1294 1299 ut
1327 1246 1587 1315 opinione
1615 1261 1714 1301 sua
1737 1246 2098 1315 superbirent,
2125 1259 2180 1303 et
2204 1263 2355 1303 mor-

798 1343 905 1387 tem
941 1331 1078 1387 forte
1104 1333 1284 1403 potius
1315 1335 1567 1390 subirent
1614 1351 1780 1406 quam
1822 1351 1918 1390 sua
1958 1338 2211 1406 dogmata
2255 1337 2354 1393 de-

795 1433 1084 1494 negarent;
1137 1424 1230 1478 alii
1285 1440 1414 1480 vero
1462 1427 1664 1481 malum
1713 1427 1848 1482 adeo
1907 1429 2241 1493 noscebant,
2295 1438 2355 1484 ut

795 1516 1012 1570 nemine
1031 1516 1192 1570 etiam
1221 1517 1450 1583 sciente,
1498 1519 1552 1572 in
1593 1533 1652 1572 se
1684 1519 1895 1573 actione
1929 1533 2028 1574 sua
2065 1520 2353 1576 erubesce-

795 1614 937 1672 rent,
967 1618 1021 1662 et
1053 1606 1266 1663 difﬁcile
1293 1609 1395 1664 sibi
1426 1609 1816 1678 persuaderent
1846 1626 1903 1664 se
1925 1627 2114 1667 omnes
2142 1610 2348 1682 fugere.

793 1694 929 1752 Cum
962 1697 1127 1768 igitur
1154 1697 1224 1752 ab
1253 1698 1409 1752 initio
1430 1699 1606 1754 bonus
1641 1709 1789 1755 esset
1829 1715 2049 1769 scopus,
2090 1701 2179 1773 (ad
2205 1703 2350 1771 opti-

793 1803 942 1842 mum
985 1788 1129 1842 enim
1178 1791 1492 1855 tendebaut)
1543 1800 1596 1847 et
1647 1791 1872 1845 mutatio
1919 1807 2016 1861 per
2066 1794 2348 1848 scientiam

789 1879 965 1934 solido
1011 1880 1352 1935 munimento
1403 1882 1743 1950 imponetur,
1796 1898 1922 1938 vera
1964 1883 2346 1954 dijudicationo

788 1987 909 2026 eam
942 1972 1278 2035 stabilieute,
1319 1974 1624 2040 immotam,
1674 1982 1731 2028 ul
1776 1975 2090 2042 plurimum,
2126 1991 2240 2029 suae
2277 1977 2346 2032 ad

789 2064 1043 2130 pietatem
1070 2063 1444 2119 conversionis
1466 2064 1576 2118 vim
1615 2073 1853 2121 servant.
1899 2066 2035 2120 Aliis
2068 2081 2198 2120 vero
2231 2082 2347 2121 ma-

788 2156 901 2209 lum
944 2156 1164 2210 eratab
1201 2155 1325 2224 ipso
1369 2155 1599 2209 exordio
1645 2154 1992 2210 desiderium.
2045 2154 2162 2211 Non
2198 2159 2343 2213 enim

786 2260 880 2300 eos
905 2244 1144 2315 fugiebat
1164 2261 1224 2301 se
1247 2246 1316 2301 ad
1337 2245 1645 2299 inordinata
1667 2246 1943 2310 accedere,
1964 2254 2019 2300 et
2038 2248 2200 2300 etiam
2223 2263 2346 2316 per-

785 2345 906 2388 acta
944 2335 1230 2390 conversio
1271 2349 1382 2391 non
1418 2334 1857 2390 immutabilitate
1885 2336 2170 2392 solidatur.
2199 2337 2344 2394 Nihil

785 2427 932 2480 enim
973 2426 1049 2479 illi
1077 2427 1144 2482 iis
1171 2441 1296 2496 qua:
1324 2433 1484 2480 antea
1513 2426 1759 2482 sciebant
1780 2427 2114 2496 adjecerunt,
2143 2431 2343 2498 quibus

787 2519 997 2572 Iirmius
1057 2517 1462 2582 stabilirentur,
1518 2519 1612 2574 sed
1678 2519 1896 2588 pr0pria
1965 2519 2211 2575 libertate
2275 2522 2343 2576 ad

787 2618 1077 2677 utrumque
1111 2618 1497 2678 prorumpente
1540 2609 1837 2676 voluntate,
1877 2626 1979 2666 nec
2018 2622 2167 2667 certe
2205 2614 2346 2668 scire

784 2713 952 2769 quam
980 2698 1045 2752 ad
1073 2706 1278 2766 partem
1308 2697 1633 2753 inclinatura
1659 2699 1732 2754 sit
1763 2699 1995 2766 sinente,
2040 2717 2149 2757 non
2186 2701 2346 2759 facile

786 2789 868 2843 eis
902 2787 1210 2844 omnimoda
1258 2788 1544 2843 adhibetur
1573 2789 1704 2844 ﬁdes
1749 2791 1793 2843 si
1827 2791 2010 2846 dicant
2039 2809 2099 2847 se
2132 2810 2240 2850 non
2273 2795 2343 2849 ad

787 2878 1026 2948 priorem
1077 2879 1340 2933 vilitatem
1391 2880 1662 2934 redituros
1712 2896 1848 2936 esse.
1881 2884 2049 2948 Adde,
2095 2889 2141 2940 si
2191 2887 2342 2951 velis,

784 2974 842 3021 et
871 2967 1012 3020 hanc
1041 2966 1304 3021 rationem
1340 2985 1354 3020 :
1385 2967 1528 3037 apud
1559 2969 1695 3023 alios
1719 2980 1773 3023 et
1807 2971 1954 3040 prior
1990 2980 2045 3026 et
2074 2979 2345 3042 posterior

787 3057 972 3126 opinio
995 3057 1184 3111 eodem
1216 3059 1401 3121 modo,
1436 3072 1505 3112 ne
1535 3059 1714 3114 dicam
1743 3061 2095 3129 posteriorem
2145 3065 2344 3121 fortius

2459 614 2683 683 γνώμην
2712 615 3122 668 ιπιϐλέπουσανσ
3155 617 3205 669 oi
3226 615 3284 669 δὲ
3314 617 3516 685 φαῦλον
3555 618 3656 686 μὶν
3685 619 3884 682 εἰδότες
3923 617 4020 674 ἀπ’

2457 703 2629 773 ἀρχῆς
2660 704 2721 756 τὸ
2745 706 3132 774 πραττόμενον,
3171 708 3304 776 πρὸς
3344 709 3519 760 ἐκεῖνο
3559 707 3617 760 δὲ
3644 706 3736 760 τὸν
3760 708 3886 761 νοῦν
3921 712 4021 762 ἀπο

2455 795 2773 864 ερείδοντες,
2803 797 3005 867 πολλὴν
3033 797 3153 850 κατ’
3180 798 3360 851 αὐτῶν
3393 799 3720 868 παρέχονται
3743 801 3857 863 τοῖς
3884 802 4023 871 πρὶς

2455 884 2736 938 εὐσέϐειαν
2758 885 3242 956 μεταϐαλλομένοις
3263 887 3360 956 τὴν
3389 888 3684 958 ὑπεροχήνο
3715 891 3764 942 οί
3794 891 3894 959 μὲν
3911 891 4022 960 γὰρ

2454 973 2631 1043 ὁρμῆς
2657 974 2962 1046 ἀντείχοντο
3009 976 3108 1045 τῆς
3137 976 3368 1045 ἀγαθῆς,
3397 978 3477 1039 είς
3503 979 3812 1032 τούναντίον
3858 981 3916 1032 δὲ
3942 982 4021 1048 μή

2453 1063 2610 1117 τοῦτο
2635 1066 2954 1136 προθέμενοι
2983 1066 3389 1138 παρεσύρησαν·
3421 1071 3533 1132 τοῖς
3557 1070 3615 1122 δὲ
3652 1069 3760 1122 τῶν
3786 1087 3845 1122 τε
3881 1073 4024 1140 φαύο

2452 1155 2559 1208 λων
2581 1151 2650 1226 ἦν
2686 1158 2718 1227 ἡ
2750 1158 2869 1210 κατ’
2913 1157 3086 1228 ἀρχὰς
3114 1158 3344 1228 αἵρεσις,
3375 1161 3469 1213 καὶ
3491 1161 3631 1214 κατὰ
3665 1163 3865 1215 σκοπὸν
3891 1180 4023 1216 συνο

2453 1246 2665 1300 ἔϐαινεν
2702 1249 2736 1318 η
2778 1247 3041 1302 ἀπώλειαο
3098 1251 3332 1313 καὶτοῖς
3362 1251 3459 1320 μὲν
3495 1251 3667 1313 οὓτως
3726 1253 3903 1305 ἐδόκει
3950 1254 4020 1306 ce

2452 1335 2804 1408 δοξαζόμενον
2851 1338 3145 1409 βέλτιστον,
3181 1340 3257 1404 ὡς
3302 1342 3628 1412 ἐπιγαυριᾷν
3679 1359 3739 1395 τε
3783 1346 3847 1412 τῇ
3887 1343 4022 1416 δόξῃ

2452 1428 2546 1480 καὶ
2573 1428 2797 1482 θάνατον
2831 1419 2977 1484 ἐστιν
3030 1431 3118 1483 δτε
3151 1431 3525 1501 προαιρεῖσθαι
3559 1432 3668 1484 τῶν
3697 1433 4022 1502 δεδοξασμέ-

2452 1534 2558 1572 νων
2602 1519 2704 1588 τῆς
2756 1521 3089 1589 ἑξομόσεωςο
3116 1523 3229 1586 τοῖς
3266 1522 3323 1575 δὲ
3351 1523 3413 1574 τὸ
3440 1523 3609 1577 κακὸν
3648 1526 3740 1577 ἐπὶ
3763 1525 4021 1578 τοσοῦτον

2451 1608 2790 1680 ὲγνωριζετο,
2819 1611 2892 1673 ὡς
2924 1615 3016 1664 καὶ⁵
3045 1612 3271 1682 μηδενὸς
3294 1611 3491 1677 ἔξωθεν
3535 1615 3854 1679 συνειδότος,
3889 1614 4016 1668 καθ’

2451 1699 2675 1764 ἑαυτοὺς
2707 1702 3036 1774 ὲπερυθριᾷν
3064 1705 3128 1773 τῇ
3159 1703 3375 1774 πράξει,
3411 1704 3506 1756 καὶ
3528 1704 3693 1774 εὐχῆς
3729 1705 3896 1776 ἔργον
3934 1703 4020 1759 st-

2450 1807 2536 1845 ναι
2569 1791 2806 1861 νομίζειν
2838 1792 3019 1846 λαθεῖν
3050 1794 3311 1858 ἅπαντας.
3351 1795 3439 1859 Ἐξ
3470 1788 3546 1849 ὧν
3587 1791 3680 1849 οὖν
3715 1797 3810 1850 ἀπ’
3833 1797 4020 1868 ἀρχῆς

2378 1851 2421 1906 B
2447 1851 2648 1950 ἀγαθδξ
2688 1851 2755 1952 ἦν
2783 1883 2812 1935 ό
2854 1883 3074 1948 σκοπὸς,
3099 1884 3238 1956 πρὸς
3267 1851 3375 1957 ᾧάρ
3411 1851 3472 1940 ἑδ
3505 1886 3719 1955 ἄριστον
3757 1851 4015 1952 seu};

2445 1972 2538 2024 καὶ
2567 1973 2599 2041 ἠ
2625 1970 2891 2041 μεταϐολὴ
2919 1972 3183 2042 προϊοῦσα
3202 1973 3268 2026 δι’
3288 1975 3635 2042 ἐπιγνώσεως
3664 1977 3754 2030 ἐπὶ
3776 1979 4020 2048 στερρᾶς

2445 2064 2704 2134 κρηπῖδος
2727 2062 3000 2126 ἐϐάλλετο,
3045 2067 3144 2135 τῆς
3196 2065 3427 2136 ἀληθοῦς
3457 2067 3624 2136 αὐτὴν
3653 2067 4018 2136 πηγνυμένης

2442 2153 2788 2225 διακρίσεως,
2824 2153 3118 2208 ἀσάλευτον
3148 2149 3292 2210 οὗτοι
3351 2157 3492 2210 κατὰ
3542 2157 3603 2210 τδ
3637 2157 3892 2210 πλεῖστον
3915 2174 4019 2228 τη-

2447 2244 2597 2315 ροῦσι
2621 2245 2719 2314 τῆς
2750 2246 2842 2298 ἐπὶ
2863 2245 2961 2315 τὴν
2987 2245 3267 2299 εὐσέϐειαν
3295 2247 3600 2318 μεταϐολῆς
3620 2248 3682 2302 τὸ
3723 2249 4011 2320 κραταιω-

2446 2351 2540 2405 μασ
2572 2336 2683 2398 τοῖς
2705 2335 2763 2387 δὲ
2791 2336 2968 2406 φαύλη
2997 2353 3056 2389 τε
3084 2331 3152 2407 ἦν
3176 2336 3234 2401 ἐξ
3267 2337 3437 2408 αὐτῆς
3491 2338 3758 2406 κινήσεως
3778 2340 3813 2409 η
3837 2340 4015 2408 ὁρμή·

2442 2426 2502 2478 οὐ
2528 2426 2633 2498 γὰρ
2648 2426 2872 2495 ἠγνόουν
2891 2426 3089 2480 ἄτοπον
3109 2427 3422 2498 ἁπτόμενοι,
3441 2429 3645 2499 καὶτῆς
3665 2430 4017 2496 μεταθέσεως

2443 2516 2815 2588 γεγενημένης
2847 2517 2965 2587 μὲν,
2983 2520 3083 2571 οὐκ
3114 2519 3342 2590 ἐχούσης
3362 2519 3420 2572 δὲ
3449 2518 3526 2591 τῷ
3547 2518 3871 2588 ἀμεταθιτῳ
3886 2536 4018 2589 στη-

2445 2607 2708 2680 ρίζεσθαιο
2733 2609 2883 2662 οὐδὲν
2911 2608 3020 2681 γὰρ
3038 2604 3182 2664 οὗτοι
3212 2610 3319 2663 τῶν
3338 2610 3809 2681 προεγνωσμένων
3845 2611 4016 2664 πλέον

2444 2711 2953 2784 προσειλήφεσαν,ὲν
2962 2709 3042 2778 οἷς
3054 2714 3121 2768 ἂν
3133 2715 3441 2784 ὲδρασθεῖεν
3456 2715 3884 2792 παθερὼτεροεν,
3898 2718 4016 2770 ἀλλ’

2455 2802 2857 2873 ὲπισκιρτώσης
2882 2802 2962 2873 τῷ
2985 2804 3358 2875 αὐτοδεσπότῳ
3378 2805 3477 2874 τῆς
3524 2805 3746 2876 γνώμης
3769 2807 3858 2874 ἐφ’
3879 2808 4016 2860 huic

2442 2910 2575 2963 τερα
2596 2893 2788 2964 ἄδηλόν
2811 2911 2870 2946 τε
2895 2894 2994 2964 τὴν
3017 2896 3197 2964 κρίσιν
3213 2897 3590 2966 παρεχομένης
3611 2898 3695 2964 ἐφ’
3715 2896 3744 2948 δ
3765 2897 4011 2966 ῥέψειεν,

2444 2983 2667 3044 εἰκότως
2693 2982 2792 3033 οὐκ
2815 2980 2962 3033 ἐστιν
2987 2982 3170 3045 αὐτοῖς
3198 2984 3380 3035 πίστιν
3412 2985 3539 3054 ῥᾷον
3577 2987 3903 3054 παρασχεῖν,
3935 2985 4015 3046 ὡς

2417 3073 2504 3125 ,οὐ
2523 3073 2718 3143 μηκέτι
2740 3072 2928 3143 εἴησαν
2948 3075 3027 3136 είς
3044 3074 3144 3142 τὴν
3166 3074 3435 3144 προτέραν
3457 3074 3768 3137 ἐπανιόντες
3801 3075 4016 3144 φαυλό-

786 3162 970 3216 agere,
1009 3147 1180 3202 libere
1211 3148 1599 3216 ostenduntur;
1639 3152 1732 3205 sed
1768 3151 1932 3221 igitur
1967 3157 2204 3211 secunda
2237 3174 2342 3212 non

2445 3180 2598 3233 τητα.
2627 3161 2866 3233 Πρόσθες
2892 3164 2941 3216 εί
2959 3162 3139 3234 βούλει
3165 3164 3261 3219 καὶ
3273 3163 3410 3219 διότι
3429 3168 3542 3228 τοῖς
3574 3165 3672 3235 μὲν
3698 3165 3797 3219 καὶ
3818 3168 3854 3236 ἡ
3875 3183 4014 3238 προσ

785 3239 928 3296 ccdit
957 3239 1142 3309 priori,
1172 3248 1231 3294 ut
1271 3241 1608 3296 multitudini
1652 3255 1775 3296 nota
1803 3243 1915 3307 fiat,
1944 3245 2012 3299 de
2051 3248 2175 3302 aliis
2216 3265 2346 3306 vero

788 3347 945 3386 suum
978 3342 1255 3400 peccatum
1289 3333 1621 3402 triumphum
1656 3336 1783 3403 agit.
1824 3336 2022 3391 Amant
2067 3342 2212 3393 enim
2248 3343 2344 3396 bo-

790 3424 967 3479 tnines
1005 3434 1058 3479 et
1085 3424 1258 3478 aliena
1303 3426 1571 3493 experiri;
1612 3441 1735 3494 qua:
1780 3442 1907 3482 vero
1954 3429 2005 3482 in
2040 3430 2253 3486 silentio
2290 3443 2345 3489 et

787 3514 1077 3569 solitudine
1098 3516 1274 3586 agitur
1304 3517 1620 3586 paenitentia
1666 3533 1774 3571 non
1819 3520 1978 3575 modo
2022 3535 2120 3575 sua
2149 3524 2344 3579 obscu-

790 3606 949 3660 ritate
994 3608 1252 3676 populum
1301 3607 1458 3680 fugit,
1504 3610 1596 3664 sed
1645 3610 1900 3665 invidiam
1954 3612 2113 3668 habet
2159 3630 2343 3672 amare

789 3695 1191 3766 inquirentem.
1249 3715 1356 3754 non
1408 3709 1590 3756 autem
1631 3705 1907 3758 evidenter
1953 3714 2009 3760 et
2057 3707 2342 3765 manifeste

789 3788 1219 3856 purificationem
1267 3792 1627 3848 invenientem
1659 3809 1674 3847 :
1715 3805 1928 3862 Oportet
1958 3805 2137 3853 autem
2166 3815 2342 3872 neque

788 3881 1133 3946 parvulorum
1171 3898 1499 3953 quemquam
1530 3886 1920 3942 scandalizare.

864 3970 980 4027 Non
1010 3983 1183 4028 tamen
1201 3975 1454 4031 omnibus
1476 3975 1694 4031 exhibet
1710 3979 2118 4035 conversionem
2149 3997 2344 4052 quem-

784 4065 1075 4122 admodum
1123 4074 1466 4135 peccatorum
1505 4067 1633 4123 olim
1671 4070 2034 4140 cognitionem
2076 4074 2338 4132 exhibuit.

2443 3251 2578 3321 τέρα
2595 3251 2721 3317 δόξα
2742 3251 2836 3304 καὶ
2854 3253 2888 3322 η
2915 3268 3176 3322 μεταγενε
3185 3252 3349 3324 στέρα
3373 3252 3512 3306 κατὰ
3536 3253 3625 3306 τὸν
3645 3253 3759 3306 ἴσον
3779 3254 4012 3324 τρόπον,

2443 3342 2530 3397 ἵνα
2561 3345 2636 3414 μὴ
2667 3343 2810 3412 λέγω
2835 3343 2930 3396 καὶ
2975 3343 3231 3407 πολλάκις
3279 3344 3603 3416 προέχουσα,
3636 3344 4016 3416 mamma.

2441 3452 2550 3488 ται⁹
2581 3433 2696 3488 ἀλλ’
2732 3434 2824 3488 οὖν
2862 3435 2963 3488 οὐκ
3015 3435 3161 3488 ἐστιν
3213 3436 3248 3505 ὴ
3300 3435 3530 3505 δευτέρα
3579 3438 3678 3506 τῆς
3731 3435 4015 3504 προτέρας

2445 3528 2579 3596 πρὸς
2603 3526 2700 3597 τὴν
2727 3526 2836 3580 τῶν
2880 3527 3090 3581 πολλῶν
3125 3527 3420 3595 ἐπίγνωσιν
3457 3526 3872 3598 δευτερεύουσαο
3898 3529 4014 3588 τοῖς

2442 3616 2498 3670 δὲ
2517 3617 2575 3670 τὸ
2596 3617 2694 3687 μὲν
2716 3615 3017 3687 ἁμάρτημα
3043 3615 3452 3686 θριαμϐεύεται·
3485 3615 3636 3684 φίλον
3665 3616 3776 3685 γὰρ
3801 3615 4016 3686 ἀνθρὼ-

2444 3724 2566 3770 ποις
2600 3704 3013 3770 διακωδωνίζειν
3054 3704 3124 3758 τὰ
3172 3704 3447 3775 ἀλλότριαο
3481 3705 3516 3773 ἠ
3561 3705 3618 3758 δὶ
3669 3706 4014 3776 μεταμέλεια

2444 3800 2500 3851 ὲν
2527 3799 2726 3868 ἡσυχίᾳ
2742 3814 2801 3850 τε
2831 3799 2926 3851 καὶ
2944 3798 3253 3868 καταμόνας
3283 3798 3635 3868 πραττομένη
3662 3798 3762 3868 οὐχ
3784 3800 3870 3851 ὅτι
3908 3803 4016 3870 μό-

2445 3906 2533 3942 νον
2563 3888 2641 3959 τῷ
2673 3887 2984 3942 λανθάνοντα.
3019 3887 3274 3956 ἐκφεύγει
3322 3886 3448 3950 τοὺς
3495 3886 3742 3950 πολλοὺς,
3771 3888 3893 3943 ἀλλ’
3925 3891 4015 3945 ὅτι

2443 3981 2538 4035 καὶ
2572 3980 2664 4034 τὸν
2685 3979 2877 4049 φθόνον
2917 3980 3028 4048 ἔχει
3061 3979 3255 4047 πικρὸν
3298 3977 3611 4050 ἐξεταστὴν,
3651 3980 3749 4049 οὐχ
3792 3981 3882 4035 ὅτι
3909 3999 4014 4035 πε-

2449 4070 2650 4144 ριφανῆ
2677 4071 2772 4122 καὶ
2803 4067 3102 4138 κατάδηλον
3131 4069 3232 4138 τῆς
3262 4067 3585 4141 καθάρσεως
3614 4084 3629 4100 ο
3665 4069 3743 4122 δεῖ
3762 4069 3824 4123 δὲ
3872 4072 4018 4142 μηδὶ

783 4156 893 4210 τῶν
915 4156 1124 4228 μικρῶν
1145 4157 1346 4228 μηδένα
1375 4158 1743 4224 σκανδαλίζειν
1772 4176 1788 4192 ο
1819 4160 2080 4233 οὐμενουν
2109 4166 2171 4219 οὐ
2199 4167 2496 4239 παρέχεται
2545 4159 2930 4234 παραπλησίαν
2986 4160 3154 4214 πᾶσιν
3203 4157 3394 4231 ὥσπερ
3441 4160 3509 4232 δὴ
3543 4161 3638 4215 τοῦ
3683 4161 4018 4233 ἐλαττώμα-

783 4263 876 4311 τος
897 4247 998 4319 τὴν
1017 4247 1331 4316 δπίγνωσιν.

1154 4357 1480 4427 oumsno
1518 4359 1640 4418 xxr
1681 4363 1780 4435 lal.
1810 4363 1954 4437 XX].

785 4452 1038 4520 Quanam
1061 4454 1115 4506 in
1136 4453 1525 4524 nostrissacris
1565 4452 1779 4508 Litteris
1805 4455 2041 4524 subjecta
2069 4458 2213 4514 notio
2265 4461 2334 4515 sit

853 4524 1102 4594 vocabulo
1125 4522 1403 4594 respondit
1429 4538 1450 4586 ;
1478 4532 1591 4575 tum
1636 4525 1735 4594 ipsi
1755 4522 2012 4590 uidelicet,
2046 4537 2157 4580 tum
2209 4529 2334 4586 aliis

851 4595 922 4648 ad
945 4593 1101 4664 hujus
1120 4591 1515 4647 similitudinem
1543 4591 1889 4664 conformatis
1918 4597 2261 4664 dictionibus,

2966 4357 3308 4413 ΕΡΩἸἨΣΙΣ
3337 4356 3447 4414 ΚΔ]
3460 4399 3476 4414 .

2437 4449 2570 4507 Ἐπί
2600 4450 2789 4520 ,τινος
2849 4448 3374 4520 παραλομσᾴνεται
3437 4451 3597 4518 παρὰ
3647 4449 3774 4517 τοῖς
3825 4453 4018 4520 ἱεροῖς

2500 4518 2691 4599 ἡμῶν.
2723 4520 2962 4599 tortore
3002 4518 3041 4585 ἡ
3089 4518 3205 4599 ,τοῦ
3264 4520 3555 4599 ειττεκιρίθη⁸
3585 4520 3752 4599 φωνή
3777 4537 3792 4551 ο
3852 4518 4017 4590 αὐτή

2497 4587 2563 4661 tjr
2595 4588 2697 4643 καί
2723 4587 2974 4661 cristam)
2997 4588 3223 4656 ταύτην
3253 4589 3324 4643 ἐκ
3351 4587 3460 4658 τῆς
3488 4587 3679 4656 αὐτῆς
3711 4587 4018 4661 ausuram-—

2502 4657 2713 4727 ζόμενα
2747 4657 3008 4724 “huc;

1853 4767 1994 4817 Edita
2019 4781 2049 4818 a
2071 4767 2215 4830 Maio,
2241 4770 2367 4822 Nov.
2392 4769 2607 4832 ϐοηθοίη
2633 4776 2668 4821 ι.
2693 4769 2735 4830 Ι,
2766 4783 2817 4833 p.
2851 4767 2931 4820 59.

847 4881 1045 4937 LCum
1072 4879 1241 4934 multa
1260 4877 1370 4934 sint
1395 4875 1711 4947 multiplicis
1734 4876 2148 4948 signiﬁcationis
2173 4893 2336 4935 voca-

776 4975 926 5039 bula,
955 4973 1029 5028 ita
1064 4981 1124 5028 ut
1151 4987 1258 5026 non
1289 4969 1445 5041 pauci
1467 4981 1716 5028 auctores
1743 4971 1933 5041 integri
1963 4972 2141 5040 operis
2175 4986 2338 5041 argu-

777 5078 1018 5124 mentum
1048 5067 1114 5121 de
1146 5067 1232 5122 bis
1254 5065 1640 5122 elaborandum
1685 5063 2062 5129 susceperint;
2121 5063 2197 5117 nil
2231 5063 2335 5118 mi-

777 5177 897 5218 rum
953 5159 1324 5225 erit,,nedum
1383 5156 1566 5225 aliqua
1635 5156 2004 5212 controversia
2078 5156 2328 5225 dignum,

775 5251 824 5309 si
848 5267 968 5321 quae
1007 5249 1273 5318 ejusmodi
1323 5263 1484 5303 voces
1521 5247 1580 5303 in
1621 5249 1824 5303 nostris
1874 5261 2092 5317 quoque
2146 5247 2322 5301 sacris

775 5343 997 5408 Litteris
1033 5341 1430 5396 contineantur.
1463 5336 1596 5393 Nam
1619 5347 1673 5392 et
1700 5339 1841 5408 apud
1881 5353 1996 5403 eos,
2031 5340 2125 5408 qui
2158 5337 2328 5392 Attica

773 5436 958 5505 lingua
1019 5434 1258 5488 studiose
1318 5439 1566 5498 utuntur,
1620 5443 1728 5484 non
1794 5430 1968 5486 solum
2033 5437 2332 5484 occurrunt

772 5526 1042 5582 dictiones
1068 5525 1271 5594 aliquot
1296 5524 1410 5579 sive
1446 5525 1502 5578 in
1529 5521 1815 5592 epidictico
1841 5522 1955 5576 sive
1975 5521 2031 5575 in
2064 5521 2331 5576 historico

774 5616 989 5674 dicendi
1015 5632 1209 5688 genere
1239 5632 1360 5687 quae
1389 5615 1741 5672 multifariam
1781 5615 2195 5686 signiﬁcantiam
2232 5617 2332 5670 ha-

776 5709 922 5771 bent,
945 5723 1128 5763 verum
1155 5707 1320 5763 etiam
1349 5722 1470 5777 quae
1499 5707 1553 5762 in
1585 5707 1893 5762 contrarios
1923 5722 2119 5762 sensus
2165 5722 2332 5761 unum

775 5798 1028 5870 idemque
1064 5799 1386 5858 vocabulum
1426 5799 1843 5872 dispertiuntur.
1873 5797 2116 5870 Exempli
2150 5798 2318 5871 gratia

2511 4887 2582 4936 α’.
2627 4879 2846 4933 Πολλῶν
2882 4877 3050 4932 δντων
3090 4877 3286 4946 φωνῶν
3334 4875 3686 4948 πολυσήμων,
3722 4877 3866 4931 ὥστε
3912 4882 4018 4933 καὶ

2442 4968 2825 5043 πραγματείαν
2872 4967 3163 5038 ὀλόκληρον
3198 4967 3300 5020 οὐκ
3346 4966 3548 5034 ὀλίγοις
3592 4966 3837 5020 ἐπελθεῖν
3871 4970 4018 5039 περὶ

2439 5059 2618 5115 αὐτῶν
2646 5057 3031 5129 ἐξεργάσαθαι,
3063 5056 3216 5110 οὐδὲν
3249 5053 3473 5116 ἀπεικὸς
3500 5054 3566 5108 ἂν
3590 5054 3676 5124 εῐη
3719 5053 3841 5107 οὐδὲ
3874 5071 4017 5110 τινα

2439 5153 2675 5224 παρέχον
2699 5149 2948 5222 άπωρίαν
2968 5145 3222 5210 τοιαύτας
3244 5145 3425 5215 φωνάς
3448 5144 3642 5215 όρᾶθαι
3663 5145 3765 5199 κάν
3791 5147 3911 5210 τοῖς
3934 5147 4019 5200 le-

2439 5247 2554 5315 ροῖς
2578 5242 2734 5313 ἡμῶν
2760 5240 2990 5302 ἐνούσας
3009 5238 3231 5305 λογίοις·
3254 5238 3347 5291 καὶ
3371 5236 3480 5305 γὰρ
3496 5236 3623 5307 παρ’
3639 5229 3722 5300 οἷς
3745 5237 3778 5305 ἡ
3800 5235 4016 5311 ἀττικὴ

2432 5331 2786 5394 σπουδάζεται
2812 5329 3054 5398 γλῶσσα,
3105 5328 3168 5381 οὐ
3213 5326 3374 5397 μόνον
3409 5325 3555 5380 ἐστιν
3599 5326 3781 5397 εὑρεῖν
3810 5331 4016 5396 φωνὰς

2434 5426 2575 5480 κατὰ
2615 5425 2742 5486 τοὺς
2773 5419 3167 5483 ἐπιδεικτικούς
3206 5435 3267 5472 τε
3299 5419 3391 5480 καὶ
3430 5417 3734 5489 ἱστορικοὺς
3765 5418 3881 5470 τῶν
3913 5418 4017 5473 λό-

2433 5535 2548 5586 γων
2575 5517 2636 5570 τὸ
2668 5514 2982 5585 πολύσημον
3007 5511 3428 5582 ἂμποιουμένας,
3455 5509 3592 5564 ἀλλὰ
3616 5509 3711 5564 καὶ
3738 5509 3882 5581 πρὸς
3895 5511 4017 5565 τάν-

2433 5609 2745 5680 τικειμένας
2779 5604 3023 5669 διανοίας
3069 5603 3167 5675 τὴν
3209 5603 3376 5674 αὐτὴν
3405 5602 3589 5674 φωνὴν
3624 5601 4016 5674 ἀποσχιζομέ-

2437 5720 2563 5759 νων.
2591 5701 2798 5757 Αὐτίκα
2816 5700 3042 5754 Πλάτων
3065 5697 3164 5768 μὶν
3191 5696 3382 5773 ἄλοχον
3401 5697 3500 5767 τὴν
3533 5694 3800 5766 παρθένον
3821 5695 4013 5762 λέγει,

2440 5794 2534 5849 καὶ
2560 5794 2703 5848 δοκεῖ
2736 5810 2788 5847 τι
2814 5793 2976 5865 σοφὸν
3003 5790 3201 5858 λίγειν,
3235 5783 3385 5843 ούτάυ
3428 5785 3536 5860 γὰρ
3575 5784 3749 5855 ἐπέϐη
3779 5784 4010 5857 λέχους-
