4202 6442
209 440 308 509 149

1171 438 1262 498 AD
1300 431 1891 496 AMPHILOCHIUM
1943 430 2291 501 OUESTIO
2332 429 2488 493 XXI.

3352 420 3451 485 150

203 560 332 614 ἀλλ’
352 561 383 614 ό
407 558 571 624 αὐτός
597 576 659 613 τε
683 559 845 614 πάλιν
875 571 974 611 και
1008 552 1197 607 πολλοὶ
1222 551 1373 627 ἄλλοι
1396 551 1498 621 τὴν
1518 553 1576 605 ὲν
1602 548 1781 617 λόγοις

1884 545 2037 602 Plato
2064 546 2258 618 ἄλοχον
2287 544 2520 616 appellat
2547 541 2832 615 virginem,
2856 539 3176 610 videturque
3226 536 3447 605 sapien-

201 653 470 723 δευτέραν
520 653 620 707 οὐκ
670 651 887 722 ἔχοντες
926 645 1103 711 τάξιν,
1154 644 1255 717 τὴν
1291 642 1583 698 συνιοῦσαν
1622 641 1779 709 ἀνδρὶ

199 743 341 815 πρὸς
366 744 527 814 λέχος
566 744 891 814 σημαίνουσι
919 739 996 811 τῷ
1022 737 1272 809 ὀνόματι.
1312 735 1481 790 Πάλιν
1518 734 1780 803 σοφιστὴν

206 836 358 887 ἐστιν
411 834 633 888 ἀκούειν
683 835 776 887 τὸν
819 834 918 895 τὰς
940 830 1167 899 λογικὰς
1198 828 1395 898 τέχνας
1433 826 1775 881 διδάσκονται

200 926 458 996 δεύτερον
484 927 541 980 δὶ
572 920 618 995 ᾧ
644 926 705 979 τδ
729 924 980 979 λεκτικὸν
1006 919 1145 986 εἶδος
1169 922 1500 991 ἐπήσκηται·
1532 917 1628 972 καὶ
1650 916 1775 987 τρί-

200 1034 298 1071 τον
337 1018 400 1081 ὃς
429 1035 517 1081 τις
544 1018 646 1088 τὴν
675 1019 735 1071 ὲν
763 1019 879 1081 τοῖς
906 1015 1087 1085 λόγοις
1131 1010 1440 1082 γυμνασίαν
1486 1009 1596 1063 τῶν
1643 1008 1781 1079 πλη-

205 1111 510 1173 σιαζόντων
547 1110 686 1180 πρὸς
728 1110 827 1181 τὴν
859 1107 1275 1179 ἐπηρεάζουσαν
1306 1105 1421 1175 εριν
1453 1102 1779 1173 διίφθειρεν.

219 1202 390 1256 Ἀλλὰ
421 1204 530 1275 γὰρ
563 1204 659 1257 καὶ
703 1203 765 1257 τὸ
808 1200 1066 1272 σταθερὸν
1093 1199 1153 1252 οὐ
1191 1197 1252 1251 τὸ
1281 1197 1545 1265 στάσιμον
1598 1193 1779 1264 μόνον,

203 1292 349 1348 ἀλλὰ
384 1295 479 1348 καὶ
505 1294 566 1348 τδ
610 1293 863 1365 ἰσχυρὸν,
911 1292 1008 1346 καὶ
1035 1289 1259 1361 θερμὸν.
1304 1287 1402 1342 καὶ
1444 1285 1538 1351 ὀξὺ
1582 1286 1783 1355 σημαῖ-

203 1402 297 1437 νον
329 1385 667 1457 εὑρίσκεται.
707 1384 817 1438 Καὶ
848 1383 912 1454 δὴ
943 1381 1037 1437 καὶ
1072 1381 1133 1434 τὸ
1162 1378 1389 1449 φαῦλον,
1431 1377 1494 1431 οὐ
1523 1376 1584 1430 τδ
1614 1376 1783 1429 κακὸν

210 1477 399 1549 μόνον,
428 1477 547 1531 οὐδὲ
580 1477 641 1531 τὸ
672 1475 966 1547 μοχθηρὸν,
998 1473 1119 1527 οὐδὲ
1146 1473 1207 1526 τὸ
1237 1470 1502 1542 ἀπρεπές·
1529 1468 1664 1521 ἀλλὰ
1688 1470 1805 1521 καὶ¹

205 1570 269 1622 τδ
304 1571 473 1640 μέγα,
501 1570 593 1623 καὶ
626 1570 686 1623 τὺ
721 1569 934 1641 μικρόν·
966 1565 1227 1629 ὡσαύτως
1265 1567 1321 1620 δὲ
1350 1566 1443 1619 καὶ
1472 1564 1531 1618 τὸ
1572 1564 1779 1637 ῥᾴδιον,

207 1661 302 1713 καὶ
331 1661 396 1714 τὺ
436 1659 645 1715 ἁπλοῦν
688 1661 785 1714 καὶ
832 1657 1126 1729 ἀπόνηρον,
1151 1656 1247 1711 καὶ
1276 1655 1338 1709 τὸ
1372 1654 1556 1723 τυχὸν,
1598 1653 1691 1707 καὶ
1722 1651 1784 1704 τὸ

206 1752 399 1816 ἅπλῶς
432 1752 769 1823 περιείληφε.
807 1750 915 1804 Ναὶ
951 1749 1015 1819 δὴ
1049 1748 1146 1803 καὶ
1190 1748 1252 1801 τὸ
1292 1745 1657 1801 πυνθάνεσθαι
1695 1746 1781 1799 δο-

205 1842 340 1897 κοῦν
373 1842 509 1914 πρὸς
540 1842 598 1895 ἓν
628 1842 942 1914 ἀναφέρειν,
974 1841 1248 1909 διαφόρων
1278 1840 1426 1892 ἐστὶν
1452 1836 1779 1904 άποφυάδων

1889 650 1970 694 ter
2022 640 2190 709 loqui,
2219 638 2344 708 quin
2386 637 2534 692 vocis
2585 634 2910 707 etymologia
2962 632 3221 686 feminam
3264 630 3446 685 innuit

1886 730 1991 785 tori
2013 731 2192 786 adhuc
2218 740 2518 800 expertem.
2548 728 2656 783 Sed
2681 735 2860 781 tamen
2885 725 3025 781 idem
3048 724 3223 789 Plato,
3252 722 3458 791 aliique

1884 822 2068 891 plures
2095 837 2202 876 non
2237 822 2513 878 inferioris
2541 820 2785 877 subsellii
2832 829 3107 879 auctores.
3161 831 3278 871 eam
3332 830 3457 885 qua:

1884 913 2004 965 viro
2045 912 2307 968 societate
2359 910 2584 966 thalami
2618 910 2910 977 conjuncta
2934 913 3017 962 est
3056 907 3160 961 hoc
3191 904 3458 960 vocabulo

1885 1003 2189 1074 iudigitant.
2236 1002 2365 1059 Item
2415 1003 2671 1073 σοφιστὴν
2723 1000 2958 1056 dicimus
3011 1009 3127 1054 tum
3178 1012 3302 1052 eum
3359 996 3456 1065 qui

1886 1093 2089 1161 logicas
2145 1093 2456 1163 disciplinas
2506 1092 2689 1155 tradit.
2722 1101 2841 1147 tum
2890 1091 3056 1147 etiam
3105 1089 3200 1160 qui
3240 1088 3457 1144 dicendi

1888 1192 2057 1240 artem
2083 1186 2384 1253 proﬁtetur,
2411 1185 2573 1241 tertio
2592 1185 2828 1252 denique
2851 1182 3004 1237 illum
3040 1182 3135 1253 qui
3170 1179 3460 1236 scholasti-

1886 1292 2011 1332 cum
2060 1277 2371 1333 auditorum
2418 1292 2646 1333 suorum
2690 1277 3014 1332 exercitium
3071 1273 3140 1330 ad
3210 1272 3456 1327 fallacem

1887 1370 2285 1424 contentionem
2306 1369 2496 1425 vitiose
2523 1369 2809 1425 traducere
2833 1370 2993 1423 solet.
3030 1364 3299 1420 Praeterea
3330 1379 3461 1416 στα-

1888 1466 2064 1537 θερδν,
2094 1480 2203 1520 non
2239 1464 2414 1521 solum
2440 1465 2651 1527 stabile,
2695 1478 2883 1519 verum
2911 1462 3075 1516 etiam
3119 1460 3353 1513 validum
3404 1466 3460 1509 et

1889 1553 2175 1616 fervidum,
2204 1562 2258 1607 et
2278 1567 2402 1608 acre
2416 1552 2725 1623 signiﬁcare
2740 1551 3132 1620 comperimus.
3150 1546 3287 1603 Tum
3319 1544 3460 1615 φαῦ-

1886 1644 1976 1699 λον
2004 1661 2112 1700 non
2141 1659 2365 1714 pravum
2388 1643 2764 1699 tantummodo
2788 1654 2842 1697 et
2892 1641 3203 1712 improbum
3258 1648 3313 1693 et
3369 1637 3457 1692 in-

1842 1761 1846 1765 -
1886 1737 2167 1800 decorum,
2225 1736 2320 1790 sed
2352 1737 2514 1791 etiam
2582 1747 2865 1804 magnum,
2910 1733 3022 1787 imo
3070 1737 3124 1785 et
3185 1742 3454 1798 parvum;

1888 1829 2127 1898 itemque
2148 1827 2307 1883 facile
2332 1836 2387 1882 et
2416 1827 2645 1897 simplex
2688 1835 2742 1881 et
2774 1824 3057 1879 innoxium
3083 1832 3138 1877 et
3178 1820 3456 1877 fortuitum

207 1932 361 2003 ῥίζα·
390 1908 758 2004 προϐάλλεται
773 1908 884 2005 γάρ
914 1936 1037 1986 τότε
1072 1908 1389 1999 μανθάνειν,
1430 1930 1522 1981 καὶ
1546 1928 1607 1980 τδ
1635 1929 1780 1981 ίστο-

1884 1919 2167 1990 quodlibet
2200 1928 2256 1973 et
2283 1918 2635 1987 incogitatum
2681 1916 2923 1970 denotat.
2958 1912 3024 1968 Et
3071 1910 3291 1982 quidem
3332 1924 3458 1965 ver-

209 2027 353 2096 ρεῖν,
392 2027 486 2079 καὶ
517 2027 746 2097 ερωτᾷν,
782 2024 879 2079 καὶ
910 2024 1117 2079 τοιαῦθ’
1143 2024 1324 2094 ἕτερα.
1377 2021 1436 2074 '0
1468 2020 1526 2074 δὲ
1554 2019 1783 2084 πελανὸς

207 2120 243 2187 ἡ
270 2115 417 2181 λέξις
438 2117 635 2187 πίμμα
660 2134 719 2171 τε
747 2116 807 2182 ἐξ
827 2115 1061 2188 ἀλεύρου
1096 2114 1307 2175 θυσίαις
1342 2111 1656 2183 ἐπιτήδειον
1682 2110 1782 2183 δη·-

206 2208 314 2261 ).01-
328 2208 481 2280 δηλοῖ
494 2209 551 2263 δὲ
568 2208 659 2263 καὶ
679 2208 770 2262 τὸν
792 2209 919 2279 περὶ
938 2208 1016 2279 τῷ
1038 2207 1265 2277 στόματι
1281 2204 1565 2274 πεπηγότα
1588 2202 1777 2274 ἀφρόν⁸

206 2300 348 2353 ἀλλὰ
376 2301 474 2353 καὶ
500 2301 560 2354 τὸ
588 2299 794 2364 όπῶδες
824 2300 1057 2371 δάκρυον
1083 2297 1331 2370 πεπηγός
1365 2314 1422 2350 τε
1460 2295 1555 2349 καὶ
1578 2295 1780 2367 ἐξηρα-

214 2391 403 2462 μένον,
432 2389 544 2446 οἷον
584 2392 781 2463 κόμμι,
826 2394 919 2447 καὶ
949 2392 1018 2445 τά
1045 2393 1205 2462 ὅμοια
1230 2407 1245 2421 ο
1289 2390 1384 2444 καὶ
1406 2390 1666 2461 τέταρτον
1689 2388 1781 2442 τὸν

206 2482 399 2537 όδολδν
427 2485 550 2538 ὅσον
574 2485 684 2547 τοῖς
712 2483 966 2554 μάντεσιν
992 2482 1149 2537 εἴωθε
1171 2481 1410 2535 δίδοσθαι
1435 2480 1643 2551 μισθός.
1671 2479 1779 2533 Καὶ

208 2574 272 2627 τδ
300 2575 470 2643 ὁμόσε
512 2574 570 2628 δὲ
619 2575 680 2627 τὺ
725 2574 1007 2645 επίρῤημα
1032 2573 1185 2643 δηλοῖ
1216 2572 1314 2643 μὲν
1348 2571 1410 2625 τὸ
1444 2570 1776 2638 ἐξεναντίαςο

209 2667 244 2735 ἡ
275 2666 335 2720 δὲ
359 2666 469 2719 τῶν
497 2666 738 2736 ἀρχαίων
771 2668 964 2735 χρῆσις
990 2663 1354 2718 ἐπιδείκνυσιν
1384 2661 1516 2715 αὐτὸ
1544 2659 1636 2713 καὶ
1659 2659 1782 2713 ἀντὶ

208 2757 306 2810 τοῦ
342 2759 547 2827 σχεδδν,
587 2759 683 2811 καὶ
709 2759 830 2811 ἀντὶ
858 2756 953 2810 τοῦ
995 2755 1160 2823 ἐγγὺς
1197 2751 1779 2824 παραλαμϐανόμενον.

208 2849 287 2902 οὗ
330 2849 439 2918 μὴν
462 2848 597 2902 ἀλλὰ
631 2849 806 2901 καὶτὸ
837 2848 931 2901 νῦν
962 2848 1048 2916 δὴ,
1081 2849 1141 2901 οὐ
1180 2845 1240 2899 τὸ
1265 2848 1437 2917 παρὸν
1466 2844 1565 2916 ἠδη
1601 2844 1777 2913 μόνον,

206 2934 348 2989 ἀλλά
378 2937 472 2989 καὶ
496 2937 558 2989 τὸ
588 2937 784 3007 μικρὸν
814 2936 1119 3007 ἔμπροσθεν
1148 2937 1368 3005 γεγονὸς
1396 2934 1779 2989 ὑποσάλλεται.

219 3025 363 3097 Ἰἰδη
404 3026 464 3079 δὲ
516 3027 612 3080 καὶ
655 3027 717 3080 τδ
760 3027 969 3097 κομψὸν
1007 3027 1119 3095 (53)
1164 3028 1245 3089 είς
1290 3025 1460 3079 πολλὰ
1500 3025 1782 3097 μερίζεται

210 3116 610 3187 σημαινόμεναο
643 3117 705 3170 τό
738 3134 797 3170 τε
822 3120 928 3188 γὰρ
954 3119 1278 3188 περίτρανον
1307 3118 1401 3171 καὶ
1429 3116 1490 3169 τδ
1513 3118 1778 3187 τεχνικόν.

208 3209 285 3262 Τὸ
316 3209 376 3263 δὲ
406 3210 839 3281 πολυθρύλλητον
866 3206 903 3281 ἦ
930 3211 976 3263 δ’
1003 3210 1080 3273 ὃς,
1114 3210 1207 3265 καὶ
1238 3205 1307 3280 ἦν
1334 3210 1392 3263 δ’
1429 3208 1562 3278 ἐγὼ,
1608 3211 1642 3281 ἡ
1685 3210 1779 3263 τοῦ

207 3301 500 3364 Πλάτωνος
536 3304 839 3373 φιλοτιμία’
870 3301 1004 3357 am
1039 3304 1147 3374 γάρ
1175 3298 1296 3373 τδῆ
1325 3301 1370 3355 δ’
1401 3301 1482 3367 ὃς,
1527 3302 1780 3372 σημαίνει

210 3394 313 3463 μὲν
363 3394 442 3456 ὡς
470 3395 670 3449 ἐπίπαν
701 3395 762 3447 τὸ
794 3395 899 3465 ἔφη
932 3395 987 3448 δὲ
1014 3391 1167 3459 οὗτος
1191 3412 1205 3426 ο
1254 3392 1392 3448 ἀλλὰ
1442 3396 1535 3448 καὶ
1574 3396 1633 3448 τὸ
1678 3394 1779 3464 ἔφη

212 3484 377 3552 μόνον
400 3524 415 3545 ,
444 3484 537 3537 τοῦ
572 3485 868 3555 συνδέσμου
898 3487 994 3540 καὶ
1026 3486 1120 3540 τοῦ
1154 3485 1358 3558 ἄρθρου
1411 3485 1781 3557 παρέλκοντος

209 3576 449 3630 ἐνταῦθα
474 3576 656 3648 χώραν
689 3579 942 3648 ἐχόντων’
996 3578 1031 3648 ἢ
1085 3579 1219 3648 μηδὲ
1274 3578 1603 3649 συνδεσμδν,
1649 3580 1783 3651 μηδὲ

207 3668 414 3738 ἄρθρον
446 3667 915 3737 ὑπεμφαινόντων,
948 3670 1084 3722 ἀλλά
1110 3670 1209 3739 τῆς
1236 3669 1362 3738 ὅλης
1390 3669 1575 3739 φωνῆς
1600 3672 1781 3740 μερῶν

209 3758 594 3827 ὑπαρχόντων,
649 3759 810 3829 ἡνίκα
852 3760 985 3830 μηδὲ
1029 3759 1184 3826 γένος
1252 3760 1376 3830 μηδ’
1430 3760 1660 3830 ἀριθμὸν
1692 3760 1784 3813 δύ-

217 3848 360 3901 ναιτ’
397 3849 464 3900 ἂν
494 3850 892 3920 παρεμφαίνειν
921 3853 954 3923 ἡ
982 3850 1146 3917 λέξις
1178 3850 1235 3917 ὲξ
1266 3844 1328 3905 οὗ
1356 3852 1449 3905 καὶ
1482 3850 1783 3922 καθορᾶται

204 3943 270 3994 τὸ
307 3936 345 4011 ἦ
375 3940 421 3993 δ’
449 3940 508 4004 δς
542 3942 601 3994 οὐ
644 3943 806 4012 μόνον
849 3944 942 3996 επὶ
985 3944 1078 3997 τοῦ
1129 3943 1321 4015 θήλεος
1360 3942 1780 4015 μεθελκόμενον,

205 4025 324 4085 οἷον
350 4032 457 4102 ἔφη
485 4032 646 4103 αὕτη,
690 4033 825 4087 ἀλλὰ
862 4036 955 4087 καὶ
995 4035 1132 4105 πρὸς
1168 4034 1371 4105 πλῆθος
1405 4036 1512 4089 ἀπὸ
1541 4038 1639 4105 τῆς
1670 4037 1782 4089 ἑνι-

206 4124 314 4193 κῆς
341 4123 525 4193 φωνῆς
545 4123 1026 4195 περιτρεπόμενον·
1056 4125 1309 4196 σημαίνει
1328 4126 1435 4197 γάρ
1455 4125 1551 4179 καὶ
1574 4128 1635 4179 τὸ
1654 4126 1785 4196 ἔφα-

206 4230 335 4268 σαν·
385 4218 435 4269 εί
479 4216 537 4268 δὲ
574 4218 667 4270 καὶ
709 4217 770 4270 τὸ
815 4210 860 4270 ὦ
905 4218 1054 4286 φίλος
1100 4218 1269 4288 δηλοῖ,
1316 4217 1469 4272 οὔπω
1513 4219 1775 4289 παρέχειν

204 4304 358 4355 ἐστὶν
376 4302 713 4368 ἀξιοπιστίαν
729 4306 1083 4376 Κριτόϐουλος
1099 4306 1253 4377 (35⁸)·
1274 4306 1411 4360 άλλά
1430 4306 1665 4362 τοσαῦτα
1686 4308 1783 4378 μὲν

204 4396 351 4459 τέως
382 4397 683 4478 παραδηλοῖ
712 4398 775 4452 τὸ
798 4393 835 4470 ἦ
864 4398 908 4451 δ’
933 4400 1010 4462 ὃς.
1058 4399 1132 4451 Τὸ
1175 4398 1233 4452 δὲ
1264 4395 1333 4471 ἦν
1364 4398 1409 4452 δ’
1439 4399 1574 4468 ἐγὼ,
1604 4400 1782 4455 καίτοι

202 4504 271 4554 γε
316 4488 409 4541 τὸν
446 4490 629 4558 ὅμοιον
666 4490 1048 4561 σχηματισμὸν
1074 4490 1217 4561 ἔχον,
1251 4491 1331 4555 είς
1377 4490 1500 4562 τρία
1530 4490 1782 4561 τέμνεται

1881 2012 2011 2065 bum
2038 2024 2254 2081 quoque
2288 2008 2680 2073 πυνθάνεσθαι,
2720 2005 2865 2078 quod
2893 2019 3062 2059 unum
3092 2016 3312 2057 sensum
3329 2015 3458 2071 spe-

1880 2110 2029 2159 ctare
2078 2102 2310 2167 videtur,
2355 2102 2721 2171 complurium
2768 2098 3074 2169 germinum
3143 2094 3299 2149 radix
3346 2102 3453 2149 est.

1882 2193 2223 2265 Quandoque
2245 2195 2388 2249 enim
2412 2193 2671 2262 exprimit
2703 2191 2937 2253 discere,
2966 2197 3019 2244 et
3063 2187 3371 2256 explorare,
3398 2194 3457 2241 et

1881 2286 2171 2352 sciscitari,
2221 2298 2276 2340 et
2312 2285 2413 2339 alia
2468 2282 2760 2355 ejusmodi.
2830 2280 2950 2336 Jam
3008 2280 3174 2336 dictio
3221 2278 3455 2341 πελανὸς

1880 2379 2020 2432 ναίει
2046 2379 2344 2446 placentam
2368 2391 2432 2431 ex
2480 2374 2655 2429 farina
2706 2371 2991 2429 sacriﬁciis
3032 2372 3319 2428 idoneam:
3354 2370 3453 2426 sed

1882 2477 2059 2522 tamen
2094 2468 2234 2521 valet
2268 2468 2433 2521 etiam
2474 2480 2726 2537 spumam
2754 2466 2900 2521 circa
2940 2480 3003 2520 os
3034 2466 3399 2520 adhaerentem
3431 2480 3446 2518 :

1881 2576 1981 2614 nec
2020 2575 2127 2613 DOII
2156 2574 2395 2615 crassam
2432 2559 2727 2629 lacrymam
2760 2564 3077 2612 concretam
3119 2564 3277 2626 atque
3325 2571 3454 2611 are-

1882 2651 2076 2706 factam
2126 2664 2225 2705 ceu
2288 2650 2515 2719 gummi,
2563 2656 2619 2705 et
2685 2648 2933 2704 similia:
2975 2658 3171 2717 quarto
3223 2647 3457 2716 denique

1880 2746 2125 2811 nbolum,
2176 2744 2269 2815 qui
2299 2744 2525 2799 hariolis
2585 2743 2852 2799 mercedis
2880 2757 3012 2811 ergo
3038 2741 3242 2812 porrigi
3292 2742 3453 2798 solet.

1880 2836 2050 2890 Porro
2119 2836 2282 2905 ὁμόσε
2355 2834 2670 2891 adverbium
2733 2834 3007 2906 signiﬁcat
3069 2850 3136 2889 ex
3204 2837 3454 2897 adverso,

1880 2942 2191 2998 quanquam
2247 2927 2300 2981 in
2348 2943 2450 2982 usu
2503 2936 2744 2982 veterum
2795 2936 3091 2997 usurpatur
3140 2928 3301 2982 etiam
3356 2940 3458 2995 pro

1880 3018 2035 3089 quasi
2075 3029 2127 3071 et
2150 3031 2336 3087 prope.
2380 3016 2521 3083 Quin
2568 3016 2735 3072 etiam
2764 3016 2860 3070 νῦν
2903 3031 3011 3071 non
3061 3031 3160 3085 pro
3194 3030 3339 3070 nunc
3361 3031 3455 3071 su-

1883 3112 1993 3167 lum
2029 3111 2122 3167 sed
2165 3112 2329 3164 etiam
2364 3123 2461 3178 pro
2487 3124 2662 3179 nuper
2707 3108 2851 3165 facto
2876 3109 3115 3178 ponitur.
3167 3106 3285 3162 Jam
3323 3122 3455 3161 vero

1882 3208 1937 3257 et
1964 3200 2170 3270 κομψδν
2202 3201 2255 3253 in
2285 3199 2485 3254 multas
2516 3197 2773 3254 tribuitur
2795 3197 3225 3269 signiﬁcationes
3258 3215 3272 3264 ;
3327 3213 3455 3251 nam

1884 3303 1937 3348 et
1960 3292 2302 3363 perspicuum
2325 3292 2547 3346 denotat
2592 3300 2647 3346 et
2679 3290 2959 3363 garrulum
2994 3301 3049 3345 et
3092 3300 3373 3345 versutum
3401 3301 3458 3346 et

1883 3396 2066 3455 aptum
2103 3385 2168 3438 ad
2200 3382 2661 3455 persuadendum,
2689 3393 2744 3440 et
2785 3384 3023 3453 denique
3075 3384 3455 3439 artiﬁciosum.

1880 3478 2019 3546 Quid
2049 3493 2178 3532 vero
2217 3478 2348 3533 illud
2378 3476 2618 3533 solemne
2645 3472 2748 3546 ἧδ’
2776 3475 2858 3540 ὃς,
2904 3484 2959 3530 et
2986 3470 3058 3546 ἦν
3080 3474 3124 3527 δ’
3180 3474 3311 3542 ἐγώ,
3360 3476 3456 3549 qui

1883 3566 2126 3621 Platonis
2148 3576 2373 3620 ornatus
2400 3574 2483 3621 cst
2508 3564 2531 3618 τ
2559 3559 2597 3636 ἦ
2638 3565 2688 3619 δ’
2716 3564 2798 3629 ὅς,
2834 3565 3055 3634 quidem
3105 3578 3198 3633 per
3233 3579 3293 3618 se
3336 3578 3458 3617 om-

1885 3660 2013 3713 nino
2034 3658 2322 3729 signiﬁcat,
2342 3657 2479 3713 dixit
2499 3657 2588 3712 bic
2606 3676 2619 3711 :
2640 3658 2734 3713 sed
2753 3658 2919 3714 etiam
2941 3656 3080 3712 dixit
3102 3658 3455 3727 simpliciter;

1885 3754 1959 3807 ita
1982 3760 2041 3807 ut
2068 3750 2377 3821 copulativa
2405 3750 2670 3821 particula
2702 3760 2756 3807 et
2785 3752 3051 3807 articulus
3069 3751 3325 3806 relativus
3353 3751 3458 3806 hoc

1884 3843 2004 3897 loco
2036 3842 2243 3899 frustra
2291 3842 2442 3897 sint:
2496 3842 2608 3899 imo
2647 3858 2779 3900 vero
2830 3858 3009 3914 neque
3052 3843 3455 3913 conjunctionis

1883 3951 2056 4007 neque
2078 3928 2293 3991 articuli
2326 3935 2441 3992 vice
2483 3934 2797 4007 fungantur,
2836 3938 2928 3991 sed
2964 3936 3159 4007 integri
3203 3936 3451 3991 vocabuli

1884 4037 2063 4098 partes
2092 4027 2239 4084 sint:
2281 4029 2717 4099 quotiescunque
2763 4028 2884 4083 haec
2927 4028 3097 4084 dictio
3142 4043 3321 4096 neque
3362 4043 3456 4099 ge-

1884 4112 2031 4174 neris
2062 4134 2236 4189 neque
2264 4120 2477 4175 numeri
2502 4120 2772 4175 rationem
2827 4121 3011 4176 habet.
3061 4120 3241 4187 Quare
3267 4120 3454 4176 videre

1886 4213 2008 4268 licet
2040 4208 2077 4285 ἦ
2105 4212 2150 4266 δ’
2181 4213 2240 4276 δς
2270 4229 2377 4268 non
2408 4213 2585 4269 solum
2618 4212 2854 4268 femineo
2883 4228 3079 4283 genere
3118 4214 3445 4276 adhibitum.

1883 4304 1954 4359 ita
1990 4312 2047 4358 ut
2079 4297 2234 4359 sonet
2265 4305 2402 4359 dixit
2449 4305 2585 4376 ipsa,
2636 4321 2823 4360 verum
2864 4306 3030 4360 etiam
3082 4306 3150 4360 ad
3204 4306 3453 4360 multitu-

1883 4394 2067 4451 dinem
2114 4396 2461 4451 indicandam
2495 4396 2597 4451 hoc
2646 4395 2940 4467 singularis
2971 4396 3184 4450 numeri
3214 4397 3455 4450 vocabu-

1884 4489 1997 4546 lum
2026 4488 2319 4559 aliquando
2373 4504 2737 4545 conversum:
2775 4504 2897 4543 nam
2932 4489 3191 4543 dixerunt
3234 4503 3455 4556 quoque

200 4574 403 4639 ταῦτα,
458 4575 539 4639 είς
582 4593 641 4629 τε
678 4577 739 4631 τὸ
782 4578 920 4648 εφην
968 4580 1013 4633 δ’
1064 4578 1196 4647 ἐγὼ,
1247 4579 1343 4633 καὶ
1371 4580 1449 4643 είς
1486 4579 1545 4632 τὸ
1596 4581 1779 4646 ἁπλῶς

1883 4582 2169 4653 signiﬁcat.
2207 4579 2378 4637 Porro
2401 4592 2582 4635 utrum
2611 4582 2827 4636 dicatur
2862 4580 3027 4635 etiam
3065 4594 3163 4651 pro
3192 4595 3224 4634 ο
3270 4580 3452 4642 sodes,

204 4668 372 4735 ἔφην,
404 4668 542 4737 ὅπερ
571 4667 767 4739 ὁμοίως
795 4668 888 4722 ἐπί
913 4686 973 4724 τε
1006 4670 1251 4741 ἀρρένων
1287 4670 1777 4742 παραλαμϐάνουσι

202 4760 305 4812 καὶ
333 4759 585 4829 θηλειῶν.
639 4761 748 4814 Καὶ
784 4760 845 4815 τὸ
886 4760 1139 4832 θράττειν
1175 4761 1253 4826 δὲ,
1302 4762 1557 4833 σημαίνει
1588 4764 1686 4835 μὲν
1718 4765 1780 4818 τὸ

201 4850 504 4919 ταράσσειν
534 4851 625 4903 καὶ
652 4850 713 4903 τὸ
744 4852 1001 4923 ἐνοχλεῖν*
1044 4852 1299 4923 σημαίνει
1331 4853 1389 4906 δὲ
1433 4854 1528 4909 καὶ
1554 4854 1614 4907 τὸ
1642 4854 1774 4908 νύσ-

202 4958 325 4992 σειν
347 4941 443 4993 καί⁵
467 4944 654 4993 κινεῖνο
679 4941 813 4996 ἁλλὰ
842 4941 937 4996 καὶ
963 4943 1025 4997 τὸ
1061 4943 1447 5010 δυσωπεῖσθαι,
1476 4944 1570 4999 καὶ
1590 4945 1652 4999 τδ
1674 4947 1779 5017 ὑφ-

204 5032 458 5102 ορᾶσθαι.
482 5032 587 5085 Καί
615 5050 677 5102 γε
711 5036 805 5087 καὶ
833 5034 895 5087 τὺ
920 5034 1201 5099 τευτάζειν
1230 5036 1484 5108 εὑρήσεις
1506 5038 1647 5092 κατὰ
1666 5038 1781 5092 δια-

200 5124 392 5193 φόρων
430 5123 803 5195 ὑποκειμένων
857 5129 1189 5197 φερόμενον,
1221 5129 1316 5181 καὶ
1362 5129 1469 5198 γὰρ
1519 5130 1637 5184 ἀντὶ
1686 5129 1781 5183 τοῦ

200 5215 690 5284 πραγματεύεσθαι
712 5217 1214 5289 παραλαμϐάνεται,
1230 5218 1322 5273 καὶ
1338 5219 1457 5273 ἀντὶ
1478 5219 1571 5273 τοῦ
1586 5238 1785 5275 σκευω-

200 5307 442 5377 ρεῖσθαι,
463 5310 852 5381 στρατεύεσθαί
880 5328 939 5366 τε
982 5314 1075 5366 καὶ
1104 5313 1422 5384 διατρίϐειν,
1445 5316 1540 5368 καὶ
1565 5315 1783 5387 φροντί-

197 5400 321 5463 ζειν
342 5400 515 5454 ενίοτε
539 5415 553 5430 ⁸
584 5403 927 5474 ἐπιστρεφῶς
954 5404 1011 5458 δὲ
1038 5407 1296 5476 πράττειν
1317 5423 1369 5458 τι
1392 5407 1486 5460 καὶ
1514 5408 1773 5477 ἐνεργεῖν*

197 5491 302 5544 καὶ
355 5490 465 5562 μὴν
503 5492 599 5546 καὶ
648 5493 988 5562 σπουδάζειν,
1025 5498 1119 5550 καὶ
1161 5496 1375 5550 δεῖπνον
1421 5498 1769 5567 παραθεῖναν

1878 4674 2119 4728 nondum
2153 4673 2287 4729 satis
2336 4673 2593 4728 credibile
2623 4670 2754 4727 fecit
2798 4672 3139 4727 Critobulus.
3170 4670 3443 4727 Hactenus

1876 4766 1944 4820 de
1982 4764 2477 4834 signiﬁcationibus
2529 4764 2791 4820 dictionis
2845 4758 3055 4835 ἧδ’δς.
3110 4761 3230 4818 Jaui
3280 4763 3451 4819 dictio

1873 4851 1942 4927 ἦν
1971 4856 2013 4909 δ’
2034 4855 2167 4924 εγὼ,
2195 4871 2316 4926 qua:
2347 4856 2463 4925 pari
2490 4853 2679 4911 formae
2711 4855 2926 4911 ratione
2979 4856 3177 4918 utitur.
3232 4854 3287 4909 in
3338 4866 3452 4910 tres

1877 4947 2127 5004 notiones
2162 4948 2445 5016 tribuitur;
2481 4963 2677 5019 nempe
2714 4948 2829 5003 dixl
2858 4962 2990 5019 ego;
3039 4957 3093 5003 et
3136 4946 3454 5015 simpliciter

1876 5041 2023 5108 dixi;
2072 5041 2214 5112 quod
2259 5057 2450 5097 rursus
2474 5049 2581 5096 tam
2632 5040 2953 5097 masculinis
2993 5054 3160 5111 quam
3195 5039 3453 5095 lemineis

1878 5135 2130 5205 personis
2162 5134 2481 5190 assumitur.
2549 5133 2661 5205 Age
2701 5147 2831 5188 vero
2864 5141 2920 5189 et
2965 5132 3217 5205 θράττειν
3237 5140 3452 5202 pertur-

1880 5226 2009 5280 bare
2063 5224 2354 5295 signiﬁcat,
2388 5234 2442 5278 et
2472 5224 2715 5279 molestia
2745 5221 2990 5290 allicere;
3023 5222 3287 5298 vellicare
3317 5221 3447 5274 item

1880 5329 2043 5386 atque
2073 5326 2403 5379 concutere;
2438 5331 2536 5370 nec
2567 5331 2670 5370 non
2697 5318 2955 5385 pudorem
2988 5317 3248 5385 ingerere,
3274 5322 3326 5367 et
3359 5328 3449 5367 re-

1882 5408 2078 5463 vereri.
2112 5406 2312 5461 Deinde
2350 5415 2403 5461 et
2434 5406 2711 5469 τευτάζειν
2748 5421 2854 5460 non
2898 5408 3016 5461 sine
3061 5419 3318 5460 sensuum
3346 5419 3448 5457 va-

1884 5502 2074 5555 rietate
2108 5502 2382 5570 prolatum
2417 5499 2625 5554 videbis
2656 5518 2669 5554 :
2710 5514 2835 5553 nam
2866 5510 2923 5553 et
2954 5512 3052 5567 pro
3088 5506 3330 5567 satagere
3354 5508 3446 5548 ca-

1737 5615 1945 5674 ΝΟΤιΕ
1958 5658 1972 5674 .

536 5731 787 5806 vocabuli
806 5735 1051 5806 Λκομψον
1084 5735 1227 5804 apud
1283 5735 1457 5805 ipsum
1514 5735 1765 5791 Pliotium

1876 5738 1964 5795 ed.
1995 5737 2209 5793 Mediol.
2241 5735 2393 5806 praef.
2437 5751 2556 5805 cap.
2588 5735 2675 5789 Η.

199 5799 255 5852 in
296 5797 622 5875 Bibliotheca
647 5797 1136 5875 signiﬁcationibus
1165 5797 1330 5860 variis
1368 5806 1600 5875 disserui
1638 5823 1767 5875 ego-

195 5878 314 5929 met
364 5871 420 5927 in
453 5870 769 5941 pmfatioue
809 5875 876 5930 ad
912 5890 1081 5932 novas
1106 5875 1347 5947 Dionysii
1380 5874 1553 5934 llalic.
1584 5870 1766 5948 pur—tes

1945 5826 2090 5900 (35“)
2125 5828 2180 5884 lu
2212 5826 2409 5884 Lexico
2433 5827 2612 5883 Puotii
2639 5826 2958 5898 Κριτόλαος.
