4202 6442
757 395 857 462 151

1887 394 2151 458 PHOTII
2177 391 2678 457 PATRIARCHE
2701 400 2808 460 ΟΡ.

3881 394 3987 460 152

758 527 795 581 p
820 523 927 575 tur,
950 520 1004 566 et
1031 525 1130 581 pro
1154 508 1330 566 moliri
1366 509 1590 581 aliquid,
1627 519 1683 566 et
1725 525 1824 583 pro
1853 513 2111 575 militare,
2132 518 2187 566 et
2219 523 2319 579 pro
2347 511 2394 568 Α

2347 511 2394 568 Α
2420 507 2518 579 ὅρα
2545 512 2601 565 δὲ
2634 513 2728 566 καὶ
2757 512 2829 567 τά
2859 515 3060 586 συνήθη
3090 515 3260 569 ταῦτα
3287 515 3410 583 οὐχὶ
3438 514 3568 584 μίαν
3610 511 3865 566 ἐθέλοντα
3888 528 3986 582 ση-

760 602 1043 665 diversari,
1081 603 1486 672 etquandoque
1517 617 1618 672 pro
1650 617 1835 658 curam
1877 617 2084 672 gerere,
2139 611 2194 655 et
2222 615 2320 670 pro

762 694 951 751 sedulo
989 693 1190 763 aliquid
1219 708 1377 761 agere
1409 702 1568 763 atque
1601 693 1850 750 eﬁ‘ectum
1879 694 2010 748 dare
2037 711 2053 748 :
2095 708 2196 746 nee
2214 709 2320 746 non

762 799 863 853 pro
887 782 1120 838 oﬁicium
1139 781 1394 837 exhibere
1418 793 1472 838 et
1494 798 1705 838 caenam
1724 797 2015 852 apponere.
2056 781 2322 836 Praeterea

763 873 1052 930 familiaria
1084 874 1200 929 hare
1230 873 1432 930 videsis
1488 889 1652 945 quam
1691 891 1796 928 non
1858 889 2026 928 unum
2072 873 2325 928 evolvant

765 966 1163 1038 signiﬁcatum:
1202 965 1434 1036 exempli
1453 967 1624 1037 gratia
1659 965 1918 1028 ἐπιεικῶς
1944 974 1999 1020 et
2057 965 2151 1018 ἐπὶ
2183 965 2315 1037 κόρ-

767 1058 914 1128 ρηςς
955 1057 1086 1112 illud
1128 1058 1346 1128 quidem
1391 1067 1446 1112 et
1485 1056 1706 1112 abunde
1756 1057 1900 1110 valet
1944 1067 2000 1110 et
2047 1054 2326 1110 moderate

767 1156 824 1202 et
845 1146 1075 1214 festive;
1109 1149 1212 1206 hoc
1235 1157 1418 1204 autem
1444 1157 1498 1203 et
1530 1148 1803 1202 verberari
1840 1147 1893 1202 in
1928 1148 2104 1216 capite
2144 1147 2318 1215 signi-

770 1240 918 1302 ﬁcat,
953 1248 1008 1295 et
1030 1240 1193 1295 etiam
1235 1241 1290 1294 in
1334 1239 1507 1310 genis.
1550 1239 1654 1294 Sed
1701 1255 1873 1308 neque
1916 1238 2328 1308 ἐπισκηπτόμε-

737 1377 740 1380 .
769 1345 860 1383 νον
891 1346 1058 1385 unum
1097 1329 1383 1401 signiﬁcat,
1415 1330 1508 1386 sed
1540 1339 1594 1385 et
1619 1330 1848 1385 ﬁrmiter
1874 1331 2039 1384 menti
2078 1329 2328 1390 inﬁxum.

770 1429 826 1476 et
851 1420 1302 1486 demonstratum,
1331 1429 1385 1474 et
1429 1419 1572 1489 quod
1625 1435 1657 1474 a
1704 1419 1970 1472 moriente
2015 1418 2328 1472 mandatum

772 1519 876 1573 est,
901 1521 956 1566 et
987 1510 1206 1580 insuper
1241 1511 1383 1580 quod
1411 1510 1749 1564 adversatur.
1805 1507 2044 1564 Pertinet
2075 1508 2144 1563 ad
2193 1509 2331 1563 varii

774 1603 1114 1673 signiﬁcatus
1143 1602 1400 1657 vocabula
1438 1603 1600 1656 etiam
1640 1601 2008 1656 δυσωπεῖσθαι
2046 1620 2062 1657 :
2115 1617 2240 1656 nam
2277 1610 2332 1656 et

776 1694 1011 1749 revereri
1064 1694 1307 1758 denotat,
1357 1703 1410 1748 et
1450 1703 1690 1749 metuere
1717 1709 1842 1748 cum
1895 1693 2232 1763 suspicione,
2279 1701 2334 1748 et

775 1786 970 1842 tetrico
1017 1786 1166 1840 vultu
1220 1799 1360 1840 esse.
1401 1783 1638 1851 Quidam
1709 1800 1836 1838 vero
1889 1785 2084 1854 lingua:
2135 1783 2335 1839 Graeca:

777 1877 1020 1945 apprime
1065 1875 1246 1947 periti,
1281 1891 1592 1946 quanquam
1653 1876 1867 1930 Atticus
1919 1875 2140 1930 minime
2185 1875 2336 1944 lepos

777 1981 880 2026 est.
911 1982 1096 2022 vocem
1157 1967 1297 2021 hanc
1343 1965 1506 2020 etiam
1551 1979 1648 2031 pro
1683 1966 1885 2034 pudere
1937 1965 2231 2034 accipiunt.
2272 1965 2338 2019 Et

779 2059 995 2129 quidem
1030 2057 1169 2127 vulgi
1189 2056 1529 2112 consuetudo
1548 2058 1714 2110 utitur
1736 2056 1838 2111 bac
1862 2071 1992 2110 voce
2024 2056 2090 2110 ad
2124 2055 2337 2124 suppli-

781 2153 1019 2206 candum
1055 2159 1216 2218 atque
1244 2149 1311 2202 ad
1341 2149 1698 2202 exorandum.
1726 2145 1844 2202 Vox
1876 2145 2057 2217 δεῦρο,
2085 2162 2207 2201 cum
2243 2161 2341 2217 age

782 2239 1052 2311 signiﬁcat
1083 2248 1136 2293 et
1167 2238 1292 2303 huc,
1323 2247 1434 2291 tum
1483 2252 1552 2290 ne
1582 2238 1652 2291 ab
1673 2237 1934 2292 adesdntn
1976 2237 2194 2305 quidem
2244 2239 2342 2290 ab—

784 2333 987 2386 horret.
1011 2330 1160 2386 Adde
1195 2330 1282 2385 his
1321 2331 1587 2398 γενναῖον,
1635 2329 1780 2399 quod
1818 2340 2110 2398 cognatum
2163 2337 2343 2390 sonat,

782 2434 834 2479 et
858 2425 1081 2488 bonum,
1111 2431 1166 2478 et
1193 2423 1454 2488 nobilem,
1483 2432 1538 2476 et
1570 2431 1850 2478 strenuunt
1877 2436 2053 2489 atque.
2078 2420 2346 2474 Similiter

785 2519 966 2573 cernis
1022 2518 1223 2572 ἄτοπον
1282 2530 1392 2570 non
1449 2515 1627 2570 solum
1663 2529 1959 2585 coarguere
2012 2529 2239 2584 pravum
2295 2525 2348 2568 et

787 2604 1115 2674 improbum,
1150 2603 1244 2659 sed
1267 2603 1598 2674 etiamquod
1622 2605 1859 2659 alienum
1889 2604 2013 2658 loco
2045 2613 2130 2659 est
2169 2621 2185 2669 ;
2222 2618 2346 2657 nam

786 2707 842 2754 et
864 2700 966 2752 ltoc
995 2699 1194 2752 άτοπον
1225 2697 1427 2752 dicitur
1457 2714 1472 2764 ;
1501 2696 1664 2752 sicuti
1698 2698 1860 2751 etiam
1905 2711 2012 2752 non
2047 2698 2348 2766 provisum,

788 2805 889 2846 cett
935 2789 1003 2843 de
1027 2802 1135 2856 quo
1163 2787 1432 2856 suspicari
1488 2803 1594 2841 non
1626 2787 1824 2842 licuit:
1869 2795 1982 2842 tum
2019 2803 2148 2841 vero
2208 2788 2351 2842 valet

790 2882 954 2936 etiam
994 2880 1359 2950 peregrinum,
1382 2879 1686 2948 inopinum,
1715 2882 1910 2934 mirum
1941 2893 1995 2934 et
2026 2881 2220 2936 rationi
2244 2894 2351 2933 non

789 2983 1239 3028 consentaneum.
1295 2970 1522 3041 Insuper
1575 2969 1875 3042 ἀρνύμενον
1923 2973 1991 3025 de
2046 2981 2354 3040 permutato

791 3066 994 3120 dicitur
1043 3077 1096 3118 et
1131 3065 1198 3119 de
1253 3064 1562 3134 acquisita:
1620 3064 1723 3119 sub
1801 3065 1986 3118 eadem
2039 3079 2168 3119 vero
2225 3079 2357 3117 voce

2425 601 2623 670 μασίαν
2673 599 3094 675 περιπτύσσειν
3137 606 3336 659 αὐτίκα
3367 606 3431 675 δὴ
3472 605 3534 657 τὸ
3581 603 3843 665 ἐπιεικῶς
3885 603 3987 655 καὶ

2420 693 2511 745 ἐπὶ
2554 694 2782 766 κόρῤης·
2819 697 2879 750 τδ
2912 697 3010 767 μὲν
3039 696 3119 760 εἰς
3157 713 3217 749 τε
3254 698 3315 749 τὸ
3354 697 3553 759 ἱκανῶς
3603 697 3696 748 καὶ
3727 694 3987 765 μετρίως,

2422 785 2518 838 καὶ
2557 786 2637 848 εἰς
2665 786 2726 839 τὸ
2759 787 2988 850 ἀστείως
3030 788 3408 857 ἑπιμερίζεται
3429 829 3445 852 ,
3489 788 3549 841 τδ
3577 787 3636 841 δὲ
3662 786 3756 840 ἐπὶ
3780 787 3990 856 κόρρης

2420 876 2483 928 τὸ
2525 877 2666 930 κατά
2711 878 2950 948 κεφαλῆς
2977 877 3274 934 τύπτεσθαι
3325 880 3601 950 σημαίνει,
3633 880 3727 931 καὶ
3759 878 3865 948 μὴν
3895 879 3994 930 καὶ

2421 967 2485 1019 τὸ
2511 969 2603 1021 ἐπὶ
2642 968 2752 1022 τῶν
2797 969 3083 1038 σιαγόνων·
3130 969 3254 1025 οὐδὲ
3303 971 3364 1024 τὸ
3409 970 3884 1040 ἑπισκηπτόμενον
3933 968 3994 1021 δὲ

2425 1063 2503 1121 εἰς
2529 1059 2588 1112 ἒν
2613 1062 3035 1132 περιγράφεται,
3084 1063 3221 1116 ἀλλά
3268 1063 3362 1117 καὶ
3387 1062 3479 1116 τὸν
3505 1061 3996 1132 ἐναπερειδόμενον

2425 1150 2594 1217 δηλοῖ,
2636 1152 2729 1204 καὶ
2763 1152 2854 1204 τὸν
2896 1153 3320 1222 ἐνδεικνύμενον,
3370 1153 3464 1205 καὶ
3493 1152 3586 1203 τὸν
3612 1153 3708 1204 ἐπὶ
3734 1150 3996 1217 τελευτῆς

2429 1242 2802 1312 ἐντελλόμενον
2826 1284 2842 1307 ,
2881 1246 2977 1298 καὶ
3015 1243 3151 1315 πρὸς
3194 1245 3407 1307 τούτοις
3447 1241 3509 1295 τὺ
3555 1240 3995 1309 ἐναντιούμενον.

2439 1331 2713 1396 Ὡσαύτως
2749 1333 2808 1387 δὲ
2848 1334 2959 1387 τῶν
3001 1335 3329 1404 πολυσημων
3367 1333 3484 1386 ἐστὶ
3525 1333 3619 1386 καὶ
3642 1331 3702 1384 τδ
3727 1331 3999 1384 δυσωπεῖ·-

2431 1417 2573 1470 σθαιο
2587 1419 2886 1491 ὑφορᾶσθαι
2903 1421 3010 1491 γὰρ
3030 1421 3378 1490 ἀπαγγέλλει,
3395 1421 3564 1474 καὶτὸ
3577 1419 3856 1490 φοϐεῖσθαι
3876 1418 3999 1487 μεθ’

2435 1508 2708 1572 ὑπονοίας,
2741 1511 2834 1564 καὶ
2864 1513 2926 1566 τὸ
2961 1511 3404 1584 σκυθρωπάζειν⁹
3437 1512 3568 1566 ἔνιοι
3600 1511 3655 1564 δὲ
3684 1510 3792 1563 τῶν
3835 1511 4000 1577 ἑλλη-

2431 1598 2585 1669 νικὴν
2609 1599 2864 1668 γλῶσσαν
2912 1600 3364 1673 ἐξακριϐούντων,
3404 1603 3454 1655 εί
3488 1603 3583 1655 καὶ
3611 1601 3687 1672 μὴ
3715 1601 3823 1654 τῶν
3848 1601 4004 1654 ἀττι-

2431 1691 2542 1745 κῶν
2567 1693 2601 1762 ἡ
2627 1693 2830 1763 κομψία
2859 1693 2993 1765 (34),
3025 1696 3119 1749 καὶ
3144 1694 3268 1749 ἀντὶ
3286 1694 3380 1748 τοῦ
3396 1695 3662 1749 αἰδεῖσθαι
3688 1692 3786 1765 τὴν
3812 1692 4004 1764 φωνὴν

2435 1785 2969 1854 παραλαμϐάνουσιν·
3005 1785 3039 1856 ὴ
3078 1785 3177 1856 μέν
3211 1803 3295 1840 τοι
3329 1786 3588 1857 συνήθεια
3624 1786 3717 1838 ἐπὶ
3749 1784 3846 1839 τοῦ
3884 1787 4003 1837 ἱκε-

2435 1875 2610 1930 τεύειν
2625 1877 2720 1929 καὶ
2743 1876 3077 1948 παρακαλεῖν
3093 1876 3378 1948 κέχρηται.
3396 1878 3509 1930 Καὶ
3531 1878 3593 1930 τὸ
3607 1876 3768 1946 δεῦρο
3783 1877 3840 1929 δὲ
3865 1877 4007 1945 μετά

2435 1965 2530 2019 τοῦ
2558 1965 2843 2037 σημαίνειν
2870 1967 2930 2020 τὸ
2958 1966 3080 2034 ἄγε,
3119 1967 3211 2020 καὶ
3234 1966 3299 2019 τὸ
3325 1967 3582 2032 ἐνταῦθα,
3616 1967 3738 2020 οὐδὲ
3781 1968 3845 2018 τὺ
3871 1965 4000 2018 ἐλθὲ

2437 2058 2855 2128 ἀποστρέφεται.
2900 2057 3100 2111 Σκόπει
3132 2057 3190 2110 δὲ
3219 2058 3315 2112 καὶ
3342 2057 3401 2110 τὸ
3435 2060 3700 2125 γενναῖον,
3727 2057 3880 2120 ὅπως
3913 2055 4008 2108 τόν

2438 2166 2497 2202 τε
2540 2149 2774 2219 συγγενῆ
2803 2148 2958 2220 δηλοῖ
3000 2149 3096 2203 καὶ
3135 2149 3226 2202 τὸν
3255 2148 3480 2218 ἀγαθὸν,
3509 2149 3643 2202 ἀλλά
3665 2149 3761 2201 καὶ
3790 2148 3886 2200 τὸν
3917 2149 4008 2200 εὖ·

2440 2241 2592 2312 γενῆ,
2639 2241 2733 2294 καὶ
2779 2240 2870 2294 τὸν
2911 2240 3180 2311 ἀνδρεῖον,
3223 2240 3323 2294 ούκ
3365 2240 3604 2294 ἔλαττον.
3655 2238 3812 2301 Ἴδοις
3864 2239 3912 2292 δ’
3945 2237 4013 2292 ἂν

2442 2333 2537 2386 καὶ
2579 2334 2640 2385 τὸ
2669 2334 2885 2398 ἄτοπον,
2915 2333 2977 2386 οὐ
3011 2333 3171 2402 μόνον
3212 2333 3308 2386 τοῦ
3336 2333 3506 2386 κακοῦ
3550 2334 3645 2386 καὶ
3673 2333 3765 2386 τοῦ
3802 2333 4014 2402 μοχθη-

2447 2425 2540 2495 ροῦ
2569 2425 3055 2496 κατηγορούμενον,
3100 2425 3236 2478 ἀλλά
3279 2426 3374 2478 καὶ
3408 2425 3549 2479 κατά
3587 2424 3680 2478 τοῦ
3714 2423 3790 2495 μὴ
3846 2424 4014 2477 τόπον

2445 2517 2677 2587 ἔχοντοςο
2712 2517 2911 2571 ἄτοπον
2947 2517 3056 2588 γάρ
3096 2517 3316 2570 κάκεῖνο
3341 2516 3592 2583 λέγουσιν
3619 2533 3633 2548 ο
3683 2516 3875 2585 ῶσπερ
3923 2515 4017 2568 καὶ

2446 2609 2508 2662 τὸ
2541 2609 2925 2678 ἀνυπονόητον,
2976 2603 3089 2661 οἷον
3131 2607 3157 2660 5
3207 2608 3281 2678 μὴ
3315 2606 3430 2660 ἐστι
3469 2607 3738 2660 τοπάσαι*
3783 2605 3902 2660 ἀλλ’
3938 2606 4018 2659 ἔτι

2451 2701 2694 2771 περιέχει
2735 2701 2918 2753 καὶτὸ
2948 2699 3118 2766 ξένον,
3159 2700 3253 2752 καὶ
3297 2698 3622 2768 παράδοξον,
3668 2699 3761 2750 καὶ
3798 2697 4017 2766 θαυμά-

2453 2811 2586 2857 σιον,
2613 2792 2704 2846 καί
2737 2809 2800 2861 γε
2829 2792 2924 2846 καὶ
2955 2793 3016 2847 τδ
3045 2793 3372 2862 παράλογον.
3416 2791 3538 2844 Ἐπὶ
3567 2791 3782 2853 τούτοις
3823 2790 3926 2843 καὶ
3962 2789 4022 2842 τὸ

2453 2884 2750 2956 ἀρνύμενον
2779 2884 2916 2954 πρός
2953 2900 3014 2936 τε
3049 2883 3110 2936 τὸ
3141 2882 3640 2952 καταλλαττόμενον
3681 2881 4018 2939 ἀποδίδοται,

2456 2979 2550 3030 καὶ
2596 2978 2656 3030 τὸ
2703 2975 3171 3046 περιποιούμενον·
3217 2973 3673 3045 περιλαμϐάνοιτο
3720 2972 3766 3024 δ’
3801 2971 3870 3024 ἂν
3920 2971 4024 3022 ὑπὸ

2456 3071 2554 3138 τῆς
2584 3068 2751 3136 αὐτῆς
2780 3067 2964 3136 φωνῆς
2992 3066 3087 3118 καὶ
3115 3067 3143 3118 ό
3169 3064 3453 3133 φυλάττων
3496 3063 3632 3134 ('55).
3683 3062 3818 3116 Οὐδὲ
3848 3061 3912 3114 τὸ
3941 3062 4024 3113 ἀεὶ

795 3157 1118 3212 concludere
1193 3155 1319 3210 licet
1378 3155 1544 3209 etiam
1630 3154 1937 3223 φυλάττων.
2003 3153 2109 3208 Sed
2179 3168 2352 3222 neque
2385 3167 2428 3226 ο

2385 3167 2428 3226 c
2460 3160 2516 3213 δὲ
2553 3157 2981 3227 περιπτύσσεται
3012 3156 3076 3209 τὸ
3103 3155 3420 3225 ἀμέριστον,
3465 3153 3606 3207 ἀλλά
3634 3154 3725 3206 καὶ
3761 3155 3842 3215 εἰς
3869 3153 4023 3205 ἐναν-

795 3249 884 3302 del.
903 3262 1012 3302 non
1041 3247 1155 3302 vult
1184 3245 1354 3300 dividi
1382 3263 1399 3312 ;
1435 3245 1565 3315 quin
1621 3247 1732 3300 imo
1762 3246 1814 3299 in
1868 3245 2175 3300 contrarias
2206 3245 2354 3298 scin-

798 3341 947 3394 ditur
974 3349 1179 3408 partes,
1199 3337 1340 3392 valet
1372 3337 1540 3395 enim.
1569 3337 1712 3406 quod
1744 3351 1932 3390 omnes
1975 3336 2182 3400 sciunt,
2214 3349 2359 3389 sem-

2461 3251 2582 3314 τίας
2615 3247 2969 3318 άποσχίζεται
3001 3246 3240 3316 μερίδας*
3272 3243 3524 3312 σημαίνει
3550 3245 3648 3314 μὲν
3677 3243 3787 3311 γὰρ
3822 3243 3888 3295 τὸ
3913 3242 4027 3295 διαο

2460 3341 2678 3405 παντὸς,
2697 3341 2833 3393 ὃκαὶ
2860 3341 3060 3401 πάντες
3093 3338 3240 3390 ῐσασι
3263 3352 3280 3367 ο
3310 3336 3561 3404 σημαίνει
3579 3335 3635 3387 δὲ
3665 3336 3759 3387 καὶ
3790 3334 3852 3386 τὺ
3882 3335 4029 3387 sm.

800 3447 939 3502 per:
968 3439 1021 3486 et
1052 3439 1229 3484 tamen
1255 3427 1588 3484 contrarium
1627 3441 1847 3498 quoque
1895 3427 2139 3491 denotat,
2173 3425 2229 3478 id
2275 3433 2360 3480 est

2461 3435 2731 3502 κείμενον,
2763 3426 2874 3483 οἷον
2908 3430 2970 3482 τὸ
3017 3429 3121 3490 ἕως
3152 3427 3328 3491 τινὸς,
3366 3428 3460 3480 καὶ
3493 3426 3652 3496 μέχρι
3708 3427 3878 3487 τινός.
3925 3423 4031 3477 Καὶ

801 3535 977 3592 usque
1010 3521 1074 3574 ad
1101 3527 1308 3575 eertum
1345 3527 1562 3588 tempus
1595 3527 1650 3573 et
1691 3519 2087 3587 quadantenus.
2136 3517 2272 3570 Tum
2310 3526 2364 3569 et

2463 3523 2592 3577 αὐτὸ
2623 3521 2681 3574 δέ
2709 3537 2772 3588 γε
2800 3519 2861 3572 τὸ
2889 3518 3016 3583 ἕως,
3052 3516 3181 3569 ποτὲ
3211 3517 3310 3586 μὲν
3337 3515 3473 3585 ὠριῖ
3482 3514 3640 3581 μένον
3662 3514 3854 3595 χρόνον
3885 3530 4032 3581 περι-

803 3613 910 3678 ῑως
933 3613 1256 3685 quandoque
1304 3609 1584 3666 deﬁnitum
1635 3617 1849 3679 tempus
1909 3608 2360 3671 circumscribit;

2465 3614 2686 3682 γράφει,
2731 3610 2862 3663 ποτὲ
2899 3609 2956 3662 δὲ
2984 3607 3080 3678 τὴν
3109 3607 3457 3676 περιγραφὴν
3488 3604 3933 3674 ἀπαρνούμενον,
3971 3603 4034 3671 ἑᾷ

807 3707 1136 3778 quandoque
1182 3703 1445 3760 terminos
1491 3701 1826 3771 indignatus,
1874 3701 2002 3755 sinit
2048 3707 2264 3768 tempus
2312 3698 2366 3751 in
2465 3729 2466 3735 η

2465 3703 2554 3756 τὸν
2587 3702 2774 3772 χρόνον
2803 3700 2939 3771 πρὸς
2963 3699 3024 3752 τὸ
3038 3698 3284 3769 ἀόριστον
3321 3695 3759 3766 παρατείνεσθαι.
3783 3695 3898 3746 Καὶ
3932 3693 4033 3763 μὴν

808 3798 1081 3855 inﬁnitum
1126 3796 1365 3852 extendi.
1417 3793 1636 3848 Manant
1667 3808 1734 3849 ex
1766 3793 2027 3864 ἄντικρυς
2085 3792 2366 3851 continuo,

2471 3795 2564 3847 καὶ
2600 3792 2660 3844 τὸ
2681 3793 2939 3862 ἄντικρυς
2961 3788 3268 3857 ἀποφύεται
3295 3788 3417 3840 τότε
3444 3786 3766 3856 διαμπερὲς,
3801 3786 3905 3838 καὶ
3951 3785 4037 3835 εὑ-

808 3890 1081 3951 directim,
1114 3897 1258 3942 recta
1285 3885 1394 3948 via,
1437 3885 1636 3950 valide,
1666 3886 1961 3954 sapienter,
2002 3893 2228 3953 aperte:
2273 3894 2371 3934 nec

2472 3885 2558 3951 θὺ,
2592 3885 2686 3938 καὶ
2715 3883 2799 3936 ἐπ’
2827 3881 3064 3947 εὐθείας,
3096 3881 3189 3932 καὶ
3214 3880 3276 3931 τὸ
3299 3878 3554 3948 ἰσχυρῶς,
3586 3876 3682 3930 καὶ
3708 3876 3912 3944 σοφῶς,
3942 3876 4037 3928 καὶ

811 3996 920 4036 non
955 3978 1275 4048 simpliciter
1311 3986 1364 4031 et
1384 3985 1651 4031 accurate.
1686 3974 1841 4041 Quod
1868 3973 1914 4029 si
1959 3982 2257 4027 extremam
2287 3985 2374 4024 re-

2471 3978 2533 4030 τδ
2568 3975 2703 4038 ἰθύς’
2737 3974 2872 4028 ἀλλά
2905 3973 2999 4026 καὶ
3041 3971 3102 4023 τὸ
3132 3969 3316 4032 ἁπλῶς
3351 3970 3448 4022 καὶ
3477 3963 3742 4039 ἀκριϐῶς.
3777 3968 3836 4020 Εἰ
3885 3969 3944 4020 δὲ
3983 3966 4040 4018 τὺ

807 4075 959 4144 jiciat
991 4086 1307 4131 conscriam.
1334 4078 1496 4138 atque
1516 4079 1778 4123 accentus
1804 4067 1873 4120 ab
1904 4065 2061 4119 initio
2111 4067 2177 4118 ad
2213 4063 2374 4118 linem

2473 4069 2778 4121 τελευταῖον
2808 4063 3102 4118 ἀποϐάλλει
3137 4063 3446 4130 σύμφωνον,
3489 4058 3589 4125 τῆς
3618 4057 3790 4126 ἀρχῆς
3819 4057 3916 4109 τὸν
3956 4056 4042 4108 τό-

815 4165 1121 4235 trajiciatur
1153 4160 1446 4231 (ἀντικρὺ),
1476 4167 1588 4212 tum
1611 4174 1676 4213 ex
1700 4173 1758 4213 se
1786 4156 1957 4226 gignit
2010 4171 2041 4208 e
2070 4155 2290 4224 regione
2325 4161 2378 4204 et

2477 4178 2566 4213 νον
2607 4158 2699 4211 τοῦ
2731 4157 2919 4218 τέλους
2956 4152 3443 4222 ἀναλαμϐάνοντος,
3488 4148 3585 4202 καὶ
3630 4149 3690 4201 τὸ
3732 4148 4041 4205 κατέναντι,

816 4273 886 4312 ex
912 4255 1158 4310 adverso.
1194 4251 1363 4306 Viden
1392 4251 1553 4306 etiam
1583 4248 1904 4303 vocabulum
1929 4244 2083 4316 ὄιραῖ
2121 4259 2226 4297 non
2247 4241 2378 4298 illud

2479 4253 2571 4306 καὶ
2598 4248 2903 4316 ἐξεναντίας
2932 4243 3346 4298 ἀναϐλαστάνει.
3396 4241 3512 4311 υύχ
3563 4241 3696 4310 ὁρᾷς
3741 4238 3800 4291 δὲ
3845 4240 3948 4291 καὶ
3986 4238 4044 4288 τὸ

818 4347 907 4401 aio
933 4346 1078 4416 quod
1103 4354 1384 4399 accentum
1412 4339 1668 4396 distrahit
1731 4348 1894 4409 atque
1937 4336 1991 4391 in
2020 4336 2157 4390 duas
2191 4343 2380 4389 exten-

2480 4342 2619 4413 ἀρας
2669 4341 2729 4392 ού
2764 4338 2907 4405 λέγω
2934 4336 2990 4388 δὲ
3015 4335 3044 4388 ὅ
3069 4335 3219 4386 τόνον
3243 4348 3302 4385 τε
3331 4330 3629 4398 διατέμνει,
3680 4328 3774 4380 καὶ
3821 4328 3906 4390 είς
3955 4327 4043 4378 δύο

818 4440 901 4494 dit
929 4446 1132 4508 partes,
1161 4451 1348 4489 verum
1413 4432 1463 4487 id
1516 4430 1661 4502 quod
1691 4431 1879 4484 eadem
1908 4427 2164 4499 prosodia
2217 4426 2378 4479 meti-
2410 4493 2457 4508 _

2410 4493 2457 4508 _
2487 4433 2629 4503 μέρη
2655 4430 3020 4501 περιίστησιν,
3046 4424 3172 4478 ἀλλ’
3195 4422 3224 4476 ὃ
3247 4421 3386 4475 κατά
3412 4419 3510 4489 τὴν
3540 4419 3710 4489 αὐτὴν
3735 4416 4042 4486 προσῳδίαν

821 4493 968 4595 mur,
993 4539 1047 4583 et
1073 4493 1215 4597 quod
1253 4542 1279 4578 a
1321 4493 1622 4579 dubitativa
1645 4493 2016 4592 distinguitur.
2059 4517 2169 4572 lloe
2199 4518 2382 4585 itaque
2410 4493 2459 4551 θ

2410 4493 2459 4551 D
2486 4493 2826 4596 iwéi’zcce‘éa‘i
2869 4493 2962 4571 δίαὶ
2999 4514 3136 4586 πρὸς
3176 4513 3236 4565 τδ
3277 4508 3703 4580 διαπορούμενον
3736 4506 4045 4560 διαστέλλει

821 4622 1091 4694 signiﬁcat
1149 4616 1589 4687 conjunctionem
1642 4611 2074 4684 syllogisticam:
2129 4609 2385 4679 exprimit

2483 4631 2591 4669 ταν
2629 4610 2882 4681 σημαίνει
2915 4607 3013 4677 μὲν
3045 4605 3340 4670 σύνδεσμον
3363 4601 3455 4654 τὸν
3488 4598 3923 4666 συλλογιστικόνο
3956 4614 4046 4665 ση-

821 4690 987 4770 etiam
1027 4708 1387 4765 intensionem
1428 4703 1717 4775 quamdam
1746 4700 2065 4771 expletivam
2101 4716 2116 4753 :
2150 4699 2384 4754 sumitur

2489 4705 2667 4777 μαίνει
2695 4703 2750 4756 δὲ
2768 4701 2862 4754 καλ⁸
2882 4701 2973 4751 τὸν
2990 4696 3056 4767 δὴ
3075 4696 3225 4749 τόνον
3250 4690 3849 4764 παραπληρωματικόνο
3873 4707 4049 4760 παρσ-

822 4801 1054 4871 denique
1084 4803 1200 4854 loco
1232 4795 1486 4852 dictionis
1514 4803 1572 4848 ut
1605 4794 1839 4856 videtur,
1871 4802 1929 4846 ut
1962 4800 2203 4862 apparet.
2242 4791 2386 4847 Con-

2484 4794 2819 4865 λαμϐάνεται
2850 4791 2906 4843 δὲ
2935 4790 3028 4843 καὶ
3064 4787 3185 4840 ἀντὶ
3212 4784 3304 4838 τοῦ
3336 4784 3413 4848 ὡς
3442 4783 3586 4836 ἔοικε
3617 4784 3712 4834 καὶ
3751 4781 3829 4844 ὡς
3861 4784 4050 4850 φαίνε-

825 4895 1004 4949 sidera
1037 4891 1200 4947 etiam
1232 4887 1471 4958 ἀτεχνῶς
1500 4885 1911 4941 circumﬂexum
1944 4892 2078 4954 quot
2111 4882 2163 4936 in
2195 4898 2387 4938 sensus

2487 4906 2596 4942 ται.
2624 4882 2944 4939 Ἐπισκόπει
2991 4879 3048 4932 δὲ
3093 4879 3186 4930 καὶ
3224 4877 3285 4929 τὸ
3335 4874 3576 4945 ἀτεχνῶς
3609 4871 4048 4942 περισπώμενον,

828 4981 1221 5041 subdividatur.
1251 4978 1530 5050 Signiﬁcat
1551 4977 1698 5032 enim
1731 4992 1872 5041 vere,
1903 4974 2240 5044 simpliciter,
2266 4989 2392 5044 per-

2488 4982 2639 5042 ὅσαις
2684 4975 2943 5037 διανοίαις
2990 4971 3385 5042 ὑποτέμνεται·
3439 4971 3504 5039 τῇ
3549 4983 3611 5021 τε
3658 4965 3767 5034 γὰρ
3811 4964 4052 5035 σημπὶᾳ

829 5078 990 5144 lecte,
1005 5077 1244 5142 sincere;
1263 5075 1374 5128 imo
1389 5072 1628 5126 etvalide
1640 5080 1694 5125 et
1718 5070 1959 5124 omnino.
1981 5069 2151 5122 Ἀττα
2175 5083 2390 5138 quoque

2488 5071 2584 5126 τοῦ
2613 5067 2830 5138 ἀληθῶς
2872 5066 2966 5119 καὶ
2990 5066 3056 5134 τῇ
3085 5062 3177 5116 τοῦ
3206 5059 3395 5122 ἁπλῶς
3441 5060 3536 5112 καὶ
3563 5055 3788 5118 τελείως
3816 5055 3914 5108 καὶ
3942 5054 4057 5107 ἀδύ·

829 5173 978 5226 varie
1001 5169 1327 5240 explicatum
1353 5167 1592 5221 invenies
1624 5183 1637 5220 :
1664 5164 1824 5220 modo
1848 5166 1991 5219 enim
2017 5165 2272 5220 scribitur
2291 5179 2389 5234 pro

2491 5165 2620 5227 λως,
2641 5162 2735 5215 καὶ
2765 5160 2870 5231 μὴν
2895 5159 2988 5211 καὶ
3015 5159 3081 5225 τῇ
3111 5153 3203 5207 τοῦ
3239 5153 3457 5224 ίσχυροῦ
3485 5151 3581 5202 καὶ
3611 5147 3894 5212 καθάπαξ,
3926 5162 4055 5214 προ-

830 5278 972 5334 quas,
1005 5237 1168 5316 modo
1211 5274 1310 5330 pro
1351 5273 1472 5328 qure
1496 5257 1750 5327 quidem:
1780 5259 1937 5312 modo
1975 5258 2138 5312 etiam
2168 5274 2267 5329 pro
2294 5259 2391 5313 ali-

2496 5258 2712 5328 ἐρχεται
2743 5248 3164 5322 πληθυνομένου.
3195 5245 3387 5314 Εὖροις
3419 5244 3464 5296 δ’
3483 5242 3552 5296 ἂν
3580 5240 3674 5294 καὶ
3694 5241 3754 5292 τὸ
3783 5240 3924 5293 ἅττα
3947 5237 4058 5334 διαῗ

830 5324 1073 5425 quando,
1088 5324 1318 5422 atquein
1337 5324 1541 5406 similes
1559 5350 1671 5404 abit
1686 5349 2037 5419 signiﬁcatus.
2051 5324 2250 5406 Pmter
2265 5351 2394 5407 hac-

2501 5324 2680 5417 φόρως
2721 5341 3112 5412 προαγόμενον
3147 5336 3243 5389 νῦν
3280 5335 3378 5404 μὲν
3408 5331 3514 5400 γὰρ
3557 5330 3619 5383 τὸ
3645 5329 3829 5425 eam.
3871 5327 3968 5425 νῦν
4007 5324 4058 5378 δὲ

833 5457 993 5502 tenus
1017 5445 1179 5510 dicta,
1204 5444 1308 5500 hoc
1330 5456 1548 5515 quoque
1581 5440 1917 5497 notissimum
1949 5441 2270 5497 vocabulum
2307 5459 2394 5496 σο-

2499 5416 2725 5493 eam
2757 5432 2944 5487 ἄλλοτε
2974 5429 3030 5481 δὲ
3059 5427 3119 5480 τδ
3148 5425 3185 5480 ἃ.
3210 5425 3294 5478 ἀν’
3327 5423 3421 5476 και
3467 5419 3650 5474 ἄλλοτε
3680 5417 3741 5470 τδ
3783 5416 3919 5471 ποτὲ
3963 5428 4057 5484 ση-

2336 5574 2570 5633 NOTAE.

910 5719 1023 5792 (54)
1059 5721 1115 5778 Si
1149 5719 1467 5792 vocabulum
1505 5717 1710 5792 κομψία
1731 5717 1913 5792 exiges
1938 5716 2011 5792 ad
2033 5717 2272 5786 regulam
2297 5732 2396 5792 ρο-
2505 5715 2559 5770 itt
2586 5713 2709 5792 loco
2728 5706 3106 5792 [signiﬁcatum
3135 5697 3378 5757 habebis.

843 5770 1643 5864 gnati-varium
1665 5770 1764 5845 vel
1796 5770 1975 5860 potius
2002 5770 2270 5844 incgrtum
2297 5770 2399 5844 hoc
2579 5782 2690 5854 (55)
2722 5770 2913 5849 Odyss.
2946 5775 2990 5840 l,
3020 5770 3069 5828 5.
