4202 6442
204 432 299 496 153

1138 428 1238 487 ΔΙ)
1277 421 1875 491 AMPHILOCHIUM
1910 418 2252 494 QUESTIO
2284 418 2422 481 XXI

3329 415 3429 482 154

202 546 411 612 μαίνειν
436 540 727 607 testeum
745 540 822 603 είς
852 537 1091 592 τοσαῦτα
1110 535 1594 609 καταμερίζεσθαι.
1620 536 1749 590 Ἐπὶ
1774 536 1825 598 Α
1851 552 1861 586 ι

1774 536 1825 598 Α
1851 532 1951 604 φύς
1968 573 1986 599 ,
2012 534 2259 605 designat
2282 532 2498 603 quidem
2523 544 2650 586 eum
2682 529 2776 600 qui
2805 528 2988 599 aliqua
3017 528 3279 598 sapientia
3295 545 3424 599 pia:-

195 636 251 689 δά
269 636 381 696 τοϊς
406 635 713 703 εἰρημένοις
743 632 837 685 καὶ
861 633 890 684 δ
908 630 1069 699 σοφὸς
1084 627 1243 683 τοῦτο
1264 628 1329 697 δὴ
1357 629 1418 681 τὸ
1443 630 1756 699 πρόχειρον,

196 724 447 796 σημαίνει
493 724 591 792 μὲν
628 723 721 775 τὸν
762 721 1132 793 μετεσχηκότα
1161 721 1351 790 σοφίας
1377 721 1520 784 τινός
1542 737 1557 752 ·
1614 720 1761 784 ίδίως

193 817 249 870 δὲ
270 816 368 869 καὶ
398 815 492 868 τδν
522 815 765 883 λογικαϊς
790 814 1004 884 τέχναις
1030 812 1545 883 προσανακείμενον·
1568 811 1760 866 ἔπειτα

191 908 246 961 δὲ
277 908 375 961 καὶ
405 907 497 960 τὸν
526 907 739 961 συνέσει
765 906 874 960 τῶν
902 905 1076 960 ἀλλων
1104 905 1420 977 προέχοντα·
1446 905 1532 976 ἐφ’
1550 901 1631 969 οἷς
1658 906 1754 961 καὶ
1794 916 1799 925 ’

193 1002 249 1051 ὃν
287 1001 486 1070 ἀρεταὶ
526 999 753 1069 κοσμεῖν
787 997 985 1050 ῐσασιν·
1018 997 1154 1053 ἀλλά
1197 1012 1264 1065 γε
1304 996 1370 1067 δὴ
1394 995 1489 1050 καὶ
1513 997 1605 1050 τὸν
1636 997 1759 1050 ἑπι-

192 1091 424 1160 τήόειον·
449 1089 698 1160 καὶπρὸς
728 1088 756 1141 δ
777 1105 831 1141 τι
854 1088 921 1141 ἀν
943 1086 1184 1160 ὁρμήσῃ,
1220 1087 1593 1158 δωρούμενον
1615 1087 1759 1141 ῑτοι·

194 1196 316 1248 μον·
350 1177 412 1242 ἐξ
437 1195 499 1230 ου
532 1177 625 1231 καί
652 1193 784 1247 φασι
809 1176 979 1248 Σοφδς
1018 1173 1089 1248 ἦν
1115 1174 1211 1231 τοῦ
1235 1178 1623 1247 κακοποιῆσαι,
1666 1175 1762 1229 καὶ

201 1270 367 1335 σοφὸς
409 1268 608 1337 ἀρετὴν
634 1265 931 1337 μετελθεῖν.
961 1266 1260 1337 Συνταγείη
1284 1265 1331 1319 δ’
1362 1265 1430 1319 ἀν
1460 1265 1562 1320 οὐκ
1602 1267 1760 1320 ἀπει-

193 1361 370 1421 κότως
392 1360 599 1421 τούτοις
628 1358 726 1412 καὶ
754 1358 817 1411 τδ
866 1356 1150 1411 θεσπέσιον
1172 1372 1189 1389 ·
1216 1357 1310 1410 καὶ
1334 1356 1445 1429 γὰρ
1481 1356 1579 1411 καὶ
1603 1356 1764 1410 τοῦτο

197 1451 459 1520 σημαίνει
505 1450 603 1517 μὶν
645 1449 709 1502 τὺ
755 1448 899 1503 θεῖον
921 1466 939 1482 ·
977 1449 1229 1521 σημαίνει
1265 1451 1325 1504 δὲ
1351 1449 1447 1502 καὶ
1477 1449 1539 1502 τὸ
1564 1448 1761 1520 πρᾶον,

192 1542 333 1596 ἀλλά
363 1542 460 1595 καὶ
485 1542 547 1593 τὸ
575 1541 878 1612 θαυμάσιον
914 1544 1026 1608 καὶ,
1052 1542 1113 1595 τὸ
1142 1541 1300 1597 πολύ.
1335 1542 1446 1597 Καὶ
1472 1541 1533 1594 τὸ
1561 1541 1759 1611 κομιδῇ

197 1635 255 1687 δὲ
282 1635 369 1698 εἷς
393 1651 451 1686 τε
482 1634 542 1686 τὸ
570 1633 690 1686 λίαν
716 1634 1001 1704 διαιρεῖται
1034 1632 1131 1686 καὶ
1159 1634 1241 1696 είς
1265 1632 1328 1686 τὸ
1367 1630 1643 1693 παντελῶς
1668 1630 1763 1682 καὶ

197 1726 510 1797 εἰλικρινῶς
533 1741 593 1777 τε
622 1724 688 1796 δὴ
717 1726 812 1779 καὶ
836 1724 1079 1787 τελείως.
1110 1724 1274 1779 Ἀλλά
1296 1724 1392 1778 καὶ
1415 1723 1477 1777 τὸ
1497 1724 1634 1787 τέως
1653 1723 1762 1777 δια·

204 1820 412 1889 φόρους
437 1817 672 1881 διανοίας
702 1818 974 1889 περιέχει·
1004 1817 1097 1871 καὶ
1120 1817 1229 1888 γάρ
1252 1816 1503 1870 τάττεται
1532 1816 1631 1886 μέν
1665 1816 1760 1868 καὶ

1859 624 2008 681 ditus
2028 633 2112 679 est
2132 641 2147 678 :
2181 623 2524 694 peculiariter
2542 632 2723 677 tamen
2741 622 2831 692 qui
2849 620 3037 690 logicis
3053 619 3315 676 doctrinis
3334 623 3427 677 dat

1857 730 2113 786 operam:
2173 715 2300 770 item
2353 715 2447 786 qui
2498 714 2785 785 prudentia
2833 712 3048 769 ceteris
3109 714 3423 770 antecellit:

1858 811 1989 865 item
2036 809 2328 863 virtutibus
2372 815 2691 862 exornatum
2728 823 2743 861 :
2794 807 2926 863 item
2957 807 3124 863 rebus
3167 808 3424 877 gerendis

1866 902 2143 967 idoneum,
2161 910 2213 956 et
2242 900 2335 971 qui
2353 900 2420 955 ad
2446 900 2892 970 consequendum
2926 899 3262 971 propositum
3288 900 3426 956 bene

1857 992 2161 1048 instructus
2192 991 2445 1046 videtur:
2478 992 2622 1047 unde
2656 1000 2711 1045 et
2760 991 2895 1046 illud
2946 991 3194 1058 effatum,
3234 991 3426 1046 Sciens

1857 1089 1975 1137 erat
2005 1092 2060 1136 et
2088 1082 2229 1137 male
2256 1081 2510 1147 faciendi,
2535 1092 2591 1137 et
2630 1096 2783 1151 mque
2808 1083 3062 1136 virtutem
3106 1082 3417 1136 exercendi.

1858 1172 1995 1228 Cum
2025 1173 2112 1227 his
2138 1186 2250 1228 non
2288 1172 2523 1228 absurde
2539 1171 2958 1227 coacervabitur
3006 1171 3168 1226 etiam
3224 1170 3423 1224 θεσπέ-

1860 1279 1997 1330 σιον,
2029 1265 2173 1335 quod
2194 1264 2501 1335 explicatur
2521 1264 2789 1331 divinum,
2819 1264 3057 1333 itemque
3075 1264 3202 1320 inite
3238 1273 3295 1319 et
3316 1264 3425 1319 mi-

1859 1354 2073 1411 riﬁcum
2105 1366 2161 1412 et
2187 1357 2490 1427 copiosum.
2539 1354 2660 1411 Jam
2717 1366 2771 1412 et
2802 1356 2999 1427 κομιδῇ
3059 1355 3320 1411 dividitur
3368 1356 3427 1411 in

1860 1449 2034 1511 valde,
2062 1458 2118 1502 et
2161 1464 2407 1517 prorsus,
2452 1457 2506 1504 et
2535 1447 2844 1513 manifeste,
2894 1458 2950 1503 et
2997 1448 3316 1513 universim,
3371 1456 3430 1502 et

1861 1538 2117 1609 perfecte.
2155 1539 2307 1601 Τέως
2334 1553 2552 1609 quoque
2579 1540 2888 1609 complures
2909 1539 3246 1610 signiﬁcatus
3274 1555 3430 1595 com-

1863 1630 2150 1701 plectitur:
2197 1645 2321 1684 nam
2363 1631 2580 1700 ponitur
2617 1645 2715 1700 pro
2745 1631 2985 1696 interim,
3018 1639 3072 1684 et
3105 1646 3202 1700 pro
3245 1632 3422 1701 prius.

1857 1731 1912 1778 et
1936 1738 2034 1792 pro
2074 1737 2244 1792 usque
2263 1722 2416 1785 dum,
2435 1730 2490 1776 et
2512 1736 2610 1791 pro
2634 1721 2685 1776 in
2708 1732 2940 1776 tantum.
2977 1722 3149 1790 Atque
3175 1721 3428 1792 ἀλάστωρ

1863 1813 2134 1884 signiﬁcat
2167 1814 2390 1884 quidem
2414 1811 2742 1891 simpliciter
2766 1812 3108 1879 maleﬁcum;
3141 1813 3232 1867 sed
3246 1822 3427 1867 tamen

196 1913 292 1963 ἐπὶ
332 1909 429 1962 τοῦ
477 1908 614 1972 τέως
636 1924 652 1939 ·
680 1909 937 1961 τάττεται
963 1907 1020 1960 δέ
1052 1907 1147 1961 καὶ
1174 1906 1266 1960 ἐπὶ
1292 1905 1386 1958 τοῦ
1413 1904 1542 1975 πρίν
1571 1922 1585 1936 ·
1618 1904 1758 1959 ἀλλά
1793 1894 1834 1950 Β

1793 1894 1834 1950 Β
1864 1904 2135 1974 signiﬁcat
2191 1905 2354 1960 etiam
2413 1906 2507 1974 qui
2541 1919 2707 1959 manu
2753 1904 2973 1975 propria
3010 1906 3212 1958 caulem
3255 1903 3424 1961 facit:

197 2001 293 2053 καὶ
320 1999 418 2051 ἐπὶ
440 1996 535 2051 τοῦ
556 1998 661 2061 έως
684 1996 845 2059 τινός·
872 1996 1023 2066 δηλοῖ
1051 1997 1108 2050 δὲ
1132 1996 1227 2049 καὶ
1261 1996 1322 2047 τὸ
1349 1994 1446 2048 ἐπὶ
1481 1992 1757 2048 τοσοῦτον.

197 2091 310 2145 Καὶ
339 2091 371 2143 ὁ
400 2088 652 2161 ἀλάστωρ
675 2087 734 2141 δέ
774 2088 1027 2159 σημαίνει
1060 2088 1156 2157 μὲν
1187 2086 1373 2149 ἀπλῶς
1405 2086 1497 2139 τὸν
1526 2083 1764 2156 κακοῦρ-

177 2199 293 2251 -γον
317 2197 333 2211 ·
377 2179 629 2251 σημαίνει
669 2178 727 2233 δὲ
754 2180 850 2232 καὶ
876 2179 970 2232 τὸν
1011 2176 1324 2248 αὐτοχειρία
1364 2175 1535 2245 φόνον
1573 2176 1766 2246 είργαο

197 2273 420 2342 σμένον·
441 2270 578 2325 ἀλλά
602 2287 667 2340 γε
700 2271 764 2341 δὴ
796 2270 1003 2325 καὶτὸν
1034 2270 1316 2335 ἐπεξιόντα
1332 2269 1556 2333 τούτους
1592 2268 1669 2332 ὡς
1697 2268 1766 2322 τὰ

200 2366 420 2419 ἄλαστα
445 2363 887 2429 έπισκοποῦντος,
932 2363 1181 2426 καὶτοὺς
1218 2361 1609 2431 είργασμένους
1647 2361 1764 2412 εισ-

201 2457 520 2525 πράττοντα
544 2454 716 2518 δίκας·
740 2453 890 2508 ἐνθεν
914 2452 1041 2524 παρ’
1070 2452 1252 2516 αὐτοῖς
1276 2453 1372 2506 καὶ
1400 2453 1428 2504 ὁ
1460 2451 1592 2513 Ζεὺς
1633 2451 1767 2506 am-

199 2563 375 2616 στωρ.
418 2546 612 2617 Εύροις
637 2544 694 2597 δ’
723 2543 789 2598 ἂν
828 2545 924 2598 καὶ
953 2544 1014 2598 τὸ
1046 2544 1181 2597 πῦον
1212 2544 1291 2607 είς
1331 2543 1489 2597 πέντε
1512 2543 1756 2614 διαιρού-

199 2654 370 2706 μενον
414 2636 807 2707 σημαινόμενα·
858 2636 939 2700 είς
980 2654 1042 2690 τε
1086 2636 1183 2700 τὰς
1216 2636 1321 2707 πρὸ
1362 2633 1457 2688 τοῦ
1492 2635 1765 2704 γάλακτος

195 2727 426 2797 ῥανίδας
456 2726 567 2779 τῶν
598 2725 775 2797 θηλῶν
802 2726 1233 2796 ἀποθλιϐομένας
1255 2739 1268 2755 ·
1317 2727 1409 2779 καὶ
1441 2728 1522 2790 εἰς
1551 2724 1682 2779 αὐτὸ
1706 2724 1769 2778 τδ

196 2817 345 2886 γάλα
368 2834 383 2847 ·
413 2818 509 2870 καὶΙ
544 2816 649 2888 μὴν
684 2818 781 2870 καὶ
809 2820 887 2881 είς
921 2818 983 2872 τὸ
1013 2816 1417 2889 μεταϐεϐληκὸς
1464 2809 1603 2886 αἷμα
1676 2816 1770 2868 καὶ

196 2909 265 2978 δὴ
302 2908 401 2961 καὶ
446 2908 527 2972 είς
569 2910 631 2961 τὸ
672 2908 1014 2977 γαλακτῶδες
1062 2908 1247 2979 ὑγρὸν,
1283 2908 1417 2978 ὅπερ
1462 2907 1556 2960 καὶ
1610 2906 1769 2979 ὀρρδν

202 3000 463 3053 καλοῦσι·
500 3000 642 3063 τινές
673 3001 729 3053 δὲ
754 3000 890 3053 πῦον
928 2999 1147 3053 καλοῦσι
1186 3000 1279 3053 καὶ
1307 2999 1367 3052 τὸ
1396 2998 1513 3052 νέον
1545 2998 1621 3067 τῷ
1645 2999 1769 3069 χθε-

200 3093 340 3163 σινῷ
388 3092 688 3162 συνεψηθὲν
736 3092 899 3160 γάλα.
939 3088 1060 3144 Οἷδε
1098 3090 1155 3143 δὲ
1186 3090 1371 3143 καὶτὸ
1402 3085 1515 3142 εἷεν
1540 3089 1771 3160 διάφορα

1864 1996 2089 2065 insuper
2137 2004 2193 2051 et
2226 2010 2351 2050 eum
2398 1996 2492 2066 qui
2553 1995 2869 2066 huiusmodi
2923 1996 3185 2051 scelestos
3235 2010 3421 2065 perse-

1863 2088 2069 2158 quitur,
2105 2102 2300 2152 nempe
2349 2089 2441 2158 qui
2486 2089 2541 2143 in
2577 2088 2841 2143 maleﬁcia
2872 2088 3277 2151 animadvertit,
3312 2103 3429 2158 pai-

1866 2194 2073 2248 nasque
2112 2194 2140 2232 a
2173 2181 2280 2233 reis
2335 2179 2613 2249 reposcit:
2670 2180 2814 2234 unde
2868 2180 3033 2235 etiam
3086 2179 3296 2250 Jupiter
3358 2181 3430 2235 ab

1864 2272 2096 2326 ethnicis
2126 2271 2303 2326 dictus
2346 2271 2620 2343 ἀλάστωρ.
2670 2269 2813 2324 Πῦον
2865 2285 3084 2341 quoque
3140 2272 3339 2327 senties
3372 2272 3428 2325 iu

1864 2365 2105 2433 quinque
2132 2361 2466 2432 signiﬁcatus
2498 2362 2688 2417 abire:
2724 2377 2918 2431 nempe
2968 2361 3431 2433 signiﬁcatstillas

1866 2453 2184 2523 papillarum
2230 2462 2356 2506 ante
2395 2453 2477 2507 lac
2510 2466 2815 2523 expressas,
2866 2453 2948 2507 lac
2978 2452 3181 2522 ipsum,
3238 2466 3351 2508 tum
3376 2464 3433 2510 et

1866 2545 2183 2613 sanguinem
2232 2553 2572 2613 corruptum,
2625 2552 2739 2599 tum
2795 2544 3035 2615 denique
3097 2544 3428 2601 subviridcm

1867 2636 2148 2690 humorem
2203 2637 2431 2692 lacteum
2488 2636 2634 2707 quod
2679 2652 2859 2693 serum
2879 2647 3096 2693 vocant.
3149 2638 3430 2695 lmonon-

1869 2726 2003 2781 nulli
2034 2726 2174 2780 πῦον
2204 2727 2476 2798 appellant
2511 2743 2710 2783 novum
2743 2728 2830 2785 lac
2865 2732 3271 2786 cunthesterno
3297 2745 3431 2786 cono

1868 2827 2107 2874 coctum.
2138 2820 2371 2874 Verbum
2425 2834 2641 2890 quoque
2689 2817 2799 2873 εἷεν
2842 2822 3057 2876 diversa
3112 2822 3424 2892 signiﬁcare

1870 2910 2008 2964 solet
2040 2928 2055 2964 :
2084 2925 2210 2965 nam
2240 2920 2294 2965 et
2327 2912 2545 2966 initium
2572 2912 2839 2967 orationis
2857 2922 2978 2981 est;
3010 2922 3065 2969 et
3101 2915 3167 2970 ad
3201 2929 3433 2970 conces-

1871 3001 2079 3056 sionem
2136 3016 2578 3073 consensumque
2626 3004 2940 3058 adhibetur.
2999 3002 3252 3059 Nonnulli
3303 3020 3436 3060 vero

1874 3100 2163 3162 utrumque
2209 3094 2594 3163 aniplectentes
2643 3095 2971 3165 pradictutn
3041 3098 3431 3166 signiﬁcatum,

198 3183 493 3254 σημαίνειν
516 3196 532 3212 .
574 3182 668 3235 καὶ
712 3182 820 3261 γὰρ
862 3180 1346 3251 παραλαμϐάνεται
1390 3178 1489 3249 μὲν
1519 3180 1595 3280 ως
1626 3178 1769 3280 άρχὴ
1801 3222 1843 3280 C

1801 3222 1843 3280 ο
1877 3200 2004 3239 voce
2031 3187 2129 3239 hac
2156 3197 2209 3240 et
2248 3186 2689 3255 approbationem
2720 3197 2848 3243 ante
2895 3188 3162 3245 dictorum
3214 3191 3266 3244 in
3315 3206 3432 3246 ser-

198 3274 370 3342 λόγου
398 3291 410 3303 ·
447 3272 929 3345 παραλαμϐάνεται
960 3271 1016 3324 δὲ
1043 3271 1138 3323 καὶ
1180 3270 1271 3323 ἐπὶ
1311 3267 1683 3332 κατανεύσεώς
1716 3284 1773 3321 τε

200 3365 303 3418 καὶ
336 3362 787 3431 συγκαταθέσεως
812 3376 827 3392 ·
865 3361 915 3415 ei
939 3361 996 3415 δὲ
1026 3358 1487 3429 συλλαμϐάνοντες
1511 3357 1679 3428 ἄμφω
1706 3355 1775 3409 τά

200 3458 480 3527 εἰρημένα
535 3452 930 3524 συγκατάθεσιν
978 3468 1039 3504 τε
1085 3448 1281 3521 δηλοῦν
1324 3448 1456 3503 αύτδ
1493 3447 1773 3519 βούλονται

198 3549 315 3601 τῶν
345 3550 407 3600 έν
433 3545 513 3617 τῷ
541 3544 683 3616 λόγῳ
708 3543 1142 3616 προειρημένων,
1175 3543 1270 3597 καὶ
1294 3541 1469 3613 ἀρχὴν
1494 3540 1606 3595 τῶν
1644 3540 1772 3611 μελ-

202 3638 412 3691 λόντων
442 3637 714 3707 εἰρῆσθαι·
742 3636 880 3690 ἀλλά
908 3634 1002 3688 καὶ
1029 3636 1150 3689 ἀντὶ
1174 3633 1273 3687 τοῦ
1301 3633 1402 3702 ἀγε
1430 3633 1495 3705 δὴ
1527 3636 1595 3704 τῇ
1623 3635 1771 3704 φωνῇ

202 3731 529 3803 κέχρηνται·
576 3731 686 3791 τοῖς
729 3728 788 3782 δὲ
836 3727 1317 3798 παραλαμϐάνεται
1364 3727 1461 3780 καὶ⁵
1507 3727 1645 3780 κατὰ
1678 3725 1772 3779 τοῦ

200 3820 387 3871 ἐπαΐω
411 3819 506 3871 καὶ
536 3817 779 3887 συνίημι.
808 3817 919 3870 Καὶ
948 3816 1264 3886 πολύστιχον
1290 3814 1355 3870 ἀν
1389 3832 1472 3879 τις
1497 3816 1773 3887 ἀπαρτίσῃ

203 3910 419 3982 βίϐλον,
440 3910 542 3961 οὐκ
565 3908 660 3962 έάν
687 3906 850 3963 ποθὲν
870 3907 968 3972 τὰς
989 3906 1193 3977 πολυσή
1200 3922 1332 3976 μους
1350 3905 1532 3976 φωνὰς
1558 3906 1774 3970 ἁπάσας

203 3998 528 4072 περιλαϐεῖν
549 3998 819 4069 ἰθελήσοι,
833 3997 1068 4070 ιργῶδές
1084 4014 1142 4051 τε
1158 3996 1431 4068 γάρτοῦτο
1445 4000 1536 4053 καὶ
1550 3996 1775 4066 πλησίον

203 4094 315 4143 τῶν
340 4090 673 4158 ἀνεφίκτων,
698 4088 812 4143 ἀλλ’
834 4090 932 4143 έάν
956 4090 1034 4153 είς
1059 4088 1117 4141 ιν
1145 4089 1471 4158 συναγαγεῖν
1490 4087 1773 4159 βουληθείη

202 4188 303 4246 τὰς
341 4183 439 4233 ἐπὶ
480 4180 639 4233 πλέον
662 4180 773 4232 τῶν
806 4179 981 4233 ἄλλων
1011 4179 1285 4249 συνήθεις,
1322 4179 1416 4232 καὶ
1444 4180 1558 4241 τοῖς
1597 4177 1774 4245 λόγοις

207 4273 418 4342 μᾶλλον
451 4268 885 4334 ὲπιπολαζούσας
909 4285 925 4303 ·
974 4264 1064 4324 οἷα
1100 4270 1167 4342 δὴ
1208 4270 1303 4323 καὶ
1342 4271 1474 4340 ἡμῖν
1523 4269 1770 4339 ἐπράχθη

204 4367 304 4432 τὴν
327 4362 443 4415 τῶν
476 4362 773 4431 μειρακίων
796 4360 1032 4432 ἠλικίαν,
1049 4358 1123 4422 ὡς
1148 4361 1241 4413 καὶ
1264 4358 1423 4422 αὐτὸς
1439 4352 1614 4423 οἶσθα,
1634 4375 1775 4428 παρ-

205 4456 537 4511 ἀλλάττουσι
554 4454 691 4524 (56)·
714 4452 833 4507 νυνὶ
847 4453 905 4507 δὲ
929 4454 1023 4507 καὶ
1044 4452 1165 4506 δσαι
1183 4452 1448 4521 εῐρηνται,
1466 4452 1563 4522 τὴν
1584 4451 1772 4524 χρείαν

1877 3291 2038 3331 none
2077 3277 2437 3332 demonstrari
2484 3279 2669 3343 aiunt,
2703 3288 2757 3334 et
2811 3280 3024 3335 initium
3067 3296 3191 3336 mox
3248 3283 3437 3339 dicen-

1874 3368 2087 3420 dorum.
2136 3368 2372 3423 Utuntur
2420 3368 2525 3425 bac
2573 3384 2709 3425 voce
2754 3371 2920 3425 etiam
2974 3387 3073 3442 pro
3121 3388 3220 3445 age
3275 3390 3431 3431 vero.

1872 3459 2102 3527 Quidam
2139 3461 2373 3529 denique
2403 3461 2679 3532 accipiunt
2709 3464 2872 3518 etiam
2911 3478 3009 3534 pro
3061 3466 3226 3519 audio
3255 3475 3306 3521 et
3332 3482 3432 3537 pro

1874 3550 2131 3621 intelligo.
2171 3550 2419 3618 Ampium
2451 3552 2719 3606 conﬁcere
2770 3553 2959 3608 liceret
2988 3554 3264 3613 volumen.
3320 3570 3430 3610 non

1873 3642 1993 3698 dico
2041 3644 2111 3698 ob
2161 3642 2559 3699 coacervandas
2617 3644 2857 3715 undique
2906 3646 3043 3699 varii
3085 3646 3433 3717 signiﬁcatus

1872 3752 2035 3793 voces
2068 3737 2215 3811 (nam
2258 3737 2309 3792 id
2331 3753 2619 3809 operosum
2652 3751 2705 3795 et
2736 3755 2902 3810 prope
2928 3741 3307 3812 impossibile).
3335 3747 3431 3800 sed

1873 3830 1919 3885 si
1950 3831 2076 3900 quis
2095 3830 2176 3884 vel
2197 3830 2510 3886 usitatiores
2533 3834 2907 3888 tantummodo
2940 3847 3234 3903 congerere
3251 3836 3433 3902 vellet,

1872 3932 1922 3978 et
1947 3937 2068 3993 qua:
2094 3924 2146 3976 in
2178 3938 2481 3978 sermonem
2527 3922 2864 3994 frequentius
2895 3925 3221 3992 incurrunt;
3250 3926 3435 3996 cujus-

1874 4013 2018 4068 modi
2056 4028 2193 4084 opus
2217 4030 2245 4068 a
2278 4030 2365 4070 me
2412 4016 2530 4081 ipso
2566 4015 2870 4072 euiifectum
2901 4016 3022 4081 fuit.
3056 4027 3117 4073 ut
3165 4018 3293 4085 scis,
3324 4033 3433 4090 quo

1874 4115 2114 4175 tempore
2164 4108 2407 4177 epueris
2458 4108 2811 4165 excedebam.
2878 4108 3033 4165 Nunc
3083 4120 3259 4166 tamen
3310 4127 3435 4182 qua:

1874 4195 2136 4253 hactenus
2188 4199 2323 4260 dixi.
2385 4199 2461 4254 rei
2519 4201 2772 4266 praesenti
2840 4202 3059 4257 abunde
3135 4200 3431 4258 suﬁlciunt.

1873 4286 1987 4343 lmo
2036 4304 2103 4344 ne
2157 4290 2343 4345 tandiu
2402 4292 2621 4361 quidem
2692 4309 2998 4350 sermonem
3052 4296 3431 4365 produxissem

1874 4382 2021 4449 (nam
2053 4382 2183 4435 mihi
2239 4382 2308 4437 ab
2365 4382 2654 4439 insolentia
2694 4387 2916 4441 cavendi
2972 4402 3094 4444 mos
3136 4400 3432 4458 perpetuus

1876 4470 2022 4541 fuit),
2057 4473 2160 4527 nisi
2185 4487 2561 4542 sarpenumero
2584 4476 3087 4533 animadvertissem
3116 4479 3257 4534 circa
3293 4496 3434 4534 non-

206 4548 466 4615 αὐτάρκη
498 4543 827 4613 παρέχονται
850 4558 867 4576 :
918 4542 1013 4595 καὶ
1053 4541 1175 4595 οὑδὶ
1213 4541 1305 4594 ἐπὶ
1336 4540 1586 4594 τοσοῦτον
1636 4541 1703 4595 ἂν
1744 4543 1772 4594 ὁ
1797 4548 1850 4610 1)

1797 4548 1850 4610 D
1875 4540 2055 4618 nullas
2095 4540 2384 4635 αιτιοι-σηιιί
2417 4566 2583 4635 probe
2630 4568 2940 4638 exploratas
2984 4583 3165 4635 voces,
3232 4572 3432 4626 multos

209 4641 343 4708 περὶ
376 4637 559 4690 αὐτῶν
588 4635 827 4706 προῆλθε
854 4634 1030 4703 λόγος·
1069 4632 1222 4703 φίλον
1255 4632 1363 4703 γάρ
1386 4633 1473 4687 ἀεί
1504 4650 1595 4705 μοι
1627 4632 1770 4687 διευ-

204 4728 499 4781 λαϐεῖσθαι
520 4727 583 4778 τὸ
608 4724 987 4795 ἀπειρόκαλον·
1019 4726 1067 4777 εί
1097 4724 1174 4794 μὴ
1200 4722 1457 4785 πολλάκις
1479 4724 1609 4792 περὶ
1635 4721 1779 4787 ένίας

216 4820 315 4872 τῶν
340 4815 827 4886 διευκρινηθέντων
868 4814 1062 4881 λέξεων
1088 4811 1313 4876 πολλοὺς
1340 4807 1458 4865 οἶδα
1486 4812 1779 4883 συζητοῦν-

214 4928 303 4975 τας
332 4911 430 4961 καὶ
460 4906 693 4977 σπουδὴν
721 4909 797 4969 είς
831 4905 1065 4977 μάθησιν
1095 4905 1529 4971 συνεισάγοντας.

280 5002 351 5071 β’.
405 4997 567 5050 Ἀλλά
595 4998 700 5066 γὰρ
763 4995 1028 5065 τοσαύτης
1062 4992 1322 5062 ἀφθονίας
1380 4987 1776 5062 εὑρισκομένης

203 5096 318 5146 τῶν
341 5091 671 5159 πολυσήμων
704 5090 762 5141 ὲν
788 5090 901 5151 τοῖς
926 5087 1033 5140 τῶν
1084 5084 1325 5156 ἀρχαίων
1380 5084 1775 5153 συντάγμασιν,

202 5179 285 5237 ὦν
315 5186 347 5237 ὁ
380 5182 495 5251 βίος
527 5179 682 5250 είπερ
708 5197 761 5232 τι
780 5178 905 5232 ἄλλο
932 5175 1171 5245 λογάδων
1213 5172 1409 5238 λέξεων
1435 5172 1671 5245 ὴσοφία,
1724 5175 1776 5225 τί

201 5278 413 5334 κωλύει
434 5276 530 5331 καὶ
562 5279 680 5339 ταῖς
710 5274 1004 5346 ἡμετέραις
1056 5269 1393 5341 ίερολογίαις,
1419 5263 1506 5331 αἷς
1531 5267 1640 5321 τῶν
1669 5285 1769 5321 σω-

196 5372 418 5443 τηρίων
439 5371 615 5441 ἔργων
643 5369 844 5431 σκοπὸς
872 5366 905 5438 ἢ
927 5364 1240 5421 διδασκαλία
1257 5363 1349 5417 καὶ
1374 5363 1407 5433 ἡ
1436 5363 1773 5432 παραίνεσις,

195 5466 484 5537 διαφόρων
534 5464 906 5533 ὑποκειμένοιν
986 5462 1273 5533 σήμαντρα
1336 5456 1778 5527 παραλαμϐάνειν

1873 4651 2054 4706 adhuc
2090 4652 2390 4723 disputare,
2418 4655 2767 4728 studiumque
2802 4658 2868 4713 ad
2902 4673 2997 4715 eas
3026 4664 3433 4731 cognoscendas

1872 4744 2139 4801 conferre.

1945 5005 2002 5060 2.
2047 5007 2159 5076 Age
2193 5022 2317 5061 vero
2345 5024 2467 5063 cum
2499 5016 2647 5063 tanta
2678 5009 2749 5064 sit
2774 5010 3225 5082 signiﬁcationum
3259 5015 3435 5068 varia-

1877 5116 1997 5154 rum
2024 5100 2175 5166 copia
2212 5098 2265 5152 in
2303 5100 2521 5169 scriptis
2553 5111 2787 5154 veterum
2810 5144 2825 5168 ,
2852 5119 3081 5172 quorum
3110 5105 3230 5158 vita:
3256 5108 3432 5159 curri-

1876 5192 2055 5246 culum
2080 5192 2133 5245 in
2164 5192 2386 5245 scientia
2420 5193 2683 5262 pracipue
2710 5194 3112 5264 deligendorum
3149 5198 3430 5252 verborum

1878 5292 2258 5351 consumptum
2315 5281 2449 5347 fuit;
2495 5284 2621 5351 quid
2674 5285 2728 5338 ni
2777 5296 2977 5341 nostra:
3023 5302 3238 5353 quoque
3290 5285 3433 5341 Scri-

1879 5383 2049 5442 ptuta:
2078 5388 2281 5436 sacrae,
2334 5389 2562 5443 quarum
2597 5385 2773 5430 tamen
2826 5375 2950 5431 ﬁnis
2992 5387 3075 5431 est
3115 5377 3429 5431 salutarium

1885 5480 2110 5533 onerum
2149 5464 2520 5534 magisterium
2548 5475 2601 5521 et
2632 5466 2855 5533 suasio,
2893 5468 3021 5537 quid
3064 5467 3151 5534 ni,
3188 5466 3430 5535 inquam,

1722 5597 1950 5655 ΝΟΤΕ.

280 5742 395 5815 (36)
427 5741 563 5799 Hinc
587 5743 964 5811 cognoscimus
1016 5757 1121 5815 qua
1157 5739 1582 5815 tetateLexicon
1613 5755 1771 5815 suum
1866 5740 2003 5815 l808
2041 5740 2102 5815 (ξι.
2137 5740 2495 5815 "ei-manuus,
2525 5756 2630 5795 non
2681 5750 2855 5795 tamen
2889 5738 3004 5795 sine
3037 5736 3187 5808 gravi
3235 5736 3431 5801 lacum

190 5810 508 5873 confecerit
563 5810 814 5880 Photins;
856 5810 1516 5883 quam'lucuhraliouetn
1549 5813 1777 5883 antehac

190 5885 493 5947 ineditam.
534 5894 719 5942 nostra
750 5881 969 5940 demum
1001 5893 1157 5940 aetate
1183 5881 1423 5953 vulgavit
1462 5881 1655 5952 Lipsiae
1686 5897 1773 5936 an.

1868 5811 2009 5867 inter
2041 5809 2087 5865 Δ
2115 5820 2168 5867 t-t
2198 5812 2257 5866 Ε.
