4202 6442
809 417 910 482 155

1948 411 2213 474 PHOTII
2253 413 2754 474 PATRIARCHJE
2787 415 2895 474 CP.

3936 416 4034 483 156

793 530 958 584 verba
986 523 1303 583 notionibus
1345 522 1467 580 aliis
1502 532 1664 593 atque
1704 522 1826 578 aliis
1859 526 2078 592 ιιι-αεσξη
2127 524 2366 592 comple-

2468 525 2704 593 ὀνόματα
2731 542 2744 588 ;
2770 525 2850 578 διὸ
2882 523 2976 577 καὶ
3008 525 3068 578 τὸ
3089 524 3381 596 ἀπεκρίθη.
3419 525 3556 596 ὅπερ
3585 542 3645 578 σε
3676 524 3932 591 πολλάκις
3954 533 4036 592 είς

791 616 1230 684 ctantur?Quarc
1243 614 1760 685 etduexptquuod
1789 614 1881 668 tibi
1902 615 2222 668 vocabulum
2237 630 2377 683 saepe

795 713 1187 769 dubitationem
1207 705 1458 775 iujecisse
1488 706 1593 766 ais.
1633 706 1716 774 (ut
1747 720 1891 758 nunc
1920 714 2163 758 omittam
2203 704 2374 773 signi-

795 805 1105 866 ﬁcantiam,
1146 809 1452 868 separatum
1503 808 1618 860 est;
1673 806 1727 852 et
1769 812 1901 866 quas
1949 797 2144 852 medici
2194 797 2376 864 appri-

794 911 880 950 me
912 893 1143 953 callent,
1185 890 1481 945 sudoribus
1517 889 1786 958 digestum
1812 930 1826 954 ,
1869 897 1921 942 et
1945 899 2222 944 excretum
2249 925 2266 950 ,
2315 895 2372 940 et

792 987 942 1042 vasis
970 983 1219 1047 eﬂusum,
1251 991 1307 1036 et
1334 982 1388 1035 in
1418 982 1523 1037 hoc
1545 982 1759 1049 desivit)
1806 997 1901 1050 pro
1931 982 2259 1046 divinarum,
2289 979 2373 1032 in-

794 1093 958 1147 quam
978 1119 994 1143 ,
1029 1077 1325 1130 litterarum
1357 1088 1458 1127 usu
1482 1071 1758 1142 ἀπεκρίθη
1783 1072 2052 1142 signiﬁcat
2096 1072 2146 1126 id
2167 1112 2182 1137 ,
2227 1069 2370 1139 quod

796 1183 963 1222 nemo
991 1167 1196 1229 nescit,
1221 1178 1542 1234 responsum
1573 1162 1638 1216 ad
1675 1163 2178 1234 interrogationem.
2219 1161 2372 1228 Saepe

791 1260 958 1313 etiam
981 1257 1307 1326 expletivum
1325 1254 1645 1309 vocabulum
1667 1263 1783 1318 est;
1811 1254 2079 1308 interdum
2104 1252 2370 1306 sermonis

791 1349 1073 1404 exordium
1100 1356 1183 1404 est
1210 1365 1224 1410 ;
1256 1355 1372 1401 tum
1394 1348 1558 1400 etiam
1593 1348 1812 1401 denotat
1839 1361 2029 1400 eorum
2068 1361 2189 1415 quae
2225 1346 2366 1398 dicta

792 1439 1010 1494 luerunt
1036 1437 1421 1492 admissionem
1448 1453 1463 1502 ;
1493 1439 1621 1491 item
1656 1439 1867 1501 oravit,
1898 1437 2219 1504 deprecatus
2245 1445 2364 1500 est;

790 1539 904 1584 tum
933 1530 1164 1598 denique
1191 1526 1547 1596 interrogavit
1574 1542 1790 1596 quoque
1816 1526 2125 1597 signiﬁcare
2148 1539 2367 1601 compe-

789 1623 920 1678 ries.
959 1620 1076 1675 Jatu
1114 1620 1232 1689 ejus
1271 1618 1638 1689 signiﬁcatus,
1681 1633 1844 1688 quem
1901 1633 2092 1672 omnes
2138 1630 2366 1693 norunt,

789 1714 957 1768 multa
985 1722 1146 1782 atque
1165 1710 1322 1765 obvia
1340 1711 1648 1765 testimonia
1675 1721 1822 1765 sunt.
1848 1695 2045 1774 Veluti,
2074 1729 2092 1759 ι
2123 1708 2366 1778 Respon-

789 1809 921 1860 dens
952 1805 1138 1859 Simon
1165 1803 1358 1858 Petrus
1386 1804 1462 1857 ait
1512 1818 1526 1853 :
1579 1801 1657 1856 Tu
1685 1818 1744 1857 es
1773 1802 2022 1880 Christus
2067 1801 2236 1856 Filius
2273 1800 2367 1855 Dei

789 1900 900 1954 vivi
926 1898 992 1952 ⁸⁸.
1028 1917 1048 1950 ι
1107 1895 1242 1951 Nam
1289 1897 1580 1952 Dominicte
1613 1896 2022 1967 interrogationi
2073 1911 2192 1963 quae
2233 1911 2368 1965 pra:-

791 1999 1044 2056 cesserat,
1068 2008 1088 2041 ι
1119 1987 1228 2044 Vos
1255 1998 1452 2055 autem,
1487 2004 1648 2057 quem
1678 2004 1763 2043 me
1792 2003 1911 2043 esse
1943 1989 2125 2042 dicitis
2167 2008 2184 2039 ι
2210 2004 2365 2042 su;tm

796 2095 851 2139 et
910 2084 1406 2153 condiscipulorum
1462 2083 1786 2137 sententiam
1829 2082 2077 2150 princeps
2113 2082 2365 2136 subdidit.

795 2176 923 2230 Item
959 2177 1012 2229 in
1048 2191 1110 2230 ea
1149 2175 1453 2227 locutione:
1493 2191 1512 2222 ι
1547 2171 2049 2240 Responditdicens
2083 2191 2094 2225 :
2124 2170 2224 2236 Qui
2277 2171 2370 2224 ha-

801 2267 892 2321 bet
947 2266 1083 2321 duas
1128 2267 1338 2319 tunicas
1369 2304 1384 2328 ,
1442 2264 1709 2330 impertiat
1759 2263 1833 2338 illi
1905 2264 1995 2330 qui
2044 2274 2192 2317 caret
2223 2263 2268 2292 ⁸⁸
2304 2277 2364 2324 ;ι

794 2358 940 2413 idem
971 2372 1162 2412 sensus
1194 2358 1578 2426 cognoscitur;
1611 2356 1791 2408 erudit
1820 2355 1963 2409 enim
1998 2358 2183 2409 turbas
2205 2397 2218 2418 ,
2247 2370 2369 2423 quae

794 2465 918 2504 eum
966 2459 1286 2518 regaverant
1325 2462 1561 2516 quonam
1609 2457 1764 2515 pacto
1803 2447 2031 2501 salutem
2072 2463 2370 2516 conseque-

791 2550 1001 2598 rentur.
1043 2539 1213 2594 Sicuti
1249 2540 1456 2594 etiam:
1521 2557 1540 2589 ι
1572 2537 1868 2608 Respondit
1911 2541 1990 2595 eis
2027 2539 2264 2594 Joannes
2289 2540 2368 2593 di—

792 2649 923 2688 cens
947 2650 961 2686 :
993 2632 1103 2702 Ego
1126 2647 1264 2701 aqua
1288 2633 1534 2700 baptizo;
1569 2632 1777 2686 medius
1798 2644 1975 2686 autem
2003 2643 2236 2686 ve~trum
2265 2640 2368 2695 est,

795 2741 955 2794 quem
991 2740 1086 2778 vos
1116 2723 1413 2779 nescitis".
1456 2742 1474 2774 ι
1505 2722 1749 2787 Namque
1784 2727 2029 2789 verbum,
2065 2725 2364 2794 respondit,

799 2815 1052 2870 eumdem
1083 2830 1241 2868 usqu
1273 2823 1329 2868 et
1359 2813 1463 2867 hoc
1494 2814 1612 2866 loco
1639 2823 1941 2868 cettservat.
1980 2812 2238 2867 Sexcenta
2265 2814 2370 2868 alia

795 2906 1062 2975 ejusmodi
1097 2914 1242 2961 sunt.
1277 2904 1381 2959 Sed
1406 2905 1552 2958 enim
1597 2905 1948 2959 locutionem:
1979 2925 1996 2954 ι
2027 2905 2372 2974 lllntempore

797 2998 1128 3068 respondens
1155 2995 1312 3051 Jesus
1336 2995 1510 3050 dixit:
1542 2993 1817 3051 Conﬁteor
1843 2996 1958 3060 tibi,
1984 2994 2138 3051 Pater
2166 2996 2288 3052 cmli
2319 3004 2373 3052 et

798 3101 960 3146 terra:
980 3090 1028 3121 ⁸⁸
1048 3105 1062 3154 ;
1086 3109 1104 3142 ι
1138 3089 1295 3152 hanc,
1324 3088 1567 3156 inquam,
1595 3096 1807 3141 constat
1829 3101 1856 3141 a
1888 3089 2222 3156 praecedente
2247 3105 2370 3144 sen-

2478 615 2806 682 ἀμφιϐολίαν
2835 615 2969 683 ἔφης
2995 615 3250 684 ὲμσαλείν
3277 633 3290 644 ·
3329 616 3416 668 ἵνα
3447 616 3541 669 νῦν
3597 618 3740 669 ἐάσω
3763 620 3822 669 τὸ
3852 618 4038 687 διεχω-

2478 705 2635 776 ρίσθη
2668 721 2683 735 ·
2715 706 2807 758 καὶ
2836 706 2863 758 ὃ
2895 706 3126 775 μάλιστα
3154 708 3341 768 παῖδες
3368 708 3566 776 ἰατρῶν
3601 707 3745 759 ἴσασι
3774 709 3835 759 τὸ
3855 708 4038 776 διεφο-

2479 796 2616 866 ρήθη
2646 812 2727 859 τε,
2761 798 2855 849 καὶ
2876 797 3150 866 ὲξεκρίθη,
3184 799 3277 850 καὶ
3297 798 3545 866 ἐξεχύθη,
3599 799 3696 850 καὶ
3761 800 3840 862 είς
3881 799 4040 852 τοῦτο

2476 887 2769 957 κατέληξεν
2801 903 2814 917 ⁸
2843 887 2957 940 ἀλλ’
2987 887 3069 954 ἐφ’
3095 882 3171 942 ὧν
3203 905 3266 956 γε
3287 891 3519 959 συνήθης
3573 890 3689 941 ἐστὶ
3715 890 3823 942 τῶν
3851 890 4040 942 θεοσό-

2475 996 2588 1046 φων
2617 982 2649 1048 ή
2673 981 2866 1049 χρῆσις
2898 979 3114 1046 λογίων,
3135 981 3387 1050 σημαίνει
3423 981 3522 1050 μὲν
3541 965 3601 1034 τὸ
3628 982 3920 1050 ἀπεκρίθη,
3943 985 4038 1033 καὶ

2472 1072 2537 1140 ἣν
2565 1070 2735 1132 οὐδεὶς
2763 1072 2945 1138 ἁγνοεῖ
2965 1071 3224 1138 διάνοιαν,
3258 1072 3378 1141 ἥτις
3413 1073 3507 1126 καὶ
3534 1071 3668 1141 πρὸς
3698 1071 3797 1138 τὴν
3827 1073 4040 1140 ἐρώτη·

2471 1175 2556 1209 σιν
2590 1160 2896 1213 ἀποδίδοται
2925 1176 2940 1190 ⁶
2969 1161 3226 1224 πολλάκις
3259 1161 3314 1215 δὲ
3372 1163 3466 1215 καὶ
3515 1161 4037 1230 παραπληρώματος

2470 1256 2652 1324 ἐπέχει
2674 1255 2854 1319 τάξιν·
2890 1256 3075 1310 ἄλλοτε
3109 1257 3166 1309 δὲ
3189 1257 3284 1310 καὶ
3320 1257 3485 1327 ἀρχὴι
3516 1255 3818 1326 ἀναπληροῖ
3846 1255 4031 1320 λόγου·

2469 1349 2558 1400 ναὶ
2621 1349 2676 1401 δὲ
2711 1349 2887 1402 καὶτὸ
2941 1349 3287 1413 διαδέξασθαι
3319 1350 3408 1402 τὸν
3429 1348 3810 1419 προρρηθέντα
3877 1348 4036 1414 λόγον

2469 1441 2827 1494 ὑποϐάλλεται
2853 1458 2866 1472 ’
2896 1443 2992 1495 καὶ
3025 1442 3130 1511 μὴν
3160 1443 3333 1495 καὶτὸ
3367 1443 3608 1495 ἱκέτευσε
3667 1442 3762 1495 καὶ
3817 1441 4032 1509 ἐδέησε,

2470 1530 2649 1603 εὕροις
2681 1531 2726 1583 δ’
2760 1531 2827 1585 ἀν
2856 1535 3139 1602 σημαῖνον,
3163 1534 3259 1586 καὶ
3281 1534 3339 1586 τὸ
3365 1533 3606 1603 ὲρώτησε
3637 1551 3652 1566 ·
3681 1531 3957 1603 μαρτύρια
3974 1532 4034 1583 δὲ

2469 1621 2561 1675 τοῦ
2609 1623 2706 1692 μὲν
2745 1623 2896 1692 παρά
2925 1623 3088 1677 πᾶσιν
3113 1625 3478 1694 ἐγνωσμένου,
3510 1624 3680 1677 πολλά
3701 1625 3760 1676 τέ
3788 1625 3908 1676 ἐστι
3936 1607 4035 1674 καὶ

2468 1714 2653 1768 λαϐεῖν
2681 1715 2984 1785 πρόχειρον,
3015 1711 3149 1781 οἷον,
3185 1735 3204 1767 ι
3229 1716 3570 1787 Ἀποκριθεὶς
3610 1717 3790 1784 Σίμων
3827 1716 4033 1785 Πέτρος

2471 1803 2589 1859 εἷπε
2621 1823 2636 1836 ’
2708 1807 2778 1859 Σὺ
2816 1802 2864 1859 εἶ
2900 1808 2929 1858 6
2968 1809 3201 1878 Χριστὸς
3231 1808 3260 1859 6
3290 1808 3414 1870 Υίδς
3457 1808 3551 1861 τοῦ
3581 1806 3714 1861 Θεοῦ
3743 1804 3836 1859 τοῦ
3892 1805 4034 1868 ζῶν-

2467 1915 2579 1958 τος.
2619 1916 2636 1948 ι
2670 1899 2778 1952 Καὶ
2805 1898 2912 1970 γὰρ
2943 1900 3078 1971 πρὸς
3105 1900 3204 1969 τὴν
3226 1899 3563 1970 Δεσποτικὴν
3597 1897 3866 1966 ἐρώτησιν
3930 1898 4034 1966 τὴν

2468 1988 2866 2058 προλαϐοῦσαν,
2918 1989 3105 2059 Ὑμεῖς
3151 1990 3206 2043 δὲ
3236 1991 3357 2043 τίνα
3396 2007 3462 2058 με
3503 1991 3686 2057 λέγετε
3716 1985 3895 2052 εἷναις
3932 1990 4034 2055 τὴν

2469 2079 2637 2131 αὑτοῦ
2684 2078 2908 2150 γνώμην
2952 2082 2982 2133 6
3027 2082 3318 2151 κορυφαῖος
3363 2081 3598 2133 καὶτῶν
3660 2079 4035 2148 συμμαθητῶν

2468 2170 2771 2225 ἀποδίδωσι.
2806 2172 2914 2224 Καὶ
2941 2175 2998 2224 ὲν
3029 2172 3129 2242 τῷ,
3164 2191 3183 2224 ι
3218 2173 3512 2243 Ἀπεκρίθη
3545 2173 3599 2224 δὲ
3629 2171 3798 2238 λέγων
3823 2171 4030 2233 αύτοῖςτ

2469 2262 2498 2314 6
2523 2262 2662 2330 ἔχων
2684 2262 2775 2314 δύο
2803 2262 3034 2332 χιτῶνας
3057 2263 3332 2332 μεταδότω
3358 2264 3436 2332 τῷ
3453 2263 3528 2332 μὴ
3557 2263 3750 2332 ἔχοντι,
3786 2282 3804 2312 ι
3836 2265 3871 2331 ὴ
3896 2261 4034 2330 αὑτή

2469 2353 2769 2422 καθορᾶται
2798 2353 2990 2425 γνώμῃ
3020 2371 3034 2384 ·
3069 2357 3180 2417 τοῖς
3206 2354 3313 2426 γὰρ
3338 2356 3677 2425 ὲρωτήσασιν
3715 2353 3895 2423 ὅχ).οις
3911 2355 4036 2405 ὂθ;ν

2458 2444 2850 2514 καρπώσονται
2897 2446 2994 2516 τὴν
3039 2448 3330 2515 σωτηρίαν,
3381 2446 3773 2499 ὑποδείκνυσιν.
3821 2446 4036 2514 Ὠσπερ

2469 2539 2563 2590 καὶ
2592 2538 2674 2601 τὸ,
2704 2555 2723 2589 ι
2755 2538 3054 2610 Ἀπεκρίθη
3077 2539 3258 2602 αὐτοῖς
3287 2542 3314 2591 6
3356 2539 3603 2608 Ἰωάννης
3631 2538 3803 2604 λέγων
3836 2554 3849 2566 ·
3894 2536 4038 2606 Ἐγὼ

2473 2627 2716 2698 βαπτίζω
2737 2631 2794 2682 ὲν
2827 2629 2980 2682 ὕδατι
3012 2645 3029 2660 ⁶
3075 2630 3234 2700 μέσος
3263 2630 3318 2682 δὲ
3345 2631 3498 2698 ὑμῶν
3533 2630 3763 2699 ἕστηκεν
3788 2630 3848 2681 ὃν
3879 2630 4036 2697 ὑμεῖς

2470 2723 2568 2774 οὐκ
2592 2722 2767 2775 οἴδατε
2791 2758 2806 2774 .
2858 2741 2878 2774 ι
2917 2721 3008 2785 Εἰς
3057 2725 3162 2793 γὰρ
3208 2723 3304 2792 τὴν
3361 2723 3529 2792 αὐτὴν
3557 2725 3648 2775 καὶ
3674 2722 3827 2774 τοῦτο
3848 2725 4037 2791 χρείαν

2470 2812 2815 2881 ἀναφέρεται·
2863 2813 2954 2865 καὶ
2979 2813 3146 2882 μυρία
3172 2813 3324 2866 ἄλλα.
3357 2813 3429 2864 Τὸ
3447 2813 3524 2878 δὲ,
3559 2831 3576 2863 ι
3612 2813 3701 2865 Ἐν
3731 2813 3926 2881 ἐκείνῳ
3959 2811 4039 2879 τῷ

2471 2901 2646 2972 καιρῴ
2686 2903 3050 2973 ἀποκριθεὶςὸ
3092 2905 3296 2973 Ἰησοῦς
3345 2899 3498 2955 εἶπεν
3523 2919 3536 2933 ·
3575 2902 4038 2972 Ἐξομολογοῦμαί

2471 3009 2577 3058 σοι,
2614 2994 2794 3065 Πάτερ
2829 2994 3002 3064 Κύριε
3047 2995 3140 3047 τοῦ
3175 2995 3404 3065 ούρανοῦ
3461 2994 3553 3047 καὶ
3571 2997 3668 3063 τῆς
3691 2995 3846 3064 γῆς,»
3879 2995 4039 3063 δῆλον

2472 3083 2670 3151 ὃτιτῆς
2705 3087 2803 3152 μὲν
2839 3086 3250 3155 προειρημένης
3278 3087 3485 3150 ἐννοίας
3540 3087 3843 3156 διέστηκεν,
3866 3088 4039 3155 ἀρχῆς

796 3183 968 3236 tentia
1005 3180 1296 3235 discretam
1346 3193 1499 3241 esse,
1555 3186 1715 3246 atque
1766 3178 1903 3231 initii
1952 3180 2125 3233 locum
2165 3191 2367 3250 tenere.

2475 3176 2532 3228 δὲ
2561 3176 2743 3246 χώραν
2771 3179 2956 3247 ἐπέχει
2979 3195 2993 3209 ο
3022 3178 3143 3230 οὕτε
3174 3180 3282 3246 γάρ
3335 3178 3602 3248 ἐρώτησις
3659 3180 4038 3248 προηγήσατο,

795 3273 932 3328 Nam
985 3287 1160 3342 neque
1200 3271 1553 3340 interrogatio
1602 3281 1985 3336 praecesserat,
2038 3288 2210 3341 neque
2249 3275 2366 3327 cui-

795 3381 960 3434 quam
1013 3364 1251 3433 loquenti
1305 3363 1770 3428 subjungebatur;
1815 3378 1996 3415 rerum
2060 3363 2171 3430 ipse
2211 3362 2368 3419 Jesus

798 3471 1100 3512 set-mentem
1146 3455 1438 3508 exordiens
1471 3453 1670 3520 gratias
1708 3450 1850 3505 Patri
1896 3454 2025 3520 egit.
2060 3453 2246 3509 Simile
2286 3465 2370 3510 est

795 3550 955 3601 ctiam
1001 3564 1013 3599 :
1060 3563 1077 3595 ι
1109 3543 1456 3614 Respondeus
1483 3547 1969 3617 archisynagogus,
2021 3549 2368 3604 stomachans

795 3639 940 3709 quod
973 3637 1210 3692 Sabbato
1243 3637 1564 3690 medicinam
1611 3637 1827 3692 fecisset
1854 3637 2012 3693 Jesus
2037 3639 2102 3693 ⁸⁸.
2138 3659 2156 3690 ι
2202 3641 2364 3695 Item:

806 3750 824 3779 ι
857 3729 1211 3798 ltcspondens
1233 3725 1474 3796 pontifex
1501 3727 1634 3781 dixit
1656 3730 1703 3782 ei
1734 3745 1747 3782 :
1779 3729 1985 3798 Adjuro
2016 3740 2066 3784 te
2091 3746 2183 3799 per
2203 3730 2367 3785 Deum

796 3823 998 3885 vivum,
1025 3821 1112 3875 dic
1135 3820 1290 3874 nobis
1322 3835 1448 3871 num
1475 3827 1531 3871 tu
1563 3819 1639 3873 sis
1661 3817 1914 3873 Christus
1933 3819 2023 3874 Dei
2055 3818 2222 3885 Filius
2243 3821 2310 3874 ’°.
2343 3839 2362 3872 ι

797 3912 1007 3966 Rursus
1056 3910 1328 3965 sermonis
1389 3908 1608 3962 initium
1652 3910 1936 3964 continent
1995 3914 2157 3964 verba
2208 3911 2365 3966 ha:c:

805 4021 822 4053 ι
863 4001 1216 4069 ltespondens
1262 3997 1424 4053 Jesus
1474 3998 1656 4052 dixit:
1708 3997 1810 4064 Qui
1864 4000 2122 4067 receperit
2176 4015 2270 4055 vos
2312 4000 2366 4054 in

799 4094 1019 4147 nomine
1045 4107 1184 4155 meo,
1221 4104 1308 4144 me
1342 4090 1574 4158 recipit;
1626 4100 1680 4144 et
1723 4092 1814 4159 qui
1860 4106 1944 4145 me
1995 4093 2216 4161 recipit,
2257 4107 2366 4147 non

799 4205 886 4242 me
918 4186 1128 4254 recipit,
1162 4185 1254 4239 sed
1281 4199 1402 4239 eum
1431 4184 1522 4252 qui
1560 4185 1707 4240 misit
1741 4201 1825 4240 me
1855 4187 1922 4238 ".
1960 4204 1979 4238 ι

865 4279 920 4332 5.
961 4275 1129 4329 Porro
1169 4284 1348 4329 atttem
1393 4276 1554 4328 verba
1584 4275 1674 4328 illa
1709 4293 1722 4329 :
1764 4293 1782 4325 ‹
1820 4274 2171 4345 Respondens
2208 4275 2367 4333 Jesus

796 4371 978 4424 dixit:
1040 4367 1085 4422 Ο
1149 4368 1362 4429 mulier,
1420 4382 1614 4435 magna
1676 4376 1761 4422 est
1812 4368 1944 4424 ﬁdes
1997 4378 2127 4434 tua;
2191 4373 2282 4426 liat
2309 4381 2368 4425 ut

798 4462 878 4514 \‘is
900 4460 979 4511 "z
1024 4477 1042 4508 ›
1078 4459 1141 4510 ad
1174 4460 1376 4511 nullum
1406 4459 1784 4527 prtedictorum
1809 4476 2004 4514 usuum
2039 4463 2363 4527 referuntur,

2469 3269 2584 3322 ἀλλ’
2615 3267 2735 3320 οὐδέ
2755 3287 2875 3322 τινα
2894 3269 3124 3336 λέγοντα
3152 3269 3443 3336 διεδέξατο,
3502 3269 3613 3322 ἀλλ’
3659 3268 3822 3330 αὐτὸς
3851 3272 3881 3322 6
3934 3270 4041 3336 ’1η-

2471 3361 2593 3422 σοῦς
2615 3361 2791 3430 ἀρχὴν
2817 3361 3068 3431 ὲμσαλὼν
3091 3361 3168 3432 τῷ
3199 3363 3360 3432 λόγῳ,
3411 3363 3508 3433 τὴν
3562 3362 3912 3432 εὐχαριστίαν
3960 3363 4042 3431 τῷ

2467 3452 2641 3522 Πατρὶ
2677 3452 3104 3522 προσηνέγκατο.
3132 3453 3401 3515 Ὡσαύτως
3422 3455 3515 3506 καὶ
3540 3454 3621 3516 τὸ,
3647 3473 3665 3504 ι
3689 3452 4043 3523 Ἀποκριθεὶς

2469 3544 2499 3594 6
2530 3545 2975 3614 ἀρχισυνάγωγος
3009 3545 3334 3611 ἀγανακτῶν
3361 3546 3442 3598 ὅτι
3482 3545 3559 3614 τῷ
3615 3543 3876 3613 Σαϐϐάτῳ
3920 3544 4042 3596 ἐθε-

2469 3637 2738 3704 ράπευσεν
2775 3639 2804 3688 6
2836 3635 3074 3705 Ἰησοῢςο
3106 3655 3123 3686 ι
3163 3638 3253 3689 ναὶ
3285 3637 3347 3707 δὴ
3375 3638 3564 3698 καὶτὸ,
3595 3654 3613 3687 t
3636 3637 3984 3704 Ἀποκριθεὶς
4016 3639 4043 3688 6

2467 3728 2757 3796 ἀρχιερεὺς
2803 3722 2954 3779 εἶπεν
3002 3727 3169 3799 αὐτῷ,
3201 3728 3493 3798 Ἐξορκίζω
3528 3745 3586 3780 σε
3619 3727 3759 3780 κατὰ
3786 3726 3881 3778 τοῦ
3905 3727 4042 3780 Θεοῦ

2468 3815 2686 3879 ζῶντος,
2738 3817 2857 3870 εἰπὲ
2894 3819 3026 3885 ἡμῖν
3074 3820 3123 3870 εἰ
3188 3819 3251 3871 σὺ
3281 3815 3328 3870 εἷ
3359 3821 3386 3870 6
3434 3817 3665 3887 Χριστὸς
3713 3820 3742 3869 6
3770 3818 3896 3882 Υἱὸς
3947 3817 4042 3869 τοῦ

2467 3907 2624 3961 Θεοῦ.
2658 3906 2855 3978 Ἀρχὴν
2879 3908 2923 3960 δ’
2957 3909 3024 3962 ἀν
3048 3910 3233 3978 ἐπέχοι
3265 3910 3422 3975 λόγου
3457 3909 3553 3962 καὶ⁵
3580 3910 3640 3961 τό
3668 3925 3680 3937 ·
3714 3926 3733 3959 ι
3779 3911 4043 3977 Ἀποκριο

2468 4000 2583 4063 θεὶς
2607 4001 2635 4052 6
2671 4000 2880 4071 Ἰησοῦς
2908 3997 3064 4054 εἶπεν
3086 4019 3100 4032 ·
3159 4005 3255 4064 ὐς
3291 4004 3384 4055 ἐὰν
3423 4002 3642 4071 δέξηται
3667 4003 3808 4070 ὑμᾶς
3845 4001 3938 4054 ἐπὶ
3964 4001 4043 4070 τῷ

2469 4092 2588 4161 ἐμῷ
2618 4093 2862 4163 ὀνόματι,
2907 4093 3008 4162 ἐμὲ
3032 4093 3249 4163 δέχεται
3272 4109 3288 4124 ⁸
3323 4095 3418 4146 καὶ
3447 4093 3503 4155 ὃς
3532 4093 3598 4146 ἀν
3642 4093 3740 4162 ἐμὲ
3791 4093 4040 4162 δέξηται,

2467 4191 2565 4242 οὐκ
2593 4189 2692 4259 ἐμὲ
2722 4189 2955 4259 δέχεται,
2981 4189 3120 4242 ἀλλά
3140 4189 3228 4242 τὸν
3252 4189 3643 4242 ἀποστείλαντά
3676 4205 3764 4257 με.
3800 4205 3819 4238 ι

2537 4285 2607 4347 γ’.
2650 4281 2737 4331 Ἐν
2792 4278 2978 4348 μέντοι
3009 4295 3093 4347 γε,
3135 4297 3153 4330 ι
3201 4277 3545 4347 Ἀποκριθεὶς
3578 4280 3606 4329 6
3643 4277 3852 4346 Ἰησοῦς
3885 4276 4041 4330 εἶπεν

2466 4372 2622 4442 αὐτῇ,
2660 4367 2729 4422 Ὦ
2768 4373 2944 4440 γύναι,
2976 4371 3179 4442 μεγάλη
3213 4389 3303 4424 σου
3342 4374 3372 4440 ἠ
3406 4371 3606 4434 πίστις,
3635 4371 3920 4440 γενηθήτω
3956 4388 4041 4423 σοι

2467 4465 2541 4523 ὡς
2581 4463 2777 4525 θέλεις.
2815 4482 2834 4514 ι
2855 4464 2934 4522 είς
2960 4463 3235 4532 οὐδέτερον
3261 4463 3356 4532 μὲν
3395 4463 3724 4531 ἀναφέρεται
3749 4461 3858 4514 τῶν
3884 4464 4040 4532 εἰρη-

796 4556 888 4606 sed
953 4552 1298 4620 praecedentis
1371 4551 1640 4603 sermonis
1706 4553 2088 4607 admissionem
2147 4556 2362 4609 sistunt.

2471 4554 2663 4624 μένων,
2690 4552 2938 4622 διαδοχὴν
2958 4554 3013 4605 δὲ
3041 4525 3200 4621 λόγου
3229 4525 3531 4619 συνεισάγει
3553 4525 3692 4622 ’-τῆς
3717 4554 3826 4623 γὰρ
3853 4525 4042 4606 Χανα-

797 4644 928 4697 Natu
963 4659 1084 4696 cum
1115 4642 1434 4696 Chauanitis
1465 4643 1851 4697 miserabiliter
1873 4646 2213 4714 exposuisset
2245 4647 2364 4701 ﬁliae

2473 4645 2670 4707 νίτιδος
2727 4644 3256 4713 ὲλεεινολογουμένης
3289 4644 3387 4713 μὲν
3409 4644 3470 4696 τὸ
3495 4643 3592 4712 τῆς
3625 4643 3895 4712 θυγατρὸς
3927 4646 4039 4697 πά-

797 4749 908 4788 suae
949 4737 1218 4797 morbum,
1239 4735 1614 4803 medelamque
1643 4736 1899 4804 petisset;
1922 4752 2155 4805 cumque
2176 4739 2362 4792 eadem

2467 4736 2576 4800 θος,
2632 4736 2731 4804 τὴν
2785 4736 3084 4806 θεραπείαν
3121 4735 3177 4787 δὲ
3209 4735 3556 4803 αἰτουμένης,
3615 4735 3708 4785 καὶ
3746 4735 3881 4804 πρὸς
3935 4737 4039 4801 τὴν

796 4825 1126 4892 asperiorem
1189 4840 1410 4892 precum
1478 4840 1702 4879 suarum
1776 4827 2044 4894 repulsam
2099 4830 2366 4895 patienter

2467 4830 2877 4898 ἀποτρέπουσαν
2906 4827 3004 4896 τὴν
3036 4826 3272 4894 σπουδὴν
3298 4827 3467 4896 αὐτῆς
3489 4825 3643 4895 ὓϐριν
3659 4826 4039 4894 εὐγνωμονοῦ-

795 4917 1138 4983 οχοιιιιίεεει,’
1177 4917 1554 4984 dixissetque:
1618 4934 1636 4966 ι
1674 4914 1892 4985 Utique,
1930 4917 2176 4985 Domine,
2196 4922 2360 4974 etiam

2469 4937 2565 4988 σης
2595 4919 2685 4970 καὶ
2709 4917 2993 4987 λεγούσης,
3018 4935 3036 4966 ι
3065 4916 3189 4981 Ναὶ,
3219 4917 3410 4986 Κύριε,
3453 4917 3544 4967 καὶ
3573 4915 3678 4983 γὰρ
3698 4918 3766 4968 τά
3799 4915 4041 4984 κυνάρια

794 5008 968 5061 eutclli
1000 5007 1184 5060 herilis
1234 5017 1434 5061 mensa!
1455 5007 1699 5077 reliquiis
1743 5020 2066 5075 vescuntur;
2098 5029 2115 5060 ι
2144 5012 2242 5065 hac
2272 5014 2366 5066 ad-

2471 5010 2635 5062 ἐσθίει
2657 5010 2762 5062 ἀπὸ
2778 5011 2875 5078 τῆς
2895 5009 3170 5080 τραπέζης
3186 5009 3293 5060 τῶν
3321 5008 3523 5076 κυρίων
3554 5007 3750 5068 αὐτῶν,
3781 5027 3799 5056 ι
3831 5007 4042 5073 ἐπάγε-

796 5105 960 5156 missa
992 5102 1237 5154 oratione
1275 5101 1528 5154 subditur
1560 5116 1575 5153 :
1613 5119 1632 5151 ι
1671 5099 1824 5155 Tunc
1849 5103 2181 5170 respondens
2212 5104 2366 5159 Jcsus

2465 5117 2553 5153 ται
2587 5101 2722 5153 κατὰ
2739 5100 2988 5170 διαδοχὴν
3021 5102 3225 5152 ἐκεῖνον
3251 5101 3342 5150 τὸν
3383 5098 3558 5164 λόγον,
3597 5116 3616 5147 ι
3639 5098 3772 5149 Τότε
3799 5098 4042 5167 ἀποκρι-

794 5197 869 5247 ait
899 5195 970 5246 illi
1006 5209 1018 5245 :
1051 5191 1236 5261 Magna
1266 5191 1398 5246 ﬁdes
1431 5203 1563 5257 tua;
1591 5191 1685 5245 ﬁat
1715 5193 1812 5246 tibi
1849 5201 1908 5247 ut
1946 5193 2048 5247 vis.
2092 5212 2109 5244 ι
2143 5192 2366 5250 Constat

2465 5192 2628 5254 θεὶςὸ
2666 5194 2869 5261 Ἰησοῦς
2924 5186 3077 5244 εἶπεν
3135 5191 3292 5262 αὐτῇ,
3345 5191 3569 5259 Μεγάλη
3600 5205 3690 5240 σου
3740 5191 3772 5257 ή
3822 5190 4035 5254 πίστις,

793 5287 935 5338 enim
960 5283 1142 5337 Jesum
1176 5283 1332 5335 bona:
1363 5281 1732 5350 supplicisque
1760 5279 1974 5336 feminae
1998 5284 2243 5337 oratione
2271 5285 2365 5338 ad-

2465 5282 2746 5352 γενηθήτω
2800 5297 2881 5332 σοι
2919 5281 2994 5342 ὼς
3046 5279 3219 5342 θέλεις
3245 5297 3257 5308 ·
3303 5297 3320 5329 ι
3363 5279 3518 5347 δῆλον
3537 5277 3644 5347 γὰρ
3668 5278 3748 5329 ὅτι
3776 5279 3905 5340 τοὺς
3933 5276 4041 5344 τῆς

793 5375 983 5438 missa,
1044 5371 1201 5425 ﬁdem
1246 5371 1365 5439 ejus
1417 5371 1572 5424 laude
1604 5371 1943 5436 mactavisse,
1993 5372 2362 5441 medelamqne

2469 5372 2884 5441 εὐγνωμοσύνης
2907 5374 2999 5424 καὶ
3030 5372 3266 5440 δεήσεως
3311 5371 3500 5438 λόγους
3557 5369 3849 5439 δεξάμενος
3877 5371 3908 5422 6
3941 5371 4042 5439 'lr,~

796 5465 1050 5534 largitum
1077 5477 1218 5516 esse.
1250 5460 1502 5527 Ejusdem
1534 5460 1819 5515 sententia:
1849 5470 1977 5514 sunt
2005 5461 2167 5514 etiam
2203 5462 2316 5516 hate
2343 5479 2357 5514 :

2470 5467 2594 5529 σοῦς
2613 5466 2710 5535 τὴν
2739 5467 2921 5518 πίστιν
2948 5466 3118 5533 αὐτῆς
3140 5464 3464 5533 ἑμεγάλυνε,
3488 5463 3583 5515 καὶ
3607 5463 3701 5533 τὴν
3732 5461 4040 5532 θεραπειαν

800 5554 1180 5620 «Βοεροιιιίεηε
1224 5549 1382 5606 Jesus
1429 5552 1565 5606 dixit
1615 5551 1711 5614 illi,
1744 5551 1938 5606 Beatus
1983 5567 2041 5605 es
2079 5553 2264 5606 Simon
2291 5553 2362 5607 ﬁli

2465 5560 2782 5626 παρέσχετο,
2810 5557 2900 5617 El;
2922 5557 3022 5625 τὴν
3059 5555 3227 5625 αὐτὴν
3258 5554 3315 5607 δὲ
3337 5555 3572 5608 διάνοιαν
3621 5554 3804 5624 ἀφορᾷ
3831 5555 3928 5606 καὶ
3947 5554 4035 5615 τὺ,

791 5645 961 5710 Jonas,
987 5645 1115 5715 quia
1166 5659 1295 5699 caro
1325 5655 1376 5698 et
1408 5646 1629 5713 sanguis
1668 5659 1774 5698 non
1825 5644 2079 5698 revelavit
2112 5645 2204 5698 tibi
2231 5647 2296 5698 ".
2336 5666 2353 5697 ι

2467 5669 2484 5697 ι
2497 5648 2837 5716 Ἀποκριθεὶς
2852 5648 2879 5700 6
2895 5647 3097 5718 Ἰησοῦς
3118 5644 3266 5700 εἶπεν
3283 5647 3450 5718 αὐτῷ,
3466 5646 3747 5717 Μακάριος
3767 5643 3839 5711 εἷ,
3856 5647 4042 5716 Σίμων

863 5756 912 5790 ⁸⁸
941 5757 1260 5831 Μ-αιιιιηκν-ι,
1291 5755 1373 5808 16.
1447 5757 1491 5788 ⁸³
1526 5756 1654 5813 Luc.
1694 5774 1774 5821 ιιι,
1813 5759 1905 5831 ll.
1983 5759 2026 5788 "
2058 5757 2242 5813 Matth.
2273 5779 2351 5820 ιιι.

2465 5765 2506 5816 l.
2582 5761 2629 5792 ⁸⁸
2663 5762 2850 5816 Matth.
2879 5779 2953 5831 ιι,
3002 5763 3091 5817 25.
3198 5763 3243 5796 ⁸⁸
3276 5763 3407 5820 Luc.
3448 5778 3574 5829 xm,
3603 5763 3689 5818 14.
3768 5765 3814 5797 ὀ
3847 5764 4041 5820 Matth.

795 5845 942 5894 ιινι,
975 5829 1061 5883 63.
1133 5829 1173 5859 ⁹¹
1208 5825 1369 5880 Marc.
1434 5844 1504 5891 χι,
1536 5831 1619 5882 56.
1725 5832 1768 5860 ⁸³
1810 5829 1992 5882 Matth.
2034 5846 2115 5892 tv,
2146 5832 2232 5884 28.
2331 5833 2370 5864 ⁹¹

2465 5833 2615 5886 ιιιῑιιι.
2652 5849 2756 5896 xt't,
2799 5834 2881 5885 l7.
