4202 6442
133 431 229 498 151

1096 426 1195 485 AD
1226 419 1815 487 AMPHILOCHIUM
1869 417 2216 492 Οἱ]βὸἮο
2252 422 2413 485 XXI.

3248 425 3350 491 158

124 547 229 615 βαρ
276 542 451 606 Ἰωνᾶ,
487 542 571 596 ὅτι
599 538 737 613 σάρξ
758 540 853 594 καὶ
885 534 1026 609 αἷμα
1062 538 1161 591 οὐκ
1184 536 1503 607 ἀπεκάλυψε
1541 552 1623 591 σοι
1654 550 1669 567 ⁸
1702 539 1749 594 Α
1776 533 1783 588 1

1702 539 1749 594 Α
1776 533 2017 605 Namque
2060 536 2144 590 his
2184 534 2365 592 verbis
2413 532 2556 591 Petri
2582 534 2982 595 confessionem
3023 538 3338 601 admittens.

122 632 496 706 διαδεξάμενος
527 634 637 705 7&9
662 632 743 706 τῷ
781 632 925 703 λόγῳ
946 631 1043 703 τὴν
1062 629 1486 699 ἀνακηρύξασαν
1517 631 1679 684 αὐτὸν
1778 652 1781 671 ‹

1778 639 1888 695 qua
1939 640 2065 681 eum
2098 636 2152 681 et
2178 625 2456 683 Christum
2506 639 2561 683 et
2600 626 2692 685 Dei
2722 631 2950 687 viventis
2982 629 3177 686 Filium
3211 648 3350 702 pra-.-

124 726 413 797 ὁμολογίαν
431 725 671 795 Χριστόν
691 741 748 777 τε
776 724 869 777 καὶ
898 723 1021 777 Υἱδν
1048 721 1145 775 ⁴τοῦ
1174 719 1309 775 Θεοῦ
1364 720 1459 773 τοῦ
1484 720 1681 785 ζῶντος
1780 740 1783 764 ι

1780 716 2073 782 dicaverat,
2100 716 2316 773 beatum
2366 717 2519 773 illum
2571 719 2814 775 vicissim
2876 722 3061 778 edicit.
3095 722 3348 792 Ejusdem

126 817 410 871 ὑπολαϐὼν
444 817 555 887 (3'!)
586 815 837 887 ἐπιφέρει
862 814 956 867 τὸν
986 811 1353 884 μακαρισμὸν.
1389 812 1497 882 Τῆς
1514 812 1683 881 αὐτῆς
1781 830 1785 872 ί

1781 808 1995 879 generis
2017 818 2101 864 est
2130 825 2145 865 :
2186 826 2207 861 ι
2247 810 2543 881 Respondit
2580 812 2628 865 ei
2669 809 2905 868 Joannes
2936 811 3119 868 dicens
3150 832 3164 869 :
3193 814 3352 886 Magi-

125 910 168 962 6‘
223 909 293 962 ἀν
323 908 411 976 εῐη
436 906 750 977 συστοιχίας
797 904 891 958 καὶ
909 904 993 967 τὸ,
1031 921 1051 955 ε
1077 902 1376 975 ’Δπεκρίθη
1401 902 1458 957 66
1487 902 1633 973 αὐτῷ
1657 905 1687 957 6

141 997 394 1066 Ἰωάννης
418 995 611 1063 λέγων,
633 992 948 1058 Διδάσκαλε,
981 992 1193 1064 ετδομέν
1219 1009 1341 1047 τινα
1361 992 1454 1046 έπὶ
1471 991 1548 1064 τῷ
1567 992 1688 1046 ὀνό-

132 1088 263 1157 ματί
320 1104 413 1141 σου
468 1076 796 1141 έκδάλλοντα
835 1085 1109 1156 δαιμόνια,
1160 1083 1220 1149 ὃς
1276 1083 1378 1138 οὐκ
1405 1084 1691 1140 ἀκολουθεῖ

130 1181 283 1249 ἡμῖν·
313 1198 333 1231 s
366 1178 460 1232 καὶ
488 1178 660 1232 πολλά
682 1180 925 1232 τοιαῦτα.
958 1177 1025 1231 Ἦ
1050 1178 1109 1231 66
1133 1178 1275 1231 κατά
1296 1178 1395 1247 τὴν
1416 1177 1694 1249 μεταμόρ·

129 1286 305 1336 φωσιν
326 1269 427 1339 τῆς
458 1267 776 1339 θεοφανείας
817 1267 1028 1337 ἱστορία
1051 1269 1144 1322 τὸν
1186 1268 1426 1338 Μωῠσῆν
1463 1270 1558 1323 καὶ
1601 1267 1694 1321 τὸν

143 1358 334 1411 Ἠλίαν
359 1359 681 1429 παράγουσα
703 1357 1091 1425 συλλαλοῦντας
1134 1358 1213 1431 τῷ
1261 1361 1526 1433 Δεσπότῃ,
1572 1356 1693 1413 καθ’

129 1454 197 1521 ἢν
230 1451 328 1504 καὶ
353 1453 382 1504 6
412 1450 617 1522 Πέτρος
642 1450 813 1504 έδεῐτο
827 1448 1081 1519 γενέσθαι
1098 1450 1279 1516 αὐτοῖς
1307 1450 1510 1522 σκηνὰς
1524 1452 1696 1521 τρεῖς,

133 1541 194 1593 ὲν
220 1537 303 1608 τῷ
328 1556 350 1590 ε
380 1536 723 1610 ’Δποκριθεὶς
745 1538 775 1590 6
801 1538 1029 1611 Πέτρος,
1055 1555 1076 1591 s
1112 1539 1212 1609 τὴν
1239 1538 1451 1594 ίκεσίαν
1478 1536 1576 1593 καὶ
1602 1537 1699 1609 τὴν

134 1628 322 1698 δέησιν
363 1628 615 1696 σημαίνει
634 1646 650 1660 ο
673 1626 859 1701 ὥσπερ
876 1628 1036 1685 πάλιν
1051 1628 1145 1684 καὶ
1157 1628 1240 1695 τὸ,
1266 1648 1285 1682 ε
1312 1629 1652 1703 Ἀποκριθεὶς
1672 1629 1701 1682 ὁ

135 1717 348 1788 Πέτρος
390 1712 534 1782 εἰπε,
570 1715 747 1788 Κύριε
813 1719 862 1772 εί
893 1718 958 1777 σὺ
1000 1713 1073 1785 εῐ,
1110 1719 1363 1774 κέλευσόν
1412 1736 1482 1791 με
1525 1718 1701 1774 ἐλθεῖν

136 1807 281 1878 πρὸς
307 1806 367 1860 e6
399 1806 494 1861 ἀπὶ
513 1807 583 1861 τά
606 1806 795 1864 ῦδατα·
824 1826 844 1862 r
879 1810 974 1863 καὶ
999 1811 1107 1883 7&9
1134 1814 1231 1881 τῆς
1256 1810 1536 1881 δειλιώσης
1564 1808 1699 1882 γνώ-

140 1914 252 1968 μης
276 1900 403 1962 τοὺς
434 1888 682 1970 μάθητάς
703 1899 1006 1970 ἀπάγοντος
1058 1898 1151 1955 τοῦ
1193 1900 1367 1971 Ἰησοῦ
1401 1903 1494 1956 καὶ
1524 1902 1707 1971 λέγον-

136 2004 254 2054 τος,
299 2004 321 2039 ε
357 1986 636 2059 Θαρσεῖτε,
666 1988 789 2059 ,έγὼ
832 1991 966 2060 είμι,
1006 1990 1081 2063 μὴ
1138 1990 1412 2061 φοϐεῖσθε,
1448 2009 1469 2045 ι
1513 1992 1706 2065 δραξᾲ-

140 2095 309 2150 μενος
337 2080 366 2133 6
390 2079 591 2151 Πέτρος
615 2080 868 2152 ἀφορμῆς
897 2083 978 2145 είς
1007 2083 1217 2137 ίκεσίαν
1246 2083 1410 2139 αὐτὸν
1438 2083 1707 2139 καθιστώ-

141 2186 267 2241 σης,
291 2190 314 2225 s
336 2170 525 2242 Κύριε,
541 2171 592 2225 ει
608 2172 673 2226 σὺ
689 2166 760 2237 si.
777 2172 931 2243 φησὶ,
946 2173 1197 2229 κέλευσόν
1214 2192 1281 2246 με
1302 2175 1438 2247 πρὸς
1460 2175 1707 2231 cariem

140 2260 238 2313 ἐπὶ
268 2262 341 2316 τά
370 2261 564 2318 “cur
590 2282 611 2319 ε
643 2266 801 2337 δῆλον
819 2267 927 2339 γάρ
947 2268 1029 2322 ὅτι
1062 2268 1122 2323 τδ
1141 2269 1457 2342 ἀποκριθεὶς
1476 2270 1707 2325 ένταῦθα

146 2352 363 2407 ίκεσίαν
380 2355 473 2408 καὶ
502 2354 685 2427 δέησιν
720 2359 978 2428 σημαίνει
1007 2375 1023 2392 ·
1066 2358 1256 2430 ὥσπερ
1294 2361 1390 2414 καὶ
1419 2362 1477 2415 έν
1506 2355 1589 2424 οἷς
1638 2361 1708 2415 τά

142 2439 308 2507 λὸγςά
346 2457 498 2511 φησι,
538 2459 557 2493 ε
602 2444 945 2516 ’Δποκριθεὶς
979 2446 1009 2499 6
1063 2447 1267 2518 Πέτρος
1308 2444 1452 2513 εἷπε,
1498 2450 1708 2521 Φράσον

142 2530 280 2599 ἡμίν
309 2533 408 2598 τὴν
432 2531 742 2603 παραϐολὴν
791 2533 996 2607 ταύτην
1026 2550 1044 2568 ο
1080 2554 1099 2588 s
1134 2537 1228 2589 καὶ
1263 2538 1373 2609 γάρ
1423 2539 1516 2593 καὶ
1553 2538 1709 2594 τοῦτο

143 2621 339 2691 χρείαν
366 2622 569 2686 ίκεσίας
597 2626 690 2679 καὶ
716 2625 951 2697 δεήσεως
976 2628 1250 2699 ἐμφαίνει.
1282 2628 1406 2682 Τίσι
1434 2629 1479 2683 δ’
1520 2629 1585 2684 ἀν
1611 2633 1710 2686 οὐκ

142 2715 213 2769 ἀν
241 2716 458 2784 γένοιτο
484 2718 639 2787 δῆλον
670 2720 744 2785 ὡς
767 2721 827 2775 τὸ
848 2723 1117 2795 ἀπεκρίθη
1146 2724 1256 2778 έσθ*
1299 2726 1389 2779 ὅτε
1446 2727 1542 2779 καὶ
1588 2726 1708 2780 ἀντὶ

142 2805 241 2859 τοῦ
292 2808 589 2872 ἀπεδέξατο
622 2810 715 2864 καὶ
750 2814 1111 2882 συγκατέθετο
1162 2814 1403 2881 τίθεται;
1449 2814 1543 2869 τοῦ
1603 2816 1710 2886 7&9

144 2896 403 2968 Σωτῆρος
434 2899 586 2969 ἡμῶν
617 2900 715 2964 τάς
750 2902 809 2954 έν
838 2901 916 2972 τῷ
945 2903 1095 2974 νόμῳ
1129 2903 1222 2957 δύο
1252 2904 1473 2976 πρώτας
1495 2906 1713 2969 έντολάς

146 2987 585 3057 ἁπηγγελκότος,
639 2992 732 3044 καὶ
762 2991 857 3044 τοῦ
895 2994 1263 3064 γραμματέως
1321 2995 1714 3065 συμφωνήσαν-

145 3078 241 3141 τὸς
270 3096 337 3131 τε
368 3080 464 3134 καὶ
488 3082 553 3151 τῇ
585 3079 679 3134 τοῦ
708 3081 979 3137 Δεσπὸτου
1010 3084 1487 3155 συγκαταθεμένου
1514 3087 1710 3156 κρίσει,

1729 1864 1778 1927 Β

1784 909 1917 966 ater,
1942 900 2178 957 vidimus
2232 902 2526 970 quemdam
2566 903 2621 957 in
2679 904 2899 959 nomine
2952 912 3047 960 tuo
3084 905 3353 962 damonia

1786 984 2108 1065 lijieieutem,
2135 995 2228 1065 qui
2255 995 2307 1048 in
2341 996 2600 1049 comitatu
2649 1003 2835 1049 nostro
2870 1009 2978 1050 non
3023 996 3189 1054 est”.
3231 1014 3250 1048 ι
3288 998 3354 1052 Et

1788 1085 1957 1157 multa
2005 1086 2337 1155 bujusmodi.
2372 1083 2491 1139 lam
2523 1086 2575 1140 in
2621 1084 2819 1143 divina
2856 1087 3353 1155 transﬁgurationis

1788 1178 2033 1243 historia,
2062 1178 2117 1231 in
2142 1193 2251 1247 qua
2280 1176 2453 1232 Moses
2490 1186 2651 1247 atque
2691 1176 2834 1232 Elias
2864 1191 2989 1233 cum
3030 1176 3257 1233 Domino
3281 1180 3359 1237 Io-

1790 1275 2017 1337 quentes
2039 1265 2325 1327 sistuntur,
2364 1279 2474 1334 quo
2520 1275 2762 1334 tempore
2801 1265 2999 1322 Petrus
3046 1270 3268 1338 rogabat
3298 1277 3361 1323 ut

1794 1358 1879 1414 his
1929 1357 2049 1413 tria-
2086 1357 2438 1413 tabernacula
2476 1356 2687 1424 ﬁerent,
2716 1356 2896 1413 verbis
2931 1358 3040 1414 illis
3077 1376 3097 1410 ι
3137 1375 3363 1431 respon-

1794 1450 1929 1506 dens
1958 1447 2151 1509 Petrus
2174 1469 2194 1502 ι
2210 1450 2417 1521 rogatio
2441 1460 2495 1505 et
2517 1464 2704 1520 preces
2727 1449 3126 1519 signiﬁcantur.
3151 1449 3365 1507 Rursus

1796 1541 1903 1598 illis
1929 1541 2175 1598 similiter
2202 1559 2216 1597 :
2250 1560 2268 1593 ι
2302 1539 2665 1612 Respondeus
2691 1540 2883 1596 Petrus
2915 1542 3050 1596 dixit
3076 1559 3093 1599 :
3122 1542 3177 1596 Si
3200 1550 3256 1597 tu
3280 1559 3365 1609 es,

1800 1633 2049 1697 Domine,
2088 1632 2220 1703 jube
2279 1647 2367 1689 me
2420 1633 2488 1689 ad
2546 1643 2599 1687 te
2634 1633 2816 1688 venire
2840 1648 3005 1702 super
3029 1649 3201 1704 aquas
3220 1635 3290 1689 ”.
3339 1652 3361 1687 s

1798 1722 1932 1779 Nam
1954 1738 2078 1780 cum
2128 1724 2286 1781 Jesus
2314 1739 2345 1779 a
2386 1724 2673 1780 timiditate
2716 1724 2927 1780 consilii
2965 1724 3255 1794 discipulos
3277 1740 3367 1781 re-

1802 1827 2044 1882 vocaret,
2092 1817 2425 1888 diceretque,
2480 1836 2499 1869 ι
2540 1816 2690 1873 Bono
2743 1820 2928 1872 animo
2990 1825 3163 1872 estote
3208 1833 3223 1870 :
3266 1833 3369 1883 ego

1805 1923 1948 1973 sum,
1974 1908 2137 1963 nolite
2158 1909 2381 1976 timere;
2419 1926 2438 1960 ι
2468 1907 2661 1963 Petrus
2684 1907 2808 1962 hinc
2824 1915 3036 1973 captata
3050 1908 3369 1964 obsecrandi

1804 2000 2137 2057 occasione:
2172 2019 2191 2053 ι
2236 1999 2462 2056 Domine
2490 2002 2537 2055 si
2562 2009 2641 2065 tu,
2668 1999 2865 2068 inquit,
2890 2014 2971 2064 es,
3008 1999 3139 2070 jube
3178 2015 3263 2055 me
3299 2000 3369 2055 ad

1806 2103 1859 2149 te
1887 2094 2069 2149 venire
2115 2107 2279 2162 super
2305 2109 2476 2164 aquas
2497 2094 2565 2149 ".
2605 2113 2624 2145 ι
2659 2092 2806 2149 Satis
2844 2094 2988 2148 enim
3016 2100 3161 2162 patet
3182 2091 3371 2159 verbo,

1806 2184 2160 2253 respondens,
2189 2184 2434 2240 denotari
2477 2185 2583 2241 boc
2628 2186 2747 2241 loco
2792 2200 2979 2253 preces
3018 2193 3181 2255 atque
3211 2186 3374 2240 obse-

1802 2273 2127 2328 crationem.
2180 2272 2351 2328 Sicuti
2381 2274 2544 2329 etiam
2587 2275 2678 2332 ubi
2733 2274 3013 2345 Scriptura
3056 2275 3171 2329 ait:
3214 2294 3233 2327 ε
3264 2274 3373 2329 Re-

1807 2362 2099 2433 spondens,
2138 2360 2330 2418 Petrus
2380 2362 2539 2428 dixit,
2575 2363 2824 2419 Edissere
2852 2363 3011 2417 nobis
3062 2362 3371 2431 parabolam

1808 2454 1948 2509 banc
1964 2454 2043 2520 ";
2080 2473 2099 2505 ι
2160 2470 2287 2508 nam
2341 2453 2395 2509 id
2425 2453 2585 2509 etiam
2635 2468 2857 2524 precum
2889 2469 2954 2509 ac
2991 2454 3374 2523 postulationis

1809 2546 1925 2602 vice
1953 2546 2217 2615 fungitur.
2259 2545 2360 2601 Cui
2398 2560 2529 2601 vero
2557 2561 2662 2600 non
2696 2555 2781 2601 est
2821 2548 3183 2616 exploratum,
3208 2560 3374 2600 voca-

1808 2638 1993 2695 bulum
2019 2639 2300 2709 respondit
2331 2639 2585 2709 usurpari
2622 2641 2784 2695 etiam
2831 2654 2930 2708 pro
2978 2639 3243 2694 annuitet
3282 2653 3373 2693 as-

1809 2744 2004 2785 sensus
2030 2730 2145 2786 est?
2168 2730 2301 2785 Nam
2335 2745 2461 2785 cum
2496 2730 2758 2787 Servator
2793 2731 2902 2786 duo
2930 2731 3197 2801 praecipua
3244 2729 3377 2800 legis

1811 2828 2072 2891 praecepta
2097 2806 2503 2890 proposuisset,
2543 2821 2723 2877 scriba
2772 2828 2951 2876 autem
2994 2822 3047 2875 in
3090 2822 3229 2877 hanc
3252 2838 3378 2879 sen-

1814 2912 2034 2967 tentiam
2065 2911 2295 2982 pedibus
2322 2911 2445 2977 iret.
2462 2911 2782 2983 Dominique
2808 2914 3065 2984 iudicium
3093 2914 3381 2970 conﬁrma-

1810 3012 1923 3070 ret;
1978 3004 2241 3074 prudente
2289 3002 2451 3060 Jesus
2506 3019 2767 3074 responso
2826 3006 3064 3075 cognito.
3125 3008 3201 3061 ait
3251 3007 3376 3062 illi:

1819 3112 1839 3147 ι
1872 3093 1986 3149 Non
2042 3109 2369 3166 magnopere
2413 3094 2543 3151 abes
2604 3110 2635 3150 a
2686 3111 2855 3168 regno
2926 3097 3106 3152 Dei“.
3153 3117 3172 3150 ι
3242 3096 3380 3155 Hine

148 3170 410 3269 ἐπάγει-ὁ
430 3170 837 3269 εὐαγγελιστὴς,
860 3191 886 3269 ξ
910 3175 1018 3228 Καὶ
1033 3176 1061 3229 ὁ
1090 3174 1292 3245 Ἰησοῦς
1314 3175 1434 3230 ίδὼν
1454 3176 1616 3229 αὐτὸν
1632 3177 1714 3269 ὅτι
1741 3208 1784 3269 c

1741 3208 1784 3269 ε
1814 3200 2038 3257 prorsus
2065 3194 2231 3257 patet,
2268 3187 2432 3243 verbo
2483 3188 2574 3243 illo
2604 3190 2882 3259 respondit
2917 3190 3188 3260 designari
3220 3207 3249 3246 a
3291 3207 3380 3247 sa-

148 3261 431 3331 νουνεχῶς
478 3262 774 3334 ἀπεκρίθη,
834 3257 985 3317 εἶπεν
1046 3265 1192 3336 αὐτῷ
1218 3280 1234 3297 ⁸
1276 3267 1351 3321 Οὐ
1407 3268 1624 3338 μακρὰν
1664 3263 1714 3322 si
1745 3257 1784 3269 ‘-

1745 3257 1784 3269 “
1815 3277 1923 3333 eris
1949 3274 2169 3334 Litteris
2215 3277 2538 3335 deditionem
2574 3257 2739 3335 animi
2789 3281 2985 3336 scriba
3040 3257 3205 3351 atque
3252 3297 3380 3337 con-

149 3353 263 3406 ἀπὸ
287 3352 391 3422 τῆς
423 3350 699 3422 βασιλείας
716 3352 809 3408 τοῦ
848 3353 1003 3408 Θεοῦ.
1058 3374 1078 3408 ι
1130 3357 1241 3411 Καὶ
1268 3357 1377 3429 γάρ
1400 3350 1618 3429 εὔδηλον
1638 3359 1714 3422 ὡς

149 3443 254 3514 τὴν
288 3443 581 3513 ὁμολογίαν
608 3446 702 3499 καὶ
760 3446 1156 3515 συγκατάθεσιν
1204 3449 1299 3503 τοῦ
1344 3450 1716 3521 γραμματέως

150 3534 245 3588 διὰ
293 3534 393 3587 τοῦ
423 3535 693 3607 ἀπεκρίθη
712 3536 783 3589 τὰ
808 3536 962 3604 λόγια
995 3536 1365 3609 παρεδήλωσε.

222 3626 286 3679 δ’.
322 3626 692 3696 Παρέλκοντος
718 3626 762 3679 δ’
802 3626 867 3680 ἀν
894 3625 979 3697 εἴη
1042 3626 1358 3698 δηλωτικὸν,
1414 3629 1648 3701 ὁπηνίκα
1688 3630 1718 3682 ὁ

151 3718 611 3788 ἀρχισυνάγωγος
622 3717 950 3773 ἀσθενοῦσαν
973 3717 1313 3775 έπιθανάτιον
1325 3720 1423 3793 τὴν
1447 3720 1719 3791 θυγατέρα

150 3808 500 3873 καταλιπὼν,
526 3808 617 3862 τὸν
650 3808 855 3881 Ἰησοῦν
884 3810 983 3880 μὲν
1020 3811 1187 3865 έδεττο
1215 3812 1435 3884 σωτῆρα
1467 3812 1718 3881 γενέσθαι

152 3900 582 3972 παραγεγονότα
609 3901 707 3971 τῆς
735 3901 926 3965 παιδός
956 3918 970 3932 ·
1000 3904 1057 3956 έν
1088 3902 1145 3955 66
1173 3902 1345 3973 τούτῳ
1398 3902 1504 3973 τῆς
1531 3904 1719 3975 φήμης

151 3995 308 4066 αὐτῷ
336 3994 430 4047 τὸν
460 3993 686 4047 θάνατον
730 3994 1161 4066 έπαγγελούσης,
1208 3995 1400 4064 ἐπάγει
1424 3997 1453 4049 6
1490 3994 1720 4065 εὐαγγε-

152 4087 367 4155 λιστὴς,
407 4102 426 4136 ε
464 4085 519 4137 Ὁ
547 4084 604 4139 66
645 4084 848 4157 Ἰησοῦς
876 4086 1108 4151 ἀκούσας
1140 4087 1408 4158 ἀπεκρίθη
1437 4087 1603 4158 αὐτῷ,
1630 4087 1722 4161 Μὴ

152 4174 355 4245 φοϐοῦ,
385 4174 546 4245 μόνον
577 4174 797 4229 πίστευε
822 4192 838 4209 ο
870 4194 891 4229 s
931 4177 1166 4248 έμφανὲς
1200 4177 1306 4250 γάρ
1324 4177 1399 4241 ὡς
1421 4180 1469 4231 εί
1490 4179 1584 4232 καὶ
1614 4196 1721 4250 μη-

152 4266 353 4335 δαμῶς
376 4266 736 4338 παρεντεθείη
770 4266 833 4321 τὸ
860 4267 1157 4339 ἀπεκρίθη,
1217 4267 1368 4323 οὑδὶν
1406 4268 1625 4323 ἔλαττον
1661 4270 1723 4323 τὸ

154 4359 459 4411 ὑπόλοιπον
481 4357 575 4411 τοῦ
620 4357 779 4427 λόγου
802 4358 902 4429 τὴν
934 4359 1105 4430 αὐτὴν
1125 4359 1421 4431 παρίστησι
1442 4360 1681 4416 διάνοιαν
1705 4377 1719 4390 ·

152 4448 403 4503 τοιοῦτον
418 4449 476 4503 66
493 4450 585 4502 καὶ
608 4448 689 4517 τὸ,
718 4468 737 4502 ι
759 4450 1097 4522 Ἀποκριθεὶς
1117 4452 1146 4505 6
1161 4452 1361 4523 Πέτρος
1383 4446 1535 4507 εἴπεν
1552 4452 1721 4524 αὐτῷ,

1884 3622 1939 3676 ι.
1978 3621 2203 3691 Insuper
2242 3621 2406 3675 etiam
2462 3620 2775 3678 redundans
2822 3636 2924 3677 vox
2971 3632 3054 3678 est
3096 3626 3382 3691 respondit,

1823 3713 1985 3769 veluti
2012 3729 2134 3769 cum
2197 3713 2677 3784 archisynagogus,
2739 3714 2833 3784 qui
2888 3714 3183 3785 reliquerat
3215 3716 3379 3771 liliam

1818 3803 2032 3861 mortali
2070 3804 2261 3858 morbo
2312 3803 2752 3870 conﬂictantem,
2809 3803 2994 3861 Jesu'm
3057 3808 3279 3878 rogabat
3323 3819 3386 3865 ut

1818 3896 2049 3967 puellam
2068 3903 2241 3949 morte
2256 3904 2498 3965 ereptum
2528 3898 2643 3950 iret.
2673 3896 2809 3951 Cum
2834 3911 2961 3952 vero
2988 3898 3201 3953 interim
3234 3898 3380 3954 fama

1820 3987 1887 4041 ad
1948 3994 2225 4056 parentem
2278 3993 2422 4038 esset
2468 3984 2629 4038 allata
2675 3986 2739 4040 de
2800 3985 2945 4041 illius
2995 3986 3167 4052 obitu,
3199 3985 3385 4041 subdit

1819 4077 2147 4145 evangelista
2188 4090 2203 4126 :
2243 4092 2263 4124 ι
2298 4074 2494 4130 Audita
2537 4091 2595 4129 re
2645 4073 2804 4131 Jesus
2850 4077 3127 4147 respondit
3165 4076 3276 4131 illi:
3309 4076 3387 4133 Ne

1821 4164 2423 4231 timeas,tantummodo
2439 4165 2594 4219 crede
2614 4164 2680 4218 ".
2706 4183 2724 4216 ι
2746 4165 2971 4222 Constat
2986 4167 3153 4233 enim,
3171 4165 3385 4223 etiamsi

1822 4260 2044 4315 verbum
2104 4257 2378 4325 respondit
2433 4257 2655 4313 minime
2725 4256 2921 4315 luisset
2983 4259 3383 4328 interpositum,

1824 4350 2174 4407 nihilominus
2203 4349 2392 4420 reliqui
2426 4350 2695 4405 sermonis
2737 4350 2981 4406 eamdem
3026 4350 3141 4406 fore
3166 4361 3385 4407 senten-

1826 4446 1976 4500 tiam.
2002 4442 2130 4497 Tale
2166 4450 2251 4498 est
2287 4452 2340 4498 et
2374 4441 2505 4497 illud
2534 4458 2548 4496 :
2592 4459 2611 4493 ι
2647 4440 3000 4511 Respondens
3027 4442 3221 4513 Petrus
3252 4445 3387 4500 dixit

154 4540 217 4593 Ei
246 4542 458 4603 ¹πάντες
484 4538 1025 4611 σκανδαλισθήσονται
1058 4542 1117 4595 έν
1166 4542 1269 4608 σοὶ,
1321 4541 1433 4611 έγὼ
1468 4544 1525 4597 66
1581 4544 1725 4599 οὐδέρ
1751 4558 1797 4618 D

1751 4558 1797 4618 ι)
1824 4543 1872 4597 ei
1896 4560 1909 4597 :
1933 4540 2156 4596 Etiamsi
2195 4554 2383 4595 omnes
2426 4539 2481 4594 in
2520 4548 2571 4594 te
2620 4538 2968 4593 scandalizati
3024 4536 3242 4601 l‘uermt.
3283 4554 3384 4609 ego

158 4647 293 4683 ποτε
321 4646 339 4661 ·
378 4647 397 4680 ι
436 4630 519 4682 ὅτι
544 4631 641 4700 μέν
670 4647 753 4684 τοι
783 4631 1052 4705 παρέλκον
1079 4630 1225 4683 έστὶν
1247 4630 1476 4685 ένταῦθα
1501 4631 1562 4685 τὺ
1588 4631 1725 4687 ἀπο-

154 4721 400 4791 κριθεὶς,
441 4720 535 4773 καὶ
563 4721 591 4772 ὁ
614 4722 1007 4793 εὐαγγελιστὴς
1031 4723 1255 4793 Μάρκος
1277 4722 1580 4777 ἐκδιδάσκει
1614 4726 1721 4795 μά-

152 4812 320 4865 λιστα
356 4827 370 4843 ·
414 4810 512 4863 καὶ
529 4811 636 4882 γάρ
661 4812 792 4865 αὐτὸ
840 4813 998 4867 τοῦτο
1045 4813 1389 4885 διερχόμενος
1420 4814 1482 4868 τδ
1529 4815 1725 4887 χωρίον

154 4902 301 4971 ὑπὲρ
334 4902 364 4955 δ
392 4902 666 4967 Ματθαίος
693 4904 789 4958 σὺν
813 4903 891 4977 τῷ
919 4904 1191 4976 ἀπεκρίθη
1226 4904 1540 4975 διηγήσατο,
1566 4906 1726 4972 αὐτὸς

150 4994 314 5047 οὐδὲν
339 4994 478 5057 ὅλως
494 4995 591 5064 τῆς
609 4994 790 5064 φωνῆς
800 4994 1059 5065 δεηθεὶς,ι
1078 4996 1138 5049 Ὀ
1152 4995 1207 5049 66
1220 4996 1421 5067 Πέτρος
1436 4994 1538 5067 εφη
1555 4995 1722 5068 αὐτῷ.

154 5084 222 5136 Ei
252 5085 462 5146 πάντες
490 5084 1057 5156 σκανδαλισθήσονται,
1084 5084 1199 5143 ἀλλ’
1221 5085 1320 5139 οὐκ
1351 5085 1461 5154 έγώ
1483 5102 1499 5117 ⁸
1527 5105 1546 5137 s
1583 5085 1725 5141 οὕτω

152 5177 215 5229 δι
248 5175 445 5245 σαφῶς
466 5176 828 5230 ἐπιδείκνυται
856 5172 1251 5257 παρέλκονκαὶ
1272 5178 1331 5231 6v
1371 5180 1438 5249 τῇ
1461 5179 1601 5231 κατά
1634 5177 1724 5232 τὸν

152 5266 401 5321 Πιλάτον
436 5266 664 5338 ἱστορίᾳ,
695 5268 782 5321 δτε
811 5266 902 5321 τὸν
939 5268 1143 5339 Ἰησοῦν
1187 5268 1463 5340 έπεχείρει
1494 5272 1592 5341 τῆς
1615 5268 1723 5323 τῶν

163 5351 450 5405 Ἰουδαίων
492 5351 745 5407 ἀπολύειν
781 5355 1086 5425 μιαιφονίας
1116 5371 1131 5388 ·
1171 5356 1434 5427 έκατέρου
1464 5359 1571 5431 γάρ
1609 5357 1718 5411 τῶν

1825 4641 2004 4689 autem
2055 4631 2524 4701 haudquaquam‘.
2560 4647 2579 4681 ι
2641 4631 2783 4685 Sane
2833 4629 2976 4700 quod
3036 4629 3123 4685 hic
3166 4645 3265 4684 vox
3295 4646 3382 4685 re-

1827 4722 2046 4793 spondit
2068 4720 2348 4784 redundet,
2392 4718 2608 4775 Marcus
2639 4720 2885 4790 apprime
2914 4720 3245 4789 evangelista
3282 4721 3385 4775 do-

1827 4824 1913 4871 cet
1950 4828 2222 4883 :namque
2249 4812 2303 4867 in
2329 4811 2518 4867 eadem
2545 4812 2857 4867 narratione
2886 4826 3131 4874 versans.
3173 4813 3224 4865 in
3278 4828 3383 4880 qua

1829 4906 2112 4963 latthasus
2140 4905 2305 4961 verbo
2364 4904 2643 4973 respondit
2680 4904 2871 4967 utitur.
2904 4905 3017 4975 ipse
3048 4904 3208 4974 hujus
3234 4904 3382 4957 vocis

1830 4995 2073 5052 subsidio
2098 5009 2205 5049 non
2242 4994 2487 5049 invocato
2530 4994 2609 5049 sic
2637 4995 2826 5049 scribit
2862 5013 2875 5049 :
2922 5012 2941 5045 ε
2983 4993 3174 5050 Petrus
3202 5004 3379 5049 autem

1829 5088 1964 5142 dixit
1988 5086 2071 5141 ei:
2097 5084 2211 5141 Etsi
2245 5100 2433 5140 omnes
2462 5085 2808 5140 scandalizati
2838 5086 3179 5150 fuerint,nnn
3206 5096 3379 5142 tamen

1828 5191 1928 5246 ego
1949 5178 1991 5233 ⁸.
2039 5195 2057 5229 ι
2101 5176 2190 5231 Sic
2235 5185 2418 5247 aperte
2471 5176 2872 5231 demonstratur
2923 5178 3222 5232 redundare
3279 5180 3381 5232 hoc

1828 5268 2051 5323 verbum
2104 5267 2156 5322 in
2208 5267 2432 5323 historia
2481 5284 2695 5339 quoque
2754 5285 2933 5323 rerum
2981 5285 3160 5324 coram
3209 5268 3381 5323 Pilato

1821 5365 2115 5427 gestarum,
2142 5372 2248 5426 quo
2278 5365 2515 5428 tempore
2556 5359 2643 5415 hic
2679 5356 2861 5414 Iesum
2901 5358 3207 5415 Judazorum
3247 5362 3379 5415 caedi

225 5506 581 5585 '.:_III'F-_l_!.
616 5512 720 5585 _37.
796 5511 1227 5585 "')la~tth.rx_v_tl.
1260 5514 1316 5569 ὁ.
1388 5514 1435 5546 ⁸⁸
1458 5512 1662 5585 Matth.
1695 5530 1805 5582 xiv,
1836 5516 1925 5575 28.
1999 5517 2043 5551 "
2076 5515 2263 5572 Matth.
2284 5517 2510 5580 xm,36.
2584 5519 2630 5551 ”
2662 5518 2828 5574 Marc.
2865 5534 2959 5585 xu,
2982 5517 3070 5574 34.
3134 5518 3179 5549 θ’
3212 5513 3375 5569 Marc.

150 5593 208 5643 v,
242 5572 340 5633 36.
422 5580 438 5610 ¹
485 5572 671 5637 Iatth.
716 5598 864 5649 xxvr,
900 5582 987 5639 33.
1065 5584 1087 5615 '
1120 5572 1415 5649 κεί-οων,
1448 5583 1534 5638 29.

1676 5716 1905 5772 ΝΟΤιΕ.

234 5823 359 5891 ('57)
390 5820 718 5880 Vocabulum
787 5825 1068 5879 ὑπολαϐὼν
1118 5843 1213 5898 pro
1264 5831 1572 5898 respondens
1623 5830 1725 5885 late
1766 5830 1995 5887 illustrat
2024 5831 2361 5890 Wetstcnius
2389 5831 2454 5887 ad
2489 5830 2620 5890 Luc.
2659 5849 2713 5902 ι,
2747 5833 2834 5891 50.
