4202 6442
799 436 903 501 159

1954 427 2217 488 PHOTll
2247 426 2751 488 PATRIARCHE
2781 427 2888 487 (ΞΡ.

3924 420 4027 485 ιω

784 546 1087 603 subducere
1118 540 1414 598 nitebatur.
1452 535 1591 594 Nam
1613 535 1830 593 duobus
1865 537 2216 608 cvangelistis
2246 552 2353 590 non

2481 542 2548 588 iuo
2586 531 2989 604 εὖαγγελιστῶν
3016 528 3154 600 μετά
3209 527 3304 583 τοῦ
3331 525 3654 600 ἀποκριθεὶς
3677 527 3778 598 τὴν
3809 524 3904 581 τοῦ
3933 527 4030 581 λό-

785 639 904 693 sine
937 635 1098 691 verbo
1143 629 1420 702 respondit
1458 629 1762 684 orationem
1806 643 1960 683 suam
2002 628 2366 683 construenti-

787 729 911 794 hus,
966 728 1123 781 divus
1183 733 1363 779 tamen
1423 721 1601 777 Lucas
1621 720 1872 776 eumdem
1916 730 2096 775 actum
2125 719 2368 774 conseri-

789 823 945 882 hens,
1012 832 1189 888 neque
1224 816 1450 871 omnino
1478 814 1650 869 verbo
1703 814 1987 883 respondit
2017 822 2198 877 utens,
2229 811 2364 866 satis

787 911 1179 968 demonstravit
1228 919 1454 964 caeteros
1505 907 1870 963 redundanter
1922 906 2089 960 fuisse
2135 905 2363 959 locutos.

789 1006 880 1060 Ait
909 1005 1105 1074 quippe
1133 1002 1308 1056 Lucas
1337 1019 1351 1056 :
1392 1019 1410 1052 ι
1445 1000 1657 1054 Rursus
1683 999 1846 1068 igitur
1876 997 2078 1052 Pilatus
2108 997 2365 1067 populum

791 1099 1056 1151 allocutus
1097 1104 1203 1156 est,
1253 1091 1383 1147 dum
1441 1089 1625 1146 Jesum
1678 1090 1908 1145 liberare
1963 1097 2233 1158 satageret
2255 1088 2296 1140 ³.
2340 1089 2360 1138 ι

790 1191 1063 1246 Permulta
1115 1201 1248 1241 sane
1297 1183 1571 1254 ejusmodi
1623 1190 1828 1237 erunt:
1882 1181 1978 1237 sed
2033 1181 2178 1234 enim
2209 1178 2366 1232 nobis

792 1298 900 1338 non
962 1288 1046 1334 est
1085 1277 1427 1348 propositum
1479 1274 1883 1330 multitudinem
1924 1272 2364 1327 testimoniorum

790 1371 1063 1441 colligere,
1100 1382 1289 1422 verum
1329 1365 1579 1436 exemplo
1623 1364 2022 1430 tantummodo,
2068 1363 2278 1417 etiamsi
2314 1363 2367 1417 id

793 1477 958 1517 unttm
981 1467 1144 1522 esset,
1176 1457 1518 1529 signiﬁcatus
1546 1455 1709 1525 hujus
1751 1456 2031 1510 veritatem
2067 1455 2244 1524 palam
2286 1452 2366 1507 fa-

792 1568 938 1608 cere.
980 1551 1124 1606 Sane
1156 1560 1212 1605 et
1237 1550 1307 1605 ab
1335 1563 1396 1604 ea
1434 1549 1731 1614 locutione,
1757 1562 1879 1618 qua:
1911 1547 2248 1602 curationem
2283 1544 2369 1598 in-

793 1644 1005 1698 clinata:
1049 1640 1294 1696 mulieris
1351 1647 1647 1694 consecuta
1673 1647 1777 1704 est,
1824 1636 2156 1708 respondens
2189 1646 2367 1691 autem

793 1735 1258 1804 archisynagogus
1310 1747 1434 1786 cum
1496 1729 1840 1795 stomacho“,
1877 1730 1924 1784 si
1979 1729 2103 1799 quis
2145 1729 2367 1783 verbum

793 1824 1128 1893 respondens
1181 1823 1487 1885 subtrahat,
1535 1821 1738 1891 reliqua
1790 1821 2057 1876 sermonis
2078 1836 2202 1890 pars
2230 1820 2370 1875 inte-

2466 644 2560 695 γου
2580 625 2827 691 σύνταξιν
2856 638 3160 694 προενεγκα
3168 621 3352 690 μένου,
3374 614 3408 672 δ’
3424 619 3678 689 θεόσοφος
3702 616 4030 686 Δουκᾶςτὴν

2465 717 2635 787 αὐτὴν
2668 713 3000 785 ἀναγράφων
3030 710 3248 781 πρᾶξιν,
3279 709 3392 764 οὐδ’
3423 710 3558 773 ὅλως
3586 708 3931 780 χρησάμενος
3943 706 4028 776 τῷ

2465 806 2801 878 ἀποκριθεὶς,
2831 803 2998 868 ἔδειξε
3015 806 3141 866 τοὺς
3168 799 3361 865 ἄλλους
3424 802 3566 854 κατά
3623 799 3687 851 τδ
3741 797 4027 866 παρέλκον

2465 899 2842 972 χρησαμένους
2870 898 2936 967 τῇ
2963 896 3143 964 φωνῇ·
3169 892 3273 964 ἔφη
3293 894 3421 964 γὰρ,
3453 910 3473 944 ι
3503 891 3673 947 Πάλιν
3697 887 3791 943 οὖν
3811 889 3840 942 6
3857 887 4027 941 Πιλά-

2464 1011 2556 1057 τος
2587 990 2976 1063 προσεφώνησε
3002 989 3170 1041 θέλων
3191 985 3457 1041 ἀπολῦσαι
3489 983 3581 1037 τὸν
3615 980 3843 1052 Ἰησοῦν⁹
3884 996 3903 1029 ι
3931 979 4029 1031 καὶ

2466 1085 2636 1138 πολλὰ
2683 1083 2750 1137 ἀν
2801 1083 2886 1152 εἴη
2914 1080 3135 1135 τοιαῦτα
3155 1095 3170 1108 ⁸
3199 1079 3330 1149 ἡμῖν
3384 1077 3441 1130 δέ
3473 1074 3537 1129 οὐ
3568 1071 3850 1139 συλλέγειν
3904 1070 4032 1122 ἐστὶ

2468 1178 2668 1247 πλῆθος
2701 1173 3009 1248 μαρτυριῶν
3038 1172 3255 1235 σκοπὸς,
3288 1169 3422 1224 ἀλλά
3441 1165 3845 1237 παραδείγματι
3865 1162 4032 1233 μόνον

2464 1268 2822 1334 ἐνδείξασθαι,
2848 1264 2952 1319 κᾶν
2982 1262 3060 1334 τῷ
3084 1263 3167 1317 ἐνὶ
3212 1259 3618 1332 περιγράφοιτο,
3669 1253 3764 1307 τοῦ
3828 1268 4033 1321 σημαι-

2466 1361 2692 1431 νομένου
2722 1355 3026 1426 κατάδηλον
3054 1355 3152 1425 τὴν
3190 1352 3427 1410 διάνοιαν
3458 1364 3475 1380 ο
3522 1346 3646 1402 ἐπεὶ
3667 1343 3764 1398 καὶ
3786 1343 3847 1396 τὸ
3866 1341 4035 1414 ῥηθὲν

2471 1451 2608 1522 μετά
2631 1449 2731 1520 τὴν
2777 1447 3077 1518 θεραπείαν
3131 1443 3231 1513 τῆς
3283 1437 3698 1510 συγκυπτούσης
3751 1432 4032 1503 γυναικὸς,

2465 1541 2786 1611 ἀποκριθεὶς
2806 1540 2864 1595 δὲ
2894 1540 2924 1592 6
2965 1533 3412 1610 ἀρχισυνάγωγος
3463 1525 3810 1597 ἀγανακτῶν,
3847 1524 3902 1577 ετ
3944 1538 4034 1586 τις

2469 1637 2709 1705 περιέλοι
2729 1637 2790 1688 τὸ
2816 1632 3154 1700 ἀποκριθεὶς,
3185 1629 3248 1683 τδ
3271 1628 3396 1684 ἀλλο
3433 1625 3600 1696 μέρος
3647 1622 3746 1692 τῆς
3775 1619 4034 1690 φράσεως

2467 1731 2742 1801 ἀκήρατον
2768 1728 2867 1799 τὴν
2897 1725 3064 1797 αὐτὴν
3089 1721 3420 1778 ἀναπτύσσει
3445 1719 3702 1774 διάνοιαν·
3728 1712 3882 1801 οὓτω
3907 1710 4032 1801 μὲν,

2469 1800 2643 1892 οἶμαι,
2681 1819 2863 1888 σαφῶς
2899 1815 3258 1870 ἐπιδέδεικται
3291 1810 3466 1882 ἀρχῆς
3493 1824 3552 1860 τε
3585 1805 3740 1874 λόγον
3771 1800 4035 1892 πολλάκις

793 1931 945 1987 gram
974 1915 1155 1969 adhuc
1182 1915 1442 1969 retinebit
1491 1885 1818 1968 sententiam
1858 1927 2034 1968 suam.
2075 1885 2250 1982 Atque
2295 1912 2369 1967 ita

2481 1885 2684 1983 Ιιιιιτέχειν
2714 1885 2775 1964 τδ
2819 1906 3169 1979 ἀποκριθεὶς,
3219 1904 3314 1959 καὶ
3366 1898 3615 1969 διαδοχὴν
3661 1891 4030 1987 ἡγησαμένων

795 2007 1078 2077 perspicue
1102 2007 1537 2062 demonstratum
1578 2005 1852 2070 existimo,
1882 2005 2106 2059 verbum
2138 2018 2367 2074 respon-

794 2097 931 2152 dens
964 2106 1018 2153 et
1048 2097 1186 2153 initii
1218 2098 1337 2152 vice
1369 2113 1509 2167 saepe
1551 2096 1728 2166 fungi,
1761 2111 1815 2151 et
1853 2095 2189 2150 adtnittentis
2235 2110 2373 2165 prae-

795 2188 1071 2245 cedentem
1108 2203 1440 2252 sermonem,
1499 2195 1555 2241 et
1615 2186 1899 2257 expletiva:
1930 2200 2146 2255 quoque
2175 2185 2374 2240 dictio.

795 2283 884 2338 nis
908 2298 924 2347 ;
947 2291 1000 2336 et
1031 2282 1263 2352 denique
1294 2280 1662 2350 deprecationi
1697 2280 1979 2334 inservire.

868 2370 920 2426 5.
950 2371 1104 2437 Quod
1150 2386 1281 2426 vero
1325 2371 1492 2424 etiam
1565 2368 1930 2437 interrogandi
1996 2365 2102 2421 vim
2155 2366 2368 2430 habeat,

795 2461 1075 2517 evidenter
1146 2461 1494 2534 cognoscitur
1542 2474 1574 2515 e
1611 2458 1756 2513 Petri
1790 2457 2049 2528 principis
2079 2457 2372 2513 locutione.

795 2553 932 2608 Nam
969 2568 1094 2608 cum
1141 2569 1295 2609 sacra
1333 2552 1562 2608 historia
1598 2550 1823 2606 Ananiae
1875 2549 1982 2605 fata
2008 2557 2061 2603 et
2090 2549 2375 2620 Sapphirae

796 2647 1033 2715 exponit.
1065 2660 1392 2715 pmnamque
1415 2641 1687 2698 mendacii
1705 2651 1973 2706 mortem;
2006 2655 2131 2696 mox
2161 2641 2376 2696 auexit:

803 2759 822 2790 ε
857 2739 922 2793 Et
959 2754 1094 2792 uxor
1149 2736 1270 2806 ejus
1313 2744 1543 2790 eventus
1595 2733 1779 2787 nescia
1808 2732 2142 2801 supervenit.
2173 2750 2191 2783 ι
2229 2731 2367 2786 Τιιιιι

800 2833 972 2905 pergit
1004 2833 1185 2888 dicere
1219 2846 1234 2883 :
1274 2846 1294 2880 ι
1342 2826 1745 2896 Responditque
1777 2824 1828 2879 ei
1859 2816 2088 2880 Petrus:
2121 2824 2215 2879 Dic
2246 2824 2376 2879 mihi

801 2937 980 2981 utrum
1016 2923 1149 2978 tanti
1179 2935 1365 2990 agrum
1395 2916 1825 2972 vendideritts'?
1861 2936 1880 2968 ι
1915 2915 2054 2970 Nam
2077 2931 2200 2986 quae
2233 2932 2379 2971 nunc

800 3018 975 3088 magis
1028 3014 1247 3086 propria
1295 3009 1591 3081 excogitari
1630 3018 1809 3080 potest
1846 3009 2176 3080 signiﬁcatio
2229 3009 2376 3063 verbi

800 3109 1102 3180 respondit,
1141 3120 1302 3176 quam
1335 3103 1736 3172 interrogavit?
1771 3099 1947 3156 Veluti
1996 3101 2156 3157 etiam
2206 3101 2376 3158 illud:

806 3223 825 3256 ε
861 3199 1276 3291 Responderunt
1301 3193 1494 3291 Judaei,
1526 3193 1888 3291 dixeruntque
1926 3193 2000 3247 illi
2041 3209 2055 3248 :
2097 3193 2379 3259 Quodnam
2407 3233 2449 3291 ο

799 3295 1017 3364 signum
1069 3288 1331 3350 ostendis,
1373 3286 1502 3356 quia
1530 3285 1644 3339 haec
1682 3284 1899 3340 facis‘?
1936 3303 1954 3335 ι
2017 3284 2146 3339 item
2202 3285 2370 3340 illud:

806 3405 825 3436 ε
861 3381 1160 3452 Respondit
1199 3380 1279 3435 eis
1327 3376 1526 3433 Jesus:
1586 3375 1776 3431 Nonne
1814 3391 1912 3446 ego
1962 3391 2061 3432 vos
2090 3376 2374 3430 duodccnn

801 3477 1018 3548 elegi"!
1050 3495 1068 3528 ι
1106 3474 1416 3529 Lectionem
1444 3481 1675 3537 utroque
1713 3472 1832 3525 loco
1857 3472 1961 3526 vim
2011 3472 2374 3540 interrogandi

802 3571 1001 3625 habere
1030 3567 1372 3637 exploratum
1400 3571 1503 3619 est.
1530 3560 1718 3632 Neque
1745 3571 1972 3618 eatenus
2015 3561 2378 3632 signiﬁcatio-

804 3675 902 3715 ιιιιε
928 3657 1077 3712 verbi
1109 3655 1386 3725 respondit
1415 3653 1761 3725 pertingunt;
1787 3667 1974 3707 verum
2007 3652 2060 3706 id
2084 3652 2378 3722 aliquando

805 3755 871 3807 ad
903 3751 1108 3806 nullum
1137 3748 1406 3818 prolatum
1433 3760 1529 3800 ore
1551 3745 1779 3801 verbum
1803 3743 2054 3809 refertur,
2081 3745 2175 3798 sed
2194 3744 2379 3798 occul-

806 3848 875 3901 tis
908 3843 1187 3900 hominum
1226 3838 1647 3910 cogitationibus
1683 3837 1941 3894 occurrit.
1973 3833 2173 3896 Veluti.
2210 3853 2229 3888 ι
2258 3834 2379 3890 Cer-

806 3952 945 3992 nens
999 3933 1309 3989 Pbarisaaus
1362 3931 1456 4002 qui
1511 3929 1699 3986 Iesum
1754 3927 2006 3984 convivio
2064 3936 2374 3998 exceperat,

807 4029 940 4084 dixit
970 4025 1109 4080 intra
1141 4038 1237 4078 se:
1268 4021 1368 4077 ilic
1397 4021 1443 4077 si
1469 4029 1616 4076 esset
1648 4021 1932 4090 propheta,
1965 4029 2149 4076 nosset
2193 4020 2377 4090 utique

806 4137 928 4194 quae
950 4127 1261 4190 quantaque
1316 4113 1511 4169 mulier
1541 4127 1664 4166 eum
1722 4112 1992 4182 attingat,
2033 4126 2226 4180 nempe
2253 4126 2380 4181 pec-

807 4211 1046 4268 catrix'.
1092 4227 1112 4261 ι
1141 4205 1298 4262 Nunc
1321 4217 1492 4268 certe,
1527 4217 1841 4272 quanquam
1897 4201 2042 4255 nulla
2076 4201 2379 4270 interroga-

807 4303 882 4358 tio
915 4299 1273 4370 praecesserit,
1307 4309 1480 4364 neque
1508 4292 1792 4347 exordium
1827 4303 2139 4349 consecuta:
2163 4296 2373 4348 oratio.-

807 4396 892 4451 nis
924 4395 1036 4458 llat,
1065 4405 1237 4461 neque
1261 4385 1601 4456 aliicuipiam
1625 4400 1656 4440 e
1677 4385 1948 4455 praedictis
1965 4384 2140 4440 modis
2167 4385 2377 4441 locutio

806 4482 1267 4546 accommodetur,
1295 4479 1443 4534 addit
1468 4477 1797 4547 evangelista
1833 4494 1847 4531 :
1886 4495 1906 4528 ι
1945 4475 2011 4530 Et
2044 4477 2378 4548 respondens

2473 1979 2754 2077 ῥημάτων,
2783 2001 2878 2055 καὶ
2904 2000 3268 2069 παρέλκοντος
3303 1992 3469 2049 τόπον
3507 1990 3672 2060 ἔχειν,
3701 1986 3796 2040 καὶ
3817 1979 4036 2042 ίκεσίας

2471 2092 2812 2166 ἀναπληροῦν
2831 2090 3041 2164 χρείαν.

2542 2368 2605 2416 ε’.
2646 2357 2854 2412 Ὀτιδέ
2913 2355 3009 2412 καὶ
3026 2352 3127 2425 την
3177 2347 3443 2422 ἐρώτησιν
3489 2344 3810 2416 ὑπέρχεται,
3858 2341 3895 2408 ἠ
3937 2334 4036 2391 τοῖι

2474 2451 2770 2525 κορυφαίου
2800 2449 3007 2519 Πέτρου
3029 2444 3357 2516 παρίστησιν
3378 2435 3622 2508 ἐναργῶς
3646 2432 3799 2503 φωνή
3823 2446 3838 2463 ·
3853 2429 3916 2483 τὸ
3931 2428 4037 2525 γάρ

2474 2519 2729 2601 κατάήτὸν
2763 2539 3010 2594 Ἀνανίαν
3042 2536 3136 2590 καὶ
3179 2534 3496 2602 Σάπφειραν
3545 2526 3713 2588 πάθος
3758 2519 4041 2589 ἀπαγγέλ-

2475 2639 2582 2692 λων
2603 2639 2631 2690 ὁ
2663 2636 2839 2705 λόγος,
2875 2632 2970 2686 καὶ
2996 2628 3097 2698 τῆς
3125 2622 3477 2698 ψευδολογίας
3501 2619 3590 2673 τὸν
3628 2611 4038 2682 είσπραχθέντα

2478 2731 2729 2791 θάνατον,
2750 2725 2952 2795 συνῆψε
2985 2722 3104 2794 μὲν,
3134 2739 3152 2772 ι
3179 2720 3289 2772 Καὶ
3323 2718 3357 2786 ἡ
3385 2712 3521 2783 γυνὴ
3549 2709 3713 2764 αὑτοῦ
3753 2707 3828 2778 μὴ
3868 2705 4044 2757 εἰδυῖα

2477 2821 2538 2875 τὸ
2559 2819 2800 2889 γεγονὸς,
2832 2815 3080 2884 εἰσῆλθεν
3116 2827 3130 2842 ·
3173 2829 3191 2863 ι
3220 2809 3416 2876 ἐπάγει
3449 2805 3574 2890 δέκι
3603 2801 3712 2856 Καὶ
3763 2795 4042 2890 ἀπεκρίθη

2477 2887 2612 2985 αὐτῇ
2641 2914 2670 2966 6
2707 2911 2932 2980 Πέτρος,
2958 2905 3092 2960 Εἰπέ
3128 2919 3218 2974 μοι
3251 2902 3300 2954 εἰ
3326 2887 3577 2951 τοσούτου
3607 2893 3667 2946 τὸ
3697 2890 3906 2985 χωρίον

2479 2977 2694 3069 έδοσθες
2733 3023 2752 3055 ι
2785 2977 2837 3054 τί
2862 3000 2971 3070 γάρ
3003 2996 3070 3052 ἂν
3096 2995 3283 3064 ἕτερον
3306 2990 3632 3057 οἰκειότερον
3655 2979 3908 3051 εὑρεθείη
3940 2977 4048 3070 υπὸ

2477 3091 2570 3144 τοῦ
2606 3066 2885 3158 ἀπεκρίθη
2913 3066 3029 3139 νυνὶ
3060 3080 3406 3153 δηλούμενον,
3435 3077 3468 3147 ἢ
3501 3076 3561 3128 τὸ
3584 3071 3899 3144 ηριὶιτησεν;
3934 3066 4047 3120 ὦσι

2482 3202 2586 3256 περ
2616 3184 2726 3248 καὶ,
2756 3201 2774 3234 ι
2803 3176 3205 3250 Ἀπεκρίθησαν
3219 3176 3269 3228 οι
3307 3171 3547 3226 Ἰουδαῖοι
3574 3167 3668 3221 καὶ
3687 3160 3839 3216 εἷπον
3872 3159 4046 3228 αὐτῷ,

2481 3277 2545 3331 Τί
2557 3251 2631 3346 ⁷ση
2641 3275 2788 3344 μεῖον
2806 3270 3067 3332 δεικνύεις
3087 3269 3170 3321 ὅτι
3191 3264 3362 3321 ταῦτα
3387 3262 3558 3322 ποιεῖς
3576 3275 3591 3325 ;
3617 3279 3636 3311 ι
3668 3256 3755 3310 ναὶ
3771 3256 3833 3325 δὴ
3853 3254 3949 3307 καὶ
3962 3251 4048 3346 τὸ,

2487 3389 2506 3422 ι
2555 3343 2849 3434 Ἀπεκρίθη
2895 3364 3080 3424 αὐτοῖς
3109 3361 3139 3413 6
3177 3355 3403 3429 Ἰησοῦς,
3443 3353 3556 3407 Οὐκ
3589 3348 3700 3419 ἐγὼ
3724 3347 3870 3417 ὑμᾶς
3920 3343 4052 3434 τοίως

2479 3458 2684 3511 δώδεκα
2707 3432 3070 3522 ἐξελεξάμηη
3101 3468 3121 3501 ι
3163 3445 3396 3518 φανερόν
3424 3442 3533 3512 γάρ
3563 3439 3656 3494 ἐπὶ
3690 3437 3920 3500 τούτων,
3972 3432 4050 3496 ὡς

2481 3544 2715 3616 ἑκατέρα
2745 3541 2889 3609 λέξις
2932 3521 3035 3610 τὴν
3079 3537 3169 3591 τοῦ
3204 3535 3450 3605 ἠρώτησε
3502 3530 3728 3599 δύναμιν
3781 3526 3939 3616 ἔχει,
3973 3521 4053 3575 Οὐ

2480 3615 2657 3690 ταῦτα
2678 3635 2735 3688 δέ
2757 3632 2913 3705 μόνον
2945 3630 3006 3684 τὸ
3036 3626 3308 3700 ἀπεκρίθη
3363 3623 3639 3696 σημαίνει,
3679 3618 3797 3673 ἀλλ’
3824 3615 4053 3670 εσθ⁹ὃτε

2486 3727 2591 3798 μὴν
2627 3726 2722 3779 καὶ
2755 3723 2889 3793 πρὸς
2921 3720 3072 3776 οὐδὲν
3099 3719 3208 3772 τῶν
3241 3713 3588 3788 προφορικῶν
3633 3709 4055 3798 ῥημάτωνέπι-

2483 3795 2726 3888 ιρέρεται,
2752 3814 2888 3888 πρὸς
2917 3813 2975 3867 δέ
3004 3810 3104 3883 τὴν
3125 3804 3520 3877 ἐνδομυχοῦσαν
3575 3801 3683 3856 τῶν
3737 3795 4054 3867 ἀνθρώπων

2480 3911 2714 3968 διάνοιαν
2743 3904 3123 3968 ἀπευθύνεται,
3155 3901 3231 3964 ὡς
3259 3901 3351 3953 ἐπὶ
3370 3895 3488 3962 τοῦ,
3531 3912 3552 3947 ι
3576 3892 3720 3948 Ἰδὼν
3744 3891 3800 3944 δέ
3826 3891 3856 3943 6
3888 3891 4062 3958 Φαρι-

2484 4003 2632 4064 σαῖος
2663 4000 2692 4052 6
2719 3998 2950 4061 καλέσας
2973 3995 3158 4058 αὑτὸν,
3184 3989 3337 4045 εἶπεν
3366 3991 3425 4042 ἐν
3473 3984 3671 4057 ἐαυτῷ,
3715 3979 3885 4044 Οὗτος
3908 3984 3961 4034 εί
3986 3977 4059 4052 ἦν

2483 4099 2787 4166 προφήτης.
2821 4090 3115 4159 ἐγίνωσκεν
3146 4084 3212 4140 ἀν
3238 4083 3324 4145 τίς
3347 4081 3440 4133 καὶ
3461 4075 3679 4146 ποταπὴ
3706 4076 3740 4146 ἡ
3761 4074 3904 4143 γυνὴ
3929 4073 4061 4166 ἦτε

2483 4164 2710 4242 ἀπτετήαι
2730 4182 2915 4246 αὐτοῦ,
2933 4183 3014 4235 ὃτι
3040 4174 3361 4249 ἁμαρτωλός
3387 4174 3553 4226 ἐστιν·
3581 4186 3600 4221 ι
3633 4170 3733 4240 ὅρα
3767 4166 3879 4235 γὰρ
3911 4164 4062 4234 μηδέ

2487 4277 2615 4348 μιᾶς
2669 4275 2988 4346 ἐρωτήσεως
3032 4264 3524 4342 προηγησαμένης,
3570 4259 3693 4330 μηδ’
3737 4258 3818 4319 είς
3869 4255 4062 4324 ἀρχὴν

2481 4366 2576 4422 τοῦ
2627 4366 2752 4438 ἑξῆς
2795 4360 3199 4433 ἀναφερομένου
3241 4358 3401 4425 λόγου
3425 4393 3441 4418 ,
3478 4353 3601 4424 μηδ’
3653 4350 3782 4406 ἀλλο
3824 4365 3882 4402 τι
3941 4348 4062 4402 τῶν

2482 4457 2897 4531 προειρημένων
2923 4454 3023 4522 τῆς
3045 4453 3294 4520 φράσεως
3316 4444 3758 4514 συνεισαγούσης,
3787 4442 4000 4531 ἐπάγει
4034 4443 4065 4493 ὁ

803 4528 1218 4632 Iiéii'iilu'am
1252 4528 1268 4626 ξ
1296 4528 1520 4636 sin-{66,
1539 4528 2375 4637 Etiamsiagiagi;

2484 4528 2892 4618 εθαγγελιστὴς,
2925 4564 2944 4598 ι
2976 4545 3087 4598 Καὶ
3111 4538 3428 4612 ἀποκριθεὶς
3454 4540 3482 4593 6
3520 4535 3725 4607 Ἰησοῦς
3758 4528 3884 4588 εἶπε
3912 4533 4064 4604 πρὸς

805 4668 1005 4726 Deinde
1049 4664 1430 4733 interrogative
1483 4626 1858 4732 prosequens,-
1902 4659 2098 4729 impias
2141 4660 2375 4719 hominis

2486 4642 2666 4705 αὑτὸν,
2692 4640 2894 4712 Σίμων,
2922 4637 3030 4707 ἔχω
3061 4635 3144 4688 σοί
3165 4651 3218 4687 τι
3239 4633 3411 4686 εἰπεῖν
3429 4647 3444 4661 ο
3477 4647 3495 4683 ι
3522 4631 3614 4683 καὶ
3634 4627 3703 4682 δι’
3723 4626 4065 4696 ἐρωτήσεως

801 4717 1571 4833 cogitatiottesvcaztigavit,'eu
1581 4717 1676 4824 mq
1679 4768 1744 4809 ue
1763 4717 1839 4808 ad.
1855 4717 2107 4823 pietatem
2121 4768 2186 4809 ac
2217 4717 2375 4808 [idem

2483 4732 2780 4807 προελθὼν,
2809 4732 2870 4786 τό
2895 4747 2956 4784 τε
2989 4728 3307 4799 βλάσφημον
3342 4724 3454 4778 τῶν
3484 4717 3850 4789 διαλογισμῶν
3874 4717 4061 4798 imp-

801 4811 902 4926 pr;
937 4867 1036 4908 sua
1094 4811 1380 4908 clementia
1437 4811 1669 4902 direxit:
1719 4811 1904 4915 Neque
1934 4844 2081 4899 enim
2114 4845 2367 4901 dubitare

2482 4831 2700 4902 ρἀισε,
2736 4826 2830 4882 καὶ
2860 4823 2993 4896 πρὸς
3019 4822 3080 4878 τὸ
3115 4819 3364 4883 θεοσεϐὲς
3405 4815 3499 4872 καὶ
3551 4813 3892 4877 ἀδίστακτον,
3952 4811 4065 4865 ὅσα

2475 4940 2535 4976 τε
2565 4922 2631 4991 τῇ
2658 4916 2820 4972 αὐτοῦ
2849 4915 3251 4988 φιλανθρωπίᾳ,
3275 4907 3700 4983 μετερύθμισενο-
3718 4908 3819 4959 οὐκ
3847 4903 4067 4976 ἄδηλον

974 4995 1111 5090 ,ἵει-ευ⁷
1151 4995 1316 5104 quam
1368 4995 1609 5087 diximus
1667 5027 1990 5100 expositioni
2052 4995 2368 5099 praeposita,

2481 5013 2578 5085 γὰρ
2604 5013 2678 5074 ὡς
2704 5010 2783 5074 τὸ,
2823 5027 2844 5062 ι
2864 5005 3247 5079 Ἀποκριθεὶςό
3278 5001 3479 5077 Ἰησοῦς
3503 4995 3624 5054 είπε
3653 4997 3790 5069 πρὸς
3804 4995 4008 5062 αὑτὸν,
4037 5016 4060 5051 ι

799 5127 1060 5182 adversus
1101 5124 1266 5180 animi
1293 5136 1528 5178 arcanos
1547 5131 1724 5178 motus
1754 5123 2184 5191 intorquesntur.
2221 5119 2372 5176 Panis

2481 5103 2912 5177 προταττόμενον
2939 5101 3038 5172 τῆς
3065 5096 3470 5170 προρρηθείσης
3520 5089 3838 5165 ἑρμηνείας,
3905 5090 4066 5161 πρὸς

801 5221 1022 5287 insuper
1064 5213 1252 5270 forma
1292 5213 1425 5268 illud
1463 5222 1593 5268 est:
1646 5230 1664 5263 ι
1703 5182 2059 5282 Respondens
2099 5209 2257 5265 Jesus
2293 5211 2371 5267 le-

2481 5200 2568 5272 τὴν
2598 5201 2656 5254 ἐν
2683 5197 2761 5270 τῷ
2795 5195 2946 5268 βάθει
2973 5193 3074 5264 τῆς
3102 5188 3332 5265 καρδίας
3383 5190 3599 5259 κίνησιν
3653 5184 3760 5239 τῶν
3801 5182 4070 5251 διαλογιο

801 5273 1077 5380 gisperitis
1101 5309 1159 5361 ἐ
1199 5323 1218 5357 ι
1253 5304 1400 5375 quod
1432 5304 1560 5358 item
1611 5273 1946 5373 perturbatis
1982 5301 2373 5372 seditiosisque

2481 5289 2635 5362 σμῶν
2665 5289 2750 5360 εῐη
2777 5287 2843 5342 ἀν
2874 5283 3288 5354 ἀποδεδομένον.
3337 5278 3679 5351 Ὀμοστοιχετ
3703 5274 3760 5328 δὲ
3797 5273 3878 5343 τῷ
3951 5276 4064 5347 ρη-

801 5368 1022 5454 illdrum
1051 5368 1320 5452 mentibus
1360 5368 1673 5464 Oppositum
1717 5393 1838 5457 fuit,
1874 5409 1985 5465 quo
2016 5403 2260 5463 tempore
2282 5368 2375 5465 hy-

2481 5385 2622 5439 θέντι
2647 5384 2743 5438 καὶ
2765 5384 2846 5448 τὸ,
2876 5400 2896 5434 ι
2921 5377 3262 5450 Ἀποκριθεὶς
3283 5377 3313 5430 6
3353 5371 3558 5445 Ἰησοῦς
3579 5370 3714 5438 πρὸς
3737 5368 3864 5431 τοὺς
3894 5385 4069 5436 νομι-

801 5487 1086 5559 dropicum
1136 5501 1318 5543 coram
1355 5459 1588 5542 stantem
1641 5459 1946 5541 viderunt:
2010 5484 2103 5554 qui
2128 5459 2280 5538 —cum
2314 5459 2375 5539 ad

2481 5479 2628 5545 κοὺς,
2657 5495 2676 5530 ι
2713 5474 3055 5544 ἐπαγόμενον
3083 5474 3150 5542 τῇ
3182 5467 3324 5526 κατὰ
3348 5468 3447 5535 τὴν
3473 5463 3710 5524 διάνοιαν
3736 5459 3928 5513 αὐτῶν
3954 5477 4062 5559 τα-

798 5548 1226 5637 misericordiam
1268 5577 1412 5634 ﬂecti
1461 5577 1741 5644 deberent,
1803 5591 1914 5631 non
1973 5548 2150 5631 tamen
2177 5575 2245 5631 de
2272 5589 2373 5631 sua

2481 5571 2621 5642 ραχῇ
2672 5568 2769 5623 καὶ
2789 5567 2999 5632 στάσει,
3031 5562 3194 5634 ἡνίκα
3235 5560 3328 5616 τὸν
3374 5552 3699 5628 ὑδρωπικὺν.
3727 5548 4065 5619 ἔμπροσθεν

800 4948 945 5011 licet,
978 4943 1112 5014 quin
1169 4944 1334 4998 verba
1385 4939 1703 5010 respondens
1731 4937 1886 4992 Jews
1919 4937 2059 4992 dixit
2093 4936 2195 5002 illi,
2221 4938 2370 5007 ejus-

874 5753 895 5784 ³
922 5751 1050 5808 Luc.
1083 5769 1238 5820 xxnt,
1268 5753 1379 5816 20;
1444 5749 1632 5808 Matth.
1696 5766 1866 5814 xxvn,
1891 5749 1953 5806 ει
1988 5767 2002 5816 ς
2040 5749 2204 5804 Marc.
2241 5765 2332 5818 xv,
2396 5747 2484 5806 l2.
2562 5747 2583 5781 δ
2610 5746 2746 5805 Luc.
2807 5758 2923 5810 xtn,
2986 5741 3070 5800 ll.
3142 5742 3164 5774 '
3193 5749 3312 5800 Act.
3343 5753 3395 5804 v,
3439 5739 3494 5796 3.
3595 5738 3616 5770 ⁶
3642 5733 3801 5793 Joan.
3840 5745 3911 5794 ιι,
3957 5729 4056 5791 18.

805 5823 826 5860 ⁸
858 5820 1013 5880 Joan.
1050 5841 1123 5891 vt,
1152 5826 1237 5883 7i.
1313 5825 1335 5858 ⁸
1360 5822 1493 5881 Luc.
1527 5839 1624 5888 vn,
1653 5821 1741 5878 59.
1818 5821 1840 5853 ⁹
1873 5822 2006 5878 Luc.
2035 5836 2144 5896 ειν,
2173 5821 2228 5880 3.
