4202 6442
201 433 299 499 161

1176 441 1275 500 AD
1312 437 1905 502 AMPHILOCHIUM
1942 440 2286 512 QU/ESTIO
2320 441 2478 504 ΧΧῘ.

3345 436 3450 510 ιϐἳ

198 553 381 608 αὐτῶν
416 549 701 620 ἱστάμενον
728 549 994 622 ἐθεώρουν
1018 562 1032 577 ⁶
1064 551 1157 604 καὶ
1189 552 1309 605 δέον
1327 553 1405 624 τῷ
1439 554 1601 608 πάθει
1628 555 1764 625 πρὸς

1873 554 2087 609 vesania
2131 553 2430 625 quidquam
2484 554 2853 610 remittebant.
2906 553 3103 609 Eadem
3169 558 3444 613 videretur

199 644 352 697 [λεον
378 640 802 711 μεταϐαλέσθαι,
831 643 880 693 oi
903 641 959 693 δὲ
981 640 1081 711 τῆς
1104 642 1367 705 ἀπονοίας
1396 642 1456 695 οὐ
1494 643 1763 712 μεθίεντα

201 735 316 804 Τὴν
342 735 514 805 αὐτὴν
538 734 585 787 δ’
617 734 684 787 ἂν
706 733 998 803 παρέχοιτο
1025 734 1299 804 σημασίαν
1321 735 1416 788 καὶ
1436 735 1517 800 τὸ,
1556 752 1577 788 ι
1597 736 1762 787 Ἀπο-

202 828 487 897 κριθεὶςδὶ
513 827 542 879 6
569 824 776 897 Ἰησοῦς
801 822 953 879 εἶπεν
970 826 1153 890 αὐτοῖς
1170 866 1185 889 ,
1228 826 1419 897 Ἀμὴν,
1436 827 1608 898 Ἀμὴν
1626 827 1769 895 λέγω

203 919 357 989 ὑμῖν,
385 921 483 973 ἐὰν
514 921 673 991 ἔχητε
705 918 889 971 πίστιν
913 919 1008 972 καὶ
1033 919 1108 988 μὴ
1138 919 1479 990 διακριθῆτε,
1515 921 1577 972 οὐ
1609 919 1769 990 μόνον

196 1010 258 1061 τι»
278 1008 384 1079 τῆς
437 1008 609 1078 συκῆς
654 1009 932 1079 ποιήσετε,
970 1008 1108 1061 άλλά
1155 1009 1260 1062 κᾶν
1298 1008 1377 1079 τῷ
1432 1008 1549 1079 ὄρει
1592 1007 1770 1076 τούτῳ

197 1100 416 1170 εἴπητε,
438 1099 723 1167 Μετάϐηθι
751 1102 832 1163 είς
864 1100 966 1170 τὴν
994 1098 1287 1164 θάλασσαν,
1318 1098 1706 1170 μεταϐήσεται⁸
1748 1118 1766 1148 ι

198 1192 295 1244 καὶ
326 1192 437 1260 γάρ
462 1191 563 1244 ὅσα
591 1206 656 1257 γε
689 1189 832 1261 κατὰ
860 1190 913 1243 τὶ
972 1190 1270 1261 πρόχειρον
1309 1189 1410 1259 τῆς
1455 1186 1770 1253 συνεπείας,

198 1208 295 1244 και
326 1208 437 1260 γαρ
462 1208 563 1244 οσα
591 1208 656 1257 γε
689 1208 722 1243 κ
761 1208 832 1243 τα
860 1208 913 1243 τι
972 1208 1270 1261 προχειρον
1309 1208 1410 1259 της
1455 1208 1770 1253 συνεπειας,

197 1284 340 1354 πρὸς
367 1286 470 1352 τὴν
506 1285 563 1334 ὲν
588 1281 665 1352 τῷ
690 1208 842 1352 ﬁget
874 1282 977 1350 τῆς
1029 1282 1257 1349 καρδίας
1304 1280 1533 1352 μελέτην
1581 1281 1771 1335 ἀπεδί-

194 1377 321 1429 δοτο
371 1376 438 1428 ἂν
496 1374 556 1427 τὸ
606 1373 947 1442 ἀποκριθεὶς,
1001 1374 1051 1426 εί
1080 1374 1153 1443 μὴ
1176 1374 1402 1444 Μάρκος
1427 1375 1455 1426 6
1484 1374 1774 1437 θεσπέσιος

194 1467 565 1537 ἀπαγγέλλων
591 1467 653 1520 τὸ
677 1466 876 1536 χωρίον
908 1467 1263 1538 σαφέστερον,
1295 1470 1379 1531 είς
1412 1468 1511 1536 τὴν
1538 1467 1633 1521 τοῦ
1684 1467 1777 1520 λό-

194 1578 297 1627 γου
321 1558 576 1629 διαδοχὴν
608 1560 709 1629 τὴν
730 1559 1007 1629 σημασίαν
1028 1557 1349 1629 μεθίστησιν
1371 1576 1385 1590 ο
1432 1558 1604 1612 εἰπὼν
1641 1559 1774 1629 γὰρ,

201 1671 221 1705 ι
249 1652 362 1706 Καὶ
376 1650 740 1721 ἀναμνησθεὶς
762 1652 790 1704 6
814 1651 1020 1721 Πέτρος
1046 1650 1193 1719 λέγει
1218 1648 1609 1718 αύτῷ,⁶Ρα66ὶ.
1640 1650 1715 1704 [δε
1741 1652 1773 1720 ἡ

198 1747 344 1813 συκῆ
376 1746 444 1814 ἦν
477 1744 774 1815 κατηράσω
807 1742 1092 1813 ὲξήραται,
1123 1761 1141 1793 ι
1182 1743 1395 1809 εἰσάγει
1441 1741 1533 1794 τὸν
1572 1741 1777 1811 Ἰησοῦν

1868 645 2197 715 signiﬁcatio
2250 646 2556 703 dictionis:
2613 665 2632 697 ι
2667 646 3029 715 liespondens
3083 646 3242 704 Iesus
3304 652 3448 707 dixit

1870 733 1978 787 illis
2010 752 2024 789 :
2052 733 2258 804 lAmen,
2294 750 2451 790 amen
2507 736 2632 791 dico
2672 736 2849 799 vobis,
2879 738 2925 793 si
2950 737 3112 793 ﬁdem
3148 740 3450 796 habueritis

1871 838 2051 894 neque
2103 825 2509 890 haesitaveritis,
2565 842 2680 883 non
2725 827 2900 883 solum
2943 828 3080 885 ﬁcus
3140 833 3445 903 prodigium

1870 911 2153 980 patrabitis
2177 929 2193 977 ;
2218 926 2411 967 verum
2444 913 2610 969 etiam
2641 915 2687 969 si
2713 916 2840 970 huic
2864 914 3008 972 forte
3046 922 3217 974 monti
3242 922 3448 977 dixeri-

1872 1003 1964 1067 tis,
2008 1002 2317 1074 Commigra
2385 1006 2441 1059 in
2487 1021 2673 1073 nare,
2722 1009 3185 1081 commigrabit".
3243 1031 3262 1064 ι
3312 1013 3448 1070 Nam

1872 1093 2018 1163 quod
2078 1096 2273 1151 attinet
2320 1098 2388 1152 ad
2436 1099 2736 1155 naturalem
2796 1104 3064 1159 sermonis
3105 1115 3447 1172 contextum,

1874 1182 2114 1239 verbum
2141 1200 2277 1241 sane
2319 1189 2657 1257 respondens
2689 1189 2985 1249 referretur
3026 1195 3093 1250 ad
3131 1197 3332 1253 mentis
3363 1214 3451 1253 ar-

1874 1288 2069 1330 canam
2106 1278 2516 1348 cogitationem,
2545 1282 2648 1337 nisi
2675 1283 2834 1338 divus
2868 1285 3109 1351 Marcus,
3135 1288 3231 1357 qui
3266 1290 3449 1344 locum

1877 1368 2024 1422 hunc
2063 1369 2387 1439 explicatius
2420 1372 2696 1439 edisserit,
2758 1376 2910 1431 verbi
2975 1379 3345 1449 signiﬁcatum
3382 1384 3451 1437 ad

1876 1460 2146 1514 sermonis
2178 1461 2366 1530 pravii
2396 1461 2786 1521 admissionem
2826 1469 3239 1536 exprimendam
3262 1473 3454 1527 tradu-

1878 1560 2049 1605 ceret.
2078 1549 2289 1607 Etenim
2318 1568 2445 1609 cum
2496 1554 2725 1612 dixisset
2757 1574 2773 1612 :
2812 1575 2833 1610 ι
2874 1557 3320 1633 Recordatusque
3352 1564 3454 1621 Pc-

1876 1642 2105 1706 trus,ait
2152 1642 2271 1698 illi:
2321 1643 2601 1715 Magister,
2633 1663 2700 1701 en
2732 1647 2865 1705 ﬁcus
2902 1650 2992 1705 cui
3020 1652 3163 1707 male
3196 1664 3452 1722 precatus

1876 1734 2215 1801 esexaruit;
2256 1752 2276 1787 ι
2320 1734 2451 1792 facit
2480 1737 2668 1794 Iesum
2700 1742 2935 1796 sermoni
2983 1742 3111 1798 huic
3157 1757 3454 1800 occurren-

194 1838 581 1907 διαδεχόμενον
608 1835 702 1888 τὸν
728 1833 887 1904 λόγον
917 1834 1011 1887 καὶ
1036 1832 1284 1902 λέγοντα,
1318 1852 1338 1886 ι
1364 1834 1557 1904 Ἔχετε
1592 1834 1776 1888 πίστιν

1879 1830 1986 1879 tem
2026 1824 2150 1880 sic:
2187 1841 2207 1877 ι
2244 1821 2512 1885 Habetote
2549 1827 2643 1886 Dei
2673 1830 2859 1887 ﬁdem.
2897 1832 3073 1886 Amen
3100 1833 3301 1906 quippe
3329 1834 3454 1891 dico

193 1896 544 1999 Θεοῦῗάμὴν
578 1928 688 1996 γὰρ
716 1896 864 1994 λέγω
886 1927 1035 1994 ὑμῖν,
1070 1896 1152 1980 ὅτι
1181 1927 1238 1990 6;
1264 1896 1331 1979 άν
1371 1896 1497 1996 εἴπῃ
1546 1926 1624 1997 τῷ
1658 1924 1774 2000 ὄρει

1880 1913 2055 1981 vobis,
2126 1917 2222 1985 qui
2268 1918 2394 1973 huic
2444 1921 2618 1977 monti
2656 1922 2877 1988 dixerit,
2916 1896 3137 1982 Tollere
3160 1896 3291 1982 sit.
3314 1938 3369 1982 et
3397 1929 3450 1982 in

193 2020 396 2090 τούτῳ,
422 2018 651 2090 Ἀρθητι
666 2018 761 2071 καὶ
782 2017 1008 2089 βλήθητι
1032 2019 1112 2081 είς
1132 2017 1231 2087 τὴν
1260 2017 1558 2082 θάλασσαν,
1580 2022 1677 2073 καὶ
1703 2019 1779 2090 μὴ

193 2112 454 2183 διακριθῇ
490 2114 548 2164 ὲν
576 2115 645 2183 τῇ
677 2110 877 2182 καρδίᾳ.
906 2110 1093 2174 αὑτοῦ,
1140 2110 1278 2163 ἀλλὰ
1330 2110 1581 2163 πιστεύει
1638 2112 1724 2165 ὅτι
1750 2112 1778 2164 θ

194 2202 355 2256 λαλεῖ
382 2202 613 2270 γίνεται,
643 2202 797 2298 in}:
828 2198 978 2269 αὐτῷ
999 2198 1028 2252 6
1058 2198 1229 2267 λέγει.
1262 2217 1281 2250 ›

270 2300 349 2359 ς’.
393 2294 455 2345 El
492 2294 590 2362 μέν
630 2311 712 2345 τοι
741 2283 825 2359 ⁸’γε
857 2291 966 2345 τῶν
999 2290 1212 2359 Λογίων
1252 2292 1285 2361 ή
1318 2291 1459 2362 αὐτὴ
1498 2293 1775 2364 περικοπή

198 2388 278 2457 μὴ
332 2388 418 2454 ἐφ’
470 2386 588 2447 ἑνὸς
642 2386 803 2455 μόνου
857 2384 966 2436 τῶν
1016 2383 1326 2453 εἰρημένων
1378 2385 1776 2456 ἐπιθεωρηθείη

196 2479 585 2550 παράδειγμα,
615 2477 751 2530 ἀλλὰ
782 2476 1214 2547 μεθελκυσθῆναι
1242 2475 1459 2531 δύναιτο
1485 2477 1564 2540 εἷς
1590 2494 1649 2530 τε
1679 2476 1779 2547 τὴν

195 2572 459 2640 ἀπαρχὴν
511 2572 604 2621 καὶ
638 2568 737 2638 τὴν
765 2566 1016 2638 διαδοχὴν
1048 2567 1144 2620 τοῦ
1190 2566 1372 2633 λόγου,
1426 2566 1570 2637 τάχα
1594 2568 1651 2620 δὲ
1688 2568 1779 2620 καὶ

194 2665 283 2725 εἰς
326 2662 391 2713 τὸ
437 2661 733 2729 παρέλκον,
788 2658 896 2712 οὐδ’
948 2657 1123 2722 οὕτως
1153 2659 1264 2711 τῶν
1295 2661 1712 2729 σημαινομένων
1750 2662 1779 2711 6

193 2753 440 2823 ἀριθμὸς
465 2752 602 2822 πρὸς
626 2752 689 2803 τὸ
719 2750 1051 2823 βραχύτερον
1075 2751 1489 2818 συσταλήσεται,
1520 2751 1657 2803 άλλὲι
1682 2753 1778 2818 τὴν

195 2846 334 2907 ἴσως
370 2842 730 2895 συνδιασώσει
775 2842 1084 2909 ποσότητα·
1120 2841 1281 2908 ἀρκεῖ
1331 2841 1439 2910 γάρ
1470 2840 1530 2893 τὸ
1573 2841 1778 2907 πλῆθος

199 2931 277 2999 μὴ
310 2928 728 2991 καταϐιϐάζειν,
760 2928 863 2980 κᾶν
892 2930 1011 2980 ἔνια
1042 2929 1151 2981 τῶν
1186 2931 1652 2999 παραδειγμάτων
1687 2932 1777 2981 εύ-

197 3018 388 3088 ρεθεξη
420 3018 497 3086 μὴ
532 3017 666 3086 πρὸς
696 3018 754 3068 ’ἐν
780 3033 835 3068 τι
883 3017 1063 3085 μόνον,
1095 3018 1230 3069 ἀλλὰ
1253 3020 1347 3071 καὶ
1379 3023 1514 3087 προς
1544 3018 1777 3088 διάςςορα

192 3109 309 3161 τῶν
358 3108 777 3177 σημαινομένων
806 3107 1174 3176 ἀναφέρεσθαι
1205 3107 1476 3177 δυνάμενα
1498 3148 1514 3172 ,
1557 3108 1777 3161 ἐπειδάν

196 3215 251 3250 τι
296 3197 511 3250 τούτων
544 3196 682 3259 ὅλως
722 3197 1032 3266 εὑρίσκοιτο
1062 3196 1161 3266 τὴν
1206 3197 1301 3250 τοῦ
1330 3198 1448 3259 ένδς
1500 3201 1774 3267 σημασίαν

201 3287 663 3356 ἐξοικειούμενον.
698 3287 774 3339 Τὸ
803 3286 912 3357 γάρ
952 3288 1346 3356 συνεμπίπτειν
1376 3288 1493 3348 πῶς
1533 3288 1779 3356 ἀλλήλοις

198 3380 292 3432 ἐπ’
324 3381 487 3431 ὲνὶων
515 3378 695 3449 ῥητῶν
720 3379 791 3431 τά
816 3378 1049 3449 διάφορα
1078 3380 1475 3447 σημαινόμενα,
1508 3380 1609 3431 οὐκ
1633 3381 1780 3431 ἔστιν

200 3472 385 3523 αἰτῶν
419 3470 512 3523 τοῦ
555 3469 797 3540 πλήθους
825 3469 1135 3537 άναίρεσις’
1172 3471 1408 3541 ὲπείπερ
1451 3471 1572 3525 οὐδὲ
1608 3473 1666 3537 ἐξ
1706 3466 1778 3523 ὧν

202 3561 628 3631 συμϐαίνουσιν,
660 3560 779 3613 ἀλλ’
810 3558 875 3625 ἐξ
901 3555 977 3614 ὧν
1007 3561 1466 3631 παραλλάττουσι,
1498 3580 1779 3635 χαρακτη-

202 3656 475 3723 ρίζονται.
527 3652 736 3706 Οὐκοῦν
772 3652 881 3706 άπὸ
903 3652 1005 3723 τῆς
1039 3653 1305 3723 διαφορᾶς
1347 3654 1579 3708 ἕκαστον
1606 3673 1777 3726 προσσ

197 3748 305 3816 ἧκε
331 3748 581 3810 σκοπεῖν,
601 3746 699 3798 καὶ
723 3746 787 3798 τὸ
814 3740 958 3809 εἶδος
985 3746 1274 3814 φυλάττειν
1301 3747 1629 3817 άσύγχυτον,
1661 3748 1777 3801 ἀλλ’

198 3841 303 3891 οὐκ
342 3839 404 3903 ἐξ
432 3831 507 3891 ὧν
536 3837 617 3900 εἱς
647 3836 933 3889 κοινωνίαν
970 3840 1318 3906 συνάγονται,
1353 3839 1452 3908 τὴν
1495 3841 1553 3891 ὲν
1597 3842 1779 3902 αὐτοῖς

199 3930 543 4001 διαφθείρειν
568 3931 883 3999 ἑτερότητα.

274 4025 345 4088 ς’,
387 4023 464 4075 οὐ
504 4022 667 4091 μόνον
689 4020 747 4072 δὲ
779 4019 873 4072 τοῦ
890 4020 1179 4085 ἀπεκρίθη
1208 4019 1453 4090 διάφοροι
1488 4023 1773 4091 σημασίας.

197 4118 271 4180 ὡς
298 4119 329 4168 6
355 4114 516 4179 λόγος
541 4111 761 4176 ἔδειξεν,
778 4110 1134 4177 ἀποφύονται,
1149 4109 1282 4164 ἀλλὰ
1304 4112 1397 4164 καὶ
1420 4111 1480 4164 τὸ
1504 4112 1777 4180 ἠρώτησε

194 4206 297 4259 δύο
325 4202 493 4256 τινῶν
520 4201 582 4253 τὸ
601 4199 882 4270 ἐλάχιστον
907 4201 1284 4270 ὑποκειμένων
1303 4202 1453 4270 παρὰ
1472 4208 1583 4265 τοῖς
1612 4206 1777 4275 ίεροίς

195 4298 361 4367 ημῶν
409 4295 613 4361 λογίοις
668 4292 1009 4357 ἀπαγγέλλει
1052 4292 1327 4345 διάνοιαν
1374 4287 1448 4345 ὧν
1483 4297 1515 4363 ἠ
1550 4296 1648 4363 μὲν
1682 4298 1776 4348 καὶ

196 4392 313 4449 τοῖς
361 4386 565 4451 ἔξωθεν
592 4382 953 4446 animum,
1001 4385 1037 4454 ἡ
1066 4385 1162 4437 καὶ
1202 4385 1303 4452 τὴν
1349 4386 1643 4457 ἀπόκρισιν
1669 4390 1775 4441 άπ-

198 4480 376 4531 αιτείν
408 4474 599 4526 εἴωθεν
619 4488 633 4501 °
670 4474 704 4542 ὴ
734 4472 790 4524 δὲ
822 4472 1108 4544 πόρρωθεν
1154 4474 1254 4541 μὲν
1286 4475 1490 4545 ταύτης
1520 4476 1621 4545 τῆς
1657 4478 1774 4530 δια-

1886 2021 2038 2062 mare
2073 2009 2378 2079 projicitor,
2401 2010 2446 2067 si
2476 2012 2638 2068 modo
2670 2013 2726 2069 in
2762 2013 2926 2069 corde
2960 2030 3059 2071 suo
3088 2031 3197 2072 non
3218 2017 3450 2081 dubitet.

1885 2098 1979 2153 sed
2013 2100 2063 2154 id
2099 2099 2236 2166 fore,
2264 2103 2411 2172 quod
2434 2103 2533 2170 ait,
2557 2104 2767 2174 credat,
2792 2108 2881 2161 fiet
2896 2106 2947 2163 ei
2970 2109 3270 2165 secundum
3295 2125 3449 2166 suam

1885 2191 2214 2248 locutionem
2236 2196 2300 2250 “.
2346 2213 2366 2247 ι

1955 2284 2008 2337 6.
2058 2283 2215 2351 Quod
2260 2286 2306 2342 si
2361 2287 2655 2357 aliquando
2708 2287 3006 2361 Scriptura
3050 2308 3222 2350 sacra:
3260 2295 3449 2351 eadem

1884 2378 2138 2447 pericope
2164 2391 2272 2433 non
2296 2380 2362 2433 ad
2387 2381 2549 2435 unius
2579 2395 2611 2436 e
2642 2383 2916 2450 pmlictis
2936 2384 3111 2439 modis
3140 2387 3448 2456 exemplum

1887 2470 2144 2536 sumitur,
2179 2486 2369 2525 verum
2412 2481 2469 2526 et
2496 2473 2562 2527 ad
2603 2473 2815 2529 initium
2861 2487 2915 2530 et
2946 2477 3012 2531 ad
3059 2476 3449 2535 admissionem

1883 2564 2154 2616 sermonis
2179 2564 2319 2618 trahi
2349 2575 2545 2634 potest,
2586 2564 2819 2621 fortasse
2846 2568 3010 2623 etiam
3044 2570 3109 2625 ad
3141 2572 3419 2626 redundan

1885 2652 2055 2717 tiam;
2091 2668 2199 2706 non
2233 2654 2437 2709 idcirco
2474 2664 2654 2711 tamen
2686 2657 3149 2726 signiﬁcationum
3187 2678 3449 2718 numerus

1885 2749 2089 2801 arctior
2112 2747 2221 2809 lict,
2247 2748 2339 2801 sed
2362 2750 2720 2817 quantitatem
2744 2765 2899 2804 suam
2924 2754 3287 2810 conservabit.
3310 2754 3447 2810 Nam

1886 2852 1953 2889 ne
1996 2852 2224 2892 numero
2252 2838 2550 2908 quidquam
2595 2842 2931 2905 detrahatur,
2966 2846 3162 2900 suflicit
3210 2848 3446 2913 (etiamsi

1884 2927 2091 2995 aliquot
2135 2931 2378 2997 exempla
2413 2932 2521 2985 sint
2566 2948 2687 3001 qua:
2736 2948 2843 2987 non
2883 2935 2948 2989 ad
3000 2952 3193 3004 unum,
3243 2940 3337 2993 sed
3381 2944 3447 2993 ad

1883 3020 2067 3075 varios
2100 3019 2436 3089 signiﬁcatus
2478 3023 2667 3078 referri
2689 3031 2934 3096 queant),
2958 3028 3174 3095 suﬁicit,
3201 3030 3444 3101 inquam,

1884 3108 1930 3164 si
1975 3113 2120 3179 quod
2172 3113 2225 3165 in
2262 3111 2348 3167 his
2394 3115 2616 3169 omnino
2651 3118 2955 3185 exemplum
3005 3120 3252 3185 exsistat,
3302 3128 3444 3192 quod

1884 3205 2048 3259 unius
2113 3206 2190 3259 rei
2248 3204 2612 3276 signiﬁcatum
2668 3209 2768 3261 sibi
2823 3211 3082 3265 vindicet.
3132 3211 3251 3267 Non
3299 3215 3443 3269 enim

1882 3296 2010 3364 quia
2042 3296 2429 3351 nonnullarum
2473 3313 2667 3352 vocum
2700 3301 2862 3353 variae
2906 3302 3334 3371 signiﬁcationes
3361 3307 3441 3360 in-

1882 3386 2055 3440 vicem
2077 3386 2383 3450 incurrunt,
2404 3386 2602 3442 idcirco
2621 3388 2904 3457 perimitur
2925 3392 3118 3445 barum
3144 3408 3404 3449 numerus
3428 3411 3442 3448 :

1881 3491 2004 3530 nam
2035 3492 2208 3544 neque
2236 3477 2357 3531 ideo
2375 3478 2501 3547 quia
2527 3490 2853 3547 congruunt,
2886 3482 2979 3535 sed
3007 3482 3136 3551 quia
3162 3483 3441 3550 differunt,

1880 3573 2252 3626 characterem
2299 3571 2592 3641 accipiunt.
2643 3572 2786 3644 Ergo
2826 3576 3093 3644 cujusque
3139 3575 3439 3633 differentia

1882 3662 2172 3731 spectanda
2203 3673 2309 3729 est,
2334 3673 2387 3717 et
2412 3680 2508 3718 sua
2535 3665 2730 3735 cuique
2757 3667 2962 3735 species
2988 3670 3251 3725 servanda
3284 3689 3299 3726 :
3332 3687 3440 3726 non

1880 3761 2060 3807 autem
2106 3753 2310 3809 idcirco
2356 3755 2482 3823 quia
2532 3756 2730 3811 alicubi
2779 3769 3107 3829 congruunt,
3151 3762 3443 3820 diversitas

1881 3845 2163 3899 abolenda.

1949 4022 1999 4075 7.
2042 4022 2145 4075 Sed
2174 4023 2319 4076 enim
2344 4023 2507 4078 varia!
2531 4024 2972 4094 signiﬁcationes,
2998 4038 3057 4082 ut
3080 4044 3262 4085 sermo
3284 4047 3440 4088 meus

1879 4115 2141 4169 hactenus
2195 4117 2452 4181 ostendit,
2504 4132 2608 4169 non
2669 4132 2735 4170 ex
2786 4133 2896 4172 uno
2955 4122 3222 4187 respondit
3274 4125 3440 4179 verbo

1877 4205 2209 4275 gignuntur;
2246 4219 2426 4259 verum
2453 4206 2613 4259 etiam
2648 4206 2873 4261 verbum
2904 4214 3107 4278 rogavit
3131 4212 3174 4242 ι’
3202 4214 3434 4270 duorum

1877 4297 2069 4350 saltem
2114 4296 2517 4366 signiﬁcatuum
2552 4297 2756 4352 nostris
2785 4298 2837 4352 in
2871 4298 3170 4370 Scripturis
3212 4314 3437 4359 senten-

1877 4389 2005 4442 tiam
2040 4397 2257 4454 tuetur;
2291 4402 2520 4457 quorum
2561 4388 2697 4442 alter
2723 4388 2964 4456 profanis
2989 4406 3209 4461 quoque
3248 4404 3435 4449 auctu-

1877 4480 2029 4533 ribus
2051 4477 2336 4533 familiaris
2358 4487 2460 4541 est,
2487 4478 3007 4549 rcsponsionemque
3033 4483 3232 4537 elicere
3258 4486 3432 4549 solet;

198 4570 349 4631 νοίας
377 4568 672 4629 διίσταται,
694 4568 946 4634 σημαίνει
968 4566 1102 4632 δὲζτὸ
1118 4568 1496 4635 παρεκάλεσε
1516 4572 1607 4623 καὶ
1624 4570 1770 4637 ﬁni-

1876 4570 2011 4621 alter
2053 4583 2182 4622 vero
2231 4584 2260 4621 a
2292 4569 2547 4637 prmdicto
2593 4571 2940 4625 vehementer
2965 4572 3166 4637 diﬁ'ert,
3215 4576 3438 4631 denotat

195 4677 377 4723 cato,
410 4660 536 4729 ἣτις
566 4657 667 4711 οὐκ
693 4658 914 4709 ἔλαττον
941 4656 1042 4725 τῆς
1091 4660 1500 4729 προειρημένης
1553 4662 1613 4712 ἐν
1662 4666 1772 4725 τοῖς

195 4751 485 4818 θεοσόφοις
505 4750 774 4818 χρησμοῖς
795 4746 1138 4817 ἐπιφαίνεται
1154 4749 1542 4811 πλεονάζουσα·
1560 4753 1621 4803 τὸ
1641 4755 1769 4823 γὰρ,

200 4861 220 4892 ι
255 4841 449 4912 ἠρώτα
470 4839 857 4909 ἐλεημοσύνην·
884 4859 901 4890 ι
917 4840 1059 4905 καὶ,ι
1082 4839 1374 4910 ῆρὼτησαν
1390 4843 1574 4907 αὑτὸν,
1607 4844 1767 4898 Ῥασ-

196 4932 255 4984 6“ι
282 4972 298 4995 ,
334 4932 541 4999 φάγεοι
569 4930 685 4992 καὶ,
710 4948 728 4980 ι
750 4930 967 4999 Ἐρωτῶ
993 4946 1075 4995 σε,
1102 4929 1192 4999 έχε
1229 4948 1296 4999 με
1320 4934 1765 5002 παρῃτημένον·›

198 5024 297 5076 καὶ
326 5022 411 5084 τὸ,
445 5040 464 5072 ι
490 5018 703 5090 ’Πρώτα
723 5036 806 5081 τις
841 5020 1005 5072 αὐτὸν
1032 5018 1139 5098 τῶν
1168 5022 1476 5091 Φαρισαίων
1504 5023 1589 5075 ἵνα
1617 5027 1771 5098 φάγῃ

196 5114 325 5185 μετ’
358 5111 527 5165 αὑτοῦ
548 5127 561 5140 ·
600 5131 617 5162 ι
644 5112 736 5163 καὶ
766 5113 932 5181 μυρία
954 5112 1090 5165 ἄλλα
1114 5097 1229 5181 ⁸’τὴν
1257 5113 1351 5165 τοῦ
1388 5116 1652 5168 ἱκετεύειν
1683 5119 1775 5170 καὶ

195 5205 417 5259 δεῖσθαι
441 5201 632 5254 οὐδένα
666 5200 919 5254 λανθάνει
972 5202 1069 5273 τὴν
1096 5202 1279 5273 χώραν
1307 5206 1525 5275 ἐπέχειν
1545 5223 1559 5234 ·
1592 5225 1775 5277 παρα-

199 5296 551 5367 λαμϐάνεται
597 5292 653 5345 δὲ
694 5297 789 5346 καὶ
817 5299 877 5346 τὸ
903 5294 1153 5365 ἠρώτησε
1187 5297 1280 5349 καὶ
1324 5299 1443 5351 ἀντὶ
1477 5298 1571 5352 τοῦ
1608 5316 1776 5370 προσ.

201 5388 427 5452 έταξεν,
448 5384 767 5447 ἐνετείλατο,
789 5384 883 5437 καὶ
902 5382 1075 5439 εἶπεν.
1102 5404 1119 5435 ι
1144 5386 1348 5456 Ἐμϐὰς
1370 5388 1501 5458 γάρ,
1530 5392 1716 5460 φησιν,
1746 5394 1775 5446 ό

209 5477 428 5551 Ἰησοῦς
453 5478 533 5539 είς
570 5476 629 5528 ἓν
657 5476 765 5528 τῶν
798 5476 999 5530 πλοίων
1029 5477 1058 5529 ὃ
1088 5474 1156 5547 ἦν
1188 5478 1282 5532 τοῦ
1322 5481 1584 5550 Σίμωνος,
1618 5484 1767 5553 ἠρῶ..

191 5589 371 5641 τησεν
396 5570 560 5623 αὑτὸν
586 5569 695 5619 άπὸ
719 5568 817 5635 τῆς
841 5570 943 5635 γῆς
976 5570 1342 5637 ἐπαναγαγεῖν
1369 5572 1569 5639 ὀλίγον·
1598 5592 1615 5623 ο
1644 5574 1765 5627 οὐδὲ

189 5669 315 5736 γάρ
364 5661 711 5731 ἀποκρίσεὼς
750 5663 897 5713 ἐστιν
927 5662 1222 5733 ἀπαίτησις
1254 5666 1286 5734 ή
1315 5666 1504 5735 φωνὴ,
1539 5668 1659 5720 οὐδὲ
1705 5670 1767 5721 τὸ

273 5781 321 5811 ¹⁰
346 5779 535 5833 Matth.
572 5792 681 5837 XXI,
708 5776 797 5829 21.
882 5779 923 5808 “
958 5776 1115 5831 Marc.
1146 5778 1329 5839 31.9.].

197 5853 248 5883 “
295 5848 429 5903 ιον.
466 5864 555 5904 xv,
592 5848 642 5898 6.

496 5946 773 6003 I‘aTﬁUL.
817 5941 931 6001 (in.
965 5942 1032 6000 (Ξῖ

1412 5780 1452 5809 u
1477 5782 1594 5835 Λευ,
1632 5798 1709 5841 ΙΙΙ,

1874 4659 2019 4711 enim
2068 4668 2307 4726 precatus
2334 4669 2409 4711 est
2455 4670 2505 4712 ct
2551 4661 2853 4727 postulavit.
2888 4660 3066 4731 Atque
3108 4664 3195 4719 hic
3227 4665 3435 4734 signiti-

1874 4763 2031 4807 catus
2056 4752 2199 4806 hami
2225 4752 2405 4805 minus
2426 4752 2596 4806 altero
2627 4752 2679 4804 in
2698 4752 2894 4808 divinis
2918 4755 3158 4811 oraculis
3179 4756 3435 4828 frequens

1871 4845 2132 4899 occurrit.
2152 4843 2285 4898 Nam
2310 4863 2328 4895 ι
2352 4847 2574 4916 rogabat
2599 4846 2995 4916 elecmosynam
3024 4862 3040 4911 ;
3076 4866 3095 4898 ν
3125 4860 3180 4903 et
3217 4869 3236 4901 ι
3258 4848 3435 4921 Roga-

1876 4947 2071 4989 vcrunt
2098 4951 2246 5001 eum,
2272 4935 2544 5005 Magister,
2570 4937 2837 4989 manduca
2862 4937 2935 5002 i';
2970 4956 2985 4986 ι
3015 4948 3068 4992 ct
3096 4957 3109 4993 ε
3140 4957 3159 4991 ι
3186 4938 3336 5009 Rogo
3358 4951 3432 5004 te,

1875 5028 2014 5081 habe
2058 5042 2144 5081 mc
2174 5038 2490 5083 excusatum
2516 5028 2589 5089 ἰς
2629 5046 2646 5077 ι
2685 5036 2739 5080 et
2772 5045 2785 5080 :
2822 5046 2839 5077 ι
2870 5026 3116 5097 Rogabat
3146 5044 3272 5085 eum
3310 5048 3434 5102 (ιω-

1872 5123 1993 5174 dam
2043 5121 2370 5185 Pharisaaus,
2408 5129 2467 5174 ut
2513 5135 2695 5173 secum
2727 5120 2906 5173 cibum
2956 5122 3287 5189 caperet";
3322 5140 3341 5175 ι
3380 5134 3435 5177 ct

1874 5213 1926 5264 in
1981 5212 2229 5280 plurimis
2264 5213 2386 5266 aliis
2417 5212 2551 5266 locis
2594 5211 2760 5264 verbo
2813 5210 2939 5265 huic
2977 5212 3258 5267 notionem
3303 5229 3432 5283 prc-

1871 5306 2030 5359 candi
2078 5305 2304 5357 subesse
2356 5305 2626 5358 neminem
2688 5303 2834 5359 latet.
2887 5303 2998 5357 Imo
3045 5318 3174 5358 vero
3223 5305 3430 5375 rogavit

1874 5394 2111 5446 sumitur
2158 5394 2319 5445 etiam
2363 5408 2461 5463 pro
2504 5393 2809 5461 imperavit,
2853 5393 2907 5446 in
2954 5394 3228 5449 mandatis
3259 5396 3429 5457 dedit.

1868 5485 2057 5537 edixit.
2096 5504 2114 5535 ι
2148 5485 2459 5538 Cunsccnsa
2482 5526 2497 5550 ,
2548 5485 2623 5538 ait
2658 5482 2952 5553 Scriptura,
2984 5487 3145 5539 Jesus
3189 5484 3432 5540 Simoni.

1871 5579 2142 5643 navicula,
2179 5579 2386 5648 rogavit
2414 5595 2536 5631 eum
2566 5589 2623 5631 ut
2662 5595 2691 5631 a
2729 5588 2872 5631 terra
2903 5578 3123 5647 paulum
3156 5578 3429 5633 subduce-

1874 5680 1951 5725 rct
1974 5672 2032 5723 ¹⁶.
2073 5690 2091 5720 ι
2128 5671 2337 5726 Etenim
2372 5672 2420 5724 id
2451 5672 2672 5725 verbum
2713 5669 2856 5723 haud
2893 5669 2980 5724 hic
3015 5671 3426 5740 responsionem

1876 5783 1915 5813 "
1948 5782 2102 5836 Joan.
2144 5799 2217 5847 tv,
2249 5784 2335 5837 5|.
2416 5784 2455 5813 ’δ
2492 5782 2621 5838 Luc.
2662 5798 2771 5847 xw,
2808 5782 2894 5834 10.
2974 5783 3014 5811 ⁸⁵
3045 5782 3173 5836 Luc.
3208 5798 3303 5844 ιιι,
3333 5782 3429 5836 3".

3019 5960 3054 6005 υ
