4202 6442
757 387 858 454 163

753 497 964 566 poscit;
1036 510 1208 563 nequc
1269 493 1450 548 oravit
1517 491 1828 564 signiﬁcat;

753 601 1032 659 nutusque
1063 588 1180 642 vice
1209 585 1478 656 fungitur.
1521 587 1684 655 quue
1725 584 1961 638 maxime
1984 597 2052 636 ex
2092 581 2182 643 iis,
2211 594 2333 649 quae

755 684 896 740 hanc
931 682 1264 738 locutionem
1296 681 1611 750 praicedunt
1653 688 1708 733 et
1739 693 1861 748 quae
1897 677 2328 744 subsequuntur,

753 775 1110 845 cognoscitur
1150 789 1165 825 ι
1209 785 1314 824 non
1379 769 1554 824 solum
1605 769 1774 836 quia,
1833 766 1964 820 dum
2027 761 2332 831 magistrali

756 881 1010 921 sermone
1052 875 1316 926 uteretur,
1351 863 1591 930 dumque
1618 862 1876 930 populum
1911 857 2068 911 avide
2101 853 2332 909 audien-

759 967 868 1011 tem
917 957 1160 1019 haberet,
1215 955 1429 1022 sibique
1485 961 1544 1004 ut
1593 953 1804 1006 doctori
1839 949 2074 1003 honores
2120 944 2332 999 debitos

756 1047 1131 1113 exhibentem,
1184 1061 1282 1116 par
1330 1053 1451 1099 erat
1500 1041 1844 1097 Servatorem
1893 1054 2017 1095 cum
2067 1035 2333 1106 dignitate

758 1139 941 1209 loqui;
973 1139 1065 1194 sed
1100 1139 1228 1207 quia
1257 1147 1311 1192 et
1343 1135 1502 1206 paulo
1543 1144 1687 1204 post,
1725 1133 1856 1186 dum
1910 1129 2074 1187 simili
2113 1127 2330 1184 actione

760 1233 838 1286 uti
878 1231 1097 1286 Petrum
1133 1231 1353 1299 iuberet
1385 1227 1566 1293 Jesus,
1600 1241 1700 1296 pro
1744 1225 1968 1294 rogavit,
1999 1221 2334 1291 evangelistc

757 1321 913 1392 ponit
956 1323 1119 1378 simili
1144 1320 1198 1374 vi
1239 1320 1400 1372 dixit.
1435 1317 1644 1372 Etenim
1679 1335 1696 1367 ι
1730 1315 1900 1378 Dixit,
1931 1315 2030 1376 ait,
2077 1311 2332 1366 Simoni:

759 1413 949 1468 Reduc
993 1414 1046 1467 in
1108 1413 1300 1476 altum,
1345 1421 1518 1478 atque
1566 1410 1620 1463 in
1666 1407 1904 1479 praadam
1963 1404 2099 1460 retia
2155 1413 2334 1459 vestra

757 1501 1030 1556 demittite
1053 1502 1118 1554 ".
1149 1517 1170 1551 ι
1207 1498 1426 1553 Scilicet
1449 1505 1742 1566 utrumque
1785 1495 2011 1550 verbum
2044 1493 2250 1563 rogavit
2279 1499 2337 1546 et

758 1593 899 1646 dixit
928 1593 1302 1661 imperativam
1336 1589 1445 1642 vim
1471 1588 1691 1641 habent.
1724 1585 1831 1640 Sed
1859 1600 1983 1654 quae
2010 1582 2333 1638 summatim

765 1685 1033 1738 hactenus
1067 1681 1181 1737 dixi
1208 1679 1343 1735 satis
1373 1677 1624 1732 videntur
1654 1675 1972 1731 necessitati
2003 1683 2110 1727 tua:
2133 1672 2331 1727 facere.

1908 383 2171 445 PHOTII
2210 381 2721 443 PATRIARCILE
2744 381 2855 443 (ΣΡ.

3903 377 4010 446 εει

1918 491 2013 547 sed
2086 486 2328 543 mandati
2362 495 2404 550 Α
2434 486 2814 558 παρεκάλεσεν
2855 484 3091 540 ὲνταῦθα
3141 486 3420 556 σημαίνει,
3465 485 3585 540 ἀλλ’
3633 485 4009 556 ἐπιτάγματος

2435 581 2530 632 καὶ
2557 578 2778 649 ἐντολῆς
2811 578 3174 649 προϐάλλεται
3198 580 3391 649 χρείαν
3412 593 3429 610 ο
3463 581 3557 632 καὶ
3583 579 3743 632 τοῦτο
3768 578 4006 649 μάλιστα

2433 673 2557 721 τότε
2584 667 2892 740 ἡγούμενον
2922 669 3016 722 τοῦ
3061 670 3220 737 λόγου
3248 670 3343 723 καὶ
3374 669 3436 723 es
3475 669 3818 739 ἐπαγόμενον
3859 688 4007 741 παρο

2438 761 2594 831 ιστᾷο
2655 759 2754 830 οὐχ
2797 761 2880 814 ὅτι
2927 759 3090 831 μόνον
3131 759 3497 830 διδασκαλικῷ
3528 759 3673 831 λόγῳ
3699 761 4008 831 χρώμινος.

2435 853 2528 905 καὶ
2552 854 2642 904 τὸν
2671 852 2827 922 δχλον
2855 851 2995 922 ἔχων
3024 851 3197 921 ἡδέως
3217 852 3571 923 προσέχοντα,
3591 856 3686 905 καὶ
3711 852 3809 924 τὴν
3832 870 4006 922 προσο

2434 944 2672 1009 ήκουσαν
2713 943 3018 1012 διδασκάλῳ
3064 943 3232 1013 τιμὴν
3261 943 3517 1013 νέμοντα,
3562 945 3691 1007 τοὺς
3735 945 3932 1012 λόγους
3979 947 4012 997 ὁ

2435 1034 2625 1104 Σωτὴρ
2660 1033 2778 1104 μετ’
2812 1033 3059 1099 ἐξουσίας
3087 1035 3351 1096 ἐποιεῖτο,
3371 1033 3488 1087 ἀλλ’
3515 1035 3598 1087 ὅτι
3631 1036 3726 1088 καὶ
3748 1037 3865 1104 μετ’
3895 1035 4012 1087 ὀλί-

2434 1142 2529 1192 γον
2577 1125 2728 1194 παρὰ
2757 1125 2974 1195 πλησίω
3003 1125 3206 1196 πράξει
3237 1125 3477 1195 χρῆσθαι
3527 1125 3617 1178 τὸν
3667 1125 3888 1195 Σίμωνα
3915 1145 4018 1179 κε-

2436 1215 2682 1278 λεύοντος
2717 1216 2808 1268 τοῦ
2853 1216 3053 1287 Ἰησοῦ,
3088 1216 3209 1269 ἀντὶ
3240 1217 3346 1271 τοῦ
3368 1217 3680 1284 ἠρώτησεν
3713 1219 3742 1271 ὁ
3785 1221 4017 1287 εὖαγγε-

2434 1307 2620 1379 λιστὴς
2650 1308 2714 1360 τὸ
2739 1304 2870 1362 εἷπε
2897 1311 2997 1378 τῆς
3024 1307 3216 1378 ὁμοίας
3258 1309 3445 1378 χρείας
3474 1310 3765 1380 προτάττει
3785 1329 3798 1341 ·
3828 1331 3848 1362 ε
3878 1311 4017 1364 Birt:

2435 1402 2563 1473 γὰρ,
2601 1403 2758 1473 φησὶ,
2789 1403 2925 1472 πρὸς
2966 1403 3058 1456 τὸν
3093 1403 3344 1471 Σίμωνα,
3402 1405 3750 1473 Ἐπανάγαγε
3787 1406 3925 1476 πρὸς
3953 1407 4022 1458 τὸ

2438 1493 2625 1562 βάθος,
2679 1494 2772 1546 καὶ
2797 1493 3066 1563 χαλάσατε
3095 1493 3168 1546 τὰ
3196 1493 3388 1547 δίκτυα
3442 1496 3596 1564 ὑμῶν
3622 1499 3702 1560 είς
3735 1498 3912 1566 άγραν
3932 1517 3944 1528 ·
3985 1517 4004 1548 ι

2439 1585 2853 1654 προστακτικὴν
2878 1585 2987 1655 γὰρ
3017 1585 3184 1654 ἄμφω
3213 1585 3447 1654 δύναμιν
3473 1588 3608 1655 ἔχει.
3654 1587 3814 1641 Ἀλλὰ
3843 1588 4022 1641 ταῦτα

2441 1677 2541 1748 μὶν
2569 1677 2644 1742 ὡς
2671 1678 2730 1729 ὲν
2759 1677 3038 1747 κεφαλαίῳ
3067 1677 3164 1731 καὶ
3191 1678 3291 1749 τὴν
3320 1677 3421 1748 σὴν
3448 1672 3605 1748 οἶμαι
3629 1680 3819 1748 χρείαν
3856 1681 4022 1733 ἱκανά

763 1774 1021 1829 Profecto
1055 1773 1200 1828 enim
1239 1780 1289 1826 te
1331 1784 1439 1824 non
1477 1768 1685 1831 latebit,
1717 1767 1988 1820 dictorum
2023 1765 2132 1819 huc
2159 1778 2336 1834 usque

2451 1768 2767 1838 πληρῶσαι⁹
2823 1767 2886 1820 οὐ
2931 1768 3042 1837 γὰρ
3087 1767 3153 1821 άν
3191 1784 3250 1820 σε
3301 1769 3528 1839 λήσεται
3569 1771 3791 1839 μνήμην
3825 1770 4025 1839 ἔχοντα

763 1879 1085 1930 memorem,
1126 1863 1252 1933 quis
1285 1845 1618 1929 quibusnam
1662 1871 1834 1913 sacra
1862 1855 2158 1924 Scriptura:
2202 1855 2340 1910 locis

764 1956 1108 2024 signiﬁcatus
1161 1952 1314 2008 verbi
1365 1950 1631 2019 respondit
1693 1949 1921 2003 idoneus
1968 1945 2191 2001 futurus
2247 1947 2337 2001 sit.

764 2045 972 2098 Caetera
989 2051 1174 2098 autem
1202 2056 1336 2095 voca
1347 2041 1496 2103 bula,
1515 2053 1751 2109 quorum
1774 2037 1923 2092 varia
1940 2036 2342 2107 significatione

767 2149 935 2188 sacra:
981 2132 1198 2188 littera:
1247 2141 1496 2194 utuntur,
1523 2129 1720 2199 partim
1761 2128 1877 2198 jam
1925 2129 2179 2183 oratione
2222 2144 2342 2183 mea

762 2227 1163 2294 comprehensa
1201 2223 1441 2284 fuerunt,
1472 2220 1664 2289 partim
1709 2233 1864 2284 vero,
1892 2218 2079 2274 divina
2105 2234 2208 2275 nos
2234 2220 2347 2273 cle-

768 2321 972 2374 mentia
1022 2317 1212 2372 mitius
1268 2312 1634 2384 respiciente,
1689 2325 1822 2366 mox
1882 2309 2119 2366 fortasse
2174 2325 2344 2380 expo-

766 2419 989 2466 nentur.

1148 2513 1477 2584 ρυδεεοτιο
1501 2514 1646 2570 xxn
1673 2513 1772 2586 [αί.
1795 2511 1966 2586 XXI].

771 2613 951 2678 Quare
1026 2626 1128 2663 non
1181 2610 1488 2678 priusquam
1538 2614 1798 2678 statueret
1863 2603 2058 2673 Ioseph
2120 2603 2351 2678 Mariam

841 2682 1137 2742 dimittere,
1183 2676 1358 2731 astitit
1393 2676 1610 2744 angelus
1649 2676 1786 2727 hanc
1817 2690 2004 2727 curant
2033 2677 2351 2740 praeveniens

840 2761 890 2804 et
914 2751 1135 2812 tollens;
1160 2749 1250 2802 sed
1284 2747 1494 2799 nonnisi
1535 2759 1652 2797 rum
1669 2761 1702 2797 α
1718 2760 1848 2796 cura
1873 2746 1941 2796 ad
1966 2753 2145 2795 actum
2173 2752 2355 2796 trans-

842 2821 928 2880 iit,
957 2831 1071 2872 tum
1102 2817 1460 2886 prohibiturus
1505 2813 1849 2886 superuenit?
1896 2812 1967 2865 Et
2004 2828 2171 2881 quare
2232 2812 2352 2866 Vir-

838 2891 1014 2959 ginem
1044 2883 1260 2956 Iosephi
1282 2884 1556 2938 mulierem
1576 2883 1710 2936 dicit
1730 2885 1758 2936 2

2439 1859 2549 1914 τῶν
2577 1858 2910 1930 εἰρημένων,
2966 1857 3151 1922 ποίαις
3180 1856 3289 1912 τῶν
3319 1859 3481 1929 ιερῶν
3515 1858 3714 1925 λογίων
3747 1859 4024 1928 περιόδοις

2438 1951 2562 2006 τίνα
2599 1951 2708 2004 τῶν
2740 1951 2833 2004 τοῦ
2865 1950 3159 2018 ἀπεκρίθη
3185 1950 3605 2020 σημαινομένων
3624 1951 4022 2020 ὲφαρμοσθείη·

2439 2043 2554 2096 τῶν
2585 2041 2632 2096 δ’
2659 2042 2835 2097 ἀλλων
2882 2041 3145 2113 ῥημάτων
3191 2037 3274 2104 οἷς
3309 2039 3378 2094 τά
3423 2042 3545 2111 ῑερά
3582 2042 3892 2110 γράμματα
3927 2041 4025 2094 ἐπὶ

2442 2132 2723 2203 διαφόρων
2753 2132 3097 2202 πραγμάτων
3127 2132 3434 2200 ἐχρήσατο,
3467 2133 3536 2184 τά
3569 2132 3671 2201 μὲν
3723 2131 3826 2200 ἠδη
3879 2132 4026 2201 λόγῳ

2445 2224 2854 2294 περιείληπται,
2889 2223 2958 2276 τὰ
2982 2222 3038 2276 δὲ
3066 2223 3164 2291 τῆς
3193 2222 3341 2284 θείας
3365 2221 3777 2293 φιλανθρωπίας
3799 2223 4027 2292 εὐμενι-

2448 2331 2642 2385 στερον
2674 2317 2757 2378 είς
2787 2315 2938 2385 ἡμᾶς
2964 2313 3182 2384 ὁρώσης
3206 2314 3348 2384 τάχα
3375 2313 3442 2367 ἂν
3474 2314 3943 2386 ύποὸληθήσεται.

2982 2505 3333 2558 ἘΡΩΤΗΣΙΣ
3359 2504 3488 2562 KB'.

2452 2599 2512 2652 Ti
2540 2599 2769 2665 δήποτε
2800 2597 2942 2665 πρὶν
2977 2596 3376 2663 διανοηθῆναι
3440 2597 3548 2649 τὸν
3597 2595 3823 2664 Ἰωσηςο
3873 2597 4025 2651 d10-

2516 2669 2704 2723 λῦσαι
2727 2668 2844 2734 τὴν
2873 2668 3128 2735 Μαριὰμ,
3168 2667 3517 2735 μὴνὲπέστη
3545 2669 3579 2720 ὁ
3599 2666 3859 2735 ἄγγελος
3918 2671 4026 2721 αὺ-

2519 2738 2636 2805 τὴγ
2681 2734 3197 2804 προαναστέλλων
3223 2734 3342 2805 τὴν
3374 2734 3658 2803 μελέτην,
3687 2734 3695 2735 ί
3724 2737 3869 2789 ἀλλ’

2524 2804 2674 2875 πρὸς
2703 2806 2820 2874 τὴν
2837 2805 3061 2873 πρᾶξιν
3081 2806 3200 2859 ἀπὸ
3227 2804 3342 2872 τῆς
3357 2805 3614 2875 μελέτης
3633 2805 4030 2875 κατέσηῃότι

2522 2873 2817 2929 κωλύσων
2849 2876 3201 2942 ἑφίσταταις
3224 2877 3321 2942 καί
3348 2873 3447 2927 διὰ
3470 2876 3529 2927 τί
3547 2876 3663 2942 τὴν
3697 2873 4029 2942 Παρθένον,

2525 2945 2780 3016 γυναῖκα
2808 2941 2970 3014 λέγει
2989 2943 3098 2998 τοῦ
3138 2941 3398 3012 ’1ωσήςρ;

3931 2735 4030 2787 ὅτε

1383 3053 1576 3105 Editaa
1593 3053 1740 3114 Maio,
1762 3057 1891 3105 Non.
1919 3051 2065 3114 00".,
2091 3060 2127 3103 t.
2148 3052 2230 3113 ιχ,
2259 3067 2307 3115 ρ.
2332 3055 2343 3102 ε

2451 3059 2500 3110 ι.
2521 3059 2783 3111 Enamtlo
2801 3057 2856 3108 in
2882 3059 3165 3109 Iatthaum
3189 3073 3227 3118 ι,
3255 3058 3417 3107 18-20.

837 3165 925 3219 *De
992 3160 1268 3232 prowsita
1332 3159 1637 3229 quastione
1681 3168 1739 3213 et
1785 3159 2071 3213 beatorum
2125 3157 2343 3214 Patrum

2518 3164 2661 3234 Περὶ
2687 3163 2783 3217 τοῦ
2815 3164 3182 3234 προκειμένου
3216 3162 3528 3232 ζητήματος
3569 3163 3664 3216 καὶ
3702 3163 3814 3217 τῶν
3849 3181 4034 3233 μακα-

778 3266 1098 3310 nostrorum
1140 3264 1262 3303 non
1298 3247 1457 3318 pauci
1484 3246 1895 3311 disseruerunt;
1928 3255 1984 3298 et
2028 3245 2146 3298 scio
2181 3260 2343 3314 quos-

2457 3254 2591 3325 ρίων
2623 3254 2784 3325 ἡμῶν
2818 3253 3106 3322 ’Πατέρων
3131 3253 3233 3304 οὐκ
3283 3251 3456 3319 ὀλίγοι
3493 3252 3764 3305 διέλαϐον·
3794 3255 3894 3306 καὶ
3914 3251 4035 3306 οῐὸα

777 3348 903 3401 dam
951 3359 1020 3398 ex
1064 3343 1132 3396 iis
1173 3340 1381 3394 dixisse
1440 3345 1572 3392 tunc
1612 3337 1876 3405 temporis
1922 3337 2173 3406 angelum
2222 3339 2356 3392 asti—

776 3439 914 3490 tisse
941 3444 995 3487 et
1021 3448 1052 3486 a
1082 3429 1366 3500 proposito
1389 3427 1540 3480 illum
1567 3426 1890 3488 removisse,
1923 3440 1991 3478 ne
2012 3425 2120 3479 ﬁde
2143 3437 2357 3481 careret

779 3541 906 3580 cum
937 3521 1287 3577 annuntiarct
1332 3516 1609 3588 Virginem
1644 3515 1956 3585 concipere,
1990 3514 2086 3569 sed
2118 3517 2172 3570 in
2201 3526 2356 3571 utero

781 3626 1050 3687 gestatum
1090 3611 1408 3684 gestationis
1460 3617 1652 3664 testem
1693 3617 1753 3660 ut
1792 3607 2037 3661 haberet.
2068 3603 2278 3661 Forsan
2302 3618 2356 3662 et

779 3708 872 3762 alii
894 3707 1028 3761 tales
1043 3703 1306 3774 quasdam
1331 3699 1636 3753 attulerunt
1662 3697 1902 3752 rationes
1922 3711 2031 3764 prae
2051 3699 2359 3767 attrahente

780 3802 982 3855 divina:
1010 3796 1287 3867 sapientia:
1325 3803 1498 3847 motu.
1551 3791 1683 3845 Mihi
1729 3799 1911 3844 autem
1945 3790 2158 3844 videtur
2185 3799 2242 3844 et
2272 3791 2358 3844 di-

782 3902 996 3947 ctorum
1038 3897 1094 3943 et
1139 3887 1408 3942 factorum
1453 3881 1881 3950 unumquodque
1927 3882 2206 3950 propriam
2245 3883 2356 3935 vim

783 3983 1009 4048 habere,
1036 3978 1256 4050 quando
1293 3976 1571 4046 proprium
1607 3981 1890 4042 exspectat
1933 3980 2180 4040 tempus;
2212 3971 2357 4042 quod

784 4075 932 4130 enim
982 4088 1092 4128 non
1129 4080 1215 4125 est
1263 4074 1654 4137 opportunum,
1705 4065 1864 4128 solet,
1922 4076 1980 4118 ut
2003 4064 2354 4134 plerumque,

785 4163 1037 4220 ellicacizn
1072 4161 1180 4216 vim
1215 4159 1487 4227 frangere.
1532 4155 1762 4222 Quando
1807 4153 1972 4224 igitur
2018 4155 2072 4206 in
2099 4153 2357 4207 consilio-

787 4271 912 4312 rum
960 4253 1202 4323 inopiam
1238 4249 1439 4304 decidit
1484 4246 1706 4316 Josepb,
1755 4254 1887 4300 tunc
1919 4244 2092 4298 astitit
2131 4245 2356 4314 angelus

787 4361 1049 4404 sensuum
1095 4339 1430 4398 contentioni
1489 4339 1651 4393 linem
1702 4337 2076 4402 impositurus.
2130 4334 2357 4400 Quando

786 4439 934 4494 enim
983 4439 1036 4492 in
1087 4437 1298 4491 incerto
1344 4429 1531 4492 fuerit,
1582 4437 1639 4483 et
1675 4428 1968 4483 contrariis
1997 4427 2354 4482 consiliorum

2455 3347 2608 3409 τινὰς
2630 3344 2811 3399 αὐτῶν
2833 3345 3111 3408 εἰπόντας,
3133 3343 3221 3396 διὰ
3235 3342 3396 3395 τοῦτο
3421 3343 3726 3413 τηνικαῦτα
3745 3344 3841 3398 τὸν
3868 3345 4038 3412 ἀγγε-

2454 3440 2546 3494 λον
2601 3441 2889 3507 ἐπιστῆναι
2915 3439 3010 3492 καὶ
3035 3438 3134 3504 τῆς
3169 3437 3348 3505 ὁρμῆς
3379 3437 3471 3489 τὸν
3502 3438 3714 3491 δίκαιον
3751 3439 4034 3508 ἐπισχεῖν,

2456 3531 2544 3584 ῐνα
2575 3530 2652 3600 μὴ
2692 3530 2858 3599 δεηθῇ
2879 3528 3118 3590 πίστεως
3141 3529 3337 3598 ἑτέρας
3369 3529 3520 3580 κύειν
3547 3527 3908 3595 ἐπαγγέλλων
3936 3530 4040 3598 τὴν

2457 3617 2758 3690 Παρθένον,
2813 3617 2930 3669 ἀλλ’
2962 3617 3060 3689 ἔχῃ
3090 3617 3152 3668 τὸ
3177 3615 3615 3685 κυοφορούμενον
3641 3617 3905 3687 μάρτυρα
3935 3619 4039 3686 τῆς

2456 3710 2770 3778 κυοφορίας.
2797 3708 2953 3778 Τάχα
2979 3707 3024 3760 δ’
3057 3707 3125 3760 ἂν
3164 3707 3260 3760 καὶ
3313 3708 3492 3778 ἕτεροι
3557 3709 3816 3770 τοιαύτας
3857 3712 4042 3772 ,τινὰς

2455 3801 2724 3855 ἀπέδοσαν
2743 3799 2920 3862 αίτίας
2948 3799 3181 3852 καθόσον
3215 3800 3430 3853 εἵλκυσε
3459 3801 3558 3869 τῆς
3587 3801 3796 3853 ἀνωθεν
3816 3803 4040 3870 σοφίας.

2469 3892 2621 3961 Ἐμοὶ
2641 3891 2698 3943 δὲ
2727 3890 2875 3942 δοκεῖ
2900 3889 3010 3942 τῶν
3068 3889 3377 3958 λεγομένων
3417 3906 3478 3942 τε
3513 3889 3607 3941 καὶ
3635 3891 4042 3959 πραττομένων

2455 3984 2576 4037 τότε
2606 3983 2705 4053 τὴν
2752 3983 2958 4036 οίκείαν
3017 3983 3170 4050 ἰσχὺν
3214 3981 3445 4035 ἕκαστον
3468 3981 3753 4052 παρέχειν,
3803 3982 3901 4035 ὅτε
3944 3983 4043 4034 τὸν

2454 4075 2652 4126 οἰκεῖον
2679 4072 2870 4142 καιρὸν
2893 4073 3154 4142 ἀναμένει
3175 4086 3188 4100 ·
3206 4071 3268 4124 τὸ
3288 4071 3397 4140 γὰρ
3416 4073 3644 4140 ἄκαιρον
3670 4072 4044 4141 περιθραύειν

2456 4166 2646 4218 είωθεν
2669 4165 2745 4228 ὡς
2771 4165 2842 4217 τὰ
2865 4163 3036 4218 πολλὰ
3060 4168 3160 4234 τῆς
3192 4163 3472 4233 ἐνεργείας
3512 4165 3610 4232 τὴν
3652 4163 3922 4232 δύναμιν·
3949 4165 4044 4218 ὅτε

2456 4253 2550 4310 οὖν
2575 4259 2653 4318 είς
2699 4257 2932 4327 ἀπορίαν
2984 4255 3258 4324 λογισμῶν
3312 4256 3547 4324 κατέστη
3577 4257 3605 4306 ὁ
3644 4253 3872 4325 Ἰωσὴφ,
3909 4256 4043 4309 τότε

2455 4350 2554 4420 τὴν
2582 4349 2699 4419 ἔριν
2722 4351 2750 4400 ὁ
2768 4348 2996 4417 ἄγγελος
3029 4349 3228 4414 ὲπέστη
3257 4346 3398 4399 λύων
3425 4347 3534 4399 τῶν
3561 4345 3864 4416 λογισμῶν.
3897 4348 4043 4400 Ὅτε

2455 4442 2513 4494 δὲ
2539 4443 2853 4510 διηπορεῖτο
2882 4441 2976 4492 καὶ
3009 4442 3128 4501 ταῖς
3157 4438 3267 4490 τῶν
3309 4437 3630 4492 διαϐουλιῶν
3685 4438 4048 4501 ἀντιπνοίαις

793 4533 967 4587 ventis
1017 4527 1293 4584 ﬂuctuarit
1325 4566 1340 4589 ,
1394 4522 1585 4592 agendi
1616 4535 1746 4573 cura
1783 4517 2128 4572 manifestum
2177 4513 2343 4569 fecit:

2460 4531 2808 4599 ὲκυμαίνετο,
2865 4528 3020 4598 δῆλον
3061 4529 3094 4598 ή
3141 4529 3339 4598 μελέτη
3384 4530 3486 4598 τῆς
3539 4527 3791 4597 πράξεως
3843 4531 4002 4582 ποιεί
4028 4544 4042 4557 ·

796 4647 814 4677 ι
845 4622 1074 4678 Volebat
1121 4620 1288 4681 enim,
1348 4614 1542 4684 inquit,
1595 4621 1807 4667 secreto
1845 4623 1963 4663 eam
2001 4605 2304 4667 dimittere;
2338 4623 2355 4654 ι

793 4733 899 4770 non
967 4723 1146 4767 autem
1213 4716 1426 4764 secreto
1494 4713 1588 4758 aut
1651 4703 1848 4772 quovis
1911 4697 2075 4753 modo
2127 4697 2181 4751 id
2246 4705 2361 4751 sta-

793 4807 1006 4869 tuisset,
1060 4805 1106 4859 si
1149 4799 1336 4872 spuria
1394 4797 1583 4852 sobole
1634 4805 1937 4849 tumescere
1981 4801 2198 4845 uterum
2242 4803 2362 4858 per-

792 4910 1018 4952 suasum
1054 4891 1369 4955 habuisset;
1408 4888 1502 4942 seil
1526 4893 1717 4939 contra
1759 4897 1881 4937 cum
1925 4880 2110 4949 justus
2134 4886 2278 4932 esset
2310 4886 2363 4930 ct

793 5000 1008 5048 amans,
1035 4991 1095 5039 et
1147 4979 1280 5050 legis
1317 4975 1811 5045 transgressionem
1862 4969 2036 5039 magis
2071 4982 2237 5038 quam
2267 4967 2360 5034 qui

797 5079 1034 5132 maxime
1048 5074 1280 5135 odisset,
1302 5071 1484 5139 legum
1503 5062 1855 5120 vindicationi
1886 5057 2222 5114 matrimonii
2251 5056 2366 5109 fur-

794 5179 908 5224 tum
944 5181 1162 5223 omnem
1188 5166 1248 5219 in
1294 5161 1472 5230 ipsum
1513 5166 1687 5213 ortam
1734 5151 2100 5222 suspicionem
2145 5149 2362 5204 solvens

797 5260 1154 5335 prodidisset,
1178 5269 1332 5312 suam
1359 5259 1542 5306 autem
1561 5245 1914 5304 excellentem
1946 5241 2216 5311 justitiam
2246 5254 2363 5294 ser-

796 5332 1023 5411 rasset:
1061 5349 1157 5406 sed
1207 5345 1432 5402 minime
1478 5342 1579 5396 hoc
1622 5349 1949 5408 persuasum
1997 5332 2252 5396 habebat,
2303 5339 2363 5384 ut

799 5456 967 5519 patet.
1002 5442 1168 5498 nulla
1203 5440 1346 5495 enim
1374 5437 1596 5507 pignora
1635 5430 1905 5501 prabebat
1931 5425 2097 5519 Virgo
2127 5440 2249 5519 quae
2278 5433 2361 5477 ta-

800 5517 905 5593 iem
938 5535 1083 5588 illius
1111 5529 1474 5598 suspicionem
1518 5532 1763 5577 avertere
1808 5518 2091 5574 valebant:
2124 5517 2363 5585 vilisac-

800 5640 1047 5686 euralam
1077 5621 1432 5694 diligentiam,
1469 5616 1776 5674 studiorum
1804 5607 2366 5675 sanctimoniam,dis-

873 5789 916 5822 ι’
951 5786 1084 5841 Luc.
1121 5799 1168 5846 ν.
1201 5784 1254 5838 ι.

2467 4641 2482 4672 ι
2507 4620 2806 4690 Ἢὸουλήθη
2840 4622 2969 4690 γάρ,
2993 4619 3149 4690 φησι,
3175 4619 3348 4689 λάθρα
3370 4619 3638 4672 ἀπολῦσαι
3663 4618 3858 4688 αύτήνο
3881 4637 3904 4671 s
3942 4621 4049 4672 οὒκ

2461 4711 2528 4764 ἂν
2551 4709 2677 4763 οὔτε
2728 4710 2904 4781 λάθρα
2935 4710 3178 4780 δηλονότι
3207 4708 3330 4762 οὔτε
3360 4709 3496 4772 ὅλως
3520 4707 3802 4777 ἐκπέμψαι
3831 4709 4049 4780 βουλη-

2459 4802 2592 4865 θεὶς,
2610 4803 2659 4855 εί
2679 4801 2830 4854 νόθου
2853 4800 3018 4869 γονῆς
3035 4800 3128 4854 τὸν
3149 4799 3313 4868 δγκον
3332 4800 3622 4852 ἐπέπειστο
3641 4797 3742 4868 τῆς
3769 4803 4047 4873 γαστρός·

2457 4893 2594 4946 ἀλλά
2621 4891 2930 4946 τούναντίον
2965 4891 3170 4953 δίκαιος
3201 4889 3275 4943 ὢν
3309 4891 3405 4944 καὶ
3437 4887 3672 4961 ἐραστὴς
3702 4894 3797 4941 καί
3852 4908 4051 4961 παρα-

2461 4985 2655 5056 νομίαν
2683 4985 2816 5047 εῐτις
2843 4983 3000 5046 ἀλλος
3034 4982 3232 5052 μισῶν,
3260 4982 3409 5052 νόμῳ
3442 4981 3507 5035 ἂν
3533 4982 3628 5034 καὶ
3657 4981 3911 5052 τιμωρία
3947 4984 4052 5038 τοῦ

2462 5079 2640 5148 γάμου
2696 5076 2794 5147 τὴν
2859 5075 3086 5146 κλοπὴν,
3149 5073 3294 5126 λύων
3320 5089 3379 5125 τε
3404 5074 3588 5127 πᾶσαν
3641 5071 3910 5126 ὑπόνοιαν
3964 5078 4052 5138 είς

2463 5171 2624 5224 αὑτὸν
2676 5169 3054 5238 ἀναφυομένην
3111 5165 3372 5235 πονηρὰν,
3404 5167 3498 5218 καὶ
3539 5163 3631 5217 τοῦ
3671 5163 3888 5216 δικαίου
3943 5168 4056 5236 τὴν

2450 5259 2798 5333 προστασίαν
2823 5261 2884 5312 οὐ
2911 5256 3220 5330 προδιδούς·
3249 5256 3388 5310 ἀλλὰ
3434 5255 3594 5308 τοῦτο
3625 5255 3723 5323 μὲν
3767 5251 4056 5324 οῦμενουν

2461 5353 2693 5418 οὐδόλως
2741 5352 3063 5405 ἐπέπειστο·
3117 5349 3316 5412 πολλὰς
3374 5349 3541 5420 γὰρὴ
3608 5347 3892 5418 Παρθένος
3950 5351 4057 5412 τὰς

2467 5448 2700 5512 πίστεις,
2726 5446 2782 5499 αἲ
2822 5447 2920 5515 τὴν
2949 5442 3206 5510 τοιαύτην
3269 5441 3434 5494 αὑτοῦ
3465 5437 3730 5510 ὑπόληψιν
3788 5441 4058 5512 ἀφῄρουν

2467 5541 2720 5608 παρεῖχε,
2775 5538 2875 5607 τὴν
2935 5535 3224 5607 ἀκρίϐειαν
3248 5533 3342 5586 τοῦ
3389 5533 3525 5602 βίου.
3558 5533 3659 5603 τῆς
3685 5535 4059 5605 ἀναστροφῆς

2469 5629 2565 5698 τὴν
2624 5628 2950 5698 σεμνότητα,
2977 5625 3039 5679 τὸ
3060 5623 3299 5693 καθαρὸν
3349 5623 3449 5693 τῆς
3503 5622 3731 5693 διαίτης,
3777 5621 3884 5676 καὶ
3943 5626 4060 5694 πρὸ
