4202 6442
187 416 292 481 165

1166 414 1266 474 AD
1300 409 1899 473 AMPHILOCHIUM
1935 408 2283 482 QUESTIO
2314 409 2509 485 XXII.

3326 410 3430 476 ιω

182 530 392 583 τούτων
409 526 472 579 τδ
490 525 558 579 lx
584 521 842 594 λαμπροῦ
883 522 1076 591 γένους
1124 518 1411 588 προελθεῖν
1440 490 1762 589 (βασιλικῆς
1785 519 1840 579 Α

1785 519 1840 579 Α
1863 516 2080 587 εἰριίιιιι
2148 516 2465 586 puritatem,
2492 524 2550 571 et
2573 524 2699 570 ante
2720 517 2903 571 omnia
2950 515 3097 573 illius
3134 531 3202 573 ea
3232 517 3428 575 illustri

183 620 292 688 γὰρ
321 618 419 671 καὶ
451 613 737 686 ίερατικῆς
752 616 1022 684 κατήγετο
1042 610 1261 681 φυλῆς),
1284 609 1382 681 τὴν
1410 611 1470 663 εν
1492 608 1623 680 ίερῷ
1650 608 1753 678 τῆς

184 710 410 781 πρώτης
430 706 649 778 ἡλικίας
664 706 977 776 ἀνιέρωσιν·
998 702 1171 758 ταῦτα
1195 703 1292 757 καὶ
1309 701 1520 756 τούτων
1539 700 1762 754 πλείονα

188 799 416 869 μακρὰν
445 797 703 860 ὑπονοίας
727 796 849 867 οὐχὶ
868 797 969 864 τῆς
999 793 1217 863 δρώσης
1239 795 1321 855 εις
1370 792 1621 857 εὐθύνας,
1645 790 1761 845 ἀλλ’

182 891 303 943 οὐδὲ
328 890 431 959 τῆς
452 890 515 943 τὸ
534 887 784 958 ἀπρεπὶς
849 885 1256 955 εύλαϐουμένης
1278 883 1374 937 τὸν
1438 881 1762 953 πρεσϐύτην

184 980 392 1033 {misr
420 978 544 1031 ούδδ
594 979 769 1031 έκεῖνο
795 977 855 1030 ει
880 976 1046 1030 πάλιν
1104 974 1224 1046 ᾔδει
1268 974 1367 1043 τὴν
1412 972 1611 1042 κύησιν
1660 972 1764 1042 τῆς

186 1068 340 1132 θείας
368 1067 644 1137 ὶνεργείας
662 1063 804 1122 εἶναι
823 1082 838 1097 ·
858 1067 1000 1137 ὑπὲρ
1029 1065 1241 1119 ιννοιαν
1272 1062 1381 1134 γὰρ
1411 1061 1760 1134 ἀνθρωπίνην

187 1162 281 1213 καὶ
312 1160 473 1227 λόγον
502 1159 718 1213 ἅπαντα
746 1158 846 1228 τῆς
896 1158 1026 1227 περὶ
1063 1157 1215 1228 ἡμᾶς
1251 1152 1391 1208 Θεοῦ
1429 1153 1762 1225 κηδεμονίας

184 1254 244 1304 τὺ
269 1251 435 1321 ῐργον
462 1250 697 1322 ὑπῆρχε.
734 1249 937 1318 Διόπερ
962 1249 1092 1311 τοὺς
1117 1246 1413 1318 λογισμοὺς
1441 1245 1764 1317 ένοχλούμε-

186 1360 299 1408 νος,
337 1345 440 1397 οὐκ
463 1338 577 1414 εἶχε
601 1343 831 1413 συνορᾷν
858 1342 1000 1413 ὅπερ
1025 1339 1546 1411 ἂνοδιαπραξάμενος
1574 1339 1676 1410 τήν
1703 1356 1765 1393 τε

185 1439 280 1492 τοῦ
310 1438 524 1492 δικαίου
565 1440 641 1508 μη
675 1437 984 1509 καθυϐρίση
1008 1436 1224 1507 κλῆσιν,
1256 1436 1353 1491 καὶ
1400 1434 1519 1506 Θεῷ
1550 1435 1765 1488 συνδια-

187 1530 380 1595 atme
399 1530 463 1583 τὺ
481 1529 775 1601 εύάρεστον
797 1528 1018 1599 ὀφθείη.

258 1620 391 1671 Ὅτε
440 1618 620 1672 τοίνυν
647 1619 705 1670 έν
728 1619 840 1679 τοῖς
896 1616 1159 1681 τοιούτοις
1208 1614 1555 1681 διεκλονεῖτο,
1610 1615 1705 1669 καὶ
1728 1616 1763 1685 ή

185 1710 323 1780 προς
352 1709 583 1777 θάτερον
602 1707 745 1779 ῥοπὴ
786 1707 886 1777 τῆς
911 1706 1259 1777 ἀνθρωπίνης
1314 1707 1555 1777 κρίσεως
1588 1705 1763 1760 αὐτὸν

185 1799 547 1864 ἐπελελοίπει,
577 1798 698 1853 τότε
732 1798 853 1852 λίαν
885 1797 1164 1868 ἁρμοδίως
1197 1798 1293 1852 καὶ
1326 1798 1469 1851 κατά
1517 1796 1708 1866 καιρὸν
1730 1796 1761 1850 6

185 1892 419 1959 ἅγγελος
580 1889 851 1961 στηρίζων
881 1860 1048 1943 αύτοῦ
1094 1889 1196 1959 τὴν
1244 1860 1761 1958 κεκινημένηντδιά-
1788 1860 1836 1920 Β

186 1997 360 2045 νοιαν,
392 1979 480 2049 ἐφ’
506 1973 676 2047 οὗπερ
708 1977 817 2031 εδει
857 1978 1038 2047 μένειν
1096 1976 1415 2048 ἀκλὸνητον,
1446 1976 1540 2030 καί
1569 1990 1754 2047 φησιν’

192 2089 212 2122 ε
236 2070 438 2139 Ἰωσὴφ
459 2070 573 2133 υίὸς
590 2068 776 2131 Δαϐὶδ,
800 2068 875 2140 μη
904 2067 1152 2139 φοϐηθῇς
1168 2068 1509 2139 παραλαϐεῖν
1531 2070 1763 2141 Μαριὰμ

185 2164 289 2232 τὴν
335 2163 571 2231 γυναῖκά
618 2179 744 2217 σου·
787 2162 850 2216 τὸ
897 2162 1005 2232 γὰρ
1062 2164 1122 2215 ὲν
1172 2162 1310 2233 αὐτῇ
1363 2161 1653 2233 γεννηθέν,
1698 2164 1763 2215 εκ

187 2254 509 2323 Πνεύματός
538 2255 689 2308 εστιν
714 2254 875 2323 ἀγίου
894 2271 909 2287 ο
954 2253 1165 2318 τέξεται
1214 2253 1271 2307 δὲ
1313 2253 1450 2312 υίδν.
1475 2254 1571 2307 καὶ
1600 2254 1761 2307 καλέ-

189 2363 306 2408 σεις
322 2346 385 2397 τὸ
403 2346 576 2414 ὄνομα
593 2346 757 2399 αὑτοῦ
774 2343 1001 2415 Ἰησοῦν·
1025 2363 1045 2398 ι
1066 2345 1283 2416 μηκέτι,
1299 2343 1486 2414 φησὶν,
1508 2345 1606 2415 τῆς
1625 2345 1763 2415 ἀμη-

186 2435 381 2505 χανίας
436 2436 559 2498 ἔσο,
599 2435 733 2506 μηδέ
787 2451 849 2488 σε
905 2433 1055 2499 δόξαι
1107 2435 1418 2506 μαχόμεναι
1484 2434 1761 2505 διαπορεῖν

185 2522 634 2577 ἁναπειθέτωσαν
665 2523 722 2575 τὸ
766 2524 1036 2593 πρακτέον
1061 2538 1076 2553 ⁸
1137 2525 1205 2576 εκ
1253 2522 1569 2591 Πνεύματός
1615 2525 1762 2577 ἐστιν

186 2617 349 2682 ἁγίου
376 2615 441 2669 τὸ
491 2617 551 2667 ὲν
612 2617 749 2685 αὐτῇ
813 2616 1106 2687 γεννηθέν·
1151 2615 1308 2685 ἀγίου
1347 2616 1403 2669 δὲ
1446 2616 1764 2685 Πνεύματος

188 2707 492 2777 παρουσία,
542 2706 638 2760 καὶ
691 2706 904 2776 θέλημα
942 2707 1166 2778 σαρκὸς,
1210 2708 1310 2761 οὐκ
1363 2702 1474 2761 οἷόν
1497 2708 1558 2761 τέ
1591 2710 1760 2772 ἐστιν,

185 2800 311 2852 οὐδὲ
338 2818 401 2853 σε
438 2798 680 2870 λέληθεν,
735 2801 817 2862 είς
848 2800 906 2852 ιν
950 2799 1247 2864 συνελθεῖν,
1300 2799 1421 2853 οὐδὲ
1463 2802 1563 2871 την
1592 2799 1763 2871 αὐτὴν

186 2888 585 2955 ὲξοικέιοῦσθαι
598 2888 814 2960 πρᾶξιν·
844 2888 1146 2959 παράδοξος
1164 2892 1192 2943 ὁ
1210 2889 1389 2957 λόγος,
1420 2890 1558 2944 ἀλλά
1579 2906 1761 2961 παρα-

185 2983 472 3053 δοξοτέρου
494 2981 651 3035 τόκου
683 2982 829 3035 ἐστὶν
866 2982 1186 3049 εὐαγγέλιον
1210 2995 1225 3009 ’
1260 2999 1280 3031 ι
1319 2982 1415 3033 Ἐκ
1445 2981 1763 3051 Πνεύματός

188 3073 345 3124 ἔστιν
360 3070 573 3138 ἀγίου,ι
593 3070 687 3122 καὶ
709 3069 964 3134 ιτίξεται
982 3069 1116 3123 υἱόν·
1131 3088 1150 3121 ι
1175 3070 1276 3140 ὅρα
1292 3071 1386 3123 καὶ
1406 3070 1512 3139 πρὸ
1524 3070 1621 3140 τῆς
1638 3086 1763 3137 γεν-

188 3166 405 3234 νήσεως
427 3163 520 3216 τὸν
544 3163 676 3217 υίόν·
700 3163 796 3216 καὶ
820 3160 1171 3230 γεννηθέντος
1195 3161 1334 3215 ἔστω
1365 3178 1446 3216 σοι
1464 3162 1762 3232 τεκμήριον
1789 3196 1835 3257 c

187 3254 287 3306 τοῦ
333 3252 750 3324 ὲκϐεϐηκάτοςή
784 3252 1087 3323 πρόρρησις
1136 3252 1232 3305 καὶ
1285 3252 1389 3322 τῆς
1441 3252 1609 3323 ἄλλης
1655 3253 1763 3308 τῶν

190 3343 547 3412 Εύαγγελίων
600 3342 859 3413 ἀληθείας
884 3360 899 3375 ο
932 3345 961 3396 ὁ
986 3342 1094 3413 γὰρ
1157 3344 1240 3395 ἔτι
1290 3343 1350 3396 τὸ
1387 3346 1765 3415 κρυπτόμενον

189 3442 250 3492 ὲν
274 3442 390 3500 τοῖς
426 3438 685 3507 θαλάμοις
713 3437 812 3506 τῆς
836 3436 1051 3504 φύσεως
1094 3437 1189 3489 καὶ
1213 3435 1368 3500 είδὼς
1400 3437 1497 3491 καὶ
1524 3454 1765 3505 προανα-

190 3532 485 3604 κηρύττων
514 3534 646 3597 υιὺν,
675 3527 827 3594 οὗτος
858 3532 953 3586 καὶ
996 3532 1243 3601 τεχνίτης
1271 3531 1463 3601 γέγονε
1500 3533 1600 3601 τῆς
1634 3532 1763 3587 ἄνευ

191 3625 413 3694 σπορᾶς
466 3624 604 3695 ὑπὲρ
648 3624 805 3693 λόγον
839 3624 1339 3695 δημιουργηθείσης
1398 3622 1619 3693 σαρκὸς,
1671 3624 1765 3677 καὶ

190 3717 300 3787 τῆς
333 3718 627 3787 παρθενίας
678 3716 875 3784 φύλαξ,
904 3715 1095 3785 ὥσπερ
1118 3714 1255 3785 μετά
1285 3714 1378 3767 τὸν
1411 3715 1592 3775 τόκον,
1623 3712 1765 3765 οὕτω

192 3809 291 3862 καὶ
346 3808 455 3879 πρὸ
484 3806 576 3861 τοῦ
607 3809 766 3861 τόκου
796 3807 872 3878 μὴ
903 3807 1135 3861 διαλύων
1168 3806 1235 3860 τὰ
1272 3806 1579 3876 σήμαντρα.
1608 3824 1628 3856 ι
1656 3804 1765 3857 Καὶ

191 3895 451 3958 καλέσεις
476 3895 537 3948 τὸ
563 3896 736 3965 ὄνομα
764 3895 931 3950 αὑτοῦ
968 3893 1173 3967 Ἰησοῦν
1193 3912 1207 3925 ·
1233 3914 1252 3945 ι
1283 3894 1417 3947 ἀλλὰ
1449 3894 1544 3947 καὶ
1567 3896 1601 3964 ή
1636 3894 1765 3962 κλῆ-

190 4003 278 4048 σις
309 3984 519 4039 ἀνωθεν
554 3984 667 4057 ἔχει
696 3986 794 4056 τὴν
832 3986 1033 4058 κρίσιν’
1082 3984 1289 4056 Ἰησοῦς
1309 3985 1418 4054 γάρ
1445 4004 1463 4036 ι
1484 3985 1565 4037 ὅτι
1601 3982 1763 4037 σώσει

187 4078 285 4129 τὸν
310 4076 438 4131 λαὸν
490 4076 676 4131 αὐτοῦ.
710 4094 728 4128 ι
750 4105 825 4120 -
854 4096 873 4129 ι
903 4076 995 4147 Μὴ
1018 4075 1264 4147 φοϐηθῇς
1286 4075 1622 4148 παραλαϐεῖν
1648 4075 1765 4129 Μα-

189 4170 335 4238 ριὰμ
358 4169 459 4237 τὴν
488 4172 722 4237 γυναῖκα
747 4174 909 4223 σου.ἰ
947 4169 1134 4223 Ταῦτα
1165 4168 1273 4239 γὰρ
1300 4169 1361 4220 ού
1396 4168 1572 4221 πάντα
1600 4167 1764 4237 μόνον

182 4263 515 4331 ἀφαιρεῖται
552 4262 737 4330 φόϐον,
794 4260 932 4316 ἀλλὰ
958 4261 1053 4314 καὶ
1083 4260 1329 4331 μεγάλης
1374 4258 1645 4329 θυμηδίας
1670 4260 1762 4312 καὶ

186 4351 428 4405 ἐλπίδων
448 4350 785 4405 ἀνελπίστων
805 4350 1088 4422 χαρίζεται
1104 4349 1352 4403 πλοῦτον·
1376 4350 1495 4420 «Μὴ
1519 4349 1763 4421 φοϐηθῇς

184 4441 534 4512 παραλαϐεῖν
564 4441 796 4512 Μαριὰμ
824 4442 923 4511 τὴν
954 4441 1188 4510 γυναῖκά
1214 4457 1329 4493 σου.
1346 4458 1364 4491 ι
1399 4439 1636 4493 Γυναῖκα
1663 4440 1760 4510 σὴν

1875 623 2073 680 genere
2096 617 2274 663 ortum
2306 608 2395 677 (es
2424 608 2569 662 tribu
2600 622 2793 677 nempe
2822 608 2970 677 regia
2999 618 3056 663 et
3103 612 3428 667 sacerdotali

1862 710 1991 757 nata
2011 700 2175 769 erat),
2203 702 2324 769 ejas
2345 700 2399 753 in
2425 699 2673 769 temploa
2693 702 2897 755 teneris
2926 703 3429 771 consecutionem;

1863 793 1982 849 hac
2027 803 2083 849 et
2130 794 2215 849 bis
2248 794 2403 862 plura
2454 792 2632 848 adhuc
2677 793 2837 865 longe
2884 808 2917 849 a
2964 794 3279 864 suspicione
3318 812 3428 850 non

1864 892 2077 939 tantum
2108 883 2176 938 ad
2211 883 2613 938 accusationem
2643 883 2918 951 tendente,
2944 884 3040 940 sed
3083 885 3247 940 etiam
3276 886 3431 940 inde-

1862 976 2096 1031 centiam
2122 973 2479 1041 l'ormidante,
2510 988 2694 1029 senem
2730 976 3101 1031 removebant.
3128 965 3234 1033 Sed
3255 992 3431 1048 neque

1864 1080 2059 1121 rursus
2082 1064 2291 1121 sciebat
2316 1065 2455 1119 hanc
2478 1064 2886 1133 conceptionem
2904 1063 3089 1120 divina
3114 1069 3431 1136 operatione

1863 1153 2134 1218 eﬂ‘ectam,
2155 1169 2321 1223 supra
2349 1155 2615 1209 rationem
2637 1154 2784 1209 enim
2804 1164 2859 1210 et
2885 1170 3109 1212 sensum
3128 1157 3429 1214 humanum

1865 1254 1951 1301 est
1985 1244 2081 1300 Dei
2130 1246 2181 1298 in
2229 1260 2331 1300 nos
2371 1245 2760 1300 misericordiae
2802 1260 2964 1316 Opus.
3018 1246 3205 1318 itaque
3251 1261 3433 1306 mante

1863 1339 2187 1393 conturbata
2225 1351 2337 1391 non
2364 1336 2577 1392 valebat
2607 1336 2906 1409 intelligere
2944 1341 3075 1409 quid
3113 1339 3341 1407 faceret,
3372 1353 3434 1398 ut

1862 1430 1998 1501 justi
2038 1429 2459 1499 appellationem
2509 1444 2618 1485 non
2671 1429 2919 1499 ltedaret,
2961 1442 3016 1488 et
3059 1431 3173 1489 De'o
3218 1436 3432 1505 placere

1863 1528 2257 1592 perseveraret.
2374 1576 2383 1590 ,

1933 1612 2071 1668 Cum
2100 1612 2267 1683 igitur
2308 1611 2508 1666 talibus
2544 1613 2993 1682 perturbaretur,
3030 1626 3129 1668 nec
3150 1614 3217 1667 ad
3264 1614 3429 1668 ullam

1864 1713 2074 1774 partem
2100 1704 2331 1758 humani
2355 1704 2546 1773 iudicii
2581 1714 2762 1759 motus
2790 1703 2941 1757 illum
2964 1704 3274 1769 inclinaret,
3301 1714 3432 1759 tunc

1865 1805 1990 1866 apte
2015 1806 2071 1851 et
2100 1804 2410 1867 opportune
2434 1796 2584 1851 venit
2608 1796 2831 1867 angelus
2870 1797 2963 1864 qui
3001 1796 3260 1865 agitatam
3310 1797 3432 1865 ejus

1862 1894 2099 1942 mentem
2127 1887 2371 1941 ﬁrmaret
2391 1894 2447 1941 et
2476 1886 2696 1942 doceret
2722 1886 2812 1942 ubi
2830 1887 3039 1956 absque
3066 1886 3433 1941 sollicitudine

1862 1978 2084 2034 deberet
2106 1976 2319 2033 sedere.
2352 1976 2420 2031 Et
2444 1978 2522 2032 ait
2548 1994 2564 2032 :
2603 1996 2623 2030 ι
2654 1978 2878 2047 Josepb.
2899 1977 2975 2033 illi
3009 1978 3201 2041 David,
3222 1978 3333 2032 noli
3362 1979 3433 2031 ti-

1863 2086 2016 2127 mere
2044 2071 2294 2141 accipere
2335 2068 2558 2125 lariam
2592 2071 2875 2141 eonjugem
2908 2079 3090 2137 tuam;
3113 2068 3260 2140 quod
3282 2070 3428 2124 enim

1862 2160 1920 2217 in
1943 2176 2009 2216 ea
2041 2170 2229 2216 natum
2252 2168 2356 2228 est,
2386 2174 2420 2215 e
2475 2159 2681 2230 Spiritu
2708 2169 3027 2227 sanctoest;
3053 2160 3226 2228 pariet
3247 2168 3427 2215 autem

1862 2252 2033 2307 [ilium
2053 2261 2109 2307 et
2141 2251 2364 2307 vocabis
2392 2264 2592 2307 nomen
2618 2250 2738 2320 ejus
2761 2250 2946 2305 .lesum
2968 2269 2983 2316 ;
3009 2269 3028 2302 ι
3064 2264 3164 2305 nec
3183 2250 3296 2320 jam
3327 2251 3427 2315 sis,

1862 2343 2058 2413 inquit,
2088 2343 2334 2398 incertus
2362 2356 2540 2412 neque
2566 2349 2875 2411 pugnantes
2907 2339 3193 2395 sententia
3232 2347 3291 2393 ut
3326 2340 3431 2393 du-

1861 2436 2001 2493 bites
2052 2435 2419 2506 persuadeant
2452 2450 2466 2486 :
2501 2432 2650 2503 quod
2698 2431 3010 2487 faciendum
3052 2440 3138 2486 est
3165 2446 3196 2485 a
3222 2429 3427 2500 Spiritu

1862 2536 2053 2584 sancto
2075 2536 2161 2583 est
2188 2527 2243 2581 in
2274 2541 2339 2582 ea
2371 2536 2581 2582 natum.
2632 2524 2872 2596 Spiritus
2914 2529 3087 2582 sancti
3125 2541 3257 2581 vero
3288 2542 3427 2597 pne-

1862 2618 2035 2674 sentia
2082 2627 2136 2673 et
2183 2617 2435 2673 voluntas
2484 2618 2668 2672 carnis
2716 2627 3030 2687 nequeunt,
3084 2625 3144 2672 ut
3187 2619 3316 2680 scis,
3372 2617 3425 2672 in

1863 2724 2033 2764 unum
2066 2708 2361 2764 convenire
2393 2723 2569 2778 neque
2597 2708 2853 2763 eumdem
2898 2718 3079 2762 actum
3115 2706 3221 2762 sibi
3251 2706 3425 2760 vindi-

1862 2815 2020 2867 care;
2049 2800 2385 2856 incredibilis
2417 2814 2623 2863 sermo,
2653 2800 2747 2855 sed
2787 2799 3212 2854 incredibilioris
3240 2810 3429 2869 partus

1861 2892 2201 2960 evangelium
2226 2903 2309 2947 est
2332 2910 2345 2947 :
2372 2909 2392 2943 ι
2421 2890 2495 2945 De
2518 2890 2724 2961 Spiritu
2742 2900 2933 2946 sancto
2957 2902 3093 2951 est,»
3120 2898 3175 2943 et
3205 2909 3225 2941 ι
3253 2888 3429 2943 Pariet

1864 2984 2055 3038 lilium.
2084 3001 2103 3034 ι
2144 2981 2281 3039 Vide
2307 2994 2363 3040 et
2395 2994 2525 3039 ante
2593 2984 2930 3039 nativitatem
2970 2982 3141 3036 lilium
3169 2998 3184 3048 ;
3215 2992 3269 3036 et
3303 2996 3427 3036 cum

1864 3086 2027 3131 natus
2058 3074 2238 3141 fuerit,
2267 3077 2340 3132 sit
2368 3076 2465 3132 tibi
2506 3076 2561 3131 in
2592 3076 2968 3131 testimonium
3003 3087 3060 3128 ιιι
3104 3082 3161 3128 et
3186 3073 3250 3127 de
3276 3072 3430 3127 omni

1863 3168 2266 3238 evangeliorum
2285 3168 2515 3224 veritate
2534 3210 2550 3234 ,
2573 3168 2735 3235 huius
2754 3178 2978 3223 eventus
3006 3165 3303 3236 praedicno.
3324 3162 3431 3230 Qui

1864 3262 2009 3315 enim
2044 3260 2191 3329 quod
2226 3261 2410 3316 adhuc
2434 3261 2489 3315 in
2527 3261 2649 3316 sinu
2702 3270 2907 3315 natura:
2938 3257 3318 3313 absconditum
3348 3266 3433 3312 est

1863 3361 1918 3407 et
1952 3354 2054 3407 scit
2075 3361 2130 3407 et
2172 3354 2499 3423 praenuntiat
2538 3353 2733 3419 lilium,
2765 3352 2857 3407 ille
2895 3350 3089 3406 artifex
3139 3359 3224 3406 est
3271 3349 3431 3418 huius

1866 3444 1985 3498 sine
2013 3444 2219 3498 semine
2251 3457 2419 3513 supra
2468 3445 2734 3496 rationem
2772 3452 2967 3497 create
3012 3426 3217 3507 carnis,
3245 3451 3299 3495 et
3321 3440 3421 3494 vir-

1865 3534 2108 3605 ginitatis
2135 3544 2343 3598 custos,
2378 3543 2437 3589 ut
2462 3543 2588 3604 post
2613 3545 2849 3603 partum,
2877 3534 2958 3589 sic
2982 3542 3037 3588 et
3060 3541 3185 3588 ante
3215 3542 3427 3603 partum

1866 3623 2040 3689 sigilla
2066 3638 2173 3678 non
2203 3623 2386 3677 solvit.
2414 3640 2433 3673 ι
2468 3623 2533 3676 Et
2560 3622 2780 3678 vocabis
2804 3637 3001 3677 nomen
3025 3622 3145 3691 ejus
3165 3620 3373 3676 Jesum.
3404 3640 3423 3673 ι

1867 3716 1969 3768 Sed
1995 3723 2050 3769 et
2098 3715 2385 3785 appellatio
2426 3729 2580 3771 suam
2629 3714 2915 3770 desursum
2964 3714 3127 3769 habet
3152 3713 3425 3784 signiﬁca-

1866 3807 2096 3871 tionem;
2120 3804 2280 3861 Jesus
2301 3807 2471 3869 enim,
2489 3806 2647 3876 «quia
2669 3806 2900 3860 salvabit
2924 3805 3182 3875 populum
3206 3820 3387 3861 suum.
3403 3822 3421 3853 ι

1864 3926 1935 3941 -—
1960 3915 1980 3949 ι
2016 3899 2097 3953 Ne
2126 3901 2321 3955 timeas
2356 3900 2605 3969 accipere
2634 3899 2858 3954 Mariam
2880 3901 3168 3970 conjugem
3203 3908 3376 3955 tuam.
3401 3918 3421 3951 ι

1864 3992 1989 4047 Hzec
2020 3991 2165 4045 enim
2197 4005 2307 4045 non
2346 3991 2507 4045 modo
2545 4006 2761 4045 omnem
2796 3992 2993 4045 tollunt
3032 3992 3302 4058 timorem,
3331 3991 3425 4047 sed

1862 4094 1917 4141 et
1946 4097 2155 4153 magnae
2188 4080 2386 4136 latitia
2423 4090 2479 4136 et
2520 4082 2809 4153 insperatae
2844 4082 2960 4151 spei
2998 4081 3307 4153 largiuntur
3336 4081 3423 4135 di-

1863 4168 2066 4229 vitias':
2102 4188 2121 4221 ι
2175 4168 2254 4225 Ne
2306 4170 2501 4226 timeas
2554 4170 2800 4239 accipere
2862 4170 3085 4224 Mariam
3136 4169 3422 4240 coniugem

1862 4274 2032 4320 tuam.
2071 4282 2090 4315 ι
2124 4261 2422 4333 Conjugem
2474 4272 2621 4317 tuam
2656 4262 2917 4332 virginem
2954 4261 3205 4329 audiens,
3259 4262 3425 4318 babes

1861 4368 1929 4409 ex
1960 4352 2061 4407 hac
2093 4365 2227 4406 voce
2255 4351 2324 4405 ab
2355 4350 2505 4405 omni
2554 4350 2791 4404 hominis
2832 4349 3164 4405 commercio
3209 4349 3425 4409 mundi-

1862 4441 2016 4496 tiam.
2050 4440 2107 4496 Si
2134 4441 2281 4496 enim
2306 4441 2409 4496 sub
2440 4456 2503 4496 ea
2544 4442 2660 4510 lege
2701 4456 2821 4509 qua:
2868 4441 3066 4495 innexa
3096 4448 3178 4495 est
3200 4439 3424 4511 virgini~

181 4533 287 4603 τὴν
314 4531 591 4603 Παρθένον
614 4532 827 4586 ἀκούων
868 4534 1014 4603 ιχεις
1048 4534 1115 4586 ὲκ
1138 4534 1237 4603 τῆς
1279 4533 1465 4603 φωνῆς
1494 4534 1593 4602 τὴν
1620 4533 1754 4605 πρὸς
1786 4542 1831 4597 D

1786 4542 1831 4597 ι)
1860 4542 2021 4588 tatem
2050 4532 2314 4587 intactam
2341 4540 2396 4588 et
2417 4533 2821 4587 immaculatam
2850 4533 3105 4598 servavit,
3130 4547 3240 4605 quo
3263 4514 3422 4586 modo

183 4626 379 4677 πᾶσαν
416 4623 607 4693 ἀνδρὸς
637 4623 854 4694 ὁμιλίαν
908 4623 1279 4693 καθαρότητα.
1315 4624 1375 4676 El
1405 4624 1514 4694 7&9
1554 4616 1599 4691 ᾧ
1630 4642 1757 4677 συνο

182 4716 337 4785 ήφθη
369 4714 522 4785 νόμῳ
548 4715 611 4767 τὸ
629 4717 727 4785 τῆς
758 4713 1073 4783 παρθενίας,
1102 4713 1380 4783 ἀνέπαφόν
1404 4731 1460 4766 τε
1490 4717 1584 4767 καὶ
1615 4714 1755 4783 ἀκη-

182 4822 356 4877 ρατον
382 4803 726 4870 συνδιέσωσε,
758 4805 875 4866 πῶς
895 4805 963 4859 ἂν
986 4805 1175 4877 ἑτέρου
1201 4804 1345 4867 τινὸς
1372 4804 1548 4875 ἔρωτα
1576 4821 1757 4874 παραυ

178 4897 452 4965 δέξασθαι
473 4914 489 4962 ;
514 4896 617 4951 κᾶν
633 4897 761 4966 γοῦν
783 4898 940 4951 σκιάν
955 4914 1076 4951 τινα
1104 4896 1384 4969 καταλίπῃ
1408 4896 1752 4967 ὑπολήψεως.

180 4988 286 5041 σοῦ
327 4987 467 5059 γυνὴ
502 4988 649 5058 νόμῳ
682 4988 1022 5059 γεγενημένη
1067 4986 1358 5058 μνηστείας
1402 4988 1636 5059 κρείττω
1662 4988 1758 5041 καὶ

180 5079 533 5150 ὑψηλοτέραν
584 5079 782 5151 ἑαυτην
827 5080 923 5133 καὶ
967 5080 1076 5132 τῶν
1116 5079 1378 5149 ·νομίμων
1413 5079 1752 5149 διετήρησεν,

178 5173 363 5242 ἑτέρῳ
393 5173 725 5242 παρανομεῖν
748 5171 860 5235 πῶς
883 5171 949 5225 ἂν
974 5170 1182 5241 ὑπέστη
1206 5169 1387 5239 χώραν
1413 5173 1712 5241 παρασχεῖν
1736 5187 1751 5235 ;

178 5264 283 5316 καὶ
312 5262 419 5330 τῆς
469 5260 677 5313 ἑκείνου
728 5261 947 5332 χάριτος
978 5260 1135 5334 ὕϐριν
1179 5261 1531 5326 ἀλλάξασθαι,
1558 5264 1590 5332 ἡ
1618 5263 1753 5333 μηδι

176 5353 361 5423 χωρὶς
385 5351 595 5421 ὕϐρεως
610 5352 952 5424 ἀνασχομένη
966 5355 1065 5420 τῆς
1082 5354 1381 5423 παρθενίας
1406 5354 1720 5419 ἐξίστασθαι
1736 5374 1750 5419 ;

181 5446 375 5513 Ἔχεις
406 5439 500 5497 οὖν
544 5444 693 5514 παρά
723 5444 935 5515 σεαυτῷ
961 5445 1061 5512 τῆς
1084 5444 1459 5514 καθαρότητος
1484 5446 1585 5515 τὴν
1610 5464 1752 5517 μαρ-

174 5534 381 5606 τυρίαν
409 5534 859 5605 ἀπαράγραπτονυ
877 5535 958 5589 διδ
992 5554 1010 5588 ι
1035 5535 1128 5605 κὴ
1152 5535 1395 5606 φοϐηθῇς
1415 5536 1753 5607 παραλαϐεῖν

173 5628 424 5698 Ηαριάμ
474 5626 573 5696 τὴν
598 5626 831 5695 γυναῖκά
862 5642 955 5680 σου
978 5640 993 5655 ⁸
1030 5644 1050 5678 ι
1080 5623 1159 5690 οἷς
1186 5625 1295 5697 γὰρ
1334 5628 1471 5698 πρὸς
1495 5627 1554 5680 at
1574 5626 1637 5681 τὸ
1656 5627 1756 5699 τῆς

178 5717 487 5789 παρθενίας
545 5717 844 5788 ἀμόλυντον
906 5717 1222 5781 διεσώσατο,
1251 5717 1462 5781 τούτοις
1505 5718 1755 5782 καὶτοὺς

173 5812 611 5884 ἀηπιρρἠους
634 5812 969 5885 πορίζεσθαι·
990 5815 1126 5885 γυνή
1144 5830 1258 5880 σου,
1280 5812 1466 5883 φησὶν,
1486 5812 1640 5883 ὁρᾷς,
1661 5813 1754 5867 καὶ

1859 4622 2330 4676 alteriusamorem
2347 4620 2691 4675 admisisset?
2705 4618 2770 4673 Et
2786 4619 2830 4673 si
2856 4619 3103 4673 umbram
3130 4618 3433 4689 quamdam

1857 4713 2187 4783 suspicionis
2213 4712 2390 4768 adhuc
2436 4714 2734 4782 reliquerit,
2788 4726 2913 4766 reor
2956 4721 3047 4765 tua
3091 4709 3421 4765 matrimonii

1853 4804 1977 4873 jure
2005 4802 2145 4859 facta
2180 4802 2415 4873 seipsam
2458 4804 2718 4872 majorem
2750 4810 2804 4856 et
2833 4800 3187 4856 excelsiorem
3210 4807 3263 4854 et
3288 4798 3421 4868 legi-

1858 4895 2006 4950 timis
2036 4892 2580 4963 servavit,quomodo
2604 4892 2756 4949 alteri
2791 4892 2959 4965 legem
2989 4888 3421 4963 transgrediendi

1858 4986 2211 5041 sustinuisset
2242 4984 2426 5040 locum
2454 4984 2739 5055 pmbem?
2774 4983 2840 5038 Et
2867 4999 2931 5039 ex
2950 4983 3069 5053 ejus
3103 4995 3289 5037 amore
3324 4995 3422 5049 op-

1858 5077 2136 5147 probrium
2164 5077 2467 5142 incurrere,
2498 5092 2619 5145 qua:
2653 5090 2753 5129 nec
2778 5075 2896 5129 sine
2927 5070 3222 5143 opprobrio
3247 5069 3423 5125 noluit

1858 5169 2167 5240 virginitate
2189 5169 2487 5225 excedere?
2511 5167 2687 5223 Habes
2711 5168 2874 5237 igitur
2905 5174 2960 5220 et
2988 5178 3156 5235 prope
3188 5162 3419 5232 teipsum

1860 5262 2389 5332 incircumsrriptum
2455 5261 2736 5316 munditia:
2814 5258 3211 5313 testimonium.
3272 5254 3419 5317 ideo,

1863 5373 1884 5407 ι
1916 5352 2036 5409 Noli
2078 5354 2271 5408 timere
2298 5357 2543 5423 accipere
2584 5353 2806 5407 Mariam
2844 5351 3133 5420 cunjugem
3175 5358 3345 5403 tuam.
3396 5364 3414 5396 ι

1857 5444 2067 5511 Quibus
2110 5447 2257 5501 enim
2312 5446 2493 5515 quoad
2550 5455 2603 5500 te
2662 5444 2986 5516 virginitatis
3056 5441 3417 5511 integritatem

1857 5538 2111 5602 servavit,
2141 5537 2208 5593 iis
2246 5547 2303 5593 et
2331 5538 2653 5592 inconcussa
2676 5546 2997 5607 argumenta
3018 5534 3255 5605 prabet;
3286 5546 3421 5585 uxor

1857 5637 1971 5693 tua,
2003 5629 2201 5698 inquit,
2232 5636 2293 5683 ut
2313 5629 2490 5693 audis,
2520 5644 2550 5683 a
2583 5645 2667 5684 me
2696 5630 2811 5699 ipso
2844 5628 3137 5692 dicitur,et
3163 5637 3284 5679 eam
3309 5638 3417 5676 non

1856 5719 2181 5789 cognovisti.
2212 5718 2269 5774 Si
2300 5730 2480 5775 autem
2516 5735 2579 5775 ex
2606 5735 2715 5789 quo
2746 5722 2847 5774 hoc
2873 5716 3061 5772 uxoris
3090 5728 3287 5769 nomen
3315 5710 3417 5765 sibi

1858 5810 2179 5882 assumpsit,
2204 5819 2376 5867 totum
2404 5810 2507 5866 boc
2537 5820 2751 5879 tempus
2778 5811 2849 5865 ab
2877 5810 3027 5866 omni
3056 5817 3234 5864 tecum
3262 5815 3414 5858 cutu-
