  <div class='ocr_page' id='page_1' title='image "/cluster/home/n/w/nwhite01/storage/ocr_20150623/101/nnc1.0046980164/107.png"; bbox 0 0 4202 6442; ppageno 0'>
   <div class='ocr_carea' id='block_1_1' title="bbox 769 391 2428 471">
    <p class='ocr_par' dir='ltr' id='par_1_1' title="bbox 769 399 2428 471">
     <span class='ocr_line' id='line_1_1' title="bbox 769 399 2428 471; baseline -0.008 -1"><span class='ocrx_word' id='word_1_1' title='bbox 769 405 872 471; x_wconf 77' lang='grc'><strong>167</strong></span> <span class='ocrx_word' id='word_1_2' title='bbox 1919 399 2184 461; x_wconf 83' lang='grc' dir='ltr'><strong>ΡΗΟΤΙῐ</strong></span> <span class='ocrx_word' id='word_1_3' title='bbox 2219 399 2428 458; x_wconf 67' lang='lat' dir='ltr'><strong>PATIll</strong></span> 
     </span>
    </p>
   </div>
   <div class='ocr_carea' id='block_1_2' title="bbox 2367 391 4026 471">
    <p class='ocr_par' dir='ltr' id='par_1_2' title="bbox 2367 391 4026 458">
     <span class='ocr_line' id='line_1_2' title="bbox 2367 391 4026 458; baseline 0 0"><span class='ocrx_word' id='word_1_4' title='bbox 2367 397 2726 458; x_wconf 66' lang='lat' dir='ltr'><strong>IlIARCHIE</strong></span> <span class='ocrx_word' id='word_1_5' title='bbox 2760 398 2872 458; x_wconf 66' lang='grc' dir='ltr'>(ΞΡ.</span> <span class='ocrx_word' id='word_1_6' title='bbox 3931 391 4026 458; x_wconf 76' lang='grc'><strong>168</strong></span> 
     </span>
    </p>
   </div>
   <div class='ocr_carea' id='block_1_3' title="bbox 766 511 2425 589">
    <p class='ocr_par' dir='ltr' id='par_1_3' title="bbox 766 518 2422 589">
     <span class='ocr_line' id='line_1_3' title="bbox 766 518 2422 589; baseline -0.008 -6"><span class='ocrx_word' id='word_1_7' title='bbox 766 524 972 583; x_wconf 85' lang='lat' dir='ltr'><strong>mercio</strong></span> <span class='ocrx_word' id='word_1_8' title='bbox 998 524 1259 578; x_wconf 89' lang='lat' dir='ltr'><strong>mundum</strong></span> <span class='ocrx_word' id='word_1_9' title='bbox 1281 521 1539 582; x_wconf 84' lang='lat' dir='ltr'><strong>ostendit,</strong></span> <span class='ocrx_word' id='word_1_10' title='bbox 1564 520 1838 589; x_wconf 87' lang='lat' dir='ltr'><strong>quomodo</strong></span> <span class='ocrx_word' id='word_1_11' title='bbox 1863 534 1970 574; x_wconf 91' lang='lat' dir='ltr'><strong>non</strong></span> <span class='ocrx_word' id='word_1_12' title='bbox 1997 518 2347 573; x_wconf 78' lang='lat' dir='ltr'><strong>manifestum</strong></span> <span class='ocrx_word' id='word_1_13' title='bbox 2382 524 2422 577; x_wconf 82' lang='grc' dir='ltr'><strong>Α</strong></span> 
     </span>
    </p>
   </div>
   <div class='ocr_carea' id='block_1_4' title="bbox 2368 511 4027 589">
    <p class='ocr_par' dir='ltr' id='par_1_4' title="bbox 2382 511 4027 586">
     <span class='ocr_line' id='line_1_4' title="bbox 2382 511 4027 586; baseline -0.002 -17"><span class='ocrx_word' id='word_1_14' title='bbox 2382 524 2422 577; x_wconf 82' lang='grc' dir='ltr'><strong>Α</strong></span> <span class='ocrx_word' id='word_1_15' title='bbox 2455 517 2585 586; x_wconf 80' lang='grc' dir='ltr'>παρ’</span> <span class='ocrx_word' id='word_1_16' title='bbox 2608 516 2743 586; x_wconf 80' lang='grc' dir='ltr'>ἐμοῦ</span> <span class='ocrx_word' id='word_1_17' title='bbox 2796 517 3035 583; x_wconf 86' lang='grc' dir='ltr'>λέγεται,</span> <span class='ocrx_word' id='word_1_18' title='bbox 3086 515 3182 568; x_wconf 76' lang='grc' dir='ltr'>καὶ</span> <span class='ocrx_word' id='word_1_19' title='bbox 3211 514 3410 585; x_wconf 74' lang='grc' dir='ltr'>πεῖραν</span> <span class='ocrx_word' id='word_1_20' title='bbox 3436 513 3606 584; x_wconf 74' lang='grc' dir='ltr'>αὐτῆς</span> <span class='ocrx_word' id='word_1_21' title='bbox 3632 512 3733 566; x_wconf 76' lang='grc' dir='ltr'>οὐκ</span> <span class='ocrx_word' id='word_1_22' title='bbox 3766 511 3912 582; x_wconf 73' lang='grc' dir='ltr'>ἔχεις</span> <span class='ocrx_word' id='word_1_23' title='bbox 3936 529 3952 544; x_wconf 73' lang='grc' dir='ltr'><strong>ο</strong></span> <span class='ocrx_word' id='word_1_24' title='bbox 3985 519 4027 566; x_wconf 83' lang='grc' dir='ltr'>εἰ</span> 
     </span>
    </p>
   </div>
   <div class='ocr_carea' id='block_1_5' title="bbox 767 602 2426 676">
    <p class='ocr_par' dir='ltr' id='par_1_5' title="bbox 767 611 2342 676">
     <span class='ocr_line' id='line_1_5' title="bbox 767 611 2342 676; baseline -0.009 0"><span class='ocrx_word' id='word_1_25' title='bbox 767 631 851 676; x_wconf 86' lang='lat' dir='ltr'><strong>est</strong></span> <span class='ocrx_word' id='word_1_26' title='bbox 877 619 1020 673; x_wconf 80' lang='lat' dir='ltr'><strong>illam</strong></span> <span class='ocrx_word' id='word_1_27' title='bbox 1049 631 1210 671; x_wconf 88' lang='lat' dir='ltr'><strong>omne</strong></span> <span class='ocrx_word' id='word_1_28' title='bbox 1249 614 1473 668; x_wconf 87' lang='lat' dir='ltr'><strong>alterius</strong></span> <span class='ocrx_word' id='word_1_29' title='bbox 1501 613 1888 668; x_wconf 87' lang='lat' dir='ltr'><strong>commercium</strong></span> <span class='ocrx_word' id='word_1_30' title='bbox 1934 611 2213 672; x_wconf 75' lang='lat' dir='ltr'><strong>vitavisse,</strong></span> <span class='ocrx_word' id='word_1_31' title='bbox 2242 625 2342 663; x_wconf 88' lang='lat' dir='ltr'><strong>cu-</strong></span> 
     </span>
    </p>
   </div>
   <div class='ocr_carea' id='block_1_6' title="bbox 2361 602 4020 676">
    <p class='ocr_par' dir='ltr' id='par_1_6' title="bbox 2441 602 4020 675">
     <span class='ocr_line' id='line_1_6' title="bbox 2441 602 4020 675; baseline -0.001 -17"><span class='ocrx_word' id='word_1_32' title='bbox 2441 606 2485 658; x_wconf 83' lang='grc' dir='ltr'>δ’</span> <span class='ocrx_word' id='word_1_33' title='bbox 2511 607 2596 673; x_wconf 78' lang='grc' dir='ltr'><strong>ἐφ’</strong></span> <span class='ocrx_word' id='word_1_34' title='bbox 2628 602 2689 660; x_wconf 77' lang='grc' dir='ltr'>οὗ</span> <span class='ocrx_word' id='word_1_35' title='bbox 2712 608 2772 660; x_wconf 82' lang='grc' dir='ltr'>τὸ</span> <span class='ocrx_word' id='word_1_36' title='bbox 2799 607 2898 675; x_wconf 84' lang='grc' dir='ltr'>τῆς</span> <span class='ocrx_word' id='word_1_37' title='bbox 2942 606 3203 674; x_wconf 82' lang='grc' dir='ltr'>γυναικὸς</span> <span class='ocrx_word' id='word_1_38' title='bbox 3230 606 3476 675; x_wconf 73' lang='grc' dir='ltr'>ἥρμοσεν</span> <span class='ocrx_word' id='word_1_39' title='bbox 3513 606 3708 674; x_wconf 80' lang='grc' dir='ltr'>δνομα,</span> <span class='ocrx_word' id='word_1_40' title='bbox 3773 604 3970 657; x_wconf 82' lang='grc' dir='ltr'>τοῦτον</span> <span class='ocrx_word' id='word_1_41' title='bbox 3993 609 4020 673; x_wconf 81' lang='grc' dir='ltr'><strong>ὴ</strong></span> 
     </span>
    </p>
   </div>
   <div class='ocr_carea' id='block_1_7' title="bbox 764 695 2423 780">
    <p class='ocr_par' dir='ltr' id='par_1_7' title="bbox 764 703 2342 780">
     <span class='ocr_line' id='line_1_7' title="bbox 764 703 2342 780; baseline -0.006 -16"><span class='ocrx_word' id='word_1_42' title='bbox 764 711 855 780; x_wconf 88' lang='lat' dir='ltr'><strong>jus</strong></span> <span class='ocrx_word' id='word_1_43' title='bbox 887 722 1064 777; x_wconf 88' lang='lat' dir='ltr'><strong>neque</strong></span> <span class='ocrx_word' id='word_1_44' title='bbox 1095 708 1328 760; x_wconf 83' lang='lat' dir='ltr'><strong>humana</strong></span> <span class='ocrx_word' id='word_1_45' title='bbox 1378 719 1554 774; x_wconf 85' lang='lat' dir='ltr'><strong>neque</strong></span> <span class='ocrx_word' id='word_1_46' title='bbox 1604 703 1790 757; x_wconf 87' lang='lat' dir='ltr'><strong>divina</strong></span> <span class='ocrx_word' id='word_1_47' title='bbox 1842 716 1938 756; x_wconf 85' lang='lat' dir='ltr'><strong>vos</strong></span> <span class='ocrx_word' id='word_1_48' title='bbox 1967 715 2193 756; x_wconf 77' lang='lat' dir='ltr'><strong>uxorem</strong></span> <span class='ocrx_word' id='word_1_49' title='bbox 2223 715 2342 755; x_wconf 88' lang='lat' dir='ltr'><strong>eam</strong></span> 
     </span>
    </p>
   </div>
   <div class='ocr_carea' id='block_1_8' title="bbox 2367 695 4026 780">
    <p class='ocr_par' dir='ltr' id='par_1_8' title="bbox 2447 695 4026 770">
     <span class='ocr_line' id='line_1_8' title="bbox 2447 695 4026 770; baseline -0.001 -19"><span class='ocrx_word' id='word_1_50' title='bbox 2447 700 2527 751; x_wconf 88' lang='grc' dir='ltr'>Πα</span> <span class='ocrx_word' id='word_1_51' title='bbox 2537 699 2721 770; x_wconf 80' lang='grc' dir='ltr'>ρθένος</span> <span class='ocrx_word' id='word_1_52' title='bbox 2745 697 2909 762; x_wconf 81' lang='grc' dir='ltr'>ἔδειξε</span> <span class='ocrx_word' id='word_1_53' title='bbox 2929 698 3302 767; x_wconf 78' lang='grc' dir='ltr'><strong>καθαρεύοντα</strong></span> <span class='ocrx_word' id='word_1_54' title='bbox 3321 696 3426 766; x_wconf 84' lang='grc' dir='ltr'>τῆς</span> <span class='ocrx_word' id='word_1_55' title='bbox 3461 695 3600 766; x_wconf 83' lang='grc' dir='ltr'>πρὸς</span> <span class='ocrx_word' id='word_1_56' title='bbox 3613 695 3775 750; x_wconf 72' lang='grc' dir='ltr'>αὐτὸν</span> <span class='ocrx_word' id='word_1_57' title='bbox 3792 696 4026 766; x_wconf 73' lang='grc' dir='ltr'>ὁμιλίας,</span> 
     </span>
    </p>
   </div>
   <div class='ocr_carea' id='block_1_9' title="bbox 769 782 4030 859">
    <p class='ocr_par' dir='ltr' id='par_1_9' title="bbox 769 782 4030 859">
     <span class='ocr_line' id='line_1_9' title="bbox 769 782 4030 859; baseline -0.005 -1"><span class='ocrx_word' id='word_1_58' title='bbox 769 801 1108 858; x_wconf 83' lang='lat' dir='ltr'><strong>nominavit?</strong></span> <span class='ocrx_word' id='word_1_59' title='bbox 2446 790 2560 852; x_wconf 85' lang='grc' dir='ltr'>πῶς</span> <span class='ocrx_word' id='word_1_60' title='bbox 2581 792 2678 842; x_wconf 69' lang='grc' dir='ltr'>οὐκ</span> <span class='ocrx_word' id='word_1_61' title='bbox 2701 788 2922 859; x_wconf 78' lang='grc' dir='ltr'>εὗδηλον</span> <span class='ocrx_word' id='word_1_62' title='bbox 2941 790 3021 842; x_wconf 82' lang='grc' dir='ltr'><strong>ὅτι</strong></span> <span class='ocrx_word' id='word_1_63' title='bbox 3044 789 3140 840; x_wconf 83' lang='grc' dir='ltr'>καὶ</span> <span class='ocrx_word' id='word_1_64' title='bbox 3163 788 3362 851; x_wconf 70' lang='grc' dir='ltr'>παντὸς</span> <span class='ocrx_word' id='word_1_65' title='bbox 3384 782 3644 851; x_wconf 73' lang='grc' dir='ltr'>ἄλλου,οὖ</span> <span class='ocrx_word' id='word_1_66' title='bbox 3670 789 3808 859; x_wconf 79' lang='grc' dir='ltr'>μήτε</span> <span class='ocrx_word' id='word_1_67' title='bbox 3827 789 4030 859; x_wconf 77' lang='grc' dir='ltr'>ἀνθρὼ-</span> 
     </span>
    </p>
   </div>
   <div class='ocr_carea' id='block_1_10' title="bbox 2445 880 4026 953">
    <p class='ocr_par' dir='ltr' id='par_1_10' title="bbox 2445 880 4026 953">
     <span class='ocr_line' id='line_1_10' title="bbox 2445 880 4026 953; baseline 0 -19"><span class='ocrx_word' id='word_1_68' title='bbox 2445 899 2596 945; x_wconf 85' lang='grc' dir='ltr'>πινος</span> <span class='ocrx_word' id='word_1_69' title='bbox 2657 883 2790 953; x_wconf 79' lang='grc' dir='ltr'>μήτε</span> <span class='ocrx_word' id='word_1_70' title='bbox 2844 882 2988 945; x_wconf 78' lang='grc' dir='ltr'>θεῖος</span> <span class='ocrx_word' id='word_1_71' title='bbox 3035 882 3193 950; x_wconf 81' lang='grc' dir='ltr'><strong>λόγος</strong></span> <span class='ocrx_word' id='word_1_72' title='bbox 3222 880 3504 950; x_wconf 73' lang='grc' dir='ltr'><strong>ὀνομάζων</strong></span> <span class='ocrx_word' id='word_1_73' title='bbox 3551 880 3706 951; x_wconf 72' lang='grc' dir='ltr'>ὤφθη</span> <span class='ocrx_word' id='word_1_74' title='bbox 3758 884 4026 949; x_wconf 75' lang='grc' dir='ltr'>γυναῖκας</span> 
     </span>
    </p>
   </div>
   <div class='ocr_carea' id='block_1_11' title="bbox 841 973 2500 1052">
    <p class='ocr_par' dir='ltr' id='par_1_11' title="bbox 841 976 2344 1052">
     <span class='ocr_line' id='line_1_11' title="bbox 841 976 2344 1052; baseline -0.006 -15"><span class='ocrx_word' id='word_1_75' title='bbox 841 983 918 1037; x_wconf 90' lang='lat' dir='ltr'><strong>lta</strong></span> <span class='ocrx_word' id='word_1_76' title='bbox 957 983 1122 1052; x_wconf 92' lang='lat' dir='ltr'><strong>igitur</strong></span> <span class='ocrx_word' id='word_1_77' title='bbox 1170 981 1398 1051; x_wconf 86' lang='lat' dir='ltr'><strong>angelus</strong></span> <span class='ocrx_word' id='word_1_78' title='bbox 1452 979 1554 1032; x_wconf 88' lang='lat' dir='ltr'><strong>hac</strong></span> <span class='ocrx_word' id='word_1_79' title='bbox 1589 979 1777 1032; x_wconf 79' lang='lat' dir='ltr'><strong>uxoris</strong></span> <span class='ocrx_word' id='word_1_80' title='bbox 1825 976 2186 1046; x_wconf 74' lang='lat' dir='ltr'><strong>appellatione</strong></span> <span class='ocrx_word' id='word_1_81' title='bbox 2224 989 2344 1030; x_wconf 91' lang='lat' dir='ltr'><strong>eam</strong></span> 
     </span>
    </p>
   </div>
   <div class='ocr_carea' id='block_1_12' title="bbox 2361 973 4020 1052">
    <p class='ocr_par' dir='ltr' id='par_1_12' title="bbox 2523 973 4020 1046">
     <span class='ocr_line' id='line_1_12' title="bbox 2523 973 4020 1046; baseline 0.006 -18"><span class='ocrx_word' id='word_1_82' title='bbox 2523 977 2678 1028; x_wconf 80' lang='grc' dir='ltr'>Οὖτω</span> <span class='ocrx_word' id='word_1_83' title='bbox 2732 976 2828 1046; x_wconf 75' lang='grc' dir='ltr'>μὶν</span> <span class='ocrx_word' id='word_1_84' title='bbox 2848 974 2942 1029; x_wconf 79' lang='grc' dir='ltr'>οὖν</span> <span class='ocrx_word' id='word_1_85' title='bbox 2966 977 2994 1028; x_wconf 88' lang='grc' dir='ltr'><strong>ό</strong></span> <span class='ocrx_word' id='word_1_86' title='bbox 3022 974 3256 1042; x_wconf 75' lang='grc' dir='ltr'>ἄγγελος</span> <span class='ocrx_word' id='word_1_87' title='bbox 3282 973 3370 1026; x_wconf 81' lang='grc' dir='ltr'>διὰ</span> <span class='ocrx_word' id='word_1_88' title='bbox 3387 975 3490 1042; x_wconf 81' lang='grc' dir='ltr'>τῆς</span> <span class='ocrx_word' id='word_1_89' title='bbox 3520 973 3902 1043; x_wconf 76' lang='grc' dir='ltr'><strong>προσηγορίας</strong></span> <span class='ocrx_word' id='word_1_90' title='bbox 3925 975 4020 1040; x_wconf 75' lang='grc' dir='ltr'>τῆς</span> 
     </span>
    </p>
   </div>
   <div class='ocr_carea' id='block_1_13' title="bbox 769 1062 2428 1137">
    <p class='ocr_par' dir='ltr' id='par_1_13' title="bbox 769 1062 2347 1136">
     <span class='ocr_line' id='line_1_13' title="bbox 769 1062 2347 1136; baseline -0.005 -11"><span class='ocrx_word' id='word_1_91' title='bbox 769 1071 1030 1126; x_wconf 79' lang='lat' dir='ltr'><strong>mundam</strong></span> <span class='ocrx_word' id='word_1_92' title='bbox 1057 1083 1181 1125; x_wconf 89' lang='lat' dir='ltr'><strong>esse</strong></span> <span class='ocrx_word' id='word_1_93' title='bbox 1222 1070 1292 1123; x_wconf 89' lang='lat' dir='ltr'><strong>ah</strong></span> <span class='ocrx_word' id='word_1_94' title='bbox 1332 1068 1482 1121; x_wconf 88' lang='lat' dir='ltr'><strong>omni</strong></span> <span class='ocrx_word' id='word_1_95' title='bbox 1529 1067 1808 1122; x_wconf 91' lang='lat' dir='ltr'><strong>immunda</strong></span> <span class='ocrx_word' id='word_1_96' title='bbox 1847 1066 2164 1136; x_wconf 81' lang='lat' dir='ltr'><strong>suspicione</strong></span> <span class='ocrx_word' id='word_1_97' title='bbox 2193 1062 2347 1118; x_wconf 72' lang='lat' dir='ltr'><strong>lose-</strong></span> 
     </span>
    </p>
   </div>
   <div class='ocr_carea' id='block_1_14' title="bbox 2365 1062 4024 1137">
    <p class='ocr_par' dir='ltr' id='par_1_14' title="bbox 2447 1064 4024 1137">
     <span class='ocr_line' id='line_1_14' title="bbox 2447 1064 4024 1137; baseline -0.004 -15"><span class='ocrx_word' id='word_1_98' title='bbox 2447 1070 2704 1137; x_wconf 75' lang='grc' dir='ltr'>γυναικδς</span> <span class='ocrx_word' id='word_1_99' title='bbox 2734 1067 3064 1137; x_wconf 79' lang='grc' dir='ltr'><strong>καθαρεύειν</strong></span> <span class='ocrx_word' id='word_1_100' title='bbox 3093 1069 3276 1137; x_wconf 66' lang='grc' dir='ltr'>πάσης</span> <span class='ocrx_word' id='word_1_101' title='bbox 3305 1067 3404 1120; x_wconf 82' lang='grc' dir='ltr'>οὐκ</span> <span class='ocrx_word' id='word_1_102' title='bbox 3436 1065 3668 1132; x_wconf 79' lang='grc' dir='ltr'>εύαγοῦς</span> <span class='ocrx_word' id='word_1_103' title='bbox 3705 1064 4024 1134; x_wconf 75' lang='grc' dir='ltr'><strong>ὑπολήψεως</strong></span> 
     </span>
    </p>
   </div>
   <div class='ocr_carea' id='block_1_15' title="bbox 770 1157 2429 1232">
    <p class='ocr_par' dir='ltr' id='par_1_15' title="bbox 770 1158 2346 1232">
     <span class='ocr_line' id='line_1_15' title="bbox 770 1158 2346 1232; baseline -0.005 -14"><span class='ocrx_word' id='word_1_104' title='bbox 770 1166 937 1232; x_wconf 85' lang='lat' dir='ltr'><strong>phum</strong></span> <span class='ocrx_word' id='word_1_105' title='bbox 978 1164 1154 1216; x_wconf 83' lang='lat' dir='ltr'><strong>docet.</strong></span> <span class='ocrx_word' id='word_1_106' title='bbox 1205 1160 1522 1214; x_wconf 80' lang='lat' dir='ltr'><strong>Notninaret</strong></span> <span class='ocrx_word' id='word_1_107' title='bbox 1566 1168 1746 1213; x_wconf 89' lang='lat' dir='ltr'><strong>autem</strong></span> <span class='ocrx_word' id='word_1_108' title='bbox 1799 1158 1937 1212; x_wconf 82' lang='lat' dir='ltr'><strong>forte</strong></span> <span class='ocrx_word' id='word_1_109' title='bbox 1965 1170 2086 1212; x_wconf 88' lang='lat' dir='ltr'><strong>eam</strong></span> <span class='ocrx_word' id='word_1_110' title='bbox 2117 1171 2346 1211; x_wconf 86' lang='lat' dir='ltr'><strong>uxorem</strong></span> 
     </span>
    </p>
   </div>
   <div class='ocr_carea' id='block_1_16' title="bbox 2362 1157 4021 1232">
    <p class='ocr_par' dir='ltr' id='par_1_16' title="bbox 2445 1157 4021 1231">
     <span class='ocr_line' id='line_1_16' title="bbox 2445 1157 4021 1231; baseline -0.004 -17"><span class='ocrx_word' id='word_1_111' title='bbox 2445 1162 2537 1214; x_wconf 73' lang='grc' dir='ltr'><strong>τὸν</strong></span> <span class='ocrx_word' id='word_1_112' title='bbox 2577 1161 2778 1231; x_wconf 65' lang='grc' dir='ltr'>Ίωσὴιρ</span> <span class='ocrx_word' id='word_1_113' title='bbox 2802 1161 3132 1213; x_wconf 67' lang='grc' dir='ltr'>ἐκδιδάσκει.</span> <span class='ocrx_word' id='word_1_114' title='bbox 3181 1157 3468 1226; x_wconf 71' lang='grc' dir='ltr'>Ὀνομαζει</span> <span class='ocrx_word' id='word_1_115' title='bbox 3492 1157 3538 1209; x_wconf 81' lang='grc' dir='ltr'>δ’</span> <span class='ocrx_word' id='word_1_116' title='bbox 3573 1159 3639 1210; x_wconf 77' lang='grc' dir='ltr'>ἂν</span> <span class='ocrx_word' id='word_1_117' title='bbox 3667 1157 3794 1219; x_wconf 74' lang='grc' dir='ltr'>ἴσως</span> <span class='ocrx_word' id='word_1_118' title='bbox 3850 1158 4021 1224; x_wconf 79' lang='grc' dir='ltr'>αὐτὴν</span> 
     </span>
    </p>
   </div>
   <div class='ocr_carea' id='block_1_17' title="bbox 770 1247 2429 1324">
    <p class='ocr_par' dir='ltr' id='par_1_17' title="bbox 770 1247 2348 1324">
     <span class='ocr_line' id='line_1_17' title="bbox 770 1247 2348 1324; baseline -0.007 -14"><span class='ocrx_word' id='word_1_119' title='bbox 770 1266 822 1310; x_wconf 89' lang='lat' dir='ltr'><strong>et</strong></span> <span class='ocrx_word' id='word_1_120' title='bbox 851 1255 976 1324; x_wconf 90' lang='lat' dir='ltr'><strong>quia</strong></span> <span class='ocrx_word' id='word_1_121' title='bbox 1004 1253 1153 1306; x_wconf 88' lang='lat' dir='ltr'><strong>nulla</strong></span> <span class='ocrx_word' id='word_1_122' title='bbox 1179 1267 1440 1306; x_wconf 73' lang='lat' dir='ltr'><strong>curarum</strong></span> <span class='ocrx_word' id='word_1_123' title='bbox 1474 1265 1596 1320; x_wconf 67' lang='lat' dir='ltr'><strong>qua:</strong></span> <span class='ocrx_word' id='word_1_124' title='bbox 1622 1249 1690 1304; x_wconf 90' lang='lat' dir='ltr'><strong>de</strong></span> <span class='ocrx_word' id='word_1_125' title='bbox 1724 1264 1897 1303; x_wconf 90' lang='lat' dir='ltr'><strong>uxore</strong></span> <span class='ocrx_word' id='word_1_126' title='bbox 1933 1248 2111 1302; x_wconf 89' lang='lat' dir='ltr'><strong>virum</strong></span> <span class='ocrx_word' id='word_1_127' title='bbox 2145 1247 2348 1302; x_wconf 89' lang='lat' dir='ltr'><strong>sollici-</strong></span> 
     </span>
    </p>
   </div>
   <div class='ocr_carea' id='block_1_18' title="bbox 2368 1247 4027 1324">
    <p class='ocr_par' dir='ltr' id='par_1_18' title="bbox 2447 1249 4027 1322">
     <span class='ocr_line' id='line_1_18' title="bbox 2447 1249 4027 1322; baseline -0.004 -17"><span class='ocrx_word' id='word_1_128' title='bbox 2447 1256 2703 1322; x_wconf 83' lang='grc' dir='ltr'>γυναῖκα,</span> <span class='ocrx_word' id='word_1_129' title='bbox 2752 1254 2844 1304; x_wconf 75' lang='grc' dir='ltr'>καὶ</span> <span class='ocrx_word' id='word_1_130' title='bbox 2883 1252 3019 1304; x_wconf 84' lang='grc' dir='ltr'>διότι</span> <span class='ocrx_word' id='word_1_131' title='bbox 3067 1253 3199 1322; x_wconf 77' lang='grc' dir='ltr'>περὶ</span> <span class='ocrx_word' id='word_1_132' title='bbox 3242 1251 3503 1320; x_wconf 79' lang='grc' dir='ltr'>γυναικὸς</span> <span class='ocrx_word' id='word_1_133' title='bbox 3559 1252 3682 1303; x_wconf 89' lang='grc' dir='ltr'>ὅσαι</span> <span class='ocrx_word' id='word_1_134' title='bbox 3744 1249 4027 1317; x_wconf 77' lang='grc' dir='ltr'><strong>φροντίδες</strong></span> 
     </span>
    </p>
   </div>
   <div class='ocr_carea' id='block_1_19' title="bbox 767 1339 2426 1415">
    <p class='ocr_par' dir='ltr' id='par_1_19' title="bbox 767 1339 2346 1414">
     <span class='ocr_line' id='line_1_19' title="bbox 767 1339 2346 1414; baseline -0.005 -14"><span class='ocrx_word' id='word_1_135' title='bbox 767 1357 885 1401; x_wconf 89' lang='lat' dir='ltr'><strong>tant</strong></span> <span class='ocrx_word' id='word_1_136' title='bbox 911 1361 1031 1400; x_wconf 90' lang='lat' dir='ltr'><strong>eam</strong></span> <span class='ocrx_word' id='word_1_137' title='bbox 1053 1346 1237 1414; x_wconf 87' lang='lat' dir='ltr'><strong>justus</strong></span> <span class='ocrx_word' id='word_1_138' title='bbox 1259 1343 1522 1413; x_wconf 85' lang='lat' dir='ltr'><strong>privahal.</strong></span> <span class='ocrx_word' id='word_1_139' title='bbox 1549 1343 1612 1396; x_wconf 90' lang='lat' dir='ltr'><strong>Et</strong></span> <span class='ocrx_word' id='word_1_140' title='bbox 1641 1342 1746 1396; x_wconf 86' lang='lat' dir='ltr'><strong>alia</strong></span> <span class='ocrx_word' id='word_1_141' title='bbox 1773 1339 2068 1410; x_wconf 88' lang='lat' dir='ltr'><strong>providens</strong></span> <span class='ocrx_word' id='word_1_142' title='bbox 2095 1354 2215 1394; x_wconf 89' lang='lat' dir='ltr'><strong>eam</strong></span> <span class='ocrx_word' id='word_1_143' title='bbox 2238 1353 2346 1394; x_wconf 89' lang='lat' dir='ltr'><strong>non</strong></span> 
     </span>
    </p>
   </div>
   <div class='ocr_carea' id='block_1_20' title="bbox 2368 1339 4027 1415">
    <p class='ocr_par' dir='ltr' id='par_1_20' title="bbox 2451 1341 4027 1415">
     <span class='ocr_line' id='line_1_20' title="bbox 2451 1341 4027 1415; baseline -0.002 -17"><span class='ocrx_word' id='word_1_144' title='bbox 2451 1347 2665 1415; x_wconf 74' lang='grc' dir='ltr'>ἔχουσιν</span> <span class='ocrx_word' id='word_1_145' title='bbox 2685 1345 2874 1414; x_wconf 77' lang='grc' dir='ltr'>ἄνδρα,</span> <span class='ocrx_word' id='word_1_146' title='bbox 2903 1343 3166 1412; x_wconf 69' lang='grc' dir='ltr'>οὐδεμιᾶς</span> <span class='ocrx_word' id='word_1_147' title='bbox 3187 1343 3393 1413; x_wconf 88' lang='grc' dir='ltr'>ταύτην</span> <span class='ocrx_word' id='word_1_148' title='bbox 3417 1345 3446 1396; x_wconf 86' lang='grc' dir='ltr'><strong>δ</strong></span> <span class='ocrx_word' id='word_1_149' title='bbox 3474 1342 3687 1403; x_wconf 78' lang='grc' dir='ltr'>δίκαιος</span> <span class='ocrx_word' id='word_1_150' title='bbox 3717 1341 4027 1409; x_wconf 66' lang='grc' dir='ltr'>ἀπεστέρει.</span> 
     </span>
    </p>
   </div>
   <div class='ocr_carea' id='block_1_21' title="bbox 770 1432 2429 1510">
    <p class='ocr_par' dir='ltr' id='par_1_21' title="bbox 770 1432 2348 1510">
     <span class='ocr_line' id='line_1_21' title="bbox 770 1432 2348 1510; baseline -0.006 -16"><span class='ocrx_word' id='word_1_151' title='bbox 770 1440 1071 1510; x_wconf 81' lang='lat' dir='ltr'><strong>negligehat</strong></span> <span class='ocrx_word' id='word_1_152' title='bbox 1096 1478 1109 1492; x_wconf 85' lang='lat'><em>.</em></span> <span class='ocrx_word' id='word_1_153' title='bbox 1158 1447 1212 1490; x_wconf 91' lang='lat' dir='ltr'><strong>et</strong></span> <span class='ocrx_word' id='word_1_154' title='bbox 1250 1436 1396 1491; x_wconf 90' lang='lat' dir='ltr'><strong>domi</strong></span> <span class='ocrx_word' id='word_1_155' title='bbox 1439 1436 1840 1490; x_wconf 84' lang='lat' dir='ltr'><strong>cohabitantem</strong></span> <span class='ocrx_word' id='word_1_156' title='bbox 1871 1432 2348 1502; x_wconf 89' lang='lat' dir='ltr'><strong>circumloqueba-</strong></span> 
     </span>
    </p>
   </div>
   <div class='ocr_carea' id='block_1_22' title="bbox 2370 1432 4029 1510">
    <p class='ocr_par' dir='ltr' id='par_1_22' title="bbox 2451 1433 4029 1507">
     <span class='ocr_line' id='line_1_22' title="bbox 2451 1433 4029 1507; baseline -0.004 -16"><span class='ocrx_word' id='word_1_157' title='bbox 2451 1439 2534 1491; x_wconf 84' lang='grc' dir='ltr'><strong>Τά</strong></span> <span class='ocrx_word' id='word_1_158' title='bbox 2559 1455 2620 1490; x_wconf 83' lang='grc' dir='ltr'><strong>τε</strong></span> <span class='ocrx_word' id='word_1_159' title='bbox 2647 1439 2754 1507; x_wconf 77' lang='grc' dir='ltr'>γὰρ</span> <span class='ocrx_word' id='word_1_160' title='bbox 2810 1436 2948 1490; x_wconf 84' lang='grc' dir='ltr'>ἄλλα</span> <span class='ocrx_word' id='word_1_161' title='bbox 3007 1435 3407 1506; x_wconf 75' lang='grc' dir='ltr'>προνοούμενος</span> <span class='ocrx_word' id='word_1_162' title='bbox 3460 1436 3636 1503; x_wconf 84' lang='grc' dir='ltr'>αὐτῆς</span> <span class='ocrx_word' id='word_1_163' title='bbox 3665 1435 3768 1487; x_wconf 79' lang='grc' dir='ltr'>οὐκ</span> <span class='ocrx_word' id='word_1_164' title='bbox 3816 1433 4029 1502; x_wconf 75' lang='grc' dir='ltr'>ἡμέλει.</span> 
     </span>
    </p>
   </div>
   <div class='ocr_carea' id='block_1_23' title="bbox 773 1524 2432 1600">
    <p class='ocr_par' dir='ltr' id='par_1_23' title="bbox 773 1525 2346 1600">
     <span class='ocr_line' id='line_1_23' title="bbox 773 1525 2346 1600; baseline -0.005 -14"><span class='ocrx_word' id='word_1_165' title='bbox 773 1545 881 1597; x_wconf 86' lang='lat' dir='ltr'><strong>tur,</strong></span> <span class='ocrx_word' id='word_1_166' title='bbox 915 1542 970 1586; x_wconf 91' lang='lat' dir='ltr'><strong>et</strong></span> <span class='ocrx_word' id='word_1_167' title='bbox 1003 1532 1149 1585; x_wconf 90' lang='lat' dir='ltr'><strong>omni</strong></span> <span class='ocrx_word' id='word_1_168' title='bbox 1197 1531 1401 1600; x_wconf 84' lang='lat' dir='ltr'><strong>probro</strong></span> <span class='ocrx_word' id='word_1_169' title='bbox 1444 1539 1499 1584; x_wconf 90' lang='lat' dir='ltr'><strong>et</strong></span> <span class='ocrx_word' id='word_1_170' title='bbox 1542 1528 1839 1594; x_wconf 83' lang='lat' dir='ltr'><strong>calumnia,</strong></span> <span class='ocrx_word' id='word_1_171' title='bbox 1885 1525 2346 1598; x_wconf 85' lang='lat' dir='ltr'><strong>quemadmodum</strong></span> 
     </span>
    </p>
   </div>
   <div class='ocr_carea' id='block_1_24' title="bbox 2376 1524 4035 1600">
    <p class='ocr_par' dir='ltr' id='par_1_24' title="bbox 2451 1524 4035 1598">
     <span class='ocr_line' id='line_1_24' title="bbox 2451 1524 4035 1598; baseline -0.002 -18"><span class='ocrx_word' id='word_1_172' title='bbox 2451 1530 2544 1581; x_wconf 75' lang='grc' dir='ltr'>καὶ</span> <span class='ocrx_word' id='word_1_173' title='bbox 2575 1529 2710 1582; x_wconf 73' lang='grc' dir='ltr'>οἴκοι</span> <span class='ocrx_word' id='word_1_174' title='bbox 2740 1527 3006 1580; x_wconf 78' lang='grc' dir='ltr'>συνοῦσαν</span> <span class='ocrx_word' id='word_1_175' title='bbox 3057 1529 3332 1598; x_wconf 82' lang='grc' dir='ltr'><strong>περιεῖπε,</strong></span> <span class='ocrx_word' id='word_1_176' title='bbox 3363 1526 3460 1580; x_wconf 62' lang='grc' dir='ltr'><strong>καὶ⁵</strong></span> <span class='ocrx_word' id='word_1_177' title='bbox 3486 1526 3682 1596; x_wconf 83' lang='grc' dir='ltr'>μώμου</span> <span class='ocrx_word' id='word_1_178' title='bbox 3713 1524 3921 1588; x_wconf 74' lang='grc' dir='ltr'>παντδς</span> <span class='ocrx_word' id='word_1_179' title='bbox 3949 1525 4035 1578; x_wconf 73' lang='grc' dir='ltr'>καὶ</span> 
     </span>
    </p>
   </div>
   <div class='ocr_carea' id='block_1_25' title="bbox 770 1615 2429 1694">
    <p class='ocr_par' dir='ltr' id='par_1_25' title="bbox 770 1619 2351 1694">
     <span class='ocr_line' id='line_1_25' title="bbox 770 1619 2351 1694; baseline -0.004 -17"><span class='ocrx_word' id='word_1_180' title='bbox 770 1623 1031 1694; x_wconf 76' lang='lat' dir='ltr'><strong>sapientia</strong></span> <span class='ocrx_word' id='word_1_181' title='bbox 1059 1624 1248 1677; x_wconf 86' lang='lat' dir='ltr'><strong>uxoris</strong></span> <span class='ocrx_word' id='word_1_182' title='bbox 1270 1621 1524 1686; x_wconf 76' lang='lat' dir='ltr'><strong>maritus,</strong></span> <span class='ocrx_word' id='word_1_183' title='bbox 1560 1635 1681 1675; x_wconf 88' lang='lat' dir='ltr'><strong>eam</strong></span> <span class='ocrx_word' id='word_1_184' title='bbox 1720 1621 2060 1690; x_wconf 81' lang='lat' dir='ltr'><strong>superiorem</strong></span> <span class='ocrx_word' id='word_1_185' title='bbox 2096 1619 2351 1674; x_wconf 83' lang='lat' dir='ltr'><strong>studebat</strong></span> 
     </span>
    </p>
   </div>
   <div class='ocr_carea' id='block_1_26' title="bbox 2375 1615 4034 1694">
    <p class='ocr_par' dir='ltr' id='par_1_26' title="bbox 2450 1615 4034 1692">
     <span class='ocr_line' id='line_1_26' title="bbox 2450 1615 4034 1692; baseline -0.002 -19"><span class='ocrx_word' id='word_1_186' title='bbox 2450 1620 2706 1690; x_wconf 83' lang='grc' dir='ltr'>διαϐολῆς</span> <span class='ocrx_word' id='word_1_187' title='bbox 2759 1621 2999 1691; x_wconf 73' lang='grc' dir='ltr'>ἀπάσης,</span> <span class='ocrx_word' id='word_1_188' title='bbox 3036 1615 3126 1674; x_wconf 77' lang='grc' dir='ltr'>οἷα</span> <span class='ocrx_word' id='word_1_189' title='bbox 3173 1621 3239 1692; x_wconf 76' lang='grc' dir='ltr'>δὴ</span> <span class='ocrx_word' id='word_1_190' title='bbox 3282 1620 3512 1688; x_wconf 85' lang='grc' dir='ltr'>κόσμιος</span> <span class='ocrx_word' id='word_1_191' title='bbox 3577 1620 3716 1690; x_wconf 71' lang='grc' dir='ltr'>ἀνὴρ</span> <span class='ocrx_word' id='word_1_192' title='bbox 3778 1621 4034 1686; x_wconf 73' lang='grc' dir='ltr'>γυναικὸς</span> 
     </span>
    </p>
   </div>
   <div class='ocr_carea' id='block_1_27' title="bbox 769 1710 2428 1783">
    <p class='ocr_par' dir='ltr' id='par_1_27' title="bbox 769 1710 2349 1780">
     <span class='ocr_line' id='line_1_27' title="bbox 769 1710 2349 1780; baseline -0.004 -12"><span class='ocrx_word' id='word_1_193' title='bbox 769 1717 972 1771; x_wconf 89' lang='lat' dir='ltr'><strong>videre.</strong></span> <span class='ocrx_word' id='word_1_194' title='bbox 1006 1713 1064 1769; x_wconf 90' lang='lat' dir='ltr'><strong>Si</strong></span> <span class='ocrx_word' id='word_1_195' title='bbox 1095 1724 1277 1769; x_wconf 89' lang='lat' dir='ltr'><strong>autem</strong></span> <span class='ocrx_word' id='word_1_196' title='bbox 1303 1723 1358 1767; x_wconf 91' lang='lat' dir='ltr'><strong>et</strong></span> <span class='ocrx_word' id='word_1_197' title='bbox 1385 1728 1614 1767; x_wconf 85' lang='lat' dir='ltr'><strong>uxorem</strong></span> <span class='ocrx_word' id='word_1_198' title='bbox 1653 1711 1813 1774; x_wconf 81' lang='lat' dir='ltr'><strong>dixit,</strong></span> <span class='ocrx_word' id='word_1_199' title='bbox 1862 1711 1992 1778; x_wconf 84' lang='lat' dir='ltr'><strong>quia</strong></span> <span class='ocrx_word' id='word_1_200' title='bbox 2037 1710 2224 1780; x_wconf 85' lang='lat' dir='ltr'><strong>sponsi</strong></span> <span class='ocrx_word' id='word_1_201' title='bbox 2256 1725 2349 1762; x_wconf 91' lang='lat' dir='ltr'><strong>or-</strong></span> 
     </span>
    </p>
   </div>
   <div class='ocr_carea' id='block_1_28' title="bbox 2376 1710 4035 1783">
    <p class='ocr_par' dir='ltr' id='par_1_28' title="bbox 2453 1710 4035 1783">
     <span class='ocr_line' id='line_1_28' title="bbox 2453 1710 4035 1783; baseline 0 -20"><span class='ocrx_word' id='word_1_202' title='bbox 2453 1713 2843 1783; x_wconf 84' lang='grc' dir='ltr'>σωφρονούσης</span> <span class='ocrx_word' id='word_1_203' title='bbox 2889 1712 3171 1782; x_wconf 84' lang='grc' dir='ltr'>ἁνωτέραν</span> <span class='ocrx_word' id='word_1_204' title='bbox 3207 1711 3519 1778; x_wconf 75' lang='grc' dir='ltr'>ἐσπούδαζε</span> <span class='ocrx_word' id='word_1_205' title='bbox 3580 1710 3946 1781; x_wconf 75' lang='grc' dir='ltr'><strong>καθορᾶσθαι.</strong></span> <span class='ocrx_word' id='word_1_206' title='bbox 3978 1710 4035 1763; x_wconf 83' lang='lat' dir='ltr'><strong>Ei</strong></span> 
     </span>
    </p>
   </div>
   <div class='ocr_carea' id='block_1_29' title="bbox 767 1803 2426 1877">
    <p class='ocr_par' dir='ltr' id='par_1_29' title="bbox 767 1806 2418 1877">
     <span class='ocr_line' id='line_1_29' title="bbox 767 1806 2418 1877; baseline -0.004 -16"><span class='ocrx_word' id='word_1_207' title='bbox 767 1810 948 1864; x_wconf 82' lang='lat' dir='ltr'><strong>dinem</strong></span> <span class='ocrx_word' id='word_1_208' title='bbox 1001 1806 1203 1877; x_wconf 72' lang='lat' dir='ltr'><strong>Ioseph</strong></span> <span class='ocrx_word' id='word_1_209' title='bbox 1256 1807 1508 1871; x_wconf 83' lang='lat' dir='ltr'><strong>habebat,</strong></span> <span class='ocrx_word' id='word_1_210' title='bbox 1555 1815 1608 1860; x_wconf 87' lang='lat' dir='ltr'><strong>et</strong></span> <span class='ocrx_word' id='word_1_211' title='bbox 1646 1813 1704 1860; x_wconf 87' lang='lat' dir='ltr'><strong>ut</strong></span> <span class='ocrx_word' id='word_1_212' title='bbox 1746 1818 1979 1874; x_wconf 78' lang='lat' dir='ltr'><strong>sponsos</strong></span> <span class='ocrx_word' id='word_1_213' title='bbox 2035 1817 2156 1859; x_wconf 86' lang='lat' dir='ltr'><strong>mos</strong></span> <span class='ocrx_word' id='word_1_214' title='bbox 2214 1815 2345 1872; x_wconf 73' lang='lat' dir='ltr'><strong>ipse,</strong></span> <span class='ocrx_word' id='word_1_215' title='bbox 2383 1867 2418 1877; x_wconf 41' lang='grc'><strong>⁸</strong></span> 
     </span>
    </p>
   </div>
   <div class='ocr_carea' id='block_1_30' title="bbox 2374 1803 4033 1877">
    <p class='ocr_par' dir='ltr' id='par_1_30' title="bbox 2383 1803 4033 1877">
     <span class='ocr_line' id='line_1_30' title="bbox 2383 1803 4033 1877; baseline -0.001 -21"><span class='ocrx_word' id='word_1_216' title='bbox 2383 1867 2418 1877; x_wconf 31' lang='grc' dir='ltr'>ἢ</span> <span class='ocrx_word' id='word_1_217' title='bbox 2452 1803 2509 1856; x_wconf 79' lang='grc' dir='ltr'>δὲ</span> <span class='ocrx_word' id='word_1_218' title='bbox 2532 1805 2628 1857; x_wconf 79' lang='grc' dir='ltr'>καὶ</span> <span class='ocrx_word' id='word_1_219' title='bbox 2676 1809 2912 1873; x_wconf 85' lang='grc' dir='ltr'>γυναῖκα</span> <span class='ocrx_word' id='word_1_220' title='bbox 2977 1809 3266 1877; x_wconf 82' lang='grc' dir='ltr'>προσεῖπε,</span> <span class='ocrx_word' id='word_1_221' title='bbox 3301 1807 3436 1860; x_wconf 85' lang='grc' dir='ltr'>διότι</span> <span class='ocrx_word' id='word_1_222' title='bbox 3469 1806 3785 1877; x_wconf 81' lang='grc' dir='ltr'>μνηστῆρος</span> <span class='ocrx_word' id='word_1_223' title='bbox 3818 1803 3978 1869; x_wconf 75' lang='grc' dir='ltr'>τάξιν</span> <span class='ocrx_word' id='word_1_224' title='bbox 4008 1806 4033 1856; x_wconf 88' lang='grc' dir='ltr'><strong>ό</strong></span> 
     </span>
    </p>
   </div>
   <div class='ocr_carea' id='block_1_31' title="bbox 767 1867 2426 1967">
    <p class='ocr_par' dir='ltr' id='par_1_31' title="bbox 767 1867 2422 1964">
     <span class='ocr_line' id='line_1_31' title="bbox 767 1867 2422 1964; baseline -0.002 -12"><span class='ocrx_word' id='word_1_225' title='bbox 767 1899 982 1953; x_wconf 71' lang='lat' dir='ltr'><strong>etiamsi</strong></span> <span class='ocrx_word' id='word_1_226' title='bbox 1015 1900 1258 1952; x_wconf 88' lang='lat' dir='ltr'><strong>nondum</strong></span> <span class='ocrx_word' id='word_1_227' title='bbox 1293 1897 1592 1950; x_wconf 85' lang='lat' dir='ltr'><strong>thalamum</strong></span> <span class='ocrx_word' id='word_1_228' title='bbox 1637 1895 1868 1964; x_wconf 84' lang='lat' dir='ltr'><strong>ingressi</strong></span> <span class='ocrx_word' id='word_1_229' title='bbox 1917 1893 2049 1960; x_wconf 88' lang='lat' dir='ltr'><strong>sint,</strong></span> <span class='ocrx_word' id='word_1_230' title='bbox 2084 1909 2194 1949; x_wconf 90' lang='lat' dir='ltr'><strong>non</strong></span> <span class='ocrx_word' id='word_1_231' title='bbox 2223 1908 2347 1963; x_wconf 88' lang='lat' dir='ltr'><strong>pro-</strong></span> <span class='ocrx_word' id='word_1_232' title='bbox 2383 1867 2422 1920; x_wconf 69' lang='grc' dir='ltr'><strong><em>Β</em></strong></span> 
     </span>
    </p>
   </div>
   <div class='ocr_carea' id='block_1_32' title="bbox 2374 1867 4033 1967">
    <p class='ocr_par' dir='ltr' id='par_1_32' title="bbox 2383 1867 4033 1967">
     <span class='ocr_line' id='line_1_32' title="bbox 2383 1867 4033 1967; baseline 0.001 -19"><span class='ocrx_word' id='word_1_233' title='bbox 2383 1867 2422 1920; x_wconf 70' lang='grc' dir='ltr'><strong><em>Β</em></strong></span> <span class='ocrx_word' id='word_1_234' title='bbox 2463 1897 2660 1966; x_wconf 81' lang='grc' dir='ltr'>Ἰωσὴφ</span> <span class='ocrx_word' id='word_1_235' title='bbox 2688 1867 2853 1967; x_wconf 75' lang='grc' dir='ltr'>εἶχεν,</span> <span class='ocrx_word' id='word_1_236' title='bbox 2878 1867 3067 1967; x_wconf 69' lang='grc' dir='ltr'>ὥσπερ</span> <span class='ocrx_word' id='word_1_237' title='bbox 3091 1898 3146 1950; x_wconf 76' lang='grc' dir='ltr'>δὲ</span> <span class='ocrx_word' id='word_1_238' title='bbox 3175 1867 3271 1951; x_wconf 58' lang='grc' dir='ltr'><strong>καλ</strong></span> <span class='ocrx_word' id='word_1_239' title='bbox 3306 1899 3434 1960; x_wconf 65' lang='grc' dir='ltr'>τοὶς</span> <span class='ocrx_word' id='word_1_240' title='bbox 3467 1867 3866 1966; x_wconf 52' lang='grc' dir='ltr'>μνηστηραςτὸ</span> <span class='ocrx_word' id='word_1_241' title='bbox 3897 1867 4033 1960; x_wconf 69' lang='grc' dir='ltr'>έθος,</span> 
     </span>
    </p>
   </div>
   <div class='ocr_carea' id='block_1_33' title="bbox 768 1987 2427 2059">
    <p class='ocr_par' dir='ltr' id='par_1_33' title="bbox 768 1987 2348 2058">
     <span class='ocr_line' id='line_1_33' title="bbox 768 1987 2348 2058; baseline -0.002 -14"><span class='ocrx_word' id='word_1_242' title='bbox 768 1992 917 2045; x_wconf 81' lang='lat' dir='ltr'><strong>ltihet</strong></span> <span class='ocrx_word' id='word_1_243' title='bbox 941 1989 1082 2044; x_wconf 84' lang='lat' dir='ltr'><strong>viros</strong></span> <span class='ocrx_word' id='word_1_244' title='bbox 1109 1988 1387 2058; x_wconf 88' lang='lat' dir='ltr'><strong>appellari,</strong></span> <span class='ocrx_word' id='word_1_245' title='bbox 1421 1989 1502 2043; x_wconf 86' lang='lat' dir='ltr'><strong>sic</strong></span> <span class='ocrx_word' id='word_1_246' title='bbox 1539 1997 1594 2042; x_wconf 89' lang='lat' dir='ltr'><strong>ct</strong></span> <span class='ocrx_word' id='word_1_247' title='bbox 1620 2001 1744 2056; x_wconf 68' lang='lat' dir='ltr'><strong>qua:</strong></span> <span class='ocrx_word' id='word_1_248' title='bbox 1774 1987 2143 2057; x_wconf 79' lang='lat' dir='ltr'><strong>virginitatem</strong></span> <span class='ocrx_word' id='word_1_249' title='bbox 2172 1987 2348 2041; x_wconf 83' lang='lat' dir='ltr'><strong>adhuc</strong></span> 
     </span>
    </p>
   </div>
   <div class='ocr_carea' id='block_1_34' title="bbox 2370 1987 4029 2059">
    <p class='ocr_par' dir='ltr' id='par_1_34' title="bbox 2451 1987 4029 2059">
     <span class='ocr_line' id='line_1_34' title="bbox 2451 1987 4029 2059; baseline 0 -19"><span class='ocrx_word' id='word_1_250' title='bbox 2451 1988 2555 2041; x_wconf 70' lang='lat' dir='ltr'><strong>xiv</strong></span> <span class='ocrx_word' id='word_1_251' title='bbox 2580 1987 2734 2041; x_wconf 75' lang='grc' dir='ltr'>οὔπω</span> <span class='ocrx_word' id='word_1_252' title='bbox 2790 1989 3055 2058; x_wconf 79' lang='grc' dir='ltr'>συνῆλθον</span> <span class='ocrx_word' id='word_1_253' title='bbox 3104 1991 3186 2051; x_wconf 75' lang='grc' dir='ltr'>εἰς</span> <span class='ocrx_word' id='word_1_254' title='bbox 3216 1989 3398 2059; x_wconf 82' lang='grc' dir='ltr'>εὐνὴν,</span> <span class='ocrx_word' id='word_1_255' title='bbox 3430 1989 3489 2040; x_wconf 86' lang='grc' dir='ltr'><strong>ού</strong></span> <span class='ocrx_word' id='word_1_256' title='bbox 3531 1987 3733 2041; x_wconf 77' lang='grc' dir='ltr'>κωλύει</span> <span class='ocrx_word' id='word_1_257' title='bbox 3754 2004 4029 2058; x_wconf 91' lang='grc' dir='ltr'>προσαγο-</span> 
     </span>
    </p>
   </div>
   <div class='ocr_carea' id='block_1_35' title="bbox 768 2079 2427 2152">
    <p class='ocr_par' dir='ltr' id='par_1_35' title="bbox 768 2079 2345 2149">
     <span class='ocr_line' id='line_1_35' title="bbox 768 2079 2345 2149; baseline -0.004 -12"><span class='ocrx_word' id='word_1_258' title='bbox 768 2091 1010 2146; x_wconf 77' lang='lat' dir='ltr'><strong>servant,</strong></span> <span class='ocrx_word' id='word_1_259' title='bbox 1051 2081 1310 2136; x_wconf 86' lang='lat' dir='ltr'><strong>mulieres</strong></span> <span class='ocrx_word' id='word_1_260' title='bbox 1343 2095 1536 2134; x_wconf 91' lang='lat' dir='ltr'><strong>eorum</strong></span> <span class='ocrx_word' id='word_1_261' title='bbox 1570 2079 1837 2149; x_wconf 85' lang='lat' dir='ltr'><strong>permittit</strong></span> <span class='ocrx_word' id='word_1_262' title='bbox 1878 2081 2205 2147; x_wconf 88' lang='lat' dir='ltr'><strong>nuncupari,</strong></span> <span class='ocrx_word' id='word_1_263' title='bbox 2237 2093 2345 2132; x_wconf 91' lang='lat' dir='ltr'><strong>non</strong></span> 
     </span>
    </p>
   </div>
   <div class='ocr_carea' id='block_1_36' title="bbox 2372 2079 4031 2152">
    <p class='ocr_par' dir='ltr' id='par_1_36' title="bbox 2453 2080 4031 2152">
     <span class='ocr_line' id='line_1_36' title="bbox 2453 2080 4031 2152; baseline -0.001 -20"><span class='ocrx_word' id='word_1_264' title='bbox 2453 2080 2634 2152; x_wconf 88' lang='grc' dir='ltr'>ρεύειν</span> <span class='ocrx_word' id='word_1_265' title='bbox 2678 2081 2901 2150; x_wconf 75' lang='grc' dir='ltr'>ἄνδρας,</span> <span class='ocrx_word' id='word_1_266' title='bbox 2959 2080 3103 2133; x_wconf 79' lang='grc' dir='ltr'>οὕτω</span> <span class='ocrx_word' id='word_1_267' title='bbox 3127 2081 3190 2150; x_wconf 78' lang='grc' dir='ltr'>δὴ</span> <span class='ocrx_word' id='word_1_268' title='bbox 3225 2083 3316 2133; x_wconf 77' lang='grc' dir='ltr'>καὶ</span> <span class='ocrx_word' id='word_1_269' title='bbox 3335 2083 3460 2133; x_wconf 86' lang='grc' dir='ltr'>ὅσαι</span> <span class='ocrx_word' id='word_1_270' title='bbox 3492 2083 3594 2150; x_wconf 78' lang='grc' dir='ltr'>τὴν</span> <span class='ocrx_word' id='word_1_271' title='bbox 3621 2080 3927 2149; x_wconf 76' lang='grc' dir='ltr'>παρθενίαν</span> <span class='ocrx_word' id='word_1_272' title='bbox 3955 2081 4031 2132; x_wconf 77' lang='grc' dir='ltr'><strong>ἑτι</strong></span> 
     </span>
    </p>
   </div>
   <div class='ocr_carea' id='block_1_37' title="bbox 767 2171 2426 2244">
    <p class='ocr_par' dir='ltr' id='par_1_37' title="bbox 767 2173 2348 2244">
     <span class='ocr_line' id='line_1_37' title="bbox 767 2173 2348 2244; baseline -0.003 -15"><span class='ocrx_word' id='word_1_273' title='bbox 767 2175 984 2229; x_wconf 83' lang='lat' dir='ltr'><strong>deceret</strong></span> <span class='ocrx_word' id='word_1_274' title='bbox 1013 2190 1100 2229; x_wconf 87' lang='lat' dir='ltr'><strong>me</strong></span> <span class='ocrx_word' id='word_1_275' title='bbox 1139 2174 1242 2230; x_wconf 90' lang='lat' dir='ltr'><strong>hoc</strong></span> <span class='ocrx_word' id='word_1_276' title='bbox 1269 2175 1518 2244; x_wconf 89' lang='lat' dir='ltr'><strong>rejicere.</strong></span> <span class='ocrx_word' id='word_1_277' title='bbox 1567 2175 1779 2230; x_wconf 85' lang='lat' dir='ltr'><strong>Etenim</strong></span> <span class='ocrx_word' id='word_1_278' title='bbox 1816 2187 1870 2230; x_wconf 88' lang='lat' dir='ltr'><strong>et</strong></span> <span class='ocrx_word' id='word_1_279' title='bbox 1907 2174 2074 2230; x_wconf 85' lang='lat' dir='ltr'><strong>Jacob</strong></span> <span class='ocrx_word' id='word_1_280' title='bbox 2114 2173 2348 2242; x_wconf 86' lang='lat' dir='ltr'><strong>patriar-</strong></span> 
     </span>
    </p>
   </div>
   <div class='ocr_carea' id='block_1_38' title="bbox 2378 2171 4037 2244">
    <p class='ocr_par' dir='ltr' id='par_1_38' title="bbox 2451 2171 4037 2240">
     <span class='ocr_line' id='line_1_38' title="bbox 2451 2171 4037 2240; baseline -0.002 -15"><span class='ocrx_word' id='word_1_281' title='bbox 2451 2172 2797 2237; x_wconf 81' lang='grc' dir='ltr'>διασώζουσι,</span> <span class='ocrx_word' id='word_1_282' title='bbox 2828 2176 3093 2240; x_wconf 79' lang='grc' dir='ltr'>γυναῖκας</span> <span class='ocrx_word' id='word_1_283' title='bbox 3124 2173 3303 2226; x_wconf 78' lang='grc' dir='ltr'>αὐτῶν</span> <span class='ocrx_word' id='word_1_284' title='bbox 3330 2173 3522 2226; x_wconf 84' lang='grc' dir='ltr'>δίδωσι</span> <span class='ocrx_word' id='word_1_285' title='bbox 3549 2171 3861 2234; x_wconf 80' lang='grc' dir='ltr'>καλεῖσθαι,</span> <span class='ocrx_word' id='word_1_286' title='bbox 3892 2172 4037 2224; x_wconf 81' lang='grc' dir='ltr'>οὐδὲν</span> 
     </span>
    </p>
   </div>
   <div class='ocr_carea' id='block_1_39' title="bbox 767 2264 2426 2338">
    <p class='ocr_par' dir='ltr' id='par_1_39' title="bbox 767 2264 2345 2337">
     <span class='ocr_line' id='line_1_39' title="bbox 767 2264 2345 2337; baseline -0.003 -15"><span class='ocrx_word' id='word_1_287' title='bbox 767 2268 889 2332; x_wconf 88' lang='lat' dir='ltr'><strong>cha,</strong></span> <span class='ocrx_word' id='word_1_288' title='bbox 925 2267 1083 2337; x_wconf 86' lang='lat' dir='ltr'><strong>cujus</strong></span> <span class='ocrx_word' id='word_1_289' title='bbox 1125 2268 1365 2322; x_wconf 89' lang='lat' dir='ltr'><strong>nondum</strong></span> <span class='ocrx_word' id='word_1_290' title='bbox 1408 2267 1744 2322; x_wconf 89' lang='lat' dir='ltr'><strong>commercio</strong></span> <span class='ocrx_word' id='word_1_291' title='bbox 1777 2281 1912 2322; x_wconf 87' lang='lat' dir='ltr'><strong>usus</strong></span> <span class='ocrx_word' id='word_1_292' title='bbox 1963 2274 2084 2321; x_wconf 89' lang='lat' dir='ltr'><strong>erat</strong></span> <span class='ocrx_word' id='word_1_293' title='bbox 2122 2264 2345 2328; x_wconf 83' lang='lat' dir='ltr'><strong>Rachel,</strong></span> 
     </span>
    </p>
   </div>
   <div class='ocr_carea' id='block_1_40' title="bbox 2371 2264 4030 2338">
    <p class='ocr_par' dir='ltr' id='par_1_40' title="bbox 2452 2264 4030 2338">
     <span class='ocr_line' id='line_1_40' title="bbox 2452 2264 4030 2338; baseline -0.003 -20"><span class='ocrx_word' id='word_1_294' title='bbox 2452 2267 2574 2337; x_wconf 77' lang='grc' dir='ltr'>ἐμοὶ</span> <span class='ocrx_word' id='word_1_295' title='bbox 2636 2266 2989 2338; x_wconf 75' lang='grc' dir='ltr'>διαφέρεσθαι</span> <span class='ocrx_word' id='word_1_296' title='bbox 3049 2267 3351 2337; x_wconf 82' lang='grc' dir='ltr'>προσήκει·</span> <span class='ocrx_word' id='word_1_297' title='bbox 3385 2266 3478 2318; x_wconf 71' lang='grc' dir='ltr'>καὶ</span> <span class='ocrx_word' id='word_1_298' title='bbox 3505 2266 3617 2334; x_wconf 69' lang='grc' dir='ltr'><strong>γὰρ</strong></span> <span class='ocrx_word' id='word_1_299' title='bbox 3651 2265 3748 2318; x_wconf 79' lang='grc' dir='ltr'>καὶ</span> <span class='ocrx_word' id='word_1_300' title='bbox 3784 2264 3982 2318; x_wconf 84' lang='grc' dir='ltr'>Ἰακὼϐ</span> <span class='ocrx_word' id='word_1_301' title='bbox 4003 2266 4030 2314; x_wconf 90' lang='grc' dir='ltr'><strong>ό</strong></span> 
     </span>
    </p>
   </div>
   <div class='ocr_carea' id='block_1_41' title="bbox 769 2353 2428 2430">
    <p class='ocr_par' dir='ltr' id='par_1_41' title="bbox 769 2354 2346 2417">
     <span class='ocr_line' id='line_1_41' title="bbox 769 2354 2346 2417; baseline -0.004 -5"><span class='ocrx_word' id='word_1_302' title='bbox 769 2359 1054 2412; x_wconf 83' lang='lat' dir='ltr'><strong>mulierem</strong></span> <span class='ocrx_word' id='word_1_303' title='bbox 1082 2373 1238 2412; x_wconf 86' lang='lat' dir='ltr'><strong>suam</strong></span> <span class='ocrx_word' id='word_1_304' title='bbox 1272 2357 1558 2413; x_wconf 82' lang='lat' dir='ltr'><strong>manifeste</strong></span> <span class='ocrx_word' id='word_1_305' title='bbox 1602 2368 1782 2411; x_wconf 89' lang='lat' dir='ltr'><strong>vocat.</strong></span> <span class='ocrx_word' id='word_1_306' title='bbox 1828 2356 1969 2410; x_wconf 86' lang='lat' dir='ltr'><strong>Dicit</strong></span> <span class='ocrx_word' id='word_1_307' title='bbox 2021 2356 2086 2410; x_wconf 92' lang='lat' dir='ltr'><strong>ad</strong></span> <span class='ocrx_word' id='word_1_308' title='bbox 2138 2354 2346 2417; x_wconf 80' lang='lat' dir='ltr'><strong>Luban,</strong></span> 
     </span>
    </p>
   </div>
   <div class='ocr_carea' id='block_1_42' title="bbox 2378 2353 4037 2430">
    <p class='ocr_par' dir='ltr' id='par_1_42' title="bbox 2451 2353 4037 2430">
     <span class='ocr_line' id='line_1_42' title="bbox 2451 2353 4037 2430; baseline -0.001 -20"><span class='ocrx_word' id='word_1_309' title='bbox 2451 2359 2822 2428; x_wconf 82' lang='grc' dir='ltr'>πατριάρχης,</span> <span class='ocrx_word' id='word_1_310' title='bbox 2846 2355 2913 2430; x_wconf 82' lang='grc' dir='ltr'>ἦς</span> <span class='ocrx_word' id='word_1_311' title='bbox 2942 2359 3095 2412; x_wconf 74' lang='grc' dir='ltr'>οὔπω</span> <span class='ocrx_word' id='word_1_312' title='bbox 3157 2359 3431 2421; x_wconf 77' lang='grc' dir='ltr'>καταστὰς</span> <span class='ocrx_word' id='word_1_313' title='bbox 3463 2353 3532 2428; x_wconf 84' lang='grc' dir='ltr'>ἦν</span> <span class='ocrx_word' id='word_1_314' title='bbox 3564 2359 3645 2419; x_wconf 86' lang='grc' dir='ltr'>εἰς</span> <span class='ocrx_word' id='word_1_315' title='bbox 3677 2358 3881 2427; x_wconf 80' lang='grc' dir='ltr'>πεῖραν</span> <span class='ocrx_word' id='word_1_316' title='bbox 3910 2358 4037 2426; x_wconf 81' lang='grc' dir='ltr'>ὀμι-</span> 
     </span>
    </p>
   </div>
   <div class='ocr_carea' id='block_1_43' title="bbox 765 2444 2424 2524">
    <p class='ocr_par' dir='ltr' id='par_1_43' title="bbox 765 2444 2347 2523">
     <span class='ocr_line' id='line_1_43' title="bbox 765 2444 2347 2523; baseline -0.006 -16"><span class='ocrx_word' id='word_1_317' title='bbox 765 2461 1061 2523; x_wconf 87' lang='lat' dir='ltr'><strong>postquam</strong></span> <span class='ocrx_word' id='word_1_318' title='bbox 1091 2450 1205 2522; x_wconf 88' lang='lat' dir='ltr'><strong>jam</strong></span> <span class='ocrx_word' id='word_1_319' title='bbox 1246 2451 1328 2504; x_wconf 91' lang='lat' dir='ltr'><strong>sui</strong></span> <span class='ocrx_word' id='word_1_320' title='bbox 1367 2451 1574 2505; x_wconf 87' lang='lat' dir='ltr'><strong>servitii</strong></span> <span class='ocrx_word' id='word_1_321' title='bbox 1616 2447 2170 2520; x_wconf 65' lang='lat' dir='ltr'><strong>tempus,complevit.</strong></span> <span class='ocrx_word' id='word_1_322' title='bbox 2210 2465 2230 2497; x_wconf 80' lang='grc' dir='ltr'><strong>ι</strong></span> <span class='ocrx_word' id='word_1_323' title='bbox 2272 2444 2347 2498; x_wconf 91' lang='lat' dir='ltr'><strong>Da</strong></span> 
     </span>
    </p>
   </div>
   <div class='ocr_carea' id='block_1_44' title="bbox 2382 2444 4041 2524">
    <p class='ocr_par' dir='ltr' id='par_1_44' title="bbox 2451 2449 4041 2524">
     <span class='ocr_line' id='line_1_44' title="bbox 2451 2449 4041 2524; baseline -0.002 -20"><span class='ocrx_word' id='word_1_324' title='bbox 2451 2451 2593 2516; x_wconf 75' lang='grc' dir='ltr'>λίας,</span> <span class='ocrx_word' id='word_1_325' title='bbox 2620 2452 2720 2523; x_wconf 82' lang='grc' dir='ltr'>τὴν</span> <span class='ocrx_word' id='word_1_326' title='bbox 2752 2453 2959 2524; x_wconf 84' lang='grc' dir='ltr'>Ῥαχὴλ</span> <span class='ocrx_word' id='word_1_327' title='bbox 3011 2453 3178 2520; x_wconf 82' lang='grc' dir='ltr'>λέγω,</span> <span class='ocrx_word' id='word_1_328' title='bbox 3238 2454 3474 2519; x_wconf 86' lang='grc' dir='ltr'>γυναῖκα</span> <span class='ocrx_word' id='word_1_329' title='bbox 3516 2451 3684 2505; x_wconf 81' lang='grc' dir='ltr'>αὑτοῦ</span> <span class='ocrx_word' id='word_1_330' title='bbox 3720 2449 4041 2520; x_wconf 74' lang='grc' dir='ltr'>περιφανῶς</span> 
     </span>
    </p>
   </div>
   <div class='ocr_carea' id='block_1_45' title="bbox 771 2540 2430 2614">
    <p class='ocr_par' dir='ltr' id='par_1_45' title="bbox 771 2540 2351 2612">
     <span class='ocr_line' id='line_1_45' title="bbox 771 2540 2351 2612; baseline -0.006 -12"><span class='ocrx_word' id='word_1_331' title='bbox 771 2561 996 2600; x_wconf 82' lang='lat' dir='ltr'><strong>uxorem</strong></span> <span class='ocrx_word' id='word_1_332' title='bbox 1029 2543 1524 2612; x_wconf 88' lang='lat' dir='ltr'><strong>meam,-comp|eti</strong></span> <span class='ocrx_word' id='word_1_333' title='bbox 1580 2552 1708 2598; x_wconf 89' lang='lat' dir='ltr'><strong>sunt</strong></span> <span class='ocrx_word' id='word_1_334' title='bbox 1750 2541 1895 2596; x_wconf 89' lang='lat' dir='ltr'><strong>enim</strong></span> <span class='ocrx_word' id='word_1_335' title='bbox 1944 2541 2064 2595; x_wconf 82' lang='lat' dir='ltr'><strong>dies</strong></span> <span class='ocrx_word' id='word_1_336' title='bbox 2112 2540 2242 2600; x_wconf 88' lang='lat' dir='ltr'><strong>mei.</strong></span> <span class='ocrx_word' id='word_1_337' title='bbox 2289 2547 2351 2592; x_wconf 92' lang='lat' dir='ltr'><strong>ut</strong></span> 
     </span>
    </p>
   </div>
   <div class='ocr_carea' id='block_1_46' title="bbox 2384 2540 4043 2614">
    <p class='ocr_par' dir='ltr' id='par_1_46' title="bbox 2451 2541 4043 2614">
     <span class='ocr_line' id='line_1_46' title="bbox 2451 2541 4043 2614; baseline -0.004 -16"><span class='ocrx_word' id='word_1_338' title='bbox 2451 2543 2728 2614; x_wconf 73' lang='grc' dir='ltr'>ὀνομάζει.</span> <span class='ocrx_word' id='word_1_339' title='bbox 2791 2545 2932 2614; x_wconf 78' lang='grc' dir='ltr'>Φησὶ</span> <span class='ocrx_word' id='word_1_340' title='bbox 2962 2545 3099 2614; x_wconf 70' lang='grc' dir='ltr'>πρὸς</span> <span class='ocrx_word' id='word_1_341' title='bbox 3137 2543 3346 2603; x_wconf 82' lang='grc' dir='ltr'>Λάϐαν,</span> <span class='ocrx_word' id='word_1_342' title='bbox 3383 2543 3483 2613; x_wconf 64' lang='grc' dir='ltr'>ἤδη</span> <span class='ocrx_word' id='word_1_343' title='bbox 3516 2543 3607 2595; x_wconf 83' lang='grc' dir='ltr'>τὸν</span> <span class='ocrx_word' id='word_1_344' title='bbox 3663 2541 3767 2610; x_wconf 83' lang='grc' dir='ltr'>τῆς</span> <span class='ocrx_word' id='word_1_345' title='bbox 3796 2541 4043 2602; x_wconf 77' lang='grc' dir='ltr'>δουλείας</span> 
     </span>
    </p>
   </div>
   <div class='ocr_carea' id='block_1_47' title="bbox 772 2633 2431 2707">
    <p class='ocr_par' dir='ltr' id='par_1_47' title="bbox 772 2633 2351 2706">
     <span class='ocr_line' id='line_1_47' title="bbox 772 2633 2351 2706; baseline -0.003 -13"><span class='ocrx_word' id='word_1_346' title='bbox 772 2639 1047 2706; x_wconf 83' lang='lat' dir='ltr'><strong>ingrediar</strong></span> <span class='ocrx_word' id='word_1_347' title='bbox 1067 2637 1134 2691; x_wconf 88' lang='lat' dir='ltr'><strong>ad</strong></span> <span class='ocrx_word' id='word_1_348' title='bbox 1167 2652 1286 2692; x_wconf 88' lang='lat' dir='ltr'><strong>eam</strong></span> <span class='ocrx_word' id='word_1_349' title='bbox 1329 2636 1394 2689; x_wconf 81' lang='lat'><strong>“.</strong></span> <span class='ocrx_word' id='word_1_350' title='bbox 1435 2655 1452 2687; x_wconf 76' lang='grc' dir='ltr'><strong>ι</strong></span> <span class='ocrx_word' id='word_1_351' title='bbox 1484 2637 1574 2691; x_wconf 87' lang='lat' dir='ltr'><strong>Sic</strong></span> <span class='ocrx_word' id='word_1_352' title='bbox 1595 2636 1810 2706; x_wconf 86' lang='lat' dir='ltr'><strong>priscus</strong></span> <span class='ocrx_word' id='word_1_353' title='bbox 1838 2650 1956 2689; x_wconf 92' lang='lat' dir='ltr'><strong>mos</strong></span> <span class='ocrx_word' id='word_1_354' title='bbox 1987 2645 2068 2689; x_wconf 89' lang='lat' dir='ltr'><strong>est</strong></span> <span class='ocrx_word' id='word_1_355' title='bbox 2094 2633 2351 2688; x_wconf 89' lang='lat' dir='ltr'><strong>mulieres</strong></span> 
     </span>
    </p>
   </div>
   <div class='ocr_carea' id='block_1_48' title="bbox 2381 2633 4040 2707">
    <p class='ocr_par' dir='ltr' id='par_1_48' title="bbox 2453 2634 4040 2707">
     <span class='ocr_line' id='line_1_48' title="bbox 2453 2634 4040 2707; baseline -0.003 -18"><span class='ocrx_word' id='word_1_356' title='bbox 2453 2637 2578 2706; x_wconf 89' lang='grc' dir='ltr'>ὅρον</span> <span class='ocrx_word' id='word_1_357' title='bbox 2626 2634 3096 2707; x_wconf 74' lang='grc' dir='ltr'>ἐκπεπληρωκὼς,</span> <span class='ocrx_word' id='word_1_358' title='bbox 3145 2654 3163 2686; x_wconf 87' lang='grc' dir='ltr'><strong>ι</strong></span> <span class='ocrx_word' id='word_1_359' title='bbox 3200 2635 3420 2698; x_wconf 77' lang='grc' dir='ltr'>Ἀπόδος</span> <span class='ocrx_word' id='word_1_360' title='bbox 3477 2636 3578 2706; x_wconf 76' lang='grc' dir='ltr'>τὴν</span> <span class='ocrx_word' id='word_1_361' title='bbox 3628 2636 3871 2703; x_wconf 80' lang='grc' dir='ltr'>γυναῖκά</span> <span class='ocrx_word' id='word_1_362' title='bbox 3920 2652 4040 2704; x_wconf 85' lang='grc' dir='ltr'>μου,</span> 
     </span>
    </p>
   </div>
   <div class='ocr_carea' id='block_1_49' title="bbox 771 2723 2430 2800">
    <p class='ocr_par' dir='ltr' id='par_1_49' title="bbox 771 2723 2354 2800">
     <span class='ocr_line' id='line_1_49' title="bbox 771 2723 2354 2800; baseline -0.005 -15"><span class='ocrx_word' id='word_1_363' title='bbox 771 2747 865 2786; x_wconf 88' lang='lat' dir='ltr'><strong>eas</strong></span> <span class='ocrx_word' id='word_1_364' title='bbox 891 2745 1014 2800; x_wconf 64' lang='lat' dir='ltr'><strong>qute</strong></span> <span class='ocrx_word' id='word_1_365' title='bbox 1041 2738 1171 2785; x_wconf 91' lang='lat' dir='ltr'><strong>sunt</strong></span> <span class='ocrx_word' id='word_1_366' title='bbox 1199 2744 1418 2800; x_wconf 66' lang='lat' dir='ltr'><strong>sponsm</strong></span> <span class='ocrx_word' id='word_1_367' title='bbox 1453 2743 1672 2782; x_wconf 84' lang='lat' dir='ltr'><strong>vocare.</strong></span> <span class='ocrx_word' id='word_1_368' title='bbox 1702 2727 1779 2782; x_wconf 88' lang='lat' dir='ltr'><strong>lta</strong></span> <span class='ocrx_word' id='word_1_369' title='bbox 1815 2736 1876 2780; x_wconf 93' lang='lat' dir='ltr'><strong>ut</strong></span> <span class='ocrx_word' id='word_1_370' title='bbox 1908 2726 2037 2780; x_wconf 89' lang='lat' dir='ltr'><strong>inde</strong></span> <span class='ocrx_word' id='word_1_371' title='bbox 2069 2726 2253 2779; x_wconf 90' lang='lat' dir='ltr'><strong>videre</strong></span> <span class='ocrx_word' id='word_1_372' title='bbox 2283 2723 2354 2779; x_wconf 88' lang='lat' dir='ltr'><strong>sit</strong></span> 
     </span>
    </p>
   </div>
   <div class='ocr_carea' id='block_1_50' title="bbox 2383 2723 4042 2800">
    <p class='ocr_par' dir='ltr' id='par_1_50' title="bbox 2455 2727 4042 2799">
     <span class='ocr_line' id='line_1_50' title="bbox 2455 2727 4042 2799; baseline -0.001 -19"><span class='ocrx_word' id='word_1_373' title='bbox 2455 2727 2636 2797; x_wconf 85' lang='grc' dir='ltr'>πεπλή</span> <span class='ocrx_word' id='word_1_374' title='bbox 2648 2745 2848 2797; x_wconf 86' lang='grc' dir='ltr'>ρωνται</span> <span class='ocrx_word' id='word_1_375' title='bbox 2886 2729 2991 2798; x_wconf 76' lang='grc' dir='ltr'><strong>γὰρ</strong></span> <span class='ocrx_word' id='word_1_376' title='bbox 3016 2731 3072 2779; x_wconf 88' lang='grc' dir='ltr'>αἱ</span> <span class='ocrx_word' id='word_1_377' title='bbox 3096 2729 3300 2799; x_wconf 79' lang='grc' dir='ltr'>ἡμέραι</span> <span class='ocrx_word' id='word_1_378' title='bbox 3329 2745 3453 2798; x_wconf 85' lang='grc' dir='ltr'>μου,</span> <span class='ocrx_word' id='word_1_379' title='bbox 3484 2729 3634 2790; x_wconf 87' lang='grc' dir='ltr'>ὅπως</span> <span class='ocrx_word' id='word_1_380' title='bbox 3655 2727 3887 2780; x_wconf 82' lang='grc' dir='ltr'>εἰσέλθω</span> <span class='ocrx_word' id='word_1_381' title='bbox 3909 2729 4042 2796; x_wconf 57' lang='grc' dir='ltr'>πρὶς</span> 
     </span>
    </p>
   </div>
   <div class='ocr_carea' id='block_1_51' title="bbox 772 2815 2431 2892">
    <p class='ocr_par' dir='ltr' id='par_1_51' title="bbox 772 2815 2353 2892">
     <span class='ocr_line' id='line_1_51' title="bbox 772 2815 2353 2892; baseline -0.006 -14"><span class='ocrx_word' id='word_1_382' title='bbox 772 2825 1019 2879; x_wconf 86' lang='lat' dir='ltr'><strong>mulieris</strong></span> <span class='ocrx_word' id='word_1_383' title='bbox 1084 2823 1503 2892; x_wconf 83' lang='lat' dir='ltr'><strong>appellationem</strong></span> <span class='ocrx_word' id='word_1_384' title='bbox 1561 2820 1786 2874; x_wconf 88' lang='lat' dir='ltr'><strong>minime</strong></span> <span class='ocrx_word' id='word_1_385' title='bbox 1832 2820 2097 2887; x_wconf 77' lang='lat' dir='ltr'><strong>virginem</strong></span> <span class='ocrx_word' id='word_1_386' title='bbox 2143 2815 2353 2871; x_wconf 87' lang='lat' dir='ltr'><strong>contri-</strong></span> 
     </span>
    </p>
   </div>
   <div class='ocr_carea' id='block_1_52' title="bbox 2384 2815 4043 2892">
    <p class='ocr_par' dir='ltr' id='par_1_52' title="bbox 2455 2820 4043 2888">
     <span class='ocr_line' id='line_1_52' title="bbox 2455 2820 4043 2888; baseline -0.003 -15"><span class='ocrx_word' id='word_1_387' title='bbox 2455 2820 2696 2888; x_wconf 72' lang='grc' dir='ltr'>αὐτήν.»</span> <span class='ocrx_word' id='word_1_388' title='bbox 2732 2821 2922 2884; x_wconf 81' lang='grc' dir='ltr'>Οὕτως</span> <span class='ocrx_word' id='word_1_389' title='bbox 2977 2823 3095 2873; x_wconf 76' lang='grc' dir='ltr'>ἐστὶ</span> <span class='ocrx_word' id='word_1_390' title='bbox 3155 2821 3387 2874; x_wconf 75' lang='grc' dir='ltr'>παλαιὸν</span> <span class='ocrx_word' id='word_1_391' title='bbox 3442 2820 3563 2882; x_wconf 77' lang='grc' dir='ltr'>ἔθος</span> <span class='ocrx_word' id='word_1_392' title='bbox 3625 2822 3896 2887; x_wconf 78' lang='grc' dir='ltr'>γυναῖκας</span> <span class='ocrx_word' id='word_1_393' title='bbox 3948 2823 4043 2870; x_wconf 76' lang='grc' dir='ltr'><strong>και</strong></span> 
     </span>
    </p>
   </div>
   <div class='ocr_carea' id='block_1_53' title="bbox 776 2910 2435 2984">
    <p class='ocr_par' dir='ltr' id='par_1_53' title="bbox 776 2910 2354 2983">
     <span class='ocr_line' id='line_1_53' title="bbox 776 2910 2354 2983; baseline -0.008 -12"><span class='ocrx_word' id='word_1_394' title='bbox 776 2928 924 2972; x_wconf 86' lang='lat' dir='ltr'><strong>stare</strong></span> <span class='ocrx_word' id='word_1_395' title='bbox 973 2914 1235 2968; x_wconf 85' lang='lat' dir='ltr'><strong>voluisse.</strong></span> <span class='ocrx_word' id='word_1_396' title='bbox 1266 2912 1504 2983; x_wconf 81' lang='lat' dir='ltr'><strong>Virginis</strong></span> <span class='ocrx_word' id='word_1_397' title='bbox 1534 2920 1714 2966; x_wconf 89' lang='lat' dir='ltr'><strong>autem</strong></span> <span class='ocrx_word' id='word_1_398' title='bbox 1741 2910 1952 2964; x_wconf 90' lang='lat' dir='ltr'><strong>nomini</strong></span> <span class='ocrx_word' id='word_1_399' title='bbox 1996 2925 2103 2963; x_wconf 92' lang='lat' dir='ltr'><strong>non</strong></span> <span class='ocrx_word' id='word_1_400' title='bbox 2133 2918 2354 2962; x_wconf 85' lang='lat' dir='ltr'><strong>contra-</strong></span> 
     </span>
    </p>
   </div>
   <div class='ocr_carea' id='block_1_54' title="bbox 2387 2910 4046 2984">
    <p class='ocr_par' dir='ltr' id='par_1_54' title="bbox 2455 2911 4046 2984">
     <span class='ocr_line' id='line_1_54' title="bbox 2455 2911 4046 2984; baseline 0 -22"><span class='ocrx_word' id='word_1_401' title='bbox 2455 2912 2554 2973; x_wconf 71' lang='grc' dir='ltr'><strong>τὰς</strong></span> <span class='ocrx_word' id='word_1_402' title='bbox 2611 2916 3102 2984; x_wconf 82' lang='grc' dir='ltr'>μεμνηστευμένας</span> <span class='ocrx_word' id='word_1_403' title='bbox 3159 2913 3472 2981; x_wconf 69' lang='grc' dir='ltr'>ὀνομάζειν.</span> <span class='ocrx_word' id='word_1_404' title='bbox 3530 2915 3696 2966; x_wconf 83' lang='grc' dir='ltr'>Ὥστε</span> <span class='ocrx_word' id='word_1_405' title='bbox 3745 2911 4046 2965; x_wconf 71' lang='grc' dir='ltr'>κάντεῦθεν</span> 
     </span>
    </p>
   </div>
   <div class='ocr_carea' id='block_1_55' title="bbox 773 3000 2432 3077">
    <p class='ocr_par' dir='ltr' id='par_1_55' title="bbox 773 3000 2356 3072">
     <span class='ocr_line' id='line_1_55' title="bbox 773 3000 2356 3072; baseline -0.004 -13"><span class='ocrx_word' id='word_1_406' title='bbox 773 3010 958 3062; x_wconf 80' lang='lat' dir='ltr'><strong>dicere</strong></span> <span class='ocrx_word' id='word_1_407' title='bbox 1003 3005 1248 3060; x_wconf 82' lang='lat' dir='ltr'><strong>mulieris</strong></span> <span class='ocrx_word' id='word_1_408' title='bbox 1310 3018 1508 3058; x_wconf 91' lang='lat' dir='ltr'><strong>nomen</strong></span> <span class='ocrx_word' id='word_1_409' title='bbox 1574 3011 1720 3072; x_wconf 90' lang='lat' dir='ltr'><strong>patet</strong></span> <span class='ocrx_word' id='word_1_410' title='bbox 1776 3017 1838 3055; x_wconf 82' lang='lat' dir='ltr'><strong>ex</strong></span> <span class='ocrx_word' id='word_1_411' title='bbox 1892 3003 2106 3070; x_wconf 82' lang='lat' dir='ltr'><strong>generis</strong></span> <span class='ocrx_word' id='word_1_412' title='bbox 2161 3000 2356 3054; x_wconf 87' lang='lat' dir='ltr'><strong>distin-</strong></span> 
     </span>
    </p>
   </div>
   <div class='ocr_carea' id='block_1_56' title="bbox 2390 3000 4049 3077">
    <p class='ocr_par' dir='ltr' id='par_1_56' title="bbox 2456 3003 4049 3077">
     <span class='ocr_line' id='line_1_56' title="bbox 2456 3003 4049 3077; baseline 0.001 -22"><span class='ocrx_word' id='word_1_413' title='bbox 2456 3003 2571 3056; x_wconf 75' lang='grc' dir='ltr'>ἔστι</span> <span class='ocrx_word' id='word_1_414' title='bbox 2631 3005 2815 3058; x_wconf 89' lang='grc' dir='ltr'>λαϐεῖν</span> <span class='ocrx_word' id='word_1_415' title='bbox 2858 3007 2933 3070; x_wconf 82' lang='grc' dir='ltr'>ὼς</span> <span class='ocrx_word' id='word_1_416' title='bbox 2967 3008 3133 3077; x_wconf 66' lang='grc' dir='ltr'>μηδὲν</span> <span class='ocrx_word' id='word_1_417' title='bbox 3168 3009 3201 3077; x_wconf 81' lang='grc' dir='ltr'>ἡ</span> <span class='ocrx_word' id='word_1_418' title='bbox 3232 3008 3333 3076; x_wconf 76' lang='grc' dir='ltr'>τῆς</span> <span class='ocrx_word' id='word_1_419' title='bbox 3382 3007 3644 3075; x_wconf 77' lang='grc' dir='ltr'>γυναικὸς</span> <span class='ocrx_word' id='word_1_420' title='bbox 3696 3005 4049 3076; x_wconf 82' lang='grc' dir='ltr'>προσηγορία</span> 
     </span>
    </p>
   </div>
   <div class='ocr_carea' id='block_1_57' title="bbox 773 3092 2432 3170">
    <p class='ocr_par' dir='ltr' id='par_1_57' title="bbox 773 3092 2351 3163">
     <span class='ocr_line' id='line_1_57' title="bbox 773 3092 2351 3163; baseline -0.007 -7"><span class='ocrx_word' id='word_1_421' title='bbox 773 3101 977 3163; x_wconf 70' lang='grc' dir='ltr'>ειίοιιιι,</span> <span class='ocrx_word' id='word_1_422' title='bbox 1009 3099 1063 3152; x_wconf 91' lang='lat' dir='ltr'><strong>in</strong></span> <span class='ocrx_word' id='word_1_423' title='bbox 1098 3099 1374 3153; x_wconf 90' lang='lat' dir='ltr'><strong>hominem</strong></span> <span class='ocrx_word' id='word_1_424' title='bbox 1398 3107 1451 3151; x_wconf 90' lang='lat' dir='ltr'><strong>et</strong></span> <span class='ocrx_word' id='word_1_425' title='bbox 1483 3097 1767 3151; x_wconf 88' lang='lat' dir='ltr'><strong>mulierem</strong></span> <span class='ocrx_word' id='word_1_426' title='bbox 1801 3104 2050 3148; x_wconf 88' lang='lat' dir='ltr'><strong>naturam</strong></span> <span class='ocrx_word' id='word_1_427' title='bbox 2078 3092 2351 3147; x_wconf 85' lang='lat' dir='ltr'><strong>dividens.</strong></span> 
     </span>
    </p>
   </div>
   <div class='ocr_carea' id='block_1_58' title="bbox 2392 3092 4051 3170">
    <p class='ocr_par' dir='ltr' id='par_1_58' title="bbox 2461 3098 4051 3170">
     <span class='ocr_line' id='line_1_58' title="bbox 2461 3098 4051 3170; baseline -0.001 -22"><span class='ocrx_word' id='word_1_428' title='bbox 2461 3099 2804 3166; x_wconf 75' lang='grc' dir='ltr'>παραλυπεῖν</span> <span class='ocrx_word' id='word_1_429' title='bbox 2835 3100 3012 3152; x_wconf 79' lang='grc' dir='ltr'>ἐθέλει</span> <span class='ocrx_word' id='word_1_430' title='bbox 3062 3103 3159 3169; x_wconf 75' lang='grc' dir='ltr'>τὴν</span> <span class='ocrx_word' id='word_1_431' title='bbox 3184 3099 3509 3170; x_wconf 84' lang='grc' dir='ltr'>παρθενίαν.</span> <span class='ocrx_word' id='word_1_432' title='bbox 3541 3099 3665 3151; x_wconf 79' lang='grc' dir='ltr'><strong>Ὀτι</strong></span> <span class='ocrx_word' id='word_1_433' title='bbox 3696 3098 3753 3150; x_wconf 83' lang='grc' dir='ltr'>δὲ</span> <span class='ocrx_word' id='word_1_434' title='bbox 3785 3099 3926 3167; x_wconf 79' lang='grc' dir='ltr'>πρὸς</span> <span class='ocrx_word' id='word_1_435' title='bbox 3954 3099 4051 3165; x_wconf 76' lang='grc' dir='ltr'>τὴν</span> 
     </span>
    </p>
   </div>
   <div class='ocr_carea' id='block_1_59' title="bbox 763 3184 2422 3261">
    <p class='ocr_par' dir='ltr' id='par_1_59' title="bbox 763 3184 2422 3261">
     <span class='ocr_line' id='line_1_59' title="bbox 763 3184 2422 3261; baseline -0.005 -16"><span class='ocrx_word' id='word_1_436' title='bbox 763 3190 1016 3246; x_wconf 72' lang='lat' dir='ltr'><strong>.Mulieris</strong></span> <span class='ocrx_word' id='word_1_437' title='bbox 1063 3190 1207 3243; x_wconf 90' lang='lat' dir='ltr'><strong>enim</strong></span> <span class='ocrx_word' id='word_1_438' title='bbox 1274 3187 1438 3242; x_wconf 83' lang='lat' dir='ltr'><strong>verbo</strong></span> <span class='ocrx_word' id='word_1_439' title='bbox 1494 3203 1601 3241; x_wconf 91' lang='lat' dir='ltr'><strong>non</strong></span> <span class='ocrx_word' id='word_1_440' title='bbox 1666 3185 1842 3240; x_wconf 91' lang='lat' dir='ltr'><strong>solum</strong></span> <span class='ocrx_word' id='word_1_441' title='bbox 1905 3200 2025 3254; x_wconf 77' lang='lat' dir='ltr'><strong>qua:</strong></span> <span class='ocrx_word' id='word_1_442' title='bbox 2077 3184 2422 3261; x_wconf 74' lang='lat' dir='ltr'><strong>hominemc</strong></span> 
     </span>
    </p>
   </div>
   <div class='ocr_carea' id='block_1_60' title="bbox 2391 3184 4050 3261">
    <p class='ocr_par' dir='ltr' id='par_1_60' title="bbox 2391 3187 4050 3261">
     <span class='ocr_line' id='line_1_60' title="bbox 2391 3187 4050 3261; baseline -0.001 -22"><span class='ocrx_word' id='word_1_443' title='bbox 2391 3205 2426 3261; x_wconf 70' lang='grc' dir='ltr'>ε</span> <span class='ocrx_word' id='word_1_444' title='bbox 2461 3187 2730 3257; x_wconf 80' lang='grc' dir='ltr'>παρθένον</span> <span class='ocrx_word' id='word_1_445' title='bbox 2757 3189 2818 3241; x_wconf 84' lang='grc' dir='ltr'>τὸ</span> <span class='ocrx_word' id='word_1_446' title='bbox 2875 3189 2976 3258; x_wconf 79' lang='grc' dir='ltr'>τῆς</span> <span class='ocrx_word' id='word_1_447' title='bbox 3034 3190 3292 3258; x_wconf 86' lang='grc' dir='ltr'>γυναικὸς</span> <span class='ocrx_word' id='word_1_448' title='bbox 3314 3189 3375 3242; x_wconf 85' lang='grc' dir='ltr'>οὐ</span> <span class='ocrx_word' id='word_1_449' title='bbox 3405 3190 3638 3260; x_wconf 73' lang='grc' dir='ltr'>μάχεται</span> <span class='ocrx_word' id='word_1_450' title='bbox 3697 3188 3896 3257; x_wconf 73' lang='grc' dir='ltr'>ὄνομα,</span> <span class='ocrx_word' id='word_1_451' title='bbox 3955 3188 4050 3256; x_wconf 76' lang='grc' dir='ltr'>ἦτε</span> 
     </span>
    </p>
   </div>
   <div class='ocr_carea' id='block_1_61' title="bbox 774 3275 2433 3354">
    <p class='ocr_par' dir='ltr' id='par_1_61' title="bbox 774 3275 2356 3354">
     <span class='ocr_line' id='line_1_61' title="bbox 774 3275 2356 3354; baseline -0.006 -16"><span class='ocrx_word' id='word_1_452' title='bbox 774 3301 882 3340; x_wconf 90' lang='lat' dir='ltr'><strong>non</strong></span> <span class='ocrx_word' id='word_1_453' title='bbox 910 3290 1300 3354; x_wconf 85' lang='lat' dir='ltr'><strong>cognoverunt,</strong></span> <span class='ocrx_word' id='word_1_454' title='bbox 1336 3295 1515 3348; x_wconf 87' lang='lat' dir='ltr'><strong>neque</strong></span> <span class='ocrx_word' id='word_1_455' title='bbox 1548 3294 1627 3333; x_wconf 75' lang='lat' dir='ltr'><strong>ea:</strong></span> <span class='ocrx_word' id='word_1_456' title='bbox 1657 3279 1834 3334; x_wconf 91' lang='lat' dir='ltr'><strong>solum</strong></span> <span class='ocrx_word' id='word_1_457' title='bbox 1861 3278 2062 3346; x_wconf 87' lang='lat' dir='ltr'><strong>quibus</strong></span> <span class='ocrx_word' id='word_1_458' title='bbox 2091 3275 2356 3346; x_wconf 88' lang='lat' dir='ltr'><strong>contingit</strong></span> 
     </span>
    </p>
   </div>
   <div class='ocr_carea' id='block_1_62' title="bbox 2393 3275 4052 3354">
    <p class='ocr_par' dir='ltr' id='par_1_62' title="bbox 2460 3278 4052 3354">
     <span class='ocr_line' id='line_1_62' title="bbox 2460 3278 4052 3354; baseline 0.001 -23"><span class='ocrx_word' id='word_1_459' title='bbox 2460 3278 2697 3348; x_wconf 86' lang='grc' dir='ltr'>συνήθης</span> <span class='ocrx_word' id='word_1_460' title='bbox 2728 3280 2821 3334; x_wconf 81' lang='grc' dir='ltr'>τοῦ</span> <span class='ocrx_word' id='word_1_461' title='bbox 2867 3281 3060 3348; x_wconf 84' lang='grc' dir='ltr'>γένους</span> <span class='ocrx_word' id='word_1_462' title='bbox 3090 3281 3361 3353; x_wconf 86' lang='grc' dir='ltr'>διαίρεσις</span> <span class='ocrx_word' id='word_1_463' title='bbox 3381 3284 3462 3345; x_wconf 73' lang='grc' dir='ltr'><strong>εἰς</strong></span> <span class='ocrx_word' id='word_1_464' title='bbox 3489 3281 3654 3354; x_wconf 81' lang='grc' dir='ltr'>ἄνδρα</span> <span class='ocrx_word' id='word_1_465' title='bbox 3693 3283 3788 3334; x_wconf 73' lang='grc' dir='ltr'><strong>καὶ</strong></span> <span class='ocrx_word' id='word_1_466' title='bbox 3814 3284 4052 3350; x_wconf 80' lang='grc' dir='ltr'>γυναῖκα</span> 
     </span>
    </p>
   </div>
   <div class='ocr_carea' id='block_1_63' title="bbox 768 3371 2427 3448">
    <p class='ocr_par' dir='ltr' id='par_1_63' title="bbox 768 3371 2358 3448">
     <span class='ocr_line' id='line_1_63' title="bbox 768 3371 2358 3448; baseline -0.004 -16"><span class='ocrx_word' id='word_1_467' title='bbox 768 3389 857 3444; x_wconf 87' lang='lat' dir='ltr'><strong>ut,</strong></span> <span class='ocrx_word' id='word_1_468' title='bbox 902 3377 1216 3448; x_wconf 81' lang='lat' dir='ltr'><strong>virginitate</strong></span> <span class='ocrx_word' id='word_1_469' title='bbox 1255 3384 1629 3448; x_wconf 86' lang='lat' dir='ltr'><strong>permanente,</strong></span> <span class='ocrx_word' id='word_1_470' title='bbox 1711 3371 2090 3426; x_wconf 66' lang='lat' dir='ltr'><strong>adolescentiae</strong></span> <span class='ocrx_word' id='word_1_471' title='bbox 2157 3371 2358 3425; x_wconf 88' lang='lat' dir='ltr'><strong>tinibus</strong></span> 
     </span>
    </p>
   </div>
   <div class='ocr_carea' id='block_1_64' title="bbox 2390 3371 4049 3448">
    <p class='ocr_par' dir='ltr' id='par_1_64' title="bbox 2451 3371 4049 3443">
     <span class='ocr_line' id='line_1_64' title="bbox 2451 3371 4049 3443; baseline 0 -19"><span class='ocrx_word' id='word_1_472' title='bbox 2451 3371 2734 3440; x_wconf 78' lang='grc' dir='ltr'>τέμνουσα</span> <span class='ocrx_word' id='word_1_473' title='bbox 2789 3371 2890 3443; x_wconf 80' lang='grc' dir='ltr'>τὴν</span> <span class='ocrx_word' id='word_1_474' title='bbox 2937 3372 3123 3441; x_wconf 83' lang='grc' dir='ltr'>φύσιν,</span> <span class='ocrx_word' id='word_1_475' title='bbox 3189 3375 3334 3425; x_wconf 84' lang='grc' dir='ltr'>ποιεί</span> <span class='ocrx_word' id='word_1_476' title='bbox 3386 3375 3641 3443; x_wconf 85' lang='grc' dir='ltr'>φανερόν.</span> <span class='ocrx_word' id='word_1_477' title='bbox 3801 3373 3915 3443; x_wconf 71' lang='grc' dir='ltr'><strong>γὰρ</strong></span> <span class='ocrx_word' id='word_1_478' title='bbox 3950 3373 4049 3442; x_wconf 75' lang='grc' dir='ltr'>τῆς</span> 
     </span>
    </p>
   </div>
   <div class='ocr_carea' id='block_1_65' title="bbox 781 3459 2440 3542">
    <p class='ocr_par' dir='ltr' id='par_1_65' title="bbox 781 3459 2359 3542">
     <span class='ocr_line' id='line_1_65' title="bbox 781 3459 2359 3542; baseline -0.008 -17"><span class='ocrx_word' id='word_1_479' title='bbox 781 3470 1164 3542; x_wconf 84' lang='lat' dir='ltr'><strong>egrediantur;</strong></span> <span class='ocrx_word' id='word_1_480' title='bbox 1204 3466 1298 3523; x_wconf 78' lang='lat' dir='ltr'><strong>sed</strong></span> <span class='ocrx_word' id='word_1_481' title='bbox 1333 3474 1389 3520; x_wconf 90' lang='lat' dir='ltr'><strong>et</strong></span> <span class='ocrx_word' id='word_1_482' title='bbox 1433 3464 1636 3520; x_wconf 76' lang='lat' dir='ltr'><strong>femina</strong></span> <span class='ocrx_word' id='word_1_483' title='bbox 1702 3472 1828 3516; x_wconf 91' lang='lat' dir='ltr'><strong>ante</strong></span> <span class='ocrx_word' id='word_1_484' title='bbox 1887 3461 2222 3530; x_wconf 87' lang='lat' dir='ltr'><strong>juvcntntcm</strong></span> <span class='ocrx_word' id='word_1_485' title='bbox 2273 3459 2359 3512; x_wconf 88' lang='lat' dir='ltr'><strong>vel</strong></span> 
     </span>
    </p>
   </div>
   <div class='ocr_carea' id='block_1_66' title="bbox 2396 3459 4055 3542">
    <p class='ocr_par' dir='ltr' id='par_1_66' title="bbox 2458 3463 4055 3535">
     <span class='ocr_line' id='line_1_66' title="bbox 2458 3463 4055 3535; baseline 0.001 -19"><span class='ocrx_word' id='word_1_486' title='bbox 2458 3463 2720 3531; x_wconf 78' lang='grc' dir='ltr'>γυναικὸς</span> <span class='ocrx_word' id='word_1_487' title='bbox 2784 3465 2992 3534; x_wconf 79' lang='grc' dir='ltr'>ῥήματι</span> <span class='ocrx_word' id='word_1_488' title='bbox 3045 3465 3145 3535; x_wconf 86' lang='grc' dir='ltr'>οὐχ</span> <span class='ocrx_word' id='word_1_489' title='bbox 3200 3466 3322 3518; x_wconf 93' lang='grc' dir='ltr'>ὅσαι</span> <span class='ocrx_word' id='word_1_490' title='bbox 3384 3466 3544 3535; x_wconf 90' lang='grc' dir='ltr'>μόνον</span> <span class='ocrx_word' id='word_1_491' title='bbox 3587 3465 3782 3518; x_wconf 80' lang='grc' dir='ltr'>ἔλαϐον</span> <span class='ocrx_word' id='word_1_492' title='bbox 3847 3465 4055 3534; x_wconf 83' lang='grc' dir='ltr'>γνῶσιν</span> 
     </span>
    </p>
   </div>
   <div class='ocr_carea' id='block_1_67' title="bbox 777 3551 2436 3629">
    <p class='ocr_par' dir='ltr' id='par_1_67' title="bbox 777 3551 2359 3624">
     <span class='ocr_line' id='line_1_67' title="bbox 777 3551 2359 3624; baseline -0.006 -10"><span class='ocrx_word' id='word_1_493' title='bbox 777 3562 940 3615; x_wconf 82' lang='lat' dir='ltr'><strong>etiam</strong></span> <span class='ocrx_word' id='word_1_494' title='bbox 971 3573 1162 3613; x_wconf 87' lang='lat' dir='ltr'><strong>recens</strong></span> <span class='ocrx_word' id='word_1_495' title='bbox 1222 3565 1351 3611; x_wconf 90' lang='lat' dir='ltr'><strong>nata</strong></span> <span class='ocrx_word' id='word_1_496' title='bbox 1408 3553 1909 3624; x_wconf 87' lang='lat' dir='ltr'><strong>comprehenditur.</strong></span> <span class='ocrx_word' id='word_1_497' title='bbox 1991 3551 2359 3616; x_wconf 82' lang='lat' dir='ltr'><strong>Quemadmo-</strong></span> 
     </span>
    </p>
   </div>
   <div class='ocr_carea' id='block_1_68' title="bbox 2396 3551 4055 3629">
    <p class='ocr_par' dir='ltr' id='par_1_68' title="bbox 2459 3556 4055 3629">
     <span class='ocr_line' id='line_1_68' title="bbox 2459 3556 4055 3629; baseline 0.002 -21"><span class='ocrx_word' id='word_1_498' title='bbox 2459 3556 2676 3626; x_wconf 84' lang='grc' dir='ltr'>ἀνδρὸς,</span> <span class='ocrx_word' id='word_1_499' title='bbox 2724 3557 2837 3610; x_wconf 78' lang='grc' dir='ltr'>οὐδ’</span> <span class='ocrx_word' id='word_1_500' title='bbox 2893 3558 3048 3622; x_wconf 78' lang='grc' dir='ltr'>ὅσαις</span> <span class='ocrx_word' id='word_1_501' title='bbox 3107 3558 3332 3626; x_wconf 85' lang='grc' dir='ltr'>γέγονεν</span> <span class='ocrx_word' id='word_1_502' title='bbox 3369 3559 3532 3629; x_wconf 83' lang='grc' dir='ltr'><strong>ὲντῷ</strong></span> <span class='ocrx_word' id='word_1_503' title='bbox 3588 3559 3686 3628; x_wconf 81' lang='grc' dir='ltr'>τῆς</span> <span class='ocrx_word' id='word_1_504' title='bbox 3746 3557 4055 3628; x_wconf 82' lang='grc' dir='ltr'>παρθενίας</span> 
     </span>
    </p>
   </div>
   <div class='ocr_carea' id='block_1_69' title="bbox 777 3644 2436 3720">
    <p class='ocr_par' dir='ltr' id='par_1_69' title="bbox 777 3644 2359 3720">
     <span class='ocr_line' id='line_1_69' title="bbox 777 3644 2359 3720; baseline -0.006 -14"><span class='ocrx_word' id='word_1_505' title='bbox 777 3657 931 3718; x_wconf 88' lang='lat' dir='ltr'><strong>dum,</strong></span> <span class='ocrx_word' id='word_1_506' title='bbox 968 3661 1028 3705; x_wconf 89' lang='lat' dir='ltr'><strong>ut</strong></span> <span class='ocrx_word' id='word_1_507' title='bbox 1053 3658 1218 3720; x_wconf 87' lang='lat' dir='ltr'><strong>patet,</strong></span> <span class='ocrx_word' id='word_1_508' title='bbox 1248 3661 1447 3704; x_wconf 86' lang='lat' dir='ltr'><strong>nomen</strong></span> <span class='ocrx_word' id='word_1_509' title='bbox 1479 3646 1584 3700; x_wconf 87' lang='lat' dir='ltr'><strong>viri</strong></span> <span class='ocrx_word' id='word_1_510' title='bbox 1609 3645 1937 3715; x_wconf 86' lang='lat' dir='ltr'><strong>participant</strong></span> <span class='ocrx_word' id='word_1_511' title='bbox 1961 3657 2014 3700; x_wconf 90' lang='lat' dir='ltr'><strong>et</strong></span> <span class='ocrx_word' id='word_1_512' title='bbox 2040 3644 2132 3714; x_wconf 88' lang='lat' dir='ltr'><strong>qui</strong></span> <span class='ocrx_word' id='word_1_513' title='bbox 2161 3658 2359 3712; x_wconf 90' lang='lat' dir='ltr'><strong>pueros</strong></span> 
     </span>
    </p>
   </div>
   <div class='ocr_carea' id='block_1_70' title="bbox 2396 3644 4055 3720">
    <p class='ocr_par' dir='ltr' id='par_1_70' title="bbox 2460 3648 4055 3720">
     <span class='ocr_line' id='line_1_70' title="bbox 2460 3648 4055 3720; baseline 0 -20"><span class='ocrx_word' id='word_1_514' title='bbox 2460 3648 2871 3720; x_wconf 82' lang='grc' dir='ltr'>ἁπαραλλάκτῳ</span> <span class='ocrx_word' id='word_1_515' title='bbox 2895 3649 2996 3719; x_wconf 81' lang='grc' dir='ltr'>τὴν</span> <span class='ocrx_word' id='word_1_516' title='bbox 3010 3649 3120 3702; x_wconf 83' lang='grc' dir='ltr'>τῶν</span> <span class='ocrx_word' id='word_1_517' title='bbox 3146 3649 3404 3702; x_wconf 76' lang='grc' dir='ltr'>νεανίδων</span> <span class='ocrx_word' id='word_1_518' title='bbox 3419 3649 3637 3720; x_wconf 78' lang='grc' dir='ltr'>ἠλικίαν</span> <span class='ocrx_word' id='word_1_519' title='bbox 3664 3650 4055 3713; x_wconf 80' lang='grc' dir='ltr'>ὑπαλλάττειν,</span> 
     </span>
    </p>
   </div>
   <div class='ocr_carea' id='block_1_71' title="bbox 778 3738 2437 3816">
    <p class='ocr_par' dir='ltr' id='par_1_71' title="bbox 778 3738 2358 3816">
     <span class='ocr_line' id='line_1_71' title="bbox 778 3738 2358 3816; baseline -0.004 -17"><span class='ocrx_word' id='word_1_520' title='bbox 778 3755 1080 3816; x_wconf 81' lang='lat' dir='ltr'><strong>genuerunt</strong></span> <span class='ocrx_word' id='word_1_521' title='bbox 1107 3751 1162 3797; x_wconf 88' lang='lat' dir='ltr'><strong>et</strong></span> <span class='ocrx_word' id='word_1_522' title='bbox 1206 3742 1302 3813; x_wconf 90' lang='lat' dir='ltr'><strong>qui</strong></span> <span class='ocrx_word' id='word_1_523' title='bbox 1365 3741 1507 3796; x_wconf 91' lang='lat' dir='ltr'><strong>inter</strong></span> <span class='ocrx_word' id='word_1_524' title='bbox 1548 3740 1780 3809; x_wconf 84' lang='lat' dir='ltr'><strong>juvenes</strong></span> <span class='ocrx_word' id='word_1_525' title='bbox 1820 3747 2205 3802; x_wconf 90' lang='lat' dir='ltr'><strong>numerantur,</strong></span> <span class='ocrx_word' id='word_1_526' title='bbox 2265 3738 2358 3793; x_wconf 85' lang='lat' dir='ltr'><strong>sed</strong></span> 
     </span>
    </p>
   </div>
   <div class='ocr_carea' id='block_1_72' title="bbox 2397 3738 4056 3816">
    <p class='ocr_par' dir='ltr' id='par_1_72' title="bbox 2461 3741 4056 3812">
     <span class='ocr_line' id='line_1_72' title="bbox 2461 3741 4056 3812; baseline -0.008 -18"><span class='ocrx_word' id='word_1_527' title='bbox 2461 3741 2599 3794; x_wconf 84' lang='grc' dir='ltr'>ἀλλὰ</span> <span class='ocrx_word' id='word_1_528' title='bbox 2641 3741 2823 3793; x_wconf 77' lang='grc' dir='ltr'>καὶτὸ</span> <span class='ocrx_word' id='word_1_529' title='bbox 2862 3743 2970 3810; x_wconf 75' lang='grc' dir='ltr'>πρὸ</span> <span class='ocrx_word' id='word_1_530' title='bbox 3014 3741 3116 3810; x_wconf 84' lang='grc' dir='ltr'>τῆς</span> <span class='ocrx_word' id='word_1_531' title='bbox 3169 3741 3354 3810; x_wconf 81' lang='grc' dir='ltr'>ἀκμῆς</span> <span class='ocrx_word' id='word_1_532' title='bbox 3384 3741 3520 3811; x_wconf 77' lang='grc' dir='ltr'>θῆλυ</span> <span class='ocrx_word' id='word_1_533' title='bbox 3547 3744 3707 3812; x_wconf 83' lang='grc' dir='ltr'>μέχρι</span> <span class='ocrx_word' id='word_1_534' title='bbox 3737 3741 3832 3794; x_wconf 76' lang='grc' dir='ltr'><strong>τοῦ</strong></span> <span class='ocrx_word' id='word_1_535' title='bbox 3867 3758 4056 3809; x_wconf 77' lang='grc' dir='ltr'>νεογε-</span> 
     </span>
    </p>
   </div>
   <div class='ocr_carea' id='block_1_73' title="bbox 777 3831 2436 3910">
    <p class='ocr_par' dir='ltr' id='par_1_73' title="bbox 777 3832 2357 3910">
     <span class='ocr_line' id='line_1_73' title="bbox 777 3832 2357 3910; baseline -0.004 -17"><span class='ocrx_word' id='word_1_536' title='bbox 777 3852 832 3893; x_wconf 85' lang='grc' dir='ltr'><strong>ει</strong></span> <span class='ocrx_word' id='word_1_537' title='bbox 883 3839 978 3910; x_wconf 88' lang='lat' dir='ltr'><strong>qui</strong></span> <span class='ocrx_word' id='word_1_538' title='bbox 1007 3839 1170 3908; x_wconf 86' lang='lat' dir='ltr'><strong>hujus</strong></span> <span class='ocrx_word' id='word_1_539' title='bbox 1198 3837 1376 3892; x_wconf 66' lang='lat' dir='ltr'><strong>aetatis</strong></span> <span class='ocrx_word' id='word_1_540' title='bbox 1417 3850 1592 3906; x_wconf 90' lang='lat' dir='ltr'><strong>usque</strong></span> <span class='ocrx_word' id='word_1_541' title='bbox 1640 3834 1708 3888; x_wconf 88' lang='lat' dir='ltr'><strong>ad</strong></span> <span class='ocrx_word' id='word_1_542' title='bbox 1744 3843 1962 3888; x_wconf 85' lang='lat' dir='ltr'><strong>teneros</strong></span> <span class='ocrx_word' id='word_1_543' title='bbox 1998 3832 2357 3887; x_wconf 89' lang='lat' dir='ltr'><strong>descendunt.</strong></span> 
     </span>
    </p>
   </div>
   <div class='ocr_carea' id='block_1_74' title="bbox 2402 3831 4061 3910">
    <p class='ocr_par' dir='ltr' id='par_1_74' title="bbox 2461 3831 4061 3904">
     <span class='ocr_line' id='line_1_74' title="bbox 2461 3831 4061 3904; baseline -0.001 -19"><span class='ocrx_word' id='word_1_544' title='bbox 2461 3831 2585 3895; x_wconf 83' lang='grc' dir='ltr'>νοῦς</span> <span class='ocrx_word' id='word_1_545' title='bbox 2639 3832 3151 3903; x_wconf 76' lang='grc' dir='ltr'>περιλαμϐάνεται’</span> <span class='ocrx_word' id='word_1_546' title='bbox 3198 3833 3389 3904; x_wconf 82' lang='grc' dir='ltr'>ὥσπερ</span> <span class='ocrx_word' id='word_1_547' title='bbox 3437 3833 3685 3904; x_wconf 88' lang='grc' dir='ltr'>δηλονότι</span> <span class='ocrx_word' id='word_1_548' title='bbox 3736 3834 3835 3901; x_wconf 77' lang='grc' dir='ltr'>τῆς</span> <span class='ocrx_word' id='word_1_549' title='bbox 3882 3850 4061 3903; x_wconf 75' lang='grc' dir='ltr'>προσ.</span> 
     </span>
    </p>
   </div>
   <div class='ocr_carea' id='block_1_75' title="bbox 780 3922 2439 3998">
    <p class='ocr_par' dir='ltr' id='par_1_75' title="bbox 780 3922 2355 3998">
     <span class='ocr_line' id='line_1_75' title="bbox 780 3922 2355 3998; baseline -0.005 -16"><span class='ocrx_word' id='word_1_550' title='bbox 780 3928 872 3984; x_wconf 88' lang='lat' dir='ltr'><strong>Sic</strong></span> <span class='ocrx_word' id='word_1_551' title='bbox 916 3927 1082 3998; x_wconf 84' lang='lat' dir='ltr'><strong>igitur</strong></span> <span class='ocrx_word' id='word_1_552' title='bbox 1119 3941 1183 3980; x_wconf 90' lang='lat' dir='ltr'><strong>ea</strong></span> <span class='ocrx_word' id='word_1_553' title='bbox 1233 3925 1395 3981; x_wconf 91' lang='lat' dir='ltr'><strong>solito</strong></span> <span class='ocrx_word' id='word_1_554' title='bbox 1441 3939 1544 3978; x_wconf 89' lang='lat' dir='ltr'><strong>usu</strong></span> <span class='ocrx_word' id='word_1_555' title='bbox 1594 3922 1752 3976; x_wconf 77' lang='lat' dir='ltr'><strong>facile</strong></span> <span class='ocrx_word' id='word_1_556' title='bbox 1802 3931 2058 3992; x_wconf 85' lang='lat' dir='ltr'><strong>perceptu</strong></span> <span class='ocrx_word' id='word_1_557' title='bbox 2097 3930 2182 3975; x_wconf 89' lang='lat' dir='ltr'><strong>est</strong></span> <span class='ocrx_word' id='word_1_558' title='bbox 2233 3936 2355 3974; x_wconf 83' lang='lat' dir='ltr'><strong>mu-</strong></span> 
     </span>
    </p>
   </div>
   <div class='ocr_carea' id='block_1_76' title="bbox 2392 3922 4051 3998">
    <p class='ocr_par' dir='ltr' id='par_1_76' title="bbox 2461 3924 4051 3996">
     <span class='ocr_line' id='line_1_76' title="bbox 2461 3924 4051 3996; baseline -0.001 -19"><span class='ocrx_word' id='word_1_559' title='bbox 2461 3924 2687 3996; x_wconf 80' lang='grc' dir='ltr'>ηγορίας</span> <span class='ocrx_word' id='word_1_560' title='bbox 2721 3924 3125 3995; x_wconf 84' lang='grc' dir='ltr'>μετέχουσιτοῦ</span> <span class='ocrx_word' id='word_1_561' title='bbox 3162 3925 3357 3995; x_wconf 81' lang='grc' dir='ltr'>ἀνδρὸς</span> <span class='ocrx_word' id='word_1_562' title='bbox 3377 3927 3492 3979; x_wconf 87' lang='grc' dir='ltr'>ὅσοι</span> <span class='ocrx_word' id='word_1_563' title='bbox 3514 3943 3575 3978; x_wconf 89' lang='grc' dir='ltr'><strong>τε</strong></span> <span class='ocrx_word' id='word_1_564' title='bbox 3601 3925 3799 3988; x_wconf 71' lang='grc' dir='ltr'>παῖδας</span> <span class='ocrx_word' id='word_1_565' title='bbox 3830 3925 4051 3994; x_wconf 74' lang='grc' dir='ltr'>ἔφυσαν</span> 
     </span>
    </p>
   </div>
   <div class='ocr_carea' id='block_1_77' title="bbox 781 4014 2440 4089">
    <p class='ocr_par' dir='ltr' id='par_1_77' title="bbox 781 4014 2360 4084">
     <span class='ocr_line' id='line_1_77' title="bbox 781 4014 2360 4084; baseline -0.005 -9"><span class='ocrx_word' id='word_1_566' title='bbox 781 4022 930 4076; x_wconf 82' lang='lat' dir='ltr'><strong>lieris</strong></span> <span class='ocrx_word' id='word_1_567' title='bbox 972 4034 1158 4073; x_wconf 89' lang='lat' dir='ltr'><strong>vocem</strong></span> <span class='ocrx_word' id='word_1_568' title='bbox 1186 4034 1295 4072; x_wconf 88' lang='lat' dir='ltr'><strong>non</strong></span> <span class='ocrx_word' id='word_1_569' title='bbox 1347 4015 1563 4070; x_wconf 81' lang='lat' dir='ltr'><strong>auferre</strong></span> <span class='ocrx_word' id='word_1_570' title='bbox 1587 4016 1731 4084; x_wconf 87' lang='lat' dir='ltr'><strong>quod</strong></span> <span class='ocrx_word' id='word_1_571' title='bbox 1772 4015 2142 4084; x_wconf 86' lang='lat' dir='ltr'><strong>virginitatem</strong></span> <span class='ocrx_word' id='word_1_572' title='bbox 2186 4014 2360 4068; x_wconf 86' lang='lat' dir='ltr'><strong>decet.</strong></span> 
     </span>
    </p>
   </div>
   <div class='ocr_carea' id='block_1_78' title="bbox 2402 4014 4061 4089">
    <p class='ocr_par' dir='ltr' id='par_1_78' title="bbox 2463 4017 4061 4089">
     <span class='ocr_line' id='line_1_78' title="bbox 2463 4017 4061 4089; baseline 0 -21"><span class='ocrx_word' id='word_1_573' title='bbox 2463 4018 2557 4068; x_wconf 74' lang='grc' dir='ltr'>καὶ</span> <span class='ocrx_word' id='word_1_574' title='bbox 2587 4017 2701 4069; x_wconf 87' lang='grc' dir='ltr'>ὅσοι</span> <span class='ocrx_word' id='word_1_575' title='bbox 2730 4018 2840 4068; x_wconf 85' lang='grc' dir='ltr'>τῶν</span> <span class='ocrx_word' id='word_1_576' title='bbox 2869 4017 3069 4086; x_wconf 78' lang='grc' dir='ltr'>ἠϊθέων</span> <span class='ocrx_word' id='word_1_577' title='bbox 3122 4018 3221 4089; x_wconf 81' lang='grc' dir='ltr'><strong>τὴν</strong></span> <span class='ocrx_word' id='word_1_578' title='bbox 3254 4018 3407 4082; x_wconf 80' lang='grc' dir='ltr'>τάξιν</span> <span class='ocrx_word' id='word_1_579' title='bbox 3445 4019 3759 4088; x_wconf 63' lang='grc' dir='ltr'>ἐπέχουσιν,</span> <span class='ocrx_word' id='word_1_580' title='bbox 3790 4017 3938 4071; x_wconf 80' lang='grc' dir='ltr'>ἀλλὰ</span> <span class='ocrx_word' id='word_1_581' title='bbox 3964 4018 4061 4070; x_wconf 82' lang='grc' dir='ltr'>καὶ</span> 
     </span>
    </p>
   </div>
   <div class='ocr_carea' id='block_1_79' title="bbox 781 4105 2440 4183">
    <p class='ocr_par' dir='ltr' id='par_1_79' title="bbox 781 4105 2360 4183">
     <span class='ocr_line' id='line_1_79' title="bbox 781 4105 2360 4183; baseline -0.006 -15"><span class='ocrx_word' id='word_1_582' title='bbox 781 4114 1065 4169; x_wconf 71' lang='lat' dir='ltr'><strong>Mulierem</strong></span> <span class='ocrx_word' id='word_1_583' title='bbox 1115 4112 1260 4165; x_wconf 90' lang='lat' dir='ltr'><strong>enim</strong></span> <span class='ocrx_word' id='word_1_584' title='bbox 1298 4124 1407 4164; x_wconf 88' lang='lat' dir='ltr'><strong>non</strong></span> <span class='ocrx_word' id='word_1_585' title='bbox 1458 4108 1648 4173; x_wconf 87' lang='lat' dir='ltr'><strong>semel,</strong></span> <span class='ocrx_word' id='word_1_586' title='bbox 1702 4107 1796 4162; x_wconf 90' lang='lat' dir='ltr'><strong>sed</strong></span> <span class='ocrx_word' id='word_1_587' title='bbox 1831 4107 2135 4183; x_wconf 36' lang='lat' dir='ltr'><strong>et.sa:pius</strong></span> <span class='ocrx_word' id='word_1_588' title='bbox 2192 4105 2360 4159; x_wconf 86' lang='lat' dir='ltr'><strong>Evam</strong></span> 
     </span>
    </p>
   </div>
   <div class='ocr_carea' id='block_1_80' title="bbox 2402 4105 4061 4183">
    <p class='ocr_par' dir='ltr' id='par_1_80' title="bbox 2464 4109 4061 4182">
     <span class='ocr_line' id='line_1_80' title="bbox 2464 4109 4061 4182; baseline -0.002 -19"><span class='ocrx_word' id='word_1_589' title='bbox 2464 4111 2578 4163; x_wconf 87' lang='grc' dir='ltr'>ὅσοι</span> <span class='ocrx_word' id='word_1_590' title='bbox 2611 4111 2709 4180; x_wconf 82' lang='grc' dir='ltr'>τῆς</span> <span class='ocrx_word' id='word_1_591' title='bbox 2761 4110 2981 4181; x_wconf 77' lang='grc' dir='ltr'>ἡλικίας</span> <span class='ocrx_word' id='word_1_592' title='bbox 3011 4109 3216 4181; x_wconf 85' lang='grc' dir='ltr'>ταύτης</span> <span class='ocrx_word' id='word_1_593' title='bbox 3241 4112 3404 4181; x_wconf 87' lang='grc' dir='ltr'>μέχρι</span> <span class='ocrx_word' id='word_1_594' title='bbox 3433 4111 3667 4182; x_wconf 77' lang='grc' dir='ltr'>βρέφους</span> <span class='ocrx_word' id='word_1_595' title='bbox 3702 4110 4061 4180; x_wconf 80' lang='grc' dir='ltr'>ύποϐεϐήκα-</span> 
     </span>
    </p>
   </div>
   <div class='ocr_carea' id='block_1_81' title="bbox 783 4197 2442 4271">
    <p class='ocr_par' dir='ltr' id='par_1_81' title="bbox 783 4197 2364 4268">
     <span class='ocr_line' id='line_1_81' title="bbox 783 4197 2364 4268; baseline -0.005 -10"><span class='ocrx_word' id='word_1_596' title='bbox 783 4215 943 4261; x_wconf 81' lang='lat' dir='ltr'><strong>vocat</strong></span> <span class='ocrx_word' id='word_1_597' title='bbox 965 4203 1156 4258; x_wconf 85' lang='lat' dir='ltr'><strong>Adami</strong></span> <span class='ocrx_word' id='word_1_598' title='bbox 1210 4217 1435 4257; x_wconf 88' lang='lat' dir='ltr'><strong>uxorem</strong></span> <span class='ocrx_word' id='word_1_599' title='bbox 1490 4200 1733 4268; x_wconf 81' lang='lat' dir='ltr'><strong>virgineo</strong></span> <span class='ocrx_word' id='word_1_600' title='bbox 1760 4197 1939 4253; x_wconf 89' lang='lat' dir='ltr'><strong>adhuc</strong></span> <span class='ocrx_word' id='word_1_601' title='bbox 1984 4209 2231 4252; x_wconf 87' lang='lat' dir='ltr'><strong>ornatam</strong></span> <span class='ocrx_word' id='word_1_602' title='bbox 2270 4197 2364 4251; x_wconf 88' lang='lat' dir='ltr'><strong>de-</strong></span> 
     </span>
    </p>
   </div>
   <div class='ocr_carea' id='block_1_82' title="bbox 2405 4197 4064 4271">
    <p class='ocr_par' dir='ltr' id='par_1_82' title="bbox 2466 4197 4064 4271">
     <span class='ocr_line' id='line_1_82' title="bbox 2466 4197 4064 4271; baseline 0 -19"><span class='ocrx_word' id='word_1_603' title='bbox 2466 4217 2569 4254; x_wconf 90' lang='grc' dir='ltr'>σιν.</span> <span class='ocrx_word' id='word_1_604' title='bbox 2607 4199 2764 4254; x_wconf 74' lang='grc' dir='ltr'>Οὕτω</span> <span class='ocrx_word' id='word_1_605' title='bbox 2819 4202 2915 4270; x_wconf 83' lang='grc' dir='ltr'>μὲν</span> <span class='ocrx_word' id='word_1_606' title='bbox 2943 4197 3037 4255; x_wconf 79' lang='grc' dir='ltr'>οὖν</span> <span class='ocrx_word' id='word_1_607' title='bbox 3076 4203 3171 4254; x_wconf 75' lang='grc' dir='ltr'>καὶ</span> <span class='ocrx_word' id='word_1_608' title='bbox 3202 4202 3310 4254; x_wconf 80' lang='grc' dir='ltr'><strong>ἀπὸ</strong></span> <span class='ocrx_word' id='word_1_609' title='bbox 3339 4201 3440 4271; x_wconf 81' lang='grc' dir='ltr'>τῆς</span> <span class='ocrx_word' id='word_1_610' title='bbox 3461 4202 3781 4271; x_wconf 81' lang='grc' dir='ltr'>εἰθισμένης</span> <span class='ocrx_word' id='word_1_611' title='bbox 3802 4203 4064 4271; x_wconf 81' lang='grc' dir='ltr'>χρήσεως</span> 
     </span>
    </p>
   </div>
   <div class='ocr_carea' id='block_1_83' title="bbox 783 4288 2442 4364">
    <p class='ocr_par' dir='ltr' id='par_1_83' title="bbox 783 4288 2364 4364">
     <span class='ocr_line' id='line_1_83' title="bbox 783 4288 2364 4364; baseline -0.007 -11"><span class='ocrx_word' id='word_1_612' title='bbox 783 4312 910 4353; x_wconf 86' lang='lat' dir='ltr'><strong>core</strong></span> <span class='ocrx_word' id='word_1_613' title='bbox 939 4307 992 4351; x_wconf 90' lang='lat' dir='ltr'><strong>et</strong></span> <span class='ocrx_word' id='word_1_614' title='bbox 1017 4294 1166 4363; x_wconf 77' lang='lat' dir='ltr'><strong>puris</strong></span> <span class='ocrx_word' id='word_1_615' title='bbox 1204 4292 1444 4364; x_wconf 86' lang='lat' dir='ltr'><strong>paradisi</strong></span> <span class='ocrx_word' id='word_1_616' title='bbox 1471 4290 1697 4344; x_wconf 80' lang='lat' dir='ltr'><strong>tioribus</strong></span> <span class='ocrx_word' id='word_1_617' title='bbox 1730 4297 2070 4352; x_wconf 87' lang='lat' dir='ltr'><strong>vernantem,</strong></span> <span class='ocrx_word' id='word_1_618' title='bbox 2113 4298 2169 4342; x_wconf 91' lang='lat' dir='ltr'><strong>et</strong></span> <span class='ocrx_word' id='word_1_619' title='bbox 2205 4288 2364 4357; x_wconf 83' lang='lat' dir='ltr'><strong>longe</strong></span> 
     </span>
    </p>
   </div>
   <div class='ocr_carea' id='block_1_84' title="bbox 2404 4288 4063 4364">
    <p class='ocr_par' dir='ltr' id='par_1_84' title="bbox 2465 4292 4063 4364">
     <span class='ocr_line' id='line_1_84' title="bbox 2465 4292 4063 4364; baseline 0 -20"><span class='ocrx_word' id='word_1_620' title='bbox 2465 4293 2613 4346; x_wconf 78' lang='grc' dir='ltr'>ἔστιν</span> <span class='ocrx_word' id='word_1_621' title='bbox 2649 4292 2836 4346; x_wconf 83' lang='grc' dir='ltr'>λαϐεῖν</span> <span class='ocrx_word' id='word_1_622' title='bbox 2863 4295 2938 4357; x_wconf 87' lang='grc' dir='ltr'><strong>ὡς</strong></span> <span class='ocrx_word' id='word_1_623' title='bbox 2969 4294 3000 4364; x_wconf 84' lang='grc' dir='ltr'><strong>ή</strong></span> <span class='ocrx_word' id='word_1_624' title='bbox 3025 4296 3123 4358; x_wconf 75' lang='grc' dir='ltr'>τῆς</span> <span class='ocrx_word' id='word_1_625' title='bbox 3139 4293 3398 4362; x_wconf 80' lang='grc' dir='ltr'>γυναικὸς</span> <span class='ocrx_word' id='word_1_626' title='bbox 3429 4293 3531 4346; x_wconf 84' lang='grc' dir='ltr'><strong>ούκ</strong></span> <span class='ocrx_word' id='word_1_627' title='bbox 3557 4295 3876 4364; x_wconf 81' lang='grc' dir='ltr'>ἀφαιρεῖται</span> <span class='ocrx_word' id='word_1_628' title='bbox 3902 4295 4063 4362; x_wconf 75' lang='grc' dir='ltr'>φωνὴ</span> 
     </span>
    </p>
   </div>
   <div class='ocr_carea' id='block_1_85' title="bbox 784 4383 2443 4458">
    <p class='ocr_par' dir='ltr' id='par_1_85' title="bbox 784 4383 2361 4458">
     <span class='ocr_line' id='line_1_85' title="bbox 784 4383 2361 4458; baseline -0.007 -13"><span class='ocrx_word' id='word_1_629' title='bbox 784 4406 815 4444; x_wconf 87' lang='lat' dir='ltr'><strong>a</strong></span> <span class='ocrx_word' id='word_1_630' title='bbox 865 4389 1322 4458; x_wconf 78' lang='lat' dir='ltr'><strong>transgressione,</strong></span> <span class='ocrx_word' id='word_1_631' title='bbox 1378 4394 1433 4439; x_wconf 91' lang='lat' dir='ltr'><strong>et</strong></span> <span class='ocrx_word' id='word_1_632' title='bbox 1477 4383 1760 4438; x_wconf 81' lang='lat' dir='ltr'><strong>Dominico</strong></span> <span class='ocrx_word' id='word_1_633' title='bbox 1817 4383 2072 4436; x_wconf 89' lang='lat' dir='ltr'><strong>mandato</strong></span> <span class='ocrx_word' id='word_1_634' title='bbox 2128 4390 2361 4435; x_wconf 85' lang='lat' dir='ltr'><strong>stantem</strong></span> 
     </span>
    </p>
   </div>
   <div class='ocr_carea' id='block_1_86' title="bbox 2403 4383 4062 4458">
    <p class='ocr_par' dir='ltr' id='par_1_86' title="bbox 2465 4385 4062 4457">
     <span class='ocr_line' id='line_1_86' title="bbox 2465 4385 4062 4457; baseline 0.009 -23"><span class='ocrx_word' id='word_1_635' title='bbox 2465 4385 2563 4456; x_wconf 80' lang='grc' dir='ltr'>τῆς</span> <span class='ocrx_word' id='word_1_636' title='bbox 2622 4385 2924 4454; x_wconf 81' lang='grc' dir='ltr'>παρθενίας</span> <span class='ocrx_word' id='word_1_637' title='bbox 2957 4387 3017 4438; x_wconf 68' lang='grc' dir='ltr'><strong>τὸ</strong></span> <span class='ocrx_word' id='word_1_638' title='bbox 3046 4387 3255 4450; x_wconf 72' lang='grc' dir='ltr'>δίκαιον</span> <span class='ocrx_word' id='word_1_639' title='bbox 3279 4401 3294 4416; x_wconf 87' lang='lat'><strong><em>°</em></strong></span> <span class='ocrx_word' id='word_1_640' title='bbox 3330 4388 3563 4454; x_wconf 86' lang='grc' dir='ltr'>γυναῖκα</span> <span class='ocrx_word' id='word_1_641' title='bbox 3597 4386 3706 4457; x_wconf 80' lang='grc' dir='ltr'>γὰρ</span> <span class='ocrx_word' id='word_1_642' title='bbox 3734 4386 3830 4455; x_wconf 80' lang='grc' dir='ltr'>οὐχ</span> <span class='ocrx_word' id='word_1_643' title='bbox 3883 4385 4062 4450; x_wconf 73' lang='grc' dir='ltr'>ἅπαξ.</span> 
     </span>
    </p>
   </div>
   <div class='ocr_carea' id='block_1_87' title="bbox 785 4459 2444 4548">
    <p class='ocr_par' dir='ltr' id='par_1_87' title="bbox 785 4473 2417 4548">
     <span class='ocr_line' id='line_1_87' title="bbox 785 4473 2417 4548; baseline -0.005 -14"><span class='ocrx_word' id='word_1_644' title='bbox 785 4489 839 4535; x_wconf 80' lang='lat' dir='ltr'><strong>et</strong></span> <span class='ocrx_word' id='word_1_645' title='bbox 865 4480 1132 4541; x_wconf 89' lang='lat' dir='ltr'><strong>nuditate,</strong></span> <span class='ocrx_word' id='word_1_646' title='bbox 1166 4489 1220 4533; x_wconf 90' lang='lat' dir='ltr'><strong>et</strong></span> <span class='ocrx_word' id='word_1_647' title='bbox 1245 4478 1435 4532; x_wconf 74' lang='lat' dir='ltr'><strong>bestia:</strong></span> <span class='ocrx_word' id='word_1_648' title='bbox 1461 4476 1690 4530; x_wconf 85' lang='lat' dir='ltr'><strong>consilio</strong></span> <span class='ocrx_word' id='word_1_649' title='bbox 1733 4473 2002 4529; x_wconf 82' lang='lat' dir='ltr'><strong>excelsius</strong></span> <span class='ocrx_word' id='word_1_650' title='bbox 2049 4473 2360 4529; x_wconf 89' lang='lat' dir='ltr'><strong>institutum</strong></span> <span class='ocrx_word' id='word_1_651' title='bbox 2397 4545 2417 4548; x_wconf 90' lang='lat'><em>_</em></span> 
     </span>
    </p>
   </div>
   <div class='ocr_carea' id='block_1_88' title="bbox 2406 4459 4065 4548">
    <p class='ocr_par' dir='ltr' id='par_1_88' title="bbox 2406 4459 4065 4548">
     <span class='ocr_line' id='line_1_88' title="bbox 2406 4459 4065 4548; baseline 0.001 -20"><span class='ocrx_word' id='word_1_652' title='bbox 2406 4545 2417 4548; x_wconf 19' lang='grc' dir='ltr'><strong>μ</strong></span> <span class='ocrx_word' id='word_1_653' title='bbox 2464 4476 2601 4529; x_wconf 80' lang='grc' dir='ltr'>ἀλλὰ</span> <span class='ocrx_word' id='word_1_654' title='bbox 2627 4478 2719 4528; x_wconf 79' lang='grc' dir='ltr'>καὶ</span> <span class='ocrx_word' id='word_1_655' title='bbox 2751 4478 3014 4540; x_wconf 83' lang='grc' dir='ltr'>πολλάκις</span> <span class='ocrx_word' id='word_1_656' title='bbox 3043 4479 3142 4548; x_wconf 80' lang='grc' dir='ltr'>τὴν</span> <span class='ocrx_word' id='word_1_657' title='bbox 3171 4474 3314 4530; x_wconf 78' lang='grc' dir='ltr'>Εὕαν</span> <span class='ocrx_word' id='word_1_658' title='bbox 3341 4459 3600 4548; x_wconf 80' lang='grc' dir='ltr'>ὀνομάζει</span> <span class='ocrx_word' id='word_1_659' title='bbox 3632 4477 3728 4530; x_wconf 81' lang='grc' dir='ltr'>τοῦ</span> <span class='ocrx_word' id='word_1_660' title='bbox 3769 4477 3954 4548; x_wconf 78' lang='grc' dir='ltr'>Ἀδὰμ</span> <span class='ocrx_word' id='word_1_661' title='bbox 3985 4478 4065 4530; x_wconf 71' lang='grc' dir='ltr'>ἔτι</span> 
     </span>
    </p>
   </div>
   <div class='ocr_carea' id='block_1_89' title="bbox 784 4545 2443 4641">
    <p class='ocr_par' dir='ltr' id='par_1_89' title="bbox 784 4545 2438 4636">
     <span class='ocr_line' id='line_1_89' title="bbox 784 4545 2438 4636; baseline -0.004 -10"><span class='ocrx_word' id='word_1_662' title='bbox 784 4586 947 4628; x_wconf 87' lang='lat' dir='ltr'><strong>suum</strong></span> <span class='ocrx_word' id='word_1_663' title='bbox 975 4572 1271 4635; x_wconf 79' lang='lat' dir='ltr'><strong>ferentem;</strong></span> <span class='ocrx_word' id='word_1_664' title='bbox 1304 4567 1526 4636; x_wconf 87' lang='lat' dir='ltr'><strong>quando</strong></span> <span class='ocrx_word' id='word_1_665' title='bbox 1559 4571 1646 4636; x_wconf 83' lang='lat' dir='ltr'><strong>(et</strong></span> <span class='ocrx_word' id='word_1_666' title='bbox 1686 4580 1782 4618; x_wconf 92' lang='lat' dir='ltr'><strong>eos</strong></span> <span class='ocrx_word' id='word_1_667' title='bbox 1817 4579 1925 4618; x_wconf 92' lang='lat' dir='ltr'><strong>non</strong></span> <span class='ocrx_word' id='word_1_668' title='bbox 1959 4565 2083 4618; x_wconf 90' lang='lat' dir='ltr'><strong>licet</strong></span> <span class='ocrx_word' id='word_1_669' title='bbox 2119 4581 2220 4634; x_wconf 89' lang='lat' dir='ltr'><strong>pro</strong></span> <span class='ocrx_word' id='word_1_670' title='bbox 2246 4567 2363 4634; x_wconf 88' lang='lat' dir='ltr'><strong>ipsa</strong></span> <span class='ocrx_word' id='word_1_671' title='bbox 2396 4545 2438 4600; x_wconf 76' lang='grc' dir='ltr'>ί)</span> 
     </span>
    </p>
   </div>
   <div class='ocr_carea' id='block_1_90' title="bbox 2409 4545 4068 4641">
    <p class='ocr_par' dir='ltr' id='par_1_90' title="bbox 2409 4545 4068 4641">
     <span class='ocr_line' id='line_1_90' title="bbox 2409 4545 4068 4641; baseline 0.002 -23"><span class='ocrx_word' id='word_1_672' title='bbox 2409 4545 2438 4599; x_wconf 74' lang='lat' dir='ltr'><strong>D</strong></span> <span class='ocrx_word' id='word_1_673' title='bbox 2469 4570 2579 4630; x_wconf 83' lang='grc' dir='ltr'>τοῖς</span> <span class='ocrx_word' id='word_1_674' title='bbox 2647 4568 2996 4638; x_wconf 79' lang='grc' dir='ltr'>παρθενικοῖς</span> <span class='ocrx_word' id='word_1_675' title='bbox 3063 4569 3458 4641; x_wconf 73' lang='grc' dir='ltr'>ἐμπρέπουσαν</span> <span class='ocrx_word' id='word_1_676' title='bbox 3511 4569 3901 4640; x_wconf 81' lang='grc' dir='ltr'>ὡραῖσμασιν,</span> <span class='ocrx_word' id='word_1_677' title='bbox 3970 4572 4068 4623; x_wconf 82' lang='grc' dir='ltr'>καὶ</span> 
     </span>
    </p>
   </div>
   <div class='ocr_carea' id='block_1_91' title="bbox 785 4656 2444 4730">
    <p class='ocr_par' dir='ltr' id='par_1_91' title="bbox 785 4656 2370 4727">
     <span class='ocr_line' id='line_1_91' title="bbox 785 4656 2370 4727; baseline -0.006 -10"><span class='ocrx_word' id='word_1_678' title='bbox 785 4677 970 4717; x_wconf 89' lang='lat' dir='ltr'><strong>rerum</strong></span> <span class='ocrx_word' id='word_1_679' title='bbox 1012 4661 1281 4716; x_wconf 83' lang='lat' dir='ltr'><strong>evidentia</strong></span> <span class='ocrx_word' id='word_1_680' title='bbox 1327 4661 1631 4727; x_wconf 74' lang='lat' dir='ltr'><strong>imputare)</strong></span> <span class='ocrx_word' id='word_1_681' title='bbox 1677 4656 2103 4726; x_wconf 85' lang='lat' dir='ltr'><strong>imperturbatos</strong></span> <span class='ocrx_word' id='word_1_682' title='bbox 2159 4656 2370 4712; x_wconf 81' lang='lat' dir='ltr'><strong>ferebat</strong></span> 
     </span>
    </p>
   </div>
   <div class='ocr_carea' id='block_1_92' title="bbox 2406 4656 4065 4730">
    <p class='ocr_par' dir='ltr' id='par_1_92' title="bbox 2470 4657 4065 4730">
     <span class='ocr_line' id='line_1_92' title="bbox 2470 4657 4065 4730; baseline 0.006 -24"><span class='ocrx_word' id='word_1_683' title='bbox 2470 4658 2581 4718; x_wconf 88' lang='grc' dir='ltr'>τοῖς</span> <span class='ocrx_word' id='word_1_684' title='bbox 2605 4657 2905 4726; x_wconf 83' lang='grc' dir='ltr'>ἀκηράτοις</span> <span class='ocrx_word' id='word_1_685' title='bbox 2934 4658 3118 4712; x_wconf 85' lang='grc' dir='ltr'>ἄνθεσι</span> <span class='ocrx_word' id='word_1_686' title='bbox 3144 4659 3238 4712; x_wconf 81' lang='grc' dir='ltr'>τοῦ</span> <span class='ocrx_word' id='word_1_687' title='bbox 3272 4659 3608 4730; x_wconf 87' lang='grc' dir='ltr'>παραδείσου</span> <span class='ocrx_word' id='word_1_688' title='bbox 3636 4661 4065 4729; x_wconf 71' lang='grc' dir='ltr'>ἑνεαρίζουσαν.</span> 
     </span>
    </p>
   </div>
   <div class='ocr_carea' id='block_1_93' title="bbox 786 4745 2445 4826">
    <p class='ocr_par' dir='ltr' id='par_1_93' title="bbox 786 4745 2366 4819">
     <span class='ocr_line' id='line_1_93' title="bbox 786 4745 2366 4819; baseline -0.004 -15"><span class='ocrx_word' id='word_1_689' title='bbox 786 4763 1065 4819; x_wconf 75' lang='lat' dir='ltr'><strong>corporea:</strong></span> <span class='ocrx_word' id='word_1_690' title='bbox 1123 4748 1420 4818; x_wconf 83' lang='lat' dir='ltr'><strong>voluptatis</strong></span> <span class='ocrx_word' id='word_1_691' title='bbox 1482 4762 1699 4809; x_wconf 87' lang='lat' dir='ltr'><strong>sensus,</strong></span> <span class='ocrx_word' id='word_1_692' title='bbox 1765 4761 1886 4814; x_wconf 74' lang='lat' dir='ltr'><strong>quae</strong></span> <span class='ocrx_word' id='word_1_693' title='bbox 1929 4745 2126 4814; x_wconf 70' lang='lat' dir='ltr'><strong>saepius</strong></span> <span class='ocrx_word' id='word_1_694' title='bbox 2173 4755 2366 4799; x_wconf 88' lang='lat' dir='ltr'><strong>vocata</strong></span> 
     </span>
    </p>
   </div>
   <div class='ocr_carea' id='block_1_94' title="bbox 2412 4745 4071 4826">
    <p class='ocr_par' dir='ltr' id='par_1_94' title="bbox 2472 4748 4071 4826">
     <span class='ocr_line' id='line_1_94' title="bbox 2472 4748 4071 4826; baseline 0.006 -26"><span class='ocrx_word' id='word_1_695' title='bbox 2472 4748 2566 4800; x_wconf 76' lang='grc' dir='ltr'>καὶ</span> <span class='ocrx_word' id='word_1_696' title='bbox 2621 4749 2811 4821; x_wconf 65' lang='grc' dir='ltr'>πόρρω</span> <span class='ocrx_word' id='word_1_697' title='bbox 2863 4753 2962 4820; x_wconf 82' lang='grc' dir='ltr'>τῆς</span> <span class='ocrx_word' id='word_1_698' title='bbox 3021 4751 3389 4823; x_wconf 71' lang='grc' dir='ltr'>παραϐάσεως</span> <span class='ocrx_word' id='word_1_699' title='bbox 3437 4753 3532 4806; x_wconf 62' lang='grc' dir='ltr'><strong>καὶ¹</strong></span> <span class='ocrx_word' id='word_1_700' title='bbox 3589 4754 3686 4822; x_wconf 79' lang='grc' dir='ltr'>τῆς</span> <span class='ocrx_word' id='word_1_701' title='bbox 3714 4756 4071 4826; x_wconf 77' lang='grc' dir='ltr'>Δεσποτικῆς</span> 
     </span>
    </p>
   </div>
   <div class='ocr_carea' id='block_1_95' title="bbox 785 4837 2444 4918">
    <p class='ocr_par' dir='ltr' id='par_1_95' title="bbox 785 4837 2366 4908">
     <span class='ocr_line' id='line_1_95' title="bbox 785 4837 2366 4908; baseline -0.003 -11"><span class='ocrx_word' id='word_1_702' title='bbox 785 4850 872 4898; x_wconf 89' lang='lat' dir='ltr'><strong>est</strong></span> <span class='ocrx_word' id='word_1_703' title='bbox 899 4840 1094 4895; x_wconf 85' lang='lat' dir='ltr'><strong>Adami</strong></span> <span class='ocrx_word' id='word_1_704' title='bbox 1120 4841 1338 4905; x_wconf 88' lang='lat' dir='ltr'><strong>mulier,</strong></span> <span class='ocrx_word' id='word_1_705' title='bbox 1375 4840 1598 4894; x_wconf 87' lang='lat' dir='ltr'><strong>meliore</strong></span> <span class='ocrx_word' id='word_1_706' title='bbox 1619 4839 1904 4892; x_wconf 89' lang='lat' dir='ltr'><strong>vocatione</strong></span> <span class='ocrx_word' id='word_1_707' title='bbox 1939 4837 2099 4906; x_wconf 86' lang='lat' dir='ltr'><strong>digna</strong></span> <span class='ocrx_word' id='word_1_708' title='bbox 2124 4838 2366 4908; x_wconf 90' lang='lat' dir='ltr'><strong>judicata</strong></span> 
     </span>
    </p>
   </div>
   <div class='ocr_carea' id='block_1_96' title="bbox 2413 4837 4072 4918">
    <p class='ocr_par' dir='ltr' id='par_1_96' title="bbox 2471 4842 4072 4918">
     <span class='ocr_line' id='line_1_96' title="bbox 2471 4842 4072 4918; baseline 0.005 -24"><span class='ocrx_word' id='word_1_709' title='bbox 2471 4842 2880 4914; x_wconf 85' lang='grc' dir='ltr'>καθισταμένην</span> <span class='ocrx_word' id='word_1_710' title='bbox 2935 4845 3153 4915; x_wconf 77' lang='grc' dir='ltr'>ἐντολῆς</span> <span class='ocrx_word' id='word_1_711' title='bbox 3211 4847 3304 4899; x_wconf 70' lang='grc' dir='ltr'>καὶ</span> <span class='ocrx_word' id='word_1_712' title='bbox 3336 4847 3434 4914; x_wconf 87' lang='grc' dir='ltr'>τῆς</span> <span class='ocrx_word' id='word_1_713' title='bbox 3465 4849 3803 4918; x_wconf 86' lang='grc' dir='ltr'>γυμνώσεως</span> <span class='ocrx_word' id='word_1_714' title='bbox 3831 4851 3938 4901; x_wconf 79' lang='grc' dir='ltr'>καὶ</span> <span class='ocrx_word' id='word_1_715' title='bbox 3971 4852 4072 4918; x_wconf 79' lang='grc' dir='ltr'>τῆς</span> 
     </span>
    </p>
   </div>
   <div class='ocr_carea' id='block_1_97' title="bbox 788 4929 2447 5012">
    <p class='ocr_par' dir='ltr' id='par_1_97' title="bbox 788 4929 2366 5000">
     <span class='ocr_line' id='line_1_97' title="bbox 788 4929 2366 5000; baseline 0 -14"><span class='ocrx_word' id='word_1_716' title='bbox 788 4947 954 4994; x_wconf 85' lang='lat' dir='ltr'><strong>quam</strong></span> <span class='ocrx_word' id='word_1_717' title='bbox 1013 4940 1072 4985; x_wconf 77' lang='lat' dir='ltr'><strong>ut</strong></span> <span class='ocrx_word' id='word_1_718' title='bbox 1126 4932 1426 4988; x_wconf 82' lang='lat' dir='ltr'><strong>carnalium</strong></span> <span class='ocrx_word' id='word_1_719' title='bbox 1470 4929 1866 4984; x_wconf 86' lang='lat' dir='ltr'><strong>desideriorum</strong></span> <span class='ocrx_word' id='word_1_720' title='bbox 1921 4931 2120 5000; x_wconf 82' lang='lat' dir='ltr'><strong>pugnis</strong></span> <span class='ocrx_word' id='word_1_721' title='bbox 2168 4931 2366 4986; x_wconf 87' lang='lat' dir='ltr'><strong>misera</strong></span> 
     </span>
    </p>
   </div>
   <div class='ocr_carea' id='block_1_98' title="bbox 2415 4929 4074 5012">
    <p class='ocr_par' dir='ltr' id='par_1_98' title="bbox 2470 4933 4074 5012">
     <span class='ocr_line' id='line_1_98' title="bbox 2470 4933 4074 5012; baseline 0.004 -25"><span class='ocrx_word' id='word_1_722' title='bbox 2470 4933 2568 4987; x_wconf 83' lang='grc' dir='ltr'><strong>τοῦ</strong></span> <span class='ocrx_word' id='word_1_723' title='bbox 2624 4933 2816 5005; x_wconf 87' lang='grc' dir='ltr'>θηρίου</span> <span class='ocrx_word' id='word_1_724' title='bbox 2874 4936 3186 5005; x_wconf 82' lang='grc' dir='ltr'>συμϐουλῆς</span> <span class='ocrx_word' id='word_1_725' title='bbox 3255 4935 3586 5010; x_wconf 71' lang='grc' dir='ltr'>ὑψηλότερον</span> <span class='ocrx_word' id='word_1_726' title='bbox 3637 4940 3699 4992; x_wconf 82' lang='grc' dir='ltr'>τὸ</span> <span class='ocrx_word' id='word_1_727' title='bbox 3753 4939 4074 5012; x_wconf 81' lang='grc' dir='ltr'>πολίτευμα</span> 
     </span>
    </p>
   </div>
   <div class='ocr_carea' id='block_1_99' title="bbox 789 5024 2448 5104">
    <p class='ocr_par' dir='ltr' id='par_1_99' title="bbox 789 5024 1115 5079">
     <span class='ocr_line' id='line_1_99' title="bbox 789 5024 1115 5079; baseline -0.009 0"><span class='ocrx_word' id='word_1_728' title='bbox 789 5024 1115 5079; x_wconf 83' lang='lat' dir='ltr'><strong>eﬂicerctur.</strong></span> 
     </span>
    </p>
   </div>
   <div class='ocr_carea' id='block_1_100' title="bbox 2414 5024 4073 5104">
    <p class='ocr_par' dir='ltr' id='par_1_100' title="bbox 2481 5026 4073 5104">
     <span class='ocr_line' id='line_1_100' title="bbox 2481 5026 4073 5104; baseline 0.004 -26"><span class='ocrx_word' id='word_1_729' title='bbox 2481 5026 2773 5097; x_wconf 74' lang='grc' dir='ltr'>φέρουσανο</span> <span class='ocrx_word' id='word_1_730' title='bbox 2800 5030 2889 5080; x_wconf 78' lang='grc' dir='ltr'><strong>ὅτε</strong></span> <span class='ocrx_word' id='word_1_731' title='bbox 2921 5031 3010 5081; x_wconf 71' lang='grc' dir='ltr'><strong>καὶ</strong></span> <span class='ocrx_word' id='word_1_732' title='bbox 3038 5031 3238 5092; x_wconf 85' lang='grc' dir='ltr'>αὐτοὺς</span> <span class='ocrx_word' id='word_1_733' title='bbox 3270 5031 3372 5083; x_wconf 86' lang='grc' dir='ltr'><strong>ούκ</strong></span> <span class='ocrx_word' id='word_1_734' title='bbox 3393 5031 3508 5083; x_wconf 78' lang='grc' dir='ltr'>ἐστι</span> <span class='ocrx_word' id='word_1_735' title='bbox 3533 5049 3614 5084; x_wconf 90' lang='grc' dir='ltr'><strong>σοι</strong></span> <span class='ocrx_word' id='word_1_736' title='bbox 3637 5032 3732 5085; x_wconf 81' lang='grc' dir='ltr'><strong>ἀπ’</strong></span> <span class='ocrx_word' id='word_1_737' title='bbox 3757 5033 3941 5104; x_wconf 78' lang='grc' dir='ltr'>αὐτῆς</span> <span class='ocrx_word' id='word_1_738' title='bbox 3971 5039 4073 5104; x_wconf 75' lang='grc' dir='ltr'>τῆς</span> 
     </span>
    </p>
   </div>
   <div class='ocr_carea' id='block_1_101' title="bbox 788 5114 4075 5198">
    <p class='ocr_par' dir='ltr' id='par_1_101' title="bbox 788 5114 4075 5198">
     <span class='ocr_line' id='line_1_101' title="bbox 788 5114 4075 5198; baseline 0.001 -21"><span class='ocrx_word' id='word_1_739' title='bbox 788 5118 899 5169; x_wconf 75' lang='grc' dir='ltr'><strong>τῶν</strong></span> <span class='ocrx_word' id='word_1_740' title='bbox 919 5115 1263 5186; x_wconf 74' lang='grc' dir='ltr'>πραγμάτων</span> <span class='ocrx_word' id='word_1_741' title='bbox 1288 5115 1568 5184; x_wconf 71' lang='grc' dir='ltr'>ἐνεργείας</span> <span class='ocrx_word' id='word_1_742' title='bbox 1583 5114 1928 5183; x_wconf 87' lang='grc' dir='ltr'>λογίσασθαι,</span> <span class='ocrx_word' id='word_1_743' title='bbox 1962 5115 2355 5187; x_wconf 81' lang='grc' dir='ltr'>ἀνενοχλήτους</span> <span class='ocrx_word' id='word_1_744' title='bbox 2392 5120 2558 5192; x_wconf 77' lang='grc' dir='ltr'>ἔφερε</span> <span class='ocrx_word' id='word_1_745' title='bbox 2587 5123 2715 5186; x_wconf 83' lang='grc' dir='ltr'>τοὺς</span> <span class='ocrx_word' id='word_1_746' title='bbox 2749 5123 3047 5194; x_wconf 77' lang='grc' dir='ltr'>λογισμοὺς</span> <span class='ocrx_word' id='word_1_747' title='bbox 3082 5128 3402 5196; x_wconf 77' lang='grc' dir='ltr'>σωματικῆς</span> <span class='ocrx_word' id='word_1_748' title='bbox 3456 5126 3671 5198; x_wconf 71' lang='grc' dir='ltr'>ἡδονῆς,</span> <span class='ocrx_word' id='word_1_749' title='bbox 3698 5128 3732 5197; x_wconf 79' lang='grc' dir='ltr'><strong>η</strong></span> <span class='ocrx_word' id='word_1_750' title='bbox 3792 5129 4075 5192; x_wconf 76' lang='grc' dir='ltr'>πολλάκις</span> 
     </span>
    </p>
   </div>
   <div class='ocr_carea' id='block_1_102' title="bbox 792 5212 4074 5292">
    <p class='ocr_par' dir='ltr' id='par_1_102' title="bbox 792 5212 4074 5292">
     <span class='ocr_line' id='line_1_102' title="bbox 792 5212 4074 5292; baseline 0.003 -26"><span class='ocrx_word' id='word_1_751' title='bbox 792 5213 1217 5282; x_wconf 78' lang='grc' dir='ltr'>ἑξονομασθεῖσα</span> <span class='ocrx_word' id='word_1_752' title='bbox 1243 5212 1380 5284; x_wconf 83' lang='grc' dir='ltr'>γυνὴ</span> <span class='ocrx_word' id='word_1_753' title='bbox 1398 5213 1493 5265; x_wconf 82' lang='grc' dir='ltr'>τοῦ</span> <span class='ocrx_word' id='word_1_754' title='bbox 1509 5213 2033 5283; x_wconf 70' lang='grc' dir='ltr'>Ἀδὰμ,κρείττονος</span> <span class='ocrx_word' id='word_1_755' title='bbox 2068 5215 2368 5288; x_wconf 76' lang='grc' dir='ltr'>ἀξιουμένη</span> <span class='ocrx_word' id='word_1_756' title='bbox 2407 5217 2657 5290; x_wconf 78' lang='grc' dir='ltr'>κλήσεως</span> <span class='ocrx_word' id='word_1_757' title='bbox 2695 5220 2729 5290; x_wconf 80' lang='grc' dir='ltr'><strong>ἡ</strong></span> <span class='ocrx_word' id='word_1_758' title='bbox 2757 5219 3036 5291; x_wconf 85' lang='grc' dir='ltr'>σαρκικῶν</span> <span class='ocrx_word' id='word_1_759' title='bbox 3095 5220 3473 5292; x_wconf 80' lang='grc' dir='ltr'>ἑοεθισμάτων</span> <span class='ocrx_word' id='word_1_760' title='bbox 3528 5222 4074 5291; x_wconf 74' lang='grc' dir='ltr'>ὲνταλαιπωριῖσθαι</span> 
     </span>
    </p>
   </div>
   <div class='ocr_carea' id='block_1_103' title="bbox 796 5309 1020 5376">
    <p class='ocr_par' dir='ltr' id='par_1_103' title="bbox 796 5309 1020 5376">
     <span class='ocr_line' id='line_1_103' title="bbox 796 5309 1020 5376; baseline -0.004 -15"><span class='ocrx_word' id='word_1_761' title='bbox 796 5309 1020 5376; x_wconf 81' lang='grc' dir='ltr'>μάχαις.</span> 
     </span>
    </p>
   </div>
   <div class='ocr_carea' id='block_1_104' title="bbox 1149 5420 2808 5494">
    <p class='ocr_par' dir='ltr' id='par_1_104' title="bbox 1149 5420 2014 5494">
     <span class='ocr_line' id='line_1_104' title="bbox 1149 5420 2014 5494; baseline 0.002 -18"><span class='ocrx_word' id='word_1_762' title='bbox 1149 5420 1479 5488; x_wconf 65' lang='grc' dir='ltr'>ρυιεετιο</span> <span class='ocrx_word' id='word_1_763' title='bbox 1505 5421 1670 5476; x_wconf 80' lang='lat' dir='ltr'><strong>xxm</strong></span> <span class='ocrx_word' id='word_1_764' title='bbox 1695 5422 1796 5494; x_wconf 80' lang='grc' dir='ltr'>[αι.</span> <span class='ocrx_word' id='word_1_765' title='bbox 1824 5421 2014 5493; x_wconf 83' lang='lat' dir='ltr'><strong>xxu].</strong></span> 
     </span>
    </p>
   </div>
   <div class='ocr_carea' id='block_1_105' title="bbox 1860 5420 3519 5494">
    <p class='ocr_par' dir='ltr' id='par_1_105' title="bbox 1860 5421 3519 5493">
     <span class='ocr_line' id='line_1_105' title="bbox 1860 5421 3519 5493; baseline 0.004 -18"><span class='ocrx_word' id='word_1_766' title='bbox 1860 5421 2014 5493; x_wconf 74' lang='lat' dir='ltr'><strong>LXII].</strong></span> <span class='ocrx_word' id='word_1_767' title='bbox 3006 5425 3343 5480; x_wconf 78' lang='grc' dir='ltr'><strong>ΕΡΩΤΗΣΙΣ</strong></span> <span class='ocrx_word' id='word_1_768' title='bbox 3391 5428 3519 5484; x_wconf 72' lang='lat' dir='ltr'><strong>KI&quot;.</strong></span> 
     </span>
    </p>
   </div>
   <div class='ocr_carea' id='block_1_106' title="bbox 798 5514 2457 5591">
    <p class='ocr_par' dir='ltr' id='par_1_106' title="bbox 798 5514 2371 5591">
     <span class='ocr_line' id='line_1_106' title="bbox 798 5514 2371 5591; baseline 0.001 -22"><span class='ocrx_word' id='word_1_769' title='bbox 798 5514 941 5581; x_wconf 70' lang='lat' dir='ltr'><strong>Quid</strong></span> <span class='ocrx_word' id='word_1_770' title='bbox 1005 5517 1273 5585; x_wconf 72' lang='lat' dir='ltr'><strong>signiﬁcat</strong></span> <span class='ocrx_word' id='word_1_771' title='bbox 1334 5515 1535 5591; x_wconf 64' lang='lat' dir='ltr'><strong>illud:</strong></span> <span class='ocrx_word' id='word_1_772' title='bbox 1593 5535 1610 5565; x_wconf 84' lang='grc' dir='ltr'><strong>ι</strong></span> <span class='ocrx_word' id='word_1_773' title='bbox 1644 5515 1789 5591; x_wconf 69' lang='lat' dir='ltr'><strong>Ecce</strong></span> <span class='ocrx_word' id='word_1_774' title='bbox 1839 5517 2013 5570; x_wconf 79' lang='lat' dir='ltr'><strong>Adam</strong></span> <span class='ocrx_word' id='word_1_775' title='bbox 2056 5518 2230 5591; x_wconf 62' lang='lat' dir='ltr'><strong>factata</strong></span> <span class='ocrx_word' id='word_1_776' title='bbox 2295 5525 2371 5572; x_wconf 75' lang='lat' dir='ltr'><strong>est</strong></span> 
     </span>
    </p>
   </div>
   <div class='ocr_carea' id='block_1_107' title="bbox 2416 5514 4075 5591">
    <p class='ocr_par' dir='ltr' id='par_1_107' title="bbox 2484 5518 4075 5591">
     <span class='ocr_line' id='line_1_107' title="bbox 2484 5518 4075 5591; baseline 0.001 -17"><span class='ocrx_word' id='word_1_777' title='bbox 2484 5521 2545 5575; x_wconf 80' lang='grc' dir='ltr'>Τί</span> <span class='ocrx_word' id='word_1_778' title='bbox 2573 5521 2856 5591; x_wconf 72' lang='grc' dir='ltr'>σημαίνει</span> <span class='ocrx_word' id='word_1_779' title='bbox 2885 5521 2975 5584; x_wconf 84' lang='grc' dir='ltr'><strong>τὸ,</strong></span> <span class='ocrx_word' id='word_1_780' title='bbox 3015 5542 3033 5572; x_wconf 80' lang='grc' dir='ltr'><strong>ι</strong></span> <span class='ocrx_word' id='word_1_781' title='bbox 3070 5521 3217 5575; x_wconf 85' lang='grc' dir='ltr'>Ἰδοὺ</span> <span class='ocrx_word' id='word_1_782' title='bbox 3260 5521 3443 5588; x_wconf 82' lang='grc' dir='ltr'>Ἀδὰμ</span> <span class='ocrx_word' id='word_1_783' title='bbox 3479 5521 3728 5591; x_wconf 59' lang='grc' dir='ltr'>γέγονεν</span> <span class='ocrx_word' id='word_1_784' title='bbox 3753 5521 3836 5587; x_wconf 85' lang='grc' dir='ltr'><strong>ὡς</strong></span> <span class='ocrx_word' id='word_1_785' title='bbox 3863 5518 3966 5589; x_wconf 77' lang='grc' dir='ltr'>εις</span> <span class='ocrx_word' id='word_1_786' title='bbox 4005 5525 4075 5588; x_wconf 74' lang='grc' dir='ltr'><strong>ἐξ</strong></span> 
     </span>
    </p>
   </div>
   <div class='ocr_carea' id='block_1_108' title="bbox 823 5586 2482 5662">
    <p class='ocr_par' dir='ltr' id='par_1_108' title="bbox 823 5586 2336 5658">
     <span class='ocr_line' id='line_1_108' title="bbox 823 5586 2336 5658; baseline 0 -19"><span class='ocrx_word' id='word_1_787' title='bbox 823 5597 1078 5658; x_wconf 82' lang='lat' dir='ltr'><strong>tanquam</strong></span> <span class='ocrx_word' id='word_1_788' title='bbox 1115 5603 1251 5639; x_wconf 73' lang='lat' dir='ltr'><strong>unus</strong></span> <span class='ocrx_word' id='word_1_789' title='bbox 1283 5602 1349 5640; x_wconf 83' lang='lat' dir='ltr'><strong>ea:</strong></span> <span class='ocrx_word' id='word_1_790' title='bbox 1377 5586 1546 5650; x_wconf 75' lang='lat' dir='ltr'><strong>nobis,</strong></span> <span class='ocrx_word' id='word_1_791' title='bbox 1578 5589 1743 5641; x_wconf 79' lang='lat' dir='ltr'><strong>sciens</strong></span> <span class='ocrx_word' id='word_1_792' title='bbox 1774 5587 1964 5640; x_wconf 86' lang='lat' dir='ltr'><strong>bonum</strong></span> <span class='ocrx_word' id='word_1_793' title='bbox 1986 5597 2035 5639; x_wconf 81' lang='lat' dir='ltr'><strong>et</strong></span> <span class='ocrx_word' id='word_1_794' title='bbox 2058 5586 2289 5642; x_wconf 76' lang='lat' dir='ltr'><strong>malum.</strong></span> <span class='ocrx_word' id='word_1_795' title='bbox 2317 5605 2336 5639; x_wconf 71' lang='grc' dir='ltr'><strong>ι</strong></span> 
     </span>
    </p>
   </div>
   <div class='ocr_carea' id='block_1_109' title="bbox 2298 5586 3957 5662">
    <p class='ocr_par' dir='ltr' id='par_1_109' title="bbox 2317 5586 3957 5662">
     <span class='ocr_line' id='line_1_109' title="bbox 2317 5586 3957 5662; baseline 0 -18"><span class='ocrx_word' id='word_1_796' title='bbox 2317 5605 2336 5639; x_wconf 69' lang='grc' dir='ltr'><strong>ι</strong></span> <span class='ocrx_word' id='word_1_797' title='bbox 2586 5586 2776 5662; x_wconf 67' lang='grc' dir='ltr'><strong>ἡμῶν,</strong></span> <span class='ocrx_word' id='word_1_798' title='bbox 2815 5591 2922 5646; x_wconf 82' lang='grc' dir='ltr'>τοῦ</span> <span class='ocrx_word' id='word_1_799' title='bbox 2949 5592 3266 5659; x_wconf 74' lang='grc' dir='ltr'>γινώσκειν</span> <span class='ocrx_word' id='word_1_800' title='bbox 3287 5586 3883 5662; x_wconf 54' lang='grc' dir='ltr'>καλὸνὰὰλπονηρὸγ</span> <span class='ocrx_word' id='word_1_801' title='bbox 3939 5586 3957 5644; x_wconf 66' lang='grc' dir='ltr'><strong><em>ἰ</em></strong></span> 
     </span>
    </p>
   </div>
   <div class='ocr_carea' id='block_1_110' title="bbox 1813 5721 3036 5787">
    <p class='ocr_par' dir='ltr' id='par_1_110' title="bbox 1813 5721 3036 5787">
     <span class='ocr_line' id='line_1_110' title="bbox 1813 5721 3036 5787; baseline 0.005 -16"><span class='ocrx_word' id='word_1_802' title='bbox 1813 5721 1958 5772; x_wconf 83' lang='lat' dir='ltr'><strong>Edita</strong></span> <span class='ocrx_word' id='word_1_803' title='bbox 1982 5737 2008 5772; x_wconf 95' lang='lat' dir='ltr'><strong>a</strong></span> <span class='ocrx_word' id='word_1_804' title='bbox 2033 5723 2178 5784; x_wconf 73' lang='lat' dir='ltr'><strong>Maio,</strong></span> <span class='ocrx_word' id='word_1_805' title='bbox 2205 5726 2244 5773; x_wconf 92' lang='lat' dir='ltr'><strong>l.</strong></span> <span class='ocrx_word' id='word_1_806' title='bbox 2267 5737 2334 5779; x_wconf 91' lang='lat' dir='ltr'><strong>c.,</strong></span> <span class='ocrx_word' id='word_1_807' title='bbox 2352 5737 2407 5787; x_wconf 90' lang='lat' dir='ltr'><strong>p.</strong></span> <span class='ocrx_word' id='word_1_808' title='bbox 2431 5725 2599 5783; x_wconf 63' lang='lat' dir='ltr'><strong>2LT],</strong></span> <span class='ocrx_word' id='word_1_809' title='bbox 2632 5725 2682 5775; x_wconf 92' lang='lat' dir='ltr'><strong>in</strong></span> <span class='ocrx_word' id='word_1_810' title='bbox 2709 5725 2817 5775; x_wconf 83' lang='lat' dir='ltr'><strong>Gen</strong></span> <span class='ocrx_word' id='word_1_811' title='bbox 2862 5739 2934 5782; x_wconf 84' lang='grc' dir='ltr'>ιιι.</span> <span class='ocrx_word' id='word_1_812' title='bbox 2957 5727 3036 5777; x_wconf 70' lang='grc'><strong>29.</strong></span> 
     </span>
    </p>
   </div>
   <div class='ocr_carea' id='block_1_111' title="bbox 875 5801 2534 5884">
    <p class='ocr_par' dir='ltr' id='par_1_111' title="bbox 875 5801 2375 5876">
     <span class='ocr_line' id='line_1_111' title="bbox 875 5801 2375 5876; baseline 0.006 -20"><span class='ocrx_word' id='word_1_813' title='bbox 875 5801 1001 5859; x_wconf 88' lang='lat' dir='ltr'><strong>Scio</strong></span> <span class='ocrx_word' id='word_1_814' title='bbox 1035 5805 1201 5872; x_wconf 85' lang='lat' dir='ltr'><strong>igitur</strong></span> <span class='ocrx_word' id='word_1_815' title='bbox 1229 5806 1497 5876; x_wconf 84' lang='lat' dir='ltr'><strong>quosdam</strong></span> <span class='ocrx_word' id='word_1_816' title='bbox 1537 5806 1721 5864; x_wconf 87' lang='lat' dir='ltr'><strong>dicere</strong></span> <span class='ocrx_word' id='word_1_817' title='bbox 1757 5807 2030 5864; x_wconf 90' lang='lat' dir='ltr'><strong>ironicum</strong></span> <span class='ocrx_word' id='word_1_818' title='bbox 2064 5823 2375 5866; x_wconf 87' lang='lat' dir='ltr'><strong>sermonem</strong></span> 
     </span>
    </p>
   </div>
   <div class='ocr_carea' id='block_1_112' title="bbox 2422 5801 4081 5884">
    <p class='ocr_par' dir='ltr' id='par_1_112' title="bbox 2557 5807 4081 5884">
     <span class='ocr_line' id='line_1_112' title="bbox 2557 5807 4081 5884; baseline -0.003 -20"><span class='ocrx_word' id='word_1_819' title='bbox 2557 5807 2688 5865; x_wconf 80' lang='grc' dir='ltr'>οἶδα</span> <span class='ocrx_word' id='word_1_820' title='bbox 2726 5810 2825 5879; x_wconf 86' lang='grc' dir='ltr'>μὲν</span> <span class='ocrx_word' id='word_1_821' title='bbox 2860 5807 2953 5864; x_wconf 79' lang='grc' dir='ltr'>οὖν</span> <span class='ocrx_word' id='word_1_822' title='bbox 2986 5811 3062 5874; x_wconf 77' lang='grc' dir='ltr'>ὣς</span> <span class='ocrx_word' id='word_1_823' title='bbox 3090 5827 3236 5874; x_wconf 74' lang='grc' dir='ltr'>τινες</span> <span class='ocrx_word' id='word_1_824' title='bbox 3285 5827 3377 5866; x_wconf 89' lang='grc' dir='ltr'><strong>τον</strong></span> <span class='ocrx_word' id='word_1_825' title='bbox 3402 5813 3602 5884; x_wconf 73' lang='grc' dir='ltr'>εἴρωνα</span> <span class='ocrx_word' id='word_1_826' title='bbox 3647 5808 3809 5863; x_wconf 81' lang='grc' dir='ltr'>λόνον</span> <span class='ocrx_word' id='word_1_827' title='bbox 3837 5809 3938 5863; x_wconf 67' lang='grc' dir='ltr'><strong>διὰ</strong></span> <span class='ocrx_word' id='word_1_828' title='bbox 3963 5811 4081 5865; x_wconf 73' lang='grc' dir='ltr'>τῶν</span> 
     </span>
    </p>
   </div>
   <div class='ocr_carea' id='block_1_113' title="bbox 873 5936 1390 5996">
    <p class='ocr_par' dir='ltr' id='par_1_113' title="bbox 873 5936 1390 5996">
     <span class='ocr_line' id='line_1_113' title="bbox 873 5936 1390 5996; baseline 0.004 -3"><span class='ocrx_word' id='word_1_829' title='bbox 873 5936 920 5970; x_wconf 83' lang='grc'>⁸⁸</span> <span class='ocrx_word' id='word_1_830' title='bbox 951 5937 1086 5995; x_wconf 83' lang='lat' dir='ltr'><strong>Gen.</strong></span> <span class='ocrx_word' id='word_1_831' title='bbox 1119 5953 1272 5995; x_wconf 79' lang='lat' dir='ltr'><strong>xxix.</strong></span> <span class='ocrx_word' id='word_1_832' title='bbox 1298 5941 1390 5996; x_wconf 74' lang='lat' dir='ltr'><strong>2i.</strong></span> 
     </span>
    </p>
   </div>
  </div>
