4202 6442
200 342 300 407 169

1179 340 1278 399 AD
1315 339 1912 401 AMPHlLOCHIUM
1944 341 2293 413 QUIESTIO
2318 344 2545 406 XXIII.

3352 347 3452 413 170

194 456 586 528 προκειμένων
611 455 875 527 ῥημάτων
910 456 1047 524 φασὶ
1069 455 1491 526 προενηνέχθαι,
1519 455 1615 510 καὶ
1636 457 1778 509 ὀνει-

1886 458 2157 525 prtedictis
2202 459 2385 515 verbis
2429 461 2701 530 prolatum
2724 478 2847 519 esse
2875 472 2929 518 ct
2960 463 3229 519 Adamum
3254 481 3455 537 oppro-

195 550 363 613 δίζειν
418 547 514 602 τὸν
568 548 741 618 ’Δδάμ
777 548 863 617 ιφ“
903 542 983 609 οἷς
1014 547 1299 619 ὑπέρογκα
1318 547 1655 617 φαντασθεὶς
1683 548 1779 601 καὶ

192 645 229 696 ἃ
255 642 635 711 φιλανθρωπία
678 640 773 694 τοῦ
835 641 1150 703 Πλάσαντος
1193 640 1352 710 χερσὶ
1401 642 1677 710 κατεῖχεν,
1716 640 1779 705 ἐξ

200 736 339 798 ἰδίας
365 735 622 801 ἀϐουλίας
651 734 967 789 ἀπώλεσεν·
991 735 1040 787 oi
1070 733 1129 787 δὲ
1154 734 1376 802 γείτονα
1407 733 1777 805 προκομίζον-

194 844 285 890 τες
315 826 497 895 λόγον,
539 825 730 896 ῑτερόν
764 843 819 878 τι
840 824 1122 895 νομίζουσι
1176 824 1379 892 λέγειν.
1408 824 1777 897 Διασύρεσθαι

194 919 323 987 γὰρ,
375 917 532 985 φασὶ,
564 917 660 971 καὶ
688 912 1137 986 διαχλευάζεσθαι
1176 918 1289 978 τοῖς
1324 915 1565 986 παροῦσι
1597 916 1779 986 λόγοις

194 1008 293 1077 τὴν
323 1007 420 1061 τοῦ
460 1008 631 1078 Ἀδάμ
660 1007 1037 1077 περιπέτειαν.
1062 1006 1174 1060 Καὶ
1198 1006 1379 1071 ἄλλοις
1408 1006 1587 1073 ἔδοξεν
1606 1011 1780 1079 ἐπεγ-

195 1099 461 1167 γελᾱσθαι
505 1100 605 1171 τήν
643 1100 863 1170 πρᾶξιν,
913 1099 980 1153 δι’
1013 1101 1081 1167 ἣν
1109 1099 1442 1171 ὑψηλότερον
1472 1103 1585 1173 τῆς
1614 1104 1779 1157 αὐτοῦ

198 1192 416 1257 φύσεως
445 1193 555 1256 τοῖς
607 1192 885 1263 λογισμοῖς
911 1194 939 1246 ό
967 1192 1257 1263 ἄνθρωπος
1302 1194 1658 1265 ἀναδραμὼν,
1684 1199 1781 1250 καὶ

197 1278 265 1353 ἧς
300 1282 508 1354 ἠξιώθη
553 1282 759 1348 τάξεως
788 1284 943 1355 παρά
988 1284 1082 1337 τοῦ
1108 1285 1425 1348 Πλάσαντος
1460 1288 1776 1357 ἐφεστάναι,

198 1374 537 1446 κατηνέχθη.
590 1376 964 1446 Παραπλήσια
1001 1375 1176 1429 ταῦτα
1211 1378 1307 1431 καὶ
1337 1377 1447 1431 ἀπὸ
1482 1380 1582 1445 τῆς
1610 1378 1780 1447 αὐτῆς

200 1465 460 1533 ἑπιϐολῆς
480 1465 580 1530 τὴν
604 1466 829 1535 πρόοδον
850 1464 1108 1531 λαϐόντα,
1134 1469 1184 1520 εί
1214 1467 1309 1521 καὶ
1331 1466 1469 1537 πρὸς
1488 1468 1782 1539 διαφόρους

198 1557 421 1610 ίοκοῦσι
472 1557 835 1626 παραφυάδας
882 1557 1300 1627 ἀποσχίζεσθαι,
1355 1557 1467 1626 ἐγὼ
1509 1559 1566 1612 δὲ
1606 1559 1781 1613 ταῦτα

202 1651 307 1718 μὲν
329 1651 431 1703 οὐκ
460 1649 529 1704 ἄν
552 1650 795 1721 οίηθείην
826 1650 992 1718 σοφὸν
1015 1649 1463 1719 ἀποδοκιμάζειν,
1492 1650 1782 1705 ἀκόλουθός

199 1760 365 1812 τερον
387 1743 435 1796 δ’
464 1742 531 1796 ἂν
566 1744 735 1814 φαίην
795 1746 1080 1797 κατανοεῖν
1135 1744 1331 1814 ἑτέρας
1350 1742 1493 1797 εἶναι
1541 1744 1782 1807 διανοίας

199 1833 614 1902 παραστατικὸν
641 1834 703 1887 τὸ
726 1834 870 1904 ἱερὸν
892 1835 1069 1887 ἐκεῖνο
1094 1836 1317 1904 χωρίον·
1357 1836 1517 1899 ποίας
1544 1835 1781 1905 ταύτηςς

212 1923 551 1995 Ἐπειδήπερ
571 1926 601 1979 ό
630 1926 803 1995 Ἀδάμ
826 1926 948 1979 ἀντὶ
974 1926 1070 1978 τοῦ
1093 1926 1527 1997 νομοθετεῖσθαι,
1553 1928 1782 1998 νομοθέ-

200 2031 297 2068 του
350 2016 567 2086 ἀξίωμα
590 2017 842 2086 ἥρπασεν
862 2034 878 2051 ο
906 2017 1030 2071 ἀντὶ
1058 2018 1155 2072 τοῦ
1180 2019 1509 2088 κηδεμονίας
1531 2020 1627 2072 καὶ
1657 2036 1785 2073 παι-

198 2106 487 2175 δαγωγίας
513 2108 610 2178 τῆς
636 2108 844 2162 ἄνωθεν
878 2108 1196 2175 ἀπολαύειν,
1231 2112 1299 2181 τῇ
1324 2109 1434 2181 ίδίᾳ
1469 2110 1664 2182 γνώμῃ
1690 2111 1786 2164 καὶ

201 2199 438 2269 προνοίᾳ
464 2198 563 2261 τὰς
588 2200 682 2251 τοῦ
716 2198 834 2268 βίου
865 2201 1094 2269 πράξεις
1115 2200 1536 2267 κατεπίστευσε,
1560 2203 1657 2255 καὶ
1686 2203 1787 2271 τὴν

206 2290 595 2360 ῥώμην.ἔχειν.
642 2292 896 2361 ἐνόμισεν
924 2290 1055 2345 ἀνευ
1083 2290 1233 2355 θείας
1254 2293 1525 2362 ὲπιροπῖις
1558 2294 1655 2347 καὶ
1686 2294 1786 2362 τῆς

202 2382 300 2435 τοῦ
334 2383 644 2453 κρείττονος
684 2383 1035 2447 ὲπινεύσεως,
1091 2383 1346 2456 ἐξαρκεῖν
1384 2383 1534 2455 αὐτῷ
1565 2385 1783 2455 διακρί-

202 2491 322 2527 νειν
354 2474 420 2527 τὸ
448 2474 611 2527 καλὸν
632 2474 741 2528 ams
765 2474 858 2527 τοῦ
891 2475 1133 2545 χείρονος
1163 2475 1246 2546 (οὐ
1280 2476 1390 2546 γὰρ
1414 2476 1480 2528 ἂν
1507 2476 1582 2547 μὴ
1612 2476 1785 2531 ταῦτα

203 2565 534 2636 διαθέμενος
556 2568 655 2621 καὶ
679 2566 932 2636 κυρώσας
977 2569 1107 2639 παρ’
1151 2567 1355 2637 ἑαυτῷ,
1389 2568 1651 2637 οὗμενουν
1687 2570 1789 2623 οὐκ

202 2656 274 2711 ἀν
302 2656 527 2725 ὑψῶσαι
575 2656 737 2723 δόξαν
775 2658 968 2710 ἑαυτὸν
1015 2657 1333 2728 ὑπέδραμεν
1355 2660 1437 2720 είς
1465 2659 1524 2710 τὸ
1556 2660 1787 2727 μέγεθος

209 2748 304 2816 τῆς
326 2746 556 2818 πρώτης
587 2748 782 2819 ἀρχῆς,
866 2749 1075 2818 κρίνειν
1098 2765 1158 2802 τε
1188 2748 1285 2802 καὶ
1343 2749 1644 2821 διακρίνειν
1689 2751 1785 2804 τοῦ

204 2837 459 2909 πονηροῦ
483 2838 544 2891 τὸ
564 2838 746 2903 καλὸν,
772 2838 933 2907 σοφία
951 2837 1189 2907 ἔμφυτος
1214 2840 1309 2893 καὶ
1342 2840 1703 2910 άπερινόητος
1728 2841 1787 2908 ιε

203 2929 383 2984 ἀϊδίου
419 2928 714 2999 περίεστιν,
744 2929 860 2983 ἀλλ’
872 2931 982 2982 οὐδ’
995 2930 1061 2983 ἂν
1078 2932 1404 2999 προτάττειν
1428 2932 1606 3001 ὁρμὴν
1631 2932 1783 2984 ἐτόλ-

211 3038 395 3091 μησεν
426 3027 527 3091 την
560 3022 725 3074 αὑτοῦ
770 3021 867 3090 τῆσι
896 3022 1150 3077 ἁπάντων
1198 3022 1574 3093 δεσποζούσης
1608 3040 1668 3075 τε
1697 3024 1791 3075 καὶ

1884 549 2002 604 brio
2027 550 2241 606 allicere
2260 552 2411 621 quod
2461 555 2692 622 superba
2725 554 3053 623 imaginatus
3102 564 3247 612 esset
3296 567 3352 612 et
3388 574 3454 612 ea

1880 654 2004 707 qua;
2061 639 2375 697 Conditoris
2441 643 2813 699 benevolentia
2863 645 3117 700 manibus
3152 647 3447 710 retinebat,

1881 732 2113 801 propriae
2158 732 2534 803 imprudentia:
2566 751 2730 791 causa
2763 737 3117 807 perdidisset;
3174 739 3265 792 alii
3299 755 3452 803 vero,

1882 822 2095 880 aﬂinem
2143 828 2409 882 rationem
2467 827 2774 894 afferentes,
2827 828 3062 884 alterum
3114 829 3245 900 quid
3277 830 3457 885 dicere

1883 916 2125 973 student.
2185 918 2404 973 lrrideri
2464 919 2632 983 enim,
2704 920 2982 989 inquiunt,
3026 928 3082 975 et
3152 922 3455 990 praesertim

1883 1011 2060 1066 verbis
2111 1011 2306 1064 Adami
2359 1010 2721 1065 infortunium
2753 1012 3038 1067 confundi.
3103 1012 3170 1068 Et
3207 1014 3299 1067 alii
3329 1028 3461 1069 cen-

1884 1109 2116 1155 suerunt
2170 1102 2384 1155 irrideri
2428 1103 2695 1157 actionem
2746 1118 2852 1171 qua
2895 1104 3059 1157 altius
3113 1105 3335 1173 propria
3365 1118 3462 1158 na-

1884 1203 2004 1248 tura
2056 1194 2174 1250 suis
2228 1194 2651 1264 cogitationibus
2687 1197 2853 1249 homo
2900 1196 3222 1261 ascendens,
3279 1213 3346 1252 ex
3392 1211 3461 1253 eo

1883 1286 2046 1339 etiam
2069 1285 2259 1339 ordine
2290 1286 2341 1338 in
2386 1302 2497 1355 quo
2516 1302 2640 1340 eum
2673 1288 2881 1356 erigere
2903 1288 3159 1357 dignatus
3178 1298 3296 1343 erat
3318 1289 3464 1344 Con-

1884 1377 2047 1441 ditor,
2096 1376 2338 1446 dejecttts
2381 1390 2483 1434 est.
2551 1380 2803 1434 Proxima
2857 1394 2918 1432 ea
2950 1390 3000 1433 et
3049 1382 3118 1434 ab
3146 1382 3337 1435 eodem
3371 1383 3458 1435 in-

1884 1476 2043 1536 cepto
2094 1467 2200 1522 iter
2227 1470 2597 1537 suseipientia,
2654 1470 2756 1523 etsi
2808 1469 3186 1525 diﬂ‘erentibus
3236 1471 3462 1526 videan-

1886 1570 1975 1614 tur
2000 1560 2197 1615 deinde
2242 1562 2656 1631 propaginibus.
2726 1559 2839 1631 Ego
2894 1578 3024 1617 vero
3054 1577 3164 1617 non
3198 1562 3464 1631 sapientis

1883 1668 2006 1707 esse
2039 1650 2313 1706 crederem
2368 1668 2429 1705 ea
2457 1653 2706 1721 rejicere,
2738 1654 2942 1707 rectius
2986 1662 3166 1707 autem
3223 1655 3459 1708 dicerem

1887 1744 2033 1799 aliud
2071 1744 2312 1798 indicare
2356 1759 2571 1799 sacrum
2609 1744 2760 1797 illum
2802 1745 3005 1799 locum.
3066 1743 3210 1809 Quid
3250 1742 3460 1813 igitur?

1895 1834 2187 1903 Postquam
2214 1834 2406 1895 Adam.
2430 1835 2611 1904 potius
2653 1850 2815 1903 quam
2852 1835 2951 1904 legi
2993 1834 3258 1899 obediret,
3300 1835 3461 1905 legis-

1887 1926 2071 1981 latoris
2119 1926 2437 1997 dignitatern
2482 1926 2751 1995 abripuit;
2808 1928 2988 1995 potius
3018 1941 3182 1995 quam
3227 1941 3358 1981 cura
3407 1936 3463 1979 et

1886 2018 2224 2074 institutione
2247 2018 2430 2072 divina
2464 2018 2758 2081 frueretur,
2822 2018 3055 2087 proprize
3096 2018 3362 2071 voluntati
3406 2026 3463 2073 et

1886 2111 2008 2164 vitae
2039 2109 2341 2179 prudentiae
2383 2120 2535 2163 actus
2581 2109 2842 2175 credidit;
2891 2118 2945 2163 et
2991 2111 3099 2161 vim
3130 2110 3465 2164 existimavit

1885 2202 2161 2257 sebabere
2201 2201 2409 2271 absque
2463 2215 2564 2270 ope
2613 2201 2800 2256 divino
2851 2208 2907 2255 et
2957 2200 3167 2270 majore
3218 2200 3461 2271 impulsu

1886 2292 2088 2347 bonum
2119 2306 2152 2346 a
2194 2292 2338 2346 malo
2402 2292 2743 2348 discernendi
2795 2291 2938 2363 (nisi
2979 2292 3125 2346 enim
3153 2293 3269 2347 haec
3316 2294 3461 2363 apud

1887 2398 1944 2437 se
1981 2384 2268 2439 statuisset
2318 2395 2370 2438 et
2416 2384 2729 2447 stabilisset,
2796 2399 2903 2438 non
2960 2398 3093 2439 sane
3148 2385 3460 2453 Opinionem

1887 2475 2227 2543 concepisset
2296 2490 2356 2529 se
2395 2475 2462 2528 ad
2521 2476 2863 2545 maiestatem
2932 2476 3121 2544 prima;
3182 2476 3464 2547 dignitatis

1886 2564 2160 2635 erigendi,
2239 2566 2326 2617 cui
2372 2565 2657 2634 judicandi
2731 2574 2787 2620 et
2851 2566 3201 2621 discernendi
3254 2567 3461 2622 bonum

1887 2670 1918 2710 a
1972 2656 2116 2711 malo
2167 2655 2307 2710 inest
2377 2657 2645 2711 naturalis
2689 2668 2743 2711 et
2789 2657 3461 2727 incomprehensibilisab

1886 2756 2087 2803 aeterno
2121 2748 2416 2817 sapientia;
2464 2764 2640 2818 neque
2678 2763 2847 2804 ausus
2878 2759 3023 2806 esset
3055 2752 3332 2819 propriam
3367 2765 3461 2804 sa-

1888 2838 2141 2908 pientiam
2185 2838 2470 2908 sapientiae
2500 2838 2629 2893 huic
2652 2849 3004 2907 anteponere,
3057 2853 3179 2907 quae
3206 2839 3489 2893 omnibus.

1891 2931 2208 2984 dominatur
2231 2941 2285 2984 et
2311 2944 2503 2984 omnes
2532 2930 2774 2984 scientia
2812 2940 2866 2985 et
2886 2931 3233 2985 discretionis
3265 2929 3467 3001 gratias

1889 3020 2137 3086 effundit,
2188 3036 2364 3091 neque
2405 3022 2644 3075 divinum
2675 3021 2989 3075 mandatum
3030 3021 3187 3075 nihili
3219 3020 3424 3075 faciens
3447 3062 3465 3087 ,

207 3114 397 3174 πάσας
425 3113 652 3181 χάριτας
682 3111 1026 3179 διαγνώσεως
1053 3111 1411 3183 πηγαζούσης
1458 3115 1552 3165 καὶ
1576 3114 1789 3183 διακρί-

1892 3123 2142 3167 cunctam
2171 3112 2362 3183 agendi
2394 3113 2660 3167 rationem
2688 3113 2921 3182 pr0prire
2946 3113 3207 3168 voluntati
3230 3112 3464 3167 commi-

210 3222 355 3267 σεως
375 3222 392 3237 ο
414 3205 525 3258 οὐδ’
559 3204 627 3257 ἂν
656 3204 931 3275 τὴνθείαν
954 3204 1174 3274 ἐντολὴν
1204 3206 1337 3276 παρ’
1360 3206 1513 3260 οὐδὲν
1543 3206 1791 3277 θέμενος,

207 3299 349 3367 ὅλην
380 3296 551 3350 αὐτοῦ
570 3299 638 3367 τῇ
666 3296 859 3368 γνώμῃ
877 3296 983 3349 τῶν
998 3298 1290 3367 πρακτέων
1310 3297 1575 3368 διοίκησιν
1590 3300 1795 3368 ἐνεχεί-

212 3388 395 3455 ρισεν)
420 3403 438 3419 ο
471 3388 593 3439 επεὶ
617 3386 711 3439 οὖν
730 3425 745 3448 ,
780 3386 947 3455 φησὶν
971 3387 1000 3438 ὁ
1031 3386 1183 3449 Θεὸς,
1215 3388 1327 3450 τοῖς
1348 3386 1530 3456 ἔργοις
1555 3389 1795 3458 παρέσχε

207 3476 306 3527 τὸν
365 3474 609 3543 ἔλεγχον,
672 3474 853 3543 ἑαυτῷ
896 3475 1344 3539 καταπιστεύσας
1392 3475 1489 3529 τοῦ
1540 3476 1658 3546 βίου
1691 3479 1790 3547 τὴν

212 3568 486 3637 πρόνοιαν
547 3566 644 3619 καὶ
686 3566 866 3620 οὐκέτι
938 3569 1053 3629 τοῖς
1116 3568 1406 3638 ἡμετέροις
1458 3570 1794 3623 ὑποκύπτειν

209 3660 395 3711 ἐθέλει
453 3657 892 3727 προστάγμασιν,
944 3658 1079 3711 ἀλλὰ
1103 3659 1165 3711 τό
1193 3676 1255 3727 γε
1283 3659 1436 3714 δοθὲν
1480 3660 1632 3731 αὑτῷ
1659 3664 1793 3715 αὐτ-

211 3750 470 3815 εξούσιον
498 3749 636 3820 πρὸς
654 3747 757 3820 τὴν
787 3748 881 3803 τοῦ
919 3748 1215 3812 δεδωκότος
1248 3749 1404 3820 ὓϐριν
1423 3753 1795 3823 ἀπεχρήσατο,

212 3842 317 3893 καὶ
349 3840 604 3909 ἐνόμισεν
632 3839 827 3893 ἑαυτὸν
846 3836 986 3893 εἶναι
1006 3839 1082 3903 ὡς
1099 3841 1194 3893 ἕνα
1218 3842 1286 3906 ἐξ
1307 3841 1483 3910 ἡμῶν,
1502 3842 1797 3913 νομοθέτην

216 3934 712 4003 νομοθετούμενον,
779 3930 1090 4003 προνοητὴν
1112 3933 1173 3985 οὐ
1210 3935 1467 4003 προνοίας
1519 3934 1794 4004 δεόμενον,

212 4025 499 4095 δεσπότην
558 4025 617 4077 οὐ
680 4024 1112 4094 δεσποζόμενον,
1159 4024 1384 4092 ἄμεινόν
1433 4026 1579 4078 ἐστιν
1634 4026 1798 4078 αὐτὸν

207 4118 562 4186 ἐκϐληθῆναι
593 4116 687 4170 τοῦ
714 4116 1067 4188 παραδείσου,
1095 4116 1185 4169 διὰ
1210 4115 1305 4169 δύο
1345 4118 1580 4187 μάλιστα
1602 4117 1794 4173 ταῦτα·

206 4209 275 4261 ἓν
310 4209 412 4278 μὲν
449 4207 537 4260 τνα
566 4208 639 4279 μὴ
659 4209 871 4281 τρυφῆς
900 4209 981 4271 είς
1022 4206 1249 4279 ἄκαιρόν
1269 4224 1330 4260 τε
1362 4209 1456 4261 καὶ
1485 4208 1799 4277 άπαιδαγώ-

205 4314 389 4368 γητον
443 4298 743 4352 ἀπόλαυσιν
798 4299 1105 4362 καταστὰς,
1163 4297 1373 4368 χείροσι
1420 4298 1798 4370 καταλισθήσῃ

207 4388 665 4459 παραπτώμασι,
693 4392 787 4445 καὶ
818 4391 1094 4463 δεύτερον,
1134 4391 1220 4445 ἵνα
1251 4390 1473 4457 ωῖςτῆς
1503 4390 1800 4463 ὑπερορίας

1895 3204 2105 3273 sisset);
2130 3215 2416 3273 postquam
2446 3204 2631 3272 igitttr,
2665 3205 2840 3273 inquit
2873 3205 3037 3266 Deus,
3096 3204 3360 3273 operibus
3406 3219 3468 3259 se

1895 3312 2048 3351 reum
2091 3298 2392 3361 constituit,
2450 3297 2555 3352 sibi
2604 3297 2706 3367 ipsi
2754 3297 2946 3360 lideus,
2987 3299 3040 3351 in
3088 3299 3232 3361 vitae,
3286 3298 3470 3367 provi-

1895 3389 2092 3454 dentia,
2143 3396 2197 3443 et
2229 3389 2403 3443 noluit
2446 3390 2583 3445 meis
2615 3389 2836 3444 obedire
2878 3389 3173 3452 mandatis,
3222 3397 3278 3444 et
3337 3389 3467 3443 dato

1896 3481 1999 3534 sibi
2055 3480 2228 3535 libero
2251 3480 2503 3544 arbitrio,
2539 3482 2607 3536 ad
2641 3481 2901 3551 iniuriam
2942 3483 3091 3538 illius
3118 3483 3213 3551 qui
3255 3482 3387 3535 illud
3416 3482 3467 3536 ei

1897 3570 2061 3632 dedit,
2096 3572 2301 3627 abusus
2324 3582 2428 3637 est,
2448 3582 2502 3628 et
2526 3574 2825 3629 crediditse
2854 3573 3030 3643 ipsum
3058 3588 3179 3629 esse
3208 3582 3269 3628 ut
3298 3583 3467 3627 unum

1897 3679 1961 3716 ex
1984 3662 2162 3728 nobis,
2181 3664 2543 3735 legislaturem
2561 3674 2624 3720 et-
2643 3681 2750 3720 non
2775 3666 2904 3737 legis
2926 3666 3253 3735 subjectum,
3288 3666 3469 3735 provi-

1900 3755 2112 3807 dentem
2184 3764 2239 3809 et
2290 3770 2397 3810 non
2471 3757 2809 3827 providentia
2852 3768 3124 3829 egentem,
3183 3758 3469 3813 dominum

1896 3854 1951 3899 et
2006 3861 2113 3898 non
2146 3845 2247 3899 sub
2277 3847 2519 3902 dominio
2540 3848 2923 3913 constitutum,
2983 3850 3176 3904 melius
3221 3859 3306 3903 est
3338 3865 3466 3904 eum

1898 3938 2208 4007 aparadiso
2262 3941 2493 4008 expelli,
2541 3949 2761 4011 propter
2803 3942 2913 3995 duo
2964 3941 3078 3996 haec
3131 3942 3467 4011 praesertim:

1900 4031 2073 4103 primo
2104 4031 2323 4102 quidem
2353 4048 2442 4098 ne,
2479 4033 2533 4087 in
2556 4031 2769 4089 funesta
2809 4043 2861 4088 et
2892 4034 3119 4087 indocili
3149 4033 3469 4087 deliciarum

1899 4123 2153 4179 fruitione
2211 4136 2385 4190 stans,
2433 4126 2769 4194 gravioribus
2815 4125 3052 4186 offendat
3115 4125 3335 4179 casibus
3368 4142 3384 4191 ;
3416 4133 3473 4179 et

1900 4217 2157 4283 secundo,
2218 4227 2275 4272 ut
2329 4218 2520 4273 exsilio
2570 4216 2817 4280 aiilictus,
2866 4233 2933 4271 ex
2968 4216 3102 4286 ipsis
3133 4217 3389 4286 Operibus
3414 4223 3471 4268 et

1899 4307 2150 4362 dolorum
2206 4309 2579 4378 experimento
2634 4310 2812 4363 discat
2869 4318 2921 4361 et
2964 4308 3195 4377 propria:
3251 4306 3473 4361 virtutis

1903 4413 2253 4463 mensuram,
2318 4408 2372 4455 et
2420 4409 2687 4469 quantum
2742 4399 2843 4469 ipsi
2897 4398 3172 4452 commodi
3224 4395 3472 4452 conferat

208 4482 447 4543 κόλποις
466 4482 1059 4553 ενταλαιπωρούμενος,
1088 4480 1184 4535 ἀπ’
1202 4480 1381 4536 αὐτῶν
1403 4481 1601 4551 πείρας
1634 4481 1789 4551 μάθοι

1911 4497 2113 4543 nostra:
2155 4464 2508 4558 providentia:
2554 4464 2778 4560 praprii
2806 4491 3038 4545 instituti
3092 4498 3148 4544 et
3174 4488 3473 4543 voluntatis

205 4572 324 4641 τῆς
351 4590 415 4625 τε
462 4573 674 4636 οἰκείας
702 4572 765 4626 τὸ
795 4574 993 4643 μέτρον
1037 4572 1345 4643 δυνάμεως,
1392 4572 1487 4626 καὶ
1538 4572 1613 4634 ὼς
1664 4573 1797 4627 πολὺ

206 4665 376 4735 αὐτῷ
412 4664 856 4735 λυσιτελέστερον
895 4661 985 4734 ἦν,
1044 4666 1144 4733 τῆς
1195 4664 1353 4734 ἡμῶν
1406 4665 1665 4736 προνοίας
1705 4666 1795 4730 ἐξ.

1901 4588 2077 4634 motus
2110 4579 2387 4649 adaptare,
2412 4590 2465 4633 et
2492 4596 2654 4650 quam
2683 4594 2715 4633 a
2734 4594 2794 4635 se
2815 4581 2934 4650 ipso
2962 4580 3163 4633 bonum
3188 4587 3243 4633 et
3266 4577 3471 4631 malum

1897 4670 2207 4725 discernere
2230 4671 2403 4740 impar
2438 4673 2525 4726 sit.

207 4761 425 4813 ἅπτειν
450 4757 520 4809 τὰ
540 4756 639 4825 τῆς
670 4756 906 4820 διανοίας
941 4758 1039 4810 καί
1063 4758 1163 4828 τῆς
1190 4757 1466 4821 πολιτείας
1495 4761 1792 4828 κινήματα,
1832 4761 1956 4817 ὅσον
1980 4781 2038 4817 τε
2068 4764 2404 4834 καθέστηκεν
2464 4764 2644 4836 ἐνδεὴς
2680 4767 2775 4819 τοῦ
2805 4765 3094 4835 γινώσκειν
3156 4762 3249 4832 ἀφ’
3276 4758 3470 4815 ἑαυτοῦ

207 4866 277 4904 τι
303 4852 371 4903 τὸ
392 4850 562 4905 καλὸν
588 4852 681 4903 καὶ
699 4851 760 4903 τὸ
787 4854 1042 4921 πονηρόν.

296 4945 525 5013 Ταύτης
553 4943 611 4996 δὲ
632 4943 734 5014 τῆς
757 4944 996 5007 διανοίας
1022 4942 1176 5014 οἶμαι
1201 4946 1295 4999 καὶ
1312 4944 1604 5017 Σύμμαχον
1637 4948 1800 5013 ἐγγὺς

211 5040 501 5107 γεγονότα
551 5038 650 5109 τὴν
713 5039 976 5109 περιοχὴν
1044 5039 1156 5092 τοῦ·
1196 5037 1361 5109 ῥητοῦ
1414 5039 1799 5092 εκᾶδωκέναι·

215 5152 236 5184 ε
265 5133 411 5185 Ἰδοὺ
452 5130 627 5200 ’Δδάμ
650 5130 960 5199 γέγονενώς
989 5125 1070 5191 εἷς
1099 5131 1157 5197 ἐξ
1188 5129 1478 5200 ἡμῶν,τοῦ
1513 5129 1804 5198 γινώσκειν

208 5224 319 5291 ἀφ’
347 5220 550 5277 ἑαυτοῦ
593 5222 758 5275 καλὸν
798 5222 893 5275 καὶ
933 5224 1186 5292 πονηρόν.
1225 5240 1243 5273 ι
1292 5222 1358 5275 Al
1390 5222 1448 5275 δὲ
1496 5221 1806 5293 ἔμπροσθεν

208 5314 527 5385 εἰρημέναι
550 5313 645 5366 τοῦ
669 5313 834 5384 ῥητοῦ
855 5314 1133 5385 διηγήσεις
1154 5314 1431 5367 ἐδίδασκον
1458 5312 1526 5366 ἂν
1545 5314 1695 5384 ἡμᾶς
1730 5314 1805 5384 μὴ

211 5410 373 5478 πρὸς
396 5405 591 5474 ἕτερόν
612 5422 666 5457 τι
698 5405 918 5475 βλέπειν
950 5406 1000 5458 εί
1018 5422 1083 5473 γε
1119 5404 1348 5475 σύνηθες
1376 5405 1508 5475 ἡμῖν
1532 5404 1658 5473 ἐνῆν
1680 5406 1811 5474 όρᾷν

211 5501 347 5561 τοῖς
378 5499 552 5568 ἱεροῖς
574 5496 732 5567 ἡμῶν
786 5496 986 5565 λογίοις
1014 5496 1075 5551 ὲν
1131 5496 1209 5567 τῷ
1254 5494 1562 5567 διασύροντί
1598 5512 1658 5547 τε
1714 5494 1811 5547 καὶ

208 5588 511 5661 εἰρωνικῷ
530 5587 624 5642 καὶ
654 5587 968 5657 διαγελῶντι
1007 5589 1191 5660 τρόπῳ
1212 5587 1279 5642 τά
1319 5586 1670 5657 ἀντικείμενα
1698 5588 1807 5649 τοῖς

300 5772 356 5803 ι’
390 5768 526 5825 Gen.
564 5784 644 5837 ιιι,
676 5768 771 5823 22.

1979 4948 2115 5003 Huic
2141 4950 2565 5019 sensuipropius
2585 4948 2885 5005 accessisse
2902 4948 3288 5021 Symmachum
3312 4956 3471 5019 puto,

1908 5046 1962 5093 et
1992 5038 2155 5107 hujus
2178 5038 2305 5093 dicti
2331 5049 2714 5109 argumentum
2730 5039 3031 5109 prodidisse
3059 5058 3071 5092 :
3106 5058 3125 5091 ι
3142 5038 3278 5095 Ecce
3298 5038 3473 5094 Adam

1912 5128 2086 5185 factus
2121 5141 2202 5184 est
2245 5130 2404 5200 quasi
2454 5146 2597 5185 unus
2640 5145 2703 5185 ex
2737 5131 2917 5194 nobis,
2954 5132 3133 5186 sciens
3172 5132 3375 5185 bonum
3420 5137 3477 5185 et

1911 5220 2110 5274 malum
2135 5222 2197 5275 ι’.
2231 5239 2247 5272 ι
2296 5220 2429 5288 Qute
2470 5232 2651 5277 autem
2685 5222 2838 5293 prius
2867 5222 3007 5277 datae
3051 5230 3180 5277 sunt
3210 5222 3474 5290 explana-

1908 5310 2101 5376 tiones,
2133 5327 2232 5367 nos
2254 5328 2359 5367 non
2388 5313 2533 5367 aliud
2554 5328 2676 5369 esse
2702 5314 3144 5384 prospiciendum
3187 5312 3470 5375 docerent,

1907 5403 2137 5457 simodo
2165 5403 2463 5459 soleremus
2511 5404 2566 5457 in
2622 5404 2824 5459 nostris
2874 5405 3046 5457 sacris
3085 5401 3319 5457 oraculis
3367 5401 3472 5455 sub

1906 5494 2175 5550 irrisionis
2219 5504 2273 5550 et
2306 5495 2494 5551 ironiae
2538 5505 2593 5552 et
2619 5495 2877 5567 diasyrtni
2923 5495 3099 5549 forma
3123 5493 3367 5563 opposita
3402 5493 3477 5547 iis

1907 5598 2026 5654 quae
2080 5587 2481 5655 praetenduntur
2542 5586 2843 5658 signiﬁcata
2904 5596 2957 5640 et
3002 5585 3228 5655 ﬁgurata
3263 5582 3469 5644 videre,
