4202 6442
769 389 861 453 ΠΙ

1891 395 2151 456 ΡΗΟΤΙΙ
2184 395 2685 460 PATRIARCH/E
2717 401 2826 462 CP.

3874 398 3978 463 172

755 501 907 590 et...
929 533 946 546 .
978 508 1073 590 per
1098 494 1305 552 litteras
1335 497 1496 553 valet.
1548 498 1693 555 Nihil
1731 503 1874 556 enim
1934 504 2157 575 impedit
2191 522 2309 560 om-
2334 505 2388 565 Α

2424 511 2845 582 προτεινομένοις
2875 509 3341 590 παραδηλούμενά-
3375 526 3433 563 τε
3476 509 3573 562 καὶ
3596 509 3976 576 αἰνιγματιξό-

757 586 885 637 nino
914 585 1046 654 quin
1101 601 1198 654 pro
1251 592 1521 658 paucitate
1581 603 1635 646 et
1682 593 1967 650 insolentia
2023 597 2308 652 verborum

755 675 923 728 errari
957 677 1144 744 possit.
1205 678 1314 733 Sed
1337 682 1608 749 quomodo
1642 699 1750 738 non
1779 685 2010 742 solveret
2041 689 2312 744 irrisionis

755 776 809 819 et
830 768 1013 822 ironia:
1031 780 1085 822 et
1100 771 1464 827 cavillationis
1492 774 1600 827 vim
1629 776 1694 829 ad
1735 778 2000 844 parabolae
2025 787 2077 833 et
2114 781 2312 834 simili-

759 860 959 914 tudinis
992 862 1209 916 modum
1235 863 1378 919 facta
1406 866 1612 921 dictio?
1667 869 1867 925 Contra
1917 871 2062 926 enim
2103 872 2152 926 si
2183 887 2313 926 con-

758 952 1092 1018 sequentiam
1125 951 1362 1007 habeant
1381 970 1503 1024 qua:
1524 955 1668 1011 dicta
1701 965 1852 1022 sunt,
1906 974 2067 1015 omne
2091 975 2314 1016 necesse

757 1050 876 1095 erat
901 1043 1121 1096 verbum
1150 1044 1452 1112 observari,
1495 1049 1640 1118 quod
1689 1050 2006 1118 injuriarum
2053 1054 2313 1107 severita-

760 1142 866 1186 tem
892 1144 945 1187 ct
968 1135 1311 1190 acerbitatem
1342 1141 1578 1194 mulcere
1603 1147 1802 1209 posset.
1855 1143 1931 1198 Ea
1957 1152 2139 1198 autem
2167 1160 2268 1198 vox
2295 1163 2310 1198 :

761 1235 815 1274 ut
849 1239 982 1276 unus
1015 1240 1080 1276 ea;
1104 1228 1251 1279 nobis
1281 1228 1386 1282 vim
1413 1229 1602 1284 ironia:
1620 1232 1938 1300 proscindit,
1966 1245 2019 1288 et
2041 1236 2313 1304 opprobrii

764 1311 962 1366 mulcet
985 1315 1357 1368 acerbitatem.
1388 1315 1506 1373 Non
1537 1319 1677 1374 idem
1716 1329 1800 1376 est
1824 1323 2002 1377 dicere
2041 1324 2093 1376 in
2127 1324 2316 1392 objur-

761 1403 1052 1472 gationem,
1081 1408 1310 1462 multum
1343 1424 1476 1465 sane
1503 1411 1659 1467 abest
1684 1430 1699 1466 :
1735 1431 1753 1465 t
1782 1413 1917 1468 Ecce
1942 1415 2110 1470 Adam
2144 1415 2318 1472 lactus

764 1503 847 1548 est
869 1512 1010 1552 unus
1040 1512 1107 1552 ex
1137 1500 1329 1565 nobis;
1355 1519 1374 1552 ι
1409 1511 1483 1566 et,
1513 1521 1532 1555 ι
1556 1512 1808 1573 tanquam
1843 1521 1984 1561 unus
2014 1521 2082 1561 ex
2104 1508 2314 1563 nobis.»

768 1581 942 1638 Unum
1000 1585 1220 1655 quidem
1262 1589 1560 1658 simplicem
1610 1601 1664 1645 et
1710 1591 1942 1646 vividam
1985 1601 2041 1647 et
2069 1593 2319 1648 lethalem

768 1674 973 1729 inducit
1008 1675 1357 1743 irrisionem;
1408 1680 1636 1735 alterum
1680 1697 1809 1737 vero
1869 1699 1963 1752 per
2004 1685 2320 1754 parabolam

763 1776 816 1820 ct
847 1767 1252 1823 similitudinem
1283 1777 1544 1839 temperat
1565 1781 1620 1828 et
1647 1772 1920 1829 imminuit
1944 1775 2322 1845 exprobratio-

767 1874 885 1913 nem
912 1869 966 1915 et
987 1862 1252 1917 rationem
1284 1865 1576 1931 quamdam
1603 1866 1855 1936 subjiciet
1890 1867 2115 1923 irridere
2158 1869 2322 1924 simul

762 1957 816 2003 et
842 1950 1144 2006 irrisionem
1171 1952 1473 2021 auferendi,
1532 1971 1657 2012 cum
1685 1957 1925 2012 abinitio
1956 1958 2143 2014 liceret
2173 1960 2322 2014 nullo

765 2043 928 2096 modo
956 2043 1227 2100 irrisionis
1255 2046 1486 2100 formam
1516 2046 1722 2102 subire.

834 2217 911 2270 Ad
940 2216 1059 2272 haec
1102 2226 1157 2272 et
1185 2219 1318 2273 illud
1367 2220 1762 2276 animadverte.
1814 2220 1872 2274 Si
1923 2220 2219 2284 irridentis,
2275 2220 2324 2275 si

768 2306 1070 2361 irrisionetn
1103 2309 1458 2378 exprimentis
1487 2320 1632 2366 esset
1667 2326 1844 2368 sermo
1871 2311 2055 2366 dicens
2082 2329 2096 2365 :
2147 2331 2166 2362 ι
2188 2310 2326 2366 Ecce

765 2399 934 2452 Adam
957 2397 1132 2453 iactus
1164 2411 1248 2455 est
1278 2402 1438 2470 quasi
1486 2418 1629 2456 unus
1658 2417 1724 2457 ex
1752 2401 1940 2468 nobis;
1963 2419 1982 2452 ι
2035 2416 2198 2470 quam
2228 2401 2326 2456 ha-

765 2491 890 2545 beat
918 2504 1044 2544 cum
1077 2505 1142 2544 eo
1170 2493 1569 2548 connexionem
1598 2502 1654 2548 et
1693 2493 2136 2562 consequentiam
2179 2493 2324 2562 quod

767 2577 1036 2649 sequitur,
1062 2593 1170 2632 non
1197 2587 1374 2648 potest
1406 2579 1754 2649 deprehendi.
1805 2578 2036 2634 Perinde
2075 2588 2160 2632 est
2192 2594 2255 2633 ac
2281 2578 2326 2632 si

765 2671 968 2725 diceret
1006 2685 1020 2722 :
1053 2668 1343 2740 Postquam
1374 2670 1614 2726 Adamus
1643 2687 1673 2725 a
1705 2686 1803 2740 spe
1823 2672 2041 2735 decidit,
2075 2686 2180 2741 qua
2208 2686 2328 2726 ere-

765 2771 888 2818 ctus
923 2761 1209 2832 supercilia
1241 2763 1535 2826 attollebat,
1582 2763 1649 2816 ab
1706 2763 1915 2830 incepto
1973 2762 2328 2817 irrationabili

768 2853 850 2907 vel
878 2851 1081 2906 invitus
1109 2853 1387 2919 subsedit;
1415 2863 1697 2922 pnstquam
1723 2854 1990 2921 superbiae
2026 2853 2329 2909 bumiliatio

770 2941 1064 3006 successit;
1097 2950 1381 3010 postquam
1417 2941 1673 2994 uuditatis
1712 2941 1884 3008 pudor
1921 2955 2045 2993 eum
2094 2941 2329 2995 circum-

771 3034 956 3098 venit;
986 3031 1178 3087 deinde
1199 3032 1342 3100 quod
1384 3033 1626 3101 sequitur
1667 3049 1681 3084 :
1729 3040 2057 3101 quapropter
2107 3031 2332 3086 decebat

769 3139 894 3178 eum
925 3123 1047 3193 ejici
1085 3137 1115 3176 a
1151 3123 1425 3193 paradiso,
1486 3138 1555 3176 ne
1595 3123 1738 3193 quod
1764 3123 2005 3178 audaciae
2031 3123 2109 3177 illi
2140 3137 2328 3192 super-

770 3225 890 3272 erat
945 3226 998 3271 et
1037 3215 1329 3271 voluntatis
1389 3214 1640 3284 superbia
1699 3214 2042 3268 audaciorem
2109 3229 2328 3269 manum

773 3305 1047 3361 reddentia
1071 3306 1140 3361 ad
1161 3306 1405 3376 rapinam
1441 3305 1777 3374 impellerent
1795 3321 2005 3370 eorum,
2029 3322 2149 3376 qua:
2179 3307 2328 3376 prius

774 3413 842 3452 ne
870 3397 1133 3467 attingere
1159 3395 1380 3467 quidem
1418 3404 1649 3451 conatus
1686 3405 1820 3450 erat.
1877 3395 2017 3450 Num
2066 3397 2179 3452 hzec
2226 3397 2328 3452 alio

774 3501 934 3555 quem
961 3485 1361 3556 consequentiae
1406 3486 1668 3540 rationem
1724 3485 1943 3548 habent,
1990 3495 2083 3540 aut
2111 3502 2330 3541 sensum

775 3577 844 3631 ab
886 3575 1033 3630 omni
1088 3574 1513 3631 contradictione
1582 3589 1775 3644 purum
1836 3577 2094 3629 servant?
2177 3575 2332 3640 Quod

776 3679 955 3723 autem
984 3675 1167 3737 postea
1189 3666 1367 3722 adhuc
1392 3667 1661 3737 sequitur,
1689 3667 1821 3720 nihil
1842 3668 2074 3736 amplius
2097 3666 2335 3722 ostendit

776 3770 940 3826 quam
967 3755 1112 3827 quod
1141 3755 1346 3810 dictum
1374 3764 1476 3810 est.
1515 3753 1653 3809 Dicit
1673 3755 1816 3809 enim
1866 3773 1879 3808 :
1937 3774 1954 3805 ι
1982 3754 2047 3808 Ει
2093 3769 2238 3809 nunc
2268 3769 2334 3809 ne

775 3847 917 3904 forte
944 3846 1200 3902 extendat
1230 3861 1451 3901 manum
1487 3855 1541 3900 et
1571 3847 1939 3916 apprehendat
1990 3845 2227 3900 fructum
2268 3846 2334 3901 de

775 3939 924 4009 ligno
966 3938 1089 3993 vitae
1125 3945 1180 3991 et
1239 3937 1487 3992 comedat
1537 3945 1592 3992 et
1634 3938 1774 3992 vivat
1827 3939 1882 3991 in
1921 3945 2182 3992 ateruum
2210 3937 2282 3994 “.
2309 3956 2329 3989 ι

775 4030 1057 4098 Quomodo
1073 4044 1180 4084 non
1196 4035 1359 4096 patet,
1382 4031 1426 4084 si
1442 4031 1660 4098 eoquod
1684 4030 1749 4083 de
1766 4044 1863 4084 sua
1877 4044 1972 4099 spe
1987 4037 2038 4084 et
2052 4038 2334 4099 exspecta-

779 4125 926 4179 tione
948 4122 1226 4187 deciderit,
1280 4121 1558 4185 irridetur,
1613 4131 1670 4175 ut
1715 4121 1800 4175 his
1829 4133 2103 4176 ostensum
2146 4129 2248 4183 est,
2283 4127 2337 4174 et

776 4229 993 4269 omnem
1020 4228 1175 4268 suam
1228 4213 1337 4266 vim
1389 4212 1697 4267 inﬁrmitate
1746 4213 2053 4275 mutaverit,
2122 4221 2175 4267 et
2224 4227 2336 4268 suae

777 4304 986 4360 ﬁduciae
1011 4313 1232 4374 propter
1271 4302 1589 4372 iactantiam
1643 4303 1870 4359 subierit
1897 4303 2189 4372 jacturam,
2235 4318 2336 4358 nec

779 4396 1012 4466 propriis
1041 4396 1247 4451 viribus
1278 4395 1512 4465 patuerit
1538 4396 1764 4465 protegi,
1791 4403 1845 4449 et
1869 4410 1994 4450 eum
2020 4395 2107 4449 his
2134 4394 2334 4464 quibus

777 4496 934 4542 antea
961 4487 1167 4557 protegi
1201 4486 1464 4550 decuerit,
1514 4494 1767 4554 tanquam
1815 4486 2108 4540 voluntatis
2136 4500 2330 4553 pecca-
2362 4507 2408 4563 υ

779 4589 892 4632 tum
931 4586 984 4633 et
1011 4579 1210 4633 vulnus
1251 4579 1448 4632 mentis
1499 4576 1845 4647 generositati
1892 4577 2146 4631 amictum
2186 4577 2335 4630 sulli-

778 4677 983 4733 cerent,
1009 4667 1160 4722 illum
1192 4683 1223 4721 a
1248 4669 1486 4723 secunda
1529 4667 1756 4722 audacia
1808 4667 2102 4721 recedere?
2162 4667 2333 4720 Mani-

780 4766 977 4815 tcstum
1005 4768 1091 4816 est
1117 4759 1282 4814 etiam
1315 4768 1556 4814 nostram
1589 4759 1644 4812 in
1682 4758 1804 4827 ejus
1857 4757 2068 4827 lapsum
2122 4758 2333 4812 irrisio-

779 4867 902 4904 nem
979 4861 1034 4905 et
1107 4847 1430 4914 iuvenilium
1501 4847 1889 4918 cogitationum
1963 4846 2330 4901 inﬁrmitatem

777 4941 1056 4997 evidenter
1085 4939 1460 5010 proscribere?
1487 4937 1780 4992 Prohibere
1805 4937 1948 4992 enim
1983 4953 2050 4992 ne
2090 4937 2222 5007 quid
2265 4939 2333 4993 de

788 5031 937 5099 ligno
959 5029 1082 5084 vitae
1103 5028 1503 5099 apprehendat.
1525 5067 1539 5081 .
1563 5065 1578 5080 .
1603 5067 1618 5080 .
1649 5041 1771 5081 eum
1800 5035 1853 5079 et
1876 5035 1998 5095 post
2027 5035 2328 5098 transgres-

781 5121 990 5176 sionem
1025 5119 1158 5173 satis
1188 5119 1383 5172 virium
1411 5117 1659 5173 habuisse
1699 5125 1759 5171 ut
1785 5117 1982 5172 faceret
2007 5118 2147 5186 quod
2170 5126 2331 5174 antea

780 5210 1051 5278 nequibat,
1100 5218 1347 5264 testatur.
1397 5206 1568 5262 Nemo
1596 5208 1737 5262 enim
1787 5208 1966 5276 aliqua
1995 5221 2052 5262 re
2090 5209 2328 5278 aliquem

779 5303 1173 5372 interdicitqua
1200 5302 1312 5371 jam
1345 5310 1538 5356 natura
1567 5301 1820 5355 exclusus
1835 5309 1938 5355 est.

853 5540 1060 5594 Dictum
1127 5549 1214 5594 est
1273 5548 1449 5594 tamen
1504 5552 1536 5591 a
1605 5536 1928 5606 quibusdam
2003 5535 2332 5591 doctissimis

782 5633 911 5687 illud
964 5652 979 5686 :
1040 5651 1059 5684 ι
1088 5632 1224 5686 Ecce
1259 5630 1428 5684 Adam
1461 5628 1636 5684 lactus
1667 5638 1750 5684 est
1799 5636 2052 5697 tanquam
2081 5643 2224 5685 unus
2264 5644 2330 5685 ex

859 5767 904 5799 "
925 5767 1055 5827 Gen.
1090 5783 1234 5835 xxix,
1271 5767 1356 5821 ει.

2413 619 2550 671 μενα
2580 604 2675 655 καὶ
2698 640 2713 656 .
2742 641 2756 654 .
2778 640 2792 654 .
2819 644 2833 657 .
2858 620 2916 656 ον
2955 603 3042 655 διὸ.
3066 603 3389 671 γράμματος
3437 599 3630 667 ἰσχύει.
3670 598 3838 651 οὐδὲν
3865 599 3980 665 γὰρ

2410 700 2471 752 ἐν
2506 698 2696 751 πλάτει
2717 698 2913 752 κωλύει
2934 699 3107 765 λόγων
3129 698 3540 768 παρεμπίπτειν
3574 694 3718 749 κατά
3742 696 3806 746 τὸ
3835 692 3981 746 σπά-

2410 808 2522 844 νιον
2554 792 2726 844 καὶτὸ
2751 790 2937 861 ἄηθες.
2971 791 3130 845 Ἀλλά
3177 790 3297 852 πῶς
3327 790 3427 842 οὑκ
3467 788 3714 841 ἐκλύσειε
3740 785 3836 838 τοῦ
3859 786 3979 838 δια-

2413 879 2597 951 σύρειν
2627 879 2721 932 καὶ⁴
2747 878 3132 950 εἰρωνεύεσθαι
3165 881 3260 932 καὶ
3287 878 3548 947 ἐπιγελᾷν
3609 876 3704 928 τὸν
3743 875 3896 928 τόνον
3942 876 3980 943 ἡ

2411 972 2553 1026 κατὰ
2605 971 2914 1042 παραϐολὴν
2953 971 3288 1040 γεγενημένη
3346 969 3440 1022 καὶ
3490 967 3748 1036 ὁμοίωσιν
3795 966 3979 1030 λέξις

2413 1065 2732 1117 Τοὺναντίον
2756 1063 3035 1134 γάρεῖπερ
3053 1058 3197 1131 εἶχεν
3227 1060 3550 1116 ἀκολουθίαν
3579 1056 3646 1110 τά
3689 1057 3981 1126 εἰρημένα,

2414 1157 2561 1211 ἅπαν
2590 1158 2696 1210 ἔδει
2731 1153 3245 1226 παραφυλάττεσθαι
3293 1153 3444 1223 ῥῆμα
3484 1151 3547 1205 τὺ
3575 1151 3850 1218 ἀπότομον
3888 1146 3985 1198 καὶ

2414 1249 2608 1318 πικρὸν
2636 1249 2966 1317 διαπραῧνον
2992 1249 3104 1301 τῶν
3132 1246 3452 1315 ὀνειδισμῶν
3477 1261 3492 1275 ⁸
3521 1247 3554 1314 ἡ
3577 1244 3658 1306 δέ,
3692 1245 3773 1308 ὠς
3791 1236 3884 1306 εἰς
3911 1239 3984 1302 ἐξ

2416 1341 2604 1410 ἡμῶν,
2625 1342 2686 1393 τὸ
2711 1341 2873 1410 δριμὺ
2899 1341 2998 1408 τῆς
3020 1340 3304 1410 εἰρωνείας
3346 1336 3705 1403 ὑποτέμνεται
3736 1334 3832 1386 καὶ
3883 1330 3987 1400 τὴν

2416 1432 2725 1501 τραχύτητα
2750 1429 3091 1484 καταλεαίνει
3119 1427 3212 1481 τοῦ
3244 1423 3720 1496 προπηλακισμοῦ.
3771 1423 3846 1476 Οὑ
3875 1423 3987 1490 γὰρ

2416 1519 2535 1576 ἴσον
2573 1523 2749 1574 εἰπεῖν
2789 1523 2869 1584 εἰς
2897 1521 3205 1590 ἐπίπληξιν,
3237 1518 3358 1570 οὐδὲ
3417 1516 3611 1569 πολλοῦ
3647 1517 3747 1575 δεῖ,
3796 1533 3813 1565 ι
3853 1514 3989 1565 Ἰδοὺ

2419 1614 2643 1683 γέγονεν
2695 1613 2865 1680 Ἀδάμ
2915 1606 2996 1673 εἷς
3041 1611 3101 1674 ἐξ
3153 1609 3329 1679 ἡμῶν.
3362 1627 3380 1659 ι
3443 1609 3571 1673 καὶ,
3615 1624 3635 1658 t
3670 1605 3743 1666 ὼς
3789 1601 3870 1667 εἷς
3925 1604 3991 1670 ἐξ

2419 1706 2576 1776 ἡμῶν
2595 1722 2608 1736 ο
2637 1722 2656 1755 ι
2682 1705 2741 1756 τὸ
2772 1704 2868 1773 μὲν
2890 1703 3128 1772 ἄκρατον
3156 1702 3250 1754 καὶ
3265 1698 3494 1770 σφοδρὸν
3519 1699 3711 1764 ἐπάγει
3738 1695 3832 1748 καὶ⁵
3861 1693 3992 1747 καῖ-

2352 1841 2395 1897 B
2424 1811 2539 1863 ριον
2559 1794 2650 1846 τὸν
2677 1792 2982 1864 χλευασμόν
3009 1800 3023 1821 ⁶
3080 1788 3143 1842 τὸ
3189 1787 3248 1840 δὲ
3293 1785 3510 1897 διάἱτῆς
3539 1781 3861 1897 παραϐολῆς
3888 1780 3994 1897 :1

2420 1884 2732 1956 ὁμοιώσεως
2773 1881 3124 1951 κεκραμένην
3181 1896 3297 1942 πως
3322 1877 3418 1931 καί⁸
3445 1875 3841 1947 μετριάζουσαν
3887 1871 3994 1939 τὴν

2420 1976 2741 2046 ἐπιτίμησιν
2787 1974 2949 2034 ποιεῖ.
3007 1971 3101 2024 καί
3125 1987 3243 2023 τινα
3296 1969 3453 2037 λόγον
3488 1966 3673 2035 ὑφέξει
3701 1963 3994 2032 χλευάζειν

2419 2086 2480 2122 τε
2515 2069 2632 2138 ἅμα
2659 2067 2756 2122 καὶ
2793 2066 2889 2135 τὴν
2913 2063 3113 2134 χλεύην
3130 2060 3496 2132 ὑφαιρεῖσθαι,
3537 2057 3655 2121 ἐξὸν
3675 2056 3772 2108 ἀπ’
3809 2053 3993 2123 ἀρχῆς

2420 2164 2513 2217 τὸν
2541 2162 2742 2231 τρόπον
2774 2158 3016 2228 μηδὸλως
3047 2153 3298 2206 ὑπελθεῖν
3322 2152 3421 2221 τῆς
3445 2149 3666 2220 χλεύης.

2507 2255 2626 2307 Ἐπί
2644 2252 2702 2305 δέ
2727 2250 2937 2312 τούτοις
2955 2249 3174 2301 κάκεῖνο
3190 2242 3526 2311 συλλογίζου·
3550 2242 3598 2292 εἰ
3619 2237 3992 2307 διασύροντος,

2422 2349 2472 2401 εἰ
2491 2345 2866 2414 διαγελῶντος,
2897 2344 2943 2394 εἰ
2974 2337 3252 2411 εἰρωνείας
3274 2333 3660 2407 προϐάλλοντος
3685 2332 3716 2383 ὀ
3736 2328 3898 2395 λόγος
3925 2322 3995 2396 ἦν

2420 2440 2450 2491 ὀ
2480 2438 2673 2506 λέγων,
2710 2455 2730 2488 t
2753 2435 2886 2490 Ἰδοὺ
2938 2431 3110 2500 Ἀδὰμ
3156 2429 3375 2496 γέγονεν
3410 2425 3484 2487 ὡς
3511 2418 3592 2486 εἷς
3649 2421 3708 2485 ἐξ
3755 2419 3937 2490 ἡμῶν.
3968 2435 3988 2467 ι

2421 2533 2545 2586 τίνα
2565 2530 2701 2601 πρὸς
2718 2527 2889 2596 αὑτὴν
2911 2525 3201 2593 συνάφειαν
3224 2520 3256 2590 ἢ
3284 2514 3599 2572 ἀκολουθίαν
3621 2513 3733 2578 ἔξει
3757 2513 3821 2564 τδ
3843 2513 3992 2563 ἐπαο

2425 2624 2675 2692 γόμενον,
2700 2620 2801 2673 οὑκ
2839 2618 2904 2672 ἂν
2928 2616 3157 2684 ἐθελήσῃ
3187 2611 3387 2679 γνῶσιν
3431 2606 3737 2674 παρασχεῖν
3756 2619 3770 2632 ·
3803 2603 3996 2692 ὅμοιον

2425 2691 2534 2784 γάρ
2562 2711 2693 2765 ὡσεὶ
2722 2710 2928 2778 ἐλεγενο
2976 2705 3192 2771 Ἐπειδὴ
3219 2702 3328 2756 τῶν
3372 2700 3598 2753 ἐλπίδων
3651 2691 3994 2749 καταπεσὼν

2424 2783 2453 2860 ὀ
2490 2804 2684 2872 ’Δδάμ,
2719 2797 2806 2864 αἷς
2861 2798 3153 2869 ὀχούμενος
3199 2794 3297 2857 τὰς
3315 2792 3486 2862 ὀφρῦς
3534 2790 3767 2848 ἀνέσπα,
3813 2783 3996 2856 ὁρμῆς

2432 2899 2529 2968 μὲν
2551 2897 2643 2949 καὶ
2682 2895 2828 2947 ἄκων
2857 2891 2955 2959 τῆς
2977 2889 3171 2956 ἀλόγου
3201 2885 3483 2953 καθυφῆκε
3502 2897 3516 2912 ·
3547 2881 3607 2934 τδ
3633 2873 3996 2968 γαυρίαμα.δέ

2431 2966 2701 3056 κατήφεια
2746 2982 3018 3046 διεδέξατο
3041 2997 3056 3012 ο
3110 2979 3206 3031 καὶ
3262 2977 3490 3044 αἰσχύνη
3527 2971 3629 3041 τῆς
3655 2966 3998 3038 γυμνὼσεως

2429 3080 2592 3136 αὑτὸν
2624 3075 3046 3149 περιετείχισεν·
3077 3069 3197 3123 εἶτα
3216 3071 3277 3122 τὸ
3318 3065 3653 3134 ἐπαγόμενον
3683 3077 3696 3090 ·
3725 3060 3814 3112 διὰ
3835 3057 4001 3149 τοῦτο

2355 3174 2402 3237 C
2433 3147 2709 3242 προσῆκεν
2739 3167 2900 3222 αὐτὸν
2929 3162 3259 3231 ἐκϐληθῆναι
3284 3157 3378 3212 τοῦ
3413 3152 3762 3224 παραδείσου,
3796 3149 3886 3201 ἵνα
3922 3147 4000 3242 μη

2429 3238 2490 3317 th
2524 3238 2878 3330 περιγεγονὸς
2924 3255 3073 3323 αὐτῷ
3124 3253 3321 3322 θράσος
3359 3251 3455 3302 καὶ
3484 3247 3545 3299 τὸ
3566 3245 3871 3312 ὑπέρογκον
3901 3238 4002 3292 τοῦ

2430 3354 2770 3424 φρονήματος
2800 3347 3136 3420 θρασυτέραν
3162 3344 3260 3414 τὴν
3282 3344 3437 3412 χεῖρα
3458 3336 3889 3424 ἀπεργασάμενα
3911 3331 4003 3424 εἰς

2429 3422 2528 3514 τῆν
2558 3441 2812 3512 ἁρπαγὴν
2848 3437 3072 3489 ἐκείνων
3119 3433 3408 3501 συνελάσῃ,
3456 3423 3531 3482 ὧν
3567 3422 4000 3514 οὑδὶἆπτεσθαι

2433 3512 2698 3608 πρότερον
2722 3532 2982 3602 οὐδεμίαν
3034 3528 3237 3596 τόλμαν
3264 3521 3634 3577 ἐπεδείκνυτο.
3681 3512 3830 3584 *Λρα
3888 3514 4004 3608 γὰρ

2433 3605 2545 3699 ἔχει
2573 3605 2694 3681 τινά
2742 3624 2914 3679 ταῦτα
2966 3621 3122 3688 λόγον
3174 3615 3511 3678 ἀκολουθίας,
3564 3611 3596 3680 ἢ
3643 3605 4006 3668 συνδιασώζει

2433 3718 2842 3791 καθαρεύουσαν
2883 3715 3060 3785 μάχης
3078 3713 3351 3773 δὶάνοιαν;
3408 3707 3517 3759 Καὶ
3550 3705 3654 3774 μὴν
3678 3701 3828 3791 οὐδὲν

2432 3808 2522 3860 λον
2554 3787 2739 3876 ἕτερον
2779 3802 2839 3854 τὸ
2883 3800 3220 3869 ἐπαγόμενον
3266 3796 3301 3863 ἢ
3344 3794 3404 3846 τὸ
3459 3791 3749 3862 εἰρημένον
3804 3787 4004 3856 δηλοῖο

2432 3897 2581 3966 λέγει
2608 3898 2739 3964 γὰρ,
2792 3911 2810 3945 ι
2831 3893 2942 3946 Καὶ
2971 3888 3087 3953 νῦν,
3120 3889 3330 3957 μήποτε
3349 3883 3567 3965 ἐκτείνῃ
3587 3883 3685 3950 τὴν
3709 3881 3868 3948 χεῖρα
3907 3879 4011 3929 καὶ

2432 3988 2572 4060 λάϐῃ
2597 3986 2706 4040 ἀπὸ
2728 3982 2824 4038 τοῦ
2850 3982 3004 4047 ξύλου
3024 3981 3122 4049 τῆς
3145 3978 3288 4046 ζωῆς
3315 3977 3409 4028 καὶ
3427 3965 3597 4044 ’φάγῃ
3626 3971 3720 4024 καὶ
3757 3971 3998 4060 ζήσεται

2434 4081 2513 4141 εἰς
2540 4053 2632 4130 ⁶τὸν
2661 4076 2850 4130 αἰῶνα.
2885 4092 2903 4125 ι
2980 4072 3102 4133 Πῶς
3141 4069 3249 4139 γάρ
3281 4068 3379 4121 οὑκ
3418 4064 3685 4132 ἐπίδηλον,
3714 4064 3762 4114 εἰ
3803 4060 3892 4129 ἐφ’
3921 4053 4011 4122 οἷς

2432 4172 2532 4240 τῆς
2577 4165 2902 4238 προσδοκίας
2947 4163 3196 4216 διέπεσεν
3248 4157 3588 4228 ἐχλευάζετο,
3654 4157 3729 4217 ὡς
3781 4155 4011 4214 τούτοις

2434 4263 2724 4325 ἐδείκνυτο,
2786 4259 2966 4312 πᾶσαν
3005 4271 3070 4308 τε
3103 4253 3332 4323 δύναμιν
3367 4252 3447 4313 εἰς
3473 4249 3537 4302 τὸ
3569 4246 3794 4307 ἀσθενὶς
3826 4263 4012 4314 μετα-

2435 4353 2785 4422 ϐεϐλημένος,
2821 4349 2916 4401 καὶ
2946 4350 3045 4418 τῆς
3076 4346 3162 4413 ἐφ’
3189 4340 3268 4406 οἷς
3300 4340 3655 4411 ἐσοϐαρεύετο
3682 4339 4014 4407 παρρησίας

2436 4443 2676 4504 ὑποστάς
2705 4441 3017 4508 ἀφαίρεσιν,
3050 4437 3144 4488 καὶ
3170 4436 3231 4486 οὑ
3273 4429 3728 4502 περιτειχίζεοθαι
3781 4429 4014 4496 συνεχό-

2442 4553 2601 4606 μενον
2629 4533 2861 4593 οίκοθεν.
2902 4528 3180 4600 προσῆκον
3204 4523 3272 4596 ἦν
3306 4520 3381 4579 ὧν
3399 4522 3773 4591 ἀπετειχίζετο
3796 4521 4014 4589 πρά-τε-

2440 4646 2552 4699 ρον,
2579 4628 2653 4689 ὼς
2679 4625 2844 4695 αὐτῆς
2862 4625 2960 4693 τῆς
2986 4620 3080 4674 τοῦ
3113 4620 3273 4690 βουλή
3284 4634 3450 4688 ματος
3469 4615 3796 4685 διαμαρτίας
3823 4614 3924 4665 καὶ
3947 4615 4016 4666 τὺ

2437 4718 2902 4792 περιθραυσθῆναι
2928 4715 2990 4769 τὸ
3014 4716 3260 4783 γενναῖον
3296 4710 3388 4765 τοῦ
3426 4711 3768 4780 φρονήματος
3795 4705 4015 4758 ἱκανῶν

2434 4814 2622 4874 ὀντων,
2649 4811 2910 4878 δευτέρας
2924 4807 3084 4860 αὑτὸν
3110 4805 3345 4872 ἀπάγειν
3361 4801 3720 4873 θρασύτητοςς
3755 4798 4015 4866 ἐμφανὲς

2433 4905 2492 4957 δὲ
2525 4903 2618 4956 καὶ
2639 4901 2714 4964 ὼς
2738 4899 2896 4971 ἡμῶν
2922 4897 3087 4968 χλεύη
3126 4897 3265 4949 κατά
3317 4895 3664 4947 κατάπτωσιν
3689 4889 3857 4942 αὐτοῦ
3889 4890 4016 4942 τῶν

2436 4993 2699 5049 νεανικῶν
2727 4991 2998 5061 λογισμῶν
3020 4990 3112 5043 καὶ
3142 4988 3424 5042 ἀσθένειαν
3449 4984 4017 5053 στηλιτεύειπεριφα-

2437 5088 2560 5149 νῶς.
2623 5086 2697 5138 Τὸ
2722 5086 2780 5139 δέ
2812 5084 3042 5137 κωλύειν
3059 5081 3217 5135 αὐτὸν
3240 5079 3335 5133 τοῦ
3358 5077 3516 5142 ξύλου
3543 5077 3640 5145 τῆς
3663 5073 3808 5142 ζωῆς
3832 5091 4018 5142 μετα-

2439 5181 2587 5248 σχεῖν
2643 5178 2706 5230 τὸ
2738 5179 2773 5229 ά
2794 5214 2810 5230 .
2853 5215 2867 5230 .
2898 5214 2913 5230 .
2947 5212 2963 5229 .
2995 5213 3010 5227 .
3035 5173 3171 5242 μετά
3196 5172 3296 5241 τὴν
3334 5168 3644 5238 παράϐασιν
3698 5167 3790 5219 καὶ
3807 5166 4013 5236 ἀνδρί-

2438 5270 2626 5334 ζεσθαι
2681 5270 2855 5322 ποιεῖν
2902 5266 2938 5320 ἀ
2997 5266 3071 5336 μὴ
3105 5265 3369 5335 πρότερον
3405 5260 3653 5330 ἠδύνατο.
3703 5261 4011 5327 μαρτυρεῖ.

2437 5360 2627 5422 Οὐδεὶς
2661 5359 2769 5427 γάρ
2787 5358 3041 5429 ἀπείργει
3064 5357 3156 5408 τὸν
3174 5353 3382 5408 οῐκοοεν
3403 5351 3820 5422 ἀπειργόμενον.
3854 5348 4015 5402 Ἀλλ’

2445 5451 2509 5502 ἐκ
2540 5448 2749 5501 πολλῶν
2775 5449 2874 5518 μὲν
2892 5448 3047 5514 ὀλίγα
3069 5446 3260 5501 ταῦτα.

2509 5541 2732 5612 Εἴρηται
2761 5540 2941 5610 μέντοι
2989 5556 3054 5605 γε
3076 5537 3186 5591 τισὶ
3210 5537 3320 5591 τῶν
3337 5537 3696 5606 χαριεστέρων
3715 5531 3792 5593 τδ,
3823 5549 3846 5582 ε
3869 5531 4016 5587 Ἰδοὺ

2450 5632 2619 5703 ’Δδάμ
2650 5636 2870 5702 γέγονεν
2911 5631 2988 5695 ὡς
3026 5625 3107 5694 εἷς
3145 5630 3204 5697 ἐξ
3245 5627 3422 5699 ἡμῶν.
3463 5645 3481 5679 ι
3512 5626 3574 5678 οὗ
3608 5623 3745 5693 πρδς
3765 5622 3871 5694 τὴν
3899 5624 4018 5693 τῆς
