4202 6442
197 396 299 463 173

1109 413 1209 472 AD
1255 415 1845 485 AMPHILOCHIUM
1881 425 2228 499 QUESTIO
2263 430 2475 494 XXIV.

3323 440 3426 507 174

190 509 422 615 τριάδος
472 509 748 583 ὑπεροχὴν
784 514 883 615 τὴν
926 515 1206 589 ἀναφορὰν
1251 519 1418 591 ἔχειν,
1456 524 1572 579 ἀλλ’
1600 528 1681 592 είς
1704 528 1761 582 τὸ

1866 534 2057 602 nobis;
2088 554 2108 589 ι
2165 551 2276 592 non
2309 537 2378 594 ad
2411 538 2626 597 Triadis
2664 542 3039 599 excellentiam
3075 546 3286 615 referri,
3329 551 3425 605 sed

187 601 398 669 πλῆθος
419 604 630 675 άφορᾷν
661 604 771 659 τῶν
794 604 1182 679 λειωυργικῶν
1222 612 1316 666 καὶ
1338 613 1647 686 ἀσωμάτων
1675 619 1766 672 δυ-

193 691 435 759 νάμεων.
484 692 625 761 Ἐγὼ
658 694 715 748 δι
744 695 931 751 τοῦτον
964 699 1055 752 τὸν
1097 700 1254 770 λόγον
1301 705 1438 774 μετά
1460 707 1555 760 τοῦ
1582 709 1764 781 ὲνέχε-

186 781 315 835 σθαι
339 785 458 848 ταῖς
484 787 910 857 προειρημέναις
933 790 1156 858 αίτίαις,
1184 793 1294 847 οὐδ’
1312 796 1424 867 ὁρῶ
1446 797 1564 852 τίνα
1584 801 1765 871 χῶραν

183 872 329 936 ὅλως
361 873 475 943 ἔχει
535 878 934 949 παροντεθῆναι
997 883 1252 939 ἐνταῦθα.
1302 885 1442 941 Οὔτε
1499 890 1610 961 γάρ
1664 893 1764 962 τὴν

186 964 499 1036 αυμὸουλὴν
527 967 623 1020 τοῦ
646 967 827 1037 ὄφεως
869 970 1137 1045 διασύρει,
1173 975 1296 1029 οὐδὲ
1329 978 1577 1045 ἀγγέλων
1601 980 1764 1051 φύσιν

181 1054 441 1141 summ
461 1055 642 1127 ἔρωτά
660 1059 823 1113 ποθεν
845 1060 1027 1117 λαϐεῖν
1054 1066 1083 1118 ὁ
1119 1065 1287 1136 Ἀδάμ
1306 1070 1588 1141 ἐφωράθη.
1618 1075 1757 1129 Οὐδὲ

179 1139 255 1209 ἦν
290 1145 426 1199 πολὺ
462 1148 652 1220 πόρρω
692 1149 850 1222 δόξης
880 1153 981 1223 τῆς
1012 1155 1313 1229 άγγελικῆς
1340 1139 1590 1227 διεστὼς,
1621 1166 1764 1219 κατὰ

178 1235 277 1288 τὸν
310 1236 632 1307 παράδεισον
655 1240 753 1303 τάς
788 1242 1072 1314 διατριϐάς
1114 1246 1272 1317 ἔχων,
1308 1252 1402 1303 καὶ
1432 1252 1533 1322 τῆς
1559 1252 1762 1309 ἀθανα-

182 1327 313 1390 σίας
338 1328 429 1381 ιπί
474 1345 537 1399 γε
578 1333 646 1403 τῇ
688 1334 918 1406 προνοίᾳ
945 1335 1039 1390 τοῦ
1072 1338 1384 1406 Πλάσαντος
1430 1344 1719 1399 ἀπολαύων
1742 1362 1758 1378 ³

178 1416 275 1472 διὰ
304 1418 478 1474 ταῦτα
511 1422 693 1476 τοίνυν
726 1425 788 1478 οὐ
828 1426 975 1497 ῥᾴων
1005 1427 1121 1498 είμί
1143 1433 1207 1501 τῇ
1236 1432 1462 1506 τοιαύτῃ
1477 1436 1571 1490 τοῦ
1595 1439 1761 1509 ῥητοῦ

182 1510 561 1566 συνεπινεύειν
613 1514 915 1588 ἑρμηνεία·
986 1520 1223 1589 μάλιστα
1264 1524 1320 1577 δὲ
1350 1528 1443 1579 καὶ
1467 1527 1602 1582 διότι
1654 1548 1761 1602 περ

180 1599 245 1653 τι
262 1604 390 1655 ἀντὶ
441 1604 706 1676 ὀνόματος
736 1610 1096 1680 παραληφθιν
1143 1615 1237 1668 τοῦ
1294 1616 1455 1686 λόγου
1491 1599 1760 1691 μίροςείς

179 1692 431 1746 τοιοῦτον
458 1697 856 1767 σχηματίζεται
883 1701 1072 1758 τύπον.
1144 1706 1297 1776 Τάχα
1329 1709 1375 1761 δ’
1407 1708 1476 1763 ἀν
1508 1712 1602 1765 καὶ
1644 1713 1761 1766 ἑτέο

185 1797 306 1849 ροις
343 1783 679 1857 τεθεώρηται
708 1788 819 1841 τῶν
846 1791 1157 1861 εἰρημένων
1183 1794 1431 1868 θειότερά
1458 1816 1518 1853 τε
1549 1801 1642 1855 καὶ
1666 1819 1759 1855 τε-

1865 627 2134 697 respicere
2162 630 2230 683 ad
2264 629 2663 687 multitudinem
2692 644 3002 691 sanctarum
3063 648 3117 693 et
3170 640 3426 710 incorpo-

1863 731 2081 772 rearum
2119 728 2464 788 potestatum.
2552 724 2666 794 Ego
2710 741 2859 787 vero.
2889 737 3248 799 praeterquam
3279 736 3426 800 quod

1862 809 2132 877 praedictis
2161 810 2341 866 causis
2365 811 2608 881 subiacet
2631 815 2716 869 hic
2735 831 2937 883 sermo,
2967 834 3073 872 non
3090 821 3245 874 video
3261 836 3425 890 quem

1864 898 2042 954 locum
2067 900 2263 962 habeat
2305 900 2396 957 hic
2424 901 2696 959 interseri.
2751 907 2937 976 Neque
2978 910 3127 963 enim
3158 914 3427 976 serpentis

1862 988 2150 1054 consilium
2219 988 2505 1056 obtrectat,
2565 1006 2743 1061 neque
2788 996 3104 1063 angelorum
3174 1006 3425 1052 naturam

1863 1075 2195 1143 suscipiendi
2246 1092 2489 1132 amorem
2534 1081 2851 1150 concepisse
2898 1084 3070 1138 Adam
3121 1087 3269 1141 visus
3319 1098 3425 1143 est.

1863 1164 1981 1220 Non
2018 1166 2179 1236 longe
2206 1182 2238 1221 a
2288 1168 2459 1237 gloria
2510 1170 2751 1241 angelica
2779 1173 2976 1239 stabat,
3014 1175 3145 1229 dum
3178 1178 3231 1230 in
3269 1194 3428 1247 para-

1860 1257 1985 1313 diso
2014 1262 2454 1316 commorabatur
2483 1271 2540 1316 et
2575 1262 2925 1331 providentiae
2949 1264 3230 1321 Creatoris
3258 1270 3425 1329 bene-

1862 1346 1987 1402 ficio
2015 1347 2422 1406 immortalitate
2454 1349 2758 1408 fruebatur.
2786 1355 3079 1425 Propterea
3112 1372 3220 1411 non
3250 1358 3429 1414 liben-

1862 1442 1944 1489 ter
1980 1435 2074 1490 tali
2128 1436 2291 1505 hujus
2334 1439 2485 1494 verbi
2541 1442 2910 1511 explunationi
2980 1445 3425 1515 acquiescerem;

1862 1526 2158 1594 pmertim
2192 1528 2320 1597 quia
2354 1543 2457 1598 pro
2484 1532 2706 1587 nomine
2727 1543 2980 1603 suscepta
3012 1537 3285 1592 sermonis
3302 1553 3430 1607 pars

1860 1613 1915 1667 in
1954 1614 2118 1669 talem
2146 1616 2475 1671 transfertur
2515 1618 2764 1687 figuram.
2815 1621 2981 1677 Forte
3012 1632 3066 1678 et
3105 1626 3174 1680 ab
3200 1627 3324 1682 aliis
3352 1628 3430 1682 in-

1862 1715 2016 1760 venta
2054 1717 2183 1763 sunt
2210 1709 2278 1765 iis
2324 1725 2445 1777 qua:
2491 1711 2632 1766 dicta
2658 1723 2786 1768 sunt
2829 1714 3097 1770 diviniora
3144 1728 3198 1772 et
3249 1719 3428 1787 perfe—

1858 1797 2052 1851 ctiora.
2084 1797 2167 1852 Ile
2183 1813 2311 1854 vero
2328 1815 2503 1871 neque
2525 1802 2689 1857 etiam
2707 1809 3229 1873 eorum;memoriam
3244 1819 3431 1866 tenere

182 1870 455 1945 λειότερα.
505 1877 634 1947 Ἑμὶ
669 1878 727 1933 δὲ
749 1881 886 1950 μήτε
918 1883 1140 1954 μνήμην
1181 1885 1327 1957 ἔχειν
1364 1887 1566 1944 τούτων
1596 1893 1628 1962 ή
1653 1893 1761 1947 τῶν

1866 1893 2137 1957 persuasit
2160 1893 2455 1949 multorum
2479 1904 2533 1951 et
2557 1897 2660 1952 sibi
2690 1870 3099 1955 succedentium
3128 1914 3426 1959 conatuum

183 1963 415 2018 πολλῶν
459 1969 554 2021 καὶ
596 1969 1013 2044 άλλεπαλλήλων
1040 1978 1363 2048 πειρασμῶν
1378 1980 1561 2053 πληγὴ
1584 2000 1761 2055 παρα-

180 2055 466 2145 χωροῦσα,
495 2059 618 2129 μηδ’
671 2064 752 2126 είς
799 2063 1025 2134 ἔρευναν
1086 2068 1443 2126 καθίστασθαι
1496 2074 1765 2145 μηδεμίαν

180 2143 372 2200 ἄδειαν
401 2150 771 2221 παρεχομένη,
795 2154 874 2217 είς
894 2154 1051 2209 τοῦτο
1075 2160 1183 2227 γάρ
1210 2160 1357 2229 ἡμᾶς
1376 2164 1404 2215 ὁ
1423 2163 1533 2216 τῶν
1552 2143 1763 2236 ἀνθρὼ-

182 2252 309 2290 πων
335 2239 529 2306 φθόνος
552 2242 916 2311 συνέκλεισεν,
948 2246 984 2301 ἃ
1024 2250 1208 2321 παρῆν
1232 2252 1410 2306 είπείν
1438 2254 1497 2319 ἐξ
1526 2248 1600 2309 ὧν
1634 2273 1759 2310 συν·

182 2330 328 2383 εἶδον
361 2334 501 2387 κατά
550 2336 649 2406 τὴν
694 2338 795 2408 σὴν
851 2340 1330 2416 φιλομαθεστάτην
1399 2348 1623 2415 ἀξίωσιν
1664 2352 1763 2405 οὐκ

184 2423 420 2495 ἐπέσχεν
450 2426 704 2498 οὐδεμία·
730 2431 932 2504 καίπερ
967 2473 981 2486 .
1019 2476 1034 2489 .
1070 2478 1084 2491 .
1122 2480 1137 2492 .
1175 2475 1190 2491 ο
1229 2479 1244 2495 .
1267 2441 1429 2511 σιγῆς
1453 2444 1721 2514 πρόφασις
1745 2465 1762 2479 ο

181 2513 324 2567 ἀλλά
372 2517 515 2569 κατά
546 2520 644 2587 μὲν
674 2521 930 2594 ἐπιϐολὴν
968 2527 1315 2600 κεφαλαιώδη
1357 2534 1455 2584 καὶ
1500 2513 1765 2607 σύντομον

183 2606 284 2658 καὶ
331 2608 523 2678 καιρὸν
549 2610 789 2665 τοιοῦτον
806 2614 1031 2684 ἀρκέσοι
1055 2620 1121 2672 τὰ
1151 2621 1444 2692 εἰρημένα.
1506 2626 1568 2679 Εί
1624 2606 1682 2681 δέ
1710 2647 1763 2683 τι

182 2700 284 2754 καὶ
321 2700 387 2755 σὺ
422 2703 632 2768 τούτοις
665 2708 957 2777 προσθείης
986 2712 1087 2765 οὐκ
1111 2712 1334 2769 ἔλαττον
1371 2718 1550 2787 σαυτῷ
1591 2720 1625 2791 ἢ
1670 2722 1763 2775 καὶ

182 2793 323 2863 ἡμῖν
350 2809 419 2860 γε
472 2796 585 2858 τοῖς
617 2796 961 2864 διδασκάλοις
1014 2802 1112 2873 τὴν
1155 2804 1317 2875 χάριν
1371 2808 1759 2882 ἀνταποδοίης-

183 2883 320 2945 ίσως
354 2883 402 2936 δ’
434 2883 500 2938 ἄν
527 2902 673 2950 τινος
703 2890 956 2961 ἀφορμῆς
975 2894 1126 2963 παρὰ
1155 2895 1247 2948 σοῦ
1270 2898 1637 2971 πορισθείσης,
1667 2903 1762 2956 καὶ

183 2975 323 3042 ἡμῖν
344 2976 416 3029 ἀν
446 2977 657 3044 γίνοιτο
702 2981 799 3049 τῆς
824 2983 1126 3053 Μωσαῖκῆς
1179 2986 1433 3052 θεοπτίας
1460 2991 1521 3043 οὐ
1575 2993 1762 3064 πόρρω

181 3068 288 3129 τὴν
328 3067 569 3137 σπουδὴν
616 3071 776 3140 ήμῶν
832 3072 1228 3147 διωθουμένης,
1282 3080 1517 3148 μάλιστά
1568 3100 1630 3151 γε
1669 3086 1760 3138 καὶ

1868 1980 2006 2036 ictus
2046 1983 2251 2038 nullam
2282 1990 2347 2038 ad
2377 1986 2824 2058 investigatioues
2870 1993 3191 2049 statuendas
3222 1996 3432 2049 securi-

1866 2079 2031 2125 tatem
2082 2072 2346 2141 prabens.
2407 2076 2491 2131 Ad
2525 2075 2580 2131 id
2605 2079 2751 2133 enim
2785 2095 2888 2135 nos
2912 2082 3194 2136 hominum
3228 2082 3431 2138 invidia

1864 2165 2115 2232 perduxit
2151 2174 2209 2221 ut
2255 2181 2378 2236 qua
2419 2180 2639 2237 paratus
2674 2186 2824 2227 eram
2856 2173 3037 2230 dicere
3066 2189 3133 2229 ex
3161 2174 3246 2233 his
3308 2191 3432 2245 qua:

1865 2256 2125 2323 intellexi,
2168 2258 2325 2329 juxta
2363 2269 2512 2315 tuam
2564 2262 2903 2333 dignitatem,
2970 2266 3150 2321 dicere
3204 2268 3433 2323 minime

1863 2362 2116 2404 securum
2144 2351 2235 2405 sit.
2284 2352 2545 2418 Quamvis
2572 2393 2618 2409 ..
2641 2392 2656 2409 .
2678 2394 2694 2410 .
2726 2356 2928 2411 silentii
2953 2368 3267 2427 praetextus.
3326 2358 3430 2413 Sed

1864 2455 1963 2510 pro
1988 2440 2132 2495 brevi
2161 2449 2215 2497 et
2247 2443 2539 2497 summaria
2562 2449 2915 2515 responsione
2940 2456 2994 2502 et
3029 2462 3128 2516 pro
3157 2450 3251 2502 tali
3295 2459 3429 2503 tem-

1864 2545 1992 2602 pore
2031 2533 2143 2588 haec
2180 2531 2448 2588 sufﬁciant
2475 2534 2638 2589 dicta.
2687 2533 2744 2591 Si
2786 2546 2966 2591 autem
2994 2548 3047 2593 ct
3092 2547 3149 2593 tu
3174 2538 3259 2594 his
3289 2539 3429 2610 adji-

1863 2637 2040 2689 ceres,
2099 2639 2206 2679 non
2236 2625 2421 2681 minus
2447 2626 2542 2681 tibi
2580 2643 2745 2696 quam
2792 2629 2953 2685 nobis
3003 2629 3280 2699 magistris
3322 2632 3431 2687 tuis

1863 2716 2090 2786 gratiam
2122 2716 2469 2786 rependeres.
2536 2717 2738 2775 Forsan
2787 2735 2915 2775 vero
2968 2722 3013 2775 si
3047 2721 3306 2789 quiddam
3340 2738 3433 2794 ag-

1863 2805 2161 2875 gredereris
2198 2807 2330 2877 ipse,
2358 2806 2593 2864 Mosaica
2636 2809 2843 2864 visione
2882 2824 2994 2863 non
3028 2810 3216 2879 procul
3257 2816 3424 2865 ardo-

1863 2912 1976 2952 rem
2016 2907 2265 2954 nostrum
2310 2911 2639 2965 removente,
2686 2902 2983 2972 praesertim
3022 2917 3150 2958 vero
3192 2904 3356 2960 malis
3377 2916 3432 2959 et

1860 2989 2133 3045 continuis
2157 2989 2445 3047 affectibus
2484 2994 2803 3062 potentioris
2830 2994 3207 3050 benevolentia
3245 2996 3431 3051 immi-

1861 3079 2030 3145 nutis,
2081 3081 2293 3138 adesset
2318 3083 2519 3153 aliquid
2560 3085 2855 3154 sapientius
2895 3085 2961 3139 de
3002 3085 3431 3156 praecedentibus

180 3155 296 3207 τῶν
321 3157 655 3227 συνεχόντων
679 3161 863 3216 παθῶν
891 3165 1147 3237 εὐμενείᾳ
1171 3167 1266 3220 τοῦ
1285 3170 1589 3240 κρείττονος
1606 3172 1759 3227 ὲλατ-
1788 3212 1830 3269 C
1865 3172 2111 3242 cogitari.

182 3262 259 3269 ρ-.
293 3246 476 3269 --ι-.----
542 3249 670 3269 --ηνσ
730 3268 733 3269 ,
794 3253 809 3269 ι
1056 3256 1067 3269 ι
1152 3256 1174 3268 σε
1499 3259 1511 3269 ι
1648 3260 1669 3269 μ

180 3246 498 3315 τουμένων,
535 3249 844 3323 σοφώτερόν
876 3272 927 3307 τι
948 3256 1077 3326 περὶ
1106 3256 1217 3310 τῶν
1248 3259 1623 3330 προκειμένων
1642 3260 1756 3317 δια-

182 3336 473 3408 νοηθῆναι.

716 3455 1050 3511 ΕΡΩΤΗΣΙΣ
1087 3460 1211 3515 KA'.

181 3538 323 3606 Πῶς
352 3543 608 3623 θρητός
633 3561 697 3623 ξε
722 3545 821 3623 καί
841 3547 1132 3623 Magnae:
1166 3550 1247 3617 τῷ
1290 3556 1472 3623 Πατρὶ
1514 3559 1547 3610 ό
1574 3558 1754 3613 θάνα-

256 3627 360 3692 ζος
382 3612 602 3692 ,ζέτοιτς
636 3613 713 3668 ἂν
743 3612 897 3692 εἷται
918 3612 1024 3671 τοῦ
1048 3612 1304 3692 ζρισέοῦ
1328 3642 1340 3655 ·
1374 3612 1473 3678 κῖιὶ
1499 3627 1623 3692 πῶς
1648 3629 1747 3682 πά-

255 3685 363 3761 .ξιν
394 3684 427 3734 ό
448 3684 640 3764 ειύτὸς
670 3686 957 3764 transitio:
1003 3684 1103 3754 τῴ’
1124 3694 1367 3761 πονηρῷ
1410 3684 1659 3764 euntis;
1693 3716 1753 3752 τε

264 3749 391 3820 ἅμα
417 3748 569 3806 εἶναι
593 3748 691 3807 καί
724 3754 1036 3824 ἀθέλητος.

2162 3474 2489 3543 QUESTIO
2524 3475 2682 3531 XXIV
2716 3477 3049 3551 [al.XXlll].

1859 3568 2131 3633 Quomodo
2163 3577 2212 3621 et
2249 3568 2549 3623 voluntaria
2594 3580 2643 3623 et
2674 3571 3036 3624 involuntaria
3078 3570 3233 3624 Patri
3281 3586 3428 3624 mors

1925 3637 2126 3709 Christi
2158 3637 2272 3709 dici
2297 3648 2451 3705 queat
2477 3638 2657 3707 fuisse.
2691 3639 2758 3693 Et
2779 3640 3039 3709 quomodo
3067 3655 3252 3694 rursus
3292 3641 3433 3693 acci-

1926 3708 2021 3780 dat
2061 3718 2131 3780 _ut
2175 3707 2363 3780 cadent
2392 3724 2530 3761 mors
2560 3709 2769 3763 diabolo
2791 3707 2799 3709 “
2822 3709 3129 3763 uoluntaria
3164 3709 3433 3780 simulque

1928 3777 2294 3831 involuntaria
2336 3778 2515 3846 fuerit.

1317 3877 1456 3927 Edita
1486 3894 1513 3929 a
1539 3880 1679 3941 Maio,
1700 3885 1828 3935 Nov.
1859 3886 1997 3947 Colt.,
2020 3894 2056 3938 t.
2082 3888 2122 3950 Ι,
2151 3902 2199 3952 p.
2222 3888 2300 3938 ⁸14.

254 3946 331 4003 α’.
380 3949 448 4003 Ἥ
492 3949 592 4019 μὶν
618 3951 711 4005 οὖν
744 3954 949 4025 ἀπορία
978 3958 1407 4029 γλαφυρωτέρας
1439 3964 1583 4029 τινὸς
1618 3970 1755 4020 θεω-

185 4042 318 4111 ρίας
370 4044 595 4096 ἀπαιτεῖ
640 4045 735 4098 κα)⁸
784 4047 1110 4118 διακρίσεως
1154 4052 1344 4119 λόγον’
1396 4056 1496 4109 οὐκ
1547 4057 1662 4111 ἐστι
1712 4060 1757 4113 δ’

182 4135 561 4205 ἀπρόσδεκτον
589 4139 905 4211 ἐπικουρίας
928 4143 1186 4212 ἑκάτερον
1206 4143 1315 4199 τῶν
1335 4146 1752 4218 ἀπορουμένων,

182 4227 474 4295 ἀξιόλογον
509 4229 914 4301 ἐπιδειχθῆναι·
959 4233 1040 4286 δεῖ
1075 4235 1122 4288 δ’
1147 4235 1239 4289 οὖν
1279 4238 1461 4291 ἐκεῖνα
1491 4240 1759 4311 πρότερον

184 4320 271 4381 είς
298 4320 403 4388 τὴν
433 4320 785 4389 ἑνισχύουσαν
819 4324 992 4395 ῥοπὴν
1029 4327 1423 4395 ἀναγαγόντας,
1452 4328 1595 4383 οὕτω
1619 4331 1760 4385 κατά

181 4411 289 4480 τὴν
320 4413 706 4482 προσήκουσαν
738 4414 891 4479 τάξιν
920 4416 1013 4469 κα)⁸
1060 4421 1157 4488 τὴν
1186 4418 1341 4472 λύσιν
1368 4421 1599 4489 ἐπάγειν
1634 4439 1755 4475 πει-

1936 3976 1986 4028 l.
2016 3974 2251 4039 Quaestio
2278 3974 2391 4029 haec
2428 3974 2589 4043 paulo
2609 3974 2819 4032 altioris
2868 3976 3235 4032 meditationis
3271 3985 3435 4047 atque

1864 4061 2271 4131 disceptationis
2294 4063 2597 4118 orationem
2624 4065 2883 4134 postulat.
2904 4064 3091 4135 Neque
3115 4076 3435 4137 argumenta

1866 4152 2080 4215 desunt,
2106 4152 2307 4221 quibus
2361 4162 2593 4223 utraque
2634 4154 2901 4209 dubitatio
2951 4156 3085 4211 satis
3114 4158 3292 4227 gravis
3338 4158 3432 4211 de-

1866 4242 2155 4297 monstrari
2188 4251 2386 4312 potest.
2416 4242 2558 4315 Ergo
2582 4259 2720 4315 opus
2762 4254 2863 4309 est,
2900 4255 2959 4299 ut
3007 4246 3239 4316 primum
3270 4246 3434 4301 dubia

1867 4332 1980 4387 haec
2026 4334 2140 4388 suis
2184 4335 2395 4405 singula
2428 4338 2719 4392 momentis
2769 4339 3143 4401 corroborata,
3191 4352 3436 4407 expona-

1868 4438 2022 4490 mus;
2051 4424 2242 4480 deinde
2285 4435 2344 4478 ut
2382 4428 2726 4481 convenienti
2776 4430 2966 4482 ordine
3012 4427 3079 4482 ad
3117 4428 3431 4482 corumdem

185 4502 430 4571 ρᾶσθαιο
462 4504 597 4556 ἀλλά
626 4504 732 4576 γὰρ
761 4507 842 4559 ὅτι
878 4507 975 4577 μὲν
1013 4509 1226 4580 θέλημα
1270 4510 1360 4563 τοῦ
1390 4512 1603 4583 Πατρὸς
1628 4509 1697 4583 ἦν
1734 4515 1761 4565 ὀ

1865 4515 2180 4569 solutionem
2196 4516 2591 4587 aggrediamur.
2621 4516 2762 4571 Sane
2785 4519 2928 4587 quod
2956 4516 3134 4573 Patris
3158 4518 3434 4573 voluntate

181 4595 428 4667 σταυρὸς
461 4595 557 4649 τοῦ
582 4597 840 4668 Χριστοῦ,
868 4599 1031 4662 αὐτὸς
1056 4600 1204 4669 ἡμᾶς
1233 4602 1261 4653 ὁ
1297 4601 1487 4673 Σωτὴρ
1515 4602 1754 4657 διδάσκει

181 4689 242 4738 ὲν
274 4690 348 4757 τῇ
377 4685 472 4739 τοῦ
501 4685 728 4741 θανάτου
759 4689 1085 4760 παραιτήσει
1105 4688 1299 4757 λέγων’
1331 4708 1348 4742 ι
1378 4690 1525 4752 Πλὴν
1553 4693 1672 4763 ούχὶ
1695 4694 1758 4747 τὸ

182 4780 326 4849 ὲμδν
355 4779 740 4851 θέλημα,ἀλλά
763 4780 824 4835 τὸ
845 4781 935 4836 σὺν
962 4785 1251 4852 γενέσθω,›
1280 4786 1446 4855 ἡνίκα
1470 4787 1531 4841 τὺ
1560 4787 1755 4853 πάθος,

182 4875 287 4941 τῆς
322 4871 673 4944 ἀνθρωπίνης
700 4874 915 4944 φύσεως
957 4876 1055 4947 τὴν
1106 4876 1365 4945 ἀληθειαν
1416 4880 1757 4944 ἐπιδεικνὺς,

183 4962 480 5035 ἀπηύχετό
532 4983 591 5018 τε
626 4967 721 5019 καὶ
763 4966 1023 5038 άθέλητον
1066 4969 1376 5039 ὠνόμαζεν·
1409 4972 1469 5024 ού
1507 4971 1668 5042 μόνον
1704 4972 1760 5026 δὲ

182 5058 337 5121 τότε,
374 5055 513 5108 ἀλλά
542 5059 633 5110 καὶ
666 5057 825 5129 ἡνίκα
854 5060 1152 5137 ἐπετίμησε
1177 5058 1256 5131 τῷ
1278 5061 1488 5133 Πέτρῳ,
1507 5062 1761 5134 φρόνημα

186 5145 293 5214 μὲν
336 5145 433 5199 τοῦ
466 5145 604 5198 Θεοῦ
651 5147 819 5200 εἰπὼν
854 5148 945 5201 τὸν
991 5150 1239 5204 ἑκούσιον
1289 5150 1518 5207 θάνατον
1559 5154 1756 5207 αὐτοῦ’

184 5240 455 5308 φρόνημα
490 5240 548 5291 δὲ
584 5240 851 5306 διαϐόλου,
882 5235 927 5312 ᾧ
950 5242 1014 5313 δὴ
1046 5246 1136 5296 καὶ
1164 5240 1193 5298 δ
1221 5245 1458 5315 Πέτρος,
1492 5245 1553 5311 ἐξ
1576 5241 1637 5301 οὗ
1667 5250 1763 5302 καὶ

182 5331 287 5399 τὴν
342 5329 554 5382 ἐκείνου
603 5331 791 5399 κλῆσιν
834 5333 1220 5398 κατεδικάζετο
1246 5378 1260 5399 ,
1300 5336 1603 5406 τηνικαῦτα
1637 5355 1761 5392 συν-

191 5422 472 5492 υπήγετο,
512 5423 562 5475 εί
597 5422 690 5475 καὶ
717 5423 791 5493 μὴ
821 5424 885 5477 ὲκ
915 5426 1013 5495 τῆς
1044 5426 1214 5496 αὐτῆς
1239 5427 1531 5493 διαθέσεως
1553 5446 1567 5460 υ
1600 5431 1629 5481 ὁ
1663 5432 1763 5499 μὲν

188 5514 304 5584 γάρ
338 5515 403 5565 tu
431 5511 812 5585 φιλοστοργίας
845 5516 1038 5585 καιρὸν
1066 5516 1167 5569 οὐκ
1200 5516 1431 5590 ἐχούσης
1463 5558 1478 5584 ,
1515 5522 1544 5573 ὁ
1575 5520 1634 5573 δὲ
1666 5521 1765 5590 τὴν

190 5604 362 5676 ἡμῶν
392 5602 451 5670 ἐξ
504 5597 578 5658 ὧν
629 5605 954 5677 ἐκακούργει
995 5610 1090 5662 καὶ
1145 5610 1399 5681 ὲνήδρευε
1454 5613 1757 5682 σωτηρίαν·

192 5698 315 5751 ἀλλ’
344 5693 441 5750 οὖν
486 5699 563 5762 εἰς
594 5698 653 5752 ἐν
707 5702 1017 5771 συνέρῤεον,
1048 5702 1223 5755 καίτοι
1256 5705 1480 5773 γνώμης
1524 5706 1759 5775 ἑκμαχοι

262 5811 306 5843 ⁸⁸
345 5808 536 5866 Matth.
576 5829 717 5874 uri,
774 5814 861 5867 59.
939 5814 981 5845 ’⁸
1014 5812 1199 5869 Matth.
1254 5829 1364 5875 xw,
1407 5812 1495 5869 23.

1859 4621 2076 4663 crucem
2094 4606 2345 4662 Christus
2363 4607 2658 4676 pertulerit,
2688 4609 2803 4677 ipse
2832 4626 2930 4665 nos
2958 4609 3213 4663 Servator
3235 4609 3435 4662 certio-

1860 4712 1946 4752 res
1978 4698 2120 4763 facit,
2143 4699 2269 4751 dum
2293 4714 2476 4753 necem
2502 4700 2571 4753 ab
2603 4716 2661 4755 se
2681 4700 2977 4770 deprecans
2998 4702 3073 4755 ait
3102 4719 3115 4755 :
3158 4719 3176 4751 ι
3208 4699 3433 4754 Verum-

1862 4798 2041 4843 tamen
2080 4805 2186 4843 non
2211 4805 2324 4843 mea
2350 4793 2621 4854 voluntas,
2647 4790 2740 4845 sed
2766 4799 2860 4846 tua
2890 4790 2983 4845 fiat
3005 4792 3079 4857 ἰς
3120 4809 3139 4843 ι
3173 4806 3280 4860 quo
3296 4799 3435 4845 tem-

1860 4895 1989 4951 pore
2004 4881 2207 4936 scilicet
2220 4891 2277 4934 ut
2289 4881 2539 4935 humanae
2553 4890 2758 4936 natura
2772 4882 3047 4936 veritatem
3064 4882 3434 4944 confirmaret.

1863 4982 2087 5027 mortem
2126 4974 2475 5027 aversabatur
2517 4972 2728 5042 sibique
2790 4972 3208 5027 involuntariam
3234 4974 3433 5029 aiebat.

1865 5064 2050 5134 Neque
2091 5072 2219 5119 tunc
2256 5062 2454 5129 solum,
2487 5063 2582 5118 sed
2622 5063 2785 5118 etiam
2836 5078 2959 5119 cum
2993 5063 3209 5118 Petrum
3256 5065 3435 5121 incre-

1860 5158 1997 5229 puit,
2019 5157 2108 5211 Dei
2125 5156 2355 5212 consilio
2376 5164 2623 5221 mortem,
2637 5171 2799 5226 quam
2818 5166 3007 5226 sponte
3030 5155 3277 5211 obiturus
3293 5167 3432 5219 erat,

1864 5249 2135 5304 decretam
2161 5248 2329 5314 ait“;
2360 5246 2556 5302 diaboli
2599 5257 2778 5303 autem
2829 5247 3109 5302 molimine
3138 5256 3266 5301 tunc
3305 5262 3434 5317 pro-

1868 5341 2112 5405 hibitam,
2141 5342 2375 5411 itemque
2404 5355 2433 5394 a
2462 5340 2641 5403 Petro,
2670 5342 2764 5411 qui
2798 5340 2868 5396 ob
2898 5342 2950 5395 id
2982 5339 3179 5395 diaboli
3212 5340 3431 5394 nomine

1866 5434 1932 5488 ad
1966 5432 2314 5505 ignominiam
2366 5441 2583 5489 notatus
2632 5432 2753 5488 fuit.
2802 5433 2988 5504 Neque
3030 5443 3208 5486 tamen
3237 5430 3429 5487 eodem

1866 5526 2030 5580 animi
2056 5525 2316 5580 instinctu
2354 5532 2579 5595 uterque
2602 5525 2880 5590 ciebatur;
2913 5523 3007 5578 sed
3053 5523 3429 5591 intempestiva

1868 5616 2237 5673 benevolentia
2275 5615 2494 5683 Petrus;
2524 5617 2717 5673 salutis
2744 5626 2946 5673 nostra:
2988 5617 3115 5671 odio
3145 5631 3209 5671 ac
3247 5628 3431 5685 perse-

1868 5709 2086 5767 cutione
2119 5708 2385 5765 diabolus.
2427 5707 2727 5777 Cmteroqni
2755 5724 2941 5777 reapse
2971 5708 3158 5764 eodem
3192 5705 3429 5760 conﬂue-
