4202 6442
165 440 264 502 ῙΠ

1097 446 1195 504 ΑΙ)
1260 436 1852 504 ΑΜιἮιιοοΗιυΜ
1889 434 2233 506 ΟΠΕΒΤΙΟ
2273 434 2483 495 XXIV.

3316 426 3419 491 178

162 552 221 604 τὸ
242 551 499 621 τρόπαιον
528 552 666 605 κατά
689 553 799 605 τῶν
839 553 1148 607 ἀντιπάλων
1183 556 1212 607 6
1243 554 1500 624 ἀριστευς
1526 551 1729 619 ἵστησι,

1844 545 2051 612 referat,
2088 561 2263 615 neque
2296 544 2417 611 ejus
2444 541 2761 598 vulneribus
2781 584 2794 607 ,
2825 541 2954 596 dum
2986 541 3305 610 praclarum
3334 540 3416 593 fa-

164 640 394 702 καὶτοῖς
420 644 697 711 τραύμασι
751 643 887 713 πρὸς
934 642 996 695 τὸ
1052 644 1353 714 παράδοξον
1396 642 1613 707 βλέπων
1635 640 1732 693 τοῦ

163 732 589 802 κατορθώματος
647 734 748 786 οὐκ
816 735 1137 803 ἀλγύνεται⁸
1172 735 1292 790 καθ’
1329 735 1527 797 έαυτάς
1553 732 1611 787 δὲ
1635 732 1735 795 τὰς

166 819 379 889 πληγάς
406 822 725 890 λογοθετῶν,
759 823 852 875 καὶ
876 823 1076 886 ταύτας
1111 822 1593 894 ἐπιστρεφόμενος.
1621 819 1734 889 οὐχ’

164 912 336 978 ἡδέως
363 912 468 982 δρᾷ
500 912 840 982 τραυματίαν
864 914 954 965 τὸν
978 913 1075 982 τὴν
1104 912 1262 981 νίκην
1294 909 1700 981 ἀναδησάμενον
1719 923 1734 938 ⁸

166 1004 311 1057 οὕτω
336 1004 394 1057 δὲ
412 1007 505 1057 καὶ
525 1007 555 1058 6
589 1006 798 1075 Πατὴρ,
828 1000 908 1066 οἷς
930 1007 1028 1074 μὲν
1063 1004 1209 1075 ἑώρα
1250 1004 1340 1057 τὸν
1371 1002 1501 1056 Υίὸν
1523 1000 1617 1055 τοῦ
1643 1001 1739 1054 ἀνο

166 1095 445 1164 θρωπίνου
470 1096 657 1162 γένους
682 1097 774 1148 τὸν
799 1098 1056 1166 πολέμιον
1086 1101 1206 1160 ταῖς
1241 1098 1338 1150 ἐπὶ
1363 1095 1460 1149 τοῦ
1485 1094 1738 1164 σώματος

169 1184 405 1253 πληγαῖς
440 1184 864 1249 καταδάλλοντα,
904 1187 1001 1253 τῆς
1053 1186 1169 1257 Θεῷ
1195 1186 1510 1257 πρεπούσης
1538 1186 1739 1254 εὐφρο-

169 1276 341 1346 σύνης
369 1272 457 1345 ἦν,
494 1278 589 1329 καὶ
609 1280 727 1340 ταῖς
755 1277 850 1331 τοῦ
881 1278 1071 1341 Παιδὸς
1096 1278 1483 1351 ἀνδραγαθίαις
1508 1275 1739 1346 ἐσεμνύ-

165 1384 325 1420 νετο·
353 1362 433 1430 οἷς
462 1366 507 1420 δ’
549 1369 580 1422 6
636 1368 889 1435 φίλτατος
942 1370 1478 1440 τετραυματισμένος
1521 1364 1592 1437 ἦν
1619 1370 1741 1430 ταῖς

168 1457 407 1527 πληγαῖς
435 1460 525 1511 καὶ
544 1460 654 1520 τοῖς
684 1459 930 1528 μώλωψι,
975 1459 1093 1513 καθ’
1122 1460 1285 1514 έαυτό
1316 1476 1380 1527 γε
1405 1462 1485 1522 εἰς
1531 1458 1739 1528 αἰρεσιν

166 1548 269 1601 οὐκ
308 1551 538 1619 ἀνέφερε
556 1566 571 1580 ·
600 1550 798 1619 μᾶλλον
827 1550 873 1603 δ’
911 1549 1144 1603 ἐνταῦθα
1173 1549 1333 1604 πλέον
1362 1550 1420 1602 τὸ
1458 1550 1557 1617 τῆς
1589 1548 1741 1616 θελὴ-

170 1660 334 1707 σεως,
364 1646 507 1714 ἧπαρ
530 1646 588 1697 έν
607 1643 685 1714 τῷ
723 1644 1125 1715 παραδείγματι
1142 1661 1155 1674 ’
1185 1647 1300 1697 ἐκεῖ
1324 1645 1422 1713 μὲν
1444 1644 1553 1714 γὰρ
1578 1645 1742 1713 ἀρχο-

172 1735 353 1803 μένων
382 1734 488 1787 τῶν
516 1736 865 1805 τραυμάτων,
916 1736 1147 1805 ἐπείπερ
1195 1736 1388 1804 ἄδηλος
1420 1730 1487 1805 ἦν
1521 1736 1557 1804 η
1594 1734 1741 1803 νίκη,

170 1826 369 1893 πικρὸν
430 1825 491 1878 τὸ
532 1825 711 1896 θέαμα
739 1826 819 1898 τῷ
862 1825 1174 1897 στρατηγῷ,
1220 1828 1319 1896 τῆς
1371 1824 1581 1895 τροπῆς
1632 1825 1742 1877 τῶν

169 1915 385 1986 ἐχθρῶν
429 1914 581 1971 οὔπω
628 1918 926 1990 παρούσης,
974 1918 1358 1985 κατεφαίνετο·
1409 1915 1641 1970 ἐνταῦθα
1689 1916 1744 1968 δὲ
1776 1897 1822 1957 Β

165 2010 263 2060 ἀπ’
314 2009 494 2062 αὐτῶν
548 2009 658 2065 τῶν
695 2011 1049 2081 τραυμάτων,
1091 2010 1291 2080 μᾶλλον
1319 2009 1378 2063 δὲ
1409 2010 1505 2063 καὶ
1534 2010 1665 2078 πρὶν
1708 2008 1741 2066 ἢ

166 2100 296 2163 τοὺς
330 2101 644 2170 μιαιφόνους
674 2102 767 2155 τὸν
802 2103 1033 2172 Σωτῆρα
1083 2104 1196 2165 τοζς
1223 2101 1501 2172 τραύμασι
1527 2100 1744 2167 ἀνυδρί-

168 2210 283 2255 σαι,
310 2194 558 2264 λαμπρόν
582 2210 642 2246 τε
692 2195 1010 2263 καθεωρᾶτο
1055 2194 1115 2246 τὸ
1160 2196 1439 2260 τρόπαιον,
1469 2192 1563 2245 καὶ
1593 2192 1745 2244 οὐδὲν

166 2286 390 2339 ἔλαττον
417 2287 448 2357 ἢ
476 2290 564 2340 ὅτε
610 2288 725 2352 τοῖς
773 2287 1152 2355 έναγεστάτοις
1181 2286 1448 2356 ἐτολμᾶτο
1489 2285 1559 2338 τά
1590 2283 1744 2338 ἀτόλ-

169 2397 355 2449 μηταο
392 2381 511 2449 Θεῷ
538 2397 600 2433 τε
640 2382 752 2452 γάρ
780 2382 874 2435 καὶ
904 2381 971 2435 τά
1001 2380 1261 2451 μέλλοντα
1297 2381 1551 2450 πάρεστι,
1585 2377 1682 2430 καὶ
1709 2378 1744 2447 ἡ

166 2472 374 2537 γνῶσις
428 2472 627 2541 ἀμφοῖν
655 2474 872 2543 πρόεισι
906 2472 973 2525 δι’
1009 2474 1125 2526 ίσου
1144 2488 1159 2503 ο
1188 2472 1340 2526 οὐδὲν
1371 2470 1493 2524 κατ’
1519 2469 1650 2524 αὐτό
1678 2486 1742 2538 γε

161 2559 328 2616 τοῦτο
354 2560 463 2614 τῶν
486 2562 905 2631 ἐπιγενομένων,
930 2561 1053 2616 οὔτε
1082 2561 1188 2616 τῶν
1227 2562 1395 2617 πάλαι
1417 2559 1741 2629 γεγονότων,

161 2648 293 2703 οὔτε
322 2652 432 2721 μὴν
462 2651 569 2704 τῶν
619 2651 723 2723 ἠδη
780 2652 1083 2721 παρόντων,
1128 2654 1187 2705 τὸ
1214 2652 1437 2705 ἔλαττον
1470 2652 1744 2719 ἀποφερο-

166 2742 381 2809 μένων*
416 2742 568 2795 οὐδὲν
596 2739 690 2796 οὖν
718 2742 921 2813 ἀπορον
965 2743 1045 2796 ἔτι
1078 2743 1467 2813 παραδέχεται,
1493 2742 1555 2795 τὸ
1581 2740 1741 2811 θελη-

161 2834 258 2887 τὸν
276 2830 419 2887 εἶναι
551 2836 724 2904 Πατρὶ
747 2836 839 2888 τὸν
872 2835 1101 2888 θάνατον
1127 2834 1221 2887 τοῦ
1262 2832 1390 2887 Υίοῦ
1423 2832 1519 2887 καὶ
1548 2832 1743 2902 ἀθέλη-

162 2942 257 2977 τον
281 2942 295 2954 ·
325 2925 449 2979 οὐδὲ
468 2924 529 2979 τὸ
556 2926 789 2996 σπουδὴν
816 2927 916 2996 μὲν
945 2927 1103 2979 αὑτὸν
1132 2922 1273 2979 εἶναι
1290 2924 1741 2994 καταπραχθῆναι

162 3017 244 3087 τῷ
271 3018 576 3087 άρχηιιάκῳ
621 3018 718 3085 τῆς
770 3018 983 3085 φύσεως
1039 3018 1195 3087 ἡμῶν
1227 3017 1427 3087 ἱχθρῷ,
1460 3017 1640 3086 πάσης
1681 3014 1740 3067 δὲ

165 3108 375 3175 μᾶλλον
435 3106 820 3177 χαλεπωτέραν
873 3106 1087 3176 πληγὴν
1135 3105 1323 3175 φέρειν
1375 3104 1437 3158 τὸ
1480 3104 1739 3174 προελθὸν

161 3200 345 3268 πέρας
360 3199 470 3251 άπὸ
480 3199 576 3268 τῆς
592 3198 827 3267 σπουδῆς
846 3215 861 3230 ο
881 3200 909 3250 6
929 3198 1027 3267 μὲν
1049 3198 1158 3268 γάρ
1181 3198 1415 3268 πονηρὸς
1438 3197 1516 3267 τῷ
1545 3198 1737 3266 αἵματι

163 3266 375 3362 χαίρων
396 3291 492 3345 καὶ
537 3266 854 3361 περιχανὼν
888 3266 980 3343 τοῦ
1033 3266 1487 3360 Σωτῆροςίοῠπω
1520 3290 1620 3357 τῆς
1644 3306 1740 3358 χα-
1766 3266 1810 3325 c

166 3384 267 3450 pi;
304 3384 419 3443 τοῖς
448 3381 771 3450 σπλάγχνοις
809 3381 1291 3451 ὲμόαθυναμένης,
1320 3381 1421 3449 τήν
1443 3396 1504 3433 τε
1525 3380 1742 3433 ἀνίατον

163 3475 293 3541 by:
362 3472 882 3541 καταλαμβάνουσαν
934 3472 1171 3544 πληγὴν,
1230 3473 1324 3525 καὶ
1373 3474 1466 3526 τὸν
1523 3473 1743 3542 δλεθρον

164 3566 550 3634 ἀπαραίτητον
578 3581 591 3593 ·
627 3568 654 3618 6
682 3565 740 3617 δὲ
779 3564 970 3636 Πατὴρ
999 3566 1098 3618 οὐκ
1127 3567 1493 3635 ἀρεσκόμενος
1521 3565 1745 3618 αὐτόθεν

164 3660 231 3724 τῇ
266 3654 368 3708 τοῦ
391 3657 621 3723 αἵματος
643 3656 821 3724 χύσει,
840 3656 1050 3725 ἠρέσθη
1080 3672 1138 3709 τε
1185 3657 1420 3725 μάλιστα
1447 3658 1747 3727 συμπροῖὸν

164 3752 224 3800 τὸ
263 3749 423 3811 τέλος
480 3748 643 3819 ὀρῶν,
688 3750 781 3802 καὶ
843 3749 1155 3819 περιχαριῖης
1212 3748 1604 3820 προσεδέξατο·
1646 3750 1746 3802 οὐκ

163 3840 310 3892 αὐτὸ
368 3838 525 3892 τοῦτο
577 3838 746 3908 φιλῶν
781 3839 880 3909 τὴν
908 3840 1122 3908 σφαγὴν
1170 3839 1263 3892 τοῦ
1290 3840 1506 3906 Παιδὸς,
1540 3841 1654 3893 ἀλλ’
1684 3843 1748 3895 ἐκ

161 3929 262 3983 τιιῦ
300 3930 510 3994 τέλους,
543 3929 618 3993 ὡς
652 3932 887 4000 εἴρηται,
920 3934 1016 3983 καὶ
1062 3930 1262 3999 ταύτην
1296 3930 1748 4003 ἐξοικειούμενος,

164 4023 263 4072 καὶ
290 4022 373 4083 είς
406 4020 649 4085 εὐδοκίας
675 4021 831 4089 λόγον
865 4022 1199 4091 μεταποιῶν.

235 4114 305 4165 δ’.
334 4113 446 4165 Καὶ
465 4114 612 4183 ιχεις
667 4114 961 4168 κάντεῦθεν
983 4116 1032 4167 εί
1057 4114 1234 4184 βούλει
1264 4116 1360 4171 καὶ
1393 4117 1747 4188 ἀπορήματος

165 4203 409 4256 παλαιοῦ
439 4204 573 4274 πρὸς
598 4202 748 4257 λύσιν
794 4206 1008 4273 ὁρῶσαν
1055 4206 1435 4275 ἀναφυομένην
1458 4208 1746 4277 ἀφορμήν·

164 4296 226 4345 τὸ
253 4295 314 4347 δὲ
344 4295 611 4363 άπόρημα
630 4296 677 4347 εἰ
701 4296 797 4348 καὶ
832 4298 945 4358 τοῖς
985 4298 1054 4351 τά
1082 4296 1200 4349 θεῖα
1240 4297 1626 4366 φιλοσοφοῦσιν
1652 4298 1751 4351 οὐκ

163 4387 387 4455 ἄδηλον,
426 4382 657 4440 άλλόὖν
706 4390 786 4450 εἰς
841 4389 1024 4457 κοινὴν
1047 4390 1303 4442 ἀπάντων
1332 4389 1535 4457 γνῶσιν
1577 4391 1751 4443 εἰπεῖν

162 4476 642 4545 λυσιτελέστερον
679 4478 727 4529 ει
760 4476 954 4547 λύτρον
1004 4476 1162 4547 ἐδόθη
1194 4478 1253 4530 τὸ
1300 4482 1565 4548 σωτήριον
1612 4473 1751 4548 αἷμα

162 4572 264 4640 τὴν
299 4571 414 4623 άπὸ
442 4568 542 4637 τῆς
565 4569 936 4639 αἰχμαλωσίας
962 4572 1258 4644 ἀνάρρυσιν
1275 4572 1367 4629 τοῦ
1382 4573 1570 4642 γένους
1593 4574 1750 4645 ἡμῶν

165 4658 591 4727 [Reddo-art;
649 4663 678 4712 6
733 4660 913 4714 λαὸὡν
965 4662 1126 4731 (58);
1168 4665 1345 4734 Πατρὶ
1387 4664 1483 4735 μὲν
1507 4664 1617 4735 γὰρ
1647 4665 1744 4736 οὐχ

163 4751 262 4819 ἡδὺ
293 4752 391 4803 τοῦ
433 4750 629 4814 Παιδὸς
662 4753 696 4822 ἡ
736 4754 947 4823 σφαγή’
982 4752 1062 4824 τῷ
1092 4753 1151 4807 δι
1182 4754 1352 4828 λῃστῇ
1380 4756 1497 4820 πῶς
1525 4759 1585 4810 οὐ
1617 4759 1740 4813 τολ-

165 4842 347 4910 μηρὸν
402 4843 499 4894 καὶ
550 4845 722 4911 φονεῖ,
758 4843 937 4900 δοῦναι
970 4845 1171 4914 Κύριον
1215 4846 1446 4917 αἵματος
1486 4850 1740 4918 γενέσθαι

160 4935 253 4988 τοῦ
277 4935 605 4987 δεσποτικοῦ
630 4954 644 5001 ;
677 4936 843 4991 πολλὰ
874 4938 971 5008 μὶν
991 4938 1101 5007 γὰρ
1127 4940 1222 4993 καὶ
1260 4939 1395 4993 ἄλλα
1422 4939 1521 5011 τὴν
1552 4942 1736 4997 διάλυ-

164 5044 246 5077 σιν
281 5028 633 5095 παραστήσει
650 5027 744 5079 τοῦ
762 5028 1096 5099 ζητήματος,
1122 5023 1197 5082 ὧν
1222 5030 1322 5083 οὐχ
1355 5030 1587 5101 ἀκαιρον
1615 5032 1744 5095 ἴσως

165 5117 286 5181 μετ’
318 5114 502 5182 ὀλίγον
530 5118 963 5187 ὲπιμνησθῆναιο
1012 5108 1163 5172 τὸδὲ
1192 5118 1281 5173 διά
1321 5120 1429 5173 τῶν
1469 5121 1744 5194 ῥηθέντων

162 5207 381 5275 προϊὸν,
426 5208 457 5259 6
528 5208 714 5279 Πατὴρ
767 5210 867 5279 μὲν
908 5210 1119 5280 δέχεται
1152 5212 1214 5265 τὸ
1257 5206 1397 5282 αἷμα
1427 5212 1521 5266 τοῦ
1549 5213 1745 5277 Παιδὸς

161 5300 320 5369 πόθῳ
366 5298 465 5351 τοῦ
511 5299 871 5371 ὲκδεϐηκότος
898 5318 915 5334 ο
967 5303 997 5355 6
1038 5302 1096 5355 δὲ
1150 5304 1386 5377 πονηρὸς
1420 5306 1621 5377 ὶτόλμα
1646 5306 1744 5375 μὲν

161 5392 259 5443 καὶ
287 5389 624 5463 ἐθρασύνετο
672 5390 876 5461 λασείν,
929 5392 1192 5450 ἀντέλαδε
1217 5394 1274 5451 δὲ
1301 5395 1399 5465 τῆς
1428 5397 1743 5469 τυραννίδος

1837 640 1993 694 ciuus
2017 647 2245 709 spectat,
2274 638 2449 702 dolet;
2480 636 2574 691 sed
2609 646 2788 689 tamen
2831 645 3015 705 postea
3058 636 3241 705 plagas
3270 635 3415 702 ipsas

1838 744 1935 799 per
1969 744 2027 784 se
2056 728 2431 790 considerans,
2458 736 2618 796 atque
2653 726 2738 779 his
2762 735 3093 787 commotus.
3123 735 3408 779 cruentam

1838 822 2119 876 victoriam
2156 820 2300 874 haud
2343 820 2463 873 Izeto
2497 822 2681 872 animo
2705 818 2939 885 aspicit:
2968 818 3048 872 sic
3086 819 3249 872 Pater
3280 830 3414 885 qua-

1840 923 1996 967 tenus
2021 912 2197 982 gentis
2239 912 2488 964 humanae
2514 910 2720 964 hostem
2744 925 2773 961 a
2801 908 2938 963 Filio
2964 923 3066 963 suo
3093 908 3333 976 acceptis
3358 909 3415 959 in

1839 1019 2065 1073 corpore
2090 1003 2403 1057 vulneribus
2427 1000 2772 1071 proﬂigatum
2793 1000 3034 1064 videbat,
3057 1000 3273 1067 dignam
3308 1001 3416 1051 Deo

1841 1096 2077 1150 lzrtitiam
2122 1094 2390 1164 capiebat,
2416 1093 2648 1163 Filiique
2681 1092 2998 1147 fortitudine
3042 1091 3373 1161 gloriabatur
3399 1107 3416 1140 :

1840 1199 2109 1258 quatenus
2134 1202 2258 1240 vero
2281 1186 2636 1239 charissimus
2664 1184 2752 1238 ille
2778 1184 2946 1253 plagis
2979 1190 3139 1253 atque
3156 1181 3419 1236 vibicibus

1843 1280 2197 1342 onerabatur,
2249 1276 2302 1331 id
2352 1292 2447 1347 per
2476 1292 2556 1342 se,
2614 1278 2868 1346 inquam,
2899 1289 3058 1345 aequo
3101 1274 3286 1329 animo
3309 1288 3419 1326 non

1846 1372 2072 1425 ferebat.
2101 1368 2403 1439 Ceteroqui
2429 1369 2549 1439 plus
2574 1369 2874 1423 voluntatis
2898 1368 2952 1421 in
2980 1367 3235 1438 passione
3261 1367 3423 1419 Chri-

1844 1464 1937 1525 sti,
1962 1477 2123 1531 quam
2171 1477 2227 1515 in
2261 1463 2541 1531 proposito
2566 1462 2817 1531 exemplo
2844 1468 3117 1514 versatum
3146 1468 3250 1514 est.
3286 1456 3421 1510 Nam

1844 1554 1986 1623 quod
2008 1552 2203 1606 attinet
2222 1552 2291 1605 ad
2318 1553 2649 1618 exemplum,
2674 1550 2802 1605 dum
2837 1551 3061 1604 vulnera
3086 1549 3302 1618 quidem
3318 1548 3423 1602 im-

1846 1654 2145 1713 pununtur,
2170 1644 2371 1698 incerta
2394 1644 2572 1697 adhuc
2600 1644 2849 1703 victoria,
2881 1651 3079 1696 tetrum
3105 1640 3425 1711 imperatori

1847 1735 2209 1804 spectaculum
2237 1744 2341 1798 est,
2372 1735 2609 1789 nondum
2633 1735 2881 1789 hostibus
2903 1734 3203 1799 inclinatis;
3233 1747 3423 1787 verum

1849 1828 1901 1880 in
1956 1826 2159 1881 Christi
2208 1828 2459 1896 passione
2521 1827 2637 1897 ipso
2695 1827 2980 1881 vulnerum
3037 1825 3237 1887 initio.
3313 1824 3424 1877 imo

1851 1920 2169 1991 priusquam
2200 1921 2411 1975 cruenti
2439 1920 2516 1974 illi
2546 1920 2891 1974 Senatorem
2931 1919 3105 1988 plagis
3125 1917 3422 1979 allicerent,

1846 2013 2189 2083 splendidum
2268 2012 2592 2068 coruscabat
2645 2020 2909 2081 troptum
2941 2028 2955 2064 :
2984 2024 3159 2080 neque
3211 2010 3425 2064 minore

1847 2109 2229 2175 perspicuitate
2252 2120 2411 2175 quam
2436 2115 2620 2176 postea
2644 2106 2821 2160 visum
2844 2115 2951 2170 est,
2983 2119 3105 2160 cum
3138 2104 3171 2157 ii
3203 2102 3423 2158 scelesti

1846 2195 2084 2251 immane
2133 2198 2342 2252 facinus
2366 2197 2477 2267 jam
2541 2206 3006 2267 perpetraverant.
3052 2196 3263 2265 Quippe
3312 2196 3424 2249 Deo

1847 2284 2025 2340 futura
2074 2302 2292 2356 quoque
2322 2288 2665 2356 praesentium
2698 2287 2872 2341 instar
2903 2295 3064 2349 sunt,
3117 2287 3273 2355 isque
3303 2286 3423 2355 pari

1846 2378 2133 2447 utriusque
2192 2379 2455 2446 temporis
2514 2379 2743 2433 scientia
2798 2378 3007 2432 utitur:
3040 2387 3093 2432 et
3148 2393 3243 2432 seu
3300 2392 3423 2447 quae

1844 2470 2023 2523 adhuc
2044 2478 2306 2523 eventura
2337 2479 2485 2534 sunt,
2514 2484 2608 2524 seu
2642 2484 2763 2539 quae
2782 2469 2992 2539 jamdiu
3018 2470 3424 2538 praeterierunt,

1844 2572 1941 2614 seu
1969 2559 2209 2630 denique
2246 2576 2369 2630 qua:
2410 2560 2462 2613 in
2492 2562 2742 2629 praesenti
2777 2560 3005 2625 adsunt,
3044 2561 3237 2631 aquati
3270 2562 3421 2631 apud

1844 2650 2015 2705 Deum
2046 2651 2359 2706 conditione
2382 2651 2662 2706 fruuntur.
2708 2650 2829 2705 Jam
2866 2653 3070 2706 nullam
3102 2653 3283 2722 itaque
3310 2654 3420 2707 du-

1844 2739 2165 2794 bitationem
2190 2741 2411 2809 patitur,
2437 2741 2585 2810 quod
2627 2738 2749 2794 Filii
2781 2741 2963 2796 obitus
2992 2750 3047 2795 et
3076 2741 3421 2798 voluntarius

1842 2831 1990 2886 Patri
2022 2834 2186 2887 fuerit
2222 2842 2278 2888 et
2308 2832 2733 2889 iuvoluntarius.
2765 2833 2979 2889 Rursus
3020 2849 3176 2904 asque
3205 2834 3423 2890 indubi-

1843 2933 2011 2981 tatum
2042 2934 2146 2988 est,
2196 2924 2441 2979 studiose
2472 2927 2524 2979 in
2558 2923 2772 2979 facinus
2819 2927 2888 2981 ab
2934 2927 3162 2995 antiquo
3212 2939 3424 2981 natura

1842 3024 2045 3070 nostra
2068 3015 2224 3070 hoste
2251 3016 2418 3071 fuisse
2442 3026 2724 3082 curatum;
2751 3018 2987 3087 itemque
3007 3018 3420 3073 acerbissimam

1841 3105 2090 3159 omnium
2112 3105 2345 3171 cladem,
2373 3122 2432 3162 re
2454 3107 2666 3173 etl‘ecta,
2690 3109 2968 3163 diabolum
2990 3124 3092 3165 suo
3115 3110 3215 3164 sibi
3242 3110 3424 3165 studio

1842 3193 2111 3250 intulisse.
2131 3194 2343 3250 Etenim
2374 3197 2458 3252 bis
2478 3199 2570 3268 qui
2600 3197 2909 3254 Servatoris
2932 3213 3128 3255 cruore
3151 3201 3426 3271 gaudebat

1845 3290 2006 3360 eique
2033 3290 2276 3345 inhiabat
2299 3330 2315 3355 ,
2349 3293 2548 3362 gaudio
2578 3309 2679 3348 suo
2705 3294 3009 3351 visceribus
3059 3294 3297 3349 nondum
3337 3311 3424 3350 re-

1844 3392 2020 3453 cepto,
2048 3383 2390 3438 mortiferum
2416 3385 2615 3439 vulnus
2634 3394 2793 3455 atque
2820 3385 3166 3441 ineluctabile
3195 3386 3425 3440 exitium

1844 3487 2131 3542 perpessus
2156 3482 2261 3528 est.
2281 3474 2483 3529 Contra
2508 3474 2688 3539 Pater,
2718 3477 2822 3531 etsi
2845 3476 3132 3547 sanguinis
3154 3477 3427 3532 effusione

1846 3563 1989 3617 illico
2010 3578 2121 3618 non
2154 3572 2236 3618 est
2260 3566 2499 3635 gavisus,
2539 3567 2921 3633 nihilominus,
2954 3570 3031 3624 rei
3066 3569 3270 3624 exitum
3300 3584 3425 3639 spe-

1846 3662 2021 3721 ctans,
2042 3668 2390 3725 summopere
2413 3655 2806 3719 delectabatur,
2836 3667 2999 3726 atque
3021 3656 3164 3712 hunc
3187 3672 3311 3711 eum
3342 3657 3429 3713 iu-

1846 3745 1991 3817 genti
2049 3746 2239 3801 laetitia
2297 3749 2688 3814 exspectabat:
2722 3750 2867 3804 haud
2918 3765 3053 3805 sane
3100 3751 3244 3821 quod
3298 3748 3425 3805 Filii

1846 3838 2047 3893 caedem
2074 3853 2169 3907 per
2192 3853 2251 3893 se
2274 3838 2445 3907 ipsam
2472 3849 2772 3909 expeteret;
2804 3840 2899 3895 sed
2928 3841 2999 3895 ob
3020 3841 3140 3911 ejus
3162 3840 3425 3907 fructum,

1849 3939 1907 3983 ut
1930 3928 2190 3990 diximus.
2228 3929 2367 3985 hanc
2414 3931 2745 4002 amplectens
2794 3940 2960 4002 atque
2996 3933 3049 3987 in
3098 3933 3173 3987 rei
3217 3934 3428 4002 placita:

1851 4022 1977 4075 loro
2013 4038 2245 4092 ponens.

1929 4113 1982 4168 ι.
2003 4114 2187 4176 Porro
2213 4124 2395 4170 autem
2429 4114 2555 4171 hinc
2596 4124 2751 4186 potes
2798 4118 3003 4171 veteris
3025 4131 3246 4187 quoque
3272 4132 3427 4186 quae-

1848 4205 2041 4261 stionis
2070 4206 2429 4262 dissolvendae
2462 4208 2806 4267 occasionem
2838 4211 3165 4275 ultroneam,
3202 4210 3245 4263 si
3272 4209 3423 4275 libet,

1847 4311 2078 4367 capere:
2101 4314 2220 4369 qua:
2246 4314 2378 4354 sane
2406 4301 2636 4369 quaestio
2657 4316 2969 4370 quanquam
2992 4315 3159 4356 sacrae
3183 4301 3427 4356 scientia!

1848 4388 2110 4444 studiosis
2166 4404 2274 4442 non
2304 4401 2389 4443 est
2418 4389 2720 4459 incognita,
2754 4406 2903 4446 nunc
2946 4400 3128 4444 tamen
3170 4404 3279 4443 non
3306 4390 3427 4444 sine

1850 4478 2033 4536 fructu
2062 4481 2129 4535 ad
2156 4496 2506 4537 contmunem
2538 4483 2784 4537 omnium
2814 4485 3061 4538 notitiam
3093 4481 3419 4551 proferetur.

1854 4569 1911 4626 Si
1934 4572 2089 4641 pretii
2113 4572 2233 4628 loco
2257 4570 2565 4629 Servatoris
2582 4576 2806 4645 sanguis
2822 4576 2983 4630 datus
3003 4574 3123 4640 fuit,
3143 4575 3235 4645 qui
3252 4574 3423 4629 nostri

1850 4661 2067 4729 generis
2114 4675 2144 4714 a
2178 4661 2489 4730 captivitate
2535 4663 2965 4732 redemptionem
3017 4671 3268 4726 curaret,
3298 4664 3422 4731 quis

1847 4752 1965 4820 ejus
1997 4761 2243 4821 receptor
2277 4750 2396 4807 est?
2425 4751 2573 4807 Patri
2601 4763 2749 4809 certe
2775 4754 2921 4808 haud
2968 4763 3087 4808 erat
3115 4766 3268 4825 grata
3300 4752 3421 4807 Filii

1847 4843 2056 4898 credes:
2084 4843 2283 4899 latroni
2316 4854 2496 4900 autem
2544 4856 2600 4901 et
2632 4845 2921 4901 homicidae
2971 4847 3189 4901 diabolo
3231 4847 3418 4913 quidni

1845 4936 1914 4990 sit
1933 4936 2201 4990 nefarium
2222 4934 2489 4991 Dominici
2511 4938 2793 5008 sanguinis
2812 4948 3133 5008 potestatem
3147 4937 3420 4993 tribuere?

1842 5027 1976 5081 Aliae
1997 5027 2217 5097 quidem
2238 5028 2423 5085 multa
2437 5032 2756 5100 quaestionis
2782 5031 3083 5086 solutiones
3106 5041 3254 5095 sunt,
3284 5048 3421 5101 quas

1844 5120 2006 5189 paulo
2035 5129 2160 5189 post
2198 5137 2504 5177 memorare
2534 5139 2644 5177 non
2672 5126 2781 5179 erit
2802 5124 3035 5180 fortasse
3075 5124 3416 5193 intempesti-

1845 5228 2012 5267 vum:
2045 5214 2139 5269 sed
2195 5216 2311 5270 haec
2362 5225 2554 5285 sponte
2601 5231 2669 5271 ex
2720 5228 2846 5272 ante
2897 5218 3057 5271 dictis
3104 5217 3244 5281 fluit,
3271 5215 3419 5287 quod

1846 5319 2040 5372 nempe
2070 5304 2228 5359 Pater
2266 5304 2393 5361 Filii
2449 5308 2772 5377 sanguinem
2829 5308 2955 5363 boni
2990 5308 3199 5363 fructus
3233 5308 3417 5362 studio

1845 5398 2119 5467 suscepit;
2148 5398 2399 5454 diabolus
2432 5410 2612 5455 autem
2647 5415 2770 5455 cum
2806 5399 2990 5457 furore
3014 5410 3067 5456 et
3097 5400 3324 5456 audacia
3345 5400 3413 5457 ad

1677 5574 1913 5639 ΝΟΤΑΞ.

224 5697 356 5777 ⁸(38)
389 5696 563 5780 super
621 5700 723 5756 hac
788 5704 1089 5780 qugestione
1168 5706 1495 5780 celebratum
1549 5720 1738 5780 postea

162 5767 266 5846 fuit
299 5770 448 5846 apud
487 5769 702 5846 C_r:ecos_
771 5767 1066 5846 multorum
1126 5777 1502 5846 episcoporum
1550 5767 1736 5835 conci-

162 5837 459 5903 bumasth
492 5837 737 5897 Manuele
785 5844 913 5916 imp.
948 5837 1243 5913 Conmcnn,
1296 5837 1437 5918 quod
1491 5859 1736 5907 accurate

1846 5713 2416 5784 rnmntemoratetiam
2448 5712 2789 5784 Epitramius
2814 5731 2843 5770 a
2885 5731 2972 5770 me
2999 5714 3175 5771 editus
3208 5713 3259 5767 iu
3290 5712 3407 5766 Cie-

1846 5783 2059 5856 sarihus
2090 5800 2140 5856 v.
2174 5784 2315 5856 ΠΩ
2344 5783 2507 5854 seqq.
2538 5786 2687 5856 Ipsos
2733 5786 2975 5855 praedicti
3011 5786 3228 5843 concilii
3255 5794 3410 5842 actus

1844 5870 1941 5922 egit
1978 5854 2119 5908 brevi
2153 5855 2395 5910 editurus
2415 5872 2555 5912 sum.
