4202 6442
764 409 866 473 1³19

1907 406 2167 468 ΡΗΟῘῚΙ
2195 405 2700 470 ΡᾹΤΒΙΑΒΟΗᾹΞ
2735 411 2847 473 CP.

3899 409 3992 475 tan

757 519 1131 592 accipiendum
1179 527 1484 589 raperetur,
1510 519 1814 592 tyrannidis
1861 534 1972 576 sua:
2007 521 2126 576 vice
2165 533 2324 575 versa
2351 524 2398 580 Α

2351 524 2398 580 Α
2426 523 2588 577 αὑτοῦ
2616 526 2716 596 τὴν
2735 526 3050 598 καθαίρεσιν
3097 529 3192 582 καὶ
3243 530 3343 601 τὴν
3361 596 3364 599 _
3385 528 3789 600 ἁπροσδόκητόν
3818 546 3879 583 τε
3899 532 3991 589 καὶ

759 612 1055 684 perniciem
1086 611 1288 674 retulit,
1319 619 1483 679 atque
1517 610 1794 680 iuopinam
1849 618 1906 665 et
1962 610 2085 666 sine
2117 608 2326 665 medela

761 705 975 775 plagam
1006 720 1021 757 :
1049 703 1116 758 de
1144 717 1252 771 qua
1282 703 1488 772 pridem
1517 703 1843 771 suspicans,
1871 703 2068 772 partim
2100 703 2325 774 quidem

761 797 827 850 ad
853 809 1070 849 crucem
1096 794 1307 854 ruebat.
1334 792 1530 861 partim
1553 793 1889 848 retinebatur
1913 803 2078 863 atque
2098 809 2128 847 a
2157 793 2327 848 sacri-

762 888 882 956 lego
905 887 1104 953 impetu
1122 885 1450 940 abstinebat.
1473 885 1649 956 Atque
1668 886 1805 940 adeo
1825 884 2056 956 quaeStio
2080 885 2192 940 haec
2212 884 2327 954 jam

762 994 872 1034 non
905 978 1334 1048 poteritpiorum
1357 978 1583 1033 auribus
1601 993 1728 1034 esse
1760 978 2010 1032 molesta.
2027 977 2328 1046 Ceteroqui

761 1071 900 1126 nihil
919 1079 1064 1124 vetat
1106 1071 1404 1141 quominus
1429 1084 1600 1140 nuper
1620 1070 1886 1141 promissa
1908 1069 2196 1124 faciamus.
2223 1068 2330 1124 Re-

760 1162 992 1232 demptis
1041 1164 1272 1230 pretium
1319 1162 1521 1233 duplici
1567 1164 1671 1217 sub
1723 1162 1941 1217 nmione
1987 1162 2331 1218 considerare

761 1256 910 1318 licet,
943 1255 1203 1309 nimirum
1232 1264 1293 1310 ut
1338 1255 1674 1324 captivorum
1721 1254 2014 1320 redimias,
2052 1262 2218 1324 atque
2272 1261 2332 1308 ut

763 1348 1104 1416 captivorum
1126 1346 1354 1402 Domino
1391 1348 1617 1401 donum.
1654 1346 1856 1402 Christi
1884 1345 2106 1417 sanguis
2137 1354 2332 1415 quate-

763 1457 870 1495 nus
919 1441 1267 1495 redimiarum
1317 1439 1434 1494 vice
1480 1440 1746 1510 fungitur,
1780 1453 1912 1494 sane
1965 1438 2200 1509 pretium
2246 1453 2333 1493 re-

763 1534 1096 1603 demptionis
1143 1532 1254 1589 dici
1285 1542 1493 1602 potest;
1520 1541 1893 1587 verumtamen
1928 1540 2201 1601 quatenus
2239 1531 2337 1586 dc

765 1642 895 1682 num
915 1625 1167 1694 mangoni
1198 1634 1300 1690 est,
1329 1625 1420 1678 illo
1445 1625 1666 1679 nomine
1681 1625 1759 1678 uti
1789 1623 2001 1692 nequit.
2030 1622 2330 1693 ELquidem

763 1719 872 1772 alia
906 1717 1074 1771 multa
1103 1715 1490 1786 redemptionis
1518 1717 1732 1785 proprie
1753 1716 1896 1770 dicto
1928 1716 2100 1785 pretio
2123 1716 2328 1780 insunt,

764 1825 887 1880 quae
917 1825 1131 1864 arcana
1183 1810 1307 1864 huic
1359 1815 1419 1862 et
1459 1807 1812 1862 inenarrabili
1863 1808 2182 1864 meonomiae
2221 1823 2328 1862 non

764 1908 1091 1968 cnngruunt.
1112 1897 1390 1967 Siquidem
1415 1898 1504 1968 qui
1524 1899 1756 1968 pretium
1780 1897 1947 1962 dedit,
1967 1898 2096 1967 quia
2113 1899 2191 1951 rei
2214 1898 2332 1966 ejus

765 1989 1024 2057 deinceps
1052 1987 1307 2043 dominus
1358 2002 1482 2042 esse
1535 2002 1643 2041 non
1686 1997 1895 2057 potest,
1940 1988 2331 2042 detrimentum

768 2079 1142 2137 necessarium
1190 2080 1394 2150 patitur
1431 2097 1445 2134 :
1474 2090 1667 2134 contra
1692 2080 1785 2150 qui
1815 2080 2034 2150 accipit,
2055 2081 2206 2136 lucro
2234 2096 2334 2135 au-

768 2183 945 2243 getur,
983 2176 1152 2242 fitque
1183 2173 1260 2227 rei
1307 2172 1603 2238 dominus,
1638 2188 1761 2242 quae
1791 2173 1845 2226 in
1898 2173 2021 2242 ejus
2068 2181 2338 2242 potestate

768 2275 926 2320 antea
956 2281 1061 2320 non
1082 2272 1222 2319 erat.
1253 2263 1408 2318 Nunc
1427 2280 1589 2318 omne
1619 2275 1812 2320 contra
1841 2275 1943 2319 est.
1976 2265 2078 2330 Qui
2101 2266 2334 2333 pretium

767 2357 968 2411 obtulit
992 2355 1455 2428 (quandoquidem
1496 2357 1678 2410 omnia
1706 2359 1760 2410 in
1784 2355 1880 2411 Dei
1909 2365 2172 2426 potestate
2190 2366 2334 2423 sunt,

770 2465 948 2520 neque
977 2450 1364 2521 ipsius'Abelis
1417 2463 1595 2519 neque
1648 2460 1945 2520 martyrum
2002 2451 2226 2519 sanguis
2268 2451 2339 2504 ab

769 2543 892 2612 ejus
933 2539 1267 2610 providentia
1302 2539 1651 2607 dominioque
1698 2536 1911 2604 abfuit),
1946 2537 2055 2602 hic,
2090 2538 2338 2607 inquam,

772 2634 986 2689 nullum
1012 2639 1153 2702 cepit
1173 2631 1583 2686 detrimentum.
1615 2629 1751 2684 Nam
1773 2631 1898 2700 quis
1918 2630 2144 2684 omnino
2159 2629 2342 2686 dicere

771 2726 924 2789 velit,
949 2726 1017 2778 ab
1044 2739 1112 2778 eo
1129 2724 1224 2792 qui
1255 2722 1586 2777 famulorum
1605 2737 1851 2786 suorum,
1876 2733 1931 2778 et
1954 2737 2188 2793 quorum
2213 2737 2344 2778 sau-

771 2819 894 2890 guis
919 2819 1220 2874 exhaustus
1245 2817 1364 2881 fuit,
1388 2831 1576 2871 curam
1606 2818 1763 2888 gerit,
1781 2817 1984 2886 quique
2002 2824 2339 2871 mortuorum

775 2918 839 2963 ut
863 2909 1154 2961 viventium
1186 2908 1454 2960 clamores
1496 2905 1680 2969 audit;
1707 2907 1866 2975 quis,
1899 2905 2145 2974 inquam,
2174 2904 2340 2969 dicat,

773 3000 1069 3054 salutarem
1091 3009 1144 3051 et
1167 2998 1260 3064 qui
1282 2998 1466 3051 urbem
1495 2998 1732 3052 vivificat
1759 3000 2106 3068 sanguinem,
2137 2999 2188 3051 in
2221 2999 2343 3052 the-

773 3091 954 3145 sauris
989 3088 1337 3156 providentiae
1361 3102 1472 3141 sua:
1493 3090 1562 3142 ab
1582 3103 1647 3142 eo
1675 3102 1783 3142 non
1819 3087 1985 3143 fuisse
2012 3088 2342 3142 incolumem

2424 621 2642 673 ἀνίατον
2668 620 2883 693 πληγήν
2903 637 2918 652 °
2936 623 3003 692 ην
3031 626 3125 678 καὶ
3156 625 3630 694 ύττιδόμενος,ᾰμα
3651 642 3711 678 τε
3744 626 3991 695 ἐπεπήδα

2424 716 2502 783 τῷ
2524 715 2759 786 σταυρῷ,
2793 715 2886 768 καὶ
2917 715 3034 786 ἅμα
3070 717 3442 770 συνεστέλλετό
3474 735 3532 770 τε
3590 719 3685 770 καὶ
3726 718 3994 785 ἀφίστατο

2424 808 2526 878 τῆς
2562 809 2935 880 θεομαχούσης
2971 810 3184 879 όρμῆς’
3239 812 3333 862 καὶ
3395 809 3578 862 οὐκέτι
3636 807 3994 880 παρενοχλεῖν

2425 898 2579 971 οἶμαι
2598 903 2660 955 τὸ
2679 902 2780 972 τῆς
2805 902 3036 974 ἀπορίας
3064 903 3219 972 ίσχὺν
3242 902 3352 966 ἔξει
3371 902 3468 965 τὰς
3496 902 3603 955 τῶν
3626 903 3995 956 εὐσεϐούντων

2427 994 2597 1058 ἀκοάς
2621 1010 2637 1026 ο
2673 994 2812 1064 πλὴν
2865 994 3017 1046 οὐδὲν
3076 993 3275 1047 κωλύει
3325 994 3462 1064 πρὸς
3511 995 3611 1064 τὴν
3663 994 3996 1061 ἐπαγγελίαν

2428 1080 2596 1135 ἐλθεῖν
2623 1098 2639 1112 ο
2663 1082 2739 1146 ὡς
2765 1083 2886 1135 ἐπεὶ
2917 1082 2978 1135 τὺ
2996 1081 3191 1153 λύτρον
3228 1082 3366 1154 πρὸς
3400 1083 3494 1135 δύο
3521 1085 3641 1136 τινὰ
3667 1084 3780 1154 τὴν·
3798 1084 3999 1150 ἀναφο-

2433 1175 2530 1244 ρὰν
2558 1175 2635 1235 ὡς
2659 1173 2862 1227 ἐπίπαν
2882 1173 3016 1244 ἔχει,
3053 1174 3236 1246 ρύσιόν
3262 1193 3321 1228 τε
3344 1175 3450 1228 τῶν
3495 1177 3882 1245 κατεχομένων
3919 1171 3998 1227 εἷο

2429 1283 2538 1329 ναι,
2565 1267 2659 1320 καὶ
2683 1265 2852 1336 δῶρον
2880 1267 3111 1336 ὁρᾶσθαι
3134 1265 3211 1336 τῷ
3241 1269 3521 1338 κατέχοντι
3546 1283 3562 1297 ·
3584 1267 3659 1330 ὼς
3689 1268 3790 1338 μὶν
3813 1267 3998 1338 ῥύσιον

2427 1356 2535 1410 τῶν
2563 1357 2962 1427 κατεχομένων,
3009 1357 3202 1428 λύτρον
3229 1362 3294 1412 ἂν
3320 1360 3405 1428 εἴη
3445 1359 3509 1412 τὸ
3537 1355 3816 1430 σωτήριον
3835 1356 3997 1428 αἷμα,

2426 1448 2506 1511 ὡς
2536 1447 2596 1502 δέ
2627 1446 2798 1517 δῶρον
2854 1446 2949 1501 τοῦ
2995 1447 3337 1518 κατέχοντος,
3398 1449 3681 1519 οὐδαμῶς·
3734 1451 3861 1501 ἐπεὶ
3907 1450 4002 1502 καὶ

2434 1538 2600 1593 πολλὰ
2623 1539 2758 1593 ἄλλα
2815 1539 2896 1610 τῷ
2940 1541 3145 1612 κυρίως
3179 1540 3458 1611 λεγομένῳ
3515 1542 3784 1614 προσόντα
3818 1540 4002 1610 λύτρῳ

2430 1638 2495 1705 τῇ
2531 1634 2796 1706 ἀφράστῳ
2849 1633 3021 1706 ταύτῃ
3069 1636 3165 1688 καὶ
3217 1634 3359 1704 ὐπέρ
3407 1634 3565 1702 λόγον
3597 1634 3659 1686 οὺ
3707 1633 4003 1703 πρόσεστιν

2431 1727 2711 1798 οἰκονομία
2736 1744 2750 1757 ·
2780 1729 2874 1781 καὶ
2925 1728 3034 1800 γὰρ
3058 1728 3089 1781 ό
3120 1728 3217 1797 μέν
3260 1728 3321 1780 τὺ
3353 1726 3545 1798 λύτρον
3586 1727 3786 1788 διδοὺς,
3814 1725 4002 1778 οὐκέτι

2432 1819 2725 1888 δυνάμενος
2752 1813 2890 1871 εἶναι
2919 1818 3122 1888 Κύριος
3146 1810 3220 1870 ὧν
3248 1816 3510 1887 παρέσχε,
3535 1816 3635 1882 τὴν
3654 1814 3866 1884 ζημίαν
3892 1812 4002 1880 ἔχει

2435 1911 2573 1966 κατὰ
2585 1911 2646 1962 τδ
2659 1910 3031 1980 ἀπαραίτητον
3042 1907 3463 1963 ἀκολουθοῦσαν·
3484 1907 3760 1978 κερδαίνει
3777 1906 3821 1958 δ’
3839 1907 3872 1958 ό
3901 1906 3997 1955 λα-

2436 2002 2544 2056 εὼν
2565 2001 2704 2074 [καὶ]
2725 2002 3039 2056 καθίσταται
3065 1997 3329 2071 δεσπότης
3353 1994 3431 2054 ὧν
3452 1999 3714 2072 πρότερον
3733 1998 3834 2067 τὴν
3851 1995 4004 2060 ἐξου-

2438 2097 2556 2150 σίαν
2575 2097 2675 2149 οὐκ
2694 2095 2827 2165 εἶχε·
2846 2093 3077 2148 ἐνταῦθα
3111 2093 3169 2146 δέ
3199 2093 3507 2146 τούναντίον
3546 2091 3709 2144 ἅπαν·
3726 2092 3757 2143 ό
3778 2089 3880 2159 μὲν
3901 2105 4003 2140 κα·

2436 2189 2727 2256 ταθέμενος
2742 2187 2803 2240 τὸ
2817 2187 3011 2257 λύτρον
3027 2186 3141 2244 (καὶ
3160 2185 3268 2254 γὰρ
3288 2185 3464 2238 πάντα
3484 2186 3541 2237 ἐν
3564 2183 3796 2253 τῇχειρὶ
3811 2177 4003 2244 αὑτοῦ,

2437 2279 2532 2333 καὶ
2557 2279 2676 2332 οὺδέ
2697 2278 2790 2332 τοῦ
2810 2277 2976 2330 Ἀϐελ
3003 2273 3162 2347 αἷμα,
3185 2277 3246 2330 οὐ
3277 2277 3382 2347 μὴν
3416 2275 3536 2329 ούδέ
3562 2275 3670 2328 τῶν

2438 2371 2542 2437 ἐξω
2571 2371 2670 2439 τῆς
2705 2370 2867 2424 αὐτοῦ
2899 2369 3202 2440 καθέστηκε
3231 2367 3486 2439 προνοίας
3515 2366 3610 2420 καὶ
3629 2364 3834 2435 χειρὸς)
3855 2363 4010 2416 οὐδὲν

2441 2463 2540 2531 μὲν
2556 2461 2798 2531 δηλονότι
2819 2460 3115 2530 ἐζημίωται
3143 2476 3158 2490 ο
3192 2459 3276 2522 τίς
3297 2459 3404 2528 γὰρ
3433 2459 3501 2511 ἂν
3537 2457 3675 2519 ὅλως
3712 2458 3895 2508 εἰπεῖν
3923 2456 4010 2505 ιν-

2438 2555 2625 2624 νοήσῃ,
2655 2553 2730 2615 ὡς
2773 2552 2870 2621 μὲν
2894 2552 3002 2605 τῶν
3047 2550 3390 2622 θεραπόντων
3409 2548 3596 2612 αὑτοῦ,
3627 2545 3722 2600 καὶ
3751 2540 3830 2599 ὧν
3883 2547 4010 2597 ἐκε-

2438 2646 2687 2715 νώθησαν
2748 2644 2994 2714 αἱμάτων
3027 2643 3143 2696 ἐστι
3169 2642 3326 2711 λόγος
3345 2639 3513 2711 αὐτῷ,
3543 2641 3637 2693 καὶ
3670 2637 3809 2709 μετὰ
3837 2634 4008 2690 θανα-

2439 2753 2530 2790 τον
2576 2736 2651 2799 ὼς
2685 2736 2966 2789 ἀθανάτων
2995 2735 3242 2805 βοώντων
3294 2733 3517 2800 ἁκούει;
3545 2731 3606 2784 τδ
3635 2731 3692 2783 δέ
3735 2729 4011 2798 σωτήριον

2441 2829 2534 2882 καὶ
2558 2827 2818 2891 ζωοποιδν
2844 2822 2986 2896 αἷμα
3013 2825 3108 2880 τοῦ
3136 2826 3341 2896 κόσμου
3368 2826 3467 2878 οὐκ
3492 2826 3549 2876 ἐν
3578 2825 3686 2886 τοῖς
3717 2820 4014 2882 ἀθανάτοις

2439 2919 2538 2988 τῆς
2565 2918 2728 2972 αὑτοῦ
2750 2918 3003 2990 προνοίας
3019 2917 3267 2987 ταμείοις
3286 2916 3498 2984 συνέχει
3513 2911 3814 2982 ἀνώλεθρον
3837 2911 4011 2980 αὐτῷ,

2443 3011 2536 3063 καὶ
2567 3011 2770 3079 φθορᾶς
2796 3009 3061 3079 σωμάτων
3088 3009 3365 3076 ἀνέπαφον
3403 3003 3844 3075 συντηρούμενος
3873 3001 4011 3071 (39);

2441 3100 2541 3152 οὐκ
2565 3099 2865 3169 ἐζημίωται
2891 3098 3070 3150 τοίνυν
3095 3098 3156 3149 ού
3188 3097 3287 3166 μὲν
3331 3091 3425 3149 οὖν
3453 3096 3482 3147 ὃ
3521 3095 3583 3146 τὸ
3611 3093 3807 3164 λύτρον
3838 3109 4014 3146 κατα-

777 3190 1187 3242 conservatum.
1213 3189 1376 3248 atque
1407 3181 1475 3233 ab
1515 3181 1664 3233 omni
1703 3194 1963 3249 corporea
1994 3179 2343 3248 corruptione
2366 3199 2412 3264 ρ

2366 3199 2412 3264 c
2445 3193 2692 3262 θέμενος,
2722 3191 2856 3246 ἀλλὰ
2891 3191 2987 3246 καὶ
3033 3190 3129 3244 τοῦ
3158 3189 3346 3258 γένους
3399 3187 3558 3258 ἡμῶν
3602 3184 3805 3246 παντὸς
3837 3187 3870 3236 ὁ
3894 3182 4017 3253 φιλ-

776 3269 1248 3344 protectum?Non
1269 3271 1433 3339 igitur
1459 3271 1722 3325 damnum
1743 3272 1965 3341 pertulit
1993 3272 2087 3342 qui
2113 3272 2345 3341 pretium

775 3365 1041 3421 contulit:
1067 3365 1178 3418 imo
1205 3365 1442 3420 universi
1473 3363 1688 3433 generis
1717 3365 1887 3418 nostri
1916 3364 2157 3417 clemens
2183 3361 2346 3418 Iesus

777 3456 1008 3509 salutem
1056 3453 1300 3508 lucratus
1328 3464 1432 3508 est.
1465 3453 1570 3518 Qui
1599 3468 1727 3508 vero
1757 3467 1816 3508 se
1844 3463 2197 3522 accepturum
2246 3469 2348 3523 puo

777 3547 948 3610 tabat,
972 3545 1100 3598 dum
1127 3545 1194 3598 de
1215 3559 1316 3598 suo
1339 3543 1501 3598 unice
1528 3544 1679 3598 lucro
1698 3545 1923 3613 cogitat,
1953 3543 2099 3598 illam
2125 3558 2348 3613 quoque

780 3637 985 3699 amisit,
1020 3637 1178 3703 cujus
1207 3636 1352 3690 vires
1379 3644 1661 3704 tantopere
1683 3635 1944 3704 jactabat,
1981 3637 2344 3706 tyrannidem.

780 3727 963 3792 Quare
1002 3725 1318 3781 Dominicus
1347 3727 1603 3782 salutaris
1630 3731 1848 3798 sanguis
1877 3730 2111 3799 pretium
2160 3745 2348 3786 revera

780 3817 1169 3886 redemptionis
1213 3828 1315 3879 est,
1352 3818 1479 3886 quia
1525 3833 1623 3872 nos
1673 3820 1985 3888 captivitate
2026 3820 2346 3890 expedivit:

777 3908 875 3962 sed
907 3907 1047 3962 idem
1073 3922 1104 3962 a
1128 3907 1517 3977 redemptionis
1540 3909 1714 3977 pretio
1731 3909 1932 3976 differt,
1957 3921 2072 3967 tum
2094 3914 2221 3983 quia
2249 3915 2346 3981 illi,

781 3999 874 4068 qui
894 4009 1144 4053 naturam
1164 4008 1402 4054 nostram
1423 3998 1794 4056 fraudulenter
1811 4001 2037 4058 servitio
2056 4004 2348 4072 oppressit.

784 4107 893 4145 nun
920 4099 1005 4144 est
1027 4091 1275 4156 oblatus;
1302 4101 1414 4145 tum
1446 4092 1571 4161 quia
1598 4092 1756 4160 pretii
1785 4093 2001 4163 quidem
2027 4095 2348 4163 praeclarum

782 4174 996 4239 lucr'um
1045 4199 1170 4240 esse
1213 4185 1373 4250 solet,
1409 4184 1559 4238 nullo
1592 4186 1794 4239 damno
1836 4186 2077 4240 comite:
2110 4196 2350 4241 attamen

781 4276 1002 4332 diabolo
1033 4277 1370 4345 captivorum
1413 4275 1547 4329 hero
1583 4275 1916 4344 duplicatum
1961 4275 2144 4344 potius
2195 4291 2351 4330 sum-

782 4382 1042 4435 mumque
1072 4365 1330 4421 damnum
1359 4366 1559 4420 evenit.
1588 4364 1856 4421 Praeterea
1885 4366 2352 4436 redemptionibus

782 4460 906 4514 aliis
935 4459 1156 4529 pacifica
1186 4460 1348 4513 verba
1393 4469 1666 4528 praeeunt;
1717 4459 1806 4513 hic
1849 4459 1978 4514 dum
2005 4459 2236 4530 pretium
2265 4475 2354 4514 re-

2447 3283 2730 3351 ἅνθρωπος
2761 3279 3161 3350 προσεκέρδησε
3211 3278 3309 3349 τὴν
3339 3277 3611 3348 σωτηρίαν
3631 3291 3644 3304 ·
3674 3276 3703 3327 ό
3744 3273 3801 3326 δὲ
3829 3271 4019 3326 λαϐεῖν

2445 3374 2690 3443 νομίσας,
2715 3374 2794 3425 ὅτι
2825 3370 3010 3423 λαϐεῖν
3038 3371 3198 3440 μόνον
3229 3368 3468 3439 ἐνόμισε,
3507 3367 3604 3420 καὶ
3626 3365 3798 3434 αὐτὴν
3837 3378 4018 3434 προσ-

2446 3463 2750 3528 απώλεσεν,
2791 3465 2876 3531 ἐφ’
2996 3478 3056 3514 τε
3086 3462 3227 3532 μέγα
3270 3459 3488 3543 ἐφρόνει
3517 3459 3612 3511 καὶ
3647 3456 3714 3526 ἢν
3740 3453 4018 3524 ἐνισχύειν

2447 3557 2697 3624 ἐνόμισεν
2746 3552 2911 3606 αὐτοῦ
2950 3551 3273 3622 τυραννίδα⁶
3313 3548 3453 3602 ὥστε
3508 3548 3569 3600 τὺ
3618 3546 3894 3614 σωτήριον
3925 3548 4020 3597 καὶ

2446 3645 2758 3699 δεσποτικὸν
2781 3640 2921 3713 αίμα
2939 3643 3034 3695 καὶ
3075 3641 3274 3711 λύτρου
3301 3638 3487 3710 χώραν
3501 3638 3567 3692 ἂν
3590 3637 3799 3706 ἐπέχοι,
3825 3636 4021 3688 ἀνεκο-

2453 3738 2646 3809 μίσατο
2678 3736 2786 3806 γὰρ
2817 3737 2963 3806 ἡμᾶς
2986 3733 3086 3802 τῆς
3134 3731 3530 3803 αἰχμαλωσίας,
3554 3727 3653 3783 καὶ
3685 3725 3782 3779 τοῦ
3815 3725 4020 3794 λύτρου

2449 3827 2841 3899 παραλλάσσει,
2875 3826 2957 3877 ὅτι
2985 3823 3118 3895 μηδέ
3147 3820 3484 3893 προσενέχθη
3507 3818 3593 3890 τῷ
3611 3817 3709 3888 τὴν
3737 3816 4024 3888 ἡμετέραν

2450 3924 2610 3994 φύσιν
2642 3920 2826 3990 ἀπάτῃ
2848 3916 3240 3987 δουλωσαμένῳ
3259 3928 3276 3944 ο
3309 3915 3403 3968 καὶ
3421 3915 3501 3967 ὅτι
3524 3913 3582 3964 ἐν
3616 3908 3715 3981 μὲν
3734 3907 3814 3979 τῷ
3834 3906 4026 3979 λύτρῳ

2449 4015 2509 4066 τὸ
2548 4012 2736 4084 κέρδος
2766 4010 2957 4079 όρᾶται
2991 4006 3156 4076 μέγα,
3201 4004 3334 4077 μηδὲ
3367 4004 3496 4074 μιᾶς
3528 3999 4025 4068 συνεπινοουμὲνης

2451 4107 2674 4176 ζημίαςς
2707 4108 2763 4158 ἐν
2781 4102 2838 4156 δέ
2859 4100 2937 4171 τῷ
2961 4099 3247 4169 κατέχοντι
3274 4097 3400 4160 τοὺς
3429 4093 3830 4165 αίχμαλώτους,
3852 4092 4025 4160 διπλῆ

2454 4200 2654 4271 μᾶλλον
2715 4197 2771 4248 δὲ
2818 4193 3087 4261 παντελὴς
3119 4193 3153 4261 ὴ
3177 4189 3348 4260 ζημία
3367 4203 3381 4216 ·
3409 4189 3458 4240 εί
3485 4187 3659 4258 βούλει
3681 4185 3739 4237 δέ
3761 4185 3858 4237 καὶ
3885 4183 4028 4236 διότι

2449 4293 2556 4343 τῶν
2589 4291 2685 4359 μὲν
2705 4287 2878 4341 ἄλλων
2910 4285 3122 4356 λύτρων
3148 4281 3508 4353 συμϐατήριοι
3532 4275 3901 4348 προηγοῦνται
3931 4273 4028 4325 λό-

2451 4399 2559 4451 γοι,
2598 4377 2906 4433 ἐνταῦθαδέ
2935 4375 3029 4429 τοῦ
3054 4375 3249 4446 λύτρου
3301 4371 3697 4443 μελετωμένου,
3747 4371 3780 4437 ἡ
3833 4367 4030 4421 δικαία

2452 4475 2632 4546 κρίσις
2653 4473 2718 4524 ἐκ
2735 4469 3066 4524 παλαιτάτου
3083 4465 3162 4537 τῷ
3189 4462 3429 4533 πολεμίῳ
3451 4461 3514 4515 τδ
3558 4458 3822 4514 ἄσπονδον
3853 4473 4032 4511 κατα-

781 4552 1108 4619 demptionis
1132 4552 1478 4620 persolvitur,
1507 4552 1716 4621 justum
1747 4551 1842 4607 Dei
1861 4552 2151 4622 judicium,
2184 4570 2348 4625 quam
2376 4540 2428 4601 Ι)

2376 4540 2428 4601 θ
2450 4540 2794 4637 ψήφιζομὲνη
2815 4604 2831 4629 ,
2861 4562 2941 4615 ἔτι
2969 4560 3170 4632 μᾶλλον
3221 4555 3522 4628 τηνικαῦτα
3546 4556 3644 4624 τὴν
3675 4551 3940 4618 τοιαύτην
3965 4550 4029 4615 ἐξ

786 4646 1101 4701 firmissime
1127 4647 1255 4700 olim
1289 4647 1605 4701 decreverat
1639 4647 1692 4700 in
1727 4647 1937 4701 hostem
1961 4661 2201 4717 partam,
2229 4663 2350 4704 eam

787 4740 892 4794 hoc
940 4741 1283 4808 potissimum
1319 4750 1563 4805 tempore
1601 4737 1934 4794 facinoribus
1966 4739 2086 4808 ejus
2132 4740 2350 4795 inﬂixit.

785 4831 1030 4900 Denique
1058 4831 1110 4885 in
1139 4831 1351 4884 czeteris
1380 4830 1842 4899 redemptionibus
1872 4829 2076 4885 ftedera
2104 4832 2350 4901 quasdam

785 4923 866 4978 vel
898 4924 964 4976 ad
1006 4923 1226 4990 longum
1274 4923 1357 4976 vel
1384 4924 1450 4976 ad
1495 4924 1656 4976 breve
1704 4932 1914 4993 tempus
1961 4921 2261 4991 feriuntur;
2295 4924 2350 4979 in

788 5016 908 5076 bac,
933 5013 999 5066 de
1019 5028 1127 5082 qua
1159 5014 1391 5083 agimus,
1419 5013 1680 5068 nihiltale
1700 5014 1969 5083 suspicari
1999 5012 2144 5068 licet.
2170 5015 2349 5084 Atque

785 5105 1057 5175 ejusmodi
1088 5105 1208 5160 alia:
1235 5104 1480 5175 plurima:
1503 5104 1825 5160 differentia:
1843 5115 1994 5161 sunt.
2018 5104 2200 5172 Quare
2231 5107 2349 5162 ﬁeri

789 5212 898 5251 non
955 5205 1131 5266 potest
1173 5208 1230 5250 ut
1260 5197 1438 5251 oratio
1482 5199 1862 5254 necessitatem
1916 5213 2027 5269 prae
2088 5214 2149 5254 se
2191 5197 2349 5266 ferat,

789 5289 1245 5358 quemadmodum
1281 5305 1402 5344 eam
1434 5290 1728 5345 obtendere
1753 5298 1951 5361 potest,
1976 5305 2101 5346 cum
2129 5305 2231 5346 vox
2264 5306 2352 5346 re-

788 5382 970 5437 dimia:
997 5381 1254 5452 primario
1276 5398 1438 5438 sensu
1461 5383 1801 5453 intelligitur.
1823 5380 1958 5437 Nam
1987 5383 2214 5456 ﬁgurate
2247 5385 2352 5439 hoc

791 5476 932 5539 loco,
963 5477 1007 5530 si
1043 5491 1282 5546 unquam
1311 5477 1472 5540 alias,
1506 5490 1607 5531 vox
1645 5476 1926 5546 accipitur.

2450 4653 2524 4714 ὧν
2549 4643 2757 4721 ἐκεῖνος
2818 4655 3084 4725 ἔπραττεν
3135 4649 3413 4703 ἐπιϐάλλει
3461 4644 3793 4712 καταδίκηνο
3835 4645 3938 4697 καὶ
3960 4643 4028 4714 δὴ

2452 4748 2546 4801 καὶ
2572 4747 2665 4800 ἐπὶ
2702 4745 2798 4815 μιν
2828 4741 2938 4796 τῶν
2965 4741 3160 4804 ἄλλων,
3180 4737 3401 4791 σπονδαὶ
3422 4737 3637 4795 πάντως
3665 4734 3698 4802 ἢ
3731 4731 3830 4785 ἐπὶ
3851 4733 4032 4785 melino

2453 4839 2486 4908 ἢ
2515 4837 2600 4890 ἐπ’
2656 4834 2833 4902 ὀλίγον
2864 4831 3212 4885 συνίστανται
3245 4829 3436 4898 χρόνον
3457 4837 3474 4855 ⁶
3504 4825 3562 4878 ἐν
3600 4824 3655 4877 δέ
3686 4821 3766 4892 τῷ
3787 4822 4034 4890 παρόντι

2453 4930 2631 4998 λύτρῳ
2672 4925 2782 4979 οὐδ’
2827 4922 3039 4994 ἐπινοίᾳ
3095 4920 3281 4974 λαϐεῖν
3335 4918 3452 4971 ἐστι
3515 4915 3644 4986 ψιλῇ
3681 4912 3931 4966 τοιοῦτόν
3977 4929 4036 4965 τι

2453 5016 2884 5090 προενηγμένον,
2914 5013 3011 5068 καὶ
3030 5013 3172 5066 πόσα
3208 5010 3345 5065 ἄλλα
3375 5007 3597 5062 τοιαῦτα
3611 5022 3624 5036 ·
3663 5005 3804 5058 ὥστε
3836 5004 4036 5075 χώραν

2451 5113 2481 5164 ό
2509 5112 2663 5178 λόγος
2714 5105 3095 5178 προτείνεσθαι
3135 5103 3381 5171 ἀνάγκην
3409 5101 3509 5154 οὐκ
3533 5098 3665 5168 εχει,
3709 5097 3770 5150 ὃν
3815 5097 4038 5166 τρόπον

2453 5206 2544 5258 ἐπὶ
2595 5200 2690 5255 τοῦ
2738 5200 2942 5270 κυρίως
2986 5197 3206 5251 δύναται
3245 5191 3644 5266 προϐάλλεσθαι
3688 5189 3892 5259 λύτρου
3915 5205 3934 5221 ο
3968 5189 4037 5242 ἐκ

2457 5295 2771 5367 μεταφορᾶς
2789 5292 2898 5363 γὰρ
2928 5289 3178 5355 ἐνταῦθα,
3193 5289 3351 5358 εἴπερ
3368 5284 3622 5354 ἀλλαχοῦ,
3644 5279 4037 5352 παρείληπται

2457 5391 2492 5460 ἡ
2515 5389 2686 5456 φωνή.

2317 5660 2546 5718 ΝΟΤᾸΞ.

870 5779 981 5854 αξ»)
1017 5778 1291 5854 Notandus
1315 5781 1403 5835 hic
1446 5780 1799 5839 Photiilocus
1827 5791 2046 5854 propter
2085 5780 2348 5836 famosam
2389 5782 2455 5836 de
2487 5782 2750 5852 sanguine
2778 5779 2981 5836 Christi
3033 5779 3155 5833 fuso
3221 5781 3486 5829 versatam
3522 5768 3660 5823 inter
3719 5764 4039 5821 catholicos

801 5851 1081 5921 theologos
1104 5852 1475 5920 (ιιιεεδιίοιιυιιι.
