4202 6442
198 379 293 448 181

1109 406 1209 465 ΑΙ)
1246 408 1836 476 AMPHILOCHIUM
1877 417 2223 484 OUIESTIO
2256 424 2468 488 XXIV.

3327 435 3429 500 182

258 508 325 559 ε’.
352 504 461 559 Καὶ
483 506 640 577 δῆλον
664 510 739 574 ὡς
765 510 828 566 ού
851 514 957 585 χρὴ
990 514 1269 585 βιάζεσθαι
1299 525 1743 595 συνιφπῃενόττειη

1931 536 1986 590 5.
2018 537 2271 596 Profecto
2296 551 2513 597 constat
2551 557 2661 599 non
2699 560 2823 604 esse
2856 548 3214 605 adnitendum
3274 562 3333 607 ut
3365 556 3433 609 ad

191 596 305 659 τοῖς
338 598 477 651 κατὰ
513 603 825 673 μεταφορὰν
870 605 1202 678 λεγομένοις,
1232 613 1334 667 ὅσα
1368 614 1584 678 πάντως
1621 634 1764 687 παρ-

192 688 290 777 έπε
300 687 423 740 σθαι
457 690 614 744 εῐωθε
641 694 720 764 τῷ
746 697 889 751 κατά
909 697 1009 769 τὴν
1034 700 1130 753 ἀπ’
1154 703 1330 774 ἀρχῆς
1352 704 1500 758 θέσιν
1524 708 1622 776 τῆς
1643 726 1759 777 φω-

190 775 290 845 νῆς
320 777 689 853 ὠνομασμένοι
720 800 736 815 ³
782 787 864 841 δεῖ
887 789 997 859 γὰρ
1021 791 1103 854 είς
1130 793 1310 847 κοινὸν
1343 775 1642 864 ἀναγαγεῖν
1658 775 1761 851 τύ-

192 884 314 932 πον,
342 870 380 923 ἀ
408 870 504 924 νῦν
531 872 627 926 ἐπὶ
654 876 748 929 τοῦ
779 880 1141 949 προταθέντος
1168 884 1482 957 ἑγυμνάσθη
1517 888 1760 958 προϐλή-

190 975 361 1026 ματος
388 976 403 991 ·
459 962 535 1025 ὡς
575 964 642 1018 ἀν
682 969 819 1038 πρὸς
854 970 1024 1024 πολλά
1058 972 1143 1042 εῖη
1177 973 1285 1026 τῶν
1316 975 1486 1045 αὐτὴν
1530 978 1761 1047 ἀπορίαν

189 1052 517 1118 συνάγεσθαι
536 1054 867 1127 δυναμένων,
891 1062 952 1128 ἐξ
974 1063 1190 1134 ἑτοίμου
1211 1066 1306 1120 καὶ
1326 1067 1761 1143 καθολικωτὲρας

186 1142 378 1209 ἐφόδου
403 1145 503 1215 τὴν
532 1146 684 1202 λύσιν
722 1151 970 1220 ἐπάγειν,
997 1154 1094 1207 καὶ
1129 1157 1192 1208 τὸ
1222 1160 1588 1230 συνταράττον
1620 1142 1760 1215 ἀπο-

187 1234 554 1300 σκευάζεσθαι
574 1280 592 1305 ,
623 1242 685 1294 οὐ
710 1242 868 1297 τοῦτο
892 1244 950 1298 δέ
975 1263 1138 1317 φημι,
1167 1247 1370 1318 ἄπαγε,
1398 1250 1474 1315 ὼς
1500 1254 1613 1316 τοῖς
1636 1270 1761 1325 τρο-

187 1328 370 1389 πικοῖς
405 1327 511 1380 τῶν
542 1331 823 1401 ὀνομάτων
863 1335 927 1388 οὐ
962 1338 1044 1390 δεῖ
1069 1340 1370 1411 κεχρῆσθαι
1393 1359 1410 1375 ·
1459 1344 1758 1415 σύντροφος

184 1415 297 1487 γὰρ
326 1420 457 1489 ἡμῖν
501 1421 562 1474 ού
591 1423 725 1478 πολὺ
755 1426 865 1479 τῶν
890 1428 1095 1497 κυρίων
1118 1429 1340 1486 ἔλαττον
1361 1435 1394 1503 ἡ
1427 1437 1623 1506 χρῆσις
1655 1438 1758 1492 αύ-

182 1510 294 1564 τῶν
321 1527 336 1541 ·
367 1514 463 1568 καὶ
487 1516 543 1569 εῖ
573 1533 657 1581 τις
686 1518 877 1588 ἀφέλοι
919 1524 1123 1588 ταύτας
1158 1525 1224 1579 εκ
1248 1543 1311 1580 τε
1346 1530 1443 1599 τῆς
1471 1531 1575 1584 ἀνά
1603 1535 1758 1605 χεῖρα

179 1602 420 1668 ὁμιλίας,
475 1607 571 1659 καὶ
611 1607 671 1673 ἐξ
714 1610 887 1680 αὐτῆς
925 1631 991 1683 γε
1027 1616 1135 1669 τῶν
1163 1621 1611 1690 συγγραμμάτων
1658 1602 1758 1692 τῆς

181 1691 501 1763 ἑρμηνείας,
536 1699 629 1750 καὶ
663 1700 899 1769 μάλιστά
928 1721 993 1772 γε
1032 1706 1132 1770 τὰς
1158 1707 1358 1780 πολλὴν
1400 1711 1630 1781 ἐχούσας
1658 1691 1757 1785 την

1863 628 2110 685 ordinem
2154 635 2648 703 metaphoricorum
2696 641 2978 696 traliamus
3006 658 3091 707 ea,
3122 658 3245 712 quae
3280 660 3435 713 pror-

1861 734 1958 776 sus
1987 724 2184 777 sectari
2210 725 2385 780 solent
2402 726 2454 781 id
2471 728 2616 798 quod
2640 731 2966 799 appellatum
3000 734 3101 789 l'uit
3128 739 3431 790 secundum

1861 811 2089 878 primam
2110 811 2261 868 vocis
2290 815 2637 883 positionem.
2664 817 2821 889 (Nam
2849 836 2938 875 me
2973 822 3083 890 jam
3117 835 3332 893 oportet
3365 827 3434 880 ad

1860 902 2164 969 generalem
2191 903 2424 961 formam
2454 908 2696 977 redigere
2728 910 2783 965 id
2846 913 2993 980 quod
3045 913 3309 971 hactenus
3366 917 3435 971 de

1859 994 2138 1061 proposito
2167 994 2405 1052 themate
2463 998 2759 1069 disputavi.
2817 1000 2908 1058 Sic
2957 1005 3100 1058 enim
3146 1006 3330 1062 licebit
3380 1022 3436 1063 et

1860 1081 1981 1137 aliis
2002 1083 2205 1150 multis,
2228 1101 2350 1154 quae
2380 1089 2623 1144 eamdem
2653 1083 3061 1160 perplexitatem
3089 1110 3279 1151 creare
3310 1113 3437 1166 pos-

1858 1178 2015 1235 sent,
2060 1173 2311 1241 expedite
2356 1184 2413 1229 et
2453 1178 2829 1234 communiore
2861 1181 3075 1238 ratione
3102 1185 3433 1241 solutionem

1859 1262 2136 1327 adhibere,
2159 1274 2325 1334 atque
2353 1267 2745 1324 obscuritatem
2774 1275 3067 1344 avertere.)
3092 1274 3235 1330 Cave
3252 1286 3433 1332 autem

1860 1362 2040 1422 putes,
2069 1370 2156 1410 me
2188 1357 2475 1413 verborum
2500 1362 3006 1431 metaphoricorum
3059 1382 3217 1421 usum
3254 1371 3434 1424 inter-

1856 1448 2084 1502 dicere:
2123 1456 2208 1503 est
2238 1447 2385 1503 enim
2421 1450 2580 1506 nobis
2600 1453 2797 1507 borum
2832 1454 3020 1509 innata
3058 1455 3431 1526 familiaritas,

1856 1554 1965 1593 non
1992 1538 2176 1595 minus
2212 1543 2607 1611 propemodum
2636 1560 2801 1614 quam
2828 1561 3020 1602 eorum
3052 1564 3175 1618 qua
3210 1554 3434 1621 proprio

1855 1648 2018 1688 sensu
2050 1632 2366 1689 eﬂeruntur.
2397 1635 2475 1691 Ac
2515 1638 2562 1692 si
2591 1639 2720 1707 quis
2757 1638 2877 1707 ejus
2926 1642 3142 1711 generis
3180 1645 3341 1699 verba
3366 1661 3434 1701 ex

1857 1724 1961 1777 hoc
1992 1725 2130 1793 ipso,
2165 1726 2257 1794 qui
2286 1726 2339 1779 in
2364 1727 2618 1783 manibus
2641 1739 2746 1796 est,
2799 1739 3052 1799 tractatu,
3091 1736 3176 1788 vel
3214 1751 3245 1790 a
3286 1736 3437 1791 Scri-

176 1784 473 1855 ὀμηιότητα
498 1790 591 1842 καὶ
622 1791 897 1863 ἐγγύτητα
924 1796 1061 1866 πρὸς
1084 1797 1183 1861 τάς
1206 1800 1359 1853 οὐδὲν
1379 1784 1743 1874 τετραμμένοι

1855 1784 2134 1882 pturarum
2164 1784 2510 1873 enarratione
2548 1822 2905 1889 submoveat,
2947 1827 3244 1893 praesertim
3282 1830 3434 1884 valde

177 1880 582 1947 παρεχομένας,
628 1885 728 1937 οὐκ
758 1886 854 1940 ἐπὶ
898 1889 1033 1942 πολὺ
1068 1890 1289 1946 ἔλαττον
1327 1895 1407 1957 είς
1446 1898 1630 1950 στενὸν
1656 1914 1743 1951 κο-

1854 1903 2054 1959 similia
2081 1919 2147 1960 ac
2176 1908 2424 1974 proxima
2455 1906 2585 1974 illis,
2619 1924 2855 1977 quorum
2884 1914 3067 1969 nullus
3090 1924 3280 1985 tmpus
3308 1928 3431 1985 est;

177 1966 311 2038 μιδῇ
353 1968 454 2040 τὴν
490 1971 599 2025 τῶν
649 1973 823 2041 λόγων
848 1978 1156 2045 συγκλείσει
1202 1982 1392 2052 χρείαν
1422 1998 1437 2012 ο
1476 1984 1552 2047 ὡς
1579 1986 1743 2039 πολλά

1852 1994 1899 2049 is
1936 1995 2078 2050 haud
2110 1966 2285 2053 multo
2332 1998 2515 2053 secius
2558 1966 2725 2056 arctis
2765 1966 3062 2061 admodum

171 2055 286 2110 τῶν
324 2062 664 2131 πραγμάτων
708 2067 832 2135 μηδ’
874 2066 1019 2138 ἔχειν
1055 2070 1280 2141 ὀνόματι
1315 2072 1573 2143 δηλῶσαι,
1616 2074 1649 2146 ἢ
1700 2076 1756 2129 εῖ

170 2165 258 2210 τις
288 2148 388 2219 τὴν
414 2154 712 2224 κυριότητα
735 2158 845 2211 τῶν
872 2160 1152 2228 ὀνομάτων
1190 2167 1289 2233 τῆς
1312 2166 1585 2236 ἡμετέρας
1612 2170 1748 2241 χρή-

172 2255 316 2303 σεως
344 2242 631 2314 ὑπερόριον
660 2251 871 2320 ποιήσει
896 2250 1119 2307 ὀὔκουν
1136 2255 1437 2326 ἀχρηστίαν
1467 2258 1548 2311 ἔτι
1574 2274 1750 2312 κατα-

168 2328 465 2419 γινώσκειν
527 2335 635 2388 τῶν
657 2339 767 2392 ἀπὸ
786 2342 884 2411 τῆς
916 2347 1123 2415 τροπῆς
1149 2348 1249 2413 τὴν
1271 2349 1483 2415 γένεσιν
1513 2351 1744 2419 ἑχόντων

168 2418 453 2491 ὀνομάτων
485 2440 501 2456 ο
530 2425 645 2479 ἀλλ’
682 2431 859 2484 ἐκεῖνο
887 2433 1054 2505 φαίην
1082 2436 1149 2489 ἂν
1179 2436 1257 2501 ὡς
1286 2439 1484 2492 εἰδέναι
1518 2418 1621 2511 χρὴ
1652 2439 1743 2494 λέ-

168 2512 311 2578 ξεως
344 2516 540 2587 ἰδίωμα
572 2522 777 2592 κυρίως
807 2542 869 2579 τε
891 2526 1189 2599 λεγομένης
1222 2532 1316 2584 καὶ
1353 2532 1493 2586 κατά
1521 2534 1746 2602 μετάθε-

168 2605 256 2658 σίν
283 2624 410 2661 τινα
436 2613 550 2673 τοῖς
576 2617 898 2683 πράγμασιν
930 2620 1314 2692 ἐπιτιθεμένης
1343 2639 1357 2653 ο
1391 2626 1485 2677 xal.
1512 2625 1745 2695 χρῆσθαι

168 2696 274 2765 μὲν
302 2700 423 2763 ταῖς
450 2704 655 2769 φωναῖς
690 2705 766 2769 ὡς
794 2708 1077 2780 ἐπιτρέπει
1107 2711 1169 2765 τὸ
1199 2712 1348 2776 ῑθος,
1382 2714 1458 2784 μὴ
1493 2716 1743 2787 μέντοιγε

163 2788 235 2841 τά
264 2789 362 2843 ὑπ’
391 2791 570 2844 αὐτῶν
599 2798 970 2868 σημαινόμενα
992 2802 1072 2865 είς
1094 2805 1191 2873 τὴν
1214 2805 1387 2877 αὐτὴν
1414 2804 1474 2871 ἑξ
1499 2808 1745 2881 ἀνάγκης

166 2881 431 2949 συνάγειν
457 2900 517 2936 τε
561 2886 652 2939 καὶ
685 2889 1088 2945 συνδιαπλέκειν
1119 2895 1282 2963 φύσιν
1310 2912 1325 2928 ο
1357 2899 1606 2967 μεγάλων
1635 2902 1741 2972 γὰρ

163 2971 373 3035 γένοιτ’
412 2974 481 3028 ἂν
511 2977 670 3031 τοῦτο
699 2981 1032 3051 σφαλμάτων
1061 2988 1229 3052 αἰτία,
1262 2989 1356 3042 καὶ
1399 2992 1624 3062 ἀπορίαι
1652 2971 1740 3046 δόέ

164 3063 322 3126 ξουσι
358 3067 731 3137 προκύπτειν,
785 3074 1018 3143 ἀπορίας
1067 3078 1165 3146 μὲν
1205 3082 1271 3150 τῇ
1310 3081 1537 3153 ἀληθείᾳ
1586 3084 1743 3153 λόγον

1852 2085 2029 2140 monis
2058 2100 2219 2141 usum
2250 2088 2559 2145 concludet.
2588 2091 2729 2158 Quin
2766 2094 2907 2149 adeo
2933 2099 3119 2153 multae
3158 2114 3247 2154 res
3282 2112 3432 2166 sunt,

1850 2188 1988 2243 quas
2017 2192 2084 2231 ne
2131 2178 2358 2233 nomine
2388 2180 2606 2248 quidem
2638 2183 2913 2252 appellare
2945 2201 3262 2254 possumus,
3324 2190 3432 2244 nisi

1846 2269 2154 2337 preprietas
2182 2271 2468 2324 nominum
2497 2274 2689 2341 procul
2715 2289 2815 2329 usu
2851 2278 3174 2345 quotidiana
3197 2281 3432 2334 submo-

1845 2368 2056 2414 veatur.
2092 2358 2234 2430 Ergo
2268 2375 2376 2416 non
2404 2362 2531 2418 licet
2566 2363 2879 2421 inutilitatis
2907 2381 3170 2423 accusare
3201 2374 3431 2426 nomina

1844 2446 2102 2518 illa,qu:e
2145 2465 2177 2503 a
2230 2452 2554 2521 metaphora
2607 2455 2875 2525 originem
2916 2457 3170 2513 ducunt:
3204 2462 3301 2515 sed
3344 2462 3430 2516 vis

1842 2541 2025 2609 potius
2069 2540 2340 2611 cujusque
2389 2544 2642 2600 vocabuli
2702 2550 3085 2617 cognoscenda
3152 2563 3257 2615 est,
3317 2554 3433 2608 sive

1842 2635 2059 2703 proprie
2084 2636 2357 2704 usurpati,
2382 2638 2497 2690 sive
2515 2652 2639 2692 cum
2672 2640 2853 2709 aliqua
2888 2642 3244 2699 translatione
3266 2648 3433 2710 rebus

1841 2724 2103 2795 impositi.
2143 2726 2321 2795 Atque
2352 2727 2532 2783 verbis
2566 2730 2831 2785 utendum
2864 2742 2950 2793 est
2976 2744 3142 2802 prout
3185 2752 3427 2792 consue-

1847 2819 1980 2870 tudo
2018 2816 2143 2881 fert,
2178 2832 2288 2873 non
2321 2828 2504 2874 autem
2535 2821 2752 2875 illorum
2777 2822 3155 2891 signiﬁcantia;
3187 2828 3253 2881 ad
3283 2844 3435 2883 canto

1841 2907 1963 2961 dem
1998 2916 2251 2963 naturam
2283 2911 2609 2967 necessitate
2636 2915 2894 2983 cogenda
2939 2928 2995 2970 et
3041 2921 3429 2975 convolvendae

1843 3007 1988 3052 sunt.
2019 2998 2159 3054 Hinc
2191 3001 2338 3055 enim
2370 3004 2549 3071 magni
2578 3005 2827 3061 orientur
2876 3022 3116 3075 errores,
3155 3026 3220 3065 ac
3252 3011 3421 3066 dubia

1843 3090 2047 3159 passim
2068 3102 2383 3162 emergent;
2418 3109 2541 3163 quae
2565 3096 2787 3165 quidem
2827 3113 3011 3153 veram
3039 3102 3243 3155 nullam
3294 3118 3424 3172 per-

162 3153 360 3209 οὐδένα
404 3158 864 3230 προϐεϐλημέναι,
900 3169 966 3235 τῇ
995 3167 1053 3220 δὲ
1080 3168 1158 3238 μὴ
1188 3172 1330 3225 κατά
1366 3171 1521 3238 λόγον
1549 3176 1743 3245 χρήσει

1849 3153 2157 3250 plexitatem
2189 3153 2558 3251 eahibemmt,
2584 3153 2977 3246 Iverumtamen
3010 3153 3421 3250 obvabsurdum

162 3247 279 3301 τῶν
336 3254 771 3321 σημαινομένων,
801 3258 861 3309 οὐ
903 3260 1037 3329 πρὸς
1070 3261 1289 3331 ἑτέρους
1320 3265 1519 3332 μᾶλλον
1560 3266 1593 3336 ἢ
1623 3267 1745 3321 καθ’

162 3340 385 3393 ἑαυτῶν
415 3341 522 3396 τῶν
538 3342 683 3397 οὕτω
702 3347 996 3417 χρωμένων
1024 3354 1143 3415 ταῖς
1164 3356 1368 3421 φωναῖς
1390 3356 1490 3427 τὴν
1514 3358 1749 3429 ἀπορίαν

161 3432 558 3489 ἐπινοούντων.

234 3530 319 3589 ς’.
347 3525 554 3579 Αὐτίκα
578 3528 859 3600 μάρτυρας
881 3531 1153 3602 καλοῦμεν
1177 3535 1304 3599 τοὺς
1333 3537 1746 3609 ὑπεραθλήσαν-

162 3631 267 3678 τις
301 3616 564 3685 Χριστοῦ,
596 3622 691 3673 καὶ
717 3622 783 3675 τά
810 3623 1017 3692 αἵματα
1044 3626 1223 3679 αὐτῶν
1246 3633 1612 3699 προσαγαγεῖν
1642 3651 1746 3701 φα·-

166 3703 271 3769 μὲν
300 3704 380 3774 τῷ
408 3705 529 3778 Θεῷ
555 3710 732 3771 καλῶς
760 3728 822 3777 γε
865 3712 957 3767 καὶ
979 3714 1201 3779 δικαίως
1230 3733 1244 3747 ·
1271 3718 1389 3771 ἀλλ’
1416 3720 1480 3772 lx
1516 3738 1748 3791 μεταφο-

165 3795 270 3862 ρλς
295 3796 406 3847 τῶν
434 3797 712 3868 ὀνομάτων
736 3802 995 3872 ἑκάτερον
1019 3806 1235 3873 λέγεται
1254 3822 1270 3838 ⁸
1301 3808 1409 3862 ἀπὸ
1438 3811 1567 3880 γὰρ,
1598 3811 1690 3874 οὓς
1711 3813 1743 3881 ή

167 3885 427 3939 πολιτεία
462 3888 741 3961 μάρτυρας
786 3893 971 3947 καλεῖν
1008 3894 1145 3949 οἶδεν
1172 3897 1222 3950 οἶ
1261 3898 1515 3969 πάρεισιν
1538 3904 1630 3955 ἐπὶ
1658 3904 1747 3973 βε-

163 3977 403 4031 ϐαιώσει
431 3980 529 4050 τῆς
564 3984 707 4036 κατά
736 3985 827 4037 τὸν
879 3986 993 4054 βίον
1026 3987 1306 4059 ἀληθείας,
1348 3993 1440 4045 καὶ
1466 3993 1648 4047 πίστιν
1676 3996 1746 4049 δι’

160 4063 239 4122 ὧν
278 4072 462 4124 ἴσασιν
496 4072 759 4140 ἐπάγουσι
783 4079 895 4140 τοῖς
923 4081 1381 4149 προτεινομένοις,
1407 4084 1514 4137 ἀπὸ
1537 4086 1741 4141 τούτων

160 4162 259 4213 καὶ
289 4162 424 4224 τοὺς
464 4162 561 4232 τῆς
596 4165 875 4229 εὐσεϐείας
895 4168 1203 4235 ἀγωνιστὰς
1232 4171 1570 4242 ὀνομάζομεν
1604 4176 1747 4247 μάρ-

159 4269 337 4322 τυρας
371 4270 388 4285 ο
426 4254 520 4306 καὶ
573 4256 682 4326 γὰρ
718 4257 793 4320 ὡς
821 4259 1035 4329 ἀληθῶς
1075 4255 1223 4315 οὗτοι
1255 4263 1355 4333 τὴν
1386 4266 1746 4321 ὲνυπόστατον

159 4343 549 4412 θεολογοῦντες
581 4348 855 4419 ἀλήθειαν,
893 4351 1124 4406 ἐνώπιον
1162 4357 1439 4425 τυράννων
1460 4361 1554 4411 καὶ
1582 4358 1743 4427 βασι-

157 4435 303 4489 λέων
331 4438 725 4508 ἐμαρτύρησαν
742 4456 755 4469 ·
799 4442 894 4495 καὶ
923 4448 1309 4515 προσενεγκεῖν
1354 4447 1534 4500 αὐτῶν
1561 4449 1632 4502 τά
1659 4450 1744 4503 αῖ-

1850 3273 2254 3341 signiiicatuum
2276 3290 2437 3329 usum
2460 3317 2478 3344 ,
2512 3278 2563 3330 hi
2601 3280 2695 3347 qui
2731 3280 2804 3334 ita
2830 3283 3093 3337 vocabula
3130 3295 3423 3355 usurpant,

1849 3376 1956 3415 non
1992 3371 2101 3417 tam
2145 3363 2268 3419 aliis
2297 3379 2461 3433 quam
2496 3367 2597 3421 sibi
2626 3368 2999 3426 dubitationes
3027 3376 3313 3429 creabunt.

1917 3522 1967 3577 6.
2001 3524 2247 3593 Exempli
2265 3527 2436 3595 gratia
2457 3536 2621 3582 testes
2650 3526 2966 3600 (martyres)
2994 3532 3297 3588 vocitamus
3327 3550 3425 3591 cos

1847 3616 1943 3686 qui
1972 3631 2068 3687 pro
2091 3614 2310 3671 Christo
2332 3626 2609 3672 certamen
2640 3620 2952 3687 subierunt,
2975 3638 3179 3694 eosque
3204 3629 3426 3695 sangui-

1850 3722 1969 3760 nem
2004 3722 2164 3760 suum
2204 3707 2471 3763 obtulisse
2510 3708 2620 3763 Deo
2643 3711 2899 3767 dicimus.
2922 3710 3189 3769 Praeclare
3220 3717 3270 3769 id
3300 3718 3427 3786 qui-

1847 3796 1971 3850 dem
1994 3806 2048 3852 et
2076 3798 2271 3852 merito
2301 3816 2315 3852 :
2348 3800 2440 3853 sed
2484 3808 2665 3854 tamen
2704 3800 2823 3857 sine
2864 3805 3181 3875 metaphora
3229 3816 3425 3861 neutra

1850 3888 2052 3943 locutio
2097 3897 2199 3944 est.
2234 3889 2369 3942 Nam
2422 3890 2550 3961 quia
2599 3892 2817 3961 politica
2870 3898 3211 3950 consuetudo
3259 3907 3424 3952 testes

1853 3980 2088 4050 appellat
2132 3995 2228 4035 eos
2270 3982 2364 4049 qui
2406 3983 2473 4036 ad
2508 3983 2943 4040 continuandam
2980 3989 3422 4057 quotidianarum

1850 4087 2030 4126 rerum
2060 4073 2345 4127 veritatem
2374 4073 2592 4138 adsunt,
2632 4071 2908 4146 ﬁdemque
2939 4088 3206 4149 quatenus
3240 4082 3424 4137 sciunt

1847 4162 2193 4232 suppeditant
2240 4162 2446 4232 judicio
2500 4165 2861 4229 certantibus,
2917 4167 3136 4231 horum,
3175 4170 3418 4238 inquam,

1848 4253 2095 4322 exemplo
2120 4252 2401 4323 religionis
2434 4269 2655 4325 quoque
2700 4256 2922 4311 athletis
2970 4259 3186 4313 testium
3219 4275 3419 4316 nomen

1848 4344 2229 4415 imposuimus.
2262 4343 2475 4400 Etenim
2512 4347 2566 4400 hi
2601 4364 2792 4403 revera
2825 4351 3243 4405 substantialem
3273 4352 3416 4407 veri-

1846 4448 2008 4491 tatem
2038 4437 2337 4506 theologica
2355 4440 2605 4494 oratione
2626 4456 2811 4495 coram
2840 4445 3089 4513 tyrannis
3108 4458 3171 4498 ac
3196 4447 3416 4514 regibus

159 4544 315 4594 ματα
344 4526 427 4595 τῷ
454 4529 672 4598 Χριστῷ
694 4547 897 4599 φαμεν,
931 4536 1348 4603 μετενεγκόντες
1372 4538 1472 4607 τὴν
1501 4557 1741 4611 προσφο-

1849 4527 2028 4583 testati
2061 4537 2210 4583 sunt.
2247 4527 2468 4596 ﬂosque
2516 4529 2782 4585 obtulisse
2824 4530 3048 4586 Christo
3096 4537 3414 4603 sanguinem

158 4616 266 4684 ράν
297 4618 397 4685 ἀφ’
426 4610 501 4671 ὧν
530 4636 586 4671 τε
617 4620 781 4673 ’Δϐελ
806 4623 1057 4685 ὀδίκαιος
1092 4626 1161 4677 τὰ
1197 4627 1305 4678 τῶν
1333 4628 1513 4697 ἀρνῶν
1547 4610 1741 4687 ἑστεα-

156 4710 412 4778 τωμένα,
456 4713 550 4764 καὶ.
607 4713 860 4783 ’Δϐραάμ
903 4716 974 4768 τά
1018 4718 1446 4788 διχοτομήματα.
1480 4721 1576 4774 καὶ
1616 4722 1741 4787 τοὺς

155 4800 366 4872 ἄρτους
407 4803 499 4854 καὶ
526 4803 617 4856 τὸν
638 4801 780 4858 οἶνον
803 4807 833 4858 ὀ
871 4808 1203 4878 Μελχισεδὲκ
1233 4810 1313 4881 τῷ
1366 4812 1616 4884 ’Δϐράάμ
1643 4831 1658 4846 ·
1690 4815 1740 4867 εί

160 4893 350 4960 βούλει
388 4893 445 4947 δὲ
474 4897 566 4947 καὶ
597 4897 695 4965 τὴν
728 4898 960 4969 δεκάτην
980 4901 1059 4970 τῷ
1084 4902 1415 4973 Μελχισεδὲκ
1450 4907 1478 4958 ὀ
1514 4908 1743 4976 προσδε-

154 4983 405 5046 ξιωθεὶς.
431 4990 791 5056 προσενήνοχε
816 5006 831 5019 ο
883 4990 979 5043 καὶ
1022 4990 1183 5060 δῆλον
1228 4994 1303 5056 ὡς
1355 4994 1585 5059 ἔκαστος
1627 4998 1738 5052 τῶν

157 5074 678 5141 προσενεγκόντων,
734 5078 917 5149 ἕτερον
960 5082 1303 5152 προσήνεγκε
1343 5086 1476 5155 παρ’
1520 5086 1732 5151 ἑαυτὸν,

153 5165 249 5215 καὶ
284 5164 459 5233 μηδὲν
500 5166 723 5235 ἀνιαρὸν
763 5168 1295 5239 ύφιστάμενος..οὐδό
1324 5191 1376 5228 τι
1417 5175 1525 5230 τῶν
1561 5177 1736 5246 μελῶν

150 5256 629 5325 περικοπτόμενος
657 5275 673 5290 ο
718 5263 766 5313 oi
894 5263 987 5315 τού
1030 5265 1267 5335 Χριστοῦ
1302 5267 1576 5338 μάρτυρες
1611 5268 1735 5323 οὔτε

148 5362 203 5397 τι
250 5348 662 5417 κεχωρισμένον
697 5354 1109 5425 προσήνεγκαν,
1136 5358 1245 5411 οὐδ’
1286 5360 1518 5424 ἀπαθεῖς
1556 5361 1615 5414 τὸ
1635 5362 1736 5415 σῶ-

152 5455 231 5505 μα
260 5440 674 5509 προσφέροντες
707 5443 929 5511 ἔμειναν
960 5462 973 5475 ⁸
1013 5448 1128 5501 ἀλλ’
1164 5451 1283 5503 οὐδὲ
1315 5451 1602 5519 κληθέντες
1631 5454 1735 5507 ὑπό

147 5543 325 5592 τινος,
361 5533 661 5601 μαρτυρεῖν
689 5535 1076 5606 ἐφεστήκασιν,
1108 5538 1222 5591 ἀλλ’
1248 5541 1564 5612 αὑτοκλήτῳ
1594 5542 1732 5610 γνὼ-

152 5638 229 5691 μη
279 5620 385 5690 τὴν
435 5621 757 5692 θαυμαστὴν
787 5627 1003 5699 ἐκείνην
1033 5630 1127 5683 καὶ
1150 5630 1399 5700 θεόλογον
1425 5636 1733 5704 μαρτυρίαν

146 5709 550 5781 ἐμαρτύρησαν
583 5728 599 5741 ·
628 5714 681 5767 εἴ
702 5732 786 5779 τις
810 5717 904 5770 οὖν
932 5719 1009 5789 μὴ
1036 5718 1340 5786 διαστείλας
1379 5724 1447 5776 τά
1477 5723 1572 5776 τού
1602 5725 1731 5797 μάρ-

144 5818 319 5873 τυρος
339 5805 713 5873 σημαινόμενα
737 5850 751 5875 ,
780 5809 873 5864 ἐπὶ
906 5809 1134 5884 θατέρου
1165 5814 1232 5868 τὰ
1261 5814 1354 5869 τοῦ
1378 5816 1561 5883 ἐτέρου
1596 5834 1730 5888 συμ-

1844 4622 2098 4685 dicimus,
2130 4621 2447 4689 metaphora
2476 4620 2771 4676 oblationis
2804 4638 2869 4678 ex
2898 4624 3228 4695 Abelejusto
3261 4643 3416 4681 sum-

1842 4722 1953 4781 pta,
1990 4713 2081 4783 qui
2123 4713 2355 4767 arietum
2386 4713 2609 4782 adipes;
2642 4724 2696 4768 ct
2726 4730 2793 4768 ex
2838 4716 3172 4779 Abraltamo,
3202 4721 3294 4787 qui
3326 4720 3415 4773 di-

1839 4803 1987 4858 visas
2006 4818 2228 4869 carnes;
2254 4818 2353 4859 nec
2376 4818 2484 4859 non
2505 4820 2537 4858 a
2561 4804 2971 4870 Melchisedeco,
2992 4808 3084 4877 qui
3098 4809 3411 4865 Abrahamu

1839 4912 2007 4966 panes
2040 4905 2095 4950 et
2127 4898 2313 4951 vinum
2345 4896 2576 4963 obtulit;
2608 4898 2718 4952 imo
2756 4909 2811 4953 et
2832 4900 2901 4953 ab
2937 4902 3041 4954 hoc
3072 4902 3165 4969 qui
3225 4918 3412 4958 susce-

1840 4999 2056 5059 ptarum
2080 5005 2261 5044 rerum
2298 4990 2539 5046 decimas
2566 4989 2960 5047 Melchisedecn
2991 4995 3254 5049 attribuit.
3276 4999 3409 5050 Cer-

1838 5081 2021 5136 nimus
2049 5090 2227 5136 autem
2261 5084 2505 5152 singulos
2544 5084 2647 5138 bos
2683 5099 2799 5139 rem
2846 5102 2875 5139 a
2906 5087 3101 5155 scipsis
3134 5088 3406 5145 diversam

1835 5175 2132 5240 obtulisse,
2178 5176 2313 5230 nihil
2346 5177 2636 5231 molestum
2683 5193 2918 5247 passos,
2978 5180 3248 5251 nullisque
3290 5184 3407 5239 suis

1836 5267 2097 5321 membris
2123 5268 2362 5324 amissis.
2410 5268 2576 5340 Atqui
2608 5270 2811 5327 Christi
2852 5286 3118 5345 martyres
3166 5277 3301 5329 nihil
3335 5279 3405 5332 ab

1834 5373 1893 5413 se
1918 5358 2154 5414 alienum
2184 5361 2569 5428 exbibuerunt,
2600 5380 2776 5433 neque
2804 5366 2933 5419 dum
2982 5367 3030 5419 id
3072 5368 3402 5423 sacrilicium

1834 5450 2096 5515 iacerent,
2124 5451 2418 5507 incolumia
2447 5470 2677 5524 corpora
2705 5458 3062 5512 retinuerunt.
3091 5458 3194 5513 Sed
3227 5476 3405 5529 neque

1833 5543 1902 5597 ah
1950 5543 2135 5613 aliquo
2170 5545 2425 5613 postulati
2479 5549 2791 5603 testimonio
2822 5550 3054 5605 dicendo
3086 5550 3399 5618 adfuerunt,

1835 5650 2025 5688 verum
2065 5635 2168 5703 ipsi
2195 5647 2500 5706 spontaneo
2520 5641 2749 5695 consilio
2776 5642 2977 5697 mirum
3009 5642 3140 5697 illud
3188 5644 3400 5699 theolo-

1834 5726 2126 5798 gicumque
2150 5730 2520 5785 testimonium
2558 5736 2927 5801 praebuerunt.
2979 5732 3035 5787 Si
3077 5735 3200 5803 quis
3238 5735 3400 5806 igitur

1836 5818 2167 5879 indistinctis
2204 5823 2452 5880 vocabuli
2496 5826 2641 5880 testis
2684 5825 3111 5897 significatihus,
3154 5828 3399 5883 alterutri
