4202 6442
748 404 854 471 183

1897 399 2161 460 PHOTII
2191 398 2698 460 ΡΑΤΗῙΑΗΟΗᾹΞ
2737 399 2849 460 CP.

3905 386 4009 459 184

744 521 798 575 id
827 513 1264 574 accommodabit
1315 511 1461 582 quod
1507 510 1739 568 alterius
1777 520 1900 572 est,
1948 526 2131 566 nonne
2159 525 2318 566 aures

2444 511 2668 576 ἰιὸάζειν
2690 510 3076 580 φιλονεικήσει,
3105 504 3194 578 ἄρ’
3224 507 3328 562 οὐκ
3349 505 3616 576 ὲκπλήσει
3646 505 3893 575 ἀποριῶν
3945 508 4012 559 τὰ

742 611 1141 682 imperitiorum
1169 605 1570 678 quaestionibus
1590 605 1889 661 onerabit?
1930 602 2117 675 Neque
2144 604 2328 660 minus

744 706 863 774 ipse
891 717 951 758 se
973 701 1145 764 fallet,
1191 699 1322 754 dum
1354 713 1413 752 se
1438 697 1798 767 quaestionem
1843 698 1895 751 in
1922 697 2162 752 medium
2197 712 2325 766 pro-

739 796 883 851 ferre
905 792 1195 864 judicabit,
1223 806 1392 860 quam
1425 803 1617 858 reapse
1661 804 1769 843 non
1808 804 1992 844 rerum
2038 787 2328 843 difﬁcultas

738 887 986 949 exhibet,
1007 885 1100 940 sed
1123 882 1298 952 ipsius
1328 881 1585 951 imperita
1603 881 1996 936 vocabulorum
2017 880 2325 949 usurpatio.

742 978 894 1032 Dicet
917 977 1065 1031 enim
1099 975 1189 1029 hic
1223 974 1412 1035 etiam,
1444 980 1505 1026 ut
1525 971 1685 1028 facile
1705 981 1859 1042 puto,
1895 971 1942 1027 si
1990 979 2156 1026 testes
2190 984 2327 1026 san-

739 1073 960 1140 guinem
985 1067 1254 1132 offerunt,
1310 1067 1439 1136 quis
1475 1067 1624 1121 hunc
1661 1065 1894 1136 recipit?
1956 1063 2012 1118 Si
2053 1063 2327 1126 Christus,

748 1159 1031 1229 quomodo
1055 1160 1161 1213 dici
1203 1167 1384 1226 potest
1414 1157 1654 1212 clemens
1703 1157 1791 1211 hic
1825 1156 2187 1226 sanguinibus
2229 1157 2330 1208 ho-

746 1252 958 1324 minuin
987 1250 1293 1306 delectari?
1335 1250 1394 1303 Si
1421 1248 1675 1305 diabolus
1721 1251 1948 1318 recepit,
2005 1263 2234 1303 euruam
2291 1248 2327 1302 ii

743 1343 1052 1397 voluissent
1079 1358 1239 1397 suum
1285 1343 1430 1397 hosti
1469 1342 1793 1414 sanguinem
1830 1341 2036 1395 libare?
2090 1341 2326 1395 Ubinam

743 1449 876 1488 vero
893 1433 1084 1503 judex,
1117 1434 1212 1504 qui
1246 1450 1404 1504 aequo
1429 1435 1554 1503 jure
1582 1450 1708 1489 cum
1726 1432 2158 1503 disceptantibus
2173 1434 2330 1504 agat?

749 1528 1126 1596 Disceptautes
1149 1537 1354 1593 autem,
1392 1542 1627 1596 quorum
1663 1527 1911 1580 alterutri
1942 1525 2097 1581 testis
2134 1526 2204 1581 ad
2241 1527 2327 1582 vi-

744 1621 970 1674 ctoriam
996 1620 1374 1674 testimonium
1404 1620 1520 1686 dat,
1555 1620 1781 1688 quinam
1809 1619 1978 1674 sunt?

817 1714 872 1768 7.
905 1712 1198 1766 lunumera
1224 1712 1497 1779 ejusmodi
1527 1727 1556 1765 a
1587 1711 1892 1766 forensibus
1919 1712 2150 1766 testibus
2177 1726 2328 1766 sum-

747 1815 836 1874 pta
868 1806 936 1858 ad
971 1819 1165 1859 sacros
1201 1802 1494 1858 transferet
1535 1813 1700 1858 testes
1725 1842 1740 1866 ,
1776 1803 2100 1873 quicunque
2144 1803 2327 1871 inepto

2430 600 2545 656 ὦτα
2577 604 2686 656 τῶν
2724 602 3078 673 ἀπειρότερον
3125 600 3462 664 ἀκουόντων;
3493 598 3722 668 σφαλείη
3754 599 3811 651 δὲ
3852 599 4012 652 οὐδὲν

2430 696 2650 748 ἔλαττον
2671 695 2830 758 αὐτὸς
2858 693 3096 764 ἀπορίαν
3124 691 3372 761 οἰόμενος
3397 689 3776 760 προκομίζειν,
3797 691 3866 760 ἢν
3908 690 4013 760 οὐχ

2431 789 2464 857 ή
2493 786 2602 838 τῶν
2632 786 2970 856 πραγμάτων
2997 783 3250 840 δυσκολία
3275 783 3569 853 παρέσχεν,
3594 782 3708 835 ἀλλ’
3729 783 3764 850 ἡ
3792 781 4011 834 ἐκείνου

2429 879 2539 930 τῶν
2560 878 2841 944 ὀνομάτων
2871 876 2970 928 οὐκ
2996 877 3056 927 ὲν
3088 873 3284 943 γνώσει
3311 874 3682 944 μεταχείρισις
3703 889 3717 903 ·
3745 875 3864 944 ἐρεῖ
3900 873 4014 943 γὰρ

2434 967 2715 1020 κάνταῦθα
2749 969 2899 1038 ῥᾷον,
2939 964 3061 1018 Τῶν
3093 963 3386 1036 μαρτύρων
3431 963 3920 1038 προσενεγκάντων
3951 964 4016 1017 τὸ

2429 1054 2590 1127 αἷμα,
2626 1058 2707 1121 τίς
2747 1059 2775 1110 6
2803 1056 3274 1128 προσδεξάμενοςς
3319 1055 3383 1108 Ei
3416 1071 3513 1125 μιν
3537 1056 3648 1125 γάρ
3681 1055 3712 1107 6
3752 1056 4011 1125 Χριστὸς,

2430 1152 2523 1202 καί
2553 1150 2671 1213 πῶς
2703 1153 2731 1202 6
2757 1149 3139 1220 φιλάνθρωπος
3165 1147 3472 1217 ἀνθρώπων
3505 1148 3733 1216 αἶμασιν
3760 1147 4014 1214 δπαγάλο

2428 1241 2580 1293 λεται
2603 1259 2618 1307 ;
2649 1242 2698 1292 εί
2728 1241 2773 1294 δ’
2803 1243 2831 1294 ὁ
2853 1239 3108 1309 πονηρὸς,
3138 1240 3233 1292 καὶ
3261 1239 3380 1302 πῶς
3406 1240 3700 1308 ἠνέσχοντο
3727 1240 3806 1310 τῷ
3827 1239 4016 1311 ὲχθρῷ

2429 1332 2490 1385 τὸ
2523 1334 2721 1385 οίκεῖον
2743 1327 2883 1402 αἷμα
2909 1331 3239 1385 σπείσασθαι
3267 1349 3281 1396 ;
3308 1331 3411 1384 ποῦ
3435 1333 3480 1384 δ’
3509 1335 3539 1386 ό
3568 1336 3783 1401 κριτὴς,
3820 1332 3882 1395 ὃς
3915 1334 4018 1403 τὴν

2431 1421 2552 1492 ἴσην
2583 1422 2808 1492 γνώμην
2844 1425 2959 1482 τοῖς
2992 1422 3336 1493 κρινομένοις
3371 1421 3678 1490 διένειμεν;
3711 1424 3760 1474 οἱ
3791 1423 3851 1475 δὲ
3889 1439 4018 1492 κριο

2428 1515 2662 1583 νόμενοι,
2697 1509 2773 1568 ὧν
2818 1517 2847 1568 ὁ
2874 1516 3082 1586 μάρτυς
3123 1513 3337 1585 θατέρῳ
3384 1513 3484 1586 τὴν
3526 1515 3619 1567 ἐπὶ
3671 1515 3800 1586 νίκῃ
3839 1515 4020 1586 ῥοπὴν

2430 1610 2733 1676 παρασχεῖν
2753 1607 3047 1678 ἐφέστηκε,
3082 1607 3262 1666 τίνεςξ

2501 1695 2569 1759 ζ’.
2600 1697 2711 1750 Καὶ
2731 1697 2872 1749 πόσα
2900 1696 2967 1750 ἄν
2997 1713 3082 1759 τις
3125 1697 3354 1750 τοιαῦτα
3392 1694 3578 1748 λαϐὼν
3608 1695 3718 1748 ἀπὸ
3737 1695 3850 1748 τῶν
3873 1695 4018 1749 κατά

2429 1789 2527 1860 τὴν
2557 1789 2834 1841 πολιτείαν
2864 1788 3155 1859 μαρτύρων
3181 1790 3273 1840 ἐπὶ
3304 1790 3431 1851 τοὺς
3461 1787 3742 1854 θεολόγους
3763 1786 4016 1840 διαϐιϐά-

751 1873 938 1951 studio
985 1895 1346 1965 quastionmn
1392 1903 1628 1960 tenetur,
1680 1903 1773 1950 aut
1808 1910 1970 1964 quem
2006 1896 2060 1949 in
2097 1910 2155 1949 re
2185 1895 2329 1950 seria

2444 1897 2544 1932 τειε
2577 1882 2882 1949 μάρτυρας,
2997 1880 3228 1948 φορυτδς
3260 1879 3400 1950 ἔρως
3432 1877 3696 1949 ἀποριῶν,
3723 1879 3818 1930 καὶ
3850 1878 4020 1947 μυθο-

751 1987 966 2041 fabulas
999 1987 1278 2042 venditare
1307 1996 1402 2041 aut
1432 1988 1607 2057 jocari
1639 2003 1745 2043 non
1782 1989 1963 2057 pudet.
2008 1988 2174 2058 Atqui
2206 2004 2332 2059 per-

749 2077 928 2133 facilis
956 2077 1164 2132 solutio
1193 2087 1298 2144 est,
1325 2078 1370 2132 si
1399 2078 1466 2132 ad
1500 2079 1732 2148 primam
1757 2078 2168 2134 dubltationum
2201 2095 2322 2149 spe-

749 2170 890 2225 ciem
926 2170 1174 2226 dicamus
1197 2211 1213 2236 ,
1261 2171 1544 2226 Christum
1578 2173 1801 2242 quidem
1834 2173 1976 2226 haud
2004 2173 2332 2228 athletarum

751 2278 947 2318 cruore
978 2265 1072 2319 sed
1106 2273 1289 2318 mente
1327 2263 1656 2319 delectatum
1676 2305 1693 2328 ,
1745 2265 1944 2319 caedem
1976 2280 2166 2319 eorum
2199 2279 2333 2320 san-

751 2354 1083 2423 guinemque
1111 2353 1442 2409 exhaustum
1471 2356 1766 2426 recepisse.
1801 2354 1990 2426 Neque
2021 2357 2181 2412 facile
2223 2357 2331 2411 mi-

751 2459 859 2498 nus
886 2444 1042 2499 dicas
1062 2484 1078 2507 ,
1114 2458 1286 2499 caesos
1327 2443 1501 2500 fuisse
1529 2459 1632 2514 pro
1663 2446 1882 2501 Christo
1908 2454 2076 2502 testes
2119 2456 2175 2502 et
2201 2462 2334 2503 san-

753 2537 973 2606 guinem
1006 2535 1298 2604 effudisse;
1359 2536 1413 2592 id
1471 2538 1620 2592 enim
1674 2539 1896 2608 proprie
1943 2539 2165 2606 dicitur,
2225 2554 2334 2595 non

756 2627 1009 2697 figurate.
1046 2625 1250 2682 Verum
1289 2628 1560 2683 dictiones
1610 2628 1909 2683 obtulerunt
1953 2638 2009 2684 et
2047 2631 2334 2700 o/ferebant

752 2726 808 2772 et
843 2717 962 2772 alia:
992 2717 1303 2788 ejusmodi,
1353 2720 1409 2774 in
1455 2720 1638 2775 verbis
1676 2722 1956 2776 translatis
1985 2723 2339 2777 numerandae

754 2818 906 2864 sunt.
943 2807 1132 2878 Neque
1165 2809 1332 2880 igitur
1365 2812 1739 2866 necessarium
1779 2821 1864 2868 est
1894 2812 2182 2882 exquirere
2221 2815 2340 2870 cui-

755 2915 881 2953 nam
942 2899 1237 2954 obtulerint
1275 2917 1289 2953 :
1322 2901 1485 2955 sicuti
1539 2901 1676 2955 nihil
1725 2917 1861 2971 opus
1925 2911 2011 2956 est
2070 2917 2335 2971 quaerere,

754 3005 994 3058 quonam
1025 2991 1060 3043 ii
1085 3001 1246 3059 pacto
1265 2991 1373 3046 dici
1401 3001 1607 3060 queant
1641 2992 1927 3057 obtulisse,
1956 3008 2190 3062 quorum
2217 3007 2341 3047 cor-

758 3100 894 3153 pora
944 3086 1217 3140 exhausto
1250 3087 1520 3157 sanguine
1553 3089 1863 3141 exanimata
1917 3085 2158 3140 fuerunt.
2194 3086 2342 3153 Quo-

2433 1970 2612 2037 λογεῖν
2645 1971 2739 2022 καὶ
2766 1971 2990 2034 παίζειν
3034 1972 3136 2024 κάν
3161 1973 3274 2033 τοῖς
3306 1971 3618 2032 σπουδαίοις
3662 1969 4015 2040 ἀνύϐριστον.

2434 2061 2546 2114 Καὶ
2583 2061 2692 2130 γὰρ
2739 2059 2890 2114 οὐδὲν
2924 2060 3084 2130 ἔργον
3130 2059 3268 2128 πρὸς
3298 2059 3359 2112 τὸ
3415 2059 3633 2128 πρῶτον
3661 2057 3852 2129 σχῆμα
3904 2055 4028 2110 τῶν

2434 2154 2808 2223 άπορημάτων
2866 2154 3063 2218 εἰπεῖν,
3101 2153 3177 2215 ὡς
3221 2151 3345 2222 οὐχὶ
3381 2152 3459 2222 τῷ
3487 2152 3679 2222 αῖματι
3702 2149 3810 2202 τῶν
3843 2149 4019 2218 ἀθλη-

2433 2247 2564 2311 τῶν,
2594 2249 2660 2316 τῇ
2713 2246 2768 2299 δὲ
2811 2244 3008 2318 γνώμῃ
3049 2244 3514 2316 συναρεσκόμενος
3553 2246 3584 2297 6
3623 2241 3880 2314 Χριστὸς,
3923 2241 4022 2293 καὶ

2434 2336 2531 2406 τὴν
2589 2336 2802 2405 σςεαγὴν
2861 2337 2957 2388 καί
3009 2337 3072 2388 τὸ
3122 2335 3359 2389 κενωθὲν
3415 2330 3554 2406 αἷμα
3602 2332 3974 2405 προσεδέξατο
4000 2349 4022 2366 ·

2435 2427 2625 2498 ὥσπερ
2654 2426 2777 2478 οὐδὲ
2797 2426 2856 2480 τὸ
2880 2417 3198 2495 ἐπενεγκεῖν
3227 2427 3302 2490 ὡς
3324 2428 3643 2496 ἐσφάγησαν
3674 2425 3777 2496 μὲν
3794 2425 3848 2477 οί
3874 2424 4023 2495 μάρ-

2435 2542 2592 2594 τυρες
2616 2525 2757 2594 ὑπὲρ
2777 2522 3036 2594 Χριστοῦ,
3067 2524 3161 2576 καὶ
3194 2522 3256 2576 τὸ
3283 2516 3427 2592 αἷμα
3448 2521 3688 2592 ἐξέχεαν,
3714 2520 3878 2573 τοῦτο
3927 2537 4024 2573 κυ-

2441 2615 2568 2684 ρίως
2597 2614 2687 2666 καὶ
2718 2614 2776 2664 οὐ
2809 2613 3072 2684 τροπικόν
3091 2627 3106 2640 ’
3135 2612 3197 2664 τὸ
3220 2611 3276 2664 δὲ
3308 2613 3694 2681 προσήνεγκαν
3717 2610 3814 2662 καὶ
3847 2625 4023 2680 προσ-

2438 2709 2632 2776 ἐφερον
2649 2706 2740 2760 καὶ
2759 2707 2828 2758 τά
2846 2705 3094 2767 τοιαῦτα,
3121 2708 3187 2775 ρη
3198 2705 3383 2774 μάτων
3406 2705 3555 2756 ἐστὶν
3571 2701 4027 2770 ὲξοικειουμένων

2437 2796 2536 2865 τὴν
2565 2796 2772 2864 τροπήν
2804 2811 2819 2825 ·
2864 2793 3061 2847 οὔκουν
3104 2793 3212 2846 οὐδ’
3250 2794 3548 2860 ἀναγκαῖον
3585 2792 3872 2860 ἐπιζητεῖν
3914 2790 4026 2842 τίνι

2440 2889 2855 2957 προσήνεγκανι
2895 2884 3082 2953 ὥσπερ
3120 2883 3241 2936 οὐδὲ
3271 2885 3455 2953 ζητεῖν
3487 2883 3605 2944 πῶς
3640 2883 3689 2934 οί
3715 2881 4027 2950 νεκρωθέν-

2441 2997 2531 3042 τες
2569 2979 2630 3031 τὸ
2667 2978 2826 3048 σῶμα
2858 2980 2926 3048 τῇ
2978 2976 3206 3029 κενώσει
3248 2975 3344 3029 τοῦ
3392 2977 3624 3044 αἵματος
3669 2972 3909 3027 δύναιντ’
3959 2971 4032 3025 ἀν

2443 3072 2831 3140 προσενεγκεῖν
2861 3066 3115 3136 λέγεσθαι
3139 3084 3151 3095 ·
3179 3066 3294 3131 πῶς
3320 3067 3377 3119 δὲ
3401 3065 3759 3136 προσέφερον,
3783 3066 3885 3134 οὐχ
3908 3063 4030 3116 ξτε-

758 3179 921 3228 mmlu
954 3179 1098 3230 enirn
1131 3176 1391 3232 offerrent
1415 3216 1430 3240 ,
1470 3192 1594 3232 cunt
1628 3178 1763 3230 nihil
1813 3192 1844 3231 a
1897 3193 1958 3232 se
2019 3179 2338 3232 distinctum

2446 3181 2538 3234 ρον
2571 3164 2954 3233 προσάγοντες,
2991 3159 3126 3229 ὅπερ
3157 3158 3273 3211 ἐστὶ
3297 3158 3406 3210 τῶν
3446 3157 3650 3226 κυρίως
3676 3155 4031 3225 προσφερόν·

759 3269 1038 3332 all'errcnt,
1075 3284 1236 3323 secus
1269 3286 1335 3323 ac
1383 3268 1442 3322 fit
1471 3268 1662 3322 abillis
1690 3269 1782 3338 qui
1824 3269 2044 3337 proprie
2074 3268 2340 3323 offerunt?

2444 3273 2589 3318 των;
2631 3257 2698 3307 τὰ
2725 3254 2831 3322 γὰρ
2869 3251 3089 3304 τοιαῦτα
3115 3250 3368 3303 τοσοῦτον
3405 3249 3600 3319 ἀπέχει
3636 3248 3733 3300 τοῦ
3771 3248 4033 3317 διαπορη-

761 3358 914 3422 llaec,
951 3362 1200 3429 inquam,
1229 3360 1415 3413 omnia
1450 3369 1733 3428 tantopere
1759 3361 1960 3413 absunt
1989 3375 2018 3413 a
2044 3359 2218 3414 forma
2244 3359 2346 3414 du-

760 3452 1009 3515 bilutivu,
1041 3460 1098 3503 ut
1121 3450 1393 3518 negligere
1433 3451 1608 3502 satius
1648 3452 1742 3514 sit,
1769 3465 1834 3502 ue
1867 3448 2006 3503 forte
2031 3449 2128 3503 tibi
2164 3449 2346 3502 videa-

759 3559 882 3596 mur
918 3560 1021 3594 non
1055 3541 1326 3594 immerito
1353 3538 1804 3608 reprehendendi,
1840 3541 1969 3608 quia
1996 3553 2122 3593 cum
2160 3539 2349 3592 luden-

763 3635 911 3687 tibus
940 3634 1288 3687 dimicemus.
1328 3631 1465 3684 Nam
1498 3631 1660 3686 sicuti
1721 3630 1776 3684 in
1843 3646 1902 3685 re
1955 3630 2096 3684 seria
2156 3631 2348 3684 ludere

763 3729 1013 3779 insanum
1045 3734 1149 3787 est,
1191 3722 1358 3776 sicin
1398 3722 1646 3776 ridiculis
1698 3723 1844 3778 serio
1891 3737 2051 3792 agere
2097 3721 2351 3791 dignissi-

765 3835 911 3872 mum
936 3819 1046 3872 risu
1067 3827 1170 3871 est.
1201 3815 1257 3870 Si
1288 3831 1410 3885 qua:
1432 3832 1560 3870 vero
1580 3815 1884 3870 locutiones
1911 3815 2110 3869 absunt
2131 3815 2349 3884 quidem

763 3928 793 3964 a
835 3909 1117 3963 manifesta
1156 3908 1526 3971 absurditate,
1583 3923 1761 3977 neque
1811 3917 1985 3962 semet
2034 3908 2166 3976 ipsa:
2205 3905 2352 3962 refu-

765 4013 917 4068 tant,
979 4003 1073 4056 sed
1129 4012 1309 4054 tamen
1349 4000 1818 4068 perturbationem
1861 3998 2351 4069 confusionemque

766 4095 1065 4148 multorum
1104 4089 1335 4145 auribus
1367 4099 1587 4157 creant,
1630 4089 1946 4144 hominibus
1980 4090 2233 4144 videlicet
2257 4090 2351 4158 qui

765 4189 1079 4242 discernere
1130 4183 1384 4238 nesciunt
1421 4183 1588 4238 verba
1639 4192 1797 4253 tr0po
1845 4183 2124 4245 carentia,
2173 4181 2241 4235 ab
2283 4180 2351 4235 iis

765 4296 888 4348 qua:
929 4287 1208 4346 troporum
1245 4274 1454 4345 legibus
1481 4274 1816 4344 ﬁgurantur;
1846 4271 2081 4336 facilius,
2105 4271 2349 4341 inquam,

765 4381 850 4427 est
881 4371 927 4424 si
958 4366 1278 4423 differentia:
1323 4381 1514 4419 earum
1546 4365 1994 4427 considerentur,
2029 4362 2352 4433 prepulsare

769 4479 834 4517 ac
862 4461 1166 4516 dissolvere
1190 4457 1499 4511 umbratilis
1527 4457 1918 4511 controversia:
1969 4456 2352 4513 subtilitatem.

2415 3348 2596 3400 ιτικοῦ
2630 3347 2822 3410 τύπου,
2858 3345 2932 3408 ὠς
2957 3345 3178 3413 ἄμεινον
3209 3343 3503 3412 ὑπεριδεῖν,
3537 3341 3610 3410 μή
3639 3355 3772 3392 ποτε
3802 3339 3914 3407 ἄρα
3947 3353 4033 3390 σοι

2447 3437 2686 3508 δόξωμεν
2722 3435 3160 3506 συμπλεκόμενοι
3195 3436 3306 3495 τοῖς
3353 3432 3658 3494 παίζουσιν,
3691 3429 3793 3481 οὐκ
3823 3427 4034 3491 ἔξωθεν

2447 3531 2541 3585 τοῦ
2597 3532 2805 3591 εἰκότος
2864 3525 3338 3581 συνδιαϐάλλεσθαι
3375 3541 3388 3555 ο
3447 3523 3634 3592 ὥσπερ
3675 3522 3786 3590 γάρ
3829 3522 3888 3573 ὲν
3915 3522 4038 3581 τοῖς

2452 3622 2761 3683 σπουδαίοις
2793 3619 3009 3682 παίζειν
3047 3618 3325 3681 ἀσύνετον,
3376 3615 3518 3669 οῦτω
3550 3614 3689 3685 πρὸς
3728 3613 3797 3665 τά
3821 3612 4036 3680 γελοιό-

2449 3733 2585 3786 τερα
2617 3713 2937 3777 σπουδάζειν
2965 3711 3369 3778 καταγέλαστον
3399 3726 3412 3738 ·
3448 3707 3516 3760 τά
3537 3707 3594 3760 δὲ
3619 3707 3716 3774 τῆς
3752 3703 4035 3775 ἐμφανοῦς

2455 3807 2554 3876 μὲν
2579 3806 2810 3867 ἀτοπίας
2833 3804 2929 3857 καὶ
2949 3801 3166 3855 οἴκοθεν
3193 3802 3427 3870 ἑχόντων
3459 3800 3551 3850 τὸν
3577 3798 3800 3866 ἔλεγχον
3827 3797 4036 3849 ἀνακε-

2452 3895 2762 3966 χωρηκότα,
2809 3891 3056 3962 ταραχὴν
3086 3890 3185 3959 μὲν
3221 3890 3316 3941 καὶ
3364 3887 3591 3959 θόρυϐον
3638 3884 4037 3954 προτεινόμενα

2450 3990 2570 4049 ταῖς
2599 3986 2706 4038 τῶν
2728 3984 2941 4038 πολλῶν
2969 3982 3178 4045 ἀκοαῖς,
3207 3981 3302 4033 καὶ
3329 3975 3410 4042 οἷς
3437 3980 3542 4032 οὑκ
3569 3977 3685 4030 ἐστι
3716 3976 3901 4046 κρίσις
3922 3976 4038 4028 δια-

2454 4076 2693 4128 στέλλειν
2723 4075 2828 4127 τῶν
2855 4075 2982 4128 ἀνευ
3007 4075 3216 4145 τροπῆς
3239 4069 3628 4141 προαγομένων
3653 4066 3872 4136 φωνῶν,
3910 4067 3980 4127 ἀς
4006 4067 4042 4117 6

2452 4170 2549 4236 τῆς
2576 4167 2784 4237 τροπῆς
2816 4165 2977 4236 νόμος
3007 4164 3375 4234 ἐσχημάτισεν
3406 4177 3421 4192 ·
3459 4160 3582 4213 ἐπεὶ
3612 4161 3744 4230 ῥᾷόν
3771 4161 3894 4211 ἐστι
3917 4159 4038 4220 τοῖς

2451 4259 2512 4311 τὸ
2569 4259 2826 4330 διάφορον
2869 4257 3048 4312 αὐτῶν
3113 4254 3564 4324 ὲπεσκεμμένοις,
3621 4250 4039 4321 ἀποκρούεσθαι

2454 4352 2547 4404 καὶ
2601 4351 2836 4403 διαλύειν
2887 4350 2985 4418 τῆς
3031 4348 3292 4418 δοκούσης
3325 4346 3558 4414 ἀπορίας
3589 4343 3653 4395 τὸ
3691 4341 4034 4412 περίεργον·

2452 4444 2532 4498 δεῖ
2574 4443 2618 4496 δ’
2645 4443 2737 4496 οῦν
2765 4441 2942 4510 λέγειν
2969 4444 3065 4511 μὲν
3105 4440 3202 4502 τάς
3231 4439 3419 4506 φωνὰς·
3459 4436 3556 4490 καὶ
3599 4434 3805 4488 τιθέναι
3839 4435 3926 4503 ἐφ’
3957 4427 4037 4488 ῶν

768 4553 1077 4624 Deligendae
1093 4553 1257 4618 igitur
1284 4564 1447 4603 voces
1468 4557 1618 4616 sunt,
1642 4546 2082 4616 collocandazque
2101 4562 2210 4616 quo
2230 4547 2340 4601 loco

2455 4537 2638 4606 φέρειν
2664 4533 2933 4602 εἰώθαμεν
2952 4548 2967 4562 ο
3000 4529 3196 4619 ειδέναι
3212 4529 3271 4582 δὲ
3294 4530 3364 4582 τὰ
3385 4528 3622 4596 ἑκάτερα
3648 4527 4035 4596 παρεπόμενα,

770 4644 1014 4700 adhiberi
1046 4644 1240 4697 solent.
1279 4641 1432 4695 Scire
1449 4640 1618 4694 etiam
1653 4646 1867 4708 oportet
1897 4645 2186 4706 utramque
2239 4636 2347 4690 eir—

770 4736 1180 4798 eumstanliam,
1223 4736 1296 4787 ita
1326 4741 1384 4785 ut
1408 4730 1654 4786 distincti
1694 4737 1982 4785 serventur
2007 4727 2348 4798 significatus

771 4841 822 4883 et
851 4829 1177 4898 proprietas.
1226 4823 1366 4879 Hinc
1406 4824 1685 4893 specimen
1717 4831 1860 4876 esto.
1893 4819 2154 4875 Forensis
2197 4821 2350 4874 testis

771 4921 902 4974 dum
933 4919 1029 4973 uni
1076 4934 1106 4972 e
1155 4914 1588 4985 disceptantibus
1631 4912 1793 4978 favet,
1834 4911 2064 4966 alterum
2101 4910 2346 4980 iniquum

773 5011 1023 5079 coarguit
1049 5027 1062 5064 :
1093 5019 1146 5062 at
1176 5008 1344 5078 judex
1373 5005 1593 5060 interim
1623 5019 1834 5075 aequam
1874 5002 2200 5057 sententiam
2249 5001 2351 5055 ho—

777 5105 1016 5159 minibus
1063 5102 1262 5158 reddit.
1295 5098 1497 5155 Verum
1545 5098 1598 5151 in
1648 5112 1805 5152 sacro
1848 5103 1984 5150 teste
2011 5095 2232 5148 ubinam
2265 5093 2353 5147 hic

779 5210 962 5251 rerum
995 5193 1212 5248 status?
1255 5191 1339 5245 vel
1378 5189 1650 5244 undenam
1694 5188 1863 5241 libera
1894 5185 2109 5239 dicendi
2159 5184 2355 5253 copia?

778 5289 994 5342 ltursus
1040 5284 1244 5340 athleta
1298 5283 1678 5338 adversarium
1731 5278 1986 5334 manibus
2050 5278 2355 5348 pugnisque

780 5382 1100 5444 verberans,
1131 5393 1197 5433 ac
1232 5377 1468 5446 denique
1489 5388 1780 5444 superans,
1818 5370 2061 5426 victoriae
2091 5383 2354 5424 coronam

782 5477 1074 5544 impetrat:
1104 5472 1193 5525 hic
1230 5479 1414 5524 autem
1459 5467 1554 5537 qui
1587 5465 1891 5536 percutitur
1921 5477 1989 5517 ac
2017 5459 2354 5524 vulneratur,

781 5569 1110 5636 flainmaque
1141 5574 1237 5619 aut
1267 5563 1414 5618 ferro
1442 5560 1767 5616 interficitur
1788 5601 1803 5624 ,
1857 5556 1939 5609 vel
1983 5554 2108 5609 aliis
2139 5551 2355 5608 crucia-

783 5673 936 5714 tuum
967 5659 1280 5729 generibus,
1327 5669 1450 5724 quae
1477 5653 1797 5707 carnificum
1826 5657 2018 5704 contra
2061 5645 2356 5699 humanam

782 5763 1031 5810 naturam
1060 5749 1357 5807 crudelitas
1377 5745 1449 5802 ob
1469 5743 1780 5800 enecandos
1807 5739 2058 5795 homines
2085 5738 2358 5804 excogita-

784 5847 880 5912 vit,
915 5845 1024 5912 hic,
1062 5846 1308 5915 inquam,
1337 5837 1581 5895 victoriae
1604 5847 1802 5891 corona
1827 5828 2144 5899 insignitur.
2181 5825 2357 5894 Atque

2455 4627 2550 4679 καὶ
2579 4625 2870 4692 φυλάττειν
2904 4611 3082 4677 αὐτῶν
3117 4621 3421 4690 ἀσύγχυτον
3464 4620 3559 4671 καὶ
3598 4617 3658 4670 τὸ
3690 4616 4038 4687 σημαινόμε-

2455 4733 2544 4769 νον
2573 4715 2665 4767 καὶ
2700 4714 2760 4766 τὸ
2790 4712 2986 4782 ἰδίωμα
3022 4727 3037 4742 ο
3073 4712 3206 4782 ὁρᾷν
3225 4710 3282 4762 δὲ
3312 4709 3428 4762 ἐστι
3457 4704 3754 4760 κάντεῦθεν
3780 4721 3795 4736 ·
3819 4707 3850 4758 6
3885 4707 4037 4776 μάρο

2455 4826 2548 4870 τυς
2573 4809 2601 4861 6
2639 4806 2916 4867 πολιτικὸς
2943 4804 3037 4856 ἕνα
3075 4804 3183 4856 τῶν
3209 4800 3582 4870 δικαζομένων
3623 4797 3914 4860 συνιστῶν,
3941 4797 4040 4850 τὺν

2455 4901 2540 4953 ’ἐτε
2550 4917 2640 4969 ρον
2669 4897 3014 4966 συκοφάντην
3031 4895 3326 4963 ἀπελέγχει
3346 4891 3442 4946 τοῦ
3469 4888 3660 4960 κριτοῦ
3683 4889 3785 4959 τὴν
3803 4886 4042 4958 γνώμην

2458 4992 2579 5060 ῐσην
2627 4988 2972 5058 διανέμοντος
3013 4987 3128 5048 τοῖς
3157 4983 3469 5054 προσώποις
3501 4997 3516 5012 ·
3551 4983 3609 5034 ἐν
3640 4979 3696 5032 δὲ
3734 4977 3814 5048 τῷ
3853 4977 4041 5032 θεολο-

2458 5085 2643 5155 γοῦντι
2675 5085 2934 5155 μάρτυρι,
2971 5079 3077 5135 ποῦ
3106 5081 3327 5150 σχέσις;
3390 5079 3424 5150 ἢ
3469 5077 3633 5131 πόθεν
3661 5077 3774 5147 ἔχει
3819 5077 4044 5147 mpm-

2459 5179 2581 5230 σίαν
2628 5179 2662 5248 ἡ
2699 5175 2965 5246 τοιαύτης
3020 5174 3184 5228 πάλιν
3235 5174 3263 5225 6
3311 5171 3548 5242 ἀθλητὴς
3595 5170 3688 5225 τὸν
3739 5168 4044 5223 ἀντίπαλον

2460 5271 2615 5340 χερσὶ
2647 5270 2740 5322 καὶ
2785 5269 3031 5336 πυγμαῖς
3058 5265 3256 5329 παίων,
3302 5264 3397 5319 καὶ
3431 5260 3795 5333 κατακρατῶν
3833 5261 3916 5322 είς
3948 5259 4042 5312 τέ-

2459 5361 2568 5424 λος,
2605 5359 2698 5412 τοῦ
2741 5357 3020 5428 νικητικοῦ
3053 5357 3304 5425 τυγχάνει
3351 5353 3616 5420 στεφάνου
3647 5365 3666 5383 ⁸
3712 5348 3954 5404 ενταῦθα
3983 5349 4045 5402 δὲ

2464 5449 2793 5522 βαλλόμενός
2846 5466 2906 5502 τε
2961 5449 3056 5501 καὶ
3095 5445 3550 5516 τιτρωσκόμενος,
3580 5443 3673 5495 καὶ
3711 5439 3850 5511 πυρὶ
3877 5439 4054 5496 θανα-.

2460 5545 2725 5613 τούμενος
2762 5542 2796 5612 ἢ
2846 5541 3069 5612 σιδήρῳ,
3096 5539 3128 5609 ἢ
3155 5538 3222 5592 δι’
3246 5531 3322 5591 ὧν
3366 5535 3542 5589 ἄλλων
3570 5535 3868 5604 ἐπενόησεν
3889 5533 3925 5602 ἡ
3948 5532 4054 5603 δή-

2468 5653 2586 5706 μιος
2621 5635 2840 5703 ὠμότης
2869 5634 3010 5686 κατὰ
3036 5634 3134 5700 τῆς
3175 5629 3521 5700 ἀνθρωπίνης
3551 5626 3768 5698 φύσεως
3790 5626 3920 5687 τοὺς
3947 5625 4048 5676 ἀν-

2465 5727 2716 5798 θρώπους
2768 5725 3055 5792 ἐξαγαγεῖν
3098 5722 3195 5790 τῆς
3245 5720 3409 5788 ζωῆς,
3446 5718 3514 5771 τὰ
3551 5719 3649 5788 τῆς
3687 5717 3844 5786 νίκης
3892 5716 4048 5767 ἐστὶν

2470 5820 2828 5888 ἀναδούμενος
2887 5815 3189 5884 διαδήματα
3224 5828 3235 5843 ·
3286 5813 3377 5863 καὶ
3411 5810 3504 5863 ἐπὶ
3544 5807 3754 5880 μυρίων
3799 5805 3980 5860 ἄλλων
4013 5819 4046 5871 η
