4202 6442
214 415 318 488 185

1195 417 1293 478 ΑΙ)
1322 412 1914 478 AMPHILOCHIUM
1945 414 2291 487 QII/ESTIO
2326 414 2533 476 XXIV.

3368 416 3469 483 186

209 528 444 598 διαφορά
476 542 491 556 ⁸
541 526 659 589 πῶς
689 522 781 579 οὖν
835 524 897 578 οὐ
926 524 1233 595 παράλογον
1264 526 1323 577 ἒν
1372 522 1619 593 ἑκατέρῳ
1666 520 1775 573 τῶν

1900 521 1999 577 ilia:
2025 532 2286 593 preterea
2325 523 2627 577 innumera:
2674 521 2999 578 didereutiat
3044 534 3193 581 sunt.
3255 524 3460 594 Quidni

213 618 630 690 σημαινομένων
678 616 749 670 τὰ
794 616 933 671 αύτά
981 616 1164 687 ζητεῖν
1204 614 1562 683 ἑπιθεωρεῖν;
1601 613 1698 666 καὶ
1745 614 1782 665 a

214 710 423 780 προσῆν
453 708 531 778 τῷ
562 707 756 778 ἑτέρῳ,
783 708 852 760 τὰ
892 707 1033 761 αύτά
1073 705 1289 776 θατέρῳ
1332 704 1655 776 περιάπτειν
1688 704 1782 757 ἐκ·

212 799 495 865 ϐιάζεσθαι
518 816 533 865 ;

278 899 352 960 η’.
396 890 575 944 Πολλά
603 891 703 959 μὲν
730 889 822 943 οὖν
869 890 981 943 τῶν
1017 889 1110 942 ἰπὶ
1142 887 1414 957 διαφόρων
1442 886 1783 957 πραγμάτων

210 983 559 1052 ταττομένων
587 983 867 1051 ὀνομάτων
893 981 1311 1050 εμφανεστάτην
1336 979 1452 1047 ἔχει
1481 978 1579 1048 τὴν
1602 978 1787 1044 διαφο-

214 1076 316 1146 ράν
347 1090 362 1104 ·
407 1074 483 1137 ὡς
548 1074 685 1143 μηδέ
743 1090 868 1126 τινα
891 1072 1000 1126 τῶν
1027 1073 1107 1134 είς
1136 1072 1303 1141 ἀκρον
1341 1070 1722 1139 ἀναισχυντίας
1752 1070 1786 1137 ἢ

210 1165 498 1227 ἀσθενείας
534 1165 778 1234 ἡκόντων
803 1164 972 1233 χωρὶς
991 1163 1253 1232 αίσχύνης
1284 1162 1318 1233 ἢ
1347 1160 1632 1223 εὐλαϐείας
1664 1176 1793 1231 μετ-

210 1260 455 1323 ενεγκεῖν
504 1258 599 1310 ἐπὶ
652 1256 882 1327 θάτερον
931 1255 969 1309 ἃ
1010 1255 1089 1327 τῷ
1126 1255 1299 1325 ἑτέρῳ
1342 1253 1742 1323 διωμολόγηται
1772 1268 1786 1283 ο

210 1353 382 1406 πολλά
402 1353 461 1406 δὲ
485 1352 716 1424 κρύφιον
743 1351 898 1423 φέρει
926 1351 1024 1421 τὴν
1048 1350 1363 1420 ἑτερότητα.
1395 1350 1470 1411 ὡς
1498 1352 1525 1402 ό
1551 1349 1786 1418 μάρτυς.

208 1445 284 1506 ὡς
312 1445 343 1495 ό
374 1442 632 1513 ἀθλητὴς,
662 1443 739 1505 ὠς
765 1442 828 1496 τὸ
858 1442 1073 1512 λύτρον,
1108 1442 1186 1504 ὡς
1214 1443 1276 1494 τὸ
1306 1441 1591 1512 τρόπαιον,
1622 1441 1699 1503 ὡς
1728 1442 1794 1494 τά

207 1531 305 1585 τοῦ
336 1532 464 1603 ᾅδου
504 1532 773 1602 βασίλεια,
798 1531 874 1595 ὡς
922 1531 1090 1601 μυρία
1126 1530 1263 1584 ἄλλα
1294 1531 1382 1600 έφ’
1408 1524 1484 1584 ὧν
1516 1532 1636 1584 ἐστὶ
1664 1532 1795 1601 ῥᾷον

208 1623 307 1675 καὶ
336 1623 502 1676 αὐτὸν
540 1622 804 1685 πολλάκις
840 1623 1058 1692 ἀπάτης
1095 1620 1278 1674 λαϐεῖν
1300 1623 1399 1691 τὴν
1430 1622 1662 1694 ἀπορίαν
1688 1638 1795 1672 πα-

209 1716 565 1787 ραδυόμενον,
615 1713 649 1784 ἢ
683 1714 893 1785 ἑτέροις
928 1714 1027 1784 τὴν
1059 1715 1275 1783 ἀπάτην
1322 1713 1585 1783 προάγειν
1619 1714 1679 1765 ιν
1720 1711 1797 1781 τῷ

206 1808 530 1861 λανθάνοντι
558 1821 574 1836 ⁸
605 1806 688 1860 δεῖ
714 1806 760 1858 δ’
782 1802 878 1859 οὖν
895 1806 959 1858 ἑκ
983 1805 1090 1857 τῶν
1114 1805 1534 1875 ἐμφανεστάτην
1561 1804 1796 1873 ἑχόντων

207 1901 309 1969 τὴν
349 1898 709 1969 παραλλαγὴν
737 1898 835 1953 καὶ
871 1898 1151 1958 παντελῶς
1176 1897 1495 1950 ἐπιπόλαιον
1524 1898 1636 1949 τῶν
1665 1912 1797 1966 προ-

207 1994 542 2062 τεινομένων
588 1992 690 2061 τὴν
734 1991 1000 2055 διάλυσιν,
1042 1990 1135 2043 τὸν
1195 1990 1396 2042 κανόνα
1446 1987 1653 2054 λαϐεῖν,
1701 1990 1795 2041 καὶ

208 2086 543 2141 ἀπευθύνειν
587 2086 657 2155 τῇ
707 2085 863 2154 κοινῇ
912 2083 1121 2153 μεθόδῳ
1146 2082 1247 2136 καὶ
1273 2082 1311 2135 ἀ
1344 2080 1548 2151 πολλὴν
1572 2081 1672 2150 τὴν
1702 2083 1795 2147 ὲγο

210 2180 427 2250 γύτητα
458 2179 592 2249 πρὸς
621 2177 825 2248 ἀλληλα
850 2176 1185 2246 κεκτημένα,
1212 2176 1272 2228 τὸ
1296 2176 1393 2245 τῆς
1414 2176 1627 2247 ἀπάτης
1662 2179 1796 2243 σχῆ-

1881 614 2068 683 itaque
2094 616 2165 670 sit
2196 616 2491 671 absurdum
2513 657 2530 682 ,
2567 614 2621 669 in
2653 624 2887 686 utraque
2926 632 2985 672 re
3015 618 3317 689 signiﬁcata
3345 637 3473 676 eas-

1881 707 2004 760 dem
2043 707 2497 762 circumstantias
2529 707 2866 777 exquirere?
2914 718 2970 764 et
3014 724 3138 781 quae
3186 712 3283 767 uni
3332 725 3471 769 con-

1883 807 2107 868 gruunt,
2140 800 2361 854 easdem
2394 800 2462 855 ad
2488 800 2716 855 alteram
2742 801 2796 856 vi
2823 802 3186 872 pertrahere?

1954 889 2008 943 8.
2041 883 2206 943 Multa
2241 890 2407 959 igitur
2444 906 2514 945 ex
2572 890 2640 945 iis
2676 891 3016 959 nominibus,
3068 908 3194 963 quas
3239 894 3471 948 diversis

1885 981 2051 1035 rebus
2089 982 2482 1053 imponuntur,
2544 983 3055 1039 mattifestissimam
3106 986 3470 1041 differentiam

1887 1074 2093 1129 habent
2122 1091 2135 1128 :
2168 1090 2341 1143 quare
2390 1090 2494 1133 nec
2518 1076 2615 1131 ulli
2647 1077 2895 1132 homines
2939 1092 3255 1147 quanquam
3293 1080 3477 1149 appri-

1888 1180 1976 1222 me
2002 1167 2345 1237 impudentes
2369 1168 2456 1222 vel
2478 1168 2695 1239 ingenio
2728 1169 3006 1225 imbecillo
3061 1170 3295 1239 praediti,
3356 1172 3477 1226 sine

1890 1259 2095 1327 pudore
2120 1267 2216 1312 aut
2247 1267 2395 1313 metu
2425 1259 2720 1314 transferre
2753 1260 2934 1316 solent
2976 1260 3045 1315 ad
3093 1277 3207 1316 rem
3244 1262 3477 1317 alteram

1889 1348 2038 1418 quod
2067 1347 2291 1405 alterius
2321 1350 2602 1420 proprium
2632 1359 2737 1405 est.
2767 1350 2928 1404 Multa
2961 1361 3144 1405 tamen
3167 1353 3478 1408 subobscu-

1890 1454 2011 1494 ram
2036 1438 2408 1495 diversitatem
2439 1442 2743 1505 continent,
2777 1452 2836 1496 ut
2865 1443 3047 1502 testis.
3081 1452 3142 1496 ut
3168 1444 3391 1509 athleta,
3419 1456 3481 1497 ιιι

1892 1531 2152 1597 redimite,
2183 1540 2244 1586 ut
2264 1541 2553 1602 tropaeum,
2582 1541 2643 1587 ut
2676 1531 2979 1587 inferorum
3013 1548 3265 1604 regnum,
3292 1549 3352 1590 ut
3372 1537 3480 1591 alia

1893 1624 2187 1695 plurima':
2231 1625 2286 1679 in
2317 1626 2521 1695 quibus
2565 1625 2781 1681 facilius
2835 1633 2921 1681 est
2977 1627 3157 1696 ipsum
3214 1628 3329 1683 falli
3384 1630 3480 1699 qui

1894 1717 2251 1786 quaestionem
2282 1718 2641 1786 ingredietur,
2689 1732 2855 1786 quam
2896 1717 3023 1772 aliis
3072 1717 3257 1773 fucum
3302 1718 3483 1773 facere

1898 1810 1953 1863 in
2000 1824 2061 1864 re
2102 1810 2324 1864 latente.
2372 1807 2599 1879 Oportet
2651 1808 2835 1878 itaque
2882 1823 2951 1864 ex
3011 1810 3078 1864 iis
3133 1825 3255 1878 quae
3307 1810 3484 1863 mani-

1897 1900 2251 1956 festissimam
2279 1901 2790 1956 transmutationem
2817 1901 3041 1965 habent,
3064 1910 3225 1971 atque
3259 1903 3485 1955 omnino

1895 1993 2082 2047 tritam
2120 1992 2574 2049 contradictionis
2636 2008 2751 2047 sua:
2811 1992 3166 2056 solutionem,
3232 2007 3483 2045 normam

1895 2098 2114 2139 sumere
2146 2100 2162 2139 :
2193 2093 2358 2155 atque
2378 2087 2445 2139 ad
2478 2100 2829 2141 communem
2864 2085 3187 2140 methodum
3223 2084 3312 2138 illa
3347 2101 3485 2154 quo-

1895 2192 2002 2246 que
2031 2178 2271 2246 exigere,
2328 2193 2453 2248 qua:
2502 2178 2630 2248 quia
2690 2178 2849 2232 valde
2900 2178 3133 2232 invicem
3178 2178 3484 2248 propinqua

212 2288 292 2340 μα
318 2266 694 2338 πιθανώτερον
717 2267 1109 2339 προϐάλληται,
1142 2268 1236 2319 καὶ
1257 2266 1427 2329 οὕτως
1454 2268 1551 2319 ἀπ’
1574 2267 1797 2319 ἐκείνων

1900 2276 2045 2332 sunt,
2085 2269 2293 2324 erroris
2334 2270 2575 2339 speciem
2635 2270 3003 2324 credibilioris
3065 2271 3418 2339 suppeditant
3467 2289 3481 2321 :

208 2363 313 2432 τὴν
347 2362 529 2431 κρίσιν
591 2362 807 2428 ἀπλανῆ
844 2362 940 2413 καὶ
966 2362 1062 2413 ἐπὶ
1110 2359 1318 2414 τούτων
1362 2359 1747 2420 συνδιασώζειν
1779 2374 1793 2389 ⁶

1900 2368 2063 2427 atque
2093 2359 2167 2413 ita
2188 2373 2255 2413 ex
2288 2359 2375 2413 his
2396 2370 2609 2414 certum
2640 2359 2909 2429 judicium
2960 2358 3028 2413 de
3081 2359 3204 2414 aliis
3269 2374 3488 2429 quoque

210 2454 415 2507 αὐτίκα
442 2453 503 2504 τὸ
533 2450 823 2522 πτερύγιον
853 2450 945 2504 τοῦ
979 2450 1124 2521 ἱεροῦ
1164 2466 1179 2481 ·
1212 2450 1275 2504 τὸ
1306 2450 1364 2503 δὲ
1392 2449 1686 2521 πτερύγιον
1715 2446 1797 2512 οἷς

1900 2446 2099 2504 facere.
2157 2449 2421 2519 Exemplo
2469 2452 2541 2505 sit
2574 2459 2871 2521 πτερύγιον
2903 2449 3313 2519 (pinnaculum)
3350 2460 3487 2502 tem-

215 2546 373 2613 μέλει
398 2545 496 2615 τῆς
512 2545 763 2612 ’Δττικῆς
795 2543 1064 2612 γλώττης,
1100 2543 1148 2596 οἱ
1189 2542 1287 2611 μὲν
1303 2542 1460 2597 ἀετὸν
1486 2579 1501 2604 ,
1545 2542 1597 2593 dt
1618 2540 1675 2594 δὲ
1707 2543 1800 2593 καὶ

1900 2542 2025 2609 plis.
2050 2541 2353 2611 Πτερύγιον
2374 2540 2567 2596 Attica:
2590 2543 2791 2612 linguae
2822 2542 3077 2606 studiosi,
3104 2541 3194 2594 alii
3222 2540 3483 2611 aquilam,

211 2635 444 2703 ἀέτωμα
493 2634 741 2697 καλοῦσι,
790 2636 885 2687 καὶ
927 2634 1210 2703 στέγασμα
1260 2634 1426 2702 φασὶν
1466 2629 1605 2686 εἶναι
1645 2630 1801 2683 τοῦτο

1901 2631 1992 2683 alii
2023 2630 2301 2700 fastigium
2357 2631 2578 2701 (aquila
2622 2633 2793 2702 figura
2838 2633 3147 2701 praeditum)
3194 2642 3357 2701 atque
3407 2642 3486 2685 tc-

210 2727 327 2779 τῶν
362 2724 524 2795 ίερῶν
550 2724 745 2790 οἴκων,
784 2726 861 2795 τῷ
886 2729 1128 2796 σχήματι
1180 2724 1277 2795 τὴν
1310 2724 1510 2792 πτῆσιν
1542 2724 1631 2775 τοῦ
1661 2721 1799 2792 ζῴου

1900 2733 2048 2779 ctum
2082 2738 2205 2779 esse
2232 2726 2387 2779 aiunt
2418 2739 2702 2779 sacrorum
2729 2724 3107 2786 aedificiorum,
3130 2725 3287 2793 cujus
3317 2725 3491 2796 ﬁgura

216 2818 579 2889 μιμούμενον,
612 2816 641 2870 ὃ
678 2818 742 2887 δὴ
774 2820 870 2871 καὶ
922 2819 1121 2887 πτερὸν
1166 2816 1298 2869 ἔνιοι
1341 2816 1597 2868 καλοῦσιν
1621 2832 1635 2846 ο
1657 2815 1705 2866 οἱ
1747 2815 1801 2866 δὲ

1902 2818 2171 2870 volantem
2209 2832 2365 2870 avem
2407 2817 2653 2871 imitatur
2713 2831 2728 2869 :
2785 2832 2949 2885 quam
3010 2816 3221 2871 aedilicii
3278 2825 3490 2887 partem

210 2910 589 2963 διαστέλλουσι
632 2910 693 2962 τὸ
731 2910 933 2978 πτερὸν
973 2909 1151 2963 καὶτὸ
1185 2910 1478 2978 πτερύγιον
1506 2906 1601 2960 τοῦ
1640 2905 1800 2960 ἀετυῦ

1902 2909 2146 2963 nonnulli
2183 2910 2348 2963 etiam
2380 2910 2605 2978 pinnam
2642 2910 2941 2979 appellant.
2994 2910 3097 2964 Alii
3145 2909 3494 2979 distinguunt

212 3019 275 3055 τε
304 3004 402 3056 καὶ
431 3000 527 3054 τοῦ
554 3002 869 3070 ὰτώματος
894 3018 910 3032 ·
939 3002 1074 3070 φασὶ
1098 3000 1208 3070 γάρ
1227 2996 1367 3052 εἶναι
1392 3000 1452 3052 τὸ
1476 2998 1803 3069 δηλούμενον

1904 3000 2123 3068 pinnam
2148 3006 2203 3053 et
2226 2999 2583 3068 piunaculum
2614 3001 2663 3031 ’δ
2696 3001 2813 3055 sive
2862 3000 3060 3069 aquila:
3107 3001 3221 3054 sive
3263 3000 3489 3069 fastigii.

214 3096 312 3147 ὑπ’
357 3094 559 3159 αὐτῶν,
606 3093 668 3146 τὸ
726 3092 832 3163 πρὸ
857 3094 966 3145 τῶν
1015 3093 1179 3163 ἱερῶν
1208 3095 1273 3144 ὲκ
1320 3091 1468 3143 λίθου
1500 3092 1636 3161 πρὸς
1672 3090 1805 3160 ὕψος

1903 3092 2071 3144 Aiunt
2090 3092 2235 3145 enim
2269 3091 2355 3146 bis
2378 3092 2674 3161 significari
2704 3102 2917 3162 partem
2955 3091 3103 3145 illam
3154 3093 3365 3147 aedilicii
3413 3093 3494 3147 la-

214 3188 639 3255 ἀνατεινόμενον
676 3187 874 3256 μᾶλλον
895 3186 1396 3256 κατεσκευασμένον
1424 3183 1765 3255 οίκοδόμημα
1785 3199 1800 3214 ⁸

1908 3186 2145 3254 pideam,
2189 3186 2459 3254 altiusque
2502 3187 2725 3250 elatam,
2782 3201 2906 3256 qua:
2946 3201 3228 3239 sacrarum
3293 3189 3493 3239 aedium

215 3276 365 3347 πλὴν
393 3276 532 3329 ἀλλὰ
553 3277 659 3345 γὰρ
690 3277 742 3328 εἰ
774 3293 857 3338 τις
888 3278 1176 3348 προτείνας
1198 3276 1258 3329 τὸ
1286 3276 1598 3347 πτερύγιον,
1619 3275 1805 3344 διερω-

1912 3274 2063 3328 frons
2090 3284 2192 3328 est.
2234 3273 2290 3328 Si
2320 3275 2445 3342 quis
2474 3283 2656 3327 tamen
2693 3274 2915 3343 pinnam
2978 3290 3078 3329 seu
3132 3274 3490 3344 pinnaculum

215 3366 338 3437 τῴη
368 3366 595 3435 ¹ιιιότερον
628 3366 907 3434 ὲξήπλωτο
937 3365 1013 3435 τῷ
1051 3366 1173 3437 ἀέρι
1204 3366 1299 3419 καὶ
1330 3366 1591 3437 ὑπηρέτει
1623 3366 1805 3420 κινού-

1912 3366 2215 3429 inculcatis,
2248 3375 2463 3436 rogaret
2491 3376 2670 3419 utrum
2710 3367 2763 3421 id
2801 3367 3201 3436 expanderetur
3248 3368 3300 3420 in
3335 3381 3483 3424 aere.

220 3476 393 3530 μενον
443 3459 521 3529 τῷ
573 3458 751 3529 ὄρνιθι
797 3460 895 3530 τὴν
929 3461 1147 3528 πτῆσιν,
1190 3459 1223 3529 ἢ
1261 3458 1589 3513 συνέσταλτό
1626 3476 1684 3512 τε
1715 3460 1807 3512 καὶ

220 3550 652 3613 συνεπτύσσετο,
686 3550 778 3603 καὶ¹
814 3554 895 3613 είς
922 3550 980 3604 τὸ
1018 3552 1205 3621 σχῆμα
1228 3549 1339 3603 τῶν
1365 3551 1717 3623 ἠρεμούντων
1748 3552 1809 3603 τὸ

220 3643 434 3713 πτηνὸν
470 3642 705 3712 συνῆγεν
724 3683 740 3707 ,
772 3638 926 3713 οἶμαι
956 3644 1022 3695 ἂν
1054 3642 1175 3696 ἀντὶ
1200 3641 1293 3695 τοῦ
1327 3642 1480 3696 λύσιν
1514 3643 1685 3696 αίτεῖν
1709 3642 1810 3710 τῆίῖ

220 3733 489 3801 ἀπορίας,
532 3734 748 3800 γέλωτα
775 3736 1078 3803 παρασχεῖν
1111 3748 1126 3762 ο
1159 3734 1333 3787 καίτοι
1361 3735 1413 3803 γ’
1440 3733 1507 3787 ἂν
1539 3734 1668 3797 ῖσως
1717 3736 1810 3786 καὶ

223 3825 743 3895 ὲπινεωτερίσαιτο,
774 3825 849 3887 ὡς
889 3825 1147 3892 ὁπότερον
1179 3825 1241 3875 ἄν
1273 3841 1353 3887 τις
1402 3824 1537 3895 δοιή,
1574 3825 1810 3877 ἀδύνατα

223 3920 407 3987 λέγων
449 3918 837 3987 φωραθήσεται
864 3933 878 3946 ·
918 3917 1040 3969 οὒτε
1062 3916 1168 3986 γὰρ
1194 3917 1551 3983 ἐκτεταμένον
1586 3918 1648 3970 τὸ
1680 3935 1810 3968 πτε-

228 4014 424 4084 ρύγιον
453 4012 614 4079 ὄγκον
653 4010 904 4080 σώματος
934 4010 1027 4063 καλ⁵
1061 4009 1224 4078 βάρος
1271 4009 1552 4062 ἐπιϐαῖνον
1596 4009 1810 4078 ἀνέχειν

223 4107 476 4165 δύναται,
504 4100 630 4155 οὔτε
661 4103 758 4173 τὴν
796 4101 938 4154 κατά
973 4101 1235 4172 συστολὴν
1258 4100 1408 4153 θέσιν
1433 4101 1553 4170 ἔχον
1580 4118 1595 4131 ο
1631 4100 1810 4169 πολλῷ

229 4201 441 4273 μᾶλλον
464 4198 586 4251 οὐδὲ
608 4198 706 4265 τὴν
729 4198 985 4249 ἐπίϐασιν
1006 4197 1145 4259 ὅλως
1179 4194 1523 4267 παραδέχοιτ’
1553 4196 1621 4250 ἀν
1653 4214 1667 4227 ·
1700 4193 1811 4268 ἄρα

225 4295 342 4362 γάρ
371 4294 421 4344 οί
452 4292 521 4343 τά
568 4289 794 4343 τοιαῦτα
829 4289 1163 4359 προάγοντες
1183 4289 1303 4342 ἀντὶ
1323 4287 1417 4341 τοῦ
1448 4289 1704 4356 συνάγειν
1730 4290 1811 4351 εἰς

225 4383 469 4451 ἀπορίαν
527 4380 764 4447 ἑτέρους,
820 4379 883 4431 ού
936 4378 1069 4431 πολὺ
1125 4380 1390 4448 πρότερον
1443 4380 1670 4441 ἑαυτοὺς
1730 4380 1809 4441 είς

1911 3468 2355 3522 commotumque
2382 3457 2499 3512 avis
2538 3458 2747 3511 volatni
2778 3458 3021 3513 faveret?
3058 3474 3126 3512 an
3157 3460 3339 3529 potius
3358 3474 3491 3513 con-

1910 3550 2226 3605 traheretur
2253 3560 2417 3619 atque
2439 3552 2883 3619 complicaretur,
2929 3553 3155 3621 avisque
3202 3554 3498 3620 quiescen-

1912 3642 1982 3697 tis
2011 3644 2248 3711 speciem
2276 3641 2592 3697 exhiberet?
2623 3643 2787 3697 credo
2824 3643 3079 3712 equidem
3106 3644 3403 3699 excitatum
3430 3646 3493 3699 iri

1913 3733 2093 3801 potius
2112 3734 2182 3787 ab
2213 3735 2318 3789 hoc
2368 3734 2567 3797 risum,
2622 3748 2788 3803 quam
2844 3744 3096 3788 curatum
3154 3742 3215 3789 ut
3262 3736 3497 3804 questio

1914 3827 2178 3881 solvatur.
2209 3824 2463 3881 Fortasse
2488 3826 2653 3879 etiam
2692 3840 2835 3880 novo
2862 3826 2974 3881 alio
3014 3838 3334 3896 argumento
3374 3838 3494 3882 ute-

1917 3929 2024 3979 tur,
2061 3934 2256 3987 nempe
2285 3918 2430 3988 quod
2460 3917 2783 3972 alterutrum
2814 3918 2940 3988 quis
2965 3919 3245 3986 concedat,
3288 3920 3493 3989 impas-

1912 4008 2092 4064 sibilia
2118 4009 2301 4063 dicere
2329 4007 2793 4077 deprehendetur.
2845 4006 2983 4061 Nam
3041 4023 3218 4078 neque
3265 4020 3491 4063 extensa

1912 4098 2079 4171 pinna
2131 4099 2449 4167 gravitatem
2504 4098 2752 4168 corporis
2803 4097 3127 4169 pondusque
3180 4100 3491 4168 impositum

1912 4193 2186 4246 sustinere
2206 4200 2406 4260 potest,
2441 4205 2618 4259 neque
2647 4190 2776 4244 item
2828 4206 2954 4243 cum
3010 4199 3095 4245 est
3146 4190 3489 4260 complicata.

1912 4281 2045 4337 Illud
2072 4296 2202 4337 vero
2234 4283 2586 4352 praecipuum,
2618 4282 2765 4351 quod
2790 4296 3081 4337 ascensum
3109 4282 3165 4335 in
3209 4296 3334 4336 aera
3366 4299 3476 4336 non

1914 4375 2139 4446 patitur.
2172 4372 2365 4428 Nonne
2384 4374 2481 4443 qui
2512 4374 2638 4427 talia
2665 4374 2717 4425 in
2743 4372 2984 4427 medium
3030 4373 3232 4436 ferunt,
3287 4374 3485 4427 nedum

227 4472 436 4544 χλεύην
452 4471 789 4539 ἀπάγουσινς
819 4470 973 4540 ιἙρεῖ
999 4471 1127 4540 γὰρ,
1151 4466 1326 4538 οἶμαι,
1352 4471 1550 4542 ῥᾳδίως
1574 4470 1667 4524 καὶ
1701 4470 1805 4523 τῶν

1915 4466 2039 4521 aliis
2067 4465 2441 4519 dubitationes
2479 4465 2623 4519 haud
2651 4473 2860 4530 creant,
2890 4465 2983 4518 sed
3013 4464 3185 4533 ipsos,
3222 4480 3282 4520 se
3316 4468 3492 4519 multo

228 4563 709 4632 ὲπιτυγχανόντων
729 4563 980 4624 ἔκαστος,
1001 4561 1096 4625 ὡς,
1121 4558 1189 4614 Ὦ
1207 4564 1496 4632 βέλτιστοι,
1510 4562 1685 4616 ταῦτά
1705 4579 1809 4615 που

227 4655 299 4705 τά
324 4652 527 4723 δριμέα
559 4650 943 4722 διαπορήματα
970 4650 1063 4704 ἐπὶ
1098 4652 1199 4720 μὲν
1215 4652 1310 4705 τοῦ
1333 4652 1421 4705 ἑτέ
1432 4669 1523 4722 ρου
1550 4669 1811 4722 σημαινο·

232 4747 402 4813 μένου
425 4743 661 4813 ἀπορίαν
689 4744 1066 4814 ὲμποιήσειεν,
1095 4742 1330 4797 ἐνταῦθα
1354 4744 1410 4797 δὲ
1438 4746 1528 4799 καὶ
1556 4746 1664 4797 οὐδ’
1690 4746 1809 4797 ἔτεα

232 4854 330 4906 ρον
380 4835 594 4887 ἔνεστιν
644 4837 841 4898 εἰπεῖν,
873 4836 971 4888 καὶ
994 4835 1221 4905 οὐδεμία
1256 4835 1509 4903 φαίνεται
1540 4837 1813 4906 πρόφασις

230 4928 475 4995 ἀπορίας
520 4927 905 4978 ἀνακύπτουσα
936 4942 950 4957 ο
980 4926 1089 4979 ἀπὺ
1116 4924 1246 4995 γοῦν
1275 4926 1383 4979 τῶν
1412 4926 1554 4979 οὕτω
1587 4944 1815 4998 περιφα-

230 5020 503 5087 νεστάτην
552 5020 650 5087 τὴν
679 5018 941 5088 διαφορὰν
971 5018 1225 5089 ἑχόντων,
1276 5018 1664 5090 εὐχερέστερόν
1696 5021 1814 5072 ἑστι

231 5112 331 5163 καὶ
359 5109 512 5162 οὐδὲν
545 5110 799 5180 ἐργῶδες,
834 5113 928 5163 καὶ
958 5106 1179 5164 ἐπὶτῶν
1207 5112 1661 5182 έγκεκρυμμένην
1681 5113 1814 5166 ταύ-

229 5215 339 5267 την
367 5198 663 5266 φερόντων,
693 5198 770 5269 τῷ
790 5200 956 5270 κοινῷ
982 5200 1298 5271 χρωμένους
1323 5200 1528 5268 κανόνι,
1551 5202 1649 5265 τὰς
1681 5203 1815 5257 ἀπο-

236 5287 363 5359 ρίας
401 5290 483 5351 είς
508 5288 765 5358 εὐπορίαν
809 5291 1183 5361 μεταϐάλλειν.

312 5379 379 5432 θ’.
417 5379 692 5448 Τρόπαιόν
714 5382 861 5435 ἐστιν
887 5384 916 5435 ό
948 5384 1179 5455 σταυρὸς
1193 5382 1290 5437 τοῦ
1310 5383 1545 5455 Χριστοῦ
1568 5384 1707 5438 κατά
1719 5381 1815 5437 τοῦ

233 5466 495 5521 διαϐόλου
518 5470 806 5539 ἱστάμενον
828 5488 842 5503 ο
872 5474 973 5525 καὶ
997 5473 1276 5545 τροπαίων
1300 5474 1362 5526 τὸ
1402 5475 1813 5545 λαμπρότατον,

235 5564 377 5617 ὅτων
412 5576 480 5629 γε
512 5560 608 5615 καὶ
632 5563 797 5627 αὐτὸς
820 5566 849 5619 ό
876 5565 1046 5629 τύπος
1084 5565 1248 5619 αὑτοῦ
1287 5566 1367 5636 τῷ
1396 5566 1519 5637 ἀέρι
1549 5568 1818 5637 χαρασσό-

239 5669 432 5723 μενος.
468 5656 652 5708 πᾶσαν
680 5655 832 5728 αύτῷ
864 5658 1276 5728 συμφυγαδεύει
1300 5661 1398 5730 τὴν
1427 5660 1657 5729 δύναμιν
1676 5676 1690 5692 ’
1726 5662 1817 5713 καὶ

234 5745 480 5816 οὑδήπου
504 5746 676 5802 δεῖται
704 5748 1004 5823 βαθυτέρας
1042 5753 1340 5823 περινοίας,
1367 5753 1421 5807 ετ
1451 5770 1535 5818 τις
1563 5756 1642 5815 είς
1679 5756 1817 5807 ἀπο-

324 5862 345 5893 ³
383 5862 578 5919 Μοιιίι.
616 5878 689 5929 tv,
720 5863 773 5919 5.

1912 4560 2077 4614 citius
2109 4558 2343 4612 ludibrio
2375 4557 2681 4625 objiciunt?
2726 4558 2995 4611 Existimo
3040 4558 3185 4611 enim
3238 4560 3489 4627 quemvis

1914 4649 2072 4704 facile
2100 4650 2181 4702 sic
2213 4649 2488 4703 dicturum
2522 4666 2536 4701 :
2578 4649 2622 4701 0
2651 4648 2800 4710 b0ni,
2834 4648 2918 4701 hae
2953 4659 3223 4717 peracuta:
3267 4649 3487 4702 dubita-

1913 4743 2091 4797 tiones
2136 4757 2261 4796 cum
2326 4741 2447 4794 aliis
2484 4739 2719 4794 fortasse
2772 4740 3170 4809 significatibus
3232 4743 3491 4811 quaestio-

1914 4852 2039 4891 nem
2069 4835 2414 4900 conflabunt;
2451 4831 2541 4888 hic
2586 4842 2767 4886 tamen
2810 4842 3064 4886 neutrum
3121 4833 3229 4887 dici
3290 4842 3485 4902 potest,

1914 4929 2174 4998 nullaque
2198 4942 2330 4981 ansa
2363 4927 2643 4979 dubitandi
2690 4925 2816 4978 hinc
2845 4925 3082 4979 exsistit.
3126 4924 3205 4978 Ex
3253 4927 3336 4979 his
3384 4925 3488 4995 igi-

1916 5032 2026 5086 tur,
2048 5036 2173 5090 quae
2198 5027 2307 5071 tam
2337 5017 2674 5087 exploratam
2712 5016 3076 5071 differentiam
3115 5016 3337 5077 habent,
3405 5014 3489 5068 ia-

1915 5113 2078 5168 cilius
2111 5120 2197 5166 est
2221 5110 2537 5180 nulliusque
2560 5109 2786 5173 laboris,
2824 5122 3015 5162 eorum
3044 5109 3233 5171 etiam,
3253 5122 3490 5176 quorum

1916 5204 2220 5261 differentia
2236 5202 2541 5257 abstrusior
2563 5209 2668 5266 est,
2690 5199 2967 5255 communi
3004 5200 3189 5270 regula
3216 5199 3485 5259 adhibita,

1918 5296 2326 5367 perplexitatem
2350 5293 2650 5364 perducere
2677 5291 2745 5345 ad
2776 5290 3066 5359 liquidum.

1986 5388 2041 5445 9.
2070 5386 2359 5454 Tropaeum
2408 5395 2491 5440 est
2530 5392 2719 5439 contra
2769 5383 3051 5437 diabolum
3103 5381 3305 5436 Christi
3352 5396 3485 5435 crux

1916 5482 2249 5544 excitatum;
2278 5489 2333 5534 et
2354 5479 2573 5548 quidem
2593 5475 3119 5548 splendidissimum,
3144 5473 3489 5544 quandoqui-

1917 5576 2041 5630 dem
2075 5572 2160 5627 vel
2179 5573 2299 5643 ejus
2334 5580 2493 5642 typus
2532 5570 2587 5623 in
2638 5584 2763 5624 aere
2808 5570 3133 5637 impressum
3191 5564 3491 5636 quamlibet

1917 5683 2044 5722 cum
2105 5666 2200 5720 illo
2246 5672 2565 5734 potestatem
2624 5659 2793 5731 fugat.
2841 5658 3027 5729 Neque
3070 5669 3246 5713 tamen
3296 5657 3491 5711 altiore

1919 5758 2237 5817 certandum
2267 5764 2350 5811 cst
2380 5755 2654 5819 acumine,
2685 5753 2732 5807 si
2759 5751 2881 5822 quis
2911 5751 3050 5807 forte
3096 5750 3165 5806 de
3203 5748 3308 5803 hoc
3330 5763 3490 5802 voca-
