4202 6442
769 419 872 488 ιετ

1918 410 2190 474 ΡΗΟΤῙῙ
2219 407 2733 472 PATRIARCHIE
2755 409 2870 472 ΟΡ.

770 537 899 593 oulo
927 532 1287 606 quaestionem
1312 527 1554 598 aliquam
1582 524 1930 587 conflandam
1973 526 2277 598 susceperit
2323 541 2338 579 :

2457 521 2568 576 οίαν
2632 521 2930 576 διαπλάσαι
2973 522 3035 577 τὸ
3083 523 3236 595 ῥῆμα
3282 525 3604 601 προέλοιτο⁶
3635 526 3702 581 ἑκ
3753 528 3866 600 γὰρ
3911 531 4024 583 τῶν

770 640 1005 697 namque
1026 640 1060 681 e
1081 620 1334 693 superius
1361 618 1526 674 dictis
1559 617 1890 673 solutionem
1933 615 2344 688 deprehendere

769 719 1030 790 perfacile
1049 724 1161 780 est.
1216 713 1278 768 Si
1325 727 1486 774 crux.
1535 711 1734 782 inquit,
1792 707 1991 780 aliquis
2009 707 2037 776 ,'
2078 716 2340 778 tropaeum

767 821 874 875 est,
904 811 1028 882 quis
1055 808 1113 865 id
1143 804 1356 863 erexit?
1383 818 1510 858 nam
1566 802 1616 859 si
1678 802 1796 872 ipse
1836 801 2035 867 victor,
2075 816 2174 856 cur
2232 801 2342 871 jam

768 913 974 957 temere
1017 896 1246 955 Iudaico
1275 895 1476 966 populo
1520 893 1726 949 Christi
1774 894 1951 947 cades
2009 892 2345 963 imputatur?

767 992 924 1061 Quod
948 991 994 1048 si
1024 989 1154 1045 illud
1189 987 1363 1054 Judaei
1387 994 1700 1042 statuerunt
1730 984 1902 1056 (quod
1954 999 2146 1055 reapse
2176 994 2344 1039 extra

768 1087 940 1142 aleam
968 1080 1336 1140 contentionis
1362 1077 1468 1150 est)
1491 1093 1731 1150 quonam
1764 1085 1921 1147 pacto
1943 1075 2199 1132 Christus
2212 1091 2346 1131 con-

768 1190 853 1234 tra
886 1178 1160 1234 diabolum
1188 1173 1544 1231 constituisse
1591 1181 1856 1241 tropaeum
1903 1169 2149 1223 dicitur?
2209 1167 2342 1222 Item

767 1271 815 1325 si
843 1270 968 1339 quis
1017 1269 1086 1323 de
1131 1279 1297 1336 regno
1348 1263 1650 1319 inferorum
1709 1275 2016 1317 sermonem
2068 1258 2342 1328 injiciens,

767 1368 958 1432 pergat
985 1371 1150 1430 porro
1167 1357 1352 1412 dicere
1391 1362 1408 1410 ':
1443 1355 1490 1410 si
1510 1364 1595 1411 est
1620 1351 1923 1410 inferorum
1953 1367 2204 1424 regnum,
2227 1353 2346 1407 sine

767 1452 939 1507 dubio
973 1449 1294 1519 intelligitur
1319 1461 1544 1518 quoque
1586 1461 1704 1502 rex.
1729 1445 1798 1501 Et
1820 1445 2041 1517 quidem
2091 1446 2168 1500 ait
2201 1444 2343 1499 Pau-

767 1546 856 1601 lus
884 1544 931 1608 ⁸9
964 1543 1212 1598 veritatis
1241 1554 1443 1611 praeco,
1479 1539 1794 1611 regnavisse
1820 1550 2051 1593 mortem
2087 1538 2156 1592 ab
2198 1537 2346 1591 Ada-

769 1652 861 1691 mo
888 1636 957 1692 ad
989 1633 1219 1699 Mosem,
1253 1647 1364 1688 non
1392 1632 1447 1686 in
1471 1646 1569 1687 eos
1596 1631 1775 1686 solum
1803 1646 2037 1702 quorum
2062 1640 2345 1701 peccatum

767 1725 1072 1783 secundum
1125 1721 1320 1778 Adami
1382 1721 1799 1777 similitudinem
1855 1729 1995 1786 erat,
2047 1736 2239 1782 verum
2289 1721 2345 1775 in

766 1829 866 1869 eos
895 1827 1114 1884 quoque
1138 1813 1233 1882 qui
1263 1809 1385 1881 ejus
1416 1810 1669 1880 exemplo
1703 1819 2085 1881 peccaverunt.
2117 1809 2274 1877 Quod
2297 1811 2346 1866 si

2444 614 2887 686 προειρημένων,
2911 616 3292 688 εύφωρότατον
3315 618 3428 689 ἔχει
3450 619 3548 690 τὴν
3572 619 3849 690 διάκρισιν
3873 638 3887 648 ’
3908 615 4025 676 οἷον

2445 707 2494 760 εί
2539 706 2804 775 τρόπαιον
2852 709 2882 761 ό
2920 707 3176 779 σταυρὸς,
3214 711 3298 773 τίς
3345 714 3375 764 ὁ
3400 713 3607 780 στήσας
3634 711 3697 766 τὸ
3723 711 4021 783 τρόπωνς

2446 801 2494 852 εἰ
2527 799 2628 867 μὲν
2649 801 2679 852 6
2711 801 2960 871 νικήσας,
2995 801 3047 854 τί
3105 803 3280 872 μάτην
3331 804 3391 856 τὸ
3436 803 3703 858 Ἰουδαίων
3739 803 3893 867 lavo;
3942 807 4024 868 εις

2445 893 2858 962 χριστοκτονίαν
2902 893 3286 959 διαϐάλλεταις
3324 896 3371 947 εί
3418 894 3463 947 δ’
3488 894 3643 948 αὐτοὶ
3685 895 3877 950 τοῦτον
3923 897 4024 948 ἐπ-

2447 981 2645 1052 ήξαντο
2670 998 2683 1012 ·
2715 983 2837 1037 ούδὶ
2861 984 2971 1054 γὰρ
2991 986 3478 1056 ἀμφισϐητήσιμον
3496 985 3683 1038 τοῦτο⁹
3708 986 3830 1049 πῶς
3845 989 3875 1040 6
3895 986 4026 1057 Χρι-

2448 1075 2573 1138 στὸς
2623 1077 2765 1130 κατὰ
2799 1076 2895 1129 τοῦ
2931 1077 3179 1130 διαϐόλου
3221 1077 3483 1148 τρόπαιον
3528 1077 3723 1146 στῆσαι
3761 1078 4020 1145 λέγεταις

2458 1167 2732 1231 Ὡσαύτως
2765 1168 2820 1222 δὲ
2854 1169 2948 1222 καὶ
2969 1170 3022 1222 εί
3046 1186 3132 1232 τις
3172 1167 3352 1223 λαϐὼν
3401 1168 3479 1238 τῷ
3506 1169 3647 1238 λόγῳ
3674 1171 3744 1224 τὰ
3770 1169 3867 1222 τοῦ
3892 1171 4023 1242 ᾅδου

2447 1258 2744 1329 βασιλείας,
2770 1259 3012 1328 δηλονότι
3041 1261 3132 1314 τὸν
3167 1259 3393 1330 βασιλέα
3425 1262 3814 1328 συνεπάγεται.
3859 1263 4024 1330 Λέγει

2444 1351 2503 1404 δέ
2529 1367 2634 1404 που
2669 1353 2764 1406 καὶ
2784 1351 2994 1414 Παῦλος
3024 1354 3052 1405 6
3073 1352 3174 1422 τῆς
3202 1352 3462 1421 ἀληθείας
3497 1351 3710 1423 κῆρυξ,
3739 1353 3818 1417 ὡς
3839 1353 4028 1407 66cm!-

2449 1444 2640 1497 λευσεν
2669 1445 2699 1496 6
2749 1443 2977 1508 θανάτος
3029 1444 3136 1498 ἀπὸ
3182 1444 3356 1513 Ἀδὰμ
3411 1445 3572 1514 μέχρι
3611 1445 3916 1510 Μωῦσέως,
3961 1447 4022 1499 οὐ

2452 1537 2614 1606 μόνον
2641 1529 2717 1590 ὧν
2740 1532 2810 1608 ἦν
2839 1536 2901 1590 τὸ
2923 1537 3226 1608 ἁμάρτημα
3241 1537 3362 1591 καθ’
3383 1537 3677 1607 ὁμοιότητα
3696 1536 3790 1589 τοῦ
3826 1535 4022 1606 Ἀδὰμ,

2448 1628 2588 1681 ἀλλὰ
2608 1628 2706 1681 καὶ
2739 1627 2834 1681 ἐπὶ
2857 1629 2985 1692 τοὺς
3029 1628 3150 1681 κατ’
3177 1628 3397 1697 ἐκείνην
3437 1627 3537 1698 τὴν
3573 1628 3811 1699 μίμησιν
3839 1628 4024 1699 ἀμαρ-

2447 1722 2754 1792 τήσανταςο
2783 1723 2831 1775 εί
2875 1722 2934 1776 δὲ
2963 1721 3237 1792 βασιλεὺς,
3277 1720 3357 1792 τῷ
3409 1720 3467 1774 δὲ
3504 1718 3717 1790 βασιλεῖ
3766 1720 3938 1790 νόμος
3966 1738 4026 1774 τε

2445 1813 2510 1865 τὸ
2545 1812 2764 1882 ἀξίωμα
2791 1814 2942 1884 καὶή
2984 1813 3093 1866 τῶν
3127 1812 3387 1883 ὑπηκόων
3428 1811 3795 1884 ἔγχειρίζεται
3819 1811 4024 1882 ψῆφος,

768 1921 866 1962 rex
898 1877 1363 1976 esg'mgi-autem
1407 1902 1528 1972 lege
1578 1877 1640 1959 et
1691 1877 2040 1958 subditorum
2089 1902 2348 1970 suffragio

2457 1899 2493 1974 ᾧ
2519 1877 2771 1959 δὲταῦτα
2813 1877 3080 1976 περίεστι,
3261 1905 3328 1959 άν
3357 1904 3441 1977 εἴη
3471 1877 3635 1974 λόγον
3656 1904 3779 1975 ἔχον
3811 1877 4028 1974 ὅτι

768 1992 1010 2063 dignitas
1050 1993 1400 2058 attribuitur;
1457 1991 1548 2047 cui
1611 1992 1730 2048 haec
1795 1993 2036 2064 dignitas
2083 1993 2346 2064 suppetit,

769 2083 1044 2154 quomodo
1071 2090 1504 2139 consentaneum
1537 2081 1631 2149 sit,
1654 2097 1780 2138 eum
1812 2084 2039 2140 honoris
2070 2084 2193 2139 loco
2222 2099 2348 2155 per-

769 2173 878 2244 peti
913 2173 1044 2244 justi
1079 2171 1328 2227 muneris
1353 2171 1795 2228 abdicationem?
1822 2171 1957 2226 Nam
1993 2183 2228 2245 utraque
2271 2175 2352 2229 lo-

769 2266 938 2329 cutio,
963 2273 1019 2320 et
1056 2262 1275 2333 quidem
1301 2277 1368 2318 ex
1391 2262 1586 2318 eodem
1623 2263 1854 2320 fortasse
1892 2261 2062 2329 fonte,
2089 2281 2203 2320 rem
2228 2275 2350 2321 stu-

771 2359 927 2413 diose
965 2357 1322 2427 pensantibus
1362 2364 1418 2412 et
1458 2356 1857 2411 dubitationem
1922 2358 2235 2428 suppeditat
2296 2365 2353 2412 et

770 2450 1232 2520 explanationem.
1267 2447 1551 2518 Praecipue
1579 2463 1708 2502 vero
1744 2462 1812 2502 ex
1845 2459 1972 2502 ante
2019 2447 2184 2503 dictis
2223 2462 2351 2519 pro-

775 2561 843 2600 na
884 2543 1169 2616 responsio
1207 2551 1411 2597 manat.
1446 2539 1545 2596 Est
1592 2539 1740 2595 enim
1789 2540 1925 2595 satis
1984 2539 2350 2610 exploratum,

772 2639 966 2709 tropaei
1005 2635 1226 2693 nomine
1253 2634 1363 2691 dici
1392 2649 1636 2699 crucem,
1672 2649 1701 2687 a
1731 2642 1937 2704 trepaeo
1984 2632 2181 2688 bellico
2220 2647 2354 2688 voce

774 2730 1039 2786 translata
1080 2745 1094 2783 :
1129 2727 1400 2798 siquidem
1453 2726 1708 2780 Christus
1763 2725 2026 2796 praclare
2055 2723 2266 2778 hostem
2301 2723 2353 2777 vi

771 2821 992 2893 propria
1032 2819 1344 2891 superavit;
1373 2832 1481 2873 non
1527 2827 1707 2873 autent
1761 2817 1908 2887 quod
1971 2815 2087 2886 ipse
2133 2828 2352 2868 crucem

772 2913 1168 2969 constituerit:
1217 2910 1360 2965 hanc
1404 2909 1551 2964 enim
1609 2908 1878 2978 sacrilega
1935 2922 2072 2978 gens
2137 2905 2351 2972 deﬁxit;

776 3020 950 3073 neque
979 3003 1054 3056 uti
1086 3013 1350 3071 tropznum
1383 3000 1450 3054 de
1479 2998 1658 3064 hoste,
1688 3012 1874 3052 verum
1926 3005 1990 3051 ut
2044 2993 2356 3050 communis

777 3098 1089 3153 Servatoris
1115 3094 1467 3164 supplicium.
1488 3091 1594 3147 Sed
1621 3100 1799 3145 tamen
1823 3089 1913 3146 ille
1933 3087 2145 3143 malitia
2163 3099 2356 3141 eorum

2449 1998 2674 2061 δικαίως
2700 1996 2981 2051 ἐϐασίλευε
3024 1998 3212 2069 τιμῆς,
3248 1997 3375 2052 ἀντὶ
3402 1996 3498 2051 τοῦ
3529 1997 3702 2067 γέρας
3731 1995 4028 2067 προσλαμ-

2451 2087 2654 2151 ϐάνειν,
2683 2088 2909 2158 ὑπέχειν
2933 2076 3033 2161 τὴν
3055 2090 3311 2160 στέρησιν
3333 2105 3350 2156 ;
3378 2086 3602 2158 καὶγὰρ
3624 2087 3887 2158 ἑκάτερον
3915 2087 4031 2141 τῶν

2451 2183 2781 2252 εἰρημένων,
2817 2183 2947 2245 ίσως
2973 2183 3073 2254 μὲν
3117 2182 3214 2236 καὶ
3259 2182 3506 2243 αὐτόθεν,
3528 2181 3629 2253 τὴν
3651 2181 3887 2251 ἀπορίαν
3913 2182 4030 2243 τοῖς

2451 2273 2840 2344 ἀκριϐέστερον
2872 2274 3075 2343 ὁρῶσιν
3104 2273 3258 2327 ούδὶν
3281 2268 3502 2344 ἥττονῆ
3543 2271 3642 2343 τὴν
3689 2271 3846 2325 λύσιν
3893 2286 4036 2340 προ-

2452 2364 2742 2419 ϐάλλεται⁸
2777 2365 3014 2434 μάλιστα
3036 2367 3095 2420 δὲ
3123 2368 3187 2420 ὲκ
3209 2364 3318 2419 τῶν
3362 2365 3800 2435 προειρημένων,
3836 2362 4032 2435 ῥᾳδίαν

2451 2457 2668 2512 ἕλκουσι
2695 2458 2794 2530 τὴν
2822 2459 3127 2530 ἀπάντησιν
3146 2477 3161 2492 ο
3190 2461 3286 2513 καὶ
3327 2459 3437 2532 γὰρ
3477 2457 3728 2528 ιπίδηλον
3763 2457 4031 2528 τρόπαιον

2457 2549 2554 2620 μὲν
2582 2550 2838 2619 λέγεσθαι
2873 2551 2966 2604 τὸν
2999 2551 3254 2623 σταυρὸν,
3281 2551 3392 2605 ἀπὸ
3417 2550 3513 2604 τοῦ
3545 2549 3687 2603 κατὰ
3711 2549 3842 2611 τοὺς
3864 2547 4031 2600 πολε⁹

2457 2657 2594 2711 μους
2621 2641 2885 2712 τροπαίου
2933 2642 3034 2712 τῆς
3082 2641 3269 2710 φωνῆς
3308 2639 3758 2712 μετενεχθείσηςο
3787 2638 3914 2692 ἐπεί
3967 2653 4030 2704 τε

2455 2731 2725 2802 λαμπρῶς
2753 2731 3003 2786 καθεῖλεν
3031 2732 3060 2785 6
3091 2733 3327 2804 Χριστὸς
3375 2732 3444 2786 δι’
3472 2732 3637 2786 αὑτοῦ
3673 2732 3765 2784 τὸν
3795 2730 3994 2802 ἐχθρόν
4013 2743 4029 2760 ⁸

2455 2825 2514 2875 ού
2551 2823 2686 2876 διότι
2716 2821 2773 2876 δὲ
2804 2825 2895 2877 τὸν
2940 2825 3173 2896 σταυρὸν
3226 2825 3493 2895 ἔστησεν·
3522 2821 3644 2878 οὐδὲ
3703 2823 3816 2892 γὰρ
3867 2824 4034 2886 αὐτὸς

2457 2916 2706 2986 ἔστησεν,
2732 2916 2973 2986 ἐπήξατο
3007 2916 3107 2983 μὲν
3135 2915 3245 2985 γὰρ
3271 2915 3437 2969 αὑτὸν
3472 2915 3537 2967 τὸ
3567 2913 3838 2985 θεομάχον
3858 2913 4034 2977 ἔθνος,

2457 3009 2555 3077 οὐχ
2589 3008 2665 3071 ὼς
2703 3009 2968 3079 τρόπαιον
2994 3008 3050 3061 δὲ
3088 3006 3240 3062 κατὰ
3261 3006 3357 3060 τοῦ
3399 3007 3623 3078 ἐχθροῦ,
3655 3005 3770 3060 ἀλλ’
3804 3007 3882 3070 ὡς
3937 3004 4035 3059 τοῦ

2459 3098 2638 3151 κοινοῦ
2665 3101 2918 3167 Σωτῆρος
2960 3100 3346 3169 κολαστήριονο
3381 3102 3409 3153 6
3435 3099 3492 3152 δὲ
3529 3100 3630 3168 τὴν
3667 3099 3896 3153 ἐκείνων
3935 3116 4040 3153 κα-

777 3189 831 3242 in
867 3186 1148 3242 victoriam
1183 3185 1249 3239 de
1280 3184 1438 3238 hoste
1487 3196 1666 3245 versa,
1709 3195 1888 3247 cruce‘
1917 3187 2180 3247 tanquam
2242 3186 2355 3231 tro-

2462 3193 2727 3264 κουργίαν
2749 3196 2828 3256 είς
2851 3193 2947 3263 τὴν
2964 3193 3103 3246 κατά
3118 3190 3214 3245 τοῦ
3237 3191 3435 3263 ἐχθροῦ
3455 3191 3614 3262 νίκην
3639 3191 4036 3262 ἀντιστρέψας,

776 3295 894 3350 ι)ωο
950 3282 1102 3346 usus:
1135 3286 1240 3332 est.
1275 3274 1463 3341 Neque
1515 3273 1681 3344 igitur
1739 3271 2052 3327 Judaeorum
2109 3270 2355 3339 impietas

2463 3282 2549 3338 οἷα
2571 3284 2636 3353 δὴ
2661 3286 2905 3356 τροπαίῳ
2926 3286 3004 3356 τῷ
3033 3285 3252 3360 σταυρῷ
3275 3285 3694 3356 προσεχρήσατο
3717 3301 3732 3314 ·
3754 3283 3880 3338 οὔτε
3903 3283 4040 3352 γοῦν

777 3382 1039 3440 tropaeum
1078 3368 1289 3432 statuit,
1313 3380 1493 3436 neque
1518 3379 1710 3420 rursus
1761 3365 2020 3418 Servator
2072 3362 2357 3416 hominum

778 3476 998 3518 crucem
1037 3460 1143 3516 sibi
1176 3458 1365 3514 deﬁxit
1404 3473 1420 3512 :
1453 3456 1547 3512 sed
1588 3457 1736 3526 quod
1783 3457 1857 3510 illi
1894 3456 2102 3525 lignum
2143 3453 2210 3507 ad
2248 3452 2359 3506 Do-

778 3553 914 3606 mini
939 3549 1268 3621 supplieium
1294 3548 1622 3611 defixerant,
1652 3546 1743 3601 hic
1779 3547 1847 3601 ad
1885 3547 2116 3601 salutem
2149 3553 2361 3598 natura:

779 3649 985 3698 nostra:
1020 3639 1209 3710 tropaei
1236 3639 1414 3694 forma
1458 3637 1704 3692 donavit.
1744 3637 1876 3692 Item
1930 3636 2232 3691 inferorum
2275 3649 2364 3688 re-

781 3749 950 3804 gnum
987 3733 1209 3799 dicitur,
1249 3732 1546 3802 reginaque
1573 3744 1758 3794 mors;
1786 3744 1895 3782 non
1934 3727 2082 3798 quod
2128 3727 2363 3782 decretis

781 3826 1152 3897 sulfragioque
1174 3823 1521 3878 subditorum
1543 3821 1882 3876 dominatum
1943 3819 2000 3873 in
2044 3833 2141 3874 eos
2187 3818 2363 3886 impe-

782 3917 1044 3984 traverit;
1077 3916 1192 3971 haec
1223 3914 1371 3970 enim
1424 3915 1571 3982 regis
1625 3911 1896 3967 vocabulo
1948 3910 2170 3980 proprie
2216 3908 2364 3963 dicto

781 4006 1152 4070 conveniunt;
1187 4003 1282 4060 sed
1319 4002 1448 4072 quia
1487 4017 1654 4072 quam
1684 4016 1778 4056 rex
1835 4008 2087 4056 terrenus
2131 4000 2362 4055 liberam

785 4104 1110 4168 potestatem
1144 4096 1199 4149 in
1234 4094 1486 4150 subditos
1515 4107 1646 4148 suos
1700 4101 1935 4154 exercet,
1974 4091 2223 4146 eamdem
2259 4090 2365 4145 sibi

787 4203 939 4243 mors
962 4186 1172 4257 peccati
1201 4200 1370 4241 causa
1392 4185 1692 4239 vindicavit
1723 4203 1738 4238 :
1769 4194 1935 4253 atque
1972 4183 2043 4237 ob
2080 4183 2135 4237 id
2179 4191 2235 4236 et
2278 4198 2367 4236 re-

785 4282 914 4352 gina
936 4293 1087 4334 mors
1112 4285 1169 4334 et
1203 4275 1509 4332 inferorum
1562 4291 1791 4346 regnum
1838 4275 2119 4330 translatis
2177 4274 2364 4345 appel-

785 4372 1085 4429 lationibus
1110 4370 1216 4426 dici
1252 4377 1505 4440 possunt.
1538 4369 1603 4422 Et
1633 4383 1767 4423 sane
1808 4367 2002 4422 mortis
2039 4375 2159 4421 erat
2179 4367 2235 4422 in
2265 4381 2366 4421 nos

785 4473 914 4520 ante
959 4475 1178 4518 erucem
1211 4459 1455 4530 potentia
1494 4459 1720 4524 invicta,
1760 4458 1912 4513 omni
1964 4471 2060 4526 spe
2113 4471 2361 4511 resurre-

2460 3378 2523 3429 τὸ
2553 3375 2661 3428 τῶν
2699 3376 2969 3428 Ἰουδαίων
3012 3376 3145 3444 ἄγος
3170 3375 3231 3428 τὺ
3260 3375 3519 3444 τρόπαιον
3559 3373 3809 3442 ἔστησεν,
3834 3374 3896 3427 ού
3933 3373 4042 3443 μὴν

2462 3467 2580 3522 ἀλλ’
2610 3467 2716 3520 οὐδ’
2746 3469 2774 3520 6
2790 3466 2981 3539 Σωτὴρ
3003 3467 3098 3520 τοῦ
3122 3467 3311 3536 γένους
3342 3466 3518 3536 ἑαυτῷ
3541 3466 3633 3519 τδν
3650 3466 3885 3536 σταυρὸν
3914 3481 4046 3519 συν-

2463 3559 2726 3629 επήξατο,
2749 3559 2862 3612 ἀλλ’
2891 3559 3114 3612 ἐκείνων
3138 3558 3230 3610 ἐπὶ
3259 3557 3480 3610 κολάσει
3509 3557 3603 3610 τοῦ
3628 3557 3902 3609 Δεσπότου
3931 3574 4044 3618 πη-

2466 3649 2739 3719 ξαμένων,
2769 3649 2932 3712 αὐτὸς
2961 3650 3054 3702 ἐπὶ
3077 3649 3320 3720 σωτηρίᾳ
3347 3650 3445 3718 τῆς
3490 3650 3768 3720 ἡμετέρας
3820 3649 4044 3716 φύσεως

2466 3743 2547 3804 είς
2567 3741 2829 3810 τρόπαιον
2857 3743 3188 3810 μετετάξατο
3210 3757 3225 3770 ο
3256 3743 3351 3795 καὶ
3401 3740 3529 3812 ᾅδου
3576 3741 3632 3794 δι
3665 3738 3919 3808 βασίλεια
3951 3739 4044 3791 λέ-

2463 3846 2645 3899 γεται,
2687 3831 2783 3884 καὶ
2808 3830 3066 3900 βασιλεὺς
3093 3832 3121 3884 6
3159 3832 3416 3895 Θάνατος,
3447 3831 3546 3900 οὐχ
3573 3831 3656 3883 ὅτι
3688 3829 3914 3899 θεσμοῖς
3949 3829 4046 3881 καὶ

2465 3916 2662 3989 γνώμῃ
2688 3917 2794 3971 τῶν
2825 3919 3147 3990 ἀρχομένων
3168 3921 3268 3990 τὴν
3297 3922 3418 3973 κατ’
3450 3918 3634 3972 αὐτῶν
3675 3920 3801 3988 εσχε
3847 3919 4044 3987 κυριό-

2463 4025 2626 4078 τητα,
2658 4008 2833 4063 ταῦτα
2878 4010 2988 4080 γὰρ
3031 4009 3111 4080 τῷ
3155 4011 3360 4080 κυρίως
3404 4011 3786 4082 σημαινομὲνῳ
3813 4008 3906 4062 διὰ
3943 4009 4044 4077 τῆς

2466 4100 2561 4152 τοῦ
2593 4098 2855 4170 βασιλέως
2882 4102 3067 4171 φωνῆς
3095 4103 3309 4168 ἕπεται,
3339 4103 3456 4156 ἀλλ’
3492 4102 3788 4171 ἐπειδήπερ
3807 4100 3920 4153 τῶν
3950 4100 4046 4152 επὶ

2466 4193 2568 4263 γῆς
2604 4195 2633 4246 6
2662 4193 2961 4262 βασιλεύων
3011 4196 3072 4248 τὸ
3115 4195 3317 4264 κράτος
3360 4194 3655 4248 ἀδέσποτον
3695 4193 3854 4263 φέρει
3899 4191 4048 4243 κατὰ

2466 4284 2578 4337 τῶν
2610 4284 2717 4337 ὑπὸ
2745 4287 2902 4356 χεῖρα
2923 4301 2937 4316 ·
2975 4285 3131 4339 τοῦτο
3155 4286 3211 4339 δὲ
3233 4287 3261 4338 6
3287 4285 3514 4347 θάνατος
3537 4282 3627 4336 διὰ
3661 4282 3760 4351 τῆς
3785 4278 4048 4349 παραϐά-

2470 4388 2608 4437 σεως
2633 4373 2883 4444 ἥρπασεν
2901 4390 2916 4404 ⁸
2947 4375 3119 4447 ταύτῃ
3141 4376 3196 4429 δὲ
3225 4375 3319 4427 καὶ
3343 4375 3596 4444 βασιλεὺς
3639 4368 3800 4431 εἶναι.
3836 4372 3935 4424 καὶ
3976 4368 4050 4422 τὰ

2469 4465 2661 4517 τούτου
2701 4466 2951 4533 βασίλεια
2975 4467 3234 4534 λέγεσθαι
3264 4464 3654 4535 μεταθεμένοις
3675 4461 3738 4516 τὺ
3755 4462 3932 4531 δνομα
3950 4459 4046 4512 δύο

785 4553 991 4611 ctionis
1021 4553 1247 4624 praecisa
1276 4562 1328 4606 et
1357 4551 1632 4606 exstincta
1666 4568 1681 4605 :
1712 4563 1900 4603 verum
1929 4549 2212 4602 enimvero
2245 4563 2350 4602 cun

2475 4569 2631 4605 ναται
2654 4569 2668 4584 ·
2704 4553 2800 4607 καὶ
2813 4550 2882 4624 ἦν
2907 4554 3005 4623 μὲν
3026 4553 3177 4624 αύτῷ
3195 4553 3305 4623 πρὸ
3326 4551 3421 4606 τοῦ
3445 4549 3682 4621 σταυροῦ
3709 4547 3832 4601 καθ’
3859 4544 4050 4616 ἡμῶν,

789 4640 1074 4697 Dominica
1101 4641 1287 4711 passio
1313 4641 1420 4694 vim
1460 4638 1610 4694 illius
1641 4638 1872 4692 omnino
1903 4636 2216 4702 abstulerit,
2244 4638 2368 4708 jure

789 4733 1094 4803 meritoque
1131 4732 1368 4787 dicimus
1389 4746 1620 4800 regnum
1657 4731 1779 4798 ejus
1813 4744 1937 4785 esse
1963 4729 2261 4799 direptum.

2475 4643 2687 4714 ἄμαχος
2715 4648 2747 4715 ή
2782 4645 3008 4713 τοιαύτη
3047 4647 3211 4717 ἁρχὴ,
3264 4647 3446 4698 πᾶσαν
3471 4643 3826 4702 ἀναστάσεως
3854 4637 4051 4691 ἐλπίδα

2475 4738 2884 4803 περικόπτουσά
2911 4754 2971 4789 τε
3012 4741 3104 4792 καὶ
3145 4734 3564 4808 νεκροποιοῦσα,
3593 4731 3687 4786 τοῦ
3709 4731 3768 4786 δὶ
3789 4731 4051 4785 δεσποτι-

790 4824 887 4880 ιιοῦ
920 4823 1128 4887 πάθους
1157 4822 1254 4888 τῆς
1287 4820 1469 4891 ἰσχύος
1491 4821 1656 4876 αὺτὸν
1681 4818 1961 4883 παντελῶς
2003 4819 2364 4890 ἀφελομένου,
2402 4825 2626 4889 είκότως
2659 4828 2922 4883 καὶκατὰ
2948 4829 3105 4898 λόγον
3142 4828 3324 4899 φαμεν
3358 4824 3720 4880 εσκυλεῦσθαι
3772 4825 3847 4879 τά
3919 4824 4052 4878 τού-

797 4940 884 4977 εου
916 4920 1187 4992 βασίλεια.

862 5015 948 5070 l0.
993 5012 1139 5084 Ergo
1176 5012 1328 5075 licet.
1355 5018 1416 5065 ut
1439 5009 1704 5073 arbitror,
1751 5008 1923 5064 alacri
1965 5009 2152 5063 animo
2199 5010 2369 5066 conii-

792 5106 1053 5176 dentique
1075 5105 1262 5173 lingua
1307 5102 1509 5166 dicere,
1542 5100 1904 5155 voluntariam
1933 5101 2098 5156 simul
2129 5110 2185 5156 et
2213 5102 2372 5157 invo-

797 5198 1092 5253 luntariam
1115 5193 1263 5249 Patri
1297 5190 1566 5249 accidisse
1579 5189 1701 5246 Filii
1733 5205 1923 5247 necem
1949 5210 1964 5248 :
1988 5200 2044 5248 et
2069 5192 2124 5248 id
2155 5201 2371 5247 utrum-

795 5305 904 5360 que
947 5289 1018 5343 de
1053 5288 1210 5342 hoste
1254 5299 1472 5356 quoque
1533 5283 1755 5339 diabolo
1803 5284 2147 5352 pronuntiari
2207 5299 2372 5355 posse

796 5380 1068 5436 videmus.
1101 5375 1342 5433 Dicimus
1370 5377 1595 5445 insuper
1619 5375 1772 5430 cruci
1793 5374 2072 5431 Christum
2096 5390 2193 5446 pro
2213 5375 2372 5431 nobis

798 5470 1165 5541 subjacuisse,
1194 5483 1464 5538 suumque
1488 5469 1811 5538 sanguinem
1837 5467 2140 5524 clementia
2172 5467 2373 5523 instin-

799 5573 892 5621 ctu
927 5561 1240 5634 profudisse
1270 5579 1286 5617 :
1323 5575 1503 5631 neque
1542 5568 1724 5616 tamen
1766 5561 2022 5632 cuiquam
2055 5561 2322 5617 obtulisse
2355 5578 2371 5615 :

806 5672 911 5711 non
932 5654 1081 5711 enim
1102 5653 1152 5710 ei
1177 5653 1516 5724 propositum
1537 5660 1656 5708 erat
1686 5653 2007 5725 sanguinem
2026 5652 2244 5718 oﬂ'erre,
2275 5652 2371 5708 sed

806 5747 1061 5818 passione
1088 5760 1188 5801 sua
1215 5745 1371 5815 .quod
1403 5744 1641 5816 perierat
1663 5759 2007 5803 conservare.
2053 5745 2170 5802 Non
2208 5744 2374 5817 igitur

873 5860 920 5894 ⁸⁸
951 5859 1113 5916 Rom.
1137 5873 1193 5928 ν,
1221 5859 1307 5915 ιι.

2547 5019 2597 5069 ι’.
2631 5012 2881 5066 Ἔνεστιν
2902 5010 3016 5079 οῦν,
3058 5007 3240 5083 οἶμαι,
3272 5008 3468 5082 γνώμῃ
3521 5025 3581 5062 τε
3636 5006 3903 5078 χαιρούσῃ
3958 5010 4054 5061 καὶ

2478 5104 2974 5179 παρρησιαζομένη
3013 5103 3237 5175 γλώσσῃ
3283 5102 3488 5171 λέγειν,
3523 5101 3673 5162 ὃπως
3709 5115 3771 5153 τε
3827 5097 4054 5166 θελητόν

2476 5197 2592 5250 εστι
2617 5196 2712 5250 καὶ
2734 5196 2997 5267 άθιλητον
3022 5198 3052 5250 6
3071 5195 3301 5257 θάνατος
3324 5192 3423 5247 τοῦ
3446 5191 3580 5246 Υίοῦ
3607 5189 3686 5261 τῷ
3714 5188 3894 5261 ηατρί
3917 5204 3934 5220 ο
3960 5190 4054 5243 καὶ

2475 5290 2624 5353 ὅπως
2649 5289 2809 5344 ίκάτε
2816 5306 2910 5362 ρον
2933 5288 3114 5344 αὐτῶν
3135 5287 3264 5358 περὶ
3282 5287 3375 5341 τὸν
3401 5284 3660 5355 πολέμιον
3681 5283 3876 5353 ὁρᾶται
3895 5280 4031 5350 λιγύ

2483 5399 2643 5454 μενον
2664 5399 2680 5415 ·
2715 5385 2813 5436 καὶ
2835 5382 2912 5445 ὼς
2947 5382 3048 5453 μιν
3077 5380 3217 5452 ὑπὲρ
3241 5379 3398 5451 ήμῶν
3427 5375 3662 5446 σταυρὸν
3687 5373 3924 5443 ὑπέστη,
3958 5373 4051 5425 καῖ

2476 5475 2539 5528 τὺ
2565 5475 2765 5528 οίκεῖον
2821 5475 2851 5527 6
2905 5471 3286 5543 φιλάνθρωπος
3338 5463 3482 5540 αἷμα
3527 5466 3763 5536 ιξίχεεν,
3783 5463 3849 5517 ού
3882 5476 4029 5532 προσ

2479 5565 2679 5635 ήνεγκε
2703 5563 2763 5618 δὲ
2786 5562 2950 5618 τοῦτό
2977 5580 3084 5618 τινι
3101 5577 3119 5595 ο
3147 5561 3210 5616 ού
3242 5560 3354 5633 γὰρ
3378 5555 3530 5630 αὺτῷ
3555 5555 3758 5618 σκοπὸς
3783 5548 3857 5625 ἦν
3883 5568 4049 5622 sum

2479 5655 2747 5722 ενεγκεῖν,
2770 5653 2887 5708 ἀλλ’
2916 5655 2976 5708 εν
3013 5652 3096 5723 τῷ
3136 5651 3300 5707 πάθει
3326 5649 3390 5704 τδ
3437 5647 3717 5710 ἀπολωλὸς
3758 5644 4044 5699 ἀνασὼσαρ

2483 5749 2637 5803 σθαιο
2669 5749 2732 5803 ού
2762 5749 3140 5820 προσήνεγκεν
3164 5739 3280 5812 οῦν,
3309 5745 3360 5798 εί
3391 5743 3466 5816 μή
3504 5757 3610 5796 τινι
3639 5738 3781 5794 κατὰ
3815 5749 4045 5808 usus»
