  <div class='ocr_page' id='page_1' title='image "/cluster/home/n/w/nwhite01/storage/ocr_20150623/101/nnc1.0046980164/118.png"; bbox 0 0 4202 6442; ppageno 0'>
   <div class='ocr_carea' id='block_1_1' title="bbox 1057 388 2433 476">
    <p class='ocr_par' dir='ltr' id='par_1_1' title="bbox 1057 388 2433 476">
     <span class='ocr_line' id='line_1_1' title="bbox 1057 388 2433 476; baseline 0.016 -25"><span class='ocrx_word' id='word_1_1' title='bbox 1057 394 1157 455; x_wconf 85' lang='lat' dir='ltr'><strong>AD</strong></span> <span class='ocrx_word' id='word_1_2' title='bbox 1194 388 1787 463; x_wconf 77' lang='lat' dir='ltr'><strong>AMPHILOCHIUM</strong></span> <span class='ocrx_word' id='word_1_3' title='bbox 1843 403 2192 476; x_wconf 66' lang='lat' dir='ltr'><strong>QUESTIO</strong></span> <span class='ocrx_word' id='word_1_4' title='bbox 2254 410 2433 475; x_wconf 76' lang='lat' dir='ltr'><strong>XXV.</strong></span> 
     </span>
    </p>
   </div>
   <div class='ocr_carea' id='block_1_2' title="bbox 3305 417 3414 484">
    <p class='ocr_par' dir='ltr' id='par_1_2' title="bbox 3305 417 3414 484">
     <span class='ocr_line' id='line_1_2' title="bbox 3305 417 3414 484; baseline -0.018 0"><span class='ocrx_word' id='word_1_5' title='bbox 3305 417 3414 484; x_wconf 80' lang='lat'><strong>190</strong></span> 
     </span>
    </p>
   </div>
   <div class='ocr_carea' id='block_1_3' title="bbox 156 502 1700 607">
    <p class='ocr_par' dir='ltr' id='par_1_3' title="bbox 156 502 1700 592">
     <span class='ocr_line' id='line_1_3' title="bbox 156 502 1700 592; baseline 0.013 -38"><span class='ocrx_word' id='word_1_6' title='bbox 156 502 256 571; x_wconf 82' lang='grc' dir='ltr'><strong>ρὰν</strong></span> <span class='ocrx_word' id='word_1_7' title='bbox 284 502 348 556; x_wconf 73' lang='grc' dir='ltr'><strong>τὺ</strong></span> <span class='ocrx_word' id='word_1_8' title='bbox 366 502 509 577; x_wconf 66' lang='grc' dir='ltr'>ὐπὲρ</span> <span class='ocrx_word' id='word_1_9' title='bbox 530 506 695 577; x_wconf 71' lang='grc' dir='ltr'>ἡμῶν</span> <span class='ocrx_word' id='word_1_10' title='bbox 724 507 921 563; x_wconf 80' lang='grc' dir='ltr'>παθεῖν</span> <span class='ocrx_word' id='word_1_11' title='bbox 942 512 1129 579; x_wconf 78' lang='grc' dir='ltr'>αὐτὸν,</span> <span class='ocrx_word' id='word_1_12' title='bbox 1166 515 1319 584; x_wconf 80' lang='grc' dir='ltr'>φίλον</span> <span class='ocrx_word' id='word_1_13' title='bbox 1350 518 1502 575; x_wconf 68' lang='grc' dir='ltr'>ιστὶν</span> <span class='ocrx_word' id='word_1_14' title='bbox 1527 520 1700 592; x_wconf 82' lang='grc' dir='ltr'>ὀνομά</span> 
     </span>
    </p>
   </div>
   <div class='ocr_carea' id='block_1_4' title="bbox 1817 502 3410 607">
    <p class='ocr_par' dir='ltr' id='par_1_4' title="bbox 1840 524 3410 607">
     <span class='ocr_line' id='line_1_4' title="bbox 1840 524 3410 607; baseline 0.01 -29"><span class='ocrx_word' id='word_1_15' title='bbox 1840 524 2040 579; x_wconf 87' lang='lat' dir='ltr'><strong>obtulit</strong></span> <span class='ocrx_word' id='word_1_16' title='bbox 2073 543 2090 581; x_wconf 76' lang='grc' dir='ltr'><strong>ι</strong></span> <span class='ocrx_word' id='word_1_17' title='bbox 2122 526 2228 582; x_wconf 92' lang='lat' dir='ltr'><strong>nisi</strong></span> <span class='ocrx_word' id='word_1_18' title='bbox 2261 528 2403 584; x_wconf 74' lang='lat' dir='ltr'><strong>forte</strong></span> <span class='ocrx_word' id='word_1_19' title='bbox 2426 529 2665 600; x_wconf 81' lang='lat' dir='ltr'><strong>cuipiam</strong></span> <span class='ocrx_word' id='word_1_20' title='bbox 2702 532 2896 603; x_wconf 88' lang='lat' dir='ltr'><strong>placet,</strong></span> <span class='ocrx_word' id='word_1_21' title='bbox 2936 534 3246 603; x_wconf 74' lang='lat' dir='ltr'><strong>passionem</strong></span> <span class='ocrx_word' id='word_1_22' title='bbox 3288 540 3410 607; x_wconf 70' lang='lat' dir='ltr'><strong>eius</strong></span> 
     </span>
    </p>
   </div>
   <div class='ocr_carea' id='block_1_5' title="bbox 155 592 1728 683">
    <p class='ocr_par' dir='ltr' id='par_1_5' title="bbox 155 592 1728 683">
     <span class='ocr_line' id='line_1_5' title="bbox 155 592 1728 683; baseline 0.015 -39"><span class='ocrx_word' id='word_1_23' title='bbox 155 592 270 654; x_wconf 75' lang='grc' dir='ltr'>ζειν</span> <span class='ocrx_word' id='word_1_24' title='bbox 293 600 685 666; x_wconf 74' lang='grc' dir='ltr'>προσενεγκεῖν</span> <span class='ocrx_word' id='word_1_25' title='bbox 706 614 723 631; x_wconf 79' lang='grc' dir='ltr'><strong>ο</strong></span> <span class='ocrx_word' id='word_1_26' title='bbox 758 599 1040 667; x_wconf 78' lang='grc' dir='ltr'>ἀκώλυτος</span> <span class='ocrx_word' id='word_1_27' title='bbox 1063 604 1175 676; x_wconf 83' lang='grc' dir='ltr'><strong>γάρ</strong></span> <span class='ocrx_word' id='word_1_28' title='bbox 1196 605 1288 660; x_wconf 83' lang='grc' dir='ltr'>διὰ</span> <span class='ocrx_word' id='word_1_29' title='bbox 1306 609 1406 678; x_wconf 76' lang='grc' dir='ltr'><strong>τὴν</strong></span> <span class='ocrx_word' id='word_1_30' title='bbox 1429 612 1728 683; x_wconf 78' lang='grc' dir='ltr'>ὁμοιότητα</span> 
     </span>
    </p>
   </div>
   <div class='ocr_carea' id='block_1_6' title="bbox 152 685 1723 776">
    <p class='ocr_par' dir='ltr' id='par_1_6' title="bbox 152 685 1723 776">
     <span class='ocr_line' id='line_1_6' title="bbox 152 685 1723 776; baseline 0.018 -42"><span class='ocrx_word' id='word_1_31' title='bbox 152 685 251 755; x_wconf 81' lang='grc' dir='ltr'>τῆς</span> <span class='ocrx_word' id='word_1_32' title='bbox 288 689 475 758; x_wconf 80' lang='grc' dir='ltr'><strong>φωνῆς</strong></span> <span class='ocrx_word' id='word_1_33' title='bbox 502 691 537 760; x_wconf 83' lang='grc' dir='ltr'><strong>ἡ</strong></span> <span class='ocrx_word' id='word_1_34' title='bbox 570 692 769 763; x_wconf 82' lang='grc' dir='ltr'>χρῆσις</span> <span class='ocrx_word' id='word_1_35' title='bbox 800 694 859 746; x_wconf 72' lang='grc' dir='ltr'>ἐν</span> <span class='ocrx_word' id='word_1_36' title='bbox 881 697 1120 767; x_wconf 82' lang='grc' dir='ltr'>σχήματι</span> <span class='ocrx_word' id='word_1_37' title='bbox 1148 699 1451 771; x_wconf 73' lang='grc' dir='ltr'><strong>λεγομένης</strong></span> <span class='ocrx_word' id='word_1_38' title='bbox 1476 706 1686 776; x_wconf 87' lang='grc' dir='ltr'>τροπῆς</span> <span class='ocrx_word' id='word_1_39' title='bbox 1706 720 1723 735; x_wconf 86' lang='grc'><strong>⁸</strong></span> 
     </span>
    </p>
   </div>
   <div class='ocr_carea' id='block_1_7' title="bbox 150 776 1729 870">
    <p class='ocr_par' dir='ltr' id='par_1_7' title="bbox 150 776 1729 870">
     <span class='ocr_line' id='line_1_7' title="bbox 150 776 1729 870; baseline 0.015 -41"><span class='ocrx_word' id='word_1_40' title='bbox 150 776 341 848; x_wconf 82' lang='grc' dir='ltr'>ῶσπερ</span> <span class='ocrx_word' id='word_1_41' title='bbox 382 782 763 854; x_wconf 74' lang='grc' dir='ltr'><strong>κεκωλυμένον</strong></span> <span class='ocrx_word' id='word_1_42' title='bbox 801 788 902 856; x_wconf 84' lang='grc' dir='ltr'>τῆς</span> <span class='ocrx_word' id='word_1_43' title='bbox 950 789 1011 842; x_wconf 87' lang='grc' dir='ltr'><strong>τὺ</strong></span> <span class='ocrx_word' id='word_1_44' title='bbox 1046 790 1235 862; x_wconf 89' lang='grc' dir='ltr'>κύριον</span> <span class='ocrx_word' id='word_1_45' title='bbox 1284 794 1514 869; x_wconf 68' lang='grc' dir='ltr'>ἑκούσης</span> <span class='ocrx_word' id='word_1_46' title='bbox 1558 815 1729 870; x_wconf 81' lang='grc' dir='ltr'>προσ-</span> 
     </span>
    </p>
   </div>
   <div class='ocr_carea' id='block_1_8' title="bbox 150 872 1727 960">
    <p class='ocr_par' dir='ltr' id='par_1_8' title="bbox 150 872 1727 960">
     <span class='ocr_line' id='line_1_8' title="bbox 150 872 1727 960; baseline 0.015 -38"><span class='ocrx_word' id='word_1_47' title='bbox 150 872 381 943; x_wconf 85' lang='grc' dir='ltr'>ηγορίας</span> <span class='ocrx_word' id='word_1_48' title='bbox 413 874 475 928; x_wconf 84' lang='grc' dir='ltr'>τὸ</span> <span class='ocrx_word' id='word_1_49' title='bbox 509 876 705 947; x_wconf 78' lang='grc' dir='ltr'>ίδίωμα</span> <span class='ocrx_word' id='word_1_50' title='bbox 731 880 825 933; x_wconf 74' lang='grc' dir='ltr'><strong>ἰπὶ</strong></span> <span class='ocrx_word' id='word_1_51' title='bbox 846 881 1050 953; x_wconf 86' lang='grc' dir='ltr'>ταύτης</span> <span class='ocrx_word' id='word_1_52' title='bbox 1098 886 1355 939; x_wconf 72' lang='grc' dir='ltr'><strong>ἀπαιτεῖν</strong></span> <span class='ocrx_word' id='word_1_53' title='bbox 1377 904 1391 918; x_wconf 92' lang='grc'><strong>·</strong></span> <span class='ocrx_word' id='word_1_54' title='bbox 1418 892 1513 944; x_wconf 76' lang='grc' dir='ltr'>καὶ</span> <span class='ocrx_word' id='word_1_55' title='bbox 1557 908 1727 960; x_wconf 83' lang='grc' dir='ltr'>φανε-</span> 
     </span>
    </p>
   </div>
   <div class='ocr_carea' id='block_1_9' title="bbox 150 962 1727 1053">
    <p class='ocr_par' dir='ltr' id='par_1_9' title="bbox 150 962 1727 1053">
     <span class='ocr_line' id='line_1_9' title="bbox 150 962 1727 1053; baseline 0.013 -38"><span class='ocrx_word' id='word_1_56' title='bbox 150 962 243 1033; x_wconf 84' lang='grc' dir='ltr'><strong>ρδν</strong></span> <span class='ocrx_word' id='word_1_57' title='bbox 272 965 351 1028; x_wconf 86' lang='grc' dir='ltr'><strong>ῶς</strong></span> <span class='ocrx_word' id='word_1_58' title='bbox 378 965 504 1021; x_wconf 76' lang='grc' dir='ltr'>οὔτε</span> <span class='ocrx_word' id='word_1_59' title='bbox 527 972 904 1041; x_wconf 70' lang='grc' dir='ltr'><strong>προσήνεγκεν</strong></span> <span class='ocrx_word' id='word_1_60' title='bbox 963 973 1089 1028; x_wconf 80' lang='grc' dir='ltr'>οὔτε</span> <span class='ocrx_word' id='word_1_61' title='bbox 1156 980 1496 1052; x_wconf 79' lang='grc' dir='ltr'><strong>προσέφερεν</strong></span> <span class='ocrx_word' id='word_1_62' title='bbox 1542 982 1655 1053; x_wconf 73' lang='grc'><strong>(40)</strong></span> <span class='ocrx_word' id='word_1_63' title='bbox 1697 984 1727 1035; x_wconf 82' lang='grc' dir='ltr'>ὁ</span> 
     </span>
    </p>
   </div>
   <div class='ocr_carea' id='block_1_10' title="bbox 160 1054 1728 1143">
    <p class='ocr_par' dir='ltr' id='par_1_10' title="bbox 160 1054 1728 1143">
     <span class='ocr_line' id='line_1_10' title="bbox 160 1054 1728 1143; baseline 0.014 -37"><span class='ocrx_word' id='word_1_64' title='bbox 160 1054 358 1125; x_wconf 79' lang='grc' dir='ltr'>’Δμνδς</span> <span class='ocrx_word' id='word_1_65' title='bbox 373 1058 470 1111; x_wconf 80' lang='grc' dir='ltr'><strong>τοῦ</strong></span> <span class='ocrx_word' id='word_1_66' title='bbox 493 1058 629 1113; x_wconf 87' lang='grc' dir='ltr'><strong>Θεοῦ</strong></span> <span class='ocrx_word' id='word_1_67' title='bbox 650 1063 681 1114; x_wconf 83' lang='grc' dir='ltr'><strong>ό</strong></span> <span class='ocrx_word' id='word_1_68' title='bbox 705 1060 879 1133; x_wconf 86' lang='grc' dir='ltr'>αίρων</span> <span class='ocrx_word' id='word_1_69' title='bbox 897 1064 994 1134; x_wconf 83' lang='grc' dir='ltr'>τὴν</span> <span class='ocrx_word' id='word_1_70' title='bbox 1022 1067 1299 1139; x_wconf 78' lang='grc' dir='ltr'><strong>ἁμαρτίαν</strong></span> <span class='ocrx_word' id='word_1_71' title='bbox 1317 1071 1411 1123; x_wconf 77' lang='grc' dir='ltr'><strong>τοῦ</strong></span> <span class='ocrx_word' id='word_1_72' title='bbox 1433 1073 1640 1143; x_wconf 79' lang='grc' dir='ltr'><strong>κόσμου</strong></span> <span class='ocrx_word' id='word_1_73' title='bbox 1668 1076 1728 1129; x_wconf 76' lang='grc' dir='ltr'>τὸ</span> 
     </span>
    </p>
   </div>
   <div class='ocr_carea' id='block_1_11' title="bbox 149 1149 1726 1235">
    <p class='ocr_par' dir='ltr' id='par_1_11' title="bbox 149 1149 1726 1235">
     <span class='ocr_line' id='line_1_11' title="bbox 149 1149 1726 1235; baseline 0.013 -35"><span class='ocrx_word' id='word_1_74' title='bbox 149 1149 421 1218; x_wconf 75' lang='grc' dir='ltr'><strong>σωτήρων</strong></span> <span class='ocrx_word' id='word_1_75' title='bbox 444 1153 541 1205; x_wconf 77' lang='grc' dir='ltr'>καὶ</span> <span class='ocrx_word' id='word_1_76' title='bbox 577 1152 874 1224; x_wconf 77' lang='grc' dir='ltr'>καθάρσιον</span> <span class='ocrx_word' id='word_1_77' title='bbox 910 1152 1052 1229; x_wconf 84' lang='grc' dir='ltr'>αἷμα</span> <span class='ocrx_word' id='word_1_78' title='bbox 1094 1161 1189 1215; x_wconf 83' lang='grc' dir='ltr'>τοῦ</span> <span class='ocrx_word' id='word_1_79' title='bbox 1238 1163 1426 1229; x_wconf 77' lang='grc' dir='ltr'>γένους</span> <span class='ocrx_word' id='word_1_80' title='bbox 1455 1165 1645 1235; x_wconf 75' lang='grc' dir='ltr'>ἡμῶνο</span> <span class='ocrx_word' id='word_1_81' title='bbox 1677 1170 1726 1222; x_wconf 85' lang='grc' dir='ltr'><strong>εί</strong></span> 
     </span>
    </p>
   </div>
   <div class='ocr_carea' id='block_1_12' title="bbox 144 1240 1727 1328">
    <p class='ocr_par' dir='ltr' id='par_1_12' title="bbox 144 1240 1727 1328">
     <span class='ocr_line' id='line_1_12' title="bbox 144 1240 1727 1328; baseline 0.014 -38"><span class='ocrx_word' id='word_1_82' title='bbox 144 1240 240 1291; x_wconf 76' lang='grc' dir='ltr'>καὶ</span> <span class='ocrx_word' id='word_1_83' title='bbox 280 1242 312 1293; x_wconf 85' lang='grc' dir='ltr'><strong>ό</strong></span> <span class='ocrx_word' id='word_1_84' title='bbox 344 1242 534 1315; x_wconf 77' lang='grc' dir='ltr'>Πατὴρ</span> <span class='ocrx_word' id='word_1_85' title='bbox 562 1246 599 1297; x_wconf 84' lang='grc' dir='ltr'><strong>ό</strong></span> <span class='ocrx_word' id='word_1_86' title='bbox 632 1246 720 1301; x_wconf 84' lang='grc' dir='ltr'><strong>διά</strong></span> <span class='ocrx_word' id='word_1_87' title='bbox 769 1248 832 1301; x_wconf 80' lang='grc' dir='ltr'>τὸ</span> <span class='ocrx_word' id='word_1_88' title='bbox 878 1250 987 1304; x_wconf 80' lang='grc' dir='ltr'><strong>ἀπὸ</strong></span> <span class='ocrx_word' id='word_1_89' title='bbox 1025 1252 1122 1305; x_wconf 84' lang='grc' dir='ltr'><strong>τοῦ</strong></span> <span class='ocrx_word' id='word_1_90' title='bbox 1162 1253 1371 1318; x_wconf 79' lang='grc' dir='ltr'>πάθους</span> <span class='ocrx_word' id='word_1_91' title='bbox 1423 1256 1727 1328; x_wconf 73' lang='grc' dir='ltr'>ἑκσεόηκδς</span> 
     </span>
    </p>
   </div>
   <div class='ocr_carea' id='block_1_13' title="bbox 142 1335 1726 1418">
    <p class='ocr_par' dir='ltr' id='par_1_13' title="bbox 142 1335 1726 1418">
     <span class='ocr_line' id='line_1_13' title="bbox 142 1335 1726 1418; baseline 0.013 -33"><span class='ocrx_word' id='word_1_92' title='bbox 142 1335 456 1408; x_wconf 73' lang='grc' dir='ltr'>τερπομένη</span> <span class='ocrx_word' id='word_1_93' title='bbox 490 1339 587 1392; x_wconf 77' lang='grc' dir='ltr'>καὶ</span> <span class='ocrx_word' id='word_1_94' title='bbox 613 1341 887 1415; x_wconf 77' lang='grc' dir='ltr'><strong>χαιρούσῃ</strong></span> <span class='ocrx_word' id='word_1_95' title='bbox 918 1342 1115 1418; x_wconf 76' lang='grc' dir='ltr'>γνώμῃ</span> <span class='ocrx_word' id='word_1_96' title='bbox 1144 1347 1207 1400; x_wconf 79' lang='grc' dir='ltr'>τὸ</span> <span class='ocrx_word' id='word_1_97' title='bbox 1238 1340 1381 1416; x_wconf 80' lang='grc' dir='ltr'>αἷμα</span> <span class='ocrx_word' id='word_1_98' title='bbox 1409 1348 1503 1402; x_wconf 84' lang='grc' dir='ltr'>τοῦ</span> <span class='ocrx_word' id='word_1_99' title='bbox 1531 1350 1726 1415; x_wconf 78' lang='grc' dir='ltr'><strong>Παιδὸς</strong></span> 
     </span>
    </p>
   </div>
   <div class='ocr_carea' id='block_1_14' title="bbox 142 1423 1725 1511">
    <p class='ocr_par' dir='ltr' id='par_1_14' title="bbox 142 1423 1725 1511">
     <span class='ocr_line' id='line_1_14' title="bbox 142 1423 1725 1511; baseline 0.012 -34"><span class='ocrx_word' id='word_1_100' title='bbox 142 1423 507 1491; x_wconf 78' lang='grc' dir='ltr'>ὑποδέξασθαι</span> <span class='ocrx_word' id='word_1_101' title='bbox 545 1430 803 1499; x_wconf 80' lang='grc' dir='ltr'><strong>λέγεται⁹</strong></span> <span class='ocrx_word' id='word_1_102' title='bbox 834 1434 971 1489; x_wconf 83' lang='grc' dir='ltr'>ἀλλὰ</span> <span class='ocrx_word' id='word_1_103' title='bbox 1006 1436 1182 1491; x_wconf 84' lang='grc' dir='ltr'>ταῦτα</span> <span class='ocrx_word' id='word_1_104' title='bbox 1229 1439 1326 1509; x_wconf 74' lang='grc' dir='ltr'>μὲν</span> <span class='ocrx_word' id='word_1_105' title='bbox 1377 1440 1426 1493; x_wconf 87' lang='grc' dir='ltr'><strong>εί</strong></span> <span class='ocrx_word' id='word_1_106' title='bbox 1479 1441 1574 1494; x_wconf 83' lang='grc' dir='ltr'>καὶ</span> <span class='ocrx_word' id='word_1_107' title='bbox 1622 1441 1725 1511; x_wconf 81' lang='grc' dir='ltr'>τῆς</span> 
     </span>
    </p>
   </div>
   <div class='ocr_carea' id='block_1_15' title="bbox 140 1512 1726 1595">
    <p class='ocr_par' dir='ltr' id='par_1_15' title="bbox 140 1512 1726 1595">
     <span class='ocr_line' id='line_1_15' title="bbox 140 1512 1726 1595; baseline 0.012 -32"><span class='ocrx_word' id='word_1_108' title='bbox 140 1512 363 1578; x_wconf 75' lang='grc' dir='ltr'>ἐλπίδος</span> <span class='ocrx_word' id='word_1_109' title='bbox 400 1516 466 1587; x_wconf 72' lang='grc' dir='ltr'>ἢν</span> <span class='ocrx_word' id='word_1_110' title='bbox 495 1517 684 1573; x_wconf 81' lang='grc' dir='ltr'>ὤδινεν</span> <span class='ocrx_word' id='word_1_111' title='bbox 710 1523 744 1591; x_wconf 81' lang='grc' dir='ltr'>ἠ</span> <span class='ocrx_word' id='word_1_112' title='bbox 780 1521 1059 1593; x_wconf 67' lang='grc' dir='ltr'>ἐξαίτησις</span> <span class='ocrx_word' id='word_1_113' title='bbox 1108 1523 1238 1589; x_wconf 72' lang='grc' dir='ltr'>ἴσως</span> <span class='ocrx_word' id='word_1_114' title='bbox 1274 1526 1373 1595; x_wconf 83' lang='grc' dir='ltr'>μὲν</span> <span class='ocrx_word' id='word_1_115' title='bbox 1413 1526 1726 1581; x_wconf 78' lang='grc' dir='ltr'>ὲντελέστε-</span> 
     </span>
    </p>
   </div>
   <div class='ocr_carea' id='block_1_16' title="bbox 139 1607 1720 1688">
    <p class='ocr_par' dir='ltr' id='par_1_16' title="bbox 139 1607 1720 1688">
     <span class='ocr_line' id='line_1_16' title="bbox 139 1607 1720 1688; baseline 0.009 -31"><span class='ocrx_word' id='word_1_116' title='bbox 139 1621 258 1672; x_wconf 88' lang='grc' dir='ltr'>ρον,</span> <span class='ocrx_word' id='word_1_117' title='bbox 291 1607 434 1677; x_wconf 82' lang='grc' dir='ltr'>πλήν</span> <span class='ocrx_word' id='word_1_118' title='bbox 452 1625 517 1675; x_wconf 89' lang='grc' dir='ltr'><strong>γε</strong></span> <span class='ocrx_word' id='word_1_119' title='bbox 536 1612 679 1664; x_wconf 88' lang='grc' dir='ltr'>κατά</span> <span class='ocrx_word' id='word_1_120' title='bbox 695 1612 788 1664; x_wconf 86' lang='grc' dir='ltr'><strong>τδν</strong></span> <span class='ocrx_word' id='word_1_121' title='bbox 803 1614 1065 1683; x_wconf 72' lang='grc' dir='ltr'>έπίτομον</span> <span class='ocrx_word' id='word_1_122' title='bbox 1087 1618 1486 1688; x_wconf 78' lang='grc' dir='ltr'>προενήνεκται</span> <span class='ocrx_word' id='word_1_123' title='bbox 1515 1618 1686 1673; x_wconf 84' lang='grc' dir='ltr'>τύπον</span> <span class='ocrx_word' id='word_1_124' title='bbox 1704 1638 1720 1654; x_wconf 80' lang='grc' dir='ltr'><strong><em>ο</em></strong></span> 
     </span>
    </p>
   </div>
   <div class='ocr_carea' id='block_1_17' title="bbox 136 1696 1718 1780">
    <p class='ocr_par' dir='ltr' id='par_1_17' title="bbox 136 1696 1718 1780">
     <span class='ocr_line' id='line_1_17' title="bbox 136 1696 1718 1780; baseline 0.013 -34"><span class='ocrx_word' id='word_1_125' title='bbox 136 1696 263 1748; x_wconf 78' lang='grc' dir='ltr'>ἐπεὶ</span> <span class='ocrx_word' id='word_1_126' title='bbox 295 1698 422 1767; x_wconf 79' lang='grc' dir='ltr'>μηδ’</span> <span class='ocrx_word' id='word_1_127' title='bbox 454 1700 818 1773; x_wconf 78' lang='grc' dir='ltr'>ἐπιλέλησμαι</span> <span class='ocrx_word' id='word_1_128' title='bbox 842 1706 985 1759; x_wconf 80' lang='grc' dir='ltr'>κατὰ</span> <span class='ocrx_word' id='word_1_129' title='bbox 1028 1708 1130 1772; x_wconf 82' lang='grc' dir='ltr'>τὰς</span> <span class='ocrx_word' id='word_1_130' title='bbox 1158 1709 1526 1779; x_wconf 78' lang='grc' dir='ltr'>σχολαζούσας</span> <span class='ocrx_word' id='word_1_131' title='bbox 1556 1713 1718 1780; x_wconf 75' lang='grc' dir='ltr'>μελέ-</span> 
     </span>
    </p>
   </div>
   <div class='ocr_carea' id='block_1_18' title="bbox 134 1790 1718 1869">
    <p class='ocr_par' dir='ltr' id='par_1_18' title="bbox 134 1790 1718 1869">
     <span class='ocr_line' id='line_1_18' title="bbox 134 1790 1718 1869; baseline 0.013 -31"><span class='ocrx_word' id='word_1_132' title='bbox 134 1803 235 1849; x_wconf 85' lang='grc' dir='ltr'>τας</span> <span class='ocrx_word' id='word_1_133' title='bbox 264 1791 379 1853; x_wconf 86' lang='grc' dir='ltr'>τοῖς</span> <span class='ocrx_word' id='word_1_134' title='bbox 398 1790 714 1861; x_wconf 73' lang='grc' dir='ltr'>ἱερωτάτοις</span> <span class='ocrx_word' id='word_1_135' title='bbox 742 1797 899 1866; x_wconf 80' lang='grc' dir='ltr'>ημῶν</span> <span class='ocrx_word' id='word_1_136' title='bbox 934 1798 1171 1869; x_wconf 82' lang='grc' dir='ltr'>δόγμασι</span> <span class='ocrx_word' id='word_1_137' title='bbox 1206 1800 1464 1865; x_wconf 78' lang='grc' dir='ltr'>πολλάκις</span> <span class='ocrx_word' id='word_1_138' title='bbox 1485 1803 1718 1857; x_wconf 83' lang='grc' dir='ltr'>ἀκοῦσαι</span> 
     </span>
    </p>
   </div>
   <div class='ocr_carea' id='block_1_19' title="bbox 1831 616 3411 695">
    <p class='ocr_par' dir='ltr' id='par_1_19' title="bbox 1831 616 3411 695">
     <span class='ocr_line' id='line_1_19' title="bbox 1831 616 3411 695; baseline 0.009 -26"><span class='ocrx_word' id='word_1_139' title='bbox 1831 628 1934 684; x_wconf 89' lang='lat' dir='ltr'><strong>pro</strong></span> <span class='ocrx_word' id='word_1_140' title='bbox 1960 616 2143 684; x_wconf 88' lang='lat' dir='ltr'><strong>nobis,</strong></span> <span class='ocrx_word' id='word_1_141' title='bbox 2165 617 2397 687; x_wconf 77' lang='lat' dir='ltr'><strong>ﬁgurate</strong></span> <span class='ocrx_word' id='word_1_142' title='bbox 2417 621 2746 679; x_wconf 77' lang='lat' dir='ltr'><strong>oblationem</strong></span> <span class='ocrx_word' id='word_1_143' title='bbox 2768 625 3062 695; x_wconf 89' lang='lat' dir='ltr'><strong>appellare.</strong></span> <span class='ocrx_word' id='word_1_144' title='bbox 3094 628 3239 683; x_wconf 92' lang='lat' dir='ltr'><strong>Nihil</strong></span> <span class='ocrx_word' id='word_1_145' title='bbox 3260 629 3411 687; x_wconf 85' lang='lat' dir='ltr'><strong>enim</strong></span> 
     </span>
    </p>
   </div>
   <div class='ocr_carea' id='block_1_20' title="bbox 1827 708 3410 788">
    <p class='ocr_par' dir='ltr' id='par_1_20' title="bbox 1827 708 3410 788">
     <span class='ocr_line' id='line_1_20' title="bbox 1827 708 3410 788; baseline 0.013 -27"><span class='ocrx_word' id='word_1_146' title='bbox 1827 716 1977 762; x_wconf 80' lang='lat' dir='ltr'><strong>vetat</strong></span> <span class='ocrx_word' id='word_1_147' title='bbox 2003 708 2076 764; x_wconf 93' lang='lat' dir='ltr'><strong>ob</strong></span> <span class='ocrx_word' id='word_1_148' title='bbox 2099 711 2347 767; x_wconf 80' lang='lat' dir='ltr'><strong>vocabuli</strong></span> <span class='ocrx_word' id='word_1_149' title='bbox 2373 713 2811 783; x_wconf 76' lang='lat' dir='ltr'><strong>similitudinem,</strong></span> <span class='ocrx_word' id='word_1_150' title='bbox 2854 720 3153 788; x_wconf 83' lang='lat' dir='ltr'><strong>quominus</strong></span> <span class='ocrx_word' id='word_1_151' title='bbox 3186 736 3254 775; x_wconf 88' lang='lat' dir='ltr'><strong>eo</strong></span> <span class='ocrx_word' id='word_1_152' title='bbox 3283 733 3410 781; x_wconf 90' lang='lat' dir='ltr'><strong>uta-.-</strong></span> 
     </span>
    </p>
   </div>
   <div class='ocr_carea' id='block_1_21' title="bbox 1827 797 3403 877">
    <p class='ocr_par' dir='ltr' id='par_1_21' title="bbox 1827 797 3403 877">
     <span class='ocr_line' id='line_1_21' title="bbox 1827 797 3403 877; baseline 0.012 -28"><span class='ocrx_word' id='word_1_153' title='bbox 1827 810 1953 851; x_wconf 88' lang='lat' dir='ltr'><strong>mur</strong></span> <span class='ocrx_word' id='word_1_154' title='bbox 1978 812 2046 853; x_wconf 80' lang='lat' dir='ltr'><strong>ex</strong></span> <span class='ocrx_word' id='word_1_155' title='bbox 2078 797 2257 856; x_wconf 82' lang='lat' dir='ltr'><strong>forma</strong></span> <span class='ocrx_word' id='word_1_156' title='bbox 2285 804 2530 872; x_wconf 75' lang='lat' dir='ltr'><strong>praedicti</strong></span> <span class='ocrx_word' id='word_1_157' title='bbox 2582 807 2727 877; x_wconf 82' lang='lat' dir='ltr'><strong>trepi</strong></span> <span class='ocrx_word' id='word_1_158' title='bbox 2761 824 2775 862; x_wconf 89' lang='lat'><strong>:</strong></span> <span class='ocrx_word' id='word_1_159' title='bbox 2814 816 2872 862; x_wconf 88' lang='lat' dir='ltr'><strong>at</strong></span> <span class='ocrx_word' id='word_1_160' title='bbox 2933 810 3163 866; x_wconf 89' lang='lat' dir='ltr'><strong>vetitum</strong></span> <span class='ocrx_word' id='word_1_161' title='bbox 3208 824 3403 869; x_wconf 76' lang='lat' dir='ltr'><strong>contra</strong></span> 
     </span>
    </p>
   </div>
   <div class='ocr_carea' id='block_1_22' title="bbox 1827 891 3402 966">
    <p class='ocr_par' dir='ltr' id='par_1_22' title="bbox 1827 891 3402 966">
     <span class='ocr_line' id='line_1_22' title="bbox 1827 891 3402 966; baseline 0.011 -24"><span class='ocrx_word' id='word_1_162' title='bbox 1827 896 1932 953; x_wconf 88' lang='lat' dir='ltr'><strong>est,</strong></span> <span class='ocrx_word' id='word_1_163' title='bbox 1959 891 2195 960; x_wconf 72' lang='lat' dir='ltr'><strong>propria:</strong></span> <span class='ocrx_word' id='word_1_164' title='bbox 2220 894 2493 951; x_wconf 76' lang='lat' dir='ltr'><strong>strictaeve</strong></span> <span class='ocrx_word' id='word_1_165' title='bbox 2521 898 2904 966; x_wconf 78' lang='lat' dir='ltr'><strong>appellationis</strong></span> <span class='ocrx_word' id='word_1_166' title='bbox 2944 902 3321 960; x_wconf 83' lang='lat' dir='ltr'><strong>characterem</strong></span> <span class='ocrx_word' id='word_1_167' title='bbox 3344 907 3402 960; x_wconf 91' lang='lat' dir='ltr'><strong>in</strong></span> 
     </span>
    </p>
   </div>
   <div class='ocr_carea' id='block_1_23' title="bbox 1827 979 3411 1066">
    <p class='ocr_par' dir='ltr' id='par_1_23' title="bbox 1827 979 3411 1066">
     <span class='ocr_line' id='line_1_23' title="bbox 1827 979 3411 1066; baseline 0.013 -36"><span class='ocrx_word' id='word_1_168' title='bbox 1827 979 2014 1034; x_wconf 91' lang='lat' dir='ltr'><strong>eadem</strong></span> <span class='ocrx_word' id='word_1_169' title='bbox 2039 980 2314 1039; x_wconf 90' lang='lat' dir='ltr'><strong>locutione</strong></span> <span class='ocrx_word' id='word_1_170' title='bbox 2338 988 2645 1055; x_wconf 78' lang='lat' dir='ltr'><strong>exquirere.</strong></span> <span class='ocrx_word' id='word_1_171' title='bbox 2675 988 2805 1045; x_wconf 84' lang='lat' dir='ltr'><strong>Sine</strong></span> <span class='ocrx_word' id='word_1_172' title='bbox 2828 990 2997 1047; x_wconf 92' lang='lat' dir='ltr'><strong>dubio</strong></span> <span class='ocrx_word' id='word_1_173' title='bbox 3020 994 3206 1064; x_wconf 82' lang='lat' dir='ltr'><strong>itaque</strong></span> <span class='ocrx_word' id='word_1_174' title='bbox 3226 1010 3411 1066; x_wconf 87' lang='lat' dir='ltr'><strong>neque</strong></span> 
     </span>
    </p>
   </div>
   <div class='ocr_carea' id='block_1_24' title="bbox 1827 1069 3406 1155">
    <p class='ocr_par' dir='ltr' id='par_1_24' title="bbox 1827 1069 3406 1155">
     <span class='ocr_line' id='line_1_24' title="bbox 1827 1069 3406 1155; baseline 0.013 -32"><span class='ocrx_word' id='word_1_175' title='bbox 1827 1069 2090 1127; x_wconf 81' lang='lat' dir='ltr'><strong>oﬂ&#39;erebat</strong></span> <span class='ocrx_word' id='word_1_176' title='bbox 2117 1088 2293 1144; x_wconf 78' lang='lat' dir='ltr'><strong>neque</strong></span> <span class='ocrx_word' id='word_1_177' title='bbox 2319 1076 2519 1133; x_wconf 87' lang='lat' dir='ltr'><strong>obtulit</strong></span> <span class='ocrx_word' id='word_1_178' title='bbox 2538 1078 2632 1134; x_wconf 89' lang='lat' dir='ltr'><strong>Dei</strong></span> <span class='ocrx_word' id='word_1_179' title='bbox 2663 1083 2875 1151; x_wconf 80' lang='lat' dir='ltr'><strong>Agnus,</strong></span> <span class='ocrx_word' id='word_1_180' title='bbox 2892 1084 2987 1153; x_wconf 89' lang='lat' dir='ltr'><strong>qui</strong></span> <span class='ocrx_word' id='word_1_181' title='bbox 3006 1085 3192 1141; x_wconf 92' lang='lat' dir='ltr'><strong>mundi</strong></span> <span class='ocrx_word' id='word_1_182' title='bbox 3210 1102 3406 1155; x_wconf 83' lang='lat' dir='ltr'><strong>pecca-</strong></span> 
     </span>
    </p>
   </div>
   <div class='ocr_carea' id='block_1_25' title="bbox 1829 1162 3405 1247">
    <p class='ocr_par' dir='ltr' id='par_1_25' title="bbox 1829 1162 3405 1247">
     <span class='ocr_line' id='line_1_25' title="bbox 1829 1162 3405 1247; baseline 0.012 -33"><span class='ocrx_word' id='word_1_183' title='bbox 1829 1167 1943 1215; x_wconf 88' lang='lat' dir='ltr'><strong>tum</strong></span> <span class='ocrx_word' id='word_1_184' title='bbox 1972 1162 2218 1230; x_wconf 88' lang='lat' dir='ltr'><strong>abstulit,</strong></span> <span class='ocrx_word' id='word_1_185' title='bbox 2253 1169 2573 1237; x_wconf 87' lang='lat' dir='ltr'><strong>sanguinem</strong></span> <span class='ocrx_word' id='word_1_186' title='bbox 2610 1186 2770 1226; x_wconf 84' lang='lat' dir='ltr'><strong>suum</strong></span> <span class='ocrx_word' id='word_1_187' title='bbox 2798 1173 3093 1230; x_wconf 80' lang='lat' dir='ltr'><strong>salutarem</strong></span> <span class='ocrx_word' id='word_1_188' title='bbox 3118 1178 3405 1247; x_wconf 78' lang='lat' dir='ltr'><strong>nostrique</strong></span> 
     </span>
    </p>
   </div>
   <div class='ocr_carea' id='block_1_26' title="bbox 1825 1255 3403 1339">
    <p class='ocr_par' dir='ltr' id='par_1_26' title="bbox 1825 1255 3403 1339">
     <span class='ocr_line' id='line_1_26' title="bbox 1825 1255 3403 1339; baseline 0.011 -33"><span class='ocrx_word' id='word_1_189' title='bbox 1825 1255 2043 1322; x_wconf 88' lang='lat' dir='ltr'><strong>generis</strong></span> <span class='ocrx_word' id='word_1_190' title='bbox 2088 1266 2438 1327; x_wconf 87' lang='lat' dir='ltr'><strong>purgatorem</strong></span> <span class='ocrx_word' id='word_1_191' title='bbox 2470 1278 2485 1315; x_wconf 90' lang='lat'><strong>:</strong></span> <span class='ocrx_word' id='word_1_192' title='bbox 2521 1277 2833 1333; x_wconf 84' lang='lat' dir='ltr'><strong>quanquam</strong></span> <span class='ocrx_word' id='word_1_193' title='bbox 2864 1265 3050 1331; x_wconf 87' lang='lat' dir='ltr'><strong>Pater,</strong></span> <span class='ocrx_word' id='word_1_194' title='bbox 3088 1268 3160 1323; x_wconf 91' lang='lat' dir='ltr'><strong>ob</strong></span> <span class='ocrx_word' id='word_1_195' title='bbox 3184 1272 3403 1339; x_wconf 84' lang='lat' dir='ltr'><strong>passio-</strong></span> 
     </span>
    </p>
   </div>
   <div class='ocr_carea' id='block_1_27' title="bbox 1826 1345 3398 1433">
    <p class='ocr_par' dir='ltr' id='par_1_27' title="bbox 1826 1345 3398 1433">
     <span class='ocr_line' id='line_1_27' title="bbox 1826 1345 3398 1433; baseline 0.013 -36"><span class='ocrx_word' id='word_1_196' title='bbox 1826 1345 1915 1400; x_wconf 87' lang='lat' dir='ltr'><strong>nis</strong></span> <span class='ocrx_word' id='word_1_197' title='bbox 1934 1347 2246 1413; x_wconf 88' lang='lat' dir='ltr'><strong>utilitatem,</strong></span> <span class='ocrx_word' id='word_1_198' title='bbox 2274 1350 2463 1407; x_wconf 88' lang='lat' dir='ltr'><strong>libenti</strong></span> <span class='ocrx_word' id='word_1_199' title='bbox 2479 1352 2710 1425; x_wconf 71' lang='lat' dir='ltr'><strong>lzetoque</strong></span> <span class='ocrx_word' id='word_1_200' title='bbox 2733 1357 2917 1412; x_wconf 90' lang='lat' dir='ltr'><strong>animo</strong></span> <span class='ocrx_word' id='word_1_201' title='bbox 2932 1358 3056 1414; x_wconf 87' lang='lat' dir='ltr'><strong>Filii</strong></span> <span class='ocrx_word' id='word_1_202' title='bbox 3073 1362 3398 1433; x_wconf 85' lang='lat' dir='ltr'><strong>sanguinem</strong></span> 
     </span>
    </p>
   </div>
   <div class='ocr_carea' id='block_1_28' title="bbox 1824 1439 3400 1525">
    <p class='ocr_par' dir='ltr' id='par_1_28' title="bbox 1824 1439 3400 1525">
     <span class='ocr_line' id='line_1_28' title="bbox 1824 1439 3400 1525; baseline 0.015 -37"><span class='ocrx_word' id='word_1_203' title='bbox 1824 1439 2132 1508; x_wconf 86' lang='lat' dir='ltr'><strong>suscepisse</strong></span> <span class='ocrx_word' id='word_1_204' title='bbox 2161 1441 2385 1499; x_wconf 88' lang='lat' dir='ltr'><strong>dicitur.</strong></span> <span class='ocrx_word' id='word_1_205' title='bbox 2413 1443 2666 1501; x_wconf 78' lang='lat' dir='ltr'><strong>Jamvero</strong></span> <span class='ocrx_word' id='word_1_206' title='bbox 2718 1450 2819 1504; x_wconf 86' lang='lat' dir='ltr'><strong>etsi</strong></span> <span class='ocrx_word' id='word_1_207' title='bbox 2872 1452 2989 1507; x_wconf 67' lang='lat' dir='ltr'><strong>haec</strong></span> <span class='ocrx_word' id='word_1_208' title='bbox 3041 1453 3183 1509; x_wconf 80' lang='lat' dir='ltr'><strong>forte</strong></span> <span class='ocrx_word' id='word_1_209' title='bbox 3233 1470 3400 1525; x_wconf 87' lang='lat' dir='ltr'><strong>supra</strong></span> 
     </span>
    </p>
   </div>
   <div class='ocr_carea' id='block_1_29' title="bbox 1824 1532 3397 1615">
    <p class='ocr_par' dir='ltr' id='par_1_29' title="bbox 1824 1532 3397 1615">
     <span class='ocr_line' id='line_1_29' title="bbox 1824 1532 3397 1615; baseline 0.015 -36"><span class='ocrx_word' id='word_1_210' title='bbox 1824 1540 1973 1596; x_wconf 83' lang='lat' dir='ltr'><strong>spem</strong></span> <span class='ocrx_word' id='word_1_211' title='bbox 2027 1532 2412 1600; x_wconf 87' lang='lat' dir='ltr'><strong>postulationis</strong></span> <span class='ocrx_word' id='word_1_212' title='bbox 2465 1545 2573 1593; x_wconf 68' lang='lat' dir='ltr'><strong>tua</strong></span> <span class='ocrx_word' id='word_1_213' title='bbox 2630 1540 2797 1609; x_wconf 87' lang='lat' dir='ltr'><strong>paulo</strong></span> <span class='ocrx_word' id='word_1_214' title='bbox 2846 1542 3062 1612; x_wconf 85' lang='lat' dir='ltr'><strong>plenius</strong></span> <span class='ocrx_word' id='word_1_215' title='bbox 3121 1545 3397 1615; x_wconf 85' lang='lat' dir='ltr'><strong>disputata</strong></span> 
     </span>
    </p>
   </div>
   <div class='ocr_carea' id='block_1_30' title="bbox 1823 1617 3397 1696">
    <p class='ocr_par' dir='ltr' id='par_1_30' title="bbox 1823 1617 3397 1696">
     <span class='ocr_line' id='line_1_30' title="bbox 1823 1617 3397 1696; baseline 0.014 -23"><span class='ocrx_word' id='word_1_216' title='bbox 1823 1617 2069 1685; x_wconf 82' lang='lat' dir='ltr'><strong>fuerunt,</strong></span> <span class='ocrx_word' id='word_1_217' title='bbox 2111 1624 2468 1685; x_wconf 86' lang='lat' dir='ltr'><strong>nihilominus</strong></span> <span class='ocrx_word' id='word_1_218' title='bbox 2497 1631 2687 1686; x_wconf 88' lang='lat' dir='ltr'><strong>eadem</strong></span> <span class='ocrx_word' id='word_1_219' title='bbox 2733 1648 2766 1688; x_wconf 90' lang='lat' dir='ltr'><strong>a</strong></span> <span class='ocrx_word' id='word_1_220' title='bbox 2826 1637 3132 1692; x_wconf 86' lang='lat' dir='ltr'><strong>summario</strong></span> <span class='ocrx_word' id='word_1_221' title='bbox 3181 1638 3397 1696; x_wconf 85' lang='lat' dir='ltr'><strong>dicendi</strong></span> 
     </span>
    </p>
   </div>
   <div class='ocr_carea' id='block_1_31' title="bbox 1822 1719 3395 1793">
    <p class='ocr_par' dir='ltr' id='par_1_31' title="bbox 1822 1719 3395 1793">
     <span class='ocr_line' id='line_1_31' title="bbox 1822 1719 3395 1793; baseline 0.014 -29"><span class='ocrx_word' id='word_1_222' title='bbox 1822 1726 2020 1781; x_wconf 90' lang='lat' dir='ltr'><strong>genere</strong></span> <span class='ocrx_word' id='word_1_223' title='bbox 2052 1729 2164 1769; x_wconf 91' lang='lat' dir='ltr'><strong>non</strong></span> <span class='ocrx_word' id='word_1_224' title='bbox 2211 1719 2493 1775; x_wconf 88' lang='lat' dir='ltr'><strong>recedunt.</strong></span> <span class='ocrx_word' id='word_1_225' title='bbox 2553 1721 2739 1793; x_wconf 81' lang='lat' dir='ltr'><strong>Neque</strong></span> <span class='ocrx_word' id='word_1_226' title='bbox 2772 1729 2917 1780; x_wconf 86' lang='lat' dir='ltr'><strong>enim</strong></span> <span class='ocrx_word' id='word_1_227' title='bbox 2963 1742 3073 1783; x_wconf 94' lang='lat' dir='ltr'><strong>non</strong></span> <span class='ocrx_word' id='word_1_228' title='bbox 3118 1733 3395 1793; x_wconf 86' lang='lat' dir='ltr'><strong>recordor,</strong></span> 
     </span>
    </p>
   </div>
   <div class='ocr_carea' id='block_1_32' title="bbox 1820 1805 3394 1890">
    <p class='ocr_par' dir='ltr' id='par_1_32' title="bbox 1820 1805 3394 1890">
     <span class='ocr_line' id='line_1_32' title="bbox 1820 1805 3394 1890; baseline 0.017 -38"><span class='ocrx_word' id='word_1_229' title='bbox 1820 1806 1970 1854; x_wconf 88' lang='lat' dir='ltr'><strong>tuam</strong></span> <span class='ocrx_word' id='word_1_230' title='bbox 2004 1818 2147 1872; x_wconf 70' lang='lat' dir='ltr'><strong>saepe</strong></span> <span class='ocrx_word' id='word_1_231' title='bbox 2182 1805 2439 1864; x_wconf 79' lang='lat' dir='ltr'><strong>virtutem</strong></span> <span class='ocrx_word' id='word_1_232' title='bbox 2494 1826 2593 1881; x_wconf 85' lang='lat' dir='ltr'><strong>per</strong></span> <span class='ocrx_word' id='word_1_233' title='bbox 2644 1813 3004 1873; x_wconf 85' lang='lat' dir='ltr'><strong>scholasticas</strong></span> <span class='ocrx_word' id='word_1_234' title='bbox 3047 1818 3115 1874; x_wconf 87' lang='lat' dir='ltr'><strong>de</strong></span> <span class='ocrx_word' id='word_1_235' title='bbox 3147 1822 3394 1890; x_wconf 81' lang='lat' dir='ltr'><strong>angustis</strong></span> 
     </span>
    </p>
   </div>
   <div class='ocr_carea' id='block_1_33' title="bbox 131 1879 1700 1972">
    <p class='ocr_par' dir='ltr' id='par_1_33' title="bbox 131 1879 1700 1963">
     <span class='ocr_line' id='line_1_33' title="bbox 131 1879 1700 1963; baseline 0.013 -31"><span class='ocrx_word' id='word_1_236' title='bbox 131 1879 233 1949; x_wconf 76' lang='grc' dir='ltr'>τὴν</span> <span class='ocrx_word' id='word_1_237' title='bbox 275 1881 379 1954; x_wconf 78' lang='grc' dir='ltr'>σὴν</span> <span class='ocrx_word' id='word_1_238' title='bbox 431 1886 634 1957; x_wconf 82' lang='grc' dir='ltr'>ἀρετὴν</span> <span class='ocrx_word' id='word_1_239' title='bbox 695 1889 1172 1963; x_wconf 88' lang='grc' dir='ltr'>φυλοκρινούμενα</span> <span class='ocrx_word' id='word_1_240' title='bbox 1221 1894 1292 1947; x_wconf 85' lang='grc' dir='ltr'>τὰ</span> <span class='ocrx_word' id='word_1_241' title='bbox 1326 1895 1591 1950; x_wconf 79' lang='grc' dir='ltr'>τοιαῦτα·</span> <span class='ocrx_word' id='word_1_242' title='bbox 1625 1899 1700 1951; x_wconf 64' lang='grc' dir='ltr'><strong>καί</strong></span> 
     </span>
    </p>
   </div>
   <div class='ocr_carea' id='block_1_34' title="bbox 1817 1879 3395 1972">
    <p class='ocr_par' dir='ltr' id='par_1_34' title="bbox 1820 1879 3395 1972">
     <span class='ocr_line' id='line_1_34' title="bbox 1820 1879 3395 1972; baseline 0.016 -29"><span class='ocrx_word' id='word_1_243' title='bbox 1820 1893 2025 1947; x_wconf 87' lang='lat' dir='ltr'><strong>nostris</strong></span> <span class='ocrx_word' id='word_1_244' title='bbox 2048 1895 2389 1964; x_wconf 78' lang='lat' dir='ltr'><strong>dogmatibus</strong></span> <span class='ocrx_word' id='word_1_245' title='bbox 2411 1879 2852 1972; x_wconf 81' lang='lat' dir='ltr'><strong>exercitationes,</strong></span> <span class='ocrx_word' id='word_1_246' title='bbox 2883 1910 2998 1965; x_wconf 62' lang='lat' dir='ltr'><strong>haec</strong></span> <span class='ocrx_word' id='word_1_247' title='bbox 3030 1879 3285 1968; x_wconf 71' lang='lat' dir='ltr'><strong>accurate</strong></span> <span class='ocrx_word' id='word_1_248' title='bbox 3307 1915 3395 1968; x_wconf 90' lang='lat' dir='ltr'><strong>di-</strong></span> 
     </span>
    </p>
   </div>
   <div class='ocr_carea' id='block_1_35' title="bbox 134 1971 1718 2058">
    <p class='ocr_par' dir='ltr' id='par_1_35' title="bbox 134 1971 1718 2058">
     <span class='ocr_line' id='line_1_35' title="bbox 134 1971 1718 2058; baseline 0.013 -36"><span class='ocrx_word' id='word_1_249' title='bbox 134 1971 268 2041; x_wconf 78' lang='grc' dir='ltr'><strong>ρᾷόν</strong></span> <span class='ocrx_word' id='word_1_250' title='bbox 298 1973 449 2026; x_wconf 78' lang='grc' dir='ltr'>ἔστιν</span> <span class='ocrx_word' id='word_1_251' title='bbox 480 1976 546 2029; x_wconf 77' lang='grc' dir='ltr'>ὲκ</span> <span class='ocrx_word' id='word_1_252' title='bbox 566 1976 675 2031; x_wconf 86' lang='grc' dir='ltr'><strong>τῶν</strong></span> <span class='ocrx_word' id='word_1_253' title='bbox 706 1982 991 2051; x_wconf 86' lang='grc' dir='ltr'>παρόντων</span> <span class='ocrx_word' id='word_1_254' title='bbox 1024 1986 1079 2038; x_wconf 82' lang='grc' dir='ltr'><strong>εί</strong></span> <span class='ocrx_word' id='word_1_255' title='bbox 1100 2002 1154 2038; x_wconf 92' lang='grc' dir='ltr'><strong>τι</strong></span> <span class='ocrx_word' id='word_1_256' title='bbox 1186 1987 1281 2039; x_wconf 80' lang='grc' dir='ltr'><strong>καὶ</strong></span> <span class='ocrx_word' id='word_1_257' title='bbox 1309 1986 1450 2058; x_wconf 83' lang='grc' dir='ltr'><strong>λήθη</strong></span> <span class='ocrx_word' id='word_1_258' title='bbox 1492 1989 1603 2042; x_wconf 91' lang='grc' dir='ltr'><strong>τῶν</strong></span> <span class='ocrx_word' id='word_1_259' title='bbox 1632 1989 1718 2043; x_wconf 85' lang='grc' dir='ltr'>λο-</span> 
     </span>
    </p>
   </div>
   <div class='ocr_carea' id='block_1_36' title="bbox 130 2062 1716 2152">
    <p class='ocr_par' dir='ltr' id='par_1_36' title="bbox 130 2062 1716 2152">
     <span class='ocr_line' id='line_1_36' title="bbox 130 2062 1716 2152; baseline 0.015 -40"><span class='ocrx_word' id='word_1_260' title='bbox 130 2062 352 2132; x_wconf 89' lang='grc' dir='ltr'>γισμῶν</span> <span class='ocrx_word' id='word_1_261' title='bbox 387 2066 664 2135; x_wconf 80' lang='grc' dir='ltr'>ἀφείλετο,</span> <span class='ocrx_word' id='word_1_262' title='bbox 730 2074 813 2136; x_wconf 87' lang='grc' dir='ltr'><strong>είς</strong></span> <span class='ocrx_word' id='word_1_263' title='bbox 860 2075 963 2144; x_wconf 80' lang='grc' dir='ltr'>τὴν</span> <span class='ocrx_word' id='word_1_264' title='bbox 1019 2075 1130 2131; x_wconf 90' lang='grc' dir='ltr'><strong>τῶν</strong></span> <span class='ocrx_word' id='word_1_265' title='bbox 1190 2078 1716 2152; x_wconf 82' lang='grc' dir='ltr'>παραλελειμμένων</span> 
     </span>
    </p>
   </div>
   <div class='ocr_carea' id='block_1_37' title="bbox 130 2155 758 2232">
    <p class='ocr_par' dir='ltr' id='par_1_37' title="bbox 130 2155 758 2232">
     <span class='ocr_line' id='line_1_37' title="bbox 130 2155 758 2232; baseline 0.018 -26"><span class='ocrx_word' id='word_1_266' title='bbox 130 2155 469 2224; x_wconf 87' lang='grc' dir='ltr'>συνάγεσθαι</span> <span class='ocrx_word' id='word_1_267' title='bbox 514 2161 758 2232; x_wconf 79' lang='grc' dir='ltr'>μνήμην.</span> 
     </span>
    </p>
   </div>
   <div class='ocr_carea' id='block_1_38' title="bbox 669 2273 1163 2335">
    <p class='ocr_par' dir='ltr' id='par_1_38' title="bbox 669 2273 1163 2335">
     <span class='ocr_line' id='line_1_38' title="bbox 669 2273 1163 2335; baseline 0.018 -9"><span class='ocrx_word' id='word_1_268' title='bbox 669 2273 1004 2331; x_wconf 83' lang='grc' dir='ltr'><strong>ΕΡΩΤΗΣΙΣ</strong></span> <span class='ocrx_word' id='word_1_269' title='bbox 1034 2277 1163 2335; x_wconf 81' lang='lat' dir='ltr'><strong>KE’.</strong></span> 
     </span>
    </p>
   </div>
   <div class='ocr_carea' id='block_1_39' title="bbox 127 2376 1702 2463">
    <p class='ocr_par' dir='ltr' id='par_1_39' title="bbox 127 2376 1702 2463">
     <span class='ocr_line' id='line_1_39' title="bbox 127 2376 1702 2463; baseline 0.014 -35"><span class='ocrx_word' id='word_1_270' title='bbox 127 2376 308 2463; x_wconf 52' lang='grc' dir='ltr'>ΐίζος</span> <span class='ocrx_word' id='word_1_271' title='bbox 324 2377 365 2445; x_wconf 74' lang='grc' dir='ltr'><strong><em>ἡ</em></strong></span> <span class='ocrx_word' id='word_1_272' title='bbox 386 2380 619 2463; x_wconf 49' lang='lat' dir='ltr'><strong>sanari”)</strong></span> <span class='ocrx_word' id='word_1_273' title='bbox 636 2382 925 2463; x_wconf 72' lang='grc' dir='ltr'>λέγουσαο</span> <span class='ocrx_word' id='word_1_274' title='bbox 943 2407 963 2440; x_wconf 81' lang='grc' dir='ltr'><strong>ι</strong></span> <span class='ocrx_word' id='word_1_275' title='bbox 992 2391 1254 2463; x_wconf 14' lang='grc' dir='ltr'>Τοῦτοίδὲ</span> <span class='ocrx_word' id='word_1_276' title='bbox 1272 2393 1420 2447; x_wconf 71' lang='grc' dir='ltr'>ὅλον</span> <span class='ocrx_word' id='word_1_277' title='bbox 1441 2395 1670 2463; x_wconf 69' lang='grc' dir='ltr'>γέγονε,</span> <span class='ocrx_word' id='word_1_278' title='bbox 1684 2413 1702 2447; x_wconf 73' lang='grc' dir='ltr'><strong>ι</strong></span> 
     </span>
    </p>
   </div>
   <div class='ocr_carea' id='block_1_40' title="bbox 196 2448 1638 2533">
    <p class='ocr_par' dir='ltr' id='par_1_40' title="bbox 196 2448 1638 2533">
     <span class='ocr_line' id='line_1_40' title="bbox 196 2448 1638 2533; baseline 0.019 -36"><span class='ocrx_word' id='word_1_279' title='bbox 196 2448 461 2518; x_wconf 76' lang='grc' dir='ltr'>πότερον</span> <span class='ocrx_word' id='word_1_280' title='bbox 476 2448 1005 2526; x_wconf 57' lang='grc' dir='ltr'>τοῦσυτξραφέως,</span> <span class='ocrx_word' id='word_1_281' title='bbox 1022 2460 1061 2528; x_wconf 79' lang='grc' dir='ltr'><strong><em>ἣ</em></strong></span> <span class='ocrx_word' id='word_1_282' title='bbox 1084 2462 1193 2516; x_wconf 87' lang='grc' dir='ltr'>τοῦ</span> <span class='ocrx_word' id='word_1_283' title='bbox 1218 2448 1638 2533; x_wconf 62' lang='grc' dir='ltr'>Ἄρχαττίόλοω</span> 
     </span>
    </p>
   </div>
   <div class='ocr_carea' id='block_1_41' title="bbox 1819 1988 3391 2073">
    <p class='ocr_par' dir='ltr' id='par_1_41' title="bbox 1819 1988 3391 2073">
     <span class='ocr_line' id='line_1_41' title="bbox 1819 1988 3391 2073; baseline 0.015 -34"><span class='ocrx_word' id='word_1_284' title='bbox 1819 1995 1970 2055; x_wconf 90' lang='lat' dir='ltr'><strong>gesta</strong></span> <span class='ocrx_word' id='word_1_285' title='bbox 1993 1988 2286 2045; x_wconf 84' lang='lat' dir='ltr'><strong>audivisse.</strong></span> <span class='ocrx_word' id='word_1_286' title='bbox 2322 1990 2416 2048; x_wconf 89' lang='lat' dir='ltr'><strong>Est</strong></span> <span class='ocrx_word' id='word_1_287' title='bbox 2440 2004 2623 2051; x_wconf 87' lang='lat' dir='ltr'><strong>autem</strong></span> <span class='ocrx_word' id='word_1_288' title='bbox 2668 1996 2908 2066; x_wconf 79' lang='lat' dir='ltr'><strong>facilius,</strong></span> <span class='ocrx_word' id='word_1_289' title='bbox 2939 2003 2985 2057; x_wconf 91' lang='lat' dir='ltr'><strong>si</strong></span> <span class='ocrx_word' id='word_1_290' title='bbox 3019 2004 3150 2073; x_wconf 90' lang='lat' dir='ltr'><strong>quid</strong></span> <span class='ocrx_word' id='word_1_291' title='bbox 3186 2004 3391 2063; x_wconf 88' lang='lat' dir='ltr'><strong>oblivio</strong></span> 
     </span>
    </p>
   </div>
   <div class='ocr_carea' id='block_1_42' title="bbox 1818 2079 3390 2168">
    <p class='ocr_par' dir='ltr' id='par_1_42' title="bbox 1818 2079 3390 2168">
     <span class='ocr_line' id='line_1_42' title="bbox 1818 2079 3390 2168; baseline 0.012 -34"><span class='ocrx_word' id='word_1_292' title='bbox 1818 2079 1885 2134; x_wconf 90' lang='lat' dir='ltr'><strong>de</strong></span> <span class='ocrx_word' id='word_1_293' title='bbox 1918 2081 2340 2151; x_wconf 81' lang='lat' dir='ltr'><strong>cogitationibus</strong></span> <span class='ocrx_word' id='word_1_294' title='bbox 2371 2087 2573 2143; x_wconf 86' lang='lat' dir='ltr'><strong>nostris</strong></span> <span class='ocrx_word' id='word_1_295' title='bbox 2602 2080 2850 2158; x_wconf 78' lang='lat' dir='ltr'><strong>dctrivit,</strong></span> <span class='ocrx_word' id='word_1_296' title='bbox 2881 2109 2983 2163; x_wconf 88' lang='lat' dir='ltr'><strong>ope</strong></span> <span class='ocrx_word' id='word_1_297' title='bbox 3008 2110 3221 2161; x_wconf 88' lang='lat' dir='ltr'><strong>eorum,</strong></span> <span class='ocrx_word' id='word_1_298' title='bbox 3266 2114 3390 2168; x_wconf 77' lang='lat' dir='ltr'><strong>qua:</strong></span> 
     </span>
    </p>
   </div>
   <div class='ocr_carea' id='block_1_43' title="bbox 1819 2176 3389 2257">
    <p class='ocr_par' dir='ltr' id='par_1_43' title="bbox 1819 2176 3389 2257">
     <span class='ocr_line' id='line_1_43' title="bbox 1819 2176 3389 2257; baseline 0.013 -33"><span class='ocrx_word' id='word_1_299' title='bbox 1819 2184 2000 2225; x_wconf 86' lang='lat' dir='ltr'><strong>coram</strong></span> <span class='ocrx_word' id='word_1_300' title='bbox 2022 2182 2168 2239; x_wconf 88' lang='lat' dir='ltr'><strong>sunt,</strong></span> <span class='ocrx_word' id='word_1_301' title='bbox 2187 2176 2676 2244; x_wconf 69' lang='lat' dir='ltr'><strong>praetermissarum</strong></span> <span class='ocrx_word' id='word_1_302' title='bbox 2700 2185 3016 2238; x_wconf 88' lang='lat' dir='ltr'><strong>memoriam</strong></span> <span class='ocrx_word' id='word_1_303' title='bbox 3042 2201 3389 2257; x_wconf 87' lang='lat' dir='ltr'><strong>recuperare.</strong></span> 
     </span>
    </p>
   </div>
   <div class='ocr_carea' id='block_1_44' title="bbox 2150 2285 3054 2371">
    <p class='ocr_par' dir='ltr' id='par_1_44' title="bbox 2150 2285 3054 2371">
     <span class='ocr_line' id='line_1_44' title="bbox 2150 2285 3054 2371; baseline 0.009 -27"><span class='ocrx_word' id='word_1_304' title='bbox 2150 2285 2480 2353; x_wconf 73' lang='lat' dir='ltr'><strong>QUASSTIO</strong></span> <span class='ocrx_word' id='word_1_305' title='bbox 2518 2291 2663 2345; x_wconf 83' lang='lat' dir='ltr'><strong>xxv</strong></span> <span class='ocrx_word' id='word_1_306' title='bbox 2705 2292 2803 2366; x_wconf 85' lang='grc' dir='ltr'><strong>[αι.</strong></span> <span class='ocrx_word' id='word_1_307' title='bbox 2836 2296 3054 2371; x_wconf 78' lang='lat' dir='ltr'><strong>XXIX].</strong></span> 
     </span>
    </p>
   </div>
   <div class='ocr_carea' id='block_1_45' title="bbox 1817 2391 3387 2469">
    <p class='ocr_par' dir='ltr' id='par_1_45' title="bbox 1817 2391 3387 2469">
     <span class='ocr_line' id='line_1_45' title="bbox 1817 2391 3387 2469; baseline 0.011 -21"><span class='ocrx_word' id='word_1_308' title='bbox 1817 2391 2113 2469; x_wconf 60' lang='lat' dir='ltr'><strong>Cuiusnam</strong></span> <span class='ocrx_word' id='word_1_309' title='bbox 2145 2412 2245 2450; x_wconf 73' lang='lat' dir='ltr'><strong>vos:</strong></span> <span class='ocrx_word' id='word_1_310' title='bbox 2276 2400 2368 2462; x_wconf 79' lang='lat' dir='ltr'><strong>sit,</strong></span> <span class='ocrx_word' id='word_1_311' title='bbox 2403 2417 2521 2469; x_wconf 76' lang='lat' dir='ltr'><strong>qua:</strong></span> <span class='ocrx_word' id='word_1_312' title='bbox 2564 2403 2734 2457; x_wconf 82' lang='lat' dir='ltr'><strong>dicit:</strong></span> <span class='ocrx_word' id='word_1_313' title='bbox 2764 2423 2784 2455; x_wconf 74' lang='grc' dir='ltr'><strong>ι</strong></span> <span class='ocrx_word' id='word_1_314' title='bbox 2826 2403 2941 2459; x_wconf 84' lang='lat' dir='ltr'><strong>Hoc</strong></span> <span class='ocrx_word' id='word_1_315' title='bbox 2990 2418 3167 2461; x_wconf 81' lang='lat' dir='ltr'><strong>autem</strong></span> <span class='ocrx_word' id='word_1_316' title='bbox 3218 2418 3387 2466; x_wconf 76' lang='lat' dir='ltr'><strong>totum</strong></span> 
     </span>
    </p>
   </div>
   <div class='ocr_carea' id='block_1_46' title="bbox 1886 2465 3283 2549">
    <p class='ocr_par' dir='ltr' id='par_1_46' title="bbox 1886 2465 3283 2549">
     <span class='ocr_line' id='line_1_46' title="bbox 1886 2465 3283 2549; baseline 0.015 -33"><span class='ocrx_word' id='word_1_317' title='bbox 1886 2465 2087 2533; x_wconf 69' lang='lat' dir='ltr'><strong>[utam</strong></span> <span class='ocrx_word' id='word_1_318' title='bbox 2118 2476 2195 2521; x_wconf 78' lang='lat' dir='ltr'><strong>est</strong></span> <span class='ocrx_word' id='word_1_319' title='bbox 2221 2469 2265 2499; x_wconf 78' lang='grc'>³⁸</span> <span class='ocrx_word' id='word_1_320' title='bbox 2291 2485 2307 2536; x_wconf 88' lang='grc'>;</span> <span class='ocrx_word' id='word_1_321' title='bbox 2339 2487 2359 2521; x_wconf 75' lang='lat' dir='ltr'><strong>a</strong></span> <span class='ocrx_word' id='word_1_322' title='bbox 2395 2465 2809 2542; x_wconf 67' lang='lat' dir='ltr'><strong>evangelistam,</strong></span> <span class='ocrx_word' id='word_1_323' title='bbox 2840 2493 2911 2529; x_wconf 74' lang='lat' dir='ltr'><strong>an</strong></span> <span class='ocrx_word' id='word_1_324' title='bbox 2941 2479 3283 2549; x_wconf 70' lang='lat' dir='ltr'><strong>archangeli!</strong></span> 
     </span>
    </p>
   </div>
   <div class='ocr_carea' id='block_1_47' title="bbox 1307 2572 2257 2641">
    <p class='ocr_par' dir='ltr' id='par_1_47' title="bbox 1307 2572 2257 2641">
     <span class='ocr_line' id='line_1_47' title="bbox 1307 2572 2257 2641; baseline 0.007 -18"><span class='ocrx_word' id='word_1_325' title='bbox 1307 2572 1529 2625; x_wconf 84' lang='lat' dir='ltr'><strong>Editaab</strong></span> <span class='ocrx_word' id='word_1_326' title='bbox 1556 2578 1671 2626; x_wconf 69' lang='lat' dir='ltr'><strong>am.</strong></span> <span class='ocrx_word' id='word_1_327' title='bbox 1689 2576 1876 2637; x_wconf 82' lang='lat' dir='ltr'><strong>Seotto,</strong></span> <span class='ocrx_word' id='word_1_328' title='bbox 1900 2577 1935 2626; x_wconf 87' lang='grc' dir='ltr'>ι.</span> <span class='ocrx_word' id='word_1_329' title='bbox 1977 2590 2044 2638; x_wconf 91' lang='lat' dir='ltr'><strong>c.,</strong></span> <span class='ocrx_word' id='word_1_330' title='bbox 2072 2593 2121 2641; x_wconf 88' lang='lat' dir='ltr'><strong>p.</strong></span> <span class='ocrx_word' id='word_1_331' title='bbox 2155 2580 2257 2630; x_wconf 66' lang='grc' dir='ltr'>ιο.</span> 
     </span>
    </p>
   </div>
   <div class='ocr_carea' id='block_1_48' title="bbox 195 2664 1705 2754">
    <p class='ocr_par' dir='ltr' id='par_1_48' title="bbox 195 2664 1705 2754">
     <span class='ocr_line' id='line_1_48' title="bbox 195 2664 1705 2754; baseline 0.016 -37"><span class='ocrx_word' id='word_1_332' title='bbox 195 2664 327 2720; x_wconf 86' lang='grc' dir='ltr'><strong>Ὀτι</strong></span> <span class='ocrx_word' id='word_1_333' title='bbox 378 2669 479 2738; x_wconf 68' lang='grc' dir='ltr'>μὲν</span> <span class='ocrx_word' id='word_1_334' title='bbox 534 2672 977 2745; x_wconf 76' lang='grc' dir='ltr'>ἐκπληττομένου</span> <span class='ocrx_word' id='word_1_335' title='bbox 1025 2681 1122 2734; x_wconf 74' lang='grc' dir='ltr'>καὶ</span> <span class='ocrx_word' id='word_1_336' title='bbox 1166 2681 1540 2754; x_wconf 77' lang='grc' dir='ltr'>θαυμάζοντός</span> <span class='ocrx_word' id='word_1_337' title='bbox 1588 2688 1705 2740; x_wconf 73' lang='grc' dir='ltr'>ἐστι</span> 
     </span>
    </p>
   </div>
   <div class='ocr_carea' id='block_1_49' title="bbox 118 2755 1706 2847">
    <p class='ocr_par' dir='ltr' id='par_1_49' title="bbox 118 2755 1706 2847">
     <span class='ocr_line' id='line_1_49' title="bbox 118 2755 1706 2847; baseline 0.018 -40"><span class='ocrx_word' id='word_1_338' title='bbox 118 2755 234 2809; x_wconf 88' lang='grc' dir='ltr'><strong>τῶν</strong></span> <span class='ocrx_word' id='word_1_339' title='bbox 293 2758 496 2829; x_wconf 65' lang='grc' dir='ltr'>ἔργων,</span> <span class='ocrx_word' id='word_1_340' title='bbox 550 2767 645 2817; x_wconf 83' lang='grc' dir='ltr'>καὶ</span> <span class='ocrx_word' id='word_1_341' title='bbox 684 2766 792 2821; x_wconf 88' lang='grc' dir='ltr'><strong>τῶν</strong></span> <span class='ocrx_word' id='word_1_342' title='bbox 819 2768 992 2838; x_wconf 86' lang='grc' dir='ltr'>λόγων</span> <span class='ocrx_word' id='word_1_343' title='bbox 1019 2772 1081 2825; x_wconf 86' lang='grc' dir='ltr'>τὸ</span> <span class='ocrx_word' id='word_1_344' title='bbox 1117 2774 1417 2845; x_wconf 76' lang='grc' dir='ltr'>ὑπερφυὲς,</span> <span class='ocrx_word' id='word_1_345' title='bbox 1458 2778 1597 2847; x_wconf 80' lang='grc' dir='ltr'>αὕτη</span> <span class='ocrx_word' id='word_1_346' title='bbox 1644 2797 1706 2834; x_wconf 83' lang='grc' dir='ltr'><strong>τε</strong></span> 
     </span>
    </p>
   </div>
   <div class='ocr_carea' id='block_1_50' title="bbox 117 2846 1702 2941">
    <p class='ocr_par' dir='ltr' id='par_1_50' title="bbox 117 2846 1702 2941">
     <span class='ocr_line' id='line_1_50' title="bbox 117 2846 1702 2941; baseline 0.018 -45"><span class='ocrx_word' id='word_1_347' title='bbox 117 2846 215 2899; x_wconf 74' lang='grc' dir='ltr'><strong>τοῦ</strong></span> <span class='ocrx_word' id='word_1_348' title='bbox 248 2848 414 2916; x_wconf 88' lang='grc' dir='ltr'>λόγου</span> <span class='ocrx_word' id='word_1_349' title='bbox 446 2854 477 2921; x_wconf 83' lang='grc' dir='ltr'><strong>ή</strong></span> <span class='ocrx_word' id='word_1_350' title='bbox 516 2858 811 2927; x_wconf 79' lang='grc' dir='ltr'>περικοπή.</span> <span class='ocrx_word' id='word_1_351' title='bbox 838 2861 933 2913; x_wconf 81' lang='grc' dir='ltr'>καὶ</span> <span class='ocrx_word' id='word_1_352' title='bbox 958 2862 1068 2914; x_wconf 91' lang='grc' dir='ltr'><strong>τῶν</strong></span> <span class='ocrx_word' id='word_1_353' title='bbox 1092 2865 1427 2939; x_wconf 79' lang='grc' dir='ltr'>όνομάτωνή</span> <span class='ocrx_word' id='word_1_354' title='bbox 1459 2846 1702 2941; x_wconf 71' lang='grc' dir='ltr'>συνθήκη</span> 
     </span>
    </p>
   </div>
   <div class='ocr_carea' id='block_1_51' title="bbox 116 2938 1702 3027">
    <p class='ocr_par' dir='ltr' id='par_1_51' title="bbox 116 2938 1702 3027">
     <span class='ocr_line' id='line_1_51' title="bbox 116 2938 1702 3027; baseline 0.016 -41"><span class='ocrx_word' id='word_1_355' title='bbox 116 2938 429 3008; x_wconf 79' lang='grc' dir='ltr'>παρίστησι</span> <span class='ocrx_word' id='word_1_356' title='bbox 468 2944 680 3011; x_wconf 58' lang='grc' dir='ltr'>σαφῶς,</span> <span class='ocrx_word' id='word_1_357' title='bbox 718 2964 737 2996; x_wconf 74' lang='grc' dir='ltr'><strong>ι</strong></span> <span class='ocrx_word' id='word_1_358' title='bbox 769 2947 941 3001; x_wconf 79' lang='grc' dir='ltr'>Τοῦτο</span> <span class='ocrx_word' id='word_1_359' title='bbox 968 2950 1077 3020; x_wconf 80' lang='grc' dir='ltr'><strong>γὰρ</strong></span> <span class='ocrx_word' id='word_1_360' title='bbox 1105 2952 1227 3006; x_wconf 88' lang='grc' dir='ltr'>ὅλον</span> <span class='ocrx_word' id='word_1_361' title='bbox 1251 2938 1466 3022; x_wconf 83' lang='grc' dir='ltr'>γέγονε,</span> <span class='ocrx_word' id='word_1_362' title='bbox 1498 2976 1516 3009; x_wconf 74' lang='grc' dir='ltr'><strong>ι</strong></span> <span class='ocrx_word' id='word_1_363' title='bbox 1546 2938 1702 3027; x_wconf 68' lang='grc' dir='ltr'>φησι,</span> 
     </span>
    </p>
   </div>
   <div class='ocr_carea' id='block_1_52' title="bbox 114 3024 1705 3107">
    <p class='ocr_par' dir='ltr' id='par_1_52' title="bbox 114 3024 1705 3107">
     <span class='ocr_line' id='line_1_52' title="bbox 114 3024 1705 3107; baseline 0.016 -32"><span class='ocrx_word' id='word_1_364' title='bbox 114 3024 243 3077; x_wconf 83' lang='grc' dir='ltr'>ἀντὶ</span> <span class='ocrx_word' id='word_1_365' title='bbox 275 3027 394 3091; x_wconf 83' lang='grc' dir='ltr'>τοῦ,</span> <span class='ocrx_word' id='word_1_366' title='bbox 420 3028 540 3092; x_wconf 91' lang='grc' dir='ltr'><strong>πῶς</strong></span> <span class='ocrx_word' id='word_1_367' title='bbox 572 3032 693 3085; x_wconf 87' lang='grc' dir='ltr'>ὅλον</span> <span class='ocrx_word' id='word_1_368' title='bbox 711 3035 871 3088; x_wconf 75' lang='grc' dir='ltr'>τοῦτο</span> <span class='ocrx_word' id='word_1_369' title='bbox 899 3039 1173 3107; x_wconf 85' lang='grc' dir='ltr'>προῆλοε;</span> <span class='ocrx_word' id='word_1_370' title='bbox 1202 3042 1347 3107; x_wconf 92' lang='grc' dir='ltr'>Πῶς,</span> <span class='ocrx_word' id='word_1_371' title='bbox 1380 3043 1426 3096; x_wconf 82' lang='grc' dir='ltr'><strong>ὣ</strong></span> <span class='ocrx_word' id='word_1_372' title='bbox 1449 3046 1543 3098; x_wconf 75' lang='grc' dir='ltr'>τοῦ</span> <span class='ocrx_word' id='word_1_373' title='bbox 1569 3046 1705 3100; x_wconf 89' lang='grc' dir='ltr'>θαύ-</span> 
     </span>
    </p>
   </div>
   <div class='ocr_carea' id='block_1_53' title="bbox 116 3120 1701 3203">
    <p class='ocr_par' dir='ltr' id='par_1_53' title="bbox 116 3120 1701 3203">
     <span class='ocr_line' id='line_1_53' title="bbox 116 3120 1701 3203; baseline 0.015 -35"><span class='ocrx_word' id='word_1_374' title='bbox 116 3120 320 3185; x_wconf 73' lang='grc' dir='ltr'>ματοςῑ</span> <span class='ocrx_word' id='word_1_375' title='bbox 354 3121 527 3192; x_wconf 77' lang='grc' dir='ltr'>ἐφάνη</span> <span class='ocrx_word' id='word_1_376' title='bbox 579 3122 640 3175; x_wconf 80' lang='grc' dir='ltr'>τὸ</span> <span class='ocrx_word' id='word_1_377' title='bbox 665 3124 972 3191; x_wconf 74' lang='grc' dir='ltr'>ἔκπληκτον</span> <span class='ocrx_word' id='word_1_378' title='bbox 994 3129 1175 3198; x_wconf 83' lang='grc' dir='ltr'>τοῦτο,</span> <span class='ocrx_word' id='word_1_379' title='bbox 1202 3136 1297 3185; x_wconf 77' lang='grc' dir='ltr'>καὶ</span> <span class='ocrx_word' id='word_1_380' title='bbox 1318 3134 1485 3203; x_wconf 83' lang='grc' dir='ltr'>γέμον</span> <span class='ocrx_word' id='word_1_381' title='bbox 1505 3138 1701 3191; x_wconf 73' lang='grc' dir='ltr'>ἐκστά-</span> 
     </span>
    </p>
   </div>
   <div class='ocr_carea' id='block_1_54' title="bbox 116 3211 1695 3295">
    <p class='ocr_par' dir='ltr' id='par_1_54' title="bbox 116 3211 1695 3295">
     <span class='ocr_line' id='line_1_54' title="bbox 116 3211 1695 3295; baseline 0.014 -37"><span class='ocrx_word' id='word_1_382' title='bbox 116 3224 301 3274; x_wconf 85' lang='grc' dir='ltr'>σεως;</span> <span class='ocrx_word' id='word_1_383' title='bbox 377 3211 503 3274; x_wconf 91' lang='grc' dir='ltr'><strong>Πῶς</strong></span> <span class='ocrx_word' id='word_1_384' title='bbox 556 3214 797 3269; x_wconf 84' lang='grc' dir='ltr'>τοιοῦτον</span> <span class='ocrx_word' id='word_1_385' title='bbox 854 3218 1005 3286; x_wconf 76' lang='grc' dir='ltr'>ἥλιος</span> <span class='ocrx_word' id='word_1_386' title='bbox 1038 3216 1176 3287; x_wconf 75' lang='grc' dir='ltr'>εῐδες</span> <span class='ocrx_word' id='word_1_387' title='bbox 1223 3223 1346 3287; x_wconf 85' lang='grc' dir='ltr'>Πῶς</span> <span class='ocrx_word' id='word_1_388' title='bbox 1387 3226 1695 3295; x_wconf 82' lang='grc' dir='ltr'>ἀνθρώποις</span> 
     </span>
    </p>
   </div>
   <div class='ocr_carea' id='block_1_55' title="bbox 110 3293 1769 3389">
    <p class='ocr_par' dir='ltr' id='par_1_55' title="bbox 110 3293 1769 3389">
     <span class='ocr_line' id='line_1_55' title="bbox 110 3293 1769 3389; baseline 0.016 -42"><span class='ocrx_word' id='word_1_389' title='bbox 110 3299 447 3371; x_wconf 80' lang='grc' dir='ltr'>ἐπεγνώσθη</span> <span class='ocrx_word' id='word_1_390' title='bbox 470 3306 752 3371; x_wconf 74' lang='grc' dir='ltr'>τοιοῦτονς</span> <span class='ocrx_word' id='word_1_391' title='bbox 786 3309 897 3362; x_wconf 80' lang='grc' dir='ltr'><strong>Καὶ</strong></span> <span class='ocrx_word' id='word_1_392' title='bbox 946 3312 1029 3364; x_wconf 84' lang='grc' dir='ltr'>ὅτι</span> <span class='ocrx_word' id='word_1_393' title='bbox 1079 3315 1221 3382; x_wconf 76' lang='grc' dir='ltr'>μετὰ</span> <span class='ocrx_word' id='word_1_394' title='bbox 1258 3316 1319 3368; x_wconf 87' lang='grc' dir='ltr'>τὸ</span> <span class='ocrx_word' id='word_1_395' title='bbox 1358 3293 1699 3389; x_wconf 76' lang='grc' dir='ltr'>ἀνακηρύξαι</span> <span class='ocrx_word' id='word_1_396' title='bbox 1726 3293 1769 3351; x_wconf 77' lang='lat' dir='ltr'>c</span> 
     </span>
    </p>
   </div>
   <div class='ocr_carea' id='block_1_56' title="bbox 108 3390 1701 3480">
    <p class='ocr_par' dir='ltr' id='par_1_56' title="bbox 108 3390 1701 3480">
     <span class='ocr_line' id='line_1_56' title="bbox 108 3390 1701 3480; baseline 0.016 -41"><span class='ocrx_word' id='word_1_397' title='bbox 108 3390 171 3441; x_wconf 83' lang='grc' dir='ltr'><strong>τό</strong></span> <span class='ocrx_word' id='word_1_398' title='bbox 227 3408 297 3443; x_wconf 86' lang='grc' dir='ltr'><strong>τε</strong></span> <span class='ocrx_word' id='word_1_399' title='bbox 342 3393 589 3464; x_wconf 80' lang='grc' dir='ltr'>άσποραν</span> <span class='ocrx_word' id='word_1_400' title='bbox 633 3398 727 3451; x_wconf 84' lang='grc' dir='ltr'>τοῦ</span> <span class='ocrx_word' id='word_1_401' title='bbox 760 3400 944 3467; x_wconf 88' lang='grc' dir='ltr'>τόκου,</span> <span class='ocrx_word' id='word_1_402' title='bbox 997 3405 1094 3458; x_wconf 79' lang='grc' dir='ltr'>καὶ</span> <span class='ocrx_word' id='word_1_403' title='bbox 1138 3407 1238 3476; x_wconf 80' lang='grc' dir='ltr'>τὴν</span> <span class='ocrx_word' id='word_1_404' title='bbox 1280 3410 1343 3460; x_wconf 82' lang='grc' dir='ltr'>ἐκ</span> <span class='ocrx_word' id='word_1_405' title='bbox 1386 3410 1701 3480; x_wconf 85' lang='grc' dir='ltr'>Πνευμάτος</span> 
     </span>
    </p>
   </div>
   <div class='ocr_carea' id='block_1_57' title="bbox 107 3481 1698 3573">
    <p class='ocr_par' dir='ltr' id='par_1_57' title="bbox 107 3481 1698 3573">
     <span class='ocr_line' id='line_1_57' title="bbox 107 3481 1698 3573; baseline 0.016 -43"><span class='ocrx_word' id='word_1_406' title='bbox 107 3481 277 3544; x_wconf 78' lang='grc' dir='ltr'>ἁγίου</span> <span class='ocrx_word' id='word_1_407' title='bbox 333 3484 612 3555; x_wconf 79' lang='grc' dir='ltr'>σύλληψιν,</span> <span class='ocrx_word' id='word_1_408' title='bbox 665 3491 761 3543; x_wconf 75' lang='grc' dir='ltr'>καὶ</span> <span class='ocrx_word' id='word_1_409' title='bbox 790 3492 889 3562; x_wconf 79' lang='grc' dir='ltr'>τὴν</span> <span class='ocrx_word' id='word_1_410' title='bbox 918 3493 1013 3546; x_wconf 81' lang='grc' dir='ltr'>τοῦ</span> <span class='ocrx_word' id='word_1_411' title='bbox 1062 3496 1314 3567; x_wconf 83' lang='grc' dir='ltr'>Σωτῆρος</span> <span class='ocrx_word' id='word_1_412' title='bbox 1360 3499 1581 3568; x_wconf 84' lang='grc' dir='ltr'>κλῆσιν,</span> <span class='ocrx_word' id='word_1_413' title='bbox 1630 3504 1698 3573; x_wconf 77' lang='grc' dir='ltr'>ἣν</span> 
     </span>
    </p>
   </div>
   <div class='ocr_carea' id='block_1_58' title="bbox 106 3569 1699 3653">
    <p class='ocr_par' dir='ltr' id='par_1_58' title="bbox 106 3569 1699 3653">
     <span class='ocr_line' id='line_1_58' title="bbox 106 3569 1699 3653; baseline 0.016 -33"><span class='ocrx_word' id='word_1_414' title='bbox 106 3569 251 3623; x_wconf 79' lang='grc' dir='ltr'>διότι</span> <span class='ocrx_word' id='word_1_415' title='bbox 333 3573 517 3637; x_wconf 80' lang='grc' dir='ltr'>σώζει,</span> <span class='ocrx_word' id='word_1_416' title='bbox 572 3581 930 3649; x_wconf 82' lang='grc' dir='ltr'>προσείληφε,</span> <span class='ocrx_word' id='word_1_417' title='bbox 990 3584 1083 3637; x_wconf 79' lang='grc' dir='ltr'>τὸν</span> <span class='ocrx_word' id='word_1_418' title='bbox 1120 3586 1250 3639; x_wconf 76' lang='grc' dir='ltr'>λαὸν</span> <span class='ocrx_word' id='word_1_419' title='bbox 1280 3589 1466 3653; x_wconf 82' lang='grc' dir='ltr'>αὑτοῦ,</span> <span class='ocrx_word' id='word_1_420' title='bbox 1498 3569 1699 3645; x_wconf 77' lang='grc' dir='ltr'>καὶτό-</span> 
     </span>
    </p>
   </div>
   <div class='ocr_carea' id='block_1_59' title="bbox 104 3662 1697 3748">
    <p class='ocr_par' dir='ltr' id='par_1_59' title="bbox 104 3662 1697 3748">
     <span class='ocr_line' id='line_1_59' title="bbox 104 3662 1697 3748; baseline 0.016 -37"><span class='ocrx_word' id='word_1_421' title='bbox 104 3678 168 3724; x_wconf 71' lang='grc' dir='ltr'><strong>γε</strong></span> <span class='ocrx_word' id='word_1_422' title='bbox 200 3662 311 3714; x_wconf 81' lang='grc' dir='ltr'>οὐκ</span> <span class='ocrx_word' id='word_1_423' title='bbox 332 3664 441 3716; x_wconf 82' lang='grc' dir='ltr'>ἀπό</span> <span class='ocrx_word' id='word_1_424' title='bbox 488 3683 648 3721; x_wconf 89' lang='grc' dir='ltr'>τινων</span> <span class='ocrx_word' id='word_1_425' title='bbox 698 3674 1028 3741; x_wconf 88' lang='grc' dir='ltr'>σωματικῶν</span> <span class='ocrx_word' id='word_1_426' title='bbox 1078 3680 1425 3748; x_wconf 82' lang='grc' dir='ltr'>νοσημάτων,</span> <span class='ocrx_word' id='word_1_427' title='bbox 1472 3676 1555 3743; x_wconf 78' lang='grc' dir='ltr'><strong>οἷς</strong></span> <span class='ocrx_word' id='word_1_428' title='bbox 1600 3684 1697 3736; x_wconf 82' lang='grc' dir='ltr'>καὶ</span> 
     </span>
    </p>
   </div>
   <div class='ocr_carea' id='block_1_60' title="bbox 102 3754 1695 3836">
    <p class='ocr_par' dir='ltr' id='par_1_60' title="bbox 102 3754 1695 3836">
     <span class='ocr_line' id='line_1_60' title="bbox 102 3754 1695 3836; baseline 0.016 -33"><span class='ocrx_word' id='word_1_429' title='bbox 102 3754 325 3824; x_wconf 71' lang='grc' dir='ltr'>ἰατρῶν</span> <span class='ocrx_word' id='word_1_430' title='bbox 354 3756 616 3822; x_wconf 84' lang='grc' dir='ltr'>πολλάκις</span> <span class='ocrx_word' id='word_1_431' title='bbox 650 3764 831 3832; x_wconf 85' lang='grc' dir='ltr'>χεῖρες</span> <span class='ocrx_word' id='word_1_432' title='bbox 862 3767 1200 3836; x_wconf 85' lang='grc' dir='ltr'>ἐπήρκεσαν,</span> <span class='ocrx_word' id='word_1_433' title='bbox 1235 3771 1349 3824; x_wconf 78' lang='grc' dir='ltr'>ἀλλ’</span> <span class='ocrx_word' id='word_1_434' title='bbox 1390 3774 1486 3828; x_wconf 81' lang='grc' dir='ltr'><strong>ἀπ’</strong></span> <span class='ocrx_word' id='word_1_435' title='bbox 1514 3775 1695 3829; x_wconf 85' lang='grc' dir='ltr'>αὐτῶν</span> 
     </span>
    </p>
   </div>
   <div class='ocr_carea' id='block_1_61' title="bbox 101 3845 1693 3933">
    <p class='ocr_par' dir='ltr' id='par_1_61' title="bbox 101 3845 1693 3933">
     <span class='ocr_line' id='line_1_61' title="bbox 101 3845 1693 3933; baseline 0.016 -39"><span class='ocrx_word' id='word_1_436' title='bbox 101 3861 165 3908; x_wconf 87' lang='grc' dir='ltr'><strong>γε</strong></span> <span class='ocrx_word' id='word_1_437' title='bbox 216 3845 327 3915; x_wconf 86' lang='grc' dir='ltr'>τῆς</span> <span class='ocrx_word' id='word_1_438' title='bbox 378 3848 555 3918; x_wconf 64' lang='grc' dir='ltr'>ψυχῆς</span> <span class='ocrx_word' id='word_1_439' title='bbox 601 3852 1054 3924; x_wconf 77' lang='grc' dir='ltr'>ἀρρωστημάτων</span> <span class='ocrx_word' id='word_1_440' title='bbox 1096 3876 1157 3911; x_wconf 90' lang='grc' dir='ltr'><strong>τε</strong></span> <span class='ocrx_word' id='word_1_441' title='bbox 1200 3862 1292 3913; x_wconf 78' lang='grc' dir='ltr'>καὶ</span> <span class='ocrx_word' id='word_1_442' title='bbox 1332 3864 1693 3933; x_wconf 88' lang='grc' dir='ltr'>μολυσμάτων</span> 
     </span>
    </p>
   </div>
   <div class='ocr_carea' id='block_1_62' title="bbox 98 3928 1692 4023">
    <p class='ocr_par' dir='ltr' id='par_1_62' title="bbox 98 3928 1692 4023">
     <span class='ocr_line' id='line_1_62' title="bbox 98 3928 1692 4023; baseline 0.015 -38"><span class='ocrx_word' id='word_1_443' title='bbox 98 3928 173 3986; x_wconf 77' lang='grc' dir='ltr'>ὧν</span> <span class='ocrx_word' id='word_1_444' title='bbox 200 3936 314 3988; x_wconf 83' lang='grc' dir='ltr'>οὐκ</span> <span class='ocrx_word' id='word_1_445' title='bbox 339 3936 487 3992; x_wconf 75' lang='grc' dir='ltr'>ἐστιν</span> <span class='ocrx_word' id='word_1_446' title='bbox 536 3942 717 4011; x_wconf 84' lang='grc' dir='ltr'>εὑρεῖν</span> <span class='ocrx_word' id='word_1_447' title='bbox 748 3946 1045 4017; x_wconf 86' lang='grc' dir='ltr'>καθάρσιον</span> <span class='ocrx_word' id='word_1_448' title='bbox 1087 3948 1213 4003; x_wconf 75' lang='grc' dir='ltr'>οὔτε</span> <span class='ocrx_word' id='word_1_449' title='bbox 1260 3928 1394 4021; x_wconf 83' lang='grc' dir='ltr'>ἴαμα</span> <span class='ocrx_word' id='word_1_450' title='bbox 1416 3928 1517 4023; x_wconf 79' lang='grc' dir='ltr'><strong>τῆς</strong></span> <span class='ocrx_word' id='word_1_451' title='bbox 1541 3954 1692 4020; x_wconf 84' lang='grc' dir='ltr'>θείας</span> 
     </span>
    </p>
   </div>
   <div class='ocr_carea' id='block_1_63' title="bbox 98 4027 1690 4113">
    <p class='ocr_par' dir='ltr' id='par_1_63' title="bbox 98 4027 1690 4113">
     <span class='ocr_line' id='line_1_63' title="bbox 98 4027 1690 4113; baseline 0.017 -38"><span class='ocrx_word' id='word_1_452' title='bbox 98 4027 279 4095; x_wconf 79' lang='grc' dir='ltr'>χωρὶς</span> <span class='ocrx_word' id='word_1_453' title='bbox 302 4029 593 4098; x_wconf 87' lang='grc' dir='ltr'>εὐμενείας</span> <span class='ocrx_word' id='word_1_454' title='bbox 618 4050 677 4085; x_wconf 86' lang='grc' dir='ltr'><strong>τε</strong></span> <span class='ocrx_word' id='word_1_455' title='bbox 732 4038 830 4089; x_wconf 76' lang='grc' dir='ltr'>καὶ</span> <span class='ocrx_word' id='word_1_456' title='bbox 886 4040 1216 4105; x_wconf 83' lang='grc' dir='ltr'>ὲπινεύσεως</span> <span class='ocrx_word' id='word_1_457' title='bbox 1250 4058 1266 4075; x_wconf 87' lang='grc'><strong>·</strong></span> <span class='ocrx_word' id='word_1_458' title='bbox 1306 4044 1396 4097; x_wconf 87' lang='grc' dir='ltr'>διὰ</span> <span class='ocrx_word' id='word_1_459' title='bbox 1448 4046 1580 4113; x_wconf 83' lang='grc' dir='ltr'>γοῦν</span> <span class='ocrx_word' id='word_1_460' title='bbox 1628 4049 1690 4101; x_wconf 83' lang='grc' dir='ltr'>τὸ</span> 
     </span>
    </p>
   </div>
   <div class='ocr_carea' id='block_1_64' title="bbox 96 4116 1685 4210">
    <p class='ocr_par' dir='ltr' id='par_1_64' title="bbox 96 4116 1685 4210">
     <span class='ocr_line' id='line_1_64' title="bbox 96 4116 1685 4210; baseline 0.018 -46"><span class='ocrx_word' id='word_1_461' title='bbox 96 4116 287 4168; x_wconf 74' lang='grc' dir='ltr'>εἰπεῖν</span> <span class='ocrx_word' id='word_1_462' title='bbox 308 4118 379 4170; x_wconf 84' lang='grc' dir='ltr'>τὰ</span> <span class='ocrx_word' id='word_1_463' title='bbox 410 4121 697 4190; x_wconf 75' lang='grc' dir='ltr'>εἰρημένα,</span> <span class='ocrx_word' id='word_1_464' title='bbox 736 4126 831 4178; x_wconf 75' lang='grc' dir='ltr'>καὶ</span> <span class='ocrx_word' id='word_1_465' title='bbox 874 4127 971 4197; x_wconf 84' lang='grc' dir='ltr'><strong>τὴν</strong></span> <span class='ocrx_word' id='word_1_466' title='bbox 1005 4130 1099 4183; x_wconf 86' lang='grc' dir='ltr'>τοῦ</span> <span class='ocrx_word' id='word_1_467' title='bbox 1134 4132 1411 4203; x_wconf 82' lang='grc' dir='ltr'>Σωτῆρος,</span> <span class='ocrx_word' id='word_1_468' title='bbox 1440 4138 1548 4191; x_wconf 84' lang='grc' dir='ltr'><strong>ἀπὸ</strong></span> <span class='ocrx_word' id='word_1_469' title='bbox 1584 4141 1685 4210; x_wconf 87' lang='grc' dir='ltr'>τῆς</span> 
     </span>
    </p>
   </div>
   <div class='ocr_carea' id='block_1_65' title="bbox 93 4207 1687 4291">
    <p class='ocr_par' dir='ltr' id='par_1_65' title="bbox 93 4207 1687 4291">
     <span class='ocr_line' id='line_1_65' title="bbox 93 4207 1687 4291; baseline 0.017 -35"><span class='ocrx_word' id='word_1_470' title='bbox 93 4207 296 4275; x_wconf 84' lang='grc' dir='ltr'>κοινῆς</span> <span class='ocrx_word' id='word_1_471' title='bbox 320 4208 641 4278; x_wconf 84' lang='grc' dir='ltr'>εὐεργεσίας</span> <span class='ocrx_word' id='word_1_472' title='bbox 659 4212 1153 4283; x_wconf 76' lang='grc' dir='ltr'>όνομασίαν,εὑθὺς</span> <span class='ocrx_word' id='word_1_473' title='bbox 1178 4223 1447 4291; x_wconf 70' lang='grc' dir='ltr'>ἐπήγαγε·</span> <span class='ocrx_word' id='word_1_474' title='bbox 1474 4245 1492 4278; x_wconf 83' lang='grc' dir='ltr'><strong>ι</strong></span> <span class='ocrx_word' id='word_1_475' title='bbox 1516 4207 1687 4283; x_wconf 80' lang='grc' dir='ltr'>Τοῦτο</span> 
     </span>
    </p>
   </div>
   <div class='ocr_carea' id='block_1_66' title="bbox 90 4294 1682 4391">
    <p class='ocr_par' dir='ltr' id='par_1_66' title="bbox 90 4294 1682 4391">
     <span class='ocr_line' id='line_1_66' title="bbox 90 4294 1682 4391; baseline 0.017 -44"><span class='ocrx_word' id='word_1_476' title='bbox 90 4294 149 4347; x_wconf 73' lang='grc' dir='ltr'>δὲ</span> <span class='ocrx_word' id='word_1_477' title='bbox 170 4296 309 4348; x_wconf 84' lang='grc' dir='ltr'>ὅλον</span> <span class='ocrx_word' id='word_1_478' title='bbox 337 4298 529 4365; x_wconf 81' lang='grc' dir='ltr'>γέγονε</span> <span class='ocrx_word' id='word_1_479' title='bbox 561 4302 647 4355; x_wconf 75' lang='grc' dir='ltr'>ἵνα</span> <span class='ocrx_word' id='word_1_480' title='bbox 674 4300 935 4377; x_wconf 82' lang='grc' dir='ltr'>πληρωθῇ</span> <span class='ocrx_word' id='word_1_481' title='bbox 952 4310 1010 4361; x_wconf 84' lang='grc' dir='ltr'>τὸ</span> <span class='ocrx_word' id='word_1_482' title='bbox 1042 4310 1204 4378; x_wconf 75' lang='grc' dir='ltr'>ῥηθὲν</span> <span class='ocrx_word' id='word_1_483' title='bbox 1226 4314 1330 4366; x_wconf 82' lang='grc' dir='ltr'><strong>ὑπὸ</strong></span> <span class='ocrx_word' id='word_1_484' title='bbox 1358 4316 1453 4369; x_wconf 82' lang='grc' dir='ltr'>τοῦ</span> <span class='ocrx_word' id='word_1_485' title='bbox 1476 4320 1682 4391; x_wconf 82' lang='grc' dir='ltr'>Κυρίου</span> 
     </span>
    </p>
   </div>
   <div class='ocr_carea' id='block_1_67' title="bbox 89 4387 1683 4481">
    <p class='ocr_par' dir='ltr' id='par_1_67' title="bbox 89 4387 1683 4481">
     <span class='ocr_line' id='line_1_67' title="bbox 89 4387 1683 4481; baseline 0.018 -43"><span class='ocrx_word' id='word_1_486' title='bbox 89 4387 179 4441; x_wconf 72' lang='grc' dir='ltr'>διὰ</span> <span class='ocrx_word' id='word_1_487' title='bbox 214 4388 319 4441; x_wconf 78' lang='grc' dir='ltr'>τοῦ</span> <span class='ocrx_word' id='word_1_488' title='bbox 369 4395 648 4463; x_wconf 79' lang='grc' dir='ltr'>προφήτου</span> <span class='ocrx_word' id='word_1_489' title='bbox 682 4396 929 4464; x_wconf 77' lang='grc' dir='ltr'>λέγοντος</span> <span class='ocrx_word' id='word_1_490' title='bbox 962 4418 977 4431; x_wconf 77' lang='grc' dir='ltr'><strong>ο</strong></span> <span class='ocrx_word' id='word_1_491' title='bbox 1008 4420 1025 4451; x_wconf 83' lang='grc' dir='ltr'><strong>ι</strong></span> <span class='ocrx_word' id='word_1_492' title='bbox 1074 4404 1204 4457; x_wconf 88' lang='grc' dir='ltr'>Ἰδοὺ</span> <span class='ocrx_word' id='word_1_493' title='bbox 1250 4408 1284 4476; x_wconf 85' lang='grc' dir='ltr'>ή</span> <span class='ocrx_word' id='word_1_494' title='bbox 1310 4387 1586 4481; x_wconf 81' lang='grc' dir='ltr'>Παρθένος</span> <span class='ocrx_word' id='word_1_495' title='bbox 1622 4414 1683 4468; x_wconf 70' lang='grc' dir='ltr'>ιν</span> 
     </span>
    </p>
   </div>
   <div class='ocr_carea' id='block_1_68' title="bbox 90 4480 1680 4573">
    <p class='ocr_par' dir='ltr' id='par_1_68' title="bbox 90 4480 1680 4573">
     <span class='ocr_line' id='line_1_68' title="bbox 90 4480 1680 4573; baseline 0.017 -44"><span class='ocrx_word' id='word_1_496' title='bbox 90 4480 305 4549; x_wconf 73' lang='grc' dir='ltr'>γαστρὶ</span> <span class='ocrx_word' id='word_1_497' title='bbox 334 4481 468 4547; x_wconf 75' lang='grc' dir='ltr'>ἕξει,</span> <span class='ocrx_word' id='word_1_498' title='bbox 501 4487 593 4536; x_wconf 79' lang='grc' dir='ltr'>καὶ</span> <span class='ocrx_word' id='word_1_499' title='bbox 609 4487 821 4550; x_wconf 80' lang='grc' dir='ltr'>τέξεται</span> <span class='ocrx_word' id='word_1_500' title='bbox 840 4491 974 4550; x_wconf 85' lang='grc' dir='ltr'>υἱὸν.</span> <span class='ocrx_word' id='word_1_501' title='bbox 996 4494 1091 4546; x_wconf 78' lang='grc' dir='ltr'>καὶ</span> <span class='ocrx_word' id='word_1_502' title='bbox 1112 4480 1406 4551; x_wconf 14' lang='grc' dir='ltr'>καλέσουσιί</span> <span class='ocrx_word' id='word_1_503' title='bbox 1428 4500 1488 4553; x_wconf 77' lang='grc' dir='ltr'><strong>τὸ</strong></span> <span class='ocrx_word' id='word_1_504' title='bbox 1507 4502 1680 4573; x_wconf 80' lang='grc' dir='ltr'>δνομα</span> 
     </span>
    </p>
   </div>
   <div class='ocr_carea' id='block_1_69' title="bbox 87 4574 1745 4663">
    <p class='ocr_par' dir='ltr' id='par_1_69' title="bbox 87 4574 1745 4663">
     <span class='ocr_line' id='line_1_69' title="bbox 87 4574 1745 4663; baseline 0.015 -39"><span class='ocrx_word' id='word_1_505' title='bbox 87 4575 266 4627; x_wconf 79' lang='grc' dir='ltr'>αὐτοῦ</span> <span class='ocrx_word' id='word_1_506' title='bbox 319 4574 683 4648; x_wconf 83' lang='grc' dir='ltr'>Ἐμμανουήλ.</span> <span class='ocrx_word' id='word_1_507' title='bbox 713 4598 733 4631; x_wconf 77' lang='grc' dir='ltr'><strong>ι</strong></span> <span class='ocrx_word' id='word_1_508' title='bbox 783 4582 939 4635; x_wconf 80' lang='grc' dir='ltr'>Ἀλλὰ</span> <span class='ocrx_word' id='word_1_509' title='bbox 978 4584 1061 4637; x_wconf 80' lang='grc' dir='ltr'>ὅτι</span> <span class='ocrx_word' id='word_1_510' title='bbox 1094 4587 1194 4655; x_wconf 82' lang='grc' dir='ltr'>μὲν</span> <span class='ocrx_word' id='word_1_511' title='bbox 1234 4590 1673 4663; x_wconf 79' lang='grc' dir='ltr'>ἐκπληττομένου</span> <span class='ocrx_word' id='word_1_512' title='bbox 1706 4608 1745 4663; x_wconf 68' lang='grc' dir='ltr'><strong>,ς</strong></span> 
     </span>
    </p>
   </div>
   <div class='ocr_carea' id='block_1_70' title="bbox 85 4665 1674 4757">
    <p class='ocr_par' dir='ltr' id='par_1_70' title="bbox 85 4665 1674 4757">
     <span class='ocr_line' id='line_1_70' title="bbox 85 4665 1674 4757; baseline 0.015 -42"><span class='ocrx_word' id='word_1_513' title='bbox 85 4681 168 4728; x_wconf 86' lang='grc' dir='ltr'><strong>τε,</strong></span> <span class='ocrx_word' id='word_1_514' title='bbox 200 4666 311 4718; x_wconf 82' lang='grc' dir='ltr'>καὶ</span> <span class='ocrx_word' id='word_1_515' title='bbox 348 4665 720 4737; x_wconf 77' lang='grc' dir='ltr'>θαυμάζοντος</span> <span class='ocrx_word' id='word_1_516' title='bbox 765 4671 884 4725; x_wconf 68' lang='grc' dir='ltr'>ἐστὶ</span> <span class='ocrx_word' id='word_1_517' title='bbox 914 4674 974 4727; x_wconf 78' lang='grc' dir='ltr'>τὸ</span> <span class='ocrx_word' id='word_1_518' title='bbox 1024 4676 1253 4747; x_wconf 76' lang='grc' dir='ltr'>ἄπειρον</span> <span class='ocrx_word' id='word_1_519' title='bbox 1313 4682 1550 4750; x_wconf 72' lang='grc' dir='ltr'>πέλαγος</span> <span class='ocrx_word' id='word_1_520' title='bbox 1573 4687 1674 4757; x_wconf 85' lang='grc' dir='ltr'>τῆς</span> 
     </span>
    </p>
   </div>
   <div class='ocr_carea' id='block_1_71' title="bbox 84 4756 1669 4849">
    <p class='ocr_par' dir='ltr' id='par_1_71' title="bbox 84 4756 1669 4849">
     <span class='ocr_line' id='line_1_71' title="bbox 84 4756 1669 4849; baseline 0.017 -44"><span class='ocrx_word' id='word_1_521' title='bbox 84 4757 217 4824; x_wconf 75' lang='grc' dir='ltr'>περὶ</span> <span class='ocrx_word' id='word_1_522' title='bbox 250 4756 319 4807; x_wconf 80' lang='grc' dir='ltr'>τὸ</span> <span class='ocrx_word' id='word_1_523' title='bbox 368 4756 706 4828; x_wconf 83' lang='grc' dir='ltr'>ἀνθρώπινον</span> <span class='ocrx_word' id='word_1_524' title='bbox 746 4762 901 4829; x_wconf 85' lang='grc' dir='ltr'>γένος</span> <span class='ocrx_word' id='word_1_525' title='bbox 943 4767 1199 4835; x_wconf 88' lang='grc' dir='ltr'>προνοίας</span> <span class='ocrx_word' id='word_1_526' title='bbox 1242 4770 1276 4839; x_wconf 77' lang='grc' dir='ltr'><strong>ἠ</strong></span> <span class='ocrx_word' id='word_1_527' title='bbox 1336 4756 1669 4849; x_wconf 70' lang='grc' dir='ltr'>προκειμένη</span> 
     </span>
    </p>
   </div>
   <div class='ocr_carea' id='block_1_72' title="bbox 82 4848 546 4919">
    <p class='ocr_par' dir='ltr' id='par_1_72' title="bbox 82 4848 546 4919">
     <span class='ocr_line' id='line_1_72' title="bbox 82 4848 546 4919; baseline 0.011 -19"><span class='ocrx_word' id='word_1_528' title='bbox 82 4848 265 4919; x_wconf 78' lang='grc' dir='ltr'>φωνὴ,</span> <span class='ocrx_word' id='word_1_529' title='bbox 294 4850 546 4919; x_wconf 84' lang='grc' dir='ltr'>φανερόν.</span> 
     </span>
    </p>
   </div>
   <div class='ocr_carea' id='block_1_73' title="bbox 149 5026 1669 5110">
    <p class='ocr_par' dir='ltr' id='par_1_73' title="bbox 149 5026 1669 5110">
     <span class='ocr_line' id='line_1_73' title="bbox 149 5026 1669 5110; baseline 0.017 -33"><span class='ocrx_word' id='word_1_530' title='bbox 149 5026 225 5078; x_wconf 73' lang='lat' dir='ltr'><strong>Et</strong></span> <span class='ocrx_word' id='word_1_531' title='bbox 252 5042 317 5078; x_wconf 81' lang='grc' dir='ltr'><strong>τε</strong></span> <span class='ocrx_word' id='word_1_532' title='bbox 353 5026 413 5079; x_wconf 74' lang='grc' dir='ltr'>δὲ</span> <span class='ocrx_word' id='word_1_533' title='bbox 460 5029 665 5102; x_wconf 88' lang='grc' dir='ltr'>ταύτην</span> <span class='ocrx_word' id='word_1_534' title='bbox 719 5032 787 5087; x_wconf 80' lang='grc' dir='ltr'>ἂν</span> <span class='ocrx_word' id='word_1_535' title='bbox 848 5031 1047 5093; x_wconf 81' lang='grc' dir='ltr'>εἷπενό</span> <span class='ocrx_word' id='word_1_536' title='bbox 1094 5042 1350 5110; x_wconf 75' lang='grc' dir='ltr'>ἄγγελος,</span> <span class='ocrx_word' id='word_1_537' title='bbox 1406 5046 1461 5098; x_wconf 85' lang='grc' dir='ltr'>ετ</span> <span class='ocrx_word' id='word_1_538' title='bbox 1480 5064 1539 5102; x_wconf 91' lang='grc' dir='ltr'><strong>τε</strong></span> <span class='ocrx_word' id='word_1_539' title='bbox 1571 5048 1669 5103; x_wconf 78' lang='grc' dir='ltr'>καὶ</span> 
     </span>
    </p>
   </div>
   <div class='ocr_carea' id='block_1_74' title="bbox 74 5116 1664 5208">
    <p class='ocr_par' dir='ltr' id='par_1_74' title="bbox 74 5116 1664 5208">
     <span class='ocr_line' id='line_1_74' title="bbox 74 5116 1664 5208; baseline 0.017 -42"><span class='ocrx_word' id='word_1_540' title='bbox 74 5116 247 5178; x_wconf 67' lang='grc' dir='ltr'>αὐτὸς</span> <span class='ocrx_word' id='word_1_541' title='bbox 271 5119 302 5170; x_wconf 86' lang='grc' dir='ltr'>ὁ</span> <span class='ocrx_word' id='word_1_542' title='bbox 327 5120 736 5195; x_wconf 76' lang='grc' dir='ltr'>εύαγγελιστὴς,</span> <span class='ocrx_word' id='word_1_543' title='bbox 769 5126 1026 5199; x_wconf 78' lang='grc' dir='ltr'>οὐδεμίαν</span> <span class='ocrx_word' id='word_1_544' title='bbox 1045 5132 1339 5205; x_wconf 73' lang='grc' dir='ltr'>ἐλάττωσιν</span> <span class='ocrx_word' id='word_1_545' title='bbox 1362 5137 1664 5208; x_wconf 77' lang='grc' dir='ltr'>οὐδετέρω-</span> 
     </span>
    </p>
   </div>
   <div class='ocr_carea' id='block_1_75' title="bbox 74 5207 1657 5302">
    <p class='ocr_par' dir='ltr' id='par_1_75' title="bbox 74 5207 1657 5302">
     <span class='ocr_line' id='line_1_75' title="bbox 74 5207 1657 5302; baseline 0.018 -45"><span class='ocrx_word' id='word_1_546' title='bbox 74 5207 168 5259; x_wconf 78' lang='grc' dir='ltr'><strong>θεν</strong></span> <span class='ocrx_word' id='word_1_547' title='bbox 222 5208 300 5261; x_wconf 81' lang='grc' dir='ltr'>τὰ</span> <span class='ocrx_word' id='word_1_548' title='bbox 342 5210 499 5279; x_wconf 86' lang='grc' dir='ltr'>λόγια</span> <span class='ocrx_word' id='word_1_549' title='bbox 542 5216 903 5287; x_wconf 74' lang='grc' dir='ltr'>ἐπιδέχονται.</span> <span class='ocrx_word' id='word_1_550' title='bbox 972 5223 1053 5277; x_wconf 82' lang='grc' dir='ltr'>Τά</span> <span class='ocrx_word' id='word_1_551' title='bbox 1101 5224 1207 5295; x_wconf 80' lang='grc' dir='ltr'>μὲν</span> <span class='ocrx_word' id='word_1_552' title='bbox 1266 5226 1374 5299; x_wconf 75' lang='grc' dir='ltr'><strong>γάρ</strong></span> <span class='ocrx_word' id='word_1_553' title='bbox 1411 5207 1657 5302; x_wconf 78' lang='grc' dir='ltr'>μεγάλην</span> 
     </span>
    </p>
   </div>
   <div class='ocr_carea' id='block_1_76' title="bbox 72 5300 1658 5391">
    <p class='ocr_par' dir='ltr' id='par_1_76' title="bbox 72 5300 1658 5391">
     <span class='ocr_line' id='line_1_76' title="bbox 72 5300 1658 5391; baseline 0.018 -43"><span class='ocrx_word' id='word_1_554' title='bbox 72 5301 200 5351; x_wconf 70' lang='grc' dir='ltr'>τινὰ</span> <span class='ocrx_word' id='word_1_555' title='bbox 250 5300 411 5364; x_wconf 80' lang='grc' dir='ltr'>τάξιν</span> <span class='ocrx_word' id='word_1_556' title='bbox 431 5303 621 5373; x_wconf 70' lang='grc' dir='ltr'>ἔχοντα</span> <span class='ocrx_word' id='word_1_557' title='bbox 654 5310 930 5377; x_wconf 83' lang='grc' dir='ltr'>πολλάκις,</span> <span class='ocrx_word' id='word_1_558' title='bbox 964 5314 1123 5368; x_wconf 82' lang='grc' dir='ltr'>είωθε</span> <span class='ocrx_word' id='word_1_559' title='bbox 1165 5317 1260 5370; x_wconf 79' lang='grc' dir='ltr'>καὶ</span> <span class='ocrx_word' id='word_1_560' title='bbox 1293 5321 1359 5372; x_wconf 69' lang='grc' dir='ltr'>ἐκ</span> <span class='ocrx_word' id='word_1_561' title='bbox 1400 5320 1502 5391; x_wconf 83' lang='grc' dir='ltr'>τῆς</span> <span class='ocrx_word' id='word_1_562' title='bbox 1548 5300 1658 5377; x_wconf 52' lang='grc' dir='ltr'>τιῖδν</span> 
     </span>
    </p>
   </div>
   <div class='ocr_carea' id='block_1_77' title="bbox 71 5387 1656 5484">
    <p class='ocr_par' dir='ltr' id='par_1_77' title="bbox 71 5387 1656 5484">
     <span class='ocr_line' id='line_1_77' title="bbox 71 5387 1656 5484; baseline 0.018 -46"><span class='ocrx_word' id='word_1_563' title='bbox 71 5387 397 5453; x_wconf 77' lang='grc' dir='ltr'>προσώπων</span> <span class='ocrx_word' id='word_1_564' title='bbox 418 5393 696 5463; x_wconf 83' lang='grc' dir='ltr'>ποιότητος</span> <span class='ocrx_word' id='word_1_565' title='bbox 706 5400 1144 5471; x_wconf 76' lang='grc' dir='ltr'>προσλαμϐάνειν</span> <span class='ocrx_word' id='word_1_566' title='bbox 1156 5406 1254 5478; x_wconf 81' lang='grc' dir='ltr'>τὴν</span> <span class='ocrx_word' id='word_1_567' title='bbox 1272 5387 1519 5479; x_wconf 72' lang='grc' dir='ltr'>αὔξησινο</span> <span class='ocrx_word' id='word_1_568' title='bbox 1538 5410 1575 5465; x_wconf 72' lang='grc' dir='ltr'>ἃ</span> <span class='ocrx_word' id='word_1_569' title='bbox 1590 5412 1656 5484; x_wconf 80' lang='grc' dir='ltr'>δὴ</span> 
     </span>
    </p>
   </div>
   <div class='ocr_carea' id='block_1_78' title="bbox 140 5616 1642 5705">
    <p class='ocr_par' dir='ltr' id='par_1_78' title="bbox 140 5616 1642 5705">
     <span class='ocr_line' id='line_1_78' title="bbox 140 5616 1642 5705; baseline 0.013 -31"><span class='ocrx_word' id='word_1_570' title='bbox 140 5616 285 5705; x_wconf 48' lang='grc' dir='ltr'><strong>(μ)ὶέ</strong></span> <span class='ocrx_word' id='word_1_571' title='bbox 306 5618 471 5705; x_wconf 65' lang='lat' dir='ltr'><strong>Hosti</strong></span> <span class='ocrx_word' id='word_1_572' title='bbox 496 5624 704 5705; x_wconf 72' lang='lat' dir='ltr'><strong>scilicet</strong></span> <span class='ocrx_word' id='word_1_573' title='bbox 736 5637 800 5705; x_wconf 63' lang='lat' dir='ltr'><strong>et</strong></span> <span class='ocrx_word' id='word_1_574' title='bbox 842 5631 1093 5705; x_wconf 76' lang='lat' dir='ltr'><strong>mangnni</strong></span> <span class='ocrx_word' id='word_1_575' title='bbox 1112 5633 1348 5705; x_wconf 68' lang='lat' dir='ltr'><strong>generis</strong></span> <span class='ocrx_word' id='word_1_576' title='bbox 1378 5635 1601 5693; x_wconf 85' lang='lat' dir='ltr'><strong>humani</strong></span> <span class='ocrx_word' id='word_1_577' title='bbox 1626 5655 1642 5705; x_wconf 91' lang='lat'><strong>;</strong></span> 
     </span>
    </p>
   </div>
   <div class='ocr_carea' id='block_1_79' title="bbox 64 5689 1643 5765">
    <p class='ocr_par' dir='ltr' id='par_1_79' title="bbox 64 5689 1643 5765">
     <span class='ocr_line' id='line_1_79' title="bbox 64 5689 1643 5765; baseline 0.013 -21"><span class='ocrx_word' id='word_1_578' title='bbox 64 5698 126 5744; x_wconf 78' lang='lat' dir='ltr'><strong>ut</strong></span> <span class='ocrx_word' id='word_1_579' title='bbox 159 5689 223 5744; x_wconf 85' lang='lat' dir='ltr'><strong>in</strong></span> <span class='ocrx_word' id='word_1_580' title='bbox 255 5690 693 5757; x_wconf 66' lang='lat' dir='ltr'><strong>precedentibus</strong></span> <span class='ocrx_word' id='word_1_581' title='bbox 741 5689 1170 5757; x_wconf 45' lang='lat' dir='ltr'><strong>Pliotius&#39;dixit‘:</strong></span> <span class='ocrx_word' id='word_1_582' title='bbox 1228 5702 1341 5760; x_wconf 83' lang='lat' dir='ltr'><strong>Nisi</strong></span> <span class='ocrx_word' id='word_1_583' title='bbox 1388 5689 1643 5765; x_wconf 29' lang='lat' dir='ltr'><strong>enim-ita</strong></span> 
     </span>
    </p>
   </div>
   <div class='ocr_carea' id='block_1_80' title="bbox 133 5802 625 5873">
    <p class='ocr_par' dir='ltr' id='par_1_80' title="bbox 133 5802 625 5873">
     <span class='ocr_line' id='line_1_80' title="bbox 133 5802 625 5873; baseline 0.016 -16"><span class='ocrx_word' id='word_1_584' title='bbox 133 5805 187 5839; x_wconf 72' lang='lat'><strong>&quot;</strong></span> <span class='ocrx_word' id='word_1_585' title='bbox 228 5802 425 5862; x_wconf 79' lang='lat' dir='ltr'><strong>\latth.</strong></span> <span class='ocrx_word' id='word_1_586' title='bbox 462 5822 503 5873; x_wconf 86' lang='grc' dir='ltr'><strong>ι,</strong></span> <span class='ocrx_word' id='word_1_587' title='bbox 532 5807 625 5865; x_wconf 73' lang='lat'><strong>22.</strong></span> 
     </span>
    </p>
   </div>
   <div class='ocr_carea' id='block_1_81' title="bbox 1872 2685 3385 2765">
    <p class='ocr_par' dir='ltr' id='par_1_81' title="bbox 1872 2685 3385 2765">
     <span class='ocr_line' id='line_1_81' title="bbox 1872 2685 3385 2765; baseline 0.017 -24"><span class='ocrx_word' id='word_1_588' title='bbox 1872 2685 2028 2754; x_wconf 85' lang='lat' dir='ltr'><strong>Quod</strong></span> <span class='ocrx_word' id='word_1_589' title='bbox 2058 2692 2415 2760; x_wconf 89' lang='lat' dir='ltr'><strong>stupescentis</strong></span> <span class='ocrx_word' id='word_1_590' title='bbox 2444 2695 2631 2764; x_wconf 86' lang='lat' dir='ltr'><strong>animi,</strong></span> <span class='ocrx_word' id='word_1_591' title='bbox 2652 2706 2706 2753; x_wconf 90' lang='lat' dir='ltr'><strong>et</strong></span> <span class='ocrx_word' id='word_1_592' title='bbox 2735 2698 3002 2759; x_wconf 83' lang='lat' dir='ltr'><strong>factorum</strong></span> <span class='ocrx_word' id='word_1_593' title='bbox 3057 2709 3385 2765; x_wconf 87' lang='lat' dir='ltr'><strong>verborum-</strong></span> 
     </span>
    </p>
   </div>
   <div class='ocr_carea' id='block_1_82' title="bbox 1799 2782 3381 2867">
    <p class='ocr_par' dir='ltr' id='par_1_82' title="bbox 1799 2782 3381 2867">
     <span class='ocr_line' id='line_1_82' title="bbox 1799 2782 3381 2867; baseline 0.017 -35"><span class='ocrx_word' id='word_1_594' title='bbox 1799 2795 1905 2849; x_wconf 88' lang='lat' dir='ltr'><strong>que</strong></span> <span class='ocrx_word' id='word_1_595' title='bbox 1960 2782 2297 2840; x_wconf 82' lang='lat' dir='ltr'><strong>nobilitatem</strong></span> <span class='ocrx_word' id='word_1_596' title='bbox 2352 2787 2675 2845; x_wconf 86' lang='lat' dir='ltr'><strong>admirantis</strong></span> <span class='ocrx_word' id='word_1_597' title='bbox 2720 2807 2784 2847; x_wconf 89' lang='lat' dir='ltr'><strong>ea</strong></span> <span class='ocrx_word' id='word_1_598' title='bbox 2830 2795 2903 2850; x_wconf 88' lang='lat' dir='ltr'><strong>sit</strong></span> <span class='ocrx_word' id='word_1_599' title='bbox 2936 2811 3081 2867; x_wconf 76' lang='lat' dir='ltr'><strong>vos;</strong></span> <span class='ocrx_word' id='word_1_600' title='bbox 3128 2802 3381 2859; x_wconf 84' lang='lat' dir='ltr'><strong>sublimis</strong></span> 
     </span>
    </p>
   </div>
   <div class='ocr_carea' id='block_1_83' title="bbox 1800 2871 3379 2960">
    <p class='ocr_par' dir='ltr' id='par_1_83' title="bbox 1800 2871 3379 2960">
     <span class='ocr_line' id='line_1_83' title="bbox 1800 2871 3379 2960; baseline 0.018 -36"><span class='ocrx_word' id='word_1_601' title='bbox 1800 2871 1917 2940; x_wconf 87' lang='lat' dir='ltr'><strong>ipsa</strong></span> <span class='ocrx_word' id='word_1_602' title='bbox 1967 2875 2235 2931; x_wconf 86' lang='lat' dir='ltr'><strong>orationis</strong></span> <span class='ocrx_word' id='word_1_603' title='bbox 2288 2880 2574 2948; x_wconf 89' lang='lat' dir='ltr'><strong>particula,</strong></span> <span class='ocrx_word' id='word_1_604' title='bbox 2620 2885 3018 2960; x_wconf 75' lang='lat' dir='ltr'><strong>numinumqua</strong></span> <span class='ocrx_word' id='word_1_605' title='bbox 3082 2902 3379 2953; x_wconf 81' lang='lat' dir='ltr'><strong>contextus</strong></span> 
     </span>
    </p>
   </div>
   <div class='ocr_carea' id='block_1_84' title="bbox 1800 2963 3378 3048">
    <p class='ocr_par' dir='ltr' id='par_1_84' title="bbox 1800 2963 3378 3048">
     <span class='ocr_line' id='line_1_84' title="bbox 1800 2963 3378 3048; baseline 0.02 -33"><span class='ocrx_word' id='word_1_606' title='bbox 1800 2963 2101 3021; x_wconf 90' lang='lat' dir='ltr'><strong>luculenter</strong></span> <span class='ocrx_word' id='word_1_607' title='bbox 2130 2971 2388 3027; x_wconf 80' lang='lat' dir='ltr'><strong>ostendit.</strong></span> <span class='ocrx_word' id='word_1_608' title='bbox 2438 2972 2693 3031; x_wconf 81' lang='lat' dir='ltr'><strong>Profecto</strong></span> <span class='ocrx_word' id='word_1_609' title='bbox 2728 2997 2747 3030; x_wconf 80' lang='grc' dir='ltr'><strong>ι</strong></span> <span class='ocrx_word' id='word_1_610' title='bbox 2790 2979 2897 3037; x_wconf 93' lang='lat' dir='ltr'><strong>hoc</strong></span> <span class='ocrx_word' id='word_1_611' title='bbox 2944 2992 3119 3041; x_wconf 91' lang='lat' dir='ltr'><strong>totum</strong></span> <span class='ocrx_word' id='word_1_612' title='bbox 3171 2988 3378 3048; x_wconf 80' lang='lat' dir='ltr'><strong>factum</strong></span> 
     </span>
    </p>
   </div>
   <div class='ocr_carea' id='block_1_85' title="bbox 1806 3056 3379 3152">
    <p class='ocr_par' dir='ltr' id='par_1_85' title="bbox 1806 3056 3379 3152">
     <span class='ocr_line' id='line_1_85' title="bbox 1806 3056 3379 3152; baseline 0.02 -47"><span class='ocrx_word' id='word_1_613' title='bbox 1806 3061 1891 3107; x_wconf 87' lang='lat' dir='ltr'><strong>est</strong></span> <span class='ocrx_word' id='word_1_614' title='bbox 1926 3071 1945 3105; x_wconf 74' lang='grc' dir='ltr'><strong>ι</strong></span> <span class='ocrx_word' id='word_1_615' title='bbox 1994 3056 2243 3113; x_wconf 89' lang='lat' dir='ltr'><strong>adhibuit</strong></span> <span class='ocrx_word' id='word_1_616' title='bbox 2298 3076 2397 3130; x_wconf 90' lang='lat' dir='ltr'><strong>pro</strong></span> <span class='ocrx_word' id='word_1_617' title='bbox 2444 3068 2720 3134; x_wconf 91' lang='lat' dir='ltr'><strong>quomodo</strong></span> <span class='ocrx_word' id='word_1_618' title='bbox 2775 3069 2830 3124; x_wconf 89' lang='lat' dir='ltr'><strong>id</strong></span> <span class='ocrx_word' id='word_1_619' title='bbox 2893 3088 3057 3131; x_wconf 90' lang='lat' dir='ltr'><strong>omne</strong></span> <span class='ocrx_word' id='word_1_620' title='bbox 3104 3082 3379 3152; x_wconf 76' lang='lat' dir='ltr'><strong>contigit?</strong></span> 
     </span>
    </p>
   </div>
   <div class='ocr_carea' id='block_1_86' title="bbox 1804 3141 3374 3239">
    <p class='ocr_par' dir='ltr' id='par_1_86' title="bbox 1804 3141 3374 3239">
     <span class='ocr_line' id='line_1_86' title="bbox 1804 3141 3374 3239; baseline 0.022 -44"><span class='ocrx_word' id='word_1_621' title='bbox 1804 3141 2122 3211; x_wconf 85' lang='lat' dir='ltr'><strong>Quomodo,</strong></span> <span class='ocrx_word' id='word_1_622' title='bbox 2158 3147 2315 3219; x_wconf 90' lang='lat' dir='ltr'><strong>(proh</strong></span> <span class='ocrx_word' id='word_1_623' title='bbox 2346 3153 2544 3209; x_wconf 90' lang='lat' dir='ltr'><strong>mirum</strong></span> <span class='ocrx_word' id='word_1_624' title='bbox 2566 3159 2606 3226; x_wconf 76' lang='grc' dir='ltr'><strong>ε)</strong></span> <span class='ocrx_word' id='word_1_625' title='bbox 2653 3159 2756 3215; x_wconf 87' lang='lat' dir='ltr'><strong>hoc</strong></span> <span class='ocrx_word' id='word_1_626' title='bbox 2783 3163 3021 3221; x_wconf 82' lang='lat' dir='ltr'><strong>novitate</strong></span> <span class='ocrx_word' id='word_1_627' title='bbox 3050 3141 3374 3239; x_wconf 68' lang='lat' dir='ltr'><strong>percellens,</strong></span> 
     </span>
    </p>
   </div>
   <div class='ocr_carea' id='block_1_87' title="bbox 1803 3235 3374 3321">
    <p class='ocr_par' dir='ltr' id='par_1_87' title="bbox 1803 3235 3374 3321">
     <span class='ocr_line' id='line_1_87' title="bbox 1803 3235 3374 3321; baseline 0.022 -34"><span class='ocrx_word' id='word_1_628' title='bbox 1803 3244 1856 3288; x_wconf 92' lang='lat' dir='ltr'><strong>et</strong></span> <span class='ocrx_word' id='word_1_629' title='bbox 1885 3235 2243 3295; x_wconf 84' lang='lat' dir='ltr'><strong>admiratione</strong></span> <span class='ocrx_word' id='word_1_630' title='bbox 2287 3243 2502 3312; x_wconf 91' lang='lat' dir='ltr'><strong>plenum</strong></span> <span class='ocrx_word' id='word_1_631' title='bbox 2545 3251 2840 3319; x_wconf 87' lang='lat' dir='ltr'><strong>apparuit?</strong></span> <span class='ocrx_word' id='word_1_632' title='bbox 2886 3253 2988 3321; x_wconf 87' lang='lat' dir='ltr'><strong>Qui</strong></span> <span class='ocrx_word' id='word_1_633' title='bbox 3031 3235 3139 3315; x_wconf 80' lang='lat' dir='ltr'><strong>tale</strong></span> <span class='ocrx_word' id='word_1_634' title='bbox 3168 3235 3374 3320; x_wconf 78' lang='lat' dir='ltr'><strong>factum</strong></span> 
     </span>
    </p>
   </div>
   <div class='ocr_carea' id='block_1_88' title="bbox 1800 3325 3377 3415">
    <p class='ocr_par' dir='ltr' id='par_1_88' title="bbox 1800 3325 3377 3415">
     <span class='ocr_line' id='line_1_88' title="bbox 1800 3325 3377 3415; baseline 0.022 -36"><span class='ocrx_word' id='word_1_635' title='bbox 1800 3325 1937 3380; x_wconf 81' lang='lat' dir='ltr'><strong>vidit</strong></span> <span class='ocrx_word' id='word_1_636' title='bbox 1997 3331 2125 3384; x_wconf 85' lang='lat' dir='ltr'><strong>sol?</strong></span> <span class='ocrx_word' id='word_1_637' title='bbox 2171 3332 2289 3399; x_wconf 93' lang='lat' dir='ltr'><strong>Quo</strong></span> <span class='ocrx_word' id='word_1_638' title='bbox 2324 3346 2481 3405; x_wconf 90' lang='lat' dir='ltr'><strong>pacto</strong></span> <span class='ocrx_word' id='word_1_639' title='bbox 2538 3340 2773 3398; x_wconf 88' lang='lat' dir='ltr'><strong>innotuit</strong></span> <span class='ocrx_word' id='word_1_640' title='bbox 2820 3345 3178 3408; x_wconf 77' lang='lat' dir='ltr'><strong>hominibus?</strong></span> <span class='ocrx_word' id='word_1_641' title='bbox 3218 3354 3377 3415; x_wconf 84' lang='lat' dir='ltr'><strong>Patet</strong></span> 
     </span>
    </p>
   </div>
   <div class='ocr_carea' id='block_1_89' title="bbox 1799 3424 3374 3509">
    <p class='ocr_par' dir='ltr' id='par_1_89' title="bbox 1799 3424 3374 3509">
     <span class='ocr_line' id='line_1_89' title="bbox 1799 3424 3374 3509; baseline 0.025 -40"><span class='ocrx_word' id='word_1_642' title='bbox 1799 3432 2017 3488; x_wconf 90' lang='lat' dir='ltr'><strong>quoque</strong></span> <span class='ocrx_word' id='word_1_643' title='bbox 2047 3424 2218 3491; x_wconf 92' lang='lat' dir='ltr'><strong>quod,</strong></span> <span class='ocrx_word' id='word_1_644' title='bbox 2259 3427 2348 3481; x_wconf 87' lang='lat' dir='ltr'><strong>ubi</strong></span> <span class='ocrx_word' id='word_1_645' title='bbox 2374 3432 2677 3487; x_wconf 88' lang='lat' dir='ltr'><strong>nuntiatum</strong></span> <span class='ocrx_word' id='word_1_646' title='bbox 2740 3450 2822 3492; x_wconf 88' lang='lat' dir='ltr'><strong>est</strong></span> <span class='ocrx_word' id='word_1_647' title='bbox 2858 3443 3002 3509; x_wconf 92' lang='lat' dir='ltr'><strong>quod</strong></span> <span class='ocrx_word' id='word_1_648' title='bbox 3032 3444 3205 3504; x_wconf 85' lang='lat' dir='ltr'><strong>Filius</strong></span> <span class='ocrx_word' id='word_1_649' title='bbox 3251 3452 3374 3508; x_wconf 82' lang='lat' dir='ltr'><strong>sine</strong></span> 
     </span>
    </p>
   </div>
   <div class='ocr_carea' id='block_1_90' title="bbox 1797 3510 3362 3610">
    <p class='ocr_par' dir='ltr' id='par_1_90' title="bbox 1797 3510 3362 3610">
     <span class='ocr_line' id='line_1_90' title="bbox 1797 3510 3362 3610; baseline 0.025 -50"><span class='ocrx_word' id='word_1_650' title='bbox 1797 3510 2003 3565; x_wconf 86' lang='lat' dir='ltr'><strong>semine</strong></span> <span class='ocrx_word' id='word_1_651' title='bbox 2026 3510 2187 3581; x_wconf 79' lang='lat' dir='ltr'><strong>foret,</strong></span> <span class='ocrx_word' id='word_1_652' title='bbox 2216 3524 2379 3585; x_wconf 90' lang='lat' dir='ltr'><strong>atque</strong></span> <span class='ocrx_word' id='word_1_653' title='bbox 2412 3520 2478 3575; x_wconf 88' lang='lat' dir='ltr'><strong>de</strong></span> <span class='ocrx_word' id='word_1_654' title='bbox 2510 3524 2718 3592; x_wconf 84' lang='lat' dir='ltr'><strong>Spiritu</strong></span> <span class='ocrx_word' id='word_1_655' title='bbox 2742 3541 2933 3588; x_wconf 90' lang='lat' dir='ltr'><strong>sancto</strong></span> <span class='ocrx_word' id='word_1_656' title='bbox 2956 3538 3362 3610; x_wconf 89' lang='lat' dir='ltr'><strong>conciperetur,</strong></span> 
     </span>
    </p>
   </div>
   <div class='ocr_carea' id='block_1_91' title="bbox 1796 3605 3365 3703">
    <p class='ocr_par' dir='ltr' id='par_1_91' title="bbox 1796 3605 3365 3703">
     <span class='ocr_line' id='line_1_91' title="bbox 1796 3605 3365 3703; baseline 0.025 -52"><span class='ocrx_word' id='word_1_657' title='bbox 1796 3610 2143 3671; x_wconf 87' lang='lat' dir='ltr'><strong>sumeretque</strong></span> <span class='ocrx_word' id='word_1_658' title='bbox 2177 3605 2472 3667; x_wconf 89' lang='lat' dir='ltr'><strong>Salvatoris</strong></span> <span class='ocrx_word' id='word_1_659' title='bbox 2511 3630 2735 3680; x_wconf 88' lang='lat' dir='ltr'><strong>nomen,</strong></span> <span class='ocrx_word' id='word_1_660' title='bbox 2776 3625 2923 3691; x_wconf 93' lang='lat' dir='ltr'><strong>quod</strong></span> <span class='ocrx_word' id='word_1_661' title='bbox 2965 3626 3045 3683; x_wconf 89' lang='lat' dir='ltr'><strong>illi</strong></span> <span class='ocrx_word' id='word_1_662' title='bbox 3090 3605 3365 3703; x_wconf 74' lang='lat' dir='ltr'><strong>congruit,</strong></span> 
     </span>
    </p>
   </div>
   <div class='ocr_carea' id='block_1_92' title="bbox 1796 3690 3368 3795">
    <p class='ocr_par' dir='ltr' id='par_1_92' title="bbox 1796 3690 3368 3795">
     <span class='ocr_line' id='line_1_92' title="bbox 1796 3690 3368 3795; baseline 0.026 -54"><span class='ocrx_word' id='word_1_663' title='bbox 1796 3690 1921 3758; x_wconf 89' lang='lat' dir='ltr'><strong>quia</strong></span> <span class='ocrx_word' id='word_1_664' title='bbox 1954 3694 2130 3748; x_wconf 82' lang='lat' dir='ltr'><strong>salvat</strong></span> <span class='ocrx_word' id='word_1_665' title='bbox 2156 3701 2417 3767; x_wconf 89' lang='lat' dir='ltr'><strong>populum</strong></span> <span class='ocrx_word' id='word_1_666' title='bbox 2456 3719 2641 3769; x_wconf 90' lang='lat' dir='ltr'><strong>suum,</strong></span> <span class='ocrx_word' id='word_1_667' title='bbox 2672 3725 2776 3764; x_wconf 91' lang='lat' dir='ltr'><strong>non</strong></span> <span class='ocrx_word' id='word_1_668' title='bbox 2798 3690 3029 3782; x_wconf 82' lang='lat' dir='ltr'><strong>quidem</strong></span> <span class='ocrx_word' id='word_1_669' title='bbox 3062 3720 3131 3776; x_wconf 87' lang='lat' dir='ltr'><strong>ab</strong></span> <span class='ocrx_word' id='word_1_670' title='bbox 3155 3690 3368 3795; x_wconf 70' lang='lat' dir='ltr'><strong>aliquot</strong></span> 
     </span>
    </p>
   </div>
   <div class='ocr_carea' id='block_1_93' title="bbox 1793 3783 3361 3874">
    <p class='ocr_par' dir='ltr' id='par_1_93' title="bbox 1793 3783 3361 3874">
     <span class='ocr_line' id='line_1_93' title="bbox 1793 3783 3361 3874; baseline 0.026 -40"><span class='ocrx_word' id='word_1_671' title='bbox 1793 3783 2039 3850; x_wconf 85' lang='lat' dir='ltr'><strong>corporis</strong></span> <span class='ocrx_word' id='word_1_672' title='bbox 2074 3788 2301 3855; x_wconf 88' lang='lat' dir='ltr'><strong>morbis,</strong></span> <span class='ocrx_word' id='word_1_673' title='bbox 2345 3794 2544 3861; x_wconf 89' lang='lat' dir='ltr'><strong>quibus</strong></span> <span class='ocrx_word' id='word_1_674' title='bbox 2590 3803 2848 3859; x_wconf 90' lang='lat' dir='ltr'><strong>curandis</strong></span> <span class='ocrx_word' id='word_1_675' title='bbox 2892 3808 2975 3863; x_wconf 89' lang='lat' dir='ltr'><strong>vel</strong></span> <span class='ocrx_word' id='word_1_676' title='bbox 3021 3783 3361 3874; x_wconf 63' lang='lat' dir='ltr'><strong>medicorum</strong></span> 
     </span>
    </p>
   </div>
   <div class='ocr_carea' id='block_1_94' title="bbox 1791 3881 3359 3976">
    <p class='ocr_par' dir='ltr' id='par_1_94' title="bbox 1791 3881 3359 3976">
     <span class='ocr_line' id='line_1_94' title="bbox 1791 3881 3359 3976; baseline 0.027 -53"><span class='ocrx_word' id='word_1_677' title='bbox 1791 3886 1989 3930; x_wconf 88' lang='lat' dir='ltr'><strong>manus</strong></span> <span class='ocrx_word' id='word_1_678' title='bbox 2018 3891 2161 3946; x_wconf 69' lang='lat' dir='ltr'><strong>saepe</strong></span> <span class='ocrx_word' id='word_1_679' title='bbox 2190 3881 2481 3953; x_wconf 76' lang='lat' dir='ltr'><strong>suﬁiciunt,</strong></span> <span class='ocrx_word' id='word_1_680' title='bbox 2509 3890 2603 3943; x_wconf 88' lang='lat' dir='ltr'><strong>sed</strong></span> <span class='ocrx_word' id='word_1_681' title='bbox 2644 3893 2712 3945; x_wconf 91' lang='lat' dir='ltr'><strong>ab</strong></span> <span class='ocrx_word' id='word_1_682' title='bbox 2742 3894 2872 3963; x_wconf 82' lang='lat' dir='ltr'><strong>ipsis</strong></span> <span class='ocrx_word' id='word_1_683' title='bbox 2896 3900 3096 3958; x_wconf 70' lang='lat' dir='ltr'><strong>anima:</strong></span> <span class='ocrx_word' id='word_1_684' title='bbox 3124 3918 3359 3976; x_wconf 64' lang='lat' dir='ltr'><strong>aegrota-</strong></span> 
     </span>
    </p>
   </div>
   <div class='ocr_carea' id='block_1_95' title="bbox 1788 3965 3359 4070">
    <p class='ocr_par' dir='ltr' id='par_1_95' title="bbox 1788 3965 3359 4070">
     <span class='ocr_line' id='line_1_95' title="bbox 1788 3965 3359 4070; baseline 0.025 -52"><span class='ocrx_word' id='word_1_685' title='bbox 1788 3965 2030 4024; x_wconf 90' lang='lat' dir='ltr'><strong>tionibus</strong></span> <span class='ocrx_word' id='word_1_686' title='bbox 2078 3979 2133 4025; x_wconf 90' lang='lat' dir='ltr'><strong>et</strong></span> <span class='ocrx_word' id='word_1_687' title='bbox 2160 3973 2328 4040; x_wconf 82' lang='lat' dir='ltr'><strong>vitiis,</strong></span> <span class='ocrx_word' id='word_1_688' title='bbox 2360 3991 2591 4045; x_wconf 93' lang='lat' dir='ltr'><strong>quorum</strong></span> <span class='ocrx_word' id='word_1_689' title='bbox 2624 3983 2850 4041; x_wconf 90' lang='lat' dir='ltr'><strong>inveniri</strong></span> <span class='ocrx_word' id='word_1_690' title='bbox 2894 3994 3102 4062; x_wconf 89' lang='lat' dir='ltr'><strong>nequit,</strong></span> <span class='ocrx_word' id='word_1_691' title='bbox 3134 3965 3359 4070; x_wconf 68' lang='lat' dir='ltr'><strong>e;cepta</strong></span> 
     </span>
    </p>
   </div>
   <div class='ocr_carea' id='block_1_96' title="bbox 1787 4053 3355 4148">
    <p class='ocr_par' dir='ltr' id='par_1_96' title="bbox 1787 4053 3355 4148">
     <span class='ocr_line' id='line_1_96' title="bbox 1787 4053 3355 4148; baseline 0.026 -40"><span class='ocrx_word' id='word_1_692' title='bbox 1787 4053 1881 4110; x_wconf 88' lang='lat' dir='ltr'><strong>Dei</strong></span> <span class='ocrx_word' id='word_1_693' title='bbox 1923 4058 2255 4130; x_wconf 88' lang='lat' dir='ltr'><strong>benignitate</strong></span> <span class='ocrx_word' id='word_1_694' title='bbox 2309 4079 2364 4121; x_wconf 93' lang='lat' dir='ltr'><strong>et</strong></span> <span class='ocrx_word' id='word_1_695' title='bbox 2404 4067 2756 4141; x_wconf 84' lang='lat' dir='ltr'><strong>indulgentia,</strong></span> <span class='ocrx_word' id='word_1_696' title='bbox 2811 4053 3021 4139; x_wconf 74' lang='lat' dir='ltr'><strong>curatio</strong></span> <span class='ocrx_word' id='word_1_697' title='bbox 3084 4053 3139 4143; x_wconf 79' lang='lat' dir='ltr'><strong>et</strong></span> 
     </span>
    </p>
   </div>
   <div class='ocr_carea' id='block_1_97' title="bbox 1784 4145 3349 4239">
    <p class='ocr_par' dir='ltr' id='par_1_97' title="bbox 1784 4145 3349 4239">
     <span class='ocr_line' id='line_1_97' title="bbox 1784 4145 3349 4239; baseline 0.026 -40"><span class='ocrx_word' id='word_1_698' title='bbox 1784 4145 1973 4204; x_wconf 86' lang='lat' dir='ltr'><strong>dium:</strong></span> <span class='ocrx_word' id='word_1_699' title='bbox 2004 4148 2094 4205; x_wconf 86' lang='lat' dir='ltr'><strong>ubi</strong></span> <span class='ocrx_word' id='word_1_700' title='bbox 2129 4155 2335 4212; x_wconf 88' lang='lat' dir='ltr'><strong>scilicet</strong></span> <span class='ocrx_word' id='word_1_701' title='bbox 2356 4159 2472 4216; x_wconf 57' lang='lat' dir='ltr'><strong>hac</strong></span> <span class='ocrx_word' id='word_1_702' title='bbox 2504 4163 2708 4230; x_wconf 82' lang='lat' dir='ltr'><strong>omnia,</strong></span> <span class='ocrx_word' id='word_1_703' title='bbox 2734 4177 2789 4222; x_wconf 88' lang='lat' dir='ltr'><strong>et</strong></span> <span class='ocrx_word' id='word_1_704' title='bbox 2821 4168 3123 4233; x_wconf 84' lang='lat' dir='ltr'><strong>Salvatoris</strong></span> <span class='ocrx_word' id='word_1_705' title='bbox 3150 4145 3349 4239; x_wconf 70' lang='lat' dir='ltr'><strong>nomen</strong></span> 
     </span>
    </p>
   </div>
   <div class='ocr_carea' id='block_1_98' title="bbox 1782 4238 3349 4338">
    <p class='ocr_par' dir='ltr' id='par_1_98' title="bbox 1782 4238 3349 4338">
     <span class='ocr_line' id='line_1_98' title="bbox 1782 4238 3349 4338; baseline 0.024 -47"><span class='ocrx_word' id='word_1_706' title='bbox 1782 4251 1848 4292; x_wconf 83' lang='lat' dir='ltr'><strong>ex</strong></span> <span class='ocrx_word' id='word_1_707' title='bbox 1885 4238 2160 4299; x_wconf 80' lang='lat' dir='ltr'><strong>beneﬁciis</strong></span> <span class='ocrx_word' id='word_1_708' title='bbox 2187 4246 2479 4320; x_wconf 87' lang='lat' dir='ltr'><strong>unicuique</strong></span> <span class='ocrx_word' id='word_1_709' title='bbox 2511 4256 2723 4313; x_wconf 87' lang='lat' dir='ltr'><strong>collatis</strong></span> <span class='ocrx_word' id='word_1_710' title='bbox 2750 4239 3061 4333; x_wconf 81' lang='lat' dir='ltr'><strong>susceptum</strong></span> <span class='ocrx_word' id='word_1_711' title='bbox 3102 4275 3349 4338; x_wconf 61' lang='lat' dir='ltr'><strong>prcutit-</strong></span> 
     </span>
    </p>
   </div>
   <div class='ocr_carea' id='block_1_99' title="bbox 1784 4330 3347 4423">
    <p class='ocr_par' dir='ltr' id='par_1_99' title="bbox 1784 4330 3347 4423">
     <span class='ocr_line' id='line_1_99' title="bbox 1784 4330 3347 4423; baseline 0.027 -42"><span class='ocrx_word' id='word_1_712' title='bbox 1784 4330 1866 4397; x_wconf 93' lang='lat' dir='ltr'><strong>tit,</strong></span> <span class='ocrx_word' id='word_1_713' title='bbox 1901 4335 2154 4401; x_wconf 83' lang='lat' dir='ltr'><strong>protinus</strong></span> <span class='ocrx_word' id='word_1_714' title='bbox 2180 4340 2436 4409; x_wconf 88' lang='lat' dir='ltr'><strong>subjiciat</strong></span> <span class='ocrx_word' id='word_1_715' title='bbox 2466 4361 2479 4399; x_wconf 89' lang='lat'><strong>:</strong></span> <span class='ocrx_word' id='word_1_716' title='bbox 2522 4364 2542 4397; x_wconf 82' lang='grc' dir='ltr'><strong>ι</strong></span> <span class='ocrx_word' id='word_1_717' title='bbox 2586 4345 2697 4403; x_wconf 85' lang='lat' dir='ltr'><strong>Hoc</strong></span> <span class='ocrx_word' id='word_1_718' title='bbox 2729 4330 3117 4415; x_wconf 32' lang='lat' dir='ltr'><strong>autem‘totuni</strong></span> <span class='ocrx_word' id='word_1_719' title='bbox 3146 4362 3347 4423; x_wconf 79' lang='lat' dir='ltr'><strong>factum</strong></span> 
     </span>
    </p>
   </div>
   <div class='ocr_carea' id='block_1_100' title="bbox 1780 4426 3348 4514">
    <p class='ocr_par' dir='ltr' id='par_1_100' title="bbox 1780 4426 3348 4514">
     <span class='ocr_line' id='line_1_100' title="bbox 1780 4426 3348 4514; baseline 0.026 -41"><span class='ocrx_word' id='word_1_720' title='bbox 1780 4429 1884 4487; x_wconf 90' lang='lat' dir='ltr'><strong>est,</strong></span> <span class='ocrx_word' id='word_1_721' title='bbox 1935 4430 1995 4476; x_wconf 90' lang='lat' dir='ltr'><strong>ut</strong></span> <span class='ocrx_word' id='word_1_722' title='bbox 2028 4426 2435 4499; x_wconf 88' lang='lat' dir='ltr'><strong>adimpleretur,</strong></span> <span class='ocrx_word' id='word_1_723' title='bbox 2482 4439 2627 4505; x_wconf 86' lang='lat' dir='ltr'><strong>quod</strong></span> <span class='ocrx_word' id='word_1_724' title='bbox 2668 4440 2871 4497; x_wconf 89' lang='lat' dir='ltr'><strong>dictum</strong></span> <span class='ocrx_word' id='word_1_725' title='bbox 2908 4457 2993 4502; x_wconf 87' lang='lat' dir='ltr'><strong>est</strong></span> <span class='ocrx_word' id='word_1_726' title='bbox 3032 4465 3064 4505; x_wconf 93' lang='lat' dir='ltr'><strong>a</strong></span> <span class='ocrx_word' id='word_1_727' title='bbox 3112 4451 3348 4514; x_wconf 88' lang='lat' dir='ltr'><strong>Domino</strong></span> 
     </span>
    </p>
   </div>
   <div class='ocr_carea' id='block_1_101' title="bbox 1778 4515 3349 4606">
    <p class='ocr_par' dir='ltr' id='par_1_101' title="bbox 1778 4515 3349 4606">
     <span class='ocr_line' id='line_1_101' title="bbox 1778 4515 3349 4606; baseline 0.026 -44"><span class='ocrx_word' id='word_1_728' title='bbox 1778 4524 1876 4578; x_wconf 90' lang='lat' dir='ltr'><strong>per</strong></span> <span class='ocrx_word' id='word_1_729' title='bbox 1907 4515 2221 4584; x_wconf 89' lang='lat' dir='ltr'><strong>prophetam</strong></span> <span class='ocrx_word' id='word_1_730' title='bbox 2266 4520 2571 4579; x_wconf 88' lang='lat' dir='ltr'><strong>dicentem:</strong></span> <span class='ocrx_word' id='word_1_731' title='bbox 2604 4528 2741 4586; x_wconf 86' lang='lat' dir='ltr'><strong>Ecce</strong></span> <span class='ocrx_word' id='word_1_732' title='bbox 2773 4531 2937 4606; x_wconf 78' lang='lat' dir='ltr'><strong>Virgo</strong></span> <span class='ocrx_word' id='word_1_733' title='bbox 2966 4538 3020 4593; x_wconf 88' lang='lat' dir='ltr'><strong>in</strong></span> <span class='ocrx_word' id='word_1_734' title='bbox 3059 4552 3215 4600; x_wconf 88' lang='lat' dir='ltr'><strong>utero</strong></span> <span class='ocrx_word' id='word_1_735' title='bbox 3249 4547 3349 4602; x_wconf 87' lang='lat' dir='ltr'><strong>ha-</strong></span> 
     </span>
    </p>
   </div>
   <div class='ocr_carea' id='block_1_102' title="bbox 1779 4601 3311 4703">
    <p class='ocr_par' dir='ltr' id='par_1_102' title="bbox 1779 4601 3311 4703">
     <span class='ocr_line' id='line_1_102' title="bbox 1779 4601 3311 4703; baseline 0.026 -49"><span class='ocrx_word' id='word_1_736' title='bbox 1779 4601 1945 4669; x_wconf 91' lang='lat' dir='ltr'><strong>bebit,</strong></span> <span class='ocrx_word' id='word_1_737' title='bbox 1976 4614 2031 4659; x_wconf 89' lang='lat' dir='ltr'><strong>et</strong></span> <span class='ocrx_word' id='word_1_738' title='bbox 2057 4611 2231 4703; x_wconf 57' lang='lat' dir='ltr'><strong>pariet</strong></span> <span class='ocrx_word' id='word_1_739' title='bbox 2256 4612 2445 4680; x_wconf 84' lang='lat' dir='ltr'><strong>tilium,</strong></span> <span class='ocrx_word' id='word_1_740' title='bbox 2475 4628 2529 4672; x_wconf 90' lang='lat' dir='ltr'><strong>et</strong></span> <span class='ocrx_word' id='word_1_741' title='bbox 2548 4622 2823 4678; x_wconf 90' lang='lat' dir='ltr'><strong>vocabunt</strong></span> <span class='ocrx_word' id='word_1_742' title='bbox 2855 4601 3051 4686; x_wconf 73' lang='lat' dir='ltr'><strong>nomen</strong></span> <span class='ocrx_word' id='word_1_743' title='bbox 3072 4635 3191 4703; x_wconf 84' lang='lat' dir='ltr'><strong>ejus</strong></span> <span class='ocrx_word' id='word_1_744' title='bbox 3214 4637 3311 4694; x_wconf 87' lang='lat' dir='ltr'><strong>Em</strong></span> 
     </span>
    </p>
   </div>
   <div class='ocr_carea' id='block_1_103' title="bbox 1777 4693 3344 4798">
    <p class='ocr_par' dir='ltr' id='par_1_103' title="bbox 1777 4693 3344 4798">
     <span class='ocr_line' id='line_1_103' title="bbox 1777 4693 3344 4798; baseline 0.029 -57"><span class='ocrx_word' id='word_1_745' title='bbox 1777 4693 2013 4747; x_wconf 88' lang='lat' dir='ltr'><strong>manuel.</strong></span> <span class='ocrx_word' id='word_1_746' title='bbox 2048 4714 2067 4747; x_wconf 78' lang='grc' dir='ltr'><strong>ι</strong></span> <span class='ocrx_word' id='word_1_747' title='bbox 2100 4695 2270 4754; x_wconf 90' lang='lat' dir='ltr'><strong>Porro</strong></span> <span class='ocrx_word' id='word_1_748' title='bbox 2312 4704 2453 4771; x_wconf 92' lang='lat' dir='ltr'><strong>quod</strong></span> <span class='ocrx_word' id='word_1_749' title='bbox 2506 4707 2879 4780; x_wconf 82' lang='lat' dir='ltr'><strong>obstupefacta</strong></span> <span class='ocrx_word' id='word_1_750' title='bbox 2942 4693 3145 4788; x_wconf 75' lang='lat' dir='ltr'><strong>mente,</strong></span> <span class='ocrx_word' id='word_1_751' title='bbox 3180 4737 3344 4798; x_wconf 87' lang='lat' dir='ltr'><strong>atque</strong></span> 
     </span>
    </p>
   </div>
   <div class='ocr_carea' id='block_1_104' title="bbox 1775 4782 3340 4889">
    <p class='ocr_par' dir='ltr' id='par_1_104' title="bbox 1775 4782 3340 4889">
     <span class='ocr_line' id='line_1_104' title="bbox 1775 4782 3340 4889; baseline 0.029 -55"><span class='ocrx_word' id='word_1_752' title='bbox 1775 4782 2104 4842; x_wconf 89' lang='lat' dir='ltr'><strong>immensum</strong></span> <span class='ocrx_word' id='word_1_753' title='bbox 2144 4791 2363 4863; x_wconf 83' lang='lat' dir='ltr'><strong>pelagus</strong></span> <span class='ocrx_word' id='word_1_754' title='bbox 2410 4795 2606 4854; x_wconf 74' lang='lat' dir='ltr'><strong>divinae</strong></span> <span class='ocrx_word' id='word_1_755' title='bbox 2648 4818 2773 4873; x_wconf 87' lang='lat' dir='ltr'><strong>erga</strong></span> <span class='ocrx_word' id='word_1_756' title='bbox 2827 4782 3141 4871; x_wconf 35' lang='lat' dir='ltr'><strong>humanum-</strong></span> <span class='ocrx_word' id='word_1_757' title='bbox 3170 4782 3340 4889; x_wconf 70' lang='lat' dir='ltr'><strong>genus</strong></span> 
     </span>
    </p>
   </div>
   <div class='ocr_carea' id='block_1_105' title="bbox 1772 4879 3334 4983">
    <p class='ocr_par' dir='ltr' id='par_1_105' title="bbox 1772 4879 3334 4983">
     <span class='ocr_line' id='line_1_105' title="bbox 1772 4879 3334 4983; baseline 0.027 -56"><span class='ocrx_word' id='word_1_758' title='bbox 1772 4879 2127 4945; x_wconf 71' lang='lat' dir='ltr'><strong>providentia:</strong></span> <span class='ocrx_word' id='word_1_759' title='bbox 2155 4884 2454 4944; x_wconf 81' lang='lat' dir='ltr'><strong>demirante</strong></span> <span class='ocrx_word' id='word_1_760' title='bbox 2490 4906 2591 4947; x_wconf 73' lang='lat' dir='ltr'><strong>vos</strong></span> <span class='ocrx_word' id='word_1_761' title='bbox 2636 4901 2910 4967; x_wconf 88' lang='lat' dir='ltr'><strong>proposita</strong></span> <span class='ocrx_word' id='word_1_762' title='bbox 2943 4879 3334 4983; x_wconf 44' lang='lat' dir='ltr'><strong>oriatur,vper-</strong></span> 
     </span>
    </p>
   </div>
   <div class='ocr_carea' id='block_1_106' title="bbox 1771 4979 2156 5033">
    <p class='ocr_par' dir='ltr' id='par_1_106' title="bbox 1771 4979 2156 5033">
     <span class='ocr_line' id='line_1_106' title="bbox 1771 4979 2156 5033; baseline 0.023 -15"><span class='ocrx_word' id='word_1_763' title='bbox 1771 4979 2015 5033; x_wconf 80' lang='lat' dir='ltr'><strong>spicuum</strong></span> <span class='ocrx_word' id='word_1_764' title='bbox 2053 4982 2156 5027; x_wconf 91' lang='lat' dir='ltr'><strong>est.</strong></span> 
     </span>
    </p>
   </div>
   <div class='ocr_carea' id='block_1_107' title="bbox 1841 5055 3333 5164">
    <p class='ocr_par' dir='ltr' id='par_1_107' title="bbox 1841 5055 3333 5164">
     <span class='ocr_line' id='line_1_107' title="bbox 1841 5055 3333 5164; baseline 0.029 -54"><span class='ocrx_word' id='word_1_765' title='bbox 1841 5055 1967 5158; x_wconf 71' lang='lat' dir='ltr'><strong>Sive</strong></span> <span class='ocrx_word' id='word_1_766' title='bbox 1997 5073 2181 5160; x_wconf 69' lang='lat' dir='ltr'><strong>autem</strong></span> <span class='ocrx_word' id='word_1_767' title='bbox 2225 5066 2365 5124; x_wconf 88' lang='lat' dir='ltr'><strong>hanc</strong></span> <span class='ocrx_word' id='word_1_768' title='bbox 2385 5073 2628 5142; x_wconf 75' lang='lat' dir='ltr'><strong>angelus,</strong></span> <span class='ocrx_word' id='word_1_769' title='bbox 2664 5078 2780 5135; x_wconf 84' lang='lat' dir='ltr'><strong>sive</strong></span> <span class='ocrx_word' id='word_1_770' title='bbox 2821 5088 3149 5157; x_wconf 82' lang='lat' dir='ltr'><strong>evangelista</strong></span> <span class='ocrx_word' id='word_1_771' title='bbox 3203 5110 3333 5164; x_wconf 86' lang='lat' dir='ltr'><strong>pro-</strong></span> 
     </span>
    </p>
   </div>
   <div class='ocr_carea' id='block_1_108' title="bbox 1769 5146 3329 5249">
    <p class='ocr_par' dir='ltr' id='par_1_108' title="bbox 1769 5146 3329 5249">
     <span class='ocr_line' id='line_1_108' title="bbox 1769 5146 3329 5249; baseline 0.029 -53"><span class='ocrx_word' id='word_1_772' title='bbox 1769 5146 2056 5215; x_wconf 91' lang='lat' dir='ltr'><strong>nuntiarit,</strong></span> <span class='ocrx_word' id='word_1_773' title='bbox 2084 5167 2426 5226; x_wconf 88' lang='lat' dir='ltr'><strong>nequaquam</strong></span> <span class='ocrx_word' id='word_1_774' title='bbox 2461 5178 2643 5220; x_wconf 88' lang='lat' dir='ltr'><strong>sermo</strong></span> <span class='ocrx_word' id='word_1_775' title='bbox 2675 5168 2933 5229; x_wconf 88' lang='lat' dir='ltr'><strong>alterutra</strong></span> <span class='ocrx_word' id='word_1_776' title='bbox 2959 5146 3028 5231; x_wconf 67' lang='lat' dir='ltr'><strong>ex</strong></span> <span class='ocrx_word' id='word_1_777' title='bbox 3054 5146 3329 5249; x_wconf 55' lang='lat' dir='ltr'><strong>parterau-</strong></span> 
     </span>
    </p>
   </div>
   <div class='ocr_carea' id='block_1_109' title="bbox 1767 5240 3323 5344">
    <p class='ocr_par' dir='ltr' id='par_1_109' title="bbox 1767 5240 3323 5344">
     <span class='ocr_line' id='line_1_109' title="bbox 1767 5240 3323 5344; baseline 0.029 -54"><span class='ocrx_word' id='word_1_778' title='bbox 1767 5240 2038 5299; x_wconf 87' lang='lat' dir='ltr'><strong>ctoritatis</strong></span> <span class='ocrx_word' id='word_1_779' title='bbox 2080 5243 2513 5308; x_wconf 88' lang='lat' dir='ltr'><strong>imminutionem</strong></span> <span class='ocrx_word' id='word_1_780' title='bbox 2564 5259 2819 5325; x_wconf 87' lang='lat' dir='ltr'><strong>patietur.</strong></span> <span class='ocrx_word' id='word_1_781' title='bbox 2870 5240 3323 5344; x_wconf 79' lang='lat' dir='ltr'><strong>Quandoquidem</strong></span> 
     </span>
    </p>
   </div>
   <div class='ocr_carea' id='block_1_110' title="bbox 1763 5332 3325 5425">
    <p class='ocr_par' dir='ltr' id='par_1_110' title="bbox 1763 5332 3325 5425">
     <span class='ocr_line' id='line_1_110' title="bbox 1763 5332 3325 5425; baseline 0.028 -42"><span class='ocrx_word' id='word_1_782' title='bbox 1763 5332 2046 5404; x_wconf 82' lang='lat' dir='ltr'><strong>contingit,</strong></span> <span class='ocrx_word' id='word_1_783' title='bbox 2072 5346 2131 5391; x_wconf 91' lang='lat' dir='ltr'><strong>ut</strong></span> <span class='ocrx_word' id='word_1_784' title='bbox 2158 5354 2280 5408; x_wconf 67' lang='lat' dir='ltr'><strong>qua</strong></span> <span class='ocrx_word' id='word_1_785' title='bbox 2314 5345 2630 5412; x_wconf 62' lang='lat' dir='ltr'><strong>praeclarum</strong></span> <span class='ocrx_word' id='word_1_786' title='bbox 2662 5332 2924 5413; x_wconf 82' lang='lat' dir='ltr'><strong>orationis</strong></span> <span class='ocrx_word' id='word_1_787' title='bbox 2945 5332 3189 5422; x_wconf 67' lang='lat' dir='ltr'><strong>ordinem</strong></span> <span class='ocrx_word' id='word_1_788' title='bbox 3228 5332 3325 5425; x_wconf 48' lang='lat' dir='ltr'><strong>ha;</strong></span> 
     </span>
    </p>
   </div>
   <div class='ocr_carea' id='block_1_111' title="bbox 1762 5417 3320 5524">
    <p class='ocr_par' dir='ltr' id='par_1_111' title="bbox 1762 5417 3320 5524">
     <span class='ocr_line' id='line_1_111' title="bbox 1762 5417 3320 5524; baseline 0.028 -51"><span class='ocrx_word' id='word_1_789' title='bbox 1762 5417 1913 5489; x_wconf 87' lang='lat' dir='ltr'><strong>bent,</strong></span> <span class='ocrx_word' id='word_1_790' title='bbox 1943 5439 2007 5478; x_wconf 85' lang='lat' dir='ltr'><strong>ex</strong></span> <span class='ocrx_word' id='word_1_791' title='bbox 2046 5442 2394 5495; x_wconf 88' lang='lat' dir='ltr'><strong>personarum</strong></span> <span class='ocrx_word' id='word_1_792' title='bbox 2442 5452 2659 5509; x_wconf 88' lang='lat' dir='ltr'><strong>quoque</strong></span> <span class='ocrx_word' id='word_1_793' title='bbox 2706 5445 2966 5514; x_wconf 85' lang='lat' dir='ltr'><strong>qualitate</strong></span> <span class='ocrx_word' id='word_1_794' title='bbox 3009 5417 3320 5524; x_wconf 58' lang='lat' dir='ltr'><strong>splendoris</strong></span> 
     </span>
    </p>
   </div>
   <div class='ocr_carea' id='block_1_112' title="bbox 1751 5642 3314 5751">
    <p class='ocr_par' dir='ltr' id='par_1_112' title="bbox 1751 5642 3314 5751">
     <span class='ocr_line' id='line_1_112' title="bbox 1751 5642 3314 5751; baseline 0.025 -52"><span class='ocrx_word' id='word_1_795' title='bbox 1751 5642 2347 5751; x_wconf 44' lang='lat' dir='ltr'><strong>infligit-ttinnpugna</strong></span> <span class='ocrx_word' id='word_1_796' title='bbox 2363 5661 2765 5751; x_wconf 42' lang='lat' dir='ltr'><strong>qgiodamrnqiio</strong></span> <span class='ocrx_word' id='word_1_797' title='bbox 2798 5668 2888 5728; x_wconf 84' lang='lat' dir='ltr'><strong>lict</strong></span> <span class='ocrx_word' id='word_1_798' title='bbox 2931 5687 3056 5731; x_wconf 89' lang='lat' dir='ltr'><strong>cum</strong></span> <span class='ocrx_word' id='word_1_799' title='bbox 3086 5676 3156 5735; x_wconf 91' lang='lat' dir='ltr'><strong>iis</strong></span> <span class='ocrx_word' id='word_1_800' title='bbox 3189 5696 3314 5751; x_wconf 71' lang='lat' dir='ltr'><strong>qua</strong></span> 
     </span>
    </p>
   </div>
   <div class='ocr_carea' id='block_1_113' title="bbox 1748 5713 2766 5802">
    <p class='ocr_par' dir='ltr' id='par_1_113' title="bbox 1748 5713 2766 5802">
     <span class='ocr_line' id='line_1_113' title="bbox 1748 5713 2766 5802; baseline 0.027 -34"><span class='ocrx_word' id='word_1_801' title='bbox 1748 5713 2003 5775; x_wconf 57' lang='lat' dir='ltr'><strong>dicuntur</strong></span> <span class='ocrx_word' id='word_1_802' title='bbox 2031 5735 2063 5779; x_wconf 89' lang='lat' dir='ltr'><strong>a</strong></span> <span class='ocrx_word' id='word_1_803' title='bbox 2085 5713 2267 5783; x_wconf 74' lang='grc' dir='ltr'><strong>Ῥεῖυῶ</strong></span> <span class='ocrx_word' id='word_1_804' title='bbox 2295 5729 2349 5785; x_wconf 91' lang='lat' dir='ltr'><strong>in</strong></span> <span class='ocrx_word' id='word_1_805' title='bbox 2372 5713 2766 5802; x_wconf 44' lang='lat' dir='ltr'><strong>iniiinii}:</strong></span> 
     </span>
    </p>
   </div>
  </div>
