4202 6442
198 428 302 495 193

1094 429 1197 490 AD
1235 426 1827 491 AMPHILOCBIUM
1868 427 2212 500 QUES‘HO
2242 428 2451 489 XXVI.

3322 430 3424 495 ιρι

265 538 332 591 Ei
356 533 532 605 βούλει
559 534 617 589 δὲ
646 534 746 588 καὶ
773 532 1118 605 παραμύθιον
1136 537 1258 597 ταῖς
1288 534 1574 604 μεγίσταις
1602 550 1758 604 περι.
1783 536 1827 596 Α

1925 534 2093 599 Adde,
2127 534 2173 590 si
2211 534 2405 603 placet,
2435 535 2579 604 quod
2622 534 2675 588 in
2724 535 3061 608 gravissimis
3110 535 3422 593 infortuniis

197 629 452 682 στάσεσιν
486 623 832 693 ιταζόμενον,
874 624 1008 695 ὀρᾷν
1070 621 1218 676 ἔστιν
1270 624 1647 693 ἀναφυόμενον
1669 624 1755 676 ιν·

1871 625 2107 678 solatium
2154 625 2281 679 hinc
2324 626 2543 694 prodire
2596 628 2866 682 videatur.
2925 626 3238 682 Enecantur
3277 630 3423 683 enim

195 717 406 771 τεῦθεν.
454 716 819 783 Σφαγιάζεται
856 718 964 784 γάρ
996 714 1065 767 τά
1102 712 1302 784 βρέφη,
1335 708 1411 767 ῶν
1438 716 1468 767 ὀ
1494 714 1606 782 βίος
1659 714 1759 766 ἀν-

1871 714 2028 782 oueri,
2060 730 2294 784 quorum
2325 716 2434 770 vita
2484 727 2706 784 peccato
2741 716 3004 778 carebat',
3052 733 3120 772 ne
3161 733 3283 771 cum
3330 733 3426 787 pa-

197 807 475 869 επίδεκτος
507 806 776 877 ἀμαρτίας
794 820 810 835 ο
828 804 908 858 ἶν’
930 804 1148 858 ιπειδαν
1177 803 1429 872 πάσχωσί
1470 820 1637 867 τινες,
1659 803 1757 873 μὴ,

196 897 286 950 διά
317 896 593 967 βαρύτητα
635 895 1121 967 πλημμελημάτων
1147 894 1457 963 νομίζοντες
1506 894 1758 964 πάσχειν,

195 986 295 1054 τὴν
354 986 419 1037 ἐκ
479 985 588 1038 τῶν
610 984 799 1037 παθῶν
843 982 1055 1053 πληγὴν
1076 982 1401 1051 ὑφίστανται
1433 981 1758 1052 βαρυτέραν,

196 1076 229 1146 ἢ
270 1074 625 1145 πικροτέραν,
645 1075 744 1127 καὶ
770 1073 907 1145 πρὸς
930 1073 1242 1140 ἀπόγνωσιν
1256 1068 1390 1126 ὦσιν
1417 1074 1728 1144 ἀφορῶντες
1743 1091 1759 1109 ·

195 1165 313 1217 ἀλλ’
348 1165 435 1218 ἴνα
470 1164 532 1217 τὸ
577 1164 962 1234 ἀναμάρτητον
1004 1162 1109 1215 τῶν
1166 1162 1404 1233 βρεφῶν,
1448 1162 1540 1217 καὶ
1588 1162 1650 1215 τὸ
1676 1163 1762 1215 ἐπ’

198 1255 430 1318 ἰκείνοις
454 1254 835 1324 τόλμηματῶν
885 1253 1195 1321 ἀλαστόρων
1227 1253 1442 1324 εχοντες
1502 1254 1761 1324 παράδει-

198 1362 319 1414 γμα
338 1344 709 1414 ψυχαγωγίας,
739 1345 837 1398 καὶ
862 1343 1046 1399 ἰκανὸν
1086 1343 1466 1413 παρακαλέσαι
1487 1343 1767 1414 μακροθυ-

200 1437 345 1503 μεῖν,
372 1436 453 1496 είς
479 1434 827 1505 εὐχαριστίαν
848 1434 1218 1489 διανίστανται
1250 1434 1345 1486 τοῦ
1378 1434 1554 1488 πάντα
1586 1432 1768 1503 σοφῶς

196 1526 265 1578 τά
289 1525 532 1595 ἡμέτερα
556 1525 985 1595 οίκονομοῦντος.
1030 1524 1141 1577 Καί
1164 1540 1227 1593 γε
1253 1524 1317 1595 δὴ
1351 1524 1448 1578 καὶ
1476 1525 1537 1577 τὸ
1562 1524 1629 1577 δι’
1653 1517 1770 1578 ὦ·ιό

198 1616 393 1685 φθόνος
424 1615 599 1678 οὐδεὶς
647 1614 1045 1685 άναφλίγεσθαι
1082 1613 1266 1686 χώραν
1302 1612 1448 1685 εἶχεν
1485 1616 1768 1687 (ἀρτιγενῆ

196 1708 310 1775 γάρ
342 1705 515 1776 βρέφη
550 1705 654 1759 τίν’
704 1706 771 1761 ἀν
795 1706 1070 1777 παράσχοι
1117 1706 1391 1775 πρόφασιν
1411 1705 1767 1775 βασκανίας),

196 1796 338 1849 ἀλλά
364 1795 548 1866 γάρτὸ
567 1794 688 1848 κατ’
711 1796 934 1849 ἐκείνων
974 1799 1054 1860 είς
1097 1794 1311 1864 σφαγὴν
1390 1795 1563 1859 οὕτως
1616 1794 1770 1848 ἀναί·

200 1860 455 1954 σχυντον,
511 1883 608 1938 καὶ
653 1884 1007 1954 ἀνιστόρητον
1063 1860 1389 1954 ἐξορμῆσαι,
1445 1882 1761 1953 ζητήματος
1800 1860 1843 1915 Β

197 1977 357 2029 λύσιν
405 1977 506 2029 οὐκ
531 1976 680 2029 ἐστιν
726 1975 935 2047 ἄπορον
960 1977 1286 2045 παρασχεῖν,
1314 1974 1427 2027 οὐδ’
1472 1977 1554 2036 είς
1592 1974 1769 2044 εὐμά-

200 2085 356 2139 ρειαν
415 2066 838 2137 μεταρυθμίσαι,
915 2067 1082 2130 ὅπως,
1133 2067 1195 2119 τὸ
1255 2066 1601 2136 μισόχριστον
1662 2064 1771 2120 τῶν

211 2158 482 2211 Ἰουδαίων
514 2158 667 2225 γένος
699 2155 1107 2227 εὐεργετοῦντα,
1129 2156 1224 2209 καὶ
1255 2155 1643 2229 θεραπεύοντα,
1682 2155 1771 2208 νό-

199 2266 330 2313 σους
353 2250 606 2312 ἀνιάτους
644 2248 738 2301 τὸν
765 2248 991 2319 Σωτῆρα
1041 2248 1162 2300 ἀντὶ
1189 2245 1283 2299 τοῦ
1310 2244 1631 2313 δοξολογείν,
1674 2244 1771 2298 καὶ

200 2341 495 2409 στεφάνοις
523 2339 849 2409 ἀμείϐεσθαι
892 2337 1154 2409 χαρίτων,
1187 2336 1403 2407 σταυρῷ
1424 2335 1769 2401 κατεδίκασε,

199 2430 298 2481 καὶ
318 2427 667 2497 ἐπονειδίστῳ
722 2425 957 2496 θανάτῳ.
1017 2424 1079 2477 El
1128 2424 1366 2495 γάρ,ἓφ⁹
1412 2418 1538 2480 ῶνό
1580 2424 1772 2493 φθόνος

200 2518 464 2588 οὐδεμίαν
509 2518 743 2589 πάροδον
768 2512 904 2585 εἶχε,
941 2518 1121 2587 σφαγῇ
1157 2516 1283 2577 τούς
1314 2516 1584 2579 ἀναιτίους
1605 2518 1634 2569 ὀ
1661 2515 1772 2568 τῶν

211 2609 487 2661 Ἰουδαίων
516 2607 739 2677 ἡγεμὼν
775 2605 1061 2675 μετῆλθεν,
1091 2607 1141 2658 cl
1170 2608 1287 2667 ταῖς
1319 2604 1650 2674 μιαιφονίαις
1680 2605 1772 2659 ὐπ’

200 2698 369 2753 αὐτοῦ
397 2697 924 2769 παιδοτρισηθέντες,
948 2697 1043 2750 καὶ
1072 2696 1580 2767 προγυμνασθέντες
1602 2696 1653 2748 τί
1673 2697 1773 2750 οὐκ

198 2791 267 2843 ἂν
297 2790 703 2859 ἀπετόλμησαν,
729 2789 964 2856 μάλιστα
1001 2786 1181 2840 αὐτῶν
1230 2787 1547 2857 τηλικούτου
1569 2787 1766 2856 φθόνου

203 2880 674 2951 στρατηγοῦντοςς
734 2879 846 2933 Καὶ
881 2878 991 2950 γὰρ
1038 2871 1115 2933 ῶν
1147 2877 1295 2931 ἔστιν
1341 2880 1474 2950 ὀρᾷν
1506 2879 1642 2950 ἔργα
1674 2895 1774 2947 μεο

201 2973 369 3039 γάλα,
400 2973 493 3024 καὶ
551 2965 876 3039 θαυμάσια,
908 2970 1001 3023 καὶ
1050 2969 1157 3023 τῶν
1200 2968 1410 3021 πολλῶν
1448 2970 1584 3037 πρὸς
1635 2966 1775 3022 αὐτά

200 3061 361 3114 οὐδὲν
392 3061 612 3113 ἔλαττον
638 3060 738 3130 τὴν
759 3059 909 3120 θέαν,
934 3058 967 3126 ἢ
995 3057 1092 3126 τὴν
1120 3056 1331 3110 εὔνοιαν
1362 3057 1773 3127 ἐπιστρέφοντα,

199 3153 319 3219 ὅσῳ
353 3153 479 3213 τοὺς
495 3147 839 3219 εὐγνώμονας
863 3150 943 3212 είς
962 3148 1262 3218 εὐφημίαν,
1280 3147 1373 3201 καὶ
1397 3146 1581 3217 θαῦμα
1603 3147 1773 3214 γλυκύ
1801 3184 1845 3243 c

200 3244 305 3295 καὶ
328 3240 729 3310 σεϐασμιότητα
784 3239 1063 3309 διεγείρει,
1109 3238 1349 3308 τοσούτῳ
1380 3238 1613 3308 μάλιστα
1658 3240 1773 3300 τοῖς

202 3333 526 3403 ἀχαρίστοις
574 3332 668 3385 καὶ
716 3330 1122 3401 κακομηχάνοις
1177 3329 1239 3383 τὸ
1283 3330 1565 3399 ἐξάγιστον
1616 3328 1772 3381 τοῦτο

202 3424 380 3486 πάθος
412 3421 776 3476 ἐνδυναστεύει
832 3416 927 3475 καὶ
965 3422 1029 3475 τδ
1054 3421 1253 3485 κράτος
1286 3422 1497 3492 άμαγον
1519 3420 1774 3491 αριὸἀλ-

199 3514 378 3567 λεται.

278 3607 344 3659 El
386 3604 443 3658 δί
479 3620 561 3657 σοι
594 3602 745 3674 φίλον
785 3601 881 3656 καὶ
924 3601 1145 3665 πλείους
1191 3602 1512 3673 επιθεωρείν
1554 3604 1768 3672 αίτίας,

201 3696 429 3768 πρῶτος
470 3695 570 3764 μὲν
612 3697 641 3748 ὀ
668 3692 874 3756 δίκαιος
908 3692 1073 3746 ’Δδελ
1098 3693 1249 3746 οὑδιν
1284 3694 1535 3761 ὀφείλων,
1567 3697 1670 3750 ὅσα
1703 3714 1769 3765 γε

199 3782 344 3858 ἧκεν
392 3785 473 3846 είς
520 3785 733 3836 οἰκείων
769 3782 945 3851 ἔργων
988 3781 1231 3852 ὀφειλὴν,
1282 3783 1624 3852 παραδοθεὶς,
1678 3786 1773 3839 καὶ

205 3874 537 3943 δποδληθεὶς
564 3872 640 3943 τῷ
682 3872 899 3942 θανάτῳ
933 3870 1143 3949 σαθρὰν
1170 3872 1334 3925 αὐτοῦ
1364 3872 1475 3926 τῶν
1507 3873 1771 3943 θεμελίων

200 3968 303 4037 τὴν
335 3964 577 4036 κρηπῖδα
606 3963 1083 4034 καταϐαλλομένην
1108 3964 1332 4031 ἔδειξεν.
1376 3965 1529 4019 Ἐπεὶ
1558 3966 1616 4019 δὲ
1650 3965 1769 4036 μετ’

200 4058 373 4109 αὐτὸν
407 4055 591 4108 πολλοὶ
631 4053 741 4107 τῶν
770 4054 972 4125 ινόχων
1015 4054 1418 4126 περιετείχισάν
1449 4071 1509 4109 τε
1554 4057 1653 4109 καὶ
1685 4055 1772 4121 ἐξ·

201 4148 516 4217 ωρόφωσαν
539 4145 704 4198 αὐτοῦ
725 4144 826 4215 τὴν
847 4144 1137 4215 οίκοδομὴν
1152 4146 1233 4208 είς
1261 4145 1522 4216 ὀχύρωμα
1541 4163 1558 4178 ·
1578 4145 1770 4216 ἔμελλε

200 4236 261 4289 δὲ
296 4238 325 4290 ὀ
356 4235 549 4308 Σωτὴρ
589 4234 678 4289 tr."
715 4234 1003 4307 εὐεργεσία
1029 4234 1125 4288 τοῦ
1150 4234 1343 4303 γένους
1375 4236 1771 4308 παραγεγονὼς

203 4324 495 4379 σκυλεύειν
524 4323 686 4377 αὐτοῦ
715 4323 785 4377 τά
829 4323 1101 4393 βασίλεια⁸
1142 4325 1307 4378 οιονεὶ
1347 4326 1634 4397 δορυφόροι
1688 4344 1771 4381 τι-

201 4418 295 4480 νξς
344 4414 443 4468 καὶ
475 4414 772 4487 πρόδρομοι
798 4415 894 4469 τοῦ
932 4415 1167 4486 μεγάλω
1207 4415 1470 4485 βασιλέως
1516 4418 1769 4488 ἀναμάρ-

200 4506 361 4577 τητοί
392 4521 449 4557 τε
472 4544 488 4566 ,
520 4504 614 4558 καὶ
641 4508 754 4568 τοῖς
790 4507 1147 4575 μαρωρικοῖς
1182 4506 1378 4576 αἵμασι
1410 4508 1771 4579 περιρρεόμε-
1794 4511 1849 4571 D

205 4613 287 4649 νοι
320 4593 649 4649 καταλαϐεῖν
677 4597 803 4658 τοὺς
834 4597 893 4648 ιν
919 4594 997 4664 τῷ
1027 4595 1127 4667 ᾅδῃ
1160 4599 1553 4667 κατεχομένους
1577 4598 1771 4651 διοιιιο⁴

200 4688 542 4756 νομοῦνται,
598 4687 694 4740 καὶ
760 4686 1313 4756 προαποστέλλονταιο
1380 4688 1494 4758 ἀμα
1553 4705 1611 4741 τε
1673 4689 1773 4758 τὴν

199 4778 548 4848 Δεσποτικὴν
595 4778 913 4848 παρουσίαν,
942 4777 1036 4831 καὶ
1063 4778 1247 4848 κοινὴν
1278 4777 1650 4850 ἀπολύτρωσιν
1685 4778 1774 4831 διὰ

200 4870 305 4941 τῆς
362 4869 545 4923 αὐτῶν
585 4869 907 4933 ἐπιστασίας
955 4868 1454 4939 εὐαγγελιζόμενοι,
1512 4870 1605 4922 καὶ
1666 4868 1773 4921 δει-

201 4964 440 5025 κνύντες
462 4962 563 5025 τὰς
588 4962 824 5032 σφαγὰς,
848 4961 915 5024 ἃς
945 4961 1034 5014 διὰ
1053 4962 1144 5015 τὸν
1167 4960 1346 5013 κοινὸν
1373 4959 1771 5030 Ἐλευθερωτὴν

200 5055 482 5121 ὑπέσχον·
517 5054 611 5106 καὶ
650 5052 719 5106 δι’
760 5050 939 5106 αὐτῶν
986 5050 1329 5120 πιστούμενοι
1364 5051 1769 5119 παραγενέσθαι

198 5146 297 5198 τὸν
351 5141 460 5195 ὐπὸ
510 5140 803 5213 προφητῶν
847 5126 1351 5213 ἀνακηρυττόμενον
1402 5140 1635 5211 Σωτῆρα
1673 5137 1767 5191 τοῦ

199 5236 405 5304 γένους
424 5248 439 5263 ·
471 5232 565 5285 καὶ
590 5231 652 5302 δὴ
684 5232 778 5285 καὶ
808 5232 901 5284 τὸν
928 5231 1061 5301 ᾅδην
1085 5230 1299 5301 ὁρῶντα
1346 5230 1612 5299 τοσαύτην
1656 5230 1769 5299 φά-

199 5325 390 5393 λαγγα
424 5324 634 5393 μυρίων
672 5323 979 5377 ἀνευθύνων
1007 5322 1302 5393 ἁμαρτίαις
1336 5322 1633 5374 ἐπιστᾶσαν
1677 5324 1769 5373 ὲκ-

198 5416 544 5487 δειματῶσαί
572 5431 655 5477 τε,
686 5415 779 5468 καὶ
809 5415 906 5484 τὴν
928 5415 1050 5467 ὅσον
1076 5412 1229 5467 οθπω
1250 5453 1266 5476 ,
1298 5411 1593 5483 μέλλουσαν
1618 5409 1769 5480 αὐτῷ

201 5506 454 5574 παντελῆ
500 5506 818 5575 καθαίρεσιν
859 5505 949 5558 διὰ
1000 5504 1111 5557 τῶν
1150 5503 1450 5574 προοιμίων
1481 5501 1765 5568 ἐπιδείξαι.

214 5598 651 5669 Ἀναμαρτήτων
675 5596 804 5669 γάρ,
838 5599 931 5650 καὶ
951 5595 1074 5649 τότε
1098 5595 1368 5649 τοσούτων
1390 5596 1571 5662 σφαγῇ
1599 5611 1767 5647 κατα-

202 5693 398 5746 ϐάλλει
427 5687 725 5752 παντελῶς,
755 5687 849 5742 καὶ
878 5690 1189 5757 ἀφαιρεῖται
1212 5686 1273 5741 τὺ
1299 5684 1392 5741 τοῦ
1421 5684 1650 5739 θανάτου
1684 5684 1765 5738 δι-

204 5785 455 5853 καίωμα.

482 5873 727 5934 Pii-ntus
770 5861 905 5933 'Ga.
950 5873 1041 5933 CI.

1859 802 2065 855 liuntur
2110 803 2298 872 aliqui,
2351 804 2422 857 oh
2460 804 2742 872 culparum
2794 806 3108 873 gravitatem
3157 819 3217 859 se
3261 806 3425 875 plecti

1859 900 2132 961 putantes,
2166 894 2377 961 plagam
2418 908 2484 946 cx
2530 894 2661 961 ipsis
2707 894 2875 947 animi
2922 895 3426 964 perturbationibus

1861 981 2188 1048 graviorem,
2217 987 2312 1032 aut
2339 980 2673 1034 acerbiorem
2724 981 2972 1047 reddant,
3024 997 3200 1051 neque
3242 983 3296 1036 in
3327 982 3427 1039 de-

1862 1068 2226 1135 sperationem
2269 1069 2628 1138 dejiciantur;
2677 1071 2771 1125 sed
2821 1072 3187 1126 innocentiam
3229 1088 3429 1142 pueru-

1863 1172 2004 1221 rum,
2029 1157 2298 1227 simulque
2335 1160 2389 1211 in
2415 1174 2511 1214 eos
2534 1160 2881 1214 exsecranda:
2922 1160 3215 1230 impietatis
3250 1178 3432 1220 exem-

1865 1248 2011 1316 plum
2061 1248 2324 1303 habentes
2360 1250 2475 1317 {pro
2525 1258 2844 1318 argumento
2896 1252 3099 1314 solatii,
3159 1254 3303 1323 quod
3363 1255 3430 1311 ad

1865 1338 2226 1393 constantiam
2251 1338 2546 1393 hortationi
2590 1340 2841 1407 sufﬁciat,
2867 1342 2934 1396 ad
2962 1346 3162 1412 gratias
3194 1346 3430 1415 agendas

1868 1428 1937 1490 ei,
1968 1429 2060 1496 qui
2092 1438 2279 1483 nostra
2301 1428 2481 1483 omnia
2505 1430 2905 1498 sapientissime
2930 1434 3261 1500 moderatur,
3288 1437 3433 1491 exci-

1869 1526 2068 1574 tentur.
2094 1516 2265 1573 Porro
2285 1530 2464 1573 autem
2493 1536 2560 1575 ex
2596 1535 2662 1575 eo
2692 1523 2861 1591 quod,
2906 1522 2959 1576 in
2990 1525 3189 1593 quibus
3224 1527 3430 1582 nullam

1870 1608 2223 1662 succensendi
2267 1623 2454 1662 ausam
2505 1608 2739 1663 habebat
2796 1610 2994 1664 invidia
3038 1611 3222 1681 (quam
3282 1615 3429 1668 enim

1870 1714 2045 1768 nuper
2070 1699 2184 1753 nati
2217 1701 2371 1769 pueri
2406 1700 2706 1771 praberent
2749 1702 2859 1756 odii
2910 1702 3193 1771 causam?)
3239 1705 3295 1758 in
3326 1687 3433 1759 .bis

1872 1790 2230 1846 nihilominus
2277 1807 2450 1862 usque
2495 1792 2563 1847 ad
2609 1807 2796 1848 necem
2844 1794 2982 1848 adeo
3035 1795 3430 1863 impudentem,

1873 1888 2035 1949 atque
2072 1882 2367 1937 inauditam
2426 1884 2676 1953 impietas
2731 1886 3016 1947 exarserit,
3061 1885 3274 1941 diflicile
3322 1902 3430 1941 non

1871 1982 1955 2027 est
1986 1973 2304 2042 questionis
2334 1972 2657 2028 solutionem
2695 1974 2961 2044 depromi,
2998 1986 3158 2046 atque
3198 1976 3253 2031 in
3288 1978 3435 2047 apri-
3527 2030 3535 2041 η

1871 2078 1994 2118 cum
2028 2063 2282 2135 proferri,
2328 2080 2567 2133 quanam
2615 2065 2825 2121 scilicet
2861 2052 3087 2121 ratione.
3122 2065 3431 2124 Iudaeorum

1872 2154 2019 2207 natio
2070 2152 2289 2208 Christo
2341 2153 2732 2221 infensissima,
2779 2153 3094 2209 fundentem
3146 2156 3433 2223 beneficia,

1872 2253 2034 2314 amne
2060 2245 2485 2299 immedicabiles
2525 2246 2747 2299 morbos
2776 2255 3060 2300 sanantem
3092 2245 3433 2305 Servatorem

1872 2352 1980 2390 non
2030 2338 2193 2393 modo
2240 2353 2351 2391 non
2404 2338 2656 2392 laudibus
2705 2348 2759 2393 et
2798 2342 3016 2395 coronis
3074 2342 3209 2410 grati
3264 2343 3433 2397 animi

1870 2440 2001 2497 ergo
2042 2437 2325 2493 mactaret,
2372 2429 2467 2483 sed
2513 2430 2676 2483 etiam
2717 2446 2878 2485 cruce
2913 2446 2976 2485 ac
3016 2444 3188 2489 morte
3230 2436 3435 2503 turpis-

1871 2515 2008 2569 sima
2032 2515 2322 2569 damnarit.
2347 2516 2402 2569 Si
2424 2519 2569 2572 enim
2598 2518 2935 2587 innocentes,
2962 2521 3229 2591 inquibus
3254 2524 3434 2580 nullus

1872 2604 2087 2659 invidia:
2145 2606 2361 2675 patebat
2420 2608 2621 2674 aditus,
2690 2607 3003 2665 Judaeorum
3060 2613 3309 2684 princeps
3362 2616 3431 2670 ad

1872 2702 2102 2750 mortem
2155 2706 2470 2766 persecutus
2517 2710 2623 2767 est,
2670 2701 2797 2769 quid
2845 2717 2954 2756 non
3009 2704 3277 2772 praecipue
3330 2706 3434 2760 sub

1874 2793 2037 2840 tanta:
2063 2786 2352 2856 impietatis
2399 2790 2662 2858 auspiciis
2701 2791 2965 2846 auderent
3005 2792 3041 2847 ii
3087 2795 3180 2862 qui
3219 2796 3289 2849 ab
3317 2796 3435 2865 ipso

1874 2879 2094 2933 saevitia:
2135 2880 2528 2935 institutionem
2576 2897 2641 2936 ac
2702 2884 3019 2950 prteiudium
3075 2888 3435 2956 acceperant?

1873 2968 2007 3021 (lum
2051 2969 2195 3022 enim
2247 2970 2468 3039 grandia
2516 2979 2571 3025 et
2621 2971 2757 3025 mira
2816 2984 3128 3039 spectantur
3169 2975 3431 3044 facinora,

1874 3066 1927 3109 et
1975 3072 2094 3125 qua
2131 3059 2425 3112 multorum
2478 3075 2585 3114 non
2636 3062 2815 3117 minus
2872 3065 3219 3119 attentionem
3266 3083 3430 3136 quam

1876 3148 2301 3203 benevolentiam
2350 3150 2452 3204 sibi
2492 3153 2826 3217 conciliant,
2877 3165 3082 3222 quanto
3114 3158 3285 3226 magis
3318 3158 3435 3215 lucc

1878 3236 1933 3291 in
1962 3238 2151 3295 amicis
2190 3241 2631 3307 celebrationem,
2670 3244 3191 3316 demirationemque
3232 3248 3435 3316 jucun-

1875 3326 2000 3381 dam
2050 3339 2210 3399 atque
2243 3330 2561 3401 obsequium
2602 3334 2874 3399 excitant,
2911 3345 3060 3389 ta‘nto
3104 3336 3155 3389 in
3207 3338 3434 3407 ingratis

1875 3431 1940 3470 ac
1970 3419 2216 3488 malignis
2238 3421 2553 3477 detestabile
2602 3424 2704 3479 hoc
2738 3424 2929 3478 vitium
2955 3426 3237 3496 imperium
3289 3447 3434 3486 νιηι-

1876 3522 1981 3577 que
2018 3508 2433 3578 insuperahilem
2458 3513 2714 3582 acquirit.

1947 3594 2100 3659 Quod
2150 3596 2195 3650 si
2245 3597 2340 3651 tibi
2392 3598 2547 3667 plura
2594 3616 2813 3671 quoque
2857 3603 3069 3672 placeat
3120 3607 3435 3676 conspicere

1880 3685 2195 3754 hujusmodi
2224 3689 2455 3743 crimina
2480 3730 2497 3754 ,
2535 3702 2809 3747 memento
2849 3696 2993 3763 quod
3031 3696 3186 3761 Abel,
3225 3698 3435 3767 primus

1878 3776 1967 3829 ille
2023 3776 2204 3844 justus
2261 3794 2385 3832 cum
2442 3781 2588 3835 nulla
2658 3798 2882 3838 suarum
2944 3784 3217 3841 actionum
3274 3789 3437 3858 culpa

1876 3876 2167 3929 teneretur.
2201 3870 2446 3939 proditus
2494 3882 2657 3942 atque
2698 3889 2796 3943 per
2826 3874 3054 3931 insidias
3092 3877 3256 3931 morti
3300 3878 3437 3933 sub-

1870 3958 2084 4027 jectus,
2128 3962 2458 4015 exsecranda
2495 3962 2740 4030 ejusdem
2796 3964 2911 4019 vitii
2955 3966 3433 4023 fundamentorum

1874 4047 2137 4117 principia
2182 4048 2327 4117 jacta
2359 4051 2472 4115 jam
2516 4066 2639 4106 esse
2683 4054 2945 4109 ostendit.
2991 4039 3257 4120 Quoniam
3301 4071 3434 4111 vero

1875 4150 1999 4209 post
2048 4140 2199 4194 illum
2274 4143 2427 4196 multi
2486 4145 2846 4201 conscelerati
2909 4148 3160 4203 homines
3217 4150 3437 4206 invidia:

1876 4231 2047 4300 ipsius
2071 4233 2250 4286 sedem
2280 4247 2440 4288 muro
2475 4248 2540 4290 ac
2570 4244 2711 4290 tecto
2745 4240 3093 4306 munierunt,
3120 4250 3284 4312 atque
3310 4256 3435 4297 eam

1876 4322 2038 4391 regali
2076 4321 2218 4377 fastu
2252 4322 2577 4394 Redemptor
2608 4327 2886 4382 hominum
2932 4329 3076 4385 bono
3104 4343 3262 4387 natus
3308 4350 3440 4405 spo-

1873 4412 2108 4467 liaturus
2157 4423 2315 4479 erat,
2390 4422 2649 4486 tanquam
2709 4420 2895 4489 magni
2966 4423 3108 4491 regis
3171 4428 3434 4484 satellites

1873 4504 2091 4574 quidam
2120 4514 2284 4574 atque
2315 4522 2680 4573 praecursores
2708 4510 3047 4575 innocentes,
3076 4524 3130 4568 et
3183 4520 3431 4588 martyrii

1873 4597 2139 4665 sanguine
2174 4597 2495 4652 circumfusi
2530 4600 2595 4651 ad
2640 4614 2757 4663 eos,
2800 4602 2894 4670 qui
2929 4603 2982 4656 in
3022 4605 3188 4660 limbo
3217 4608 3434 4663 detine-

1872 4686 2088 4750 bantur,
2111 4687 2500 4756 amplexandos
2523 4689 2836 4759 diriguntur
2868 4694 3379 4767 prtemittunturque
3398 4738 3416 4762 ,

1873 4786 1928 4831 ut
1956 4792 2053 4832 sua
2087 4778 2371 4845 prasentia
2403 4780 2567 4833 simul
2593 4790 2648 4834 et
2698 4780 2911 4835 Domini
2940 4785 3228 4841 adventum
3270 4799 3435 4859 atque

1872 4883 2211 4922 communem
2242 4869 2617 4925 liberationem
2656 4874 3110 4944 evangelizarent,
3150 4882 3433 4937 mactatio-

1871 4974 2102 5027 nemque
2148 4976 2302 5013 suam
2332 4975 2432 5029 pro
2482 4965 2760 5017 communi
2811 4966 3098 5021 Servatore
3144 4969 3430 5026 toleratam

1870 5052 2251 5115 ostenderent,
2285 5067 2348 5107 ac
2371 5051 2561 5108 Patres
2586 5069 2681 5123 per
2709 5070 2805 5109 eos
2831 5058 3115 5112 crederent
3140 5074 3168 5112 τι
3192 5063 3428 5130 prophe-

1873 5141 1942 5194 tis
1976 5143 2321 5210 praedicatum
2346 5145 2514 5197 nostri
2552 5148 2769 5215 generis
2797 5146 3169 5203 Liheratorem
3197 5153 3425 5216 adesse;

1872 5232 1981 5285 imo
2017 5234 2179 5288 etiam
2217 5242 2274 5286 ut
2318 5234 2561 5289 infernus
2593 5246 2741 5291 tanta
2794 5239 3206 5295 innumerorum
3239 5242 3429 5295 inson-

1872 5323 2002 5376 tium
2059 5324 2405 5379 multitudine
2459 5322 2780 5382 adveniente
2826 5338 3158 5394 terreretur,
3209 5331 3432 5386 absolu-

1870 5423 2087 5483 tamque
2103 5415 2512 5471 debellationem
2537 5426 2566 5470 ιι
2595 5432 2653 5471 se
2680 5418 2920 5472 nondum
2942 5430 3305 5489 exspectatam
3334 5434 3429 5490 per

1869 5506 2113 5573 quaedam
2146 5507 2401 5575 praeludia
2434 5510 2887 5576 prtesentisceret.
2916 5510 3135 5566 Scilicet
3166 5512 3428 5566 innocen-

1869 5598 2027 5659 tium,
2060 5606 2114 5651 et
2153 5599 2371 5667 quidem
2421 5607 2502 5654 tot
2532 5616 2823 5669 puerorum
2872 5604 3078 5659 occisio
3119 5607 3309 5661 mortis
3336 5604 3428 5675 jus

1871 5704 2094 5759 prorsus
2123 5690 2316 5745 evertit
2347 5706 2411 5745 ac
2440 5692 2690 5749 destruit.

3021 5856 3057 5913 ’Ζ
