4202 6442
789 417 892 482 195

1933 418 2194 478 PHOTII
2225 417 2730 480 PATRIARCHE
2759 419 2871 482 CP.

3926 419 4025 482 196

861 528 958 584 llis
989 529 1215 594 accedit,
1251 525 1397 597 quod
1441 527 1638 582 divinae
1682 525 1973 597 Sapientia:
2015 531 2359 584 consuetudo

2533 531 2678 602 Πρὸς
2706 531 2765 584 δέ
2787 547 2852 599 γε
2879 531 2993 590 τοῖς
3017 529 3329 601 εἰρημένοις
3357 529 3451 584 καὶ
3474 529 3535 584 τδ
3559 529 3790 600 σύνηθες
3811 531 3916 593 τῆς
3936 532 4029 584 τοῦ

798 618 902 672 hac
954 617 1008 670 in
1069 633 1127 671 re
1181 619 1381 672 mirum
1446 629 1709 687 quantum
1773 617 2046 688 eﬂ‘ulgeat.
2109 620 2356 686 Quonam

792 707 991 777 pacto?
1043 707 1192 761 Solet
1237 708 1292 760 in
1339 709 1595 762 omnibus
1635 707 1934 778 ingenium,
1977 717 2031 761 et
2080 710 2356 778 eloquium

791 799 1062 852 excedens
1110 797 1296 852 divina
1360 798 1635 867 Sapientia
1683 813 1748 852 ex
1809 798 2057 852 tristibus
2115 813 2179 852 ea
2236 814 2359 867 quae

791 888 1046 958 gaudium
1095 897 1150 942 et
1197 889 1529 958 voluptatem
1568 897 1846 958 praestant,
1896 889 2147 954 educere,
2196 899 2360 957 atque

789 993 858 1034 ex
913 980 1204 1034 contrariis
1255 979 1532 1033 contraria
1587 993 1928 1048 comparare.
1993 978 2059 1033 Et
2115 980 2355 1048 primum

787 1070 1007 1141 quidem
1067 1068 1362 1139 Josephum
1413 1070 1651 1124 fraterna
1720 1071 1923 1124 invidia
1985 1079 2234 1124 vexatum
2289 1070 2358 1123 ad

787 1160 1009 1232 Δίκῃ)ιί
1049 1161 1337 1230 imperium
1385 1161 1582 1215 evexit.
1639 1159 1754 1214 Nisi
1799 1163 1944 1214 enim
1995 1159 2193 1215 fratres
2238 1161 2358 1230 ejus

788 1252 1004 1306 invidos
1049 1252 1102 1305 in
1147 1253 1324 1321 ipsum
1369 1252 1560 1306 oculos
1610 1251 1998 1320 coniecissent,
2044 1253 2358 1320 neutiquam

785 1343 1039 1397 venditus
1069 1342 1281 1405 fuisset,
1339 1344 1685 1413 neutiquam,
1733 1343 1837 1396 nisi
1867 1342 2122 1396 venditus
2155 1352 2209 1396 et
2248 1357 2361 1396 ser-

784 1437 962 1498 viens,
1026 1445 1082 1489 et
1143 1434 1418 1505 pudicitiae
1475 1450 1586 1489 non
1643 1432 1974 1488 erubescens
2029 1434 2358 1497 libertatem,

785 1528 1040 1582 latuisset
1095 1527 1148 1579 in
1196 1527 1434 1579 vinculis
1465 1525 1717 1581 detentus
1748 1543 1761 1578 :
1797 1525 1903 1578 nisi
1939 1523 2176 1577 vinculis
2223 1537 2360 1577 con-

787 1621 1013 1676 strictus
1054 1628 1214 1682 esset,
1252 1619 1391 1673 duos
1439 1618 1667 1672 somniis
1702 1617 2005 1686 implicatos
2045 1631 2153 1670 non
2193 1615 2361 1669 extri-

787 1719 987 1773 casset,
1039 1725 1218 1778 neque
1276 1710 1400 1763 inde
1457 1709 1783 1763 innotuisset
1826 1707 2122 1770 Pharaoni,
2187 1722 2361 1775 neque

787 1799 985 1854 fuisset
1029 1799 1329 1853 secundum
1380 1799 1528 1853 hunc
1574 1798 1802 1867 imperio
1857 1796 2072 1867 Egypti
2135 1798 2356 1865 potitus.

2457 620 2594 672 θεοῦ
2631 621 2822 688 σοφίας
2849 618 3086 673 ἐνταῦθα
3114 619 3352 689 μάλιστα
3379 619 3848 691 παρρησιάζεται.
3873 620 4032 672 Ποῖον

2457 710 2648 775 τοῦτο;
2689 709 2894 763 Είωθεν
2928 710 3006 772 ὡς
3036 709 3238 764 ἐπίπαν
3295 713 3330 781 ἡ
3377 710 3734 782 ἀπερινόητος
3756 748 3773 772 ,
3812 710 3906 761 καὶ
3943 709 4034 761 ἀν-

2459 801 2768 872 έκφραστος
2815 802 2911 856 τοῦ
2943 801 3080 855 Θεοῦ
3123 802 3285 870 σοφία
3339 802 3403 856 ἐκ
3443 802 3553 856 τῶν
3592 801 3833 872 ἀνιαρῶν
3897 817 4034 869 προ-

2459 896 2636 963 άγειν,
2667 895 2702 948 ἀ
2725 897 2899 966 χαρᾶς
2934 896 3069 956 ἐστι,
3097 894 3192 948 καὶ
3219 893 3558 963 εὐφροσύνης
3586 891 3900 963 παρεκτικά
3941 894 4036 944 καὶ

2466 987 2531 1038 ἐκ
2573 985 2683 1038 τῶν
2712 986 2972 1044 ἐναντίων
3015 986 3282 1056 πηγάζειν
3322 985 3389 1038 τά
3419 983 3790 1053 ἀντικείμενα.
3823 983 4035 1035 Αὐτίκα

2460 1077 2525 1128 ἐκ
2583 1076 2681 1144 τῆς
2741 1073 3040 1144 βασκανίας
3083 1075 3194 1127 τῶν
3252 1074 3496 1141 ἀδελφῶν
3547 1072 3638 1124 τὸν
3673 1071 3876 1140 Ἰωσὴφ
3941 1073 4032 1123 τὸν

2459 1165 2798 1235 φθονηθέντα
2822 1167 2921 1235 τῆς
2949 1166 3228 1232 Αίγύπτου
3254 1165 3556 1230 κατέστησε
3608 1164 3818 1232 κύριον.
3856 1163 3921 1214 Ei
3962 1163 4035 1230 μὴ

2459 1257 2569 1327 γάρ
2615 1257 2870 1327 φθονερὸν
2904 1256 3052 1325 αύτῷ
3083 1254 3346 1307 ἐπέϐαλον
3395 1255 3548 1322 ὄμμα
3593 1253 3641 1305 oi
3686 1254 3794 1305 τῶν
3826 1252 4039 1304 ὠδίνων

2460 1349 2727 1410 κοινωνοὶ,
2755 1349 2856 1401 οὑκ
2904 1346 2971 1401 ἂν
3023 1346 3262 1417 ἐπράθη,
3304 1345 3404 1398 οὐκ
3433 1345 3500 1397 ἃν
3532 1344 3607 1415 μὴ
3640 1343 3908 1413 πραθεὶς,
3943 1345 4038 1397 καὶ

2459 1437 2744 1501 δουλεύων,
2795 1438 2892 1491 καὶ
2929 1436 3030 1507 τὴν
3071 1437 3171 1506 τῆς
3219 1435 3573 1506 σωφροσύνης
3612 1436 3712 1488 οὐκ
3756 1433 4037 1503 αἰσχύνων

2461 1528 2776 1598 ἐλευθερίαν
2805 1529 3177 1598 δεσμωτήριον
3201 1528 3448 1598 ᾤκησενσ
3481 1528 3530 1579 εί
3560 1527 3636 1595 μὴ
3660 1527 3884 1594 δέσμιος
3912 1528 4035 1592 ἐγε-

2460 1621 2630 1689 γόνει,
2661 1621 2761 1672 οὐκ
2793 1621 2859 1672 ἂν
2886 1621 3015 1678 τοὺς
3049 1620 3280 1689 ὀνείροις
3305 1619 3641 1688 δεδεμένους,
3666 1617 3910 1669 διέλυενο
3938 1617 4036 1668 οὐκ

2462 1713 2529 1766 ἂν
2555 1711 2764 1764 ἐκεῖθεν
2798 1710 3119 1782 ἐγνωρίζετο
3163 1710 3396 1781 βασιλεῖ,
3429 1709 3550 1762 ούδέ
3597 1710 3694 1777 τὴν
3722 1708 3843 1778 μετ’
3869 1708 4035 1760 αὑτὸν

2462 1802 2637 1872 ἀρχὴν
2668 1803 2765 1873 τῆς
2815 1803 3092 1870 Αἰγύπτου
3139 1801 3494 1870 ἐκεχείριστο.
3535 1799 3698 1868 Ὁρᾷς
3740 1797 3933 1867 ἡλίκον
3971 1798 4034 1849 ἐκ

786 1892 981 1947 Cernis
1023 1900 1288 1961 quantum
1325 1906 1393 1944 ex
1441 1865 1664 1944 invidia
1694 1865 2206 1956 odioque—fraterno
2238 1903 2356 1941 ma-

2460 1865 2678 1961 φθόνου,
2712 1865 2806 1946 καὶ
2872 1865 3366 1961 μισαδελφίαν-ἔφυ
3414 1865 3653 1958 ἀγαθὸν.-
3688 1865 3786 1942 καί
3813 1890 3972 1950 ὅσαις
4006 1889 4034 1940 ό

789 1984 938 2038 narit
984 1984 1226 2048 bonum,
1270 1991 1326 2037 et
1376 1993 1580 2052 quanta
1639 1981 1782 2036 Dens
1837 1979 2132 2050 Josephurn
2185 1981 2356 2051 gloria

789 2075 1116 2132 coronavit?

861 2168 1017 2222 Alius
1049 2166 1244 2222 deinde
1277 2164 1492 2219 Pharao
1537 2176 1726 2220 contra
1759 2165 2110 2222 lsraeliticam
2145 2175 2356 2237 gentem

789 2259 919 2313 odio
947 2258 1174 2324 exarsit,
1213 2274 1276 2312 ac
1307 2258 1509 2327 impius
1539 2258 1799 2312 masculis
1831 2257 2131 2312 infantibus
2175 2257 2355 2314 Nilum

789 2363 888 2418 pro
913 2347 1170 2403 carnifice
1198 2348 1506 2403 constituit.
1542 2349 1611 2401 At
1633 2361 1699 2401 ex
1731 2346 1876 2401 illius
1908 2347 2122 2401 feritate
2156 2347 2357 2403 factum

789 2449 893 2504 est,
924 2449 980 2494 ut
1012 2455 1111 2509 pro
1154 2439 1509 2507 domuncula,
1545 2439 1599 2493 in
1641 2455 1748 2509 qua
1798 2439 1960 2494 simul
2014 2439 2168 2493 multi
2201 2439 2362 2506 dege-

790 2533 941 2595 bant,
974 2545 1203 2600 qumque
1251 2531 1384 2584 nihil
1418 2546 1447 2583 a
1489 2531 1704 2585 caneris
1741 2531 2098 2600 potiularibus
2148 2531 2362 2586 differe—

790 2621 900 2680 hat.
935 2619 990 2672 in
1031 2619 1153 2672 aula
1186 2618 1568 2688 Egyptiorum
1605 2634 1792 2692 regum
1840 2619 2052 2691 Moyses
2091 2621 2363 2675 enntrire-

793 2719 901 2775 tur,
947 2709 1073 2765 inde
1099 2710 1279 2764 divina
1317 2708 1659 2765 Providentia
1703 2711 2020 2766 ostendente
2060 2712 2208 2781 quod
2263 2711 2358 2781 qui

796 2802 1011 2857 insidiis
1046 2801 1430 2870 impetebatnr,
1477 2803 1858 2856 insidiatorum
1901 2803 2190 2871 imperium
2230 2803 2362 2856 sub-

804 2901 1030 2946 acturus
1078 2901 1246 2945 esset.
1301 2887 1571 2943 Nimirum
1631 2891 1790 2960 paulo
1823 2900 1944 2960 post
1980 2891 2172 2945 mortis
2203 2905 2359 2960 paena

795 2979 1032 3032 aliiciens
1080 2975 1416 3046 Aigypthtm,
1452 2978 1545 3046 qui
1581 2993 1700 3031 eam
1748 2979 2038 3032 contribuli
2084 2994 2184 3032 suo
2218 2978 2361 3032 infe-

797 3069 972 3130 rebat,
1032 3077 1080 3121 et
1125 3067 1238 3135 jam
1295 3067 1542 3121 detectus
1604 3068 1752 3122 illinc
1807 3069 1966 3139 fugit,
2016 3086 2081 3124 ac
2142 3087 2360 3125 rursum

2457 1983 2589 2047 Θεὸς
2625 1985 2716 2036 τὸν
2757 1983 2956 2054 Ἰωσὴφ
2984 1981 3165 2046 δόξαις
3196 1981 3607 2049 κατεστέψατος

2532 2160 2722 2224 Ἀλλος
2776 2159 3003 2232 ὕστερον
3053 2159 3253 2229 Φαραὼ
3306 2157 3445 2212 κατά
3494 2157 3594 2227 τῆς
3644 2154 4031 2228 Ἰσραηλίτιδος

2459 2251 2632 2320 φυλῆς
2664 2252 2921 2321 ἐξεμάνη,
2952 2253 3046 2304 καὶ
3076 2254 3186 2312 τοίς
3212 2252 3322 2302 τῶν
3350 2248 3564 2318 βρεφῶν
3587 2249 3782 2319 άρῤεσι
3803 2248 3898 2298 τὸν
3931 2263 4029 2298 πο-

2457 2343 2630 2412 ταμὸν
2659 2345 2687 2395 ό
2719 2343 3036 2413 παράνομος
3081 2341 3342 2410 ἐπενόησε
3378 2340 3594 2410 δήμιον.
3635 2337 3795 2390 ’Λλλά
3833 2339 3899 2390 ἐκ
3936 2337 4035 2405 τῆς

2461 2434 2670 2487 ἐκείνου
2717 2436 3025 2505 μιαιφονίας
3060 2433 3088 2484 δ
3131 2431 3369 2500 Μωῦσῆς
3400 2431 3520 2481 ἀντὶ
3544 2428 3644 2498 τῆς
3672 2429 3816 2489 ἰδίας
3847 2427 4034 2488 ἑστίας

2463 2528 2591 2597 μιᾶς
2618 2525 2727 2578 τῶν
2758 2525 2967 2578 πολλῶν
3000 2524 3186 2594 οῦσης,
3231 2525 3323 2576 καὶ
3368 2523 3521 2575 οὐδὲν
3554 2523 3651 2590 τῆς
3684 2521 3794 2573 τῶν
3824 2520 4038 2589 ὁμοφύ-

2459 2616 2568 2670 λων
2596 2617 2957 2687 διαφερούσης
2996 2621 3053 2668 ἐν
3083 2619 3196 2677 τοῖς
3228 2616 3339 2666 τῶν
3365 2613 3675 2681 Αἰγυπτίων
3711 2614 4037 2681 ἀνακτόρων

2461 2707 2810 2778 ἀνετρέφετο,
2857 2707 3082 2760 αὐτόθεν
3124 2705 3224 2776 τῆς
3268 2706 3417 2769 θείας
3448 2705 3705 2774 προνοίας
3745 2702 4038 2772 ἐπιδηλού-

2463 2816 2582 2866 σης,
2607 2799 2681 2861 ὼς
2703 2799 2744 2850 ό’
2762 2799 3266 2866 ἐπιϐουλευόμενος,
3300 2798 3465 2859 αὐτὸς
3493 2798 3764 2867 ἐγκρατὴς
3787 2796 3891 2865 τῆς
3925 2797 4036 2848 τῶν

2461 2889 2919 2944 ἐπιϐουλευόντων
2965 2889 3281 2953 δυναστείας
3311 2889 3484 2941 ἔσται.
3522 2888 3757 2940 Ἔπειτα
3803 2889 3916 2956 γάρ
3965 2887 4039 2940 δίο

2461 2997 2565 3043 κας
2611 2981 2771 3050 φόνου
2819 2980 3018 3047 λαϐὼν,
3070 2981 3208 3050 ὑπὲρ
3238 2974 3314 3034 ὧν
3344 2980 3516 3048 ἠδίκει
3573 2979 3663 3030 τὸν
3696 2978 3975 3047 ὁμόφυλον
4009 2979 4036 3030 ό

2462 3072 2783 3140 Αἰγύπτιος,
2818 3073 2913 3125 καὶ
2945 3073 3270 3140 κατάφωρος
3309 3070 3546 3139 γεγονώς
3574 3085 3632 3121 τε
3661 3069 3895 3133 ἐκεῖθεν,
3943 3068 4038 3120 καὶ

797 3160 971 3226 signis
997 3158 1367 3228 prodigiisque
1398 3160 1664 3223 munitus,
1689 3170 1877 3215 contra
1901 3163 2356 3233 exspectationem

2465 3165 2625 3216 πάλιν
2680 3162 2976 3236 ὀχυρωθεὶς
3003 3165 3247 3234 σημείοις
3298 3179 3355 3215 τε
3389 3163 3482 3215 καὶ
3506 3161 3716 3231 τέρασι,
3753 3163 3850 3213 καὶ
3886 3161 4039 3230 παρά

795 3251 1040 3318 exsurgit
1092 3250 1435 3320 percutitque
1479 3249 1796 3320 Egyptum,
1843 3263 1897 3306 et
1940 3269 2094 3308 suam
2131 3255 2364 3323 denique

797 3349 1011 3410 gentem
1040 3357 1070 3395 a
1102 3342 1240 3394 dura
1265 3341 1460 3396 liberat
1489 3344 1748 3397 servitute
1776 3361 1787 3396 :
1819 3359 1913 3398 eos
1938 3354 2142 3410 autem,
2169 3348 2365 3416 quibus

797 3433 1105 3486 serviebant
1161 3431 1413 3494 Hebraei,
1478 3447 1600 3486 cum
1666 3433 1815 3486 omni
1885 3436 2122 3488 exercitu
2199 3436 2366 3490 maris

797 3520 1054 3575 ﬂuctibus
1103 3534 1202 3588 pro
1258 3518 1499 3573 fluminis
1566 3520 1725 3588 aquis
1773 3521 1936 3574 tradit
1988 3521 2362 3578 suffocandos.

800 3611 981 3677 Quare
1027 3625 1094 3663 ex
1137 3624 1204 3663 eo
1247 3608 1374 3678 quia
1418 3607 1765 3662 Hebraeorum
1814 3610 2058 3664 insontes
2098 3613 2150 3662 in
2200 3609 2366 3663 fluvio

799 3700 1008 3756 enecati
1041 3709 1189 3762 sunt,
1225 3710 1333 3753 tota
1361 3699 1507 3752 natio
1541 3715 1570 3751 a
1596 3699 1816 3752 servitio
1844 3700 2119 3769 redempta
2145 3709 2265 3764 est;
2301 3715 2364 3753 ac

801 3790 1051 3843 fremitus
1080 3788 1452 3858 Egyptiorum
1484 3804 1606 3841 cum
1653 3787 1785 3856 ipsis
1830 3789 2162 3856 agminibus,
2197 3789 2370 3843 curri-

801 3881 926 3943 bus,
957 3878 1395 3947 satellitibusque
1435 3875 1598 3932 ﬂuctu
1635 3877 1814 3932 obruti
1849 3887 1994 3931 sunt.

871 4057 932 4111 Et
988 4056 1159 4110 multa
1200 4054 1420 4125 quidem
1469 4052 1784 4124 huiusmodi
1831 4067 1895 4106 ex
1940 4051 2115 4106 sacris
2176 4051 2363 4105 Eccle-

802 4149 900 4204 size
960 4147 1206 4204 historiis
1271 4145 1502 4202 collecta
1556 4155 1740 4215 posset
1798 4145 2068 4213 quispiam
2131 4145 2185 4197 in
2253 4158 2366 4197 me-

802 4239 955 4293 dium
983 4237 1196 4292 afferre.
1230 4234 1431 4289 Eadem
1468 4236 1650 4304 itaque
1695 4235 1906 4287 ratione
1933 4248 2028 4301 per
2072 4246 2363 4286 exsecran-

803 4331 928 4382 dam
966 4329 1370 4395 immanemque
1408 4339 1700 4395 puerorum
1731 4324 1928 4378 caedem
1973 4338 2187 4377 corona:
2217 4338 2363 4375 mar-

803 4419 1014 4488 tyribns
1077 4417 1288 4487 dignae,
1345 4425 1400 4470 et
1451 4413 1934 4469 immarcescibiles
1997 4414 2132 4481 ipsis
2190 4412 2364 4468 beatis

2465 3255 2624 3320 δόξαν
2675 3257 2981 3324 ἐφίσταται,
3015 3258 3108 3309 καὶ
3146 3256 3398 3323 μαστίζει
3441 3253 3540 3324 τὴν
3588 3255 3909 3321 Αἴγυπτον·
3944 3253 4038 3305 καὶ

2464 3343 2616 3406 τέλος
2641 3345 2765 3406 τοὺς
2794 3344 2894 3413 μὲν
2924 3343 3226 3413 ὁμοφύλους
3256 3343 3356 3413 τῆς
3386 3341 3625 3412 χαλεπῆς
3654 3341 3902 3402 δουλείας
3927 3343 4037 3396 ἀπ-

2466 3435 2746 3488 αλλάττει⁶
2789 3436 2912 3497 τοὺς
2959 3435 3015 3487 δὲ
3061 3434 3648 3502 καταδουλωσαμένους
3695 3435 4040 3504 πανστρατιᾷ

2466 3525 2735 3595 Θαλάττης
2765 3526 2885 3579 ἀντὶ
2907 3526 3003 3596 τῆς
3028 3527 3296 3594 ποταμίου
3328 3525 3637 3596 μιαιφονίας
3669 3526 4037 3592 ἐναποπνίγιι

2468 3618 2755 3688 ῥεύμασιν.
2791 3619 2952 3669 Ὥστε
2996 3617 3056 3681 ἐξ
3101 3611 3174 3670 ὦν
3200 3619 3225 3669 ὁ
3256 3616 3452 3684 Φαραὼ
3496 3618 3566 3669 τά
3611 3616 3720 3669 τῶν
3755 3618 4036 3687 Ἐϐραίων

2469 3708 2644 3778 βρέφη
2683 3711 2937 3778 ποταμίῳ
2968 3709 3181 3779 θανάτῳ
3208 3709 3620 3769 κατεδικάσατο,
3644 3710 3708 3760 ἐκ
3733 3710 3945 3761 τούτων
3974 3725 4035 3760 τε

2464 3798 2525 3849 τὸ
2563 3799 2722 3865 γένος
2756 3799 2900 3852 ἅπαν
2938 3800 3182 3870 ἀνεσώθη
3235 3800 3332 3865 τῆς
3359 3799 3756 3869 αἰχμαλωσίας,
3788 3799 3887 3850 καὶ
3927 3800 4037 3850 τῶν

2466 3889 2778 3955 Αἰγυπτίων
2805 3891 2865 3942 τὸ
2895 3891 3160 3960 φρύαγμα
3203 3891 3340 3960 αὐτῇ
3377 3892 3625 3960 στρατιᾷ,
3659 3891 3752 3942 καὶ
3793 3890 4034 3960 ἅρμασι,

2467 3979 2562 4032 καὶ
2595 3980 2912 4048 τριστάταις
2942 3981 3270 4050 ὑποϐρύχιον
3303 3980 3579 4046 γεγόνασι.

2536 4068 2647 4120 Καὶ
2686 4068 2855 4121 πολλὰ
2896 4069 3120 4120 τοιαῦτα
3153 4069 3216 4119 ἐκ
3246 4067 3354 4119 τῶν
3401 4067 3563 4137 ἱερῶν
3602 4064 3884 4137 λειμώνων
3934 4067 4036 4135 τῆς

2478 4157 2802 4226 Ἐκκλησίας
2845 4156 3342 4225 άνθολογησάμενος
3387 4153 3720 4218 ἐπιδείξειεν.
3751 4155 3912 4207 Οὕτω
3951 4157 4032 4217 δέ,

2465 4244 2608 4298 οὓτω
2642 4246 2735 4298 καὶ
2768 4244 2857 4298 διά
2913 4246 3010 4314 τῆς
3047 4246 3342 4314 ἀλάστορος
3395 4245 3490 4297 καὶ
3535 4245 3884 4313 παλαμναίας
3925 4245 4037 4298 τῶν

2466 4337 2673 4406 νηπίων
2703 4339 2915 4406 σφαγῆς
2945 4338 2993 4388 oi
3026 4335 3351 4406 μαρτυρικοί
3376 4351 3435 4388 τε
3458 4376 3473 4400 ,
3503 4336 3597 4387 καὶ
3629 4337 3897 4406 ἀκήρατοι
3923 4339 4038 4398 τοῖς

2470 4426 2758 4496 μακαρίοις
2788 4426 3090 4495 ἐξήνθησαν
3110 4442 3190 4492 τε,
3223 4429 3314 4478 καὶ
3347 4425 3717 4495 διεπλάκησαν
3751 4427 4034 4494 στέφανοι·

804 4507 1174 4565 esfloruerunt
1216 4518 1378 4576 atque
1416 4507 1634 4560 intextae
1667 4512 1795 4559 sunt
1827 4521 1841 4557 :
1885 4504 1995 4557 imo
2028 4503 2228 4556 factum
2258 4511 2360 4566 est,

2468 4517 2563 4569 καὶ
2593 4516 2652 4568 τὸ
2680 4518 2775 4569 σὺν
2812 4518 3096 4587 παρρησίᾳ
3135 4517 3498 4587 παρίστασθαι
3542 4534 3600 4570 τε
3633 4518 3709 4584 τῷ
3755 4519 3898 4584 Θεῷ,
3940 4517 4038 4570 καὶ

806 4611 867 4655 ut
916 4598 1260 4655 sccuri‘Deo
1312 4599 1653 4658 sisterentur,
1711 4613 1776 4652 ac
1835 4606 2149 4666 perpetuam
2220 4595 2366 4648 illam

805 4691 1062 4745 ineffabili
1114 4690 1312 4760 gaudio
1383 4698 1438 4743 et
1508 4688 1763 4742 felicitate
1829 4703 1953 4741 cum
2026 4687 2366 4756 incorporeis

804 4783 1114 4852 agminibus
1161 4781 1416 4834 chorcam
1461 4779 1799 4848 plauderent,
1845 4776 2268 4844 beatissimaque
2317 4785 2370 4829 et

801 4874 1044 4945 perfecta
1111 4871 1429 4942 Optabiliutn
1497 4885 1676 4924 rerum
1745 4870 1953 4924 visione
2010 4870 2365 4934 laetarentur;

804 4967 1006 5038 quibus
1045 4979 1292 5035 quaenam
1347 4963 1740 5016 interneciones
1785 4970 1839 5014 et
1869 4975 2117 5030 quanam
2163 4958 2369 5028 suppli-

805 5057 1013 5109 ciorum
1066 5052 1394 5107 acerbitates
1422 5051 1704 5119 condignae
1740 5049 2194 5104 :estimabuntur?
2231 5047 2370 5114 Qua-

806 5154 1030 5216 propter
1069 5144 1203 5197 adeo
1245 5159 1351 5195 non
1397 5142 1716 5211 expediebat
1757 5143 1998 5211 iniquam
2037 5155 2087 5194 et
2125 5154 2364 5212 ιιι-κριο-

808 5253 992 5308 peram
1037 5237 1329 5289 infantium
1362 5245 1591 5288 mortem
1623 5250 1948 5304 quacunque
1979 5234 2185 5287 ratione
2231 5247 2366 5304 pra:—

806 5327 1021 5397 pedire;
1069 5338 1126 5380 ut
1175 5328 1345 5379 multo
1399 5325 1592 5378 melius
1646 5324 1811 5377 fuerit
1861 5340 1978 5378 eam
2027 5325 2260 5393 permitti
2304 5337 2367 5375 ac

806 5416 1127 5487 perpetrari,
1160 5431 1269 5486 quo
1301 5414 1400 5484 ipsi
1431 5397 1592 5468 tantis
1623 5415 1674 5466 in
1705 5424 1900 5468 acterna
1939 5421 1991 5466 et
2021 5413 2367 5468 inenarrabili

807 5513 1067 5568 beatitate
1095 5509 1489 5580 pullulantibus
1523 5507 1678 5562 bonis
1712 5507 2139 5561 cumularentur.

878 5605 1056 5671 Atque
1091 5603 1207 5656 lucc
1241 5600 1397 5669 quasi
1446 5599 1512 5651 ad
1561 5597 1877 5666 explendam
1911 5611 2081 5650 sacra:
2125 5595 2366 5650 scientia:

806 5693 1154 5763 cupiditatem
1187 5691 1280 5747 tibi
1329 5689 1617 5745 suﬂiciant.
1653 5686 1805 5754 Quod
1837 5688 1882 5742 si
1928 5687 2050 5757 quis
2075 5687 2127 5740 in
2168 5701 2364 5740 arcana

804 5799 935 5843 cum
990 5783 1157 5840 Paulo
1221 5783 1382 5840 verba
1442 5781 1754 5849 admissus,
1821 5780 1978 5836 nobis
2036 5779 2231 5834 melius
2299 5792 2362 5832 ea

2470 4607 2566 4674 τὴν
2607 4607 2840 4676 ἀληκτον
2875 4608 3089 4676 ἐκείνην
3117 4608 3175 4659 ἐν
3206 4607 3480 4674 ἀδιηγήτῳ
3515 4609 3676 4676 χαρᾷ,
3710 4609 3805 4658 καὶ
3835 4607 4040 4676 εὐφρο-

2471 4693 2604 4764 σύνῃ
2634 4696 2730 4747 σὺν
2763 4697 2874 4757 τοῖς
2906 4696 3216 4764 ἀσωμάτοις
3244 4697 3486 4762 τάγμασι
3515 4694 3908 4758 συνεξελίσσειν
3944 4706 4040 4765 χοσά

2472 4784 2643 4853 ρείαν,
2680 4785 2774 4837 καὶ
2802 4785 2894 4836 τού
2948 4788 3366 4855 μακαριωτάτου
3393 4826 3406 4850 ,
3441 4787 3536 4839 καὶ
3589 4787 3894 4856 ἀκροτάτου
3924 4788 4037 4840 τῶν

2469 4873 2709 4940 όρεκτῶν
2758 4874 3051 4928 ἀπολαύειν
3100 4876 3400 4944 θεάματος’
3455 4870 3530 4928 ὧν
3577 4877 3739 4928 πόσαι
3798 4878 4034 4945 σφαγαὶ,

2471 4966 2618 5016 ποῖαι
2647 4963 2704 5016 δέ
2740 4965 3017 5035 τιμωριῶν
3048 4966 3375 5035 δριμύτητες
3405 4966 3632 5030 ἀντάξια
3681 4966 4036 5037 λογισθήσονο

2467 5072 2592 5118 ταις
2620 5055 2784 5107 Ὠστε
2814 5058 2874 5108 οὐ
2909 5058 3070 5127 μόνον
3096 5059 3195 5109 οὐκ
3221 5053 3288 5128 ἦν
3322 5058 3542 5126 ἀμεινον
3573 5059 3874 5126 οὐδαμόθεν
3904 5061 4036 5112 ἐπι-

2473 5148 2618 5215 σχεῖν
2645 5146 2734 5198 τὸν
2759 5146 3024 5215 ἐκθεσμόν
3052 5164 3136 5210 τε,
3166 5149 3259 5201 καὶ
3287 5147 3464 5215 ἄωρον
3491 5148 3599 5201 τῶν
3627 5148 3842 5218 βρεφῶν
3872 5147 4039 5200 θάνα-

2467 5253 2559 5288 τον
2585 5252 2598 5265 ⁸
2627 5237 2762 5291 ἀλλά
2790 5237 2881 5290 καὶ
2907 5237 3084 5305 πολλῷ
3108 5241 3357 5307 κρεῖσσον
3393 5239 3667 5305 ἐναφεῖναί
3716 5254 3773 5290 τε
3815 5238 3911 5290 καὶ
3943 5239 4035 5291 ἐν·

2468 5325 2648 5378 δοῦναι
2697 5326 2980 5395 προελθεῖν
3008 5326 3272 5378 τοσούτων
3315 5327 3496 5388 αὐτοῖς
3543 5325 3751 5378 ἐκεῖθεν
3794 5328 4038 5380 αἰωνίων

2466 5433 2541 5468 τε.
2581 5419 2674 5469 καὶ
2703 5417 3009 5488 ἀδιηγήτων
3038 5417 3562 5487 ἀναϐλαστησάντων
3591 5416 3830 5485 ἀγαθῶν.

2553 5595 2709 5648 Ἀλλά
2753 5594 2923 5650 ταῦτα
2956 5594 3055 5664 μέν
3101 5594 3238 5648 ἔστω
3282 5611 3362 5648 σοι
3390 5597 3491 5666 τῆς
3525 5595 3676 5663 ίερᾶς
3703 5593 4040 5664 φιλομαθίας

2466 5685 2654 5756 ὥσπερ
2706 5703 2788 5748 τις
2822 5685 2941 5754 ίερὰ
2991 5685 3303 5754 άφοσίωσις.
3355 5684 3415 5737 ΕΞ
3442 5684 3498 5738 δέ
3529 5700 3614 5747 τις
3643 5683 3751 5737 τῶν
3783 5685 4042 5754 ἀπορρή-

2466 5795 2575 5832 των
2608 5775 2701 5830 τοῦ
2733 5776 2943 5832 Παύλου
2973 5778 3234 5850 ῥημάτων
3287 5777 3500 5862 μύστης
3556 5773 3816 5847 γεγονὼς,
3855 5792 4034 5847 μυστ-
