4202 6442
137 405 240 469 σοι

1051 416 1152 474 AD
1178 411 1771 473 AMPHILOCHIUM
1831 408 2178 481 QUESTIO
2224 413 2463 472 XXVII.

143 517 286 572 κατὰ
311 519 405 572 τὸν
426 519 611 590 ὅμοιον
631 522 849 592 τρόπον.
877 523 1061 593 Φαμεν
1089 524 1196 594 γὰρ
1253 524 1554 593 Σωκράτην
1598 522 1705 590 φύσ
1731 522 1781 582 Δ

1806 520 2080 589 simulque
2118 520 2427 575 referuntur
2456 522 2524 577 ad
2575 523 2691 587 illa,
2738 525 2865 580 licet
2908 542 3017 581 non
3056 530 3245 586 eadem
3289 549 3379 589 isa-

144 626 250 674 σιν,
307 610 402 664 καὶ
448 608 607 677 εἶδος,
658 613 755 665 καὶ
807 616 1041 684 μορφὴν,
1066 618 1114 668 εἰ
1164 615 1259 668 καὶ
1306 613 1383 685 μὴ
1411 614 1521 669 τῶν
1551 617 1611 666 ἐν
1636 616 1704 685 τῇ

143 701 406 769 προτάσει
448 701 649 773 μερῶν,
703 701 892 773 ὥσπερ
937 706 996 757 ιν
1051 708 1172 768 ταῖς
1219 706 1479 772 φυσικαῖς
1514 706 1709 775 ὁρᾶται

144 792 372 857 φωναῖς,
405 792 665 862 ἑκάτερον
683 792 963 861 ὁμολόγως
991 794 1132 848 κατὰ
1176 796 1274 865 τὴν
1334 794 1704 864 ὀνομαστικὴν

145 883 453 952 προάγεται
487 882 701 953 κλῆσιν.

220 1055 415 1109 Ἔτιδέ
448 1074 627 1125 φαμεν
654 1056 744 1110 τόν
771 1074 831 1110 τε
862 1056 1167 1129 ἄνθρωπον,
1201 1058 1293 1111 καὶ
1338 1058 1397 1112 τὸ
1423 1058 1561 1123 ζῶον
1616 1058 1709 1111 λο-

147 1146 327 1213 γικὸν,
360 1145 573 1215 θνητδν,
604 1148 805 1201 ταυτόν
830 1164 847 1180 ·
879 1149 970 1202 ναὶ
1002 1149 1099 1219 μιν
1138 1148 1233 1201 καὶ
1288 1149 1349 1201 τὸ
1394 1149 1713 1218 γελαστικὸν

150 1236 397 1307 ἑκατέρῳ
422 1255 437 1272 ο
460 1237 521 1290 οὐ
546 1238 672 1309 μὴν,
700 1240 801 1293 ὅσα
820 1239 948 1311 περὶ
978 1239 1095 1303 ἑνὸς
1121 1237 1327 1293 τούτων
1350 1239 1588 1309 λέγεται,
1622 1241 1715 1293 καὶ⁵

152 1328 285 1396 περὶ
315 1327 423 1379 τῶν
450 1327 651 1381 λοιπιῖιν
681 1328 907 1382 δυνατόν
936 1330 1084 1383 ἔστιν
1123 1330 1320 1383 εἰπεῖν.
1355 1331 1430 1384 T0
1456 1332 1555 1401 μιν
1607 1331 1716 1402 γὰρ

154 1418 288 1469 [διον
348 1417 659 1489 ἀνθρώπου,
709 1419 770 1472 τὺ
795 1419 854 1473 δὲ
874 1421 1021 1490 ὄρος,
1068 1420 1345 1491 οὐδέτερον
1376 1421 1431 1474 δὲ
1455 1421 1658 1493 τούτων
1688 1424 1718 1475 ό

152 1504 441 1575 ἄνθρωπος
489 1508 682 1577 ῥηθείη
741 1508 808 1561 ἂν
852 1509 1140 1580 ἀνθρώπου
1174 1526 1190 1543 ο
1242 1511 1416 1565 καίτοι
1464 1515 1607 1568 κατὰ
1658 1514 1718 1566 τὸ

155 1595 395 1663 μαλιστα
405 1596 600 1650 ταυτὸν
627 1596 725 1667 τὴν
738 1597 1044 1669 ταυτότητα
1067 1598 1500 1671 διεκληρώσαντο
1522 1600 1715 1657 ταῦτα.

153 1687 306 1758 Πλὴν
334 1687 425 1740 τὸν
488 1689 777 1759 εἰρημένον
816 1690 947 1760 περί
991 1688 1088 1743 τοῦ
1141 1692 1452 1764 ἀνθρώπου,
1477 1695 1569 1747 καὶ
1616 1694 1718 1763 τῆς

153 1777 393 1846 φύσεως,
430 1780 524 1832 καὶ
543 1778 637 1833 τοῦ
679 1779 855 1844 εἰδους
878 1780 1037 1849 λόγον
1081 1782 1360 1838 κάνταῦθα
1388 1783 1575 1839 λαϐεῖν
1601 1785 1719 1839 εστι

154 1870 253 1936 τὴν
278 1870 693 1943 τούτωνικρίσιν
720 1872 1135 1946 ἀναδεχόμενον.
1170 1874 1282 1929 Καὶ
1310 1874 1419 1945 γὰρ
1442 1877 1717 1947 ἁφαιρου-
1746 1863 1789 1920 Β

158 1960 339 2029 μένων
366 1962 464 2032 τῆς
490 1960 714 2033 λογικῆς
739 1964 933 2034 φωνῶν
962 1964 1162 2020 ταυτόν
1188 1967 1339 2020 ἐστιν
1366 1965 1599 2020 ῑκαστον
1622 1966 1720 2020 αλ·

159 2051 338 2121 λήλων
356 2052 465 2105 τῶν
493 2053 683 2124 τριῶν.

241 2142 406 2197 Ἀλλὰ
443 2144 535 2197 ἰπὶ
563 2144 664 2214 μὶν
688 2144 797 2199 τῶν
823 2147 1127 2218 εἰρημένων
1154 2147 1449 2203 αἰτιασαιτ⁹
1470 2149 1536 2205 ἄν
1557 2168 1638 2215 τις
1661 2151 1723 2204 τδ

161 2231 474 2299 ιτερογενὶς
504 2231 617 2285 τῶν
653 2233 845 2301 φωνῶν
875 2234 1334 2308 μεταρρυθμίζων
1359 2239 1439 2300 εἰς
1460 2238 1522 2291 τὸ
1560 2238 1723 2292 εὔπο-

160 2338 255 2391 ρον
284 2323 383 2388 τὴν
405 2322 656 2392 ἀπορίαν.
697 2324 820 2377 Ἐπὶ
840 2325 897 2377 δὲ
945 2326 1040 2379 τοῦ
1076 2327 1451 2397 ῥηθησομὲνου
1504 2330 1557 2383 τί
1604 2331 1725 2384 ποτ’

161 2410 226 2465 iv
278 2414 431 2483 ὲρεῐς
474 2413 532 2466 '0
582 2413 681 2484 μὲν
734 2416 843 2485 γὰρ
904 2415 1190 2487 ἄνθρωπος
1239 2420 1387 2473 ἐστὶν
1424 2421 1600 2485 οὐσία,
1630 2423 1727 2476 καὶ

163 2500 342 2563 ζῶον·
401 2505 594 2556 ταυτὸν
645 2504 703 2558 δὶ
751 2505 811 2558 ὃν
857 2505 934 2576 τῷ
988 2506 1260 2579 ἀνθρώπῳ
1298 2508 1358 2561 τὺ
1382 2510 1724 2577 γελαστικὸν,

162 2594 305 2663 ὅπερ
358 2594 475 2646 ἐστὶ
530 2594 759 2664 φυσικοῦ
818 2598 1141 2667 πράγματος
1172 2599 1344 2670 φωνὴ,
1394 2600 1518 2654 οὔτε
1548 2603 1725 2667 οὐσία,

164 2682 291 2736 οὒτε
313 2683 454 2748 ζῶον
484 2684 548 2737 ἂν
577 2686 770 2756 ῥηθείη
799 2702 815 2717 ο
844 2689 966 2740 ἐπεὶ
994 2691 1023 2741 ό
1083 2689 1367 2761 ἄνθρωπος
1422 2691 1614 2746 πολλαί
1664 2693 1730 2747 ἂν

164 2774 361 2843 εῐησαν
389 2773 588 2839 οὐσίαι,
613 2778 705 2829 καὶ
733 2776 869 2841 ζῶα.
905 2778 1067 2831 Ὥστε
1096 2780 1195 2832 οὐκ
1246 2780 1304 2845 ἐξ
1333 2783 1578 2853 ἀνάγκης
1607 2784 1735 2838 ιπε-

174 2882 258 2917 εαι
279 2865 494 2936 θατέρῳ
518 2866 626 2920 τῶν
651 2870 1071 2940 συναπτομένων
1095 2874 1159 2942 τῇ
1193 2873 1480 2943 ταυτότητι
1509 2875 1609 2927 ὅσα
1637 2877 1733 2928 καὶ.

165 2956 249 3026 τῷ
279 2958 453 3028 ἑτέρῳ
480 2959 805 3028 παρέπεται,
834 2962 867 3031 ἢ
895 2963 923 3014 ό
950 2962 1110 3030 λόγος
1132 2956 1285 3027 οὗτος
1315 2965 1598 3036 διορισμοῦ
1625 2967 1734 3020 δεί-

172 3066 281 3102 ται.
312 3049 377 3101 Εἰ
408 3049 507 3118 μὲν
530 3051 638 3121 γὰρ
655 3052 972 3119 γελαστικὸν
1004 3053 1178 3117 λέγων
1200 3072 1283 3117 τις
1310 3055 1410 3126 τὴν
1456 3056 1551 3108 τοῦ
1607 3058 1734 3110 ἰδίου

1812 613 1976 665 tione.
2003 610 2242 666 Dicimus
2269 614 2413 666 enim
2439 613 2721 671 Socratem
2747 625 3019 683 naturam,
3039 629 3093 673 et
3113 622 3375 689 speciem.

1808 705 1865 757 et
1919 701 2172 766 formam.
2226 705 2440 760 etiamsi
2482 721 2590 761 non
2648 707 2911 763 alterutra
2989 712 3377 780 propositionis

1809 806 1958 862 pars,
1980 794 2439 862 quemadmodum
2466 797 2520 849 in
2543 797 2781 867 physicis
2808 800 3053 855 cernitur
3077 802 3377 865 vocabulis,

1809 883 1999 937 eodem
2048 893 2207 954 pacto
2259 887 2313 940 in
2362 889 2740 957 appellationis
2794 890 3114 947 conditione
3172 894 3379 962 produ-

1811 983 1990 1030 catur.

1881 1062 2147 1120 Przeterea
2202 1066 2436 1124 dicimus
2480 1070 2755 1124 homn...m
2818 1080 2875 1127 et
2916 1070 3123 1128 animal
3171 1074 3383 1129 ratione

1814 1155 2119 1224 przeditum,
2168 1166 2223 1212 et
2259 1161 2424 1215 morti
2473 1161 2772 1215 obnoxium
2848 1162 2991 1218 idem
3060 1178 3220 1230 esse,
3274 1166 3384 1219 imo

1815 1238 1981 1300 etiam
2025 1248 2224 1302 risibile
2260 1258 2551 1321 utrumque
2592 1268 2606 1306 :
2642 1268 2752 1307 non
2806 1265 3012 1319 tamen,
3046 1270 3387 1325 quacunque

1814 1338 1882 1392 de
1928 1340 2183 1407 quapiam
2234 1340 2427 1395 horum
2465 1340 2749 1406 dicuntur,
2798 1344 2866 1399 de
2898 1345 3125 1415 reliquis
3169 1360 3387 1415 quoque

1816 1439 2043 1499 possunt
2070 1432 2373 1487 enuntiari.
2408 1431 2525 1488 lloc
2558 1432 2803 1502 profecto
2836 1434 3073 1490 hominis
3104 1436 3385 1504 proprium

1816 1529 1918 1584 est,
1953 1520 2083 1574 illud
2120 1536 2248 1576 vero
2269 1522 2514 1578 deiinitio
2548 1540 2562 1577 :
2601 1534 2854 1579 neutrum
2881 1533 3062 1580 tamen
3100 1526 3297 1579 horum
3333 1527 3387 1578 in

1819 1609 2039 1665 homine
2068 1611 2232 1667 homo
2280 1614 2585 1684 nuncupari
2627 1615 2782 1681 licet;
2818 1616 2921 1669 etsi
2952 1617 3067 1670 haec
3096 1618 3211 1678 uni,
3242 1618 3387 1685 quod

1818 1699 1959 1754 idem
1999 1704 2224 1757 omnino
2274 1714 2379 1769 est,
2429 1705 2618 1758 eadem
2657 1706 2786 1759 sint.
2827 1703 3197 1776 Praeterquam
3242 1709 3387 1777 quod

1818 1804 2001 1845 sermo
2026 1791 2163 1863 ipse,
2188 1794 2281 1864 qui
2314 1793 2384 1849 de
2416 1794 2657 1861 homine,
2697 1806 2891 1851 natura
2963 1811 3028 1851 ac
3057 1798 3238 1867 specie
3304 1797 3388 1852 fa-

1817 1889 1938 1937 ctus
1966 1892 2071 1947 est,
2102 1883 2190 1939 hic
2212 1899 2431 1954 quoque
2455 1886 2523 1941 ad
2564 1887 2837 1957 judicium
2856 1888 2925 1943 de
2954 1888 3075 1943 istis
3104 1887 3390 1946 ferendum

1818 1973 2072 2043 usurpari
2099 1983 2295 2044 potest.
2329 1972 2467 2030 Nam
2497 1976 2639 2032 idem
2661 1985 2768 2034 est.
2803 1977 2851 2032 si
2873 1977 3080 2049 logicas
3109 1992 3270 2034 voces
3296 1994 3392 2039 es—

1818 2062 2012 2135 cipias,
2038 2066 2181 2135 quod
2209 2082 2241 2121 a
2264 2066 2494 2138 singulis
2520 2069 2605 2124 his
2637 2069 3146 2125 tribus-indicatur.

1898 2156 2018 2212 Jam
2046 2173 2173 2213 vero
2216 2159 2275 2213 in
2311 2160 2418 2223 his,
2443 2176 2565 2230 quae
2601 2159 2743 2215 dicta
2794 2170 2945 2227 sunt,
2975 2162 3117 2216 dicet
3157 2160 3392 2217 fortasse

1821 2250 2117 2324 quispiam,
2157 2260 2215 2304 ut
2263 2249 2317 2303 in
2356 2248 2661 2319 perspicuis
2704 2250 2958 2306 tenebras
2997 2249 3282 2316 obtundat,
3324 2266 3391 2304 ex

1823 2344 2037 2415 generis
2056 2342 2369 2397 diversitate
2410 2356 2632 2395 causam
2669 2341 3038 2396 distinctionis
3068 2356 3376 2410 erumpere.

1823 2435 1893 2489 At
1917 2436 1982 2486 ait
2008 2448 2095 2495 ea,
2118 2447 2240 2502 qua:
2269 2432 2613 2501 sdjiciemus,
2634 2430 2777 2501 .quid
2808 2432 3077 2501 reponet?
3106 2429 3284 2487 Homo
3310 2434 3394 2485 ni-

1826 2526 2024 2579 mirum
2054 2522 2356 2578 substautia
2406 2522 2820 2576 etanimalest:
2857 2521 3062 2577 interea
3096 2521 3223 2575 licet
3248 2518 3392 2575 idem

1828 2619 1919 2680 sit,
1943 2629 2106 2685 quam
2141 2616 2321 2676 homo,
2350 2611 2569 2677 risibile,
2600 2613 2746 2682 quod
2769 2613 3004 2683 physicae
3032 2614 3263 2668 actionis
3291 2625 3377 2668 est

1832 2720 2049 2768 nomen,
2077 2704 2129 2756 iit
2157 2713 2336 2756 tamen
2390 2717 2565 2772 neque
2609 2702 2936 2767 substantiis,
2984 2718 3160 2773 neque
3189 2704 3393 2758 animal

1834 2794 2013 2849 vocari
2067 2793 2268 2847 debet:
2322 2792 2452 2862 quia
2501 2793 2685 2847 multa:
2733 2792 3073 2857 substantias,
3124 2794 3399 2866 multaque

1832 2883 2082 2937 animalia
2116 2883 2277 2935 homo
2319 2890 2484 2935 esset.
2511 2882 2878 2947 Quamobrem
2930 2884 3163 2938 alterum
3197 2900 3400 2939 coeun-

1835 2975 1969 3028 tium
1999 2975 2051 3026 in
2078 2974 2218 3026 idem
2244 2987 2347 3025 non
2376 2974 2682 3026 necessario
2720 2982 3025 3042 sequuntur
3062 2990 3400 3047 quaecunque

1835 3076 1888 3119 et
1912 3067 2141 3118 alterum
2170 3063 2523 3127 comitantur,
2544 3062 2627 3116 vel
2654 3072 2801 3117 certe
2825 3064 3107 3119 distinctio
3130 3066 3182 3119 in
3208 3066 3401 3136 hujus—

166 3141 384 3193 ἔννοιαν
406 3142 695 3212 ὲνδίχεται,
721 3145 820 3198 οὐκ
847 3145 910 3197 ἂν
932 3144 1056 3198 οὔτε
1081 3145 1238 3210 ζῶον,
1263 3145 1384 3200 οὔτε
1413 3149 1567 3201 οὐσία
1582 3149 1738 3202 τοῦτο
1764 3189 1789 3245 ί

1786 3156 1981 3245 :moili
2030 3169 2281 3209 sermone
2329 3154 2669 3218 adhibeatur,
2714 3162 2947 3224 Oportet.
2981 3153 3038 3208 Si
3087 3156 3212 3225 quis
3257 3157 3399 3210 enim

167 3230 264 3299 εἴη
295 3244 311 3259 ⁸
340 3231 435 3284 εἱδ⁶
470 3232 602 3285 αὐτὸ
633 3233 693 3284 τὸ
725 3233 1083 3304 ὑποκείμενον
1107 3236 1194 3288 διὰ
1228 3236 1335 3288 τῶν
1361 3237 1555 3305 φωνῶν
1607 3239 1737 3292 τού-

168 3339 285 3374 των
318 3322 738 3394 παραδηλοῦσιν,
772 3325 870 3393 οὐχ
918 3324 1081 3397 ἕτερᾶ
1109 3343 1251 3390 τινα,
1272 3326 1307 3380 ἃ
1342 3327 1416 3398 μὴ
1485 3328 1740 3399 ἀπαρχῆς

172 3416 425 3483 ὑπῆρχεν
455 3414 666 3486 ἐκείνῳ,
714 3417 935 3485 προσέτι
986 3418 1278 3486 συνάγουσι
1312 3435 1326 3450 ·
1394 3421 1487 3474 καὶ
1540 3422 1739 3492 μᾶλλον

171 3507 243 3559 ἂν
276 3508 468 3576 ἐπεῖχε
497 3506 679 3576 χώραν
734 3509 868 3579 μήτε
898 3507 1112 3576 λογικὸν
1160 3509 1298 3575 ζῶον
1350 3511 1549 3580 λέγειν,
1604 3516 1739 3583 μήτε

175 3596 344 3666 σῶμα
371 3612 385 3625 ·
427 3596 560 3649 ἀλλὰ
596 3597 729 3667 μηδὲ
756 3598 944 3652 οὐσίαν
972 3600 1236 3671 ὑπάρχειν
1280 3604 1372 3655 τὸν
1421 3603 1732 3677 ἄνθρωπον,

174 3687 265 3739 ῐνα
293 3686 374 3757 μὴ
400 3686 637 3740 τοιοῦτον
662 3690 860 3759 πλῆθος
886 3692 1215 3761 ληρημάτων
1252 3694 1546 3766 Σωκράτην
1576 3715 1745 3752 κατα-

174 3780 445 3847 )..είψεταμ
484 3779 625 3850 Πλὴν
651 3781 698 3833 εἰ
730 3783 821 3834 καὶ
847 3782 967 3834 καθ’
995 3784 1250 3853 ἑκάτερον
1287 3786 1449 3854 μέρος
1479 3788 1577 3857 τῆς
1600 3789 1740 3841 διαι-

178 3871 390 3940 ρέσεως
415 3873 603 3941 ὁρᾶται
637 3872 709 3941 μὴ
740 3872 818 3943 τῷ
844 3873 1013 3945 ἑτέρῳ
1052 3875 1412 3945 συνεπόμενα,
1443 3877 1479 3931 ἃ
1516 3879 1744 3934 συνόντα

174 3962 260 4031 τῷ
312 3962 485 4032 ἑτέρῳ
538 3964 883 4033 ιγνωρίζετο,
935 3966 1086 4019 οὐδὲν
1113 3961 1276 4039 ἦττον
1309 3970 1337 4021 ὁ
1363 3969 1519 4037 λόγος
1546 3971 1737 4041 εὕρετο

180 4054 663 4123 σπουδαζόμενος·
716 4056 836 4108 οὐδὲ
889 4059 996 4127 τὰρ
1024 4059 1076 4110 εἰ
1122 4076 1192 4129 με
1220 4059 1333 4128 (48)
1388 4061 1586 4125 πάντα,
1644 4064 1745 4116 ὅσα

177 4145 364 4198 ταῦτα
390 4143 592 4214 προῦχε
604 4163 700 4209 ιτο,
718 4146 887 4211 δεῖξαι
912 4148 1010 4219 τὴν
1035 4148 1296 4220 διαφορὰν
1319 4149 1744 4222 ὲξοικειούμενα·

177 4232 302 4287 ἀλλ’
332 4233 491 4303 ἧρκει
516 4234 592 4302 τῷ
611 4234 753 4304 λόγῳ
777 4236 1143 4305 παραστῆσαι,
1179 4236 1231 4288 εἷ
1275 4253 1395 4288 τινα
1420 4236 1533 4305 (49)
1558 4239 1615 4291 ὲν
1637 4240 1750 4301 τοῖς

177 4323 452 4387 τοιούτοις
475 4324 781 4395 λεγομένων
806 4328 863 4378 ιν
887 4329 954 4396 τῇ
980 4328 1115 4398 πρὸς
1141 4327 1343 4398 ἄλληλα
1368 4329 1625 4397 κοινωνίᾳ
1650 4332 1749 4383 καὶ

178 4418 286 4488 τὴν
314 4416 614 4488 ἑτερότητα
643 4417 1019 4484 διασώζουσιν.

1840 3246 2039 3301 τὶείὺὶιε
2083 3246 2269 3299 dicens
2306 3244 2653 3313 proprietatis
2687 3246 2965 3297 notionem
3010 3246 3401 3305 consideraret,

1840 3339 1955 3393 haec
1980 3351 2153 3406 neque
2186 3335 2387 3389 animal
2433 3342 2595 3398 esset,
2638 3348 2815 3404 neque
2863 3335 3215 3390 substantia:
3254 3341 3399 3405 quo:l

1842 3428 1885 3483 si
1918 3428 2009 3481 alii
2036 3428 2215 3496 ipsum
2245 3425 2551 3493 subjectum
2602 3439 2698 3493 per
2719 3426 2817 3479 has
2854 3438 3016 3479 voces
3041 3424 3203 3479 velint
3239 3425 3407 3480 deno-

1843 3527 1975 3583 tare,
2006 3531 2112 3569 non
2161 3514 2267 3570 alia
2311 3514 2581 3583 quaedam,
2616 3529 2739 3584 qua:
2783 3529 2813 3569 a
2863 3515 3133 3585 principio
3178 3515 3255 3570 illi
3298 3531 3407 3571 non

1843 3608 2075 3669 inerant,
2101 3606 2471 3675 superaddunt
2500 3624 2513 3659 ε
2548 3613 2710 3674 atque
2742 3604 2796 3658 id
2825 3607 3006 3675 potius
3028 3605 3241 3676 copiam
3286 3607 3407 3661 adi-

1844 3698 1943 3750 mit
1983 3696 2197 3751 dicendi
2224 3695 2497 3749 bominem
2530 3690 2741 3749 animal
2756 3709 2879 3750 esse
2904 3696 3188 3759 rationale,
3208 3712 3409 3766 corpus

1846 3785 1955 3838 imo
1984 3796 2036 3838 et
2079 3785 2460 3850 substantiam,
2496 3799 2563 3837 ne
2606 3792 2756 3840 tanta
2799 3787 3062 3841 tricarum
3117 3789 3409 3849 multitudo

1844 3876 2083 3932 Socratis
2111 3878 2284 3931 ideam
2337 3878 2602 3932 destruat.
2637 3875 2846 3946 Itaque,
2883 3881 3097 3933 tametsi
3150 3880 3205 3934 iu
3244 3880 3409 3936 alter-

1848 3980 1966 4023 utra
1994 3969 2279 4024 divisionis
2320 3978 2469 4038 parte
2503 3984 2846 4038 quaecunque
2891 3970 3083 4025 alessc
3101 3971 3404 4038 deprehen-

1846 4058 2046 4112 duntur
2078 4058 2132 4111 in
2164 4058 2355 4118 altero.
2381 4060 2446 4111 ad
2477 4058 2707 4111 alterum
2735 4057 3009 4113 conﬂuere
3030 4076 3135 4113 non
3166 4060 3411 4115 animad-

1848 4158 2143 4215 vertantur,
2176 4165 2358 4203 sermo
2395 4158 2572 4204 tamen
2630 4165 2736 4203 non
2782 4151 2963 4205 minus
2991 4166 3283 4206 accuratus
3327 4155 3356 4206 ι·
3388 4184 3410 4194 ο

1851 4237 2106 4291 venitur:
2158 4252 2257 4292 nec
2295 4232 2439 4291 enim
2478 4252 2616 4307 opus
2655 4247 2796 4301 erat,-
2842 4248 2899 4292 ut
2938 4241 3139 4303 omnia,
3192 4256 3311 4307 quze
3342 4244 3409 4295 ili

1851 4342 1910 4383 se
1935 4327 2224 4391 habebant,
2251 4342 2435 4382 secum
2466 4327 2697 4381 invicem
2733 4329 3027 4383 convenire
3059 4330 3363 4384 ostenderei

1852 4431 1941 4473 tur
1974 4434 2218 4493 :v-verum
2257 4420 2391 4473 satis
2427 4426 2566 4485 erat,
2623 4428 2680 4472 ιιι
2724 4434 2910 4473 sermo
2958 4423 3226 4489 proderet,
3271 4438 3413 4491 quot

1786 4518 1829 4574 ι)
1857 4510 2033 4579 aliqua
2068 4524 2277 4573 eorum,
2299 4524 2417 4578 qnze
2441 4509 2810 4577 proferuntur,
2838 4512 2890 4564 in
2918 4512 3030 4579 ipsa
3057 4521 3242 4566 mutua
3265 4530 3381 4566 cum

1862 4601 2119 4658 munione
2147 4602 2513 4657 diversitatem
2544 4619 2764 4672 quoque
2794 4613 3087 4658 rctmeant.

260 4700 435 4751 Ὅσον
462 4697 507 4750 δ’
544 4698 609 4752 ἄν
634 4714 718 4760 τις
741 4714 860 4769 ερῃ,
890 4714 964 4760 ως
995 4696 1145 4751 οὖδὲν
1170 4697 1275 4749 τῶν
1296 4698 1757 4768 παραδειγμάτων

1929 4692 2092 4761 Atqui
2117 4692 2169 4745 id
2207 4702 2414 4746 tantum
2454 4702 2676 4761 reponat
2702 4694 2999 4765 quispiam,
3029 4710 3173 4764 quoa
3212 4699 3416 4748 miilum

184 4793 272 4855 εἰς
303 4792 603 4859 ὁμοιότητα
628 4792 739 4851 τοίς
770 4789 865 4842 ἀπ’
896 4789 1069 4860 ἀρχῆς
1104 4790 1467 4860 ὴπορημένοις
1503 4790 1758 4860 συνέρχε-

1861 4798 1927 4837 ex
1986 4783 2233 4838 adductis
2277 4784 2539 4853 exemplis
2583 4800 2708 4839 cum
2780 4786 3059 4854 proposita
3119 4787 3421 4857 quaestione

183 4901 307 4946 ται,
332 4882 458 4934 οὔτε
489 4881 616 4933 [διον
644 4882 867 4952 θατέρου
896 4881 1139 4950 θάτερον,
1173 4878 1297 4932 οὔτε
1348 4882 1590 4951 ὁρισμὸς,
1618 4882 1758 4947 ἀλλ’,

1864 4873 2058 4928 habeat
2099 4873 2302 4943 aliquid
2346 4889 2672 4941 commune;
2733 4875 2934 4944 quippe
2979 4878 3031 4930 in
3086 4892 3148 4931 ea
3190 4878 3419 4931 alterum

185 4973 269 5035 ὡς
308 4971 379 5025 ἂν
408 4972 552 5024 είποι
584 4989 687 5035 τις,
718 4972 955 5038 ὀνόματα
993 4970 1085 5022 δύο
1114 4971 1242 5039 περὶ
1284 4967 1343 5021 ἓν
1398 4970 1757 5040 ὑποκείμενον

1865 4965 2085 5019 verbum
2125 4979 2231 5017 non
2275 4974 2356 5018 est
2387 4964 2620 5026 alterius
2657 4965 2979 5034 preprictss,
3024 4967 3106 5022 vel
3153 4966 3418 5028 deﬁnitio.

184 5061 669 5133 ἁναστρεφόμενα,
698 5061 771 5126 ὼς
805 5061 1026 5126 λώπιον,
1049 5059 1143 5131 καὶ
1188 5060 1421 5128 ἱμάτιον.
1470 5059 1595 5123 Πῶς
1644 5056 1760 5123 οὖν,

1859 5054 1952 5109 sed
1976 5055 2081 5109 dici
2107 5065 2333 5123 possunt
2370 5053 2480 5108 duo
2507 5055 2748 5121 nomina,
2772 5071 2894 5125 quae
2922 5057 3070 5113 circa
3100 5072 3267 5113 unum
3288 5058 3421 5111 sub-

187 5151 390 5221 φασὶν,
417 5153 476 5203 εν
508 5153 619 5213 σοῖς
650 5150 963 5220 προνομίοις
988 5150 1049 5201 τὸ
1076 5148 1264 5218 ἕτερον
1284 5150 1397 5211 τοίς
1418 5148 1621 5212 αὐτοῖς,
1641 5150 1763 5219 οὐχὶ

1857 5145 2061 5215 jeetum
2107 5155 2409 5209 versantur,
2463 5146 2622 5200 veluti
2701 5148 2873 5202 vestis
2925 5157 2980 5203 et
3024 5149 3417 5205 indumentum.

193 5244 295 5298 καὶ
323 5242 554 5312 θάτερον
582 5242 1039 5309 ὲπιγινώσκεταις
1068 5225 1211 5293 Οἶδα
1255 5238 1352 5307 μὲν
1397 5233 1490 5291 οὖν
1539 5242 1597 5291 ὲν
1645 5243 1765 5303 ταῖς

1860 5235 2146 5303 Quomodo
2196 5236 2396 5305 itaque.
2474 5237 2747 5315 inquiunt,
2820 5238 2906 5293 bis
2960 5238 3014 5294 in
3074 5249 3423 5297 antecessqu

192 5333 539 5404 γυμνασίαις
562 5332 717 5400 λόγον
743 5331 1032 5403 εἰρημένον
1061 5329 1299 5382 τοιοῦτον
1326 5346 1341 5361 ·
1377 5329 1452 5392 ὡς
1479 5331 1508 5382 ὁ
1540 5329 1637 5398 μὲν
1669 5331 1765 5384 ἄν·

1863 5328 2172 5383 constitutis
2215 5329 2469 5390 alterum,
2512 5338 2565 5383 et
2601 5344 2707 5383 non
2753 5331 2982 5385 alterum
3042 5332 3172 5401 ipsis
3224 5330 3425 5385 divinis

192 5428 449 5499 θρωπος,
482 5425 574 5479 καὶ
603 5426 637 5494 ή
667 5424 1017 5493 ἀνθρωπότης
1035 5420 1095 5474 τὸ
1117 5420 1247 5473 αὐτὸ
1288 5420 1386 5491 μὶν
1410 5420 1766 5490 ὑποκείμενον

1877 5422 2121 5490 personis
2147 5419 2406 5474 tributum
2441 5420 2753 5475 invenitur?
2773 5419 2907 5475 Νονί
2940 5424 3195 5478 nimirum
3222 5423 3275 5476 in
3302 5436 3421 5475 ερον

1710 5553 1938 5611 NOTAE.

273 5708 396 5780 (18)
436 5708 547 5780 ΔΙίὀ
578 5708 791 5780 duabus
828 5707 947 5761 istis
979 5703 1184 5780 vocalis
1306 5699 1493 5769 ἐχρῆν,
1527 5703 1577 5751 ui
1608 5696 1783 5760 fallor,
1826 5698 2195 5767 reponendum
2228 5710 2364 5752 esse:

276 5771 395 5847 (ιν)
433 5778 510 5832 Ita
533 5778 759 5831 omnino
788 5791 889 5845 pro
909 5793 957 5829 τι
996 5771 1340 5830 scribendum
1371 5780 1612 5822 autumo.
