4202 6442
773 434 877 502 263

1911 439 2176 502 PHOTII
2213 440 2715 502 PATRIARCH/E
2747 440 2860 500 ΟΡ.

3893 430 3997 498 204

777 552 984 607 Iasticrs
1014 549 1498 606 exercitationibus
1529 552 1633 607 hoc
1665 551 1773 607 dici
1799 553 2041 621 solitum,
2063 555 2209 624 quod
2227 555 2336 611 sci-
2363 575 2409 631 Α

2363 575 2409 631 Α
2438 556 2713 628 δηλοῦσιν,
2766 555 2863 626 οὐχ
2894 553 3155 616 ὡσαύτως
3185 551 3241 607 δι
3285 551 3802 623 παραλαμϐάνονται
3834 571 3848 584 ·
3911 556 3999 605 καὶ

773 645 900 699 licet
927 643 1109 703 homo,
1140 650 1193 695 et
1223 641 1533 696 humanitas
1563 643 1703 698 idem
1735 644 1974 699 i'ndicent
2000 645 2329 713 subiectum;

772 733 863 787 sed
899 745 1006 785 non
1049 730 1242 785 eodem
1280 741 1441 800 pacto
1479 733 1848 801 accipiantur;
1892 731 2057 803 idque
2100 733 2335 790 fortasse

771 835 826 876 tu
869 821 1067 890 pariter
1108 821 1448 874 memineris.
1501 820 1644 876 Sane
1697 837 1819 875 cum
1876 821 2151 876 hominem
2194 822 2335 877 dici-

772 929 914 975 mus,
947 921 1193 967 naturam
1242 913 1521 966 individuo
1562 913 1913 968 inhaerentem
1946 914 2330 984 intelligimus;

770 1021 892 1057 eum
919 1019 1048 1058 vero
1072 1004 1485 1066 humanitatem,
1515 1005 1686 1074 ipsam
1719 1005 1936 1075 quidem
1967 1005 2204 1060 hominis
2235 1020 2337 1060 na-

772 1105 971 1158 turam,
1015 1094 1109 1150 sed
1167 1109 1275 1148 non
1323 1094 1699 1158 inhaerentem,
1742 1105 1798 1149 at
1836 1096 2051 1165 qualem
2105 1111 2260 1151 mens
2304 1110 2334 1149 a

774 1188 997 1240 materie
1019 1186 1350 1239 abstractam
1385 1186 1682 1240 secundum
1713 1201 1772 1240 se
1801 1186 2131 1241 considerat.
2155 1185 2336 1252 Quare

771 1279 910 1332 idem
939 1287 1066 1332 sunt
1099 1277 1264 1331 homo
1322 1285 1377 1330 et
1407 1276 1743 1339 humanitas.
1773 1279 1868 1331 sed
1896 1277 2115 1330 modum
2159 1278 2332 1347 signi-

773 1369 966 1424 ticaudi
987 1368 1264 1421 diversum
1299 1366 1503 1421 habent
1529 1381 1541 1419 :
1568 1381 1632 1421 ac
1651 1374 1935 1436 propterea
1969 1381 2192 1421 necesse
2227 1383 2336 1422 non

771 1471 875 1524 est,
916 1469 975 1515 ut
1029 1461 1082 1513 in
1129 1460 1552 1529 quihuscunque
1597 1460 1828 1512 alterum
1862 1457 2336 1524 animadvertitur,

774 1551 829 1603 in
866 1550 997 1619 ipsis
1024 1551 1396 1618 conspiciatur
1437 1557 1491 1604 et
1511 1550 1762 1604 alterum.
1789 1548 1978 1604 Modus
2005 1550 2151 1604 enim
2172 1549 2341 1620 signi-

775 1641 968 1696 ﬁcandi
994 1641 1047 1695 in
1076 1642 1275 1711 quibus
1302 1641 1533 1695 invicem
1565 1649 1805 1695 mutatus
1833 1649 1937 1705 est,
1977 1640 2032 1695 iu
2061 1641 2129 1696 iis
2158 1650 2341 1695 muta-

776 1745 888 1786 tum
919 1747 1136 1801 quoque
1177 1731 1429 1800 loquendi
1466 1746 1625 1784 usum
1665 1731 1888 1785 reddere
1920 1730 2099 1784 debet.
2130 1729 2340 1784 Idcirco

773 1833 828 1876 et
875 1823 1156 1877 Socratem
1203 1830 1349 1878 recte
1386 1822 1661 1876 hominem
1718 1821 2085 1891 appellamus,
2129 1830 2185 1875 at
2228 1837 2338 1876 non

2437 648 2502 700 σὺ
2524 648 2568 698 δ’
2599 646 2667 700 ἀν
2702 645 2831 708 ῖσως
2859 644 3283 714 ἀναμνησθείης.
3374 645 3566 697 Ἡνίκα
3621 645 3721 714 μὶν
3749 643 3862 714 γάρ
3907 644 4002 698 ἂν-

2433 733 2650 805 θρωπόν
2679 751 2881 804 φαμεν,
2927 733 3026 804 τὴν
3061 733 3606 804 ὲγκατατιταγμίνην
3661 733 3728 802 τῇ
3763 731 4005 786 ύποστάρ

2437 841 2518 878 σει
2577 823 2739 892 φύσιν
2791 823 3118 894 λογιζόμεθα
3144 842 3159 858 ο
3187 824 3350 896 ἡνίκα
3391 826 3436 878 δ’
3457 824 3854 896 ἀνθρωπότητα
3905 823 4003 894 τὴν

2434 914 2603 982 αὐτὴν
2632 914 2731 982 μὲν
2753 912 3041 984 ἀνθρώπου
3073 913 3256 983 φύσιν,
3286 914 3349 967 οὐ
3379 913 3478 983 τὴν
3502 913 3991 982 ιγκατατεταγμέ-

2434 1023 2533 1076 νην
2567 1007 2643 1071 δὲ,
2667 1007 2782 1059 ἀλλ’
2798 1006 2866 1076 ἢν
2888 1008 2916 1059 6
2939 1005 3064 1070 νοῦς
3093 1006 3326 1078 ἐξαιρῶν
3349 1007 3448 1077 τῆς
3465 1005 3595 1077 ὕλης
3644 1005 3768 1060 καθ’
3802 1006 4006 1076 ἑαυτὴν

2434 1096 2899 1168 πολυπραγμονεῖ.
2929 1099 3091 1150 Ὥστε
3121 1098 3316 1151 ταυτόν
3351 1097 3496 1151 ἔστιν
3519 1100 3546 1151 6
3568 1098 3881 1167 ἄνθρωπος,
3909 1098 4007 1151 καὶ

2436 1188 2470 1256 ἡ
2493 1187 2869 1257 ἀνθρωπότης,
2899 1188 2994 1241 καὶ
3021 1188 3221 1256 τρόπον
3276 1187 3464 1258 ἕτερον
3510 1186 3961 1258 παραλλάττοντα
3989 1202 4006 1218 ·

2435 1277 2516 1331 διδ
2542 1279 2642 1330 οὐκ
2676 1279 2995 1345 ἀναγκαῖον,
3021 1279 3167 1342 ὅσοις
3190 1278 3541 1348 ὲνθεωρεῖται
3564 1279 3626 1330 τὸ
3659 1277 3872 1349 ἓτερον,
3893 1279 4010 1340 τοῖς

2439 1371 2624 1432 αὐτοῖς
2670 1369 2900 1440 ὁρᾶσθαι
2924 1373 3019 1423 καὶ
3047 1370 3293 1439 θάτερον.
3320 1365 3415 1431 Οἷς
3439 1369 3549 1440 γὰρ
3574 1369 3821 1439 ἀλλήλων
3859 1385 4010 1436 παρ-

2437 1459 2722 1529 ήλλακται,
2780 1461 3244 1532 παρηλλαγμένην
3274 1461 3492 1524 πάντως
3537 1461 3630 1514 καὶ
3665 1460 3765 1530 τὴν
3816 1459 4010 1528 χρείαν

2438 1553 2760 1622 παράσχοιτ’
2785 1551 2870 1607 ἀν.
2904 1553 2996 1606 Διὸ
3023 1553 3116 1606 καὶ
3140 1553 3425 1624 ἄνθρωπον
3449 1552 3550 1622 μιν
3601 1551 3836 1618 εὐλόγως
3899 1567 4010 1620 φα-

2441 1644 2542 1714 μὲν
2567 1645 2660 1697 τὸν
2689 1644 3006 1715 Σωκράτην,
3034 1643 3496 1715 άνθρωπότηταδι
3519 1644 3620 1697 οὐκ
3653 1645 3753 1695 ἔτι.
3771 1642 3868 1697 Ἐν
3898 1643 4010 1712 γὰρ

2438 1735 2517 1806 τῷ
2549 1736 2979 1807 παραλλάττοντι
3009 1739 3110 1808 τῆς
3145 1737 3476 1807 κατηγορίας
3519 1735 3664 1805 ἔχειν
3699 1735 3883 1806 μέντοι
3907 1735 4011 1803 τὴν

2442 1826 2836 1898 ἀνθρωπότητα
2890 1827 2982 1881 τὸν
3013 1828 3310 1899 Σωκράτην
3373 1826 3606 1896 ἐροῦμεν
3635 1840 3651 1857 ’
3695 1826 3792 1878 καὶ
3840 1841 4008 1894 περι·-

774 1921 1030 1978 prmterea
1073 1911 1490 1966 humanitatem.
1525 1909 1737 1965 Etenim
1778 1916 2135 1979 permutando
2162 1927 2337 1966 enun-
2369 1904 2408 1959 Β

2369 1904 2408 1959 Β
2439 1917 2658 1988 έχεσθαι
2690 1920 2751 1972 τὸ
2780 1919 2900 1973 καθ’
2949 1919 3177 1973 εκαστον
3203 1913 3299 1973 on‘
3329 1919 3520 1988 αὐτῆς.
3545 1917 3732 1984 ῶσπερ
3757 1916 3863 1970 ὑπὸ
3911 1914 4008 1969 τοῦ

773 2004 1015 2059 tiationis
1047 2001 1335 2059 formulam
1369 2004 1651 2059 Socratem
1687 2003 1854 2073 probe
1872 2004 2105 2058 dicimus
2135 2004 2337 2060 habere

775 2097 1186 2162 humanitatem,
1223 2111 1287 2152 ac
1337 2096 1406 2150 ab
1455 2096 1573 2166 ipsa
1612 2111 1699 2150 res
1722 2097 1788 2150 ad
1830 2097 2106 2150 individua
2165 2096 2333 2165 perti-

775 2195 983 2252 nentes,
1031 2188 1108 2242 uti
1153 2196 1208 2242 et
1242 2188 1312 2243 ab
1341 2187 1566 2243 homine
1605 2187 1906 2254 contineri;
1955 2187 2226 2256 siquidem
2279 2185 2334 2240 in

774 2276 1085 2346 huiusmodi
1114 2277 1364 2350 loquendi
1387 2278 1563 2336 modis
1593 2278 1832 2347 ipsarum
1873 2292 2055 2330 rerum
2085 2276 2336 2330 identitas

771 2368 978 2421 servari
1019 2367 1252 2423 videtur.
1278 2367 1392 2423 Etsi
1415 2366 1598 2436 itaque
1622 2382 1727 2420 non
1751 2367 2050 2422 secundum
2081 2367 2332 2421 eumdem

772 2458 1015 2522 modum,
1046 2460 1100 2513 in
1131 2459 1333 2530 quibus
1368 2459 1532 2511 homo
1560 2458 1782 2522 dicitur,
1823 2457 1878 2512 iu
1908 2457 2042 2527 ipsis
2075 2466 2254 2525 potest
2281 2468 2338 2512 et

772 2547 1086 2605 humanitas
1108 2551 1353 2618 apposite
1388 2549 1531 2615 dici;
1569 2549 1692 2619 jure
1722 2558 1903 2604 tamen
1945 2549 2213 2619 quispiam
2247 2549 2335 2604 di-

2439 2007 2730 2076 ἀνθρώπου
2757 2027 2773 2040 ⁸
2807 2011 2864 2062 ὲν
2893 2012 3006 2071 τοῖς
3029 2008 3292 2072 τοιούτοις
3316 2010 3425 2080 γάρ
3477 2008 3658 2061 αὐτῶν
3690 2007 3864 2060 ἐδόκει
3914 2006 4010 2058 καὶ

2441 2098 2774 2168 ἡταυτότης.
2819 2100 2982 2153 Ὥστε
3008 2100 3057 2152 εί
3088 2101 3180 2154 καὶ
3211 2100 3286 2171 μὴ
3314 2100 3408 2152 τὸν
3455 2098 3618 2152 αὐτὸν
3655 2097 3878 2168 τρόπον,
3920 2093 4010 2164 ἐφ’

2439 2180 2515 2240 ῶν
2538 2189 2567 2240 6
2596 2187 2881 2258 ἄνθρωπος
2905 2189 3138 2258 λέγεται.
3167 2189 3253 2242 ἐπ’
3276 2188 3457 2242 αὐτῶν
3487 2188 3748 2258 ἁρμόζειν
3779 2185 4011 2239 δύναται

2443 2281 2535 2334 καὶ
2562 2281 2594 2350 ἡ
2625 2280 3003 2352 ἀνθρωπότης.
3045 2282 3205 2338 Ἀλλά
3262 2282 3616 2352 περιεκτικήν
3641 2296 3700 2332 τε
3734 2273 3876 2331 εἶναι
3901 2277 4012 2329 τῶν

2439 2371 2657 2442 ἀτόμων
2687 2373 2945 2445 καθαρῶς
2974 2374 3038 2428 ἄν
3063 2391 3149 2438 τις
3185 2373 3286 2446 τὴν
3316 2373 3710 2444 ἀνθρωπότητα
3741 2368 4012 2440 φαίηοκαὶ

2440 2462 2584 2532 ἔχειν
2611 2463 2812 2536 ταύτην
2838 2467 2930 2519 τὸν
2957 2467 3275 2536 Σωκράτην,
3319 2467 3416 2519 καὶ
3468 2462 3789 2535 θεωρεῖσθαι
3837 2459 4012 2530 αὐτὴν

2441 2551 2506 2605 ικ
2534 2554 2643 2608 τῶν
2672 2555 2915 2625 ἀτόμων.

769 2647 853 2694 cet
878 2640 1020 2710 quod
1050 2649 1105 2695 et
1125 2640 1401 2695 individua
1441 2642 1715 2697 contineat
1735 2640 2066 2707 humanitas,
2110 2648 2164 2695 et
2209 2642 2603 2712 complectatur
2638 2647 2752 2704 hac
2793 2647 3094 2716 Socratem,
3131 2657 3294 2719 atque
3330 2649 3447 2719 ipsa
3484 2662 3549 2702 ex
3579 2645 3877 2702 individuis
3911 2645 4012 2700 ab-

768 2743 965 2790 stracta
991 2733 1174 2792 fuerit.

842 2829 1011 2885 Porro
1043 2828 1181 2882 ratio
1227 2826 1486 2897 loquendi
1532 2825 1602 2880 de
1635 2825 1977 2881 naturalibus
2013 2825 2080 2879 ad
2123 2825 2341 2880 solven-

770 2923 896 2976 dam
945 2921 1013 2975 de
1051 2919 1216 2974 rebus
1253 2928 1503 2972 naturam
1543 2917 1929 2973 excedentibus
1981 2917 2338 2987 quastionem

771 3020 1072 3082 opportuna
1099 3019 1207 3065 est.
1245 3008 1351 3064 Sed
1378 3024 1500 3078 qua:
1533 3008 1793 3063 hactenus
1821 3007 2228 3062 enucleavimus
2251 3009 2342 3074 ju-

772 3119 973 3158 venum
1005 3117 1146 3166 esse,
1179 3100 1272 3170 qui
1304 3099 1358 3154 in
1385 3098 1683 3155 dialecticis
1716 3098 1981 3169 palestris
2015 3099 2194 3152 adhuc
2225 3098 2340 3150 for-

773 3208 920 3251 tasse
960 3203 1210 3258 currunt,
1251 3193 1494 3249 nondum
1545 3201 1725 3246 autem
1772 3190 1838 3245 ad
1881 3190 2156 3254 bravium,
2194 3189 2339 3258 quod

774 3287 1018 3342 veritatis
1054 3285 1262 3354 agnitio
1313 3285 1502 3346 donat,
1548 3289 1931 3353 pervenerunt,
1976 3280 2342 3336 existimanda

775 3385 920 3433 sunt.
965 3375 1249 3442 Quomodo
1288 3376 1434 3430 enim
1473 3375 1785 3429 humanitas
1836 3383 1890 3427 et
1936 3373 2005 3427 ab
2048 3371 2342 3427 individuis

777 3466 1135 3529 abstrahitur,
1157 3473 1212 3519 et
1257 3465 1327 3520 ab
1368 3464 1502 3535 ipsis
1543 3464 1807 3519 habetur?
1847 3462 2133 3528 Quomodo
2160 3473 2342 3517 autem

779 3556 1055 3612 individua
1087 3555 1352 3622 continet,
1378 3553 1508 3610 dum
1539 3571 1646 3611 non
1676 3562 1856 3625 potest
1884 3553 2135 3607 omnibus
2161 3553 2343 3607 modis

777 3649 845 3702 de
870 3647 1003 3718 ipsis
1027 3645 1346 3701 enuntiari?
1375 3643 1587 3700 Habere
1611 3643 1873 3713 profecto,
1891 3651 1945 3696 et
1968 3657 2106 3707 esse,
2128 3641 2344 3696 etiamsi

780 3739 930 3796 brevi
969 3740 1270 3794 litterarum
1307 3737 1569 3792 varietate
1604 3738 1830 3798 distent,
1877 3749 2126 3806 magnam
2160 3742 2344 3789 tamen

779 3848 959 3886 rerum
981 3831 1348 3887 diversitatem
1385 3830 1699 3897 important.

850 3924 1086 3979 Facilius
1118 3932 1298 3977 autem
1339 3920 1477 3975 foret
1519 3920 1790 3988 objectum
1829 3919 1896 3973 ab
1931 3917 2210 3972 identitate
2249 3915 2347 3971 de-

780 4026 1054 4086 sumptum
1079 4015 1306 4071 diluere:
1323 4010 2008 4083 quandoquidem,etiamsi
2028 4009 2221 4064 demus
2245 4008 2334 4062 ho-

782 4109 982 4162 minem
1022 4117 1078 4162 ει
1111 4105 1501 4159 humanitatem
1539 4103 1678 4156 idem
1717 4117 1859 4166 esse,
1903 4099 2215 4156 necessario
2265 4108 2346 4152 ta.

782 4215 904 4252 men
935 4214 1042 4254 non
1080 4197 1348 4266 sequitur,
1389 4203 1448 4249 ut
1487 4196 1656 4249 altero
1696 4192 1989 4264 praedicato
2024 4191 2346 4261 praedicetur

779 4299 834 4342 et
858 4289 1110 4342 alterum.
1138 4285 1392 4340 Socrates
1408 4283 1551 4338 enim
1578 4283 1717 4336 idem
1736 4291 1822 4335 est
1867 4296 1931 4335 ac
1961 4280 2161 4344 homo;
2185 4278 2347 4332 modo

781 4379 1011 4433 alterum
1064 4378 1127 4431 de
1153 4377 1324 4430 altero
1363 4389 1471 4428 nou
1522 4374 1838 4428 enuntietur
1866 4390 1878 4424 :
1914 4371 2114 4440 quippe
2146 4369 2212 4425 de
2243 4369 2348 4423 So—

782 4477 933 4522 crate
964 4467 1128 4538 probe
1163 4467 1488 4537 prasdicatur
1511 4464 1693 4526 homo,
1727 4462 1819 4515 sed
1845 4476 1954 4514 non
1986 4460 2116 4514 item
2147 4459 2346 4513 Socra-

2525 2830 2583 2884 ’0
2609 2829 2667 2884 δὲ
2695 2829 2789 2883 ἐπὶ
2854 2829 2954 2900 τῆς
3015 2827 3230 2896 φύσεως
3279 2825 3435 2894 λόγος
3465 2825 3682 2895 ῑτοιμός
3741 2824 3860 2878 ἐστι
3918 2806 4015 2878 καὶ

2441 2921 2572 2991 περὶ
2628 2920 2737 2973 τῶν
2801 2918 3091 2990 ὑπερφυῶν
3138 2918 3238 2989 τὴν
3275 2916 3686 2987 ἀμφισϐήτησιν
3749 2913 4015 2967 διαλύειν.

2452 3011 2615 3066 Ἀλλά
2641 3011 2711 3064 τά
2742 3012 2842 3081 μὲν
2869 3009 3153 3081 προσεχῶς
3177 3008 3469 3078 ιίρημένα,
3501 3005 3851 3076 σκιρτῶντων
3881 3005 4016 3063 ῖσως

2441 3104 2522 3157 ετι
2556 3102 2692 3173 μετά
2723 3102 2822 3164 τὰς
2847 3099 3195 3162 διαλεκτικὰς
3241 3097 3600 3166 παλαίστρας,
3629 3095 3781 3148 οὖτοω
3805 3095 3864 3147 δὲ
3905 3092 4018 3146 τῶν

2443 3194 2522 3257 είς
2581 3193 2642 3246 τὸ
2695 3191 2946 3262 βραϐεῖον
2994 3188 3331 3259 ἀφιγμένων,
3365 3186 3394 3241 ὃ
3425 3185 3702 3256 χαρίζεται
3744 3185 3850 3252 τῆς
3881 3184 4017 3252 ἀληο

2450 3285 2599 3346 θείας
2627 3285 2662 3353 ἡ
2695 3281 3021 3351 κατάληψις,
3049 3279 3346 3348 νομιστέον.
3410 3278 3534 3340 Πῶς
3565 3276 3674 3345 γάρ
3721 3277 3755 3345 ἡ
3804 3275 4017 3344 ἀνθρωο

2449 3377 2620 3446 πότης
2673 3377 2765 3429 κει)⁸
2806 3373 3065 3444 ἐξῄρηται
3111 3371 3220 3425 τῶν
3274 3371 3514 3440 ἀτόμων,
3566 3369 3661 3421 καὶ
3694 3367 3788 3420 ὑπ’
3834 3366 4016 3420 αὐτῶν

2450 3467 2664 3536 ﬁxerat;
2696 3464 2818 3528 ῐιῶς
2847 3464 2904 3516 δὶ
2938 3462 3183 3532 περιέχει
3222 3459 3418 3525 ταῦτα,
3465 3458 3588 3528 μηδ’
3649 3457 3785 3519 ὅλως
3834 3456 4017 3509 αὐτῶν

2450 3556 2943 3627 κατηγορουμένης
2998 3554 3072 3607 Τὸ
3103 3553 3209 3622 γάρ
3251 3551 3416 3621 ἔχειν,
3448 3551 3541 3604 καὶ
3585 3549 3648 3601 τὸ
3689 3545 3852 3608 εἶναι.
3911 3548 4016 3600 κᾶν

2449 3648 2793 3718 γραμμάτων
2821 3645 3086 3714 ὲναλλαγῇ
3146 3642 3371 3714 βραχείᾳ
3421 3641 3709 3704 διίσταται,
3770 3638 4017 3709 μεγάλην

2451 3738 2797 3810 πραγμάτων
2829 3735 3164 3806 ἀπαγγέλλει
3198 3733 3514 3805 ἑτερότητα.

2524 3917 2635 3988 Τὴν
2660 3918 2704 3971 δ’
2739 3916 2846 3970 άπὸ
2884 3917 2982 3984 τῆς
3019 3913 3344 3982 ταυτότητος
3386 3907 3734 3979 καταδρομὴν
3795 3905 4020 3976 εὐχερέ-

2456 4021 2645 4074 στερον
2668 4002 3008 4056 ἀναστέλλειν
3043 4000 3108 4054 ἂν
3137 4001 3223 4069 είη
3249 4015 3264 4029 ·
3304 3999 3404 4069 οὐχ
3431 3998 3505 4060 ὡς
3525 3997 3736 4065 ἀνάγκη
3772 3995 3885 4064 (50)
3910 4011 4017 4056 τις,

2453 4094 2610 4160 εῖπερ
2637 4092 2731 4145 καὶ
2763 4090 2881 4159 δοίη
2914 4089 3107 4142 ταυτὸν
3138 4086 3410 4157 ἀνθρώπῳ
3451 4085 3549 4155 τὴν
3597 4083 4016 4153 ἀνθρωπότ-ητα,

2453 4182 2930 4254 κατηγορουμένου
2956 4180 3048 4234 τοῦ
3075 4181 3261 4249 ἑτέρου
3306 4178 3401 4231 κα)⁵
3428 4177 3488 4230 τὸ
3533 4177 3717 4246 ἕτερον
3770 4191 4018 4243 κατηγο-

2455 4274 2680 4345 ρεῖσθαι.
2721 4273 2931 4326 Ταυτὸν
2957 4271 3063 4342 γὰρ
3089 4271 3118 4323 6
3168 4269 3462 4337 Σωκράτης
3487 4265 3566 4337 τῷ
3618 4265 3910 4335 ἀνθρώπῳ,
3943 4263 4020 4316 εῖ-

2454 4380 2558 4434 περ
2583 4365 2681 4434 οὐχ
2711 4364 2899 4434 ἕτερον
2926 4362 3112 4432 ἑτέρου
3141 4361 3549 4428 κατηγορεῖται.
3593 4354 3752 4409 Ἀλλά
3780 4356 3890 4424 γάρ
3919 4353 4015 4406 τοῦ

2454 4456 2775 4525 Σωκράτους
2815 4454 2914 4524 μὶν
2942 4452 3329 4521 κατηγορεῖται
3362 4448 3521 4517 δῆλον
3548 4448 3576 4498 6
3596 4444 3898 4515 ἅνθρωπος,
3918 4443 4022 4496 οὐκ

785 4571 866 4614 tes
897 4535 1334 4628 praedicationem
1365 4553 1571 4607 homini
1605 4550 1817 4606 reddit:
1854 4549 2095 4644 profecto
2123 4548 2345 4612 dicitur,
2383 4590 2427 4644 υ

2383 4590 2427 4644 D
2455 4545 2535 4598 ἑτι
2561 4546 2616 4598 δὲ
2642 4548 2670 4597 6
2712 4544 3008 4613 Σωκράτης
3067 4539 3459 4595 ἀνταποδίδωσι
3491 4537 3568 4607 τῷ
3597 4536 3874 4606 ἀνθρώπῳ
3917 4535 4021 4605 τὴν

785 4626 1038 4705 Socrates
1066 4647 1288 4718 quidem
1316 4653 1402 4700 est
1435 4645 1598 4698 homo
1625 4661 1639 4697 :
1683 4657 1789 4696 non
1821 4649 2027 4704 autem,
2066 4640 2231 4694 homo
2262 4647 2348 4693 est
2383 4626 2425 4644 ν

2383 4626 2425 4644 ν
2456 4635 2791 4707 κατηγορίαν
2824 4651 2840 4665 ο
2895 4634 3108 4701 λέγεται
3138 4632 3237 4702 μὲν
3278 4631 3387 4700 γὰρ
3413 4631 3441 4682 6
3469 4629 3763 4698 Σωκράτης
3798 4626 4014 4695 ἀνθρω-

785 4741 1060 4794 Socrates.
1093 4735 1274 4803 Quare
1304 4733 1521 4789 ditlicile
1565 4748 1672 4788 non
1706 4740 1810 4796 est,
1843 4741 1905 4785 ut
1933 4729 1986 4784 in
2019 4729 2348 4800 quibusdam

783 4831 1100 4887 nominibus
1128 4829 1421 4886 diversitas
1452 4841 1577 4882 eum
1610 4824 1890 4881 identitate
1911 4824 2158 4894 prodeat.

855 5010 1009 5077 Quod
1026 5017 1206 5064 autem
1222 5003 1599 5078 exposuimus,
1613 5018 1736 5059 cum
1756 5017 1850 5072 per
1887 4999 2348 5071 comparationem

787 5105 1113 5174 persuadere
1148 5103 1370 5165 nitatur,
1388 5101 1454 5155 ad
1486 5099 1818 5170 propositam
1855 5097 2205 5166 quzestiouem
2237 5093 2347 5148 sol-

786 5197 1012 5252 vendam
1028 5195 1269 5250 eamdem
1284 5194 1390 5246 vim
1427 5207 1532 5246 non
1547 5189 1768 5254 exserit;
1791 5189 2053 5258 siquidem
2088 5188 2139 5241 in
2170 5185 2347 5240 allatis

786 5286 1046 5354 exemplis
1061 5285 1203 5354 aliqu
1215 5282 1265 5337 id
1279 5297 1567 5338 commune
1582 5289 1683 5344 est,
1697 5279 1896 5348 aliquid
1910 5293 2035 5332 vero
2052 5275 2342 5346 peculiare:

790 5389 839 5430 at
855 5378 905 5430 in
919 5376 1116 5430 divinis
1128 5373 1621 5430 communicatione
1633 5386 1783 5440 eque
1799 5369 1992 5439 gaudet
2004 5369 2342 5422 alterutrum.

787 5471 1047 5536 Quaenam
1093 5468 1258 5538 igitur
1289 5465 1492 5522 solutio
1538 5465 1662 5531 erit,
1703 5478 1823 5532 qua:
1873 5462 2021 5515 omni
2071 5474 2136 5514 ex
2193 5469 2345 5528 parte

2457 4744 2575 4789 πος,
2621 4726 2722 4778 οὐκ
2774 4724 2855 4778 ἔτι
2881 4724 2938 4777 δὲ
2965 4725 2993 4777 6
3025 4723 3308 4793 ἄνθρωπος
3350 4719 3666 4788 Σωκράτης.
3706 4717 3871 4768 Ὥστε
3915 4716 4022 4768 οὐκ

2453 4819 2658 4887 ἄπορον
2697 4819 2782 4869 ἐπ’
2809 4815 2965 4870 ἐνίων
3003 4813 3282 4884 ὀνομάτων
3311 4812 3489 4880 λέγειν
3519 4808 3876 4880 συμπροῖίναι
3919 4805 4021 4876 τὴν

2455 4909 2751 4980 ἑτερότητα
2777 4911 2842 4980 τῇ
2865 4907 3172 4976 ταυτότητι.

2540 5001 2701 5054 Ἀλλά
2735 5003 2852 5054 ἐστι
2909 4998 3021 5070 (51)
3060 4998 3152 5050 καὶ
3183 4995 3244 5048 τὸ
3295 4995 3459 5066 ρηθὶν
3505 4987 4018 5064 παραδειγματικὴν

2450 5093 2785 5162 πιθανότητα
2828 5090 2994 5162 φέρον
3023 5089 3085 5142 ού
3114 5088 3212 5158 τὴν
3239 5085 3408 5155 αὐτὴν
3430 5084 3584 5153 ἰσχὺν
3641 5079 4018 5150 προϐάλλεται

2448 5191 2562 5252 τοῖς
2618 5188 2677 5254 ἐξ
2706 5187 2880 5258 ἀρχῆς
2931 5183 3301 5254 ὴπορημένοις
3345 5179 3650 5250 παρασχεῖν
3681 5175 3779 5247 τὴν
3815 5174 3975 5227 λύσιν
4001 5189 4018 5205 ο

2451 5280 2546 5330 καὶ
2599 5278 2708 5346 γὰρ
2765 5276 3000 5329 ἐνταῦθα
3045 5275 3106 5328 τὸ
3143 5275 3240 5345 μὶν
3303 5271 3503 5332 κοινὸν,
3552 5269 3614 5322 τὸ
3641 5268 3697 5321 δὶ
3729 5265 3839 5319 τῶν
3891 5263 4022 5318 καθ’

2448 5367 2678 5420 ἕκαστον
2712 5381 2726 5396 ο
2795 5367 2854 5417 ἐν
2905 5363 3133 5426 ἐκείνοις
3187 5361 3243 5414 δὲ
3302 5357 3696 5430 παραπλησίως
3752 5355 4023 5424 ἑκάτερον

2449 5457 2710 5514 ἀπολαύει
2736 5457 2834 5528 τῆς
2860 5455 3188 5526 κοινότητος.
3219 5453 3316 5518 Τίς
3352 5448 3447 5507 οὖν
3477 5453 3512 5523 ἡ
3555 5445 3897 5517 πανταχόθεν
3918 5442 4022 5496 καὶ

2219 5571 2445 5628 ΝΟΤΕ.

858 5675 969 5742 (350)
1033 5673 1229 5728 Vocem
1283 5673 1422 5726 hanc
1487 5680 1798 5740 corruptam
1863 5677 2103 5724 asscrvat
2155 5668 2345 5742 codex,

787 5735 980 5811 quippe
1025 5743 1186 5822 habet
1251 5743 1370 5825 αντξ
1393 5758 1572 5824 αγνης
1606 5735 1667 5797 ac
1707 5743 1936 5796 fortasse
1992 5755 2090 5810 pro
2129 5739 2225 5807 οὐχ
2268 5735 2344 5799 ὡς

790 5824 1144 5884 tipporttmlus
1169 5823 1311 5869 esset
1341 5823 1415 5876 ως
1448 5823 1566 5865 ουκ.

2526 5669 2636 5735 (5|)
2699 5667 2933 5720 Verbum
2978 5661 3588 5735 substantivum‘oliari
3635 5657 3869 5735 videtur,
3921 5663 4022 5708 aut

2450 5727 2550 5808 pro
2585 5727 2942 5808 προϐάλλεται
2970 5731 3370 5806 προϐάλλεσθαι
3400 5730 3684 5802 legendum
3709 5727 3834 5783 erit.
