  <div class='ocr_page' id='page_1' title='image "/cluster/home/n/w/nwhite01/storage/ocr_20150623/101/nnc1.0046980164/127.png"; bbox 0 0 4202 6442; ppageno 0'>
   <div class='ocr_carea' id='block_1_1' title="bbox 779 425 883 491">
    <p class='ocr_par' dir='ltr' id='par_1_1' title="bbox 779 425 883 491">
     <span class='ocr_line' id='line_1_1' title="bbox 779 425 883 491; baseline 0.019 -4"><span class='ocrx_word' id='word_1_1' title='bbox 779 425 883 491; x_wconf 79' lang='lat'><strong>207</strong></span> 
     </span>
    </p>
   </div>
   <div class='ocr_carea' id='block_1_2' title="bbox 1920 441 2859 508">
    <p class='ocr_par' dir='ltr' id='par_1_2' title="bbox 1920 441 2859 508">
     <span class='ocr_line' id='line_1_2' title="bbox 1920 441 2859 508; baseline 0.007 -7"><span class='ocrx_word' id='word_1_2' title='bbox 1920 441 2184 503; x_wconf 84' lang='grc' dir='ltr'><strong>ΡΗΟΤΙΙ</strong></span> <span class='ocrx_word' id='word_1_3' title='bbox 2212 445 2713 506; x_wconf 72' lang='lat' dir='ltr'><strong>PATRIARCII/E</strong></span> <span class='ocrx_word' id='word_1_4' title='bbox 2750 450 2859 508; x_wconf 76' lang='grc' dir='ltr'><strong>ΟΡ.</strong></span> 
     </span>
    </p>
   </div>
   <div class='ocr_carea' id='block_1_3' title="bbox 3900 455 4007 524">
    <p class='ocr_par' dir='ltr' id='par_1_3' title="bbox 3900 455 4007 524">
     <span class='ocr_line' id='line_1_3' title="bbox 3900 455 4007 524; baseline 0.019 -1"><span class='ocrx_word' id='word_1_5' title='bbox 3900 455 4007 524; x_wconf 78' lang='lat'><strong>208</strong></span> 
     </span>
    </p>
   </div>
   <div class='ocr_carea' id='block_1_4' title="bbox 784 543 2443 643">
    <p class='ocr_par' dir='ltr' id='par_1_4' title="bbox 784 543 2424 616">
     <span class='ocr_line' id='line_1_4' title="bbox 784 543 2424 616; baseline 0.009 -21"><span class='ocrx_word' id='word_1_6' title='bbox 784 550 1010 610; x_wconf 83' lang='lat' dir='ltr'><strong>uterque</strong></span> <span class='ocrx_word' id='word_1_7' title='bbox 1046 543 1244 599; x_wconf 92' lang='lat' dir='ltr'><strong>dicitur</strong></span> <span class='ocrx_word' id='word_1_8' title='bbox 1288 561 1318 599; x_wconf 89' lang='lat' dir='ltr'><strong>a</strong></span> <span class='ocrx_word' id='word_1_9' title='bbox 1351 545 1616 615; x_wconf 73' lang='lat' dir='ltr'><strong>theologis</strong></span> <span class='ocrx_word' id='word_1_10' title='bbox 1666 549 1958 616; x_wconf 83' lang='lat' dir='ltr'><strong>procedere</strong></span> <span class='ocrx_word' id='word_1_11' title='bbox 1979 592 1996 616; x_wconf 95' lang='lat'><strong>,</strong></span> <span class='ocrx_word' id='word_1_12' title='bbox 2028 552 2232 608; x_wconf 90' lang='lat' dir='ltr'><strong>idcirco</strong></span> <span class='ocrx_word' id='word_1_13' title='bbox 2256 563 2350 608; x_wconf 87' lang='lat' dir='ltr'><strong>aut</strong></span> <span class='ocrx_word' id='word_1_14' title='bbox 2380 561 2424 616; x_wconf 77' lang='grc' dir='ltr'><strong>Α</strong></span> 
     </span>
    </p>
   </div>
   <div class='ocr_carea' id='block_1_5' title="bbox 2360 543 4019 643">
    <p class='ocr_par' dir='ltr' id='par_1_5' title="bbox 2380 554 4019 643">
     <span class='ocr_line' id='line_1_5' title="bbox 2380 554 4019 643; baseline 0.004 -35"><span class='ocrx_word' id='word_1_15' title='bbox 2380 561 2424 616; x_wconf 76' lang='grc' dir='ltr'><strong>Α</strong></span> <span class='ocrx_word' id='word_1_16' title='bbox 2457 554 2587 618; x_wconf 87' lang='grc' dir='ltr'>ἰδίας</span> <span class='ocrx_word' id='word_1_17' title='bbox 2616 556 2963 626; x_wconf 76' lang='grc' dir='ltr'><strong>ἐξιστάμενον</strong></span> <span class='ocrx_word' id='word_1_18' title='bbox 2992 558 3247 630; x_wconf 75' lang='grc' dir='ltr'><strong>ἰδιότητος</strong></span> <span class='ocrx_word' id='word_1_19' title='bbox 3272 577 3285 592; x_wconf 83' lang='lat'><strong><em>°</em></strong></span> <span class='ocrx_word' id='word_1_20' title='bbox 3314 562 3346 632; x_wconf 71' lang='grc' dir='ltr'>ἢ</span> <span class='ocrx_word' id='word_1_21' title='bbox 3382 565 3415 643; x_wconf 85' lang='grc' dir='ltr'><strong>ό</strong></span> <span class='ocrx_word' id='word_1_22' title='bbox 3446 562 3571 628; x_wconf 70' lang='grc' dir='ltr'>Υἱὸς</span> <span class='ocrx_word' id='word_1_23' title='bbox 3606 583 3707 636; x_wconf 81' lang='grc' dir='ltr'><strong>της</strong></span> <span class='ocrx_word' id='word_1_24' title='bbox 3738 585 4019 642; x_wconf 78' lang='grc' dir='ltr'><strong>χαρακτη.</strong></span> 
     </span>
    </p>
   </div>
   <div class='ocr_carea' id='block_1_6' title="bbox 784 634 2350 706">
    <p class='ocr_par' dir='ltr' id='par_1_6' title="bbox 784 634 2350 706">
     <span class='ocr_line' id='line_1_6' title="bbox 784 634 2350 706; baseline 0.008 -20"><span class='ocrx_word' id='word_1_25' title='bbox 784 634 1017 701; x_wconf 74' lang='lat' dir='ltr'><strong>Spiritus</strong></span> <span class='ocrx_word' id='word_1_26' title='bbox 1049 644 1268 690; x_wconf 84' lang='lat' dir='ltr'><strong>sanctus</strong></span> <span class='ocrx_word' id='word_1_27' title='bbox 1294 650 1361 690; x_wconf 80' lang='lat' dir='ltr'><strong>ex</strong></span> <span class='ocrx_word' id='word_1_28' title='bbox 1385 638 1714 706; x_wconf 77' lang='lat' dir='ltr'><strong>preprietate</strong></span> <span class='ocrx_word' id='word_1_29' title='bbox 1743 655 1840 694; x_wconf 90' lang='lat' dir='ltr'><strong>sua</strong></span> <span class='ocrx_word' id='word_1_30' title='bbox 1860 640 2098 697; x_wconf 87' lang='lat' dir='ltr'><strong>dimotus</strong></span> <span class='ocrx_word' id='word_1_31' title='bbox 2130 645 2180 697; x_wconf 87' lang='lat' dir='ltr'><strong>in</strong></span> <span class='ocrx_word' id='word_1_32' title='bbox 2214 645 2350 698; x_wconf 84' lang='lat' dir='ltr'><strong>lilia-</strong></span> 
     </span>
    </p>
   </div>
   <div class='ocr_carea' id='block_1_7' title="bbox 781 721 2348 801">
    <p class='ocr_par' dir='ltr' id='par_1_7' title="bbox 781 721 2348 801">
     <span class='ocr_line' id='line_1_7' title="bbox 781 721 2348 801; baseline 0.008 -25"><span class='ocrx_word' id='word_1_33' title='bbox 781 721 928 778; x_wconf 89' lang='lat' dir='ltr'><strong>tione</strong></span> <span class='ocrx_word' id='word_1_34' title='bbox 954 723 1340 786; x_wconf 85' lang='lat' dir='ltr'><strong>rollocabitur;</strong></span> <span class='ocrx_word' id='word_1_35' title='bbox 1377 735 1471 780; x_wconf 94' lang='lat' dir='ltr'><strong>aut</strong></span> <span class='ocrx_word' id='word_1_36' title='bbox 1497 725 1667 783; x_wconf 83' lang='lat' dir='ltr'><strong>Filius</strong></span> <span class='ocrx_word' id='word_1_37' title='bbox 1689 729 1758 784; x_wconf 90' lang='lat' dir='ltr'><strong>ab</strong></span> <span class='ocrx_word' id='word_1_38' title='bbox 1785 745 1868 796; x_wconf 93' lang='lat' dir='ltr'><strong>ea,</strong></span> <span class='ocrx_word' id='word_1_39' title='bbox 1889 747 2010 800; x_wconf 70' lang='lat' dir='ltr'><strong>quae</strong></span> <span class='ocrx_word' id='word_1_40' title='bbox 2039 734 2214 801; x_wconf 90' lang='lat' dir='ltr'><strong>ipsum</strong></span> <span class='ocrx_word' id='word_1_41' title='bbox 2239 736 2348 789; x_wconf 86' lang='lat' dir='ltr'><strong>dis-</strong></span> 
     </span>
    </p>
   </div>
   <div class='ocr_carea' id='block_1_8' title="bbox 779 812 2347 892">
    <p class='ocr_par' dir='ltr' id='par_1_8' title="bbox 779 812 2347 892">
     <span class='ocr_line' id='line_1_8' title="bbox 779 812 2347 892; baseline 0.009 -26"><span class='ocrx_word' id='word_1_42' title='bbox 779 812 996 884; x_wconf 77' lang='lat' dir='ltr'><strong>tinguit,</strong></span> <span class='ocrx_word' id='word_1_43' title='bbox 1031 816 1376 885; x_wconf 78' lang='lat' dir='ltr'><strong>generatione</strong></span> <span class='ocrx_word' id='word_1_44' title='bbox 1402 818 1682 886; x_wconf 84' lang='lat' dir='ltr'><strong>recedens,</strong></span> <span class='ocrx_word' id='word_1_45' title='bbox 1741 836 1864 876; x_wconf 90' lang='lat' dir='ltr'><strong>cum</strong></span> <span class='ocrx_word' id='word_1_46' title='bbox 1895 823 2134 892; x_wconf 74' lang='lat' dir='ltr'><strong>Spiritus</strong></span> <span class='ocrx_word' id='word_1_47' title='bbox 2174 829 2347 881; x_wconf 85' lang='lat' dir='ltr'><strong>sancti</strong></span> 
     </span>
    </p>
   </div>
   <div class='ocr_carea' id='block_1_9' title="bbox 781 904 2344 984">
    <p class='ocr_par' dir='ltr' id='par_1_9' title="bbox 781 904 2344 984">
     <span class='ocr_line' id='line_1_9' title="bbox 781 904 2344 984; baseline 0.008 -29"><span class='ocrx_word' id='word_1_48' title='bbox 781 904 1112 972; x_wconf 79' lang='lat' dir='ltr'><strong>proprietate</strong></span> <span class='ocrx_word' id='word_1_49' title='bbox 1145 905 1514 962; x_wconf 76' lang='lat' dir='ltr'><strong>confundetur</strong></span> <span class='ocrx_word' id='word_1_50' title='bbox 1540 925 1640 963; x_wconf 83' lang='lat' dir='ltr'><strong>:ex</strong></span> <span class='ocrx_word' id='word_1_51' title='bbox 1669 911 1858 965; x_wconf 90' lang='lat' dir='ltr'><strong>eodem</strong></span> <span class='ocrx_word' id='word_1_52' title='bbox 1883 913 2027 967; x_wconf 91' lang='lat' dir='ltr'><strong>enim</strong></span> <span class='ocrx_word' id='word_1_53' title='bbox 2052 915 2344 984; x_wconf 90' lang='lat' dir='ltr'><strong>principio,</strong></span> 
     </span>
    </p>
   </div>
   <div class='ocr_carea' id='block_1_10' title="bbox 781 989 2344 1069">
    <p class='ocr_par' dir='ltr' id='par_1_10' title="bbox 781 989 2344 1069">
     <span class='ocr_line' id='line_1_10' title="bbox 781 989 2344 1069; baseline 0.008 -25"><span class='ocrx_word' id='word_1_54' title='bbox 781 989 877 1044; x_wconf 84' lang='lat' dir='ltr'><strong>sed</strong></span> <span class='ocrx_word' id='word_1_55' title='bbox 909 1007 1016 1046; x_wconf 93' lang='lat' dir='ltr'><strong>non</strong></span> <span class='ocrx_word' id='word_1_56' title='bbox 1044 994 1232 1048; x_wconf 90' lang='lat' dir='ltr'><strong>eodem</strong></span> <span class='ocrx_word' id='word_1_57' title='bbox 1267 1007 1423 1065; x_wconf 85' lang='lat' dir='ltr'><strong>pacto</strong></span> <span class='ocrx_word' id='word_1_58' title='bbox 1446 997 1606 1052; x_wconf 87' lang='lat' dir='ltr'><strong>ambo</strong></span> <span class='ocrx_word' id='word_1_59' title='bbox 1645 1000 1972 1069; x_wconf 84' lang='lat' dir='ltr'><strong>procedunt;</strong></span> <span class='ocrx_word' id='word_1_60' title='bbox 2005 1017 2105 1057; x_wconf 91' lang='lat' dir='ltr'><strong>nec</strong></span> <span class='ocrx_word' id='word_1_61' title='bbox 2147 1018 2344 1058; x_wconf 85' lang='lat' dir='ltr'><strong>secun-</strong></span> 
     </span>
    </p>
   </div>
   <div class='ocr_carea' id='block_1_11' title="bbox 781 1081 2342 1162">
    <p class='ocr_par' dir='ltr' id='par_1_11' title="bbox 781 1081 2342 1162">
     <span class='ocr_line' id='line_1_11' title="bbox 781 1081 2342 1162; baseline 0.01 -29"><span class='ocrx_word' id='word_1_62' title='bbox 781 1081 909 1135; x_wconf 89' lang='lat' dir='ltr'><strong>dum</strong></span> <span class='ocrx_word' id='word_1_63' title='bbox 939 1085 1182 1139; x_wconf 85' lang='lat' dir='ltr'><strong>eamdem</strong></span> <span class='ocrx_word' id='word_1_64' title='bbox 1216 1087 1600 1156; x_wconf 82' lang='lat' dir='ltr'><strong>proprietatem</strong></span> <span class='ocrx_word' id='word_1_65' title='bbox 1623 1101 1706 1146; x_wconf 85' lang='lat' dir='ltr'><strong>est</strong></span> <span class='ocrx_word' id='word_1_66' title='bbox 1735 1092 2013 1162; x_wconf 88' lang='lat' dir='ltr'><strong>utriusque</strong></span> <span class='ocrx_word' id='word_1_67' title='bbox 2049 1095 2342 1162; x_wconf 78' lang='lat' dir='ltr'><strong>processio.</strong></span> 
     </span>
    </p>
   </div>
   <div class='ocr_carea' id='block_1_12' title="bbox 782 1170 2346 1253">
    <p class='ocr_par' dir='ltr' id='par_1_12' title="bbox 782 1170 2346 1253">
     <span class='ocr_line' id='line_1_12' title="bbox 782 1170 2346 1253; baseline 0.009 -29"><span class='ocrx_word' id='word_1_68' title='bbox 782 1170 994 1226; x_wconf 84' lang='lat' dir='ltr'><strong>Etenim</strong></span> <span class='ocrx_word' id='word_1_69' title='bbox 1040 1173 1211 1231; x_wconf 85' lang='lat' dir='ltr'><strong>Filius</strong></span> <span class='ocrx_word' id='word_1_70' title='bbox 1237 1176 1459 1246; x_wconf 85' lang='lat' dir='ltr'><strong>quidem</strong></span> <span class='ocrx_word' id='word_1_71' title='bbox 1496 1181 1736 1247; x_wconf 90' lang='lat' dir='ltr'><strong>procedit</strong></span> <span class='ocrx_word' id='word_1_72' title='bbox 1778 1198 1807 1236; x_wconf 90' lang='lat' dir='ltr'><strong>a</strong></span> <span class='ocrx_word' id='word_1_73' title='bbox 1854 1182 2031 1246; x_wconf 86' lang='lat' dir='ltr'><strong>Patre,</strong></span> <span class='ocrx_word' id='word_1_74' title='bbox 2064 1199 2258 1253; x_wconf 84' lang='lat' dir='ltr'><strong>nempe</strong></span> <span class='ocrx_word' id='word_1_75' title='bbox 2287 1194 2346 1238; x_wconf 96' lang='lat' dir='ltr'><strong>ut</strong></span> 
     </span>
    </p>
   </div>
   <div class='ocr_carea' id='block_1_13' title="bbox 784 1263 2341 1343">
    <p class='ocr_par' dir='ltr' id='par_1_13' title="bbox 784 1263 2341 1343">
     <span class='ocr_line' id='line_1_13' title="bbox 784 1263 2341 1343; baseline 0.01 -29"><span class='ocrx_word' id='word_1_76' title='bbox 784 1263 1019 1330; x_wconf 69' lang='lat' dir='ltr'><strong>genitus,</strong></span> <span class='ocrx_word' id='word_1_77' title='bbox 1052 1265 1285 1335; x_wconf 80' lang='lat' dir='ltr'><strong>Spiritus</strong></span> <span class='ocrx_word' id='word_1_78' title='bbox 1312 1279 1535 1325; x_wconf 84' lang='lat' dir='ltr'><strong>sanctus</strong></span> <span class='ocrx_word' id='word_1_79' title='bbox 1564 1281 1745 1326; x_wconf 89' lang='lat' dir='ltr'><strong>autem</strong></span> <span class='ocrx_word' id='word_1_80' title='bbox 1779 1288 1875 1342; x_wconf 90' lang='lat' dir='ltr'><strong>per</strong></span> <span class='ocrx_word' id='word_1_81' title='bbox 1916 1275 2341 1343; x_wconf 86' lang='lat' dir='ltr'><strong>processionem,</strong></span> 
     </span>
    </p>
   </div>
   <div class='ocr_carea' id='block_1_14' title="bbox 782 1355 2346 1433">
    <p class='ocr_par' dir='ltr' id='par_1_14' title="bbox 782 1355 2346 1433">
     <span class='ocr_line' id='line_1_14' title="bbox 782 1355 2346 1433; baseline 0.01 -29"><span class='ocrx_word' id='word_1_82' title='bbox 782 1366 904 1420; x_wconf 67' lang='lat' dir='ltr'><strong>qua:</strong></span> <span class='ocrx_word' id='word_1_83' title='bbox 947 1355 1106 1409; x_wconf 88' lang='lat' dir='ltr'><strong>aliam</strong></span> <span class='ocrx_word' id='word_1_84' title='bbox 1157 1357 1231 1412; x_wconf 89' lang='lat' dir='ltr'><strong>illi</strong></span> <span class='ocrx_word' id='word_1_85' title='bbox 1280 1359 1372 1414; x_wconf 91' lang='lat' dir='ltr'><strong>dat</strong></span> <span class='ocrx_word' id='word_1_86' title='bbox 1395 1363 1780 1431; x_wconf 77' lang='lat' dir='ltr'><strong>proprietatem</strong></span> <span class='ocrx_word' id='word_1_87' title='bbox 1862 1364 1958 1418; x_wconf 83' lang='lat' dir='ltr'><strong>sed</strong></span> <span class='ocrx_word' id='word_1_88' title='bbox 2002 1379 2181 1433; x_wconf 86' lang='lat' dir='ltr'><strong>neque</strong></span> <span class='ocrx_word' id='word_1_89' title='bbox 2229 1367 2346 1419; x_wconf 72' lang='lat' dir='ltr'><strong>haec</strong></span> 
     </span>
    </p>
   </div>
   <div class='ocr_carea' id='block_1_15' title="bbox 783 1446 2344 1516">
    <p class='ocr_par' dir='ltr' id='par_1_15' title="bbox 783 1446 2344 1516">
     <span class='ocr_line' id='line_1_15' title="bbox 783 1446 2344 1516; baseline 0.01 -23"><span class='ocrx_word' id='word_1_90' title='bbox 783 1446 1057 1509; x_wconf 83' lang='lat' dir='ltr'><strong>processio</strong></span> <span class='ocrx_word' id='word_1_91' title='bbox 1104 1448 1470 1516; x_wconf 76' lang='lat' dir='ltr'><strong>generationis</strong></span> <span class='ocrx_word' id='word_1_92' title='bbox 1513 1453 1788 1509; x_wconf 87' lang='lat' dir='ltr'><strong>notionem</strong></span> <span class='ocrx_word' id='word_1_93' title='bbox 1828 1453 1932 1509; x_wconf 84' lang='lat' dir='ltr'><strong>sibi</strong></span> <span class='ocrx_word' id='word_1_94' title='bbox 1968 1456 2240 1511; x_wconf 88' lang='lat' dir='ltr'><strong>conciliat.</strong></span> <span class='ocrx_word' id='word_1_95' title='bbox 2269 1455 2344 1509; x_wconf 81' lang='lat' dir='ltr'><strong>ita</strong></span> 
     </span>
    </p>
   </div>
   <div class='ocr_carea' id='block_1_16' title="bbox 783 1535 2346 1610">
    <p class='ocr_par' dir='ltr' id='par_1_16' title="bbox 783 1535 2346 1610">
     <span class='ocr_line' id='line_1_16' title="bbox 783 1535 2346 1610; baseline 0.012 -28"><span class='ocrx_word' id='word_1_96' title='bbox 783 1544 916 1585; x_wconf 84' lang='lat' dir='ltr'><strong>sane</strong></span> <span class='ocrx_word' id='word_1_97' title='bbox 947 1546 1036 1590; x_wconf 84' lang='lat' dir='ltr'><strong>res</strong></span> <span class='ocrx_word' id='word_1_98' title='bbox 1065 1550 1126 1590; x_wconf 83' lang='lat' dir='ltr'><strong>se</strong></span> <span class='ocrx_word' id='word_1_99' title='bbox 1167 1535 1356 1606; x_wconf 82' lang='lat' dir='ltr'><strong>habet;</strong></span> <span class='ocrx_word' id='word_1_100' title='bbox 1389 1548 1443 1595; x_wconf 91' lang='lat' dir='ltr'><strong>et</strong></span> <span class='ocrx_word' id='word_1_101' title='bbox 1486 1543 1577 1610; x_wconf 85' lang='lat' dir='ltr'><strong>qui</strong></span> <span class='ocrx_word' id='word_1_102' title='bbox 1619 1545 1916 1599; x_wconf 86' lang='lat' dir='ltr'><strong>secundum</strong></span> <span class='ocrx_word' id='word_1_103' title='bbox 1954 1545 2197 1600; x_wconf 67' lang='lat' dir='ltr'><strong>diversas</strong></span> <span class='ocrx_word' id='word_1_104' title='bbox 2244 1561 2346 1599; x_wconf 89' lang='lat' dir='ltr'><strong>no-</strong></span> 
     </span>
    </p>
   </div>
   <div class='ocr_carea' id='block_1_17' title="bbox 782 1618 2346 1704">
    <p class='ocr_par' dir='ltr' id='par_1_17' title="bbox 782 1618 2346 1704">
     <span class='ocr_line' id='line_1_17' title="bbox 782 1618 2346 1704; baseline 0.011 -32"><span class='ocrx_word' id='word_1_105' title='bbox 782 1618 956 1677; x_wconf 88' lang='lat' dir='ltr'><strong>tiones</strong></span> <span class='ocrx_word' id='word_1_106' title='bbox 978 1638 1007 1677; x_wconf 85' lang='lat' dir='ltr'><strong>a</strong></span> <span class='ocrx_word' id='word_1_107' title='bbox 1035 1625 1194 1681; x_wconf 83' lang='lat' dir='ltr'><strong>Patre</strong></span> <span class='ocrx_word' id='word_1_108' title='bbox 1223 1629 1372 1684; x_wconf 81' lang='lat' dir='ltr'><strong>exire</strong></span> <span class='ocrx_word' id='word_1_109' title='bbox 1394 1631 1667 1696; x_wconf 88' lang='lat' dir='ltr'><strong>dicuntur,</strong></span> <span class='ocrx_word' id='word_1_110' title='bbox 1702 1634 1972 1688; x_wconf 85' lang='lat' dir='ltr'><strong>diversam</strong></span> <span class='ocrx_word' id='word_1_111' title='bbox 1994 1650 2212 1704; x_wconf 84' lang='lat' dir='ltr'><strong>quoque</strong></span> <span class='ocrx_word' id='word_1_112' title='bbox 2246 1651 2346 1688; x_wconf 81' lang='lat' dir='ltr'><strong>no-</strong></span> 
     </span>
    </p>
   </div>
   <div class='ocr_carea' id='block_1_18' title="bbox 2452 645 4022 722">
    <p class='ocr_par' dir='ltr' id='par_1_18' title="bbox 2452 645 4022 722">
     <span class='ocr_line' id='line_1_18' title="bbox 2452 645 4022 722; baseline 0.011 -25"><span class='ocrx_word' id='word_1_113' title='bbox 2452 645 2706 716; x_wconf 74' lang='grc' dir='ltr'><strong>ριζούσης</strong></span> <span class='ocrx_word' id='word_1_114' title='bbox 2735 649 2896 702; x_wconf 71' lang='grc' dir='ltr'><strong>αὐτὸν</strong></span> <span class='ocrx_word' id='word_1_115' title='bbox 2917 652 3159 715; x_wconf 61' lang='lat' dir='ltr'><strong>amati;</strong></span> <span class='ocrx_word' id='word_1_116' title='bbox 3196 655 3499 722; x_wconf 79' lang='grc' dir='ltr'><strong>γεννήσεως</strong></span> <span class='ocrx_word' id='word_1_117' title='bbox 3532 658 3612 719; x_wconf 82' lang='grc' dir='ltr'><strong>εἰς</strong></span> <span class='ocrx_word' id='word_1_118' title='bbox 3645 656 3705 711; x_wconf 79' lang='grc' dir='ltr'><strong>τὸ</strong></span> <span class='ocrx_word' id='word_1_119' title='bbox 3731 659 3827 712; x_wconf 81' lang='grc' dir='ltr'><strong>τοῦ</strong></span> <span class='ocrx_word' id='word_1_120' title='bbox 3852 662 4022 714; x_wconf 80' lang='grc' dir='ltr'><strong>[Ινεὺ-</strong></span> 
     </span>
    </p>
   </div>
   <div class='ocr_carea' id='block_1_19' title="bbox 2452 738 4021 822">
    <p class='ocr_par' dir='ltr' id='par_1_19' title="bbox 2452 738 4021 822">
     <span class='ocr_line' id='line_1_19' title="bbox 2452 738 4021 822; baseline 0.01 -33"><span class='ocrx_word' id='word_1_121' title='bbox 2452 753 2620 806; x_wconf 90' lang='grc' dir='ltr'>ματος</span> <span class='ocrx_word' id='word_1_122' title='bbox 2681 738 2876 807; x_wconf 88' lang='grc' dir='ltr'>ἰδίωμα</span> <span class='ocrx_word' id='word_1_123' title='bbox 2937 742 3370 813; x_wconf 67' lang='grc' dir='ltr'><strong>συγχυθήσεταιυ</strong></span> <span class='ocrx_word' id='word_1_124' title='bbox 3432 747 3496 799; x_wconf 78' lang='grc' dir='ltr'>ἐκ</span> <span class='ocrx_word' id='word_1_125' title='bbox 3551 746 3646 800; x_wconf 82' lang='grc' dir='ltr'>τοῦ</span> <span class='ocrx_word' id='word_1_126' title='bbox 3697 749 3866 804; x_wconf 77' lang='grc' dir='ltr'><strong>αὐτοῦ</strong></span> <span class='ocrx_word' id='word_1_127' title='bbox 3914 753 4021 822; x_wconf 64' lang='grc' dir='ltr'><strong>γὰρ</strong></span> 
     </span>
    </p>
   </div>
   <div class='ocr_carea' id='block_1_20' title="bbox 2446 827 4022 910">
    <p class='ocr_par' dir='ltr' id='par_1_20' title="bbox 2446 827 4022 910">
     <span class='ocr_line' id='line_1_20' title="bbox 2446 827 4022 910; baseline 0.01 -29"><span class='ocrx_word' id='word_1_128' title='bbox 2446 827 2632 895; x_wconf 77' lang='grc' dir='ltr'>ἄμφω,</span> <span class='ocrx_word' id='word_1_129' title='bbox 2667 827 2782 880; x_wconf 76' lang='grc' dir='ltr'>ἀλλ’</span> <span class='ocrx_word' id='word_1_130' title='bbox 2828 830 2924 899; x_wconf 87' lang='grc' dir='ltr'><strong>οὑχ</strong></span> <span class='ocrx_word' id='word_1_131' title='bbox 2982 831 3262 897; x_wconf 81' lang='grc' dir='ltr'>ὡσαύτως,</span> <span class='ocrx_word' id='word_1_132' title='bbox 3297 835 3417 888; x_wconf 68' lang='grc' dir='ltr'><strong>οὐδὲ</strong></span> <span class='ocrx_word' id='word_1_133' title='bbox 3454 837 3598 891; x_wconf 78' lang='grc' dir='ltr'><strong>κατὰ</strong></span> <span class='ocrx_word' id='word_1_134' title='bbox 3632 840 3734 910; x_wconf 79' lang='grc' dir='ltr'><strong>τὴν</strong></span> <span class='ocrx_word' id='word_1_135' title='bbox 3779 841 4022 910; x_wconf 84' lang='grc' dir='ltr'><strong>ἰδιότητα</strong></span> 
     </span>
    </p>
   </div>
   <div class='ocr_carea' id='block_1_21' title="bbox 2445 919 4019 1001">
    <p class='ocr_par' dir='ltr' id='par_1_21' title="bbox 2445 919 4019 1001">
     <span class='ocr_line' id='line_1_21' title="bbox 2445 919 4019 1001; baseline 0.011 -32"><span class='ocrx_word' id='word_1_136' title='bbox 2445 919 2544 986; x_wconf 80' lang='grc' dir='ltr'><strong>τὴν</strong></span> <span class='ocrx_word' id='word_1_137' title='bbox 2568 919 2736 988; x_wconf 80' lang='grc' dir='ltr'><strong>αὐτὴν</strong></span> <span class='ocrx_word' id='word_1_138' title='bbox 2769 919 3083 993; x_wconf 77' lang='grc' dir='ltr'><strong>ήὲκατέρου</strong></span> <span class='ocrx_word' id='word_1_139' title='bbox 3120 926 3363 996; x_wconf 78' lang='grc' dir='ltr'><strong>πρόοδος.</strong></span> <span class='ocrx_word' id='word_1_140' title='bbox 3396 927 3506 982; x_wconf 78' lang='grc' dir='ltr'><strong>Καὶ</strong></span> <span class='ocrx_word' id='word_1_141' title='bbox 3531 929 3638 1000; x_wconf 68' lang='grc' dir='ltr'><strong>γὰρ</strong></span> <span class='ocrx_word' id='word_1_142' title='bbox 3682 930 3713 984; x_wconf 85' lang='grc' dir='ltr'><strong>δ</strong></span> <span class='ocrx_word' id='word_1_143' title='bbox 3751 933 3854 1001; x_wconf 68' lang='grc' dir='ltr'><strong>μὲν</strong></span> <span class='ocrx_word' id='word_1_144' title='bbox 3887 933 4019 996; x_wconf 64' lang='lat' dir='ltr'><strong>Tib;</strong></span> 
     </span>
    </p>
   </div>
   <div class='ocr_carea' id='block_1_22' title="bbox 2448 1005 4023 1095">
    <p class='ocr_par' dir='ltr' id='par_1_22' title="bbox 2448 1005 4023 1095">
     <span class='ocr_line' id='line_1_22' title="bbox 2448 1005 4023 1095; baseline 0.014 -37"><span class='ocrx_word' id='word_1_145' title='bbox 2448 1005 2544 1059; x_wconf 85' lang='grc' dir='ltr'><strong>τοῦ</strong></span> <span class='ocrx_word' id='word_1_146' title='bbox 2579 1009 2786 1081; x_wconf 84' lang='grc' dir='ltr'><strong>Πατρδς</strong></span> <span class='ocrx_word' id='word_1_147' title='bbox 2827 1012 3066 1083; x_wconf 80' lang='grc' dir='ltr'><strong>προῆλθε</strong></span> <span class='ocrx_word' id='word_1_148' title='bbox 3098 1014 3170 1085; x_wconf 75' lang='grc' dir='ltr'><strong>δὴ</strong></span> <span class='ocrx_word' id='word_1_149' title='bbox 3194 1018 3467 1085; x_wconf 82' lang='grc' dir='ltr'><strong>γεννητῶς</strong></span> <span class='ocrx_word' id='word_1_150' title='bbox 3485 1036 3499 1050; x_wconf 80' lang='grc'><em>’</em></span> <span class='ocrx_word' id='word_1_151' title='bbox 3528 1021 3595 1074; x_wconf 35' lang='grc' dir='ltr'>τὸν</span> <span class='ocrx_word' id='word_1_152' title='bbox 3614 1023 3842 1095; x_wconf 80' lang='grc' dir='ltr'>Πνεῦμα</span> <span class='ocrx_word' id='word_1_153' title='bbox 3869 1025 3927 1079; x_wconf 63' lang='grc' dir='ltr'><strong>δὲ</strong></span> <span class='ocrx_word' id='word_1_154' title='bbox 3955 1027 4023 1080; x_wconf 84' lang='grc' dir='ltr'><strong>δι’</strong></span> 
     </span>
    </p>
   </div>
   <div class='ocr_carea' id='block_1_23' title="bbox 2449 1096 4021 1190">
    <p class='ocr_par' dir='ltr' id='par_1_23' title="bbox 2449 1096 4021 1190">
     <span class='ocr_line' id='line_1_23' title="bbox 2449 1096 4021 1190; baseline 0.015 -42"><span class='ocrx_word' id='word_1_155' title='bbox 2449 1096 2824 1167; x_wconf 78' lang='grc' dir='ltr'>ὲκπορεύσεως</span> <span class='ocrx_word' id='word_1_156' title='bbox 2875 1106 3188 1176; x_wconf 77' lang='grc' dir='ltr'><strong>αἰκειομὲνη</strong></span> <span class='ocrx_word' id='word_1_157' title='bbox 3216 1107 3330 1179; x_wconf 80' lang='lat'><strong>(53)</strong></span> <span class='ocrx_word' id='word_1_158' title='bbox 3385 1110 3609 1182; x_wconf 84' lang='grc' dir='ltr'>ἰδίωμα·</span> <span class='ocrx_word' id='word_1_159' title='bbox 3649 1113 3786 1169; x_wconf 77' lang='grc' dir='ltr'><strong>ἀλλὰ</strong></span> <span class='ocrx_word' id='word_1_160' title='bbox 3831 1117 3954 1171; x_wconf 68' lang='grc' dir='ltr'>οὐδὲ</span> <span class='ocrx_word' id='word_1_161' title='bbox 3987 1120 4021 1190; x_wconf 76' lang='grc' dir='ltr'><strong>ἠ</strong></span> 
     </span>
    </p>
   </div>
   <div class='ocr_carea' id='block_1_24' title="bbox 2454 1190 4022 1279">
    <p class='ocr_par' dir='ltr' id='par_1_24' title="bbox 2454 1190 4022 1279">
     <span class='ocr_line' id='line_1_24' title="bbox 2454 1190 4022 1279; baseline 0.015 -38"><span class='ocrx_word' id='word_1_162' title='bbox 2454 1190 2779 1259; x_wconf 75' lang='grc' dir='ltr'><strong>ἐκπύρωσις</strong></span> <span class='ocrx_word' id='word_1_163' title='bbox 2801 1193 2893 1248; x_wconf 82' lang='grc' dir='ltr'><strong>τὸν</strong></span> <span class='ocrx_word' id='word_1_164' title='bbox 2910 1195 3010 1263; x_wconf 85' lang='grc' dir='ltr'><strong>τῆς</strong></span> <span class='ocrx_word' id='word_1_165' title='bbox 3033 1199 3339 1270; x_wconf 75' lang='grc' dir='ltr'><strong>γεννήσεως</strong></span> <span class='ocrx_word' id='word_1_166' title='bbox 3364 1203 3689 1276; x_wconf 71' lang='grc' dir='ltr'><strong>χαρακτῆρα</strong></span> <span class='ocrx_word' id='word_1_167' title='bbox 3713 1208 4022 1279; x_wconf 69' lang='grc' dir='ltr'><strong>ιναρμόζι·</strong></span> 
     </span>
    </p>
   </div>
   <div class='ocr_carea' id='block_1_25' title="bbox 2448 1278 4022 1370">
    <p class='ocr_par' dir='ltr' id='par_1_25' title="bbox 2448 1278 4022 1370">
     <span class='ocr_line' id='line_1_25' title="bbox 2448 1278 4022 1370; baseline 0.017 -42"><span class='ocrx_word' id='word_1_168' title='bbox 2448 1294 2556 1331; x_wconf 89' lang='grc' dir='ltr'><strong>ται.</strong></span> <span class='ocrx_word' id='word_1_169' title='bbox 2583 1278 2737 1333; x_wconf 75' lang='grc' dir='ltr'><strong>Οὕτω</strong></span> <span class='ocrx_word' id='word_1_170' title='bbox 2757 1283 2833 1346; x_wconf 75' lang='grc' dir='ltr'>δὲ,</span> <span class='ocrx_word' id='word_1_171' title='bbox 2861 1283 3020 1342; x_wconf 76' lang='grc' dir='ltr'><strong>οὕτω.</strong></span> <span class='ocrx_word' id='word_1_172' title='bbox 3062 1289 3173 1342; x_wconf 79' lang='grc' dir='ltr'><strong>Καὶ</strong></span> <span class='ocrx_word' id='word_1_173' title='bbox 3207 1289 3245 1344; x_wconf 69' lang='grc' dir='ltr'>ἃ</span> <span class='ocrx_word' id='word_1_174' title='bbox 3274 1292 3413 1346; x_wconf 87' lang='grc' dir='ltr'><strong>κατά</strong></span> <span class='ocrx_word' id='word_1_175' title='bbox 3444 1295 3542 1357; x_wconf 76' lang='grc' dir='ltr'>τὰς</span> <span class='ocrx_word' id='word_1_176' title='bbox 3574 1296 3864 1367; x_wconf 79' lang='grc' dir='ltr'><strong>διαφόρους</strong></span> <span class='ocrx_word' id='word_1_177' title='bbox 3891 1299 4022 1370; x_wconf 74' lang='grc' dir='ltr'><strong>σχέο</strong></span> 
     </span>
    </p>
   </div>
   <div class='ocr_carea' id='block_1_26' title="bbox 2450 1369 4021 1459">
    <p class='ocr_par' dir='ltr' id='par_1_26' title="bbox 2450 1369 4021 1459">
     <span class='ocr_line' id='line_1_26' title="bbox 2450 1369 4021 1459; baseline 0.017 -41"><span class='ocrx_word' id='word_1_178' title='bbox 2450 1383 2562 1430; x_wconf 85' lang='grc' dir='ltr'>σεις</span> <span class='ocrx_word' id='word_1_179' title='bbox 2590 1369 2939 1440; x_wconf 80' lang='grc' dir='ltr'>ίερολογείται</span> <span class='ocrx_word' id='word_1_180' title='bbox 2971 1376 3064 1430; x_wconf 78' lang='grc' dir='ltr'><strong>τοῦ</strong></span> <span class='ocrx_word' id='word_1_181' title='bbox 3099 1380 3312 1448; x_wconf 79' lang='grc' dir='ltr'><strong>[ἰατρὸς</strong></span> <span class='ocrx_word' id='word_1_182' title='bbox 3337 1384 3720 1454; x_wconf 73' lang='grc' dir='ltr'><strong>προίρχεσθαι,</strong></span> <span class='ocrx_word' id='word_1_183' title='bbox 3757 1369 4021 1459; x_wconf 81' lang='grc' dir='ltr'>διάφορον</span> 
     </span>
    </p>
   </div>
   <div class='ocr_carea' id='block_1_27' title="bbox 2450 1453 4020 1540">
    <p class='ocr_par' dir='ltr' id='par_1_27' title="bbox 2450 1453 4020 1540">
     <span class='ocr_line' id='line_1_27' title="bbox 2450 1453 4020 1540; baseline 0.015 -34"><span class='ocrx_word' id='word_1_184' title='bbox 2450 1453 2631 1524; x_wconf 70' lang='grc' dir='ltr'>ἔχουσι</span> <span class='ocrx_word' id='word_1_185' title='bbox 2669 1461 2762 1513; x_wconf 75' lang='grc' dir='ltr'><strong>καὶ</strong></span> <span class='ocrx_word' id='word_1_186' title='bbox 2787 1462 2886 1533; x_wconf 82' lang='grc' dir='ltr'><strong>τὴν</strong></span> <span class='ocrx_word' id='word_1_187' title='bbox 2915 1464 3124 1534; x_wconf 82' lang='grc' dir='ltr'>κλῆσιν,</span> <span class='ocrx_word' id='word_1_188' title='bbox 3147 1468 3242 1520; x_wconf 79' lang='grc' dir='ltr'><strong>καὶ</strong></span> <span class='ocrx_word' id='word_1_189' title='bbox 3268 1469 3366 1540; x_wconf 85' lang='grc' dir='ltr'><strong>τὴν</strong></span> <span class='ocrx_word' id='word_1_190' title='bbox 3397 1471 3455 1524; x_wconf 74' lang='grc' dir='ltr'><strong>ὲν</strong></span> <span class='ocrx_word' id='word_1_191' title='bbox 3486 1453 3608 1535; x_wconf 83' lang='grc' dir='ltr'>ταίς</span> <span class='ocrx_word' id='word_1_192' title='bbox 3650 1453 4020 1531; x_wconf 48' lang='grc' dir='ltr'><strong>ὑποσταίη-σιν</strong></span> 
     </span>
    </p>
   </div>
   <div class='ocr_carea' id='block_1_28' title="bbox 2452 1544 4020 1636">
    <p class='ocr_par' dir='ltr' id='par_1_28' title="bbox 2452 1544 4020 1636">
     <span class='ocr_line' id='line_1_28' title="bbox 2452 1544 4020 1636; baseline 0.017 -41"><span class='ocrx_word' id='word_1_193' title='bbox 2452 1544 2708 1615; x_wconf 86' lang='grc' dir='ltr'>ἰδιότητα,</span> <span class='ocrx_word' id='word_1_194' title='bbox 2735 1544 2825 1613; x_wconf 73' lang='grc' dir='ltr'>αῖς</span> <span class='ocrx_word' id='word_1_195' title='bbox 2855 1551 3041 1618; x_wconf 73' lang='grc' dir='ltr'><strong>αὐτοῖς</strong></span> <span class='ocrx_word' id='word_1_196' title='bbox 3079 1555 3142 1609; x_wconf 79' lang='grc' dir='ltr'><strong>τὸ</strong></span> <span class='ocrx_word' id='word_1_197' title='bbox 3167 1557 3276 1612; x_wconf 89' lang='grc' dir='ltr'><strong>τῶν</strong></span> <span class='ocrx_word' id='word_1_198' title='bbox 3313 1559 3549 1630; x_wconf 67' lang='grc' dir='ltr'>σχέσεων</span> <span class='ocrx_word' id='word_1_199' title='bbox 3573 1563 3854 1636; x_wconf 75' lang='grc' dir='ltr'>ἀφώριστο</span> <span class='ocrx_word' id='word_1_200' title='bbox 3886 1567 4020 1620; x_wconf 83' lang='grc' dir='ltr'>ἰδιό-</span> 
     </span>
    </p>
   </div>
   <div class='ocr_carea' id='block_1_29' title="bbox 2447 1651 2668 1704">
    <p class='ocr_par' dir='ltr' id='par_1_29' title="bbox 2447 1651 2668 1704">
     <span class='ocr_line' id='line_1_29' title="bbox 2447 1651 2668 1704; baseline 0.032 -18"><span class='ocrx_word' id='word_1_201' title='bbox 2447 1651 2668 1704; x_wconf 89' lang='grc' dir='ltr'><strong>τροπον.</strong></span> 
     </span>
    </p>
   </div>
   <div class='ocr_carea' id='block_1_30' title="bbox 783 1715 4016 1815">
    <p class='ocr_par' dir='ltr' id='par_1_30' title="bbox 783 1715 4016 1815">
     <span class='ocr_line' id='line_1_30' title="bbox 783 1715 4016 1815; baseline 0.012 -49"><span class='ocrx_word' id='word_1_202' title='bbox 783 1715 1140 1773; x_wconf 90' lang='lat' dir='ltr'><strong>meuclatione</strong></span> <span class='ocrx_word' id='word_1_203' title='bbox 1164 1738 1192 1770; x_wconf 83' lang='grc' dir='ltr'>ιι</span> <span class='ocrx_word' id='word_1_204' title='bbox 1224 1735 1288 1775; x_wconf 87' lang='lat' dir='ltr'><strong>ac</strong></span> <span class='ocrx_word' id='word_1_205' title='bbox 1334 1724 1672 1792; x_wconf 70' lang='lat' dir='ltr'><strong>perso:.alem</strong></span> <span class='ocrx_word' id='word_1_206' title='bbox 1729 1724 1915 1780; x_wconf 90' lang='lat' dir='ltr'><strong>ineunt</strong></span> <span class='ocrx_word' id='word_1_207' title='bbox 1944 1729 2346 1795; x_wconf 74' lang='lat' dir='ltr'><strong>proprietatem,</strong></span> <span class='ocrx_word' id='word_1_208' title='bbox 2373 1741 2477 1796; x_wconf 90' lang='lat' dir='ltr'><strong>qua</strong></span> <span class='ocrx_word' id='word_1_209' title='bbox 2506 1731 2795 1797; x_wconf 81' lang='lat' dir='ltr'><strong>peculiaris</strong></span> <span class='ocrx_word' id='word_1_210' title='bbox 2858 1737 3096 1794; x_wconf 87' lang='lat' dir='ltr'><strong>notionis</strong></span> <span class='ocrx_word' id='word_1_211' title='bbox 3141 1739 3349 1796; x_wconf 85' lang='lat' dir='ltr'><strong>indoles</strong></span> <span class='ocrx_word' id='word_1_212' title='bbox 3400 1741 3456 1797; x_wconf 89' lang='lat' dir='ltr'><strong>in</strong></span> <span class='ocrx_word' id='word_1_213' title='bbox 3521 1741 3654 1815; x_wconf 84' lang='lat' dir='ltr'><strong>ipsis</strong></span> <span class='ocrx_word' id='word_1_214' title='bbox 3715 1747 4016 1806; x_wconf 80' lang='lat' dir='ltr'><strong>constituta</strong></span> 
     </span>
    </p>
   </div>
   <div class='ocr_carea' id='block_1_31' title="bbox 782 1803 978 1861">
    <p class='ocr_par' dir='ltr' id='par_1_31' title="bbox 782 1803 978 1861">
     <span class='ocr_line' id='line_1_31' title="bbox 782 1803 978 1861; baseline 0.015 -3"><span class='ocrx_word' id='word_1_215' title='bbox 782 1803 978 1861; x_wconf 78' lang='lat' dir='ltr'><strong>fuerat.</strong></span> 
     </span>
    </p>
   </div>
   <div class='ocr_carea' id='block_1_32' title="bbox 851 1899 2422 1975">
    <p class='ocr_par' dir='ltr' id='par_1_32' title="bbox 851 1899 2422 1975">
     <span class='ocr_line' id='line_1_32' title="bbox 851 1899 2422 1975; baseline 0.011 -22"><span class='ocrx_word' id='word_1_216' title='bbox 851 1900 922 1953; x_wconf 77' lang='lat' dir='ltr'><strong>At</strong></span> <span class='ocrx_word' id='word_1_217' title='bbox 941 1899 1086 1957; x_wconf 91' lang='lat' dir='ltr'><strong>enim</strong></span> <span class='ocrx_word' id='word_1_218' title='bbox 1115 1901 1190 1957; x_wconf 91' lang='lat' dir='ltr'><strong>ita</strong></span> <span class='ocrx_word' id='word_1_219' title='bbox 1213 1909 1522 1975; x_wconf 85' lang='lat' dir='ltr'><strong>apparentis</strong></span> <span class='ocrx_word' id='word_1_220' title='bbox 1549 1909 1878 1968; x_wconf 76' lang='lat' dir='ltr'><strong>dillicul‘tatis</strong></span> <span class='ocrx_word' id='word_1_221' title='bbox 1897 1931 2025 1970; x_wconf 90' lang='lat' dir='ltr'><strong>vera</strong></span> <span class='ocrx_word' id='word_1_222' title='bbox 2055 1917 2252 1970; x_wconf 85' lang='lat' dir='ltr'><strong>solutio</strong></span> <span class='ocrx_word' id='word_1_223' title='bbox 2279 1912 2345 1969; x_wconf 85' lang='lat' dir='ltr'><strong>ad</strong></span> <span class='ocrx_word' id='word_1_224' title='bbox 2379 1910 2422 1970; x_wconf 84' lang='grc' dir='ltr'><strong>Β</strong></span> 
     </span>
    </p>
   </div>
   <div class='ocr_carea' id='block_1_33' title="bbox 780 1987 2340 2073">
    <p class='ocr_par' dir='ltr' id='par_1_33' title="bbox 780 1987 2340 2073">
     <span class='ocr_line' id='line_1_33' title="bbox 780 1987 2340 2073; baseline 0.013 -32"><span class='ocrx_word' id='word_1_225' title='bbox 780 1987 1102 2044; x_wconf 80' lang='lat' dir='ltr'><strong>evidentiam</strong></span> <span class='ocrx_word' id='word_1_226' title='bbox 1135 2007 1308 2059; x_wconf 85' lang='lat' dir='ltr'><strong>usque</strong></span> <span class='ocrx_word' id='word_1_227' title='bbox 1326 2004 1410 2050; x_wconf 89' lang='lat' dir='ltr'><strong>est</strong></span> <span class='ocrx_word' id='word_1_228' title='bbox 1441 1997 1702 2055; x_wconf 90' lang='lat' dir='ltr'><strong>deducta:</strong></span> <span class='ocrx_word' id='word_1_229' title='bbox 1728 2003 1869 2073; x_wconf 91' lang='lat' dir='ltr'><strong>quod</strong></span> <span class='ocrx_word' id='word_1_230' title='bbox 1904 2006 1951 2058; x_wconf 84' lang='lat' dir='ltr'><strong>si</strong></span> <span class='ocrx_word' id='word_1_231' title='bbox 1986 2009 2157 2061; x_wconf 83' lang='lat' dir='ltr'><strong>mavis</strong></span> <span class='ocrx_word' id='word_1_232' title='bbox 2179 2009 2340 2062; x_wconf 87' lang='lat' dir='ltr'><strong>etiam</strong></span> 
     </span>
    </p>
   </div>
   <div class='ocr_carea' id='block_1_34' title="bbox 781 2081 2342 2161">
    <p class='ocr_par' dir='ltr' id='par_1_34' title="bbox 781 2081 2342 2161">
     <span class='ocr_line' id='line_1_34' title="bbox 781 2081 2342 2161; baseline 0.01 -29"><span class='ocrx_word' id='word_1_233' title='bbox 781 2092 812 2132; x_wconf 69' lang='grc' dir='ltr'>ι</span> <span class='ocrx_word' id='word_1_234' title='bbox 846 2081 1124 2149; x_wconf 79' lang='lat' dir='ltr'><strong>corporeis</strong></span> <span class='ocrx_word' id='word_1_235' title='bbox 1151 2085 1314 2141; x_wconf 85' lang='lat' dir='ltr'><strong>rebus</strong></span> <span class='ocrx_word' id='word_1_236' title='bbox 1347 2088 1415 2142; x_wconf 91' lang='lat' dir='ltr'><strong>ad</strong></span> <span class='ocrx_word' id='word_1_237' title='bbox 1457 2089 1809 2161; x_wconf 83' lang='lat' dir='ltr'><strong>incorporeas</strong></span> <span class='ocrx_word' id='word_1_238' title='bbox 1851 2096 2223 2151; x_wconf 86' lang='lat' dir='ltr'><strong>similitudinis</strong></span> <span class='ocrx_word' id='word_1_239' title='bbox 2249 2113 2342 2151; x_wconf 74' lang='lat' dir='ltr'><strong>ar-</strong></span> 
     </span>
    </p>
   </div>
   <div class='ocr_carea' id='block_1_35' title="bbox 777 2171 2341 2243">
    <p class='ocr_par' dir='ltr' id='par_1_35' title="bbox 777 2171 2341 2243">
     <span class='ocr_line' id='line_1_35' title="bbox 777 2171 2341 2243; baseline 0.016 -25"><span class='ocrx_word' id='word_1_240' title='bbox 777 2174 1034 2236; x_wconf 70' lang='lat' dir='ltr'><strong>gumenta</strong></span> <span class='ocrx_word' id='word_1_241' title='bbox 1089 2171 1409 2243; x_wconf 80' lang='lat' dir='ltr'><strong>desumere;</strong></span> <span class='ocrx_word' id='word_1_242' title='bbox 1448 2180 1679 2235; x_wconf 86' lang='lat' dir='ltr'><strong>calorem</strong></span> <span class='ocrx_word' id='word_1_243' title='bbox 1710 2191 1764 2236; x_wconf 91' lang='lat' dir='ltr'><strong>et</strong></span> <span class='ocrx_word' id='word_1_244' title='bbox 1811 2185 1984 2240; x_wconf 86' lang='lat' dir='ltr'><strong>luecm</strong></span> <span class='ocrx_word' id='word_1_245' title='bbox 2025 2203 2088 2241; x_wconf 83' lang='lat' dir='ltr'><strong>ex</strong></span> <span class='ocrx_word' id='word_1_246' title='bbox 2151 2189 2341 2243; x_wconf 84' lang='lat' dir='ltr'><strong>eodem</strong></span> 
     </span>
    </p>
   </div>
   <div class='ocr_carea' id='block_1_36' title="bbox 781 2255 2338 2348">
    <p class='ocr_par' dir='ltr' id='par_1_36' title="bbox 781 2255 2338 2348">
     <span class='ocr_line' id='line_1_36' title="bbox 781 2255 2338 2348; baseline 0.016 -40"><span class='ocrx_word' id='word_1_247' title='bbox 781 2255 1046 2327; x_wconf 88' lang='lat' dir='ltr'><strong>principio</strong></span> <span class='ocrx_word' id='word_1_248' title='bbox 1086 2260 1287 2318; x_wconf 87' lang='lat' dir='ltr'><strong>ducere</strong></span> <span class='ocrx_word' id='word_1_249' title='bbox 1317 2266 1581 2336; x_wconf 82' lang='lat' dir='ltr'><strong>originem</strong></span> <span class='ocrx_word' id='word_1_250' title='bbox 1617 2287 1777 2327; x_wconf 89' lang='lat' dir='ltr'><strong>nemo</strong></span> <span class='ocrx_word' id='word_1_251' title='bbox 1805 2285 1910 2339; x_wconf 90' lang='lat' dir='ltr'><strong>est,</strong></span> <span class='ocrx_word' id='word_1_252' title='bbox 1952 2277 2043 2346; x_wconf 90' lang='lat' dir='ltr'><strong>qui</strong></span> <span class='ocrx_word' id='word_1_253' title='bbox 2094 2277 2338 2348; x_wconf 79' lang='lat' dir='ltr'><strong>ignoret;</strong></span> 
     </span>
    </p>
   </div>
   <div class='ocr_carea' id='block_1_37' title="bbox 777 2344 2337 2430">
    <p class='ocr_par' dir='ltr' id='par_1_37' title="bbox 777 2344 2337 2430">
     <span class='ocr_line' id='line_1_37' title="bbox 777 2344 2337 2430; baseline 0.017 -33"><span class='ocrx_word' id='word_1_254' title='bbox 777 2344 1041 2415; x_wconf 77' lang='lat' dir='ltr'><strong>siquidem</strong></span> <span class='ocrx_word' id='word_1_255' title='bbox 1076 2361 1365 2424; x_wconf 91' lang='lat' dir='ltr'><strong>utrumque</strong></span> <span class='ocrx_word' id='word_1_256' title='bbox 1406 2367 1489 2412; x_wconf 90' lang='lat' dir='ltr'><strong>est</strong></span> <span class='ocrx_word' id='word_1_257' title='bbox 1519 2360 1660 2430; x_wconf 76' lang='lat' dir='ltr'><strong>ignis</strong></span> <span class='ocrx_word' id='word_1_258' title='bbox 1692 2363 1914 2420; x_wconf 83' lang='lat' dir='ltr'><strong>ellectus</strong></span> <span class='ocrx_word' id='word_1_259' title='bbox 1960 2344 2023 2421; x_wconf 82' lang='lat' dir='ltr'><strong>ac</strong></span> <span class='ocrx_word' id='word_1_260' title='bbox 2046 2344 2337 2423; x_wconf 76' lang='lat' dir='ltr'><strong>emanatio.</strong></span> 
     </span>
    </p>
   </div>
   <div class='ocr_carea' id='block_1_38' title="bbox 777 2439 2335 2514">
    <p class='ocr_par' dir='ltr' id='par_1_38' title="bbox 777 2439 2335 2514">
     <span class='ocr_line' id='line_1_38' title="bbox 777 2439 2335 2514; baseline 0.017 -26"><span class='ocrx_word' id='word_1_261' title='bbox 777 2439 846 2490; x_wconf 77' lang='lat' dir='ltr'><strong>At</strong></span> <span class='ocrx_word' id='word_1_262' title='bbox 878 2454 1004 2495; x_wconf 94' lang='lat' dir='ltr'><strong>vero</strong></span> <span class='ocrx_word' id='word_1_263' title='bbox 1037 2458 1210 2513; x_wconf 93' lang='lat' dir='ltr'><strong>neque</strong></span> <span class='ocrx_word' id='word_1_264' title='bbox 1234 2450 1470 2505; x_wconf 89' lang='lat' dir='ltr'><strong>calorem</strong></span> <span class='ocrx_word' id='word_1_265' title='bbox 1520 2467 1700 2507; x_wconf 83' lang='lat' dir='ltr'><strong>aerem</strong></span> <span class='ocrx_word' id='word_1_266' title='bbox 1732 2442 2052 2513; x_wconf 83' lang='lat' dir='ltr'><strong>illustrando</strong></span> <span class='ocrx_word' id='word_1_267' title='bbox 2076 2460 2232 2514; x_wconf 89' lang='lat' dir='ltr'><strong>.visui</strong></span> <span class='ocrx_word' id='word_1_268' title='bbox 2271 2460 2335 2514; x_wconf 88' lang='lat' dir='ltr'><strong>ad</strong></span> 
     </span>
    </p>
   </div>
   <div class='ocr_carea' id='block_1_39' title="bbox 773 2541 2337 2619">
    <p class='ocr_par' dir='ltr' id='par_1_39' title="bbox 773 2541 2337 2619">
     <span class='ocr_line' id='line_1_39' title="bbox 773 2541 2337 2619; baseline 0.016 -40"><span class='ocrx_word' id='word_1_269' title='bbox 773 2541 860 2588; x_wconf 85' lang='lat' dir='ltr'><strong>ea.</strong></span> <span class='ocrx_word' id='word_1_270' title='bbox 881 2545 999 2598; x_wconf 72' lang='lat' dir='ltr'><strong>qua:</strong></span> <span class='ocrx_word' id='word_1_271' title='bbox 1020 2547 1338 2604; x_wconf 76' lang='lat' dir='ltr'><strong>cernuntur,</strong></span> <span class='ocrx_word' id='word_1_272' title='bbox 1374 2542 1718 2611; x_wconf 88' lang='lat' dir='ltr'><strong>percipienda</strong></span> <span class='ocrx_word' id='word_1_273' title='bbox 1767 2547 2020 2615; x_wconf 85' lang='lat' dir='ltr'><strong>prodesse</strong></span> <span class='ocrx_word' id='word_1_274' title='bbox 2049 2550 2337 2619; x_wconf 72' lang='lat' dir='ltr'><strong>quisquam</strong></span> 
     </span>
    </p>
   </div>
   <div class='ocr_carea' id='block_1_40' title="bbox 774 2624 2336 2710">
    <p class='ocr_par' dir='ltr' id='par_1_40' title="bbox 774 2624 2336 2710">
     <span class='ocr_line' id='line_1_40' title="bbox 774 2624 2336 2710; baseline 0.015 -38"><span class='ocrx_word' id='word_1_275' title='bbox 774 2633 906 2673; x_wconf 80' lang='lat' dir='ltr'><strong>sane</strong></span> <span class='ocrx_word' id='word_1_276' title='bbox 937 2624 1131 2679; x_wconf 79' lang='lat' dir='ltr'><strong>mentis</strong></span> <span class='ocrx_word' id='word_1_277' title='bbox 1158 2627 1333 2693; x_wconf 87' lang='lat' dir='ltr'><strong>dicet;</strong></span> <span class='ocrx_word' id='word_1_278' title='bbox 1368 2645 1489 2699; x_wconf 74' lang='lat' dir='ltr'><strong>qua:</strong></span> <span class='ocrx_word' id='word_1_279' title='bbox 1532 2635 1788 2690; x_wconf 86' lang='lat' dir='ltr'><strong>nimirum</strong></span> <span class='ocrx_word' id='word_1_280' title='bbox 1817 2647 1900 2692; x_wconf 78' lang='lat' dir='ltr'><strong>est</strong></span> <span class='ocrx_word' id='word_1_281' title='bbox 1947 2639 2172 2694; x_wconf 89' lang='lat' dir='ltr'><strong>luminis</strong></span> <span class='ocrx_word' id='word_1_282' title='bbox 2208 2657 2336 2710; x_wconf 82' lang='lat' dir='ltr'><strong>pro-</strong></span> 
     </span>
    </p>
   </div>
   <div class='ocr_carea' id='block_1_41' title="bbox 775 2710 2336 2799">
    <p class='ocr_par' dir='ltr' id='par_1_41' title="bbox 775 2710 2336 2799">
     <span class='ocr_line' id='line_1_41' title="bbox 775 2710 2336 2799; baseline 0.017 -38"><span class='ocrx_word' id='word_1_283' title='bbox 775 2710 1001 2780; x_wconf 79' lang='lat' dir='ltr'><strong>prietas;</strong></span> <span class='ocrx_word' id='word_1_284' title='bbox 1026 2732 1198 2787; x_wconf 86' lang='lat' dir='ltr'><strong>neque</strong></span> <span class='ocrx_word' id='word_1_285' title='bbox 1227 2731 1419 2775; x_wconf 88' lang='lat' dir='ltr'><strong>contra</strong></span> <span class='ocrx_word' id='word_1_286' title='bbox 1450 2723 1557 2778; x_wconf 90' lang='lat' dir='ltr'><strong>vim</strong></span> <span class='ocrx_word' id='word_1_287' title='bbox 1585 2726 1904 2783; x_wconf 82' lang='lat' dir='ltr'><strong>absumendi</strong></span> <span class='ocrx_word' id='word_1_288' title='bbox 1931 2731 2336 2799; x_wconf 84' lang='lat' dir='ltr'><strong>subjectasma-</strong></span> 
     </span>
    </p>
   </div>
   <div class='ocr_carea' id='block_1_42' title="bbox 771 2804 2333 2890">
    <p class='ocr_par' dir='ltr' id='par_1_42' title="bbox 771 2804 2333 2890">
     <span class='ocr_line' id='line_1_42' title="bbox 771 2804 2333 2890; baseline 0.016 -37"><span class='ocrx_word' id='word_1_289' title='bbox 771 2804 934 2860; x_wconf 85' lang='lat' dir='ltr'><strong>teries</strong></span> <span class='ocrx_word' id='word_1_290' title='bbox 958 2807 1246 2877; x_wconf 80' lang='lat' dir='ltr'><strong>quisquam</strong></span> <span class='ocrx_word' id='word_1_291' title='bbox 1272 2810 1400 2877; x_wconf 85' lang='lat' dir='ltr'><strong>luci,</strong></span> <span class='ocrx_word' id='word_1_292' title='bbox 1433 2819 1730 2872; x_wconf 89' lang='lat' dir='ltr'><strong>secundum</strong></span> <span class='ocrx_word' id='word_1_293' title='bbox 1757 2821 1897 2888; x_wconf 84' lang='lat' dir='ltr'><strong>quod</strong></span> <span class='ocrx_word' id='word_1_294' title='bbox 1923 2821 2013 2876; x_wconf 87' lang='lat' dir='ltr'><strong>illa</strong></span> <span class='ocrx_word' id='word_1_295' title='bbox 2045 2823 2333 2890; x_wconf 80' lang='lat' dir='ltr'><strong>illuminat,</strong></span> 
     </span>
    </p>
   </div>
   <div class='ocr_carea' id='block_1_43' title="bbox 771 2892 2337 2976">
    <p class='ocr_par' dir='ltr' id='par_1_43' title="bbox 771 2892 2337 2976">
     <span class='ocr_line' id='line_1_43' title="bbox 771 2892 2337 2976; baseline 0.015 -32"><span class='ocrx_word' id='word_1_296' title='bbox 771 2892 1014 2950; x_wconf 76' lang='lat' dir='ltr'><strong>tribuere</strong></span> <span class='ocrx_word' id='word_1_297' title='bbox 1057 2899 1319 2955; x_wconf 88' lang='lat' dir='ltr'><strong>audebit:</strong></span> <span class='ocrx_word' id='word_1_298' title='bbox 1366 2918 1541 2973; x_wconf 89' lang='lat' dir='ltr'><strong>neque</strong></span> <span class='ocrx_word' id='word_1_299' title='bbox 1606 2907 1831 2964; x_wconf 82' lang='lat' dir='ltr'><strong>alterius</strong></span> <span class='ocrx_word' id='word_1_300' title='bbox 1893 2926 2088 2966; x_wconf 87' lang='lat' dir='ltr'><strong>nomen</strong></span> <span class='ocrx_word' id='word_1_301' title='bbox 2121 2953 2136 2976; x_wconf 87' lang='lat'><strong>,</strong></span> <span class='ocrx_word' id='word_1_302' title='bbox 2196 2915 2337 2970; x_wconf 90' lang='lat' dir='ltr'><strong>unde</strong></span> 
     </span>
    </p>
   </div>
   <div class='ocr_carea' id='block_1_44' title="bbox 770 2984 2332 3067">
    <p class='ocr_par' dir='ltr' id='par_1_44' title="bbox 770 2984 2332 3067">
     <span class='ocr_line' id='line_1_44' title="bbox 770 2984 2332 3067; baseline 0.013 -32"><span class='ocrx_word' id='word_1_303' title='bbox 770 2984 1144 3040; x_wconf 79' lang='lat' dir='ltr'><strong>exsistentium</strong></span> <span class='ocrx_word' id='word_1_304' title='bbox 1171 3004 1348 3044; x_wconf 86' lang='lat' dir='ltr'><strong>rerum</strong></span> <span class='ocrx_word' id='word_1_305' title='bbox 1368 2993 1694 3063; x_wconf 74' lang='lat' dir='ltr'><strong>agnitionem</strong></span> <span class='ocrx_word' id='word_1_306' title='bbox 1711 3009 2006 3067; x_wconf 87' lang='lat' dir='ltr'><strong>comparat,</strong></span> <span class='ocrx_word' id='word_1_307' title='bbox 2027 3002 2079 3053; x_wconf 91' lang='lat' dir='ltr'><strong>in</strong></span> <span class='ocrx_word' id='word_1_308' title='bbox 2105 3002 2332 3057; x_wconf 86' lang='lat' dir='ltr'><strong>alterum</strong></span> 
     </span>
    </p>
   </div>
   <div class='ocr_carea' id='block_1_45' title="bbox 770 3073 2330 3160">
    <p class='ocr_par' dir='ltr' id='par_1_45' title="bbox 770 3073 2330 3160">
     <span class='ocr_line' id='line_1_45' title="bbox 770 3073 2330 3160; baseline 0.019 -36"><span class='ocrx_word' id='word_1_309' title='bbox 770 3073 1079 3131; x_wconf 73' lang='lat' dir='ltr'><strong>transferet.</strong></span> <span class='ocrx_word' id='word_1_310' title='bbox 1109 3076 1221 3134; x_wconf 87' lang='lat' dir='ltr'><strong>llac</strong></span> <span class='ocrx_word' id='word_1_311' title='bbox 1250 3081 1432 3159; x_wconf 82' lang='lat' dir='ltr'><strong>itaque</strong></span> <span class='ocrx_word' id='word_1_312' title='bbox 1469 3086 1678 3140; x_wconf 85' lang='lat' dir='ltr'><strong>ratione</strong></span> <span class='ocrx_word' id='word_1_313' title='bbox 1706 3103 1772 3142; x_wconf 83' lang='lat' dir='ltr'><strong>ex</strong></span> <span class='ocrx_word' id='word_1_314' title='bbox 1808 3091 2000 3144; x_wconf 90' lang='lat' dir='ltr'><strong>eodem</strong></span> <span class='ocrx_word' id='word_1_315' title='bbox 2044 3093 2330 3160; x_wconf 74' lang='grc' dir='ltr'>ρτίηοίμίο,</span> 
     </span>
    </p>
   </div>
   <div class='ocr_carea' id='block_1_46' title="bbox 769 3163 2331 3252">
    <p class='ocr_par' dir='ltr' id='par_1_46' title="bbox 769 3163 2331 3252">
     <span class='ocr_line' id='line_1_46' title="bbox 769 3163 2331 3252; baseline 0.015 -39"><span class='ocrx_word' id='word_1_316' title='bbox 769 3170 830 3215; x_wconf 85' lang='grc' dir='ltr'><strong>ιιι</strong></span> <span class='ocrx_word' id='word_1_317' title='bbox 857 3163 1170 3232; x_wconf 89' lang='lat' dir='ltr'><strong>plurimum,</strong></span> <span class='ocrx_word' id='word_1_318' title='bbox 1203 3183 1286 3235; x_wconf 86' lang='lat' dir='ltr'><strong>ea,</strong></span> <span class='ocrx_word' id='word_1_319' title='bbox 1318 3185 1438 3240; x_wconf 74' lang='lat' dir='ltr'><strong>quae</strong></span> <span class='ocrx_word' id='word_1_320' title='bbox 1471 3174 1656 3242; x_wconf 90' lang='lat' dir='ltr'><strong>simul,</strong></span> <span class='ocrx_word' id='word_1_321' title='bbox 1685 3193 1747 3230; x_wconf 90' lang='lat' dir='ltr'><strong>ac</strong></span> <span class='ocrx_word' id='word_1_322' title='bbox 1773 3179 1887 3246; x_wconf 76' lang='lat' dir='ltr'><strong>pari</strong></span> <span class='ocrx_word' id='word_1_323' title='bbox 1920 3180 2179 3249; x_wconf 63' lang='lat' dir='ltr'><strong>dignitate</strong></span> <span class='ocrx_word' id='word_1_324' title='bbox 2205 3198 2331 3252; x_wconf 80' lang='lat' dir='ltr'><strong>pro-</strong></span> 
     </span>
    </p>
   </div>
   <div class='ocr_carea' id='block_1_47' title="bbox 2529 1910 4012 1989">
    <p class='ocr_par' dir='ltr' id='par_1_47' title="bbox 2529 1910 4012 1989">
     <span class='ocr_line' id='line_1_47' title="bbox 2529 1910 4012 1989; baseline 0.006 -25"><span class='ocrx_word' id='word_1_325' title='bbox 2529 1910 2690 1964; x_wconf 69' lang='grc' dir='ltr'>Ἀλλὰ</span> <span class='ocrx_word' id='word_1_326' title='bbox 2713 1914 2747 1980; x_wconf 78' lang='grc' dir='ltr'><strong>ἠ</strong></span> <span class='ocrx_word' id='word_1_327' title='bbox 2782 1913 2882 1983; x_wconf 69' lang='grc' dir='ltr'><strong>μιν</strong></span> <span class='ocrx_word' id='word_1_328' title='bbox 2913 1915 3261 1987; x_wconf 77' lang='grc' dir='ltr'><strong>πραγματικὴ</strong></span> <span class='ocrx_word' id='word_1_329' title='bbox 3287 1917 3382 1970; x_wconf 86' lang='grc' dir='ltr'><strong>τοῦ</strong></span> <span class='ocrx_word' id='word_1_330' title='bbox 3410 1916 3690 1981; x_wconf 75' lang='grc' dir='ltr'><strong>δοκοῦντος</strong></span> <span class='ocrx_word' id='word_1_331' title='bbox 3713 1917 4012 1989; x_wconf 67' lang='grc' dir='ltr'><strong>ἀπορήμα-</strong></span> 
     </span>
    </p>
   </div>
   <div class='ocr_carea' id='block_1_48' title="bbox 2441 1999 4010 2078">
    <p class='ocr_par' dir='ltr' id='par_1_48' title="bbox 2441 1999 4010 2078">
     <span class='ocr_line' id='line_1_48' title="bbox 2441 1999 4010 2078; baseline 0.006 -26"><span class='ocrx_word' id='word_1_332' title='bbox 2441 2016 2532 2063; x_wconf 90' lang='grc' dir='ltr'>τος</span> <span class='ocrx_word' id='word_1_333' title='bbox 2549 1999 2701 2063; x_wconf 78' lang='grc' dir='ltr'>λύσις</span> <span class='ocrx_word' id='word_1_334' title='bbox 2719 2001 2890 2065; x_wconf 84' lang='grc' dir='ltr'>οὓτως</span> <span class='ocrx_word' id='word_1_335' title='bbox 2908 2001 2975 2056; x_wconf 70' lang='grc' dir='ltr'><strong>ἂν</strong></span> <span class='ocrx_word' id='word_1_336' title='bbox 2998 2007 3080 2066; x_wconf 84' lang='grc' dir='ltr'><strong>είς</strong></span> <span class='ocrx_word' id='word_1_337' title='bbox 3107 2004 3170 2057; x_wconf 85' lang='grc' dir='ltr'><strong>τὸ</strong></span> <span class='ocrx_word' id='word_1_338' title='bbox 3193 2005 3558 2074; x_wconf 79' lang='grc' dir='ltr'>ἀναμφίόολον</span> <span class='ocrx_word' id='word_1_339' title='bbox 3581 2009 3886 2078; x_wconf 74' lang='grc' dir='ltr'><strong>προαχθείη</strong></span> <span class='ocrx_word' id='word_1_340' title='bbox 3910 2025 3924 2040; x_wconf 90' lang='grc'><strong>·</strong></span> <span class='ocrx_word' id='word_1_341' title='bbox 3959 2011 4010 2062; x_wconf 74' lang='grc' dir='ltr'><strong>εἰ</strong></span> 
     </span>
    </p>
   </div>
   <div class='ocr_carea' id='block_1_49' title="bbox 2441 2092 4014 2169">
    <p class='ocr_par' dir='ltr' id='par_1_49' title="bbox 2441 2092 4014 2169">
     <span class='ocr_line' id='line_1_49' title="bbox 2441 2092 4014 2169; baseline 0.006 -26"><span class='ocrx_word' id='word_1_342' title='bbox 2441 2092 2498 2144; x_wconf 80' lang='grc' dir='ltr'><strong>δὲ</strong></span> <span class='ocrx_word' id='word_1_343' title='bbox 2525 2092 2620 2144; x_wconf 75' lang='grc' dir='ltr'><strong>καὶ</strong></span> <span class='ocrx_word' id='word_1_344' title='bbox 2641 2093 3141 2165; x_wconf 81' lang='grc' dir='ltr'><strong>παραδειγματικὴν</strong></span> <span class='ocrx_word' id='word_1_345' title='bbox 3161 2095 3364 2159; x_wconf 71' lang='grc' dir='ltr'><strong>ἐθέλεις</strong></span> <span class='ocrx_word' id='word_1_346' title='bbox 3386 2097 3566 2169; x_wconf 83' lang='grc' dir='ltr'>πίστιν</span> <span class='ocrx_word' id='word_1_347' title='bbox 3590 2099 3656 2151; x_wconf 75' lang='grc' dir='ltr'>ἑκ</span> <span class='ocrx_word' id='word_1_348' title='bbox 3673 2099 3783 2151; x_wconf 89' lang='grc' dir='ltr'><strong>τῶν</strong></span> <span class='ocrx_word' id='word_1_349' title='bbox 3806 2098 4014 2153; x_wconf 70' lang='grc' dir='ltr'>δνὺλων</span> 
     </span>
    </p>
   </div>
   <div class='ocr_carea' id='block_1_50' title="bbox 2442 2183 4015 2259">
    <p class='ocr_par' dir='ltr' id='par_1_50' title="bbox 2442 2183 4015 2259">
     <span class='ocr_line' id='line_1_50' title="bbox 2442 2183 4015 2259; baseline 0.006 -24"><span class='ocrx_word' id='word_1_350' title='bbox 2442 2185 2570 2251; x_wconf 78' lang='grc' dir='ltr'><strong>περὶ</strong></span> <span class='ocrx_word' id='word_1_351' title='bbox 2593 2183 2702 2235; x_wconf 89' lang='grc' dir='ltr'><strong>τῶν</strong></span> <span class='ocrx_word' id='word_1_352' title='bbox 2725 2183 2904 2237; x_wconf 83' lang='grc' dir='ltr'>ἁΰλων</span> <span class='ocrx_word' id='word_1_353' title='bbox 2929 2184 3110 2239; x_wconf 76' lang='grc' dir='ltr'>λαϐεῖν</span> <span class='ocrx_word' id='word_1_354' title='bbox 3131 2200 3146 2215; x_wconf 88' lang='grc'><strong>·</strong></span> <span class='ocrx_word' id='word_1_355' title='bbox 3192 2186 3253 2238; x_wconf 81' lang='grc' dir='ltr'><strong>τὸ</strong></span> <span class='ocrx_word' id='word_1_356' title='bbox 3282 2187 3598 2249; x_wconf 75' lang='grc' dir='ltr'>καυστικδν,</span> <span class='ocrx_word' id='word_1_357' title='bbox 3625 2189 3722 2242; x_wconf 77' lang='grc' dir='ltr'><strong>καὶ</strong></span> <span class='ocrx_word' id='word_1_358' title='bbox 3747 2207 4015 2259; x_wconf 84' lang='grc' dir='ltr'>φωτιστι-</span> 
     </span>
    </p>
   </div>
   <div class='ocr_carea' id='block_1_51' title="bbox 2441 2274 4009 2345">
    <p class='ocr_par' dir='ltr' id='par_1_51' title="bbox 2441 2274 4009 2345">
     <span class='ocr_line' id='line_1_51' title="bbox 2441 2274 4009 2345; baseline 0.006 -19"><span class='ocrx_word' id='word_1_359' title='bbox 2441 2274 2535 2327; x_wconf 81' lang='grc' dir='ltr'><strong>κδν</strong></span> <span class='ocrx_word' id='word_1_360' title='bbox 2564 2274 2677 2344; x_wconf 81' lang='grc' dir='ltr'><strong>πῦρ</strong></span> <span class='ocrx_word' id='word_1_361' title='bbox 2708 2275 2881 2337; x_wconf 86' lang='grc' dir='ltr'>οὐδείς</span> <span class='ocrx_word' id='word_1_362' title='bbox 2911 2276 3080 2340; x_wconf 83' lang='grc' dir='ltr'>ἐστιν,</span> <span class='ocrx_word' id='word_1_363' title='bbox 3109 2276 3168 2340; x_wconf 86' lang='grc' dir='ltr'><strong>δς</strong></span> <span class='ocrx_word' id='word_1_364' title='bbox 3197 2277 3382 2345; x_wconf 79' lang='grc' dir='ltr'>ἁγνοεί</span> <span class='ocrx_word' id='word_1_365' title='bbox 3407 2279 3471 2331; x_wconf 74' lang='grc' dir='ltr'>ὲκ</span> <span class='ocrx_word' id='word_1_366' title='bbox 3502 2279 3596 2332; x_wconf 84' lang='grc' dir='ltr'><strong>τοῦ</strong></span> <span class='ocrx_word' id='word_1_367' title='bbox 3631 2279 3797 2334; x_wconf 76' lang='grc' dir='ltr'><strong>αὐτοῦ</strong></span> <span class='ocrx_word' id='word_1_368' title='bbox 3830 2281 4009 2336; x_wconf 83' lang='grc' dir='ltr'>αἰτίου</span> 
     </span>
    </p>
   </div>
   <div class='ocr_carea' id='block_1_52' title="bbox 2439 2366 4008 2441">
    <p class='ocr_par' dir='ltr' id='par_1_52' title="bbox 2439 2366 4008 2441">
     <span class='ocr_line' id='line_1_52' title="bbox 2439 2366 4008 2441; baseline 0.006 -23"><span class='ocrx_word' id='word_1_369' title='bbox 2439 2366 2735 2435; x_wconf 80' lang='grc' dir='ltr'>λαμὸάνειν</span> <span class='ocrx_word' id='word_1_370' title='bbox 2779 2367 2876 2436; x_wconf 81' lang='grc' dir='ltr'><strong>τὴν</strong></span> <span class='ocrx_word' id='word_1_371' title='bbox 2907 2367 3130 2437; x_wconf 81' lang='grc' dir='ltr'>πρόοδον</span> <span class='ocrx_word' id='word_1_372' title='bbox 3153 2381 3168 2397; x_wconf 76' lang='grc' dir='ltr'><strong>ο</strong></span> <span class='ocrx_word' id='word_1_373' title='bbox 3200 2367 3372 2438; x_wconf 85' lang='grc' dir='ltr'><strong>πυρὸς</strong></span> <span class='ocrx_word' id='word_1_374' title='bbox 3404 2368 3512 2440; x_wconf 68' lang='grc' dir='ltr'><strong>γὰρ</strong></span> <span class='ocrx_word' id='word_1_375' title='bbox 3561 2371 3726 2438; x_wconf 77' lang='grc' dir='ltr'>ἄμφω</span> <span class='ocrx_word' id='word_1_376' title='bbox 3755 2370 3899 2441; x_wconf 72' lang='grc' dir='ltr'><strong>ἔργα</strong></span> <span class='ocrx_word' id='word_1_377' title='bbox 3924 2389 4008 2436; x_wconf 79' lang='grc' dir='ltr'><strong>τι,</strong></span> 
     </span>
    </p>
   </div>
   <div class='ocr_carea' id='block_1_53' title="bbox 2439 2457 4010 2531">
    <p class='ocr_par' dir='ltr' id='par_1_53' title="bbox 2439 2457 4010 2531">
     <span class='ocr_line' id='line_1_53' title="bbox 2439 2457 4010 2531; baseline 0.004 -21"><span class='ocrx_word' id='word_1_378' title='bbox 2439 2459 2532 2510; x_wconf 71' lang='grc' dir='ltr'>καὶ</span> <span class='ocrx_word' id='word_1_379' title='bbox 2558 2457 2938 2527; x_wconf 77' lang='grc' dir='ltr'><strong>προὸλήματα.</strong></span> <span class='ocrx_word' id='word_1_380' title='bbox 2978 2457 3138 2512; x_wconf 78' lang='grc' dir='ltr'>Ἀλλὰ</span> <span class='ocrx_word' id='word_1_381' title='bbox 3164 2457 3288 2513; x_wconf 73' lang='grc' dir='ltr'><strong>οὕτε</strong></span> <span class='ocrx_word' id='word_1_382' title='bbox 3312 2458 3372 2511; x_wconf 82' lang='grc' dir='ltr'>τὺ</span> <span class='ocrx_word' id='word_1_383' title='bbox 3402 2459 3692 2514; x_wconf 81' lang='grc' dir='ltr'>καυστικδν</span> <span class='ocrx_word' id='word_1_384' title='bbox 3723 2465 4010 2531; x_wconf 76' lang='grc' dir='ltr'><strong>συνεργεῖν</strong></span> 
     </span>
    </p>
   </div>
   <div class='ocr_carea' id='block_1_54' title="bbox 2438 2547 4009 2621">
    <p class='ocr_par' dir='ltr' id='par_1_54' title="bbox 2438 2547 4009 2621">
     <span class='ocr_line' id='line_1_54' title="bbox 2438 2547 4009 2621; baseline 0.004 -22"><span class='ocrx_word' id='word_1_385' title='bbox 2438 2550 2503 2618; x_wconf 77' lang='grc' dir='ltr'><strong>τῇ</strong></span> <span class='ocrx_word' id='word_1_386' title='bbox 2537 2548 2655 2616; x_wconf 75' lang='grc' dir='ltr'>ὄψει</span> <span class='ocrx_word' id='word_1_387' title='bbox 2697 2547 2787 2601; x_wconf 80' lang='grc' dir='ltr'><strong>τὸν</strong></span> <span class='ocrx_word' id='word_1_388' title='bbox 2826 2548 2963 2619; x_wconf 82' lang='grc' dir='ltr'><strong>ἀέρα</strong></span> <span class='ocrx_word' id='word_1_389' title='bbox 2991 2548 3279 2615; x_wconf 78' lang='grc' dir='ltr'><strong>διαυγάζον</strong></span> <span class='ocrx_word' id='word_1_390' title='bbox 3305 2549 3441 2620; x_wconf 75' lang='grc' dir='ltr'><strong>πρὸς</strong></span> <span class='ocrx_word' id='word_1_391' title='bbox 3461 2551 3558 2620; x_wconf 82' lang='grc' dir='ltr'><strong>τὴν</strong></span> <span class='ocrx_word' id='word_1_392' title='bbox 3587 2552 3870 2621; x_wconf 68' lang='grc' dir='ltr'>ἀντίληψιν</span> <span class='ocrx_word' id='word_1_393' title='bbox 3897 2554 4009 2606; x_wconf 90' lang='grc' dir='ltr'><strong>τῶν</strong></span> 
     </span>
    </p>
   </div>
   <div class='ocr_carea' id='block_1_55' title="bbox 2437 2639 4006 2714">
    <p class='ocr_par' dir='ltr' id='par_1_55' title="bbox 2437 2639 4006 2714">
     <span class='ocr_line' id='line_1_55' title="bbox 2437 2639 4006 2714; baseline 0.004 -24"><span class='ocrx_word' id='word_1_394' title='bbox 2437 2639 2647 2708; x_wconf 76' lang='grc' dir='ltr'><strong>ὁρατῶν</strong></span> <span class='ocrx_word' id='word_1_395' title='bbox 2674 2640 2784 2702; x_wconf 82' lang='grc' dir='ltr'>τοῖς</span> <span class='ocrx_word' id='word_1_396' title='bbox 2807 2655 2868 2706; x_wconf 86' lang='grc' dir='ltr'><strong>γε</strong></span> <span class='ocrx_word' id='word_1_397' title='bbox 2894 2639 3257 2709; x_wconf 78' lang='grc' dir='ltr'><strong>σωφρονοῦσιν</strong></span> <span class='ocrx_word' id='word_1_398' title='bbox 3281 2640 3484 2695; x_wconf 74' lang='grc' dir='ltr'>ἔνεστιν</span> <span class='ocrx_word' id='word_1_399' title='bbox 3509 2644 3706 2695; x_wconf 77' lang='grc' dir='ltr'><strong>εἰπεῖν·</strong></span> <span class='ocrx_word' id='word_1_400' title='bbox 3735 2644 3869 2697; x_wconf 80' lang='grc' dir='ltr'>ἴδιον</span> <span class='ocrx_word' id='word_1_401' title='bbox 3897 2645 4006 2714; x_wconf 69' lang='grc' dir='ltr'><strong>γὰρ</strong></span> 
     </span>
    </p>
   </div>
   <div class='ocr_carea' id='block_1_56' title="bbox 2435 2727 4005 2806">
    <p class='ocr_par' dir='ltr' id='par_1_56' title="bbox 2435 2727 4005 2806">
     <span class='ocr_line' id='line_1_56' title="bbox 2435 2727 4005 2806; baseline 0.004 -26"><span class='ocrx_word' id='word_1_402' title='bbox 2435 2727 2590 2781; x_wconf 81' lang='grc' dir='ltr'>τοῦτο</span> <span class='ocrx_word' id='word_1_403' title='bbox 2622 2727 2716 2781; x_wconf 78' lang='grc' dir='ltr'><strong>τοῦ</strong></span> <span class='ocrx_word' id='word_1_404' title='bbox 2749 2728 3076 2797; x_wconf 74' lang='grc' dir='ltr'>φωτίζοντος</span> <span class='ocrx_word' id='word_1_405' title='bbox 3099 2745 3114 2761; x_wconf 82' lang='grc'>⁶</span> <span class='ocrx_word' id='word_1_406' title='bbox 3154 2731 3219 2806; x_wconf 27' lang='grc' dir='ltr'><strong>οὐ.</strong></span> <span class='ocrx_word' id='word_1_407' title='bbox 3259 2729 3362 2800; x_wconf 79' lang='grc' dir='ltr'><strong>μὴν</strong></span> <span class='ocrx_word' id='word_1_408' title='bbox 3390 2731 3447 2784; x_wconf 63' lang='grc' dir='ltr'><strong>δὲ</strong></span> <span class='ocrx_word' id='word_1_409' title='bbox 3477 2731 3540 2784; x_wconf 81' lang='grc' dir='ltr'>τδ</span> <span class='ocrx_word' id='word_1_410' title='bbox 3569 2733 3866 2801; x_wconf 77' lang='grc' dir='ltr'><strong>φθαρτικὸν</strong></span> <span class='ocrx_word' id='word_1_411' title='bbox 3905 2737 4005 2804; x_wconf 72' lang='grc' dir='ltr'><strong>τῆς</strong></span> 
     </span>
    </p>
   </div>
   <div class='ocr_carea' id='block_1_57' title="bbox 2437 2816 4003 2891">
    <p class='ocr_par' dir='ltr' id='par_1_57' title="bbox 2437 2816 4003 2891">
     <span class='ocr_line' id='line_1_57' title="bbox 2437 2816 4003 2891; baseline 0.004 -22"><span class='ocrx_word' id='word_1_412' title='bbox 2437 2818 2806 2887; x_wconf 81' lang='grc' dir='ltr'><strong>ὑποκειμένης</strong></span> <span class='ocrx_word' id='word_1_413' title='bbox 2846 2816 2979 2888; x_wconf 80' lang='grc' dir='ltr'>ὕλης</span> <span class='ocrx_word' id='word_1_414' title='bbox 3004 2818 3178 2882; x_wconf 78' lang='grc' dir='ltr'>οὐδεὶς</span> <span class='ocrx_word' id='word_1_415' title='bbox 3206 2820 3273 2873; x_wconf 81' lang='grc' dir='ltr'>ἃν</span> <span class='ocrx_word' id='word_1_416' title='bbox 3302 2820 3610 2879; x_wconf 80' lang='grc' dir='ltr'><strong>ἀποδοῦναι.</strong></span> <span class='ocrx_word' id='word_1_417' title='bbox 3635 2821 3766 2875; x_wconf 83' lang='grc' dir='ltr'>καθό</span> <span class='ocrx_word' id='word_1_418' title='bbox 3788 2840 3852 2889; x_wconf 87' lang='grc' dir='ltr'><strong>γε</strong></span> <span class='ocrx_word' id='word_1_419' title='bbox 3887 2840 4003 2891; x_wconf 80' lang='grc' dir='ltr'>φω-</span> 
     </span>
    </p>
   </div>
   <div class='ocr_carea' id='block_1_58' title="bbox 2433 2906 4004 2980">
    <p class='ocr_par' dir='ltr' id='par_1_58' title="bbox 2433 2906 4004 2980">
     <span class='ocr_line' id='line_1_58' title="bbox 2433 2906 4004 2980; baseline 0.005 -24"><span class='ocrx_word' id='word_1_420' title='bbox 2433 2906 2591 2969; x_wconf 78' lang='grc' dir='ltr'>τίζει,</span> <span class='ocrx_word' id='word_1_421' title='bbox 2616 2906 2970 2976; x_wconf 79' lang='grc' dir='ltr'><strong>παρενεχθείη</strong></span> <span class='ocrx_word' id='word_1_422' title='bbox 3002 2906 3077 2976; x_wconf 85' lang='grc' dir='ltr'><strong>τῷ</strong></span> <span class='ocrx_word' id='word_1_423' title='bbox 3107 2908 3244 2974; x_wconf 87' lang='grc' dir='ltr'>φωτί</span> <span class='ocrx_word' id='word_1_424' title='bbox 3267 2923 3283 2938; x_wconf 88' lang='grc'><strong>·</strong></span> <span class='ocrx_word' id='word_1_425' title='bbox 3316 2907 3438 2960; x_wconf 81' lang='grc' dir='ltr'><strong>οὐδὲ</strong></span> <span class='ocrx_word' id='word_1_426' title='bbox 3463 2909 3759 2978; x_wconf 74' lang='grc' dir='ltr'>μεταδώσει</span> <span class='ocrx_word' id='word_1_427' title='bbox 3787 2911 4004 2980; x_wconf 76' lang='grc' dir='ltr'><strong>θατέρῳ</strong></span> 
     </span>
    </p>
   </div>
   <div class='ocr_carea' id='block_1_59' title="bbox 2433 2993 4001 3073">
    <p class='ocr_par' dir='ltr' id='par_1_59' title="bbox 2433 2993 4001 3073">
     <span class='ocr_line' id='line_1_59' title="bbox 2433 2993 4001 3073; baseline 0.002 -22"><span class='ocrx_word' id='word_1_428' title='bbox 2433 2998 2493 3051; x_wconf 82' lang='grc' dir='ltr'><strong>τὸ</strong></span> <span class='ocrx_word' id='word_1_429' title='bbox 2512 2999 2696 3067; x_wconf 71' lang='grc' dir='ltr'><strong>ἕτερον</strong></span> <span class='ocrx_word' id='word_1_430' title='bbox 2723 3000 3123 3068; x_wconf 81' lang='grc' dir='ltr'>τοῦ,όνὸματος,</span> <span class='ocrx_word' id='word_1_431' title='bbox 3149 2999 3216 3052; x_wconf 80' lang='grc' dir='ltr'><strong>δι’</strong></span> <span class='ocrx_word' id='word_1_432' title='bbox 3240 2993 3301 3054; x_wconf 71' lang='grc' dir='ltr'><strong>οὗ</strong></span> <span class='ocrx_word' id='word_1_433' title='bbox 3330 3001 3431 3070; x_wconf 81' lang='grc' dir='ltr'><strong>τὴν</strong></span> <span class='ocrx_word' id='word_1_434' title='bbox 3462 3000 3662 3068; x_wconf 86' lang='grc' dir='ltr'><strong>γνῶσιν</strong></span> <span class='ocrx_word' id='word_1_435' title='bbox 3698 3002 4001 3073; x_wconf 79' lang='grc' dir='ltr'><strong>παρέχεται</strong></span> 
     </span>
    </p>
   </div>
   <div class='ocr_carea' id='block_1_60' title="bbox 2436 3087 3999 3157">
    <p class='ocr_par' dir='ltr' id='par_1_60' title="bbox 2436 3087 3999 3157">
     <span class='ocr_line' id='line_1_60' title="bbox 2436 3087 3999 3157; baseline 0.003 -17"><span class='ocrx_word' id='word_1_436' title='bbox 2436 3088 2535 3157; x_wconf 77' lang='grc' dir='ltr'>τῆς</span> <span class='ocrx_word' id='word_1_437' title='bbox 2585 3087 2888 3157; x_wconf 75' lang='grc' dir='ltr'><strong>ὑπάρξεως.</strong></span> <span class='ocrx_word' id='word_1_438' title='bbox 2941 3088 3096 3141; x_wconf 78' lang='grc' dir='ltr'>Οὕτω</span> <span class='ocrx_word' id='word_1_439' title='bbox 3137 3089 3267 3157; x_wconf 83' lang='grc' dir='ltr'><strong>γοῦν</strong></span> <span class='ocrx_word' id='word_1_440' title='bbox 3317 3091 3382 3142; x_wconf 77' lang='grc' dir='ltr'>ἐκ</span> <span class='ocrx_word' id='word_1_441' title='bbox 3437 3089 3531 3142; x_wconf 84' lang='grc' dir='ltr'><strong>τοῦ</strong></span> <span class='ocrx_word' id='word_1_442' title='bbox 3585 3090 3748 3144; x_wconf 76' lang='grc' dir='ltr'><strong>αὑτοῦ</strong></span> <span class='ocrx_word' id='word_1_443' title='bbox 3799 3092 3999 3154; x_wconf 73' lang='grc' dir='ltr'>αἰτίου,</span> 
     </span>
    </p>
   </div>
   <div class='ocr_carea' id='block_1_61' title="bbox 2434 3176 4001 3250">
    <p class='ocr_par' dir='ltr' id='par_1_61' title="bbox 2434 3176 4001 3250">
     <span class='ocr_line' id='line_1_61' title="bbox 2434 3176 4001 3250; baseline 0.003 -22"><span class='ocrx_word' id='word_1_444' title='bbox 2434 3177 2573 3230; x_wconf 78' lang='grc' dir='ltr'><strong>κατά</strong></span> <span class='ocrx_word' id='word_1_445' title='bbox 2603 3193 2668 3244; x_wconf 84' lang='grc' dir='ltr'><strong>γε</strong></span> <span class='ocrx_word' id='word_1_446' title='bbox 2696 3178 2756 3230; x_wconf 81' lang='grc' dir='ltr'><strong>τὸ</strong></span> <span class='ocrx_word' id='word_1_447' title='bbox 2784 3176 3052 3239; x_wconf 82' lang='grc' dir='ltr'>πλεῖστον,</span> <span class='ocrx_word' id='word_1_448' title='bbox 3083 3177 3198 3247; x_wconf 76' lang='grc' dir='ltr'><strong>ἅμα</strong></span> <span class='ocrx_word' id='word_1_449' title='bbox 3227 3178 3325 3248; x_wconf 73' lang='grc' dir='ltr'>μὲν</span> <span class='ocrx_word' id='word_1_450' title='bbox 3353 3180 3447 3232; x_wconf 76' lang='grc' dir='ltr'><strong>καὶ</strong></span> <span class='ocrx_word' id='word_1_451' title='bbox 3485 3179 3761 3249; x_wconf 79' lang='grc' dir='ltr'>ὁμοτίμως</span> <span class='ocrx_word' id='word_1_452' title='bbox 3797 3196 4001 3250; x_wconf 75' lang='grc' dir='ltr'><strong>προερ-</strong></span> 
     </span>
    </p>
   </div>
   <div class='ocr_carea' id='block_1_62' title="bbox 768 3240 2427 3340">
    <p class='ocr_par' dir='ltr' id='par_1_62' title="bbox 768 3240 2400 3340">
     <span class='ocr_line' id='line_1_62' title="bbox 768 3240 2400 3340; baseline 0.015 -36"><span class='ocrx_word' id='word_1_453' title='bbox 768 3252 989 3318; x_wconf 84' lang='lat' dir='ltr'><strong>cedunt,</strong></span> <span class='ocrx_word' id='word_1_454' title='bbox 1020 3257 1114 3310; x_wconf 88' lang='lat' dir='ltr'><strong>sed</strong></span> <span class='ocrx_word' id='word_1_455' title='bbox 1137 3271 1249 3311; x_wconf 89' lang='lat' dir='ltr'><strong>non</strong></span> <span class='ocrx_word' id='word_1_456' title='bbox 1278 3261 1579 3318; x_wconf 88' lang='lat' dir='ltr'><strong>secumlum</strong></span> <span class='ocrx_word' id='word_1_457' title='bbox 1620 3267 1873 3322; x_wconf 89' lang='lat' dir='ltr'><strong>eumdem</strong></span> <span class='ocrx_word' id='word_1_458' title='bbox 1914 3271 2132 3326; x_wconf 90' lang='lat' dir='ltr'><strong>modum</strong></span> <span class='ocrx_word' id='word_1_459' title='bbox 2161 3273 2329 3340; x_wconf 77' lang='lat' dir='ltr'><strong>origi-</strong></span> <span class='ocrx_word' id='word_1_460' title='bbox 2357 3240 2400 3298; x_wconf 64' lang='grc' dir='ltr'><strong>δ</strong></span> 
     </span>
    </p>
   </div>
   <div class='ocr_carea' id='block_1_63' title="bbox 2339 3240 3998 3340">
    <p class='ocr_par' dir='ltr' id='par_1_63' title="bbox 2357 3240 3998 3340">
     <span class='ocr_line' id='line_1_63' title="bbox 2357 3240 3998 3340; baseline 0.004 -23"><span class='ocrx_word' id='word_1_461' title='bbox 2357 3240 2400 3298; x_wconf 77' lang='lat' dir='ltr'><strong><em>C</em></strong></span> <span class='ocrx_word' id='word_1_462' title='bbox 2434 3240 2637 3336; x_wconf 82' lang='grc' dir='ltr'>χόμενα</span> <span class='ocrx_word' id='word_1_463' title='bbox 2681 3268 2741 3319; x_wconf 82' lang='grc' dir='ltr'><strong>οὐ</strong></span> <span class='ocrx_word' id='word_1_464' title='bbox 2802 3268 2942 3322; x_wconf 83' lang='grc' dir='ltr'>κατὰ</span> <span class='ocrx_word' id='word_1_465' title='bbox 2982 3267 3072 3320; x_wconf 76' lang='grc' dir='ltr'>τὸν</span> <span class='ocrx_word' id='word_1_466' title='bbox 3104 3240 3264 3320; x_wconf 65' lang='grc' dir='ltr'><strong>αὑτδν</strong></span> <span class='ocrx_word' id='word_1_467' title='bbox 3293 3267 3348 3320; x_wconf 73' lang='grc' dir='ltr'><strong>δὲ</strong></span> <span class='ocrx_word' id='word_1_468' title='bbox 3395 3240 3594 3338; x_wconf 67' lang='grc' dir='ltr'>τρόπον</span> <span class='ocrx_word' id='word_1_469' title='bbox 3627 3240 3998 3340; x_wconf 15' lang='grc' dir='ltr'><strong>τὴνῖπρόοδον</strong></span> 
     </span>
    </p>
   </div>
   <div class='ocr_carea' id='block_1_64' title="bbox 768 3345 2331 3422">
    <p class='ocr_par' dir='ltr' id='par_1_64' title="bbox 768 3345 2331 3422">
     <span class='ocr_line' id='line_1_64' title="bbox 768 3345 2331 3422; baseline 0.015 -27"><span class='ocrx_word' id='word_1_470' title='bbox 768 3357 893 3397; x_wconf 92' lang='lat' dir='ltr'><strong>nem</strong></span> <span class='ocrx_word' id='word_1_471' title='bbox 917 3345 1143 3412; x_wconf 91' lang='lat' dir='ltr'><strong>ducunt,</strong></span> <span class='ocrx_word' id='word_1_472' title='bbox 1200 3349 1325 3406; x_wconf 89' lang='lat' dir='ltr'><strong>licet</strong></span> <span class='ocrx_word' id='word_1_473' title='bbox 1368 3356 1728 3422; x_wconf 78' lang='lat' dir='ltr'><strong>coexsistant,</strong></span> <span class='ocrx_word' id='word_1_474' title='bbox 1764 3369 1942 3415; x_wconf 89' lang='lat' dir='ltr'><strong>tamen</strong></span> <span class='ocrx_word' id='word_1_475' title='bbox 1986 3361 2213 3418; x_wconf 87' lang='lat' dir='ltr'><strong>alterum</strong></span> <span class='ocrx_word' id='word_1_476' title='bbox 2262 3365 2331 3420; x_wconf 91' lang='lat' dir='ltr'><strong>ab</strong></span> 
     </span>
    </p>
   </div>
   <div class='ocr_carea' id='block_1_65' title="bbox 767 3433 2328 3512">
    <p class='ocr_par' dir='ltr' id='par_1_65' title="bbox 767 3433 2328 3512">
     <span class='ocr_line' id='line_1_65' title="bbox 767 3433 2328 3512; baseline 0.017 -27"><span class='ocrx_word' id='word_1_477' title='bbox 767 3433 937 3489; x_wconf 88' lang='lat' dir='ltr'><strong>altero</strong></span> <span class='ocrx_word' id='word_1_478' title='bbox 965 3437 1324 3496; x_wconf 77' lang='lat' dir='ltr'><strong>dilferentiam</strong></span> <span class='ocrx_word' id='word_1_479' title='bbox 1358 3458 1511 3499; x_wconf 85' lang='lat' dir='ltr'><strong>suam</strong></span> <span class='ocrx_word' id='word_1_480' title='bbox 1539 3448 1657 3503; x_wconf 87' lang='lat' dir='ltr'><strong>sine</strong></span> <span class='ocrx_word' id='word_1_481' title='bbox 1700 3450 2017 3510; x_wconf 89' lang='lat' dir='ltr'><strong>confusione</strong></span> <span class='ocrx_word' id='word_1_482' title='bbox 2055 3471 2119 3510; x_wconf 90' lang='lat' dir='ltr'><strong>ac</strong></span> <span class='ocrx_word' id='word_1_483' title='bbox 2151 3467 2328 3512; x_wconf 88' lang='lat' dir='ltr'><strong>muta-</strong></span> 
     </span>
    </p>
   </div>
   <div class='ocr_carea' id='block_1_66' title="bbox 766 3524 1304 3586">
    <p class='ocr_par' dir='ltr' id='par_1_66' title="bbox 766 3524 1304 3586">
     <span class='ocr_line' id='line_1_66' title="bbox 766 3524 1304 3586; baseline 0.015 -8"><span class='ocrx_word' id='word_1_484' title='bbox 766 3524 971 3580; x_wconf 75' lang='lat' dir='ltr'><strong>bilitate</strong></span> <span class='ocrx_word' id='word_1_485' title='bbox 999 3541 1304 3586; x_wconf 83' lang='lat' dir='ltr'><strong>conservat.</strong></span> 
     </span>
    </p>
   </div>
   <div class='ocr_carea' id='block_1_67' title="bbox 837 3615 2326 3707">
    <p class='ocr_par' dir='ltr' id='par_1_67' title="bbox 837 3615 2326 3707">
     <span class='ocr_line' id='line_1_67' title="bbox 837 3615 2326 3707; baseline 0.017 -39"><span class='ocrx_word' id='word_1_486' title='bbox 837 3615 996 3680; x_wconf 83' lang='lat' dir='ltr'><strong>Quod</strong></span> <span class='ocrx_word' id='word_1_487' title='bbox 1051 3620 1094 3674; x_wconf 87' lang='lat' dir='ltr'><strong>si</strong></span> <span class='ocrx_word' id='word_1_488' title='bbox 1159 3629 1657 3692; x_wconf 76' lang='lat' dir='ltr'><strong>comparationibus</strong></span> <span class='ocrx_word' id='word_1_489' title='bbox 1715 3649 1800 3687; x_wconf 93' lang='lat' dir='ltr'><strong>me</strong></span> <span class='ocrx_word' id='word_1_490' title='bbox 1859 3636 2013 3704; x_wconf 88' lang='lat' dir='ltr'><strong>cupis</strong></span> <span class='ocrx_word' id='word_1_491' title='bbox 2070 3639 2326 3707; x_wconf 75' lang='lat' dir='ltr'><strong>spatiari,</strong></span> 
     </span>
    </p>
   </div>
   <div class='ocr_carea' id='block_1_68' title="bbox 767 3706 2325 3787">
    <p class='ocr_par' dir='ltr' id='par_1_68' title="bbox 767 3706 2325 3787">
     <span class='ocr_line' id='line_1_68' title="bbox 767 3706 2325 3787; baseline 0.017 -29"><span class='ocrx_word' id='word_1_492' title='bbox 767 3706 938 3761; x_wconf 68' lang='lat' dir='ltr'><strong>Adam</strong></span> <span class='ocrx_word' id='word_1_493' title='bbox 986 3725 1236 3780; x_wconf 79' lang='lat' dir='ltr'><strong>quoque,</strong></span> <span class='ocrx_word' id='word_1_494' title='bbox 1267 3726 1322 3770; x_wconf 92' lang='lat' dir='ltr'><strong>et</strong></span> <span class='ocrx_word' id='word_1_495' title='bbox 1361 3717 1566 3787; x_wconf 85' lang='lat' dir='ltr'><strong>Evam,</strong></span> <span class='ocrx_word' id='word_1_496' title='bbox 1613 3733 1668 3777; x_wconf 88' lang='lat' dir='ltr'><strong>et</strong></span> <span class='ocrx_word' id='word_1_497' title='bbox 1724 3724 1945 3780; x_wconf 85' lang='lat' dir='ltr'><strong>Abelem</strong></span> <span class='ocrx_word' id='word_1_498' title='bbox 1991 3729 2044 3783; x_wconf 90' lang='lat' dir='ltr'><strong>in</strong></span> <span class='ocrx_word' id='word_1_499' title='bbox 2092 3706 2325 3785; x_wconf 77' lang='lat' dir='ltr'><strong>mentem</strong></span> 
     </span>
    </p>
   </div>
   <div class='ocr_carea' id='block_1_69' title="bbox 769 3801 2326 3877">
    <p class='ocr_par' dir='ltr' id='par_1_69' title="bbox 769 3801 2326 3877">
     <span class='ocr_line' id='line_1_69' title="bbox 769 3801 2326 3877; baseline 0.016 -25"><span class='ocrx_word' id='word_1_500' title='bbox 769 3812 986 3854; x_wconf 85' lang='lat' dir='ltr'><strong>revoca.</strong></span> <span class='ocrx_word' id='word_1_501' title='bbox 1051 3801 1331 3861; x_wconf 83' lang='lat' dir='ltr'><strong>l’rocessio</strong></span> <span class='ocrx_word' id='word_1_502' title='bbox 1392 3813 1559 3876; x_wconf 86' lang='lat' dir='ltr'><strong>enim,</strong></span> <span class='ocrx_word' id='word_1_503' title='bbox 1628 3816 1768 3870; x_wconf 89' lang='lat' dir='ltr'><strong>unde</strong></span> <span class='ocrx_word' id='word_1_504' title='bbox 1809 3825 1863 3872; x_wconf 88' lang='lat' dir='ltr'><strong>et</strong></span> <span class='ocrx_word' id='word_1_505' title='bbox 1905 3819 2026 3874; x_wconf 68' lang='lat' dir='ltr'><strong>Eva:</strong></span> <span class='ocrx_word' id='word_1_506' title='bbox 2071 3820 2326 3877; x_wconf 84' lang='lat' dir='ltr'><strong>formatio</strong></span> 
     </span>
    </p>
   </div>
   <div class='ocr_carea' id='block_1_70' title="bbox 766 3890 2322 3982">
    <p class='ocr_par' dir='ltr' id='par_1_70' title="bbox 766 3890 2322 3982">
     <span class='ocr_line' id='line_1_70' title="bbox 766 3890 2322 3982; baseline 0.017 -40"><span class='ocrx_word' id='word_1_507' title='bbox 766 3890 922 3944; x_wconf 78' lang='lat' dir='ltr'><strong>duxit</strong></span> <span class='ocrx_word' id='word_1_508' title='bbox 948 3894 1232 3964; x_wconf 77' lang='lat' dir='ltr'><strong>originem,</strong></span> <span class='ocrx_word' id='word_1_509' title='bbox 1283 3899 1412 3954; x_wconf 72' lang='lat' dir='ltr'><strong>Adae</strong></span> <span class='ocrx_word' id='word_1_510' title='bbox 1457 3914 1606 3958; x_wconf 88' lang='lat' dir='ltr'><strong>costa</strong></span> <span class='ocrx_word' id='word_1_511' title='bbox 1641 3905 1770 3973; x_wconf 87' lang='lat' dir='ltr'><strong>fuit;</strong></span> <span class='ocrx_word' id='word_1_512' title='bbox 1813 3919 1975 3981; x_wconf 81' lang='lat' dir='ltr'><strong>atque</strong></span> <span class='ocrx_word' id='word_1_513' title='bbox 2019 3913 2177 3982; x_wconf 89' lang='lat' dir='ltr'><strong>primi</strong></span> <span class='ocrx_word' id='word_1_514' title='bbox 2226 3915 2322 3970; x_wconf 87' lang='lat' dir='ltr'><strong>lilii</strong></span> 
     </span>
    </p>
   </div>
   <div class='ocr_carea' id='block_1_71' title="bbox 764 3983 2326 4072">
    <p class='ocr_par' dir='ltr' id='par_1_71' title="bbox 764 3983 2326 4072">
     <span class='ocr_line' id='line_1_71' title="bbox 764 3983 2326 4072; baseline 0.019 -38"><span class='ocrx_word' id='word_1_515' title='bbox 764 3983 946 4038; x_wconf 77' lang='lat' dir='ltr'><strong>Abelis</strong></span> <span class='ocrx_word' id='word_1_516' title='bbox 972 3996 1125 4043; x_wconf 90' lang='lat' dir='ltr'><strong>ortus</strong></span> <span class='ocrx_word' id='word_1_517' title='bbox 1147 4003 1214 4042; x_wconf 79' lang='lat' dir='ltr'><strong>ex</strong></span> <span class='ocrx_word' id='word_1_518' title='bbox 1247 3990 1359 4045; x_wconf 79' lang='lat' dir='ltr'><strong>Ada</strong></span> <span class='ocrx_word' id='word_1_519' title='bbox 1390 4009 1486 4062; x_wconf 88' lang='lat' dir='ltr'><strong>per</strong></span> <span class='ocrx_word' id='word_1_520' title='bbox 1526 4003 1933 4066; x_wconf 75' lang='lat' dir='ltr'><strong>generationem</strong></span> <span class='ocrx_word' id='word_1_521' title='bbox 1971 4007 2234 4072; x_wconf 89' lang='lat' dir='ltr'><strong>manavit;</strong></span> <span class='ocrx_word' id='word_1_522' title='bbox 2269 4018 2326 4063; x_wconf 91' lang='lat' dir='ltr'><strong>at</strong></span> 
     </span>
    </p>
   </div>
   <div class='ocr_carea' id='block_1_72' title="bbox 766 4076 2324 4160">
    <p class='ocr_par' dir='ltr' id='par_1_72' title="bbox 766 4076 2324 4160">
     <span class='ocr_line' id='line_1_72' title="bbox 766 4076 2324 4160; baseline 0.019 -36"><span class='ocrx_word' id='word_1_523' title='bbox 766 4088 941 4142; x_wconf 88' lang='lat' dir='ltr'><strong>neque</strong></span> <span class='ocrx_word' id='word_1_524' title='bbox 992 4076 1046 4130; x_wconf 93' lang='lat' dir='ltr'><strong>in</strong></span> <span class='ocrx_word' id='word_1_525' title='bbox 1093 4079 1215 4133; x_wconf 62' lang='lat' dir='ltr'><strong>lilia:</strong></span> <span class='ocrx_word' id='word_1_526' title='bbox 1279 4097 1477 4138; x_wconf 85' lang='lat' dir='ltr'><strong>nomen</strong></span> <span class='ocrx_word' id='word_1_527' title='bbox 1525 4086 1634 4141; x_wconf 83' lang='lat' dir='ltr'><strong>Eva</strong></span> <span class='ocrx_word' id='word_1_528' title='bbox 1693 4091 2029 4160; x_wconf 86' lang='lat' dir='ltr'><strong>detrudetur,</strong></span> <span class='ocrx_word' id='word_1_529' title='bbox 2078 4113 2176 4152; x_wconf 90' lang='lat' dir='ltr'><strong>nec</strong></span> <span class='ocrx_word' id='word_1_530' title='bbox 2222 4117 2324 4154; x_wconf 89' lang='lat' dir='ltr'><strong>un-</strong></span> 
     </span>
    </p>
   </div>
   <div class='ocr_carea' id='block_1_73' title="bbox 2430 3356 3998 3430">
    <p class='ocr_par' dir='ltr' id='par_1_73' title="bbox 2430 3356 3998 3430">
     <span class='ocr_line' id='line_1_73' title="bbox 2430 3356 3998 3430; baseline 0.003 -20"><span class='ocrx_word' id='word_1_531' title='bbox 2430 3356 2640 3427; x_wconf 74' lang='grc' dir='ltr'><strong>ἔχοντα,</strong></span> <span class='ocrx_word' id='word_1_532' title='bbox 2669 3359 2726 3409; x_wconf 82' lang='grc' dir='ltr'><strong>ὲν</strong></span> <span class='ocrx_word' id='word_1_533' title='bbox 2751 3360 2817 3428; x_wconf 80' lang='grc' dir='ltr'><strong>τῇ</strong></span> <span class='ocrx_word' id='word_1_534' title='bbox 2845 3357 3095 3428; x_wconf 75' lang='grc' dir='ltr'><strong>κοινωνίᾳ</strong></span> <span class='ocrx_word' id='word_1_535' title='bbox 3116 3357 3214 3426; x_wconf 84' lang='grc' dir='ltr'><strong>τῆς</strong></span> <span class='ocrx_word' id='word_1_536' title='bbox 3239 3357 3522 3430; x_wconf 78' lang='grc' dir='ltr'><strong>ὑπάρξεως</strong></span> <span class='ocrx_word' id='word_1_537' title='bbox 3544 3360 3635 3412; x_wconf 82' lang='grc' dir='ltr'><strong>καὶ</strong></span> <span class='ocrx_word' id='word_1_538' title='bbox 3657 3360 3718 3412; x_wconf 77' lang='grc' dir='ltr'><strong>τὸ</strong></span> <span class='ocrx_word' id='word_1_539' title='bbox 3738 3360 3998 3429; x_wconf 72' lang='grc' dir='ltr'>διάφορον</span> 
     </span>
    </p>
   </div>
   <div class='ocr_carea' id='block_1_74' title="bbox 2431 3447 3999 3522">
    <p class='ocr_par' dir='ltr' id='par_1_74' title="bbox 2431 3447 3999 3522">
     <span class='ocr_line' id='line_1_74' title="bbox 2431 3447 3999 3522; baseline 0.001 -20"><span class='ocrx_word' id='word_1_540' title='bbox 2431 3449 2536 3502; x_wconf 91' lang='grc' dir='ltr'><strong>τῶν</strong></span> <span class='ocrx_word' id='word_1_541' title='bbox 2580 3448 2881 3516; x_wconf 74' lang='grc' dir='ltr'>ἰδιωμάτων</span> <span class='ocrx_word' id='word_1_542' title='bbox 2911 3447 3167 3517; x_wconf 78' lang='grc' dir='ltr'><strong>ἑκάτερον</strong></span> <span class='ocrx_word' id='word_1_543' title='bbox 3191 3448 3534 3518; x_wconf 79' lang='grc' dir='ltr'><strong>ἀσυγχύτως,</strong></span> <span class='ocrx_word' id='word_1_544' title='bbox 3567 3451 3658 3502; x_wconf 82' lang='grc' dir='ltr'><strong>καὶ</strong></span> <span class='ocrx_word' id='word_1_545' title='bbox 3682 3450 3999 3522; x_wconf 73' lang='grc' dir='ltr'><strong>ἀμεταϐλή-</strong></span> 
     </span>
    </p>
   </div>
   <div class='ocr_carea' id='block_1_75' title="bbox 2430 3538 3380 3611">
    <p class='ocr_par' dir='ltr' id='par_1_75' title="bbox 2430 3538 3380 3611">
     <span class='ocr_line' id='line_1_75' title="bbox 2430 3538 3380 3611; baseline 0.001 -18"><span class='ocrx_word' id='word_1_546' title='bbox 2430 3556 2536 3602; x_wconf 83' lang='grc' dir='ltr'><strong>τως</strong></span> <span class='ocrx_word' id='word_1_547' title='bbox 2561 3538 2907 3602; x_wconf 75' lang='grc' dir='ltr'>συνδιασώζει</span> <span class='ocrx_word' id='word_1_548' title='bbox 2935 3541 3071 3611; x_wconf 82' lang='grc' dir='ltr'><strong>πρὸς</strong></span> <span class='ocrx_word' id='word_1_549' title='bbox 3099 3541 3380 3611; x_wconf 68' lang='grc' dir='ltr'><strong>ἑκάτερον.</strong></span> 
     </span>
    </p>
   </div>
   <div class='ocr_carea' id='block_1_76' title="bbox 2501 3630 3995 3701">
    <p class='ocr_par' dir='ltr' id='par_1_76' title="bbox 2501 3630 3995 3701">
     <span class='ocr_line' id='line_1_76' title="bbox 2501 3630 3995 3701; baseline 0.005 -18"><span class='ocrx_word' id='word_1_550' title='bbox 2501 3633 2570 3684; x_wconf 83' lang='grc' dir='ltr'>Σὺ</span> <span class='ocrx_word' id='word_1_551' title='bbox 2603 3631 2659 3683; x_wconf 72' lang='grc' dir='ltr'><strong>δέ</strong></span> <span class='ocrx_word' id='word_1_552' title='bbox 2703 3648 2794 3701; x_wconf 89' lang='grc' dir='ltr'>μοι</span> <span class='ocrx_word' id='word_1_553' title='bbox 2833 3632 2944 3692; x_wconf 86' lang='grc' dir='ltr'><strong>τοίς</strong></span> <span class='ocrx_word' id='word_1_554' title='bbox 2973 3630 3411 3700; x_wconf 79' lang='grc' dir='ltr'><strong>παραδείγμασιν</strong></span> <span class='ocrx_word' id='word_1_555' title='bbox 3449 3633 3501 3683; x_wconf 86' lang='grc' dir='ltr'><strong>εἰ</strong></span> <span class='ocrx_word' id='word_1_556' title='bbox 3530 3648 3593 3700; x_wconf 77' lang='grc' dir='ltr'><strong>γε</strong></span> <span class='ocrx_word' id='word_1_557' title='bbox 3622 3631 3995 3690; x_wconf 76' lang='grc' dir='ltr'><strong>πλατύνεσθαι</strong></span> 
     </span>
    </p>
   </div>
   <div class='ocr_carea' id='block_1_77' title="bbox 2431 3721 3993 3794">
    <p class='ocr_par' dir='ltr' id='par_1_77' title="bbox 2431 3721 3993 3794">
     <span class='ocr_line' id='line_1_77' title="bbox 2431 3721 3993 3794; baseline 0.004 -18"><span class='ocrx_word' id='word_1_558' title='bbox 2431 3723 2628 3794; x_wconf 81' lang='grc' dir='ltr'>βούλει,</span> <span class='ocrx_word' id='word_1_559' title='bbox 2663 3725 2754 3776; x_wconf 80' lang='grc' dir='ltr'><strong>καὶ</strong></span> <span class='ocrx_word' id='word_1_560' title='bbox 2784 3723 2873 3776; x_wconf 84' lang='grc' dir='ltr'><strong>τὸν</strong></span> <span class='ocrx_word' id='word_1_561' title='bbox 2910 3721 3096 3791; x_wconf 66' lang='grc' dir='ltr'>Ἀδὰμ,</span> <span class='ocrx_word' id='word_1_562' title='bbox 3125 3722 3218 3775; x_wconf 68' lang='grc' dir='ltr'><strong>καλ⁸</strong></span> <span class='ocrx_word' id='word_1_563' title='bbox 3252 3724 3349 3793; x_wconf 79' lang='grc' dir='ltr'><strong>τὴν</strong></span> <span class='ocrx_word' id='word_1_564' title='bbox 3379 3721 3542 3789; x_wconf 81' lang='grc' dir='ltr'><strong>Εὔαν,</strong></span> <span class='ocrx_word' id='word_1_565' title='bbox 3579 3725 3674 3778; x_wconf 79' lang='grc' dir='ltr'>καὶ</span> <span class='ocrx_word' id='word_1_566' title='bbox 3704 3725 3796 3779; x_wconf 84' lang='grc' dir='ltr'><strong>τὸν</strong></span> <span class='ocrx_word' id='word_1_567' title='bbox 3825 3727 3993 3783; x_wconf 75' lang='grc' dir='ltr'><strong>’Δεελ</strong></span> 
     </span>
    </p>
   </div>
   <div class='ocr_carea' id='block_1_78' title="bbox 2429 3809 3990 3888">
    <p class='ocr_par' dir='ltr' id='par_1_78' title="bbox 2429 3809 3990 3888">
     <span class='ocr_line' id='line_1_78' title="bbox 2429 3809 3990 3888; baseline 0.012 -20"><span class='ocrx_word' id='word_1_568' title='bbox 2429 3815 2629 3868; x_wconf 78' lang='grc' dir='ltr'>ἐννόει·</span> <span class='ocrx_word' id='word_1_569' title='bbox 2668 3816 2699 3883; x_wconf 82' lang='grc' dir='ltr'>ἡ</span> <span class='ocrx_word' id='word_1_570' title='bbox 2731 3813 2956 3884; x_wconf 80' lang='grc' dir='ltr'>πρόοδος</span> <span class='ocrx_word' id='word_1_571' title='bbox 3000 3812 3098 3882; x_wconf 77' lang='grc' dir='ltr'>μὲν</span> <span class='ocrx_word' id='word_1_572' title='bbox 3130 3813 3256 3884; x_wconf 73' lang='grc' dir='ltr'><strong>γὰρ,</strong></span> <span class='ocrx_word' id='word_1_573' title='bbox 3295 3809 3364 3885; x_wconf 79' lang='grc' dir='ltr'><strong>ἦς</strong></span> <span class='ocrx_word' id='word_1_574' title='bbox 3400 3831 3459 3867; x_wconf 79' lang='grc' dir='ltr'><strong>τε</strong></span> <span class='ocrx_word' id='word_1_575' title='bbox 3505 3817 3726 3883; x_wconf 79' lang='grc' dir='ltr'>γέγονεν</span> <span class='ocrx_word' id='word_1_576' title='bbox 3762 3817 3990 3888; x_wconf 74' lang='grc' dir='ltr'><strong>ἀπαρχὴ</strong></span> 
     </span>
    </p>
   </div>
   <div class='ocr_carea' id='block_1_79' title="bbox 2427 3903 3991 3976">
    <p class='ocr_par' dir='ltr' id='par_1_79' title="bbox 2427 3903 3991 3976">
     <span class='ocr_line' id='line_1_79' title="bbox 2427 3903 3991 3976; baseline -0.003 -15"><span class='ocrx_word' id='word_1_577' title='bbox 2427 3907 2524 3976; x_wconf 86' lang='grc' dir='ltr'>τῆς</span> <span class='ocrx_word' id='word_1_578' title='bbox 2551 3904 2904 3968; x_wconf 82' lang='grc' dir='ltr'>διαπλάσεως,</span> <span class='ocrx_word' id='word_1_579' title='bbox 2935 3905 2967 3972; x_wconf 82' lang='grc' dir='ltr'>ἠ</span> <span class='ocrx_word' id='word_1_580' title='bbox 2999 3903 3205 3975; x_wconf 80' lang='grc' dir='ltr'><strong>πλευρά</strong></span> <span class='ocrx_word' id='word_1_581' title='bbox 3224 3921 3237 3934; x_wconf 88' lang='grc'><strong>·</strong></span> <span class='ocrx_word' id='word_1_582' title='bbox 3266 3905 3358 3957; x_wconf 77' lang='grc' dir='ltr'>καὶ</span> <span class='ocrx_word' id='word_1_583' title='bbox 3388 3904 3486 3974; x_wconf 87' lang='grc' dir='ltr'>τῆς</span> <span class='ocrx_word' id='word_1_584' title='bbox 3511 3906 3774 3974; x_wconf 77' lang='grc' dir='ltr'>γενέσεως</span> <span class='ocrx_word' id='word_1_585' title='bbox 3796 3908 3853 3960; x_wconf 88' lang='grc' dir='ltr'>αἰ</span> <span class='ocrx_word' id='word_1_586' title='bbox 3881 3924 3991 3976; x_wconf 77' lang='grc' dir='ltr'><strong>πη·-</strong></span> 
     </span>
    </p>
   </div>
   <div class='ocr_carea' id='block_1_80' title="bbox 2426 3996 3986 4070">
    <p class='ocr_par' dir='ltr' id='par_1_80' title="bbox 2426 3996 3986 4070">
     <span class='ocr_line' id='line_1_80' title="bbox 2426 3996 3986 4070; baseline 0.003 -19"><span class='ocrx_word' id='word_1_587' title='bbox 2426 3999 2520 4069; x_wconf 77' lang='grc' dir='ltr'><strong>γαὶ</strong></span> <span class='ocrx_word' id='word_1_588' title='bbox 2547 3998 2640 4051; x_wconf 74' lang='grc' dir='ltr'><strong>τοῦ</strong></span> <span class='ocrx_word' id='word_1_589' title='bbox 2666 3996 2882 4068; x_wconf 71' lang='grc' dir='ltr'><strong>πρῶτον</strong></span> <span class='ocrx_word' id='word_1_590' title='bbox 2921 3996 3236 4066; x_wconf 75' lang='grc' dir='ltr'>πλάσματος</span> <span class='ocrx_word' id='word_1_591' title='bbox 3274 3997 3330 4050; x_wconf 82' lang='grc' dir='ltr'>αἰ</span> <span class='ocrx_word' id='word_1_592' title='bbox 3362 3997 3514 4063; x_wconf 72' lang='grc' dir='ltr'><strong>γοναὶ</strong></span> <span class='ocrx_word' id='word_1_593' title='bbox 3547 3998 3610 4049; x_wconf 73' lang='grc' dir='ltr'>ὲκ</span> <span class='ocrx_word' id='word_1_594' title='bbox 3651 3997 3746 4050; x_wconf 83' lang='grc' dir='ltr'><strong>τοῦ</strong></span> <span class='ocrx_word' id='word_1_595' title='bbox 3789 4000 3986 4070; x_wconf 78' lang='grc' dir='ltr'><strong>’Δδάμη</strong></span> 
     </span>
    </p>
   </div>
   <div class='ocr_carea' id='block_1_81' title="bbox 2438 4085 3990 4160">
    <p class='ocr_par' dir='ltr' id='par_1_81' title="bbox 2438 4085 3990 4160">
     <span class='ocr_line' id='line_1_81' title="bbox 2438 4085 3990 4160; baseline -0.008 -17"><span class='ocrx_word' id='word_1_596' title='bbox 2438 4091 2594 4143; x_wconf 69' lang='grc' dir='ltr'>Ἀλλὰ</span> <span class='ocrx_word' id='word_1_597' title='bbox 2618 4087 2739 4142; x_wconf 77' lang='grc' dir='ltr'><strong>οὔτε</strong></span> <span class='ocrx_word' id='word_1_598' title='bbox 2764 4090 2798 4158; x_wconf 84' lang='grc' dir='ltr'>ή</span> <span class='ocrx_word' id='word_1_599' title='bbox 2833 4087 2944 4140; x_wconf 67' lang='grc' dir='ltr'><strong>Εὕα</strong></span> <span class='ocrx_word' id='word_1_600' title='bbox 2980 4089 3062 4148; x_wconf 77' lang='lat' dir='ltr'><strong>si;</strong></span> <span class='ocrx_word' id='word_1_601' title='bbox 3097 4087 3190 4138; x_wconf 79' lang='grc' dir='ltr'><strong>τὸν</strong></span> <span class='ocrx_word' id='word_1_602' title='bbox 3217 4087 3314 4154; x_wconf 80' lang='grc' dir='ltr'><strong>τῆς</strong></span> <span class='ocrx_word' id='word_1_603' title='bbox 3349 4085 3592 4156; x_wconf 83' lang='grc' dir='ltr'>υἰότητος</span> <span class='ocrx_word' id='word_1_604' title='bbox 3631 4086 3788 4156; x_wconf 79' lang='grc' dir='ltr'>λόγον</span> <span class='ocrx_word' id='word_1_605' title='bbox 3828 4106 3990 4160; x_wconf 79' lang='grc' dir='ltr'><strong>περι.</strong></span> 
     </span>
    </p>
   </div>
   <div class='ocr_carea' id='block_1_82' title="bbox 765 4167 2424 4258">
    <p class='ocr_par' dir='ltr' id='par_1_82' title="bbox 765 4167 2424 4258">
     <span class='ocr_line' id='line_1_82' title="bbox 765 4167 2424 4258; baseline 0.02 -44"><span class='ocrx_word' id='word_1_606' title='bbox 765 4179 926 4228; x_wconf 83' lang='lat' dir='ltr'><strong>quam</strong></span> <span class='ocrx_word' id='word_1_607' title='bbox 964 4167 1093 4222; x_wconf 70' lang='lat' dir='ltr'><strong>Alel</strong></span> <span class='ocrx_word' id='word_1_608' title='bbox 1148 4171 1289 4226; x_wconf 82' lang='lat' dir='ltr'><strong>(ilius</strong></span> <span class='ocrx_word' id='word_1_609' title='bbox 1317 4189 1437 4230; x_wconf 85' lang='lat' dir='ltr'><strong>esse</strong></span> <span class='ocrx_word' id='word_1_610' title='bbox 1465 4177 1782 4250; x_wconf 83' lang='lat' dir='ltr'><strong>denegabit,</strong></span> <span class='ocrx_word' id='word_1_611' title='bbox 1832 4193 1887 4238; x_wconf 85' lang='lat' dir='ltr'><strong>et</strong></span> <span class='ocrx_word' id='word_1_612' title='bbox 1920 4187 1971 4238; x_wconf 90' lang='lat' dir='ltr'><strong>in</strong></span> <span class='ocrx_word' id='word_1_613' title='bbox 2014 4193 2321 4258; x_wconf 78' lang='lat' dir='ltr'><strong>quampiam</strong></span> <span class='ocrx_word' id='word_1_614' title='bbox 2423 4224 2424 4229; x_wconf 59' lang='grc' dir='ltr'><strong>η</strong></span> 
     </span>
    </p>
   </div>
   <div class='ocr_carea' id='block_1_83' title="bbox 2328 4167 3987 4258">
    <p class='ocr_par' dir='ltr' id='par_1_83' title="bbox 2423 4176 3987 4252">
     <span class='ocr_line' id='line_1_83' title="bbox 2423 4176 3987 4252; baseline -0.003 -15"><span class='ocrx_word' id='word_1_615' title='bbox 2423 4184 2773 4252; x_wconf 83' lang='grc' dir='ltr'><strong>ενεχοήσεται</strong></span> <span class='ocrx_word' id='word_1_616' title='bbox 2797 4195 2812 4210; x_wconf 78' lang='grc'><em>”</em></span> <span class='ocrx_word' id='word_1_617' title='bbox 2848 4178 2971 4232; x_wconf 82' lang='grc' dir='ltr'><strong>οὔτε</strong></span> <span class='ocrx_word' id='word_1_618' title='bbox 3005 4177 3111 4249; x_wconf 81' lang='grc' dir='ltr'><strong>μὴν</strong></span> <span class='ocrx_word' id='word_1_619' title='bbox 3142 4179 3170 4231; x_wconf 86' lang='grc' dir='ltr'><strong>ό</strong></span> <span class='ocrx_word' id='word_1_620' title='bbox 3203 4176 3366 4231; x_wconf 77' lang='grc' dir='ltr'>’Δὸελ</span> <span class='ocrx_word' id='word_1_621' title='bbox 3393 4177 3484 4231; x_wconf 86' lang='grc' dir='ltr'><strong>τδν</strong></span> <span class='ocrx_word' id='word_1_622' title='bbox 3511 4178 3624 4230; x_wconf 83' lang='grc' dir='ltr'>υἱδν</span> <span class='ocrx_word' id='word_1_623' title='bbox 3660 4181 3987 4248; x_wconf 70' lang='grc' dir='ltr'><strong>ἀπαρνησάο</strong></span> 
     </span>
    </p>
   </div>
   <div class='ocr_carea' id='block_1_84' title="bbox 765 4254 2318 4344">
    <p class='ocr_par' dir='ltr' id='par_1_84' title="bbox 765 4254 2318 4344">
     <span class='ocr_line' id='line_1_84' title="bbox 765 4254 2318 4344; baseline 0.021 -39"><span class='ocrx_word' id='word_1_624' title='bbox 765 4254 924 4309; x_wconf 85' lang='lat' dir='ltr'><strong>aliam</strong></span> <span class='ocrx_word' id='word_1_625' title='bbox 993 4261 1359 4318; x_wconf 87' lang='lat' dir='ltr'><strong>conditionem</strong></span> <span class='ocrx_word' id='word_1_626' title='bbox 1421 4267 1665 4324; x_wconf 87' lang='lat' dir='ltr'><strong>incurret</strong></span> <span class='ocrx_word' id='word_1_627' title='bbox 1727 4283 1889 4344; x_wconf 88' lang='lat' dir='ltr'><strong>atque</strong></span> <span class='ocrx_word' id='word_1_628' title='bbox 1946 4254 2318 4337; x_wconf 86' lang='lat' dir='ltr'><strong>transferetur.</strong></span> 
     </span>
    </p>
   </div>
   <div class='ocr_carea' id='block_1_85' title="bbox 762 4345 2319 4444">
    <p class='ocr_par' dir='ltr' id='par_1_85' title="bbox 762 4345 2319 4444">
     <span class='ocr_line' id='line_1_85' title="bbox 762 4345 2319 4444; baseline 0.021 -46"><span class='ocrx_word' id='word_1_629' title='bbox 762 4345 915 4411; x_wconf 84' lang='lat' dir='ltr'><strong>Quod</strong></span> <span class='ocrx_word' id='word_1_630' title='bbox 949 4360 1126 4406; x_wconf 89' lang='lat' dir='ltr'><strong>autem</strong></span> <span class='ocrx_word' id='word_1_631' title='bbox 1159 4354 1240 4407; x_wconf 90' lang='lat' dir='ltr'><strong>sol</strong></span> <span class='ocrx_word' id='word_1_632' title='bbox 1271 4356 1536 4415; x_wconf 90' lang='lat' dir='ltr'><strong>illuminet</strong></span> <span class='ocrx_word' id='word_1_633' title='bbox 1564 4371 1618 4416; x_wconf 89' lang='lat' dir='ltr'><strong>et</strong></span> <span class='ocrx_word' id='word_1_634' title='bbox 1644 4365 1945 4434; x_wconf 84' lang='lat' dir='ltr'><strong>calelaeiat,</strong></span> <span class='ocrx_word' id='word_1_635' title='bbox 1978 4371 2059 4427; x_wconf 65' lang='lat'><strong>“8</strong></span> <span class='ocrx_word' id='word_1_636' title='bbox 2076 4377 2319 4444; x_wconf 72' lang='lat' dir='ltr'><strong>quaedam</strong></span> 
     </span>
    </p>
   </div>
   <div class='ocr_carea' id='block_1_86' title="bbox 2427 4268 3990 4346">
    <p class='ocr_par' dir='ltr' id='par_1_86' title="bbox 2427 4268 3990 4346">
     <span class='ocr_line' id='line_1_86' title="bbox 2427 4268 3990 4346; baseline -0.003 -19"><span class='ocrx_word' id='word_1_637' title='bbox 2427 4291 2584 4346; x_wconf 83' lang='grc' dir='ltr'>μενος</span> <span class='ocrx_word' id='word_1_638' title='bbox 2619 4274 2698 4335; x_wconf 85' lang='grc' dir='ltr'>εἰς</span> <span class='ocrx_word' id='word_1_639' title='bbox 2741 4269 2934 4340; x_wconf 78' lang='grc' dir='ltr'><strong>ἑτέραν</strong></span> <span class='ocrx_word' id='word_1_640' title='bbox 2977 4269 3099 4323; x_wconf 71' lang='grc' dir='ltr'><strong>τινὰ</strong></span> <span class='ocrx_word' id='word_1_641' title='bbox 3128 4268 3309 4339; x_wconf 73' lang='grc' dir='ltr'>σχέσιν</span> <span class='ocrx_word' id='word_1_642' title='bbox 3350 4268 3672 4338; x_wconf 78' lang='grc' dir='ltr'>παραδόσει,</span> <span class='ocrx_word' id='word_1_643' title='bbox 3714 4270 3808 4323; x_wconf 79' lang='grc' dir='ltr'><strong>καὶ</strong></span> <span class='ocrx_word' id='word_1_644' title='bbox 3847 4287 3990 4341; x_wconf 73' lang='grc' dir='ltr'>συμο</span> 
     </span>
    </p>
   </div>
   <div class='ocr_carea' id='block_1_87' title="bbox 2425 4357 3988 4435">
    <p class='ocr_par' dir='ltr' id='par_1_87' title="bbox 2425 4357 3988 4435">
     <span class='ocr_line' id='line_1_87' title="bbox 2425 4357 3988 4435; baseline -0.007 -17"><span class='ocrx_word' id='word_1_645' title='bbox 2425 4365 2841 4435; x_wconf 86' lang='grc' dir='ltr'>μεταστήσεται.</span> <span class='ocrx_word' id='word_1_646' title='bbox 2874 4360 2947 4413; x_wconf 83' lang='grc' dir='ltr'>Τὸ</span> <span class='ocrx_word' id='word_1_647' title='bbox 2986 4360 3042 4413; x_wconf 79' lang='grc' dir='ltr'><strong>δὲ</strong></span> <span class='ocrx_word' id='word_1_648' title='bbox 3071 4358 3323 4429; x_wconf 73' lang='grc' dir='ltr'>φωτίζειν</span> <span class='ocrx_word' id='word_1_649' title='bbox 3354 4357 3445 4412; x_wconf 84' lang='grc' dir='ltr'>τδν</span> <span class='ocrx_word' id='word_1_650' title='bbox 3471 4360 3643 4429; x_wconf 70' lang='grc' dir='ltr'>ἣλιον.</span> <span class='ocrx_word' id='word_1_651' title='bbox 3677 4361 3770 4414; x_wconf 77' lang='grc' dir='ltr'><strong>καὶ</strong></span> <span class='ocrx_word' id='word_1_652' title='bbox 3795 4361 3988 4430; x_wconf 85' lang='grc' dir='ltr'>φλογί-</span> 
     </span>
    </p>
   </div>
   <div class='ocr_carea' id='block_1_88' title="bbox 761 4439 2420 4531">
    <p class='ocr_par' dir='ltr' id='par_1_88' title="bbox 761 4439 2319 4531">
     <span class='ocr_line' id='line_1_88' title="bbox 761 4439 2319 4531; baseline 0.021 -39"><span class='ocrx_word' id='word_1_653' title='bbox 761 4439 1120 4508; x_wconf 84' lang='lat' dir='ltr'><strong>proprietates</strong></span> <span class='ocrx_word' id='word_1_654' title='bbox 1148 4456 1293 4511; x_wconf 85' lang='lat' dir='ltr'><strong>sunt,</strong></span> <span class='ocrx_word' id='word_1_655' title='bbox 1316 4464 1436 4517; x_wconf 66' lang='lat' dir='ltr'><strong>quae</strong></span> <span class='ocrx_word' id='word_1_656' title='bbox 1471 4453 1536 4507; x_wconf 86' lang='lat' dir='ltr'><strong>ad</strong></span> <span class='ocrx_word' id='word_1_657' title='bbox 1567 4469 1792 4526; x_wconf 90' lang='lat' dir='ltr'><strong>corpora</strong></span> <span class='ocrx_word' id='word_1_658' title='bbox 1819 4470 1982 4531; x_wconf 88' lang='lat' dir='ltr'><strong>atque</strong></span> <span class='ocrx_word' id='word_1_659' title='bbox 2008 4465 2074 4518; x_wconf 90' lang='lat' dir='ltr'><strong>ad</strong></span> <span class='ocrx_word' id='word_1_660' title='bbox 2094 4439 2319 4524; x_wconf 78' lang='lat' dir='ltr'><strong>animos</strong></span> 
     </span>
    </p>
   </div>
   <div class='ocr_carea' id='block_1_89' title="bbox 2327 4439 3986 4531">
    <p class='ocr_par' dir='ltr' id='par_1_89' title="bbox 2422 4451 3986 4524">
     <span class='ocr_line' id='line_1_89' title="bbox 2422 4451 3986 4524; baseline -0.003 -11"><span class='ocrx_word' id='word_1_661' title='bbox 2422 4460 2552 4524; x_wconf 77' lang='grc' dir='ltr'>ζειν,</span> <span class='ocrx_word' id='word_1_662' title='bbox 2585 4457 2732 4510; x_wconf 77' lang='grc' dir='ltr'><strong>ἐστὶν</strong></span> <span class='ocrx_word' id='word_1_663' title='bbox 2751 4455 2781 4508; x_wconf 90' lang='grc' dir='ltr'>δ</span> <span class='ocrx_word' id='word_1_664' title='bbox 2811 4453 2920 4508; x_wconf 89' lang='grc' dir='ltr'><strong>τῶν</strong></span> <span class='ocrx_word' id='word_1_665' title='bbox 2947 4453 3234 4523; x_wconf 77' lang='grc' dir='ltr'>σωμάτων,</span> <span class='ocrx_word' id='word_1_666' title='bbox 3259 4453 3356 4505; x_wconf 78' lang='grc' dir='ltr'><strong>καὶ</strong></span> <span class='ocrx_word' id='word_1_667' title='bbox 3385 4451 3413 4505; x_wconf 87' lang='grc' dir='ltr'><strong>ὃ</strong></span> <span class='ocrx_word' id='word_1_668' title='bbox 3439 4469 3500 4505; x_wconf 77' lang='grc' dir='ltr'><strong>τι</strong></span> <span class='ocrx_word' id='word_1_669' title='bbox 3527 4454 3702 4507; x_wconf 85' lang='grc' dir='ltr'>κοινόν</span> <span class='ocrx_word' id='word_1_670' title='bbox 3725 4457 3843 4508; x_wconf 73' lang='grc' dir='ltr'><strong>ιστι</strong></span> <span class='ocrx_word' id='word_1_671' title='bbox 3873 4455 3986 4509; x_wconf 90' lang='grc' dir='ltr'><strong>τῶν</strong></span> 
     </span>
    </p>
   </div>
   <div class='ocr_carea' id='block_1_90' title="bbox 761 4531 2420 4629">
    <p class='ocr_par' dir='ltr' id='par_1_90' title="bbox 761 4531 2392 4629">
     <span class='ocr_line' id='line_1_90' title="bbox 761 4531 2392 4629; baseline 0.017 -43"><span class='ocrx_word' id='word_1_672' title='bbox 761 4531 1061 4589; x_wconf 84' lang='lat' dir='ltr'><strong>sentientes</strong></span> <span class='ocrx_word' id='word_1_673' title='bbox 1096 4541 1458 4595; x_wconf 88' lang='lat' dir='ltr'><strong>communiter</strong></span> <span class='ocrx_word' id='word_1_674' title='bbox 1493 4545 1836 4616; x_wconf 73' lang='lat' dir='ltr'><strong>pertingunt;</strong></span> <span class='ocrx_word' id='word_1_675' title='bbox 1873 4561 1929 4604; x_wconf 90' lang='lat' dir='ltr'><strong>at</strong></span> <span class='ocrx_word' id='word_1_676' title='bbox 1964 4568 2142 4623; x_wconf 88' lang='lat' dir='ltr'><strong>neque</strong></span> <span class='ocrx_word' id='word_1_677' title='bbox 2168 4559 2313 4612; x_wconf 88' lang='lat' dir='ltr'><strong>cale-</strong></span> <span class='ocrx_word' id='word_1_678' title='bbox 2348 4573 2392 4629; x_wconf 81' lang='grc' dir='ltr'><strong>ι)</strong></span> 
     </span>
    </p>
   </div>
   <div class='ocr_carea' id='block_1_91' title="bbox 2326 4531 3985 4629">
    <p class='ocr_par' dir='ltr' id='par_1_91' title="bbox 2348 4543 3985 4629">
     <span class='ocr_line' id='line_1_91' title="bbox 2348 4543 3985 4629; baseline -0.007 -25"><span class='ocrx_word' id='word_1_679' title='bbox 2348 4573 2392 4629; x_wconf 78' lang='lat' dir='ltr'><strong>D</strong></span> <span class='ocrx_word' id='word_1_680' title='bbox 2421 4547 2823 4616; x_wconf 77' lang='grc' dir='ltr'>αἰσθανομένων</span> <span class='ocrx_word' id='word_1_681' title='bbox 2849 4544 3199 4615; x_wconf 81' lang='grc' dir='ltr'>ὁμολόγημα⁶</span> <span class='ocrx_word' id='word_1_682' title='bbox 3231 4543 3366 4597; x_wconf 76' lang='grc' dir='ltr'>ἀλλὰ</span> <span class='ocrx_word' id='word_1_683' title='bbox 3395 4543 3519 4597; x_wconf 78' lang='grc' dir='ltr'><strong>οὔτε</strong></span> <span class='ocrx_word' id='word_1_684' title='bbox 3563 4545 3620 4598; x_wconf 85' lang='grc' dir='ltr'>αἰ</span> <span class='ocrx_word' id='word_1_685' title='bbox 3660 4546 3860 4613; x_wconf 79' lang='grc' dir='ltr'>φλόγες</span> <span class='ocrx_word' id='word_1_686' title='bbox 3901 4551 3985 4612; x_wconf 68' lang='grc' dir='ltr'><strong>τις</strong></span> 
     </span>
    </p>
   </div>
   <div class='ocr_carea' id='block_1_92' title="bbox 759 4621 2317 4715">
    <p class='ocr_par' dir='ltr' id='par_1_92' title="bbox 759 4621 2317 4715">
     <span class='ocr_line' id='line_1_92' title="bbox 759 4621 2317 4715; baseline 0.02 -41"><span class='ocrx_word' id='word_1_687' title='bbox 759 4621 992 4678; x_wconf 87' lang='lat' dir='ltr'><strong>faciendi</strong></span> <span class='ocrx_word' id='word_1_688' title='bbox 1020 4626 1100 4682; x_wconf 91' lang='lat' dir='ltr'><strong>vis</strong></span> <span class='ocrx_word' id='word_1_689' title='bbox 1122 4631 1463 4698; x_wconf 85' lang='lat' dir='ltr'><strong>splendorem</strong></span> <span class='ocrx_word' id='word_1_690' title='bbox 1499 4649 1593 4704; x_wconf 90' lang='lat' dir='ltr'><strong>pro</strong></span> <span class='ocrx_word' id='word_1_691' title='bbox 1616 4640 1794 4696; x_wconf 89' lang='lat' dir='ltr'><strong>calore</strong></span> <span class='ocrx_word' id='word_1_692' title='bbox 1828 4642 1879 4696; x_wconf 89' lang='lat' dir='ltr'><strong>in</strong></span> <span class='ocrx_word' id='word_1_693' title='bbox 1912 4659 1969 4698; x_wconf 87' lang='lat' dir='ltr'><strong>se</strong></span> <span class='ocrx_word' id='word_1_694' title='bbox 1993 4645 2162 4715; x_wconf 82' lang='lat' dir='ltr'><strong>ipsum</strong></span> <span class='ocrx_word' id='word_1_695' title='bbox 2188 4665 2317 4704; x_wconf 87' lang='lat' dir='ltr'><strong>con-</strong></span> 
     </span>
    </p>
   </div>
   <div class='ocr_carea' id='block_1_93' title="bbox 2416 4631 3984 4708">
    <p class='ocr_par' dir='ltr' id='par_1_93' title="bbox 2416 4631 3984 4708">
     <span class='ocr_line' id='line_1_93' title="bbox 2416 4631 3984 4708; baseline -0.005 -12"><span class='ocrx_word' id='word_1_696' title='bbox 2416 4640 2612 4701; x_wconf 72' lang='grc' dir='ltr'><strong>ὲαυτὲις</strong></span> <span class='ocrx_word' id='word_1_697' title='bbox 2663 4637 2763 4708; x_wconf 80' lang='grc' dir='ltr'><strong>τήν</strong></span> <span class='ocrx_word' id='word_1_698' title='bbox 2813 4633 3091 4702; x_wconf 87' lang='grc' dir='ltr'><strong>διαύγειαν</strong></span> <span class='ocrx_word' id='word_1_699' title='bbox 3136 4633 3256 4686; x_wconf 81' lang='grc' dir='ltr'><strong>ἀντὶ</strong></span> <span class='ocrx_word' id='word_1_700' title='bbox 3286 4631 3380 4686; x_wconf 85' lang='grc' dir='ltr'><strong>τοῦ</strong></span> <span class='ocrx_word' id='word_1_701' title='bbox 3419 4632 3636 4702; x_wconf 81' lang='grc' dir='ltr'><strong>φλέγειν</strong></span> <span class='ocrx_word' id='word_1_702' title='bbox 3679 4634 3984 4704; x_wconf 69' lang='grc' dir='ltr'><strong>ἠλλάξαντο</strong></span> 
     </span>
    </p>
   </div>
   <div class='ocr_carea' id='block_1_94' title="bbox 763 4715 2422 4803">
    <p class='ocr_par' dir='ltr' id='par_1_94' title="bbox 763 4715 2422 4803">
     <span class='ocr_line' id='line_1_94' title="bbox 763 4715 2422 4803; baseline 0.02 -41"><span class='ocrx_word' id='word_1_703' title='bbox 763 4715 924 4770; x_wconf 85' lang='lat' dir='ltr'><strong>vertit</strong></span> <span class='ocrx_word' id='word_1_704' title='bbox 974 4731 1039 4771; x_wconf 88' lang='lat' dir='ltr'><strong>ac</strong></span> <span class='ocrx_word' id='word_1_705' title='bbox 1085 4721 1394 4790; x_wconf 89' lang='lat' dir='ltr'><strong>transtulit;</strong></span> <span class='ocrx_word' id='word_1_706' title='bbox 1443 4741 1544 4781; x_wconf 90' lang='lat' dir='ltr'><strong>nec</strong></span> <span class='ocrx_word' id='word_1_707' title='bbox 1575 4744 1811 4798; x_wconf 79' lang='lat' dir='ltr'><strong>unquam</strong></span> <span class='ocrx_word' id='word_1_708' title='bbox 1859 4734 2198 4793; x_wconf 90' lang='lat' dir='ltr'><strong>illuminandi</strong></span> <span class='ocrx_word' id='word_1_709' title='bbox 2239 4741 2317 4794; x_wconf 92' lang='lat' dir='ltr'><strong>vis</strong></span> <span class='ocrx_word' id='word_1_710' title='bbox 2415 4753 2422 4803; x_wconf 78' lang='lat' dir='ltr'><strong>l</strong></span> 
     </span>
    </p>
   </div>
   <div class='ocr_carea' id='block_1_95' title="bbox 2320 4715 3979 4803">
    <p class='ocr_par' dir='ltr' id='par_1_95' title="bbox 2415 4721 3979 4803">
     <span class='ocr_line' id='line_1_95' title="bbox 2415 4721 3979 4803; baseline -0.013 -17"><span class='ocrx_word' id='word_1_711' title='bbox 2415 4724 2887 4803; x_wconf 78' lang='grc' dir='ltr'>μεταστήσασθαιο</span> <span class='ocrx_word' id='word_1_712' title='bbox 2917 4725 2976 4778; x_wconf 81' lang='grc' dir='ltr'><strong>οὐ</strong></span> <span class='ocrx_word' id='word_1_713' title='bbox 3009 4724 3116 4794; x_wconf 82' lang='grc' dir='ltr'>μὴν</span> <span class='ocrx_word' id='word_1_714' title='bbox 3145 4722 3265 4775; x_wconf 68' lang='grc' dir='ltr'><strong>οὐδὲ</strong></span> <span class='ocrx_word' id='word_1_715' title='bbox 3294 4721 3354 4775; x_wconf 75' lang='grc' dir='ltr'>τὺ</span> <span class='ocrx_word' id='word_1_716' title='bbox 3382 4723 3616 4790; x_wconf 73' lang='grc' dir='ltr'>φωτίζον</span> <span class='ocrx_word' id='word_1_717' title='bbox 3639 4727 3719 4788; x_wconf 86' lang='grc' dir='ltr'><strong>εἰς</strong></span> <span class='ocrx_word' id='word_1_718' title='bbox 3753 4725 3855 4796; x_wconf 73' lang='grc' dir='ltr'>τὴν</span> <span class='ocrx_word' id='word_1_719' title='bbox 3881 4725 3979 4779; x_wconf 76' lang='grc' dir='ltr'><strong>τοῦ</strong></span> 
     </span>
    </p>
   </div>
   <div class='ocr_carea' id='block_1_96' title="bbox 759 4803 2314 4895">
    <p class='ocr_par' dir='ltr' id='par_1_96' title="bbox 759 4803 2314 4895">
     <span class='ocr_line' id='line_1_96' title="bbox 759 4803 2314 4895; baseline 0.019 -39"><span class='ocrx_word' id='word_1_720' title='bbox 759 4803 814 4857; x_wconf 88' lang='lat' dir='ltr'><strong>iu</strong></span> <span class='ocrx_word' id='word_1_721' title='bbox 845 4805 1044 4862; x_wconf 87' lang='lat' dir='ltr'><strong>caloris</strong></span> <span class='ocrx_word' id='word_1_722' title='bbox 1074 4812 1525 4879; x_wconf 85' lang='lat' dir='ltr'><strong>appellationem,</strong></span> <span class='ocrx_word' id='word_1_723' title='bbox 1569 4820 1652 4872; x_wconf 81' lang='lat' dir='ltr'><strong>vel</strong></span> <span class='ocrx_word' id='word_1_724' title='bbox 1701 4829 1946 4877; x_wconf 83' lang='lat' dir='ltr'><strong>naturam</strong></span> <span class='ocrx_word' id='word_1_725' title='bbox 1984 4833 2314 4895; x_wconf 87' lang='lat' dir='ltr'><strong>permutabi-</strong></span> 
     </span>
    </p>
   </div>
   <div class='ocr_carea' id='block_1_97' title="bbox 2413 4811 3980 4890">
    <p class='ocr_par' dir='ltr' id='par_1_97' title="bbox 2413 4811 3980 4890">
     <span class='ocr_line' id='line_1_97' title="bbox 2413 4811 3980 4890; baseline -0.004 -16"><span class='ocrx_word' id='word_1_726' title='bbox 2413 4821 2737 4890; x_wconf 77' lang='grc' dir='ltr'>φωτίζοντος</span> <span class='ocrx_word' id='word_1_727' title='bbox 2761 4815 2972 4884; x_wconf 78' lang='grc' dir='ltr'>κλῆσιν,</span> <span class='ocrx_word' id='word_1_728' title='bbox 2999 4811 3033 4882; x_wconf 75' lang='grc' dir='ltr'><strong>ἢ</strong></span> <span class='ocrx_word' id='word_1_729' title='bbox 3066 4812 3163 4882; x_wconf 76' lang='grc' dir='ltr'><strong>τὴν</strong></span> <span class='ocrx_word' id='word_1_730' title='bbox 3195 4811 3490 4866; x_wconf 82' lang='grc' dir='ltr'>ὑπόστασιν</span> <span class='ocrx_word' id='word_1_731' title='bbox 3530 4814 3650 4866; x_wconf 79' lang='grc' dir='ltr'><strong>ἀντὶ</strong></span> <span class='ocrx_word' id='word_1_732' title='bbox 3675 4813 3768 4868; x_wconf 75' lang='grc' dir='ltr'><strong>τοῦ</strong></span> <span class='ocrx_word' id='word_1_733' title='bbox 3805 4815 3980 4883; x_wconf 83' lang='grc' dir='ltr'>φωτί-</span> 
     </span>
    </p>
   </div>
   <div class='ocr_carea' id='block_1_98' title="bbox 761 4903 2420 4979">
    <p class='ocr_par' dir='ltr' id='par_1_98' title="bbox 761 4905 2420 4979">
     <span class='ocr_line' id='line_1_98' title="bbox 761 4905 2420 4979; baseline 0.019 -30"><span class='ocrx_word' id='word_1_734' title='bbox 761 4905 884 4951; x_wconf 87' lang='lat' dir='ltr'><strong>tnr:</strong></span> <span class='ocrx_word' id='word_1_735' title='bbox 914 4913 1099 4952; x_wconf 81' lang='lat' dir='ltr'><strong>verum</strong></span> <span class='ocrx_word' id='word_1_736' title='bbox 1130 4912 1360 4972; x_wconf 88' lang='lat' dir='ltr'><strong>utraque</strong></span> <span class='ocrx_word' id='word_1_737' title='bbox 1413 4906 1493 4962; x_wconf 88' lang='lat' dir='ltr'><strong>vis</strong></span> <span class='ocrx_word' id='word_1_738' title='bbox 1525 4910 1693 4979; x_wconf 73' lang='lat' dir='ltr'><strong>legem</strong></span> <span class='ocrx_word' id='word_1_739' title='bbox 1723 4928 1752 4966; x_wconf 90' lang='lat' dir='ltr'><strong>a</strong></span> <span class='ocrx_word' id='word_1_740' title='bbox 1784 4914 2076 4974; x_wconf 90' lang='lat' dir='ltr'><strong>Conditore</strong></span> <span class='ocrx_word' id='word_1_741' title='bbox 2109 4933 2313 4979; x_wconf 65' lang='lat' dir='ltr'><strong>naturae</strong></span> <span class='ocrx_word' id='word_1_742' title='bbox 2409 4914 2420 4975; x_wconf 60' lang='grc' dir='ltr'><strong>έ</strong></span> 
     </span>
    </p>
   </div>
   <div class='ocr_carea' id='block_1_99' title="bbox 2320 4903 3979 4979">
    <p class='ocr_par' dir='ltr' id='par_1_99' title="bbox 2409 4903 3979 4978">
     <span class='ocr_line' id='line_1_99' title="bbox 2409 4903 3979 4978; baseline -0.005 -14"><span class='ocrx_word' id='word_1_743' title='bbox 2409 4913 2520 4976; x_wconf 78' lang='grc' dir='ltr'>ζειν</span> <span class='ocrx_word' id='word_1_744' title='bbox 2560 4907 3020 4978; x_wconf 75' lang='grc' dir='ltr'><strong>ὑπενεχθήσεται·</strong></span> <span class='ocrx_word' id='word_1_745' title='bbox 3057 4903 3191 4957; x_wconf 66' lang='grc' dir='ltr'>ἀλλὰ</span> <span class='ocrx_word' id='word_1_746' title='bbox 3221 4903 3313 4955; x_wconf 82' lang='grc' dir='ltr'><strong>τὸν</strong></span> <span class='ocrx_word' id='word_1_747' title='bbox 3344 4904 3437 4955; x_wconf 74' lang='grc' dir='ltr'><strong>ἀπ’</strong></span> <span class='ocrx_word' id='word_1_748' title='bbox 3467 4903 3641 4974; x_wconf 74' lang='grc' dir='ltr'><strong>ἀρχῆς</strong></span> <span class='ocrx_word' id='word_1_749' title='bbox 3689 4903 3979 4957; x_wconf 68' lang='grc' dir='ltr'><strong>δντιθέντα</strong></span> 
     </span>
    </p>
   </div>
   <div class='ocr_carea' id='block_1_100' title="bbox 757 4981 2416 5096">
    <p class='ocr_par' dir='ltr' id='par_1_100' title="bbox 757 4981 2416 5079">
     <span class='ocr_line' id='line_1_100' title="bbox 757 4981 2416 5079; baseline 0.019 -41"><span class='ocrx_word' id='word_1_750' title='bbox 757 4987 1010 5055; x_wconf 89' lang='lat' dir='ltr'><strong>primitus</strong></span> <span class='ocrx_word' id='word_1_751' title='bbox 1043 4981 1349 5060; x_wconf 86' lang='lat' dir='ltr'><strong>impositam</strong></span> <span class='ocrx_word' id='word_1_752' title='bbox 1382 5010 1607 5055; x_wconf 87' lang='lat' dir='ltr'><strong>servans</strong></span> <span class='ocrx_word' id='word_1_753' title='bbox 1636 5042 1650 5067; x_wconf 92' lang='lat'><strong>,</strong></span> <span class='ocrx_word' id='word_1_754' title='bbox 1695 5004 1823 5058; x_wconf 89' lang='lat' dir='ltr'><strong>dum</strong></span> <span class='ocrx_word' id='word_1_755' title='bbox 1876 5022 1977 5063; x_wconf 82' lang='lat' dir='ltr'><strong>nec</strong></span> <span class='ocrx_word' id='word_1_756' title='bbox 2027 5021 2313 5079; x_wconf 84' lang='lat' dir='ltr'><strong>separatur</strong></span> <span class='ocrx_word' id='word_1_757' title='bbox 2413 5024 2416 5036; x_wconf 90' lang='lat'><em>‘</em></span> 
     </span>
    </p>
   </div>
   <div class='ocr_carea' id='block_1_101' title="bbox 2322 4981 3981 5096">
    <p class='ocr_par' dir='ltr' id='par_1_101' title="bbox 2413 4991 3981 5096">
     <span class='ocr_line' id='line_1_101' title="bbox 2413 4991 3981 5096; baseline -0.006 -42"><span class='ocrx_word' id='word_1_758' title='bbox 2413 5002 2562 5072; x_wconf 63' lang='grc' dir='ltr'><strong>παρὰ</strong></span> <span class='ocrx_word' id='word_1_759' title='bbox 2604 4998 2700 5054; x_wconf 82' lang='grc' dir='ltr'><strong>τοῦ</strong></span> <span class='ocrx_word' id='word_1_760' title='bbox 2742 4993 3085 5068; x_wconf 85' lang='grc' dir='ltr'><strong>Δημιουργοῦ</strong></span> <span class='ocrx_word' id='word_1_761' title='bbox 3139 4995 3204 5064; x_wconf 76' lang='grc' dir='ltr'>τῇ</span> <span class='ocrx_word' id='word_1_762' title='bbox 3250 4992 3407 5096; x_wconf 69' lang='grc' dir='ltr'>φύσει</span> <span class='ocrx_word' id='word_1_763' title='bbox 3464 4993 3628 5096; x_wconf 77' lang='grc' dir='ltr'>νόμον</span> <span class='ocrx_word' id='word_1_764' title='bbox 3666 4991 3981 5096; x_wconf 60' lang='grc' dir='ltr'>διενλασού-</span> 
     </span>
    </p>
   </div>
   <div class='ocr_carea' id='block_1_102' title="bbox 757 5079 2416 5166">
    <p class='ocr_par' dir='ltr' id='par_1_102' title="bbox 757 5079 2416 5161">
     <span class='ocr_line' id='line_1_102' title="bbox 757 5079 2416 5161; baseline 0.02 -33"><span class='ocrx_word' id='word_1_765' title='bbox 757 5079 1065 5144; x_wconf 87' lang='lat' dir='ltr'><strong>processio,</strong></span> <span class='ocrx_word' id='word_1_766' title='bbox 1125 5099 1223 5139; x_wconf 86' lang='lat' dir='ltr'><strong>nec</strong></span> <span class='ocrx_word' id='word_1_767' title='bbox 1257 5094 1497 5142; x_wconf 82' lang='lat' dir='ltr'><strong>mutatur</strong></span> <span class='ocrx_word' id='word_1_768' title='bbox 1548 5095 1802 5160; x_wconf 86' lang='lat' dir='ltr'><strong>essentia,</strong></span> <span class='ocrx_word' id='word_1_769' title='bbox 1856 5096 2196 5156; x_wconf 89' lang='lat' dir='ltr'><strong>immutatam</strong></span> <span class='ocrx_word' id='word_1_770' title='bbox 2255 5113 2312 5159; x_wconf 90' lang='lat' dir='ltr'><strong>et</strong></span> <span class='ocrx_word' id='word_1_771' title='bbox 2414 5148 2416 5161; x_wconf 87' lang='lat'>.</span> 
     </span>
    </p>
   </div>
   <div class='ocr_carea' id='block_1_103' title="bbox 2316 5079 3975 5166">
    <p class='ocr_par' dir='ltr' id='par_1_103' title="bbox 2414 5083 3975 5166">
     <span class='ocr_line' id='line_1_103' title="bbox 2414 5083 3975 5166; baseline -0.006 -19"><span class='ocrx_word' id='word_1_772' title='bbox 2414 5112 2570 5166; x_wconf 85' lang='grc' dir='ltr'>μενα,</span> <span class='ocrx_word' id='word_1_773' title='bbox 2590 5095 2646 5146; x_wconf 75' lang='grc' dir='ltr'><strong>ἐν</strong></span> <span class='ocrx_word' id='word_1_774' title='bbox 2675 5091 2752 5162; x_wconf 82' lang='grc' dir='ltr'><strong>τῷ</strong></span> <span class='ocrx_word' id='word_1_775' title='bbox 2768 5088 3054 5158; x_wconf 66' lang='grc' dir='ltr'><strong>ἀδιαιρέτῳ</strong></span> <span class='ocrx_word' id='word_1_776' title='bbox 3073 5086 3170 5154; x_wconf 79' lang='grc' dir='ltr'>τῆς</span> <span class='ocrx_word' id='word_1_777' title='bbox 3192 5083 3438 5156; x_wconf 85' lang='grc' dir='ltr'>προόδου,</span> <span class='ocrx_word' id='word_1_778' title='bbox 3459 5085 3554 5139; x_wconf 82' lang='grc' dir='ltr'><strong>καὶ</strong></span> <span class='ocrx_word' id='word_1_779' title='bbox 3567 5083 3975 5155; x_wconf 76' lang='grc' dir='ltr'><strong>ἀπαραλλάκτῳ</strong></span> 
     </span>
    </p>
   </div>
   <div class='ocr_carea' id='block_1_104' title="bbox 755 5177 2267 5262">
    <p class='ocr_par' dir='ltr' id='par_1_104' title="bbox 755 5177 2267 5262">
     <span class='ocr_line' id='line_1_104' title="bbox 755 5177 2267 5262; baseline 0.017 -42"><span class='ocrx_word' id='word_1_780' title='bbox 755 5177 1092 5226; x_wconf 83' lang='lat' dir='ltr'><strong>constantem</strong></span> <span class='ocrx_word' id='word_1_781' title='bbox 1123 5177 1615 5235; x_wconf 88' lang='lat' dir='ltr'><strong>nomenclationem</strong></span> <span class='ocrx_word' id='word_1_782' title='bbox 1649 5185 1881 5241; x_wconf 87' lang='lat' dir='ltr'><strong>retinere</strong></span> <span class='ocrx_word' id='word_1_783' title='bbox 1913 5191 2267 5262; x_wconf 89' lang='lat' dir='ltr'><strong>conspicitur.</strong></span> 
     </span>
    </p>
   </div>
   <div class='ocr_carea' id='block_1_105' title="bbox 818 5425 2305 5508">
    <p class='ocr_par' dir='ltr' id='par_1_105' title="bbox 818 5425 2305 5508">
     <span class='ocr_line' id='line_1_105' title="bbox 818 5425 2305 5508; baseline 0.018 -27"><span class='ocrx_word' id='word_1_784' title='bbox 818 5425 976 5495; x_wconf 85' lang='lat' dir='ltr'><strong>Quod</strong></span> <span class='ocrx_word' id='word_1_785' title='bbox 1023 5431 1069 5486; x_wconf 81' lang='lat' dir='ltr'><strong>si</strong></span> <span class='ocrx_word' id='word_1_786' title='bbox 1102 5433 1196 5488; x_wconf 92' lang='lat' dir='ltr'><strong>tibi</strong></span> <span class='ocrx_word' id='word_1_787' title='bbox 1225 5436 1402 5505; x_wconf 89' lang='lat' dir='ltr'><strong>placet</strong></span> <span class='ocrx_word' id='word_1_788' title='bbox 1445 5454 1476 5493; x_wconf 88' lang='lat' dir='ltr'><strong>a</strong></span> <span class='ocrx_word' id='word_1_789' title='bbox 1505 5441 1818 5499; x_wconf 73' lang='lat' dir='ltr'><strong>cmlestibus</strong></span> <span class='ocrx_word' id='word_1_790' title='bbox 1858 5447 1926 5501; x_wconf 90' lang='lat' dir='ltr'><strong>ad</strong></span> <span class='ocrx_word' id='word_1_791' title='bbox 1955 5458 2165 5504; x_wconf 90' lang='lat' dir='ltr'><strong>terrena</strong></span> <span class='ocrx_word' id='word_1_792' title='bbox 2200 5452 2305 5508; x_wconf 91' lang='lat' dir='ltr'><strong>ite-</strong></span> 
     </span>
    </p>
   </div>
   <div class='ocr_carea' id='block_1_106' title="bbox 2408 5173 3978 5253">
    <p class='ocr_par' dir='ltr' id='par_1_106' title="bbox 2408 5173 3978 5253">
     <span class='ocr_line' id='line_1_106' title="bbox 2408 5173 3978 5253; baseline -0.006 -17"><span class='ocrx_word' id='word_1_793' title='bbox 2408 5185 2506 5253; x_wconf 79' lang='grc' dir='ltr'><strong>τῆς</strong></span> <span class='ocrx_word' id='word_1_794' title='bbox 2529 5181 2856 5243; x_wconf 73' lang='grc' dir='ltr'>οὖσιώσεως,</span> <span class='ocrx_word' id='word_1_795' title='bbox 2883 5175 3232 5245; x_wconf 73' lang='grc' dir='ltr'><strong>ἀπαράὄκτόν</strong></span> <span class='ocrx_word' id='word_1_796' title='bbox 3257 5190 3316 5226; x_wconf 80' lang='grc' dir='ltr'>τε</span> <span class='ocrx_word' id='word_1_797' title='bbox 3347 5173 3441 5227; x_wconf 78' lang='grc' dir='ltr'><strong>καὶ</strong></span> <span class='ocrx_word' id='word_1_798' title='bbox 3460 5173 3814 5227; x_wconf 77' lang='grc' dir='ltr'>ἀναλλοίωτον</span> <span class='ocrx_word' id='word_1_799' title='bbox 3843 5175 3978 5227; x_wconf 75' lang='grc' dir='ltr'><strong>ικα-</strong></span> 
     </span>
    </p>
   </div>
   <div class='ocr_carea' id='block_1_107' title="bbox 2413 5265 3974 5346">
    <p class='ocr_par' dir='ltr' id='par_1_107' title="bbox 2413 5265 3974 5346">
     <span class='ocr_line' id='line_1_107' title="bbox 2413 5265 3974 5346; baseline -0.005 -19"><span class='ocrx_word' id='word_1_800' title='bbox 2413 5291 2570 5346; x_wconf 74' lang='grc' dir='ltr'><strong>τερον</strong></span> <span class='ocrx_word' id='word_1_801' title='bbox 2611 5271 2812 5325; x_wconf 83' lang='grc' dir='ltr'>τούτων</span> <span class='ocrx_word' id='word_1_802' title='bbox 2841 5270 2942 5340; x_wconf 76' lang='grc' dir='ltr'>τὴν</span> <span class='ocrx_word' id='word_1_803' title='bbox 2978 5265 3350 5338; x_wconf 82' lang='grc' dir='ltr'><strong>προσηγορίαν</strong></span> <span class='ocrx_word' id='word_1_804' title='bbox 3376 5265 3556 5320; x_wconf 67' lang='grc' dir='ltr'><strong>αότῶν</strong></span> <span class='ocrx_word' id='word_1_805' title='bbox 3581 5265 3814 5337; x_wconf 79' lang='grc' dir='ltr'><strong>ὁρῶνται</strong></span> <span class='ocrx_word' id='word_1_806' title='bbox 3850 5266 3974 5320; x_wconf 83' lang='grc' dir='ltr'><strong>δια-</strong></span> 
     </span>
    </p>
   </div>
   <div class='ocr_carea' id='block_1_108' title="bbox 2415 5366 2768 5435">
    <p class='ocr_par' dir='ltr' id='par_1_108' title="bbox 2415 5366 2768 5435">
     <span class='ocr_line' id='line_1_108' title="bbox 2415 5366 2768 5435; baseline -0.003 -15"><span class='ocrx_word' id='word_1_807' title='bbox 2415 5366 2768 5435; x_wconf 73' lang='grc' dir='ltr'><strong>φυλάττοντα.</strong></span> 
     </span>
    </p>
   </div>
   <div class='ocr_carea' id='block_1_109' title="bbox 2478 5448 3977 5525">
    <p class='ocr_par' dir='ltr' id='par_1_109' title="bbox 2478 5448 3977 5525">
     <span class='ocr_line' id='line_1_109' title="bbox 2478 5448 3977 5525; baseline -0.004 -15"><span class='ocrx_word' id='word_1_808' title='bbox 2478 5457 2539 5511; x_wconf 89' lang='grc' dir='ltr'>Εἰ</span> <span class='ocrx_word' id='word_1_809' title='bbox 2570 5456 2627 5510; x_wconf 71' lang='grc' dir='ltr'><strong>δὲ</strong></span> <span class='ocrx_word' id='word_1_810' title='bbox 2656 5457 2719 5509; x_wconf 84' lang='grc' dir='ltr'>ὲκ</span> <span class='ocrx_word' id='word_1_811' title='bbox 2745 5455 2852 5509; x_wconf 93' lang='grc' dir='ltr'><strong>τῶν</strong></span> <span class='ocrx_word' id='word_1_812' title='bbox 2876 5452 3120 5525; x_wconf 75' lang='grc' dir='ltr'><strong>οὐρανῶν</strong></span> <span class='ocrx_word' id='word_1_813' title='bbox 3152 5451 3311 5507; x_wconf 76' lang='grc' dir='ltr'><strong>πάλιν</strong></span> <span class='ocrx_word' id='word_1_814' title='bbox 3351 5451 3444 5506; x_wconf 63' lang='grc' dir='ltr'><strong>ἰπὶ</strong></span> <span class='ocrx_word' id='word_1_815' title='bbox 3473 5450 3572 5523; x_wconf 77' lang='grc' dir='ltr'><strong>τὴν</strong></span> <span class='ocrx_word' id='word_1_816' title='bbox 3603 5448 3709 5521; x_wconf 80' lang='grc' dir='ltr'><strong>γῆν</strong></span> <span class='ocrx_word' id='word_1_817' title='bbox 3733 5467 3819 5505; x_wconf 82' lang='grc' dir='ltr'><strong>σοι</strong></span> <span class='ocrx_word' id='word_1_818' title='bbox 3844 5465 3977 5505; x_wconf 83' lang='grc' dir='ltr'><strong>κατ-</strong></span> 
     </span>
    </p>
   </div>
   <div class='ocr_carea' id='block_1_110' title="bbox 751 5521 2410 5618">
    <p class='ocr_par' dir='ltr' id='par_1_110' title="bbox 751 5521 2304 5602">
     <span class='ocr_line' id='line_1_110' title="bbox 751 5521 2304 5602; baseline 0.017 -30"><span class='ocrx_word' id='word_1_819' title='bbox 751 5533 869 5574; x_wconf 88' lang='lat' dir='ltr'><strong>rum</strong></span> <span class='ocrx_word' id='word_1_820' title='bbox 913 5521 1241 5581; x_wconf 83' lang='lat' dir='ltr'><strong>descendere</strong></span> <span class='ocrx_word' id='word_1_821' title='bbox 1313 5529 1524 5599; x_wconf 86' lang='lat' dir='ltr'><strong>inspice</strong></span> <span class='ocrx_word' id='word_1_822' title='bbox 1569 5536 1842 5602; x_wconf 89' lang='lat' dir='ltr'><strong>quomodo</strong></span> <span class='ocrx_word' id='word_1_823' title='bbox 1884 5539 2073 5594; x_wconf 90' lang='lat' dir='ltr'><strong>eadem</strong></span> <span class='ocrx_word' id='word_1_824' title='bbox 2161 5543 2304 5600; x_wconf 77' lang='lat' dir='ltr'><strong>lania</strong></span> 
     </span>
    </p>
   </div>
   <div class='ocr_carea' id='block_1_111' title="bbox 2313 5521 3972 5618">
    <p class='ocr_par' dir='ltr' id='par_1_111' title="bbox 2413 5521 3972 5618">
     <span class='ocr_line' id='line_1_111' title="bbox 2413 5521 3972 5618; baseline -0.004 -16"><span class='ocrx_word' id='word_1_825' title='bbox 2413 5549 2547 5602; x_wconf 79' lang='grc' dir='ltr'><strong>ιὲναι</strong></span> <span class='ocrx_word' id='word_1_826' title='bbox 2589 5548 2762 5616; x_wconf 85' lang='grc' dir='ltr'>φίλον,</span> <span class='ocrx_word' id='word_1_827' title='bbox 2787 5548 2910 5618; x_wconf 83' lang='grc' dir='ltr'><strong>δρα,</strong></span> <span class='ocrx_word' id='word_1_828' title='bbox 2935 5521 3010 5610; x_wconf 79' lang='grc' dir='ltr'>ῶς</span> <span class='ocrx_word' id='word_1_829' title='bbox 3039 5545 3101 5599; x_wconf 81' lang='grc' dir='ltr'><strong>τὸ</strong></span> <span class='ocrx_word' id='word_1_830' title='bbox 3131 5542 3262 5598; x_wconf 76' lang='grc' dir='ltr'><strong>αὐτὸ</strong></span> <span class='ocrx_word' id='word_1_831' title='bbox 3290 5542 3456 5614; x_wconf 79' lang='grc' dir='ltr'>φυτὸν</span> <span class='ocrx_word' id='word_1_832' title='bbox 3496 5521 3705 5613; x_wconf 69' lang='grc' dir='ltr'><strong>καρπόν</strong></span> <span class='ocrx_word' id='word_1_833' title='bbox 3745 5557 3828 5608; x_wconf 73' lang='grc' dir='ltr'>τε,</span> <span class='ocrx_word' id='word_1_834' title='bbox 3875 5543 3972 5596; x_wconf 67' lang='grc' dir='ltr'>καλ</span> 
     </span>
    </p>
   </div>
   <div class='ocr_carea' id='block_1_112' title="bbox 2236 5700 2462 5760">
    <p class='ocr_par' dir='ltr' id='par_1_112' title="bbox 2236 5700 2462 5760">
     <span class='ocr_line' id='line_1_112' title="bbox 2236 5700 2462 5760; baseline 0.027 -6"><span class='ocrx_word' id='word_1_835' title='bbox 2236 5700 2462 5760; x_wconf 63' lang='lat' dir='ltr'><strong>NOTAE.</strong></span> 
     </span>
    </p>
   </div>
   <div class='ocr_carea' id='block_1_113' title="bbox 819 5815 2057 5900">
    <p class='ocr_par' dir='ltr' id='par_1_113' title="bbox 819 5815 2057 5900">
     <span class='ocr_line' id='line_1_113' title="bbox 819 5815 2057 5900; baseline 0.015 -31"><span class='ocrx_word' id='word_1_836' title='bbox 819 5815 933 5886; x_wconf 70' lang='lat'><strong>(53)</strong></span> <span class='ocrx_word' id='word_1_837' title='bbox 968 5817 1352 5899; x_wconf 68' lang='grc' dir='ltr'>Οἰκειουμένης</span> <span class='ocrx_word' id='word_1_838' title='bbox 1378 5835 1556 5893; x_wconf 78' lang='lat' dir='ltr'><strong>potius</strong></span> <span class='ocrx_word' id='word_1_839' title='bbox 1584 5842 1778 5886; x_wconf 86' lang='lat' dir='ltr'><strong>sensus</strong></span> <span class='ocrx_word' id='word_1_840' title='bbox 1815 5831 2057 5900; x_wconf 84' lang='lat' dir='ltr'><strong>requirit.</strong></span> 
     </span>
    </p>
   </div>
  </div>
