4202 6442
167 432 271 495 213

1080 446 1180 505 ΑΙ)
1237 447 1836 515 AMPHILOCHIUM
1872 452 2220 525 ουαετιο
2255 455 2474 516 XXIX.

3302 454 3409 521 314

177 546 251 615 τῷ
307 548 571 615 ἐλάττονι,
626 551 739 615 πῶς
768 552 887 623 οὐχὶ
917 552 1095 626 πολλῷ
1120 556 1322 626 μᾶλλον
1351 559 1644 632 ινυπάρξει
1665 562 1724 634 τι]

1846 566 2144 621 criminum
2180 566 2563 623 remissionem
2608 566 2919 640 largiretur.
2974 568 3030 625 ld
3075 569 3220 625 enim
3265 574 3413 641 quod

169 637 374 706 μείζονι
393 657 409 705 ;

236 815 349 870 Kal.
384 818 607 872 οὖδέπού
636 836 699 889 γε
725 820 859 875 διότι
887 822 997 877 τῶν
1042 823 1442 898 βαπτισμάτων
1476 829 1737 905 ἑκάτερον

165 908 227 961 τό
248 926 310 962 τε
351 907 619 976 Ἰωάννου,
656 912 751 967 καὶ
776 913 839 966 τὸ
866 917 1195 970 Δεσποτικδν
1226 919 1423 987 ἄφεσιν
1450 921 1737 992 ἁμαρτιῶν

165 1001 472 1069 ἐχαρίζετο,
506 1002 597 1055 διὰ
622 1004 783 1057 τοῦτο
819 1006 918 1076 τὴν
940 1008 999 1060 εν
1028 1009 1211 1074 αὐτοῖς
1231 1011 1524 1082 ἀγνοητιον
1550 1014 1737 1083 διαφο-

164 1091 292 1160 ράν.
314 1091 453 1147 Οὐδὲ
496 1094 628 1165 γάρ,
658 1096 779 1149 οὐδὲ
820 1098 876 1151 αί
905 1100 1126 1168 νομικαὶ
1148 1100 1354 1169 θυσίαι,
1382 1105 1477 1158 καὶ
1506 1106 1561 1158 αί
1587 1106 1737 1159 τελε-

160 1183 279 1241 ταὶ,
315 1184 409 1233 καὶ
460 1182 529 1235 τὰ
577 1182 948 1255 βαπτίσματα,
976 1189 1114 1242 διότι
1162 1190 1271 1244 τῶν
1325 1192 1737 1263 ἁμαρτημάτων

161 1274 531 1343 ἐχρημάτιζον
586 1276 873 1346 κάθαρσις,
918 1279 1009 1333 διά
1057 1281 1217 1336 τοῦτο
1258 1285 1355 1338 καὶ
1383 1285 1445 1338 τδ
1490 1286 1737 1340 Ἰωάννου

161 1362 336 1431 μηδεν
382 1364 562 1437 αὐτῶν
591 1365 872 1436 διαφέρειν
912 1369 1343 1441 ἀπαιτήσουσιν’
1377 1373 1511 1427 ἀλλά
1548 1373 1739 1446 ὥσπερ

163 1458 192 1509 6
219 1456 534 1527 Πρόδρομος
556 1477 574 1509 ι
608 1457 811 1528 μείζων
838 1462 896 1514 ιν
920 1465 1195 1532 γεννητοῖς
1223 1466 1518 1532 γυναικῶν,
1552 1485 1571 1519 ι
1599 1467 1739 1520 οὕτω

160 1548 224 1598 τὸ
256 1549 540 1619 βάπτισμα
588 1550 749 1604 αὑτοῦ
783 1552 970 1620 μεῖζον
1018 1554 1127 1607 τῶν
1152 1557 1393 1627 νομικῶν
1421 1573 1437 1587 ο
1496 1560 1619 1611 επεὶ
1645 1560 1740 1611 καὶ

157 1638 288 1690 ὅσον
319 1639 451 1707 πρὸς
476 1640 536 1692 τὸ
575 1640 797 1694 ἔλαττον
833 1642 1220 1699 ὑποστέλλεται
1265 1647 1299 1717 ἠ
1327 1648 1480 1717 φωνὴ
1518 1648 1613 1701 τοῦ
1648 1649 1736 1701 λό-

161 1748 288 1798 γου,
317 1734 347 1784 6
385 1733 562 1803 κῆρυξ
605 1732 699 1786 τοῦ
745 1736 1176 1808 κηρυττομένου,
1226 1740 1256 1792 6
1294 1741 1603 1811 πρόδρομος
1639 1743 1738 1811 τῆς

160 1822 458 1890 βασιλικῆς
496 1824 822 1893 παρουσίας.
852 1828 882 1878 6
905 1826 1090 1892 δοῦλος
1116 1829 1211 1883 τοῦ
1239 1830 1522 1896 δεσπότου,
1552 1832 1735 1885 τοσοῦ-

1840 654 2017 712 inerat
2047 656 2270 722 minori,
2289 658 2571 727 quomodo
2593 658 2647 714 in
2674 661 2869 729 majori
2895 661 3064 717 multo
3095 663 3270 732 magis
3301 678 3413 719 nou

1836 748 2186 804 invenietur?

1908 839 2094 910 Neque
2137 856 2267 896 vero
2306 846 2435 911 quia
2475 852 2768 913 utrumque
2818 843 3122 913 baptisma,
3182 845 3413 904 Joannis

1834 930 2044 986 scilieet
2084 940 2139 985 et
2173 930 2398 997 Christi,
2440 934 2741 988 sceleribus
2780 935 3124 990 remittendis
3175 936 3415 1000 valebat.

1840 1031 2124 1090 propterea
2159 1023 2306 1078 nulla
2340 1025 2483 1078 inter
2506 1040 2570 1079 ea
2620 1024 2925 1079 differentia
2976 1028 3136 1081 debet
3168 1030 3413 1095 agnosci.

1834 1112 1951 1167 Non
1986 1112 2130 1166 enim
2159 1121 2213 1166 et
2243 1113 2441 1177 legales
2470 1112 2724 1175 victimae,
2759 1122 2814 1167 et
2855 1114 3217 1176 caremonia,
3251 1116 3415 1169 lotio-

1837 1218 2079 1271 aesque.
2111 1203 2241 1271 quia
2275 1202 2689 1257 mundationem
2736 1205 3005 1258 scelerum
3062 1206 3414 1273 praestabant,

1838 1293 2043 1349 idcirco
2078 1294 2215 1348 nihil
2241 1309 2271 1347 a
2310 1294 2639 1362 baptismate
2679 1294 2907 1348 Joannis
2935 1294 3144 1349 distare
3192 1305 3420 1350 conten-

1836 1384 2010 1437 dent:
2072 1386 2166 1438 sed
2222 1384 2683 1451 quemadmodum
2759 1403 2777 1434 ι
2812 1383 2985 1452 Major
3046 1386 3185 1439 inter
3256 1398 3418 1441 natos

1836 1476 2128 1529 mulierum
2154 1477 2202 1507 “
2240 1493 2259 1525 ι
2309 1486 2429 1529 erat
2460 1475 2810 1541 Praecursor,
2869 1477 2943 1529 ita
2985 1476 3104 1545 ejus
3144 1477 3416 1547 baptisma

1839 1566 2101 1636 legalibus
2138 1566 2533 1632 antecellebat;
2576 1575 2862 1636 propterea
2894 1567 3057 1622 etiam
3085 1577 3291 1636 quanto
3314 1583 3419 1622 vox

1838 1659 2025 1721 verbo,
2060 1657 2385 1726 praedicator
2420 1659 2737 1728 praedicam,
2763 1674 3073 1727 praecursor
3106 1675 3233 1728 rege
3276 1674 3418 1727 prae-

1838 1760 2011 1814 sente,
2042 1760 2097 1805 et
2124 1767 2321 1806 servus
2366 1752 2589 1806 domino
2633 1752 2813 1806 minor
2854 1761 3115 1821 apparet,
3168 1762 3320 1808 tanto
3362 1764 3419 1809 et

1837 1840 2062 1896 Joannis
2094 1842 2385 1911 baptisma,
2403 1842 2615 1897 tametsi
2643 1843 2971 1897 delictorum
3002 1848 3214 1898 veniam
3240 1844 3416 1910 daret,

154 1930 253 1966 τον
279 1914 377 1966 καὶ
404 1913 467 1967 τδ
508 1913 602 1966 τοῦ
640 1916 889 1970 Ἰωάννου
918 1917 1224 1989 βάπτισμα,
1269 1921 1320 1973 εί
1346 1923 1441 1975 καὶ
1464 1922 1724 1993 κάθαρσιν

1833 1932 2063 1987 inferius
2097 1933 2385 2002 reperitur,
2415 1934 2504 1987 ubi
2539 1948 2664 1987 cum
2711 1932 2997 1988 Dominico
3040 1946 3415 2003 comparatur.

152 2007 420 2075 παρεῖχεν
447 2006 751 2076 ἁμαρτιῶν,
771 2009 832 2062 τδ
860 2009 1200 2081 ινδεὲστερον
1222 2014 1360 2083 πρὸς
1378 2012 1440 2065 ab
1463 2014 1737 2086 Σωτήρων

150 2098 515 2167 ἀποφέρεται.
574 2099 890 2169 Πρόδρομός
925 2100 1075 2156 εστιν
1104 2103 1310 2166 ἑκείνος
1337 2104 1430 2157 τοῦ
1475 2104 1738 2174 βασιλέως

152 2189 399 2253 πάντων,
430 2192 523 2243 καὶ
552 2190 651 2256 τῆς
689 2192 876 2261 κοινῆς
907 2194 1184 2263 σωτηρίας
1210 2195 1409 2266 κῆρυξ,
1436 2198 1531 2251 καὶ
1555 2198 1735 2269 τίμιος

150 2280 181 2330 6
224 2277 394 2349 ἀνὴρ,
454 2280 548 2332 καὶ
592 2297 611 2331 ε
654 2279 857 2349 μείζων
911 2284 969 2335 ἐν
1021 2287 1301 2353 γεννητοῖς
1359 2287 1669 2354 γυναικῶν·
1708 2305 1728 2340 ι

151 2368 465 2439 πρόδρομδς
510 2371 631 2423 ἑστι
666 2372 761 2425 καὶ
796 2371 857 2425 τὸ
888 2371 1171 2444 βάπτισμα
1203 2375 1370 2429 αὑτοῦ
1411 2376 1507 2430 τοῦ
1551 2378 1733 2449 Σωτη-

151 2459 275 2527 ρίου
317 2460 413 2512 καὶ
458 2462 801 2528 παγκοσμίου
845 2461 1218 2533 βαπτίσματος
1244 2482 1260 2495 ·
1325 2468 1421 2520 καὶ
1456 2469 1565 2521 τῶν
1589 2471 1731 2538 φθα-

150 2550 371 2602 σάντων
409 2551 509 2619 μὲν
562 2551 937 2623 ὲντελέστερον
956 2590 972 2617 ,
1007 2554 1187 2626 πολλῷ
1214 2556 1273 2609 δὲ
1323 2557 1416 2610 τοῦ
1450 2559 1733 2628 μέλλοντος

146 2639 497 2711 ἐνδεέστερον
514 2656 531 2671 ·
558 2642 651 2694 καὶ
672 2641 933 2714 καθαῖρον
957 2646 1054 2714 μὲν
1081 2646 1355 2717 ἁμαρτίας
1377 2648 1575 2718 μᾶλλον
1592 2651 1728 2721 (56),

145 2731 298 2801 ᾗπερ
329 2734 360 2784 6
379 2732 585 2802 .ν6μος,
614 2733 715 2786 οὐκ
752 2736 812 2787 εν
838 2736 974 2805 πυρὶ
1021 2736 1079 2790 δὲ
1148 2740 1243 2791 καὶ
1272 2740 1568 2810 Πνεῦματι,
1594 2742 1731 2813 ὅπερ

144 2824 181 2891 η
222 2822 501 2894 τελειότης
530 2840 546 2855 ·
599 2826 699 2896 τῆς
726 2827 1064 2899 Δεσποτικῆς
1108 2830 1217 2901 γάρ
1249 2831 1365 2884 εστι
1415 2833 1591 2903 μόνης
1636 2836 1731 2888 καὶ

144 2913 489 2983 ἱερουργίας,
526 2915 618 2967 καὶ
644 2915 1088 2987 φιλανθρωπίας,
1138 2920 1233 2973 καὶ
1264 2920 1383 2993 Θεῷ
1412 2925 1730 2997 πρεπούσης

137 3004 436 3073 δυνάμεως
463 3004 620 3059 τοῦτο
645 3006 816 3077 δῶρον
874 3010 971 3062 καὶ
995 3011 1264 3082 χάρισμα.

222 3092 387 3146 ἐπεὶ
414 3093 509 3148 οὖν
537 3096 645 3148 τῶν
675 3096 1024 3167 ὑψηλοτέρων
1050 3100 1253 3155 τούτων
1281 3102 1435 3156 οὑδᾶν
1475 3122 1583 3176 περ
1612 3107 1729 3160 εστὶ

136 3185 250 3255 τῆς
287 3185 388 3239 τοῦ
434 3186 682 3242 Ἰωάννου
726 3189 868 3243 κατά
903 3192 964 3244 τὸ
1004 3191 1288 3262 βάπτισμα
1346 3196 1590 3267 τελετῆς,
1639 3198 1729 3251 διά

1840 2022 1929 2078 llle
1955 2031 2038 2078 est
2068 2024 2223 2092 regis
2242 2025 2487 2078 omnium
2519 2023 2852 2089 Praecursor,
2877 2039 3297 2095 communisque
3329 2042 3418 2081 sa-

1836 2115 1965 2168 lutis
1998 2114 2340 2183 pradicator,
2373 2116 2563 2185 virque
2586 2116 2794 2171 honore
2831 2116 3054 2187 dignus,
3090 2126 3143 2172 et
3186 2136 3205 2169 ι
3234 2116 3412 2188 Major

1837 2206 1980 2262 inter
2036 2217 2195 2262 natos
2252 2208 2585 2274 mulierum;
2628 2227 2646 2259 ι
2703 2207 3021 2265 Pmcursor
3075 2218 3160 2265 est
3211 2212 3417 2280 pariter

1833 2298 1955 2365 ejus
1980 2298 2283 2367 baptismus
2326 2298 2617 2364 Dominici,
2656 2310 2711 2353 et
2739 2301 3075 2356 universalis
3113 2301 3416 2371 baptisma-

1836 2391 1943 2451 tis,
1993 2399 2155 2459 atque
2202 2391 2463 2445 omnibus
2510 2392 2726 2459 quidem
2790 2392 2987 2462 priscis
3040 2393 3413 2450 ablutionibus

1832 2479 2123 2549 perfectior
2150 2498 2164 2535 :
2192 2480 2532 2536 instituendo
2562 2490 2744 2535 autem
2771 2482 3046 2551 baptismo
3080 2484 3241 2553 longo
3276 2485 3415 2540 infc-

1834 2572 1948 2627 rior
1975 2573 2289 2637 intervallo;
2322 2574 2621 2642 culpasque
2657 2573 2832 2643 magis
2874 2590 3037 2644 quam
3070 2575 3271 2646 scripta
3304 2577 3409 2641 lex,

1830 2661 2184 2726 emundabat,
2240 2678 2347 2717 non
2397 2673 2576 2717 tamen
2607 2664 2659 2717 iu
2692 2666 2814 2734 igne
2854 2675 2910 2718 ct
2956 2664 3159 2734 Spiritu
3197 2675 3409 2730 sancto,

1831 2754 1973 2824 quod
2005 2754 2395 2823 perfectioan
2429 2756 2796 2810 constituebat
2824 2772 2838 2808 :
2878 2757 3045 2811 unius
3079 2758 3281 2828 quippe
3307 2758 3412 2814 Do-

1831 2845 2047 2901 minicae
2096 2847 2465 2915 operationis.
2519 2857 2575 2901 et
2603 2848 2909 2902 clementiae
2930 2888 2946 2912 ,
3003 2858 3058 2903 et
3090 2850 3198 2905 Deo
3231 2852 3411 2923 digna:

1829 2937 2051 2992 virtutis
2076 2947 2157 2992 est
2186 2937 2288 2991 hoc
2326 2936 2532 2991 donum
2586 2945 2750 3009 atque
2783 2939 3081 2993 charisma.

1900 3112 2087 3182 Itaque
2146 3126 2270 3165 cum
2332 3111 2481 3165 nulla
2516 3111 2712 3165 harum
2745 3112 3127 3168 sublimiorunt
3159 3116 3405 3185 proprie-

1830 3212 1999 3257 tatum
2056 3203 2110 3255 itt
2165 3202 2508 3271 baptismatis
2557 3200 2784 3258 Joannis
2837 3206 3161 3260 cmrcmonia
3226 3207 3403 3262 locum

132 3276 304 3329 τοῦτο
330 3278 425 3330 καί
454 3295 600 3341 τινες
627 3279 737 3331 τῶν
766 3280 930 3350 ἱερῶν
954 3282 1110 3350 ἡμῶν
1138 3284 1395 3355 Πατίρων
1415 3286 1724 3359 mappam

1834 3293 2059 3357 habeat,
2115 3293 2236 3347 ideo
2290 3295 2455 3347 etiam
2507 3294 2754 3349 nonnulli
2808 3304 3124 3350 sanctorum
3179 3295 3401 3351 Patrum

134 3370 344 3435 ἄφεσιν
374 3370 657 3442 ἁμαρτιῶν
702 3373 879 3427 εἰπεῖν
912 3376 988 3446 μὴ
1028 3378 1289 3447 παρέχειν
1347 3379 1501 3434 αὑτό.
1546 3380 1721 3435 Πολλά

133 3463 253 3534 γάρ
282 3463 387 3533 τῆς
417 3465 636 3534 χάριτος
677 3466 771 3519 τοῦ
804 3470 947 3522 κατὰ
974 3469 1037 3522 τὸ
1058 3470 1333 3541 Σωτήριον
1368 3474 1720 3528 ἀπολείπεται

135 3555 453 3624 βάπτισμα.
499 3557 598 3609 καὶ
650 3556 759 3611 ἀπὺ
802 3559 905 3628 τῆς
940 3559 1076 3631 πρὸς
1121 3561 1298 3616 ἐκεῖνο
1350 3566 1717 3637 συγκρίσεως.

131 3646 271 3698 ἐπεὶ
298 3647 403 3716 τῆς
455 3646 577 3717 ἴσης
613 3647 820 3717 δωρεᾶς
860 3652 1207 3723 ἀπεκρίνετο,
1247 3655 1341 3707 καὶ
1390 3655 1490 3722 τῆς
1528 3656 1721 3726 ὁμοίας

128 3735 241 3787 οὐκ
267 3731 339 3805 ἦν
366 3737 629 3806 χορηγίας
649 3738 947 3808 οὐδαμόθεν
972 3742 1314 3813 καθάρσεως.
1354 3744 1594 3811 Εἰκότως
1622 3746 1719 3803 οὖν

126 3825 262 3879 οὐδὲ
296 3825 399 3896 τὴν
436 3826 632 3895 ἄφεσιν
686 3828 836 3899 αὑτῷ
872 3830 983 3885 τῶν
1030 3831 1449 3904 ἁμαρτημάτων
1497 3838 1717 3892 ἀπελεί-

128 3930 335 3969 ποντο.
371 3915 478 3969 τοῦ
524 3916 634 3989 γάρ
694 3921 961 3991 μακαρίου
1016 3923 1250 3993 Μάρκου
1298 3926 1567 3996 λεγοντος,
1622 3930 1719 3983 καὶ

122 4007 229 4060 τοῦ
268 4006 627 4078 ἱεροκήρυκος
657 4011 840 4065 Δουκά
856 4013 1182 4085 συνᾴδοντος
1211 4016 1407 4087 ἀφεσιν
1430 4020 1718 4093 ἁμαρτιῶν

124 4094 283 4151 εἶναι
333 4102 669 4169 παρεκτικδν
713 4103 775 4155 τὸ
812 4102 1061 4158 Ἰωάννου
1119 4106 1425 4180 βάπτισμα,
1480 4111 1601 4174 πιῖις
1645 4113 1716 4181 (εί

123 4191 263 4245 κατ’
282 4192 459 4259 ἀλλον,
482 4193 602 4246 τινά
626 4195 850 4265 τρόπον,
879 4197 1015 4251 ἀλλά
1039 4198 1135 4269 μὴ,
1184 4200 1243 4254 δν
1268 4204 1301 4273 ἡ
1334 4202 1618 4272 σύγκρισις
1654 4206 1716 4261 τὸ

121 4287 311 4356 τραχὺ
369 4286 468 4354 τῆς
524 4287 832 4353 ἀντιλογίας
879 4290 1287 4362 διαπραΰνουσα
1327 4298 1713 4369 παραδέχεται)

125 4379 235 4430 οὐκ
284 4378 358 4431 ἂν
390 4378 678 4442 αὐθαδείας
718 4377 1028 4455 ὑπαίτιονῇ
1078 4385 1139 4436 τδ
1171 4383 1247 4454 μὴ
1279 4386 1541 4458 παρέχειν
1584 4389 1716 4443 αὐτδ

122 4468 411 4539 κάθαρσιν
461 4470 569 4522 τῶν
618 4472 1033 4541 ἁμαρτημάτων
1085 4475 1539 4548 διισχυρίζεσθαι,
1572 4480 1709 4536 ἀλλά

120 4562 222 4613 καὶ
254 4562 371 4613 τῶν
395 4562 633 4632 νομικῶν
665 4564 787 4617 κατ’
805 4566 938 4620 αὐτό
961 4584 1023 4634 γε
1052 4567 1212 4623 τοῦτο
1240 4570 1375 4623 πολῦ
1414 4571 1712 4644 διελέγχειν

117 4652 518 4724 εὐτελέστερον
539 4672 554 4720 ;

189 4920 333 4981 Τοῖς
360 4920 415 4972 δὲ
452 4920 659 4985 γένοιτο
690 4922 821 4989 ἴσως
850 4943 1140 4999 καταφυγη
1172 4930 1266 4983 καὶ
1290 4930 1351 4985 τδ
1388 4930 1486 4986 τοῦ
1516 4931 1704 4989 θεοσο-

111 5028 223 5077 φου
266 5011 457 5063 Λουκᾱ
483 5012 643 5082 ῥητὸν
665 5012 753 5067 διά
785 5013 877 5067 τοῦ
908 5017 1182 5087 μακαρίου
1215 5019 1445 5090 Μάρκου
1480 5020 1708 5094 εεευμε-

1824 3392 2137 3437 nostrorum
2178 3399 2274 3453 per
2302 3399 2422 3437 eant
2454 3400 2565 3440 non
2605 3385 2804 3440 remitti
2838 3396 3062 3455 peccata
3093 3402 3407 3443 asseverare

1823 3475 1943 3529 ausi
1973 3484 2122 3529 sunt.
2157 3476 2213 3528 ln
2256 3476 2444 3530 multis
2491 3476 2636 3530 enim
2673 3492 2702 3531 a
2743 3478 2915 3547 gratia
2942 3516 2960 3543 ,
2996 3494 3159 3548 quam
3198 3478 3402 3534 Christi

1823 3564 2093 3633 baptisma
2116 3564 2349 3629 confert,
2373 3577 2424 3621 et
2454 3581 2485 3621 a
2509 3566 2771 3638 dignitate
2786 3584 2912 3623 cum
2942 3570 3061 3637 ipso
3083 3579 3399 3639 comparata

1820 3654 2037 3719 delicit;
2068 3656 2335 3723 siquidem
2374 3656 2427 3710 in
2461 3659 2707 3713 heneticii
2763 3659 2997 3728 paritate
3028 3660 3403 3732 distingueba-

1824 3755 1933 3806 tur,
1963 3744 2263 3815 eademque
2285 3747 2695 3803 emundatinnis
2724 3750 2881 3820 copia
2913 3765 3259 3820 nequaquam
3289 3751 3405 3820 pol-

1821 3836 1964 3891 lebat
1998 3855 2011 3890 :
2047 3837 2192 3891 unde
2225 3837 2464 3893 fortasse
2499 3853 2567 3893 ne
2595 3840 2979 3895 remissionem
3010 3840 3229 3911 quidem
3274 3857 3399 3910 pec-

1818 3936 2065 3983 catorum
2096 3928 2199 3999 ipsi
2234 3930 2589 4001 reliquerunt.
2648 3932 2939 3987 Enimvero
3016 3949 3141 3988 cum
3208 3933 3400 3990 beatus

1818 4018 2036 4076 Marcus
2069 4029 2341 4085 testetttr,
2376 4032 2431 4078 et
2476 4039 2645 4080 sacra!
2685 4041 2863 4094 prmco
2913 4026 3175 4081 doctrinm
3220 4026 3401 4083 Lucas

1818 4113 2160 4177 consentiat,
2228 4115 2372 4183 quod
2442 4113 2670 4171 Joannis
2752 4116 3024 4185 baptisma
3099 4120 3399 4173 remitteret

1819 4209 2041 4273 peccata
2076 4220 2090 4257 :
2124 4205 2405 4273 quomodo
2455 4206 2541 4276 (si
2595 4206 2790 4275 quovis
2841 4206 2949 4261 alio
2988 4217 3146 4275 pacto
3196 4222 3284 4262 res
3339 4223 3400 4262 sc

1819 4291 2035 4358 habeat,
2071 4309 2235 4364 quam
2292 4296 2421 4356 isto,
2457 4310 2568 4365 quo
2599 4298 2791 4351 nostra
2821 4294 3201 4364 interpretatio
3254 4296 3397 4351 sale-

1816 4384 2039 4440 brosam
2063 4386 2555 4441 contradictionem
2583 4385 2881 4449 imminuit,
2914 4395 2969 4440 et
2998 4386 3391 4441 admissibilem

1817 4473 2026 4543 reddit)
2075 4490 2186 4529 non
2242 4485 2389 4530 esset
2419 4476 2739 4531 temeritatis
2774 4484 2899 4529 nota
2941 4475 3267 4537 inurendus,
3298 4475 3391 4545 qui

1817 4564 2198 4621 remissionem
2262 4576 2610 4635 peccatorum
2671 4565 2899 4621 Joannis
2953 4566 3220 4636 baptisma
3282 4582 3393 4620 non

1740 4637 1793 4697 θ
1817 4660 2056 4714 tribuere
2086 4660 2459 4721 contenderet.
2498 4660 2625 4713 illttd
2658 4670 2837 4713 tamen
2871 4660 2971 4713 hac
3001 4660 3118 4729 ipsa
3173 4674 3393 4728 quoque

1820 4749 1874 4803 in
1910 4765 1966 4803 re
1995 4749 2192 4804 veteris
2223 4749 2356 4819 lcgis
2387 4750 2730 4805 caremoniis
2752 4751 2951 4803 mirum
2973 4760 3237 4819 quantum
3268 4765 3395 4821 per-

1818 4839 2011 4897 fectius
2042 4842 2201 4895 vellet
2235 4841 2505 4912 arguere?

1888 4932 1985 4988 His
2032 4942 2211 4988 autem
2262 4930 2517 4989 Patribus
2567 4933 2870 5006 perfugium
2920 4932 3157 4987 fortasse
3204 4943 3391 5002 patere

1816 5027 2048 5095 poterit,
2095 5034 2148 5079 et
2198 5024 2463 5081 divinitus
2508 5025 2687 5080 edocti
2722 5023 2884 5079 Lucae
2929 5025 3209 5078 oraculum
3262 5040 3387 5078 cum

110 5100 399 5165 νίζεσθαι,
438 5103 533 5156 καὶ
575 5103 673 5174 τὴν
726 5107 862 5175 πρὸς
888 5108 1095 5171 αὐτοὺς.
1115 5108 1381 5165 δοκοῦσαν
1410 5112 1706 5183 διαφωνίαν

1826 5123 1971 5174 beato
2007 5115 2189 5171 Marco
2213 5117 2522 5179 conciliare,
2538 5124 2593 5171 et
2612 5126 2957 5186 apparentem
2988 5116 3127 5169 inter
3150 5129 3247 5170 eos
3267 5115 3385 5169 dis-

106 5194 132 5244 ι
142 5211 210 5245 κτ
221 5193 288 5263 pl
300 5194 518 5247 πεσθαι.
529 5195 602 5247 Τδ
613 5196 742 5265 γάρ,
755 5217 771 5248 ι
800 5198 1107 5271 Κηρύσσων
1120 5202 1402 5275 βάπτισμα
1417 5208 1706 5275 μετανοίας

1826 5210 2117 5265 tensionem
2143 5208 2425 5264 declinare
2445 5208 2651 5263 licebit.
2688 5207 2951 5262 Poterunt
2972 5207 3117 5261 enim
3150 5207 3387 5261 allirma-

105 5286 191 5345 είς
256 5284 460 5350 ἄφεσιν
509 5286 828 5355 ἁμαρτιῶν,
880 5309 899 5341 ν
952 5293 1073 5362 οὐχὶ
1134 5293 1194 5346 τὸ
1237 5294 1707 5369 αὑτουργοὺμενον

1826 5317 1890 5365 ιο,
1921 5301 2064 5371 quod
2090 5301 2270 5357 verbis
2306 5318 2325 5352 ι
2358 5301 2661 5371 praedicans
2688 5300 3016 5370 baptismum
3048 5299 3385 5369 paenitentia:

105 5374 435 5461 βάπτισμα
458 5373 608 5461 παρά
632 5373 727 5427 τοῦ
759 5377 1073 5451 Προδρόμου
1100 5381 1307 5436 εἴποιεν
1337 5386 1404 5439 ἀν
1446 5390 1698 5461 παραδη-

103 5461 243 5513 tio-3v
272 5475 290 5491 ο
322 5459 441 5513 ἀλλ’
470 5456 678 5518 ἑκείνου
694 5464 790 5518 τοῦ
821 5465 1194 5540 βαπτίσματος
1219 5467 1359 5528 εἶναι
1414 5456 1698 5545 παραστα-

1809 5392 1864 5447 in
1903 5391 2277 5447 remissionem
2302 5402 2706 5461 peccatorum,»
2736 5405 3080 5461 nequaquam
3114 5390 3381 5459 baptisma

1807 5499 1837 5537 a
1870 5484 2212 5540 Pracursore
2243 5482 2685 5538 administratum
2714 5482 3069 5552 significetur,
3102 5481 3196 5535 sed
3246 5480 3378 5534 illud

106 5554 289 5646 τεκδν-
307 5546 377 5646 οὗ
413 5552 588 5623 κῆρυξ
619 5557 649 5608 6
690 5548 946 5630 Ἰωάννης
977 5562 1304 5621 ἀπέσταλτο.
1344 5568 1451 5622 Καὶ
1472 5570 1581 5643 γάρ
1611 5572 1703 5626 τὸν

1826 5576 2164 5633 bortendatur
2196 5616 2213 5643 ,
2266 5592 2354 5633 cut
2404 5546 2932 5646 pmdicaudo-ipse
2994 5575 3196 5628 missus
3238 5580 3377 5627 erat.

182 5647 233 5678 ³⁸
270 5640 466 5701 Matth.
501 5662 576 5708 st.
612 5648 697 5703 ll.

177 5828 309 5898 (56)
360 5826 474 5884 lloc
515 5829 829 5888 adverbium
872 5852 1032 5891 sensu
1073 5838 1379 5908 postulante
1422 5748 2010 5915 ευρρὲειξέῗιῖηξίιιυνί.
