4202 6442
774 411 882 477 215

1917 416 2178 478 ΡΗΟἸἫ
2220 417 2721 481 PATBIARCHE
2757 420 2865 482 CP.

3913 425 4022 491 216

777 524 989 580 Etenim
1024 534 1271 580 sanctum
1313 522 1550 580 Marcum
1576 525 1646 581 de
1671 526 1898 583 Joannis
1921 530 2140 599 quidem
2169 531 2344 600 bapti-

2472 535 2588 603 ερδν
2631 528 2859 605 Μάρκον
2906 535 3038 603 περὶ
3083 535 3183 606 μιν
3216 537 3426 599 ἐκείνου
3460 539 3665 607 λέγειν,
3700 560 3718 593 ι
3772 541 4023 610 Ἐγένετο

777 623 952 672 amate
986 614 1040 668 bi
1068 614 1272 670 dixisse
1300 615 1569 686 inquient,
1593 635 1613 668 ε
1642 617 1767 672 Fuit
1796 615 2035 676 Joannes
2060 621 2343 690 baptizatus

777 706 835 762 in
867 707 1114 771 deserto;
1143 725 1163 757 ι
1221 706 1275 759 in
1305 707 1485 784 verbis
1541 719 1723 763 autem
1761 729 1780 761 ε
1802 709 2110 766 Ρηοιιίοειιε
2172 714 2347 782 bapti—

773 812 955 853 smum
1007 798 1336 866 paenitentia
1381 798 1436 851 in
1497 799 1876 854 remissionem
1934 812 2283 870 peccatorum
2322 821 2342 855 ι

778 888 1159 958 Redemptoris
1181 888 1448 958 putabunt
1480 891 1765 946 nuntiasse
1794 893 2146 961 baptismum.
2172 897 2349 964 Atque

780 980 856 1034 ita
896 983 1138 1048 profecto
1192 979 1432 1034 dixerint
1487 981 1706 1036 beatum
1758 981 2005 1039 Marcum
2061 995 2351 1054 utrumque

781 1071 1097 1127 distinxisse
1123 1073 1418 1140 baptisma,
1449 1072 1740 1142 ipsumque
1774 1075 1958 1129 testari
1999 1075 2129 1129 illud
2161 1079 2353 1130 remis-

783 1164 992 1217 sionem
1041 1172 1387 1231 peccatorum
1421 1177 1530 1217 non
1563 1165 1824 1233 prebere,
1853 1180 2035 1233 neque
2083 1181 2204 1220 eam
2253 1180 2352 1220 suo

783 1254 1098 1325 baptismati
1141 1253 1313 1309 fuisse
1353 1269 1383 1309 a
1416 1253 1628 1310 Joanne
1680 1256 1998 1310 attributam
2033 1274 2049 1310 :
2081 1256 2353 1326 siquidem

783 1350 1070 1412 propterea
1100 1340 1366 1396 Joannem
1401 1343 1697 1412 opinantur
1721 1345 2011 1413 ingenuam
2038 1343 2185 1397 illam
2219 1343 2354 1398 Deo-

783 1449 892 1502 que
913 1433 1455 1502 obsequentissimam
1480 1433 1806 1488 serrtentiam
1839 1434 2128 1504 protulisse
2154 1453 2168 1488 :
2198 1453 2216 1485 ε
2245 1436 2356 1503 Ego

785 1524 1006 1594 quidem
1029 1523 1296 1593 baptizavi
1318 1539 1415 1578 vos
1438 1525 1492 1578 in
1516 1540 1679 1593 aqua,
1710 1525 1826 1595 ipse
1854 1532 2037 1580 autem
2065 1527 2361 1596 baptizabit

787 1629 885 1669 vos
918 1614 970 1668 in
1008 1613 1213 1682 Spiritu
1246 1624 1439 1672 sancto
1470 1615 1537 1669 ³⁸.
1569 1633 1590 1666 ι

857 1703 1013 1771 Quod
1037 1704 1082 1759 si
1105 1703 1319 1759 Marcus
1337 1705 1724 1773 baptismatum
1742 1705 2148 1762 distinctionem
2173 1715 2360 1776 aperte

788 1809 890 1850 nos
939 1795 1162 1860 docuit,
1229 1797 1358 1851 dum
1423 1797 1737 1865 baptismati
1775 1799 1997 1868 quidem
2049 1799 2357 1857 Servatoris

2463 625 2709 696 Ἰωάννης
2733 626 3008 694 βαπτίζων
3037 629 3095 682 tv
3121 632 3187 700 τῇ
3230 631 3422 701 ἐρήμῳ
3443 647 3460 664 ο
3495 652 3514 684 ι
3547 632 3607 684 ὲν
3630 631 3687 685 δὲ
3715 633 3816 702 τῷ,
3855 654 3875 686 ε
3907 635 4025 704 Κηο

2455 715 2669 785 ρύσσων
2701 718 2985 789 βάπτισμα
3010 721 3298 789 μετανοίας
3324 723 3404 784 είς
3434 724 3629 790 ἄφεσιν
3650 724 3964 793 ἁμαρτιῶν,
4001 744 4020 775 ι

2450 807 2512 859 τὸ
2559 808 2830 879 Σωτήρων
2884 808 3281 880 ἀνακηρύττειν
3331 811 3638 882 βάπτισμα.
3698 814 3808 866 Καὶ
3881 813 4028 866 οὕτω

2456 901 2612 965 φαῖεν
2639 899 2706 953 ἂν
2733 900 2826 953 τδν
2857 901 3129 973 μακάριον
3163 901 3395 972 Μάρκον
3411 904 3669 974 ἑκάτερον
3691 904 3800 958 τῶν
3825 905 4028 974 βαπτι-

2456 991 2678 1058 σμάτων
2705 991 3109 1045 διαστείλασθαι
3141 995 3689 1065 ἐπιμαρτυρούμενον
3725 996 3799 1066 μὴ
3831 996 4030 1065 ἄφεσιν

2455 1083 2743 1153 ἁμαρτιῶν
2776 1083 3063 1154 παρέχειν,
3094 1083 3217 1154 μηδ’
3243 1085 3406 1138 αὐτὸν
3445 1086 3723 1153 ὁμολογεῖν
3746 1086 3808 1139 τδ
3831 1086 4031 1156 psm-

2460 1191 2573 1244 σμα
2600 1177 2974 1246 παρεχόμενον
3003 1192 3018 1207 ο
3054 1176 3142 1230 διά
3177 1175 3335 1230 τοῦτο
3359 1181 3467 1248 γάρ
3505 1180 3598 1231 καὶ
3619 1179 3900 1250 είρηκέναι
3937 1198 4029 1248 φι-

2457 1264 2677 1332 λαλήθει
2739 1283 2797 1318 τε
2835 1267 2931 1320 καὶ
2970 1265 3364 1340 θεοσεδεστάτῃ
3395 1269 3625 1341 γνώμῃ·
3672 1288 3691 1320 ε
3735 1270 3878 1337 ἐγὼ
3935 1272 4033 1340 μὲν

2461 1356 2732 1409 ὲδάπτισα
2762 1357 2906 1427 ὑμᾶς
2930 1359 2989 1411 ἐν
3029 1357 3203 1424 ὕδατι,
3247 1359 3408 1423 αὐτὸς
3431 1359 3485 1413 δὲ
3519 1358 3770 1430 βαπτίσει
3794 1362 3943 1433 ὑμᾶς
3977 1363 4035 1414 ἐν

2464 1448 2738 1517 Πνεύματι
2763 1448 2923 1519 ἁγίῳ.
2964 1466 2984 1500 ι

2538 1708 2600 1760 El
2633 1706 2678 1760 δ’
2727 1709 2758 1761 ὀ
2786 1707 3015 1776 Μαρκος
3065 1705 3251 1776 σαφῶς
3297 1707 3446 1777 ἡμᾶς
3487 1706 3586 1776 τὴν
3614 1706 3900 1776 διαστολὴν
3929 1707 4042 1762 τῶν

2468 1795 2861 1866 βαπτισμάτων
2881 1791 3179 1862 ἀδιδάξατο,
3213 1794 3293 1866 τῷ
3326 1794 3642 1864 Δεσποτικῷ
3691 1795 3793 1864 μὲν
3837 1794 4041 1864 βαπτίο

787 1884 1036 1949 ascribit,
1058 1885 1199 1953 quod
1225 1893 1446 1952 peccata
1477 1886 1778 1942 dimitteret
1798 1927 1813 1950 ,
1844 1897 1900 1942 et
1927 1887 2133 1958 Spiritu
2168 1899 2358 1943 sancto

2472 1904 2628 1955 τματι
2687 1886 2786 1958 τὴν
2833 1886 2944 1939 τῶν
2994 1883 3280 1955 ἁμαρτιῶν
3314 1885 3606 1954 ἀπονέμων
3656 1887 3850 1954 ἄφεσιν
3871 1923 3889 1948 ,
3942 1888 4039 1939 καὶ

790 1975 1189 2039 conficeretur;
1222 1973 1452 2029 Joannis
1488 1985 1693 2038 autem.
1726 1979 1872 2047 quod
1910 1993 2053 2048 aqua
2091 1981 2263 2043 fieret,
2305 1987 2362 2033 et

788 2063 1061 2134 baptisma
1121 2074 1576 2134 nuncuparetur:
1615 2067 1965 2134 perspicuum
2018 2075 2102 2122 est
2157 2066 2360 2121 Lucam

792 2170 1013 2225 quoque
1035 2169 1161 2208 cum
1195 2155 1346 2208 socio
1380 2154 1692 2226 Evangelii,
1723 2157 2072 2225 historiaque
2100 2157 2364 2227 scriptore

790 2245 1206 2300 consensionem
1245 2261 1500 2309 servare,
1557 2256 1614 2301 et
1659 2249 1741 2302 sic
1773 2250 1936 2302 etiam
1983 2248 2362 2302 iutemeratam

792 2339 1038 2392 veritatis
1071 2337 1452 2391 auctoritatem
1489 2339 1765 2391 custodire
1793 2357 1806 2392 :
1836 2338 2092 2408 quodque
2122 2338 2210 2391 ille
2234 2353 2362 2391 nar.

791 2436 876 2480 rat
904 2444 918 2480 :
956 2445 976 2479 ι
1004 2427 1070 2482 Et
1100 2426 1246 2480 venit
1278 2428 1331 2481 iu
1365 2441 1584 2480 omnem
1626 2427 1901 2495 regionem
1929 2427 2189 2482 .lordanis
2226 2443 2363 2496 prae-

792 2516 984 2571 dicans
1021 2515 1347 2583 baptismum
1379 2516 1711 2585 paenitentiae
1743 2516 1795 2569 in
1825 2516 2204 2570 remissionem
2239 2533 2365 2585 pec-

795 2613 1044 2657 catorum
1069 2603 1136 2666 ³¹,
1163 2621 1182 2654 ι
1217 2603 1620 2670 intelligendum
1660 2619 1780 2658 esse
1823 2605 2140 2674 neutiquam
2171 2605 2238 2660 de
2273 2607 2367 2660 illo

795 2693 1141 2762 baptismate,
1172 2693 1320 2762 quod
1369 2709 1567 2747 manus
1613 2693 1980 2750 Praecursoris
2017 2697 2370 2750 administra—

797 2782 948 2844 bant,
980 2782 1072 2835 sed
1103 2782 1169 2834 de
1191 2795 1276 2843 eo,
1303 2783 1447 2848 quod
1480 2780 1729 2836 Salvator
1785 2799 1849 2839 ac
1881 2782 2146 2839 Dominus
2185 2797 2370 2840 noster

797 2870 1158 2932 instituebat,
1216 2870 1470 2937 quodque
1527 2871 1725 2924 anima:
1780 2873 2009 2926 maculis
2067 2873 2370 2941 baptizatos

799 2978 992 3017 omnes
1025 2961 1375 3017 emuudabat.
1412 2961 1700 3018 Enimvero
1724 2966 1884 3034 paulo
1906 2977 2028 3034 post
2053 2966 2226 3020 Lucas
2257 2969 2372 3036 ipse

798 3050 1064 3104 Joannem
1094 3051 1180 3106 his
1212 3051 1392 3104 verbis
1419 3052 1726 3121 loquentem
1773 3056 1983 3111 inducit
2009 3075 2024 3111 :
2059 3076 2076 3109 ι
2106 3057 2215 3128 Ego
2243 3060 2370 3128 qui-

798 3141 922 3196 dem
954 3156 1095 3210 aqua
1129 3142 1346 3212 baptizo
1378 3157 1508 3205 vos,
1564 3145 1745 3198 veniet
1779 3155 1961 3201 autem
2017 3147 2212 3203 fortior
2261 3166 2366 3212 me,

799 3232 960 3301 cujus
991 3249 1098 3286 non
1143 3249 1262 3289 sum
1315 3235 1510 3303 dignus
1554 3237 1765 3290 solvere
1810 3238 2101 3308 corrigiam
2154 3241 2368 3295 calcea-

799 3337 1103 3383 mentorum
1141 3328 1295 3396 ejus;
1321 3347 1340 3379 ι
1377 3330 1571 3386 deinde
1609 3331 1674 3386 ad
1722 3333 2061 3401 pandendam
2100 3335 2369 3391 Dominici

801 3419 1150 3488 baptismatis
1206 3422 1611 3487 praestantiam,
1656 3422 1814 3490 «ipse
1855 3438 1954 3476 vos
1993 3424 2286 3493 baptizabit
2316 3425 2372 3479 in

805 3511 1007 3580 Spiritu
1041 3522 1236 3566 sancto
1285 3521 1338 3565 et
1369 3512 1476 3581 igni
1507 3513 1572 3565 ³³.
1607 3513 1971 3583 Praeterquam
1995 3515 2139 3584 quod
2165 3515 2374 3571 Marcus

805 3614 1044 3668 quoque,
1081 3610 1366 3668 postquam
1404 3601 1530 3655 alibi
1574 3610 1853 3656 narrasset
1895 3601 2198 3656 Pltariszeos
2238 3604 2376 3658 Sado

805 3689 1128 3758 ducznosque
1151 3691 1219 3744 ab
1241 3691 1318 3743 ira
1351 3701 1579 3745 ventura
1610 3691 1812 3761 fugisse
1840 3691 2042 3760 (neque
2082 3693 2226 3747 aliud
2277 3694 2374 3748 ad-

808 3779 1207 3850 eratcﬂ‘ugium
1231 3819 1248 3845 ,
1290 3797 1452 3850 quam
1488 3783 1553 3835 ad
1599 3783 1866 3851 baptisma
1902 3798 2023 3838 sese
2057 3785 2370 3853 recipere):

812 3890 831 3922 ι
861 3871 1080 3936 Facite,
1124 3871 1364 3940 subjicit,
1415 3871 1626 3928 fructus
1661 3875 1854 3944 dignos
1895 3875 2313 3943 poenitentiae”,
2351 3894 2370 3926 ι

805 3963 1028 4032 peciude
1062 3977 1126 4017 ac
1157 3963 1462 4032 praestitum
1491 3963 1758 4032 baptisma
1803 3966 1934 4018 tanti
1969 3979 2075 4018 non
2109 3972 2283 4028 esset,
2320 3972 2378 4018 ut

805 4054 1110 4108 absolutam
1137 4064 1481 4123 peccatorum
1505 4055 1714 4109 veniam
1738 4064 2100 4124 compararet.
2129 4055 2198 4108 At
2228 4056 2378 4122 quis-

806 4147 950 4216 piam
985 4155 1145 4214 ponet
1177 4146 1279 4198 hoc
1324 4162 1352 4199 a
1393 4144 1602 4201 Joanne
1642 4147 1846 4201 dictum
1881 4146 2050 4200 fuisae
2089 4160 2196 4199 non
2247 4147 2374 4208 illis,

808 4252 947 4307 quos
971 4251 1127 4292 sacra
1162 4236 1360 4290 fluenta
1386 4245 1730 4306 exceperant,
1759 4251 1826 4290 ac
1856 4237 2111 4290 sordibus
2144 4236 2377 4289 munda-

809 4337 1024 4392 veraut,
1064 4325 1155 4382 sed
1210 4325 1336 4386 illis,
1381 4326 1471 4394 qui
1503 4327 1902 4381 contendebant
1935 4325 2152 4394 quidem
2187 4327 2252 4380 ad
2284 4328 2379 4379 ba-

812 4419 1090 4486 ptismum.
1120 4419 1360 4471 nondum
1397 4426 1575 4470 tamen
1601 4432 1666 4472 ea
1705 4417 1983 4472 ablutione
2025 4417 2172 4488 digni
2207 4419 2377 4472 habiti

2461 1974 2739 2044 Πνεύματι
2767 1974 2904 2042 ἁγίῳ
2930 1974 3519 2043 διατελεσιουργεῖσθαι
3543 1991 3557 2004 ⁸
3590 1975 3652 2028 τὸ
3690 1975 3749 2027 δὲ
3784 1975 4039 2028 Ἰωάννου

2463 2070 2557 2123 καὶ
2586 2068 2777 2132 ὓδατος
2799 2065 2963 2131 εἶναι,
2984 2067 3079 2121 καὶ
3106 2066 3466 2136 ὀνομάζεσθαι
3496 2065 3776 2136 βάπτισμα
3804 2083 3821 2097 ο
3851 2066 4039 2133 δῆλον,

2463 2160 2539 2222 ὼς
2573 2161 2666 2214 καὶ
2694 2161 2723 2212 ὁ
2755 2160 2970 2221 Λουκᾶς
2993 2157 3104 2229 ἀρα
3129 2157 3264 2227 πρὸς
3281 2156 3372 2209 τὸν
3398 2155 3892 2224 συνευαγγελιστὴν
3937 2156 4036 2207 καὶ

2468 2251 2750 2319 συνόμιλον
2780 2251 2840 2302 τὺ
2875 2248 3165 2318 σύμφωνον
3206 2245 3503 2310 διασὼζων,
3537 2244 3678 2301 οὕτω
3707 2247 3804 2297 καὶ
3848 2244 3914 2297 τὸ
3944 2245 4046 2314 τῆς

2462 2323 2732 2407 ἀληθείας
2750 2337 3075 2408 ἀνύϐριστον
3100 2334 3519 2402 συνδιαφυλάξει
3543 2332 3761 2403 ἀξίωμα
3785 2351 3801 2366 ·
3825 2333 3926 2385 καὶ
3955 2333 4045 2401 εἴη

2465 2429 2531 2482 ἂν
2561 2427 2712 2496 αὺτῷ
2736 2427 3027 2498 είρημένον
3058 2428 3140 2490 τὸ,
3195 2444 3216 2476 ε
3261 2427 3374 2480 Kal.
3423 2421 3586 2494 ἦλθεν
3617 2425 3698 2486 είς
3727 2425 3914 2476 πᾶσαν
3942 2423 4044 2492 τὴν

2467 2520 2772 2589 περίχωρον
2828 2516 2928 2570 τοῦ
2965 2515 3234 2584 Ἰορδάνου
3279 2515 3569 2585 κηρύσσων
3604 2515 3894 2585 βάπτισμα
3939 2531 4041 2582 με.⁹

2465 2608 2682 2670 τανοίας
2725 2609 2804 2669 είς
2858 2606 3050 2673 ἀτρεσιν
3095 2603 3378 2674 ἀμαρτιιῖιν
3407 2643 3423 2667 ,
3471 2621 3491 2654 ι
3523 2604 3585 2657 ού
3639 2605 3769 2674 περὶ
3828 2603 4044 2655 ἐκείνου

2468 2697 2752 2765 δήπουθεν,
2771 2697 2908 2767 ὅπερ
2938 2697 2994 2750 al.
3022 2695 3116 2748 τοῦ
3145 2695 3457 2764 Προδρόμου
3485 2698 3662 2764 χεῖρες
3683 2696 4009 2764 εἰργάζοντο
4027 2733 4045 2756 ,

2469 2787 2604 2840 ἀλλά
2651 2790 2778 2856 περὶ
2819 2785 2910 2840 τοῦ
2972 2785 3246 2856 Σωτηρίου
3304 2787 3398 2838 καὶ
3449 2784 3809 2850 Δεσποτικοῦ,
3877 2787 3973 2839 καὶ
4017 2785 4048 2838 δ

2471 2877 2678 2938 πάντας
2717 2879 2840 2938 τοὺς
2873 2875 3310 2943 βαπτισαμένους
3336 2875 3443 2926 τῶν
3473 2875 3720 2943 ψυχικῶν
3761 2875 4048 2943 μολυσμά-

2470 2982 2576 3017 των
2605 2965 2963 3031 ἁπεκάθαιρε,
3002 2962 3108 3014 Καὶ
3125 2961 3234 3030 γάρ
3261 2961 3378 3029 μετ’
3407 2959 3585 3025 ὀλίγον
3612 2960 3706 3012 καὶ
3733 2961 3902 3021 αὐτὸς
3925 2962 4039 3012 sia-

2471 3060 2596 3127 άγει
2648 3060 2739 3110 τὸν
2788 3056 3041 3124 Ἰωάννην
3090 3053 3353 3120 λέγοντα·
3391 3071 3410 3104 ε
3454 3051 3596 3119 Ἐγὼ
3643 3053 3741 3121 μὶν
3795 3053 3854 3103 ἀν
3892 3051 4048 3105 ὕδατι

2476 3147 2724 3220 βαπτίζω
2757 3149 2921 3216 ὑμᾶς,
2947 3147 3164 3215 ἔρχεται
3204 3144 3261 3196 δὶ
3297 3143 3642 3213 ἰσχυρότερός
3690 3161 3817 3212 μου,
3851 3137 3916 3197 οὗ
3947 3143 4049 3196 οὐκ

2472 3241 2588 3308 εἰμὶ
2635 3239 2816 3300 ἱκανὸς
2841 3236 3000 3290 λῦσαι
3025 3235 3117 3288 τὸν
3145 3236 3345 3304 ίμάντα
3393 3233 3501 3286 τῶν
3535 3234 3906 3302 ὑποδημάτων
3950 3236 4050 3288 ait-

2469 3331 2586 3383 τοῦθ
2628 3347 2647 3380 ι
2691 3327 2809 3382 εἶτα
2833 3329 2924 3380 καὶ
2951 3327 3010 3378 τὸ
3032 3327 3247 3394 ἀξίωμα
3283 3325 3376 3378 τοῦ
3419 3325 3699 3395 Κυριακοῦ
3738 3325 4052 3396 βαπτίσμα-

2471 3437 2583 3484 τος,
2620 3438 2638 3470 ε
2686 3419 2857 3481 Αύτδς
2904 3418 3046 3486 ὑμᾶς
3080 3416 3330 3485 βαπτίσει
3358 3418 3416 3469 tv
3452 3415 3724 3485 Ηνεύματι
3748 3417 3894 3486 ἁγίῳ
3949 3419 4046 3470 καὶ

2474 3503 2628 3572 πυρί.
2661 3522 2680 3555 ι
2713 3503 2822 3555 Ναὶ
2859 3501 2964 3572 μὴν
3001 3502 3092 3554 καὶ
3134 3503 3360 3570 Μάρκος
3385 3502 3546 3553 πάλιν
3579 3503 3715 3571 μετά
3750 3505 3816 3555 τὸ
3859 3507 4054 3572 φυγεῖν

2475 3595 2599 3655 τοὺς
2626 3592 2954 3661 Φαρισαίους
2998 3593 3092 3645 καὶ
3136 3593 3529 3656 Σαδδουκαίους
3565 3594 3671 3646 ὑπὸ
3697 3595 3797 3663 τῆς
3827 3595 4056 3664 μελλού-

2477 3699 2575 3753 σης
2599 3685 2768 3754 ὀργῆς
2793 3683 2936 3752 (οὐδὲ
2965 3685 3108 3754 φυγή
3135 3700 3218 3746 τις
3253 3683 3320 3736 ἀν
3350 3679 3437 3754 ἦν,
3492 3686 3543 3736 εἰ
3576 3686 3650 3752 μὴ
3680 3685 3739 3736 τὸ
3774 3688 4056 3756 προσδρα-

2479 3778 2598 3844 μεῖν
2617 3775 2693 3844 τῷ
2721 3774 3104 3843 βαπτίσματι),
3137 3793 3156 3825 ι
3185 3775 3476 3844 Ποιήσατε.
3507 3777 3780 3845 ἐπιφέρει,
3804 3779 4058 3846 καρποὺς

2477 3861 2660 3927 ἀξίους
2692 3865 2791 3933 τῆς
2824 3863 3133 3932 μετανοίας,
3170 3882 3188 3914 ι
3220 3863 3296 3926 ὡς
3336 3864 3429 3917 τοῦ
3457 3865 3704 3927 δοθέντος
3735 3865 4059 3937 βαπτίσμαο

2476 3969 2564 4014 τος
2589 3952 2689 4004 οὐκ
2718 3952 2932 4020 ἔχοντος
2968 3952 3121 4020 ίσχὺν
3163 3955 3460 4020 παρασχεῖν
3490 3952 3588 4022 τὴν
3615 3955 3826 4007 τελείαν
3867 3956 4057 4024 ἁμαρ.

2475 4043 2734 4110 τημάτων
2759 4041 3157 4110 ἀπολύτρωσιν.
3183 4043 3253 4095 Ἦ
3281 4041 3437 4092 τοῦτο
3459 4043 3557 4109 μὲν
3579 4042 3646 4094 ἀν
3689 4059 3768 4105 τις
3797 4044 4060 4114 εἰρῆσθαι

2477 4134 2593 4202 θείη
2638 4133 2698 4185 οὐ
2748 4133 2883 4203 πρὸς
2937 4132 3200 4196 ἐκείνους,
3244 4130 3338 4194 οὓς
3373 4133 3443 4185 τά
3483 4132 3804 4205 τελεσθέντα
3858 4135 4060 4205 ῥεῖθρα

2476 4201 2742 4292 δεξάμενα
2795 4201 2908 4275 τῶν
2966 4223 3327 4293 μολυσμάτων
3381 4222 3688 4276 επλύνατοο
3941 4201 4060 4289 τοῖς

2478 4315 2823 4386 ὡρμημένοις
2858 4315 2956 4385 μὲν
2975 4315 3067 4366 επὶ
3096 4315 3171 4384 τῷ
3213 4314 3568 4384 βαπτίσματι,
3597 4314 3751 4368 οὔπω
3796 4316 3855 4369 δὶ
3916 4335 4056 4370 κατ-

2481 4405 2754 4468 αξιωθεῖσι
2787 4405 2885 4475 τῆς
2915 4403 3254 4474 καθάρσεως.
3277 4404 3421 4473 Πλὴν
3452 4403 3503 4455 εἰ
3525 4420 3609 4464 τις
3640 4405 3732 4456 καὶ
3760 4406 3900 4474 πρὸς
3929 4408 4062 4469 τοὺς

813 4506 1047 4562 fuerant.
1079 4507 1344 4562 C:eterum
1367 4507 1466 4561 etsi
1493 4507 1618 4576 quis
1642 4507 1930 4576 baptizatis
1962 4507 2122 4559 etiam
2153 4506 2365 4561 allatum

2481 4497 2579 4568 ήδη
2613 4495 3045 4565 βαπτισαμὲνους
3092 4494 3184 4545 τὸν
3231 4493 3591 4562 προκείμενον
3633 4493 3790 4561 λόγον
3840 4496 4060 4565 ἁρμάτ-

814 4599 993 4653 locum
1028 4613 1326 4666 congruere
1363 4597 1718 4661 concesserit,
1745 4605 1923 4650 tatnen
1950 4611 2017 4650 ue
2036 4596 2136 4649 boc
2160 4597 2378 4665 quidem

813 4699 1155 4760 peccatorum
1193 4688 1570 4741 remissionem
1601 4703 1630 4740 a
1660 4687 2022 4742 Praecursoris
2054 4686 2381 4756 baptismate

815 4781 1127 4835 necessario
1160 4780 1375 4833 auferre
1405 4787 1784 4847 cognoscetur.
1826 4778 2060 4832 Fructus
2095 4779 2240 4832 enim
2272 4780 2382 4831 vir-

813 4881 988 4926 tutum
1022 4870 1183 4934 ferre,
1224 4870 1392 4924 animi
1432 4870 1614 4938 potius
1648 4869 1892 4923 mundati
1923 4875 2028 4932 est,
2067 4883 2232 4936 quam
2262 4868 2381 4936 ejus

811 4978 973 5032 quem
1003 4961 1186 5014 multa:
1223 4959 1692 5030 perturbationum
1715 4959 1906 5028 spinae,
1938 4965 1994 5011 et
2026 4957 2208 5011 innata
2238 4957 2384 5012 zizac

817 5054 905 5106 nia
968 5051 1330 5121 iniquiuatum
1389 5049 1738 5104 reddiderunt
1798 5055 1962 5117 atque
2027 5058 2380 5115 corruptum;

817 5142 929 5196 imo
989 5156 1082 5208 per
1139 5141 1310 5209 ipsam
1366 5138 1776 5210 productionem
1829 5137 2094 5194 sanctitas
2149 5135 2384 5192 fortasse

816 5228 969 5285 brevi
1005 5229 1170 5283 etiam
1204 5226 1499 5296 perfectius
1522 5234 1865 5297 agnoscetur.

891 5318 964 5372 At
989 5317 1449 5387 enim,inquiuut,
1465 5318 1609 5385 quod
1628 5316 2001 5373 remissionem
2036 5326 2380 5386 peccatorum

819 5426 929 5466 non
953 5417 1237 5479 prcstarct
1275 5408 1636 5464 Pracursoris
1664 5408 1988 5476 baptismus,
2018 5408 2133 5476 ipse
2164 5421 2382 5476 quoque

821 5501 1081 5555 Senator
1108 5513 1233 5554 cum
1258 5497 1555 5554 Nicodemo
1585 5498 1652 5553 de
1677 5497 2083 5568 regeneratione
2114 5496 2276 5550 verba
2303 5494 2381 5549 fa-

819 5590 972 5646 ciens
1003 5589 1261 5644 indicavit
1291 5607 1306 5645 :
1344 5607 1368 5641 ε
1393 5587 1509 5643 Nisi
1542 5588 1666 5658 quis
1687 5596 1908 5643 renatus
1939 5586 2121 5652 fuerit,
2159 5587 2234 5639 ait
2255 5624 2268 5647 ,
2307 5599 2376 5639 ex

822 5695 964 5750 aqua
989 5687 1044 5734 et
1066 5677 1275 5747 Spiritu
1299 5688 1488 5734 sancto
1512 5718 1528 5742 ,
1559 5693 1667 5733 non
1703 5687 1881 5748 potest
1915 5677 2137 5731 introire
2185 5677 2240 5731 in
2290 5692 2377 5732 rc-

2479 4584 2740 4652 τεινδοίη,
2765 4583 2884 4636 οὐδὲ
2917 4582 3058 4634 τοῦτ’
3086 4581 3152 4634 ἂν
3175 4581 3232 4645 ἐξ
3249 4581 3493 4648 ἀνάγκης
3520 4582 3707 4652 ὀφθείη
3738 4583 3837 4652 τὴν
3856 4586 4064 4654 ἄφεσιν

2479 4674 2588 4726 τῶν
2623 4672 2905 4741 ἁμαρτιῶν
2937 4671 3032 4723 τοῦ
3080 4672 3222 4722 κατὰ
3266 4670 3356 4722 τὸν
3386 4671 3698 4741 Πρόδρομον
3736 4672 4060 4744 βαπτίσμα-

2479 4781 2568 4826 τος
2606 4762 3025 4832 ἀφαιρούμενον.
3061 4762 3127 4813 'll
3161 4762 3269 4830 γάρ
3311 4763 3657 4831 καρποφορία
3697 4763 3806 4816 τῶν
3837 4766 4061 4834 ἀρετῶν

2480 4855 2759 4924 ἐγγυτέρω
2777 4853 2979 4921 μᾶλλόν
3000 4853 3118 4904 ἐστι
3135 4851 3233 4922 τῆς
3250 4851 3671 4924 κεκαθαρμένης
3690 4853 3893 4924 ψυχῆς,
3911 4859 4059 4928 ἢπερ

2482 4945 2548 5014 ἢν
2592 4943 2784 4996 πολλαὶ
2819 4943 3008 4996 παθῶν
3072 4941 3303 4996 ἄκανθαι
3342 4943 3436 4996 καὶ
3484 4946 3833 5016 παραφυάδες
3892 4949 4061 5014 ζιξι-

2483 5037 2633 5099 νίων,
2677 5034 3092 5104 λελυμασμένην
3126 5050 3183 5086 τε
3219 5034 3312 5086 καὶ
3338 5034 3594 5104 ῥυπῶσαν
3621 5036 4021 5104 ἐξειργάσαντο
4044 5057 4057 5072 ’

2481 5124 2616 5179 ἀλλά
2663 5124 2803 5193 αὕτη
2846 5125 2945 5194 μὲν
2982 5125 3014 5194 ἡ
3052 5123 3250 5194 ἐκϐολὴ
3299 5125 3394 5177 καὶ
3452 5127 3569 5195 μετ’
3592 5127 3769 5195 ὀλίγον
3814 5129 3966 5199 τάχα
3997 5131 4062 5184 ἄν

2479 5215 2617 5286 τύχῃ
2647 5215 2742 5268 καὶ
2766 5215 3103 5285 τελειοτέρας
3137 5214 3480 5286 διακρίσεως.

2554 5305 2748 5358 Ὀτιδὲ
2773 5305 2848 5375 μὴ
2869 5305 3127 5374 παρεῖχεν
3155 5302 3348 5372 ἀφεσιν
3373 5304 3659 5374 ἁμαρτιῶν
3688 5306 3746 5359 τὸ
3781 5308 3876 5360 τοῦ
3916 5313 4058 5382 Προ.

2479 5396 2677 5466 δρόμου
2700 5394 3001 5465 βάπτισμα,
3031 5393 3124 5446 κα)⁸
3152 5395 3180 5446 6
3206 5387 3416 5464 Σωτὴρ,
3457 5395 3609 5463 φασὶ,
3642 5395 3776 5465 πρὸς
3803 5398 4054 5472 Νικόδη.

2485 5485 3006 5556 μον,διαλεγόμενος
3048 5483 3178 5554 περὶ
3220 5483 3632 5551 παλιγγενεσίας
3677 5486 4060 5558 ὑπεδήλωσεν.

2491 5598 2510 5629 ε
2557 5578 2680 5631 Ἐάν
2708 5593 2791 5640 τις
2835 5576 2910 5645 μὴ
2937 5572 3171 5645 γεννηθῇ
3216 5573 3275 5638 ἐξ
3332 5573 3520 5637 ὓδατος
3574 5577 3665 5628 καὶ
3709 5576 4060 5649 Euripum,

2482 5673 2932 5742 ἀποφαινόμενος,
2956 5671 3019 5724 ού
3051 5669 3127 5740 μὴ
3155 5668 3373 5739 εἰσέὶθῃ
3405 5671 3485 5733 είς
3511 5669 3607 5740 τὴν
3635 5669 3924 5739 βασιλείαν
3952 5678 4062 5729 τῶν

893 5789 940 5821 ³⁸
972 5788 1136 5846 lare.
1175 5806 1213 5854 ι,
1244 5790 1298 5845 8.
1370 5791 1414 5823 ³⁸
1454 5789 1583 5844 Luc.
1618 5807 1700 5855 tu,
1730 5790 1783 5845 3.
1861 5790 1903 5822 θ’
1941 5789 2071 5844 ibid.
2150 5788 2200 5833 ³⁸-
2229 5787 2357 5843 ibid.
2391 5788 2423 5841 8
2454 5803 2560 5840 non
2596 5785 2777 5839 Marci.
