4202 6442
93 440 195 511 217

1039 443 1137 501 Αἰ)
1175 439 1763 503 AMPHILOCHIUM
1788 435 2129 511 QUESTIO
2156 435 2369 495 XXIX.

3198 427 3306 494 218

89 556 350 627 οὐρανῶν.
392 574 410 607 ι
463 557 571 609 Καὶ
619 553 723 626 μὴν
768 554 796 606 ὁ
824 551 1077 623 Ἰωάννης
1125 555 1182 606 ἰν
1230 554 1504 623 [Ινιύματι
1556 554 1656 606 οὐκ
1686 557 1729 615 Α

1649 570 1656 606 ι
1686 557 1729 615 Α
1758 566 1921 621 gnum
1957 549 2215 605 calorum
2242 546 2307 600 “.
2339 565 2359 598 ι
2411 546 2474 598 Et
2498 542 2735 603 Joannes
2758 542 2975 612 quidem
3022 542 3075 597 in
3106 541 3308 613 Spiritu

89 650 402 714 ἰεάπτιζεν,
451 647 645 722 οὐκοῦν
698 646 817 698 οὑδὶ
875 646 956 708 είς
1006 645 1106 717 τὴν
1174 644 1451 715 βασιλείαν
1509 660 1654 715 παρ·-

89 742 304 808 ἔπεμπε
353 738 459 789 τῶν
509 736 750 807 οὐρανῶν
773 753 785 767 ·
810 736 859 788 si
895 736 951 789 δὶ
1000 736 1074 807 μὴ
1110 735 1495 805 παρέπεμπεν,
1532 734 1653 788 οὐδὲ

94 829 192 899 τὴν
214 830 407 896 ἄφεσιν
432 826 601 879 ἐδίδου
631 824 738 878 τῶν
766 824 1083 879 κωλυόντων
1108 826 1206 895 τὴν
1236 824 1466 877 είσοὸον.

172 915 261 981 Ἐξ
295 913 388 967 οὖν
418 914 524 966 τῶν
554 914 879 983 είρημένοιν,
919 914 1013 967 καὶ
1054 914 1122 967 δι’
1176 908 1250 965 ὧν
1312 912 1577 981 προῆλθεν
1622 912 1655 980 ἡ

90 1002 609 1073 ἀμφισϐητημάτων
638 1002 968 1073 παράθεσις,
1008 1002 1143 1072 πρός
1172 1018 1232 1053 τε
1268 1000 1366 1070 την
1392 1000 1601 1053 δίαιταν
1630 1004 1659 1053 ὁ

90 1094 251 1161 λόγος
286 1091 613 1163 ὡρμημένος
644 1092 909 1162 ὶφέρετο,
952 1094 1173 1143 σκοπεῖν
1222 1090 1461 1160 προσῆκε
1516 1090 1657 1153 τίνος

93 1183 193 1250 μὲν
232 1182 290 1233 ιν
324 1180 504 1250 κέρδει
536 1179 973 1250 καταστήσομενο
1011 1178 1113 1230 ποῦ
1139 1179 1195 1230 δὲ
1223 1178 1530 1248 στησόμεθα
1564 1177 1659 1230 τοῦ

91 1272 429 1339 ζητήματος,
470 1270 564 1323 καὶ
620 1270 751 1338 πρὸς
796 1270 859 1321 τὸ
897 1269 1193 1323 ἀσάλευτον
1223 1270 1255 1338 ἡ
1284 1269 1489 1321 διάνοια
1532 1286 1661 1337 στη-

94 1362 455 1432 ριχθήσεταις
511 1361 673 1413 ’Λλλά
724 1361 832 1429 γὰρ
860 1360 965 1430 πρό
1008 1377 1069 1426 γε
1109 1359 1203 1412 τοῦ
1246 1360 1429 1422 τέλους
1458 1361 1664 1429 βραχύς

91 1470 175 1515 τις
203 1452 548 1522 προηγείσθω
574 1453 673 1520 τῆς
700 1452 910 1521 διαίτης
939 1452 1095 1519 λόγος
1126 1454 1286 1521 μέχρι
1320 1451 1413 1504 νῦν
1446 1453 1663 1503 ὑπολει-

93 1544 355 1611 ⁴πτάμενος.
397 1542 469 1594 Τό
508 1558 566 1595 τι
612 1542 720 1612 γάρ
762 1542 855 1594 τοῦ
890 1541 1177 1594 θεσπεσίου
1217 1543 1441 1612 Μάρκου
1487 1542 1664 1607 λόγιον

92 1634 257 1703 διπλῇ
306 1632 697 1697 ἀναῦαπτίζειν
752 1632 1129 1702 βαπτίσματος
1176 1633 1362 1702 χρείαν
1419 1631 1664 1694 ὲκὸιάζε-

95 1722 221 1772 σθαι
261 1721 375 1791 (57)
413 1721 493 1790 (τὸ
523 1720 632 1791 γὰρ
664 1721 775 1791 (58)
806 1721 900 1775 τοῦ
941 1723 1188 1774 Ἰωάννου
1228 1722 1385 1790 μόνον
1422 1723 1663 1789 ἀδιάστῳ

95 1812 303 1879 κρίσει,
365 1814 458 1865 καὶ
494 1812 825 1881 άποστολικῇ
886 1813 1119 1883 φράσει,
1183 1813 1661 1883 extenuatus-cat)-

1758 659 1864 699 non
1900 642 2241 712 baptizabat,
2294 639 2573 695 undenec
2611 636 2937 691 immittebat
2984 636 3038 690 in
3086 650 3308 705 regnum

1757 736 2018 788 οωιιηυιη
2054 750 2066 785 :
2094 735 2233 801 quod
2276 732 2322 785 si
2357 745 2462 783 non
2495 728 3002 791 immittebat,certe
3026 741 3200 796 neque
3224 728 3311 781 illa

1758 824 2081 888 dimittebat,
2115 838 2144 877 a
2178 823 2375 892 quibus
2397 822 2677 891 ingressus
2701 818 3149 888 praeludebatur.

1828 916 1904 970 Bx
1936 917 2019 970 itis
2051 916 2230 984 igitur,
2252 914 2539 983 qtta‘dicta
2565 922 2711 973 sunt.
2742 922 2796 965 et
2822 927 2915 981 per
2938 926 3061 979 qua:
3102 910 3315 965 luctan-

1760 1006 1892 1060 tium
1927 1014 2370 1075 argumentorum
2412 1004 2582 1058 crevit
2610 1004 2886 1072 congeries
2906 1042 2921 1065 ,
2955 1011 3009 1055 et
3036 1017 3218 1057 sermo
3249 1002 3317 1055 ad

1762 1113 1861 1151 nos
1883 1098 2069 1151 tandiu
2096 1094 2433 1149 distinendos
2464 1098 2762 1163 processit,
2803 1109 2940 1162 opus
2972 1103 3115 1149 esset
3144 1094 3317 1159 inspi-

1762 1202 1885 1241 cere
1913 1190 2098 1256 quanti
2129 1202 2227 1255 pro
2271 1201 2369 1239 sua
2418 1186 2645 1240 utilitate
2685 1184 2814 1237 illttd
2868 1186 3131 1252 baptisma
3176 1186 3323 1239 testi-

1762 1282 2018 1335 mandum
2048 1282 2139 1334 sit.
2169 1279 2398 1343 Quando
2430 1294 2556 1333 vero
2598 1293 2625 1330 a
2678 1277 3043 1346 disputatione
3084 1277 3320 1331 desiste-

1764 1389 1904 1435 muc,
1931 1380 1983 1423 et
2010 1386 2163 1423 mens
2189 1372 2239 1423 in
2266 1370 2496 1439 quadam
2524 1370 2846 1423 eertitudine
2870 1368 3324 1423 conﬂrmabitur?

1763 1461 1830 1511 At
1856 1461 2001 1513 enim
2038 1460 2150 1512 hac
2170 1468 2286 1511 esto
2332 1458 2475 1511 velut
2507 1456 2684 1509 brevis
2717 1456 2964 1523 quaedam
3015 1464 3139 1509 ante
3177 1456 3325 1509 solu-

1765 1549 1965 1600 tionem
1996 1547 2271 1615 prmtnissa
2302 1546 2555 1609 diatriba,
2586 1560 2707 1613 qua:
2733 1546 2836 1598 huc
2864 1560 3037 1613 usque
3062 1546 3325 1615 producta

1763 1649 1864 1692 est.
1911 1638 2161 1691 Profecto
2195 1652 2293 1693 nec
2327 1638 2392 1693 ad
2443 1638 2784 1707 baptismatis
2816 1638 3101 1689 utilitatem
3140 1637 3326 1691 exclu-

1763 1730 1991 1781 dendatn
2029 1729 2169 1781 valet
2225 1729 2353 1781 illud
2397 1730 2505 1782 divi
2558 1728 2717 1781 Marci
2772 1726 3165 1790 testimonium,
3214 1740 3326 1795 quo

1765 1820 1941 1871 denuo
1972 1820 2228 1887 baptizari
2248 1820 2615 1889 prmeribitur
2640 1821 2795 1888 (nam
2835 1820 2885 1872 id
2910 1819 3085 1871 solum
3107 1832 3138 1871 a
3161 1815 3329 1871 Joan-

95 1902 190 1951 καὶ
222 1900 287 1969 δὴ
323 1899 497 1953 καὶτὸ
529 1881 999 1969 ἀμφιῦαλλόμενον
1023 1904 1102 1963 ei;
1125 1881 1467 1970 κατασκευὴν
1499 1918 1662 1971 μετα-ι
1696 1881 1737 1935 Β

1696 1881 1737 1935 Β
1767 1928 1833 1967 ne
1882 1881 2120 1981 Baptista
2154 1881 2510 1979 irrefragrtbili
2568 1881 2661 1963 illo
2708 1910 2971 1971 oraculo,
3016 1916 3070 1961 et
3103 1917 3328 1977 aposto-

93 1992 157 2043 λα
167 1992 394 2060 μὸάνειι.
419 1993 654 2056 διανοίας
679 1993 815 2062 πρὸς
836 1993 1089 2063 διάφορον
1114 1995 1401 2063 ὁμολογίαν
1430 1995 1664 2064 ἐναρμο-

94 2082 360 2152 ζομὲνης,
390 2083 747 2136 ἀνακόλουθον
768 2099 781 2113 ⁸
809 2085 1113 2137 τούναντίον
1137 2085 1243 2154 γάρ
1266 2084 1410 2138 ἅπαν
1431 2085 1492 2138 τὸ
1518 2088 1668 2155 μονό-

93 2189 302 2242 τροπον
332 2172 440 2224 τῶν
493 2172 651 2242 ιερῶν
705 2174 966 2243 ῥημάτων
1013 2173 1108 2227 τοῦ
1139 2177 1343 2237 Δουκᾶ,
1397 2176 1465 2227 δι’
1508 2170 1584 2228 ὦν
1610 2177 1667 2229 ἓν

99 2264 393 2333 βάπτισμα
422 2264 481 2316 τὺ
510 2263 605 2317 τοῦ
646 2266 890 2317 Ἰωάννου
914 2268 1074 2333 μόνον
1089 2265 1299 2336 τρανῶς
1330 2266 1667 2335 ἀπαγγέλλε-

97 2372 211 2419 ται,
254 2357 346 2407 καὶ
386 2356 496 2408 τῶν
528 2357 940 2426 ἁμαρτημάτων
973 2358 1006 2427 ἡ
1048 2356 1241 2425 ἄφεσις
1292 2358 1667 2429 παραδίδοται.

98 2445 278 2498 Τοῦτο
319 2446 521 2514 μᾶλλον
554 2446 711 2513 εἴπερ
740 2447 863 2498 τινὰ
905 2448 999 2500 καὶ
1038 2447 1365 2517 ἀμφιϐολίαν
1401 2447 1668 2519 μερισμοῦ

101 2541 369 2607 παρεῖχεν
404 2538 471 2589 τὰ
500 2536 591 2589 τοῦ
623 2537 895 2606 μακαρίου
929 2538 1155 2608 Μάρκου
1184 2539 1427 2609 ῥήματα,
1468 2541 1547 2601 είς
1574 2538 1672 2609 τὴν

99 2627 197 2679 τοῦ
229 2628 353 2689 ἑνὸς
382 2627 445 2680 ἂν
466 2628 671 2680 ἰθύνετο
690 2644 747 2679 τε
789 2627 883 2680 καὶ
904 2628 1333 2696 συναπηρτίζιτο
1364 2630 1674 2699 βαπτίσμα-

98 2732 191 2777 τος
222 2714 477 2785 δήλωσιν.
503 2715 663 2770 Ἀλλὰ
688 2716 794 2787 γὰρ
815 2717 908 2769 καὶ
936 2718 997 2769 τὺ
1030 2718 1088 2770 ἑν
1110 2717 1263 2770 ὕδατι
1285 2718 1561 2787 βαπτίζειν
1584 2720 1675 2773 τὸν

114 2808 401 2877 Ἰωάννην,
425 2809 482 2859 ἐν
505 2808 781 2878 Πνεῦματι
821 2809 876 2862 δὲ
922 2810 1013 2862 τὸν
1074 2810 1299 2880 Ἰησοῦν,
1355 2811 1416 2862 τὸ
1450 2811 1678 2881 μέγεθος

103 2900 273 2968 ῐσμσν
292 2900 393 2969 τῆς
422 2900 707 2967 διαφορᾶς,
743 2901 837 2953 καὶ
865 2901 923 2954 τὸ
949 2902 1091 2954 κατά
1139 2903 1459 2973 παραϐολὴν
1504 2904 1678 2970 ἀσύγ-

104 3007 300 3061 κριτον
313 2990 667 3057 ἀπαγγέλλει,
679 2986 743 3044 οὗ
767 2991 862 3060 τὴν
888 2991 1080 3057 ἄφεσιν
1097 2992 1203 3043 τῶν
1219 2993 1499 3061 ἀμαρτιιῖιν
1514 2995 1648 3061 άφαι
1661 3023 1680 3036 ο

108 3084 291 3150 ρεῖται
310 3082 409 3151 τῆς
439 3081 749 3149 ἱερουργίας
788 3082 1059 3135 Ἰωάννου.
1096 3083 1205 3135 Ναὶ
1237 3083 1293 3135 δὲ
1330 3083 1506 3135 καὶτὸ
1542 3082 1680 3151 μετὰ

1766 2004 1867 2058 lica
1895 2003 2157 2058 sententia
2173 2005 2539 2073 signiticatttr)
2563 2020 2575 2055 :
2595 2017 2692 2055 nec
2713 2000 2979 2071 quidquid
3008 2010 3325 2070 congestum

1765 2102 1881 2156 est.
1934 2102 1990 2147 ιιι
2028 2093 2195 2146 animi
2226 2091 2469 2159 opinioni
2507 2090 2641 2144 mihi
2670 2089 2957 2144 contraria:
2998 2087 3329 2141 adhaerentis

1767 2192 2151 2238 astruerentur
2189 2191 2530 2251 argumenta,
2562 2192 2643 2234 est
2674 2190 3130 2234 consentaneum:
3160 2178 3331 2245 siqui-

1767 2275 1888 2328 dem
1927 2284 2117 2327 contra
2169 2284 2252 2326 est
2300 2281 2442 2325 totus
2498 2285 2779 2325 sacrorum
2820 2268 2982 2322 Luca:
3038 2268 3327 2321 verborum

1770 2365 2057 2417 uniformis
2090 2371 2399 2421 contextus,
2434 2360 2486 2414 in
2510 2360 2708 2429 quibus
2730 2360 2795 2413 de
2824 2372 2933 2410 uno
2952 2354 3332 2410 tantumJoan—

1770 2454 1858 2509 nis
1882 2454 2155 2522 baptismo
2182 2451 2383 2505 diserte
2410 2453 2467 2505 iit
2496 2464 2697 2511 sermo,
2742 2460 2795 2501 et
2820 2449 3104 2515 culparum
3139 2445 3334 2499 remis-

1772 2548 1855 2601 sio
1882 2545 2135 2599 traditur.
2164 2543 2329 2611 quue
2371 2557 2435 2597 eo
2464 2542 2657 2609 magis.
2702 2540 2852 2609 quia,
2898 2540 2940 2591 si
2986 2539 3125 2591 beati
3168 2536 3331 2590 Marci

1774 2637 1937 2692 verba
1970 2634 2263 2705 quamdam
2291 2631 2661 2687 distinctionis
2686 2629 3098 2698 ambiguitatem
3142 2626 3334 2680 πίτυι-νο

1779 2726 2119 2787 videbantur,
2142 2743 2201 2779 ea
2244 2726 2308 2778 ad
2341 2740 2505 2777 unum
2529 2722 2757 2776 Joannis
2795 2720 3059 2789 baptisma
3093 2718 3338 2773 indican-

1777 2818 1904 2871 dum
1936 2815 2120 2869 referri
2162 2829 2323 2883 atque
2347 2812 2747 2868 accommodari
2790 2809 3078 2864 debebant.
3116 2808 3184 2860 At
3208 2819 3341 2861 vero

1778 2907 1922 2975 quod
1950 2914 2003 2960 et
2034 2907 2086 2959 in
2118 2920 2255 2974 aqua
2292 2905 2592 2971 baptizaret
2617 2900 2893 2965 Joannes,
2938 2908 2993 2952 et
3027 2898 3082 2950 in
3126 2896 3337 2964 Spiritu

1780 2994 1957 3054 Iesus,
1990 2995 2094 3047 ltoc
2142 3008 2407 3047 summam
2450 3008 2572 3047 esse
2600 2990 2937 3045 diversitatis
2970 2989 3336 3058 agnoscimus,

1782 3098 1835 3139 et
1889 3086 2030 3154 quod
2090 3084 2141 3136 in
2188 3084 2595 3152 comparatione
2644 3082 3007 3151 imparitatent
3058 3078 3251 3148 prodit,
3286 3086 3342 3130 at

106 3174 165 3224 τὸ
205 3172 495 3243 βάπτισμα
527 3174 770 3244 καρποὺς
792 3175 973 3240 ἀξίους
996 3175 1094 3243 τῆς
1114 3173 1490 3245 προλαόούσης
1520 3191 1681 3243 μετα-
1710 3192 1754 3252 C

1680 3192 1754 3252 lc
1787 3180 2159 3233 remissionem
2192 3186 2536 3245 peccatorum
2590 3189 2745 3227 sacro
2790 3170 3020 3225 Joannis
3066 3168 3191 3223 ritui
3232 3181 3339 3221 non

107 3264 262 3327 νοιας
294 3264 573 3332 ἐπιζητεῖν
596 3281 655 3316 τε
687 3264 834 3333 παρά
863 3265 971 3317 τῶν
990 3264 1431 3335 βαπτισαμένων,
1462 3265 1556 3318 καὶ
1579 3282 1683 3318 πα-

111 3357 323 3425 ραινεῖν
346 3353 768 3419 ἐπιδείκνυσθαι,
798 3354 931 3407 ἀλλὰ
957 3356 1031 3424 μὴ
1062 3354 1442 3424 καταισχύνειν
1462 3356 1551 3407 διά
1577 3355 1683 3408 τῶν

113 3450 367 3517 ὑστέρων
393 3447 461 3501 τά
493 3448 771 3514 φθάσαντα
797 3464 809 3476 ·
860 3447 1211 3516 βεϐαιωτικὸν
1263 3448 1461 3516 μᾶλλον
1492 3449 1557 3500 ἂν
1599 3449 1684 3517 εἴη

110 3540 209 3590 καί
237 3538 649 3607 παραστατικὸν
696 3540 760 3590 ὲκ
809 3539 917 3603 (59)
950 3536 1044 3590 τοῦ
1086 3536 1424 3607 κεκαθάρθαι
1454 3538 1543 3592 διὰ
1586 3540 1685 3607 τῆς

114 3628 437 3699 ἱερουργίας
485 3628 725 3680 Ἰωάννου
754 3632 865 3690 τοῖς
904 3628 1165 3699 Ἰορδάνου
1193 3628 1397 3698 νάμασι
1428 3628 1557 3689 τοὺς
1594 3630 1682 3681 λε·-

113 3720 419 3789 λουμένους
450 3735 466 3749 ο
503 3718 638 3770 ἀλλά
688 3713 789 3771 οὐκ
843 3718 1117 3788 ἀναίρεσις
1160 3720 1222 3773 οὐ
1284 3720 1384 3789 μὲν
1431 3715 1525 3772 οὖν
1574 3721 1686 3781 τοῖς

119 3808 476 3879 λελουμένοις
503 3808 841 3879 καθάρσεως.

183 3998 415 4051 Τούτων
437 3996 579 4049 οὕτω
599 3996 1060 4061 διατυτοωθὲντων,
1082 3994 1176 4049 καὶ
1208 3996 1315 4049 τῶν
1348 3996 1687 4049 ἀντιπίπτειν

112 4094 425 4147 δοκούντων
456 4093 563 4144 τῶν
601 4092 697 4161 μὲν
718 4091 1184 4160 ὲκκαθαρθέντων,
1213 4090 1320 4143 τῶν
1353 4090 1408 4142 δὲ
1433 4092 1531 4161 τὴν
1556 4108 1691 4160 συμ-

117 4186 327 4249 φωνίαν
365 4182 757 4250 ἀνθελομένων,
811 4184 947 4251 μετά
1004 4182 1313 4253 παρρησίας
1340 4181 1687 4251 φιλαλήθους,

117 4276 209 4326 καὶ
273 4270 561 4339 θεοφιλοῦς
610 4271 782 4336 ῐξεστι
814 4271 908 4325 καὶ
955 4273 1187 4341 φρονεῖν,
1240 4271 1335 4324 καὶ
1382 4271 1581 4339 λέγειν,
1614 4270 1689 4333 ὡς

118 4365 356 4432 παρεῖχε
429 4363 526 4430 μὲν
576 4360 855 4428 ἁμαρτιῶν
905 4361 1094 4429 ἄφεσιν
1139 4360 1198 4412 τδ
1234 4361 1325 4413 τοῦ
1375 4362 1689 4431 Προδρομου

118 4456 436 4524 βάπτισμα,
471 4454 531 4507 οὐ
564 4455 776 4506 πάντων
805 4453 881 4515 δὲ,
912 4451 1095 4520 ὥσπερ
1123 4454 1241 4505 οὐδὲ
1265 4455 1319 4505 αἱ
1354 4456 1572 4523 νομικαὶ
1600 4471 1691 4507 τε-

1784 3270 1997 3324 adimit.
2032 3268 2297 3323 Praeterea
2339 3268 2383 3321 si
2416 3281 2445 3321 a
2478 3265 2768 3335 baptizatis
2804 3262 3013 3317 fructus
3046 3260 3194 3329 digni
3222 3273 3344 3313 sus-

1782 3370 1953 3429 ceptae
1990 3360 2323 3429 paenitentia:
2376 3358 2815 3426 requirebantur,
2862 3368 3161 3421 eorumque
3205 3365 3346 3420 pre-

1784 3451 2127 3504 scribebatur
2144 3449 2564 3509 demonstratio,
2594 3462 2659 3500 ne
2688 3461 2786 3515 per
2820 3451 3133 3513 sequentem
3165 3442 3345 3511 pravi-

1786 3549 1947 3594 tatem
1972 3541 2153 3607 priora
2175 3542 2313 3592 hona
2348 3538 2715 3601 imitarentur;
2747 3536 2847 3588 hoc
2877 3536 3013 3587 adeo
3046 3532 3347 3601 baptizatos

1786 3650 1882 3686 sua
1906 3630 2261 3685 inundatione
2288 3644 2394 3683 non
2422 3626 2688 3686 destituit.
2709 3636 2766 3679 ut
2794 3625 3120 3681 conﬁrmare
3146 3622 3346 3692 potius,

1786 3735 1839 3778 et
1893 3733 2138 3776 astruere
2181 3720 2464 3781 videatur,
2506 3720 2651 3788 quod
2708 3733 2803 3787 per
2863 3731 3072 3770 sacram
3123 3713 3349 3768 Joannis

1786 3815 2163 3870 caeremoniam
2200 3812 2480 3866 hominum
2512 3813 2652 3865 inter
2674 3809 2873 3863 ﬂuenta
2904 3806 3159 3860 Jordanis
3188 3806 3349 3859 ablu-

1788 3916 1966 3961 torunt
2006 3906 2172 3958 corda
2202 3912 2632 3972 extergerentur.

1858 3997 1949 4051 llis
1976 4006 2153 4051 autem
2216 3996 2287 4049 ita
2338 3993 2654 4056 enucleatis,
2684 4002 2738 4047 et
2788 3992 3110 4063 quibusdam
3136 4005 3348 4055 eorum,

1786 4103 1907 4156 quae
1966 4086 2194 4140 invicem
2252 4082 2527 4137 adversari
2577 4082 2920 4142 videbantur,
2970 4081 3203 4146 rejectis.
3228 4078 3350 4131 aliis

1788 4189 1965 4232 autem
2014 4177 2077 4229 ad
2132 4175 2478 4230 concordiam
2537 4172 2792 4233 redactis.
2824 4180 3057 4239 oportet,
3090 4179 3147 4223 ιιι
3172 4170 3262 4238 qui
3297 4177 3351 4219 et

1788 4270 2067 4323 veritatem
2113 4276 2166 4320 ct
2206 4266 2373 4321 Deum
2410 4265 2637 4329 diligunt
2668 4264 2799 4317 tuto‘
2818 4264 2919 4317 sibi
2969 4263 3349 4331 persuadeant.

1790 4374 1947 4431 atque
1999 4358 2269 4412 fateantur
2323 4358 2693 4411 remissionem
2744 4366 3084 4421 peccatorum
3128 4351 3350 4404 Joannis

1791 4451 2053 4520 baptisma
2089 4459 2395 4517 pnestasse,
2429 4463 2531 4501 tton
2569 4446 2811 4500 omnium
2856 4455 3056 4507 tamen,
3091 4441 3353 4511 quemad-

118 4514 273 4599 λιταὶ
320 4514 655 4599 καῖ-θυσίαι.
712 4542 982 4613 Οὐδὲγάρ
1010 4514 1131 4595 οὐδὲ
1178 4543 1283 4596 τῶν
1325 4546 1389 4595 ὲκ
1418 4514 1689 4615 ’προνοίας
1723 4514 1765 4566 D

1723 4514 1765 4566 υ
1794 4542 2010 4595 modum
2050 4541 2265 4608 neipsa:
2289 4540 2503 4607 quidem
2550 4538 2748 4604 legales
2798 4535 3135 4589 caeremoniae
3163 4544 3218 4587 et
3268 4548 3353 4585 sa-

119 4636 322 4701 φόνων,
358 4633 425 4685 οὐ
456 4632 561 4701 μὴν
588 4630 693 4682 οὐδ’
722 4630 774 4681 εἴ
801 4646 882 4690 τις
903 4628 1212 4696 ἀλλοτρίους
1261 4630 1469 4698 γάμους
1492 4629 1689 4697 διώρυο

122 4728 228 4789 ξεν,
266 4724 511 4776 οὐδ’ὃσα
558 4722 619 4773 τὸ
672 4719 896 4790 φρικτὸν
947 4720 1121 4771 ὲκείνο
1164 4718 1257 4771 καὶ
1304 4720 1550 4788 οὐράνιον
1578 4717 1689 4790 πῦρ

119 4818 228 4877 τοῖς
273 4812 487 4881 ἐνόχοις
524 4811 723 4880 ζημίαν
783 4807 1104 4860 ἐπέϐαλλον
1137 4806 1231 4860 οὐδ
1270 4809 1445 4861 ἀλλων
1476 4809 1689 4863 πολλῶν

120 4903 434 4968 ἐξαγίστων
489 4900 582 4949 καὶ
638 4896 1027 4966 παραπλησίων
1080 4896 1255 4963 ἔργων
1297 4895 1396 4963 τὴν
1430 4895 1693 4965 κάθαρσιν

120 4995 241 5045 οὕτε
258 4994 290 5044 ὁ
322 4991 512 5057 νόμος,
532 4987 652 5041 οὔτε
678 4988 737 5039 τὸ
753 4988 997 5040 Ἰωάννου
1019 4985 1369 5051 διεπράττετο
1391 4985 1690 5055 βάπτισμα.

134 5084 300 5135 Ἀλλὰ
330 5080 543 5132 τούτων
574 5078 822 5130 ἁπάντων
848 5076 877 5127 ὁ
913 5076 1012 5145 μὲν
1055 5074 1236 5143 νόμος,
1268 5076 1365 5127 ὅσα
1391 5077 1465 5147 μὴ
1492 5076 1695 5147 προλα-

123 5173 231 5224 cibo
251 5176 282 5225 ὀ
323 5169 545 5240 πρῶτος
590 5169 881 5236 νομοθέτης
913 5156 1317 5235 είσεπράττετο,
1347 5165 1605 5237 δικαστὴν
1633 5167 1695 5220 τὸ

126 5264 278 5331 ξίφος
319 5258 549 5322 ἐκάθιζε
570 5273 584 5287 ’
619 5259 679 5311 τὸ
711 5259 767 5311 δὲ
813 5259 1054 5312 Ἰωάννου
1080 5256 1359 5326 βάπτισμα
1388 5258 1464 5320 si;
1491 5260 1553 5310 τὸ
1579 5275 1693 5311 κοι-

188 5377 235 5408 ⁹⁸
268 5375 446 5431 Joan.
481 5387 559 5437 ιιι,
595 5371 648 5426 5.

1793 4633 2014 4685 criticia.
2049 4630 2295 4683 Profecto
2322 4644 2420 4682 nec
2448 4628 2738 4681 homicidia
2767 4627 2946 4679 dedita
2978 4639 3137 4693 opera
3174 4632 3353 4691 patra-

1795 4732 1867 4781 ta.
1925 4736 2023 4774 nec
2078 4719 2236 4773 alieni
2300 4718 2533 4788 conjugii
2576 4718 2915 4779 vrolationes,
2976 4729 3075 4767 nec
3124 4727 3356 4777 ea.qua:

1796 4809 2125 4864 horrendum
2171 4809 2340 4864 illum.
2398 4819 2451 4862 et
2476 4807 2753 4861 ccclestent
2803 4806 2979 4875 ignem
3022 4806 3073 4857 in
3111 4817 3229 4855 reos
3260 4816 3358 4869 pro

1792 4915 1951 4969 paena
2004 4900 2374 4963 demittebant,
2416 4914 2513 4953 nec
2563 4900 2793 4966 denique
2853 4898 2955 4950 alia
3008 4895 3171 4947 multa
3202 4908 3358 4945 exse-

1795 4990 2012 5054 cranda,
2047 4999 2099 5043 et
2130 4990 2320 5042 similia
2364 5004 2526 5057 opera
2580 4990 2956 5042 remissionem
3010 4986 3089 5037 vel
3117 4998 3181 5037 ex
3222 4984 3356 5050 lege.

1795 5083 1878 5137 vel
1905 5098 1970 5136 ex
2008 5080 2233 5136 Joannis
2261 5082 2578 5147 baptismate
2608 5080 3095 5148 consequebantur.
3131 5073 3233 5127 Sed
3260 5086 3353 5141 pro

1796 5174 2047 5227 omnibus
2082 5174 2165 5227 bis
2216 5174 2388 5242 culpis
2426 5174 2508 5225 lex
2537 5171 2779 5240 quidem,
2821 5170 2909 5223 ulti
2949 5167 3108 5238 primi
3148 5164 3362 5232 legisla-

1799 5264 1931 5317 toris
1964 5264 2297 5332 providentia
2334 5264 2557 5317 multam
2594 5277 2701 5317 non
2736 5265 3074 5319 decreverat,
3122 5254 3359 5328 gladium

1641 5507 1869 5564 ΝΟΤιΕ.

194 5652 315 5720 (57)
350 5649 435 5703 Ita
464 5646 644 5720 scribo
672 5660 772 5720 pro
806 5644 1153 5720 ὶκσιιὸιάσθη.

129 5715 313 5845 ωίὸδ)
362 5718 567 5840 ῗιιριιιο
596 5717 724 5785 ἀπὸ,
760 5732 827 5772 ne
858 5726 967 5771 tota
994 5718 1091 5773 ista
1116 5715 1367 5787 periodus
1398 5724 1448 5770 te
1483 5731 1697 5787 quoque

189 5805 367 5860 rquea
404 5825 419 5839 .

1805 5738 1829 5775 Γ
1866 5650 1978 5773 ἔξω
2016 5651 2273 5721 Expunge
2308 5650 2369 5705 τὸ
2399 5652 2483 5715 ἐκ,
2512 5658 2567 5709 ct
2606 5665 2828 5706 sensum
2894 5647 3119 5704 habebis
3162 5646 3379 5715 ptanio-

1834 5740 1859 5775 ι’
1922 5760 1935 5775 ι

1834 5740 1935 5777 Clll-
