4202 6442
823 413 930 478 223

1959 405 2225 470 PHOTII
2263 404 2767 469 PATRIARCIIE
2801 408 2911 470 ΟΡ.

3953 408 4061 474 εει

819 527 1071 583 erudiant
1100 521 1290 594 (veluti
1324 535 1435 578 non
1483 521 1651 578 licere
1685 520 1760 589 ei,
1787 520 1880 592 qui
1913 520 2095 591 pullos
2128 521 2312 575 avium
2353 537 2383 577 e

2429 527 2457 584 ι
2483 518 2594 575 οἷον
2607 523 2667 575 οὐ
2691 523 2771 575 δεῖ
2785 521 3032 585 νεοττοὺς
3048 520 3278 591 ὀρνίθων
3303 519 3406 588 τῆς
3424 521 3642 584 νοσσιᾶς
3658 520 4059 592 ἀφαιρεὺμενην

820 619 948 673 nido
991 613 1297 680 abstulerit,
1350 623 1605 683 parentes
1653 612 1816 668 simul
1875 615 2158 680 tenere”;
2209 628 2308 668 nec
2337 614 2390 667 in

825 697 962 762 lsete
987 705 1177 759 matris
1201 719 1315 758 suze
1352 719 1554 773 agnum
1584 719 1817 773 coquere
1832 704 1910 770 “;
1941 704 2072 767 imo,
2116 704 2161 757 si
2198 703 2390 772 placet.

822 810 922 851 nec
955 796 1164 848 vineam
1191 796 1360 849 altero
1398 797 1606 850 semine
1627 796 1903 861 serere“;
1951 810 2052 849 nec
2094 805 2297 849 vestem
2329 810 2394 848 ex

821 887 988 940 variis
1022 894 1329 940 contextam
1363 886 1504 939 liciis
1536 885 1686 938 indui
1712 888 1796 949 ";
1828 895 1884 940 et
1922 886 2073 956 plura
2112 886 2163 939 id
2200 901 2393 953 genus,

822 977 1126 1042 eujusmodi
1156 985 1314 1028 estet
1343 975 1475 1027 illud
1506 989 1522 1026 :
1564 994 1583 1026 s
1619 972 1740 1029 Non
1775 976 2027 1044 alligabis
2063 990 2125 1030 os
2155 977 2274 1028 bovi
2301 976 2397 1028 tri-

824 1066 1103 1128 turanti",
1141 1068 1190 1133 ρ)
1221 1066 1332 1129 ille,
1383 1066 1632 1134 inquam,
1662 1067 1747 1118 vir
1776 1067 1908 1134 legis
1933 1068 2141 1128 doctor,
2174 1082 2296 1119 cum
2343 1067 2394 1117 in

823 1155 988 1222 liujus
1024 1154 1154 1222 legis
1184 1156 1398 1208 abolita
1430 1170 1530 1206 usu
1579 1163 1740 1206 natus
1771 1164 1938 1219 esset,
1972 1169 2037 1208 ac
2072 1155 2233 1208 vellet
2274 1155 2397 1208 inde

828 1245 1260 1297 eoliortalionem
1307 1244 1574 1308 exordiri,
1617 1245 1763 1310 quod
1794 1259 2008 1313 nempe,
2048 1245 2139 1313 qui
2172 1246 2305 1297 alios
2329 1244 2396 1298 ad

827 1335 1080 1388 virtutem
1130 1336 1340 1396 incitat.
1391 1336 1493 1388 hac
1541 1337 1692 1403 prius
1719 1335 1914 1389 debeat
1949 1336 2064 1404 ipse
2097 1336 2319 1404 pollere,
2346 1344 2400 1389 et

828 1426 908 1478 sic
936 1425 1130 1478 deinde
1172 1424 1451 1479 auditores
1479 1424 1544 1478 ad
1587 1425 1941 1480 imitationem
1993 1427 2250 1490 allicere;
2289 1428 2399 1479 imo

822 1515 1009 1575 etiam,
1066 1515 1210 1584 quod
1255 1524 1505 1584 Oporteat
1553 1517 1862 1571 laborantes
1922 1517 2101 1571 debita
2153 1517 2399 1570 mercede

824 1620 932 1658 non
1001 1604 1240 1659 fraudari
1279 1624 1292 1660 :
1338 1607 1454 1660 haec
1508 1623 1574 1660 ex
1631 1606 1835 1677 Moysis
1882 1623 2100 1677 quoque
2129 1607 2245 1676 lege.
2283 1607 2399 1676 ipse

824 1711 1125 1765 personans
1157 1698 1398 1752 subdidit
1431 1717 1445 1753 :
1483 1718 1502 1750 ε
1552 1698 1671 1752 Νοη
1717 1699 1967 1768 alligabis
1995 1714 2058 1753 os
2083 1699 2206 1753 bovi
2241 1699 2400 1754 tritu-

823 1790 988 1843 ranti.
1026 1807 1044 1840 ι
1079 1788 1279 1842 Deinde
1302 1805 1367 1843 ne
1394 1791 1518 1859 quis
1539 1790 1780 1845 diceret:
1809 1789 1950 1856 Quid
1985 1793 2181 1845 bovum
2218 1807 2394 1861 genus

824 1881 891 1934 ad
922 1880 1202 1934 hominum
1234 1881 1530 1954 naturam?
1576 1880 1812 1951 Subjicit
1844 1901 1858 1935 :
1891 1881 2012 1936 Non
2042 1883 2131 1937 hic
2165 1901 2184 1932 ι
2216 1884 2283 1936 de
2307 1884 2398 1937 bo-

824 1969 925 2024 bus
961 1985 1092 2024 cura
1114 1979 1198 2024 est
1221 1969 1350 2025 Deo.
1384 1989 1403 2022 ι
1454 1968 1588 2023 Nam
1635 1982 1855 2040 propter
1884 1987 1985 2026 nus
2011 1973 2126 2027 haec
2164 1973 2228 2025 de
2260 1974 2396 2042 ipsis

823 2061 998 2129 posita
1035 2061 1117 2115 lex
1147 2072 1266 2128 est;
1308 2076 1414 2114 non
1460 2061 1605 2115 enim
1630 2063 1752 2130 ejus
1783 2064 2148 2133 promulgatio
2177 2065 2395 2117 illorum

823 2151 1039 2205 utilitati
1105 2152 1336 2206 intendit
1391 2169 1566 2220 neque
1617 2154 1902 2208 brutorum
1951 2156 2396 2224 gubernationem

825 2241 1002 2311 legum
1032 2240 1395 2297 Mosaicarum
1421 2244 1692 2298 institutio
1728 2245 1828 2298 sibi
1859 2260 1955 2314 pro
1995 2260 2163 2314 scopo
2195 2259 2398 2313 propo-

823 2335 973 2385 suit:
1002 2333 1096 2386 sed
1129 2348 1250 2402 qua:
1285 2334 1432 2388 circa
1460 2334 1566 2388 alia
1597 2345 1883 2389 versantur
1924 2336 2245 2399 animantia,
2284 2337 2398 2389 haec

822 2421 996 2474 nostri
1018 2422 1192 2487 gratia
1218 2424 1425 2475 saucita
1455 2434 1603 2475 sunt.

896 2511 1008 2566 Deo
1045 2515 1228 2582 itaque
1261 2527 1408 2566 cura:
1441 2522 1570 2568 sunt
1610 2513 1794 2577 boves,
1828 2521 1887 2567 nt
1909 2522 1962 2567 et
1992 2513 2111 2568 alia:
2137 2523 2401 2570 creaturae

825 2617 936 2657 non
964 2603 1101 2656 adeo
1123 2618 1252 2657 vero
1276 2612 1335 2657 ut
1361 2618 1460 2672 pro
1489 2604 1595 2657 illis
1629 2605 1772 2674 leges
1818 2619 2058 2673 quoque,
2089 2614 2142 2659 et
2175 2606 2399 2674 regimi-

826 2695 913 2747 nis
941 2692 1167 2754 fortnas,
1207 2695 1506 2746 secundum
1549 2708 1686 2762 quas
1715 2695 1981 2758 viverent,
2024 2694 2315 2759 conderet;
2345 2705 2402 2749 at

827 2785 1028 2853 potius,
1054 2784 1097 2839 si
1122 2783 1266 2853 quod
1290 2785 1355 2838 de
1377 2784 1483 2838 illis
1506 2785 1708 2854 prodiit
1736 2793 2026 2849 statutum,
2084 2786 2136 2839 id
2169 2801 2269 2856 pro
2296 2788 2401 2840 liu-

828 2888 988 2928 tnsna
1039 2875 1294 2938 utilitate,
1347 2883 1401 2928 et
1451 2874 1740 2943 disciplina
1793 2877 1994 2928 meruit
2043 2876 2398 2946 promulgari.

825 2967 1004 3032 Atque
1024 2965 1076 3018 id
1107 2964 1279 3033 magis
1313 2967 1594 3036 magisque
1619 2981 1686 3018 ex
1712 2966 1922 3020 caeteris
1951 2969 2160 3035 pariter
2187 2968 2402 3037 perspi-

827 3057 971 3110 citur
1011 3055 1404 3118 animantibus,
1430 3055 1498 3110 de
1529 3056 1729 3125 quibus
1757 3057 1904 3112 nulla
1939 3058 2116 3129 legunt
2143 3059 2277 3112 latio
2303 3073 2403 3128 po-

2496 614 2734 675 καὶτοὺς
2781 612 3174 681 γεγεννηκότας
3213 611 3548 682 λαμϐάνειν·
3592 613 3702 665 οὐδ’
3739 613 3891 680 εψειν
3921 614 4063 682 ἀρνα

2495 707 2553 758 ἐν
2579 705 2810 772 γάλακτι
2843 703 3048 776 μητρὸς
3098 702 3285 769 αὑτοῦ,
3317 706 3365 756 εί
3390 703 3567 772 βούλει
3606 703 3685 767 δέ,
3715 703 3848 773 μηδι
3875 703 4066 770 διαφό-

2499 811 2610 866 ροις
2674 795 2950 862 σπέρμασι
3003 792 3094 845 τὸν
3138 792 3434 861 ἀμπελῶνα
3487 791 3875 860 κατασπείρειν
3906 806 3922 825 ο
3951 790 4064 842 οὐδ’

2499 887 2712 954 ἱμάτιον
2739 887 3010 954 διαφόρων
3043 885 3108 937 ὲκ
3163 883 3422 953 νημάτων
3473 881 3782 951 ὑφασμένον
3813 880 4063 950 περιδύε-

2499 978 2621 1029 σθαι
2638 993 2652 1009 ’
2674 976 2768 1028 καὶ
2799 975 2966 1028 πολλά
2994 973 3242 1031 τοιαῦτα,
3260 966 3334 1025 ὧν
3357 974 3473 1025 ἐστι
3501 974 3595 1025 καὶ
3617 972 3697 1023 τό*
3724 989 3744 1022 ε
3780 963 3856 1024 σὺ
3881 969 4062 1038 φιμώ-

2499 1083 2611 1128 σεις
2635 1065 2760 1133 βοῦν
2807 1063 3067 1118 ἀλοῶντα.
3096 1080 3116 1115 ι
3161 1063 3250 1115 Ἐν
3278 1061 3436 1131 χρείᾳ
3467 1061 3644 1112 τοίνυν
3693 1062 3722 1112 6
3750 1058 4067 1126 νομομαθὴς

2499 1159 2722 1218 ἐκεῖνος,
2755 1154 3042 1224 ἄνθρωπος
3089 1152 3184 1206 τοῦ
3239 1154 3476 1222 πάρετος
3498 1151 3609 1219 (62)
3639 1149 3872 1217 νομίμου
3905 1162 4066 1214 γεγο-

2499 1247 2626 1309 νὼς,
2653 1245 2904 1298 κάκεῖθεν
2932 1245 3173 1314 ὑφαίνων
3192 1245 3291 1314 τὴν
3309 1243 3650 1311 παραίνεσιν,
3672 1239 3744 1302 ώς
3769 1239 3852 1291 δεῖ
3863 1239 3958 1290 τὸν
3985 1237 4066 1298 εις

2499 1336 2698 1408 ἀρετὴν
2727 1337 2946 1404 ἑτέρους
2988 1334 3456 1404 προτρεπόμενον,
3509 1331 3670 1385 αὑτὸν
3695 1330 3901 1398 ταύτης
3926 1330 4066 1381 ἀπο·

2500 1428 2683 1481 λαύειν
2717 1429 3000 1498 πρότερον,
3055 1421 3154 1480 εἶθ’
3205 1424 3378 1488 οὕτως
3423 1425 3516 1476 ἐπὶ
3547 1423 3648 1494 τὴν
3684 1423 3920 1491 μίμησιν
3940 1421 4069 1481 τοὺς

2500 1521 2772 1590 ἀκροατὰς
2803 1517 3138 1588 παρακαλεῖν
3162 1532 3177 1546 ο
3201 1515 3257 1586 ἢ,
3286 1517 3334 1568 εί
3366 1513 3565 1583 βούλει,
3601 1513 3728 1574 τοὺς
3755 1510 4069 1572 κοπιῶντας

2499 1612 2600 1679 τῆς
2621 1611 2728 1663 ἀπὸ
2771 1611 2879 1663 τῶν
2937 1609 3113 1662 πόνων
3169 1604 3525 1678 παραμυθίας
3566 1604 3642 1673 μὴ
3680 1601 4063 1671 ὑστερεῖσθαι·

2499 1701 2673 1753 ταῦτα
2698 1699 2791 1753 καὶ
2813 1699 2899 1752 διά
2928 1699 3024 1768 τῆς
3048 1695 3347 1763 Μωσαῖκῆς
3366 1692 3688 1763 νομοθεσίας
3727 1690 4067 1759 συγκροτῶν,

2500 1789 2825 1860 ἐπήγαγεν-ε
2857 1787 2933 1839 Οὺ
2956 1785 3222 1855 φιμώσεις
3255 1781 3653 1853 βοῦνάλοιῖιντα.
3678 1797 3698 1831 ι
3725 1775 3855 1831 Εἶτα
3881 1779 3976 1831 ίνα
3997 1778 4067 1846 μή

2429 1845 2471 1899 Β
2496 1845 2752 1950 τιςιεῑπῃ
2789 1895 2804 1909 ·
2853 1879 2911 1931 Ἡ
2939 1845 2990 1930 τί
3015 1845 3150 1946 πρὸς
3180 1845 3481 1946 ἀνθρώπων
3512 1872 3673 1940 φύσιν
3699 1871 3760 1922 τὺ
3791 1869 3904 1921 τῶν
3934 1867 4070 1936 βοιῖιν

2498 1975 2680 2043 γένος;
2704 1991 2723 2023 ι
2752 1971 2826 2022 Οὐ
2843 1969 2949 2023 τῶν
2972 1968 3129 2037 βοῶν,
3147 1967 3332 2036 φησὶν,
3363 1963 3594 2017 ἐνταῦθα
3627 1961 3775 2032 μέλει
3799 1958 3879 2028 τῷ
3891 1958 4066 2028 Θεῷ.»

2497 2063 2574 2116 Δι’
2605 2064 2753 2132 ἡμᾶς
2781 2061 2890 2130 γάρ
2922 2063 2952 2113 6
2979 2058 3064 2113 ἐπ’
3099 2059 3282 2120 αὐτοῖς
3311 2056 3471 2125 έτέθη
3502 2055 3665 2125 νόμος
3690 2069 3705 2083 ο
3731 2055 3792 2105 οὐ
3819 2052 3933 2120 γὰρ
3959 2052 4070 2119 ἔχει

2498 2153 2917 2225 προηγουμένην
2937 2151 3035 2219 τὴν
3062 2148 3212 2202 θέσιν
3248 2146 3332 2200 ἔπ’
3378 2145 3600 2198 ἐκείνων
3624 2160 3639 2174 ·
3670 2143 3790 2195 οὐδὲ
3819 2142 3925 2209 τῆς
3961 2140 4070 2192 τῶν

2497 2245 2706 2311 ἀλόγων
2729 2243 3000 2304 πολιτείας
3028 2241 3064 2311 ἠ
3093 2237 3362 2309 Metuisti)
3385 2234 3676 2306 νομοθεσία
3706 2232 4066 2301 στοχάζεται·

2495 2336 2612 2390 ἀλλ’
2644 2336 2785 2404 ἅπερ
2815 2334 3025 2404 ἑτέροις
3080 2331 3370 2403 περιετέθη
3420 2327 3762 2400 προσώποις,
3792 2323 3973 2377 ταῦτα
4001 2321 4067 2375 δι’

2497 2430 2645 2499 ἡμᾶς
2674 2427 2895 2499 Wﬁlin-

2568 2522 2735 2574 Μέλει
2767 2519 2866 2589 μὲν
2895 2518 3005 2589 γὰρ
3033 2516 3141 2570 τῶν
3171 2514 3311 2586 βοῶν
3348 2511 3425 2582 τῷ
3452 2511 3595 2583 Θεῷ,
3627 2509 3814 2579 ὥσπερ
3843 2507 3944 2560 καὶ
3960 2505 4070 2558 τῶν

2500 2613 2673 2666 ἀλλων
2721 2611 3072 2679 κτισμάτων·
3128 2606 3265 2660 ἀλλά
3295 2605 3394 2674 οὐχ
3420 2603 3562 2656 ὥστε
3606 2601 3733 2672 περὶ
3762 2597 3947 2652 αὐτῶν
3977 2595 4070 2648 καὶ

2501 2705 2695 2772 νόμους
2728 2699 3173 2763 ίεκτίθεσθαι,ιιαλ⁵
3209 2700 3309 2767 τῆς
3354 2693 3624 2755 πολιτείας
3670 2692 3899 2754 τύπους,
3946 2687 4069 2742 καθ’

2499 2797 2593 2859 οὓς
2623 2812 2686 2863 γε
2715 2793 3000 2864 βιώσονται
3020 2807 3036 2822 σ
3069 2788 3207 2843 ἀλλά
3241 2787 3340 2841 καὶ
3378 2781 3454 2841 ῶν
3505 2781 3738 2855 προῆλθε
3767 2781 4066 2847 διάταγμα,

2501 2886 2588 2938 διά
2635 2887 2732 2955 τὴν
2754 2883 2863 2936 τῶν
2884 2880 3188 2952 ἀνθρώπιον
3216 2879 3405 2950 χρείαν
3445 2876 3541 2930 καὶ
3567 2871 3942 2940 παιδαγωγίαν
3971 2869 4068 2938 τὴν

2500 2977 2758 3044 είσφοράν
2790 2971 3128 3026 οίκειώσατο.
3156 2968 3268 3021 Καὶ
3288 2965 3447 3018 τοῦτο
3477 2961 3706 3032 φανερὸν
3732 2959 3893 3012 οὐδὲν
3916 2957 4071 3044 ἐλατ-

2501 3040 2727 3121 τον-καὶ
2777 3067 2843 3117 ὲκ
2900 3062 3008 3114 τῶν
3039 3061 3213 3115 ἀλλων
3266 3057 3420 3122 ζώων
3463 3054 3808 3113 καθίσταται,
3842 3040 4069 3118 περὶῶ

828 3151 937 3199 test
961 3146 1228 3199 exhiberi.
1255 3146 1517 3210 Quaenam
1549 3147 1806 3200 nimirum
1841 3149 1905 3202 de
1954 3149 2219 3212 leonibus,
2254 3165 2400 3218 qua:-

2429 3166 2471 3223 c
2502 3158 2729 3227 οὐδεμία
2753 3155 2930 3225 νόμων
2953 3151 3181 3221 εἰσφορά
3207 3150 3587 3202 διαδείκνυται.
3618 3145 3774 3202 Ποῖος
3799 3141 3914 3211 γὰρ
3943 3137 4070 3209 περὶ

828 3250 954 3290 nam
983 3237 1051 3289 de
1104 3236 1506 3306 elepliantibus,
1557 3245 1652 3290 aut
1683 3238 1752 3291 de
1800 3237 2173 3304 unieoruibus,
2213 3251 2304 3293 aut
2337 3241 2406 3293 de

828 3325 1177 3388 draconibus,
1230 3333 1324 3378 aut
1371 3326 1437 3379 de
1503 3325 1805 3381 innumeris
1869 3327 1990 3382 aliis
2038 3329 2403 3384 auimantiutn

829 3414 1141 3483 generibus,
1173 3428 1402 3482 quorum
1426 3414 1672 3482 quaedam
1697 3417 2044 3471 mansueﬁeri
2075 3429 2400 3483 cernuntur,

829 3513 1021 3557 caetera
1053 3518 1181 3557 vero
1218 3504 1499 3557 hominum
1529 3502 1959 3561 familiaritatem
2002 3519 2057 3562 et
2111 3509 2405 3562 c0utuber-

830 3595 983 3648 nium
1011 3609 1234 3663 prorsus
1281 3596 1574 3664 refugiunt,
1626 3597 1846 3651 inducta
1875 3597 1959 3652 lex
1999 3599 2117 3653 est?
2141 3600 2254 3654 Hoc
2282 3615 2407 3669 pro-

833 3684 975 3738 fecto
995 3699 1119 3739 cuiu
1151 3687 1342 3739 beatus
1387 3687 1498 3747 ille,
1527 3695 1581 3740 et
1602 3686 1818 3742 divinus
1861 3689 1963 3753 vir,
1996 3690 2211 3755 melius,
2239 3707 2404 3762 quam

829 3774 1010 3845 quivis
1055 3774 1216 3836 alius,
1247 3776 1596 3844 comperiret,
1638 3786 1823 3846 utpote
1875 3779 2011 3848 legis
2054 3780 2268 3846 doctor,
2305 3783 2406 3841 Ec-

829 3866 1010 3919 clesia:
1037 3866 1186 3928 tuba,
1214 3873 1270 3918 et
1305 3880 1456 3919 mens
1477 3867 1752 3934 sublimis,
1786 3878 1899 3922 tum
1939 3885 2121 3931 rerum
2147 3875 2394 3929 omnium

831 3955 1223 4025 providentiam
1276 3956 1328 4009 in
1388 3958 1573 4013 multis
1629 3960 1874 4026 epistolis
1927 3961 2237 4030 frequenter
2296 3965 2403 4021 Deo

831 4047 1231 4101 sttribuendam
1284 4048 1561 4116 pradicat,
1612 4060 1723 4103 tum
1769 4050 1927 4106 docet
1979 4055 2097 4108 illas
2123 4055 2192 4109 de
2230 4057 2402 4113 brutis

831 4136 996 4206 leges,
1024 4152 1162 4208 quas
1215 4138 1451 4193 Mosaica
1485 4140 1662 4194 littera
1709 4142 1949 4208 adhibet,
2008 4161 2114 4198 non
2156 4149 2400 4216 ipsorum

833 4227 1046 4280 vivendi
1099 4243 1345 4281 normam
1392 4229 1642 4294 delinire,
1705 4247 1881 4300 neque
1941 4235 2079 4288 adeo
2112 4237 2270 4292 bruta
2307 4241 2398 4293 Dei

833 4317 1115 4378 interesse.
1148 4323 1390 4372 utetiam
1414 4320 1538 4388 jura
1574 4321 1642 4374 ad
1679 4321 1917 4391 ipsorum
1955 4325 2398 4394 gubernationem

833 4409 1133 4476 spectantia
1197 4412 1598 4472 conscriberet;
1657 4420 1713 4466 at
1772 4415 1952 4481 potius
2009 4415 2123 4471 haec
2183 4419 2248 4471 ad
2312 4420 2398 4472 in-

2506 3249 2732 3301 λεόντων
2758 3263 2773 3310 ;
2830 3245 2914 3306 τίς
2956 3245 3013 3297 δὲ
3045 3243 3172 3312 περὶ
3200 3239 3524 3308 ἐλεφάντων,
3553 3237 3588 3305 ἢ
3657 3227 4067 3303 μονοκερώτων,

2504 3340 2865 3412 ἢδρακόντων
2905 3336 3067 3404 νόμος
3117 3333 3510 3402 είσενήνεκται,
3554 3328 3587 3398 ἢ
3635 3326 3844 3396 μυρίων
3891 3321 4068 3376 ἀλλων

2504 3411 2699 3499 γενῶν,
2732 3426 2807 3483 ῶν
2828 3429 2896 3481 τὰ
2925 3427 3024 3498 μὲν
3055 3427 3244 3496 ὁρᾶται
3300 3421 3561 3493 χειροήθη
3612 3413 3987 3486 γινόμενα,τά
4014 3411 4069 3464 δὲ

2505 3520 2781 3582 παντελῶς
2810 3517 2907 3588 τὴν
2932 3517 3067 3587 πρὸς
3085 3515 3387 3586 ἀνθρώπων
3425 3509 3659 3578 ὁμιλίαν,
3687 3506 3868 3559 καὶτὸ
3893 3504 4066 3573 ὁμορ-

2506 3613 2690 3682 ρόφιον
2714 3608 3148 3677 ἀποστρέφεταις
3207 3603 3381 3657 Τοῦτο
3424 3602 3556 3670 γοῦν
3603 3599 3697 3652 καὶ
3733 3598 3763 3649 6
3794 3593 4068 3682 μακάριος

2505 3676 2703 3763 ἐκεῖνος
2757 3700 2852 3752 καὶ
2899 3676 3047 3761 θεῖος
3106 3695 3411 3766 ἄνθρωπος,
3449 3691 3608 3759 εἴπερ
3643 3705 3728 3749 τις
3766 3684 3949 3746 ἀλλος,
3977 3676 4069 3735 οἷα

2503 3791 2568 3862 δὴ
2608 3792 2841 3860 μάλιστα
2869 3791 2963 3842 καὶ
2984 3784 3318 3857 νομομαθὴς,
3362 3780 3542 3845 είδῶς,
3570 3780 3671 3846 τῆς
3734 3773 4070 3842 Ἐκκλησίας

2504 3879 2812 3951 ἠσάλπιγξ,
2863 3881 2892 3931 6
2939 3876 3063 3939 νοῦς
3109 3877 3138 3927 6
3194 3874 3507 3943 μετάρσιος,
3547 3870 3642 3922 καὶ
3677 3866 3775 3935 τὴν
3807 3865 4068 3934 πρόνοιαν

2501 3972 2835 4041 ἀνηρτῆσθαι
2865 3969 3082 4022 πάντων
3109 3963 3398 4033 πολλαχοῦ,
3447 3961 3540 4014 καὶ
3574 3958 3830 4018 πολλάκις
3857 3956 4070 4041 ἀνακη-

2505 4035 2854 4129 ρύττεινθεῷ,
2893 4058 2988 4108 καὶ
3037 4057 3161 4116 τοὺς
3191 4056 3318 4121 περὶ
3344 4050 3453 4102 τῶν
3493 4048 3702 4115 ἀλόγων
3729 4046 3954 4110 νόμους,
3985 4035 4069 4101 οἷς

2501 4151 2771 4220 έχρήσατο
2795 4147 3106 4217 τδγράμμα
3154 4143 3215 4196 τὺ
3246 4140 3557 4202 Μωσαῖκόν,
3593 4138 3653 4190 οὐ
3685 4134 3774 4188 διὰ
3797 4133 3892 4186 τδν
3923 4130 4070 4183 ἑκεί-

2502 4259 2608 4294 νων
2637 4242 2752 4310 βίον
2788 4239 3142 4305 θεσπισθῆναι
3196 4231 3623 4305 προηγουμένως
3666 4225 4065 4293 ἀποφαίνεταιο

2500 4330 2618 4383 οὐδὲ
2647 4327 2900 4381 τοσοῦτον
2956 4325 3138 4380 αὐτῶν
3187 4324 3402 4394 μέλλειν
3458 4319 3536 4389 τῷ
3594 4315 3731 4385 Θεῷ,
3785 4314 3928 4367 ὥστε
3970 4312 4066 4364 καὶ

2501 4420 2735 4490 θεσμοὺς
2785 4419 2866 4480 είς
2914 4417 3011 4487 τὴν
3058 4415 3280 4467 ὶκείνων
3321 4409 3596 4465 πολιτείαν
3623 4403 4066 4474 ἀναφερομένους

832 4498 1022 4552 docilis
1071 4499 1278 4553 Judaiei
1314 4503 1494 4570 populi
1548 4502 1874 4567 doctrinam,
1921 4507 2272 4575 regimenque
2311 4525 2395 4564 sa-

2430 4493 2946 4580 θάναγρὰφεσθαι⁸
2999 4505 3113 4558 ἀλλ⁹
3169 4505 3262 4556 ἐπὶ
3318 4494 3684 4569 παιδαγωγίᾳ.
3738 4496 3834 4548 καλ⁸
3899 4509 4065 4562 νομοο

832 4591 1170 4658 pientissimo
1218 4603 1272 4645 et
1311 4593 1528 4648 occulto
1560 4595 1791 4648 consilio
1839 4597 2073 4665 prolata,
2111 4608 2166 4653 et
2206 4600 2396 4656 litteris

831 4677 1032 4732 credita
1054 4677 1223 4734 fuisse
1249 4681 1434 4736 tradit.

899 4877 1051 4932 Patet
1077 4878 1277 4948 itaque,
1307 4877 1450 4946 quod
1495 4891 1605 4932 non
1648 4878 1810 4932 modo
1857 4878 2178 4947 praedicator
2228 4882 2397 4936 docu~

832 4971 1027 5023 mentis
1051 4969 1290 5038 magistri
1347 4969 1400 5022 in
1449 4969 1598 5022 nulla
1661 4984 1897 5038 unquam
1947 4985 2004 5023 re
2040 4971 2396 5039 adversetur;

833 5076 1015 5115 verum
1041 5062 1202 5112 etiam
1241 5074 1302 5112 ea
1346 5059 1668 5112 documenta
1699 5061 2113 5115 confirmatione
2145 5063 2396 5116 munian-

832 5161 939 5212 tur.
975 5152 1242 5221 pracipue
1269 5150 1398 5204 dum
1429 5149 1658 5205 diversis
1689 5166 1868 5205 rerum
1897 5155 2234 5219 argumentis
2262 5170 2392 5209 usus

825 5244 1187 5298 diversitatem
1211 5245 1596 5298 convenienter
1624 5246 2019 5306 accommodat,
2037 5255 2089 5298 et
2109 5247 2160 5297 in
2194 5248 2390 5313 quovis

829 5350 928 5388 usu
965 5334 1240 5389 doctrinas
1269 5335 1411 5388 inter
1443 5349 1500 5388 se
1526 5334 1811 5389 distinctas
1839 5334 2059 5388 minime
2079 5336 2385 5403 confundit;

827 5423 1133 5493 praebetque
1161 5438 1222 5479 se
1253 5424 1357 5492 piis
1386 5423 1518 5478 viris
1553 5438 1825 5486 normam,
1864 5439 1974 5492 quo
2002 5434 2160 5493 pacto
2194 5426 2391 5479 debeat

936 5538 983 5572 ”
1012 5538 1167 5596 Deu't.
1220 5554 1354 5604 ειη,
1393 5537 1448 5593 θ.

828 5611 923 5665 vit.
965 5625 1077 5676 xix,
1111 5610 1208 5675 t9;
1233 5609 1390 5664 Deut.
1429 5623 1555 5674 xxv,
1578 5608 1646 5674 ές
1687 5609 1707 5662 l
1742 5610 1869 5662 Cor.
1899 5625 1975 5668 ιι,
2002 5613 2054 5662 9.

1555 5536 1604 5569 ⁸⁸
1637 5537 1807 5592 Exod.
1838 5553 2021 5598 xxxiv.
2051 5537 2152 5607 2'5;
2188 5539 2342 5595 Deut.
2377 5555 2486 5608 xlv,
2511 5539 2602 5593 2i.

2502 4602 2656 4671 θεσίᾳ
2682 4599 2777 4652 τοῦ
2802 4596 3074 4668 δυσηνίου,
3099 4596 3193 4647 καὶ
3231 4592 3519 4647 Ἰουδλῖκοῦ
3567 4590 3773 4650 ἔθνους,
3818 4602 3917 4638 και
3967 4587 4066 4654 ρη-

2499 4695 2678 4763 θῆναι,
2735 4692 2827 4745 καὶ
2883 4688 3266 4756 ἀναγραφῆναι
3313 4683 3619 4752 σοφωτάτῃ,
3659 4679 3756 4733 καὶ
3794 4691 4064 4730 συνεπτυ-

2495 4785 2671 4856 γμένῃ
2703 4783 2881 4852 κρίσει
2907 4780 3261 4849 παραδίδωσι.

2569 4876 2734 4943 Δῆλον
2775 4869 2890 4936 οὖν,
2942 4872 3016 4934 ὡς
3040 4871 3099 4923 οὐ
3126 4871 3284 4939 μόνον
3335 4866 3487 4918 οὖδὲν
3533 4860 3781 4932 οὐδαμῶς
3804 4861 3836 4913 6
3875 4858 4062 4930 κῆρυξ

2496 4965 2916 5033 ἀντιφθέγγεται
2947 4961 3081 5031 πρὸς
3113 4961 3181 5011 τὰ
3208 4956 3530 5011 διδασκάλου
3567 4955 3898 5020 διδάγματα·
3921 4951 4062 5005 ἀλλὰ

2496 5059 2587 5110 καὶ
2611 5056 2893 5125 βεϐαίωσις
2917 5053 3098 5106 αὐτῶν
3127 5051 3470 5110 καθίσταται,
3509 5047 3743 5118 μάλιστα
3763 5047 3822 5098 ἑν
3843 5044 3924 5115 τῷ
3942 5043 4064 5096 δισμ-

2493 5150 2644 5218 φόρῳ
2668 5148 2776 5200 τῶν
2815 5146 3123 5199 ὑποθέσεων
3153 5143 3248 5196 καὶ
3267 5144 3366 5212 τὴν
3392 5141 3656 5210 διαφορὰν
3678 5137 3776 5206 τῆς
3803 5137 4063 5206 χρήσεως

2491 5241 2838 5310 καταλλήλως
2883 5236 3310 5306 διορθούμενος,
3368 5234 3461 5285 καὶ
3509 5232 3794 5300 φυλάττων
3850 5229 4060 5298 ἑκάστῃ

2493 5333 2652 5404 χρείᾳ
2681 5333 2741 5384 τὸ
2769 5331 2868 5400 τῆς
2917 5329 3150 5398 θεωρίας
3167 5327 3582 5396 διακεκριμένον
3603 5321 3929 5389 ἀσύγχυτον,
3961 5322 4062 5372 καὶ

2501 5426 2660 5494 νόμον
2678 5426 2790 5485 τοῖς
2815 5420 3095 5475 εὐσεϐέσιν
3117 5417 3307 5472 ἑαυτὸν
3333 5416 3628 5486 προτιθεὶς,
3653 5414 3797 5474 ὅπως
3812 5412 3923 5484 χρὴ
3946 5410 4063 5463 τῶν

2714 5538 2758 5568 ⁸⁸
2793 5536 2949 5590 Deut.
2987 5548 3122 5600 xxtt,
3146 5533 3200 5587 9.
3295 5531 3340 5564 “
3377 5530 3535 5585 Deut.
3567 5526 3794 5594 xxn,ll.
3870 5524 3922 5560 ⁸⁸
3950 5522 4062 5580 Le-

2339 5697 2569 5753 ΝΟΤᾸΞ.

895 5795 1006 5866 (υἱ)
1037 5796 1110 5850 Τὸ
1143 5797 1378 5869 παρέ-,ου
1443 5794 1629 5853 suﬂice
1680 5796 1758 5868 τῷ
1787 5798 2036 5869 πάρετος,
2081 5801 2173 5848 aut
2215 5793 2392 5848 scribe

2432 5793 2559 5862 παρ’
2591 5789 2761 5855 ἔθνος,
2798 5789 2920 5859 legis
2955 5788 3008 5841 in
3037 5794 3184 5855 gente
3210 5801 3307 5841 sua
3339 5781 3575 5855 vigentis.
