4202 6442
234 406 350 469 225

1189 407 1284 465 ΑΙ)
1321 391 1913 466 AMP'HILOCHIUM
1944 406 2290 478 QUESTIO
2324 411 2504 473 xxx.

3373 422 3481 485 226

238 523 403 592 ἱερῶν
452 520 610 593 ἡμῶν
652 518 861 588 Δογίων
921 518 1014 572 τὸν
1055 516 1181 572 νοῦν
1248 518 1583 589 ἀνιχνεύειν*
1620 520 1712 571 καὶ
1734 516 1796 589 at}

1916 532 2197 576 sacrarum
2233 522 2555 578 Litterarum
2591 537 2785 579 sensus
2844 522 3177 596 investigari,
3236 540 3338 582 nec
3387 544 3486 597 pro

235 613 512 684 προχείρῳ
565 610 675 664 τῶν
724 610 1023 681 ῥημάτων,
1071 610 1170 681 τῆς
1221 611 1463 675 διανοίας
1517 611 1809 679 ἀντιφθεγο

232 704 518 773 γομένης,
584 701 821 771 μάλιστα
869 702 947 772 μὴ
985 702 1129 756 κατά
1183 703 1246 755 τὺ
1301 704 1433 771 ῥᾷον
1493 703 1811 773 παρασύρε-

234 790 383 844 σθαι.

310 882 561 934 Ἐνεστιν
582 882 677 935 οὖν
709 881 1015 952 διδασκάλῳ
1047 882 1125 953 τῷ
1147 882 1311 954 κοινῷ
1347 885 1444 953 τῆς
1485 885 1810 956 Ἐκκλησίας

226 972 540 1041 διδασκάλῳ
560 973 866 1043 χρώμενον,
897 970 981 1039 οἷς
1009 976 1149 1046 ἔρως
1181 976 1281 1045 μιν
1304 977 1626 1046 ἡεύσέσεια,
1649 979 1810 1047 ἔργον

233 1062 294 1113 δὲ
358 1062 551 1130 σοφίας
596 1063 629 1132 ἡ
688 1062 982 1135 διάκρισις,
1030 1065 1123 1119 καὶ
1153 1066 1187 1136 ἡ
1224 1064 1430 1120 ἀνωθεν
1484 1065 1593 1119 τῶν
1636 1066 1810 1135 λόγων

235 1154 419 1222 χάρις,
443 1154 820 1221 εναυγάζουσα
859 1156 1003 1209 κατά
1043 1154 1281 1226 μίμησιν
1307 1154 1401 1208 τοῦ
1432 1154 1808 1225 καθηγεμόνος

230 1245 612 1314 μεθοδεύοντα,
668 1246 1050 1318 φανερώτερον
1088 1247 1169 1301 ἔτι
1223 1247 1518 1312 δεικνύναι,
1549 1247 1626 1311 ῶς
1656 1248 1808 1303 οὐδὲν

228 1340 261 1404 ἡ
283 1339 508 1408 τοιαύτη
548 1338 657 1393 τῶν
687 1341 949 1410 ῥημάτων
1012 1343 1207 1413 χρῆσις
1246 1340 1370 1395 οὔτε
1398 1357 1452 1394 τι
1481 1341 1591 1395 τῶν
1646 1342 1812 1411 ίερῶν

226 1428 387 1495 ἡμῶν
438 1428 724 1497 δογμάτων
776 1430 1214 1500 ὲπιλυμαίνεται,
1269 1431 1394 1503 οὔτε
1443 1432 1566 1486 τινά
1613 1432 1806 1503 μῶμον

225 1518 593 1588 ἐπιτρίσεται,
625 1518 765 1573 ἀλλά
796 1522 892 1575 καὶ
919 1521 1233 1576 τούναντίον
1261 1521 1410 1577 ιπαν
1430 1523 1492 1577 τὸ
1516 1522 1806 1595 σύμφωνόν

221 1623 288 1659 τε
322 1608 416 1661 καὶ
446 1608 768 1680 ἀδιάσλητον
821 1610 1240 1679 συνεργάζεται.
1272 1604 1398 1664 Οἶον
1430 1610 1803 1681 ἀσπλαγχνίας

222 1715 310 1759 τις
349 1699 445 1752 καὶ
488 1701 871 1771 ἀσυμπαθείας
904 1701 1184 1771 μεθέλκων
1214 1701 1415 1774 τινά,ἢ
1444 1704 1576 1773 πρὸς
1624 1703 1801 1772 ἀπλη-

225 1789 384 1843 στίαν
413 1790 647 1859 ῥέουσαν
683 1793 1049 1862 ἀναχαιτίζων
1094 1792 1343 1865 γνώμην,
1372 1794 1407 1864 ἢ
1438 1796 1559 1859 ταῖς
1592 1794 1803 1862 ίγνύσιν

223 1882 587 1952 ἀμσοτέραις,
617 1884 680 1937 τὸ
700 1884 994 1955 λεγόμενον
1022 1886 1154 1956 (65).
1184 1886 1609 1955 ιπιχωλαίνοντα
1640 1888 1804 1958 ἀνορ-

219 1972 337 2025 οῶν
365 1989 447 2036 τε,
473 1975 568 2027 καὶ
607 1976 1007 2047 ὑποστηρίζων,
1059 1978 1153 2032 καὶ
1198 1978 1335 2048 πρὸς
1372 1979 1472 2050 τὴν
1512 1980 1802 2051 σωτήριον,

218 2067 320 2120 καὶ
354 2069 686 2139 μονότροπον
724 2071 1046 2127 ἀπευθύνων
1086 2074 1295 2146 τρίϐον,
1338 2073 1543 2127 τούτων
1572 2075 1801 2129 ἕκαστον

215 2159 326 2227 τῆς
350 2159 548 2226 ἀλόγου
582 2162 758 2233 ῥοπῆς
787 2165 842 2217 εῐ
874 2183 959 2230 τις
991 2166 1183 2231 ἀλλαις
1212 2168 1312 2238 μιν
1340 2168 1567 2233 πολλαῖς
1602 2186 1803 2241 παραι-

216 2247 438 2303 νέσεσιν
496 2253 781 2324 ὲπέχειρεν
832 2258 1174 2313 ἀνακτᾶσθαι
1205 2301 1220 2325 ,
1270 2260 1506 2333 συνείρει
1550 2262 1607 2315 δὲ
1660 2262 1803 2331 μάλα

214 2340 495 2411 εὐστόχως
529 2360 588 2397 τε
620 2348 717 2399 καὶ
767 2347 1093 2420 ἐπικαίρως⁸
1115 2352 1177 2405 ού
1209 2352 1318 2423 γάρ
1338 2353 1564 2423 ἔμαθες,
1594 2354 1802 2427 ἀνθρω-

218 2447 315 2494 πε,
335 2434 488 2503 παρά
507 2434 615 2488 τῶν
632 2438 945 2493 Μωσαῖκῶν
965 2443 1164 2511 νόμων,
1188 2444 1284 2497 καὶ
1302 2446 1799 2516 παραγγελμάτων,

218 2522 301 2591 μὴ
333 2523 487 2592 ἕψειν
516 2525 655 2598 ἀρνα
690 2532 748 2581 ἐν
768 2530 1000 2598 γάλακτι
1026 2535 1232 2605 μητρὸς
1261 2536 1451 2601 αὐτοῦ,
1477 2536 1612 2607 μηδὲ
1642 2537 1799 2590 σπεί-

216 2628 340 2680 ρειν
361 2614 453 2667 τὸν
498 2617 817 2686 ἀμπελῶνα,
855 2623 988 2694 μηδὲ
1024 2626 1372 2695 περιϐόλαιον
1402 2628 1587 2700 σαυτῷ
1625 2630 1798 2682 ποιεῖ-

215 2703 372 2771 σθαι,
411 2708 506 2761 καὶ
537 2709 717 2779 βδέλον
749 2713 862 2784 (64)
898 2714 961 2780 ἐξ
980 2717 1316 2787 ἑτερογενῶν
1364 2719 1621 2789 νημάτων
1648 2720 1799 2791 ἐρίου

208 2812 274 2849 τε
325 2799 425 2852 καὶ
473 2800 617 2855 λίνου
655 2807 1100 2877 συνυφασμένονς
1131 2810 1199 2861 Ἦ
1228 2808 1290 2862 ού
1324 2811 1491 2864 πᾶσιν
1524 2810 1798 2881 ἐπίδηλον,

206 2888 287 2953 ὡς
315 2890 387 2943 τά
406 2890 751 2963 θεσπίσματα
778 2896 953 2951 ταῦτα
998 2897 1123 2953 οὔτε
1164 2899 1365 2969 ἀρνῶν,
1406 2901 1501 2954 καὶ
1540 2902 1796 2973 μητρῴου

210 2978 489 3044 γάλακτος
539 2985 958 3057 προηγουμένην
1021 2986 1137 3056 ἔχει
1163 2989 1264 3059 τὴν
1326 2989 1498 3043 θέσιν
1537 2989 1652 3043 ἀλλ’
1677 2991 1797 3043 οὐδέ

211 3087 278 3136 γε
301 3074 433 3139 περὶ
466 3073 809 3141 ἀμπελῶνος,
838 3076 899 3129 ού
933 3077 1041 3147 μὴν
1071 3078 1190 3132 οὐδὲ
1220 3080 1352 3150 περὶ
1379 3080 1489 3133 τῶν
1515 3080 1798 3152 διαφόροις

218 3162 439 3231 νήμασι
478 3164 904 3235 συντεθειμένων
953 3167 1327 3237 ύφασμάτων;
1374 3169 1484 3223 Ποῦ
1512 3170 1621 3240 γὰρ
1666 3171 1793 3240 περὶ

211 3252 500 3319 νημάτων,
526 3252 710 3325 ἢπερὶ
730 3256 1093 3325 ἀμπελώνων,
1124 3260 1372 3332 ἢάρνῶν,
1399 3262 1495 3314 καὶ
1524 3261 1792 3329 γάλακτος

206 3343 292 3410 τῷ
347 3342 471 3413 Θεῷ
514 3344 685 3414 μέλει,
715 3347 858 3401 ῶστε
913 3350 1006 3402 καὶ
1063 3350 1250 3421 νόμοις
1310 3352 1635 3406 ὑποϐάλλειν
1692 3354 1791 3407 αύ-

208 3433 305 3494 τὰ,
339 3434 435 3486 καὶ
468 3434 635 3504 μηδὲν
689 3438 871 3491 αὐτῶν
894 3440 994 3510 τὴν
1020 3441 1371 3513 ἀνθρωπίνην
1420 3443 1602 3512 φύσιν,
1628 3447 1695 3499 δι’
1725 3449 1791 3517 ἣν

210 3524 436 3575 ἅπαντα
496 3527 769 3598 προήχθη,
821 3530 1123 3601 διαφέρειν.

298 3616 463 3671 Ἀλλά
480 3617 658 3689 δῆλον,
681 3621 761 3673 ὅτι
789 3622 856 3673 δι’
885 3623 1031 3693 ἡμᾶς
1054 3624 1150 3677 καὶ
1165 3625 1477 3697 προύνοήθη
1498 3626 1596 3697 τὴν
1617 3627 1791 3697 ἀρχὴν

206 3709 280 3760 τὰ
308 3708 554 3773 τοιαῦτα,
627 3713 721 3763 καὶ
754 3712 1046 3783 γράμμασι
1080 3715 1411 3787 διετυπώθη.
1444 3717 1517 3769 Τὸ
1554 3718 1653 3787 μὲν
1682 3718 1791 3771 τῶν

207 3804 419 3871 ἀρνῶν,
452 3804 503 3857 εί
534 3804 712 3874 βούλει
735 3806 814 3869 δὲ,
849 3809 943 3861 καὶ
990 3808 1099 3862 τῶν
1138 3810 1455 3880 στρουθίων,
1492 3811 1567 3875 ὡς
1600 3812 1667 3865 ἂν
1699 3811 1790 3865 ἐπὶ

206 3896 325 3948 τῶν
380 3896 590 3964 ἀλόγων
623 3899 683 3951 τὸ
713 3900 997 3967 συμπαθὲς
1056 3901 1150 3953 καὶ
1205 3900 1579 3973 εὖσπλαγχνον
1630 3904 1787 3956 παιδ-

208 3987 622 4058 αγωγηθέντες,
656 3989 833 4059 πολλῷ
866 3992 1068 4060 μᾶλλον
1097 3994 1191 4047 tul
1219 3994 1326 4047 τῶν
1364 3995 1663 4065 ὁμογενῶν,
1698 3995 1789 4049 καὶ

204 4080 309 4150 τὴν
342 4081 514 4150 αὐτὴν
555 4082 828 4151 λαχόντων
877 4084 1039 4151 φύσιν
1074 4085 1134 4138 τὺ
1163 4086 1544 4157 φιλάνθρωπόν
1570 4104 1626 4140 τε
1649 4129 1663 4153 ,
1694 4088 1789 4140 καὶ

206 4175 303 4225 τὸν
334 4175 484 4227 ἔλεον
528 4167 678 4243 ῶμεν
722 4174 1168 4246 επιδεδειγμένοι.
1196 4176 1271 4231 Τὸ
1299 4179 1354 4231 δὲ
1386 4179 1473 4233 ἴνα
1537 4180 1613 4249 μὴ
1653 4180 1789 4250 πρὸς

207 4266 519 4336 ἀπληστίαν
568 4270 859 4336 κεχηνότες
906 4270 976 4322 τά
1023 4287 1083 4323 τε
1116 4269 1250 4323 ἄλλα
1292 4271 1573 4339 δυστυχῶν
1614 4272 1789 4343 φερώ-

208 4358 376 4427 μεθα·
404 4357 616 4410 πολλῶν
650 4358 805 4430 γάρὴ
824 4361 1097 4431 ἀπληστία
1123 4360 1308 4413 κακῶν
1331 4361 1523 4423 αἴτιον,
1549 4363 1642 4415 καὶ
1663 4379 1786 4415 συν-

205 4452 496 4521 απορρεῐν,
533 4451 609 4512 ῶς
632 4452 852 4516 ἐπίπαν,
878 4451 1067 4504 εἴωθεν
1091 4452 1228 4522 αὐτῇ
1262 4454 1375 4516 καὶ,
1408 4453 1436 4505 ὃ
1464 4453 1687 4516 δικαίως
1720 4453 1786 4507 ἂν

1914 608 2070 665 obvia
2100 612 2386 667 verborum
2419 613 2657 679 notione,
2690 612 2779 667 ubi
2813 621 2958 667 recta
3005 616 3144 668 ratio
3196 627 3477 688 repugnat,

1913 701 1966 754 in
1996 717 2053 755 re
2084 704 2382 770 praesertim
2415 703 2557 759 facili
2582 704 2636 759 in
2666 719 2909 759 errorem
2942 704 3159 759 abduci.

1981 866 2151 947 Igitur
2171 878 2448 934 doctorem
2467 880 2639 947 decet,
2671 880 2952 935 communi
2982 880 3240 936 Ecclesiae
3261 880 3484 935 ductore

1912 976 2174 1033 utentem,
2212 969 2301 1034 iis,
2343 970 2545 1040 quibus
2584 971 2736 1026 cordi
2783 979 2869 1026 est
2930 970 3140 1041 religio,
3208 972 3485 1041 sapientia

1910 1067 2091 1113 autem
2124 1074 2263 1129 opus
2294 1071 2378 1116 est
2408 1062 2688 1127 discretio,
2716 1061 3067 1130 cmlestisque
3094 1062 3481 1132 interpretandi

1910 1167 2194 1209 sermones
2219 1154 2415 1223 gratia,
2436 1170 2559 1224 quae
2583 1155 2862 1209 hominem
2896 1168 2956 1209 se
2979 1162 3294 1225 sequentem
3323 1155 3482 1224 quasi

1908 1245 2017 1299 dux
2058 1244 2350 1309 illuminat,
2406 1246 2585 1300 adhuc
2636 1244 2938 1301 evidentius
2993 1244 3299 1309 ostendere,
3339 1245 3484 1311 quod

1908 1336 2033 1391 talis
2061 1351 2345 1392 sacrorum
2388 1338 2737 1397 oraculorum
2799 1350 2934 1392 usus
2963 1351 3065 1392 nec
3105 1335 3323 1407 aliquod
3358 1351 3486 1391 san-

1905 1438 2120 1484 ctorum
2152 1429 2467 1501 dogtnatum
2510 1440 2824 1486 nostrorum
2876 1429 3054 1496 laedat,
3096 1444 3194 1484 nec
3245 1428 3483 1499 aliquam

1909 1528 2094 1575 notam
2121 1530 2432 1589 mereatur;
2464 1520 2558 1577 sed
2592 1520 2856 1591 quidquid
2912 1520 3055 1575 inter
3113 1534 3173 1575 se
3219 1519 3483 1590 refragari

1906 1611 2141 1676 videtur,
2172 1626 2447 1668 consonas
2477 1611 2754 1678 veritates,
2807 1619 2862 1667 et
2913 1610 3048 1666 nulli
3110 1610 3485 1665 criminationi

1906 1703 2177 1759 obnoxias
2209 1703 2485 1759 conﬁciat.
2513 1703 2592 1759 ita
2616 1718 2749 1757 sane
2793 1702 2840 1758 si
2873 1702 2997 1773 quis
3048 1702 3116 1756 ab
3167 1702 3486 1757 inhumani-

1908 1803 2016 1851 tate
2042 1802 2208 1865 atque
2235 1794 2584 1850 inclementia
2615 1793 2847 1848 alterum
2910 1802 3216 1858 revocaret,
3256 1802 3312 1848 ct
3358 1807 3485 1863 pro-

1908 1903 2038 1942 num
2077 1887 2142 1941 ad
2174 1887 2487 1942 aviditatem
2512 1886 2753 1941 anhnum
2794 1898 3069 1947 coercere,
3107 1893 3203 1939 aut
3249 1893 3485 1953 utroque

1902 1979 2127 2049 poplite,
2161 1986 2221 2033 ut
2251 1978 2425 2044 aiunt,
2463 1978 2857 2033 claudicantem
2896 1976 3129 2047 erigere,
3164 1985 3218 2033 et
3247 1977 3482 2033 solidare

1911 2068 2092 2133 vellet,
2123 2082 2364 2139 eumque
2394 2068 2448 2122 in
2492 2067 2784 2123 salutarem
2831 2076 3147 2136 rectamque
3171 2066 3315 2119 viam
3346 2067 3480 2122 diri-

1902 2176 2074 2232 gere:
2106 2160 2319 2231 siquis,
2382 2160 2627 2230 inquam,
2671 2169 3118 2228 unumquemque
3170 2158 3361 2213 horum
3410 2158 3479 2213 ah

1902 2249 2011 2305 illis
2040 2248 2238 2304 rationi
2267 2248 2512 2304 adversis
2558 2248 3017 2319 propensionihus
3053 2247 3133 2301 vel
3166 2261 3259 2316 per
3294 2247 3481 2318 plures

1900 2341 2037 2396 alias
2118 2341 2527 2396 adhortationes
2580 2356 2773 2396 eruere
2827 2341 3255 2410 aggrederetur,
3317 2339 3480 2395 nimis

1901 2433 2153 2504 apposite
2181 2442 2595 2502 opportuneque
2623 2431 2915 2502 subjiceret
2942 2449 2956 2485 :
2993 2447 3174 2487 nonne
3218 2431 3477 2497 didicisti,

1900 2538 1935 2578 ο
1961 2524 2145 2588 homo,
2178 2523 2247 2578 ab
2279 2523 2544 2579 institutis
2598 2523 2991 2594 praeceptisque
3031 2521 3303 2588 Mosaicis,
3330 2525 3475 2592 quod

1903 2631 2004 2671 nec
2026 2615 2077 2671 in
2115 2615 2254 2671 lacte
2283 2617 2474 2672 matris
2499 2600 2613 2672 sua:
2636 2632 2837 2687 agnum
2865 2616 3051 2687 coqui,
3078 2632 3177 2673 nec
3208 2632 3391 2673 semen
3422 2618 3475 2672 in

1902 2706 2057 2761 vinea
2091 2706 2271 2778 spargi
2302 2707 2485 2772 liceat,
2516 2722 2615 2763 nec
2646 2707 3026 2762 indumentum
3055 2708 3151 2763 tibi
3198 2716 3293 2763 aut
3320 2709 3477 2780 poly-

1900 2800 2086 2853 mitam
2118 2807 2320 2854 vestem
2346 2815 2413 2853 ex
2443 2798 2678 2855 diversis
2709 2798 2867 2865 laute,
2901 2808 2956 2854 et
2982 2800 3078 2855 lini
3110 2800 3249 2856 liriis
3277 2801 3477 2857 debeas

1898 2890 2229 2945 contexere?
2262 2889 2449 2945 Nonne
2494 2890 2751 2945 omnibus
2790 2900 3128 2959 compertum
3181 2900 3286 2955 est,
3328 2891 3477 2961 quod

1900 2981 2277 3051 hujuscemodi
2304 2991 2632 3037 statutorum
2660 2981 3024 3054 promulgatio
3054 2997 3157 3038 nec
3178 2983 3355 3053 agnis,
3375 2998 3478 3038 nee

1901 3080 2151 3126 materno
2208 3072 2333 3127 lacti
2364 3111 2379 3133 .
2440 3070 2550 3126 imo
2588 3086 2686 3126 nec
2746 3074 2939 3133 vineae.
2994 3086 3096 3126 nec
3150 3072 3475 3126 vestimento

1897 3162 2130 3218 diversis
2159 3162 2266 3217 illis
2292 3164 2565 3219 constanti
2619 3164 2957 3234 prospiciat?
3007 3161 3147 3217 Num
3198 3178 3264 3218 eo
3304 3178 3479 3235 usque

1897 3251 2010 3317 fila,
2039 3261 2134 3307 aut
2159 3253 2349 3317 vineas,
2380 3262 2475 3307 aut
2495 3253 2641 3321 agni,
2668 3261 2722 3307 et
2752 3253 2837 3307 lac
2862 3250 2973 3308 Deo
3029 3260 3158 3308 sunt
3200 3268 3368 3315 curte.
3415 3262 3477 3307 ut

1899 3344 2108 3415 legibus
2151 3360 2373 3416 quoque
2413 3345 2517 3401 ista
2548 3345 2823 3416 subjiciat,
2860 3354 2913 3400 et
2949 3345 3201 3401 humana:
3248 3355 3475 3411 natum,

1898 3437 2059 3506 cujus
2085 3436 2259 3505 gratia
2300 3436 2482 3491 omnia
2509 3436 2773 3507 producta
2802 3444 2948 3496 sunt,
2992 3437 3045 3489 in
3087 3436 3231 3491 nulla
3280 3437 3473 3491 harum

1900 3544 2082 3584 rerum
2110 3528 2430 3599 provideat?
2910 3573 2917 3580 .

1973 3620 2135 3689 Atqui
2165 3628 2506 3690 perspectum
2529 3630 2633 3685 est,
2661 3620 2808 3690 quod
2850 3628 3072 3689 propter
3114 3634 3214 3675 nos
3260 3635 3321 3674 ea
3358 3622 3472 3690 jam

1904 3728 1973 3766 an
2003 3713 2159 3767 initio
2186 3714 2425 3782 provisa,
2445 3723 2499 3767 et
2521 3713 2713 3767 litteris
2734 3711 2991 3766 mandata
3026 3711 3247 3767 fuerint.
3269 3712 3468 3766 Partim

1899 3803 2068 3870 (ιμιοό
2102 3802 2310 3857 scilicet
2339 3802 2404 3856 ad
2437 3816 2627 3872 agnos,
2660 3803 2771 3856 imo
2787 3810 2838 3856 et
2855 3801 2921 3855 ad
2953 3816 3200 3871 passeres
3232 3802 3467 3867 attinet).

1898 3905 1958 3949 ut
1986 3910 2086 3950 nos
2123 3896 2176 3950 in
2208 3894 2367 3949 bruta
2408 3895 2968 3956 commiserationem,
3023 3902 3079 3948 et
3126 3894 3467 3949 clementiam

1896 3987 2093 4052 cdocti,
2115 3978 2287 4041 multo
2315 3986 2487 4059 magis
2516 3987 2594 4042 eis
2614 3986 2895 4055 quigenus
2924 3985 3065 4040 idem
3115 3984 3470 4055 eamdemque

1897 4080 2073 4133 sortiti
2108 4088 2239 4133 sunt
2266 4090 2540 4141 naturam.
2596 4078 2986 4133 humanitatem
3049 4086 3104 4131 ct
3157 4076 3466 4131 misericor-

1895 4161 2447 4225 diatn-exhibeamus.
2483 4168 2687 4224 Partim
2728 4184 2855 4224 vero
2900 4168 3066 4238 (quod
3129 4168 3195 4221 ad
3254 4168 3463 4222 vineam

1896 4275 2107 4330 nempe,
2143 4270 2197 4315 et
2227 4259 2463 4329 bovem),
2498 4274 2566 4313 ne
2598 4261 2648 4312 in
2679 4250 2995 4312 aviditatem
3023 4258 3387 4327 prolabamur,
3413 4268 3468 4311 et

1894 4352 2027 4406 alias
2059 4351 2222 4406 simul
2258 4352 2527 4419 patiamur
2553 4365 2824 4403 terumnas
2854 4367 2865 4399 :
2900 4354 3196 4404 multorum
3222 4349 3466 4419 profecto

1895 4445 2160 4499 malorum
2193 4458 2355 4498 causa
2389 4453 2469 4496 est
2493 4441 2745 4505 aviditas,
2776 4452 2828 4495 et
2858 4440 3023 4495 simul
3064 4456 3187 4496 cum
3238 4443 3373 4510 ipsa,
3406 4451 3465 4494 ut

205 4544 347 4610 ἡμῖν
382 4542 446 4605 ἐξ
497 4542 827 4609 αὐταρκείας
874 4544 1243 4611 περιεγένετο.
1296 4543 1375 4596 Τά
1416 4542 1471 4596 δὲ
1509 4545 1784 4615 γεννήμα-

1902 4533 2212 4604 plurimum,
2236 4533 2478 4587 dimisere
2523 4533 2658 4587 solet
2690 4533 2740 4585 id
2769 4548 3007 4602 quoque,
3032 4534 3175 4603 quod
3198 4532 3340 4602 juste
3368 4548 3465 4587 no-

202 4645 276 4688 τα
297 4634 445 4700 (θὸ).
474 4634 559 4686 ἶνα
589 4635 664 4704 μὴ
694 4636 1027 4705 τάςθγνώμας
1058 4631 1208 4705 ὦμεν
1229 4636 1461 4688 ποικίλοι
1476 4652 1558 4701 τε,
1588 4639 1680 4688 καὶ
1700 4654 1786 4689 πο-

203 4725 496 4795 λύτροποι,
510 4726 575 4777 ix
591 4726 911 4798 διαφόρωνῆ
932 4728 1286 4797 δογμάτων,ἢ
1306 4726 1497 4791 ἐθνῶν,
1522 4728 1554 4797 ἦ
1574 4727 1789 4798 βουλευ-

204 4815 450 4884 μάτωνῆ
473 4815 793 4886 ρημάτων,ἢ
809 4815 1056 4885 πράξεων
1086 4815 1505 4886 συντεθειμένοι,
1528 4817 1621 4869 καὶ
1651 4816 1787 4886 πρὸς

204 4910 439 4969 ἑαυτοὺς
474 4908 671 4971 ἀθλίως
701 4926 756 4961 τε
785 4911 878 4963 καὶ
914 4910 1332 4976 καταγελάστως
1387 4909 1781 4974 στασιάζοντες.

278 5090 450 5143 Ὥστε
485 5090 551 5142 ού
584 5090 743 5159 μόνον
781 5091 957 5155 οὐδὲν,
998 5092 1030 5160 ἠ
1076 5090 1171 5145 τοῦ
1213 5091 1502 5145 θεσπεσίου
1572 5091 1783 5147 Παύλου

1893 4625 1977 4678 bis
2009 4638 2104 4693 per
2135 4622 2499 4693 frugalitatem
2545 4623 2785 4678 ohvenit.
2843 4623 3048 4678 Caetera
3103 4622 3337 4693 denique
3396 4624 3464 4677 de

1892 4715 2034 4769 liciis
2068 4729 2132 4768 eo
2166 4722 2435 4783 spectant,
2481 4724 2540 4767 ut
2596 4728 2696 4768 nec
2728 4713 2913 4767 animo
2968 4714 3140 4767 simus
3190 4713 3342 4767 vario
3399 4728 3463 4765 ac

1892 4807 2187 4876 versipelli.
2228 4821 2327 4860 nec
2356 4804 2587 4859 diversis
2637 4804 2931 4876 dogmatis.
2970 4805 3051 4858 vel
3087 4805 3351 4866 moribus,
3376 4805 3457 4857 vel

1892 4899 2161 4961 consiliis,
2186 4898 2267 4951 vel
2300 4897 2501 4957 verbis.
2544 4896 2623 4951 vel
2652 4898 2909 4966 operibus
2968 4897 3324 4959 instruamur,
3364 4909 3462 4949 nec

1893 4989 2183 5045 infeliciter
2218 4999 2272 5043 et
2302 4987 2527 5042 ridicule
2555 5002 2585 5040 a
2621 4987 2779 5041 nobis
2812 4986 2911 5056 ipsi
2946 4986 3329 5042 dissideamus.

1959 5081 2302 5151 Quapropter
2327 5094 2433 5133 non
2469 5078 2633 5133 modo
2678 5078 2787 5132 divi
2815 5077 2970 5132 Pauli
3012 5078 3280 5140 doctrina”,
3312 5085 3366 5131 et
3393 5076 3461 5130 ab

207 5181 459 5249 μέθοδος,
482 5182 590 5235 οὐδ’
625 5181 741 5251 ήέξ
759 5182 924 5235 αὐτοῦ
961 5182 1302 5253 προχεομένη
1354 5182 1462 5234 τῶν
1498 5182 1785 5253 δογμάτων

1902 5189 1954 5227 :o
1982 5174 2242 5228 emissum
2276 5171 2589 5239 dogmatum
2622 5169 2806 5224 lumen
2862 5169 2915 5224 in
2958 5169 3196 5238 aliquam
3247 5168 3460 5223 dissen-

200 5270 373 5339 αἶγλη
403 5271 528 5334 τοὺς
552 5271 799 5333 εὐσεϐεῖς
834 5272 1127 5340 λογισμοὺς
1158 5274 1238 5334 είς
1268 5271 1612 5342 διιστάμενόν
1639 5292 1780 5338 τινα,

202 5364 303 5417 καὶ
325 5360 589 5431 σύγχυσιν
618 5362 947 5433 παρίστησιν
967 5380 981 5393 ’
1003 5360 1138 5415 ἀλλά
1174 5363 1268 5416 καὶ
1286 5363 1602 5418 διδασκαλία
1628 5364 1785 5418 δύνα-

1889 5269 2097 5323 sionem
2141 5265 2626 5333 confusionemque
2655 5271 2863 5318 mentes
2911 5264 3126 5333 piorum
3178 5261 3457 5317 hominum

1890 5376 1995 5415 non
2034 5358 2240 5414 inducit
2286 5377 2298 5410 :
2333 5356 2424 5413 sed
2448 5357 2609 5410 etiam
2644 5355 2720 5420 hi,
2751 5356 2842 5425 qui
2883 5355 3008 5410 inde
3043 5356 3321 5425 sapientia
3367 5366 3458 5404 ra—

1716 5517 1951 5577 ΝΟΤΑηὶ.

297 5661 392 5731 63)
421 5661 494 5716 τδ
516 5661 807 5732 λεγόμενον
827 5677 858 5716 e
888 5661 1053 5716 tacito
1096 5659 1238 5713 κατὰ
1276 5660 1386 5728 regi
1419 5656 1620 5712 διξερε
1649 5674 1774 5712 συν-

202 5732 688 5816 τάέςνςδρθΜξ
720 5732 932 5816 W1“-

271 5805 392 5871 (64)
413 5800 527 5858 Nisi
550 5798 743 5865 Βίύὸος
760 5802 1019 5868 refingas,
1040 5800 1250 5854 nullum
1275 5813 1494 5855 sensum
1512 5798 1769 5854 excudes.

559 5896 855 5957 -Pnn0t..
895 5894 1015 5956 Gtt.
1063 5894 1135 5953 Cl
1149 5939 1162 5951 .

1955 5658 2069 5727 (65)
2101 5656 2158 5710 ln
2191 5650 2712 5727 primaquestionis
2741 5650 2906 5721 hujus
2936 5643 3300 5716 exscriptioae
3340 5650 3457 5698 erat

1883 5720 2116 5800 νήματα,
2149 5720 2311 5794 atque
2335 5723 2387 5779 id
2410 5720 2789 5792 opportunius.
