4202 6442
718 373 821 437 227

1869 357 2134 418 PHOTII
2175 351 2677 416 PATRIARCHJE
2715 351 2824 410 ΟΡ.

3876 345 3984 410 228

721 490 840 543 dios
863 489 1091 556 possunt
1133 479 1395 549 aspicere,
1440 472 1639 527 mirum
1682 470 1733 523 in
1766 469 1985 524 modum
2015 467 2289 528 ediscunt,

2413 479 2482 515 ςαι
2516 459 2839 530 πρόκεισθαι
2882 456 3172 527 θαυμαστὴ
3212 456 3322 518 τοῖς
3348 457 3560 510 ἐκεῖθεν
3605 455 3704 519 τὰς
3743 455 3844 525 τῆς
3890 474 3981 509 σο-

720 594 830 646 quo
869 583 1026 644 pacto
1086 570 1259 625 sancti
1295 567 1532 636 Spiritus
1571 561 1794 619 oracula
1854 574 1977 614 cum
2045 557 2294 628 ejusdem

720 668 957 726 oraculis
987 662 1326 720 concilianda
1351 661 1461 714 sint
1487 658 1622 728 (66).

951 853 1282 923 QUAESTIO
1325 851 1491 907 χχχι
1537 850 1631 924 [αι.
1683 848 1871 920 χχχι.
1932 848 2045 920 (67)

721 951 993 1018 Quomodo
1026 949 1384 1017 accipiendum
1416 958 1490 999 est
1522 946 1656 1018 illud
1676 985 1690 1007 ,
1739 962 1774 1018 CA
1799 942 1996 1018 _l’o_test
2038 939 2184 1018 ρςιιε
2229 938 2295 992 de

824 1023 1086 1092 lapidibus
1119 1012 1233 1072 istis
1257 1018 1514 1071 suscitare
1553 1017 1693 1084 ﬁlios
1743 1014 2010 1067 Abraham
2034 1012 2120 1064 “‘2
2159 1028 2180 1063 ι

2403 553 2530 618 φίας
2582 551 2807 611 ἀκτῖνας
2835 545 3230 615 ἐναυγάζεσθαι
3291 546 3630 616 δυναμένοις,
3695 548 3842 609 ὅπως
3876 550 3984 617 χρὴ

2405 644 2615 711 διαιτᾷν
2674 641 2810 712 μετὰ
2865 640 2958 692 τοῦ
3021 639 3335 708 Πνεύματος
3388 640 3456 690 τά
3509 638 3602 692 τοῦ
3665 637 3985 707 Πνεύματος

2404 735 2578 800 λόγια.

2961 845 3294 901 ΕΡΩΤΗΣΙΣ
3327 843 3451 898 AA'.

2400 937 2532 1004 Πῶς
2576 937 2830 1004 νοητέον
2857 937 2944 1001 τὸ,
2988 955 3006 988 ι
3040 939 3294 990 Δύναται
3324 940 3356 990 ό
3385 937 3530 1000 Θεὸς
3559 936 3628 990 ἐκ
3657 936 3774 989 τῶν
3795 939 3987 992 λίθων

2614 1010 2840 1061 τούτων
2861 1008 3078 1075 ἐγεῖραι
3111 1007 3292 1059 τέκνα
3323 1005 3404 1071 τῷ
3437 1006 3692 1075 Ἀϐραάμ
3709 1025 3761 1073 ;ι

1303 1130 1446 1181 Edita
1471 1128 1533 1178 ab
1549 1129 1666 1179 Ant.
1703 1129 1892 1183 Scotto,
1919 1126 1950 1172 I.
1973 1137 2037 1182 c.,
2064 1125 2205 1186 p.53.
2235 1122 2304 1174 Co

2413 1124 2632 1172 entarius
2665 1121 2715 1169 in
2741 1121 2859 1170 Luc.
2888 1135 2958 1178 ut,
2986 1120 3044 1179 8;
3074 1119 3243 1168 Matth.
3281 1133 3352 1178 ιιι,
3376 1118 3425 1167 9.

789 1243 996 1297 Obvius
1027 1240 1192 1310 huius
1226 1237 1433 1292 oraculi
1463 1252 1676 1300 sensus,
1704 1236 1748 1290 si
1778 1235 2096 1304 penitiorcm
2124 1230 2295 1296 signi-

724 1336 1028 1389 ﬁcationem
1073 1347 1180 1385 non
1208 1329 1573 1398 inquiramus,
1614 1327 1816 1396 poterit
1858 1325 2047 1392 utique
2076 1323 2294 1382 docere,

722 1428 867 1497 quod
900 1423 1360 1496 quemadmodum
1383 1421 1526 1475 Deus
1562 1435 1628 1474 ex
1657 1417 1918 1472 dililuenti
1944 1414 2296 1483 iul'ormique,

724 1533 788 1571 ac
824 1529 998 1571 terrea
1028 1513 1258 1568 materie
1281 1511 1437 1565 linxit
1459 1507 1724 1563 animantl
1747 1522 1966 1575 corpus,
1994 1505 2301 1575 pulverem-

2471 1231 2546 1282 Τὸ
2584 1233 2682 1299 μὲν
2711 1231 2805 1285 οὖν
2839 1231 3130 1302 πρόχειρον
3163 1233 3261 1301 τῆς
3312 1232 3496 1300 φωνῆς
3534 1232 3663 1286 ἄνευ
3702 1228 3844 1290 τινὸς
3880 1227 3986 1296 βα-

2404 1322 2637 1392 θυτέρας
2693 1324 2932 1387 ἐπινοίας
2965 1323 3275 1376 ἐκδιδάσκοι
3308 1323 3397 1384 ἂν,
3432 1323 3513 1375 ὅτι
3545 1322 3667 1374 καθ’
3687 1321 3746 1373 ὃν
3779 1321 3985 1389 τρόπον

2403 1416 2466 1466 ἐκ
2495 1415 2593 1482 τῆς
2628 1415 2968 1484 εύδιαχύτου,
3014 1415 3109 1468 καὶ
3150 1413 3418 1480 άπαγοῦς,
3460 1415 3555 1466 καὶ
3609 1414 3811 1481 γεηρᾰς
3846 1411 3986 1478 ὕλης

2406 1508 2710 1577 συνέπηξεν
2741 1510 2768 1561 ό
2789 1508 2942 1572 Θεὸς,
2965 1508 3042 1576 τῷ
3073 1506 3198 1577 ζώῳ
3217 1508 3278 1560 τὸ
3307 1508 3489 1576 σῶμα,
3533 1506 3630 1559 καὶ
3667 1509 3745 1568 είς
3769 1505 3987 1576 ἀνθρὼ-

723 1625 829 1680 que
857 1608 926 1663 ad
980 1616 1231 1661 naturam
1269 1603 1613 1673 speciemque
1646 1599 1941 1654 humanam
1986 1597 2302 1651 conforma-

2413 1615 2509 1651 που
2542 1599 2703 1668 φύσιν
2757 1600 2852 1652 καὶ
2880 1594 3019 1663 εἶδος
3037 1599 3452 1670 διεμορφώσατο
3481 1598 3581 1668 τὴν
3612 1599 3760 1651 κόνιν
3790 1616 3803 1628 ·
3839 1597 3988 1649 κατὰ

724 1702 803 1756 vit
827 1741 842 1765 ,
874 1702 946 1754 ita
1002 1697 1158 1752 facile
1185 1696 1514 1764 minimeque
1545 1706 1833 1762 Operosum
1868 1691 1938 1745 sit
1968 1705 2033 1745 ex
2055 1686 2301 1744 solidiori

2413 1691 2495 1743 τὸν
2526 1691 2688 1743 αὑτὸν
2720 1692 2924 1762 τρόπον
2953 1692 3082 1761 ῥᾷόν
3114 1709 3173 1744 τε
3226 1694 3318 1743 καὶ
3349 1691 3501 1742 οὐδὲν
3533 1689 3767 1759 ἐργῶδες
3795 1691 3856 1741 ἐκ
3879 1688 3985 1755 τῆς

725 1793 966 1862 lapidum
1010 1799 1222 1852 natura,
1257 1785 1368 1841 Deo
1414 1787 1619 1840 artilice
1649 1785 1701 1839 id
1737 1784 1916 1854 operis
1949 1783 2300 1852 suscipiente,

727 1884 1008 1938 hominum
1045 1879 1412 1935 substantiam
1452 1876 1837 1946 compingere,
1885 1876 2145 1945 ipsosque
2205 1876 2304 1929 ho-

728 1975 906 2028 mines
945 1987 1011 2026 ex
1061 1969 1151 2024 tali
1176 1982 1360 2023 massa
1399 1965 1664 2020 conﬂatos
1714 1964 1945 2018 Abrahae
1993 1964 2134 2018 tilios
2193 1963 2304 2018 em-

727 2080 871 2120 cere.
905 2061 1116 2117 Etenim
1142 2075 1250 2114 non
1283 2058 1488 2121 minus,
1518 2072 1584 2111 ne
1611 2056 1787 2110 dicam
1820 2063 1873 2108 et
1902 2055 2072 2109 multo
2106 2055 2302 2124 magis,

729 2155 1038 2210 mirandum
1063 2163 1145 2208 est
1177 2151 1451 2222 pulverem
1498 2150 1564 2204 ad
1613 2147 1851 2203 hominis
1890 2162 2110 2202 carnem
2161 2146 2304 2202 redi-

728 2261 854 2316 gere
888 2255 1050 2313 atque
1088 2240 1527 2305 accommodare,
1583 2255 1746 2309 quam
1808 2238 1861 2293 in
1915 2238 2161 2307 corporis
2226 2237 2308 2291 vi-

730 2339 906 2393 ventis
946 2351 1085 2408 Opus
1133 2335 1328 2390 duram
1384 2331 1624 2402 lapidum
1695 2328 2086 2385 transformare
2144 2338 2304 2383 natu-

732 2444 873 2483 I'Jnl.

806 2522 1172 2590 Praeterquam
1207 2516 1353 2587 quod
1412 2529 1521 2570 non
1570 2514 1732 2570 modo
1783 2513 1990 2583 primus
2050 2513 2213 2567 homo
2277 2525 2309 2566 e

732 2617 864 2670 lirno
888 2611 1263 2668 admirabilem
1299 2607 1762 2676 duxitoriginem,
1821 2605 1913 2659 sed
1960 2603 2076 2658 [ιοιί
2143 2603 2306 2656 etiam

735 2723 872 2761 uxor
903 2706 956 2759 in
991 2705 1122 2759 salis
1147 2704 1456 2759 columnam
1493 2699 1782 2760 obdurata,
1833 2696 2096 2756 divinam,
2141 2708 2307 2764 quam

736 2811 835 2851 nec
875 2794 1050 2858 eﬂ'ari,
1099 2808 1200 2847 nec
1231 2798 1409 2846 mente
1439 2788 1654 2858 assequi
1689 2799 1998 2856 possumus,
2049 2787 2307 2837 virtutem

737 2887 1025 2956 praedicat,
1085 2885 1217 2939 dum
1266 2898 1360 2953 per
1423 2878 1796 2949 irrefragabile
1847 2877 2153 2947 prodigium
2205 2878 2311 2944 pri-

2407 1780 2777 1853 στερεωτέρας
2807 1780 3022 1849 φύσεως
3050 1780 3160 1832 τῶν
3191 1779 3374 1841 λίθων,
3407 1777 3711 1847 ἀνθρώπων
3741 1776 3986 1828 ὑπόστα-

2406 1889 2490 1925 σιν
2512 1872 2858 1940 συντεθῆναι,
2904 1869 3042 1924 Θεοῦ
3090 1871 3335 1939 τεχνίτου
3365 1869 3462 1938 τὴν
3497 1869 3690 1922 πλάσιν
3720 1867 3986 1934 ἀναδεχο-

2409 1963 2592 2032 μένου,
2648 1963 2743 2014 καὶ
2766 1963 2932 2014 τέκνα
2963 1963 3092 2024 τοὺς
3112 1961 3405 2028 γεγονότας
3435 1961 3499 2012 ἐκ
3526 1959 3770 2012 τοιούτου
3801 1959 3984 2028 φυρά-

2408 2070 2578 2122 ματος
2630 2052 2970 2123 χρηματίσαι
3023 2051 3118 2105 τοῦ
3161 2051 3432 2122 Ἀϐραάμ.
3478 2052 3554 2103 Οὐ
3587 2053 3694 2119 γὰρ
3715 2045 3879 2119 ἦττον
3905 2050 3990 2110 είς

2407 2142 2614 2212 θαῦμα,
2644 2144 2730 2195 ἵνα
2758 2143 2833 2212 μὴ
2863 2142 3006 2210 λέγω
3038 2144 3130 2195 καὶ
3158 2142 3328 2212 μείζω
3346 2154 3394 2206 ι,
3419 2142 3568 2194 κόνιν
3588 2144 3666 2202 είς
3689 2139 3986 2208 ἀνθρώπου

2409 2234 2692 2305 συμπῆξαί
2726 2251 2809 2297 τε,
2840 2234 2932 2288 καὶ
2962 2233 3438 2305 συναρμολογῆσαι
3457 2234 3484 2272 b
3513 2235 3691 2302 σάρκα
3717 2248 3730 2261 °
3759 2232 3856 2284 καὶ
3904 2230 3990 2282 λί-

2407 2325 2499 2379 θου
2534 2325 2696 2394 φύσιν
2757 2325 2988 2395 στερεὰν
3021 2325 3102 2388 είς
3135 2327 3389 2394 σώματος
3438 2322 3581 2388 ζὼου
3632 2320 3992 2394 μεταπλάσαι

2408 2418 2620 2489 χρείαν.

2484 2510 2695 2574 ’Ἄλλως
2749 2527 2810 2564 τε
2859 2510 2916 2563 δέ
2946 2508 3009 2562 ού
3036 2508 3195 2578 μόνον
3243 2509 3272 2560 ό
3320 2505 3535 2577 πρῶτος
3586 2503 3878 2573 ἄνθρωπος
3923 2502 3993 2556 ἐκ

2410 2603 2533 2672 χόου
2551 2613 2572 2641 ε
2599 2603 2694 2655 καὶ
2724 2602 3036 2673 παραδόξαν
3085 2603 3210 2670 ἐσχε
3241 2599 3340 2669 τὴν
3379 2598 3593 2666 γένεσιν
3622 2611 3635 2626 ο
3662 2595 3802 2648 ἀλλὰ
3828 2594 3928 2648 καὶ
3953 2595 3989 2664 η

2410 2691 2502 2744 τοῦ
2540 2690 2666 2744 Λὼτ
2698 2693 2836 2761 γυνὴ
2892 2694 2973 2754 εἰς
3010 2692 3213 2761 στήλην
3258 2689 3385 2749 άλδς
3421 2685 3825 2740 άπολιθωθεῖσα
3891 2684 3994 2754 τὴν

2408 2782 2504 2836 τοῦ
2547 2782 2683 2835 Θεοῦ
2734 2783 2964 2852 δύναμιν
3017 2781 3312 2850 ἀδιήγητόν
3345 2797 3404 2833 τε
3455 2781 3549 2832 καὶ
3599 2777 3993 2847 ἀκατάληπτον

2410 2873 2795 2944 άνακηρύττει,
2837 2877 2895 2927 ἐν
2916 2874 2993 2942 τῷ
3025 2872 3296 2942 ἁδιαλύτῳ
3323 2870 3415 2923 τοῦ
3449 2869 3724 2937 θαύματος
3757 2869 3860 2936 τὴν
3892 2867 3995 2933 τῆς

737 2979 1122 3033 ειὶηαιιιιιιιιιαι
1164 2976 1280 3030 sine
1312 2970 1604 3027 manifesta
1650 2970 2000 3038 corruptione
2043 2967 2303 3036 abjectio—

2413 2964 2624 3034 φύσεως
2654 2964 2912 3017 ἀπόθεσιν
2967 2964 3096 3017 ἄνευ
3158 2960 3454 3030 ἐπιφανοῦς
3512 2959 3739 3030 φθορᾶς,
3797 2957 3994 3022 ἐτέρας

738 3087 862 3126 nem
897 3069 1069 3123 fuisse
1089 3068 1311 3122 alterius
1336 3063 1546 3130 formai,
1599 3072 1653 3118 et
1709 3061 2025 3116 substantiae
2080 3072 2308 3128 genera-

740 3163 940 3216 tionem
969 3158 1210 3214 ostendit
1255 3174 1269 3210 :
1305 3155 1571 3224 illudque,
1617 3152 1759 3222 quod
1814 3151 1937 3211 fuit,
2000 3158 2158 3204 antea
2203 3163 2309 3201 non

737 3263 886 3318 erat;
922 3251 1065 3321 quod
1094 3258 1274 3304 autem
1309 3247 1427 3301 ﬁeri
1471 3261 1578 3300 non
1631 3259 1792 3314 posse
1841 3245 2091 3296 humana:
2143 3240 2311 3294 menti

737 3343 1049 3402 videbatur,
1081 3339 1131 3392 id
1153 3339 1334 3407 priore
1359 3335 1526 3404 figura
1557 3348 1665 3388 non
1696 3332 1983 3393 dissoluta,
2031 3329 2134 3398 ipsi
2193 3327 2316 3382 sub-

741 3436 932 3490 stituit.
970 3435 1112 3488 Deus
1143 3433 1346 3500 itaque,
1380 3428 1474 3498 qui
1498 3435 1645 3481 tanta
1677 3427 1927 3494 patrahat
1954 3423 2239 3480 miracula,
2262 3429 2315 3474 ct

740 3529 960 3600 quidem
1009 3536 1185 3590 tunc,
1252 3540 1375 3580 cum
1436 3522 1503 3575 ab
1571 3535 1675 3573 una
1743 3516 2060 3572 muliercula
2127 3513 2313 3568 violati

742 3621 995 3691 praecepti
1057 3633 1272 3690 poenam
1332 3614 1615 3678 sumebat;
1665 3613 1779 3680 ipse
1830 3629 1848 3661 ι
1914 3609 2007 3680 qui
2063 3608 2315 3662 homines

743 3715 858 3768 vult
894 3714 1073 3768 salvos
1124 3711 1260 3774 tleri,
1308 3716 1362 3762 et
1408 3708 1473 3760 ad
1538 3703 1864 3774 agnitionem
1926 3697 2174 3753 veritatis
2226 3711 2315 3749 ve-

744 3805 862 3858 nire
893 3805 960 3868 ",
987 3821 1005 3854 ι
1050 3801 1180 3871 quid
1212 3813 1308 3868 pro
1342 3812 1442 3852 sua
1474 3793 1760 3850 clementia
1790 3804 1898 3843 non
1939 3798 2081 3857 agat,
2113 3785 2158 3841 si
2189 3784 2316 3838 ﬁliis

747 3895 980 3951 Abrahae
1026 3889 1358 3948 suscitandis
1401 3887 1640 3957 lapidum
1700 3882 2067 3937 conditionem
2119 3893 2319 3948 oppor-

745 3987 976 4041 tunioris
1018 3984 1258 4038 futuram
1312 3995 1446 4034 usus
1497 3974 1869 4048 perspexerit?
1930 3970 2117 4040 Neque
2169 3969 2316 4023 enim

747 4091 855 4131 tam
893 4076 1052 4130 facile
1100 4074 1203 4129 fuit
1255 4071 1460 4126 Judaais
1501 4068 1730 4122 Abrahae
1761 4063 2122 4131 multiplicare
2154 4060 2316 4124 ﬁlios,

745 4183 977 4237 quorum
999 4166 1213 4237 generis
1242 4177 1348 4217 non
1388 4161 1611 4215 minima
1643 4172 1768 4227 pars
1793 4155 1990 4224 rejecta
2022 4162 2126 4218 est,
2153 4165 2315 4220 quam

749 4261 857 4313 Deo
882 4273 975 4327 per
1001 4256 1209 4325 lapides
1239 4254 1411 4308 cidem
1441 4251 1640 4306 multos
1678 4249 1815 4302 lilios
1845 4245 2100 4300 condere.

2419 3056 2633 3126 μορφῆς
2665 3055 3101 3126 ἐπιδεικνυμένη,
3123 3058 3214 3108 καὶ
3237 3054 3589 3116 ὑποστάσεως
3621 3052 3840 3120 γένεσιν
3863 3067 3878 3081 ο
3901 3052 3997 3103 καὶ

2413 3145 2440 3197 ὂ
2476 3146 2572 3215 μὲν
2605 3147 2849 3213 γέγονεν,
2885 3147 2987 3200 οὐκ
3036 3142 3103 3216 ἧν
3123 3161 3135 3174 ·
3168 3147 3197 3197 ὃ
3217 3146 3272 3198 δέ
3301 3146 3375 3215 μὴ
3404 3139 3516 3197 οἷόν
3538 3161 3594 3196 τε
3625 3140 3691 3213 ἦν
3717 3141 3999 3211 ἀνθρωπίο

2416 3251 2527 3295 νοις
2546 3233 2828 3302 λογισμοῖς
2860 3235 3132 3302 γενέσθαι,
3158 3234 3328 3304 χωρὶς
3363 3234 3567 3301 ὑπέστη
3608 3233 3706 3302 τῆς
3735 3231 3833 3284 τοῦ
3858 3231 3997 3302 πρό-

2415 3341 2571 3394 τερον
2617 3325 2940 3388 διαλύσεως.
2987 3326 3044 3379 Ὀ
3070 3327 3252 3377 τοίνυν
3280 3325 3412 3388 θεὸς
3430 3328 3458 3378 ὁ
3483 3324 3654 3377 ταῦτα
3688 3323 3999 3392 παραδοξο·

2420 3415 2607 3478 ποιῶν,
2650 3417 2743 3468 καὶ
2806 3416 2926 3468 τότε
2967 3416 3126 3484 δίκην
3182 3417 3645 3486 εἰσπραττόμενος
3686 3415 3913 3482 γύναιον
3939 3413 4000 3465 ἓν

2418 3503 2781 3574 παραϐάσεως
2810 3502 3053 3573 ἐντολῆς,
3083 3523 3102 3556 ι
3126 3506 3153 3557 ὁ
3173 3505 3340 3557 θέλων
3369 3504 3458 3557 τὸν
3487 3504 3777 3574 ἄνθρωπον
3811 3504 3995 3571 σωθῆ-

2417 3611 2527 3658 ναι,
2564 3595 2656 3646 καὶ
2686 3598 2766 3656 εἰς
2821 3594 3117 3662 ἐπίγνωσιν
3147 3594 3402 3665 ἀληθείας
3448 3595 3643 3659 ἐλθεῖν,
3677 3613 3696 3645 ι
3731 3596 3783 3646 τί
3804 3595 3906 3646 οὐκ
3933 3596 4000 3646 άν

2416 3685 2632 3754 δράσειε
2679 3685 2767 3738 διά
2827 3683 3298 3754 φιλανθρωπίανά,
3328 3688 3376 3738 εί
3402 3685 3564 3738 λίθων
3613 3686 3807 3754 ὄψεται
3837 3685 4002 3754 φύσιν

2418 3775 2860 3846 ἐπιτηδειοτέραν
2914 3775 3260 3845 παρέχουσαν
3309 3776 3495 3844 χρείαν
3543 3777 3623 3836 εἰς
3657 3775 3718 3826 τὸ
3742 3775 4000 3842 γενέσθαι

2417 3868 2582 3920 τέκνα
2631 3866 2723 3919 τοῦ
2769 3866 3052 3936 ’Δεραάμ;
3093 3869 3165 3920 Οὐ
3205 3868 3315 3938 γὰρ
3370 3866 3512 3918 οὓτω
3561 3868 3690 3936 ῥᾷον
3715 3869 3828 3930 τοῖς
3873 3867 4005 3920 Ἰουο

2418 3960 2587 4022 δαίοις
2625 3959 2720 4012 τοῦ
2760 3959 3012 4030 ’Λϐραὰμ
3048 3961 3408 4029 χρηματίζειν
3429 3961 3615 4020 τέκνα,
3652 3954 3728 4013 ὧν
3749 3963 3852 4014 οὐκ
3885 3959 4002 4012 ὀλί-

2418 4068 2514 4119 γον
2539 4051 2704 4122 μέρος
2729 4051 2822 4104 τοῦ
2847 4052 3034 4118 γένους
3051 4050 3389 4120 ἐξώσθησαν,
3409 4051 3483 4114 ὡς
3514 4051 3592 4119 τῷ
3622 4052 3742 4122 Θεῴ
3771 4052 3862 4105 διά
3894 4052 4006 4105 τῶν

2419 4143 2583 4196 λίθων
2603 4144 2754 4213 αὐτῷ
2793 4144 3021 4207 πολλοὺς
3052 4144 3200 4206 υἱοὺς
3224 4144 3666 4213 ἀπεργάσασθαι.

819 4313 897 4402 At.
917 4349 962 4403 si
994 4313 1120 4417 quis
1145 4346 1274 4400 velit
1301 4344 1586 4414 quidpiam
1622 4338 2002 4410 propheticum
2040 4337 2188 4390 dicto
2212 4336 2304 4389 hoc

2496 4324 2636 4377 Εἰδέ
2681 4341 2764 4386 τις
2822 4322 2999 4376 ἐθέλοι
3059 4323 3152 4376 καὶ
3207 4323 3543 4393 προφητικὸν
3598 4325 4006 4395 ἀνακηρύττειν

747 4438 1052 4503 enuntiari,
1084 4435 1314 4506 lapides,
1348 4447 1488 4503 quos
1519 4431 1829 4486 Praecursor
1875 4438 2003 4482 tunc
2048 4441 2320 4481 memora-

747 4529 847 4592 vit,
877 4537 930 4581 et
957 4542 1022 4581 ex
1055 4525 1258 4596 quibus
1302 4524 1440 4578 ﬁlios
1487 4522 1720 4576 Abrahae
1770 4519 2119 4577 suscitandas
2181 4531 2319 4586 pre-

749 4620 905 4684 dixit,
949 4619 981 4672 ii
1041 4617 1282 4688 profecto
1318 4623 1467 4678 sunt,
1522 4614 1635 4684 qui,
1686 4628 1808 4668 cum
1869 4621 2015 4668 esset
2059 4609 2319 4664 Servator

748 4726 847 4766 sua
880 4718 1072 4779 sponte
1100 4717 1369 4772 mortuus,
1412 4717 1576 4776 atque
1619 4704 1874 4758 universo
1913 4699 2114 4755 mundo
2171 4699 2321 4754 salus

748 4813 802 4854 et
833 4801 940 4854 vita
968 4799 1198 4862 reddita,
1235 4797 1378 4867 passi
1410 4794 1724 4849 Conditoris
1764 4792 2030 4862 obsequio
2078 4787 2319 4858 abrupti,

750 4902 913 4961 atque
942 4889 1183 4952 discissi,
1220 4897 1275 4942 et
1317 4886 1474 4955 quasi
1523 4883 1650 4938 l'acti
1704 4897 1803 4952 pro
1862 4879 2128 4934 miraculo
2183 4892 2322 4947 pra!-

748 4990 997 5053 gnantes.
1030 4981 1231 5035 multos
1263 4978 1514 5033 homines
1563 4989 1763 5029 nostrze
1806 4971 2053 5042 religioni
2097 4978 2152 5023 et
2193 4982 2322 5037 par-

751 5075 1042 5136 turierunt,
1085 5079 1141 5126 et
1174 5080 1519 5141 pepererunt.
1552 5067 1594 5121 li
1636 5080 1763 5120 vero
1798 5079 1895 5118 sua
1929 5061 2319 5125 commotione,

822 5188 866 5218 ⁸⁵
906 5187 1093 5241 Matth.
1129 5202 1212 5251 tu,
1241 5185 1293 5240 9.
1370 5181 1462 5236 “l
1497 5181 1637 5236 Tim.
1677 5197 1736 5244 ιι,
1778 5180 1831 5234 4.

2422 4414 2581 4484 ἔργον
2609 4413 2670 4465 τὸ
2701 4413 2873 4481 ῥῆμα,
2897 4413 3085 4465 οἱτότε
3119 4411 3542 4482 ῥηθέντεςλίθοι
3563 4415 3640 4483 τῷ
3676 4414 4004 4485 Προδρόμῳ,

2423 4507 2481 4570 ἐξ
2513 4501 2587 4559 ὧν
2609 4505 2687 4574 τῷ
2725 4504 2974 4575 ’Δὸραὰμ
3002 4504 3392 4576 ἐχρησμῴδησε
3449 4507 3774 4560 ἀνίστασθαι
3799 4510 3994 4570 τέκνα,

2422 4593 2565 4652 οὗτοι
2588 4596 2653 4668 δὴ
2683 4598 2825 4650 κατὰ
2847 4595 2908 4650 τὸ
2936 4596 3182 4649 ἐκούσιον
3229 4597 3324 4649 τοῦ
3371 4597 3621 4668 Σωτῆρος
3672 4601 3848 4663 πάθος
3882 4599 4007 4671 [καὶ

2422 4689 2518 4761 τὴν
2541 4689 2886 4758 παγκόσμιον
2903 4689 3195 4757 σωτηρίαν,
3215 4688 3311 4741 καὶ
3326 4687 3623 4741 ἀνάστασιν
3639 4688 3680 4761 Ι,
3701 4688 3781 4760 τῷ
3798 4695 4009 4742 Δεσπο-

2422 4779 2558 4849 τικῷ
2589 4778 2844 4848 ραγέντες
2905 4777 3086 4841 πάθει,
3139 4776 3234 4829 καὶ
3280 4775 3707 4846 διασχισθέντες,
3767 4778 3862 4830 καὶ
3890 4773 4008 4829 οἷον

2425 4871 2730 4940 ἐγκύμονες
2766 4869 3050 4937 γεγονότες
3070 4868 3147 4939 τῷ
3175 4866 3439 4937 θαύματι,
3496 4868 3722 4931 πολλοὺς
3773 4869 3885 4920 τῶν
3911 4869 4026 4920 ἀνί

2426 4962 2658 5032 θρώπων
2711 4964 2789 5023 είς
2848 4961 3128 5013 εὐσέϐειαν
3154 4961 3422 5028 ὠδίνησάν
3463 4978 3523 5014 τε
3570 4963 3664 5014 καὶ
3707 4962 4006 5013 ἀπέτεκον.

2427 5056 2529 5126 Οἴα
2555 5055 2611 5108 δέ
2633 5066 2654 5093 ε
2682 5054 2912 5125 λαμπρᾷ
2933 5054 2998 5124 τῇ
3023 5055 3195 5124 φωνῇ,
3257 5055 3350 5108 καὶ
3394 5055 3633 5125 οὐρανίῳ
3682 5054 4010 5124 κηρύγματι

2057 5266 2290 5323 VARIE
2335 5262 2743 5319 LECTlONES.

824 5375 918 5428 ·Ν.
956 5373 1163 5446 μεῖζον.
1277 5373 1303 5412 ι’
1335 5372 1400 5427 Ν.
1438 5369 1794 5442 συναρμόσαι.
1909 5377 1931 5405 ε
1964 5365 2028 5420 Ν.
2079 5366 2222 5436 χοός.

2333 5363 2360 5402 ἀ
2385 5362 2451 5417 Ν.
2495 5360 2698 5430 φιλίαν.

2815 5358 2927 5430 ear,
2969 5356 3033 5412 Ν.

2272 5451 2509 5510 NOTAE.

828 5555 938 5625 ('66)
975 5556 1031 5610 Si
1065 5570 1225 5609 nosse
1252 5554 1427 5622 cupis.
1461 5554 1515 5606 in
1530 5552 1862 5625 quibusnam
1879 5550 2191 5625 auctoribus
2228 5549 2326 5602 has

759 5618 997 5694 alioquin
1030 5618 1375 5695 pervulgatas
1407 5618 2033 5695 prop{)sttte_dtv1t).oyia;
2068 5618 2321 5695 explana-

763 5690 933 5765 tiones
965 5690 1140 5765 po's5is
1182 5690 1446 5755 invenire,
1478 5693 1675 5745 vitlesis
1705 5690 1930 5765 Tertull.
1972 5691 2016 5765 Ι,
2035 5705 2086 5754 v,
2123 5691 2322 5741 Contra

762 5760 1106 5834 Μανειοῖιεηι,
1134 5777 1186 5821 et
1219 5766 1543 5819 'l'hcodoret.
1569 5771 1758 5832 qua‘sl.
1785 5760 1846 5813 2|
1903 5762 1953 5814 in
1988 5760 2321 5814 Dcuterono-

2433 5559 2624 5682 ω’(ιίὶᾞί
2653 5611 2775 5684 Haec
2804 5610 2916 5666 fere
2939 5621 3049 5666 tota
3078 5614 3307 5684 qttazstib
3343 5615 3538 5684 legitur
3561 5613 3704 5682 apud
3733 5613 4016 5675 Nicetam,

2428 5686 2630 5808 ἓιιὸειιιι
2657 5685 2709 5738 in
2740 5682 2871 5738 Luc.
2913 5697 2964 5738 c.
3004 5698 3088 5750 ιιι,
3119 5683 3219 5739 Mai
3253 5682 3639 5741 Νουίϐοιιεςι.
3667 5684 3761 5751 IX,
3795 5701 3850 5755 p.
3881 5684 4016 5747 658,

2465 5781 2490 5807 ,λ
2538 5795 2554 5808 .

2465 5781 2554 5809 di}.
