4202 6442
783 405 878 470 τοι

1929 397 2190 458 ΡΗΟΤΙΙ
2225 398 2732 462 ΡΑΤΒΙΑΒΕΗᾸΞ
2761 404 2869 463 CP.

785 526 981 583 agmen
1032 521 1178 563 nunc
1226 506 1587 578 signiﬁcatur,
1622 507 1675 561 in
1721 521 1955 577 superna
1984 509 2181 564 horrea
2211 525 2346 565 con-
2375 518 2421 575 Α

2375 518 2421 575 Α
2449 530 2535 577 νος
2572 514 2754 584 χορὸς,
2778 515 2856 578 είς
2887 514 2985 576 τὰς
3024 513 3138 568 ἀνω
3176 513 3346 582 μονὰς
3381 515 3810 588 ἀποθησαυρίζει
3854 514 3898 580 ι,
3939 520 4021 569 ἐν-

779 613 987 677 gregat,
1012 602 1064 656 in
1106 598 1306 670 quibus
1329 598 1744 669 prompturariis
1774 615 1872 654 nec
1896 601 2060 664 tinea,
2090 616 2189 655 nec
2220 616 2348 657 esus

780 693 1072 756 consumit,
1118 704 1218 744 nec
1269 687 1417 743 fures
1451 690 1747 755 eil‘odiunt,
1791 700 1952 759 atque
1992 692 2344 760 subripiunt:

778 783 1074 840 sceleratos
1122 788 1302 832 autem
1363 779 1638 842 homines.
1706 779 1908 848 quibus
1951 781 2346 850 suppliciorum

777 873 1109 945 pereunitas,
1163 877 1423 939 tanquam
1468 871 1595 925 mali
1625 871 1863 936 culmen,
1917 872 2196 939 adiicitur,
2239 871 2346 942 igni

777 962 1201 1036 iuexstinguibili
1238 972 1502 1018 aternum
1529 965 1833 1020 cruciatum
1881 965 2183 1019 conuiuenti
2236 974 2349 1019 tra-

775 1059 989 1112 diturus
1019 1065 1118 1111 est.
1856 1069 1874 1105 ι

855 1147 1247 1203 Verosimiiiter
1278 1157 1460 1202 autem
1495 1166 1514 1199 ι
1542 1148 1897 1203 ventilabrum
1920 1149 1972 1202 in
1995 1163 2160 1204 manu
2190 1148 2339 1219 ejus»

778 1248 1110 1309 promptam,
1177 1246 1231 1291 et
1277 1237 1585 1306 expeditam
1649 1237 1851 1294 Christi
1907 1240 2177 1294 actionem
2243 1239 2347 1295 sub

782 1331 1067 1399 :ennigmate
1091 1327 1361 1397 signiﬁcat
1387 1346 1399 1381 :
1433 1343 1610 1396 neque
1635 1329 1780 1383 enim
1805 1345 1899 1400 per
1913 1329 2344 1396 meditationem,

777 1435 953 1490 neque
1008 1435 1102 1489 per
1155 1436 1385 1482 moram,
1435 1434 1609 1488 neque
1653 1435 1748 1488 per
1803 1421 2337 1489 argumentationum

778 1509 1086 1578 indaginem
1122 1509 1376 1563 meliores
1425 1527 1455 1560 ιι
1485 1509 1848 1563 deterioribus
1891 1511 2193 1576 discernit;
2248 1510 2345 1567 sed

776 1620 806 1655 e
861 1602 1112 1671 vestigio,
1176 1610 1230 1655 et
1280 1602 1571 1670 derepente
1626 1601 2010 1656 salvandorum
2055 1615 2265 1673 partem
2311 1619 2342 1658 a

775 1695 1103 1750 damnandis
1145 1695 1426 1765 dispescit.
1502 1694 1721 1750 Scilicet
1766 1695 1960 1761 voluit,
2031 1707 2216 1752 secuta
2262 1705 2345 1751 est

776 1788 1068 1856 separatio,
1093 1787 1373 1856 praecessit
1394 1787 1681 1856 judicium,
1718 1795 1772 1841 et
1809 1801 1932 1841 cum
1969 1787 2178 1857 judicio
2226 1789 2345 1843 vin-

2448 598 2534 665 αἷς
2575 604 2883 672 ἀποθήκαις
2907 603 3030 659 οὕτε
3061 605 3157 674 σὴς
3191 605 3316 658 οὔτε
3352 605 3553 677 βρῶσις
3595 606 3870 674 ἀφανίζει,
3894 607 4021 660 οὕτε

2449 692 2682 747 κλέπται
2711 693 3077 764 διορύσσουσι,
3112 695 3206 747 καὶ
3233 695 3528 748 κλέπτουσι
3551 713 3566 728 ·
3595 690 3674 758 οἷς
3701 696 3756 750 δέ
3783 696 3846 748 τὸ
3882 696 4022 762 ἀμεο

2447 786 2712 856 τάὁλητον
2764 796 2824 850 ω,
2860 787 3033 841 κακοῦ
3085 788 3395 858 προσθήκη,
3450 793 3563 853 τοῖς
3607 790 4023 860 ἡμαρτημένοις

2450 879 2862 946 συνεφέλκεται,
2887 880 3018 949 πυρὶ
3040 879 3289 948 ἀσϐέστῳ
3313 881 3411 950 τὴν
3431 880 3702 950 τιμωρίαν
3722 880 3823 933 οὐκ
3841 879 4020 949 ἐχοντι

2446 971 2742 1042 λήγουσαν,
2774 971 2998 1033 τούτους
3028 971 3472 1041 παραπέμψειεν.

2518 1145 2756 1208 Εἰκότως
2785 1145 2842 1198 δὲ
2878 1163 2895 1194 ι
2946 1147 3096 1199 τὸέν
3143 1149 3209 1217 τῇ
3256 1147 3402 1216 χειρὶ
3460 1148 3625 1199 αὑτοῦ
3667 1147 3857 1211 πτύον,
3894 1167 3913 1200 ι
3960 1149 4025 1201 τὸ

2446 1237 2742 1306 πρόχειρον
2771 1237 3166 1307 αἰνιγματίζει,
3213 1239 3309 1292 καὶ
3331 1239 3548 1307 ἕτοιμον
3571 1257 3584 1269 ·
3627 1240 3688 1291 οὐ
3721 1238 3830 1308 γὰρ
3857 1238 4023 1308 μελέ-

2444 1345 2531 1396 τῃ,
2563 1328 2660 1380 καὶ
2693 1328 2968 1399 λογισμῶν
3002 1327 3198 1399 ἐρεύνῃ
3237 1328 3550 1398 διαχωρίζει
3587 1329 3699 1382 τῶν
3732 1328 4026 1398 βελτιόνων

2444 1422 2570 1482 τοὺς
2602 1419 2853 1491 χείρονας
2874 1435 2886 1448 ·
2913 1419 3048 1473 ἀλλά
3079 1421 3143 1471 ἐκ
3173 1419 3265 1472 τοῦ
3288 1420 3510 1484 εὐθέως,
3545 1421 3640 1474 καὶ
3673 1421 4027 1491 παραχρῆμα

2443 1511 2742 1574 διαστέλλει
2769 1513 2867 1580 τῆς
2914 1512 3228 1584 σωζομένης
3260 1511 3456 1584 μοίρας
3493 1512 3553 1565 τὸ
3579 1513 4022 1582 τιμωρούμενον.

2458 1602 2760 1674 Ἰἰὸουλήθη
2792 1603 2921 1673 γὰρ,
2959 1602 3325 1672 ἠκολούθησεν
3354 1604 3387 1672 ὴ
3427 1603 3724 1672 διάκρισις,
3749 1601 4026 1672 προῆλθεν

2445 1695 2477 1763 ὴ
2513 1695 2711 1764 κρίσις,
2741 1695 2837 1748 καὶ
2892 1696 2926 1764 ἡ
2965 1695 3202 1766 τιμωρὸς
3257 1693 3607 1764 συμπροῆλθε
3656 1693 3780 1762 δίκη
3803 1710 3816 1724 ·
3849 1695 4027 1764 ἀθρόα

2445 1785 2552 1856 γὰρ
2580 1784 2810 1839 ἐνώπιον
2839 1784 2974 1839 Θεοῦ
3006 1786 3206 1841 πάντα.
3225 1785 3380 1838 Ἐπεὶ
3403 1787 3497 1839 καὶ
3526 1786 3560 1855 ἠ
3581 1785 3826 1857 τιμωρὸς
3863 1785 4028 1856 ἐνέρ-

774 1877 876 1932 dcx
903 1855 1592 1948 justitia;quippeiunico
1629 1887 1754 1932 actu
1811 1879 1865 1932 in
1909 1855 2201 1948 conspectu
2248 1878 2342 1932 Dei
2378 1855 2420 1914 Β

2378 1855 2420 1914 Β
2451 1855 2593 1944 γεια,
2617 1877 2711 1930 καὶ
2741 1877 2863 1947 δίκη
2889 1876 3160 1947 πάρεδρός
3189 1878 3327 1939 ἐστι,
3371 1877 3465 1929 καὶ
3495 1855 3758 1946 ὑπηρέτις
3787 1875 3898 1930 τῶν
3930 1855 4025 1928 τοῦ

775 1978 903 2024 sunt
981 1968 1254 2024 universa.
1339 1969 1792 2038 Quandoquidem
1851 1969 1922 2024 ita
1983 1970 2230 2034 astitrix,
2290 1977 2346 2023 et

773 2062 1022 2116 ministra
1069 2061 1399 2131 iudiciorum
1439 2061 1530 2116 Dei
1581 2071 1665 2116 est
1698 2062 1936 2130 potentia
1968 2061 2250 2130 puniendi,
2286 2070 2342 2116 et

771 2155 1013 2224 justitia;
1067 2155 1526 2224 quemadmodum
1580 2163 1634 2208 et
1669 2154 1914 2223 profusa,
1980 2163 2034 2207 et
2087 2153 2340 2222 benigna,

774 2263 1103 2316 omnemque
1127 2245 1795 2317 gratitudiuemexcedeus
1820 2245 2208 2309 remuneratio,
2234 2259 2340 2314 qua

774 2340 931 2394 nobis
967 2337 1190 2392 meliora
1223 2337 1472 2407 largitur.
1528 2336 1882 2392 Frumentum
1917 2337 2158 2407 profecto
2187 2351 2340 2391 sacra

773 2431 991 2500 eloquia
1033 2429 1152 2482 illos
1189 2429 1483 2499 appellant,
1547 2429 1637 2498 qui
1693 2429 1996 2492 nobilitate,
2055 2443 2219 2498 quam
2275 2427 2342 2482 ab

774 2507 936 2577 initio.
962 2523 1336 2585 obtinuerunt,
1367 2521 1658 2587 custodita,
1692 2522 1980 2592 pristinum
2035 2523 2224 2586 etiam,
2275 2536 2343 2576 ac

775 2609 1014 2664 salutare
1069 2624 1257 2664 semen
1307 2625 1338 2663 ιι
1385 2607 1496 2662 Deo
1543 2621 1751 2666 natura:
1789 2610 2168 2676 commissum,
2220 2626 2344 2679 ger-

776 2717 997 2756 manum
1051 2717 1355 2774 purumque
1385 2719 1558 2773 usque
1608 2704 1674 2758 ad
1738 2703 1909 2774 ipsam
1960 2701 2171 2758 fructus
2216 2717 2343 2772 pro-

775 2796 1085 2849 ductionem
1135 2805 1534 2850 conservaruut
1572 2814 1586 2848 :
1623 2795 1806 2855 fenum
1853 2795 2056 2858 autem,
2113 2804 2168 2849 et
2207 2792 2346 2864 ignis

779 2901 961 2941 escam
980 2895 1296 2956 nuncupant
1318 2902 1433 2951 eos,
1461 2888 1513 2942 in
1535 2887 1735 2957 quibus
1751 2895 1982 2941 counata
2008 2885 2343 2940 zizaniorum

782 2979 1044 3032 innuistio
1094 2979 1319 3049 spiritus
1357 2978 1643 3034 suffocarit
1680 2978 1972 3044 culturam,
2022 2985 2076 3031 et
2131 2974 2348 3045 frugum

2449 1969 2584 2023 Θεοῦ
2607 1969 2891 2041 χριμάτων
2908 1987 2920 2000 ·
2947 1968 3136 2039 ὥσπερ
3167 1970 3198 2039 η
3228 1969 3478 2038 ἄφθονος,
3503 1967 3597 2021 καὶ
3618 1967 4025 2036 φιλάνθρωπος,

2450 2063 2544 2114 καὶ
2568 2063 2834 2132 κρείττων
2875 2061 3112 2130 ἀμοιϐῆς
3160 2061 3534 2126 ἀνταπόδοσις,
3579 2060 3646 2113 δι’
3701 2055 3766 2130 ἦς
3798 2061 3936 2129 ἡμῖν
3958 2060 4028 2112 τὰ

2450 2155 2658 2224 ἀμείνω
2691 2154 3108 2224 πρυτανεῦεται.
3139 2155 3292 2208 Σῖτον
3325 2153 3508 2223 μέντοι
3556 2153 3813 2223 ὀνομάζει
3851 2154 3922 2206 τὰ
3947 2153 4025 2205 is-

2456 2246 2526 2317 ρὰ
2561 2244 2740 2312 λόγια,
2783 2245 2980 2309 οἵτινες
3013 2244 3112 2316 τὴν
3155 2245 3214 2311 ἐξ
3262 2245 3435 2316 ἀρχῆς
3463 2244 3742 2312 εὐγένειαν
3785 2244 4030 2312 φυλαξά-

2453 2353 2606 2406 μενοι
2638 2335 2732 2390 καὶ
2764 2335 2862 2405 τῆς
2890 2335 3077 2389 θεόθεν
3100 2339 3165 2406 τῇ
3201 2335 3360 2405 φύσει
3395 2336 3829 2408 καταϐληθείσης
3860 2337 4028 2406 ἀρχε-

2449 2427 2608 2494 γόνου
2639 2444 2723 2493 τε,
2753 2427 2847 2479 καὶ
2900 2424 3169 2497 σωτηρίου
3207 2430 3415 2498 σπορᾶς
3465 2429 3526 2480 τὸ
3567 2427 3879 2494 ἀνόθευτον,
3934 2429 4032 2481 καὶ

2453 2519 2692 2588 καθαρὸν
2727 2520 2919 2591 μέχρις
2951 2521 3124 2590 αὐτῆς
3147 2520 3244 2589 τῆς
3265 2521 3644 2592 καρποφορίας
3671 2520 4026 2574 διεσώσαντο·

2452 2611 2654 2684 ἄχυρον
2677 2612 2756 2678 δὲ,
2784 2612 2881 2666 καὶ
2912 2615 3081 2684 πυρὸς
3131 2614 3398 2684 δαπάνην,
3422 2609 3501 2677 οἷς
3537 2616 3569 2684 ή
3623 2613 3880 2684 ἐπιμιξία
3921 2613 4031 2667 τῶν

2455 2703 2711 2768 ζιζανίων
2739 2710 3091 2775 παραφυεῖσα
3119 2706 3217 2778 τὴν
3261 2706 3356 2760 τοῦ
3398 2708 3706 2777 πνεύματος
3752 2708 4034 2775 γεωργίαν

2453 2796 2802 2862 ἐναπέπνιξε,
2838 2802 2932 2852 καὶ
2993 2798 3426 2870 ἁτελεσφόρητον
3478 2799 3877 2870 ἀπειργάσατο,
3941 2802 4034 2852 καὶ

2454 2885 2588 2954 πρὸς
2609 2883 2707 2954 τὴν
2734 2885 2842 2939 τῶν
2879 2887 3162 2940 ηυόἀὶων
3195 2887 3497 2956 ἀχρηστίαν
3521 2889 3619 2958 τὴν
3660 2886 3770 2942 τῶν
3800 2889 4034 2957 καρπῶν

2457 2972 2818 3044 ἐλπιζομένην
2846 2975 3152 3047 ἀπέρριψεν
3185 2985 3211 3012 υ
3239 2975 3567 3047 ὡραιότητα.

778 3068 1163 3139 perfectionem
1221 3071 1549 3141 intercepit,
1620 3072 1730 3126 imo
1768 3064 2056 3142 speratam
2120 3070 2337 3122 illarum
2416 3064 2883 3134 pulchritudinem
2937 3068 3006 3123 ad
3060 3067 3310 3123 inutilem
3377 3084 3575 3124 acuum
3660 3069 4033 3125 conditionem

781 3162 1008 3233 prujecit
1036 3162 1170 3232 (7|).

849 3259 984 3313 Illud
1025 3265 1205 3312 autem
1257 3277 1269 3312 :

782 3349 902 3418 igne
926 3367 945 3399 ι
971 3389 985 3414 ,
1041 3346 1182 3402 baud
1233 3347 1306 3402 ita
1335 3347 1707 3416 accipiendum
1736 3357 1838 3412 est,
1875 3348 2060 3402 utduo
2100 3346 2348 3417 quaedam

783 3441 912 3504 siut,
947 3455 1068 3508 quae
1099 3454 1212 3494 sua:
1252 3439 1611 3494 alternatione
1645 3447 1852 3494 naturae
1912 3440 2128 3494 unicam
2185 3439 2352 3507 bapti-

783 3529 976 3584 smatis
1006 3529 1282 3595 virtutem,
1324 3538 1378 3584 et
1407 3530 1799 3598 perfectionem
1839 3530 2148 3585 conﬁciant.
2179 3529 2352 3598 Cujus

782 3621 928 3675 enim
952 3622 1028 3675 rei
1045 3622 1428 3678 sanctissimus
1441 3621 1681 3690 Spiritus
1705 3622 1774 3674 ibi
1801 3638 1897 3692 pro
1915 3637 2012 3676 sua
2032 3623 2352 3690 operatione

786 3713 964 3767 adhuc
998 3713 1302 3783 indigebit?
1359 3712 1500 3780 Quid
1547 3725 1726 3768 autem
1757 3715 1860 3768 erit
1901 3715 1987 3768 ille
2015 3715 2152 3782 ignis
2188 3712 2353 3768 simul

787 3806 1096 3873 adjunctus,
1126 3806 1220 3874 qui
1266 3805 1569 3859 deﬁcientis
1605 3819 1834 3859 vacuum
1897 3804 2232 3872 complebit?
2285 3805 2354 3859 At

784 3895 916 3950 illud
975 3897 1031 3949 in
1080 3896 1196 3966 igne
1248 3911 1393 3951 nunc
1434 3911 1540 3951 una
1567 3897 1806 3950 additum
1844 3905 1948 3958 est,
2009 3905 2066 3949 ut
2118 3895 2353 3965 Spiritus

783 3991 916 4056 vim,
970 3998 1025 4046 et
1073 3989 1364 4045 eﬂicaciam
1401 3992 1697 4046 mundandi
1732 3992 1994 4046 enuntiet.
2043 3991 2179 4045 Cum
2208 3993 2350 4047 enim

785 4083 1122 4138 sanctissimi
1159 4080 1397 4152 Spiritus
1426 4085 1568 4138 dona
1625 4084 1763 4138 inter
1795 4098 1854 4137 se
1891 4080 2175 4147 diﬂ‘eraut,
2245 4097 2352 4136 uua

787 4183 971 4228 autem
1001 4173 1311 4228 divinarum
1341 4175 1459 4244 ejus
1478 4175 1860 4244 operationum
1892 4173 1982 4237 sit,
2025 4182 2084 4226 ut
2111 4182 2164 4226 et
2191 4188 2353 4228 mun-

785 4265 894 4327 det,
924 4272 998 4328 et,
1050 4267 1194 4332 quod
1233 4279 1458 4334 pravum
1489 4276 1566 4320 est
1592 4305 1608 4329 ,
1650 4263 1916 4332 destruat,
1976 4266 2351 4336 ipsorumque.

788 4353 841 4404 in
873 4366 1013 4421 quos
1045 4356 1437 4423 supervenerit,
1480 4364 1646 4410 totam
1699 4358 1924 4410 omnino
1982 4365 2232 4411 naturam
2270 4371 2356 4411 re-

786 4440 1008 4510 formet,
1062 4443 1179 4500 ﬁert
1217 4446 1508 4516 nequit,ut
1539 4446 1816 4516 quidpiam
1861 4448 2106 4503 eamdem
2143 4447 2354 4503 foedans

788 4534 1155 4592 abscondatur
1176 4537 1354 4592 adhuc
1375 4548 1428 4592 et
1457 4539 1640 4592 lateat.

1334 3276 1352 3309 ι
1379 3254 1681 3326 Baptizabit
1709 3256 1764 3311 in
1787 3257 1990 3328 Spiritu
2028 3265 2250 3321 sancto,
2299 3263 2352 3309 et
2381 3266 2428 3329 ο

2537 3254 2609 3305 Τὸ
2648 3255 2704 3307 δέ
2741 3273 2802 3322 γε
2843 3276 2859 3306 ι
2927 3255 3014 3308 Ἐν
3068 3256 3344 3321 Πνεύματι
3387 3256 3528 3326 ἁγίῳ
3584 3255 3868 3325 βαπτίσει,
3942 3258 4035 3307 καὶ

2457 3351 2613 3423 πυρὶ,
2654 3372 2672 3403 ι
2705 3351 2801 3419 οὐχ
2835 3349 2910 3411 ὡς
2931 3347 3024 3401 δύο
3047 3347 3210 3401 τινῶν
3234 3349 3332 3418 τὴν
3354 3347 3517 3417 φύσιν
3536 3345 4035 3418 παρηλλαγμένων,

2461 3442 2588 3512 μίαν
2617 3441 2716 3510 τὴν
2757 3437 2852 3490 τοῦ
2901 3436 3274 3507 βαπτίσματος
3325 3437 3534 3510 χρείαν,
3587 3437 3681 3490 καὶ
3716 3436 4040 3505 τελειότητα

2456 3531 2887 3586 ἀποτελούντων.
2907 3529 3064 3592 Τίνος
3092 3531 3200 3600 γὰρ
3226 3530 3292 3582 ἂν
3318 3530 3413 3584 καὶ
3441 3530 3608 3600 δεήσῃ
3647 3528 3780 3582 ἔνθα
3800 3529 3864 3582 τὺ
3889 3547 4035 3584 παν-

2459 3625 2612 3694 ἀγιον
2662 3623 2886 3692 Πνεῦμα
2921 3624 3137 3692 ἐνεργεῖ
3165 3639 3179 3687 ;
3214 3623 3255 3673 Τ
3262 3623 3278 3674 ί
3326 3622 3371 3676 δ’
3412 3621 3478 3676 ἀν
3505 3622 3591 3691 είη
3627 3623 4039 3693 συμπαραλαμ-

2458 3715 2772 3785 ϐανόμενον,
2803 3715 2832 3768 ὃ
2859 3717 2958 3784 τὴν
2986 3715 3170 3784 χώραν
3187 3712 3569 3783 ἀναπληρώσει
3601 3711 3695 3766 τοῦ
3729 3713 4039 3776 λείποντος

2472 3808 2632 3860 ’Λλλά
2659 3824 2721 3875 γε
2753 3810 2815 3860 τὸ
2843 3808 2914 3861 ἐν
2939 3808 3080 3874 πυρὶ
3119 3806 3236 3859 νυνὶ⁵
3271 3806 3748 3876 συμπαρείληπται
3779 3807 3882 3875 τὴν
3937 3824 4039 3861 και

2459 3897 2722 3969 θαρτικὴν
2774 3897 3117 3966 ἀπαγγέλλον
3175 3897 3268 3950 τοῦ
3321 3896 3636 3967 Πνεύματος
3690 3898 3926 3968 δύναμίν
3977 3915 4042 3950 τε

2460 3990 2553 4044 καὶ
2611 3991 2909 4060 ἐνέργειαν.
2961 3989 3114 4043 Ἐπεὶ
3171 3989 3277 4060 γὰρ
3329 3989 3560 4061 διάφορα
3608 3991 3702 4045 τοῦ
3763 3993 4044 4060 παναγίου

2461 4079 2781 4150 Πνεύματος
2805 4079 2876 4132 τά
2905 4079 3224 4150 χαρίσματα
3247 4097 3259 4109 ·
3300 4079 3360 4131 ἓν
3387 4079 3445 4132 δέ
3467 4079 3632 4134 αὑτοῦ
3660 4079 3770 4132 τῶν
3802 4081 4042 4152 θεοπρει

2461 4169 2578 4222 πῶν
2607 4169 2900 4240 ἐνεργειῶν
2935 4172 3031 4223 καὶ
3057 4169 3117 4222 τὺ
3139 4169 3490 4240 καθαρτικὸν,
3531 4171 3624 4224 καὶ
3648 4171 3746 4240 τῆς
3792 4170 4046 4242 χείρονος

2461 4261 2591 4332 ὕλης
2622 4261 2998 4330 ἀφανιστικδν,
3037 4263 3152 4326 καὶ.
3193 4261 3274 4326 οἷς
3306 4264 3370 4316 ἂν
3422 4265 3853 4331 ἐπιφοιτήσειεν,
3908 4263 4046 4332 ὅλην

2462 4353 2639 4406 διόλου
2671 4355 2770 4424 τὴν
2791 4354 2953 4422 φύσιν
2984 4355 3352 4425 ἀναχωνεύειν
3381 4370 3394 4384 ’
3431 4355 3598 4425 μηδὲν
3621 4356 3732 4409 τῶν
3757 4360 4045 4430 καταρρυ-

2463 4445 2711 4498 πούντων
2737 4444 2910 4514 αὐτὴν
2941 4446 3283 4515 ἐμφωλεύειν
3313 4449 3422 4512 ἔτι,
3471 4450 3562 4499 καὶ
3619 4449 3909 4504 λανθάνειν
3953 4453 4046 4504 δυ-

2463 4533 2643 4587 νατόν.

858 4625 1062 4693 Quare,
1086 4643 1212 4684 cum
1235 4629 1463 4685 dixisset
1499 4648 1518 4681 ι
1539 4629 1591 4684 in
1611 4631 1814 4699 Spiritu
1840 4637 2088 4691 sanctor,
2123 4628 2355 4699 subjecit
2386 4621 2430 4676 Ι)

2389 4621 2430 4676 D
2528 4623 2627 4678 Διά
2690 4624 2848 4678 τοῦτο
2911 4625 3080 4679 εἰπὼν
3111 4645 3128 4676 ι
3164 4626 3222 4680 ἐν
3267 4627 3544 4695 Πνεύματι
3588 4626 3746 4696 ἁγίῳ,
3792 4645 3812 4677 s
3871 4644 4048 4699 προσ-

792 4740 876 4783 ιει
911 4728 1034 4798 igne
1059 4740 1114 4786 ι,
1180 4723 1258 4777 uti
1311 4721 1515 4775 dixeris
1565 4721 1618 4775 in
1661 4721 1866 4790 Spiritu
1906 4730 2114 4787 sancto,
2138 4724 2231 4790 qui
2259 4722 2356 4776 de-

789 4833 1014 4890 generes
1051 4824 1265 4871 nostras
1289 4813 1615 4882 cupiditates
1659 4812 1959 4883 depurgat,
2011 4823 2176 4883 atque
2223 4828 2358 4869 con-

791 4911 992 4976 sumit;
1014 4923 1046 4963 a
1079 4907 1281 4978 quibus
1305 4921 1400 4976 per
1426 4905 1800 4974 operationem
1834 4905 1980 4958 illam
2000 4945 2016 4970 ,
2045 4920 2165 4974 qua:
2200 4905 2356 4974 ignea

791 5014 847 5056 et
869 4999 1054 5056 eﬂicax
1087 4998 1252 5054 simul
1280 4997 1528 5062 est,etvi
1563 4993 1894 5052 reconﬂandi
1924 4996 2171 5065 pradita,
2224 5011 2358 5066 pur-

798 5092 928 5161 gati,
958 5090 1301 5146 sanctitatem
1341 5087 1558 5155 assequi
1589 5100 1884 5141 meremur.
1927 5103 1944 5135 ι
1971 5082 2184 5140 Etenim
2216 5088 2357 5140 Deus

2460 4717 2624 4787 ἐθηκε
2663 4737 2682 4770 ι
2714 4718 2807 4772 καὶ
2844 4719 3016 4789 πυρὶ,
3055 4736 3074 4769 ι
3111 4717 3197 4771 ῐνα
3245 4717 3405 4788 εἴπῃς
3453 4719 3513 4771 ἐν
3561 4718 3842 4789 ιινεύματι
3899 4720 4050 4788 ἁγίῳ

2459 4809 2538 4878 τῷ
2574 4809 2892 4879 καθαρτικῷ
2940 4825 3001 4863 τε
3033 4810 3130 4863 καὶ
3159 4809 3516 4880 δαπανητικῷ
3537 4810 3647 4863 τῶν
3677 4812 3736 4863 ἐν
3764 4811 3904 4880 ἡμῖν
3945 4813 4050 4880 τῆς

2461 4899 2658 4963 κακίας
2687 4900 2874 4953 παθῶν
2897 4916 2911 4932 '
2951 4895 3028 4955 ὧν
3054 4899 3141 4954 διά
3166 4900 3264 4970 τῆς
3294 4900 3566 4971 ἐμπύρου,
3608 4903 3703 4954 καὶ⁷
3738 4901 4053 4970 δραπικῆς

2462 4991 2600 5060 ἅμα,
2633 4993 2727 5045 καὶ
2762 4995 3207 5064 ἀναχωνευτικῆς
3227 4993 3510 5064 ἐνεργείας
3550 4992 4052 5064 ἀποκαθαιρούμε-

2462 5100 2544 5136 νοι
2560 5085 2657 5154 τῆς
2686 5086 2972 5156 ἁγιότητος
2997 5085 3317 5157 ἀξιούμεθα.
3342 5106 3360 5138 ι
3390 5086 3502 5140 Καὶ
3530 5087 3640 5157 γὰρ
3672 5087 3702 5140 ὁ
3728 5085 3862 5150 Θεὸς
3883 5087 4052 5157 ἡμῶν

2124 5237 2359 5296 ΫΔΒΙιΕ
2400 5239 2803 5298 LECTIONES.

910 5387 914 5392 ’
949 5383 1013 5437 Ν.
1039 5385 1136 5446 τὰς
1160 5384 1399 5442 αἰωνίας.
1588 5379 1647 5431 Ν.
1687 5376 2111 5447 ἀμεταμέλητον.

2226 5386 2252 5414 ι’
2276 5379 2341 5434 ἀν
2372 5375 2491 5434 Nic.
2526 5377 2817 5450 ﬂuensque
2851 5379 2967 5434 Lat.

2314 5554 2542 5611 ΝΟΉΕ.

867 5747 980 5818 (7|)
1029 5749 1159 5816 Quae
1189 5749 1412 5804 Pbotius
1455 5749 1717 5804 hactenus
1773 5748 2100 5818 disputavit,
2151 5747 2352 5802 nemini

798 5815 1230 5886 videntur’nova,
1266 5821 1311 5875 si
1343 5819 1637 5889 scriptores
1669 5818 1800 5882 adit,
1829 5815 1921 5888 qui
1956 5819 2008 5872 iu
2045 5815 2236 5872 Matth.
2269 5833 2346 5880 tn,

2465 5749 2554 5815 12,
2587 5759 3026 5805 commentantur
3074 5770 3086 5804 :
3131 5749 3307 5804 iusius
3340 5757 3543 5813 tamen,
3603 5757 3679 5805 uti
3707 5748 3869 5813 solet.
3912 5749 4054 5805 Cor-

2464 5822 2640 5875 nelius
2670 5835 2704 5875 a
2730 5821 2930 5890 Lapide
2961 5823 3063 5878 ista
3103 5821 3467 5890 persequitur.
