4202 6442
711 392 818 456 235

1863 393 2126 454 PHOTll
2163 390 2667 451 PATRIARCHIE
2699 391 2808 452 (ΞΡ.

3863 385 3971 452 236

708 501 931 558 tentiam
956 501 1274 571 suscipere?
1322 502 1371 558 Is
1398 501 1681 569 nimirum,
1724 503 1817 574 qui
1851 504 2067 560 modica
2097 505 2278 575 aliqua
2311 533 2320 562 Δ

2414 501 2490 573 άρ
2521 501 2550 553 ό
2583 501 2684 572 μὲν
2720 502 2801 573 τῷ
2847 501 3054 573 μετρίῳ
3106 503 3205 572 τῆς
3259 500 3531 581 τιμωρίας
3573 498 3650 571 μὴ
3696 517 3973 570 σωφρονι-

709 594 1063 665 t-astigatione
1112 609 1222 648 non
1291 595 1545 667 resipuit,
1599 611 1750 666 spem
1805 596 2148 667 relinquitse
2169 596 2283 652 for-

712 697 858 740 tasse
885 686 1080 740 acriori
1120 686 1226 742 alia
1257 701 1418 757 posse
1451 687 1521 742 ad
1564 688 2000 745 emendationem
2034 691 2283 759 perduci.

711 780 780 830 At
805 779 900 848 qui
931 794 997 834 ne
1030 796 1125 849 per
1151 782 1289 835 hanc
1316 781 1533 851 quidem
1561 783 1873 853 corrigitur,
1896 797 2079 850 neque
2097 797 2288 851 sapere

714 870 912 923 melius
938 887 1056 924 esse
1088 872 1258 932 ducit,
1313 887 1474 941 quam
1498 874 1776 938 insanire;
1831 874 1918 928 hic
1950 872 2146 928 mentis
2175 889 2288 928 suae

714 960 913 1014 vulnus
973 959 1175 1014 fatetur
1220 976 1344 1015 esse
1388 962 1714 1018 insanabile.
1798 962 1901 1030 Qui
1949 973 2132 1020 autem
2182 961 2288 1020 non

715 1053 944 1104 modum
966 1051 1477 1116 meliorem'frugem
1503 1068 1622 1110 sese
1638 1069 1746 1108 non
1776 1055 1986 1125 recipit,
2010 1056 2106 1111 sed
2123 1056 2288 1111 etiam

717 1142 782 1195 ad
799 1144 1123 1198 deteriorem
1148 1146 1330 1215 patius
1346 1145 1583 1210 devenit,
1641 1148 1754 1215 ipse
1782 1148 1989 1217 reliqua
2015 1128 2285 1219 supplicia

718 1252 826 1290 nou
857 1237 1082 1290 nimiam
1095 1252 1216 1292 esse
1245 1238 1602 1308 ponitionem,
1622 1241 1715 1296 sed
1743 1241 2202 1311 complementum
2224 1242 2291 1296 ad

716 1327 920 1398 justam
937 1343 1272 1396 mensuram,
1292 1330 1338 1385 si
1355 1345 1462 1387 non
1479 1331 1680 1402 lingua,
1697 1333 1889 1388 saltem
1911 1348 2095 1403 opere,
2113 1334 2297 1389 decer-

706 1436 856 1476 nere
900 1421 1128 1475 videtur.
1163 1442 1181 1474 ι
1206 1421 1472 1488 Peccasti,
1502 1424 1580 1477 ait
1624 1423 1907 1488 Dominus,
1928 1425 2151 1495 quiesce
2173 1425 2240 1478 ⁸⁸.
2272 1442 2292 1476 ι

792 1553 956 1623 Atqui
1009 1553 1219 1610 Hebraei
1257 1563 1370 1608 tum
1397 1555 1501 1608 alia
1549 1564 1770 1624 peccata
1821 1565 2124 1625 patrantes,
2183 1565 2298 1611 tum

726 1661 826 1715 pro
876 1647 1193 1702 hominibus
1234 1649 1458 1703 meritas
1489 1663 1680 1718 ptenas
1732 1648 2008 1705 luentibus
2061 1649 2298 1704 nimium

725 1741 993 1806 dolentes,
1029 1757 1137 1797 non
1187 1742 1363 1797 solum
1417 1757 1528 1796 non
1581 1743 1836 1797 tacebant
1895 1742 2114 1813 (neque
2157 1742 2301 1798 enim

2389 595 2558 658 σθεὶς,
2591 593 2734 664 τάχα
2769 593 2837 648 ἂν
2873 593 2951 663 τῷ
2984 592 3191 663 μείζονι
3231 592 3366 663 πρὸς
3393 592 3493 662 τὴν
3518 592 3806 662 διόρθωσιν
3842 593 3974 646 πολ-

2388 687 2488 749 λὰς
2521 686 2747 747 ἐλπίδας
2769 685 3046 756 παράσχοι
3081 685 3563 756 συνελαθήσεσθαι.
3600 683 3662 738 '0
3687 684 3745 738 δὲ
3778 685 3855 756 μὴ
3880 684 3976 739 διὰ

2387 776 2582 831 τούτου
2614 777 3026 847 παιδευόμενος,
3065 777 3204 848 μηδὲ
3236 777 3296 831 τὺ
3331 780 3630 846 σωφρονεῖν
3672 776 3970 847 αἱρετώτεο

2393 885 2486 940 ρον
2523 866 2617 920 τοῦ
2675 869 3049 939 παραφρονεῖν
3092 865 3401 937 τιθέμενος,
3448 869 3670 923 ἀνίατον
3715 868 3977 937 ὁμολογεῖ

2392 960 2455 1012 τὸ
2475 959 2879 1029 πλημμέλημα.
2915 957 2975 1013 ’0
3006 959 3063 1012 δὲ
3094 961 3172 1029 μὴ
3208 959 3368 1030 μόνον
3412 959 3548 1031 πρὸς
3570 959 3633 1013 τὸ
3670 959 3881 1028 βέλτιον
3908 958 3978 1011 οὗ

2399 1049 2844 1121 μετατιθέμενος,
2883 1049 3020 1103 ἀλλά
3047 1050 3143 1104 καὶ
3179 1049 3274 1104 τοῦ
3303 1050 3544 1120 χείρονος
3597 1048 3801 1120 μᾶλλον
3829 1049 3979 1116 γινό-

2399 1155 2584 1208 μενος,
2616 1138 2676 1191 τὺ
2704 1137 2892 1192 λεῖπον
2927 1138 3028 1208 τῆς
3058 1138 3332 1209 τιμωρίας
3353 1138 3451 1208 οὐχ
3479 1137 3790 1209 ύπερὸολῆς
3812 1137 3979 1190 κῶας

2400 1247 2505 1296 σιν,
2531 1230 2673 1284 ά).λά
2691 1232 2772 1295 είς
2799 1232 2898 1302 τὴν
2922 1230 3019 1284 τοῦ
3067 1232 3280 1285 δικαίου
3315 1231 3476 1302 φύσιν
3526 1229 3979 1301 προστιθέμενον,

2400 1322 2504 1378 κᾶν
2547 1323 2624 1394 μὴ
2655 1325 2719 1394 τῇ
2752 1321 2995 1393 γλώσσῃ,
3022 1325 3096 1394 τῇ
3125 1323 3328 1394 πράξει
3354 1323 3413 1378 δὲ
3439 1323 3537 1394 τὴν
3552 1321 3732 1392 ψῆφον
3761 1320 3984 1391 ἐλέγχε-

2399 1431 2491 1468 ται
2517 1414 2722 1485 φέρων.
2761 1432 2780 1466 ι
2823 1414 3130 1486 Ἥμαρτες,
3162 1415 3347 1483 φησὶν,
3375 1411 3669 1484 ἡσύχασον.
3703 1431 3726 1463 ε
3891 1419 3896 1423 ”

2474 1547 2538 1600 Ol
2567 1547 2624 1599 δὲ
2652 1547 3059 1618 ἁμαρτάνοντες
3089 1547 3160 1602 τά
3189 1563 3248 1600 τε
3279 1545 3439 1612 άλλα,
3495 1545 3592 1600 καὶ
3634 1539 3718 1609 οἷς
3745 1543 3858 1598 τῶν
3907 1545 3992 1598 δι-

2404 1636 2576 1701 καίως
2603 1636 2700 1706 τὴν
2742 1637 2900 1707 δίκην
2937 1637 3248 1692 δεδωκότων
3300 1638 3669 1710 ὐπερήλγουν,
3719 1637 3782 1692 ού
3825 1636 3994 1706 μόνον

2405 1729 2506 1784 οὑκ
2538 1728 2735 1797 ἐσίγων
2764 1727 2906 1799 (οὐδὲ
2937 1729 3048 1801 γὰρ
3076 1729 3164 1782 εῖα
3191 1729 3304 1800 (75)
3339 1728 3448 1782 τῶν
3491 1727 3912 1799 ἁμαρτημάτων
3954 1727 3995 1796 ἡ

728 1833 1065 1888 facinoribus
1092 1849 1187 1904 par
1215 1843 1333 1888 erat
1351 1833 1802 1901 animadversio),
1854 1833 1948 1889 sed
1974 1842 2026 1889 et
2056 1834 2305 1906 insurge»

2414 1821 2713 1892 5μοιότης)⁸
2748 1819 2886 1874 ά).λά
2937 1821 3031 1875 καὶ
3061 1823 3197 1893 προς
3228 1820 3545 1890 γογγυσμὸν
3573 1817 3669 1871 τοῦ
3703 1816 3960 1886 παιδαγω

727 1920 862 1975 bant
900 1921 966 1976 ad
1001 1923 1455 1976 murmurantium
1497 1922 1566 1977 de
1593 1939 1695 1978 suo
1727 1923 1887 1986 duce,
1935 1932 1988 1979 et
2026 1940 2122 1995 per
2159 1925 2305 1980 hunc

727 2010 784 2064 in
817 2024 1160 2064 communem
1186 2010 1500 2076 Dominum,
1537 2012 1911 2082 bonorumque
1963 2012 2304 2084 Largitorem

728 2102 1126 2172 irrumpebant,
1177 2103 1405 2159 crimine
1436 2103 1641 2173 majore
1685 2107 1866 2162 minus
1895 2106 2042 2161 aliud
2073 2109 2306 2164 abscon—

727 2193 858 2248 dere
896 2193 1307 2248 contcndentes.
1341 2191 1636 2264 Propterea
1669 2195 1850 2251 simile
1877 2197 2000 2250 aliis
2031 2197 2308 2266 prioribus

726 2285 1071 2354 excepissent
1096 2285 1395 2347 excidium,
1426 2294 1482 2341 et
1514 2288 1580 2340 ad
1608 2301 1775 2340 unum
1813 2286 2105 2356 periissent
2127 2329 2142 2354 ,
2201 2287 2307 2343 nisi

729 2376 897 2433 Hosis
940 2378 1274 2449 placationes
1298 2388 1351 2434 et
1377 2393 1566 2450 preces
1578 2381 1938 2437 calamitatem
1952 2383 2219 2438 stitissent
2235 2382 2306 2436 “.

800 2513 956 2581 Quod
987 2515 1032 2568 si
1089 2514 1342 2585 populus,
1376 2515 1471 2587 qui
1509 2514 1680 2587 legum
1730 2527 2034 2588 acceperat,
2083 2519 2305 2576 virtutis

731 2621 796 2660 ae
826 2605 1106 2676 religionis
1152 2606 1518 2676 legis-latorem
1544 2609 1890 2666 cantionibus
1924 2611 2303 2682 pnnstigiosis,

734 2692 1016 2763 Deumque
1059 2693 1402 2751 ﬂectentibus
1447 2697 1828 2766 suspicabatur
1863 2699 2199 2767 incumbere,
2228 2710 2313 2755 at-

735 2801 841 2856 que
880 2801 976 2857 per
1012 2802 1107 2841 eas
1135 2802 1164 2840 a
1194 2788 1406 2842 vexatis
1441 2788 1763 2846 hominibus
1795 2805 1990 2862 ptenas
2023 2792 2166 2864 exigi
2192 2831 2209 2855 ,
2259 2802 2314 2848 et

740 2879 842 2932 hoc
873 2878 1219 2948 potissimum
1268 2888 1428 2949 pacto
1483 2878 1652 2936 Deum
1697 2890 1751 2936 et
1796 2881 2113 2939 Creatorem
2168 2884 2313 2941 facta

740 2968 1022 3022 hominum
1056 2969 1279 3034 intueri,
1311 2979 1366 3024 et
1395 2985 1650 3027 coercere
1677 2981 1898 3040 peccata
1924 2990 1940 3040 ;
1996 2973 2162 3031 habet
2193 2976 2316 3046 qui-

739 3063 863 3113 dem
880 3060 1186 3129 expeditam
1207 3063 1482 3132 proposita
1502 3064 1737 3132 quaestio
1748 3063 2098 3119 solutionem.
2134 3067 2314 3122 Aliam

741 3165 871 3205 vero
891 3150 1032 3205 haud
1064 3151 1288 3207 levioris
1312 3154 1574 3208 momenti
1602 3154 1936 3224 impietatem
1961 3156 2081 3226 ipsa
2110 3159 2314 3214 solutio

743 3240 1022 3310 patefacit,
1053 3252 1107 3298 et
1135 3244 1327 3311 turbnt,
1395 3245 1442 3301 si
1492 3243 1634 3300 forte
1687 3247 1886 3302 talibus
1916 3250 2322 3319 suspicionibus

743 3334 984 3404 deceptae
1012 3346 1358 3403 erraverunt,
1421 3353 1532 3394 non
1567 3354 1678 3394 una
1711 3357 1908 3407 morte,
1935 3345 2030 3399 sed
2069 3348 2324 3415 pluribus

746 3425 925 3496 dign-.e
973 3433 1104 3480 sunt
1145 3428 1338 3497 :quotl
1395 3429 1698 3497 praesertim
1766 3430 1933 3503 Magis
1982 3435 2037 3488 in
2093 3435 2327 3510 ,Ευριο

751 3531 857 3570 non
886 3517 1075 3582 semel,
1097 3517 1192 3573 sed
1221 3517 1405 3574 decies
1430 3519 1699 3585 confusis,
1718 3537 2017 3594 eorumque
2045 3526 2330 3585 fraudibus

750 3623 847 3678 per
873 3605 1040 3663 Mosis
1087 3608 1334 3680 prodigia
1382 3625 1550 3680 quam
1599 3613 2013 3671 evidentissime
2073 3617 2327 3687 detectis,

749 3701 820 3757 de
859 3701 943 3756 bis
963 3701 1126 3756 etiam
1159 3701 1350 3759 oculos
1386 3703 1518 3774 ipsa
1538 3719 1668 3760 suos
1691 3706 1963 3763 immunes
1995 3710 2332 3780 deceptionis

752 3805 921 3850 testes
953 3789 1242 3849 baberent.
1286 3791 1654 3865 Praterquam
1684 3798 1832 3867 quod
1865 3814 1962 3867 per
2001 3800 2332 3857 incantatio-

755 3906 877 3955 nes,
932 3900 988 3946 et
1037 3887 1311 3961 prastigia
1350 3887 1608 3958 quisnam
1645 3903 1795 3943 mare
1823 3889 2115 3955 divideret,
2150 3903 2205 3948 et
2232 3909 2330 3962 po-

753 3985 886 4053 pulo
941 3983 1161 4053 quidem
1214 3997 1318 4038 suo
1378 3980 1523 4034 viam
1582 3995 1685 4036 nec
1729 3981 1959 4053 vestigia
1991 3983 2334 4041 bumiditatis

755 4075 1082 4131 retinentem
1122 4082 1414 4139 sterneret,
1452 4073 1702 4129 hostibus
1750 4083 1933 4129 autem
1986 4085 2334 4148 extempora-

757 4183 922 4224 neum
951 4167 1260 4238 sepuicrum
1289 4164 1570 4235 aperiret?
1590 4164 1763 4220 Porro
1791 4168 2070 4236 quomodo
2097 4178 2281 4239 posset
2304 4185 2336 4227 ο

757 4260 901 4315 coelo
947 4271 1267 4328 comparare
1297 4257 1506 4323 cibum,
1561 4266 1617 4312 et
1650 4272 1895 4314 mensam
1947 4274 2244 4330 apponere,
2279 4271 2336 4317 et

759 4361 954 4409 cetera
989 4360 1225 4422 patrare,
1270 4366 1391 4422 quae
1419 4349 1598 4405 Moses
1625 4351 1808 4405 divina
1829 4351 2002 4407 fretus
2029 4355 2232 4410 virtute
2265 4357 2333 4410 ad

759 4443 982 4499 lsraelis
998 4444 1227 4499 salutem
1243 4444 1478 4513 placato,
1501 4454 1839 4514 exoratoque
1853 4442 2088 4502 Numine
2109 4447 2337 4517 agebat?

858 4706 926 4759 At
955 4703 1031 4760 illi
1061 4703 1285 4775 quidem
1339 4717 1449 4756 non
1488 4701 1761 4757 immerita
1793 4717 1906 4758 sua
1937 4701 2336 4758 murmuratio-

764 4797 852 4853 nis
875 4811 1033 4869 pmna
1085 4795 1297 4850 multati
1324 4803 1474 4850 stmt.
1511 4795 1667 4865 Apud
1729 4793 1967 4864 majores
2016 4803 2196 4849 autem
2240 4807 2343 4848 no-

766 4899 910 4946 stros
954 4891 1020 4945 de
1055 4889 1161 4953 bis,
1212 4904 1335 4959 quae
1391 4889 1536 4944 dicta
1567 4897 1716 4952 sunt,
1770 4886 1896 4957 quia
1951 4887 2177 4956 quaestio
2234 4900 2344 4940 non

767 4983 994 5048 exstitit,
1027 4982 1150 5037 ideo
1175 4995 1275 5036 nee
1303 4979 1504 5036 solutio
1538 4978 1844 5050 excogitata
1883 4977 2004 5033 l‘uit.
2037 4978 2217 5032 'l‘uum
2244 4992 2344 5032 au-

769 5083 879 5130 tem
931 5084 1014 5131 est
1085 5073 1409 5143 expendere,
1470 5083 1652 5129 utrum
1706 5071 1820 5125 haec
1872 5070 1989 5140 ipsa
2013 5071 2267 5127 enodatio
2315 5086 2345 5124 a

769 5182 899 5223 vera
922 5167 1309 5236 speculatione,
1341 5180 1411 5220 an
1449 5181 1482 5220 a
1531 5164 1860 5235 loquacitate
1890 5162 2167 5219 silentium
2214 5178 2343 5218 eru-

773 5260 1024 5316 bescente
1052 5259 1282 5314 oriatur.

2406 1912 2629 1981 γοῦντος
2654 1912 3062 1978 ἀντανίσταντο,
3107 1912 3205 1966 καὶ
3224 1912 3304 1965 δι’
3333 1911 3498 1966 αὐτὸν
3534 1909 3614 1980 τῷ
3652 1909 3819 1978 κοινῷ
3889 1912 3998 1961 Δε-

2409 2006 2603 2078 σπότῃ,
2622 2005 2716 2058 καὶ
2747 2005 3014 2078 εὐεργέτῃ
3033 2007 3239 2077 προσεῤ
3244 2005 3530 2076 ῥήγνυντο,
3540 2002 3694 2071 κακῷ
3710 2001 3922 2072 μείζονι
3936 2001 4002 2054 τὸ

2407 2099 2629 2152 ἔλαττον
2670 2096 3101 2167 φιλονεικοῦντες
3149 2096 3604 2168 ἀποκρύψασθαι.
3645 2096 3736 2149 Διὸ
3779 2095 4002 2149 καὶτὸν

2406 2191 2626 2264 ὄλεθρον
2660 2191 3048 2261 παραπλήσιον
3066 2189 3175 2242 τῶν
3197 2189 3619 2260 προδεδωκότων
3650 2188 3998 2257 ἀνεδέχοντο,

2409 2287 2503 2339 καὶ
2533 2285 2799 2353 αιταγγενεῖ⁵
2828 2283 3080 2337 διώλοντο
3107 2283 3172 2336 άν
3193 2297 3208 2312 ·
3238 2282 3289 2335 ει
3321 2281 3396 2351 μὴ
3418 2279 3511 2333 τού
3551 2279 3794 2343 Μωσέως
3822 2281 3853 2333 ὁ
3913 2277 4007 2342 ιε.

2413 2376 2661 2448 ιλασμδς,
2681 2378 2777 2431 καὶ
2804 2377 2838 2446 ἡ
2869 2376 3055 2448 δέησις
3081 2374 3182 2446 τῆν
3211 2371 3439 2446 θραῦσιν
3463 2371 3712 2442 ἔστησεν.

2483 2513 2544 2566 El
2600 2511 2657 2566 δὲ
2714 2513 2999 2582 γοητικαῖς
3057 2510 3416 2581 μαγγανείαις
3437 2548 3453 2575 ,
3522 2509 3618 2564 καὶ
3689 2506 4006 2576 θειοδάμοις

2411 2605 2503 2660 τδν
2567 2603 2668 2673 τῆς
2732 2604 2932 2674 ἀρετῆς
2963 2644 2978 2668 ,
3036 2604 3132 2656 καὶ
3207 2601 3538 2672 θεογνωσίας
3599 2597 3906 2670 νομοθέτην
3973 2599 4008 2649 ό

2412 2694 2871 2768 νομοθετούμενος
2923 2693 3246 2750 ἀνακεῖσθαι
3289 2692 3663 2763 ὑπελάμϐανε,
3729 2692 3829 2744 καὶ
3868 2688 4010 2742 ταύο

2411 2805 2532 2851 ταις
2561 2786 2988 2859 εἰσπράττεσθαι
3015 2786 3112 2849 τὰς
3143 2787 3417 2858 τιμωρίας
3459 2785 3586 2847 τοὺς
3611 2781 4011 2854 παραλυποῦν-

2412 2897 2513 2943 τας
2550 2873 2664 2949 είχε
2692 2879 2974 2950 φρόνημα,
3020 2877 3195 2941 οὕτως
3229 2877 3346 2947 (7t)
3376 2877 3468 2929 ἐπὶ
3491 2876 3710 2929 πάντων
3754 2872 3815 2926 δι
3847 2871 4005 2938 Θεδν,

2415 2972 2509 3027 καὶ
2530 2970 2878 3042 Δημιουργδν
2932 2970 3138 3041 ἑφορᾷν
3184 2969 3254 3023 τὰ
3299 2968 3578 3039 δρώμενα,
3638 2964 3736 3019 καὶ
3787 2964 4016 3032 ἐπέχειν

2415 3063 2524 3116 τῶν
2554 3061 3017 3136 παραπτωμάτων
3045 3059 3451 3130 ἐπικαλούμενον
3475 3074 3488 3089 ο
3539 3059 3575 3128 ἡ
3609 3055 3710 3127 μὶν
3748 3054 4013 3124 ἔξαρχῆς

2341 3186 2386 3245 C
2418 3154 2623 3225 ἀπορία
2651 3153 2789 3208 κατὰ
2815 3154 2877 3207 τὸ
2901 3152 3081 3224 ῥᾴδιον
3107 3151 3208 3223 τὴν
3230 3151 3384 3204 λύσιν
3415 3149 3528 3220 ἔχει
3551 3165 3566 3178 ·
3623 3148 3724 3201 ούκ
3748 3145 4017 3245 ἑλάττονα

2423 3247 2481 3299 δὲ
2511 3249 2543 3316 ἡ
2574 3244 2730 3309 λύσις
2760 3243 2929 3314 ἀλλην
2954 3243 3184 3297 ἀτοπίαν
3211 3242 3519 3318 ἀποτίκτει,
3558 3240 3654 3294 καὶ
3680 3239 3740 3291 τὸ
3770 3235 4014 3307 πλῆθος,

2427 3337 2476 3390 εί
2506 3338 2624 3399 ταῖς
2645 3335 2824 3402 δόξαις
2849 3334 3075 3396 ταύταις
3101 3333 3343 3387 ἑάλωκεν
3395 3332 3482 3399 ἀν,
3506 3332 3607 3402 ούχ
3647 3329 3819 3393 ἀπιξ,
3868 3326 4014 3381 ἀλλὰ

2427 3426 2524 3480 καὶ
2553 3424 2816 3488 πολλάκις
2849 3423 3256 3478 ἀπολωλεκέναι
3313 3422 3512 3477 δίκαιοι
3540 3424 3683 3476 εἰσιν
3703 3436 3718 3452 ο
3771 3418 4020 3489 μάλιστά

2427 3534 2492 3586 γε
2506 3515 2616 3570 τῶν
2637 3519 2696 3571 ἰν
2709 3515 2973 3586 Αἰγύπτῳ
2996 3517 3210 3586 γοήτων
3231 3515 3706 3586 καταισχυνθέτωη
3723 3513 3826 3582 οὐχ
3842 3510 4020 3576 suae.

2429 3608 2568 3664 ἀλλά
2594 3609 2690 3662 καὶ
2711 3607 2960 3674 δεκάκις,
2994 3610 3092 3662 καὶ
3140 3607 3243 3678 τῆς
3276 3608 3620 3679 κακουργίας
3671 3605 3864 3660 αὐτῶν
3919 3602 4021 3656 τοῦ

2429 3701 2674 3765 Μωσέως
2702 3699 3254 3771 θαυματουργοῢντος
3283 3701 3366 3764 είς
3393 3700 3454 3754 τὺ
3478 3699 3868 3770 λαμπρότατον
3933 3695 4028 3760 ιξ-

2434 3795 2828 3866 εληλεγμένης,
2879 3793 2976 3850 καὶ
2997 3793 3173 3849 ταῦτα
3230 3793 3356 3857 τοὺς
3412 3792 3648 3854 οἰκείους
3694 3789 4028 3861 ὀφθαλμοὺς

2435 3887 2718 3959 μάρτυρας
2788 3886 3027 3956 ἔχοντες,
3087 3883 3465 3957 παραγραφὴν
3529 3884 3593 3937 οὐ
3677 3882 4030 3952 δυναμένους

2433 3978 2597 4049 ἔχειν.
2645 3978 2768 4032 Ἔτι
2797 3977 2854 4031 δὲ
2886 3979 3165 4049 τερατεία,
3194 3978 3292 4032 καὶ
3341 3975 3654 4049 μαγγανεία
3687 3977 3772 4038 τίς
3801 3976 3871 4029 ἂν
3899 3974 4026 4028 δια-

2433 4073 2592 4143 τὲμοι
2622 4071 2921 4136 θάλασσαν,
2977 4071 3073 4125 καὶ
3094 4075 3208 4135 τοῖς
3243 4071 3342 4140 μὲν
3403 4068 3671 4138 ὑπηκόοις
3724 4067 3845 4120 ὁδὸν
3885 4064 4030 4138 μηδὲ

2433 4165 2638 4228 νοτίδος
2665 4165 2790 4236 ῖχνη
2827 4165 3105 4233 φέρουσαν
3136 4161 3558 4224 κατασκευάσοι,
3581 4161 3698 4225 τοῖς
3717 4158 3940 4229 ὶχθροῖς
3969 4161 4031 4213 δὲ

2433 4259 2602 4326 τάφον
2632 4256 2980 4327 αὐτοσχέδιον
2998 4254 3336 4321 ἀποδείξειεν
3362 4270 3379 4321 ;
3418 4249 3511 4317 Ἐξ
3535 4250 3772 4321 οὐρανοῦ
3807 4251 3867 4305 δι
3903 4253 4030 4315 sub;

2435 4348 2501 4401 ἂν
2533 4349 2740 4418 τροφὴν
2772 4347 3207 4418 παρασκευάσοι,
3250 4345 3345 4399 καὶ
3376 4342 3661 4414 τράπεζαν
3706 4343 4026 4413 ἕτοιμάσοι,

2436 4442 2531 4494 καὶ
2545 4441 2614 4494 τά
2627 4439 2784 4506 ἄλλα,
2806 4441 2909 4494 ὅσα
2931 4438 3208 4511 θεουργῶν
3229 4440 3258 4492 ὁ
3277 4437 3484 4507 Μωσῆς
3507 4437 3587 4500 εἰς
3618 4436 3898 4506 σωτηρίαν
3927 4435 4031 4488 τοῦ

2365 4525 2411 4580 D
2452 4530 2668 4601 Ἰσραὴλ
2696 4531 2758 4584 ca
2781 4532 2935 4585 Θεῖον
2955 4527 3435 4599 ὲξευμενιζόμενός
3464 4544 3545 4592 τε,
3577 4527 3673 4581 καὶ
3703 4525 3850 4580 ίλεού
3859 4543 4035 4596 μενος

2443 4619 2520 4673 διε
2529 4621 2820 4692 πράττετοξ

2527 4711 2688 4765 Ἀλλά
2719 4712 2916 4764 ἐκεῖνοι
2943 4711 3043 4781 μὲν
3077 4710 3177 4780 τῆς
3208 4708 3632 4769 ἐπαναστάσεως
3671 4707 3735 4762 ού
3761 4707 4036 4778 μεμπτὴν

2441 4800 2544 4873 τὴν
2595 4801 2753 4872 δίκην
2810 4801 3288 4874 εἰσεπράχθησανυ
3320 4799 3430 4853 τῶν
3485 4799 3542 4852 δὲ
3569 4797 3677 4867 πρὸ
3718 4797 3906 4868 ἡμῶν,
3945 4799 4034 4851 ὅτι

2447 4893 2585 4966 μηδὲ
2612 4893 2941 4965 διηπόρηται
2968 4893 3120 4946 οὐδὲν
3151 4891 3263 4946 τῶν
3308 4889 3640 4962 είρημόνων,
3673 4888 3786 4943 οὐδ’
3816 4889 3903 4952 εἰς
3929 4887 4038 4943 λύ-

2447 5004 2532 5041 σιν
2564 4987 2926 5057 ἐπινενόηται.
2955 4985 3054 5039 Σὸν
3075 4985 3119 5038 δ’
3149 4983 3267 5038 εστὶ
3289 4984 3540 5056 συνορᾲν,
3562 4981 3674 5035 εῖτε
3705 4997 4038 5052 πραγματι-

2447 5079 2550 5150 κῆς
2577 5081 2724 5133 ἐστιν
2753 5081 2788 5150 ἡ
2816 5077 2970 5142 λύσις
2999 5077 3234 5149 θεωρίας
3277 5075 3459 5148 ἔργον,
3493 5077 3606 5129 εῖτε
3631 5073 3829 5138 λαλιᾶς
3864 5073 4038 5146 σιγᾷν

2449 5169 2867 5240 αἰσχυνομένης.

813 5439 860 5472 ⁸⁸
896 5436 1030 5495 Gen.
1065 5452 1142 5502 ix,
1173 5435 1229 5499 7,
1258 5450 1326 5490 ex
1359 5448 1503 5490 vers.
1530 5429 1693 5496 LXX,
1725 5445 1850 5486 nam
1880 5430 2032 5488 deest
2056 5430 2110 5486 in
2144 5426 2391 5501 Vulgata.
2459 5430 2503 5462 “
2533 5428 2696 5485 Num.
2736 5443 2851 5482 ut.
2886 5424 2958 5480 22
2978 5431 3034 5480 et
3058 5425 3150 5480 «ιϐ.

2289 5623 2520 5682 ΝΟΤίΕ.

848 5751 966 5824 (75),
991 5749 1116 5806 Sive
1147 5749 1254 5815 εῖη,
1294 5747 1409 5824 sive
1437 5740 1524 5824 qia
1557 5753 1870 5817 reponatur,
1915 5749 2106 5800 nostra
2162 5743 2330 5796 inter-

779 5817 1008 5899 pretatio
1031 5831 1180 5877 recto
1207 5819 1370 5874 stabit
1405 5817 1535 5873 talo.

2514 5745 2625 5815 (74)
2655 5742 2845 5810 Οὕτως
2875 5760 2975 5817 pro
3000 5743 3173 5801 οὕτων
3199 5741 3362 5801 obvia
3393 5740 3706 5798 emendatio
3727 5748 3832 5800 est.
