4202 6442
168 430 271 495 237

713 546 1053 602 ΕΡΩΤΗΣΙΣ
1092 548 1209 600 ΛΔ’.

182 640 274 695 Ἐγ
304 638 385 705 τῷ
407 638 787 709 Εῠαττελικῷ
800 637 964 707 ρητῷ
1009 638 1144 693 τινα
1178 636 1275 691 δεῖ
1303 636 1471 709 νοεῖν
1512 633 1740 709 παιδία,

237 710 276 763 d
300 710 425 774 τοῖς
454 706 759 775 Ἰουδαίοις
773 710 1081 775 ηὔλησαν,
1109 709 1205 761 καὶ
1230 710 1341 761 οὐκ
1363 706 1737 775 ὠρχήσαντο,

239 782 608 847 ἐθρήνησαν,
640 780 736 834 καί
779 780 890 833 οὐκ
926 779 1267 847 audii-arto;
1305 778 1415 829 Τὸν
1458 778 1569 844 τὰρ
1598 778 1746 847 Πρό-

483 892 516 931 ,.
559 851 655 930 καί
678 919 691 931 _
710 849 819 931 tor
884 843 1092 931 κοινρν
1126 843 1473 931 ,δεσπότην
1504 843 1748 931 -.παιδία

235 914 423 982 ποεῖν,
451 920 531 986 μὴ
560 920 639 983 τῷ
660 919 861 982 ἀτόπῳ
884 917 1313 971 συνδιαλύεται
1334 915 1432 968 και
1458 914 1578 968 τῶν
1600 916 1749 994 ἰου-

234 990 421 1041 δαΙων
452 992 513 1042 τὸ
546 989 820 1053 ἔγκλημα
836 1004 856 1052 ;
878 987 1143 1053 Παιδίοις
1167 990 1275 1053 γὰρ
1296 985 1381 1053 μὴ
1407 988 1752 1053 κειθαρχειν

234 1001 421 1041 calcar
452 1001 513 1042 to
546 1001 820 1058 εγκλημα
836 1004 856 1052 ;
878 1001 1143 1054 ιιαισιοις
1167 1001 1275 1059 γαρ
1296 1001 1381 1055 μη
1407 1001 1656 1053 κεισαρχ

233 1062 348 1127 οὐχ
374 1060 730 1113 ὑπεύθυνον.

1088 434 1191 495 AD
1223 432 1816 494 AMPHILOCHIUM
1840 429 2188 505 QUESTIO
2223 433 2487 497 XXXIV.

3323 438 3427 499 238

2096 542 2422 611 ρυιεδτιο
2468 543 2688 601 xxxw
2741 545 2837 620 [ul.
2879 549 3143 622 xxxut].

1855 633 1920 689 In
1982 634 2080 712 illo
2146 633 2427 712 Euangelii
2487 637 2601 712 loco
2662 641 2875 709 quinam
2924 640 3248 712 intelligendi
3307 648 3430 692 sunt

1924 705 2101 772 pueri.
2133 705 2223 773 qui
2249 702 2453 759 ludatis
2489 702 2805 775 cecinerunt,
2835 721 2882 765 et
2914 711 2995 764 illi
3018 702 3119 763 non
3142 709 3427 767 soltarunt,

1922 775 2363 849 mmentuverunt,
2397 786 2446 829 et
2479 777 2563 849 illi
2582 795 2696 849 non
2726 780 3143 849 planxerunt”?
3186 779 3430 849 Profecto

1923 845 2335 900 Prtzcursorem.
2365 862 2428 899 ac
2473 846 2537 899 ι).
2571 846 2641 901 Ν.
2680 845 2962 916 puerorum
2998 851 3204 903 nomine
3232 845 3431 900 intelli-

1925 932 2067 987 gere,
2108 916 2587 987 nonne‘locutionis
2616 918 2943 973 absurditate
2984 919 3192 987 culpam
3230 931 3431 985 quoque

1925 985 2233 1038 Judaorum
2260 985 2458 1059 diluit?
2492 986 2674 1059 Pueris
2700 990 2840 1042 enim
2862 1005 2965 1043 non
3003 985 3213 1059 obsequi
3239 1002 3432 1057 nequa-

1926 1071 2082 1124 quam
2109 1054 2413 1123 reprehendi
2443 1056 2607 1111 debet.

908 1177 1051 1227 Edita
1074 1176 1136 1225 ab
1156 1181 1267 1226 Ant.
1291 1176 1483 1235 Scotto;
1505 1176 1542 1223 1.
1569 1186 1635 1233 c.,
1667 1188 1716 1235 p.
1740 1171 1820 1221 66.
1857 1172 1912 1222 In
1943 1171 2114 1221 Matth.
2145 1185 2211 1232 ιι,
2234 1171 2322 1230 17;
2349 1172 2469 1222 Luc.
2499 1186 2585 1232 vn,
2605 1176 2681 1225 δῇ.

244 1265 408 1320 Ἀλλο
445 1266 543 1337 μὲν
566 1265 632 1321 ἀν
663 1281 746 1328 τις
774 1265 883 1319 τῶν
914 1266 1260 1338 παραϐολῶν,
1296 1268 1389 1320 καὶ
1427 1265 1745 1337 ὁμοιώσεων

160 1357 268 1425 τῆς
299 1356 561 1425 ἰδιότητος
589 1356 679 1408 τὸν
705 1354 879 1409 τύπον
926 1356 1251 1425 φυλάττειν,
1285 1357 1349 1410 οὐ
1381 1357 1599 1415 πάντως
1631 1356 1748 1427 ἐρεῖ

163 1447 575 1518 Δπιειιραδέχεσθαι
602 1446 723 1499 καθ’
758 1448 989 1502 ικαστον
1017 1450 1253 1520 πρᾶγμα
1270 1450 1361 1503 τὸν
1378 1450 1746 1520 ιπιμερισμὺν

160 1538 279 1593 τῶν
310 1540 612 1608 ὀνομάτων.
651 1540 786 1593 Οὐδὲ
815 1540 1099 1609 βιάζεσθαι
1120 1543 1186 1595 τά
1210 1541 1480 1612 πρόσωπα
1500 1542 1609 1595 τῶν
1635 1559 1745 1595 πα-

166 1629 607 1699 ραϐαλλομένων,
634 1633 729 1683 καὶ
758 1625 837 1693 οἷς
871 1630 1301 1702 παραϐάλλεται,
1332 1633 1476 1686 κατά
1502 1631 1567 1685 τὸ
1595 1634 1743 1686 ἀπα-

1925 1258 2196 1315 Nimirum
2248 1261 2505 1315 fatebitur
2552 1263 2848 1333 quispiam,
2901 1264 3047 1333 quod
3077 1263 3258 1333 aliqua
3304 1279 3432 1333 pars

1852 1352 2255 1423 parabolarum,
2302 1360 2359 1407 et
2401 1354 2822 1410 similitudinum
2849 1364 3034 1427 typum
3075 1357 3308 1427 propria
3332 1371 3430 1427 ap-

1853 1446 2164 1517 plicationis
2195 1453 2394 1511 servet,
2431 1461 2541 1502 non
2597 1447 2744 1518 quod
2788 1447 2891 1502 illas
2926 1453 2978 1501 in
3014 1448 3269 1503 omnibus
3315 1462 3434 1502 om-

1854 1536 1983 1590 nino
2014 1535 2173 1590 rebus
2206 1535 2427 1590 nomina
2473 1535 2786 1591 nominibus
2822 1536 3204 1606 respondentia
3256 1536 3432 1591 conti-

1846 1635 2051 1693 neant;
2100 1642 2199 1682 nec
2240 1627 2383 1697 quod
2413 1642 2677 1698 personae,
2733 1642 2855 1698 quae
2901 1636 3308 1697 comparantur,
3378 1636 3435 1680 et

166 1720 447 1789 ράληπτον
473 1721 600 1790 περὶ
644 1721 783 1775 πόδα
811 1725 1008 1787 ποιεῖν,
1034 1720 1129 1776 καὶ⁵
1154 1722 1213 1775 τὸ
1270 1722 1373 1792 τῆς
1426 1721 1745 1792 ὁμοιότητος

1851 1733 1954 1783 eae,
1986 1732 2111 1773 cum
2169 1718 2371 1788 quibus
2408 1727 2817 1789 comparantur,
2867 1718 3003 1774 adeo
3047 1718 3432 1788 delorqucnda:

161 1811 458 1875 διασώζειν
491 1812 914 1882 ἀπαράλλακτον
937 1830 951 1845 ο
973 1812 1099 1866 οὔτε
1131 1813 1239 1884 μὴν
1264 1814 1363 1883 τὴν
1392 1813 1561 1885 ἀλλην
1588 1814 1742 1880 τάξιν

1851 1811 1981 1876 sint,
2044 1818 2122 1873 ut,
2180 1808 2236 1864 in
2276 1825 2387 1879 quo
2424 1823 2534 1863 non
2589 1810 2893 1864 instituitur
2931 1809 3287 1879 comparatio,
3363 1809 3431 1863 ad

163 1903 279 1956 τῶν
313 1881 721 1974 ρημάτων,νκα“ι
769 1904 880 1957 τῶν
930 1881 1275 1975 πραγμάτων
1320 1881 1591 1975 τεκατέρας
1630 1906 1748 1960 δια·

1852 1918 2085 1973 unguern
2165 1911 2494 1973 congruant,
2552 1911 2608 1956 et
2670 1902 3082 1957 similitudinem
3150 1916 3428 1972 nunquam

162 1994 318 2057 νοίας
344 1994 526 2061 ζητεέν
556 1995 870 2065 ἀδιάφορον.
898 1996 1083 2066 Μηδὶν
1120 1996 1176 2049 δὲ
1219 1997 1357 2067 μήτε
1388 1996 1458 2049 τά
1493 1997 1626 2068 πρὸς
1649 1999 1748 2069 τὴν

163 2086 489 2157 παραϐολὴν
519 2087 871 2157 εἰκαζόμενα,
918 2090 1055 2159 μήτε
1099 2089 1197 2159 τῆς
1224 2087 1541 2159 παραϐολῆς
1575 2089 1749 2159 μηδα-

166 2175 290 2244 μῶς
319 2176 439 2228 ὅλον
487 2177 649 2245 μέρος
700 2180 1024 2246 παραχωρεῖ
1069 2178 1608 2249 προσλαμϐάνεσθαι,
1654 2182 1750 2233 καὶ

164 2267 284 2337 (75;
317 2268 498 2321 συνδεῖ
513 2268 648 2339 πρὸς
664 2269 870 2340 ἄλληλα
886 2269 1081 2334 ταῦτα,
1108 2271 1203 2324 καὶ
1231 2272 1368 2341 πρὸς
1394 2270 1748 2339 λεπτολογίαν

164 2359 401 2414 ἕκαστον
426 2360 641 2432 ἑκάστῳ
667 2361 1102 2415 ἀνταποδέδοται.

253 2615 316 2667 Ὅ
350 2616 450 2685 μὲν
476 2616 583 2686 γάρ
614 2618 712 2686 τῆς
743 2618 984 2689 ἱστορίας
1005 2618 1182 2688 λόγος,
1216 2621 1314 2675 καὶ
1342 2622 1438 2675 τοῦ
1476 2624 1749 2695 διηγήμα-

164 2722 284 2771 τος,
321 2707 526 2778 καίπερ
572 2709 632 2759 δν
666 2711 698 2780 ἠ
744 2709 1010 2781 ἔκφρασις
1052 2713 1409 2783 ἀναφέρεται,
1458 2710 1615 2782 οὗτος
1652 2720 1748 2773 καὶ

165 2800 279 2852 τῶν
311 2800 576 2869 ῥημάτων
612 2800 712 2872 τὴν
746 2801 896 2854 θέσιν
940 2803 1075 2873 πρὸς
1129 2805 1361 2859 ἕκαστον
1417 2807 1586 2879 ὄνομα
1639 2809 1748 2863 τῶν

166 2889 552 2957 ὑποκειμένων
620 2890 1049 2961 ἐναρμόττεσθαι
1120 2892 1609 2966 πολυπραγμονεῖ·
1656 2901 1749 2953 καὶ

166 2980 323 3033 οὐδὲν
362 2980 487 3033 οὔτε
531 2982 1033 3053 συνεπινοούμενον,
1084 2986 1208 3039 οὔτε
1263 2989 1747 3058 παρεντιθέμενον,

165 3072 372 3141 ἀριστα
420 3071 621 3139 λέγειν,
667 3072 919 3142 ἀνέχεται
974 3057 1396 3132 ὑποϐάλλεσθαι.
1437 3079 1495 3132 Ὀ
1537 3057 1593 3132 st
1649 3083 1748 3147 τῆς

1849 1994 2215 2064 perturbatam
2247 1992 2557 2048 custodiant
2600 2007 2747 2047 :nec
2789 1990 2935 2062 quod
2987 1991 3190 2060 reliqua
3234 1990 3431 2046 verbo-

1848 2101 1968 2139 rum
2011 2094 2064 2140 et
2118 2099 2298 2139 rerum
2329 2100 2456 2154 pars
2488 2085 2541 2137 in
2573 2084 2830 2138 alterutra
2870 2082 3088 2137 notione
3136 2082 3306 2153 quaeri
3341 2082 3430 2137 de-

1848 2170 1973 2225 beat
1993 2169 2319 2228 conformis.
2380 2168 2554 2225 Porro
2599 2170 2733 2225 nihil
2765 2185 3003 2239 unquam
3035 2171 3246 2242 cepiam
3294 2188 3429 2241 prae-

1849 2262 1938 2318 bet
1970 2262 2271 2333 applicandi
2332 2271 2428 2316 aut
2458 2278 2545 2317 res
2580 2277 2697 2332 quae
2741 2278 2864 2317 cum
2920 2262 3173 2331 parabola
3239 2262 3427 2317 confe-

1850 2363 2067 2418 runtur,
2128 2363 2221 2408 aut
2267 2369 2483 2409 omnem
2515 2369 2739 2424 prorsus
2772 2354 3043 2423 parabola
3094 2361 3343 2424 partem;
3374 2364 3429 2408 et

1850 2445 1982 2501 nihil
2016 2448 2119 2502 ista
2157 2446 2390 2501 invicem
2424 2445 2697 2511 conciliat,
2725 2456 2778 2501 et
2801 2446 2956 2515 jubet
2977 2462 3148 2516 usque
3170 2446 3236 2501 ad
3270 2446 3428 2500 mini-

1849 2553 1997 2593 mum
2033 2538 2264 2592 alterum
2290 2539 2445 2594 alteri
2479 2540 2828 2608 respondere.

1923 2628 2171 2683 Historia:
2190 2630 2358 2695 enim,
2389 2640 2442 2684 et
2471 2630 2801 2685 narrationis
2838 2645 3043 2695 sermo,
3084 2631 3130 2685 is
3186 2645 3426 2700 quoque,

1848 2721 1942 2790 qui
1976 2720 2095 2773 viva
2151 2735 2281 2775 voce
2319 2720 2628 2783 conﬁcitur,
2673 2731 2918 2792 satagere
2957 2722 3137 2785 debet,
3174 2730 3233 2775 ut
3262 2722 3427 2775 verba

1849 2823 2213 2883 apponantur,
2268 2828 2389 2881 quae
2415 2828 2539 2867 cum
2578 2814 2809 2883 singulis
2849 2814 3219 2883 subiectorum
3255 2815 3401 2868 nom:

1848 2906 2008 2960 nibus
2033 2905 2339 2959 cohaereant
2363 2922 2377 2969 ;
2411 2920 2534 2968 nec,
2562 2920 2672 2974 quo
2711 2905 2952 2958 numeris
2976 2904 3227 2959 omnibus
3250 2904 3428 2959 absolo

1848 3007 2004 3051 vatur
2027 2996 2223 3058 oratio,
2258 2995 2479 3065 patitur,
2504 2994 2869 3065 utiquidpiam
2898 2996 2981 3049 vel
3002 2996 3428 3051 simulanimad-

1850 3101 2089 3149 versum,
2140 3086 2222 3140 vel
2247 3086 2424 3140 obiter
2445 3085 2792 3140 intersertam
2826 3087 3104 3154 subrepat.
3151 3085 3430 3141 Parabolas

167 3162 522 3233 παραϐολῆς,
562 3166 656 3217 καλ⁵
692 3164 1003 3235 ὁμοιώσεως
1030 3168 1126 3221 οὐκ
1168 3167 1343 3221 ἐθέλει
1378 3170 1652 3224 δουλεύειν
1688 3171 1748 3239 ἐξ

1852 3160 2059 3243 autem,
2126 3194 2191 3235 ac
2241 3178 2613 3235 similitudinis
2677 3178 2911 3234 elocutio
2977 3178 3170 3234 iisdem
3220 3180 3429 3250 legibus

168 3256 423 3324 ἀνάγκης
446 3258 558 3319 τοῖς
591 3257 773 3320 αὐτοῖς
817 3256 1041 3327 θεσμοῖς
1066 3299 1081 3323 ,
1123 3259 1233 3313 οὐδ’
1264 3261 1587 3317 ὑπόκεισθαι
1638 3266 1749 3326 τοῖς

168 3344 623 3414 παραγγέλμασι.
683 3347 836 3405 Διατί
863 3362 877 3411 ;
906 3347 1050 3401 Διότι
1084 3350 1117 3417 ἡ
1155 3348 1254 3418 μὲν
1299 3351 1527 3421 ίστορία,
1560 3352 1655 3405 καὶ
1685 3353 1753 3405 τά

170 3435 560 3505 παραπλήσια,
601 3436 695 3489 καὶ
730 3436 791 3488 τὸ
812 3437 1077 3507 διήγημα,
1108 3438 1217 3491 τῶν
1249 3441 1627 3511 ἀγνοουμένων
1658 3444 1753 3494 ὲκ-

167 3528 419 3583 διδάσκει
444 3528 540 3597 τὴν
575 3527 830 3598 μάθησιν,
862 3529 957 3581 καὶ
999 3530 1098 3599 τήν
1139 3529 1313 3599 ἀρχὴν
1355 3531 1454 3599 τῆς
1498 3528 1755 3597 γνώσεως

168 3623 287 3683 τοῖς
320 3622 623 3690 ἀκροαταῖς
650 3620 1024 3690 παρεχόμενα,
1063 3622 1207 3673 κατά
1260 3622 1320 3673 τὺ
1362 3621 1755 3693 ἀκριϐέστατον

169 3712 492 3764 ἀπαιτεῖται
523 3712 619 3773 τὰς
648 3711 829 3778 φωνὰς
869 3712 978 3765 τῶν
1009 3712 1353 3782 πραγμάτων
1388 3713 1749 3781 περιάπτειν·

170 3825 269 3861 κα.
288 3807 446 3860 οὐδὲν
474 3806 597 3859 οὔτε
622 3805 773 3875 ῥῆμα
806 3805 881 3875 μὴ
918 3805 1037 3858 λίαν
1064 3805 1310 3876 συνᾷδον,
1346 3803 1470 3858 οὕτε
1522 3808 1753 3877 πρᾶγμα

169 3900 282 3952 τῶν
310 3899 721 3967 ἀσυναρτήτων,
751 3894 876 3949 οὔτε
898 3895 1215 3966 βιαζόμενον
1241 3897 1338 3965 τὴν
1360 3896 1546 3965 νόησιν
1576 3914 1753 3967 παρα-

168 3989 435 4057 δέχεται·
483 3988 765 4055 ἀναίρεσις
837 3986 945 4057 γάρ
1000 3987 1175 4040 ταῦτα
1241 3989 1341 4058 τῆς
1394 3988 1753 4057 προτεθείσης

171 4078 511 4140 ὑποθέσεως,
543 4078 638 4129 καὶ
665 4077 1039 4142 διδασκαλίας,
1067 4077 1259 4130 ἀλλὀὐ
1292 4079 1608 4148 κατασκευὴ
1635 4079 1752 4131 δια-

170 4169 458 4238 γνώσεως.
504 4170 570 4223 'll
594 4169 649 4223 δὲ
676 4170 977 4241 παραϐολὴ,
1006 4171 1099 4222 καὶ
1128 4169 1386 4240 ὁμοίωσις
1413 4169 1628 4239 πρῶτον
1652 4170 1751 4240 μὲν

169 4262 356 4331 δῆλον,
388 4262 466 4325 ὡς
489 4262 552 4313 ὲκ
581 4262 1047 4331 προεγνωσμένων
1080 4261 1424 4331 πραγμάτων
1462 4261 1753 4331 παραλαμ-

172 4351 424 4414 ϐάνεται,
452 4352 544 4402 καὶ
576 4349 912 4419 παραϐαλεῖν
947 4351 1297 4420 ἀμωσγέπως
1330 4350 1400 4403 τά
1433 4351 1752 4418 ἐγνωσμένα

168 4446 287 4505 τοῖς
318 4442 829 4513 παρασκευάζουσιν
850 4443 991 4495 αὐτά
1016 4446 1364 4514 προαιρεῖται
1390 4443 1747 4514 πιθανότερα·

1856 3272 2165 3327 necessario
2189 3270 2473 3334 inservire.
2511 3272 2904 3342 praeceptisque
2938 3270 3133 3340 subjici
3174 3285 3281 3324 non
3336 3286 3431 3341 pa-

1854 3362 2010 3417 titur.
2051 3360 2191 3428 Quid
2253 3362 2366 3415 ita?
2397 3359 2535 3427 Quia
2583 3361 2809 3416 historia
2848 3360 3090 3429 quidem,
3136 3369 3189 3415 et
3234 3373 3429 3416 castera

1856 3449 2191 3518 hnjusmodi,
2217 3448 2441 3518 ipsaque
2468 3447 2744 3503 enarratio
2778 3448 3025 3501 notitiam
3067 3462 3246 3502 rerum
3277 3448 3431 3518 igno-

1854 3552 2053 3603 tarum,
2121 3541 2534 3610 impertiuntur,
2584 3551 2637 3596 et
2718 3542 3044 3612 cognitionis
3103 3541 3428 3611 principium

1854 3633 2201 3688 audientibus
2252 3634 2519 3697 tradunt;
2577 3633 2780 3687 idcirco
2829 3634 3108 3703 postulant
3137 3649 3298 3702 quam
3336 3649 3429 3688 ac-

1854 3724 2201 3778 curatissime
2246 3739 2408 3777 voces
2429 3738 2553 3778 cum
2588 3723 2752 3778 rebus
2787 3724 3034 3778 conuecti
3063 3739 3079 3788 ;
3114 3724 3431 3793 nullumque

1858 3824 1952 3869 aut
1977 3816 2197 3869 verbum
2232 3815 2413 3869 minus
2439 3830 2765 3876 consonum,
2789 3824 2885 3869 aut
2914 3815 3117 3871 factum
3145 3831 3427 3885 perperam

1854 3906 2200 3975 dispositum,
2242 3905 2322 3960 vel
2359 3905 2631 3959 intellectu
2675 3904 2891 3960 diliicile
2942 3906 3237 3960 admittunt
3270 3924 3281 3959 :
3317 3907 3431 3960 haec

1854 3995 1996 4049 enim
2024 3994 2208 4057 linem,
2236 3993 2708 4062 eruditionemque
2742 3994 2847 4048 sibi
2900 3995 3232 4063 propositam
3278 4010 3432 4049 ever-

1854 4091 2047 4143 terent,
2077 4098 2255 4135 rerum
2288 4092 2465 4135 autem
2503 4082 2755 4136 notitiam
2811 4098 2918 4136 non
2953 4084 3265 4149 prazberent.
3328 4082 3430 4137 Pa-

1854 4172 2037 4227 rabola
2085 4184 2288 4237 autem,
2320 4182 2372 4226 et
2419 4172 2719 4227 similitudo
2761 4174 2998 4242 primum
3030 4173 3250 4242 quidem
3310 4189 3429 4241 per-

1856 4265 2100 4336 spicuum
2129 4273 2231 4329 est,
2260 4264 2402 4334 quod
2434 4279 2463 4318 e
2502 4264 2664 4318 rebus
2690 4264 2799 4332 jam
2825 4266 3119 4333 compertis
3147 4281 3432 4320 assuman-

1857 4364 1965 4420 tur,
1995 4363 2049 4408 et
2088 4353 2250 4422 quod,
2280 4351 2371 4421 qui
2401 4352 2547 4421 ipsas
2585 4353 2846 4412 condunt,
2883 4367 2968 4405 res
3006 4366 3225 4421 quoquo
3272 4352 3430 4406 modo

1856 4452 2186 4515 perspectas,
2242 4449 2427 4511 utpote
2478 4441 2816 4509 persuasioni
2854 4440 3276 4509 Opportuuiores
3313 4456 3431 4493 ma-

171 4535 273 4587 καὶ
303 4533 505 4595 σκοπὸς
533 4534 632 4585 οὐκ
662 4533 808 4586 ἐστιν
840 4533 998 4597 ἄλλος
1024 4535 1440 4606 προηγούμενος
1469 4540 1581 4600 τοῖς
1607 4554 1750 4606 χρω-

1856 4538 1951 4591 lint
2006 4537 2250 4606 eligere:
2308 4542 2361 4587 et
2404 4532 2574 4602 quod,
2628 4532 2721 4602 qui
2764 4532 2855 4585 tali
2921 4532 3175 4600 loquendi
3235 4547 3430 4601 genere

172 4631 364 4696 μένοις
408 4628 478 4696 τῇ
514 4626 723 4696 μεθόδῳ
769 4627 961 4699 ταύτῃ,
999 4627 1032 4698 ἢ
1070 4627 1246 4680 πειθὼ
1288 4632 1592 4700 παρασχεῖν
1631 4633 1753 4693 ταῖς

168 4718 398 4788 ψυχαῖς,
436 4718 529 4769 καὶ
564 4718 698 4787 πρὸς
734 4718 1131 4783 συγκατάθεσιν
1169 4719 1325 4786 άγειν
1357 4722 1449 4773 τὸν
1475 4722 1752 4789 ἀκροατὴν

168 4809 247 4871 ὼς
284 4808 563 4878 σωτηρίας
593 4809 853 4879 πρόξενον
881 4809 1223 4874 ἀσπάζεσθαι
1259 4809 1356 4882 τὴν
1388 4813 1710 4882 παραίνεσιν
1734 4828 1749 4843 °

169 4900 204 4968 ἢ
233 4902 300 4952 τό
336 4917 399 4967 γε
440 4902 857 4969 προτεινόμενον
890 4901 1074 4965 ἀπλῶς
1104 4901 1179 4964 ὼς
1210 4902 1505 4972 συμφέρον,
1537 4905 1569 4974 ἢ
1603 4903 1753 4956 δυναο

169 4991 266 5044 τὸν
298 4993 687 5063 ἀποδέχεσθαι.
724 4994 891 5047 Ἐπάν
914 4994 969 5047 δὲ
996 4996 1077 5058 εἰς
1093 4994 1250 5049 τοῦτο
1273 4995 1383 5047 τῶν
1404 4996 1748 5064 παραϐολῶν,

171 5087 271 5136 καὶ
310 5086 627 5154 ὁμοιώσεων
650 5087 683 5155 ἡ
711 5085 869 5157 χρεία
898 5084 975 5155 τῷ
1011 5086 1155 5157 λόγῳ
1191 5088 1624 5159 κατεσκευάσθη,
1655 5089 1753 5160 τὴν

172 5175 561 5243 λεπτολογίαν,
618 5177 713 5230 καὶ
753 5176 844 5231 τὸν
894 5178 1018 5230 καθ’
1052 5179 1280 5231 ἕκαστον
1325 5178 1592 5248 ἑκατέρας
1638 5179 1753 5231 δια-

173 5267 338 5329 νοίας
366 5266 751 5338 ὲπιμερισμὸν,
783 5268 995 5331 καὶτὰς
1024 5267 1164 5322 κατά
1203 5267 1400 5321 λεπτὸν
1436 5268 1751 5337 συναφείας,

174 5361 275 5413 καὶ
308 5357 698 5421 ἀνταποδόσεις
735 5358 768 5430 ἢ
796 5358 1025 5431 δευτέρα
1064 5360 1327 5431 φροντίδι,
1359 5359 1393 5430 ἢ
1429 5359 1657 5430 οὐδεμιᾷ
1688 5376 1753 5427 γε

174 5450 640 5519 παραπέμπεται.

251 5655 304 5687 ⁸⁵
342 5651 530 5707 Matth.
564 5669 642 5719 xl,
676 5654 760 5707 l7.

1862 4636 2105 4691 utuntur,
2160 4625 2364 4678 nullum
2433 4625 2598 4677 alium
2656 4637 2881 4691 scopum
2930 4623 3031 4677 sibi
3070 4623 3426 4688 constituant,

1859 4728 2019 4783 quam
2060 4712 2263 4782 aliquid
2300 4711 2498 4765 animis
2530 4711 2854 4780 persuadere
2908 4721 3069 4779 atque
3120 4711 3425 4765 auditorem

1858 4808 1911 4861 in
1947 4818 2229 4859 assensum
2270 4802 2549 4864 inducere,
2602 4812 2661 4855 ut
2718 4802 3011 4855 salutarem
3069 4801 3428 4871 amplectatur

1858 4897 2305 4957 cohortationem,
2345 4904 2437 4948 aut
2482 4894 2555 4959 id,
2605 4894 2749 4964 quod
2782 4894 3119 4964 propositum
3164 4903 3269 4957 est,
3295 4898 3427 4947 sim-

1860 4988 2071 5057 pliciter
2097 4996 2353 5055 tanquam
2403 4985 2555 5047 utile,
2614 4985 2698 5038 vel
2745 4984 3002 5053 possibile
3058 4985 3424 5054 aggrediatur.

1858 5080 2124 5145 Quoniam
2155 5092 2281 5131 vero
2323 5076 2696 5146 parabolarum
2724 5090 2785 5130 ac
2814 5075 3234 5130 similitudinum
3294 5092 3428 5131 usus

1861 5173 1998 5225 lianc
2033 5169 2105 5223 ob
2138 5182 2356 5222 causam
2408 5168 2461 5221 in
2497 5182 2800 5221 sermonem
2842 5167 3081 5221 invectus
3136 5177 3238 5229 est,
3269 5182 3428 5237 argu-

1863 5262 2017 5317 tulas'
2055 5257 2573 5321 animadversiones,
2620 5267 2675 5312 et
2725 5258 3058 5328 singularum
3109 5259 3427 5313 alterutrius

1862 5352 2097 5406 notionis
2125 5349 2357 5419 partium
2385 5348 2844 5411 distributionem,
2872 5364 3080 5404 necnon
3111 5357 3166 5404 et
3193 5351 3429 5404 minutas

1865 5439 2253 5512 applicationes
2294 5448 2623 5509 mutuasque
2670 5438 2983 5506 relationes,
3030 5448 3124 5494 aut
3164 5440 3427 5497 secunda.

1864 5542 1958 5587 aut
1996 5531 2139 5587 nulla
2163 5545 2296 5588 cura
2318 5538 2692 5600 persequetur.

1694 5744 1921 5800 NOTAE.

256 5840 382 5906 (75)
416 5838 489 5893 Μ
518 5843 832 5911 pet-brevem
862 5843 1110 5897 lacunam
1172 5841 1494 5913 explendam
1556 5840 1853 5908 σύνδεσμον
1880 5838 1983 5892 huc
2020 5836 2204 5906 IIIjCci.
