4202 6442
759 396 866 461 239

1917 402 2179 467 ΡΗΟΤΙΙ
2217 406 2726 473 ΡΑΤΗΙΛΗΟΗΕ
2756 415 2869 480 CP.

3918 419 4030 487 240

825 506 1002 577 Atque
1039 506 1088 562 id
1126 523 1234 564 non
1291 508 1343 563 in
1378 509 1584 568 nostris
1623 516 2001 573 tantummodo
2023 518 2199 575 sacris
2229 518 2336 574 Lit-

2518 524 2625 577 Καὶ
2648 524 2806 579 τοῦτο
2829 526 2890 580 ού
2919 528 3080 599 μόνον
3112 529 3255 585 κατὰ
3282 531 3407 597 τοὺς
3434 533 3614 604 ίεροὺς
3632 534 3791 606 ἡμῶν
3812 535 4026 605 Λόγους

759 599 910 661 teris,
939 599 1034 654 sed
1075 599 1128 653 in
1154 599 1382 670 reliquis
1441 603 1629 668 etiam,
1683 605 1886 674 quibus
1913 607 2181 677 divinum,
2235 625 2340 680 pu-

762 704 995 760 rumque
1020 691 1298 763 religionis
1347 705 1563 764 septum
1622 697 1989 766 concluditur,
2064 703 2342 759 invenitur

762 781 1054 837 identidem
1108 782 1416 839 factitatum
1463 805 1478 842 :
1518 788 1718 859 quippe
1753 791 1874 846 talis
1911 793 2163 864 loquendi
2198 798 2339 852 ratio

760 870 989 926 multum
1029 874 1308 942 sapientiae
1342 891 1526 932 secum
1567 878 1687 934 fert.
1723 882 1891 950 Igitur
1935 884 2082 938 nulla
2115 885 2199 941 les
2249 904 2343 943 co-
2421 888 2423 891 ’

759 961 854 1029 cit,
880 971 938 1017 ut
977 964 1212 1021 deﬁnitis
1267 983 1565 1036 puerorum
1592 973 1860 1040 personis,
1929 990 2116 1031 earum
2175 978 2339 1034 etiam

759 1055 1086 1123 peculiarem
1109 1058 1175 1112 ad
1199 1059 1338 1115 alios
1361 1060 1608 1119 homines
1626 1065 1939 1121 relationem
1956 1068 2295 1138 inquiramus
2323 1089 2337 1127 :

762 1143 1046 1200 sufﬁciunt
1072 1150 1217 1202 enim
1271 1165 1333 1204 ea
1367 1168 1607 1224 quoque,
1639 1171 1761 1226 qua:
1814 1159 2218 1216 indetinitarum
2244 1178 2339 1217 or-

759 1234 941 1290 dinem
990 1238 1297 1307 designant,
1336 1243 1403 1296 ad
1434 1245 1706 1312 parabolas
1755 1247 1916 1304 finem
1957 1250 2334 1309 obtinendum.

853 1325 1066 1396 Scopus
1097 1329 1279 1398 itaque
1329 1329 1624 1390 Dominicaa
1651 1337 1939 1407 parabolas,
1963 1354 2027 1395 ac
2082 1341 2340 1399 similitu-

760 1417 908 1475 dinis
948 1420 1238 1476 admodum
1292 1427 1615 1494 perspicuus
1656 1438 1738 1484 est
1784 1443 1946 1501 atque
1976 1434 2337 1500 manifestus,

760 1509 904 1577 quod
944 1508 1252 1566 Iudaeorum
1276 1524 1492 1583 gentem
1539 1519 1748 1585 innuat,
1793 1537 1915 1592 qua:
1959 1539 2141 1595 neque
2169 1527 2341 1583 voluit

759 1616 855 1668 per
893 1617 981 1658 res
1023 1603 1357 1662 hilaritatem
1427 1610 1752 1678 excitantes,
1809 1615 2020 1670 scilicet
2061 1634 2156 1688 per
2185 1634 2341 1675 com-

758 1708 980 1747 munem
1015 1695 1349 1768 minimeque
1396 1715 1636 1758 severam
1692 1706 1904 1762 vivendi
1955 1712 2220 1768 rationem
2252 1715 2340 1784 (li-

756 1794 842 1839 cet
870 1785 1226 1843 similitudine
1249 1791 1369 1846 vitae
1398 1794 1544 1851 allici
1581 1811 1645 1852 ac
1668 1795 1808 1853 ﬂecti
1859 1804 2215 1872 oportuisset)
2242 1807 2292 1862 id
2320 1848 2337 1874 ,

2443 615 2703 680 πολλάκις
2733 619 2933 688 δρᾶται
2958 621 3353 692 πραττόμενον,
3386 625 3524 679 ἀλλά
3551 626 3647 680 καὶ
3678 628 3828 690 δσοις
3853 628 4024 693 αύτθις

2441 707 2469 758 6
2495 704 2654 770 θεῖος,
2697 711 2788 762 καὶ
2820 710 3060 782 καθαρὸς
3089 713 3186 784 τῆς
3225 715 3507 780 εὐσεϐείας
3559 717 3843 787 περίϐολος
3890 737 4024 774 συν-

2441 800 2718 868 τηρῆται·
2746 800 2923 857 καίτοι
2989 803 3120 872 περὶ
3165 805 3364 858 πολλοῦ
3399 807 3510 861 τῶν
3538 807 3715 878 λόγων
3752 803 3903 865 οὗτοι
3926 811 4026 880 τὴν

2444 891 2638 959 σοφίαν
2687 893 2828 946 είσὶν
2884 893 3133 964 ἄγοντες.
3186 897 3400 952 οὐκοῦν
3457 901 3578 954 οὐδὲ
3621 902 3690 955 τά
3722 903 3916 958 παιδία
3940 920 4028 966 τις

2443 987 2724 1040 ἐπιτάττει
2753 988 2915 1058 νόμος
2945 987 3268 1059 ὡρισμένων
3301 991 3633 1062 προσώπων,
3659 993 3754 1047 καὶ
3770 993 3870 1064 τὴν
3888 995 4030 1062 πρὸς

2441 1079 2566 1142 τοὺς
2587 1079 2783 1142 ἄλλους
2805 1081 3254 1153 ἀποκεκριμένην
3289 1085 3572 1154 ἐπιζητεῖν
3619 1087 3988 1140 ἀνταπόδοσιν
4011 1106 4024 1118 ·

2447 1167 2605 1221 ἱκανὰ
2636 1168 2745 1239 γὰρ
2771 1169 2866 1224 καὶ
2885 1169 2984 1240 τὴν
3010 1171 3118 1225 τῶν
3136 1174 3406 1244 ἀορίστων
3422 1177 3846 1247 ἀναδεδειγμένα
3869 1178 4030 1243 τάξιν

2441 1259 2541 1329 τῆς
2568 1260 2888 1331 παραϐολῆς
2909 1262 3306 1333 ἀναπληρῶσαι
3343 1265 3403 1318 τὸ
3433 1265 3702 1338 βούλημα.

2528 1349 2586 1404 ’0
2615 1351 2714 1422 μὲν
2751 1347 2846 1404 οὗν
2890 1353 3090 1417 σκοπὸς
3134 1354 3237 1424 τῆς
3288 1359 3627 1426 Δεσποτικῆς
3680 1359 4029 1432 παραϐολῆς.

2442 1444 2539 1496 καὶ
2570 1445 2880 1512 ὁμοιώσεως
2912 1450 3090 1518 σαφής
3126 1465 3185 1500 τε
3235 1447 3373 1515 λίαν,
3406 1451 3500 1503 καὶ
3550 1451 3728 1522 δῆλος,
3763 1453 3840 1516 ὡς
3867 1453 3933 1507 τό
3961 1471 4029 1523 γε

2455 1532 2725 1587 Ἰουδαίων
2754 1535 2905 1600 ἔθνος
2934 1538 3199 1603 ἐπιδείξαι
3224 1540 3494 1609 βούλεται,
3531 1545 3561 1596 6
3597 1544 3733 1615 μήτε
3761 1547 3873 1609 τοῖς
3895 1545 3996 1599 θέλ
4015 1576 4030 1586 -

2443 1641 2600 1693 γουσι
2626 1629 2719 1679 καὶ
2750 1630 3090 1698 εὐφραίνειν,
3121 1631 3268 1685 τοῦτ’
3306 1633 3422 1687 ἔστι
3453 1637 3519 1706 τῇ
3555 1635 3754 1708 ἰθίμῳ,
3785 1640 3884 1692 καὶ
3907 1640 4034 1692 επι-

2443 1716 2751 1788 πολαζούσῃ
2781 1718 2956 1791 διαίτῃ
3011 1721 3215 1790 (καίτοι
3255 1723 3376 1778 δέον
3413 1724 3492 1794 τῷ
3545 1727 3717 1797 ὁμοίῳ
3760 1728 4032 1780 tutum

2443 1809 2570 1863 σθαί
2599 1827 2682 1875 τε,
2719 1811 2815 1864 καὶ
2847 1812 3298 1884 συνεφέλκεσθαι)
3339 1816 3401 1869 τὸ
3444 1815 3761 1871 λυσιτελοῦν
3786 1818 4032 1889 ἠθέλησε

756 1875 903 1942 quod
932 1880 1273 1949 expediebat,
1302 1885 1578 1955 suscipere
1605 1907 1619 1943 :
1652 1905 1828 1960 neque
1871 1908 1963 1962 per
2000 1896 2167 1950 vitam
2183 1913 2337 1954 com-

2446 1902 2742 1974 δρέψασθαι
2767 1921 2779 1935 ·
2815 1903 2939 1958 οὔτε
2969 1875 3060 1958 διὰ
3085 1905 3180 1959 τοῦ
3229 1875 3721 1979 ἀνακεχωρηκότκ
3752 1875 3866 1963 τών
3895 1875 4033 1965 πολ-

755 1966 934 2023 modis
973 1969 1223 2039 pluribus
1251 1984 1550 2040 carentem.
1582 1994 1646 2035 ac
1678 1980 1908 2050 rigidam
1941 1984 2184 2055 (tametsi
2235 1990 2340 2046 hoc

757 2061 906 2127 ipsos
930 2075 1149 2133 quoque
1173 2065 1537 2136 religiosiores
1572 2071 1822 2132 homines
1852 2092 2070 2135 movere
2116 2081 2340 2138 debuis-

755 2149 861 2220 set)
904 2152 980 2216 id,
1042 2155 1186 2224 quod
1253 2173 1367 2214 suae
1412 2165 1753 2234 repugnabat
1791 2168 2059 2237 opinioni,
2117 2177 2341 2246 exsequi

756 2243 921 2314 coepit
956 2262 969 2298 :
1003 2255 1059 2301 at
1097 2249 1241 2318 quod
1272 2251 1466 2306 horum
1520 2269 1718 2313 neutro
1767 2260 1834 2315 ad
1860 2262 2104 2320 animum
2137 2243 2342 2338 proter-

755 2349 882 2388 vum
917 2345 970 2391 et
1015 2339 1262 2411 religioni
1307 2355 1684 2404 contumacem
1732 2350 2132 2422 deponendum,
2175 2375 2342 2415 excu-

758 2427 1115 2500 tiendumque
1142 2433 1376 2491 adducta
1406 2439 1496 2492 sit.
1556 2442 1735 2512 Atque
1778 2459 1902 2500 vero
1959 2447 2150 2503 eadem
2181 2466 2341 2519 para-

755 2518 874 2571 bola
899 2524 1307 2589 persuasionem
1340 2543 1465 2583 cum
1493 2529 1863 2602 increpatione
1891 2539 2152 2604 contexit,
2185 2518 2340 2611 quod

755 2609 1279 2678 pepulus'ludaicus
1298 2633 1407 2672 non
1444 2622 1653 2692 agendo
1681 2627 2076 2696 paenitentiam,
2125 2609 2341 2689 omnem

757 2703 858 2757 sibi
883 2708 1288 2764 excusationem
1319 2713 1642 2786 veniamque
1669 2720 2003 2786 prtccideret.

833 2793 1101 2853 Parabola
1135 2815 1261 2856 vero
1319 2802 1389 2858 ab
1446 2804 1536 2871 iis,
1603 2809 1696 2878 qui
1741 2810 1814 2864 ita
1863 2827 2340 2884 commcntantur,

759 2889 1008 2951 nomina,
1064 2900 1117 2946 et
1149 2907 1257 2959 res,
1289 2911 1412 2965 quae
1455 2898 1657 2956 nullius
1690 2904 2057 2969 necessitatis,
2096 2911 2345 2965 οὼιιοιιὶ-

758 2979 990 3036 tionisve
1038 2983 1296 3043 salutaris
1373 3002 1536 3057 sum,
1600 2994 1814 3050 curiose
1873 2997 2188 3071 investigari
2234 3020 2345 3058 non

758 3082 933 3128 curat.
959 3071 1192 3141 Quinam
1210 3078 1354 3134 enim
1380 3093 1529 3147 sunt,
1562 3086 1655 3154 qui
1705 3098 1894 3143 aestum
1920 3090 2026 3145 diei
2060 3095 2347 3167 noctisque

759 3157 987 3227 glaciem
1020 3161 1077 3216 in
1106 3166 1279 3221 sacris
1329 3167 1612 3228 laboribus
1641 3174 1885 3233 animose
1919 3157 2340 3240 invenerunt-'9

757 3256 815 3300 tt
866 3247 922 3303 in
959 3249 1096 3307 alios
1128 3262 1250 3322 post
1281 3270 1340 3311 se
1390 3257 1458 3311 ad
1484 3257 1714 3315 similem
1743 3262 1985 3320 laborem
2020 3270 2342 3338 conductos,

760 3340 858 3408 qui
923 3356 1107 3411 parem
1168 3349 1475 3404 mercedem
1540 3363 1884 3423 acceperant,
1981 3358 2223 3416 invidum
2291 3373 2346 3418 et

761 3446 995 3503 nequam
1023 3437 1242 3490 oculum
1266 3439 1618 3509 coniecerunt
1642 3447 1751 3499 »³τῖ
1774 3445 1910 3514 Quis
1937 3462 2116 3506 autem
2139 3462 2223 3509 est
2253 3456 2343 3512 ille

767 3542 788 3575 ε
804 3523 1420 3600 Ῑυύεεὶιιὶιιιιὶιιιιίε,ψιί
1453 3530 1618 3592 Deum
1652 3550 1760 3590 non
1800 3539 2044 3603 timebat,
2073 3551 2127 3596 et
2157 3543 2339 3600 homi-

766 3629 887 3670 nem
911 3630 1018 3671 non
1053 3621 1402 3675 rcverebatur
1431 3623 1478 3656 ⁵⁸
1492 3639 1510 3688 ;
1534 3639 1599 3681 ac
1619 3625 1815 3682 deinde
1829 3630 1986 3685 vidua
2008 3632 2346 3692 declamante

759 3720 1016 3762 vesanam
1047 3713 1357 3781 superbiam
1395 3713 1448 3774 in
1491 3717 1919 3774 misericordiam
1958 3725 2229 3778 convertit
2257 3727 2347 3759 ’ν’

759 3797 1009 3856 Profecto
1053 3802 1245 3859 borum
1273 3805 1592 3862 alterutrum
1649 3825 1715 3866 ne
1743 3827 1839 3880 per
1858 3814 2084 3868 multam
2127 3816 2344 3886 quidem

762 3895 1162 3956 aberrationem
1233 3917 1264 3957 a
1322 3906 1624 3973 proposito,
1695 3917 1859 3978 atque
1946 3911 2341 3982 nugacitatem,

761 3990 924 4047 alicui
1002 3993 1262 4063 peculiari
1336 4012 1582 4065 persona:
1635 4015 1859 4071 quoquo
1917 4002 2079 4056 modo
2164 4015 2347 4072 posset

760 4085 958 4154 aptari.

825 4181 942 4240 lam
998 4202 1126 4243 vero
1161 4190 1266 4247 ille
1310 4192 1599 4264 «virgines,
1639 4210 1872 4265 quarum
1905 4198 2149 4270 quinque
2190 4210 2347 4257 erant

761 4277 941 4345 fatuae,
978 4288 1032 4335 et
1073 4283 1315 4354 quinque
1375 4287 1669 4354 prudentes
1698 4288 1744 4320 “
1778 4309 1827 4353 ,ι
1872 4291 2160 4361 enjusnam
2210 4293 2345 4350 deli-

761 4372 888 4428 nitae
920 4387 1167 4442 personas
1201 4376 1492 4449 imaginem
1525 4379 1807 4436 referent?
1864 4381 2106 4454 Tempus
2135 4396 2341 4453 autem,

2440 1995 2570 2061 λῶν,
2610 1996 2704 2050 καὶ
2733 1997 3169 2068 συνεσταλμένου
3205 1997 3321 2069 βίου
3347 2000 3573 2071 (καίπερ
3600 2000 3874 2055 δυσωπεῖν
3916 1999 4030 2057 οἶδε

2442 2088 2537 2141 καὶ
2584 2087 3034 2160 εὐλαϐεστέρους)
3093 2090 3504 2161 ἀπεργάζεσθαι
3563 2092 3626 2147 τὸ
3681 2094 4028 2164 παράδοξον·

2442 2179 2579 2234 ἀλλὰ
2600 2180 2675 2246 ὡς
2703 2182 2792 2234 ὑπ’
2828 2182 3043 2247 οὐδενὸς
3071 2186 3278 2238 τούτων
3329 2185 3776 2256 ἐπεστράφησαν,
3806 2187 3870 2240 τὸ
3899 2188 4035 2241 ἀκύρ

2442 2271 2638 2327 λαστον
2669 2275 2870 2340 αὐτῶν,
2907 2277 3002 2328 καὶ
3038 2275 3357 2344 δυσάγωγον
3403 2275 3541 2347 πρὸς
3575 2278 3861 2332 εύσίϐειαν
3898 2281 4016 2333 ἀπο

2444 2366 2630 2420 θέσθαι
2657 2368 2753 2421 καὶ
2798 2367 3216 2425 ἀποσείσασθαι.
3277 2369 3390 2423 Καὶ
3429 2371 3528 2441 τὴν
3574 2371 3748 2425 πειθὼ
3784 2373 3845 2426 δὲ
3901 2391 4032 2428 συν-

2443 2459 2659 2528 υφαίνει
2688 2459 2781 2512 τὸν
2809 2459 3033 2529 ἔλεγχον
3067 2459 3454 2531 ἐπιφέρουσαν,
3483 2461 3559 2524 ὡς
3590 2463 3665 2534 μὴ
3702 2463 4037 2533 μετανοοῦν-

2444 2569 2536 2614 τες
2575 2549 2685 2604 τῶν
2732 2549 3000 2604 Ἰουδαίων
3051 2552 3080 2603 6
3119 2549 3293 2620 δῆμος
3343 2553 3528 2604 πᾶσαν
3563 2552 3884 2622 ἀπολογίαν,
3937 2555 4034 2608 καὶ

2447 2643 2780 2714 συγγνώμην
2818 2644 3033 2706 ἑαυτοῖς
3061 2642 3475 2714 περικόπτουσι.

2447 2841 2463 2884 ι
2519 2827 2705 2880 Ταῦτα
2744 2827 2844 2896 μὲν
2887 2826 2953 2896 δὴ
3006 2827 3335 2897 πράττουσιν
3364 2828 3397 2898 ἡ
3430 2827 3713 2900 παραϐολὴ
3749 2828 3821 2882 τὰ
3866 2829 4036 2884 λοιπά

2446 2918 2555 2974 τῶν
2583 2918 2865 2989 ὀνομάτων
2899 2935 2962 2971 τε
3022 2919 3117 2972 καὶ
3160 2920 3523 2989 πραγμάτων,
3570 2920 3670 2974 ὃσα
3713 2921 3886 2992 μηδὲν
3923 2923 4041 2976 τῶν

2446 3010 2784 3078 ἀναγκαίων,
2821 3009 3077 3079 καὶπρὸς
3110 3011 3385 3080 σωτηρίαν
3426 3010 3846 3082 ικκαλουμίνων
3892 3030 4041 3082 προο

2448 3101 2609 3169 ξενεῖ,
2638 3101 2760 3156 οὐδὲ
2793 3101 3118 3172 σεμνύνεται
3155 3101 3654 3174 πολυπραγμονεῖν.
3693 3104 3849 3158 Ἐπεί
3879 3122 4034 3169 τινες

2447 3194 2498 3247 οί
2535 3193 2628 3247 τὸν
2658 3193 2916 3248 καύσωνα
2955 3196 3054 3264 τῆς
3088 3194 3326 3264 ἡμέρας,
3374 3196 3470 3250 καὶ
3511 3195 3602 3250 τὸν
3645 3196 3884 3265 παγετὸν
3930 3197 4040 3268 τῆς

2449 3284 2640 3349 νυκτὸς
2664 3286 2757 3340 επὶ
2785 3287 2898 3348 τοῖς
2932 3282 3101 3349 θείοις
3138 3285 3322 3357 ἔργοις
3343 3285 3602 3357 ὲμψύχως
3615 3287 3995 3357 διενεγκόντες
4017 3307 4042 3321 ι

2447 3379 2557 3440 τοῖς
2584 3377 2639 3430 δὲ
2678 3377 2796 3448 μετ’
2830 3377 3028 3440 αὐτοὺς
3074 3376 3297 3430 ἐλθοῦσι
3345 3379 3688 3447 μιμήσασθαι
3733 3379 4035 3449 βάσκανον,

2448 3470 2542 3522 καὶ
2576 3468 2812 3539 πονηρὸν
2839 3467 3141 3539 ὀφθαλμὸν,
3196 3468 3280 3538 ἐφ’
3314 3464 3396 3534 οἷς
3441 3471 3702 3540 μετέσγον
3729 3471 3842 3526 τῶν
3873 3474 4038 3534 tm

2448 3561 2832 3625 ἐπιϐάλλοντες
2858 3579 2873 3628 ;
2902 3561 3000 3625 Τίς
3029 3561 3086 3615 δὲ
3122 3580 3142 3614 ι
3179 3565 3208 3616 6
3232 3563 3331 3632 τῆς
3375 3562 3591 3628 ἀδικίας
3617 3564 3814 3636 κριτὴς
3834 3565 3865 3618 6
3895 3566 4045 3620 Θεὸν

2450 3654 2526 3726 μὴ
2560 3654 2917 3726 φοϐούμενος,
2956 3655 3053 3709 καὶ
3096 3654 3383 3726 ἄνθρωπον
3420 3656 3496 3727 μὴ
3533 3659 3939 3730 ἐντρεπόμενος
3965 3675 3980 3689 ·
4013 3680 4041 3711 ι

2449 3742 2566 3800 εἶτα
2599 3746 2699 3817 τῆς
2731 3748 2906 3817 χήρας
2938 3745 3298 3816 καταϐοώσης
3324 3747 3406 3811 είς
3430 3741 3750 3820 οίκτίρμοὺς
3791 3750 4040 3805 διαλύων

2448 3838 2545 3910 τὴν
2572 3838 2872 3903 ἁπόνοιαν;
2903 3837 3120 3892 Τούτων
3161 3837 3271 3909 γὰρ
3301 3839 3560 3912 ἑκάτερον
3597 3843 3674 3914 μὴ
3726 3843 3870 3913 μετᾶ
3902 3844 4042 3898 πολ-

2449 3930 2547 3999 λῆς
2601 3931 2702 3999 τῆς
2753 3928 3099 4000 παρεκϐολῆς
3146 3929 3241 3983 καὶ⁵
3286 3930 3630 4002 ἀδολεσχίας,
3685 3934 3749 3987 ού
3797 3934 3904 4005 μὲν
3940 3931 4042 3990 οὖν

2447 4024 2546 4077 οὑκ
2616 4021 2734 4075 ἔστι
2817 4021 3097 4092 προσώπῳ
3187 4026 3616 4096 περιωρισμὲνιρ
3700 4027 4045 4097 ἐναρμόσσ,⁴

2451 4112 2596 4166 σθαι.

2532 4204 2693 4258 Ἀλλά
2723 4222 2742 4257 ι
2772 4205 2829 4259 αἱ
2859 4205 3145 4276 παρθένοι,
3176 4208 3234 4261 αί
3265 4205 3364 4278 μὲν
3420 4206 3584 4260 πέντε
3631 4209 3840 4279 μωραὶ,
3878 4213 3938 4264 αί
3983 4212 4044 4264 δὲ

2450 4297 2612 4350 πέντε
2636 4297 2914 4367 φρόνιμοι,
2949 4316 2970 4350 ι
3001 4297 3148 4362 τίνος
3199 4296 3494 4369 προσώπου
3542 4297 3853 4370 ὡρισμένου
3883 4304 4046 4356 εἰκο-

2452 4388 2726 4455 νίσουσινς
2765 4388 2824 4441 '0
2850 4388 3041 4458 χρόνος
3069 4388 3146 4455 δὲ,
3192 4387 3318 4443 καθ’
3343 4388 3404 4444 δν
3433 4391 3489 4443 αἱ
3523 4391 3620 4461 μὲν
3670 4391 3952 4462 εἰσῆλθον,
3984 4398 4045 4448 αἱ

758 4480 869 4533 quo
922 4464 1007 4520 be
1041 4466 1261 4537 quidem
1313 4469 1678 4538 intraverunt,
1734 4473 1838 4529 illa:
1884 4490 2010 4530 vero
2051 4493 2078 4528 a
2127 4477 2343 4547 Sponso

2448 4478 2505 4532 δὲ
2535 4478 2628 4532 τοῦ
2667 4477 2953 4548 νυμφῶνος
2979 4477 3442 4550 ἀπεκλείσθησαν,
3466 4481 3554 4544 τίς
3577 4483 3700 4535 ποτ’
3726 4482 3793 4537 ἂν
3817 4485 3906 4556 είη
3931 4502 3948 4551 ;
3982 4487 4047 4540 ὐ

757 4557 994 4614 exclusa:
1030 4570 1160 4614 sunt
1219 4561 1262 4593 “
1291 4605 1306 4629 ,
1345 4564 1619 4633 quodnam
1670 4581 1794 4621 esse
1839 4567 2075 4636 poterit?
2129 4568 2340 4624 Etenim

2449 4572 2558 4643 γὰρ
2584 4571 2682 4642 τῆς
2713 4571 2900 4641 κοινῆς
2950 4570 3186 4642 κρίσεως
3223 4571 3380 4625 οὔπω
3413 4572 3736 4645 ἐφέστηκεν.
3770 4575 3882 4629 Καὶ
3910 4579 4054 4633 πολ-

758 4651 1067 4707 communis
1099 4652 1296 4722 judicii
1326 4663 1542 4724 tempus
1576 4658 1814 4712 nondum
1869 4659 2030 4714 venit.
2082 4660 2259 4730 Atque
2291 4663 2345 4717 in

759 4742 945 4799 multis
971 4742 1093 4798 aliis
1124 4745 1169 4800 si
1207 4746 1331 4816 quis
1365 4755 1540 4804 certas
1577 4763 1860 4818 personas,
1917 4766 1982 4806 ac
2013 4769 2099 4805 res
2148 4754 2345 4822 exqui-

759 4844 925 4901 reret,
967 4837 1359 4908 parabolasqne
1389 4855 1561 4910 usque
1584 4841 1650 4894 ad
1704 4841 1932 4897 minima
1988 4844 2339 4899 subdividcre

759 4925 1045 4991 niteretur,
1085 4928 1131 4982 is
1176 4927 1560 4998 perpendendo
1601 4947 1665 4986 ac
1700 4932 2015 4988 fluctuando
2066 4948 2340 5006 torquere-

761 5030 882 5086 tur;
942 5035 1050 5076 non
1106 5029 1215 5076 tam
1251 5021 1376 5090 quia
1446 5024 1715 5091 parabolae
1753 5025 1996 5079 conditio
2040 5025 2092 5081 id
2151 5042 2338 5082 secum

761 5111 886 5177 fert,
909 5127 1071 5181 quam
1108 5115 1234 5183 quia
1264 5113 1581 5179 curiositas,
1624 5115 1928 5185 ineptzeque
1959 5116 2188 5185 argutiae
2242 5133 2340 5186 po-

761 5203 868 5258 tius
901 5204 953 5257 in
989 5206 1410 5275 ignorationem,
1439 5222 1605 5277 quam
1639 5206 1694 5262 in
1720 5207 2087 5263 inventionem
2138 5209 2343 5264 verita-

763 5293 833 5346 tis
863 5293 1115 5349 desinere
1149 5296 1346 5350 solent.

833 5386 1042 5443 ltut'sus
1081 5389 1308 5457 quinam
1363 5399 1491 5444 sunt
1535 5391 1627 5461 qui
1668 5407 1736 5447 ne
1760 5392 1986 5462 siliquas
2019 5393 2241 5463 quidem
2271 5395 2338 5448 ad

763 5479 1101 5534 saturitatem
1129 5480 1420 5546 dabantei,
1455 5500 1473 5534 t
1505 5482 1598 5553 qui
1619 5498 1842 5553 peregre
1865 5483 2146 5550 profectus
2171 5493 2255 5539 est
2287 5485 2341 5537 in

763 5570 1038 5641 regionem
1086 5572 1462 5644 longinquam,
1499 5583 1554 5629 ct
1617 5575 1905 5646 dissipavit
1977 5577 2340 5632 substantiam

831 5795 877 5828 ⁸³
917 5795 1100 5855 Matth.
1177 5817 1262 5861 xx.
1319 5800 1406 5856 12.
1518 5802 1560 5834 δ’

762 5880 813 5922 et
849 5865 936 5923 12.

1621 5802 1750 5857 ibid.
1794 5801 1878 5856 15.

1966 5801 2009 5834 ⁵⁸
2055 5799 2187 5857 Luc.
2262 5817 2410 5869 svnt,

2445 4663 2555 4724 λοίς
2581 4660 2763 4722 ἄλλοις
2791 4662 2819 4712 6
2846 4660 3028 4730 ζητῶν
3078 4660 3363 4730 ὡρισμένα
3394 4662 3684 4731 πρόσωπα,
3719 4666 3816 4717 καὶ
3845 4669 4045 4736 πράγ-

2447 4768 2617 4822 ματα,
2650 4753 2744 4805 καὶ
2769 4750 3232 4822 κατατεμαχίζειν
3256 4752 3710 4825 φιλοτιμούμενος
3726 4755 3826 4820 τάς
3847 4773 4048 4828 παρα-

2448 4843 2630 4906 ϐολὰς,
2649 4843 3024 4914 περιενεχθείη
3048 4841 3114 4895 ἀν
3135 4845 3231 4912 τὴν
3254 4843 3514 4910 διάνοιαν,
3538 4847 3634 4900 καὶ
3667 4847 4046 4920 ἀπορήματα,

2446 4936 2508 4988 οὐ
2546 4935 2799 4988 τοσοῦτον
2849 4933 2958 4987 τῶν
3008 4933 3336 5004 παραϐολῶν
3379 4935 3538 4990 τοῦτο
3604 4941 4047 5010 παρεχομένων,

2447 5029 2572 5081 ὅσον
2618 5027 2721 5097 τῆς
2771 5025 3115 5098 περιεργίας,
3144 5025 3238 5080 καὶ
3290 5026 3495 5081 ἀτόπου
3533 5028 3898 5100 λεπτολογίας
3959 5035 4050 5098 είς

2448 5116 2691 5186 ἀμαθίαν
2753 5117 2971 5188 μᾶλλον,
3012 5115 3150 5171 ἀλλά
3198 5116 3298 5168 ούκ
3340 5117 3424 5182 εἰς
3471 5117 3691 5189 ε’ύρεσιν
3733 5121 4053 5176 ἀποτελευ-

2447 5226 2644 5280 τωσης.

2521 5391 2676 5453 Τίνες
2700 5389 2755 5443 δὲ
2780 5389 2939 5442 πάλιν
2962 5393 3012 5443 οἱ
3043 5391 3118 5461 μὴ
3134 5391 3368 5454 διδόντες
3400 5391 3510 5444 τῶν
3563 5389 3836 5460 κερατίων
3860 5407 4048 5459 μετα-

2455 5483 2603 5552 σχεῖν
2639 5499 2658 5534 t
2694 5481 2771 5552 τῷ
2794 5485 2873 5544 εἰς
2911 5483 3127 5552 μακρὰν
3166 5482 3584 5554 ἁποδημήσαντι
3625 5481 3805 5547 πόλιν,
3837 5485 3946 5537 καὶ
3977 5484 4058 5537 τὲ.

2457 5573 2684 5645 πατρῷα
2730 5576 3172 5630 καταναλώσαντι
3238 5574 3496 5641 ἀσώτως,
3538 5594 3554 5626 ι
3598 5578 3659 5627 Οἱ
3693 5575 3939 5643 μίσθιοι
3991 5577 4053 5630 δὲ

2465 5802 2518 5858 :3.
2603 5803 2645 5834 ’”
2693 5803 2824 5859 ibid.
2898 5803 2950 5857 5.
3079 5802 3122 5834 ⁸⁸
3157 5801 3343 5858 Matth.
3413 5817 3537 5863 ur,
3579 5800 3630 5855 ὲ.
3748 5801 3791 5831 ⁸⁸
3825 5800 3970 5857 ibid.
4005 5797 4044 5854 6
