  <div class='ocr_page' id='page_1' title='image "/cluster/home/n/w/nwhite01/storage/ocr_20150623/101/nnc1.0046980164/144.png"; bbox 0 0 4202 6442; ppageno 0'>
   <div class='ocr_carea' id='block_1_1' title="bbox 212 462 318 530">
    <p class='ocr_par' dir='ltr' id='par_1_1' title="bbox 212 462 318 530">
     <span class='ocr_line' id='line_1_1' title="bbox 212 462 318 530; baseline 0.028 -4"><span class='ocrx_word' id='word_1_1' title='bbox 212 462 318 530; x_wconf 74' lang='lat' dir='ltr'><strong><em>2H</em></strong></span> 
     </span>
    </p>
   </div>
   <div class='ocr_carea' id='block_1_2' title="bbox 1146 460 2531 535">
    <p class='ocr_par' dir='ltr' id='par_1_2' title="bbox 1146 460 2531 535">
     <span class='ocr_line' id='line_1_2' title="bbox 1146 460 2531 535; baseline -0.002 -12"><span class='ocrx_word' id='word_1_2' title='bbox 1146 464 1245 524; x_wconf 78' lang='lat' dir='ltr'><strong>AD</strong></span> <span class='ocrx_word' id='word_1_3' title='bbox 1280 460 1875 524; x_wconf 75' lang='lat' dir='ltr'><strong>AMPHILOCHIUM</strong></span> <span class='ocrx_word' id='word_1_4' title='bbox 1907 460 2255 535; x_wconf 65' lang='lat' dir='ltr'><strong>QUESTIO</strong></span> <span class='ocrx_word' id='word_1_5' title='bbox 2291 460 2531 523; x_wconf 75' lang='lat' dir='ltr'><strong>XXXIV</strong></span> 
     </span>
    </p>
   </div>
   <div class='ocr_carea' id='block_1_3' title="bbox 3366 453 3475 523">
    <p class='ocr_par' dir='ltr' id='par_1_3' title="bbox 3366 453 3475 523">
     <span class='ocr_line' id='line_1_3' title="bbox 3366 453 3475 523; baseline 0.037 -5"><span class='ocrx_word' id='word_1_6' title='bbox 3366 453 3475 523; x_wconf 65' lang='grc' dir='ltr'><strong>εις</strong></span> 
     </span>
    </p>
   </div>
   <div class='ocr_carea' id='block_1_4' title="bbox 216 566 1790 644">
    <p class='ocr_par' dir='ltr' id='par_1_4' title="bbox 216 570 1790 644">
     <span class='ocr_line' id='line_1_4' title="bbox 216 570 1790 644; baseline -0.005 -13"><span class='ocrx_word' id='word_1_7' title='bbox 216 577 386 631; x_wconf 70' lang='grc' dir='ltr'><strong>πάλιν</strong></span> <span class='ocrx_word' id='word_1_8' title='bbox 413 575 558 639; x_wconf 83' lang='grc' dir='ltr'><strong>τίνες</strong></span> <span class='ocrx_word' id='word_1_9' title='bbox 584 592 599 640; x_wconf 89' lang='grc'>;</span> <span class='ocrx_word' id='word_1_10' title='bbox 622 574 792 644; x_wconf 82' lang='grc' dir='ltr'><strong>Εῐπερ</strong></span> <span class='ocrx_word' id='word_1_11' title='bbox 818 573 880 627; x_wconf 79' lang='grc' dir='ltr'><strong>τὸ</strong></span> <span class='ocrx_word' id='word_1_12' title='bbox 901 570 1243 644; x_wconf 80' lang='grc' dir='ltr'><strong>ἀνθρώπινον</strong></span> <span class='ocrx_word' id='word_1_13' title='bbox 1270 573 1429 642; x_wconf 79' lang='grc' dir='ltr'><strong>γένος</strong></span> <span class='ocrx_word' id='word_1_14' title='bbox 1449 572 1529 636; x_wconf 82' lang='grc' dir='ltr'><strong>εις</strong></span> <span class='ocrx_word' id='word_1_15' title='bbox 1552 571 1790 633; x_wconf 77' lang='grc' dir='ltr'><strong>δικαίους</strong></span> 
     </span>
    </p>
   </div>
   <div class='ocr_carea' id='block_1_5' title="bbox 1893 566 3474 644">
    <p class='ocr_par' dir='ltr' id='par_1_5' title="bbox 1898 566 3474 639">
     <span class='ocr_line' id='line_1_5' title="bbox 1898 566 3474 639; baseline -0.003 -11"><span class='ocrx_word' id='word_1_16' title='bbox 1898 586 2052 627; x_wconf 85' lang='lat' dir='ltr'><strong>suam</strong></span> <span class='ocrx_word' id='word_1_17' title='bbox 2085 570 2317 639; x_wconf 83' lang='lat' dir='ltr'><strong>vivendo</strong></span> <span class='ocrx_word' id='word_1_18' title='bbox 2352 571 2632 625; x_wconf 80' lang='lat' dir='ltr'><strong>luxuriose</strong></span> <span class='ocrx_word' id='word_1_19' title='bbox 2663 569 2707 601; x_wconf 79' lang='grc'><strong>⁶²</strong></span> <span class='ocrx_word' id='word_1_20' title='bbox 2736 570 2761 623; x_wconf 82' lang='lat'><strong>?</strong></span> <span class='ocrx_word' id='word_1_21' title='bbox 2794 587 2813 623; x_wconf 72' lang='grc' dir='ltr'><strong>ι</strong></span> <span class='ocrx_word' id='word_1_22' title='bbox 2847 566 3167 624; x_wconf 75' lang='lat' dir='ltr'><strong>Hercenarir&#39;</strong></span> <span class='ocrx_word' id='word_1_23' title='bbox 3206 583 3335 625; x_wconf 81' lang='lat' dir='ltr'><strong>vero</strong></span> <span class='ocrx_word' id='word_1_24' title='bbox 3351 571 3474 636; x_wconf 84' lang='lat' dir='ltr'><strong>qui-</strong></span> 
     </span>
    </p>
   </div>
   <div class='ocr_carea' id='block_1_6' title="bbox 218 662 1795 737">
    <p class='ocr_par' dir='ltr' id='par_1_6' title="bbox 218 662 1795 737">
     <span class='ocr_line' id='line_1_6' title="bbox 218 662 1795 737; baseline -0.004 -16"><span class='ocrx_word' id='word_1_25' title='bbox 218 669 319 721; x_wconf 74' lang='grc' dir='ltr'><strong>καὶ</strong></span> <span class='ocrx_word' id='word_1_26' title='bbox 350 664 706 737; x_wconf 67' lang='grc' dir='ltr'><strong>ἁμαρτωλοὺς</strong></span> <span class='ocrx_word' id='word_1_27' title='bbox 737 662 1133 734; x_wconf 86' lang='grc' dir='ltr'><strong>διαιρούμενον.</strong></span> <span class='ocrx_word' id='word_1_28' title='bbox 1165 662 1253 717; x_wconf 73' lang='grc' dir='ltr'><strong>διά</strong></span> <span class='ocrx_word' id='word_1_29' title='bbox 1282 662 1394 716; x_wconf 90' lang='grc' dir='ltr'><strong>τῶν</strong></span> <span class='ocrx_word' id='word_1_30' title='bbox 1424 664 1482 716; x_wconf 72' lang='grc' dir='ltr'><strong>ιν</strong></span> <span class='ocrx_word' id='word_1_31' title='bbox 1515 664 1581 733; x_wconf 80' lang='grc' dir='ltr'><strong>τῇ</strong></span> <span class='ocrx_word' id='word_1_32' title='bbox 1614 678 1795 730; x_wconf 88' lang='grc' dir='ltr'><strong>παρα-</strong></span> 
     </span>
    </p>
   </div>
   <div class='ocr_carea' id='block_1_7' title="bbox 218 752 1794 829">
    <p class='ocr_par' dir='ltr' id='par_1_7' title="bbox 218 752 1794 829">
     <span class='ocr_line' id='line_1_7' title="bbox 218 752 1794 829; baseline -0.004 -17"><span class='ocrx_word' id='word_1_33' title='bbox 218 758 352 829; x_wconf 72' lang='grc' dir='ltr'><strong>ϐολῇ</strong></span> <span class='ocrx_word' id='word_1_34' title='bbox 399 757 493 811; x_wconf 88' lang='grc' dir='ltr'><strong>δύο</strong></span> <span class='ocrx_word' id='word_1_35' title='bbox 535 753 964 825; x_wconf 71' lang='grc' dir='ltr'><strong>λαμϐανομένων</strong></span> <span class='ocrx_word' id='word_1_36' title='bbox 1022 752 1156 807; x_wconf 92' lang='grc' dir='ltr'><strong>υίῶν</strong></span> <span class='ocrx_word' id='word_1_37' title='bbox 1214 753 1644 826; x_wconf 53' lang='grc' dir='ltr'><strong>παραδηλοῇαι,</strong></span> <span class='ocrx_word' id='word_1_38' title='bbox 1698 756 1794 805; x_wconf 78' lang='grc' dir='ltr'><strong>καὶ</strong></span> 
     </span>
    </p>
   </div>
   <div class='ocr_carea' id='block_1_8' title="bbox 220 841 1799 917">
    <p class='ocr_par' dir='ltr' id='par_1_8' title="bbox 220 841 1799 917">
     <span class='ocr_line' id='line_1_8' title="bbox 220 841 1799 917; baseline -0.004 -15"><span class='ocrx_word' id='word_1_39' title='bbox 220 849 343 913; x_wconf 83' lang='grc' dir='ltr'><strong>πῶς</strong></span> <span class='ocrx_word' id='word_1_40' title='bbox 368 843 542 911; x_wconf 73' lang='grc' dir='ltr'><strong>οὗτος,</strong></span> <span class='ocrx_word' id='word_1_41' title='bbox 577 848 653 910; x_wconf 82' lang='grc' dir='ltr'><strong>ὡς</strong></span> <span class='ocrx_word' id='word_1_42' title='bbox 698 841 780 911; x_wconf 71' lang='grc' dir='ltr'><strong>εἷς</strong></span> <span class='ocrx_word' id='word_1_43' title='bbox 824 844 903 915; x_wconf 78' lang='grc' dir='ltr'><strong>τῷ</strong></span> <span class='ocrx_word' id='word_1_44' title='bbox 933 846 1100 917; x_wconf 77' lang='grc' dir='ltr'><strong>πατρῖ</strong></span> <span class='ocrx_word' id='word_1_45' title='bbox 1137 844 1265 900; x_wconf 89' lang='grc' dir='ltr'><strong>τῶν.</strong></span> <span class='ocrx_word' id='word_1_46' title='bbox 1289 844 1545 916; x_wconf 89' lang='grc' dir='ltr'><strong>μισθίων,</strong></span> <span class='ocrx_word' id='word_1_47' title='bbox 1577 863 1595 896; x_wconf 80' lang='lat' dir='ltr'><strong>s</strong></span> <span class='ocrx_word' id='word_1_48' title='bbox 1648 861 1799 914; x_wconf 81' lang='grc' dir='ltr'><strong>νομι-</strong></span> 
     </span>
    </p>
   </div>
   <div class='ocr_carea' id='block_1_9' title="bbox 220 934 1795 1010">
    <p class='ocr_par' dir='ltr' id='par_1_9' title="bbox 220 934 1795 1010">
     <span class='ocr_line' id='line_1_9' title="bbox 220 934 1795 1010; baseline -0.002 -19"><span class='ocrx_word' id='word_1_49' title='bbox 220 939 415 1010; x_wconf 79' lang='grc' dir='ltr'><strong>σθῆναι</strong></span> <span class='ocrx_word' id='word_1_50' title='bbox 455 938 747 1005; x_wconf 74' lang='grc' dir='ltr'><strong>ἑξαιτεῖται</strong></span> <span class='ocrx_word' id='word_1_51' title='bbox 774 955 788 1003; x_wconf 91' lang='grc'><strong>;</strong></span> <span class='ocrx_word' id='word_1_52' title='bbox 859 938 918 991; x_wconf 90' lang='lat'><strong>&#39;0</strong></span> <span class='ocrx_word' id='word_1_53' title='bbox 950 937 1063 1001; x_wconf 70' lang='grc' dir='ltr'><strong>υίὸς</strong></span> <span class='ocrx_word' id='word_1_54' title='bbox 1092 938 1120 990; x_wconf 82' lang='grc' dir='ltr'>ὁ</span> <span class='ocrx_word' id='word_1_55' title='bbox 1155 936 1547 1010; x_wconf 79' lang='grc' dir='ltr'><strong>πρεσϐύτσρος,</strong></span> <span class='ocrx_word' id='word_1_56' title='bbox 1572 936 1680 989; x_wconf 83' lang='grc' dir='ltr'><strong>ὀτὺ</strong></span> <span class='ocrx_word' id='word_1_57' title='bbox 1701 934 1795 989; x_wconf 81' lang='grc' dir='ltr'><strong>τοῦ</strong></span> 
     </span>
    </p>
   </div>
   <div class='ocr_carea' id='block_1_10' title="bbox 222 1022 1797 1100">
    <p class='ocr_par' dir='ltr' id='par_1_10' title="bbox 222 1022 1797 1100">
     <span class='ocr_line' id='line_1_10' title="bbox 222 1022 1797 1100; baseline -0.004 -17"><span class='ocrx_word' id='word_1_58' title='bbox 222 1030 429 1100; x_wconf 72' lang='grc' dir='ltr'><strong>πατρὸς</strong></span> <span class='ocrx_word' id='word_1_59' title='bbox 461 1025 935 1099; x_wconf 71' lang='grc' dir='ltr'><strong>θέλημαπληρῶν,</strong></span> <span class='ocrx_word' id='word_1_60' title='bbox 959 1022 1078 1081; x_wconf 76' lang='grc' dir='ltr'><strong>εἶτα</strong></span> <span class='ocrx_word' id='word_1_61' title='bbox 1115 1026 1275 1096; x_wconf 81' lang='grc' dir='ltr'><strong>φθονε</strong></span> <span class='ocrx_word' id='word_1_62' title='bbox 1286 1029 1399 1097; x_wconf 85' lang='grc' dir='ltr'><strong>ροῖς</strong></span> <span class='ocrx_word' id='word_1_63' title='bbox 1425 1025 1637 1095; x_wconf 84' lang='grc' dir='ltr'><strong>ϐμμασι</strong></span> <span class='ocrx_word' id='word_1_64' title='bbox 1658 1024 1797 1077; x_wconf 83' lang='grc' dir='ltr'><strong>θεω-</strong></span> 
     </span>
    </p>
   </div>
   <div class='ocr_carea' id='block_1_11' title="bbox 221 1115 1797 1189">
    <p class='ocr_par' dir='ltr' id='par_1_11' title="bbox 221 1115 1797 1189">
     <span class='ocr_line' id='line_1_11' title="bbox 221 1115 1797 1189; baseline -0.001 -19"><span class='ocrx_word' id='word_1_65' title='bbox 221 1118 336 1187; x_wconf 86' lang='grc' dir='ltr'><strong>ρῶν</strong></span> <span class='ocrx_word' id='word_1_66' title='bbox 363 1118 461 1189; x_wconf 80' lang='grc' dir='ltr'><strong>τὴν</strong></span> <span class='ocrx_word' id='word_1_67' title='bbox 489 1119 847 1189; x_wconf 78' lang='grc' dir='ltr'><strong>ἐπιστροφὴν,</strong></span> <span class='ocrx_word' id='word_1_68' title='bbox 879 1118 976 1171; x_wconf 76' lang='grc' dir='ltr'><strong>καὶ</strong></span> <span class='ocrx_word' id='word_1_69' title='bbox 1005 1116 1279 1188; x_wconf 77' lang='grc' dir='ltr'><strong>σωτηρίαν</strong></span> <span class='ocrx_word' id='word_1_70' title='bbox 1310 1115 1405 1170; x_wconf 83' lang='grc' dir='ltr'><strong>τοῦ</strong></span> <span class='ocrx_word' id='word_1_71' title='bbox 1425 1115 1680 1185; x_wconf 75' lang='grc' dir='ltr'><strong>ἀδελφοῦ,</strong></span> <span class='ocrx_word' id='word_1_72' title='bbox 1703 1116 1797 1169; x_wconf 78' lang='grc' dir='ltr'><strong>καὶ</strong></span> 
     </span>
    </p>
   </div>
   <div class='ocr_carea' id='block_1_12' title="bbox 215 1207 1797 1280">
    <p class='ocr_par' dir='ltr' id='par_1_12' title="bbox 215 1207 1797 1280">
     <span class='ocr_line' id='line_1_12' title="bbox 215 1207 1797 1280; baseline -0.001 -18"><span class='ocrx_word' id='word_1_73' title='bbox 215 1209 673 1277; x_wconf 71' lang='grc' dir='ltr'><strong>δικαιολογεῖσθαι</strong></span> <span class='ocrx_word' id='word_1_74' title='bbox 716 1208 1152 1279; x_wconf 76' lang='grc' dir='ltr'><strong>παροξυνόμενος</strong></span> <span class='ocrx_word' id='word_1_75' title='bbox 1200 1208 1279 1280; x_wconf 82' lang='grc' dir='ltr'><strong>τῷ</strong></span> <span class='ocrx_word' id='word_1_76' title='bbox 1325 1208 1521 1278; x_wconf 73' lang='grc' dir='ltr'><strong>πατρὶ,</strong></span> <span class='ocrx_word' id='word_1_77' title='bbox 1558 1207 1676 1271; x_wconf 85' lang='grc' dir='ltr'><strong>πῶς</strong></span> <span class='ocrx_word' id='word_1_78' title='bbox 1729 1207 1797 1261; x_wconf 75' lang='grc' dir='ltr'><strong>ἂν</strong></span> 
     </span>
    </p>
   </div>
   <div class='ocr_carea' id='block_1_13' title="bbox 214 1297 1795 1371">
    <p class='ocr_par' dir='ltr' id='par_1_13' title="bbox 214 1297 1795 1371">
     <span class='ocr_line' id='line_1_13' title="bbox 214 1297 1795 1371; baseline 0.001 -21"><span class='ocrx_word' id='word_1_79' title='bbox 214 1299 516 1369; x_wconf 79' lang='grc' dir='ltr'><strong>ὡρισμένῳ</strong></span> <span class='ocrx_word' id='word_1_80' title='bbox 535 1299 639 1353; x_wconf 81' lang='grc' dir='ltr'><strong>τινὶ</strong></span> <span class='ocrx_word' id='word_1_81' title='bbox 657 1298 937 1371; x_wconf 81' lang='grc' dir='ltr'><strong>προσώπῳ</strong></span> <span class='ocrx_word' id='word_1_82' title='bbox 960 1300 1297 1369; x_wconf 78' lang='grc' dir='ltr'><strong>παρατεθείη</strong></span> <span class='ocrx_word' id='word_1_83' title='bbox 1318 1316 1333 1364; x_wconf 87' lang='lat'><strong>;</strong></span> <span class='ocrx_word' id='word_1_84' title='bbox 1356 1300 1521 1352; x_wconf 85' lang='grc' dir='ltr'><strong>Ὠστε</strong></span> <span class='ocrx_word' id='word_1_85' title='bbox 1539 1297 1795 1367; x_wconf 74' lang='grc' dir='ltr'><strong>φανερὸν,</strong></span> 
     </span>
    </p>
   </div>
   <div class='ocr_carea' id='block_1_14' title="bbox 213 1388 1799 1463">
    <p class='ocr_par' dir='ltr' id='par_1_14' title="bbox 213 1388 1799 1463">
     <span class='ocr_line' id='line_1_14' title="bbox 213 1388 1799 1463; baseline 0 -21"><span class='ocrx_word' id='word_1_86' title='bbox 213 1388 296 1453; x_wconf 86' lang='grc' dir='ltr'><strong>ῶς</strong></span> <span class='ocrx_word' id='word_1_87' title='bbox 328 1391 428 1459; x_wconf 82' lang='grc' dir='ltr'><strong>οὐχ</strong></span> <span class='ocrx_word' id='word_1_88' title='bbox 455 1390 670 1444; x_wconf 68' lang='grc' dir='ltr'><strong>ἅπαντα</strong></span> <span class='ocrx_word' id='word_1_89' title='bbox 711 1391 811 1461; x_wconf 85' lang='grc' dir='ltr'><strong>τῆς</strong></span> <span class='ocrx_word' id='word_1_90' title='bbox 853 1391 1170 1462; x_wconf 81' lang='grc' dir='ltr'><strong>παραϐολῆς</strong></span> <span class='ocrx_word' id='word_1_91' title='bbox 1203 1390 1269 1445; x_wconf 82' lang='grc' dir='ltr'><strong>τά</strong></span> <span class='ocrx_word' id='word_1_92' title='bbox 1315 1392 1458 1463; x_wconf 85' lang='grc' dir='ltr'><strong>μέρη</strong></span> <span class='ocrx_word' id='word_1_93' title='bbox 1487 1391 1799 1461; x_wconf 83' lang='grc' dir='ltr'><strong>πολυπραγ-</strong></span> 
     </span>
    </p>
   </div>
   <div class='ocr_carea' id='block_1_15' title="bbox 218 1482 1797 1555">
    <p class='ocr_par' dir='ltr' id='par_1_15' title="bbox 218 1482 1797 1555">
     <span class='ocr_line' id='line_1_15' title="bbox 218 1482 1797 1555; baseline 0.002 -21"><span class='ocrx_word' id='word_1_94' title='bbox 218 1484 426 1550; x_wconf 77' lang='grc' dir='ltr'><strong>μονεῖν,</strong></span> <span class='ocrx_word' id='word_1_95' title='bbox 457 1483 551 1536; x_wconf 81' lang='grc' dir='ltr'><strong>καὶ</strong></span> <span class='ocrx_word' id='word_1_96' title='bbox 576 1483 882 1551; x_wconf 79' lang='grc' dir='ltr'><strong>λογοθετεῑν</strong></span> <span class='ocrx_word' id='word_1_97' title='bbox 920 1485 1213 1555; x_wconf 84' lang='grc' dir='ltr'><strong>προσήκει,</strong></span> <span class='ocrx_word' id='word_1_98' title='bbox 1253 1483 1390 1553; x_wconf 79' lang='grc' dir='ltr'><strong>πρὸς</strong></span> <span class='ocrx_word' id='word_1_99' title='bbox 1418 1482 1577 1553; x_wconf 74' lang='grc' dir='ltr'><strong>μόνον</strong></span> <span class='ocrx_word' id='word_1_100' title='bbox 1608 1483 1666 1537; x_wconf 69' lang='grc' dir='ltr'><strong>δὲ</strong></span> <span class='ocrx_word' id='word_1_101' title='bbox 1694 1483 1797 1551; x_wconf 82' lang='grc' dir='ltr'><strong>ἀφ-</strong></span> 
     </span>
    </p>
   </div>
   <div class='ocr_carea' id='block_1_16' title="bbox 212 1573 1795 1647">
    <p class='ocr_par' dir='ltr' id='par_1_16' title="bbox 212 1573 1795 1647">
     <span class='ocr_line' id='line_1_16' title="bbox 212 1573 1795 1647; baseline 0.001 -22"><span class='ocrx_word' id='word_1_102' title='bbox 212 1574 348 1643; x_wconf 69' lang='grc' dir='ltr'><strong>ορᾷν</strong></span> <span class='ocrx_word' id='word_1_103' title='bbox 393 1573 457 1628; x_wconf 78' lang='grc' dir='ltr'><strong>τὸ</strong></span> <span class='ocrx_word' id='word_1_104' title='bbox 503 1573 592 1628; x_wconf 77' lang='grc' dir='ltr'><strong>διὰ</strong></span> <span class='ocrx_word' id='word_1_105' title='bbox 656 1574 758 1644; x_wconf 90' lang='grc' dir='ltr'><strong>τῆς</strong></span> <span class='ocrx_word' id='word_1_106' title='bbox 816 1574 1142 1647; x_wconf 73' lang='grc' dir='ltr'><strong>ὁλοκληρίας</strong></span> <span class='ocrx_word' id='word_1_107' title='bbox 1203 1574 1409 1644; x_wconf 83' lang='grc' dir='ltr'><strong>ταύτης</strong></span> <span class='ocrx_word' id='word_1_108' title='bbox 1456 1573 1795 1645; x_wconf 80' lang='grc' dir='ltr'><strong>σημαινόμε-</strong></span> 
     </span>
    </p>
   </div>
   <div class='ocr_carea' id='block_1_17' title="bbox 213 1681 327 1719">
    <p class='ocr_par' dir='ltr' id='par_1_17' title="bbox 213 1681 327 1719">
     <span class='ocr_line' id='line_1_17' title="bbox 213 1681 327 1719; baseline 0.026 -3"><span class='ocrx_word' id='word_1_109' title='bbox 213 1681 327 1719; x_wconf 78' lang='grc' dir='ltr'><strong>νον.</strong></span> 
     </span>
    </p>
   </div>
   <div class='ocr_carea' id='block_1_18' title="bbox 285 1842 1797 1917">
    <p class='ocr_par' dir='ltr' id='par_1_18' title="bbox 285 1842 1797 1917">
     <span class='ocr_line' id='line_1_18' title="bbox 285 1842 1797 1917; baseline -0.001 -18"><span class='ocrx_word' id='word_1_110' title='bbox 285 1846 394 1899; x_wconf 76' lang='grc' dir='ltr'><strong>Τὸν</strong></span> <span class='ocrx_word' id='word_1_111' title='bbox 423 1845 482 1901; x_wconf 66' lang='grc' dir='ltr'><strong>δὲ</strong></span> <span class='ocrx_word' id='word_1_112' title='bbox 508 1844 764 1899; x_wconf 86' lang='grc' dir='ltr'><strong>πλούσιον</strong></span> <span class='ocrx_word' id='word_1_113' title='bbox 794 1843 1100 1917; x_wconf 76' lang='grc' dir='ltr'><strong>ἄνθρωπον,</strong></span> <span class='ocrx_word' id='word_1_114' title='bbox 1132 1847 1208 1909; x_wconf 87' lang='grc' dir='ltr'><strong>ώς</strong></span> <span class='ocrx_word' id='word_1_115' title='bbox 1252 1844 1345 1899; x_wconf 81' lang='grc' dir='ltr'><strong>τὸν</strong></span> <span class='ocrx_word' id='word_1_116' title='bbox 1370 1842 1797 1914; x_wconf 82' lang='grc' dir='ltr'><strong>διαϐεϐλημένον</strong></span> 
     </span>
    </p>
   </div>
   <div class='ocr_carea' id='block_1_19' title="bbox 1898 660 3476 733">
    <p class='ocr_par' dir='ltr' id='par_1_19' title="bbox 1898 660 3476 733">
     <span class='ocr_line' id='line_1_19' title="bbox 1898 660 3476 733; baseline -0.003 -16"><span class='ocrx_word' id='word_1_117' title='bbox 1898 678 2024 717; x_wconf 85' lang='lat' dir='ltr'><strong>nam</strong></span> <span class='ocrx_word' id='word_1_118' title='bbox 2073 673 2203 719; x_wconf 89' lang='lat' dir='ltr'><strong>sunt</strong></span> <span class='ocrx_word' id='word_1_119' title='bbox 2253 662 2434 716; x_wconf 64' lang='lat' dir='ltr'><strong>“tSi</strong></span> <span class='ocrx_word' id='word_1_120' title='bbox 2494 662 2791 716; x_wconf 89' lang='lat' dir='ltr'><strong>humanum</strong></span> <span class='ocrx_word' id='word_1_121' title='bbox 2849 675 3020 733; x_wconf 88' lang='lat' dir='ltr'><strong>genus</strong></span> <span class='ocrx_word' id='word_1_122' title='bbox 3078 661 3131 715; x_wconf 88' lang='lat' dir='ltr'><strong>in</strong></span> <span class='ocrx_word' id='word_1_123' title='bbox 3196 660 3375 729; x_wconf 84' lang='lat' dir='ltr'><strong>justos</strong></span> <span class='ocrx_word' id='word_1_124' title='bbox 3423 670 3476 713; x_wconf 89' lang='lat' dir='ltr'><strong>et</strong></span> 
     </span>
    </p>
   </div>
   <div class='ocr_carea' id='block_1_20' title="bbox 1896 751 3473 823">
    <p class='ocr_par' dir='ltr' id='par_1_20' title="bbox 1896 751 3473 823">
     <span class='ocr_line' id='line_1_20' title="bbox 1896 751 3473 823; baseline -0.002 -16"><span class='ocrx_word' id='word_1_125' title='bbox 1896 761 2208 823; x_wconf 85' lang='lat' dir='ltr'><strong>peccatores</strong></span> <span class='ocrx_word' id='word_1_126' title='bbox 2240 754 2598 822; x_wconf 87' lang='lat' dir='ltr'><strong>discerptum,</strong></span> <span class='ocrx_word' id='word_1_127' title='bbox 2635 752 2852 806; x_wconf 88' lang='lat' dir='ltr'><strong>duobus</strong></span> <span class='ocrx_word' id='word_1_128' title='bbox 2910 752 3036 807; x_wconf 79' lang='lat' dir='ltr'><strong>ﬁliis</strong></span> <span class='ocrx_word' id='word_1_129' title='bbox 3076 751 3130 805; x_wconf 91' lang='lat' dir='ltr'><strong>in</strong></span> <span class='ocrx_word' id='word_1_130' title='bbox 3159 752 3473 821; x_wconf 85' lang='lat' dir='ltr'><strong>parabolam</strong></span> 
     </span>
    </p>
   </div>
   <div class='ocr_carea' id='block_1_21' title="bbox 1894 843 3471 914">
    <p class='ocr_par' dir='ltr' id='par_1_21' title="bbox 1894 843 3471 914">
     <span class='ocr_line' id='line_1_21' title="bbox 1894 843 3471 914; baseline -0.002 -17"><span class='ocrx_word' id='word_1_131' title='bbox 1894 844 2132 900; x_wconf 89' lang='lat' dir='ltr'><strong>inductis</strong></span> <span class='ocrx_word' id='word_1_132' title='bbox 2178 844 2535 914; x_wconf 75' lang='lat' dir='ltr'><strong>signiﬁcatur,</strong></span> <span class='ocrx_word' id='word_1_133' title='bbox 2596 845 2875 911; x_wconf 88' lang='lat' dir='ltr'><strong>quomodo</strong></span> <span class='ocrx_word' id='word_1_134' title='bbox 2906 843 3128 913; x_wconf 77' lang='lat' dir='ltr'><strong>juvenis</strong></span> <span class='ocrx_word' id='word_1_135' title='bbox 3177 844 3277 896; x_wconf 85' lang='lat' dir='ltr'><strong>iste</strong></span> <span class='ocrx_word' id='word_1_136' title='bbox 3329 843 3471 896; x_wconf 90' lang='lat' dir='ltr'><strong>sicut</strong></span> 
     </span>
    </p>
   </div>
   <div class='ocr_carea' id='block_1_22' title="bbox 1898 933 3471 1004">
    <p class='ocr_par' dir='ltr' id='par_1_22' title="bbox 1898 933 3471 1004">
     <span class='ocr_line' id='line_1_22' title="bbox 1898 933 3471 1004; baseline -0.001 -15"><span class='ocrx_word' id='word_1_137' title='bbox 1898 951 2037 991; x_wconf 88' lang='lat' dir='ltr'><strong>unus</strong></span> <span class='ocrx_word' id='word_1_138' title='bbox 2082 950 2151 990; x_wconf 81' lang='lat' dir='ltr'><strong>ex</strong></span> <span class='ocrx_word' id='word_1_139' title='bbox 2191 936 2543 989; x_wconf 86' lang='lat' dir='ltr'><strong>mercenariis</strong></span> <span class='ocrx_word' id='word_1_140' title='bbox 2576 935 2748 1003; x_wconf 89' lang='lat' dir='ltr'><strong>patris</strong></span> <span class='ocrx_word' id='word_1_141' title='bbox 2794 949 2917 989; x_wconf 88' lang='lat' dir='ltr'><strong>esse</strong></span> <span class='ocrx_word' id='word_1_142' title='bbox 2974 934 3271 1004; x_wconf 78' lang='lat' dir='ltr'><strong>cupiebat?</strong></span> <span class='ocrx_word' id='word_1_143' title='bbox 3299 933 3471 987; x_wconf 84' lang='lat' dir='ltr'><strong>Filius</strong></span> 
     </span>
    </p>
   </div>
   <div class='ocr_carea' id='block_1_23' title="bbox 1896 1026 3471 1094">
    <p class='ocr_par' dir='ltr' id='par_1_23' title="bbox 1896 1026 3471 1094">
     <span class='ocr_line' id='line_1_23' title="bbox 1896 1026 3471 1094; baseline -0.001 -14"><span class='ocrx_word' id='word_1_144' title='bbox 1896 1035 2075 1080; x_wconf 89' lang='lat' dir='ltr'><strong>autem</strong></span> <span class='ocrx_word' id='word_1_145' title='bbox 2114 1026 2316 1091; x_wconf 85' lang='lat' dir='ltr'><strong>senior,</strong></span> <span class='ocrx_word' id='word_1_146' title='bbox 2344 1026 2436 1094; x_wconf 90' lang='lat' dir='ltr'><strong>qui</strong></span> <span class='ocrx_word' id='word_1_147' title='bbox 2477 1027 2618 1094; x_wconf 90' lang='lat' dir='ltr'><strong>patri</strong></span> <span class='ocrx_word' id='word_1_148' title='bbox 2656 1026 2708 1079; x_wconf 93' lang='lat' dir='ltr'><strong>in</strong></span> <span class='ocrx_word' id='word_1_149' title='bbox 2745 1026 3008 1081; x_wconf 89' lang='lat' dir='ltr'><strong>omnibus</strong></span> <span class='ocrx_word' id='word_1_150' title='bbox 3044 1026 3471 1093; x_wconf 75' lang='lat' dir='ltr'><strong>obsequebatur,</strong></span> 
     </span>
    </p>
   </div>
   <div class='ocr_carea' id='block_1_24' title="bbox 1894 1117 3475 1187">
    <p class='ocr_par' dir='ltr' id='par_1_24' title="bbox 1894 1117 3475 1187">
     <span class='ocr_line' id='line_1_24' title="bbox 1894 1117 3475 1187; baseline -0.001 -15"><span class='ocrx_word' id='word_1_151' title='bbox 1894 1128 1949 1172; x_wconf 88' lang='lat' dir='ltr'><strong>et</strong></span> <span class='ocrx_word' id='word_1_152' title='bbox 1984 1124 2169 1187; x_wconf 85' lang='lat' dir='ltr'><strong>postea</strong></span> <span class='ocrx_word' id='word_1_153' title='bbox 2198 1117 2397 1171; x_wconf 89' lang='lat' dir='ltr'><strong>invidis</strong></span> <span class='ocrx_word' id='word_1_154' title='bbox 2428 1117 2605 1172; x_wconf 91' lang='lat' dir='ltr'><strong>oculis</strong></span> <span class='ocrx_word' id='word_1_155' title='bbox 2638 1118 3055 1171; x_wconf 79' lang='lat' dir='ltr'><strong>conversionem</strong></span> <span class='ocrx_word' id='word_1_156' title='bbox 3131 1118 3475 1187; x_wconf 73' lang='lat' dir='ltr'><strong>salutemque</strong></span> 
     </span>
    </p>
   </div>
   <div class='ocr_carea' id='block_1_25' title="bbox 1895 1205 3477 1276">
    <p class='ocr_par' dir='ltr' id='par_1_25' title="bbox 1895 1205 3477 1276">
     <span class='ocr_line' id='line_1_25' title="bbox 1895 1205 3477 1276; baseline -0.001 -15"><span class='ocrx_word' id='word_1_157' title='bbox 1895 1205 2081 1262; x_wconf 78' lang='lat' dir='ltr'><strong>fratris</strong></span> <span class='ocrx_word' id='word_1_158' title='bbox 2119 1206 2503 1276; x_wconf 89' lang='lat' dir='ltr'><strong>conspiciehat,</strong></span> <span class='ocrx_word' id='word_1_159' title='bbox 2537 1221 2601 1262; x_wconf 89' lang='lat' dir='ltr'><strong>ac</strong></span> <span class='ocrx_word' id='word_1_160' title='bbox 2645 1210 2709 1261; x_wconf 90' lang='lat' dir='ltr'><strong>de</strong></span> <span class='ocrx_word' id='word_1_161' title='bbox 2758 1206 2920 1275; x_wconf 81' lang='lat' dir='ltr'><strong>hujus</strong></span> <span class='ocrx_word' id='word_1_162' title='bbox 2939 1207 3327 1275; x_wconf 84' lang='lat' dir='ltr'><strong>justiticatione</strong></span> <span class='ocrx_word' id='word_1_163' title='bbox 3363 1208 3477 1261; x_wconf 86' lang='lat' dir='ltr'><strong>ira-</strong></span> 
     </span>
    </p>
   </div>
   <div class='ocr_carea' id='block_1_26' title="bbox 1896 1298 3475 1369">
    <p class='ocr_par' dir='ltr' id='par_1_26' title="bbox 1896 1298 3475 1369">
     <span class='ocr_line' id='line_1_26' title="bbox 1896 1298 3475 1369; baseline 0 -15"><span class='ocrx_word' id='word_1_164' title='bbox 1896 1299 2149 1354; x_wconf 86' lang='lat' dir='ltr'><strong>scebatur</strong></span> <span class='ocrx_word' id='word_1_165' title='bbox 2201 1298 2254 1353; x_wconf 91' lang='lat' dir='ltr'><strong>in</strong></span> <span class='ocrx_word' id='word_1_166' title='bbox 2330 1308 2536 1369; x_wconf 88' lang='lat' dir='ltr'><strong>patrem</strong></span> <span class='ocrx_word' id='word_1_167' title='bbox 2570 1298 2639 1364; x_wconf 80' lang='lat'><strong>“,</strong></span> <span class='ocrx_word' id='word_1_168' title='bbox 2692 1298 2995 1367; x_wconf 90' lang='lat' dir='ltr'><strong>quomodo,</strong></span> <span class='ocrx_word' id='word_1_169' title='bbox 3048 1313 3257 1367; x_wconf 67' lang='lat' dir='ltr'><strong>quasso,</strong></span> <span class='ocrx_word' id='word_1_170' title='bbox 3310 1300 3475 1354; x_wconf 83' lang='lat' dir='ltr'><strong>alicui</strong></span> 
     </span>
    </p>
   </div>
   <div class='ocr_carea' id='block_1_27' title="bbox 1894 1389 3477 1461">
    <p class='ocr_par' dir='ltr' id='par_1_27' title="bbox 1894 1389 3477 1461">
     <span class='ocr_line' id='line_1_27' title="bbox 1894 1389 3477 1461; baseline -0.001 -14"><span class='ocrx_word' id='word_1_171' title='bbox 1894 1391 2352 1447; x_wconf 80' lang='lat' dir='ltr'><strong>detinito&#39;ltomini</strong></span> <span class='ocrx_word' id='word_1_172' title='bbox 2381 1398 2565 1460; x_wconf 85' lang='lat' dir='ltr'><strong>posset</strong></span> <span class='ocrx_word' id='word_1_173' title='bbox 2613 1391 2878 1459; x_wconf 80' lang='lat' dir='ltr'><strong>applicari</strong></span> <span class='ocrx_word' id='word_1_174' title='bbox 2912 1390 2935 1443; x_wconf 70' lang='grc' dir='ltr'><strong><em>τ</em></strong></span> <span class='ocrx_word' id='word_1_175' title='bbox 2970 1389 3047 1445; x_wconf 84' lang='lat' dir='ltr'><strong>Ex</strong></span> <span class='ocrx_word' id='word_1_176' title='bbox 3111 1406 3222 1461; x_wconf 90' lang='lat' dir='ltr'><strong>quo</strong></span> <span class='ocrx_word' id='word_1_177' title='bbox 3265 1392 3477 1461; x_wconf 85' lang='lat' dir='ltr'><strong>perspi-</strong></span> 
     </span>
    </p>
   </div>
   <div class='ocr_carea' id='block_1_28' title="bbox 1896 1464 3501 1554">
    <p class='ocr_par' dir='ltr' id='par_1_28' title="bbox 1896 1464 3501 1554">
     <span class='ocr_line' id='line_1_28' title="bbox 1896 1464 3501 1554; baseline -0.002 -15"><span class='ocrx_word' id='word_1_178' title='bbox 1896 1484 2057 1551; x_wconf 88' lang='lat' dir='ltr'><strong>citur,</strong></span> <span class='ocrx_word' id='word_1_179' title='bbox 2089 1485 2232 1554; x_wconf 91' lang='lat' dir='ltr'><strong>quod</strong></span> <span class='ocrx_word' id='word_1_180' title='bbox 2274 1498 2383 1537; x_wconf 85' lang='lat' dir='ltr'><strong>non</strong></span> <span class='ocrx_word' id='word_1_181' title='bbox 2416 1484 2576 1537; x_wconf 87' lang='lat' dir='ltr'><strong>liceat</strong></span> <span class='ocrx_word' id='word_1_182' title='bbox 2598 1498 2792 1537; x_wconf 85' lang='lat' dir='ltr'><strong>omnes</strong></span> <span class='ocrx_word' id='word_1_183' title='bbox 2824 1481 3098 1552; x_wconf 67' lang='lat' dir='ltr'><strong>parabolae</strong></span> <span class='ocrx_word' id='word_1_184' title='bbox 3122 1491 3300 1550; x_wconf 85' lang='lat' dir='ltr'><strong>partes</strong></span> <span class='ocrx_word' id='word_1_185' title='bbox 3326 1464 3501 1537; x_wconf 35' lang='lat' dir='ltr'><strong>solli.“</strong></span> 
     </span>
    </p>
   </div>
   <div class='ocr_carea' id='block_1_29' title="bbox 1898 1573 3475 1647">
    <p class='ocr_par' dir='ltr' id='par_1_29' title="bbox 1898 1573 3475 1647">
     <span class='ocr_line' id='line_1_29' title="bbox 1898 1573 3475 1647; baseline -0.002 -15"><span class='ocrx_word' id='word_1_186' title='bbox 1898 1578 2002 1632; x_wconf 83' lang='lat' dir='ltr'><strong>cite</strong></span> <span class='ocrx_word' id='word_1_187' title='bbox 2033 1575 2367 1647; x_wconf 78' lang='lat' dir='ltr'><strong>perquirere,</strong></span> <span class='ocrx_word' id='word_1_188' title='bbox 2422 1577 2780 1642; x_wconf 86' lang='lat' dir='ltr'><strong>omniumque</strong></span> <span class='ocrx_word' id='word_1_189' title='bbox 2825 1573 3093 1628; x_wconf 90' lang='lat' dir='ltr'><strong>rationem</strong></span> <span class='ocrx_word' id='word_1_190' title='bbox 3133 1588 3427 1643; x_wconf 79' lang='lat' dir='ltr'><strong>exposcere</strong></span> <span class='ocrx_word' id='word_1_191' title='bbox 3458 1613 3475 1640; x_wconf 93' lang='lat'><strong>,</strong></span> 
     </span>
    </p>
   </div>
   <div class='ocr_carea' id='block_1_30' title="bbox 1897 1665 3476 1736">
    <p class='ocr_par' dir='ltr' id='par_1_30' title="bbox 1897 1665 3476 1736">
     <span class='ocr_line' id='line_1_30' title="bbox 1897 1665 3476 1736; baseline -0.003 -11"><span class='ocrx_word' id='word_1_192' title='bbox 1897 1668 1991 1725; x_wconf 83' lang='lat' dir='ltr'><strong>sed</strong></span> <span class='ocrx_word' id='word_1_193' title='bbox 2030 1669 2096 1723; x_wconf 90' lang='lat' dir='ltr'><strong>ad</strong></span> <span class='ocrx_word' id='word_1_194' title='bbox 2148 1668 2278 1723; x_wconf 89' lang='lat' dir='ltr'><strong>illud</strong></span> <span class='ocrx_word' id='word_1_195' title='bbox 2320 1668 2697 1723; x_wconf 88' lang='lat' dir='ltr'><strong>tantummodo</strong></span> <span class='ocrx_word' id='word_1_196' title='bbox 2718 1667 2964 1722; x_wconf 84' lang='lat' dir='ltr'><strong>animum</strong></span> <span class='ocrx_word' id='word_1_197' title='bbox 2994 1666 3305 1730; x_wconf 77' lang='lat' dir='ltr'><strong>admovere,</strong></span> <span class='ocrx_word' id='word_1_198' title='bbox 3330 1665 3476 1736; x_wconf 76' lang='lat' dir='ltr'><strong>quod</strong></span> 
     </span>
    </p>
   </div>
   <div class='ocr_carea' id='block_1_31' title="bbox 1899 1758 2742 1830">
    <p class='ocr_par' dir='ltr' id='par_1_31' title="bbox 1899 1758 2742 1830">
     <span class='ocr_line' id='line_1_31' title="bbox 1899 1758 2742 1830; baseline -0.009 -15"><span class='ocrx_word' id='word_1_199' title='bbox 1899 1774 1996 1830; x_wconf 88' lang='lat' dir='ltr'><strong>per</strong></span> <span class='ocrx_word' id='word_1_200' title='bbox 2025 1759 2100 1813; x_wconf 85' lang='lat' dir='ltr'><strong>rei</strong></span> <span class='ocrx_word' id='word_1_201' title='bbox 2134 1773 2405 1814; x_wconf 81' lang='lat' dir='ltr'><strong>summam</strong></span> <span class='ocrx_word' id='word_1_202' title='bbox 2446 1758 2742 1812; x_wconf 88' lang='lat' dir='ltr'><strong>indicatur.</strong></span> 
     </span>
    </p>
   </div>
   <div class='ocr_carea' id='block_1_32' title="bbox 1971 1847 3475 1918">
    <p class='ocr_par' dir='ltr' id='par_1_32' title="bbox 1971 1847 3475 1918">
     <span class='ocr_line' id='line_1_32' title="bbox 1971 1847 3475 1918; baseline -0.002 -13"><span class='ocrx_word' id='word_1_203' title='bbox 1971 1850 2235 1905; x_wconf 67' lang='lat' dir='ltr'><strong>Praeterea</strong></span> <span class='ocrx_word' id='word_1_204' title='bbox 2294 1851 2512 1905; x_wconf 89' lang='lat' dir='ltr'><strong>cuinam</strong></span> <span class='ocrx_word' id='word_1_205' title='bbox 2562 1864 2808 1918; x_wconf 66' lang='lat' dir='ltr'><strong>personae</strong></span> <span class='ocrx_word' id='word_1_206' title='bbox 2857 1847 3077 1903; x_wconf 77' lang='lat' dir='ltr'><strong>divitem</strong></span> <span class='ocrx_word' id='word_1_207' title='bbox 3148 1848 3324 1911; x_wconf 90' lang='lat' dir='ltr'><strong>illum,</strong></span> <span class='ocrx_word' id='word_1_208' title='bbox 3383 1848 3475 1917; x_wconf 89' lang='lat' dir='ltr'><strong>qui</strong></span> 
     </span>
    </p>
   </div>
   <div class='ocr_carea' id='block_1_33' title="bbox 210 1926 1790 2009">
    <p class='ocr_par' dir='ltr' id='par_1_33' title="bbox 210 1935 1790 2006">
     <span class='ocr_line' id='line_1_33' title="bbox 210 1935 1790 2006; baseline -0.001 -16"><span class='ocrx_word' id='word_1_209' title='bbox 210 1936 501 2006; x_wconf 71' lang='grc' dir='ltr'><strong>οἰκονόμον</strong></span> <span class='ocrx_word' id='word_1_210' title='bbox 522 1935 619 2006; x_wconf 86' lang='grc' dir='ltr'><strong>τῆς</strong></span> <span class='ocrx_word' id='word_1_211' title='bbox 647 1936 826 1999; x_wconf 78' lang='grc' dir='ltr'><strong>οἰκίας</strong></span> <span class='ocrx_word' id='word_1_212' title='bbox 848 1937 1247 2006; x_wconf 82' lang='grc' dir='ltr'><strong>προεστήσατο,</strong></span> <span class='ocrx_word' id='word_1_213' title='bbox 1274 1936 1387 1990; x_wconf 82' lang='grc' dir='ltr'><strong>τίνι</strong></span> <span class='ocrx_word' id='word_1_214' title='bbox 1415 1936 1480 1991; x_wconf 83' lang='grc' dir='ltr'><strong>άν</strong></span> <span class='ocrx_word' id='word_1_215' title='bbox 1508 1953 1591 1999; x_wconf 89' lang='grc' dir='ltr'><strong>τις</strong></span> <span class='ocrx_word' id='word_1_216' title='bbox 1620 1951 1790 2006; x_wconf 77' lang='grc' dir='ltr'><strong>προσ-</strong></span> 
     </span>
    </p>
   </div>
   <div class='ocr_carea' id='block_1_34' title="bbox 1893 1926 3478 2009">
    <p class='ocr_par' dir='ltr' id='par_1_34' title="bbox 1893 1938 3478 2009">
     <span class='ocr_line' id='line_1_34' title="bbox 1893 1938 3478 2009; baseline 0 -16"><span class='ocrx_word' id='word_1_217' title='bbox 1893 1940 2128 1994; x_wconf 88' lang='lat' dir='ltr'><strong>villicum</strong></span> <span class='ocrx_word' id='word_1_218' title='bbox 2170 1938 2512 1995; x_wconf 79' lang='lat' dir='ltr'><strong>diﬂ&#39;autatum</strong></span> <span class='ocrx_word' id='word_1_219' title='bbox 2559 1954 2672 1994; x_wconf 73' lang='lat' dir='ltr'><strong>sua:</strong></span> <span class='ocrx_word' id='word_1_220' title='bbox 2722 1940 2867 1993; x_wconf 89' lang='lat' dir='ltr'><strong>domi</strong></span> <span class='ocrx_word' id='word_1_221' title='bbox 2932 1938 3247 2009; x_wconf 74' lang='lat' dir='ltr'><strong>prad’ectum</strong></span> <span class='ocrx_word' id='word_1_222' title='bbox 3308 1939 3478 1994; x_wconf 75' lang='lat' dir='ltr'><strong>babe-</strong></span> 
     </span>
    </p>
   </div>
   <div class='ocr_carea' id='block_1_35' title="bbox 208 2023 1790 2097">
    <p class='ocr_par' dir='ltr' id='par_1_35' title="bbox 208 2023 1790 2097">
     <span class='ocr_line' id='line_1_35' title="bbox 208 2023 1790 2097; baseline 0 -21"><span class='ocrx_word' id='word_1_223' title='bbox 208 2027 351 2097; x_wconf 81' lang='grc' dir='ltr'><strong>ὡπῳ</strong></span> <span class='ocrx_word' id='word_1_224' title='bbox 380 2025 745 2091; x_wconf 69' lang='grc' dir='ltr'><strong>εξιδιώσαιτος</strong></span> <span class='ocrx_word' id='word_1_225' title='bbox 774 2025 939 2089; x_wconf 80' lang='grc' dir='ltr'><strong>Τίνας</strong></span> <span class='ocrx_word' id='word_1_226' title='bbox 968 2025 1014 2079; x_wconf 82' lang='grc' dir='ltr'><strong>δ’</strong></span> <span class='ocrx_word' id='word_1_227' title='bbox 1038 2023 1105 2079; x_wconf 74' lang='grc' dir='ltr'><strong>ἂν</strong></span> <span class='ocrx_word' id='word_1_228' title='bbox 1135 2025 1276 2079; x_wconf 80' lang='grc' dir='ltr'><strong>εἴποι</strong></span> <span class='ocrx_word' id='word_1_229' title='bbox 1306 2024 1436 2089; x_wconf 76' lang='grc' dir='ltr'><strong>τοὺς</strong></span> <span class='ocrx_word' id='word_1_230' title='bbox 1472 2024 1790 2079; x_wconf 84' lang='grc' dir='ltr'><strong>διαϐάλλον-</strong></span> 
     </span>
    </p>
   </div>
   <div class='ocr_carea' id='block_1_36' title="bbox 208 2112 1788 2185">
    <p class='ocr_par' dir='ltr' id='par_1_36' title="bbox 208 2112 1788 2185">
     <span class='ocr_line' id='line_1_36' title="bbox 208 2112 1788 2185; baseline 0.004 -22"><span class='ocrx_word' id='word_1_231' title='bbox 208 2128 309 2175; x_wconf 84' lang='grc' dir='ltr'><strong>τας</strong></span> <span class='ocrx_word' id='word_1_232' title='bbox 332 2130 348 2178; x_wconf 85' lang='grc'><strong>;</strong></span> <span class='ocrx_word' id='word_1_233' title='bbox 389 2113 453 2167; x_wconf 83' lang='grc' dir='ltr'><strong><em>Ἦ</em></strong></span> <span class='ocrx_word' id='word_1_234' title='bbox 476 2113 532 2167; x_wconf 72' lang='grc' dir='ltr'><strong>δὲ</strong></span> <span class='ocrx_word' id='word_1_235' title='bbox 547 2112 904 2176; x_wconf 76' lang='grc' dir='ltr'><strong>άνταπόδοσις</strong></span> <span class='ocrx_word' id='word_1_236' title='bbox 928 2112 1036 2166; x_wconf 91' lang='grc' dir='ltr'><strong>τῶν</strong></span> <span class='ocrx_word' id='word_1_237' title='bbox 1062 2114 1160 2183; x_wconf 74' lang='grc' dir='ltr'><strong>μὲν</strong></span> <span class='ocrx_word' id='word_1_238' title='bbox 1186 2113 1410 2181; x_wconf 81' lang='grc' dir='ltr'><strong>ἀγαθῶν</strong></span> <span class='ocrx_word' id='word_1_239' title='bbox 1431 2112 1510 2183; x_wconf 88' lang='grc' dir='ltr'>τῷ</span> <span class='ocrx_word' id='word_1_240' title='bbox 1530 2114 1788 2185; x_wconf 76' lang='grc' dir='ltr'><strong>Λαζάρῳ,</strong></span> 
     </span>
    </p>
   </div>
   <div class='ocr_carea' id='block_1_37' title="bbox 207 2203 1789 2276">
    <p class='ocr_par' dir='ltr' id='par_1_37' title="bbox 207 2203 1789 2276">
     <span class='ocr_line' id='line_1_37' title="bbox 207 2203 1789 2276; baseline 0.001 -19"><span class='ocrx_word' id='word_1_241' title='bbox 207 2204 325 2258; x_wconf 90' lang='grc' dir='ltr'><strong>τῶν</strong></span> <span class='ocrx_word' id='word_1_242' title='bbox 352 2204 410 2258; x_wconf 67' lang='grc' dir='ltr'><strong>δὲ</strong></span> <span class='ocrx_word' id='word_1_243' title='bbox 435 2206 670 2260; x_wconf 81' lang='grc' dir='ltr'><strong>ἀνιάτων</strong></span> <span class='ocrx_word' id='word_1_244' title='bbox 692 2204 879 2259; x_wconf 81' lang='grc' dir='ltr'><strong>κακῶν</strong></span> <span class='ocrx_word' id='word_1_245' title='bbox 907 2203 986 2275; x_wconf 81' lang='grc' dir='ltr'><strong>τῷ</strong></span> <span class='ocrx_word' id='word_1_246' title='bbox 1014 2205 1274 2276; x_wconf 81' lang='grc' dir='ltr'><strong>πλουσίῳ,</strong></span> <span class='ocrx_word' id='word_1_247' title='bbox 1308 2205 1425 2268; x_wconf 85' lang='grc' dir='ltr'><strong>πῶς</strong></span> <span class='ocrx_word' id='word_1_248' title='bbox 1457 2205 1525 2259; x_wconf 77' lang='grc' dir='ltr'><strong>ἂν</strong></span> <span class='ocrx_word' id='word_1_249' title='bbox 1575 2204 1661 2275; x_wconf 69' lang='grc' dir='ltr'><strong>εἴη</strong></span> <span class='ocrx_word' id='word_1_250' title='bbox 1695 2221 1789 2273; x_wconf 89' lang='grc' dir='ltr'><strong>γε-</strong></span> 
     </span>
    </p>
   </div>
   <div class='ocr_carea' id='block_1_38' title="bbox 209 2296 1788 2370">
    <p class='ocr_par' dir='ltr' id='par_1_38' title="bbox 209 2296 1788 2370">
     <span class='ocr_line' id='line_1_38' title="bbox 209 2296 1788 2370; baseline 0.002 -21"><span class='ocrx_word' id='word_1_251' title='bbox 209 2296 491 2366; x_wconf 72' lang='grc' dir='ltr'><strong>γενημένη</strong></span> <span class='ocrx_word' id='word_1_252' title='bbox 540 2296 694 2351; x_wconf 77' lang='grc' dir='ltr'><strong>οὔπω</strong></span> <span class='ocrx_word' id='word_1_253' title='bbox 736 2297 838 2367; x_wconf 89' lang='grc' dir='ltr'><strong>τῆς</strong></span> <span class='ocrx_word' id='word_1_254' title='bbox 873 2298 1059 2368; x_wconf 83' lang='grc' dir='ltr'><strong>κοινῆς</strong></span> <span class='ocrx_word' id='word_1_255' title='bbox 1113 2298 1347 2370; x_wconf 88' lang='grc' dir='ltr'><strong>κρίσεως</strong></span> <span class='ocrx_word' id='word_1_256' title='bbox 1404 2296 1788 2369; x_wconf 72' lang='grc' dir='ltr'><strong>συνεστώσηςς</strong></span> 
     </span>
    </p>
   </div>
   <div class='ocr_carea' id='block_1_39' title="bbox 210 2387 1788 2461">
    <p class='ocr_par' dir='ltr' id='par_1_39' title="bbox 210 2387 1788 2461">
     <span class='ocr_line' id='line_1_39' title="bbox 210 2387 1788 2461; baseline 0.002 -21"><span class='ocrx_word' id='word_1_257' title='bbox 210 2388 327 2442; x_wconf 76' lang='grc' dir='ltr'><strong>Καὶ</strong></span> <span class='ocrx_word' id='word_1_258' title='bbox 354 2388 411 2441; x_wconf 88' lang='grc' dir='ltr'><strong>αἱ</strong></span> <span class='ocrx_word' id='word_1_259' title='bbox 446 2387 708 2453; x_wconf 79' lang='grc' dir='ltr'><strong>διαλέξεις</strong></span> <span class='ocrx_word' id='word_1_260' title='bbox 735 2389 813 2452; x_wconf 76' lang='grc' dir='ltr'><strong>δὲ,</strong></span> <span class='ocrx_word' id='word_1_261' title='bbox 840 2387 903 2450; x_wconf 64' lang='grc' dir='ltr'><strong>ἃς</strong></span> <span class='ocrx_word' id='word_1_262' title='bbox 926 2388 1287 2444; x_wconf 79' lang='grc' dir='ltr'><strong>ὑποϐάλλεται</strong></span> <span class='ocrx_word' id='word_1_263' title='bbox 1318 2390 1351 2461; x_wconf 85' lang='grc' dir='ltr'>ἠ</span> <span class='ocrx_word' id='word_1_264' title='bbox 1382 2389 1667 2461; x_wconf 78' lang='grc' dir='ltr'><strong>παραϐολὴ</strong></span> <span class='ocrx_word' id='word_1_265' title='bbox 1692 2389 1788 2443; x_wconf 86' lang='grc' dir='ltr'><strong>τοῦ</strong></span> 
     </span>
    </p>
   </div>
   <div class='ocr_carea' id='block_1_40' title="bbox 221 2478 1792 2553">
    <p class='ocr_par' dir='ltr' id='par_1_40' title="bbox 221 2478 1792 2553">
     <span class='ocr_line' id='line_1_40' title="bbox 221 2478 1792 2553; baseline 0.002 -21"><span class='ocrx_word' id='word_1_266' title='bbox 221 2478 501 2548; x_wconf 54' lang='grc' dir='ltr'><strong>’Λϐραλμ</strong></span> <span class='ocrx_word' id='word_1_267' title='bbox 528 2481 621 2532; x_wconf 69' lang='grc' dir='ltr'><strong>καὶ</strong></span> <span class='ocrx_word' id='word_1_268' title='bbox 671 2478 767 2532; x_wconf 81' lang='grc' dir='ltr'><strong>τοῦ</strong></span> <span class='ocrx_word' id='word_1_269' title='bbox 813 2479 1031 2533; x_wconf 82' lang='grc' dir='ltr'><strong>κολάσει</strong></span> <span class='ocrx_word' id='word_1_270' title='bbox 1081 2480 1630 2553; x_wconf 80' lang='grc' dir='ltr'><strong>καταδεδικασμένου,</strong></span> <span class='ocrx_word' id='word_1_271' title='bbox 1672 2481 1792 2547; x_wconf 86' lang='grc' dir='ltr'><strong>πῶς</strong></span> 
     </span>
    </p>
   </div>
   <div class='ocr_carea' id='block_1_41' title="bbox 211 2570 1788 2644">
    <p class='ocr_par' dir='ltr' id='par_1_41' title="bbox 211 2570 1788 2644">
     <span class='ocr_line' id='line_1_41' title="bbox 211 2570 1788 2644; baseline 0.002 -19"><span class='ocrx_word' id='word_1_272' title='bbox 211 2572 284 2625; x_wconf 80' lang='grc' dir='ltr'><strong>ἂν</strong></span> <span class='ocrx_word' id='word_1_273' title='bbox 309 2572 520 2639; x_wconf 82' lang='grc' dir='ltr'><strong>γένοιτο</strong></span> <span class='ocrx_word' id='word_1_274' title='bbox 549 2570 627 2642; x_wconf 81' lang='grc' dir='ltr'><strong>τῷ</strong></span> <span class='ocrx_word' id='word_1_275' title='bbox 654 2573 755 2643; x_wconf 73' lang='grc' dir='ltr'><strong>μὲν</strong></span> <span class='ocrx_word' id='word_1_276' title='bbox 786 2573 944 2644; x_wconf 71' lang='grc' dir='ltr'><strong>σιγὴν</strong></span> <span class='ocrx_word' id='word_1_277' title='bbox 973 2572 1082 2627; x_wconf 90' lang='grc' dir='ltr'><strong>τῶν</strong></span> <span class='ocrx_word' id='word_1_278' title='bbox 1110 2572 1359 2644; x_wconf 84' lang='grc' dir='ltr'><strong>βασάνων</strong></span> <span class='ocrx_word' id='word_1_279' title='bbox 1382 2576 1788 2630; x_wconf 73' lang='grc' dir='ltr'><strong>ὲπιταττόντων</strong></span> 
     </span>
    </p>
   </div>
   <div class='ocr_carea' id='block_1_42' title="bbox 212 2663 1791 2740">
    <p class='ocr_par' dir='ltr' id='par_1_42' title="bbox 212 2663 1791 2740">
     <span class='ocr_line' id='line_1_42' title="bbox 212 2663 1791 2740; baseline 0.004 -25"><span class='ocrx_word' id='word_1_280' title='bbox 212 2664 334 2729; x_wconf 77' lang='grc' dir='ltr'><strong>(καὶ</strong></span> <span class='ocrx_word' id='word_1_281' title='bbox 373 2663 512 2734; x_wconf 80' lang='grc' dir='ltr'><strong>πλὴν</strong></span> <span class='ocrx_word' id='word_1_282' title='bbox 538 2663 646 2717; x_wconf 87' lang='grc' dir='ltr'><strong>τῶν</strong></span> <span class='ocrx_word' id='word_1_283' title='bbox 682 2664 807 2717; x_wconf 81' lang='grc' dir='ltr'><strong>καθ’</strong></span> <span class='ocrx_word' id='word_1_284' title='bbox 837 2664 1032 2719; x_wconf 78' lang='grc' dir='ltr'><strong>έαυτδν</strong></span> <span class='ocrx_word' id='word_1_285' title='bbox 1062 2666 1389 2737; x_wconf 74' lang='grc' dir='ltr'><strong>στεναγμῶν</strong></span> <span class='ocrx_word' id='word_1_286' title='bbox 1427 2684 1485 2720; x_wconf 86' lang='grc' dir='ltr'><strong>τε</strong></span> <span class='ocrx_word' id='word_1_287' title='bbox 1512 2668 1605 2721; x_wconf 73' lang='grc' dir='ltr'><strong>καὶ</strong></span> <span class='ocrx_word' id='word_1_288' title='bbox 1627 2666 1791 2740; x_wconf 81' lang='grc' dir='ltr'><strong>ὀδυρ-</strong></span> 
     </span>
    </p>
   </div>
   <div class='ocr_carea' id='block_1_43' title="bbox 215 2755 1791 2833">
    <p class='ocr_par' dir='ltr' id='par_1_43' title="bbox 215 2755 1791 2833">
     <span class='ocr_line' id='line_1_43' title="bbox 215 2755 1791 2833; baseline 0.004 -23"><span class='ocrx_word' id='word_1_289' title='bbox 215 2755 339 2827; x_wconf 86' lang='grc' dir='ltr'><strong>μῶν</strong></span> <span class='ocrx_word' id='word_1_290' title='bbox 366 2757 583 2826; x_wconf 80' lang='grc' dir='ltr'><strong>χαλινδν</strong></span> <span class='ocrx_word' id='word_1_291' title='bbox 608 2759 723 2822; x_wconf 77' lang='grc' dir='ltr'><strong>τοῖς</strong></span> <span class='ocrx_word' id='word_1_292' title='bbox 756 2759 935 2821; x_wconf 69' lang='grc' dir='ltr'><strong>ἄλλοις</strong></span> <span class='ocrx_word' id='word_1_293' title='bbox 972 2760 1397 2832; x_wconf 65' lang='grc' dir='ltr'><strong>ἐπιϐαλλόντων)</strong></span> <span class='ocrx_word' id='word_1_294' title='bbox 1424 2776 1437 2790; x_wconf 78' lang='grc'><strong><em>⁸</em></strong></span> <span class='ocrx_word' id='word_1_295' title='bbox 1467 2760 1561 2815; x_wconf 82' lang='grc' dir='ltr'><strong>τοῦ</strong></span> <span class='ocrx_word' id='word_1_296' title='bbox 1594 2762 1652 2816; x_wconf 72' lang='grc' dir='ltr'><strong>δι</strong></span> <span class='ocrx_word' id='word_1_297' title='bbox 1684 2778 1791 2833; x_wconf 91' lang='grc' dir='ltr'><strong>μη-</strong></span> 
     </span>
    </p>
   </div>
   <div class='ocr_carea' id='block_1_44' title="bbox 210 2847 1791 2922">
    <p class='ocr_par' dir='ltr' id='par_1_44' title="bbox 210 2847 1791 2922">
     <span class='ocr_line' id='line_1_44' title="bbox 210 2847 1791 2922; baseline 0.005 -22"><span class='ocrx_word' id='word_1_298' title='bbox 210 2847 333 2900; x_wconf 74' lang='grc' dir='ltr'><strong>κέτι</strong></span> <span class='ocrx_word' id='word_1_299' title='bbox 361 2847 503 2916; x_wconf 78' lang='grc' dir='ltr'><strong>μετὰ</strong></span> <span class='ocrx_word' id='word_1_300' title='bbox 525 2849 624 2919; x_wconf 78' lang='grc' dir='ltr'><strong>τὴν</strong></span> <span class='ocrx_word' id='word_1_301' title='bbox 651 2850 834 2919; x_wconf 86' lang='grc' dir='ltr'><strong>κρίσιν</strong></span> <span class='ocrx_word' id='word_1_302' title='bbox 860 2850 996 2922; x_wconf 83' lang='grc' dir='ltr'><strong>πρὸς</strong></span> <span class='ocrx_word' id='word_1_303' title='bbox 1023 2851 1116 2903; x_wconf 75' lang='grc' dir='ltr'><strong>τὸν</strong></span> <span class='ocrx_word' id='word_1_304' title='bbox 1164 2852 1381 2921; x_wconf 61' lang='grc' dir='ltr'><strong>ἐφάπαξ</strong></span> <span class='ocrx_word' id='word_1_305' title='bbox 1432 2854 1791 2908; x_wconf 85' lang='grc' dir='ltr'><strong>καταδεδικα-</strong></span> 
     </span>
    </p>
   </div>
   <div class='ocr_carea' id='block_1_45' title="bbox 213 2939 1789 3011">
    <p class='ocr_par' dir='ltr' id='par_1_45' title="bbox 213 2939 1789 3011">
     <span class='ocr_line' id='line_1_45' title="bbox 213 2939 1789 3011; baseline 0.004 -20"><span class='ocrx_word' id='word_1_306' title='bbox 213 2940 421 3007; x_wconf 77' lang='grc' dir='ltr'><strong>σμένον</strong></span> <span class='ocrx_word' id='word_1_307' title='bbox 450 2940 917 3011; x_wconf 73' lang='grc' dir='ltr'><strong>ὶπιστρεφομένου</strong></span> <span class='ocrx_word' id='word_1_308' title='bbox 945 2958 960 3009; x_wconf 88' lang='lat'><strong>;</strong></span> <span class='ocrx_word' id='word_1_309' title='bbox 988 2942 1143 2995; x_wconf 80' lang='grc' dir='ltr'><strong>Κατὰ</strong></span> <span class='ocrx_word' id='word_1_310' title='bbox 1173 2944 1264 2996; x_wconf 82' lang='grc' dir='ltr'><strong>τὸν</strong></span> <span class='ocrx_word' id='word_1_311' title='bbox 1290 2942 1454 2997; x_wconf 75' lang='grc' dir='ltr'><strong>αὐτὸν</strong></span> <span class='ocrx_word' id='word_1_312' title='bbox 1484 2939 1577 2998; x_wconf 79' lang='grc' dir='ltr'><strong>οὖν</strong></span> <span class='ocrx_word' id='word_1_313' title='bbox 1599 2944 1789 3009; x_wconf 83' lang='grc' dir='ltr'><strong>τύπον,</strong></span> 
     </span>
    </p>
   </div>
   <div class='ocr_carea' id='block_1_46' title="bbox 210 3032 1791 3109">
    <p class='ocr_par' dir='ltr' id='par_1_46' title="bbox 210 3032 1791 3109">
     <span class='ocr_line' id='line_1_46' title="bbox 210 3032 1791 3109; baseline 0.004 -25"><span class='ocrx_word' id='word_1_314' title='bbox 210 3034 305 3085; x_wconf 78' lang='grc' dir='ltr'><strong>καὶ</strong></span> <span class='ocrx_word' id='word_1_315' title='bbox 352 3032 517 3102; x_wconf 80' lang='grc' dir='ltr'><strong>νόμον</strong></span> <span class='ocrx_word' id='word_1_316' title='bbox 553 3032 674 3086; x_wconf 73' lang='grc' dir='ltr'><strong>οὐδὲ</strong></span> <span class='ocrx_word' id='word_1_317' title='bbox 718 3034 787 3087; x_wconf 86' lang='grc' dir='ltr'><strong>τά</strong></span> <span class='ocrx_word' id='word_1_318' title='bbox 833 3037 898 3105; x_wconf 79' lang='grc' dir='ltr'><strong>τῇ</strong></span> <span class='ocrx_word' id='word_1_319' title='bbox 958 3035 1243 3107; x_wconf 76' lang='grc' dir='ltr'><strong>παραϐολῇ</strong></span> <span class='ocrx_word' id='word_1_320' title='bbox 1300 3036 1489 3090; x_wconf 87' lang='grc' dir='ltr'><strong>παιδία</strong></span> <span class='ocrx_word' id='word_1_321' title='bbox 1538 3037 1791 3109; x_wconf 78' lang='grc' dir='ltr'><strong>ζητήσειε</strong></span> 
     </span>
    </p>
   </div>
   <div class='ocr_carea' id='block_1_47' title="bbox 209 3121 1788 3196">
    <p class='ocr_par' dir='ltr' id='par_1_47' title="bbox 209 3121 1788 3196">
     <span class='ocr_line' id='line_1_47' title="bbox 209 3121 1788 3196; baseline 0.005 -23"><span class='ocrx_word' id='word_1_322' title='bbox 209 3121 751 3191; x_wconf 83' lang='grc' dir='ltr'><strong>περιγεγραμμένων</strong></span> <span class='ocrx_word' id='word_1_323' title='bbox 772 3121 1080 3193; x_wconf 79' lang='grc' dir='ltr'><strong>προσώπων</strong></span> <span class='ocrx_word' id='word_1_324' title='bbox 1098 3124 1463 3193; x_wconf 74' lang='grc' dir='ltr'><strong>ἀπαγγέλλειν</strong></span> <span class='ocrx_word' id='word_1_325' title='bbox 1483 3126 1751 3196; x_wconf 86' lang='grc' dir='ltr'><strong>ίδιότητας</strong></span> <span class='ocrx_word' id='word_1_326' title='bbox 1774 3144 1788 3159; x_wconf 77' lang='grc' dir='ltr'><strong>ο</strong></span> 
     </span>
    </p>
   </div>
   <div class='ocr_carea' id='block_1_48' title="bbox 1892 2031 3477 2103">
    <p class='ocr_par' dir='ltr' id='par_1_48' title="bbox 1892 2031 3477 2103">
     <span class='ocr_line' id='line_1_48' title="bbox 1892 2031 3477 2103; baseline -0.001 -15"><span class='ocrx_word' id='word_1_327' title='bbox 1892 2033 1985 2089; x_wconf 88' lang='lat' dir='ltr'><strong>bat</strong></span> <span class='ocrx_word' id='word_1_328' title='bbox 2014 2033 2080 2097; x_wconf 83' lang='grc'><strong>⁸⁸,</strong></span> <span class='ocrx_word' id='word_1_329' title='bbox 2114 2033 2386 2103; x_wconf 87' lang='lat' dir='ltr'><strong>quispiam</strong></span> <span class='ocrx_word' id='word_1_330' title='bbox 2425 2032 2840 2103; x_wconf 79' lang='lat' dir='ltr'><strong>appropriarit?</strong></span> <span class='ocrx_word' id='word_1_331' title='bbox 2881 2031 3159 2099; x_wconf 87' lang='lat' dir='ltr'><strong>Quosnam</strong></span> <span class='ocrx_word' id='word_1_332' title='bbox 3198 2047 3328 2086; x_wconf 87' lang='lat' dir='ltr'><strong>vero</strong></span> <span class='ocrx_word' id='word_1_333' title='bbox 3352 2046 3477 2087; x_wconf 85' lang='lat' dir='ltr'><strong>esse</strong></span> 
     </span>
    </p>
   </div>
   <div class='ocr_carea' id='block_1_49' title="bbox 1890 2123 3478 2181">
    <p class='ocr_par' dir='ltr' id='par_1_49' title="bbox 1890 2123 3478 2181">
     <span class='ocr_line' id='line_1_49' title="bbox 1890 2123 3478 2181; baseline -0.003 -1"><span class='ocrx_word' id='word_1_334' title='bbox 1890 2124 2088 2181; x_wconf 79' lang='lat' dir='ltr'><strong>dixerit</strong></span> <span class='ocrx_word' id='word_1_335' title='bbox 2112 2125 2257 2181; x_wconf 92' lang='lat' dir='ltr'><strong>illius</strong></span> <span class='ocrx_word' id='word_1_336' title='bbox 2286 2125 2675 2180; x_wconf 81' lang='lat' dir='ltr'><strong>accusatores?</strong></span> <span class='ocrx_word' id='word_1_337' title='bbox 2712 2123 2880 2178; x_wconf 86' lang='lat' dir='ltr'><strong>Porro</strong></span> <span class='ocrx_word' id='word_1_338' title='bbox 2920 2123 3207 2179; x_wconf 86' lang='lat' dir='ltr'><strong>retributio</strong></span> <span class='ocrx_word' id='word_1_339' title='bbox 3252 2123 3478 2179; x_wconf 74' lang='lat' dir='ltr'><strong>(elicita-</strong></span> 
     </span>
    </p>
   </div>
   <div class='ocr_carea' id='block_1_50' title="bbox 1894 2214 3474 2280">
    <p class='ocr_par' dir='ltr' id='par_1_50' title="bbox 1894 2214 3474 2280">
     <span class='ocr_line' id='line_1_50' title="bbox 1894 2214 3474 2280; baseline -0.003 -9"><span class='ocrx_word' id='word_1_340' title='bbox 1894 2217 1963 2271; x_wconf 88' lang='lat' dir='ltr'><strong>tis</strong></span> <span class='ocrx_word' id='word_1_341' title='bbox 1996 2215 2222 2280; x_wconf 79' lang='lat' dir='ltr'><strong>Lazaro,</strong></span> <span class='ocrx_word' id='word_1_342' title='bbox 2263 2225 2317 2271; x_wconf 92' lang='lat' dir='ltr'><strong>et</strong></span> <span class='ocrx_word' id='word_1_343' title='bbox 2346 2215 2732 2270; x_wconf 83' lang='lat' dir='ltr'><strong>insanabilium</strong></span> <span class='ocrx_word' id='word_1_344' title='bbox 2785 2229 3153 2270; x_wconf 72' lang='lat' dir='ltr'><strong>aerumnarum</strong></span> <span class='ocrx_word' id='word_1_345' title='bbox 3208 2215 3361 2269; x_wconf 85' lang='lat' dir='ltr'><strong>diviti</strong></span> <span class='ocrx_word' id='word_1_346' title='bbox 3397 2214 3474 2277; x_wconf 81' lang='lat'><strong>“,</strong></span> 
     </span>
    </p>
   </div>
   <div class='ocr_carea' id='block_1_51' title="bbox 1892 2306 3475 2379">
    <p class='ocr_par' dir='ltr' id='par_1_51' title="bbox 1892 2306 3475 2379">
     <span class='ocr_line' id='line_1_51' title="bbox 1892 2306 3475 2379; baseline -0.001 -17"><span class='ocrx_word' id='word_1_347' title='bbox 1892 2307 2166 2379; x_wconf 91' lang='lat' dir='ltr'><strong>quomodo</strong></span> <span class='ocrx_word' id='word_1_348' title='bbox 2190 2306 2332 2361; x_wconf 79' lang='lat' dir='ltr'><strong>facta</strong></span> <span class='ocrx_word' id='word_1_349' title='bbox 2382 2321 2504 2363; x_wconf 85' lang='lat' dir='ltr'><strong>esse</strong></span> <span class='ocrx_word' id='word_1_350' title='bbox 2557 2307 2775 2376; x_wconf 91' lang='lat' dir='ltr'><strong>poterit,</strong></span> <span class='ocrx_word' id='word_1_351' title='bbox 2831 2322 2956 2362; x_wconf 91' lang='lat' dir='ltr'><strong>cum</strong></span> <span class='ocrx_word' id='word_1_352' title='bbox 3018 2306 3475 2377; x_wconf 84' lang='lat' dir='ltr'><strong>communejndi-</strong></span> 
     </span>
    </p>
   </div>
   <div class='ocr_carea' id='block_1_52' title="bbox 1890 2392 3475 2458">
    <p class='ocr_par' dir='ltr' id='par_1_52' title="bbox 1890 2392 3475 2458">
     <span class='ocr_line' id='line_1_52' title="bbox 1890 2392 3475 2458; baseline -0.001 -8"><span class='ocrx_word' id='word_1_353' title='bbox 1890 2394 2035 2450; x_wconf 89' lang='lat' dir='ltr'><strong>cium</strong></span> <span class='ocrx_word' id='word_1_354' title='bbox 2068 2395 2309 2449; x_wconf 89' lang='lat' dir='ltr'><strong>nondum</strong></span> <span class='ocrx_word' id='word_1_355' title='bbox 2341 2392 2625 2449; x_wconf 91' lang='lat' dir='ltr'><strong>advenerit</strong></span> <span class='ocrx_word' id='word_1_356' title='bbox 2657 2393 2677 2446; x_wconf 79' lang='lat'>!</span> <span class='ocrx_word' id='word_1_357' title='bbox 2707 2392 2941 2450; x_wconf 78' lang='lat' dir='ltr'><strong>Abraha:</strong></span> <span class='ocrx_word' id='word_1_358' title='bbox 2974 2409 3123 2458; x_wconf 87' lang='lat' dir='ltr'><strong>vero,</strong></span> <span class='ocrx_word' id='word_1_359' title='bbox 3147 2404 3202 2450; x_wconf 88' lang='lat' dir='ltr'><strong>et</strong></span> <span class='ocrx_word' id='word_1_360' title='bbox 3238 2396 3475 2449; x_wconf 84' lang='lat' dir='ltr'><strong>hominis</strong></span> 
     </span>
    </p>
   </div>
   <div class='ocr_carea' id='block_1_53' title="bbox 1892 2484 3473 2555">
    <p class='ocr_par' dir='ltr' id='par_1_53' title="bbox 1892 2484 3473 2555">
     <span class='ocr_line' id='line_1_53' title="bbox 1892 2484 3473 2555; baseline 0 -16"><span class='ocrx_word' id='word_1_361' title='bbox 1892 2484 2159 2555; x_wconf 88' lang='lat' dir='ltr'><strong>supplicio</strong></span> <span class='ocrx_word' id='word_1_362' title='bbox 2190 2484 2390 2540; x_wconf 84' lang='lat' dir='ltr'><strong>addicti</strong></span> <span class='ocrx_word' id='word_1_363' title='bbox 2415 2484 2708 2554; x_wconf 86' lang='lat' dir='ltr'><strong>colloquia,</strong></span> <span class='ocrx_word' id='word_1_364' title='bbox 2737 2499 2859 2555; x_wconf 71' lang='lat' dir='ltr'><strong>quae</strong></span> <span class='ocrx_word' id='word_1_365' title='bbox 2882 2484 3106 2553; x_wconf 74' lang='lat' dir='ltr'><strong>subiicit</strong></span> <span class='ocrx_word' id='word_1_366' title='bbox 3130 2484 3385 2554; x_wconf 88' lang='lat' dir='ltr'><strong>parabola</strong></span> <span class='ocrx_word' id='word_1_367' title='bbox 3403 2484 3473 2551; x_wconf 82' lang='grc'><strong>⁸⁷,</strong></span> 
     </span>
    </p>
   </div>
   <div class='ocr_carea' id='block_1_54' title="bbox 1891 2576 3474 2649">
    <p class='ocr_par' dir='ltr' id='par_1_54' title="bbox 1891 2576 3474 2649">
     <span class='ocr_line' id='line_1_54' title="bbox 1891 2576 3474 2649; baseline 0.001 -22"><span class='ocrx_word' id='word_1_368' title='bbox 1891 2577 2165 2647; x_wconf 80' lang='lat' dir='ltr'><strong>quomodo</strong></span> <span class='ocrx_word' id='word_1_369' title='bbox 2217 2577 2622 2649; x_wconf 89' lang='lat' dir='ltr'><strong>contingebant,</strong></span> <span class='ocrx_word' id='word_1_370' title='bbox 2689 2576 2821 2631; x_wconf 89' lang='lat' dir='ltr'><strong>dum</strong></span> <span class='ocrx_word' id='word_1_371' title='bbox 2859 2576 3014 2631; x_wconf 83' lang='lat' dir='ltr'><strong>diviti</strong></span> <span class='ocrx_word' id='word_1_372' title='bbox 3068 2577 3340 2631; x_wconf 83' lang='lat' dir='ltr'><strong>silentium</strong></span> <span class='ocrx_word' id='word_1_373' title='bbox 3371 2577 3474 2630; x_wconf 90' lang='lat' dir='ltr'><strong>im—</strong></span> 
     </span>
    </p>
   </div>
   <div class='ocr_carea' id='block_1_55' title="bbox 1893 2671 3479 2745">
    <p class='ocr_par' dir='ltr' id='par_1_55' title="bbox 1893 2671 3479 2745">
     <span class='ocr_line' id='line_1_55' title="bbox 1893 2671 3479 2745; baseline 0 -20"><span class='ocrx_word' id='word_1_374' title='bbox 1893 2673 2166 2745; x_wconf 81' lang='lat' dir='ltr'><strong>pnnebaut</strong></span> <span class='ocrx_word' id='word_1_375' title='bbox 2215 2681 2482 2729; x_wconf 87' lang='lat' dir='ltr'><strong>tormenta</strong></span> <span class='ocrx_word' id='word_1_376' title='bbox 2533 2672 2855 2743; x_wconf 86' lang='lat' dir='ltr'><strong>(etquidem</strong></span> <span class='ocrx_word' id='word_1_377' title='bbox 2898 2672 3001 2744; x_wconf 88' lang='lat' dir='ltr'><strong>ipsi</strong></span> <span class='ocrx_word' id='word_1_378' title='bbox 3047 2671 3167 2742; x_wconf 82' lang='lat' dir='ltr'><strong>ejus</strong></span> <span class='ocrx_word' id='word_1_379' title='bbox 3217 2671 3479 2743; x_wconf 75' lang='lat' dir='ltr'><strong>gemitus,</strong></span> 
     </span>
    </p>
   </div>
   <div class='ocr_carea' id='block_1_56' title="bbox 1893 2763 3479 2836">
    <p class='ocr_par' dir='ltr' id='par_1_56' title="bbox 1893 2763 3479 2836">
     <span class='ocr_line' id='line_1_56' title="bbox 1893 2763 3479 2836; baseline -0.004 -13"><span class='ocrx_word' id='word_1_380' title='bbox 1893 2777 1945 2823; x_wconf 92' lang='lat' dir='ltr'><strong>ct</strong></span> <span class='ocrx_word' id='word_1_381' title='bbox 1984 2766 2231 2836; x_wconf 89' lang='lat' dir='ltr'><strong>ploratus</strong></span> <span class='ocrx_word' id='word_1_382' title='bbox 2259 2764 2382 2822; x_wconf 91' lang='lat' dir='ltr'><strong>aliis</strong></span> <span class='ocrx_word' id='word_1_383' title='bbox 2416 2765 2647 2822; x_wconf 85' lang='lat' dir='ltr'><strong>vocibus</strong></span> <span class='ocrx_word' id='word_1_384' title='bbox 2677 2764 2892 2820; x_wconf 79' lang='lat' dir='ltr'><strong>frenum</strong></span> <span class='ocrx_word' id='word_1_385' title='bbox 2946 2763 3326 2834; x_wconf 84' lang='lat' dir='ltr'><strong>iujiciebaut);</strong></span> <span class='ocrx_word' id='word_1_386' title='bbox 3373 2763 3479 2817; x_wconf 81' lang='lat' dir='ltr'><strong>La-</strong></span> 
     </span>
    </p>
   </div>
   <div class='ocr_carea' id='block_1_57' title="bbox 1894 2855 3475 2929">
    <p class='ocr_par' dir='ltr' id='par_1_57' title="bbox 1894 2855 3475 2929">
     <span class='ocr_line' id='line_1_57' title="bbox 1894 2855 3475 2929; baseline -0.004 -15"><span class='ocrx_word' id='word_1_387' title='bbox 1894 2874 2055 2915; x_wconf 80' lang='lat' dir='ltr'><strong>zarus</strong></span> <span class='ocrx_word' id='word_1_388' title='bbox 2090 2872 2219 2913; x_wconf 89' lang='lat' dir='ltr'><strong>vero</strong></span> <span class='ocrx_word' id='word_1_389' title='bbox 2272 2856 2482 2912; x_wconf 84' lang='lat' dir='ltr'><strong>homini</strong></span> <span class='ocrx_word' id='word_1_390' title='bbox 2528 2858 2643 2929; x_wconf 75' lang='lat' dir='ltr'><strong>jam</strong></span> <span class='ocrx_word' id='word_1_391' title='bbox 2691 2856 2862 2911; x_wconf 80' lang='lat' dir='ltr'><strong>semel</strong></span> <span class='ocrx_word' id='word_1_392' title='bbox 2918 2856 3280 2911; x_wconf 89' lang='lat' dir='ltr'><strong>condemnato</strong></span> <span class='ocrx_word' id='word_1_393' title='bbox 3312 2855 3475 2910; x_wconf 70' lang='lat' dir='ltr'><strong>Verba</strong></span> 
     </span>
    </p>
   </div>
   <div class='ocr_carea' id='block_1_58' title="bbox 1892 2947 3475 3022">
    <p class='ocr_par' dir='ltr' id='par_1_58' title="bbox 1892 2947 3475 3022">
     <span class='ocr_line' id='line_1_58' title="bbox 1892 2947 3475 3022; baseline -0.006 -13"><span class='ocrx_word' id='word_1_394' title='bbox 1892 2954 2128 3022; x_wconf 81' lang='lat' dir='ltr'><strong>dirigere</strong></span> <span class='ocrx_word' id='word_1_395' title='bbox 2154 2966 2261 3007; x_wconf 88' lang='lat' dir='ltr'><strong>non</strong></span> <span class='ocrx_word' id='word_1_396' title='bbox 2292 2951 2544 3007; x_wconf 83' lang='lat' dir='ltr'><strong>debebat.</strong></span> <span class='ocrx_word' id='word_1_397' title='bbox 2594 2948 2802 3007; x_wconf 81' lang='lat' dir='ltr'><strong>Eodem</strong></span> <span class='ocrx_word' id='word_1_398' title='bbox 2827 2951 3009 3020; x_wconf 87' lang='lat' dir='ltr'><strong>itaque</strong></span> <span class='ocrx_word' id='word_1_399' title='bbox 3037 2957 3215 3019; x_wconf 82' lang='lat' dir='ltr'><strong>pacto,</strong></span> <span class='ocrx_word' id='word_1_400' title='bbox 3255 2947 3475 3002; x_wconf 85' lang='lat' dir='ltr'><strong>eadem-</strong></span> 
     </span>
    </p>
   </div>
   <div class='ocr_carea' id='block_1_59' title="bbox 1892 3035 3470 3111">
    <p class='ocr_par' dir='ltr' id='par_1_59' title="bbox 1892 3035 3470 3111">
     <span class='ocr_line' id='line_1_59' title="bbox 1892 3035 3470 3111; baseline -0.005 -16"><span class='ocrx_word' id='word_1_401' title='bbox 1892 3055 2000 3111; x_wconf 89' lang='lat' dir='ltr'><strong>que</strong></span> <span class='ocrx_word' id='word_1_402' title='bbox 2025 3039 2141 3110; x_wconf 86' lang='lat' dir='ltr'><strong>lege</strong></span> <span class='ocrx_word' id='word_1_403' title='bbox 2174 3053 2272 3094; x_wconf 86' lang='lat' dir='ltr'><strong>nec</strong></span> <span class='ocrx_word' id='word_1_404' title='bbox 2293 3039 2447 3109; x_wconf 90' lang='lat' dir='ltr'><strong>pueri</strong></span> <span class='ocrx_word' id='word_1_405' title='bbox 2478 3038 2531 3093; x_wconf 91' lang='lat' dir='ltr'><strong>in</strong></span> <span class='ocrx_word' id='word_1_406' title='bbox 2570 3049 2758 3093; x_wconf 90' lang='lat' dir='ltr'><strong>nostra</strong></span> <span class='ocrx_word' id='word_1_407' title='bbox 2786 3036 3049 3108; x_wconf 84' lang='lat' dir='ltr'><strong>parabola</strong></span> <span class='ocrx_word' id='word_1_408' title='bbox 3086 3035 3470 3105; x_wconf 67' lang='lat' dir='ltr'><strong>proprietatem</strong></span> 
     </span>
    </p>
   </div>
   <div class='ocr_carea' id='block_1_60' title="bbox 1893 3125 3473 3201">
    <p class='ocr_par' dir='ltr' id='par_1_60' title="bbox 1893 3125 3473 3201">
     <span class='ocr_line' id='line_1_60' title="bbox 1893 3125 3473 3201; baseline -0.003 -17"><span class='ocrx_word' id='word_1_409' title='bbox 1893 3130 2249 3201; x_wconf 83' lang='lat' dir='ltr'><strong>peculiarium</strong></span> <span class='ocrx_word' id='word_1_410' title='bbox 2306 3144 2665 3200; x_wconf 82' lang='lat' dir='ltr'><strong>personarum</strong></span> <span class='ocrx_word' id='word_1_411' title='bbox 2730 3126 3107 3198; x_wconf 88' lang='lat' dir='ltr'><strong>poteruntsibi</strong></span> <span class='ocrx_word' id='word_1_412' title='bbox 3146 3125 3419 3179; x_wconf 88' lang='lat' dir='ltr'><strong>vindicare</strong></span> <span class='ocrx_word' id='word_1_413' title='bbox 3454 3142 3473 3179; x_wconf 87' lang='lat'><strong>:</strong></span> 
     </span>
    </p>
   </div>
   <div class='ocr_carea' id='block_1_61' title="bbox 209 3213 1790 3316">
    <p class='ocr_par' dir='ltr' id='par_1_61' title="bbox 209 3213 1790 3289">
     <span class='ocr_line' id='line_1_61' title="bbox 209 3213 1790 3289; baseline 0.004 -22"><span class='ocrx_word' id='word_1_414' title='bbox 209 3213 349 3267; x_wconf 72' lang='grc' dir='ltr'><strong>ἀλλά</strong></span> <span class='ocrx_word' id='word_1_415' title='bbox 377 3213 487 3284; x_wconf 72' lang='grc' dir='ltr'><strong>γὰρ</strong></span> <span class='ocrx_word' id='word_1_416' title='bbox 511 3213 598 3268; x_wconf 77' lang='grc' dir='ltr'><strong>διά</strong></span> <span class='ocrx_word' id='word_1_417' title='bbox 626 3213 736 3267; x_wconf 90' lang='grc' dir='ltr'><strong>τῶν</strong></span> <span class='ocrx_word' id='word_1_418' title='bbox 778 3214 880 3285; x_wconf 89' lang='grc' dir='ltr'><strong>τῆς</strong></span> <span class='ocrx_word' id='word_1_419' title='bbox 938 3216 1254 3289; x_wconf 86' lang='grc' dir='ltr'><strong>κοινοτέρας</strong></span> <span class='ocrx_word' id='word_1_420' title='bbox 1313 3218 1497 3287; x_wconf 80' lang='grc' dir='ltr'><strong>φωνῆς</strong></span> <span class='ocrx_word' id='word_1_421' title='bbox 1566 3218 1790 3289; x_wconf 73' lang='grc' dir='ltr'><strong>ἰδιωμά-</strong></span> 
     </span>
    </p>
   </div>
   <div class='ocr_carea' id='block_1_62' title="bbox 1893 3213 3473 3316">
    <p class='ocr_par' dir='ltr' id='par_1_62' title="bbox 1895 3217 3473 3294">
     <span class='ocr_line' id='line_1_62' title="bbox 1895 3217 3473 3294; baseline -0.006 -14"><span class='ocrx_word' id='word_1_422' title='bbox 1895 3234 1949 3280; x_wconf 83' lang='lat' dir='ltr'><strong>at</strong></span> <span class='ocrx_word' id='word_1_423' title='bbox 1975 3225 2137 3280; x_wconf 88' lang='lat' dir='ltr'><strong>etiam</strong></span> <span class='ocrx_word' id='word_1_424' title='bbox 2166 3238 2263 3294; x_wconf 81' lang='lat' dir='ltr'><strong>pro</strong></span> <span class='ocrx_word' id='word_1_425' title='bbox 2300 3221 2551 3278; x_wconf 86' lang='lat' dir='ltr'><strong>vocabuli</strong></span> <span class='ocrx_word' id='word_1_426' title='bbox 2572 3220 2802 3277; x_wconf 91' lang='lat' dir='ltr'><strong>notioris</strong></span> <span class='ocrx_word' id='word_1_427' title='bbox 2820 3218 3250 3291; x_wconf 83' lang='lat' dir='ltr'><strong>proprietatibus</strong></span> <span class='ocrx_word' id='word_1_428' title='bbox 3278 3217 3331 3270; x_wconf 90' lang='lat' dir='ltr'><strong>in</strong></span> <span class='ocrx_word' id='word_1_429' title='bbox 3360 3231 3473 3270; x_wconf 82' lang='lat' dir='ltr'><strong>nte-</strong></span> 
     </span>
    </p>
   </div>
   <div class='ocr_carea' id='block_1_63' title="bbox 206 3304 1791 3381">
    <p class='ocr_par' dir='ltr' id='par_1_63' title="bbox 206 3304 1791 3381">
     <span class='ocr_line' id='line_1_63' title="bbox 206 3304 1791 3381; baseline 0.003 -24"><span class='ocrx_word' id='word_1_430' title='bbox 206 3322 319 3357; x_wconf 85' lang='grc' dir='ltr'><strong>των</strong></span> <span class='ocrx_word' id='word_1_431' title='bbox 346 3305 442 3358; x_wconf 75' lang='grc' dir='ltr'><strong>καὶ</strong></span> <span class='ocrx_word' id='word_1_432' title='bbox 484 3304 613 3377; x_wconf 76' lang='grc' dir='ltr'><strong>περὶ</strong></span> <span class='ocrx_word' id='word_1_433' title='bbox 680 3305 783 3377; x_wconf 83' lang='grc' dir='ltr'><strong>τῆς</strong></span> <span class='ocrx_word' id='word_1_434' title='bbox 838 3308 1212 3378; x_wconf 80' lang='grc' dir='ltr'><strong>προκειμένης</strong></span> <span class='ocrx_word' id='word_1_435' title='bbox 1255 3308 1573 3381; x_wconf 82' lang='grc' dir='ltr'><strong>παραϐολῆς</strong></span> <span class='ocrx_word' id='word_1_436' title='bbox 1627 3310 1791 3364; x_wconf 72' lang='grc' dir='ltr'><strong>ἐπέλ-</strong></span> 
     </span>
    </p>
   </div>
   <div class='ocr_carea' id='block_1_64' title="bbox 209 3396 315 3449">
    <p class='ocr_par' dir='ltr' id='par_1_64' title="bbox 209 3396 315 3449">
     <span class='ocr_line' id='line_1_64' title="bbox 209 3396 315 3449; baseline -0.009 0"><span class='ocrx_word' id='word_1_437' title='bbox 209 3396 315 3449; x_wconf 85' lang='grc' dir='ltr'><strong>θοι.</strong></span> 
     </span>
    </p>
   </div>
   <div class='ocr_carea' id='block_1_65' title="bbox 282 3486 1793 3562">
    <p class='ocr_par' dir='ltr' id='par_1_65' title="bbox 282 3486 1793 3562">
     <span class='ocr_line' id='line_1_65' title="bbox 282 3486 1793 3562; baseline 0.006 -23"><span class='ocrx_word' id='word_1_438' title='bbox 282 3486 395 3539; x_wconf 76' lang='grc' dir='ltr'><strong>Καὶ</strong></span> <span class='ocrx_word' id='word_1_439' title='bbox 421 3486 732 3557; x_wconf 76' lang='grc' dir='ltr'><strong>ὁμοιώσεως</strong></span> <span class='ocrx_word' id='word_1_440' title='bbox 760 3487 935 3542; x_wconf 82' lang='grc' dir='ltr'><strong>ταῦτα</strong></span> <span class='ocrx_word' id='word_1_441' title='bbox 973 3488 1039 3543; x_wconf 79' lang='grc' dir='ltr'><strong>άν</strong></span> <span class='ocrx_word' id='word_1_442' title='bbox 1082 3488 1168 3561; x_wconf 82' lang='grc' dir='ltr'><strong>εἴη</strong></span> <span class='ocrx_word' id='word_1_443' title='bbox 1196 3506 1209 3519; x_wconf 90' lang='grc'><strong>·</strong></span> <span class='ocrx_word' id='word_1_444' title='bbox 1239 3489 1363 3544; x_wconf 66' lang='grc' dir='ltr'><strong>ἐπεὶ</strong></span> <span class='ocrx_word' id='word_1_445' title='bbox 1401 3490 1461 3544; x_wconf 84' lang='grc' dir='ltr'><strong>τό</strong></span> <span class='ocrx_word' id='word_1_446' title='bbox 1503 3506 1567 3559; x_wconf 80' lang='grc' dir='ltr'><strong>γε</strong></span> <span class='ocrx_word' id='word_1_447' title='bbox 1616 3494 1793 3562; x_wconf 87' lang='grc' dir='ltr'><strong>αίνιγ-</strong></span> 
     </span>
    </p>
   </div>
   <div class='ocr_carea' id='block_1_66' title="bbox 213 3570 1790 3652">
    <p class='ocr_par' dir='ltr' id='par_1_66' title="bbox 213 3570 1790 3652">
     <span class='ocr_line' id='line_1_66' title="bbox 213 3570 1790 3652; baseline 0.003 -24"><span class='ocrx_word' id='word_1_448' title='bbox 213 3576 447 3643; x_wconf 82' lang='grc' dir='ltr'><strong>ματικδν</strong></span> <span class='ocrx_word' id='word_1_449' title='bbox 498 3570 636 3639; x_wconf 81' lang='grc' dir='ltr'><strong>είδος</strong></span> <span class='ocrx_word' id='word_1_450' title='bbox 688 3576 859 3645; x_wconf 82' lang='grc' dir='ltr'><strong>αὐτῆς</strong></span> <span class='ocrx_word' id='word_1_451' title='bbox 881 3616 895 3640; x_wconf 90' lang='grc'><strong>,</strong></span> <span class='ocrx_word' id='word_1_452' title='bbox 925 3576 1049 3630; x_wconf 85' lang='grc' dir='ltr'><strong>καθ’</strong></span> <span class='ocrx_word' id='word_1_453' title='bbox 1080 3576 1108 3630; x_wconf 88' lang='grc' dir='ltr'><strong>δ</strong></span> <span class='ocrx_word' id='word_1_454' title='bbox 1140 3578 1290 3649; x_wconf 73' lang='grc' dir='ltr'><strong>καὶὴ</strong></span> <span class='ocrx_word' id='word_1_455' title='bbox 1338 3577 1436 3632; x_wconf 83' lang='grc' dir='ltr'><strong>νῦν</strong></span> <span class='ocrx_word' id='word_1_456' title='bbox 1489 3577 1790 3652; x_wconf 69' lang='grc' dir='ltr'><strong>ιταζομένη</strong></span> 
     </span>
    </p>
   </div>
   <div class='ocr_carea' id='block_1_67' title="bbox 209 3667 1791 3739">
    <p class='ocr_par' dir='ltr' id='par_1_67' title="bbox 209 3667 1791 3739">
     <span class='ocr_line' id='line_1_67' title="bbox 209 3667 1791 3739; baseline 0.004 -20"><span class='ocrx_word' id='word_1_457' title='bbox 209 3667 647 3738; x_wconf 79' lang='grc' dir='ltr'><strong>προενήνεκται,</strong></span> <span class='ocrx_word' id='word_1_458' title='bbox 696 3667 791 3722; x_wconf 74' lang='grc' dir='ltr'><strong>καὶ</strong></span> <span class='ocrx_word' id='word_1_459' title='bbox 832 3667 1048 3739; x_wconf 81' lang='grc' dir='ltr'><strong>ἑτέραις</strong></span> <span class='ocrx_word' id='word_1_460' title='bbox 1110 3668 1415 3738; x_wconf 83' lang='grc' dir='ltr'><strong>περινοίαις</strong></span> <span class='ocrx_word' id='word_1_461' title='bbox 1473 3670 1566 3724; x_wconf 84' lang='grc' dir='ltr'><strong>τδν</strong></span> <span class='ocrx_word' id='word_1_462' title='bbox 1621 3671 1791 3725; x_wconf 80' lang='grc' dir='ltr'><strong>πολὺν</strong></span> 
     </span>
    </p>
   </div>
   <div class='ocr_carea' id='block_1_68' title="bbox 210 3760 1795 3833">
    <p class='ocr_par' dir='ltr' id='par_1_68' title="bbox 210 3760 1795 3833">
     <span class='ocr_line' id='line_1_68' title="bbox 210 3760 1795 3833; baseline 0.003 -21"><span class='ocrx_word' id='word_1_463' title='bbox 210 3762 490 3833; x_wconf 78' lang='grc' dir='ltr'><strong>ἀκροατὴν</strong></span> <span class='ocrx_word' id='word_1_464' title='bbox 568 3760 628 3813; x_wconf 89' lang='grc' dir='ltr'><strong>ού</strong></span> <span class='ocrx_word' id='word_1_465' title='bbox 678 3760 1149 3832; x_wconf 84' lang='grc' dir='ltr'><strong>παραδεχομέναις</strong></span> <span class='ocrx_word' id='word_1_466' title='bbox 1216 3761 1640 3833; x_wconf 82' lang='grc' dir='ltr'><strong>θαλαμεύεσθαι.</strong></span> <span class='ocrx_word' id='word_1_467' title='bbox 1683 3762 1795 3818; x_wconf 75' lang='grc' dir='ltr'><strong>Καὶ</strong></span> 
     </span>
    </p>
   </div>
   <div class='ocr_carea' id='block_1_69' title="bbox 210 3851 1790 3925">
    <p class='ocr_par' dir='ltr' id='par_1_69' title="bbox 210 3851 1790 3925">
     <span class='ocr_line' id='line_1_69' title="bbox 210 3851 1790 3925; baseline 0.003 -22"><span class='ocrx_word' id='word_1_468' title='bbox 210 3852 373 3905; x_wconf 83' lang='grc' dir='ltr'><strong>τοῦτο</strong></span> <span class='ocrx_word' id='word_1_469' title='bbox 396 3851 528 3924; x_wconf 83' lang='grc' dir='ltr'><strong>άρα,</strong></span> <span class='ocrx_word' id='word_1_470' title='bbox 558 3853 654 3906; x_wconf 80' lang='grc' dir='ltr'><strong>καὶ</strong></span> <span class='ocrx_word' id='word_1_471' title='bbox 688 3852 718 3905; x_wconf 80' lang='grc' dir='ltr'><strong>δ</strong></span> <span class='ocrx_word' id='word_1_472' title='bbox 760 3852 1033 3923; x_wconf 80' lang='grc' dir='ltr'><strong>Σωτήριος</strong></span> <span class='ocrx_word' id='word_1_473' title='bbox 1052 3851 1208 3920; x_wconf 81' lang='grc' dir='ltr'><strong>λόγος</strong></span> <span class='ocrx_word' id='word_1_474' title='bbox 1248 3853 1790 3925; x_wconf 76' lang='grc' dir='ltr'><strong>ὑποσημαινόμενοςο</strong></span> 
     </span>
    </p>
   </div>
   <div class='ocr_carea' id='block_1_70' title="bbox 220 3943 1793 4017">
    <p class='ocr_par' dir='ltr' id='par_1_70' title="bbox 220 3943 1793 4017">
     <span class='ocr_line' id='line_1_70' title="bbox 220 3943 1793 4017; baseline 0.003 -21"><span class='ocrx_word' id='word_1_475' title='bbox 220 3966 237 3996; x_wconf 81' lang='grc' dir='ltr'><strong>ι</strong></span> <span class='ocrx_word' id='word_1_476' title='bbox 281 3946 465 4015; x_wconf 80' lang='grc' dir='ltr'><strong>Ὑμῖν,</strong></span> <span class='ocrx_word' id='word_1_477' title='bbox 512 3962 533 3997; x_wconf 71' lang='grc' dir='ltr'><strong>ε</strong></span> <span class='ocrx_word' id='word_1_478' title='bbox 564 3944 717 4012; x_wconf 68' lang='grc' dir='ltr'><strong>ἔλεγε</strong></span> <span class='ocrx_word' id='word_1_479' title='bbox 751 3943 889 4015; x_wconf 74' lang='grc' dir='ltr'><strong>πρὸς</strong></span> <span class='ocrx_word' id='word_1_480' title='bbox 915 3948 1041 4008; x_wconf 87' lang='grc' dir='ltr'><strong>τοὺς</strong></span> <span class='ocrx_word' id='word_1_481' title='bbox 1066 3945 1335 4017; x_wconf 76' lang='grc' dir='ltr'><strong>μαθητὰς,</strong></span> <span class='ocrx_word' id='word_1_482' title='bbox 1366 3965 1383 3997; x_wconf 86' lang='grc' dir='ltr'><strong>ι</strong></span> <span class='ocrx_word' id='word_1_483' title='bbox 1412 3944 1622 4001; x_wconf 78' lang='grc' dir='ltr'><strong>δέδοται</strong></span> <span class='ocrx_word' id='word_1_484' title='bbox 1652 3946 1793 4016; x_wconf 77' lang='grc' dir='ltr'><strong>γνῶο</strong></span> 
     </span>
    </p>
   </div>
   <div class='ocr_carea' id='block_1_71' title="bbox 224 4037 1790 4109">
    <p class='ocr_par' dir='ltr' id='par_1_71' title="bbox 224 4037 1790 4109">
     <span class='ocr_line' id='line_1_71' title="bbox 224 4037 1790 4109; baseline 0 -19"><span class='ocrx_word' id='word_1_485' title='bbox 224 4056 305 4091; x_wconf 60' lang='grc' dir='ltr'><strong>θαι</strong></span> <span class='ocrx_word' id='word_1_486' title='bbox 356 4038 427 4092; x_wconf 82' lang='grc' dir='ltr'><strong>τά</strong></span> <span class='ocrx_word' id='word_1_487' title='bbox 476 4038 781 4107; x_wconf 84' lang='grc' dir='ltr'><strong>μυστήρια,</strong></span> <span class='ocrx_word' id='word_1_488' title='bbox 821 4037 1049 4100; x_wconf 72' lang='grc' dir='ltr'><strong>έκείνοις</strong></span> <span class='ocrx_word' id='word_1_489' title='bbox 1089 4038 1146 4092; x_wconf 70' lang='grc' dir='ltr'><strong>δὲ</strong></span> <span class='ocrx_word' id='word_1_490' title='bbox 1173 4038 1231 4091; x_wconf 68' lang='grc' dir='ltr'><strong>ὲν</strong></span> <span class='ocrx_word' id='word_1_491' title='bbox 1262 4037 1625 4108; x_wconf 80' lang='grc' dir='ltr'><strong>παραϐολαῖς,</strong></span> <span class='ocrx_word' id='word_1_492' title='bbox 1665 4058 1683 4090; x_wconf 76' lang='grc' dir='ltr'><strong>ι</strong></span> <span class='ocrx_word' id='word_1_493' title='bbox 1721 4041 1790 4109; x_wconf 65' lang='grc' dir='ltr'><strong>τῇ</strong></span> 
     </span>
    </p>
   </div>
   <div class='ocr_carea' id='block_1_72' title="bbox 214 4127 1792 4203">
    <p class='ocr_par' dir='ltr' id='par_1_72' title="bbox 214 4127 1792 4203">
     <span class='ocr_line' id='line_1_72' title="bbox 214 4127 1792 4203; baseline -0.001 -17"><span class='ocrx_word' id='word_1_494' title='bbox 214 4131 611 4203; x_wconf 74' lang='grc' dir='ltr'><strong>ἀκριϐεστάτη,</strong></span> <span class='ocrx_word' id='word_1_495' title='bbox 642 4131 737 4184; x_wconf 71' lang='grc' dir='ltr'><strong>καὶ</strong></span> <span class='ocrx_word' id='word_1_496' title='bbox 771 4130 913 4185; x_wconf 79' lang='grc' dir='ltr'><strong>κατά</strong></span> <span class='ocrx_word' id='word_1_497' title='bbox 956 4130 1153 4185; x_wconf 77' lang='grc' dir='ltr'><strong>λεπτὸν</strong></span> <span class='ocrx_word' id='word_1_498' title='bbox 1186 4127 1502 4199; x_wconf 70' lang='grc' dir='ltr'><strong>έπιγνώσει,</strong></span> <span class='ocrx_word' id='word_1_499' title='bbox 1534 4131 1630 4185; x_wconf 80' lang='grc' dir='ltr'><strong>καὶ</strong></span> <span class='ocrx_word' id='word_1_500' title='bbox 1657 4131 1792 4185; x_wconf 85' lang='grc' dir='ltr'><strong>άνα-</strong></span> 
     </span>
    </p>
   </div>
   <div class='ocr_carea' id='block_1_73' title="bbox 213 4222 1789 4295">
    <p class='ocr_par' dir='ltr' id='par_1_73' title="bbox 213 4222 1789 4295">
     <span class='ocr_line' id='line_1_73' title="bbox 213 4222 1789 4295; baseline -0.002 -15"><span class='ocrx_word' id='word_1_501' title='bbox 213 4225 448 4295; x_wconf 74' lang='grc' dir='ltr'><strong>καλύψει</strong></span> <span class='ocrx_word' id='word_1_502' title='bbox 479 4223 573 4278; x_wconf 82' lang='grc' dir='ltr'><strong>τοῦ</strong></span> <span class='ocrx_word' id='word_1_503' title='bbox 594 4224 915 4295; x_wconf 87' lang='grc' dir='ltr'><strong>μυστηρίου,</strong></span> <span class='ocrx_word' id='word_1_504' title='bbox 932 4223 1032 4295; x_wconf 79' lang='grc' dir='ltr'><strong>τὴν</strong></span> <span class='ocrx_word' id='word_1_505' title='bbox 1059 4223 1201 4277; x_wconf 75' lang='grc' dir='ltr'><strong>κατά</strong></span> <span class='ocrx_word' id='word_1_506' title='bbox 1220 4223 1320 4286; x_wconf 66' lang='grc' dir='ltr'><strong>τὰς</strong></span> <span class='ocrx_word' id='word_1_507' title='bbox 1347 4222 1667 4293; x_wconf 83' lang='grc' dir='ltr'><strong>παραϐολὰς</strong></span> <span class='ocrx_word' id='word_1_508' title='bbox 1692 4225 1789 4279; x_wconf 85' lang='grc' dir='ltr'><strong>άν-</strong></span> 
     </span>
    </p>
   </div>
   <div class='ocr_carea' id='block_1_74' title="bbox 209 4312 958 4382">
    <p class='ocr_par' dir='ltr' id='par_1_74' title="bbox 209 4312 958 4382">
     <span class='ocr_line' id='line_1_74' title="bbox 209 4312 958 4382; baseline -0.004 -13"><span class='ocrx_word' id='word_1_509' title='bbox 209 4315 602 4371; x_wconf 78' lang='grc' dir='ltr'><strong>τιδιαστέλλειν</strong></span> <span class='ocrx_word' id='word_1_510' title='bbox 634 4312 958 4382; x_wconf 79' lang='grc' dir='ltr'><strong>κατάληψιν.</strong></span> 
     </span>
    </p>
   </div>
   <div class='ocr_carea' id='block_1_75' title="bbox 280 4492 1787 4565">
    <p class='ocr_par' dir='ltr' id='par_1_75' title="bbox 280 4492 1787 4565">
     <span class='ocr_line' id='line_1_75' title="bbox 280 4492 1787 4565; baseline -0.001 -18"><span class='ocrx_word' id='word_1_511' title='bbox 280 4496 371 4547; x_wconf 74' lang='lat' dir='ltr'><strong>Aio</strong></span> <span class='ocrx_word' id='word_1_512' title='bbox 409 4495 506 4547; x_wconf 71' lang='grc' dir='ltr'><strong>καὶ</strong></span> <span class='ocrx_word' id='word_1_513' title='bbox 538 4510 557 4544; x_wconf 84' lang='lat' dir='ltr'><strong>s</strong></span> <span class='ocrx_word' id='word_1_514' title='bbox 592 4492 803 4562; x_wconf 73' lang='grc' dir='ltr'><strong>Φράσον</strong></span> <span class='ocrx_word' id='word_1_515' title='bbox 824 4492 974 4563; x_wconf 79' lang='grc' dir='ltr'><strong>ἡμῖν.</strong></span> <span class='ocrx_word' id='word_1_516' title='bbox 1008 4510 1027 4543; x_wconf 79' lang='lat' dir='ltr'><strong>s</strong></span> <span class='ocrx_word' id='word_1_517' title='bbox 1058 4492 1244 4561; x_wconf 78' lang='grc' dir='ltr'><strong>ελεγον</strong></span> <span class='ocrx_word' id='word_1_518' title='bbox 1272 4494 1321 4545; x_wconf 85' lang='lat' dir='ltr'><strong>oi</strong></span> <span class='ocrx_word' id='word_1_519' title='bbox 1344 4492 1651 4555; x_wconf 79' lang='grc' dir='ltr'><strong>ἀπόστολοι.</strong></span> <span class='ocrx_word' id='word_1_520' title='bbox 1687 4492 1787 4565; x_wconf 75' lang='grc' dir='ltr'><strong>τὴν</strong></span> 
     </span>
    </p>
   </div>
   <div class='ocr_carea' id='block_1_76' title="bbox 1894 3311 2974 3385">
    <p class='ocr_par' dir='ltr' id='par_1_76' title="bbox 1894 3311 2974 3385">
     <span class='ocr_line' id='line_1_76' title="bbox 1894 3311 2974 3385; baseline -0.006 -15"><span class='ocrx_word' id='word_1_521' title='bbox 1894 3321 2105 3371; x_wconf 85' lang='lat' dir='ltr'><strong>morata</strong></span> <span class='ocrx_word' id='word_1_522' title='bbox 2139 3314 2398 3385; x_wconf 84' lang='lat' dir='ltr'><strong>parsbola</strong></span> <span class='ocrx_word' id='word_1_523' title='bbox 2431 3311 2614 3368; x_wconf 87' lang='lat' dir='ltr'><strong>locum</strong></span> <span class='ocrx_word' id='word_1_524' title='bbox 2644 3311 2974 3366; x_wconf 89' lang='lat' dir='ltr'><strong>habuerunt.</strong></span> 
     </span>
    </p>
   </div>
   <div class='ocr_carea' id='block_1_77' title="bbox 1963 3480 3472 3559">
    <p class='ocr_par' dir='ltr' id='par_1_77' title="bbox 1963 3480 3472 3559">
     <span class='ocr_line' id='line_1_77' title="bbox 1963 3480 3472 3559; baseline -0.008 -15"><span class='ocrx_word' id='word_1_525' title='bbox 1963 3490 2138 3559; x_wconf 81' lang='lat' dir='ltr'><strong>Atque</strong></span> <span class='ocrx_word' id='word_1_526' title='bbox 2166 3487 2281 3543; x_wconf 75' lang='lat' dir='ltr'><strong>btec</strong></span> <span class='ocrx_word' id='word_1_527' title='bbox 2308 3486 2581 3557; x_wconf 76' lang='lat' dir='ltr'><strong>parabolae</strong></span> <span class='ocrx_word' id='word_1_528' title='bbox 2631 3482 2847 3553; x_wconf 88' lang='lat' dir='ltr'><strong>propria</strong></span> <span class='ocrx_word' id='word_1_529' title='bbox 2906 3495 3031 3536; x_wconf 82' lang='lat' dir='ltr'><strong>esse</strong></span> <span class='ocrx_word' id='word_1_530' title='bbox 3070 3480 3363 3545; x_wconf 87' lang='lat' dir='ltr'><strong>videntur;</strong></span> <span class='ocrx_word' id='word_1_531' title='bbox 3394 3482 3472 3534; x_wconf 88' lang='lat' dir='ltr'><strong>si-</strong></span> 
     </span>
    </p>
   </div>
   <div class='ocr_carea' id='block_1_78' title="bbox 1891 3572 3472 3651">
    <p class='ocr_par' dir='ltr' id='par_1_78' title="bbox 1891 3572 3472 3651">
     <span class='ocr_line' id='line_1_78' title="bbox 1891 3572 3472 3651; baseline -0.008 -16"><span class='ocrx_word' id='word_1_532' title='bbox 1891 3579 2110 3651; x_wconf 82' lang='lat' dir='ltr'><strong>quidem</strong></span> <span class='ocrx_word' id='word_1_533' title='bbox 2153 3580 2219 3633; x_wconf 91' lang='lat' dir='ltr'><strong>ad</strong></span> <span class='ocrx_word' id='word_1_534' title='bbox 2256 3579 2429 3648; x_wconf 86' lang='lat' dir='ltr'><strong>ipsam</strong></span> <span class='ocrx_word' id='word_1_535' title='bbox 2465 3575 2864 3645; x_wconf 78' lang='lat' dir='ltr'><strong>:enigmaticam</strong></span> <span class='ocrx_word' id='word_1_536' title='bbox 2903 3572 3025 3642; x_wconf 83' lang='lat' dir='ltr'><strong>ejus</strong></span> <span class='ocrx_word' id='word_1_537' title='bbox 3069 3572 3325 3642; x_wconf 85' lang='lat' dir='ltr'><strong>speciem,</strong></span> <span class='ocrx_word' id='word_1_538' title='bbox 3365 3586 3472 3640; x_wconf 90' lang='lat' dir='ltr'><strong>qua</strong></span> 
     </span>
    </p>
   </div>
   <div class='ocr_carea' id='block_1_79' title="bbox 1890 3667 3474 3739">
    <p class='ocr_par' dir='ltr' id='par_1_79' title="bbox 1890 3667 3474 3739">
     <span class='ocr_line' id='line_1_79' title="bbox 1890 3667 3474 3739; baseline -0.008 -10"><span class='ocrx_word' id='word_1_539' title='bbox 1890 3672 2056 3729; x_wconf 85' lang='lat' dir='ltr'><strong>etiam</strong></span> <span class='ocrx_word' id='word_1_540' title='bbox 2091 3674 2204 3727; x_wconf 49' lang='lat' dir='ltr'><strong>hare</strong></span> <span class='ocrx_word' id='word_1_541' title='bbox 2237 3678 2421 3725; x_wconf 81' lang='lat' dir='ltr'><strong>nostra</strong></span> <span class='ocrx_word' id='word_1_542' title='bbox 2470 3668 2679 3739; x_wconf 88' lang='lat' dir='ltr'><strong>prolata</strong></span> <span class='ocrx_word' id='word_1_543' title='bbox 2708 3674 2812 3731; x_wconf 89' lang='lat' dir='ltr'><strong>est,</strong></span> <span class='ocrx_word' id='word_1_544' title='bbox 2862 3667 3098 3736; x_wconf 84' lang='lat' dir='ltr'><strong>pertinet</strong></span> <span class='ocrx_word' id='word_1_545' title='bbox 3146 3680 3366 3734; x_wconf 83' lang='lat' dir='ltr'><strong>quoque</strong></span> <span class='ocrx_word' id='word_1_546' title='bbox 3416 3672 3474 3717; x_wconf 89' lang='lat' dir='ltr'><strong>ut</strong></span> 
     </span>
    </p>
   </div>
   <div class='ocr_carea' id='block_1_80' title="bbox 1893 3748 3471 3823">
    <p class='ocr_par' dir='ltr' id='par_1_80' title="bbox 1893 3748 3471 3823">
     <span class='ocr_line' id='line_1_80' title="bbox 1893 3748 3471 3823; baseline -0.009 -3"><span class='ocrx_word' id='word_1_547' title='bbox 1893 3776 2017 3819; x_wconf 80' lang='lat' dir='ltr'><strong>sese</strong></span> <span class='ocrx_word' id='word_1_548' title='bbox 2052 3763 2334 3817; x_wconf 83' lang='lat' dir='ltr'><strong>contineat</strong></span> <span class='ocrx_word' id='word_1_549' title='bbox 2387 3748 2531 3815; x_wconf 84' lang='lat' dir='ltr'><strong>inter</strong></span> <span class='ocrx_word' id='word_1_550' title='bbox 2576 3758 2715 3812; x_wconf 83' lang='lat' dir='ltr'><strong>alios</strong></span> <span class='ocrx_word' id='word_1_551' title='bbox 2758 3756 2959 3811; x_wconf 88' lang='lat' dir='ltr'><strong>mentis</strong></span> <span class='ocrx_word' id='word_1_552' title='bbox 3015 3764 3332 3823; x_wconf 84' lang='lat' dir='ltr'><strong>conceptus,</strong></span> <span class='ocrx_word' id='word_1_553' title='bbox 3377 3754 3471 3823; x_wconf 88' lang='lat' dir='ltr'><strong>qui</strong></span> 
     </span>
    </p>
   </div>
   <div class='ocr_carea' id='block_1_81' title="bbox 1893 3845 3473 3918">
    <p class='ocr_par' dir='ltr' id='par_1_81' title="bbox 1893 3845 3473 3918">
     <span class='ocr_line' id='line_1_81' title="bbox 1893 3845 3473 3918; baseline -0.006 -10"><span class='ocrx_word' id='word_1_554' title='bbox 1893 3868 1924 3908; x_wconf 88' lang='lat' dir='ltr'><strong>a</strong></span> <span class='ocrx_word' id='word_1_555' title='bbox 1955 3853 2138 3908; x_wconf 87' lang='lat' dir='ltr'><strong>multis</strong></span> <span class='ocrx_word' id='word_1_556' title='bbox 2158 3851 2500 3906; x_wconf 86' lang='lat' dir='ltr'><strong>auditoribus</strong></span> <span class='ocrx_word' id='word_1_557' title='bbox 2533 3865 2641 3904; x_wconf 89' lang='lat' dir='ltr'><strong>non</strong></span> <span class='ocrx_word' id='word_1_558' title='bbox 2685 3848 3086 3918; x_wconf 83' lang='lat' dir='ltr'><strong>intelliguntur.</strong></span> <span class='ocrx_word' id='word_1_559' title='bbox 3121 3845 3186 3902; x_wconf 84' lang='lat' dir='ltr'><strong>Et</strong></span> <span class='ocrx_word' id='word_1_560' title='bbox 3228 3847 3277 3901; x_wconf 89' lang='lat' dir='ltr'><strong>id</strong></span> <span class='ocrx_word' id='word_1_561' title='bbox 3309 3846 3473 3900; x_wconf 89' lang='lat' dir='ltr'><strong>nimi-</strong></span> 
     </span>
    </p>
   </div>
   <div class='ocr_carea' id='block_1_82' title="bbox 1894 3940 3471 4015">
    <p class='ocr_par' dir='ltr' id='par_1_82' title="bbox 1894 3940 3471 4015">
     <span class='ocr_line' id='line_1_82' title="bbox 1894 3940 3471 4015; baseline -0.006 -13"><span class='ocrx_word' id='word_1_562' title='bbox 1894 3962 2013 4002; x_wconf 90' lang='lat' dir='ltr'><strong>rum</strong></span> <span class='ocrx_word' id='word_1_563' title='bbox 2062 3945 2146 4002; x_wconf 79' lang='lat' dir='ltr'><strong>vel</strong></span> <span class='ocrx_word' id='word_1_564' title='bbox 2179 3949 2293 4015; x_wconf 82' lang='lat' dir='ltr'><strong>Ipsa</strong></span> <span class='ocrx_word' id='word_1_565' title='bbox 2346 3942 2658 4000; x_wconf 85' lang='lat' dir='ltr'><strong>Scrvatoris</strong></span> <span class='ocrx_word' id='word_1_566' title='bbox 2719 3942 2987 3997; x_wconf 82' lang='lat' dir='ltr'><strong>sententia</strong></span> <span class='ocrx_word' id='word_1_567' title='bbox 3041 3940 3237 4003; x_wconf 87' lang='lat' dir='ltr'><strong>innuit,</strong></span> <span class='ocrx_word' id='word_1_568' title='bbox 3290 3954 3413 3994; x_wconf 89' lang='lat' dir='ltr'><strong>eum</strong></span> <span class='ocrx_word' id='word_1_569' title='bbox 3455 3978 3471 4001; x_wconf 90' lang='lat'><strong>,</strong></span> 
     </span>
    </p>
   </div>
   <div class='ocr_carea' id='block_1_83' title="bbox 1900 4034 3475 4108">
    <p class='ocr_par' dir='ltr' id='par_1_83' title="bbox 1900 4034 3475 4108">
     <span class='ocr_line' id='line_1_83' title="bbox 1900 4034 3475 4108; baseline -0.006 -15"><span class='ocrx_word' id='word_1_570' title='bbox 1900 4038 2151 4100; x_wconf 69' lang='lat' dir='ltr'><strong>tVobim</strong></span> <span class='ocrx_word' id='word_1_571' title='bbox 2190 4037 2367 4108; x_wconf 87' lang='lat' dir='ltr'><strong>inquit</strong></span> <span class='ocrx_word' id='word_1_572' title='bbox 2422 4035 2727 4105; x_wconf 84' lang='lat' dir='ltr'><strong>discipulis,</strong></span> <span class='ocrx_word' id='word_1_573' title='bbox 2767 4053 2786 4086; x_wconf 82' lang='grc' dir='ltr'><strong>ι</strong></span> <span class='ocrx_word' id='word_1_574' title='bbox 2811 4034 2999 4088; x_wconf 88' lang='lat' dir='ltr'><strong>datum</strong></span> <span class='ocrx_word' id='word_1_575' title='bbox 3040 4044 3124 4088; x_wconf 78' lang='lat' dir='ltr'><strong>est</strong></span> <span class='ocrx_word' id='word_1_576' title='bbox 3165 4047 3328 4088; x_wconf 85' lang='lat' dir='ltr'><strong>nosse</strong></span> <span class='ocrx_word' id='word_1_577' title='bbox 3360 4048 3475 4102; x_wconf 78' lang='lat' dir='ltr'><strong>my-</strong></span> 
     </span>
    </p>
   </div>
   <div class='ocr_carea' id='block_1_84' title="bbox 1891 4122 3479 4197">
    <p class='ocr_par' dir='ltr' id='par_1_84' title="bbox 1891 4122 3479 4197">
     <span class='ocr_line' id='line_1_84' title="bbox 1891 4122 3479 4197; baseline -0.008 -8"><span class='ocrx_word' id='word_1_578' title='bbox 1891 4131 2076 4197; x_wconf 80' lang='lat' dir='ltr'><strong>steria,</strong></span> <span class='ocrx_word' id='word_1_579' title='bbox 2099 4130 2204 4185; x_wconf 85' lang='lat' dir='ltr'><strong>illis</strong></span> <span class='ocrx_word' id='word_1_580' title='bbox 2234 4144 2361 4184; x_wconf 86' lang='lat' dir='ltr'><strong>vero</strong></span> <span class='ocrx_word' id='word_1_581' title='bbox 2393 4128 2444 4181; x_wconf 91' lang='lat' dir='ltr'><strong>in</strong></span> <span class='ocrx_word' id='word_1_582' title='bbox 2470 4125 2741 4197; x_wconf 84' lang='lat' dir='ltr'><strong>parabolis</strong></span> <span class='ocrx_word' id='word_1_583' title='bbox 2755 4127 2801 4158; x_wconf 87' lang='lat'>“</span> <span class='ocrx_word' id='word_1_584' title='bbox 2827 4143 2840 4179; x_wconf 87' lang='lat'>:</span> <span class='ocrx_word' id='word_1_585' title='bbox 2869 4144 2888 4177; x_wconf 74' lang='grc' dir='ltr'><strong>ι</strong></span> <span class='ocrx_word' id='word_1_586' title='bbox 2925 4125 3080 4178; x_wconf 89' lang='lat' dir='ltr'><strong>vobis</strong></span> <span class='ocrx_word' id='word_1_587' title='bbox 3111 4124 3357 4177; x_wconf 84' lang='lat' dir='ltr'><strong>videlicet</strong></span> <span class='ocrx_word' id='word_1_588' title='bbox 3392 4122 3479 4177; x_wconf 77' lang='lat' dir='ltr'><strong>fas</strong></span> 
     </span>
    </p>
   </div>
   <div class='ocr_carea' id='block_1_85' title="bbox 1888 4215 3474 4291">
    <p class='ocr_par' dir='ltr' id='par_1_85' title="bbox 1888 4215 3474 4291">
     <span class='ocr_line' id='line_1_85' title="bbox 1888 4215 3474 4291; baseline -0.009 -11"><span class='ocrx_word' id='word_1_589' title='bbox 1888 4234 1995 4291; x_wconf 87' lang='lat' dir='ltr'><strong>est,</strong></span> <span class='ocrx_word' id='word_1_590' title='bbox 2032 4233 2091 4279; x_wconf 89' lang='lat' dir='ltr'><strong>ut</strong></span> <span class='ocrx_word' id='word_1_591' title='bbox 2116 4218 2553 4281; x_wconf 79' lang='lat' dir='ltr'><strong>accuratissima,</strong></span> <span class='ocrx_word' id='word_1_592' title='bbox 2583 4226 2638 4272; x_wconf 90' lang='lat' dir='ltr'><strong>et</strong></span> <span class='ocrx_word' id='word_1_593' title='bbox 2674 4232 2849 4287; x_wconf 90' lang='lat' dir='ltr'><strong>usque</strong></span> <span class='ocrx_word' id='word_1_594' title='bbox 2879 4216 2946 4272; x_wconf 92' lang='lat' dir='ltr'><strong>ad</strong></span> <span class='ocrx_word' id='word_1_595' title='bbox 2984 4216 3269 4271; x_wconf 89' lang='lat' dir='ltr'><strong>minimum</strong></span> <span class='ocrx_word' id='word_1_596' title='bbox 3299 4215 3474 4269; x_wconf 65' lang='lat' dir='ltr'><strong>dedit-</strong></span> 
     </span>
    </p>
   </div>
   <div class='ocr_carea' id='block_1_86' title="bbox 1889 4308 3474 4387">
    <p class='ocr_par' dir='ltr' id='par_1_86' title="bbox 1889 4308 3474 4387">
     <span class='ocr_line' id='line_1_86' title="bbox 1889 4308 3474 4387; baseline -0.009 -12"><span class='ocrx_word' id='word_1_597' title='bbox 1889 4328 1977 4375; x_wconf 90' lang='lat' dir='ltr'><strong>cta</strong></span> <span class='ocrx_word' id='word_1_598' title='bbox 2008 4314 2303 4387; x_wconf 77' lang='lat' dir='ltr'><strong>agnitione,</strong></span> <span class='ocrx_word' id='word_1_599' title='bbox 2331 4320 2387 4368; x_wconf 93' lang='lat' dir='ltr'><strong>et</strong></span> <span class='ocrx_word' id='word_1_600' title='bbox 2427 4310 2761 4367; x_wconf 85' lang='lat' dir='ltr'><strong>revelatione</strong></span> <span class='ocrx_word' id='word_1_601' title='bbox 2786 4308 3027 4380; x_wconf 82' lang='lat' dir='ltr'><strong>mysterii</strong></span> <span class='ocrx_word' id='word_1_602' title='bbox 3053 4308 3474 4378; x_wconf 75' lang='lat' dir='ltr'><strong>intelligentiam</strong></span> 
     </span>
    </p>
   </div>
   <div class='ocr_carea' id='block_1_87' title="bbox 1889 4402 2554 4480">
    <p class='ocr_par' dir='ltr' id='par_1_87' title="bbox 1889 4402 2554 4480">
     <span class='ocr_line' id='line_1_87' title="bbox 1889 4402 2554 4480; baseline -0.009 -17"><span class='ocrx_word' id='word_1_603' title='bbox 1889 4407 2270 4480; x_wconf 84' lang='lat' dir='ltr'><strong>parabolsrutn</strong></span> <span class='ocrx_word' id='word_1_604' title='bbox 2296 4402 2554 4459; x_wconf 87' lang='lat' dir='ltr'><strong>dilatetis.</strong></span> 
     </span>
    </p>
   </div>
   <div class='ocr_carea' id='block_1_88' title="bbox 1958 4488 3475 4567">
    <p class='ocr_par' dir='ltr' id='par_1_88' title="bbox 1958 4488 3475 4567">
     <span class='ocr_line' id='line_1_88' title="bbox 1958 4488 3475 4567; baseline -0.009 -13"><span class='ocrx_word' id='word_1_605' title='bbox 1958 4498 2141 4567; x_wconf 80' lang='lat' dir='ltr'><strong>Quare</strong></span> <span class='ocrx_word' id='word_1_606' title='bbox 2184 4505 2240 4551; x_wconf 89' lang='lat' dir='ltr'><strong>et</strong></span> <span class='ocrx_word' id='word_1_607' title='bbox 2295 4514 2313 4547; x_wconf 82' lang='grc' dir='ltr'><strong>ι</strong></span> <span class='ocrx_word' id='word_1_608' title='bbox 2350 4493 2603 4549; x_wconf 78' lang='lat' dir='ltr'><strong>Edissere</strong></span> <span class='ocrx_word' id='word_1_609' title='bbox 2645 4492 2837 4555; x_wconf 90' lang='lat' dir='ltr'><strong>nobis,</strong></span> <span class='ocrx_word' id='word_1_610' title='bbox 2869 4508 2889 4542; x_wconf 72' lang='grc' dir='ltr'><strong>ι</strong></span> <span class='ocrx_word' id='word_1_611' title='bbox 2940 4490 3158 4545; x_wconf 88' lang='lat' dir='ltr'><strong>aiebant</strong></span> <span class='ocrx_word' id='word_1_612' title='bbox 3206 4488 3475 4558; x_wconf 71' lang='lat' dir='ltr'><strong>apostoli,</strong></span> 
     </span>
    </p>
   </div>
   <div class='ocr_carea' id='block_1_89' title="bbox 209 4582 1790 4660">
    <p class='ocr_par' dir='ltr' id='par_1_89' title="bbox 209 4582 1782 4657">
     <span class='ocr_line' id='line_1_89' title="bbox 209 4582 1782 4657; baseline 0.001 -20"><span class='ocrx_word' id='word_1_613' title='bbox 209 4585 531 4657; x_wconf 70' lang='grc' dir='ltr'><strong>παραϐολὴν</strong></span> <span class='ocrx_word' id='word_1_614' title='bbox 571 4582 776 4653; x_wconf 90' lang='grc' dir='ltr'><strong>ταύτην</strong></span> <span class='ocrx_word' id='word_1_615' title='bbox 801 4598 815 4614; x_wconf 72' lang='grc' dir='ltr'><strong><em>ο</em></strong></span> <span class='ocrx_word' id='word_1_616' title='bbox 857 4602 877 4636; x_wconf 81' lang='lat' dir='ltr'><strong>s</strong></span> <span class='ocrx_word' id='word_1_617' title='bbox 906 4585 1112 4653; x_wconf 88' lang='grc' dir='ltr'><strong>ταύτην</strong></span> <span class='ocrx_word' id='word_1_618' title='bbox 1141 4584 1248 4655; x_wconf 85' lang='grc' dir='ltr'><strong>άρα</strong></span> <span class='ocrx_word' id='word_1_619' title='bbox 1294 4585 1387 4637; x_wconf 76' lang='grc' dir='ltr'><strong>καὶ</strong></span> <span class='ocrx_word' id='word_1_620' title='bbox 1415 4582 1523 4637; x_wconf 90' lang='grc' dir='ltr'><strong>τῶν</strong></span> <span class='ocrx_word' id='word_1_621' title='bbox 1561 4582 1782 4638; x_wconf 81' lang='grc' dir='ltr'><strong>ἀπειθε-</strong></span> 
     </span>
    </p>
   </div>
   <div class='ocr_carea' id='block_1_90' title="bbox 1893 4582 3471 4660">
    <p class='ocr_par' dir='ltr' id='par_1_90' title="bbox 1893 4582 3471 4660">
     <span class='ocr_line' id='line_1_90' title="bbox 1893 4582 3471 4660; baseline -0.008 -17"><span class='ocrx_word' id='word_1_622' title='bbox 1893 4610 1913 4643; x_wconf 84' lang='lat' dir='ltr'><strong>s</strong></span> <span class='ocrx_word' id='word_1_623' title='bbox 1934 4588 2242 4660; x_wconf 86' lang='lat' dir='ltr'><strong>parabolam</strong></span> <span class='ocrx_word' id='word_1_624' title='bbox 2264 4584 2422 4642; x_wconf 83' lang='lat' dir='ltr'><strong>istam</strong></span> <span class='ocrx_word' id='word_1_625' title='bbox 2447 4604 2465 4636; x_wconf 74' lang='grc' dir='ltr'><strong>ι</strong></span> <span class='ocrx_word' id='word_1_626' title='bbox 2483 4584 2527 4616; x_wconf 81' lang='grc'><strong>⁶⁹</strong></span> <span class='ocrx_word' id='word_1_627' title='bbox 2553 4600 2567 4648; x_wconf 87' lang='lat'>;</span> <span class='ocrx_word' id='word_1_628' title='bbox 2600 4595 2654 4638; x_wconf 88' lang='lat' dir='ltr'><strong>et</strong></span> <span class='ocrx_word' id='word_1_629' title='bbox 2680 4584 2836 4637; x_wconf 88' lang='lat' dir='ltr'><strong>istam</strong></span> <span class='ocrx_word' id='word_1_630' title='bbox 2860 4583 3049 4650; x_wconf 78' lang='lat' dir='ltr'><strong>utique</strong></span> <span class='ocrx_word' id='word_1_631' title='bbox 3063 4582 3471 4635; x_wconf 87' lang='lat' dir='ltr'><strong>contumacium</strong></span> 
     </span>
    </p>
   </div>
   <div class='ocr_carea' id='block_1_91' title="bbox 210 4673 1787 4746">
    <p class='ocr_par' dir='ltr' id='par_1_91' title="bbox 210 4673 1787 4746">
     <span class='ocr_line' id='line_1_91' title="bbox 210 4673 1787 4746; baseline 0.002 -20"><span class='ocrx_word' id='word_1_632' title='bbox 210 4680 426 4731; x_wconf 86' lang='grc' dir='ltr'><strong>στάτων</strong></span> <span class='ocrx_word' id='word_1_633' title='bbox 485 4673 750 4727; x_wconf 87' lang='grc' dir='ltr'><strong>Ἰουδαίων</strong></span> <span class='ocrx_word' id='word_1_634' title='bbox 798 4675 831 4745; x_wconf 80' lang='grc' dir='ltr'>ἡ</span> <span class='ocrx_word' id='word_1_635' title='bbox 897 4674 1194 4746; x_wconf 79' lang='grc' dir='ltr'><strong>Συναγωγὴ</strong></span> <span class='ocrx_word' id='word_1_636' title='bbox 1250 4694 1271 4727; x_wconf 77' lang='grc' dir='ltr'><strong>ι</strong></span> <span class='ocrx_word' id='word_1_637' title='bbox 1317 4674 1441 4729; x_wconf 78' lang='grc' dir='ltr'><strong>οὔτε</strong></span> <span class='ocrx_word' id='word_1_638' title='bbox 1496 4675 1787 4745; x_wconf 84' lang='grc' dir='ltr'><strong>βλέποντες</strong></span> 
     </span>
    </p>
   </div>
   <div class='ocr_carea' id='block_1_92' title="bbox 208 4753 1787 4834">
    <p class='ocr_par' dir='ltr' id='par_1_92' title="bbox 208 4753 1787 4834">
     <span class='ocr_line' id='line_1_92' title="bbox 208 4753 1787 4834; baseline 0.001 -15"><span class='ocrx_word' id='word_1_639' title='bbox 208 4766 460 4828; x_wconf 76' lang='grc' dir='ltr'><strong>ἔϐλεπον,</strong></span> <span class='ocrx_word' id='word_1_640' title='bbox 487 4765 580 4818; x_wconf 76' lang='grc' dir='ltr'><strong>καὶ</strong></span> <span class='ocrx_word' id='word_1_641' title='bbox 606 4764 898 4827; x_wconf 84' lang='grc' dir='ltr'><strong>ἀκούοντες</strong></span> <span class='ocrx_word' id='word_1_642' title='bbox 919 4765 1020 4818; x_wconf 85' lang='grc' dir='ltr'><strong>οὑκ</strong></span> <span class='ocrx_word' id='word_1_643' title='bbox 1036 4766 1284 4834; x_wconf 75' lang='grc' dir='ltr'><strong>ῆκουονοι</strong></span> <span class='ocrx_word' id='word_1_644' title='bbox 1306 4765 1381 4828; x_wconf 89' lang='grc' dir='ltr'><strong>ώς</strong></span> <span class='ocrx_word' id='word_1_645' title='bbox 1407 4765 1514 4818; x_wconf 89' lang='grc' dir='ltr'><strong>τῶν</strong></span> <span class='ocrx_word' id='word_1_646' title='bbox 1529 4753 1787 4820; x_wconf 80' lang='grc' dir='ltr'><strong>τοιούτων</strong></span> 
     </span>
    </p>
   </div>
   <div class='ocr_carea' id='block_1_93' title="bbox 208 4853 1787 4929">
    <p class='ocr_par' dir='ltr' id='par_1_93' title="bbox 208 4853 1787 4929">
     <span class='ocr_line' id='line_1_93' title="bbox 208 4853 1787 4929; baseline 0.001 -20"><span class='ocrx_word' id='word_1_647' title='bbox 208 4857 563 4929; x_wconf 78' lang='grc' dir='ltr'><strong>παραϐολῶν,</strong></span> <span class='ocrx_word' id='word_1_648' title='bbox 592 4858 685 4909; x_wconf 78' lang='grc' dir='ltr'><strong>καὶ</strong></span> <span class='ocrx_word' id='word_1_649' title='bbox 710 4853 1026 4927; x_wconf 85' lang='grc' dir='ltr'><strong>ὁμοιώσεων</strong></span> <span class='ocrx_word' id='word_1_650' title='bbox 1054 4854 1213 4909; x_wconf 84' lang='grc' dir='ltr'><strong>τοῦτο</strong></span> <span class='ocrx_word' id='word_1_651' title='bbox 1244 4856 1343 4925; x_wconf 80' lang='grc' dir='ltr'><strong>μὲν</strong></span> <span class='ocrx_word' id='word_1_652' title='bbox 1372 4854 1658 4925; x_wconf 79' lang='grc' dir='ltr'><strong>καθορᾷν,</strong></span> <span class='ocrx_word' id='word_1_653' title='bbox 1690 4858 1787 4911; x_wconf 74' lang='grc' dir='ltr'><strong>καὶ</strong></span> 
     </span>
    </p>
   </div>
   <div class='ocr_carea' id='block_1_94' title="bbox 205 4949 1787 5023">
    <p class='ocr_par' dir='ltr' id='par_1_94' title="bbox 205 4949 1787 5023">
     <span class='ocr_line' id='line_1_94' title="bbox 205 4949 1787 5023; baseline 0.001 -20"><span class='ocrx_word' id='word_1_654' title='bbox 205 4951 455 5012; x_wconf 72' lang='grc' dir='ltr'><strong>ἀκούειν</strong></span> <span class='ocrx_word' id='word_1_655' title='bbox 477 4949 885 5019; x_wconf 82' lang='grc' dir='ltr'><strong>παρεχομένων.</strong></span> <span class='ocrx_word' id='word_1_656' title='bbox 903 4949 965 5003; x_wconf 81' lang='lat' dir='ltr'><strong>Ei</strong></span> <span class='ocrx_word' id='word_1_657' title='bbox 994 4950 1101 5020; x_wconf 83' lang='grc' dir='ltr'><strong>γὰρ</strong></span> <span class='ocrx_word' id='word_1_658' title='bbox 1126 4950 1221 5003; x_wconf 76' lang='grc' dir='ltr'><strong>καὶ</strong></span> <span class='ocrx_word' id='word_1_659' title='bbox 1251 4950 1505 5021; x_wconf 83' lang='grc' dir='ltr'><strong>πωρώσει</strong></span> <span class='ocrx_word' id='word_1_660' title='bbox 1533 4951 1633 5020; x_wconf 88' lang='grc' dir='ltr'><strong>τῆς</strong></span> <span class='ocrx_word' id='word_1_661' title='bbox 1649 4969 1787 5023; x_wconf 84' lang='grc' dir='ltr'><strong>καρ-</strong></span> 
     </span>
    </p>
   </div>
   <div class='ocr_carea' id='block_1_95' title="bbox 204 5040 1791 5112">
    <p class='ocr_par' dir='ltr' id='par_1_95' title="bbox 204 5040 1791 5112">
     <span class='ocr_line' id='line_1_95' title="bbox 204 5040 1791 5112; baseline 0.003 -19"><span class='ocrx_word' id='word_1_662' title='bbox 204 5042 326 5102; x_wconf 80' lang='grc' dir='ltr'><strong>δὶας</strong></span> <span class='ocrx_word' id='word_1_663' title='bbox 354 5043 415 5093; x_wconf 74' lang='grc' dir='ltr'><strong>τὸ</strong></span> <span class='ocrx_word' id='word_1_664' title='bbox 446 5040 556 5093; x_wconf 88' lang='grc' dir='ltr'><strong>τῶν</strong></span> <span class='ocrx_word' id='word_1_665' title='bbox 588 5041 854 5094; x_wconf 76' lang='grc' dir='ltr'><strong>Ἰουδαίων</strong></span> <span class='ocrx_word' id='word_1_666' title='bbox 872 5040 1093 5110; x_wconf 83' lang='grc' dir='ltr'><strong>πλῆθος,</strong></span> <span class='ocrx_word' id='word_1_667' title='bbox 1129 5041 1224 5095; x_wconf 71' lang='grc' dir='ltr'><strong>καὶ</strong></span> <span class='ocrx_word' id='word_1_668' title='bbox 1256 5041 1391 5110; x_wconf 81' lang='grc' dir='ltr'><strong>πρὸς</strong></span> <span class='ocrx_word' id='word_1_669' title='bbox 1419 5041 1480 5095; x_wconf 83' lang='grc' dir='ltr'><strong>τὸ</strong></span> <span class='ocrx_word' id='word_1_670' title='bbox 1506 5043 1604 5112; x_wconf 86' lang='grc' dir='ltr'><strong>τῆς</strong></span> <span class='ocrx_word' id='word_1_671' title='bbox 1636 5045 1791 5098; x_wconf 80' lang='grc' dir='ltr'><strong>εὐσε-</strong></span> 
     </span>
    </p>
   </div>
   <div class='ocr_carea' id='block_1_96' title="bbox 206 5131 1789 5201">
    <p class='ocr_par' dir='ltr' id='par_1_96' title="bbox 206 5131 1789 5201">
     <span class='ocr_line' id='line_1_96' title="bbox 206 5131 1789 5201; baseline 0.004 -17"><span class='ocrx_word' id='word_1_672' title='bbox 206 5133 361 5193; x_wconf 74' lang='grc' dir='ltr'><strong>εείας</strong></span> <span class='ocrx_word' id='word_1_673' title='bbox 410 5133 527 5200; x_wconf 84' lang='grc' dir='ltr'><strong>φῶς</strong></span> <span class='ocrx_word' id='word_1_674' title='bbox 570 5133 832 5194; x_wconf 79' lang='grc' dir='ltr'><strong>ἑκουσίως</strong></span> <span class='ocrx_word' id='word_1_675' title='bbox 893 5131 1299 5201; x_wconf 82' lang='grc' dir='ltr'><strong>καταμύοντες·</strong></span> <span class='ocrx_word' id='word_1_676' title='bbox 1346 5151 1363 5184; x_wconf 84' lang='grc' dir='ltr'><strong>ι</strong></span> <span class='ocrx_word' id='word_1_677' title='bbox 1393 5133 1505 5186; x_wconf 82' lang='grc' dir='ltr'><strong>Οὐκ</strong></span> <span class='ocrx_word' id='word_1_678' title='bbox 1561 5135 1789 5191; x_wconf 69' lang='grc' dir='ltr'><strong>ἔϐλεπον</strong></span> 
     </span>
    </p>
   </div>
   <div class='ocr_carea' id='block_1_97' title="bbox 209 5218 1789 5290">
    <p class='ocr_par' dir='ltr' id='par_1_97' title="bbox 209 5218 1789 5290">
     <span class='ocr_line' id='line_1_97' title="bbox 209 5218 1789 5290; baseline 0.001 -17"><span class='ocrx_word' id='word_1_679' title='bbox 209 5221 522 5290; x_wconf 78' lang='grc' dir='ltr'><strong>βλέποντες,</strong></span> <span class='ocrx_word' id='word_1_680' title='bbox 552 5220 669 5273; x_wconf 66' lang='grc' dir='ltr'><strong>οὐδὲ</strong></span> <span class='ocrx_word' id='word_1_681' title='bbox 696 5221 984 5283; x_wconf 84' lang='grc' dir='ltr'><strong>ἀκούοντες</strong></span> <span class='ocrx_word' id='word_1_682' title='bbox 1004 5220 1200 5289; x_wconf 84' lang='grc' dir='ltr'><strong>ῆκουον</strong></span> <span class='ocrx_word' id='word_1_683' title='bbox 1220 5235 1234 5249; x_wconf 76' lang='grc' dir='ltr'><strong>ο</strong></span> <span class='ocrx_word' id='word_1_684' title='bbox 1262 5238 1281 5270; x_wconf 77' lang='grc' dir='ltr'><strong>ι</strong></span> <span class='ocrx_word' id='word_1_685' title='bbox 1308 5218 1445 5289; x_wconf 77' lang='grc' dir='ltr'><strong>πλὴν</strong></span> <span class='ocrx_word' id='word_1_686' title='bbox 1463 5218 1599 5274; x_wconf 85' lang='grc' dir='ltr'><strong>ἀλλά</strong></span> <span class='ocrx_word' id='word_1_687' title='bbox 1614 5238 1678 5288; x_wconf 92' lang='grc' dir='ltr'><strong>γε</strong></span> <span class='ocrx_word' id='word_1_688' title='bbox 1694 5222 1789 5276; x_wconf 60' lang='grc' dir='ltr'><strong>καὶ⁵</strong></span> 
     </span>
    </p>
   </div>
   <div class='ocr_carea' id='block_1_98' title="bbox 208 5310 1785 5384">
    <p class='ocr_par' dir='ltr' id='par_1_98' title="bbox 208 5310 1785 5384">
     <span class='ocr_line' id='line_1_98' title="bbox 208 5310 1785 5384; baseline -0.001 -17"><span class='ocrx_word' id='word_1_689' title='bbox 208 5318 238 5383; x_wconf 78' lang='grc' dir='ltr'><strong>ἠ</strong></span> <span class='ocrx_word' id='word_1_690' title='bbox 276 5312 566 5383; x_wconf 80' lang='grc' dir='ltr'><strong>παραϐολὴ</strong></span> <span class='ocrx_word' id='word_1_691' title='bbox 615 5312 783 5382; x_wconf 69' lang='grc' dir='ltr'><strong>μηδὲν</strong></span> <span class='ocrx_word' id='word_1_692' title='bbox 831 5313 967 5381; x_wconf 75' lang='grc' dir='ltr'><strong>πρὸς</strong></span> <span class='ocrx_word' id='word_1_693' title='bbox 1012 5311 1111 5382; x_wconf 83' lang='grc' dir='ltr'><strong>τὴν</strong></span> <span class='ocrx_word' id='word_1_694' title='bbox 1163 5310 1343 5365; x_wconf 84' lang='grc' dir='ltr'><strong>αὐτῶν</strong></span> <span class='ocrx_word' id='word_1_695' title='bbox 1384 5310 1785 5384; x_wconf 82' lang='grc' dir='ltr'><strong>ἀνθισταμένην</strong></span> 
     </span>
    </p>
   </div>
   <div class='ocr_carea' id='block_1_99' title="bbox 204 5400 1783 5475">
    <p class='ocr_par' dir='ltr' id='par_1_99' title="bbox 204 5400 1783 5475">
     <span class='ocr_line' id='line_1_99' title="bbox 204 5400 1783 5475; baseline -0.002 -17"><span class='ocrx_word' id='word_1_696' title='bbox 204 5404 449 5458; x_wconf 79' lang='grc' dir='ltr'><strong>διάθεσιν</strong></span> <span class='ocrx_word' id='word_1_697' title='bbox 476 5405 564 5475; x_wconf 79' lang='grc' dir='ltr'><strong>(τῇ</strong></span> <span class='ocrx_word' id='word_1_698' title='bbox 590 5405 697 5473; x_wconf 80' lang='grc' dir='ltr'><strong>γάρ</strong></span> <span class='ocrx_word' id='word_1_699' title='bbox 720 5403 959 5474; x_wconf 70' lang='grc' dir='ltr'><strong>ἀσαφείᾳ</strong></span> <span class='ocrx_word' id='word_1_700' title='bbox 988 5402 1340 5472; x_wconf 67' lang='grc' dir='ltr'><strong>ἐπεσκίαστο)</strong></span> <span class='ocrx_word' id='word_1_701' title='bbox 1370 5400 1492 5456; x_wconf 74' lang='grc' dir='ltr'><strong>οὔτε</strong></span> <span class='ocrx_word' id='word_1_702' title='bbox 1530 5402 1783 5473; x_wconf 73' lang='grc' dir='ltr'><strong>ἀγνωμο-</strong></span> 
     </span>
    </p>
   </div>
   <div class='ocr_carea' id='block_1_100' title="bbox 209 5481 1785 5567">
    <p class='ocr_par' dir='ltr' id='par_1_100' title="bbox 209 5481 1785 5567">
     <span class='ocr_line' id='line_1_100' title="bbox 209 5481 1785 5567; baseline -0.001 -18"><span class='ocrx_word' id='word_1_703' title='bbox 209 5495 375 5563; x_wconf 87' lang='grc' dir='ltr'><strong>σύνης</strong></span> <span class='ocrx_word' id='word_1_704' title='bbox 409 5481 667 5567; x_wconf 82' lang='grc' dir='ltr'><strong>ἀφορμήν</strong></span> <span class='ocrx_word' id='word_1_705' title='bbox 699 5512 817 5549; x_wconf 89' lang='grc' dir='ltr'><strong>τινα</strong></span> <span class='ocrx_word' id='word_1_706' title='bbox 842 5495 1171 5565; x_wconf 78' lang='grc' dir='ltr'><strong>παρέχεται⁸</strong></span> <span class='ocrx_word' id='word_1_707' title='bbox 1203 5494 1339 5549; x_wconf 80' lang='grc' dir='ltr'><strong>ἀλλὰ</strong></span> <span class='ocrx_word' id='word_1_708' title='bbox 1366 5496 1458 5547; x_wconf 75' lang='grc' dir='ltr'><strong>καὶ</strong></span> <span class='ocrx_word' id='word_1_709' title='bbox 1478 5494 1568 5546; x_wconf 72' lang='grc' dir='ltr'><strong>τὸν</strong></span> <span class='ocrx_word' id='word_1_710' title='bbox 1584 5495 1785 5562; x_wconf 86' lang='grc' dir='ltr'><strong>τρόπον</strong></span> 
     </span>
    </p>
   </div>
   <div class='ocr_carea' id='block_1_101' title="bbox 208 5583 1784 5656">
    <p class='ocr_par' dir='ltr' id='par_1_101' title="bbox 208 5583 1784 5656">
     <span class='ocr_line' id='line_1_101' title="bbox 208 5583 1784 5656; baseline 0 -20"><span class='ocrx_word' id='word_1_711' title='bbox 208 5585 389 5637; x_wconf 70' lang='grc' dir='ltr'><strong>αὐτῶν</strong></span> <span class='ocrx_word' id='word_1_712' title='bbox 419 5586 517 5655; x_wconf 88' lang='grc' dir='ltr'><strong>τῆς</strong></span> <span class='ocrx_word' id='word_1_713' title='bbox 548 5584 817 5648; x_wconf 81' lang='grc' dir='ltr'><strong>ἀπαθείας</strong></span> <span class='ocrx_word' id='word_1_714' title='bbox 846 5584 1048 5655; x_wconf 75' lang='grc' dir='ltr'><strong>μᾶλλον</strong></span> <span class='ocrx_word' id='word_1_715' title='bbox 1086 5584 1387 5654; x_wconf 84' lang='grc' dir='ltr'><strong>διελέγχει·</strong></span> <span class='ocrx_word' id='word_1_716' title='bbox 1419 5585 1502 5637; x_wconf 78' lang='grc' dir='ltr'><strong>ὅτι</strong></span> <span class='ocrx_word' id='word_1_717' title='bbox 1537 5584 1657 5637; x_wconf 76' lang='grc' dir='ltr'><strong>δέον</strong></span> <span class='ocrx_word' id='word_1_718' title='bbox 1690 5583 1784 5656; x_wconf 75' lang='grc' dir='ltr'><strong>ζη-</strong></span> 
     </span>
    </p>
   </div>
   <div class='ocr_carea' id='block_1_102' title="bbox 279 5825 1353 5896">
    <p class='ocr_par' dir='ltr' id='par_1_102' title="bbox 279 5825 1353 5896">
     <span class='ocr_line' id='line_1_102' title="bbox 279 5825 1353 5896; baseline 0.002 -13"><span class='ocrx_word' id='word_1_719' title='bbox 279 5829 327 5860; x_wconf 80' lang='grc'><strong>⁶³</strong></span> <span class='ocrx_word' id='word_1_720' title='bbox 370 5825 499 5883; x_wconf 84' lang='lat' dir='ltr'><strong>Luc.</strong></span> <span class='ocrx_word' id='word_1_721' title='bbox 557 5842 643 5890; x_wconf 81' lang='lat' dir='ltr'><strong>xv,</strong></span> <span class='ocrx_word' id='word_1_722' title='bbox 703 5827 789 5882; x_wconf 74' lang='grc'><strong>15.</strong></span> <span class='ocrx_word' id='word_1_723' title='bbox 882 5828 927 5861; x_wconf 78' lang='grc'><strong><em>⁵³</em></strong></span> <span class='ocrx_word' id='word_1_724' title='bbox 986 5829 1115 5884; x_wconf 87' lang='lat' dir='ltr'><strong>ibid.</strong></span> <span class='ocrx_word' id='word_1_725' title='bbox 1170 5830 1353 5896; x_wconf 66' lang='lat'><strong>£7,19.</strong></span> 
     </span>
    </p>
   </div>
   <div class='ocr_carea' id='block_1_103' title="bbox 214 5898 1795 5971">
    <p class='ocr_par' dir='ltr' id='par_1_103' title="bbox 214 5898 1795 5971">
     <span class='ocr_line' id='line_1_103' title="bbox 214 5898 1795 5971; baseline 0.002 -18"><span class='ocrx_word' id='word_1_726' title='bbox 214 5914 368 5971; x_wconf 62' lang='lat' dir='ltr'><strong>seqq.</strong></span> <span class='ocrx_word' id='word_1_727' title='bbox 446 5899 487 5930; x_wconf 76' lang='grc'><strong>⁸⁸</strong></span> <span class='ocrx_word' id='word_1_728' title='bbox 513 5898 641 5955; x_wconf 90' lang='lat' dir='ltr'><strong>ibid.</strong></span> <span class='ocrx_word' id='word_1_729' title='bbox 682 5913 797 5968; x_wconf 81' lang='lat' dir='ltr'><strong>vni,</strong></span> <span class='ocrx_word' id='word_1_730' title='bbox 837 5899 921 5956; x_wconf 83' lang='lat'><strong>10.</strong></span> <span class='ocrx_word' id='word_1_731' title='bbox 998 5901 1040 5933; x_wconf 65' lang='grc' dir='ltr'><strong>θ’</strong></span> <span class='ocrx_word' id='word_1_732' title='bbox 1068 5898 1258 5957; x_wconf 79' lang='lat' dir='ltr'><strong>Matth.</strong></span> <span class='ocrx_word' id='word_1_733' title='bbox 1293 5916 1407 5969; x_wconf 81' lang='lat' dir='ltr'><strong>stu,</strong></span> <span class='ocrx_word' id='word_1_734' title='bbox 1444 5900 1552 5969; x_wconf 82' lang='lat'><strong>36;</strong></span> <span class='ocrx_word' id='word_1_735' title='bbox 1589 5918 1679 5969; x_wconf 82' lang='lat' dir='ltr'><strong>xv,</strong></span> <span class='ocrx_word' id='word_1_736' title='bbox 1712 5902 1795 5957; x_wconf 76' lang='grc' dir='ltr'><strong>ιδ.</strong></span> 
     </span>
    </p>
   </div>
   <div class='ocr_carea' id='block_1_104' title="bbox 1454 5830 1817 5887">
    <p class='ocr_par' dir='ltr' id='par_1_104' title="bbox 1454 5830 1817 5887">
     <span class='ocr_line' id='line_1_104' title="bbox 1454 5830 1817 5887; baseline 0.008 -3"><span class='ocrx_word' id='word_1_737' title='bbox 1454 5830 1497 5862; x_wconf 72' lang='grc'><strong>⁸⁸</strong></span> <span class='ocrx_word' id='word_1_738' title='bbox 1550 5830 1680 5887; x_wconf 84' lang='lat' dir='ltr'><strong>ibid.</strong></span> <span class='ocrx_word' id='word_1_739' title='bbox 1729 5831 1817 5887; x_wconf 72' lang='lat'><strong>28.</strong></span> 
     </span>
    </p>
   </div>
   <div class='ocr_carea' id='block_1_105' title="bbox 1895 4669 3471 4750">
    <p class='ocr_par' dir='ltr' id='par_1_105' title="bbox 1895 4669 3471 4750">
     <span class='ocr_line' id='line_1_105' title="bbox 1895 4669 3471 4750; baseline -0.01 -15"><span class='ocrx_word' id='word_1_740' title='bbox 1895 4680 2178 4750; x_wconf 80' lang='lat' dir='ltr'><strong>Synagoga</strong></span> <span class='ocrx_word' id='word_1_741' title='bbox 2214 4673 2527 4730; x_wconf 71' lang='lat' dir='ltr'><strong>Judteorum</strong></span> <span class='ocrx_word' id='word_1_742' title='bbox 2568 4690 2588 4723; x_wconf 79' lang='grc' dir='ltr'><strong>ι</strong></span> <span class='ocrx_word' id='word_1_743' title='bbox 2629 4672 2872 4726; x_wconf 86' lang='lat' dir='ltr'><strong>videntes</strong></span> <span class='ocrx_word' id='word_1_744' title='bbox 2924 4685 3033 4724; x_wconf 91' lang='lat' dir='ltr'><strong>nou</strong></span> <span class='ocrx_word' id='word_1_745' title='bbox 3075 4669 3368 4731; x_wconf 80' lang='lat' dir='ltr'><strong>videbant,</strong></span> <span class='ocrx_word' id='word_1_746' title='bbox 3416 4674 3471 4720; x_wconf 84' lang='lat' dir='ltr'><strong>et</strong></span> 
     </span>
    </p>
   </div>
   <div class='ocr_carea' id='block_1_106' title="bbox 1891 4758 3471 4830">
    <p class='ocr_par' dir='ltr' id='par_1_106' title="bbox 1891 4758 3471 4830">
     <span class='ocr_line' id='line_1_106' title="bbox 1891 4758 3471 4830; baseline -0.009 -5"><span class='ocrx_word' id='word_1_747' title='bbox 1891 4771 2174 4825; x_wconf 80' lang='lat' dir='ltr'><strong>audientes</strong></span> <span class='ocrx_word' id='word_1_748' title='bbox 2226 4781 2333 4820; x_wconf 92' lang='lat' dir='ltr'><strong>non</strong></span> <span class='ocrx_word' id='word_1_749' title='bbox 2374 4763 2673 4819; x_wconf 88' lang='lat' dir='ltr'><strong>audiebant</strong></span> <span class='ocrx_word' id='word_1_750' title='bbox 2716 4762 2801 4827; x_wconf 84' lang='lat'><strong>&quot;;</strong></span> <span class='ocrx_word' id='word_1_751' title='bbox 2836 4779 2854 4812; x_wconf 74' lang='grc' dir='ltr'><strong>ι</strong></span> <span class='ocrx_word' id='word_1_752' title='bbox 2900 4761 3102 4830; x_wconf 89' lang='lat' dir='ltr'><strong>quippe</strong></span> <span class='ocrx_word' id='word_1_753' title='bbox 3158 4758 3471 4829; x_wconf 73' lang='lat' dir='ltr'><strong>huiusmodi</strong></span> 
     </span>
    </p>
   </div>
   <div class='ocr_carea' id='block_1_107' title="bbox 1892 4851 3473 4926">
    <p class='ocr_par' dir='ltr' id='par_1_107' title="bbox 1892 4851 3473 4926">
     <span class='ocr_line' id='line_1_107' title="bbox 1892 4851 3473 4926; baseline -0.009 -8"><span class='ocrx_word' id='word_1_754' title='bbox 1892 4863 2086 4920; x_wconf 74' lang='lat' dir='ltr'><strong>videre.</strong></span> <span class='ocrx_word' id='word_1_755' title='bbox 2122 4868 2175 4913; x_wconf 91' lang='lat' dir='ltr'><strong>et</strong></span> <span class='ocrx_word' id='word_1_756' title='bbox 2208 4857 2395 4911; x_wconf 75' lang='lat' dir='ltr'><strong>audire</strong></span> <span class='ocrx_word' id='word_1_757' title='bbox 2424 4854 2695 4926; x_wconf 56' lang='lat' dir='ltr'><strong>parabolas</strong></span> <span class='ocrx_word' id='word_1_758' title='bbox 2726 4865 2779 4908; x_wconf 89' lang='lat' dir='ltr'><strong>et</strong></span> <span class='ocrx_word' id='word_1_759' title='bbox 2811 4851 3201 4909; x_wconf 80' lang='lat' dir='ltr'><strong>similitudines</strong></span> <span class='ocrx_word' id='word_1_760' title='bbox 3249 4860 3473 4920; x_wconf 62' lang='lat' dir='ltr'><strong>praesta-</strong></span> 
     </span>
    </p>
   </div>
   <div class='ocr_carea' id='block_1_108' title="bbox 1896 4943 3475 5016">
    <p class='ocr_par' dir='ltr' id='par_1_108' title="bbox 1896 4943 3475 5016">
     <span class='ocr_line' id='line_1_108' title="bbox 1896 4943 3475 5016; baseline -0.007 -10"><span class='ocrx_word' id='word_1_761' title='bbox 1896 4954 2043 5006; x_wconf 82' lang='lat' dir='ltr'><strong>bant.</strong></span> <span class='ocrx_word' id='word_1_762' title='bbox 2077 4949 2191 5007; x_wconf 82' lang='lat' dir='ltr'><strong>Etsi</strong></span> <span class='ocrx_word' id='word_1_763' title='bbox 2218 4949 2363 5003; x_wconf 89' lang='lat' dir='ltr'><strong>enim</strong></span> <span class='ocrx_word' id='word_1_764' title='bbox 2393 4963 2525 5016; x_wconf 85' lang='lat' dir='ltr'><strong>gens</strong></span> <span class='ocrx_word' id='word_1_765' title='bbox 2550 4943 2864 4999; x_wconf 73' lang='lat' dir='ltr'><strong>Judteorum</strong></span> <span class='ocrx_word' id='word_1_766' title='bbox 2883 4986 2897 5008; x_wconf 92' lang='lat'><strong>,</strong></span> <span class='ocrx_word' id='word_1_767' title='bbox 2934 4958 3060 4997; x_wconf 90' lang='lat' dir='ltr'><strong>cum</strong></span> <span class='ocrx_word' id='word_1_768' title='bbox 3089 4944 3252 4997; x_wconf 88' lang='lat' dir='ltr'><strong>corde</strong></span> <span class='ocrx_word' id='word_1_769' title='bbox 3300 4944 3475 4995; x_wconf 61' lang='lat' dir='ltr'><strong>olnluo</strong></span> 
     </span>
    </p>
   </div>
   <div class='ocr_carea' id='block_1_109' title="bbox 1893 5034 3474 5107">
    <p class='ocr_par' dir='ltr' id='par_1_109' title="bbox 1893 5034 3474 5107">
     <span class='ocr_line' id='line_1_109' title="bbox 1893 5034 3474 5107; baseline -0.009 -9"><span class='ocrx_word' id='word_1_770' title='bbox 1893 5054 2012 5098; x_wconf 87' lang='lat' dir='ltr'><strong>rato</strong></span> <span class='ocrx_word' id='word_1_771' title='bbox 2045 5049 2230 5098; x_wconf 76' lang='lat' dir='ltr'><strong>essent</strong></span> <span class='ocrx_word' id='word_1_772' title='bbox 2258 5079 2273 5102; x_wconf 88' lang='lat'><strong>.</strong></span> <span class='ocrx_word' id='word_1_773' title='bbox 2306 5048 2360 5095; x_wconf 90' lang='lat' dir='ltr'><strong>et</strong></span> <span class='ocrx_word' id='word_1_774' title='bbox 2405 5037 2511 5092; x_wconf 84' lang='lat' dir='ltr'><strong>luci</strong></span> <span class='ocrx_word' id='word_1_775' title='bbox 2559 5036 2842 5107; x_wconf 82' lang='lat' dir='ltr'><strong>religionis</strong></span> <span class='ocrx_word' id='word_1_776' title='bbox 2889 5045 3082 5105; x_wconf 82' lang='lat' dir='ltr'><strong>sponte</strong></span> <span class='ocrx_word' id='word_1_777' title='bbox 3141 5050 3237 5089; x_wconf 88' lang='lat' dir='ltr'><strong>sua</strong></span> <span class='ocrx_word' id='word_1_778' title='bbox 3282 5034 3474 5088; x_wconf 76' lang='lat' dir='ltr'><strong>OtUIUS</strong></span> 
     </span>
    </p>
   </div>
   <div class='ocr_carea' id='block_1_110' title="bbox 1890 5125 3472 5190">
    <p class='ocr_par' dir='ltr' id='par_1_110' title="bbox 1890 5125 3472 5190">
     <span class='ocr_line' id='line_1_110' title="bbox 1890 5125 3472 5190; baseline -0.008 0"><span class='ocrx_word' id='word_1_779' title='bbox 1890 5134 2206 5190; x_wconf 83' lang='lat' dir='ltr'><strong>clauderent</strong></span> <span class='ocrx_word' id='word_1_780' title='bbox 2234 5151 2247 5184; x_wconf 91' lang='lat'>:</span> <span class='ocrx_word' id='word_1_781' title='bbox 2305 5150 2322 5182; x_wconf 84' lang='lat' dir='ltr'><strong>t</strong></span> <span class='ocrx_word' id='word_1_782' title='bbox 2359 5128 2611 5185; x_wconf 80' lang='lat' dir='ltr'><strong>Videntes</strong></span> <span class='ocrx_word' id='word_1_783' title='bbox 2642 5144 2749 5181; x_wconf 84' lang='lat' dir='ltr'><strong>non</strong></span> <span class='ocrx_word' id='word_1_784' title='bbox 2780 5126 3055 5190; x_wconf 86' lang='lat' dir='ltr'><strong>videbant,</strong></span> <span class='ocrx_word' id='word_1_785' title='bbox 3100 5134 3154 5179; x_wconf 90' lang='lat' dir='ltr'><strong>et</strong></span> <span class='ocrx_word' id='word_1_786' title='bbox 3187 5125 3472 5178; x_wconf 80' lang='lat' dir='ltr'><strong>audientes</strong></span> 
     </span>
    </p>
   </div>
   <div class='ocr_carea' id='block_1_111' title="bbox 1890 5220 3468 5287">
    <p class='ocr_par' dir='ltr' id='par_1_111' title="bbox 1890 5220 3468 5287">
     <span class='ocr_line' id='line_1_111' title="bbox 1890 5220 3468 5287; baseline -0.006 -6"><span class='ocrx_word' id='word_1_787' title='bbox 1890 5242 1999 5281; x_wconf 89' lang='lat' dir='ltr'><strong>non</strong></span> <span class='ocrx_word' id='word_1_788' title='bbox 2044 5223 2378 5287; x_wconf 87' lang='lat' dir='ltr'><strong>audiebant;</strong></span> <span class='ocrx_word' id='word_1_789' title='bbox 2411 5241 2429 5274; x_wconf 75' lang='grc' dir='ltr'><strong>ι</strong></span> <span class='ocrx_word' id='word_1_790' title='bbox 2470 5221 2676 5276; x_wconf 90' lang='lat' dir='ltr'><strong>nullam</strong></span> <span class='ocrx_word' id='word_1_791' title='bbox 2733 5229 2913 5274; x_wconf 88' lang='lat' dir='ltr'><strong>tamen</strong></span> <span class='ocrx_word' id='word_1_792' title='bbox 2960 5220 3230 5273; x_wconf 86' lang='lat' dir='ltr'><strong>resistenti</strong></span> <span class='ocrx_word' id='word_1_793' title='bbox 3278 5234 3468 5272; x_wconf 86' lang='lat' dir='ltr'><strong>eorum</strong></span> 
     </span>
    </p>
   </div>
   <div class='ocr_carea' id='block_1_112' title="bbox 1893 5307 3468 5383">
    <p class='ocr_par' dir='ltr' id='par_1_112' title="bbox 1893 5307 3468 5383">
     <span class='ocr_line' id='line_1_112' title="bbox 1893 5307 3468 5383; baseline -0.007 -13"><span class='ocrx_word' id='word_1_794' title='bbox 1893 5314 2057 5370; x_wconf 88' lang='lat' dir='ltr'><strong>indoli</strong></span> <span class='ocrx_word' id='word_1_795' title='bbox 2098 5312 2349 5383; x_wconf 82' lang='lat' dir='ltr'><strong>parabnla</strong></span> <span class='ocrx_word' id='word_1_796' title='bbox 2392 5318 2622 5381; x_wconf 87' lang='lat' dir='ltr'><strong>(utpote</strong></span> <span class='ocrx_word' id='word_1_797' title='bbox 2660 5326 2781 5379; x_wconf 76' lang='lat' dir='ltr'><strong>quae</strong></span> <span class='ocrx_word' id='word_1_798' title='bbox 2843 5309 3180 5363; x_wconf 84' lang='lat' dir='ltr'><strong>obscuritate</strong></span> <span class='ocrx_word' id='word_1_799' title='bbox 3227 5307 3468 5360; x_wconf 73' lang='lat' dir='ltr'><strong>involve-</strong></span> 
     </span>
    </p>
   </div>
   <div class='ocr_carea' id='block_1_113' title="bbox 1892 5397 3469 5472">
    <p class='ocr_par' dir='ltr' id='par_1_113' title="bbox 1892 5397 3469 5472">
     <span class='ocr_line' id='line_1_113' title="bbox 1892 5397 3469 5472; baseline -0.004 -15"><span class='ocrx_word' id='word_1_800' title='bbox 1892 5402 2091 5469; x_wconf 85' lang='lat' dir='ltr'><strong>batur)</strong></span> <span class='ocrx_word' id='word_1_801' title='bbox 2143 5401 2461 5472; x_wconf 77' lang='lat' dir='ltr'><strong>ignorantiae</strong></span> <span class='ocrx_word' id='word_1_802' title='bbox 2497 5400 2841 5455; x_wconf 85' lang='lat' dir='ltr'><strong>occasionem</strong></span> <span class='ocrx_word' id='word_1_803' title='bbox 2871 5398 3074 5468; x_wconf 67' lang='lat' dir='ltr'><strong>prmbet</strong></span> <span class='ocrx_word' id='word_1_804' title='bbox 3096 5439 3110 5462; x_wconf 94' lang='lat'><strong>,</strong></span> <span class='ocrx_word' id='word_1_805' title='bbox 3162 5398 3253 5452; x_wconf 88' lang='lat' dir='ltr'><strong>sed</strong></span> <span class='ocrx_word' id='word_1_806' title='bbox 3286 5397 3469 5467; x_wconf 86' lang='lat' dir='ltr'><strong>potius</strong></span> 
     </span>
    </p>
   </div>
   <div class='ocr_carea' id='block_1_114' title="bbox 1892 5489 3465 5564">
    <p class='ocr_par' dir='ltr' id='par_1_114' title="bbox 1892 5489 3465 5564">
     <span class='ocr_line' id='line_1_114' title="bbox 1892 5489 3465 5564; baseline -0.003 -17"><span class='ocrx_word' id='word_1_807' title='bbox 1892 5494 2132 5564; x_wconf 89' lang='lat' dir='ltr'><strong>ipsorum</strong></span> <span class='ocrx_word' id='word_1_808' title='bbox 2166 5508 2347 5547; x_wconf 79' lang='lat' dir='ltr'><strong>mores</strong></span> <span class='ocrx_word' id='word_1_809' title='bbox 2381 5491 2690 5547; x_wconf 69' lang='lat' dir='ltr'><strong>indolentia:</strong></span> <span class='ocrx_word' id='word_1_810' title='bbox 2714 5490 2944 5545; x_wconf 87' lang='lat' dir='ltr'><strong>crimine</strong></span> <span class='ocrx_word' id='word_1_811' title='bbox 2975 5490 3287 5557; x_wconf 76' lang='lat' dir='ltr'><strong>redarguit;</strong></span> <span class='ocrx_word' id='word_1_812' title='bbox 3322 5489 3465 5559; x_wconf 79' lang='lat' dir='ltr'><strong>quod</strong></span> 
     </span>
    </p>
   </div>
   <div class='ocr_carea' id='block_1_115' title="bbox 1892 5583 3466 5654">
    <p class='ocr_par' dir='ltr' id='par_1_115' title="bbox 1892 5583 3466 5654">
     <span class='ocr_line' id='line_1_115' title="bbox 1892 5583 3466 5654; baseline -0.004 -14"><span class='ocrx_word' id='word_1_813' title='bbox 1892 5600 1979 5641; x_wconf 83' lang='lat' dir='ltr'><strong>res</strong></span> <span class='ocrx_word' id='word_1_814' title='bbox 2010 5600 2117 5639; x_wconf 89' lang='lat' dir='ltr'><strong>non</strong></span> <span class='ocrx_word' id='word_1_815' title='bbox 2164 5595 2475 5654; x_wconf 81' lang='lat' dir='ltr'><strong>perspectas</strong></span> <span class='ocrx_word' id='word_1_816' title='bbox 2502 5599 2566 5638; x_wconf 85' lang='lat' dir='ltr'><strong>ex</strong></span> <span class='ocrx_word' id='word_1_817' title='bbox 2601 5584 2718 5648; x_wconf 85' lang='lat' dir='ltr'><strong>his,</strong></span> <span class='ocrx_word' id='word_1_818' title='bbox 2752 5598 2874 5653; x_wconf 77' lang='lat' dir='ltr'><strong>qua:</strong></span> <span class='ocrx_word' id='word_1_819' title='bbox 2905 5584 3017 5652; x_wconf 85' lang='lat' dir='ltr'><strong>jam</strong></span> <span class='ocrx_word' id='word_1_820' title='bbox 3048 5583 3427 5637; x_wconf 81' lang='lat' dir='ltr'><strong>intellexerant</strong></span> <span class='ocrx_word' id='word_1_821' title='bbox 3448 5618 3466 5646; x_wconf 92' lang='lat'><strong>,</strong></span> 
     </span>
    </p>
   </div>
   <div class='ocr_carea' id='block_1_116' title="bbox 1905 5826 3465 5893">
    <p class='ocr_par' dir='ltr' id='par_1_116' title="bbox 1905 5826 3465 5893">
     <span class='ocr_line' id='line_1_116' title="bbox 1905 5826 3465 5893; baseline -0.004 -8"><span class='ocrx_word' id='word_1_822' title='bbox 1905 5832 1949 5864; x_wconf 86' lang='grc'><strong>⁸⁸</strong></span> <span class='ocrx_word' id='word_1_823' title='bbox 1986 5830 2113 5885; x_wconf 79' lang='lat' dir='ltr'><strong>ibid.</strong></span> <span class='ocrx_word' id='word_1_824' title='bbox 2200 5846 2306 5893; x_wconf 76' lang='lat' dir='ltr'><strong>xw,</strong></span> <span class='ocrx_word' id='word_1_825' title='bbox 2364 5831 2410 5885; x_wconf 86' lang='grc' dir='ltr'><strong>Ι.</strong></span> <span class='ocrx_word' id='word_1_826' title='bbox 2518 5831 2560 5863; x_wconf 82' lang='grc'><strong>⁶⁶</strong></span> <span class='ocrx_word' id='word_1_827' title='bbox 2591 5831 2723 5887; x_wconf 86' lang='lat' dir='ltr'><strong>ibid.</strong></span> <span class='ocrx_word' id='word_1_828' title='bbox 2776 5831 2847 5887; x_wconf 70' lang='lat'><strong>‘23</strong></span> <span class='ocrx_word' id='word_1_829' title='bbox 2896 5846 3051 5893; x_wconf 84' lang='lat' dir='ltr'><strong>seqq.</strong></span> <span class='ocrx_word' id='word_1_830' title='bbox 3149 5829 3192 5859; x_wconf 87' lang='lat'><strong>&quot;</strong></span> <span class='ocrx_word' id='word_1_831' title='bbox 3220 5828 3349 5883; x_wconf 87' lang='lat' dir='ltr'><strong>ibid.</strong></span> <span class='ocrx_word' id='word_1_832' title='bbox 3396 5826 3465 5879; x_wconf 70' lang='grc' dir='ltr'><strong>ει</strong></span> 
     </span>
    </p>
   </div>
   <div class='ocr_carea' id='block_1_117' title="bbox 2518 5831 3051 5901">
    <p class='ocr_par' dir='ltr' id='par_1_117' title="bbox 2518 5831 3051 5901">
     <span class='ocr_line' id='line_1_117' title="bbox 2518 5831 3051 5901; baseline -0.004 -14"><span class='ocrx_word' id='word_1_833' title='bbox 2518 5831 2560 5863; x_wconf 81' lang='grc'><strong>⁶⁶</strong></span> <span class='ocrx_word' id='word_1_834' title='bbox 2591 5831 2723 5887; x_wconf 86' lang='lat' dir='ltr'><strong>ibid.</strong></span> <span class='ocrx_word' id='word_1_835' title='bbox 2776 5831 2847 5887; x_wconf 72' lang='lat'><strong>2‘3</strong></span> <span class='ocrx_word' id='word_1_836' title='bbox 2896 5846 3051 5901; x_wconf 85' lang='lat' dir='ltr'><strong>seqq.</strong></span> 
     </span>
    </p>
   </div>
   <div class='ocr_carea' id='block_1_118' title="bbox 1873 5901 2352 5967">
    <p class='ocr_par' dir='ltr' id='par_1_118' title="bbox 1873 5901 2352 5967">
     <span class='ocr_line' id='line_1_118' title="bbox 1873 5901 2352 5967; baseline -0.004 -10"><span class='ocrx_word' id='word_1_837' title='bbox 1873 5904 1915 5934; x_wconf 75' lang='lat'><strong>7&quot;</strong></span> <span class='ocrx_word' id='word_1_838' title='bbox 1950 5901 2078 5959; x_wconf 89' lang='lat' dir='ltr'><strong>ibid.</strong></span> <span class='ocrx_word' id='word_1_839' title='bbox 2112 5918 2228 5967; x_wconf 81' lang='lat' dir='ltr'><strong>xui,</strong></span> <span class='ocrx_word' id='word_1_840' title='bbox 2269 5901 2352 5955; x_wconf 82' lang='grc'><strong>15.</strong></span> 
     </span>
    </p>
   </div>
  </div>
