4202 6442
198 382 301 446 249
1129 373 1229 432 AD
1258 367 1851 433 AMPHILOCHIUM
1889 361 2235 437 QUIESTIO
2260 361 2492 422 XXXV.
3338 346 3444 410 250

202 494 292 545 καὶ
317 488 774 559 συναπαρτίζεται
797 484 1057 539 διάνοιαν.
1098 482 1159 537 '0
1183 483 1315 551 γοῦν
1340 482 1579 553 ῑτοιμος,
1607 480 1766 551 μελέ-
1796 530 1801 540 1

1904 476 2135 531 endente
2164 472 2465 530 certamine
2508 468 2563 524 in
2599 464 2733 536 ipsis
2764 460 3045 534 praludiis
3095 458 3327 564 turbari,
3378 461 3446 512 ad

199 597 315 648 της,
351 580 446 633 καὶ
474 550 765 650 μερίμνης,
794 577 889 630 καὶ
915 574 1246 646 ἀμφιϐολίας
1270 550 1618 645 ἀπήλλακται
1640 585 1655 600 ⁶
1676 570 1770 623 καὶ

1904 583 2049 637 psam
2080 567 2365 637 redigitur,
2390 570 2444 616 et
2475 558 2710 630 quadrat
2739 553 3091 611 sententiam.
3128 550 3231 618 Qui
3266 551 3450 618 itaque

200 644 261 735 δέ
753 666 909 738 φέρει
943 644 1043 737 τὴν
1075 664 1378 733 συνείδησιν
1422 661 1628 731 ταύτης
1672 661 1772 728 τῆς

1904 670 1962 714 ισι
1989 667 2236 728 paratus.
2266 656 2313 711 is
2356 650 2734 712 meditatione.
2789 644 3179 708 sollicitudine,
3216 658 3281 697 ac
3332 656 3452 711 per-

202 738 482 833 ὲμπαθοῦς
514 759 827 822 διαθέσεως,
859 757 1014 811 οὐδὲν
1050 756 1223 810 δεῖται
1263 753 1625 825 προμελετᾷν,
1653 752 1774 803 οὐδὲ

1904 751 2137 805 ιιοιίισιε
2185 749 2296 818 jam
2357 745 2571 800 solutus
2598 751 2721 797 est:
2779 749 2833 794 et
2887 738 2981 808 qui
3045 738 3445 790 conscientiam

202 829 724 924 προαγωνισμάτων,
742 849 863 902 οὐδὲ
887 848 1021 919 πρὸς
1043 848 1166 909 τοὺς
1182 845 1539 913 ἐνεστηκότας
1556 841 1771 905 ἄθλους,

1904 844 2020 912 ;erit
2058 842 2127 896 ab
2150 841 2252 895 hac
2279 840 2509 893 molesta
2538 833 2854 889 conditione
2911 830 3165 893 solutam,
3195 829 3309 896 ipse
3359 840 3452 878 ne-

202 918 294 995 καὶ
318 918 388 995 τά
410 918 688 1009 γυμνάσια
718 918 1203 1008 καταμερίζεσθαι.

1904 949 1991 1005 lue
2021 933 2217 1002 praevia
2244 924 2740 989 animadversione,
2791 936 2968 991 neque
3008 918 3453 992 praelusionibus,

1887 1043 2060 1097 neque
2093 1043 2156 1082 ea
2194 1024 2598 1095 perturbatione
2638 1020 2860 1090 indiget,
2910 1031 3031 1085 qua
3075 1016 3222 1069 circa
3270 1011 3455 1066 inimi-

1889 1129 2079 1175 nentes
2111 1132 2319 1188 pugnas
2346 1124 2400 1170 et
2430 1112 2728 1168 certamina
2759 1119 3032 1165 versatur.

288 1208 450 1262 Ἀλλὰ
474 1208 533 1260 τὸ
562 1206 744 1269 καλῶς
768 1204 1194 1277 προμελετηθὲν,
1221 1206 1315 1259 καὶ
1337 1205 1636 1277 ικὸεδηκδς
1663 1205 1781 1267 ταῖς

1962 1210 2134 1264 Porro
2165 1207 2308 1277 quod
2332 1205 2602 1276 quispiam
2644 1211 2793 1257 recte
2837 1200 3241 1271 pmmeditatus
3273 1208 3377 1263 est,
3408 1206 3464 1251 et

203 1301 468 1362 διανοίαις
516 1298 935 1368 ἀμετακίνητον,
971 1314 1049 1369 τῳ
1084 1314 1141 1350 τι
1180 1297 1378 1368 χρόνῳ,
1414 1297 1508 1350 καὶ
1548 1294 1627 1365 τῷ
1671 1294 1781 1348 ἔθει

1904 1301 2035 1370 ιυοᾶ
2066 1307 2382 1355 constanter
2410 1293 2648 1364 propriis
2697 1290 3268 1347 animadversionihus
3294 1303 3463 1343 exeu-

204 1395 307 1464 τὴν
341 1391 523 1462 κρίσιν
555 1390 876 1443 άδίστακτόν
907 1390 1055 1442 ἐστιν
1080 1390 1497 1461 ἐπιφερόμενον.
1525 1387 1696 1440 Τοῦτο
1724 1385 1783 1439 δὲ

208 1482 647 1555 προὸαλλόμενον
685 1482 896 1535 οἴκοθεν
934 1484 963 1535 ὁ
994 1481 1090 1551 τῆς
1131 1480 1412 1544 εὐσεϐείας
1440 1480 1783 1550 ὑπίρμαχος,

205 1578 309 1648 τῆς
335 1573 431 1628 τοῦ
459 1574 726 1643 παναγίου
758 1572 1071 1643 Πνεύματος
1106 1572 1475 1643 συνεργούσης
1504 1570 1654 1641 αὐτῷ
1688 1572 1785 1642 χά-

212 1685 381 1738 ριτος,
411 1665 627 1736 ’ἕτοιμός
649 1667 762 1718 ἐστι
790 1666 884 1718 καὶ⁵
907 1666 1015 1728 τοίς
1043 1664 1235 1734 μαθεῖν
1264 1664 1507 1716 ἐθέλουσι
1530 1664 1788 1733 χορηγεῖν

210 1758 311 1829 τὴν
348 1757 458 1811 ἀπὸ
485 1756 581 1826 τῆς
607 1754 957 1818 διδασκαλίας
981 1754 1248 1824 ὠφέλειαν
1269 1772 1281 1785 ο
1317 1756 1411 1808 καὶ
1439 1757 1555 1819 τοῖς
1581 1771 1787 1826 πειρω-

1900 1393 2004 1457 dit,
2028 1391 2081 1447 id
2119 1388 2346 1458 tempori
2397 1401 2460 1441 ac
2500 1386 2620 1440 vitae
2652 1382 2982 1438 institutioni
3028 1382 3276 1437 stabilem
3314 1383 3464 1452 judi-

1892 1480 2049 1535 candi
2082 1479 2349 1534 rationem
2384 1476 2612 1531 inducit.
2650 1474 2785 1528 Cum
2810 1482 2991 1527 autem
3025 1473 3165 1527 hanc
3181 1474 3465 1543 judicandi

1893 1570 2161 1624 rationem
2197 1575 2570 1638 propugnator
2604 1564 2754 1621 Fidei
2789 1565 2905 1634 ipse
2946 1578 3043 1634 per
3082 1580 3138 1619 se
3174 1567 3464 1634 producat,

1893 1662 2183 1732 adiuvante
2214 1661 2386 1716 sancti
2431 1658 2670 1729 Spiritus
2708 1660 2881 1728 gratia
2922 1668 3149 1727 paratus
3188 1669 3290 1725 est,
3326 1670 3385 1713 ut
3412 1668 3468 1713 et

1896 1751 1982 1817 iis,
2018 1750 2113 1820 qui
2145 1749 2355 1804 discere
2376 1748 2620 1818 cupiunt,
2652 1746 2916 1801 doctrinae
2940 1747 3290 1801 commodum
3327 1747 3471 1802 elar-

212 1850 403 1920 μένοις
429 1847 740 1918 μωμείσθαι
765 1848 861 1899 καὶ
888 1846 1257 1917 διαχλευάζειν
1282 1844 1376 1898 τοῦ
1403 1845 1669 1916 δόγματος
1692 1847 1791 1918 τὴν

1904 1842 2117 1914 giatur;
2148 1850 2205 1896 et
2243 1840 2409 1897 simul
2447 1840 2535 1903 iis,
2562 1839 2655 1910 qui
2690 1839 2962 1909 dogmatis
2993 1839 3305 1893 certitudini
3338 1839 3466 1893 irri-

208 1939 505 2012 ἀκρίϐειαν
534 1937 934 2008 ἀνθυποφέρειν
971 1938 1108 2008 μετὰ
1139 1936 1393 2009 στερῤοὗ.
1430 1938 1524 1990 καὶ
1556 1936 1789 2008 ἀκλονή·

208 2049 308 2085 του
355 2031 702 2102 φρονήματος
759 2030 858 2099 τῆς
903 2046 963 2081 τε
1013 2029 1435 2100 πεπλανημένης
1490 2028 1647 2100 δόξης
1702 2029 1792 2083 τὸν

208 2121 457 2192 ἔλεγχον,
488 2121 705 2191 καὶτῆς
735 2119 1018 2182 εὐσεϐείας
1042 2118 1101 2172 τὸ
1138 2118 1466 2191 ἀμώμητον.
1496 2118 1795 2184 Βεόαίωσις

209 2214 349 2284 γὰρ,
389 2213 481 2266 καὶ
512 2211 849 2283 σταθηρότης
884 2209 1108 2280 γνώμης
1141 2210 1267 2274 τούς
1292 2228 1354 2264 τε
1383 2212 1521 2283 πρὸς
1557 2212 1794 2283 μάθησιν

208 2304 464 2376 ὁρῶντας
516 2302 977 2374 προσεχεστίρους
1028 2304 1193 2365 ποιεί,
1251 2302 1345 2355 καὶ
1396 2302 1507 2357 τῶν
1552 2306 1794 2373 ὶπηρεα-

212 2397 424 2461 ζόντων
480 2394 867 2466 ἐπιρραπίζειν
908 2389 1015 2447 οἶδε
1055 2392 1117 2446 τὸ
1157 2394 1483 2467 κακοῦργον,
1531 2398 1625 2451 καὶ
1670 2396 1794 2452 επί-

214 2489 445 2559 μοχθον.

292 2580 388 2631 Arb
413 2576 664 2632 τοσοῦτον
690 2580 880 2634 ἀποδεῖ
908 2579 976 2634 τὰ
1005 2580 1273 2651 εἰρημένα
1293 2580 1428 2652 πρὸς
1457 2580 1663 2651 ἄλληλα
1696 2580 1799 2651 μά-

212 2670 418 2742 χεσθαι
440 2670 536 2740 (ὡς
572 2673 663 2725 καὶ
698 2670 782 2725 σοὶ
813 2671 910 2725 νῦν
939 2673 1115 2739 ἔξεστι
1144 2675 1419 2746 συνορᾷν),
1448 2673 1609 2738 ὥστε,
1641 2673 1798 2743 εἴπερ

212 2782 276 2816 τι
298 2764 412 2817 τῶν
442 2764 795 2833 συνᾳδόντων,
814 2767 908 2817 καὶ
936 2765 1393 2836 συμφωνούντων,
1427 2766 1683 2835 οὐδεμίαν
1703 2764 1800 2820 άλ-

212 2856 339 2920 λοις
395 2854 698 2925 ὑπερδολὴν
744 2856 1169 2910 ἀπολείπεσθαιο
1215 2858 1335 2911 οὐδὲ
1386 2859 1419 2928 ἡ
1463 2856 1799 2928 προκειμένη

213 2948 336 2999 τῶν
368 2942 546 3017 ῥητῶν
577 2945 801 3015 θεωρία,
833 2949 941 3001 καὶ.
966 2948 1211 3013 ἐξέτασις
1242 2949 1303 3001 οὐ
1337 2949 1435 3018 μὲν
1468 2943 1562 3002 οὖν
1599 2947 1701 3001 οὐκ
1738 2946 1802 2999 ἂν

216 3039 311 3109 εἴη
366 3038 505 3107 πρὸς
530 3037 841 3106 ὁμολογίαν,
874 3039 966 3091 καὶ
1006 3039 1322 3109 συμφωνίαν
1354 3040 1612 3111 δευτέραν
1650 3038 1803 3103 τάξιν

1896 1935 2025 1991 dere
2054 1943 2283 1999 tentant,
2317 1942 2480 2003 atque
2512 1932 2775 1995 cavillari,
2811 1948 2917 1987 una
2952 1947 3078 1987 cum
3108 1932 3286 1993 ﬁrma.
3317 1942 3369 1986 et
3397 1932 3475 1985 in-

1896 2042 2163 2083 concussa
2201 2026 2399 2082 mentis
2450 2024 2785 2089 constantia,
2827 2033 2941 2078 tum
2984 2024 3134 2079 falsae
3195 2024 3474 2093 opinionis

1896 2120 2303 2185 refutationem,
2336 2128 2451 2173 tum
2490 2117 3021 2187 irreprehensibilem
3068 2117 3348 2187 religionis
3376 2130 3476 2170 no-

1896 2222 2025 2269 stra:
2080 2214 2361 2266 veritatem
2414 2208 2660 2279 objiciat.
2718 2208 2900 2261 Animi
2944 2209 3088 2262 enim
3141 2208 3472 2272 obtirmatio,

1896 2315 2060 2372 atque
2088 2304 2393 2359 constantia
2412 2317 2520 2357 non
2549 2301 2713 2356 modo
2731 2302 3074 2357 addiscentes
3099 2300 3278 2355 reddit
3296 2309 3474 2354 atten-

1899 2397 2088 2459 tiores,
2120 2396 2213 2451 sed
2236 2396 2398 2450 etiam
2428 2396 2494 2450 ad
2521 2394 2870 2451 refellendam
2902 2394 3347 2450 contendentium
3375 2395 3477 2449 im-

1904 2489 2237 2557 probitatem
2261 2497 2315 2542 et
2339 2488 2626 2543 molestam
2658 2489 3057 2543 cavillationem
3123 2489 3287 2545 valet.

1970 2578 2265 2649 Pr0pterea
2325 2590 2535 2634 tantum
2607 2580 2762 2636 abest
2827 2581 3310 2651 (quemadmodum
3376 2581 3475 2635 tibi

1901 2685 2119 2740 quoque
2164 2670 2475 2741 perspicere
2531 2671 2613 2728 fas
2642 2674 2770 2741 est),
2805 2680 2863 2726 ut
2923 2672 3203 2740 proposita
3249 2674 3475 2727 oracula

1902 2772 2144 2833 pugnent
2172 2767 2315 2818 inter
2344 2779 2425 2827 se.
2459 2774 2518 2819 ut
2549 2766 2931 2835 petius.quasi
2964 2781 3225 2829 consona,
3259 2775 3314 2819 ct
3347 2780 3481 2820 con-

1904 2856 2215 2916 sentientia.
2270 2856 2323 2909 in
2369 2857 2517 2910 nulla
2561 2872 2619 2911 re
2659 2872 2689 2910 a
2750 2872 2808 2912 se
2871 2856 3101 2911 invicem
3154 2857 3475 2911 discedant:

1906 2959 2083 3013 neque
2132 2944 2492 3000 nihilominus
2550 2944 2786 2999 adducta
2831 2960 3021 2999 eorum
3068 2949 3478 3009 commentatio.

1905 3046 1961 3089 et
1987 3034 2248 3105 expensio
2294 3035 2526 3091 alterum
2561 3035 2892 3101 concordiae,
2952 3048 3008 3092 et
3072 3038 3476 3095 conciliationis

216 3133 532 3199 ἀπέχουσα.
563 3130 624 3182 El
648 3130 732 3200 δὴ,
759 3130 833 3193 ὡς
864 3130 1015 3193 ἔνιοι,
1049 3132 1109 3185 τὸ
1140 3132 1239 3201 μὶν
1262 3134 1374 3195 τοῖς
1403 3134 1507 3203 πρὸ
1527 3133 1634 3185 τῶν
1661 3131 1801 3199 ἀγώ-

1909 3126 2243 3181 ἱηνεηίεηιιίε
2275 3129 2495 3182 modum
2531 3130 2728 3196 poterit
2768 3130 3079 3200 prohibere.
3111 3130 3383 3185 Nimirum
3409 3132 3481 3197 sl,

230 3242 333 3275 ul
380 3220 732 3291 σχολάζουσιν
786 3223 1022 3292 εἴρηται,
1060 3223 1148 3275 ἵνα
1193 3222 1268 3293 μὴ
1311 3217 1447 3276 ὦσιν
1491 3223 1801 3293 ἀμελήτωςν

224 3313 370 3382 μηδὲ
402 3311 504 3380 τῆς
531 3310 788 3381 ἀληθείας
826 3313 1005 3379 ὀλίγον
1029 3314 1186 3381 λόγον
1214 3312 1455 3382 ἔχοντεςο
1485 3313 1545 3366 τὸ
1576 3312 1635 3365 δι
1670 3312 1805 3381 πρὸς

220 3406 356 3465 τοὺς
396 3405 451 3454 ἐν
480 3404 665 3464 αὐτοῖς
697 3402 1076 3473 ὲμὸεσηκότας
1116 3407 1228 3467 τοῖς
1255 3404 1484 3471 ἀγῶσιν.
1513 3404 1601 3457 ἶνα
1636 3404 1710 3473 μὴ
1739 3406 1803 3473 τῇ

218 3494 405 3563 δειλίᾳ
432 3493 565 3563 πρὸς
592 3492 793 3561 ἀθρόαν
820 3493 1018 3565 κρίσιν,
1054 3496 1148 3546 καὶ
1176 3493 1422 3559 ἐξέτασιν
1444 3492 1723 3562 ἀγόμενοι,
1747 3495 1806 3544 τὸ

225 3583 469 3654 στερρὴν
515 3585 611 3652 τῆς
659 3583 882 3653 ἑνούσης
909 3583 1091 3645 αὐτοῖς
1130 3581 1504 3635 ὐποσαλεὺωσι
1535 3581 1801 3643 πίστεως·

222 3681 326 3731 καὶ
376 3679 412 3747 ἠ
439 3677 663 3748 τοιαύτη
690 3677 798 3730 τῶν
825 3679 1084 3748 ῥημάτων
1120 3678 1256 3747 πρὸς
1284 3677 1383 3748 τὴν
1409 3676 1671 3747 διαφορὰν
1699 3677 1807 3731 τῶν

224 3771 620 3840 ὑποκειμένων
646 3770 895 3840 διανομὴ,
928 3771 1024 3825 καὶ
1054 3770 1323 3838 διαίτησις
1350 3769 1489 3839 μετὰ
1515 3767 1609 3821 τοῦ
1643 3769 1808 3839 μηδὲν

221 3861 641 3926 ἐναντιοῦσθαι,
698 3864 793 3915 καὶ
846 3862 945 3933 τῆς
1004 3861 1339 3931 Δεσποτικῆς
1390 3861 1665 3931 προνοίας,
1718 3862 1811 3915 καὶ

226 3955 567 4025 συνεργείας
601 3955 745 4025 μέγα
782 3955 1102 4026 μαρτύριον,
1138 3954 1235 4010 καὶ
1262 3953 1693 4025 ἀπαράγραπτον
1721 3953 1809 4020 γί-

227 4062 412 4099 νεται.

321 4304 657 4375 Ἦρεμοῦσιν
702 4307 751 4358 oi
793 4306 1044 4377 διωγμοὶ,
1078 4308 1142 4361 σὺ
1176 4306 1232 4360 δὲ
1271 4306 1379 4362 τῶν
1419 4306 1579 4378 ἱερῶν
1604 4308 1812 4378 Λογίων

213 4401 299 4469 τῇ
330 4398 538 4470 μελέτῃ
572 4396 816 4467 σχόλαζε.
855 4398 1325 4472 ’Δναρριπίζονται
1353 4400 1492 4453 κατὰ
1532 4402 1626 4472 τῆς
1656 4402 1813 4454 εὐσε-

1911 3225 1970 3271 ut
2003 3218 2223 3287 quidam
2255 3226 2468 3288 putant,
2499 3230 2827 3291 praceptum
2863 3223 3081 3291 quidem
3117 3221 3258 3278 Petri
3284 3224 3351 3277 iis
3388 3222 3485 3293 qui

1913 3319 2038 3364 ante
2066 3312 2503 3366 concertationes
2532 3315 2819 3368 exercendi
2861 3325 3008 3377 sunt.
3044 3317 3229 3370 datum
3263 3326 3343 3371 est
3376 3334 3389 3380 ;
3418 3331 3486 3370 ne

1912 3400 2121 3456 desidia
2154 3412 2484 3472 torpescaut.
2542 3421 2643 3461 neu
2675 3421 2866 3474 parum
2897 3421 2999 3475 pro
3047 3409 3272 3463 veritate
3304 3408 3488 3463 dicere

1913 3494 2171 3560 valeant;
2205 3495 2429 3549 verbum
2462 3508 2643 3551 autem
2675 3497 2883 3553 Christi
2919 3500 2987 3553 iis
3020 3500 3112 3569 qui
3148 3500 3200 3553 in
3233 3501 3382 3570 ipsas
3408 3500 3487 3555 in-

1914 3584 2103 3638 cidunt
2129 3589 2597 3650 concertationes,
2632 3603 2699 3642 ne
2734 3588 3077 3659 trepidando,
3112 3589 3242 3644 dum
3282 3591 3335 3644 in
3374 3591 3486 3647 fre-

1914 3692 2110 3745 quens,
2144 3678 2361 3747 aliquod
2410 3679 2681 3749 judicium
2760 3695 2813 3738 et
2864 3685 3271 3753 inquisitionem
3318 3686 3489 3742 addu-

1916 3776 2116 3822 cuntur
2141 3769 2317 3823 insita:
2360 3772 2464 3825 sibi
2496 3772 2615 3827 ildei
2643 3774 2955 3830 ﬁrmitatem
2982 3778 3327 3832 subcutiant:
3361 3792 3489 3847 pro-

1917 3858 2063 3915 fecto
2119 3859 2431 3929 huiusmodi
2482 3864 2645 3918 etiam
2700 3867 3047 3921 oraculorum
3086 3869 3311 3923 diversis
3358 3870 3490 3926 sub-

1922 3951 2086 4021 jectis
2134 3951 2476 4018 distributio,
2516 3965 2569 4009 et
2598 3958 2897 4027 assignatio
2932 3960 3093 4014 simul
3134 3972 3186 4013 et
3247 3962 3298 4014 in
3338 3962 3488 4016 nullo

1919 4053 2205 4116 repugnat,
2243 4054 2299 4100 et
2329 4046 2529 4102 divinae
2556 4050 2933 4119 providentiae,
2962 4062 3124 4121 atque
3168 4054 3355 4107 auxilii
3386 4068 3485 4107 va-

1918 4134 2115 4200 lidum,
2181 4135 2444 4204 omnique
2495 4140 3030 4209 exceptione-majus
3088 4146 3289 4212 praebet
3333 4143 3486 4197 testi-

1916 4239 2178 4280 montum.

1988 4315 2293 4382 Quiescunt
2346 4320 2771 4389 persecutiones,
2836 4332 2891 4376 tu
2940 4323 3145 4378 interea
3207 4340 3484 4383 sacrarum

1920 4402 2252 4459 Litterarum
2290 4406 2630 4462 meditationi
2680 4410 2950 4464 incumbe.
3011 4411 3328 4468 Excitantur
3379 4416 3486 4472 illa:

215 4488 422 4550 ὁσίας,
446 4488 542 4541 καὶ
573 4489 875 4555 μαίνονται,
904 4490 1069 4559 μηδὲν
1094 4488 1388 4561 δειλιάσῃς,
1418 4490 1554 4560 μηδὲ
1582 4490 1801 4563 ουρυ6η‹

1919 4502 2113 4548 contra
2170 4496 2513 4565 religionem,
2567 4508 2620 4552 et
2656 4498 2861 4563 furum,
2919 4517 2987 4555 ne
3041 4504 3252 4566 timeas.
3308 4522 3487 4577 neque

211 4576 363 4645 θῇς*
402 4576 538 4646 μηδι
570 4576 703 4645 πρὸς
734 4576 794 4628 τὸ
828 4574 1032 4642 λοιπὸν,
1060 4577 1126 4631 ἂν
1154 4576 1297 4632 οὕτω
1324 4579 1477 4649 τύχοι
1506 4579 1604 4649 τῆς
1636 4597 1815 4651 παρα-

214 4670 471 4736 σκευῆς,
498 4666 842 4733 ἀποϐλέπων,
886 4670 947 4723 τὸ
982 4672 1324 4740 παράστημα
1351 4671 1450 4741 τῆς
1476 4670 1651 4742 ψυχῆς
1702 4673 1814 4736 τοῖς

204 4761 532 4831 τυράννοις
574 4761 846 4833 ἔπιδείξῃς
889 4763 1304 4833 δειλαινόμενον.
1344 4763 1529 4833 Ἔχεις
1576 4764 1686 4833 γὰρ
1725 4764 1816 4816 τὸν

202 4851 545 4920 Δεσπότην,
574 4852 711 4923 ὑπὲρ
745 4846 806 4906 οὗ
841 4853 931 4906 τὸν
954 4852 1138 4921 ἀγῶνα
1171 4853 1377 4925 φέρεις,
1400 4854 1461 4907 οὐ
1497 4853 1589 4908 τὸν
1629 4854 1814 4909 λοιπὸν

204 4942 408 5013 μόνον
455 4939 893 5012 ἀναπληροῦντα,
923 4941 1060 4995 ἀλλὰ
1093 4941 1185 4994 καὶ
1215 4940 1394 5012 πολλῷ
1431 4942 1813 5014 δαψιλέστερον

198 5034 336 5105 τὴν
360 5033 705 5104 συνέργειαν,
740 5035 833 5086 καὶ
864 5033 1095 5103 δύναμιν
1120 5034 1496 5105 χαριζόμενον.

1920 4584 2273 4654 perturberis,
2337 4602 2517 4657 neque
2573 4590 2640 4644 ad
2694 4606 2778 4655 ea,
2825 4607 2945 4660 quae.
3000 4594 3195 4649 desunt
3254 4596 3373 4657 tibi,
3428 4606 3488 4651 ut

1921 4677 2421 4747 possintapparari,
2467 4690 2700 4735 mentem
2751 4685 3057 4749 intendens,
3098 4687 3263 4741 animi
3320 4688 3489 4743 robur

1923 4766 2231 4835 trepiditate
2304 4770 2615 4825 submotum
2676 4776 2921 4844 tyrannis
2974 4777 3248 4833 ostendas.
3310 4776 3486 4834 Habes

1921 4856 2065 4910 enim
2113 4855 2427 4923 Dominum,
2457 4875 2555 4929 pro
2579 4877 2689 4932 quo
2721 4874 3000 4919 certamen
3033 4867 3206 4933 subis,
3254 4868 3344 4937 qui
3380 4886 3487 4924 non

1921 4948 2124 5013 solum,
2152 4949 2295 5018 quod
2344 4950 2440 5005 tibi
2471 4952 2643 5016 deest,
2675 4956 2921 5024 supplet,
2969 4959 3061 5012 sed
3114 4960 3277 5013 etiam
3310 4975 3487 5030 Opem,

1917 5046 1972 5092 et
1988 5040 2131 5094 vires
2165 5041 2335 5097 multo
2359 5043 2636 5114 copiosius
2665 5048 2971 5117 impertitur
2998 5050 3129 5120 (82).

1760 5214 1985 5270 ΝΟΤΑΣ.

323 5399 431 5465 89.)
464 5398 756 5470 Memento,
796 5398 940 5470 quod
1000 5399 1185 5455 nostri,
1225 5399 1543 5470 interpretes
1595 5400 1675 5455 sic
1711 5401 1809 5456 ad-

187 5475 472 5531 ductum
530 5469 638 5540 divi
670 5466 827 5540 Petri
856 5469 1053 5540 locum,
1088 5466 1431 5540 intelligant:
1491 5470 1661 5540 parati
1698 5472 1808 5526 sint

184 5553 458 5602 omnes,
486 5539 649 5593 etiam
681 5539 823 5600 laici,
849 5554 957 5592 non
991 5538 1057 5592 ad
1087 5538 1471 5608 disputandum
1494 5538 1576 5593 Vde
1613 5542 1807 5608 quovis

186 5611 368 5671 ﬁdei
405 5608 682 5680 mysterio,
710 5608 759 5660 id
790 5608 934 5662 enim
968 5610 1034 5662 ad
1063 5609 1313 5664 doctores
1366 5619 1576 5663 tantum
1606 5620 1660 5663 et
1709 5626 1806 5680 pa-

186 5694 422 5750 stores
452 5678 706 5750 Ecclesia:
737 5681 973 5750 pertinet
1003 5697 1016 5732 :
1050 5680 1143 5734 sed
1166 5681 1234 5734 ad
1277 5678 1723 5750 respondendum
1740 5684 1807 5735 de

191 5748 615 5824 peculiaribus
632 5749 968 5809 veritatibus.
997 5750 1042 5805 si
1078 5751 1211 5805 satis
1238 5751 1349 5804 sint
1370 5748 1639 5805 instructi
1672 5765 1685 5801 :
1713 5761 1805 5805 aut

1914 5414 2060 5487 certe
2092 5408 2145 5462 in
2177 5410 2437 5487 generali.
2491 5410 2618 5487 quia
2669 5412 2763 5487 sic_
2805 5413 3101 5468 revelatum
3150 5430 3186 5487 a_
3228 5415 3356 5487 lico,
3417 5415 3497 5487 sic

1915 5478 2202 5543 traditum;
2256 5481 2335 5534 sic
2388 5481 2536 5535 omni
2605 5484 2804 5537 saeculo
2848 5494 3111 5539 statutum
3139 5485 3207 5537 ab
3234 5482 3493 5546 Ecclesia,

1913 5562 2035 5622 quae
2060 5549 2415 5622 columnaet
2450 5551 2854 5606 ﬁrmamentum
2896 5562 2982 5607 est
3060 5554 3325 5614 veritatis.
3384 5570 3493 5622 gu-

1914 5617 2136 5672 bernata
2188 5634 2215 5672 a
2251 5618 2451 5687 Spiritu
2501 5629 2693 5675 sancto
2758 5634 2811 5677 et
2846 5638 3052 5689 errore,
3097 5639 3161 5678 ac
3214 5617 3496 5677 mendacio

1916 5701 2196 5763 nunquam
2252 5691 2589 5763 detnrpata._
2629 5692 2683 5763 §i
2753 5693 2823 5746 ita
2898 5693 3343 5763 interpretaberis
3396 5694 3497 5745 hoc

1913 5756 2213 5823 oraculum,
2274 5756 2499 5825 pronius
2526 5758 2589 5814 ad
2626 5759 2829 5818 Christi
2865 5756 3386 5820 verba-descendcs.
