4202 6442
148 380 251 444 253

992 375 1092 434 ΑΙ)
1142 371 1737 435 AMPIIIIDCHIUM
1774 371 2120 445 QU/ESTIO
2149 370 2408 432 XXXVI.

3312 370 3421 437 254

152 493 435 559 εἰκονίζειν
494 492 631 552 ὅλως
686 487 973 558 ὁμολογεῖν
1030 486 1093 540 τὸ
1134 485 1535 558 εἰκονιζόμενον
1581 486 1741 541 δύνα·

1857 486 2104 544 Jeculiari
2156 502 2265 541 non
2307 483 2563 554 exprimit
2608 482 2897 553 imaginem
2937 484 3083 555 (licet
3130 483 3420 555 imaginem

154 587 294 640 σθαι.

228 759 507 820 Ὡσαύτως
532 756 588 809 δὲ
622 756 715 809 καὶ
765 756 827 809 τὸ
854 755 1081 827 ἀρχικὸν
1126 755 1214 809 διὰ
1237 754 1336 824 τὴν
1356 752 1526 819 αὐτὴν
1555 752 1737 807 αἰτίαν

151 851 461 919 νομίζουσιν
497 844 924 916 ἀποδοκιμάζειν
951 863 964 876 ·
995 848 1088 901 καί
1112 864 1193 901 τοι
1226 863 1288 915 γε
1317 845 1541 899 καὶτῶν
1577 846 1738 916 ίερῶν

153 942 365 1009 Λογίων
400 941 587 1009 σαφῶς
613 939 1042 1009 ἐνδεικνυμένων
1066 942 1132 1009 τῇ
1154 939 1404 1009 συνεχείᾳ
1425 937 1525 1007 τῆς
1558 954 1737 1007 παρα-

153 1033 375 1109 θέσεως,
413 1032 488 1093 ὡς
508 1030 567 1083 τὸ
605 1049 623 1081 ι
645 1031 765 1082 κατ’
790 1029 973 1082 εἰκόνα
998 1048 1017 1081 i
1049 1030 1109 1082 τὸ
1138 1029 1365 1099 ἀρχικὸν
1398 1028 1616 1099 ἀξίωμα
1646 1046 1742 1099 ση-

155 1129 369 1194 μαίνειν
418 1123 683 1194 βούλεται.
741 1124 896 1191 Ἔχει
962 1123 1070 1192 γὰρ
1128 1122 1191 1175 τὸ
1239 1125 1341 1191 τῆς
1409 1122 1739 1186 συνεπείαςο

158 1236 173 1264 ε
192 1217 518 1285 Ποιήσωμεν
535 1213 823 1283 ἄνθρωπον
839 1213 958 1265 κατ’
984 1213 1168 1265 εἰκόνα
1186 1213 1486 1284 ἡμετέραν,
1506 1213 1602 1265 καὶ
1623 1212 1741 1266 καθ’

152 1308 536 1376 ὁμοίωσιν,καί
552 1306 875 1376 ἀρχέτωσαν
892 1305 998 1357 τῶν
1015 1305 1213 1375 ἰχθύων
1229 1306 1327 1375 τῆς
1341 1305 1745 1375 θα>.ἁσσης,κα“ι

152 1398 259 1449 τῶν
286 1397 549 1450 πετεινῶν
587 1395 679 1449 τοῦ
708 1393 961 1466 οὐρανοῦ,
993 1397 1088 1449 καὶ
1121 1395 1229 1449 τῶν
1260 1397 1502 1466 κτηνῶν,
1526 1398 1620 1449 καὶ⁵
1643 1395 1741 1450 πά-

156 1507 252 1557 σης
275 1490 378 1557 τῆς
397 1490 520 1557 γῆς·
549 1508 566 1539 ι

223 1581 289 1631 Oi.
320 1579 378 1631 δὲ
407 1580 541 1647 μηδὲ
569 1579 727 1633 τοῦτο
754 1579 1185 1649 δυσωπηθέντες,
1213 1580 1272 1632 οὕ
1299 1597 1429 1650 φασι
1458 1579 1748 1649 δηλοῦσθαι

154 1672 241 1724 διὰ
263 1671 359 1723 τοῦ
390 1672 539 1724 «κατ’
566 1673 781 1726 εἰκόνα»
821 1673 882 1725 τὸ
931 1673 1184 1742 ἀρχικὸν,
1218 1676 1340 1726 ἐπεὶ
1384 1673 1480 1726 καὶ
1506 1674 1616 1726 τῶν
1648 1674 1749 1741 ἁγ-

158 1761 337 1825 γέλων
365 1763 399 1830 ἡ
434 1760 594 1827 φύσις
614 1762 786 1833 ἀρχῆς
809 1762 1139 1831 ὲπιῦέόηκεν
1168 1762 1587 1833 ἐπιστατούσης.
1616 1764 1750 1835 Ἀρι

1840 580 2162 649 impressam
2191 579 2469 633 evidenter
2489 577 2788 647 exhibeat),
2823 578 3070 633 dicamus
3094 577 3423 645 exemplaris

1839 672 1921 724 sui
1957 670 2247 739 imaginem
2282 670 2509 723 omnino
2529 684 2651 725 esse
2682 684 2790 724 non
2818 683 3001 738 posse.

1911 761 2175 816 Similiter
2223 761 2545 816 dominandi
2607 762 2993 817 auctoritatem
3057 761 3127 815 ob
3178 764 3424 817 eamdem

1841 868 2093 907 caussam
2125 852 2459 906 arbitrantur
2490 869 2611 908 esse
2642 852 2994 923 rejiciendam
3027 871 3041 907 :
3078 854 3295 907 tametsi
3338 868 3426 906 sa-

1842 961 1947 999 cra:
1980 943 2196 997 Littera:
2237 960 2527 1014 pr0gressu
2590 954 2881 1000 contextus
2912 954 3095 1012 aperte
3130 946 3427 1004 declarent.

1842 1036 1984 1106 quod
2028 1035 2156 1090 illud
2196 1055 2214 1087 ι
2254 1038 2321 1091 ad
2361 1037 2653 1107 imaginem
2694 1056 2712 1088 ι
2752 1036 3150 1089 dominationis
3195 1038 3431 1106 dignita-

1844 1138 1953 1183 tetn
1991 1128 2277 1198 significet.
2316 1127 2491 1183 liabet
2517 1130 2663 1183 enim
2698 1136 2991 1183 contextus
3027 1147 3040 1182 :
3081 1150 3098 1181 ι
3141 1127 3431 1183 Faciamus

1847 1219 2119 1274 hominem
2145 1221 2213 1274 ad
2271 1221 2564 1290 imaginem
2602 1228 2657 1273 et
2700 1219 3114 1275 similitudiaem
3163 1230 3429 1282 nostram,

1846 1321 1900 1366 et
1949 1312 2131 1382 praesit
2181 1312 2429 1381 piscibus
2477 1313 2667 1375 maris,
2716 1318 2771 1365 et
2811 1311 3129 1365 volatilibus
3185 1314 3330 1375 C(Bli,
3382 1322 3436 1366 et

1848 1403 2057 1471 bestiis,
2091 1406 2469 1475 universeque
2508 1415 2685 1459 terrae.
2717 1422 2737 1456 ι

1921 1565 1984 1619 lli
2016 1575 2219 1633 autem,
2250 1582 2319 1622 ne
2350 1567 2453 1622 hoc
2478 1568 2695 1637 quidem
2721 1566 3017 1637 Scriptum
3043 1568 3163 1624 loco
3182 1571 3434 1639 permoti,

1850 1658 2164 1714 dominandi
2214 1669 2533 1728 potestatem
2593 1674 2689 1729 per
2741 1660 2872 1713 illud
2906 1678 2924 1710 ι
2968 1660 3035 1715 ad
3081 1662 3368 1731 imaginem
3411 1680 3431 1713 ε

1853 1748 2082 1802 indicari
2128 1763 2235 1802 non
2274 1747 2530 1810 fatentur,
2570 1747 2639 1801 ob
2677 1747 2728 1801 id
2770 1748 3003 1809 scilicet,
3046 1749 3175 1817 quia
3216 1751 3440 1819 angelo-

157 1870 331 1922 χοντα
372 1858 478 1923 γὰρ
528 1855 849 1924 Ἀσσυρίων,
893 1855 987 1905 καὶ
1041 1854 1285 1924 ἄρχοντα
1315 1855 1424 1907 τῶν
1479 1854 1750 1908 Ἰουδαίων

1857 1855 1974 1892 rum
2007 1854 2227 1909 quoque
2252 1850 2445 1894 natura
2480 1840 2778 1907 imperandi
2817 1838 3132 1893 facultatem
3173 1840 3437 1894 obtinuit.

160 1946 347 2007 ἔθνους
380 1945 647 2016 λαμπρῶς
700 1945 729 1996 ό
778 1947 1061 2016 προφήτης
1108 1946 1308 2015 Δανιηλ
1362 1945 1750 2017 ἀνακηρύττει.

157 2037 271 2089 Καί
309 2054 415 2089 που
472 2039 565 2089 καὶ
616 2038 644 2088 ό
697 2036 929 2104 θεόπτης
978 2037 1164 2107 φησίν·
1235 2056 1254 2087 ι
1302 2039 1571 2107 Ἐστησεν
1632 2040 1755 2108 όρια

158 2124 332 2181 ἐθνῶν
409 2128 532 2181 κατ’
604 2128 837 2198 ἀριθμὸν
918 2128 1165 2195 ἀγγέλων
1226 2129 1382 2182 Θεοῦ.
1444 2149 1461 2181 i
1545 2130 1755 2183 Οὐκοῦν

158 2220 360 2290 ῶσπερ
387 2220 447 2272 τὸ
478 2220 693 2287 λογικὸν
726 2221 817 2271 καὶ
835 2219 894 2271 τὸ
916 2219 1261 2285 αὐτεξούσιον
1291 2222 1545 2289 ἀγγέλοις
1578 2240 1638 2275 τε
1663 2224 1758 2277 καὶ

158 2311 476 2381 ἀνθρώποις
523 2312 724 2374 κοινὸν,
756 2311 899 2364 οὕτω
922 2311 986 2384 δὴ
1011 2314 1104 2364 καὶ
1126 2315 1186 2366 τὸ
1208 2313 1525 2367 δεσποτικὸν
1571 2332 1631 2369 τε
1666 2314 1758 2368 καὶ

160 2404 471 2473 βασιλικόν.

247 2667 419 2721 ’Λλλά
455 2668 508 2720 τί
538 2666 724 2734 τοῦτο;
761 2670 822 2722 Εἰ
858 2671 955 2741 μὲν
984 2671 1097 2743 γὰρ
1133 2672 1348 2742 προσῆν
1382 2673 1457 2742 τῷ
1486 2672 1651 2743 λόγῳ,
1685 2674 1760 2737 ὼς

165 2759 337 2828 μόνος
378 2758 663 2828 ἄνθρωπος
698 2761 817 2813 κατ’
848 2762 1033 2816 εἰκόνα
1065 2763 1255 2830 γέγονε
1274 2763 1409 2817 Θεοῦ
1444 2765 1761 2834 μαχομένην

164 2849 235 2901 ἂν
270 2848 404 2910 ἴσως
470 2848 569 2918 τὴν
629 2848 739 2901 τῶν
792 2851 1039 2917 ἀγγέλων
1081 2852 1242 2921 φύσιν
1302 2848 1451 2921 εἶχεν
1498 2853 1631 2905 διότι
1667 2854 1762 2904 καὶ

164 2941 306 3009 παρ’
339 2940 520 2992 αὐτῶν
549 2943 761 3010 δρᾶται,
792 2942 860 2994 δι’
884 2936 1067 3012 ὧνπερ
1117 2946 1175 2995 ὲν
1204 2946 1350 3015 χαρᾷ
1372 2946 1433 2998 τὸ
1491 2945 1644 2997 Θείον
1675 2946 1763 2997 ὲν-

164 3029 614 3098 απομάττεσθαι.
662 3032 722 3083 Εἰ
765 3031 822 3083 δὲ
856 3033 1020 3101 μηδὲν
1040 3033 1280 3086 τοιοῦτον
1301 3035 1445 3086 ἔστιν
1471 3036 1649 3103 εὑρεῖν
1674 3038 1763 3101 ὲγ-

166 3120 590 3190 γεγραμμένον,
630 3122 688 3173 οὖ
727 3124 886 3191 μόνον
908 3125 1008 3176 οὐκ
1037 3125 1351 3195 ἀφαιρεῖται
1373 3126 1480 3179 τῶν
1516 3126 1764 3194 ἀγγέλων

166 3211 203 3280 ἡ
264 3210 520 3263 κοινωνία
573 3211 675 3280 τῆς
718 3214 1063 3285 ἀνθρωπίνης
1111 3216 1326 3283 φύσεως
1381 3216 1441 3269 τὸ
1483 3218 1625 3270 κατὰ
1664 3218 1761 3287 τὴν

167 3303 381 3355 πλάσιν
407 3302 624 3371 ἀξίωμα
660 3319 673 3333 ⁸
723 3303 858 3357 ἀλλὰ
885 3306 977 3357 καὶ
1024 3308 1540 3378 παραδειγματικὴν
1604 3310 1763 3381 ἱκανὴ

169 3396 370 3446 πίστιν
418 3394 515 3462 τῆς
543 3394 804 3463 ἀληθείας
859 3397 1217 3467 παρέχεσθαι.
1280 3398 1465 3462 Οὕτως
1522 3396 1615 3454 οὖν
1642 3402 1763 3453 οὐδὲ

169 3486 316 3539 διότι
349 3485 597 3553 λογικῆς,
627 3488 721 3539 καὶ
751 3489 990 3555 νοερὰςό
1018 3489 1249 3557 ἄγγελος
1288 3489 1523 3559 φύσεως,
1561 3492 1764 3562 ταύτης

168 3580 201 3631 ὁ
234 3577 529 3646 ἄνθρωπος
559 3577 958 3649 ἀποστερηθείη
992 3580 1093 3648 τῆς
1124 3580 1427 3650 δυνάμεως.

268 3748 437 3802 Ἀλλὰ
476 3748 585 3817 γὰρ
619 3749 714 3812 οὓς
755 3750 867 3820 ἔχει
892 3752 1097 3820 σπουδὴ
1121 3755 1233 3816 τοῖς
1271 3752 1447 3822 ὀρθῶς
1476 3754 1766 3823 ἀντιφέρε-

172 3840 309 3893 σθαι
365 3840 753 3909 δεδογμένοις;
798 3845 897 3896 οὐκ
936 3843 999 3895 ἂν
1021 3843 1208 3913 ἔμοιγε
1256 3848 1448 3915 κριτῇ,
1512 3846 1767 3899 τοσοῦτον

177 3930 420 3983 ἐκείνων
466 3932 877 3999 προσάπτεσθαι
905 3933 1177 4000 δοκοῦσιν,
1234 3934 1348 3988 ὅσοι
1383 3934 1508 3987 καθ’
1552 3936 1766 3990 ἑαυτῶν

171 4020 612 4090 ἁντιστρέφουσι
651 4024 748 4092 τὴν
788 4027 1141 4094 κατηγορίαν.
1212 4025 1382 4078 Ἔνθα
1404 4028 1512 4097 γὰρ
1541 4026 1769 4098 ὀρθότης

170 4114 448 4175 διανοίας,
485 4113 578 4165 καὶ
610 4116 729 4176 ταῖς
762 4115 1002 4184 Γραφαῖς
1025 4117 1135 4186 (86)
1168 4119 1516 4188 ἁρμόττουσα
1566 4119 1769 4191 θεωρία

174 4206 429 4278 μάλιστά
450 4224 511 4274 γε
539 4208 650 4268 τοῖς
684 4208 973 4279 μακαρίοις
996 4208 1151 4279 ἡμῶν
1169 4209 1528 4280 ἐφιλοπονήθη
1552 4209 1768 4282 Βατρά-

176 4317 295 4363 σιν,
344 4301 657 4369 ἐπικουρεῖν
695 4299 815 4367 μὲν,
873 4300 1029 4371 εἰπερ
1077 4317 1131 4352 τι
1186 4301 1281 4354 καὶ
1339 4302 1769 4371 παραλέλειπται

167 4391 439 4455 ταύταις,
454 4391 624 4453 καὶώς
640 4385 749 4444 οἷόν
774 4407 833 4443 τε
856 4394 1173 4463 συγκροτεῖν
1195 4392 1551 4461 εὐγνωμόνων
1572 4409 1654 4455 τε,
1678 4392 1771 4446 καὶ

1855 1927 1989 1981 Nam
2025 1929 2321 1998 principem
2347 1928 2697 1998 Assyriorum
2730 1929 2812 1992 ";
2841 1935 2897 1981 ct
2937 1925 3232 1995 principem
3262 1929 3438 1996 gentis

1855 2021 2167 2076 Judteorum
2197 2022 2212 2051 ⁸
2254 2021 2522 2090 Propheta
2564 2018 2748 2073 Daniel
2794 2029 2980 2088 aperte
3022 2028 3434 2075 commemorat.

1860 2113 1923 2168 Et
1963 2113 2159 2168 alicubi
2193 2114 2281 2167 ille
2319 2114 2504 2177 etiam,
2537 2114 2631 2182 qui
2684 2112 2817 2166 vidit
2859 2111 3031 2167 Deum
3067 2111 3207 2166 facie
3241 2113 3308 2167 ad
3354 2112 3439 2167 fa-

1858 2207 2019 2268 ciem,
2053 2205 2228 2273 inquit
2259 2224 2271 2260 :
2308 2224 2325 2255 ι
2364 2204 2662 2259 Constituit
2703 2205 2967 2257 terminos
3002 2204 3242 2274 gentium
3281 2205 3437 2273 juxta

1860 2310 2147 2348 numerum
2198 2295 2517 2363 angelorum
2577 2293 2671 2347 Dei
2717 2294 2852 2363 (85).
2906 2312 2923 2344 ι
2965 2292 3437 2359 Quemadmodum

1860 2389 2043 2457 itaque
2081 2386 2471 2453 ratiocinandi,
2524 2395 2690 2457 atque
2748 2388 2916 2440 libere
2971 2387 3163 2456 agendi
3211 2388 3440 2441 facultas

1859 2482 2085 2552 angelis,
2122 2496 2186 2535 ac
2216 2480 2529 2535 hominibus
2558 2479 2869 2534 communis
2901 2489 3007 2544 est,
3049 2482 3118 2532 ita
3149 2480 3313 2534 etiam
3338 2482 3441 2534 θος

1862 2574 2103 2629 minandi
2131 2589 2195 2628 ac
2225 2574 2483 2643 regnandi
2515 2584 2775 2643 potestas.

1934 2666 2039 2721 Sed
2070 2665 2199 2735 quid
2235 2665 2399 2733 ergo?
2438 2664 2493 2717 Si
2525 2664 2669 2717 enim
2702 2659 2982 2730 proposito
3021 2658 3245 2714 oraculo
3276 2659 3443 2713 adde-

1862 2757 2042 2819 batur,
2078 2756 2223 2825 quod
2258 2760 2411 2810 solus
2442 2754 2607 2807 homo
2653 2752 2719 2805 ad
2779 2752 3070 2820 imaginem
3128 2750 3220 2803 Dei
3264 2750 3441 2804 factus

1866 2848 2075 2914 fuisset,
2138 2859 2266 2902 tunc
2324 2845 2672 2900 obstacnlum
2728 2844 2960 2898 fortasse
3016 2845 3071 2897 in
3123 2844 3440 2909 angi-lorum

1864 2952 2057 2995 natura
2090 2940 2462 3001 inveniretur;
2508 2938 2635 3006 quia
2676 2944 2729 2990 et
2766 2936 2821 2987 in
2850 2937 2983 3003 ipsis
3020 2948 3323 2988 cernuntur
3374 2950 3441 2989 ea

1866 3051 1963 3103 per
1991 3051 2111 3103 quae
2140 3032 2325 3086 Divina
2369 3039 2563 3085 natura
2603 3030 2836 3097 exprimi
2880 3039 3083 3097 posset.
3119 3028 3187 3079 At
3228 3028 3270 3081 si
3307 3028 3439 3080 nihil

1868 3125 2175 3195 liujusmodi
2209 3124 2279 3178 ibi
2312 3125 2576 3191 scriptum
2625 3121 2924 3184 invenitur,
2958 3118 3271 3172 communio
3302 3119 3442 3171 inter

1863 3218 2083 3287 angelos
2128 3224 2183 3269 et
2222 3215 2520 3267 humanum
2555 3226 2723 3282 genus
2770 3225 2877 3263 non
2928 3208 3093 3261 modo
3122 3221 3226 3259 non
3267 3206 3443 3260 aufert

1865 3309 2044 3362 datam
2092 3307 2247 3360 nobis
2298 3305 2573 3359 creatione
2625 3302 2985 3373 dignitatem;
3023 3300 3114 3354 sed
3161 3299 3326 3352 etiam
3372 3299 3439 3352 ad

1866 3400 2108 3453 veritatis
2158 3397 2533 3465 probationem
2596 3408 2691 3461 per
2744 3389 3050 3458 exemplum
3115 3402 3441 3454 comparan-

1866 3494 1990 3546 dam
2021 3490 2180 3543 valet.
2217 3487 2330 3541 iloc
2360 3488 2541 3554 itaque
2601 3492 2759 3552 pacto
2801 3495 2897 3533 nec
2942 3480 3069 3548 quia
3121 3477 3441 3531 rationalem

1865 3596 1918 3640 et
1968 3582 2352 3649 intelligentem
2413 3586 2661 3630 naturam
2717 3572 2943 3640 angelus
3006 3571 3186 3634 habet,
3249 3570 3439 3623 eadem

1868 3676 2031 3729 homo
2059 3686 2247 3727 carere
2278 3670 2436 3723 debet
2468 3667 2744 3721 facultate.

1938 3768 2005 3820 At
2051 3766 2193 3820 enim
2237 3763 2327 3832 qui
2376 3760 2633 3814 veritates
2676 3758 2779 3810 rite
2834 3766 3077 3823 receptas
3126 3768 3441 3822 oppugnare

1870 3858 2108 3921 student,
2145 3870 2272 3913 non.
2307 3851 2617 3921 mejudice,
2661 3859 2868 3903 tantum
2904 3848 3021 3900 illas
3066 3855 3333 3899 attentare
3364 3844 3443 3898 vi-

1870 3953 2082 4013 dentur,
2115 3956 2377 4016 quantum
2409 3943 2461 3995 in
2496 3956 2553 3996 se
2586 3940 2687 4008 ipsi
2732 3938 3161 3993 eonfutatiormtu
3203 3946 3437 3989 vertunt.

1872 4042 1969 4097 Hic
2022 4040 2168 4095 enim
2202 4046 2343 4091 recta
2373 4034 2641 4103 cogitandi
2674 4034 2829 4095 ratio,
2857 4042 2910 4085 et
2947 4045 3114 4083 sacrze
3145 4030 3441 4097 Scripturae

1871 4134 2231 4189 consentanea
2262 4127 2529 4189 doctrina,
2567 4140 2594 4176 a
2648 4122 2852 4177 sanctis
2896 4120 3197 4189 prresertim
3236 4118 3439 4172 nostris

1872 4224 2121 4280 Patrihus
2156 4219 2428 4275 elaborata
2477 4225 2579 4280 est,
2610 4224 2668 4268 ut
2707 4208 3021 4281 suppleatur
3062 4210 3323 4279 quidquid
3374 4211 3441 4263 ab

1870 4332 1931 4371 ea
1955 4315 2222 4368 omissum
2254 4319 2358 4374 est,
2390 4318 2444 4362 et
2472 4306 2615 4377 quod
2646 4314 2824 4373 potest
2850 4318 2972 4358 cum
3007 4302 3290 4357 sententiis
3319 4303 3439 4371 pio-

1872 4422 1993 4461 rum
2028 4402 2466 4473 sapientiumque
2523 4397 2765 4449 virorum
2798 4396 3152 4449 concordare.
3186 4391 3288 4457 Qui
3319 4409 3443 4447 rego

174 4481 468 4540 συνέσεως
492 4481 591 4531 οὑκ
614 4480 1016 4549 ὲστερημένων.
1071 4481 1261 4541 Ὀσοις
1300 4480 1414 4551 (87)
1450 4481 1506 4534 δὲ
1544 4483 1758 4552 ἐρεσχεε

1868 4495 2146 4555 doctrinas
2209 4499 2352 4545 recte
2416 4496 2648 4543 statutas
2695 4485 3131 4539 cavillationibus
3192 4492 3446 4553 satagunt

170 4573 332 4634 λίαις
384 4572 452 4623 τὶ
509 4571 687 4635 καλῶς
746 4572 936 4641 ἔχοντα
996 4572 1378 4626 κατασείεοθαι
1419 4573 1638 4644 γνώμη,
1674 4574 1769 4626 καὶ

188 4664 504 4731 καινότητα
532 4664 808 4732 ἐπιζητεῖν
831 4664 1130 4733 φιλοτιμία,
1155 4658 1301 4717 οὗτοι
1323 4663 1609 4735 λελήθασιν
1641 4665 1767 4717 ἑαυο

166 4756 311 4817 τοὺς
350 4756 408 4803 ἐν
442 4754 519 4823 τῷ
550 4754 721 4825 θηρᾷν
768 4755 1033 4826 ὑπόληψιν
1073 4756 1408 4826 ὲντρεχείας,
1458 4758 1550 4809 καὶ
1598 4756 1768 4826 αὐτῆς

164 4849 285 4915 τῆς
371 4846 767 4916 ἰεροπρεποῦς,
826 4847 917 4901 καὶ
983 4846 1225 4917 ἐμφύτου
1282 4849 1766 4918 παρασυρομένους

251 4962 303 4993 ⁹⁹
346 4962 482 5014 Dan.
514 4978 566 5023 Χ,
610 4962 690 5026 15,
721 4960 811 5015 20.
892 4962 908 4992 ⁸
941 4961 1073 5017 ibid.
1107 4962 1197 5016 21.

1875 4582 2213 4654 perturbare.
2258 4588 2311 4632 et
2352 4575 2644 4630 novitatem
2686 4574 2883 4629 sectari
2940 4573 3198 4637 student;
3241 4572 3291 4623 hi
3336 4586 3444 4623 non

1872 4670 2134 4730 sentiunt.
2182 4666 2352 4737 quod,
2411 4666 2539 4718 dum
2586 4664 2652 4717 de
2706 4675 2902 4731 arguto
2955 4661 3171 4730 ingenio
3223 4672 3446 4729 captant

1871 4762 2310 4824 aestimationem,
2340 4757 2441 4827 ipsi
2468 4772 2525 4810 se
2556 4771 2585 4809 a
2612 4754 2891 4822 religiosa,
2920 4768 2983 4807 ac
3006 4768 3139 4821 pura
3170 4754 3447 4822 cogitandi

1872 4857 2083 4910 ratione
2112 4852 2391 4907 divellant.
2424 4847 2485 4902 lli
2513 4848 2659 4901 enim
2689 4846 2743 4899 in
2773 4856 3011 4914 turpem,
3057 4848 3447 4915 propriumque

1703 5054 1932 5111 ΝΟΤᾸΞ.

242 5165 372 5235 (85)
404 5162 580 5237 Deut.
610 5180 783 5231 xxx",
808 5166 1023 5237 _8g;7__sed
1062 5164 1285 5237 Photius
1311 5164 1399 5221 hic
1431 5180 1648 5237 quoque
1675 5182 1760 5222 se-

208 5234 380 5293 uitur
443 5236 746 5306 vei-sionem
807 5234 966 5294 LXX.
1023 5236 1099 5288 uti
1137 5245 1192 5289 ct
1242 5234 1666 5306 Clirysnstomus
1707 5239 1758 5291 in

219 5305 463 5376 pist.ad
492 5304 701 5376 Coloss.
736 5306 922 5376 homil.
957 5307 1024 5371 ὃς
1076 5304 1664 5376 ἰιιιετρτοεοτίεειιίς,
1706 5309 1759 5361 in

162 5374 343 5432 num.
376 5375 526 5428 hom.
576 5375 680 5440 28;
738 5374 796 5428 D.
831 5375 1123 5445 Gregorius
1155 5391 1315 5445 papa,
1376 5374 1523 5431 Itoni.
1556 5376 1662 5441 δός
1694 5377 1754 5430 D.

162 5449 581 5517 Hieronymus,
618 5445 671 5497 in
708 5445 1049 5517 Michmglib.
1105 5462 1167 5506 tt.
1206 5454 1259 5517 et
1308 5445 1536 5501 Rufinus
1588 5447 1759 5517 Aqui-

160 5517 417 5572 leiensis
451 5516 503 5587 in
530 5517 867 5587 expositione
902 5514 1164 5587 Symboli.
1218 5514 1684 5587 AtiveroiAquila',
1710 5525 1764 5570 ct

161 5584 560 5659 Symmachus
591 5584 1083 5659 τθςίιιιάετιιηιίκαθ
1112 5586 1340 5659 αριθμὸν
1354 5586 1490 5659 υἱῶν
1522 5587 1761 5659 Ἰσραὴλ,

157 5655 227 5712 εἰ
257 5655 611 5712 Scholiastes
648 5655 819 5722 inquit
859 5674 870 5708 :
906 5656 1061 5708 Οὕτω
1104 5655 1163 5707 οἰ
1200 5655 1375 5707 λοιποὶ
1405 5656 1764 5709 ὲκδεδείλκασιν

156 5724 530 5798 ἑρμηνευταί
566 5743 581 5756 ο
617 5727 760 5779 inter
798 5741 937 5795 quos
976 5725 1256 5781 Versionis
1290 5724 1531 5798 Yulgata:
1552 5734 1763 5789 auctor,

156 5795 272 5870 q'ni
304 5796 476 5850 liabet
512 5798 665 5864 juxta
705 5812 975 5850 numerum
1007 5798 1239 5863 ﬁliorum
1285 5795 1454 5851 Israel
1484 5810 1770 5852 recenset!»

1868 5179 1971 5223 tur.
2004 5165 2161 5220 Certe
2218 5159 2434 5229 quidem
2477 5159 2740 5228 scriptum
2797 5167 2882 5212 est
2940 5158 2993 5210 in
3030 5167 3175 5210 textu
3211 5145 3448 5219 mai-32‘;

1865 5245 2050 5319 Βκηίῃη
2090 5266 2177 5316 733
2202 5250 2475 5321 Lentispar
2506 5253 2628 5305 bene
2663 5249 2855 5311 Israel,
2891 5250 2960 5301 ad
3004 5266 3275 5301 numerant
3304 5254 3447 5319 [ilio-

1868 5346 1983 5382 rum
2016 5327 2202 5381 Israel.

1939 5398 2050 5470 (86)
2081 5400 2156 5451 Ex
2191 5396 2406 5470 ingeni.)
2440 5393 2499 5444 τὸ
2528 5393 2770 5470 Γραξραῖς
2822 5390 3088 5457 suppleti,
3132 5389 3236 5470 sed
3269 5392 3447 5445 ιη-ρνι,

1868 5460 1954 5525 ιειέ
1978 5472 2203 5525 lacuum,
2235 5460 2527 5531 insequens
2555 5460 2796 5524 verbum,
2831 5472 3099 5513 etscnsus
3132 5460 3181 5511 id
3218 5468 3443 5514 omnino

1869 5540 2185 5596 suadebant.

1943 5609 2057 5674 (87)
2092 5609 2275 5665 Ὄσοις
2305 5618 2403 5671 pro
2436 5603 2574 5656 όδοῖ;
2656 5600 3045 5674 κατασείεσθᾉαι
3071 5616 3187 5674 pro
3221 5603 3449 5674 καταεί-

1875 5669 2082 5743 νεσθαὶ,
2115 5688 2169 5732 et
2199 5669 2492 5741 καινότητα
2531 5685 2628 5748 pro
2658 5673 2952 5740 κρινότητα
2982 5672 3035 5724 in
3071 5670 3171 5723 hac
3229 5672 3452 5736 pt'ttudo

1872 5752 2193 5806 emendasse
2223 5761 2327 5799 non
2353 5759 2436 5797 me
2469 5749 2690 5811 ptentet.
