4202 6442
761 392 868 456 255

762 611 1004 658 currere,
1047 597 1157 648 imo
1198 593 1597 648 ineluctabilem
1641 593 1694 647 in
1729 601 1900 647 semet
1941 591 2043 662 ipsi
2085 591 2334 646 confuta-

764 689 966 743 tionem
1001 685 1257 740 exhibere
1288 685 1557 739 videntur.
1586 684 1656 738 At
1688 684 1824 740 istos
1850 685 2069 755 quidem
2106 695 2338 754 praetcr-

763 792 976 832 eamus.

837 865 1110 934 Quidquid
1143 873 1322 919 autem
1353 863 1624 933 objectum
1647 875 1732 919 est
1757 874 1945 920 contra
1987 866 2136 926 illud.
2166 866 2340 918 homi-

768 974 891 1014 nem
927 957 1225 1012 secundum
1255 957 1450 1009 animae
1498 957 1902 1026 simplicitatem
1936 958 2003 1011 ad
2037 957 2130 1010 Dei
2163 958 2342 1026 imagi-

766 1066 890 1105 nem
943 1049 1112 1102 fuisse
1149 1047 1454 1112 conditum,
1499 1048 1746 1117 ejusdem
1786 1049 2012 1104 furfuris
2059 1058 2176 1114 est;
2234 1066 2341 1102 nou

769 1141 936 1195 modo
967 1142 1117 1210 quia,
1155 1150 1213 1194 ut
1236 1141 1289 1194 iu
1317 1140 1546 1211 angelis,
1584 1141 1657 1194 ita
1679 1148 1734 1194 et
1765 1140 1818 1194 iu
1855 1141 1972 1210 ipsa
2007 1143 2212 1203 anima,
2248 1156 2344 1209 per

773 1233 1249 1309 participationem
1269 1233 1550 1296 nobilitas,
1575 1243 1629 1286 et
1654 1234 1960 1301 prmstantia
1993 1232 2344 1286 nobilissimae

772 1336 1005 1389 naturae,
1033 1335 1087 1380 et
1113 1326 1448 1394 incorporea:
1478 1325 1901 1394 pulchrimdinis
1922 1325 2138 1386 divinaz,
2179 1325 2343 1378 veluti

770 1417 823 1472 in
873 1419 1116 1486 speculo,
1163 1419 1438 1483 cernitur;
1479 1434 1667 1471 verum
1702 1419 1862 1472 etiam
1916 1418 2043 1486 quia
2091 1421 2144 1471 in
2206 1419 2346 1470 trina

770 1508 1088 1564 facultatum
1141 1509 1492 1581 (intellectus,
1549 1511 1866 1574 memoriis,
1916 1521 1970 1564 et
2029 1509 2346 1580 voluntatis)

771 1603 1052 1657 identitate
1107 1602 1482 1658 confusionem
1533 1601 1725 1673 ell'ugit
1766 1601 2080 1666 distinctio;
2139 1602 2246 1655 imo
2297 1613 2350 1655 it

768 1698 898 1766 quia
929 1698 1153 1751 verbum
1184 1696 1426 1766 procedit
1448 1711 1513 1750 ex
1551 1697 1748 1749 anima:
1777 1705 1968 1749 natura
2014 1694 2141 1748 illud
2173 1692 2350 1762 profe-

769 1794 946 1850 reute,
977 1788 1104 1840 dum
1141 1786 1208 1840 ab
1240 1786 1354 1854 ipsa
1387 1787 1704 1840 distinctum
1737 1793 1841 1848 cst,
1871 1795 1926 1838 et
1954 1798 2077 1838 cum
2106 1798 2169 1836 ca
2215 1782 2352 1834 rela-

773 1860 976 1933 tionem
1010 1877 1370 1947 oppositionis
1417 1887 1636 1942 servat;
1686 1876 1779 1931 sed
1836 1885 2014 1930 tamen
2066 1891 2094 1928 a
2127 1875 2346 1944 spiritus

773 1978 967 2021 natura
1000 1982 1176 2036 neque
1203 1977 1518 2036 separatum
1545 1977 1650 2028 est.
1679 1982 1854 2036 neque
1884 1966 2170 2021 dissimile.

845 2059 969 2114 llaec
1018 2069 1196 2114 autem
1250 2060 1436 2128 utique
1484 2070 1742 2130 poterunt
1782 2075 1964 2114 secum
2016 2058 2175 2117 ferre,
2207 2056 2348 2125 quod

774 2152 840 2205 ad
874 2151 1163 2220 imaginem
1209 2150 1524 2205 Conditoris
1558 2151 1720 2208 homo
1766 2153 1834 2204 ab
1887 2150 2041 2204 initio
2075 2150 2142 2203 sit
2189 2148 2350 2202 ell’or-

774 2254 974 2298 matus.
1008 2242 1125 2296 Tibi
1162 2253 1341 2298 autem
1373 2244 1500 2307 alia,
1541 2252 1706 2313 atque
1753 2244 1880 2306 alia,
1932 2257 2052 2310 quae
2097 2242 2220 2295 hinc
2264 2257 2351 2310 pe-

772 2346 985 2399 tuntur,
1019 2336 1138 2390 sine
1175 2336 1399 2405 penuria
1434 2345 1725 2405 suppetunt
1765 2335 2034 2403 exempla.
2076 2332 2351 2402 Sapientia

772 2428 938 2491 enim,
965 2428 1049 2482 vis
1098 2427 1363 2492 ell'ectrix,
1413 2427 1814 2489 immortalitas,
1861 2435 1914 2481 et
1963 2427 2115 2496 plura
2169 2426 2354 2491 hujus-

774 2519 942 2583 modi,
974 2520 1024 2571 in
1055 2519 1276 2572 homine
1307 2532 1568 2588 expressa
1604 2534 1669 2572 ex
1709 2520 1881 2588 prima
1907 2519 2020 2584 illa,
2063 2527 2112 2572 ct
2156 2517 2355 2571 incom-

775 2606 1121 2674 prehensibili
1165 2608 1449 2676 sapientia,
1497 2616 1551 2661 et
1598 2607 1866 2662 etlectrice
1899 2607 1970 2669 vi,
2012 2616 2173 2676 atque
2203 2617 2356 2661 teter-

777 2701 964 2764 nitate,
985 2698 1181 2752 divinae
1210 2708 1414 2753 natura:
1462 2699 1873 2754 similitudinem
1907 2699 2107 2752 ferunt.
2145 2697 2200 2752 Si
2230 2699 2355 2766 quis

777 2799 958 2843 autem
1003 2789 1276 2853 maluerit,
1326 2789 1488 2843 veluti
1526 2804 1592 2843 ex
1634 2789 1799 2843 variis
1827 2789 2122 2854 coloribus,
2154 2789 2357 2842 similli-

775 2895 922 2931 mam
956 2878 1045 2932 Dei
1075 2879 1364 2948 imaginem
1394 2880 1658 2948 exprimi;
1693 2889 1854 2948 atque
1880 2895 1943 2933 ex
1979 2881 2065 2933 his
2098 2880 2356 2932 omnibus

777 2970 1223 3036 pulcherrimam,
1256 2980 1310 3022 et
1333 2970 1791 3038 speciosissimam
1822 2969 2058 3024 hominis
2108 2969 2340 3022 formam

776 3061 975 3130 ellingi,
1008 3070 1061 3113 et
1085 3062 1279 3114 excudi
1316 3059 1633 3126 allirmarit;
1671 3061 1843 3116 isnon
1877 3061 2037 3114 modo
2064 3060 2353 3128 imaginem

1905 387 2167 447 ΡΙῙΟΤΙΙ
2214 387 2488 446 PATRIA
2500 386 2647 446 RCH
2657 385 2719 443 1E
2755 386 2862 445 ΕΡ.

765 507 964 563 anima
1005 501 1264 559 absurdis
1298 502 1646 557 illusionibus
1679 501 1929 556 obnoxia:
1975 516 2212 556 errorem
2262 502 2346 554 in-
2375 508 2418 562 Α
2446 502 2706 563 διανοίας.

3909 385 4016 449 256

2781 499 3122 570 ’Υδριστικόν
3155 515 3213 551 τε
3264 497 3393 569 γὰρ,
3439 498 3530 551 καὶ
3580 498 3794 567 ἀλόγοις
3833 497 4016 569 ψυχῆς

2439 596 2766 663 φαντασίαις
2813 594 3141 664 ὲνεχομένης
3189 581 3377 656 πάθος
3412 593 3682 654 ὑπελθεῖν.
3747 594 3842 647 καὶ
3913 595 4015 647 ἀν-

2439 688 2774 757 απόδραστον
2799 688 2892 740 τὸν
2931 687 3150 756 ἔλεγχον
3180 685 3300 739 καθ’
3330 687 3539 739 ἑαυτῶν
3578 685 3812 757 ὁρῶνται
3867 703 4016 756 παρ-

2441 779 2755 848 εσχημένοι.
2817 778 2977 832 ’Λλλά
2998 777 3217 841 τούτους
3252 778 3350 847 μὲν
3378 777 3580 848 ἐῶμεν.

2511 871 2621 940 Τῆς
2647 872 2815 938 αὐτῆς
2839 871 2895 923 δὲ
2910 869 2976 924 ἂν
2997 871 3082 938 εἴη
3104 871 3596 939 συστοιχείας,ὂσον
3613 871 3692 934 εἰς
3709 869 4018 938 ἀντιλογίαν

2443 961 2631 1029 φθάνει
2684 961 2778 1014 τοῦ
2834 962 2957 1014 κατ’
2991 962 3177 1014 εἰκόνα
3204 961 3339 1012 Θεοῦ
3365 960 3761 1014 διαπεπλάσθαι
3805 961 3899 1013 τδν
3927 961 4023 1015 ἄν-

2445 1053 2660 1122 θρωπον
2680 1053 2820 1105 κατὰ.
2859 1052 2970 1122 (88)
3016 1052 3077 1104 τὸ
3120 1051 3222 1119 τῆς
3268 1050 3446 1121 ψυχῆς
3477 1051 3767 1121 ἀσώματον
3788 1067 3804 1080 ο
3837 1052 3900 1104 οὐ
3928 1052 4026 1121 μό-

2447 1163 2534 1196 νον
2565 1145 2718 1208 διότι,
2777 1145 3028 1215 καθάπερ
3055 1145 3113 1196 ἐν
3155 1147 3270 1206 τοῖς
3307 1144 3559 1212 ἀγγέλοις
3590 1146 3728 1197 κατὰ
3758 1146 4021 1215 μετοχὴν,

2445 1237 2586 1289 οὕτω
2624 1238 2716 1289 καὶ
2743 1239 2802 1289 ὲν
2848 1239 2985 1306 αὐτῇ
3040 1235 3102 1288 τὸ
3138 1235 3456 1302 ὕπερούσιὸν
3487 1251 3547 1286 τε
3598 1235 3692 1288 καὶ
3744 1236 4025 1305 ὑπερφυὲς

2445 1329 2542 1398 τῆς
2571 1345 2627 1380 τε
2659 1328 2984 1398 ὑπερουσίου
3014 1326 3202 1388 οὐσίας
3225 1327 3320 1380 καὶ
3337 1327 3430 1378 τοῦ
3460 1327 3752 1395 ἀσωμάτου
3783 1325 4025 1387 κάλλους

2448 1418 2823 1488 ὲνοπτρίζεται
2847 1435 2860 1448 ·
2919 1417 3057 1471 ἀλλὰ
3111 1419 3195 1469 ὅτι
3229 1418 3321 1470 καὶ
3365 1419 3423 1469 ὲν
3460 1419 3526 1488 τῇ
3553 1418 3806 1487 τριαδικῇ
3833 1418 4028 1470 ταυτό-

2449 1529 2569 1579 τητι
2603 1514 2634 1580 ὴ
2667 1511 2918 1581 ἑτερότης
2961 1511 3154 1582 ὁρᾶται
3195 1510 3255 1561 τὸ
3299 1509 3604 1579 ἀσύγχυτον
3652 1509 4020 1572 διασώζουσα·

2449 1608 2498 1657 εἰ
2524 1605 2700 1674 βούλει
2737 1606 2794 1658 δὲ
2853 1605 2946 1658 καὶ
2971 1604 3283 1671 διότιλόγος
3319 1603 3568 1673 πρόεισιν
3594 1605 3657 1654 ἐκ
3704 1599 3888 1670 ψυχῆς
3923 1601 4025 1666 τῆς

2451 1699 2795 1770 προαγούσης
2817 1699 2978 1753 αὑτὸν
3001 1699 3232 1768 φύσεως,
3248 1698 3310 1750 τδ
3333 1695 3649 1764 ἀσύστοιχόν
3679 1710 3738 1746 τε
3767 1694 3862 1746 καὶ
3888 1709 4024 1744 κατ-

2453 1790 2678 1861 άλληλον
2725 1789 3119 1858 διαφυλάττων,
3140 1806 3204 1840 συ
3211 1805 3394 1858 μπροη
3402 1787 3569 1857 μένην
3588 1784 3696 1856 (89)
3714 1783 4027 1845 ἐπιδεικνὺς

2453 1881 2545 1934 καὶ
2568 1881 2669 1948 τὴν
2699 1881 2941 1950 ὁμοταγῆ
2966 1879 3060 1934 τοῦ
3092 1881 3396 1951 πνεύματος
3423 1879 3740 1933 ὑπόστασιν.

2519 2059 2704 2114 Ταῦτα
2740 2058 2855 2128 (90)
2899 2059 2945 2112 δ’
2976 2058 3041 2110 ἂν
3081 2057 3173 2110 καὶ
3221 2057 3302 2109 ἔτι
3325 2055 3643 2119 διασώζοιτο
3692 2055 3752 2109 τὺ
3784 2055 3910 2109 κατ’
3944 2056 4027 2107 εἰ-

2452 2154 2585 2205 κόνα
2650 2150 2746 2204 τοῦ
2809 2149 3120 2213 Πλάσαντος
3169 2151 3422 2218 ἀπαρχῆς
3461 2146 3911 2218 διαμορφωθῆναι
3930 2147 4026 2198 τὸν

2452 2244 2765 2314 ἄνθρωπον.
2841 2242 3058 2294 ’Ἑνεστι
3103 2241 3160 2293 δέ
3212 2257 3293 2294 σοι
3340 2238 3549 2294 πολλῶν
3603 2239 3857 2292 ἐντεῦθεν
3929 2239 4027 2305 δρ-

2464 2335 2736 2405 μωμένων
2765 2371 2783 2399 ,
2853 2333 2947 2386 καὶ
3013 2333 3186 2388 ἄλλων
3257 2330 3712 2404 παραδειγμάτων
3772 2328 4028 2399 ἀφθονία.

2457 2427 2529 2478 Τὸ
2595 2428 2702 2495 γάρ
2757 2423 2943 2493 σοφὸν,
3023 2424 3114 2476 καὶ
3183 2423 3243 2476 τὸ
3330 2421 3747 2492 δημιουργικὸν,
3821 2422 3918 2473 καὶ
3969 2420 4032 2472 τὸ

2453 2518 2738 2579 ἀθάνατον,
2782 2517 2876 2569 καὶ
2926 2515 3096 2568 πολλὰ
3115 2514 3358 2578 τοιαῦτα,
3389 2517 3454 2567 ὲκ
3479 2513 3577 2583 τῆς
3609 2513 3854 2584 πρώτης,
3884 2512 4031 2564 ὲκεί-

2455 2627 2574 2678 νης,
2606 2610 2701 2662 καὶ
2741 2609 2882 2679 ὑπὲρ
2941 2607 3066 2660 νοῦν
3114 2607 3325 2676 σοφίας,
3387 2607 3481 2660 καὶ
3527 2605 3903 2676 δημιουργίας,
3931 2602 4031 2656 καὶ

2456 2701 2760 2770 ἀίδιότητος
2781 2698 3224 2768 ἐντετυπωμένα,
3248 2698 3400 2768 φέρει
3429 2697 3528 2766 τῆς
3553 2696 3765 2765 φύσεως
3793 2694 4031 2747 suasu-.-

2460 2790 2710 2856 κόνισμα.
2758 2790 2820 2841 Εἰ
2848 2789 2903 2841 δέ
2949 2806 3056 2853 τις,
3089 2789 3278 2858 ὥσπερ
3305 2789 3370 2841 ὲκ
3399 2787 3670 2855 διαφόρων
3692 2786 4030 2856 χρωμάτων,

2459 2880 2865 2948 θεοειδεστάτην
2923 2881 3233 2947 οἰκονομίαν
3286 2876 3686 2946 διαγράψασθαι
3738 2875 4030 2943 θελήσειε·

2460 2973 2549 3022 καὶ
2579 2972 2665 3023 διὰ
2689 2971 2891 3022 τούτων
2920 2972 3172 3023 ἁπάντων
3208 2967 3566 3038 μορφοῦσθαι,
3585 2956 3695 3020 ’καὶ
3740 2964 4034 3020 διατυποῦ-

2462 3061 2608 3126 σθαι,
2641 3063 2741 3131 τὴν
2769 3060 3070 3131 καλλίστην
3098 3078 3155 3113 τε
3186 3061 3279 3113 καὶ
3314 3060 3652 3130 ὡραιοτάτην
3687 3057 3904 3127 μορφὴν
3933 3057 4029 3109 τοῦ

777 3153 842 3206 ad
875 3165 1120 3206 naturam
1153 3163 1393 3206 nostram
1428 3155 1648 3223 proprie
1693 3154 2051 3223 pertinentem
2080 3151 2349 3213 ostendet,

2459 3154 2749 3224 ἀνθρώπου
2779 3156 3079 3226 ἀποφήνειε
3105 3170 3116 3183 ·
3153 3153 3292 3223 μετὰ
3346 3151 3439 3204 τοῦ
3494 3150 3781 3214 ἰδιάζοντος
3818 3149 3912 3202 ἐπὶ
3931 3149 4032 3218 τῆς

777 3249 872 3299 sed
921 3249 1083 3301 etiam
1135 3247 1202 3300 ab
1256 3247 1587 3316 elegantiore
1640 3263 1822 3301 causa:
1867 3247 2188 3301 redditione.
2229 3261 2349 3299 meo

776 3340 995 3409 quidem
1026 3340 1248 3408 judicio,
1289 3355 1393 3391 non
1424 3337 1661 3392 excidet.

848 3515 1035 3582 Itaque
1070 3513 1201 3568 nihil
1228 3524 1312 3568 est
1348 3514 1490 3583 quod
1528 3529 1592 3568 ex
1632 3514 1794 3569 dictis
1832 3515 2084 3584 operibus
2122 3518 2249 3585 quid
2284 3517 2353 3571 sit.

777 3603 980 3671 imago,
1013 3611 1105 3655 aut
1138 3602 1264 3668 quid
1316 3603 1691 3673 archetypum,
1734 3611 1827 3656 aut
1854 3605 1982 3673 quid
2019 3605 2172 3668 illud,
2210 3607 2353 3673 quod

779 3695 843 3742 ait
893 3693 1180 3759 imaginem
1237 3692 1330 3744 Dei
1393 3694 1673 3746 conditum
1737 3703 1852 3757 est,
1924 3697 2349 3762 excogitemus:

779 3785 992 3838 tametsi
1022 3784 1276 3852 imaginis
1306 3787 1527 3839 nomine
1551 3785 1776 3855 intelligi
1807 3795 1990 3854 posset
2018 3790 2181 3841 etiam
2221 3803 2353 3841 una-

777 3889 1010 3942 quicque
1048 3888 1233 3928 carum
1268 3877 1664 3943 praestantium,
1708 3877 2078 3946 nobiliumque
2109 3878 2348 3946 proprie-

778 3975 975 4028 tatum,
1007 3981 1142 4032 quas
1184 3967 1447 4020 hactenus
1479 3969 1854 4022 recensuimus
1877 3985 1892 4033 ;
1919 3969 2082 4023 veluti
2135 3971 2352 4022 ratioci-

2457 3245 2665 3314 φύσεως
2694 3245 2850 3314 ἡμῶν
2876 3244 3134 3316 παρέχειν
3175 3244 3306 3312 όρᾷν
3337 3242 3436 3313 τὴν
3465 3241 3646 3294 εἰκόνα
3679 3239 4034 3308 γλαφυρωτέ-

2453 3355 2573 3407 ραν,
2601 3338 2662 3388 ob
2729 3355 2818 3406 μοι
2868 3337 3016 3389 δοκεῖ
3043 3337 3318 3390 διαπεσεῖν
3357 3335 3455 3405 τῆς
3511 3334 3648 3386 κατὰ
3699 3332 3803 3400 τὴν
3837 3329 4025 3384 αἰτίαν

2452 3429 2775 3491 ἀποδόσεως.

2525 3519 2734 3570 Οὐκοῦν
2781 3517 2932 3589 οὐδέν
2956 3520 3103 3571 ἐστιν
3123 3517 3187 3569 ὲκ
3211 3515 3319 3567 τῶν
3341 3513 3645 3583 εἰρημένων
3697 3511 3878 3582 ἔργων
3901 3511 4032 3564 οὔτε

2454 3613 2551 3676 τὴν
2586 3609 2768 3662 εἰκόνα
2791 3608 2993 3673 λαϐεῖν,
3038 3606 3161 3660 οὔτε
3199 3606 3260 3658 τὸ
3297 3605 3603 3675 ἀρχέτυπον
3648 3603 3872 3664 ἐννοεῖν,
3919 3595 4035 3654 οὐδ’

2454 3701 2482 3752 ὃ
2621 3700 2634 3718 ς
2757 3701 2769 3716 .
2976 3699 3000 3710 -
3454 3713 3470 3726 ,
3843 3692 3856 3710 .

2517 3717 2616 3752 κατ
2657 3703 2841 3754 εἰκονα
2869 3700 3002 3753 Θεου
3037 3699 3430 3753 διαπέπλασται
3523 3696 3700 3749 καίτοι
3742 3696 3908 3747 είκων
3935 3696 4034 3763 μὲν

2456 3791 2521 3845 ἂν
2551 3792 2770 3863 νοηθείη
2802 3791 2938 3844 Θεοῦ
2971 3791 3065 3845 καὶ
3088 3792 3317 3845 ἕκαστον
3343 3789 3450 3842 τῶν
3493 3788 3798 3859 εἰρημένων
3847 3786 4036 3839 καλῶν

2456 3900 2512 3934 τε
2544 3883 2638 3935 καὶ
2669 3884 2867 3952 τιμίων
2889 3900 2904 3915 ο
2937 3880 3048 3935 οἷον
3085 3882 3148 3935 τὸ
3177 3883 3234 3934 ὲν
3261 3883 3338 3950 τῷ
3357 3878 3628 3950 ἀνθρώπῳ
3661 3876 3901 3946 λογικὴν,
3938 3877 4032 3930 καὶ

2455 3977 2556 4027 ὅσα
2590 3976 2724 4027 ἄλλα
2755 3975 3101 4046 προείρηται.
3152 3974 3257 4026 Καὶ
3295 3974 3404 4042 γὰρ
3456 3970 3711 4034 εἰκονίζει
3744 3968 3918 4022 ταῦτα
3933 3969 4034 4038 τὴν

779 4055 944 4107 nandi
999 4054 1250 4120 facultas,
1310 4072 1416 4127 qua
1477 4058 1640 4112 homo
1687 4060 1871 4129 pollet,
1917 4068 1972 4113 ct
2016 4074 2350 4129 quaecunque

2459 4065 2599 4134 ὑπὲρ
2629 4065 2806 4130 λόγον,
2855 4066 2951 4118 καὶ
2998 4064 3207 4117 ἔννοιαν
3262 4065 3320 4116 ὲν
3346 4061 3423 4131 τῷ
3461 4060 3580 4130 Θεῷ
3646 4059 4033 4129 θεωρουμένην

780 4159 950 4211 nuper
981 4145 1210 4198 addueta
1242 4155 1388 4198 sunt.
1436 4144 1558 4200 lla-c
1589 4148 1734 4199 enim
1781 4146 2069 4217 imaginem
2113 4147 2350 4201 referunt

2460 4157 2737 4226 βασιλείαν
2766 4175 2846 4222 τε,
2893 4158 2986 4210 καὶ
3015 4157 3229 4226 σοφίαν,
3263 4156 3357 4209 καὶ
3403 4153 3784 4225 δημιουργίαν,
3817 4151 3913 4203 καὶ
3941 4151 4032 4202 τὸν

781 4233 1097 4299 ἰιιυίΐαὺίιίε,
1151 4243 1203 4287 et
1267 4235 1871 4304 incomprehensibilis,
1923 4253 2088 4306 quam
2141 4239 2192 4291 iu
2249 4238 2350 4291 1)εο

2459 4247 2757 4318 ἄρρευστόν
2787 4264 2866 4310 τε,
2899 4249 2992 4300 καὶ
3023 4245 3234 4315 ἀπαθῆ,
3255 4246 3347 4299 καὶ
3375 4242 3660 4314 ὀμοούσιον
3697 4243 3895 4309 Λόγον.
3923 4241 4033 4295 Kal

778 4326 1232 4395 mutemplamur,
1270 4328 1516 4386 ditionis.
1579 4328 1875 4396 sapientiae,
1922 4329 2235 4390 creationis,
2302 4339 2350 4382 et

2456 4341 2484 4390 6
2517 4338 2800 4408 ἄνθρωπος
2852 4337 3237 4391 διαπλάττεται
3264 4338 3405 4390 κατὰ
3459 4335 3561 4405 τὴν
3600 4333 4029 4404 δημιουργικὴν,

777 4413 940 4468 V'erbi
974 4416 1136 4477 illius,
1179 4416 1322 4483 quod
1360 4433 1457 4470 nec
1483 4416 1745 4481 ditllucrc,
1780 4433 1878 4472 nec
1913 4419 2217 4488 perturbari
2261 4435 2350 4489 po-

2459 4429 2554 4479 καὶ
2620 4427 2925 4498 βασιλικὴν,
2983 4428 3076 4479 καὶ
3131 4425 3374 4495 λογικὴν,
3417 4455 3420 4458 ~
3456 4425 3552 4476 καὶ
3634 4423 3828 4492 σοφίας
3907 4422 4033 4491 μέτο

779 4516 902 4570 test,
937 4516 1098 4575 atque
1139 4508 1285 4560 Patri
1321 4518 1403 4561 est
1449 4509 1932 4563 consubstantiale.
1978 4508 2039 4562 Et
2080 4518 2226 4564 certe
2273 4511 2350 4565 vis

2459 4534 2581 4587 οχον
2631 4517 2836 4577 εἰκόνα,
2860 4495 2966 4570 οὐκ
2993 4516 3155 4577 αὐτὸς
3179 4514 3253 4568 ὢν
3276 4514 3467 4585 (ταῦτα
3489 4513 3540 4565 εί
3562 4531 3645 4576 τις
3661 4511 4030 4579 λεπτολογεῖν,

777 4597 1039 4661 t'llcclt'ix,
1088 4597 1474 4650 dominationis
1511 4599 1829 4660 auct0ritas,
1877 4598 2235 4653 ratiocinandi
2271 4598 2350 4653 fa-

2455 4609 2547 4659 καὶ
2573 4608 2706 4674 πρὸς
2728 4607 3017 4677 ἀκρίϐειαν
3041 4606 3343 4675 ἀνιχνεύειν
3383 4605 3490 4657 τῶν
3513 4605 3791 4670 ὀνομάτων
3811 4603 3913 4672 τὴν
3938 4602 4029 4654 6-3-

777 4690 971 4751 cultas,
997 4697 1053 4741 et
1087 4689 1368 4756 sapientiae
1393 4690 1738 4757 participatio
1756 4704 1875 4742 esse
1892 4698 2115 4757 possent
2149 4690 2348 4760 imago,

2453 4716 2515 4750 να
2525 4716 2614 4766 μιν
2634 4698 2962 4767 ἀπερίεργον
2992 4697 3244 4767 νομίζει),
3263 4695 3404 4749 ἀλλὰ
3429 4695 3569 4748 κατὰ
3585 4694 3784 4765 ταυτὴν
3833 4693 4028 4748 διαπε-

775 4783 840 4834 :id
875 4796 1038 4850 quam
1083 4782 1246 4833 homo
1281 4782 1550 4834 lormatus
1582 4789 1685 4844 est,
1721 4782 1847 4834 (llllll
1887 4797 1993 4835 non
2022 4790 2104 4835 est
2135 4783 2249 4852 ipse
2285 4798 2350 4837 ea

2455 4789 2799 4857 π>.ασμένος’
2832 4787 2918 4840 ἵνα
2955 4789 3050 4841 καὶ
3106 4789 3139 4858 ὴ
3180 4785 3366 4848 εἰκὼν,
3426 4785 3523 4837 καὶ
3565 4783 3627 4837 sb
3675 4782 3794 4836 κατ’
3841 4784 4026 4836 εἰκόνα

776 4871 953 4938 imago
989 4871 1058 4938 (si
1084 4871 1210 4939 quis
1245 4870 1358 4923 haec
1397 4870 1670 4923 subtiliter
1713 4870 2038 4938 expendere,
2069 4880 2124 4924 et
2166 4873 2344 4924 nomi—

775 4979 903 5013 num
951 4971 1272 5030 powstatem
1323 4960 1389 5015 ad
1435 4962 1668 5030 rigorem
1725 4962 1976 5030 persequi
2017 4975 2342 5030 supervaca-

2455 4877 2786 4945 σαφέστερον
2836 4874 3163 4946 θεωρηθείη,
3189 4875 3282 4927 καὶ
3310 4873 3447 4944 μηδὲ
3476 4871 3571 4926 τοῦ
3605 4869 3965 4942 πρωτοτῦπου
3993 4874 4027 4940 ἡ

2451 4969 2639 5036 ἄγνοια
2667 4970 2797 5036 ἡμῖν
2825 4970 3060 5040 περιῄει.

773 5068 933 5106 neum
969 5069 1075 5106 non
1099 5053 1327 5123 censet),
1356 5053 1448 5108 sed
1479 5054 1779 5108 secundum
1810 5055 1980 5124 ipsam
2054 5057 2227 5111 factus
2293 5073 2414 5116 esu
2459 5073 2516 5116 ut
2555 5062 2718 5116 simul
2753 5069 2808 5115 et
2836 5063 3033 5131 imago,
3075 5071 3130 5116 et
3159 5060 3298 5130 quod
3339 5060 3405 5115 ad
3440 5061 3729 5131 imaginem
3767 5067 3873 5122 est,
3904 5057 4025 5126 pla‘

772 5147 896 5200 nius
953 5146 1343 5215 intelligantur,
1392 5161 1492 5199 nec
1552 5146 1712 5200 nobis
1765 5147 2040 5216 exemplar
2096 5149 2347 5217 ignorare
2387 5155 2686 5222 contingat.

843 5237 899 5291 Si
934 5238 1057 5307 quis
1084 5249 1262 5291 autem
1292 5242 1394 5296 ista
1431 5239 1595 5293 simul
1629 5239 1694 5291 ad
1735 5238 2049 5306 imaginem,
2087 5247 2140 5292 et
2169 5255 2346 5296 exem-

749 5330 887 5404 plar
917 5330 1169 5384 maluerit
1199 5332 1457 5385 reducere
1497 5330 1728 5400 (scilicet
1753 5345 1858 5383 non
1889 5330 2142 5398 cogitarit
2168 5331 2346 5386 homi-

769 5435 894 5476 nem
929 5423 1226 5476 seeuudum
1266 5422 1400 5477 istas
1450 5421 1828 5490 prOprietatcs,
1863 5436 1986 5491 quae
2018 5419 2111 5474 Dei
2167 5421 2346 5492 imago

2523 5248 2585 5300 Εἰ
2603 5248 2662 5301 δέ
2677 5265 2762 5312 τις
2810 5246 2982 5300 ταῦτα
3004 5245 3329 5315 συναγαγεῖν
3364 5237 3606 5310 totum
3651 5242 3788 5313 πρὸς
3813 5240 3914 5313 τὴν
3946 5241 4015 5294 εἰη

2456 5335 2608 5399 κόνα,
2635 5337 2728 5389 καὶ
2770 5335 2833 5389 τὸ
2865 5335 3241 5406 πρωτότυπον,
3276 5333 3429 5387 οὑδὶν
3461 5332 3570 5386 οὐδ’
3601 5326 3756 5396 οὗτος
3786 5332 4023 5403 διαμαρσ

2456 5428 2628 5481 τάνει.
2677 5429 2758 5482 Τὰ
2783 5428 2890 5499 γὰρ
2925 5429 2984 5481 ἐν
3013 5426 3132 5498 Θεῷ
3181 5427 3326 5498 μόνῳ
3385 5425 3767 5497 καθορώμενα,
3799 5423 3939 5480 Θεοῦ
3961 5425 4028 5479 ἄν

2236 5532 2468 5593 ΙΧΟΤιΕ.

843 5647 956 5727 (33)
993 5647 1172 5727 Καςτὰ,
1193 5647 1338 5717 quod
1371 5647 1460 5704 hic
1491 5649 1706 5715 reﬁnxi,
1738 5648 2106 5718 calligraphus
2133 5648 2338 5706 dormi-

773 5727 895 5770 tans
928 5720 980 5769 in
1009 5720 1102 5770 καὶ
1134 5730 1453 5775 mutaverat.

844 5787 954 5857 (89)
988 5788 1466 5859 Συμπροημμένην
1488 5791 1532 5845 si
1563 5792 1730 5861 legas,
1764 5807 1916 5865 atque
1970 5805 2188 5846 sensum
2239 5809 2334 5846 ex-

2448 5659 2635 5714 cutles.

2520 5729 2632 5799 (90)
2655 5730 2894 5801 Sie‘puto
2923 5727 3320 5786 emendandum
3349 5742 3447 5796 pro
3475 5725 3668 5798 ταύτῃ.
