4202 6442
183 423 297 488 257

1143 429 1244 489 AD
1266 423 1861 490 AMPHILOCHIUM
1887 424 2232 498 QUASTIO
2257 431 2524 495 XXXVI.

3336 447 3447 511 253

183 541 274 611 εἴη
300 558 316 574 ·
339 543 433 597 καὶ
464 542 664 617 δ-πρδς
717 543 915 599 ικεῐνα·
952 542 1316 614 τυπούμενος,
1365 540 1502 616 πρὸς
1522 540 1657 595 Θεὸν
1709 540 1759 594 ἀπ

1864 550 2025 607 sunt.
2059 542 2227 601 fuisse
2272 547 2574 620 conditum)
2606 564 2674 606 ne
2721 552 2767 609 is
2794 554 3016 625 quidem
3047 570 3276 617 erraret.
3314 564 3450 630 Qua

182 630 290 683 οὐκ
306 631 521 701 ἀλόγως
547 633 855 689 τυποῦσθαι
912 633 1130 706 ῥηθείη.
1177 632 1456 694 Ὢσαύτως
1501 630 1559 684 δι
1597 631 1693 683 καὶ
1723 631 1775 684 εἰ

185 721 256 773 τά
283 723 344 774 ιν
373 722 451 793 τῷ
474 723 767 796 ἀνθρώπῳ,
798 725 877 789 ὡς
901 726 961 778 ιν
985 724 1087 797 ῦλῃ
1106 724 1169 777 σεδ
1189 720 1374 786 άῦλον,
1400 722 1776 793 ὠςιπαραχθὶν

183 810 279 863 τὸν
310 814 637 884 παράγοντα
666 814 1019 879 ἑξεικονίξειν
1049 814 1241 868 ῐλαδεν
1280 812 1435 882 ἰσχὺν
1469 811 1681 881 (γέγονε
1716 811 1775 865 δὲ

183 900 362 955 ταῦτα
412 903 595 974 χάριτι
621 904 742 976 θείᾳ
789 906 883 959 καὶ
914 904 1093 976 δωρεᾷ
1113 904 1210 958 τοῦ
1238 901 1576 974 ἀνθρώπου),
1603 901 1662 953 ὲν
1696 901 1774 972 τῷ

183 994 357 1045 εἰκότι
387 993 532 1065 λόγῳ
555 994 771 1067 λεχθείη
798 995 867 1050 ἀν
897 999 995 1050 καὶ
1034 990 1371 1066 ὀᾱνθρωπος
1404 992 1573 1047 ιῖκὼν
1605 1008 1769 1061 γεγε·

181 1086 248 1156 νῆ
256 1084 382 1138 σθαι
412 1085 569 1141 Θεοῦ.

249 1347 347 1400 Arb
383 1350 481 1403 atat
504 1350 534 1403 6
570 1349 711 1414 θεῖος
732 1350 1034 1423 Γρηγόριος
1068 1349 1225 1419 ελεγι
1244 1366 1261 1383 ο
1305 1370 1328 1402 ε
1352 1349 1491 1419 Παρ*
1509 1349 1688 1421 ἑαυτῷ
1714 1348 1771 1402 δι

178 1437 356 1509 πνοὴν
374 1440 571 1505 ἐνθεὶς,
625 1440 655 1494 6
690 1442 757 1512 δὴ
789 1442 992 1514 ’ωεράν
1034 1442 1235 1514 ψυχὴν,
1281 1443 1377 1496 καὶ
1412 1442 1597 1496 εἰκόνα
1628 1440 1767 1495 Θεοῦ

174 1524 327 1583 οἶδεν
366 1534 395 1584 6
420 1532 595 1601 λόγος.
620 1550 642 1586 ι
690 1533 1009 1606 Συνοπτικῷ
1033 1534 1141 1605 γάρ
1161 1532 1321 1603 τύπῳ
1351 1532 1556 1604 χαίρων
1572 1536 1602 1587 6
1627 1532 1770 1604 ἰερδς

175 1623 393 1687 ἐκεῖνος
419 1622 722 1693 ἅνθρωπος,
756 1625 849 1679 καί⁵
872 1624 1105 1697 βραχείᾳ
1132 1625 1397 1696 ῥημάτων
1425 1624 1600 1695 πλοκῇ
1639 1623 1769 1677 πολι

173 1714 288 1767 λῶν
309 1717 598 1785 νοημάτων
616 1716 981 1786 ἀπαγγέλλειν
1002 1717 1289 1787 περιοχὴν,
1310 1715 1512 1787 μικροῦ
1529 1716 1656 1779 τοὺς
1676 1714 1767 1768 λό-

174 1822 313 1873 γους
342 1806 507 1861 αὐτοῦ
529 1802 675 1862 κατά
689 1810 791 1879 τὴν
815 1808 958 1863 ἰδίαν
981 1809 1186 1879 ταύτην
1201 1806 1764 1861 συνδιαποικίλλεσθαι

173 1900 348 1954 ποιεῖ.
374 1899 465 1951 Διὸ
489 1875 792 1963 κάνταῦθα,
829 1918 849 1951 ε
875 1899 1072 1970 Πνοὴν,
1104 1875 1298 1964 εἰπὼν,
1331 1898 1507 1962 ενθεὶς
1530 1916 1549 1951 ι
1580 1898 1629 1969 (6
1666 1898 1765 1971 τὴν
1792 1875 1841 1934 Β

166 1986 581 2060 δημιουργικὴν
606 1991 760 2060 ἰσχὺν
781 1990 966 2060 ἐπεῖχε
998 1989 1101 2060 τῆς
1124 1988 1349 2060 ψυχῆς),
1366 1988 1490 2043 ἀντὶ
1509 1986 1605 2042 τοῦ
1630 1989 1764 2043 ταύ-

166 2094 277 2149 την
300 2082 375 2150 τῇ
420 2080 688 2152 ἑρμηνείᾳ
711 2080 811 2153 τὴν
830 2079 1116 2136 διάστασιν
1142 2080 1483 2146 ἑξαπλῶσαι,
1506 2098 1761 2135 συνοπτι-

174 2170 296 2235 κῶς
321 2174 642 2242 ἀπεφήνατο
674 2172 815 2228 λίαν.
850 2190 872 2227 ε
896 2175 961 2226 ’0
998 2173 1064 2243 δὴ
1086 2174 1184 2229 καὶ
1216 2189 1411 2241 νοεραν
1439 2171 1639 2244 ψυχὴν,
1672 2173 1767 2226 καὶ

1875 631 2020 687 enim
2052 634 2107 689 in
2140 637 2260 693 solo
2297 638 2405 693 Deo
2428 642 2849 713 perspiciuntur,
2871 646 2963 702 Dei
2991 650 3177 721 utique
3208 664 3453 722 sunt;et

1876 724 1969 791 qui
1991 729 2291 784 secundum
2322 746 2387 785 ea
2416 731 2593 789 factus
2619 740 3057 802 est,'secundum
3074 743 3242 799 Deum
3271 743 3450 803 factus

1876 831 1985 869 non
2042 818 2314 875 immerito
2362 822 2658 881 diceretur.
2715 828 2918 888 Eodem
2957 842 3139 889 autem
3196 846 3358 905 pacto
3402 840 3451 894 si

1877 904 1994 961 ba-c
2024 911 2086 962 in
2121 909 2341 967 bomine
2368 930 2487 969 eam
2543 916 2638 972 Dei
2686 920 3100 983 similitudinem
3144 904 3453 996 producere

1874 1006 2190 1065 potuerunt,
2241 1018 2405 1071 quam
2460 1007 2686 1076 spiritus
2741 1014 3005 1078 materia,
3055 1023 3113 1070 et
3162 1017 3451 1076 Creatoris

1874 1096 2123 1143 creatura
2156 1090 2359 1148 habere
2389 1104 2567 1163 potest
2594 1098 2736 1166 (haec
2763 1112 2945 1157 autem
2984 1121 3049 1160 ex
3103 1105 3197 1163 Dei
3249 1112 3449 1180 gratia,

1872 1175 2249 1252 beneﬁcioque
2271 1184 2477 1241 homini
2503 1189 2700 1245 collato
2734 1191 2872 1248 facta
2925 1197 3098 1266 sunt),
3127 1175 3454 1268 jure'meri;

1873 1276 2040 1339 toque
2073 1272 2248 1338 homo
2270 1275 2447 1346 imago
2480 1276 2570 1335 Dei
2597 1279 2772 1337 factus
2798 1285 3096 1344 diceretur.

1951 1358 2317 1426 Quamobrem
2338 1376 2393 1422 et
2419 1366 2484 1423 ι).
2512 1368 2807 1442 Gregorius
2836 1376 3015 1447 inquit
3044 1395 3101 1433 τι
3136 1380 3213 1437 Ex
3248 1384 3452 1454 seipse

1872 1450 2065 1521 (Deus)
2095 1454 2431 1523 spiraculum
2491 1459 2685 1516 indidit
2721 1481 2735 1517 :
2780 1481 2889 1535 qua
2928 1469 3146 1538 quidem
3190 1450 3449 1544 loquendi

1864 1541 2081 1597 ratione
2140 1545 2379 1601 animam
2433 1548 2847 1627 intelligentem,
2898 1566 2953 1612 et
3006 1541 3300 1635 imaginem
3356 1566 3451 1622 Dtei

1872 1628 2151 1701 Scriptura
2196 1637 2467 1707 signiﬁcat
2522 1642 2656 1711 (91).
2688 1662 2709 1696 ι
2746 1645 2883 1702 Cum
2922 1652 3066 1705 enim
3112 1628 3333 1712 concisa
3367 1660 3451 1714 lo-

1869 1723 2105 1793 cutione,
2135 1735 2191 1780 et
2237 1728 2385 1783 brevi
2436 1734 2721 1790 verborum
2774 1739 2978 1795 ambitu
3036 1758 3190 1800 sacer
3230 1747 3322 1802 ille
3368 1751 3453 1805 vir

1870 1816 2070 1871 multas
2114 1819 2280 1876 simul
2325 1825 2628 1882 sententias
2669 1829 2915 1899 proferre
2962 1845 3129 1902 amet,
3165 1853 3453 1910 propemo-

1868 1903 2000 1960 dum
2029 1920 2311 1998 sermones
2344 1928 2474 1969 auos
2504 1915 2590 1971 bis
2632 1917 2891 1976 dictionis
2934 1903 3211 1983 coloribus
3269 1903 3453 1998 reddit

1870 1994 2194 2064 variegatos.
2224 1996 2406 2064 Quare
2435 2001 2522 2058 bic
2544 2019 2785 2075 quoque,
2818 2009 2970 2074 dum,
2999 2011 3173 2082 inquit
3221 2032 3243 2068 ε
3273 1994 3452 2088 spira-

1869 2084 2053 2141 culum
2089 2087 2287 2145 indidit
2325 2110 2344 2143 ι
2371 2093 2537 2161 (quod
2568 2098 2676 2151 vim
2732 2103 3091 2170 operatricem
3131 2084 3331 2163 animae
3356 2110 3451 2166 da-

1869 2186 1979 2232 tam
2004 2180 2230 2258 innuit),
2252 2184 2428 2241 noluit
2450 2187 2596 2243 bunc
2624 2205 2844 2246 sensum
2870 2195 3125 2252 distincte
3172 2209 3230 2254 et
3256 2200 3453 2256 diﬂ'use

167 2262 364 2316 εἰκόνα
395 2262 531 2317 Θεοῦ
550 2261 692 2317 οἶδεν
714 2264 745 2317 6
770 2264 947 2334 λόγος.
970 2281 991 2317 ι
1017 2263 1425 2355 Διαπλούμενος
1445 2263 1491 2318 δ’
1515 2265 1666 2355 αῦτῷ
1685 2264 1759 2335 τῷ

1867 2271 2174 2339 enucleare,
2209 2275 2307 2348 sed
2340 2280 2534 2346 paucis
2560 2296 2685 2335 eum
2716 2285 2849 2339 satis
2876 2290 3134 2355 exposuit
3157 2292 3401 2350 subdens
3432 2315 3445 2348 :

166 2356 410 2425 νοήματι
440 2355 545 2425 εφη
565 2372 581 2387 ο
608 2373 627 2408 ε
642 2356 804 2417 “Huc
824 2354 1150 2467 τίίιν.νιίεράὲθΔ
1165 2353 1759 2467 ψυχὴνὶιδημιοῦργηαό

1873 2376 1892 2411 ι
1930 2359 2047 2427 Qua
2082 2364 2301 2433 quidem
2333 2368 2591 2439 loquendi
2620 2374 2832 2431 ratione
2875 2353 3115 2467 animam
3152 2382 3453 2454 intelligen-

162 2461 256 2510 τε,
284 2446 382 2509 καὶ
414 2448 731 2518 προήγαγεν
750 2461 765 2477 ο
804 2447 872 2517 ἦν
897 2446 1082 2500 εἰκόνα
1106 2443 1245 2499 Θεοῦ
1285 2441 1427 2500 εῐδεν
1461 2448 1491 2501 ό
1527 2447 1705 2517 λόγος.
1737 2467 1757 2500 ι

1876 2459 2006 2517 tem,
2037 2461 2092 2507 et
2120 2455 2413 2524 imaginem
2465 2459 2558 2515 Dei
2603 2460 2884 2550 Scriptura
2934 2460 3226 2538 significat.
3270 2490 3291 2524 ι
3326 2441 3452 2543 ipse

165 2549 360 2594 autem
383 2542 572 2595 eadem
602 2541 873 2596 sententia
944 2556 1012 2597 se
1049 2542 1333 2612 explicans
1361 2542 1439 2599 ait
1472 2558 1489 2596 :
1536 2543 1939 2616 (spiraculum),
1970 2566 1993 2601 ι
2028 2551 2171 2621 quod
2236 2553 2475 2611 animam
2536 2545 2925 2631 intelligentem
2971 2567 3196 2625 creavit.
3245 2579 3298 2624 et
3326 2541 3452 2640 piro-

164 2636 351 2700 duxit,
376 2652 538 2707 quam
586 2638 807 2693 nomine
846 2636 1102 2707 imaginis
1143 2637 1237 2693 Dei
1274 2635 1558 2707 Scriptura
1593 2639 1865 2710 signiﬁcat
1892 2642 2062 2715 (92).»

242 2729 406 2784 Οὕτω
435 2730 491 2784 δι
525 2729 642 2785 εστι
672 2732 768 2785 καὶ
808 2733 888 2795 εἰς
908 2731 1005 2785 δύο
1042 2735 1374 2802 συναγαγεῖν
1408 2731 1505 2786 τοῦ
1537 2733 1751 2806 θεωρή-

167 2840 349 2895 ματος
378 2822 479 2893 τὴν
508 2823 830 2894 ἑρμηνείαν,
859 2824 956 2878 καὶ
984 2826 1063 2887 εἰς
1083 2825 1209 2897 τρία
1229 2825 1395 2906 πάλιν
1420 2820 1751 2889 ἑξαπλῶσαι·

170 2914 384 2985 μᾶλλον
410 2913 468 2967 δ’
502 2915 559 2967 εἰ
594 2930 680 2978 τις
716 2914 842 2968 καθ’
879 2914 1112 2969 ῐκαστον
1152 2915 1499 2984 λεπτολογεῖν
1526 2932 1610 2981 τε,
1658 2917 1753 2971 καὶ

168 3004 658 3075 πολυπραγμονεῖν
689 3005 935 3075 ίθελήσει
965 3006 1064 3074 τὴν
1093 3006 1463 3077 προκειμένην
1492 3006 1746 3078 θεωρίαν,

164 3094 418 3164 τέσσαρα
442 3093 510 3148 ἂν
543 3096 628 3165 εἴη
662 3086 903 3167 εἰσορᾷψ
936 3096 1003 3149 δι’
1031 3090 1107 3150 ὧν
1146 3098 1178 3167 ἡ
1208 3098 1390 3167 σχέσις
1424 3096 1520 3149 τοῦ
1549 3100 1749 3151 εἰκονι-

164 3184 407 3254 ζομένου
442 3186 577 3255 πρὸς
607 3186 668 3239 τὸ
689 3186 1124 3256 σφραγιζόμενον
1150 3188 1249 3258 τὴν
1272 3189 1456 3241 εἰκόνα
1474 3188 1748 3253 διασώζει.

169 3275 337 3328 Ἐστι
369 3275 471 3345 μιν
503 3276 612 3347 γὰρ
644 3277 705 3329 τὸ
732 3276 887 3330 Θείον
928 3280 987 3331 ιν
1018 3271 1064 3347 ᾧ
1094 3278 1203 3331 τῶν
1231 3278 1373 3347 ὑπὲρ
1402 3279 1602 3343 αἰτίαν,
1645 3279 1744 3332 καὶ

165 3365 484 3435 κατάληψιν
510 3369 689 3421 πᾶσαν
730 3368 1016 3439 δυνάμεων
1061 3371 1095 3439 ἡ
1132 3369 1438 3441 θεοπρεπὴς
1467 3370 1753 3442 ἀπαστρά-

163 3475 299 3509 me:
322 3459 614 3528 τελειότης.
646 3460 875 3514 Ἔστιδὶ
904 3462 1000 3515 καὶ
1030 3462 1098 3515 τά
1128 3462 1335 3517 τούτων
1376 3462 1750 3534 ἀμαρύγματα

162 3548 271 3616 τὴν
300 3547 514 3600 ἐκεῖθεν
555 3548 715 3619 χάριν
748 3550 813 3602 ὲκ
845 3550 1257 3620 φιλανθρωπίας
1298 3552 1749 3622 ἀποματτόμενα,

164 3639 268 3691 καὶ
303 3638 394 3691 διά
426 3638 587 3691 τοῦτο
616 3639 714 3708 τὴν
751 3640 853 3710 τῆς
883 3640 1104 3704 -εἰκόνος
1147 3641 1343 3711 κλῆσιν
1384 3642 1744 3713 ἑφελκόμενα·

164 3734 242 3801 ὑφ
259 3727 383 3795 ὀἷς
411 3734 439 3786 6
466 3732 753 3813 ἄνθρωπος
776 3736 1035 3805 τέταρτον
1055 3736 1197 3789 κατά
1223 3735 1323 3805 τὴν
1345 3735 1459 3807 (95)
1476 3734 1573 3789 νῦν
1601 3739 1753 3809 εἰρη-

168 3822 356 3893 μένην
386 3823 572 3876 εἰκόνα
603 3820 1064 3895 διαπλαττόμενος
1102 3825 1237 3897 ἔχει.
1268 3827 1432 3880 Ὥστε
1466 3829 1515 3881 οἰ
1545 3828 1644 3898 τὴν
1673 3830 1753 3881 εί·-

166 3914 329 3980 κόνα,
352 3915 449 3968 καὶ
491 3916 551 3969 τὸ
580 3916 713 3973 κατ’
738 3916 924 3971 εἰκόνα
951 3919 1009 3969 εν
1039 3918 1316 3989 διαφόροις
1345 3918 1753 3991 ἐπιζητοῦντες,

161 4008 227 4059 οὐ
267 4009 432 4080 μέχρι
463 4009 680 4079 τριάδος
721 4010 901 4062 ἱστᾶσι
930 4010 1031 4081 τὴν
1070 4009 1322 4082 ζήτησιν,
1360 4011 1497 4066 ἀλλά
1531 4010 1624 4065 καὶ
1657 4015 1746 4063 τέ·-

167 4116 397 4169 ταρτον,
424 4087 453 4152 6
487 4100 623 4170 μηδ’
655 4099 949 4181 ἐζήτησαν,
980 4102 1401 4171 συνεπάγονται.

1934 2740 2049 2796 Hoc
2094 2751 2273 2799 autem
2327 2756 2485 2816 pacto
2536 2752 2830 2822 proposita
2868 2754 3129 2814 doctrinae
3180 2761 3450 2831 expositio

1862 2835 2039 2895 potest
2062 2830 2128 2882 ad
2156 2831 2264 2885 duo
2277 2834 2451 2903 capita
2480 2834 2564 2908 (ad
2586 2840 2942 2897 ratiocinandi
2974 2830 3348 2916 etimperandi
3367 2849 3451 2904 ia—

1859 2918 2141 2991 cultatem)
2165 2922 2355 2993 redigi,
2371 2928 2503 2995 quin
2528 2929 2690 2984 etiam
2710 2932 2775 2985 ad
2806 2932 2909 2987 tria
2931 2936 2998 3004 (si
3016 2937 3183 2993 addas
3203 2940 3312 2994 vim
3326 2956 3453 3012 ope-

1858 3010 2136 3082 ratricem)
2150 3014 2369 3069 emendi
2390 3020 2600 3087 :potius
2622 3030 2825 3090 autem,
2875 3025 2919 3079 si
2940 3027 3063 3096 quis
3084 3029 3296 3100 singula
3327 3010 3451 3087 sub-

1860 3096 2030 3152 tiliter
2058 3103 2325 3172 persequi,
2351 3114 2407 3159 et
2433 3112 2647 3163 curiose
2678 3111 3005 3183 investigare
3038 3096 3451 3191 voluerib'qua-

1864 3196 1991 3243 tuor
2025 3193 2213 3261 utique
2228 3192 2430 3250 (addita
2447 3194 2608 3253 Verbi
2622 3203 2999 3275 emanatione)
3018 3214 3274 3275 poterunt
3296 3212 3452 3265 inve-

1862 3280 1998 3347 niri;
2028 3296 2123 3350 per
2142 3300 2263 3353 quae
2282 3287 2472 3343 relatio
2492 3289 2635 3344 inter
2659 3305 3137 3362 repraesentantem
3176 3308 3231 3354 ct
3249 3316 3451 3372 reprae-

1863 3378 2157 3437 sentatum,
2194 3373 2531 3435 iutercedens
2546 3381 2811 3437 rationem
2839 3384 3094 3457 imaginis
3123 3400 3322 3446 servat.
3352 3392 3451 3452 Est

1861 3458 2004 3511 cnim
2034 3459 2299 3517 Divinitas
2327 3479 2413 3528 ea,
2441 3466 2494 3521 in
2529 3484 2634 3538 qua
2655 3471 2917 3539 perfectio
2953 3476 3294 3546 facultatum,
3323 3496 3448 3551 qua:

1861 3561 2024 3619 supra
2056 3568 2273 3607 omnem
2338 3570 2563 3613 causam
2615 3572 2670 3616 et
2704 3566 3246 3639 comprehensionem
3295 3582 3448 3641 sunt,

1862 3641 2034 3711 digna.
2070 3641 2182 3698 Deo
2209 3646 2449 3718 effulget.
2501 3652 2637 3707 Sunt
2674 3663 2853 3721 autem
2894 3658 3088 3715 barum
3123 3657 3446 3720 facultatum

1866 3732 2024 3796 radii,
2050 3734 2143 3804 qui
2172 3737 2630 3806 pulchritudinem
2654 3742 2801 3800 illinc
2842 3763 2908 3801 ex
2940 3748 3124 3805 divina
3154 3753 3446 3809 clementia

1864 3830 2143 3891 acceptam
2183 3826 2513 3895 exprimunt,
2536 3842 2587 3885 et
2615 3834 2894 3911 prepterea
2937 3838 3191 3909 imaginis
3244 3857 3444 3899 nomen

1865 3913 1969 3967 sibi
2004 3914 2283 3972 vindicant
2315 3936 2329 3973 :
2367 3934 2601 3989 quorum
2639 3928 2917 3983 radiorum
2937 3942 3192 4000 quartum
3224 3951 3447 4006 quoque

1866 4006 2031 4061 habet
2084 4007 2286 4074 homo,
2310 4014 2609 4069 secundum
2668 4018 2830 4075 modo
2884 4022 3085 4078 dictam
3148 4026 3444 4097 imaginem

1866 4094 2154 4151 formatus.
2187 4096 2370 4164 Quare
2393 4104 2486 4173 qui
2516 4104 2807 4177 imaginem
2841 4120 2896 4166 et
2928 4116 3075 4182 quod
3130 4117 3196 4169 ad
3249 4094 3443 4189 imagi-

167 4209 296 4248 nem
344 4204 450 4258 est,
489 4195 631 4248 baud
675 4194 728 4248 in
776 4210 881 4248 una
935 4209 995 4250 re
1041 4198 1394 4266 querendum
1444 4206 1656 4267 putant,
1706 4210 1816 4249 non
1870 4206 2043 4259 usque
2102 4192 2168 4246 ad
2218 4197 2319 4249 tria
2366 4200 2543 4268 capita
2594 4203 3016 4272 quuisitionem
3064 4211 3440 4269 similitudinis

162 4286 513 4357 producunt;
553 4286 645 4339 sed
680 4295 936 4354 quartum
964 4300 1184 4356 quoque
1233 4288 1451 4357 (nempe
1488 4287 1650 4342 Verbi
1684 4279 2138 4351 emanationem),
2169 4284 2313 4352 quod
2346 4300 2453 4340 non
2480 4290 2837 4358 quaesierunt,
2867 4295 3153 4365 adjiciunt.

243 4378 434 4451 Ταύτῃ
468 4379 575 4450 ἄρα
604 4380 699 4431 καὶ
722 4379 815 4432 τὸν
840 4379 1251 4451 ἑκπεριὼνυμον
1270 4377 1425 4449 οἶμαι
1446 4380 1747 4452 Γρηγόριον

162 4471 481 4540 καθυφέντα
518 4471 615 4540 τῆς
653 4470 852 4539 πολλῆς
886 4470 1268 4541 ἀκριϐολογίας
1313 4470 1649 4542 ἀρκεσθῆναι
1678 4471 1744 4539 τῇ

162 4560 343 4613 εἰκόνι
407 4558 505 4612 καὶ
554 4558 634 4629 τῷ
686 4558 1113 4628 παραδείγματι.
1148 4559 1410 4629 Ἐπείπερ
1444 4558 1579 4630 μηδι
1607 4559 1745 4629 πρό-

1926 4374 2288 4439 Quamobrem
2320 4380 2797 4447 praeclarissimum
2819 4386 3141 4458 Gregorium
3172 4392 3435 4461 arbitror,

1857 4476 2073 4517 summo
2105 4464 2398 4521 locutionis
2432 4468 2595 4538 rigori
2627 4473 2854 4531 minime
2884 4489 3185 4543 vacantem.
3220 4491 3433 4540 tantum

1854 4550 2090 4622 imagine
2136 4561 2192 4607 et
2251 4557 2547 4624 exemplari
2606 4558 2775 4617 fuisse
2858 4577 3194 4625 contentum.
3247 4570 3436 4643 Neque

162 4654 319 4714 θεσις
350 4646 422 4718 ἦν
449 4649 600 4719 αὐτῷ
625 4650 686 4702 τὸ
714 4649 877 4720 ρητδν
906 4650 1322 4721 καταμερίζειν,
1371 4650 1466 4704 καὶ
1514 4653 1595 4713 εἰς
1642 4650 1743 4703 ὅσα

1864 4644 1998 4697 enim
2050 4644 2155 4699 sibi
2196 4659 2559 4717 proposuerat
2588 4652 2884 4723 Scriptura:
2922 4661 3206 4717 oraculum
3238 4664 3292 4719 in
3330 4667 3432 4720 mi-

160 4742 409 4803 δύναιτο,
438 4724 596 4810 ’μέρη
626 4739 741 4809 (9i)
777 4740 1106 4807 συναύξεινο,
1120 4740 1250 4793 ἀλλ’
1274 4742 1332 4794 ὲν
1366 4739 1747 4811 πανηγυρικῷ.

160 4833 259 4887 καὶ
300 4832 593 4904 δημοτελεί
635 4831 779 4902 λόγῳ
810 4832 999 4903 χρείαν
1049 4832 1291 4901 πληροῦν
1320 4831 1643 4902 παρελήφθη
1690 4832 1752 4885 τδ

161 4923 432 4995 θεώρημα
455 4923 533 4993 τῷ
567 4922 761 4994 πλήθει
787 4923 1323 4994 συμπεριφέρουσαν.

230 5178 396 5248 Tw};
426 5184 485 5239 δι
508 5185 572 5240 τὺ
600 5204 622 5239 ι
648 5188 767 5242 κατ’
794 5189 980 5242 εἰκόνα
1003 5207 1022 5240 ι
1044 5187 1445 5259 παρειλήφασιν
1471 5185 1593 5240 ἀντὶ
1616 5184 1734 5249 τοῦ,

1859 4744 2022 4790 nutas
2062 4749 2245 4808 partes
2286 4740 2617 4810 dispescerc,
2664 4760 2887 4817 easque,
2917 4760 3180 4822 quantum
3222 4769 3431 4827 posset,

1856 4829 2217 4899 multiplicare
2252 4848 2267 4885 :
2305 4835 2397 4887 sed
2434 4851 2557 4889 cum
2584 4838 3014 4909 celeberrimam,
3046 4847 3431 4922 publicamque

1854 4919 2170 4973 concionem
2196 4921 2438 4989 haberet,
2461 4925 2563 4981 sibi
2597 4932 2874 5000 proposuit
2902 4934 2983 4989 sic
3010 4934 3313 4994 doctrinam
3339 4919 3432 4995 ex-

1848 5024 2072 5078 ponere,
2124 5020 2182 5065 ut
2240 5014 2686 5085 frequentissimo
2744 5022 2819 5076 illi
2879 5029 3171 5083 conventui
3211 5030 3425 5099 plenam

1850 5100 2066 5156 afferret
2100 5103 2413 5164 utilitatem.

1922 5186 2175 5244 Nonnulli
2199 5207 2329 5247 vero
2363 5195 2490 5251 illud
2522 5217 2540 5249 ε
2573 5200 2639 5253 ad
2666 5201 2952 5276 imaginem
2990 5226 3008 5259 ι
3040 5211 3299 5281 scriptum
3328 5230 3429 5285 pro

1671 5388 1900 5448 NOTAE.

238 5566 448 5637 (91)]u
484 5565 547 5622 S.
598 5564 803 5622 Pascha
852 5566 1002 5620 hom.
1059 5581 1120 5631 ιι,
1171 5581 1225 5637 p.
1272 5562 1401 5621 680.
1441 5563 1586 5621 Edit.
1618 5566 1737 5623 Col.

159 5639 347 5777 wax)
380 5705 488 5763 Ubi
540 5705 597 5777 id
644 5704 947 5776 scripserit,
1001 5706 1222 5774 nescio;
1254 5717 1402 5763 cem
1431 5706 1487 5762 in
1514 5707 1737 5773 lauda"

152 5776 795 5860 oratione-desideszlylr-
861 5845 888 5858 _
956 5847 967 5860 ,
1203 5857 1213 5860 _
1286 5847 1299 5860 .
1388 5846 1406 5860 .
1509 5856 1520 5860 -
1654 5848 1665 5860 -

228 5850 344 5919 (£3)
386 5844 794 5915 Iouosyllabon
823 5845 926 5915 γῆν
955 5847 1063 5900 buc
1096 5857 1219 5916 post
1248 5847 1345 5917 τὴν
1385 5846 1588 5902 frustra
1654 5848 1736 5902 in-

528 5944 789 6002 Ρλτιιοιη
842 5943 936 6002 Gn
992 5945 1094 6005 Cl.

1842 5568 2044 5647 jectum
2072 5578 2334 5647 expunxi.

1920 5642 2030 5728 (θςί
2069 5642 2546 5728 Ηαὶίριεηιίοίηυὰ
2574 5656 2717 5728 μέρη
2748 5657 2815 5713 ad
2846 5658 3252 5720 interstitiolum
3274 5680 3428 5722 com-

1846 5711 2102 5799 piendum
2132 5718 2345 5799 reiinxi,
2374 5711 2590 5799 necumé
2834 5711 3425 5791 “ﬁumen-tem};—

1847 5784 2164 5909 ἕὲἔὲριικδνι
2183 5788 2284 5914 abbr
2314 5784 2541 5873 exordio
2576 5784 2820 5867 ejusdem
2860 5784 3134 5858 orationis—
3146 5784 3420 5861 "evil-rictus

1983 5870 1997 5908 ι
2040 5871 2053 5908 ι
2085 5872 2142 5911 cc
2166 5873 2193 5911 ε
2229 5875 2255 5911 ρ
2288 5876 2500 5914 nutum.

1983 5870 2053 5908 ιαι
2085 5870 2500 5919 cetrorrrtmum.

3064 5968 3102 6025 9
