4202 6442
725 399 827 465 259
1867 399 2124 461 ΡΗΟΤΣΙ
2166 398 2384 458 ΡΑΤΗΙ

2315 398 2669 458 ΗῘΛΗΕΗΕ
2691 403 2800 460 CP.
3845 405 3974 470 9ου

723 539 743 569 ε
782 533 875 586 per
895 516 1183 586 imaginem
1214 534 1233 567 ι
1265 524 1572 570 autumant.
1605 515 1738 569 Nam
1765 531 1888 569 cum
1913 516 2152 587 Spiritus
2170 531 2289 570 san-
2315 522 2361 578 Α

2315 522 2361 578 Α
2391 516 2500 575 διὰ,
2517 517 2616 584 τῆς
2641 516 2872 578 εἰκόνος.
2927 516 3000 568 Τὸ
3043 516 3150 588 γὰρ
3194 517 3457 586 πανάγιον
3490 517 3736 586 Πνεῦμα,
3766 523 3974 587 φασιν,

720 618 861 667 ctus,
887 606 1057 670 aiunt,
1084 605 1160 658 uti
1191 613 1244 658 et
1277 603 1447 658 Filius
1470 604 1542 658 sit
1581 623 1598 655 ι
1632 603 1887 673 splendor
1908 619 1938 659 e
1957 605 1984 659 t'
2023 605 2195 673 llgura
2221 605 2241 634 θ
2267 645 2283 670 ,

2389 605 2577 674 ὥσπερ
2603 605 2696 658 καὶ
2719 608 2747 658 6
2772 604 2919 669 Υἱὸς,
2956 605 3346 676 ιάπαύγασμα,
3391 606 3485 660 καὶ
3525 607 3828 676 χαρακτὴρ,
3859 623 3906 659 κ
3923 607 3979 656 ιὶ

718 708 772 750 ct
794 697 969 766 imago
990 695 1478 764 (95)‘immutahilis
1503 695 1717 759 Patris;
1744 714 1762 747 ι
1800 712 2031 766 cumque
2056 696 2288 750 hominis

2389 697 2549 750 εἰκὼν
2569 684 3004 766 ἀπαράλλακτος,
3021 690 3114 750 τοῦ
3130 699 3363 768 Πατρός,
3377 716 3394 747 ι
3421 697 3543 750 ἐπεὶ
3557 698 3645 750 διά
3667 696 3758 750 τοῦ
3778 695 3977 751 11νεῦ-

718 788 897 840 anima
923 801 1018 856 per
1037 785 1320 853 Spiritum,
1349 801 1442 838 seu
1467 785 1807 854 Spiraculum
1836 785 2141 838 immediate
2163 797 2291 864 con-

2391 806 2578 858 ματος,
2627 789 2744 858 ἦτοι
2774 787 2867 842 τοῦ
2903 782 3297 858 ἐμφυσήματος
3339 789 3622 859 προσεχῶς
3665 790 3699 858 ἡ
3737 789 3828 841 τοῦ
3855 789 3981 842 ﬁv-

717 883 824 936 clita
857 881 968 945 sit,
1003 880 1126 951 jure
1147 882 1450 950 meritoque
1480 880 1752 933 hominem
1780 898 1799 931 ι
1824 894 1918 948 per
1947 879 2237 948 imaginem
2262 895 2284 931 ι»

2390 878 2608 948 θρώπου
2655 880 3114 950 δεδημιούργηται
3137 880 3304 949 ψυχὴ,
3344 881 3570 942 εἰκότως
3619 879 3708 933 διὰ
3732 880 3828 948 τῆς
3870 879 3975 931 εί-

717 973 941 1027 omnino
991 982 1230 1026 creatum
1252 1018 1268 1038 ,
1297 981 1348 1026 et
1384 991 1402 1023 ι
1441 971 1508 1026 ad
1539 970 1828 1041 imaginem
1861 990 1878 1020 ι
1916 957 2008 1024 Dei
2045 969 2244 1024 factum
2269 1009 2284 1033 ,

2389 970 2542 1074 κόνοῇ
2593 969 2787 1038 λέγοιτ’
2815 964 2988 1074 άνεὶς
3021 970 3082 1023 τὸ
3109 971 3399 1040 ὁλόκληρον
3433 969 3462 1022 6
3513 970 3793 1039 ἄνθρωπος
3819 971 3981 1060 dato-

719 1077 812 1116 seu
844 1063 1041 1116 divina
1071 1062 1325 1130 imaginis
1347 1077 1507 1131 opus,
1534 1050 1596 1114 et.
1631 1057 2136 1129 praestantissimam
2167 1072 2289 1112 esse

2387 1050 2739 1130 τελεσθῆναι,-
2775 1061 2872 1114 καὶ
2922 1062 3097 1115 «κατ’
3141 1061 3368 1114 εἰκόνα»
3421 1061 3744 1128 γεγενῆσθαι
3789 1057 3976 1123 Θεοῦ,

718 1164 1022 1208 creaturam
1051 1154 1232 1208 dicere
1265 1167 1595 1222 possumus;
1627 1152 1871 1219 adeoque
1925 1150 2066 1203 hanc
2117 1148 2289 1203 nomi-

2388 1153 2506 1224 ἦτοι
2553 1157 2653 1223 τῆς
2714 1153 2864 1216 θείας
2922 1153 3125 1218 εἰκόνος
3184 1154 3384 1222 ἔργον,
3441 1153 3536 1207 καὶ
3588 1153 3982 1223 φιλοτέχνημα

722 1261 849 1299 num
925 1245 1263 1313 metalepsin,
1305 1245 1424 1299 sine
1496 1243 1880 1313 impedimento
1946 1240 2286 1296 adhibemus.

2388 1245 2747 1312 χρηματίσαι⁹
2785 1244 2881 1298 καὶ
2912 1243 3009 1315 τὴν
3040 1244 3340 1314 μετάληψιν
3365 1245 3473 1297 τῶν
3497 1245 3768 1313 ὀνομάτων
3803 1245 3977 1297 ἀκώ-

720 1336 1080 1402 Quamobrem
1105 1336 1352 1390 nonnulli
1382 1335 1699 1404 eornm,qui
1730 1333 1901 1387 sacris
1931 1331 2149 1386 Litteris
2197 1345 2290 1385 ex-

2391 1334 2554 1408 ).u‘mv
2581 1331 2740 1392 εἶναι.
2775 1336 2920 1390 Διότι
2950 1337 3043 1390 καί
3071 1352 3216 1398 τινες
3239 1335 3351 1406 (96)
3381 1338 3463 1396 εἰς
3490 1334 3589 1406 τὴν
3617 1335 3823 1388 ἔκθεσιν
3851 1338 3983 1406 τῆς

722 1427 981 1496 plicandis
1000 1427 1379 1492 incubuerunt,
1399 1442 1503 1481 non
1528 1445 1545 1477 ι
1577 1427 1640 1479 ad
1661 1425 1945 1494 imaginem
1971 1442 1988 1474 ι
2018 1423 2288 1478 hominem

2394 1428 2542 1496 ἱερᾶς
2586 1425 2741 1496 ἡμῶν
2784 1425 3008 1497 Γραφῆς
3043 1427 3282 1481 στάντων
3301 1427 3421 1483 ἀντί
3447 1424 3538 1479 τοῦ
3562 1426 3708 1478 «κατ’
3734 1426 3970 1484 εἰκόνα»

725 1518 892 1572 fuisse
923 1516 1124 1571 factum
1148 1518 1420 1581 dixerunt,
1446 1517 1537 1572 sed
1571 1535 1590 1568 ι
1629 1517 1682 1569 in
1707 1517 1921 1585 magine
1959 1533 1978 1566 ι
2020 1516 2289 1582 interpre-

2391 1519 2586 1582 εἰπείν,
2621 1519 2680 1571 tv
2709 1518 2879 1590 εἰκόνι
2921 1515 3056 1571 Θεοῦ
3097 1516 3345 1570 διέλαϐον
3391 1516 3482 1570 τὸν
3523 1505 3810 1586 άνθρωπον
3854 1531 3983 1568 περ

719 1612 815 1662 tati
851 1618 999 1664 sunt.
1029 1610 1192 1677 Atqui
1225 1611 1340 1664 haec
1368 1609 1589 1678 quidem
1634 1607 2025 1676 interpretandi
2051 1606 2213 1670 ratio,
2242 1605 2288 1658 si

2391 1609 2670 1679 ποιῆσθαι.
2715 1609 2855 1662 Ἀλλ’
2882 1603 3038 1677 οὗτος
3072 1608 3170 1679 μὶν
3217 1609 3245 1662 6
3277 1607 3454 1676 λόγος,
3504 1607 3598 1660 καὶ
3645 1599 3979 1678 παραδοχῆς

719 1701 887 1755 etiam
920 1703 1237 1770 acceptione
1283 1701 1449 1770 digna
1485 1701 1752 1764 videatur,
1784 1699 1931 1752 nullo
1961 1706 2121 1767 pacto
2152 1695 2293 1750 veri-

2391 1699 2732 1768 ἀξιούμενος,
2765 1699 2916 1753 οὐδὲν
2957 1700 3056 1770 τὴν
3087 1697 3344 1768 ἀλήθειαν
3396 1696 3826 1768 παραλυπήσειε·
3864 1695 3983 1750 καὶ

723 1787 817 1840 tati
847 1786 1059 1861 olilcere
1110 1786 1473 1855 poterit;imo
1501 1795 1554 1840 et
1590 1786 1815 1839 alteram
1852 1785 1990 1836 hanc
2026 1780 2288 1853 prepositi
2318 1849 2361 1861 _

2326 1849 2361 1861 _
2391 1792 2489 1859 τὴν
2515 1790 2777 1861 δευτέραν
2807 1790 2916 1844 τῶν
2943 1790 3248 1861 εἰρημένων
3275 1789 3646 1859 ὑπερχόμενος
3677 1787 3830 1852 τάξιν
3853 1789 3985 1841 οὐκ

721 1878 924 1932 oraculi
962 1852 1393 1931 enucleationem
1438 1876 1679 1940 subiens,
1708 1876 1777 1930 ab
1803 1889 1888 1938 ea,
1924 1888 2048 1929 meo
2067 1872 2286 1944 quidem
2318 1849 2364 1908 Β

2323 1849 2457 1931 Ba;
2496 1849 2794 1950 άγαπίίσει,
2834 1878 2956 1933 οὐδ’
2993 1849 3314 1948 imam“;
3342 1849 3535 1946 ού
3563 1849 3682 1941 οὖν,
3710 1849 3860 1930 κατά
3900 1891 3982 1946 τι

721 1968 944 2034 judicio.
982 1983 1081 2022 nec
1113 1967 1337 2033 amabit,
1363 1983 1462 2022 nec
1491 1976 1699 2036 quaeret
1755 1967 1935 2022 avelli.

1902 1967 1935 2021 i.
2394 1970 2574 2039 κρίσιν
2606 1969 2706 2039 τὴν
2737 1970 2899 2039 ἐμὴν,
2929 1969 3141 2040 ταύτης
3166 1968 3561 2039 ύπεραρθῆναι.

795 2056 1158 2126 lteperiuntur
1192 2065 1369 2111 autem
1394 2067 1670 2119 auctores,
1709 2055 1800 2124 qui
1828 2056 1901 2123 (et
1931 2053 2034 2109 hac
2071 2052 2289 2121 quidem

2466 2062 2622 2114 Ἔστι
2663 2061 2720 2114 δὲ
2748 2061 2948 2131 εὑρεῖν,
2984 2056 3065 2123 οἷς
3111 2060 3324 2130 εἴρηται
3368 2059 3457 2129 (δι’
3489 2052 3563 2113 ὧν
3605 2059 3702 2112 καὶ
3730 2057 3985 2111 αὐτόθεν

722 2148 1080 2216 explicatione
1110 2147 1244 2201 illud
1283 2165 1302 2195 ι
1349 2147 1419 2200 ad
1452 2147 1744 2216 imaginem
1778 2163 1797 2197 ι
1832 2145 2084 2215 protinus
2119 2143 2289 2198 reler-

2393 2153 2472 2209 εἰς
2496 2151 2626 2204 ἴδιον
2652 2152 2714 2205 τὸ
2767 2171 2785 2203 ι
2817 2151 2934 2205 κατ’
2962 2151 3146 2204 εἰκόνα
3175 2169 3192 2201 ι
3246 2149 3677 2219 συναναφέρεται
3707 2151 3817 2218 (97)
3847 2151 3984 2217 πρὸ

724 2251 812 2293 ιιιι·
858 2240 924 2293 azl
975 2238 1172 2294 divinae
1231 2252 1479 2307 persona:
1526 2238 1912 2308 proprietatem
1971 2244 2096 2292 ante
2143 2244 2292 2289 cata-

2394 2243 2770 2314 καταλήψεως)
2801 2261 2813 2273 ·
2849 2244 3085 2314 εἰρήσθω
3129 2243 3206 2314 τῷ
3229 2245 3386 2312 Λόγῳ
3429 2243 3488 2295 τὸ
3536 2241 3709 2312 ῥῆμα,
3743 2241 3981 2294 διασαίο

723 2330 932 2398 lrpsin)
960 2329 1113 2383 aiunt
1145 2347 1159 2384 :
1192 2338 1312 2384 esto
1367 2329 1499 2383 illud
1549 2347 1568 2379 ι
1597 2330 1662 2382 ad
1715 2329 2001 2397 imaginem
2041 2348 2060 2380 ι
2093 2329 2164 2382 ita
2208 2327 2292 2382 di-

2393 2353 2503 2390 νειν
2533 2335 2667 2406 πρὸς
2705 2335 2803 2403 τὴν
2839 2334 2934 2387 τοῦ
2957 2336 3129 2402 Λόγου
3174 2334 3448 2404 σάρκωσιν
3508 2333 3601 2385 καὶ
3639 2332 3977 2401 ἐπιδημίαν.

725 2430 871 2472 α-ιιιιιι
904 2420 971 2472 de
1001 2417 1192 2483 Verbo,
1228 2429 1286 2472 ut
1316 2418 1382 2472 ad
1420 2417 1582 2472 Verbi
1618 2417 2046 2479 incarnationem
2101 2427 2156 2470 et
2193 2416 2291 2471 ad-

2395 2426 2459 2480 Εἰ
2491 2425 2601 2495 γάρ
2635 2443 2653 2476 ι
2675 2425 2704 2477 6
2736 2425 2928 2493 Λόγος,
2965 2426 3120 2500 φασι,
3153 2423 3288 2494 σάρξ
3316 2423 3557 2491 ἐγένετο,
3590 2423 3683 2476 καὶ
3719 2423 3986 2492 ἐσκήνω-

728 2516 945 2563 ventum
964 2508 1249 2577 pertineat.
1280 2506 1337 2561 Si
1367 2508 1510 2562 enim
1539 2526 1558 2559 ι
1585 2506 1843 2572 Verbum,
1866 2506 2139 2576 inquiunt,
2160 2519 2291 2559 caro

2394 2532 2485 2568 σεν
2523 2516 2582 2567 ὲν
2627 2515 2781 2584 ἡμῖν,
2810 2532 2828 2564 ι
2886 2515 2984 2566 καὶ
3040 2513 3323 2583 ἄνθρωπος
3379 2511 3715 2581 εχρημάτισε
3769 2504 3985 2564 cauti

727 2600 928 2655 factum
954 2609 1057 2662 est,
1080 2608 1135 2653 et
1190 2599 1450 2654 habitavit
1499 2600 1553 2653 in
1593 2598 1751 2654 nobis
1774 2599 1826 2662 ³,
1862 2617 1882 2650 ι
1920 2607 1973 2652 et
1998 2599 2164 2652 homo
2190 2595 2291 2650 fuit

2395 2605 2624 2663 πάντα.»
2664 2605 2806 2675 πλὴν
2829 2605 2928 2673 τῆς
2962 2603 3233 2673 ἁμαρτίας
3257 2619 3272 2634 ο
3305 2605 3425 2656 κατ’
3468 2604 3646 2659 εκείνο
3680 2603 3740 2654 τὸ
3788 2601 3982 2671 ἱερὸν,

731 2718 747 2743 ε
785 2708 879 2762 per
927 2691 1145 2748 omnia‘
1184 2710 1202 2744 ι
1240 2699 1598 2760 ρτωιειηιιειηι
1635 2689 1690 2744 in
1741 2689 2044 2760 peccato';
2100 2687 2291 2757 utique

2393 2697 2487 2749 καὶ
2534 2697 2918 2767 ἀναμάρτητον
2947 2695 3192 2766 ἄγαλμα,
3236 2693 3371 2747 me
3416 2693 3510 2747 καὶ
3555 2691 3730 2761 πάσης
3777 2693 3985 2762 ἁμαρ.

729 2783 1028 2838 secundum
1081 2783 1226 2837 illam
1280 2792 1546 2845 sanctam,
1603 2790 1656 2836 et
1704 2790 1927 2850 peccato
1991 2782 2289 2846 carentem,

2392 2786 2513 2848 τίας
2538 2785 2941 2856 καθαιρετικδν,
2975 2786 3069 2838 καὶ
3101 2784 3192 2838 τὸν
3237 2783 3658 2854 «pendulae-rev
3690 2781 3858 2851 ’Δδάμ
3908 2781 3983 2834 δὲ

727 2879 840 2930 imo
891 2882 945 2929 et
992 2887 1154 2927 omne
1216 2880 1501 2942 peccatum
1570 2872 1936 2926 destruentem
1995 2871 2288 2940 imaginem

2393 2870 2863 2945 δημιουργηθῆναι
2911 2875 3003 2928 καὶ
3053 2877 3290 2945 φρονεῖν,
3336 2874 3432 2928 καὶ
3459 2872 3638 2941 λόγειν
3683 2871 3860 2944 ὀρθῶς
3896 2871 3983 2925 ἂν

727 2969 898 3022 fuisse
927 2965 1012 3019 vcl
1042 2965 1216 3034 ipsum
1273 2964 1505 3032 primum
1559 2971 1833 3032 parentem
1890 2962 2060 3017 Adam
2109 2963 2292 3017 condi-

1488 2977 1505 3015 I
1559 2971 1833 3032 parentem
1890 2962 2060 3017 Adam
2109 2963 2292 3017 condi-
2393 2967 2938 3021 οὑὸὶνὰποκωλύσειε
2969 2965 3147 3031 λόγος.

729 3067 843 3109 tum
877 3062 1028 3108 recte
1063 3065 1310 3115 censere,
1349 3057 1401 3104 ct
1445 3048 1626 3106 dicere
1657 3050 1804 3104 nulla
1842 3051 2052 3106 ratione
2101 3051 2290 3121 prohi-

730 3149 1003 3198 beremur.
2322 3184 2360 3198 η
3332 3194 3336 3198 ἢ

801 3233 878 3287 Ειι
928 3233 1092 3287 alium
1130 3233 1344 3287 modum
1392 3234 1580 3297 babes,
1615 3234 1771 3302 quasi
1805 3233 1857 3286 in
1888 3234 2185 3303 porismate
2224 3248 2292 3288 ex
2321 3227 2361 3240 “’

2326 3227 2361 3240 ’”
2467 3237 2576 3288 Καὶ
2605 3233 2747 3304 εχεις
2773 3232 2973 3304 τρόπον
3005 3230 3184 3296 ἄλλον,
3209 3229 3285 3292 ὠς
3315 3231 3373 3283 ὲν
3402 3229 3702 3299 πορίσματι
3729 3227 3818 3282 διὰ
3853 3229 3985 3298 τῆς

731 3324 1038 3394 bujusmodi
1072 3325 1430 3394 explicatione
1473 3326 1872 3393 procedentem,
1901 3325 2178 3396 habesque
2218 3325 2293 3379 si-

2392 3330 2647 3399 τοιαύτης
2672 3328 2911 3398 θεωρίας
2937 3309 3359 3397 προερχόμενον,
3392 3325 3484 3377 καὶ
3508 3324 3606 3393 τὴν
3627 3313 3829 3386 εἰκόνα,
3863 3327 3988 3378 καὶ

731 3415 843 3467 ιιιυί
865 3423 920 3467 et
952 3413 1332 3484 imaginem,et
1351 3415 1645 3483 exemplar,
1679 3423 1733 3468 et
1766 3415 2063 3470 secundum
2098 3429 2294 3484 quam-

2392 3419 2452 3472 τὸ
2489 3417 2861 3490 πρωτότυπον,
2894 3417 2986 3470 καὶ
3017 3415 3136 3469 καθ’
3166 3415 3235 3484 ἦν
3263 3414 3446 3467 εἰκόνα
3475 3415 3504 3466 6
3534 3413 3702 3482 ’Λδάμ
3734 3415 3812 3474 εἰς
3860 3414 3986 3465 ev-

730 3517 856 3556 nam
887 3501 1176 3571 imaginem
1202 3501 1370 3555 Adam
1402 3501 1454 3556 in
1491 3502 1726 3556 hominis
1756 3510 1944 3556 natura
1973 3502 2135 3556 fuerit
2162 3517 2295 3557 cono

2393 3511 2612 3582 Optimae
2639 3510 2802 3578 φύσιν
2833 3506 3204 3579 διεμορφὼθη.
3239 3506 3351 3560 Καὶ
3373 3505 3478 3575 γὰρ
3503 3506 3537 3575 ἡ
3568 3502 3730 3556 εἰκὼν
3774 3506 3982 3574 άπερ-

730 3593 1126 3648 stitutus.Cum
1154 3593 1296 3647 enim
1320 3592 1488 3648 Filius
1503 3594 1574 3646 sit
1605 3593 1784 3662 imago
1811 3594 2294 3657 incommutabilis,

2396 3601 2679 3664 άλλακτος,
2720 3601 2814 3652 καὶ
2858 3597 3109 3666 συμφυὴς
3156 3599 3184 3648 6
3212 3595 3340 3659 Υἱὸς
3389 3593 3671 3663 ὑπάρχων.
3718 3591 3985 3658 γεγονὼς

729 3693 784 3738 et
817 3682 1296 3738 consubstantialis
1332 3681 1501 3745 Patri,
1530 3697 1760 3752 cumque
1799 3680 1974 3737 factus
2007 3683 2079 3738 sit
2111 3683 2292 3748 homo,

2393 3691 2450 3745 61
2481 3689 2766 3760 ἄνθρωπος
2802 3688 2925 3749 καθ’
2967 3689 3132 3758 ἡμᾶς,
3166 3686 3260 3739 καὶ
3287 3686 3368 3749 εἰς
3401 3684 3512 3754 (θβ)
3556 3684 3686 3753 μίαν
3725 3682 3987 3736 ὑπόστα-

730 3775 918 3845 qnales
955 3790 1054 3829 nos
1087 3789 1298 3839 sumus,
1343 3785 1398 3829 et
1429 3789 1589 3828 unam
1643 3789 1766 3828 cum
1792 3783 2070 3843 assumpta
2101 3783 2296 3828 natura

2398 3800 2482 3835 σιν
2528 3780 2605 3852 τῷ
2655 3780 3040 3851 προσλήμματι
3086 3775 3375 3842 συνελθὼν,
3427 3777 3688 3844 ὁμότιμον
3730 3773 3818 3827 τὸν
3869 3773 3990 3827 ἇν-

730 3865 1026 3922 confecerit
1074 3878 1397 3935 personam;
1435 3867 1709 3920 hominem
1756 3865 1820 3919 ad
1854 3865 2098 3920 eamdem
2141 3881 2294 3920 suam

2394 3875 2610 3944 θρωπον
2644 3871 2841 3936 ἔδειξεν
2879 3869 3076 3940 ἑαυτῷ·
3107 3868 3230 3922 καθ’
3277 3868 3344 3938 ἢν
3393 3868 3630 3938 μορφὴν,
3672 3866 3767 3920 καὶ
3811 3864 3989 3922 ἰδέαν

730 3959 1094 4013 (auditionem
1157 3963 1409 4011 evectum
1472 3956 1944 4025 ostenditzatque
1996 3957 2296 4011 secundum

2394 3965 2494 4032 τῆς
2546 3964 2813 4034 σωτηρίου
2866 3962 3070 4032 ταύτης
3109 3957 3436 4030 σαρκώσεως
3485 3961 3519 4028 ἡ
3565 3961 3634 4011 τὶ
3678 3958 3992 4028 μέλλοντος

731 4051 871 4105 hanc
903 4047 1060 4103 Verbi
1092 4047 1358 4104 incarnatl
1389 4046 1618 4100 formam
1647 4048 1690 4110 ⁸,
1723 4058 1778 4101 et
1803 4046 1976 4101 ideam
2001 4045 2184 4101 divina
2212 4061 2299 4100 sa-

2395 4055 2496 4125 ἠδη
2524 4053 2815 4122 καθορῶσα
2845 4068 2935 4114 .τε,
2977 4051 3070 4105 καὶ
3101 4047 3459 4120 οἰκονομοῦσα
3489 4047 3623 4101 Θεοῦ
3677 4047 3832 4115 σοφία
3873 4049 3993 4102 τὸν

730 4143 952 4211 pientis,
985 4155 1106 4209 qua:
1140 4137 1490 4208 przevidebat,
1515 4137 1950 4207 disponebatque
1990 4135 2197 4200 futura,
2229 4137 2295 4191 ad

2397 4145 2639 4216 ἀρχηγὸν
2662 4143 2758 4197 τοῦ
2790 4143 2980 4212 γένους
3015 4141 3172 4214 ήμῶν
3203 4141 3390 4212 χερσὶν
3418 4140 3706 4210 ἀκράντοις
3750 4141 3840 4192 καὶ
3868 4138 3993 4210 δη-

731 4230 963 4298 primum
992 4228 1164 4296 nostri
1191 4227 1405 4297 generis
1444 4235 1720 4297 parentem
1761 4241 1914 4295 pura,
1946 4236 1998 4281 et
2035 4227 2300 4282 creatrice

2399 4239 2772 4309 μιουργικοίς,
2833 4235 3108 4306 ὑπερϐολῇ
3178 4233 3586 4305 φιλανθρωπίας
3649 4231 3994 4303 ὑπηγάγετο

732 4336 895 4374 manu
953 4318 1300 4373 formandum
1345 4335 1372 4369 a
1428 4332 1540 4372 sua:
1581 4317 1927 4386 benignitatis
1969 4318 2297 4371 abundantia

1068 4318 1300 4372 nandum
1345 4335 1372 4369 a
1428 4332 1540 4372 sua:
1581 4317 1927 4386 benignitatis
1969 4318 2297 4371 abundantia
2399 4329 2727 4383 πλάττεσθαι

730 4410 959 4467 adducta
995 4418 1100 4463 est.

798 4507 974 4572 Atque
1023 4503 1137 4558 haec
1183 4501 1438 4564 maxima,
1500 4509 1558 4554 ut
1600 4497 1838 4552 arbitror
1871 4536 1886 4561 ,
1919 4495 2302 4567 perspicuitate
2329 4519 2378 4576 ι)

2334 4519 2378 4576 ι)
2480 4504 2644 4558 nam
2676 4504 2845 4558 ταῦτα
2875 4505 2973 4574 μὲν
3006 4501 3146 4556 κατά
3173 4503 3234 4556 τὸ
3264 4502 3620 4570 σαφέστατον,
3655 4495 3831 4570 οἶμαι,
3864 4505 3993 4555 καὶ

730 4605 786 4649 et
815 4594 1094 4662 diligentia
1140 4593 1420 4649 enucleata
1466 4598 1615 4646 sunt.
1667 4587 1956 4643 Enimvero
1986 4588 2298 4658 Anthropo-

2404 4596 2484 4649 δι’
2517 4595 2826 4666 εύκρινείας
2870 4593 3227 4666 τεθεώρηται.
3275 4595 3336 4648 ’0
3364 4594 3476 4664 γάρ
3513 4593 3622 4645 τῶν
3650 4592 3994 4660 Ἄνθρωπο-

732 4685 1125 4754 murphitarum
1174 4683 1423 4738 delirium
1461 4690 1578 4736 esto
1621 4680 1674 4734 iu
1705 4694 1893 4733 eorum
1929 4679 2170 4732 animum
2213 4679 2294 4733 iu-

2406 4689 2680 4760 μορφιτῶν
2726 4689 2892 4758 λῆρος
2922 4688 3002 4749 εἰς
3025 4685 3245 4739 ἐκείνων
3291 4684 3402 4754 (99)
3441 4667 3760 4755 άπερρίφθω
3787 4698 3994 4750 lupa-

732 4775 989 4838 ductum,
1039 4774 1131 4843 qui
1188 4772 1357 4826 Deum
1440 4771 1635 4841 quavis
1688 4770 1890 4840 ﬁgura,
1951 4771 2298 4826 circumscrio

2402 4780 2520 4846 λὰς,
2566 4781 2616 4834 οἳ
2647 4779 2781 4850 πρὸς
2823 4779 2921 4848 τὴν
2957 4775 3246 4848 ἀνθρώπου
3279 4775 3493 4847 μορφὴν
3535 4773 3712 4827 καὶτὸ
3751 4773 3992 4844 σχῆμα,

732 4868 935 4935 ptione,
988 4876 1044 4920 et
1094 4863 1579 4933 comprehensione
1627 4871 1898 4915 carentem
1943 4862 2010 4916 ad
2060 4863 2297 4918 hominis

2403 4871 2493 4925 τὸν
2521 4869 2925 4940 άσχημάτιστόν
2949 4886 3031 4932 τε,
3064 4871 3157 4922 καὶ
3183 4867 3585 4938 άπεριόριστον,
3623 4867 3714 4918 καὶ
3749 4865 3995 4920 ἀκατά-

735 4959 962 5012 formam
1013 4965 1174 5027 atque
1219 4956 1447 5023 ﬁguram
1503 4947 1922 5024 pertrahendam
1964 4953 2294 5008 insanientes

2404 4958 2604 5026 ληπτον
2661 4956 3118 5023 συγκαθίλκουσιν
3184 4953 3558 5024 ἑκμεμηνότες
3605 4951 3756 5005 Θεόν.
3824 4951 3995 5009 Οὐδὲ

2317 3184 2361 3240 C

734 5057 1014 5120 putarunt.
1056 5047 1169 5103 hno
1201 5063 1378 5117 neque
1404 5049 1528 5111 hoc,
1560 5047 1702 5115 quod
1734 5043 1888 5098 facile
1916 5044 2214 5108 intellectu,
2245 5054 2296 5099 ct

2401 5050 2557 5103 τοῦτο
2593 5052 2718 5122 ῥᾷον
2741 5049 2820 5112 δν,
2853 5050 2945 5104 καὶ
2981 5049 3264 5120 πρόχειρον
3301 5046 3571 5118 ἠθέλησαν
3599 5045 3690 5099 επὶ
3718 5042 3840 5096 νοῦν
3882 5045 4001 5099 la.-

731 5141 817 5194 cui
824 5143 966 5208 piam
977 5138 1311 5206 obviumest,
1329 5148 1510 5192 mente
1525 5137 1798 5208 percipere
1816 5136 2135 5202 voluerunt;
2153 5136 2298 5206 quod

2406 5137 2540 5204 δεῖν,
2569 5140 2643 5201 ὡς
2675 5141 2723 5191 εἰ
2753 5138 2812 5191 τὸ
2841 5138 2994 5191 Θεῐον
3045 5137 3105 5201 ιε
3135 5137 3328 5200 ἀϊδίου,
3379 5137 3474 5189 καὶ
3498 5135 3619 5205 οὐχὶ
3649 5135 3792 5204 λόγῳ
3834 5150 3997 5204 συγ-

805 5280 823 5309 ²
853 5277 1015 5332 llebr.
1053 5290 1090 5337 ι,
1119 5275 1172 5327 5.
1249 5274 1270 5304 ³
1293 5271 1448 5328 Joan.
1482 5288 1520 5334 ι,
1549 5272 1632 5325 14.
1703 5273 1723 5301 ⁵
1755 5269 1913 5326 Hebr.
1954 5288 2011 5334 ιι,
2047 5272 2133 5324 l7.
2205 5274 2225 5303 ⁸
2254 5271 2413 5329 llebr.
2441 5292 2464 5329 r

1491 5288 1520 5334 I,
1549 5272 1632 5325 l4.
1703 5273 1723 5301 ⁵
1755 5269 1913 5326 Hebr.
1954 5288 2011 5334 ιι,
2047 5272 2133 5324 l7.
2205 5274 2225 5303 ⁸
2254 5271 2413 5329 llebr.
2441 5291 2512 5341 ιν,
2535 5275 2621 5329 l5.
2687 5275 2708 5306 ⁸
2742 5275 2972 5344 Philipp.
3003 5289 3061 5338 ιι,
3102 5273 3150 5327 7.

798 5528 911 5651 (θὲ
954 5526 1082 5607 sap.
1116 5541 1213 5588 vn,
1252 5523 1342 5612 26..
1380 5522 1513 5577 Vide
1557 5534 1759 5604 tamen,
1820 5539 1888 5578 ne
1927 5523 2153 5606 Pliotius
2189 5525 2304 5581 haec
2477 5529 2586 5611 (9g)
2620 5530 2729 5610 Τῇς
2753 5529 2856 5585 huc
2884 5540 3080 5584 temere
3129 5527 3394 5582 insertum
3443 5526 3779 5581 evellendum
3811 5527 3998 5586 duxi.

798 5627 799 5648 ς
830 5597 868 5651 S
917 5638 930 5649 .
962 5594 1170 5651 dicens.
1199 5608 1298 5648 suo
1332 5609 1426 5651 per
1468 5593 1750 5647 cuniculos
1783 5607 1955 5647 οιτοιί
2003 5610 2144 5648 viam
2174 5605 2305 5649 ster-
2476 5600 2587 5651 ι9ιι
2623 5601 2712 5651 Sic
2740 5601 2913 5651 placet
2941 5615 3035 5651 Dru
3057 5599 3152 5650 σὺν
3184 5595 3555 5651 ἀναφαίνεται.

733 5593 930 5654 ιη’δὸ.
962 5593 1170 5661 dicens,
1199 5608 1298 5648 suo
1323 5609 1426 5662 per
1468 5593 1750 5668 cuniculos
1783 5597 1965 5668 err_ori_
2003 5596 2144 5648 viam
2172 5605 2305 5668 ster-

1895 5597 1965 5668 n'i
2003 5596 2144 5648 viam
2172 5605 2305 5668 βίοι·-
2476 5593 2587 5664 (9η
2623 5593 2712 5655 Sic
2740 5601 2913 5668 placet
2940 5615 3035 5668 pro
3057 5599 3152 5650 σὺν
3184 5595 3554 5663 ἀναφαίνεται.

736 5677 848 5732 nat,
904 5682 970 5738 ac
988 5660 1162 5738 putet
1184 5679 1270 5738 ea,
1317 5660 1437 5732 quae
1485 5663 1537 5715 in
1578 5660 1826 5738 adductis
1853 5662 2144 5738 Scriptura;
2170 5665 2303 5738 locis
2475 5660 2585 5736 (98)
2617 5660 2764 5723 Hanc
2793 5660 3048 5738 πρόθεσιν
3081 5681 3240 5738 sensu
3264 5660 3517 5738 ductante
3548 5665 3762 5722 retinxi.

736 5732 937 5810 litteris
988 5732 1126 5790 Filio
1185 5733 1518 5798 tribuuntur,
1555 5734 1822 5810 Jtsurpari
1889 5732 2049 5810 posse
2104 5735 2169 5790 de
2197 5734 2294 5792 SS.
2472 5732 2580 5810 (99)
2613 5739 2688 5794 lta
2720 5732 2846 5794 reor
2877 5753 2972 5808 pro
3000 5735 3221 5790 εἰκόνων
3242 5734 3613 5791 scribendum.

737 5810 861 5878 quia
888 5806 972 5862 hic
1004 5819 1221 5876 quoque
1253 5814 1461 5860 tantum
1492 5818 1520 5856 a
1551 5799 1996 5873 l’atre’procedat
