4202 6442
197 451 313 515 ἔξω

1048 453 1148 511 ΑΒ
1185 446 1779 511 AMPHILOCHIUM
1810 441 2156 515 QUESTIO
2200 440 2529 501 XXXVIII.

3335 422 3449 486 266

196 562 316 614 τῶν
348 559 685 630 Χριστιανῶν
731 558 1048 629 μυστηρίων
1082 560 1300 613 είδότων
1322 574 1337 589 ’
1390 560 1439 611 εἰ
1476 554 1778 626 ἀπερίγρα-

1899 561 2007 605 'unt
2042 549 2324 622 mysteria,
2379 551 2479 603 hoc
2509 546 2734 601 dubium
2788 554 3092 613 proponere
3148 534 3450 630 nondebe-

198 668 363 713 πτος,
401 650 495 703 καὶ⁵
533 648 808 719 πανταχοῦ
853 650 885 718 ὴ
924 648 1134 719 θεότης,
1168 649 1396 718 πότερον
1438 649 1471 716 ὴ
1511 646 1667 716 σὰρξ,
1713 644 1779 715 ἠν

199 742 471 795 ἀνέλαϐεν
512 743 542 793 ό
590 742 739 806 Υίδς,
782 740 1056 809 πανταχοῦ
1095 740 1174 809 τῷ
1217 738 1603 810 προσειληφότι
1635 754 1780 808 παρ-

202 834 591 901 εκταθήσεται,
620 833 707 885 ἵνα
738 832 811 902 μὴ
842 832 1217 901 κεχωρισμένη
1242 830 1484 900 νοηθῇ,ἢ
1514 844 1781 898 περιγρα-

204 926 422 993 φομένη
454 925 601 994 τόπῳ
629 925 724 995 τὴν
756 922 1060 993 πρόσληψιν
1080 921 1495 991 ἀπαρνήσεταις
1530 919 1641 973 Καὶ
1673 919 1784 989 γὰρ

201 1017 386 1085 τούτῳ
427 1016 491 1086 δὴ
521 1016 599 1084 τῷ
636 1014 941 1084 νομισθέντι
984 1012 1301 1082 ἀπορήματι
1346 1010 1515 1066 πολλά
1563 1010 1630 1064 ἀν
1672 1011 1779 1079 εῐη,

208 1104 419 1174 μᾶλλον
450 1104 507 1155 δὲ
544 1107 610 1173 τῇ
640 1102 883 1173 ἀπειρίᾳ,
912 1100 1318 1171 διαμιλλώμενα
1344 1099 1415 1153 τὰ
1449 1098 1741 1169 ἀθύρματα
1763 1115 1779 1129 ⁸

204 1197 305 1246 καὶ
349 1195 437 1248 ἵνα
470 1195 543 1265 μὴ
578 1194 836 1265 περὶτῶν
866 1192 1109 1263 φρικτῶν
1136 1192 1198 1246 οὐ
1235 1192 1478 1263 φρίττειν
1517 1190 1780 1261 δόξωμεν,

204 1288 303 1339 ἐπὶ
331 1286 430 1355 τῆς
456 1287 635 1356 ψυχῆς
673 1285 895 1356 μᾶλλον,
927 1286 1021 1339 καὶ
1046 1285 1140 1339 τοῦ
1166 1283 1417 1354 σώματος
1442 1284 1471 1338 ό
1498 1283 1655 1351 λόγος
1685 1281 1785 1354 τὴν

204 1378 522 1447 γυμνασίαν
544 1376 901 1446 ἀναδεχέσθω.

281 1548 351 1601 τί
376 1548 484 1619 γὰρ
516 1548 714 1602 κωλύει
744 1549 926 1619 λέγειν
955 1551 1045 1604 τὸν
1068 1549 1417 1621 βουλόμενον,
1440 1551 1559 1616 πῶς
1576 1552 1784 1624 ἥνωται

204 1640 289 1711 τῷ
321 1643 535 1711 σώματι
566 1644 599 1713 ἠ
627 1642 774 1713 ψυχὴ
801 1643 875 1713 μὴ
918 1644 1439 1715 ἐμπεριγραφομένη
1466 1646 1656 1714 τόπψς
1689 1641 1786 1709 οῖς

206 1736 327 1805 γὰρ
353 1736 428 1805 μὴ
460 1736 994 1807 συμπεριγράφεται,
1026 1737 1125 1806 τὴν
1148 1737 1342 1791 ῑνωσιν
1369 1738 1781 1809 ἀπαρνουμὲνη,

207 1827 290 1889 1'»;
321 1828 356 1895 ἡ
385 1826 494 1879 τῶν
519 1827 973 1897 παραληρούντων
1007 1826 1259 1897 βούλεται
1292 1828 1477 1897 σοφία,
1509 1827 1787 1898 διελέγχε-

206 1934 328 1970 ται.
356 1918 465 1969 Καὶ
494 1917 610 1981 πῶς
637 1918 977 1988 (ἐγγύτερον,
1006 1896 1100 1972 καὶ
1138 1920 1275 1989 πρὸς
1312 1896 1567 1989 αἴσθησιν
1597 1896 1785 1989 φάναι)
1820 1896 1880 1951 θ’

206 2008 309 2061 τοῦ
337 2008 681 2079 ἀνθρωπίνου
716 2008 1237 2081 περικεχρωσμένου
1265 2011 1540 2083 σώματος,
1562 2012 1671 2083 ὅτῳ
1699 2011 1791 2065 διὰ

208 2100 503 2170 χρώματος
537 2100 613 2169 (5)
652 2099 794 2168 αὕτη
834 2102 1142 2171 χρωμάτων
1192 2102 1341 2156 ἐστὶν
1408 2103 1787 2167 ἀνεπίδεκτος·

213 2192 313 2242 καὶ
346 2191 440 2243 τοῦ
477 2191 577 2261 μὶν
624 2193 686 2244 ἐκ
713 2192 994 2263 τεσσάρων
1024 2193 1216 2262 χυμῶν
1244 2194 1655 2264 συγκριθιντος,
1689 2197 1790 2265 τῆς

212 2282 327 2336 ἀπὸ
350 2282 455 2334 τῶν
483 2283 672 2353 χυμῶν
704 2283 842 2355 αὕτη
890 2285 1187 2355 καθαρεύει
1234 2285 1526 2350 διαθέσεως
1551 2302 1566 2317 ο
1599 2287 1693 2341 καὶ
1731 2287 1793 2341 τδ

217 2376 322 2445 μὲν
346 2375 623 2445 πλήρωσίς
647 2393 729 2440 τε,
759 2377 851 2429 καὶ
880 2376 943 2429 οὐ
971 2377 1201 2441 κένωσις
1229 2378 1293 2431 ὲκ
1324 2377 1573 2447 διαδοχῆς
1608 2377 1793 2449 κύκλῳ

217 2466 487 2537 προϊοῦσα
524 2470 746 2537 συνιστᾷ
770 2486 783 2500 ·
820 2470 853 2537 ή
881 2468 938 2520 δὲ
970 2470 1235 2538 κρείττων
1263 2470 1457 2539 ὁρᾶται
1479 2470 1587 2523 τῶν
1615 2470 1791 2523 τοιού-

214 2574 328 2611 των
358 2558 601 2611 στάσεων
628 2576 639 2587 ·
673 2560 765 2610 καὶ
797 2560 965 2628 μυρία
985 2560 1156 2624 ἄλλας

290 2809 404 2862 Καὶ
432 2808 700 2862 ἀνάπαλιν
726 2810 770 2862 δ’
798 2812 863 2865 ἄν
888 2827 973 2873 τις
1002 2813 1093 2865 τὸν
1144 2812 1303 2879 λόγον
1330 2814 1793 2883 μεταχειρίσαιτο,

232 2900 385 2969 ἘρΞῖ
421 2901 548 2970 γάρ,
595 2894 747 2969 ᾧτινι
798 2904 955 2971 φίλον
1009 2904 1139 2974 περὶ
1187 2905 1294 2956 τῶν
1352 2906 1656 2959 σπουδαίων
1719 2907 1795 2978 μὴ

222 2986 569 3051 σπουδάζειν,
597 2990 731 3043 ἀλλά
777 2993 899 3053 ταῖς
948 2996 1289 3060 σοφιστικαῖς
1334 2996 1793 3065 ὲπισεμνύνεσθαι

222 3081 282 3130 ἐν
317 3082 417 3149 [σῳ
442 3080 547 3132 τῶν
566 3080 891 3151 ψηφολὸγων
944 3086 1315 3154 περιεργείαις
1340 3105 1351 3116 ·
1393 3088 1453 3139 Ei
1494 3089 1696 3157 ἥνωται
1733 3088 1795 3140 τὸ

222 3168 321 3221 τοῦ
359 3168 609 3238 σώματος
653 3170 936 3241 σύγκριμα
986 3176 1050 3243 τῇ
1090 3174 1281 3245 λογικῇ
1320 3175 1491 3245 ψυχῇ,
1529 3176 1645 3238 πῶς
1697 3178 1796 3230 οὐκ

1879 651 2050 698 rent:
2116 652 2298 696 utrum
2356 642 2554 695 sinon
2607 635 3024 702 circumscripta
3073 629 3167 686 sed
3242 626 3450 695 ubique

1877 743 1962 788 est
1990 734 2184 798 dcitas,
2218 748 2346 787 caro
2368 772 2384 796 ,
2407 747 2571 801 quam
2591 767 2595 771 ι
2618 726 2916 796 assumpsit
2938 724 3131 783 Filius.
3150 715 3457 775 assumenti

1877 826 2164 880 adhaerens
2208 825 2280 878 sit
2310 823 2529 892 ubique,
2565 836 2636 876 ne
2683 828 2933 887 separata
2975 812 3348 882 concipiatur:
3381 823 3449 860 an

1881 915 2004 969 loco
2049 915 2464 983 circumscripta
2516 926 2576 967 se
2626 916 2966 976 assumptam
3007 919 3130 959 esse
3184 897 3451 968 negabit?

1884 1004 2093 1060 Etenim
2124 1006 2190 1059 ad
2223 1005 2386 1069 hanc,
2420 1018 2581 1071 quam
2622 1007 2847 1055 censent
2876 995 3170 1057 diﬂicilem,
3196 989 3453 1059 quastio—

1882 1112 2007 1151 nem
2066 1095 2484 1157 enucleandam,
2544 1092 2727 1162 potius
2772 1098 2954 1142 autem
3013 1084 3081 1138 ad
3124 1080 3453 1151 imperitiam

1884 1190 2217 1260 arguendam
2278 1187 2445 1241 multa
2492 1190 2719 1254 possent
2750 1180 2962 1235 ludicra
3008 1188 3268 1245 responsa
3324 1185 3457 1260 pro-

1884 1258 2048 1335 ferri:
2082 1287 2138 1334 et
2186 1292 2253 1332 ne
2296 1276 2601 1330 veneranda
2652 1270 2914 1342 mysteria
2945 1282 3056 1319 non
3090 1260 3337 1317 venerari
3368 1258 3454 1310 vi-

1884 1370 2131 1435 deamur,
2164 1377 2353 1423 nostra
2406 1368 2518 1420 haec
2564 1363 2741 1419 oratiu
2793 1362 2858 1415 ad
2896 1356 3181 1414 hominum
3219 1354 3465 1407 animant

1883 1468 1938 1514 et
1958 1473 2159 1528 corpus
2178 1457 2604 1527 disputationem
2646 1450 2956 1508 transierat.

1960 1550 2104 1617 Quid
2138 1550 2284 1605 enim
2310 1558 2475 1613 vetat,
2507 1548 2553 1603 si
2572 1547 2771 1608 libeat,-
2790 1544 2975 1598 dicere
3000 1558 3013 1595 :
3040 1535 3323 1606 Quomodo
3344 1535 3464 1589 ani-

1885 1659 1994 1704 ma.
2016 1644 2144 1696 dum
2166 1642 2287 1695 loco
2313 1655 2418 1694 non
2442 1636 2934 1700 circumscribitur,
2966 1631 3181 1701 corpori
3200 1629 3465 1698 copulata

1885 1735 2008 1792 est?
2029 1732 2171 1787 Nam
2194 1731 2517 1802 quibuscum
2536 1725 3100 1795 circumscriptionem
3118 1731 3464 1801 communem

1886 1842 1991 1882 non
2013 1824 2178 1879 habet
2208 1863 2224 1888 ,
2262 1836 2387 1877 cum
2416 1822 2484 1875 iis
2510 1818 2976 1889 coniunctionem,
2998 1812 3075 1868 uti
3107 1811 3340 1866 vultista
3364 1823 3470 1869 nu-

1887 1916 2128 1987 gantium
2152 1911 2439 1981 sapientia,
2464 1924 2571 1965 non
2603 1908 2888 1964 admittere
2915 1903 3208 1959 evincitur.
3240 1898 3307 1957 Et
3329 1911 3468 1968 quo-

1889 2008 2049 2062 modo
2077 2008 2161 2077 (ut
2198 2020 2312 2059 rem
2342 2002 2589 2074 propius,
2612 2010 2666 2056 et
2690 2015 2786 2071 per
2809 1997 3086 2053 sensibilia
3110 1990 3464 2062 attingamus)

1887 2092 2016 2147 dum
2050 2106 2248 2161 corpus
2294 2100 2378 2145 est
2400 2090 2741 2152 coloratum,
2797 2084 3030 2156 ipsasic
3082 2084 3223 2136 inter
3251 2080 3469 2135 colores

1887 2182 2182 2249 exsistens,
2237 2180 2451 2235 colores
2507 2179 2787 2247 suscipere
2846 2191 2953 2231 non
3002 2182 3219 2246 potest:
3262 2181 3473 2225 etcum

1889 2289 2089 2344 corpus
2125 2289 2193 2329 ex
2228 2280 2463 2342 quatuor
2506 2271 2690 2325 succis
2718 2269 2789 2323 sit
2834 2276 3173 2329 concretum,
3222 2264 3338 2333 ipsa
3374 2263 3472 2316 nu-

1886 2366 2127 2435 jusmodi
2162 2362 2430 2418 materiali
2459 2362 2777 2417 conditione
2829 2368 3015 2414 caret:
3048 2368 3105 2413 et
3127 2370 3326 2425 corpus
3349 2352 3474 2422 qui-

1891 2455 2011 2510 dem
2068 2469 2176 2508 non
2234 2452 2502 2513 vacuitas.
2534 2450 2629 2507 sed
2677 2466 2743 2506 ex
2792 2451 3077 2505 humerum
3129 2444 3473 2514 susceptione

1891 2546 2169 2616 plenitudo
2187 2544 2546 2613 undequaque
2568 2542 2791 2596 dilatata
2810 2540 3119 2605 constituit,
3138 2537 3318 2592 anima
3342 2547 3483 2589 vero

1894 2637 1977 2690 bis
2010 2633 2388 2690 an‘ectionibus
2428 2646 2537 2687 non
2568 2642 2654 2686 est
2685 2630 2923 2685 obnoxia
2954 2646 2968 2683 :
3005 2638 3168 2697 atque
3202 2626 3307 2680 alia
3342 2638 3470 2679 sex-

1894 2722 2084 2778 tenta?

1962 2815 2038 2869 Ac
2062 2816 2178 2868 vice
2203 2827 2359 2868 versa
2378 2812 2573 2881 poterit
2604 2810 2882 2881 quispiam
2905 2810 3003 2864 has
3021 2805 3475 2876 interrogationes

1895 2915 2213 2961 retractare.
2260 2904 2474 2973 luquiet
2498 2905 2642 2958 enim
2674 2905 2738 2967 is,
2770 2903 2860 2969 qui
2880 2950 2886 2956 .
2906 2917 3012 2956 non
3047 2900 3191 2955 serio
3217 2900 3284 2952 de
3317 2897 3479 2952 seriis

1895 3011 2075 3067 agere,
2107 2997 2199 3052 sed
2242 2995 2536 3049 subtilibus
2566 3009 2664 3063 pro
2696 2995 3087 3048 circulatorum
3122 3005 3273 3045 more
3313 3004 3476 3056 argn-

1902 3088 1993 3140 tiis
2024 3100 2144 3140 sese
2173 3094 2445 3140 ostentare
2476 3085 2747 3148 voluerit,
2774 3086 2819 3138 si
2851 3098 3051 3153 corpus
3087 3083 3279 3135 aniuue
3308 3081 3479 3134 ratio-

1898 3177 2004 3229 nali
2053 3175 2427 3229 consociatum
2471 3182 2575 3239 est,
2604 3174 2879 3244 quomodo
2905 3184 2976 3228 σει
3022 3173 3224 3243 ipsum,
3263 3173 3477 3242 (quem-

222 3260 473 3328 ἁπάρχον
495 3260 571 3328 (6)
606 3261 701 3329 τῆς
732 3262 1021 3331 ἐνωθείσης
1050 3264 1107 3316 δν
1135 3264 1307 3332 τούτῳ
1339 3267 1785 3335 γνωριζομένης;

1899 3268 2185 3320 admodum
2226 3264 2467 3335 anima),
2497 3266 2836 3327 substantia.
2875 3280 2997 3334 quae
3027 3264 3129 3318 sibi
3166 3262 3479 3331 agnoscitur

223 3352 350 3413 Πῶς
379 3352 436 3403 δὲ
464 3352 564 3404 οὐκ
607 3352 850 3420 ἀναφές;
894 3354 1055 3407 Ἀλλά
1099 3356 1214 3418 πῶς
1258 3356 1613 3427 ὑποκείμενον
1648 3358 1790 3429 χρώο

225 3460 407 3511 μασι;
450 3443 658 3513 Βάρους
706 3444 801 3497 καὶ
847 3448 1017 3515 ῥοπῆς
1078 3447 1364 3512 κενώσεώς
1414 3466 1471 3501 τε
1539 3452 1631 3502 καὶ
1670 3452 1801 3520 πλη-

225 3533 451 3604 ρώσεων
479 3535 713 3597 πῶςοὺκ
749 3536 1056 3606 ἐλεύθερον,
1104 3541 1197 3593 καὶ
1236 3542 1427 3610 μυρίος
1456 3542 1657 3611 λῆροςς
1695 3545 1803 3595 Καὶ

226 3624 555 3694 (συλλήϐδην
579 3625 676 3695 τὴν
708 3628 1042 3697 μητρόπολιν
1088 3628 1183 3681 τοῦ
1238 3630 1407 3697 λήρου
1434 3630 1622 3698 φάναι,
1649 3630 1707 3695 ἐξ
1736 3629 1802 3703 ἧς

225 3718 324 3768 καὶ
353 3717 423 3769 τὰ
452 3718 717 3786 εἰρημένα
747 3722 858 3782 τοῖς
881 3718 1061 3787 λόγοις
1084 3720 1543 3790 ἐμπολιτεύεσθαι
1567 3724 1803 3794 πάροδον

226 3802 358 3878 εὗρε
390 3809 772 3878 νεανιεύματα)
822 3814 871 3863 εί
910 3814 1113 3883 ἥνωται
1157 3815 1190 3883 ἡ
1237 3813 1383 3885 ψυχὴ
1437 3816 1514 3884 τῷ
1568 3817 1803 3885 σώματι,

225 3899 347 3963 πῶς
379 3900 500 3969 οὐχὶ
532 3900 683 3969 ψυχὴ
707 3901 765 3953 τδ
789 3900 1019 3972 σῶμαιῆ
1043 3903 1162 3972 οὐχὶ
1193 3903 1352 3973 σῶμα
1387 3906 1587 3975 ἡψυχὴ
1611 3922 1631 3969 ἑ

306 4166 367 4219 Et
390 4165 448 4219 δὲ
473 4164 645 4219 ταῦτα
667 4167 846 4234 λέγειν
878 4167 973 4220 ἐπὶ
988 4167 1183 4238 ψυχῆς,
1204 4170 1298 4222 καὶ
1336 4169 1591 4239 σώματος
1612 4172 1811 4239 γέλως,

233 4260 326 4311 καὶ
357 4256 453 4311 νῦν
487 4259 586 4326 τὴν
615 4257 775 4326 φύσιν
809 4259 909 4328 τῆς
946 4260 1179 4329 ἀπορίας
1210 4260 1272 4312 τὸ
1314 4260 1562 4329 μέγεθος,
1596 4263 1629 4331 ή
1656 4278 1809 4331 σοφι-

234 4349 400 4418 στικὴ
448 4349 744 4418 κατάδηλος
794 4349 992 4421 μικροῦ
1032 4352 1129 4403 καὶ
1167 4355 1279 4413 τοῖς
1331 4353 1699 4422 ἀγυμνάστοις
1741 4355 1809 4406 τὰ

231 4437 466 4491 τοιαῦτα
494 4439 703 4505 γίνεται
761 4440 928 4508 λέσχη
954 4457 967 4471 ·
998 4440 1149 4508 πόσῳ
1192 4440 1391 4509 μᾶλλον
1416 4444 1510 4494 ἐπὶ
1538 4441 1807 4510 τοιλθείου

234 4530 436 4597 Λόγου,
474 4528 569 4582 καὶ
596 4529 689 4581 τοῦ
718 4529 836 4581 καθ’
867 4532 1013 4599 ἡμᾶς
1058 4531 1487 4601 προσλήμματος
1530 4532 1710 4599 λέγειν
1739 4534 1809 4585 τὰ

236 4625 401 4692 ὃμοια
427 4623 488 4675 οὐ
514 4622 791 4683 παντελῶς
812 4622 929 4675 ἐστι
958 4623 1360 4689 καταγέλαστον
1385 4624 1480 4677 καὶ
1506 4624 1581 4693 μὴ
1600 4626 1810 4695 διακρί-
1842 4601 1888 4658 D

236 4732 352 4766 νειν
398 4714 561 4765 εἰδόσι
616 4713 885 4782 φλυαρίας
944 4730 1026 4776 τε,
1082 4716 1171 4765 καὶ
1213 4714 1445 4783 ἀπορίας
1474 4716 1811 4784 προνόμιον;

238 4806 400 4859 Εἴπω
429 4805 496 4856 τὰ
527 4805 794 4873 ἡμέτερα,
840 4804 1039 4872 μᾶλλον
1073 4805 1119 4857 δ’
1159 4804 1198 4857 ἀ
1238 4804 1341 4872 τῆς
1398 4804 1812 4875 φιλανθρωπίας

238 4896 335 4949 τοῦ
373 4896 681 4957 Πλὰσαντος
727 4895 883 4965 ἔργα,
925 4896 1019 4949 καὶ
1056 4894 1204 4967 πάθη
1243 4896 1570 4966 καθέστηκε.
1600 4897 1721 4961 Πῶς
1776 4899 1809 4967 ή

239 4988 445 5057 Θεότης
472 4988 620 5057 ἥλοις
645 4987 1127 5057 διαπερονηθὼτος
1170 4986 1263 5040 τοῦ
1294 4986 1567 5056 σώματος,
1595 4988 1655 5039 οὐ
1683 5006 1809 5041 συν-

242 5084 537 5154 τέτρωται,
556 5082 617 5133 οὐ
638 5084 705 5150 τῇ
728 5082 893 5151 λόγχῃ
914 5082 1281 5153 διατέτρηται,
1307 5083 1408 5135 οὐκ
1441 5082 1778 5152 ἐσταύρωται
1801 5098 1815 5147 ;

1906 3358 2215 3427 conjuncta,
2245 3358 2432 3425 nequit
2453 3358 2755 3427 imperare?
2780 3356 3067 3421 Quomodo
3096 3368 3149 3410 et
3175 3356 3350 3424 ipsum
3371 3370 3479 3407 non

1903 3447 2087 3517 en‘ugit
2135 3456 2337 3503 tactum
2360 3448 2383 3500 τ
2410 3446 2699 3513 Quoniodo
2723 3457 2804 3501 est
2838 3449 3112 3502 coloribus
3139 3445 3481 3515 subjectum?

1903 3536 2186 3601 Quomodo
2211 3538 2490 3607 gravitatis
2513 3580 2525 3603 ,
2583 3539 2863 3608 ponderis.
2906 3539 3210 3599 vacuitatis,
3244 3536 3481 3605 plenitu-

1904 3626 2045 3679 dinis
2075 3641 2184 3679 non
2216 3634 2299 3679 est
2335 3627 2610 3691 immune;
2659 3634 2712 3681 et
2748 3628 2897 3681 mille
2933 3627 3240 3695 hujusmodi
3273 3624 3485 3693 gerrae?

1906 3719 2077 3785 Atque
2109 3719 2191 3787 (ut
2210 3732 2318 3771 uno
2337 3718 2500 3771 verbo
2515 3719 2796 3773 matricem
2822 3735 3085 3789 nugarum
3113 3716 3481 3787 proferamus,

1903 3826 1965 3861 ex
2002 3823 2103 3877 qua
2135 3819 2188 3862 et
2222 3810 2339 3863 ista:
2365 3810 2636 3879 iuveniles
2669 3810 2894 3880 argutia:
2922 3810 2989 3863 ad
3025 3824 3303 3864 sermones
3333 3807 3486 3860 inva-

1903 3897 2109 3950 dendos
2141 3898 2346 3950 aditum
2398 3899 2767 3962 invenerunt),
2805 3898 2849 3951 si
2887 3899 3067 3951 anima
3106 3906 3189 3950 est
3233 3896 3483 3964 copulata

1906 3988 2141 4054 corpori,
2163 3988 2440 4057 quomodo
2463 3988 2647 4042 anima
2676 4002 2786 4041 non
2819 3996 2904 4042 est
2936 4002 3154 4056 corpus,
3178 3995 3486 4056 autcorpus

1907 4068 2011 4129 neu
2047 4088 2131 4131 est
2160 4079 2385 4132 anima?

1977 4168 2131 4233 Quod
2180 4171 2224 4225 si
2263 4172 2376 4225 haec
2414 4170 2481 4225 de
2532 4171 2710 4225 animo
2742 4181 2794 4226 et
2823 4187 3049 4239 corpore
3077 4171 3285 4225 effutire
3317 4171 3486 4224 risum

1906 4260 2141 4324 excitat,
2178 4269 2232 4313 et
2259 4275 2425 4325 nunc,
2455 4262 2583 4315 dum
2614 4262 2666 4313 in
2700 4259 2864 4315 rebus
2902 4261 3241 4314 naturalibus
3278 4259 3489 4329 pondus

1910 4348 2243 4404 ditlicultatis
2274 4360 2395 4415 est,
2446 4352 2530 4405 vel
2570 4354 2638 4405 ab
2668 4354 2796 4421 ipsis
2828 4354 3219 4421 propemodum
3252 4350 3491 4404 homini-

1911 4440 2011 4493 bus
2042 4442 2353 4495 rudioribus
2380 4442 2563 4497 istliaec
2594 4443 2886 4511 garrulitas
2914 4443 3249 4497 cavillatoria
3281 4442 3491 4511 perspi-

1912 4530 2051 4585 citur
2086 4549 2103 4583 :
2135 4543 2339 4600 quanto
2398 4533 2569 4601 magis
2607 4534 2673 4587 de
2722 4535 2907 4587 divino
2943 4533 3151 4599 Verbo,
3197 4542 3252 4587 et
3303 4543 3491 4587 nostra

1915 4628 2192 4686 assumpta
2233 4628 2422 4674 natura
2454 4622 2769 4690 hujusmndi
2805 4639 2992 4692 gerras
3024 4623 3234 4677 eﬂutire
3262 4624 3497 4675 omnium

1915 4710 2275 4763 deridiculum
2309 4720 2395 4765 est
2433 4726 2528 4781 pro
2566 4714 2632 4769 iis
2664 4729 2903 4783 quoque,
2936 4714 3025 4782 qui
3056 4730 3167 4767 rem
3193 4714 3491 4781 jocularem

1917 4816 1947 4854 a
1979 4798 2296 4855 diﬂicultate
2334 4805 2583 4857 nesciunt
2623 4805 2971 4860 discernere?
3006 4806 3312 4872 llic_autem
3350 4806 3493 4873 adji-

1918 4895 2060 4949 ciam
2094 4905 2281 4950 nostra
2305 4935 2320 4961 ,
2353 4896 2467 4952 sive
2512 4899 2694 4967 potius
2724 4898 2839 4961 illa,
2868 4914 2990 4969 quae
3022 4914 3087 4953 ex
3123 4897 3407 4967 operibus,
3440 4907 3495 4950 et

1916 4988 2361 5057 perpessionibus
2394 4990 2805 5045 clementissimi
2836 4989 3149 5045 Conditoris
3171 4987 3348 5043 ‘nosui
3374 4989 3493 5042 erui

1922 5089 2172 5149 possunt.
2206 5082 2489 5147 Quomodo
2533 5082 2695 5136 simul
2724 5098 2848 5137 cum
2899 5097 3125 5151 corpore
3165 5080 3333 5135 clavis
3373 5095 3495 5149 per-

1768 5262 1998 5322 ΝΟΤᾸΞ.

249 5416 552 5501 {fr-amomo
598 5418 782 5501 docuit
965 5417 1211 5501 {eannes
1263 5419 1566 5501 Andresius
1629 5421 1811 5501 Regia:

250 5490 598 5545 bibliotheca:
645 5488 953 5557 praefectus.
983 5487 1082 5541 Hic
1124 5497 1305 5544 autem
1362 5490 1589 5545 adnotes
1621 5487 1808 5551 velim.

250 5558 399 5631 quod
428 5558 934 5631 ipsamjamdudum
973 5560 1385 5631 transtuleram,
1413 5561 1812 5631 nonnullasque

252 5628 630 5700 suppleveram
685 5629 987 5691 Iacunnlas,
1044 5642 1168 5700 cum
1236 5628 1550 5683 Combetisii
1611 5629 1808 5684 lacinia

254 5699 388 5755 mihi
411 5701 588 5754 oblata
615 5707 733 5754 est:
766 5699 817 5753 id
848 5708 1029 5751 autem
1084 5699 1166 5769 vel
1200 5700 1314 5767 ipse
1359 5699 1541 5769 itaque
1578 5715 1643 5753 ex
1689 5714 1809 5752 ver-

257 5772 429 5825 sionis
460 5772 719 5824 varietate
753 5769 1063 5837 perspicies.
1101 5767 1209 5837 Ego
1258 5767 1567 5837 autem'pro
1602 5780 1808 5837 renata

260 5843 494 5898 monebo
554 5849 607 5895 et
660 5832 801 5894 unde
879 5832 1101 5906 incipiat
1144 5832 1556 5905 'Combeﬁsius,
1597 5849 1649 5893 et
1716 5832 1805 5891 ubi

1916 5422 2224 5493 abrumpat,
2257 5431 2309 5477 et
2359 5421 2449 5493 ubi
2502 5420 2757 5493 desinat,
2810 5419 2920 5471 imo
2956 5419 3169 5493 quo_tic_s
3215 5431 3245 5469 a
3298 5428 3491 5493 _n_nstra

1919 5485 2152 5547 lectione
2212 5485 2447 5546 recedat.
2483 5520 2553 5530 —
2602 5488 2693 5544 Sic
2726 5496 2905 5543 exstat
2955 5485 3009 5541 in
3038 5486 3239 5541 Codice
3298 5485 3495 5539 Mona-

1915 5564 2061 5616 censi
2091 5562 2183 5617 Gr.
2219 5560 2341 5622 104,
2378 5560 2415 5621 f,
2446 5560 2572 5614 282.

1987 5631 2060 5699 (5)
2089 5632 2289 5686 Saltem
2314 5631 2548 5699 relingas
2577 5630 2739 5689 οὕτω,
2775 5637 2832 5682 ιιι
2854 5642 3051 5683 sensus
3081 5633 3316 5699 constet,

1987 5634 2042 5688 (5
2089 5634 2289 5686 Saltem
2314 5634 2548 5699 relingas
2577 5634 2739 5689 οὓτω,
2775 5637 2832 5682 ιιι
2854 5642 3051 5683 sensus
3081 5634 3316 5681 constet.

1987 5634 2062 5771 (ei
2094 5701 2360 5755 Perbreve
2407 5701 2812 5755 iuterstitiolum
2865 5700 3002 5753 inter
3045 5698 3122 5751 ἀπ
3177 5706 3229 5748 et
3278 5694 3375 5764 τῆς
3418 5695 3497 5748 ita

1913 5770 2291 5842 complendum
2326 5784 2539 5825 censeo.
