4202 6442
206 420 315 489 269

1096 431 1196 493 AD
1232 428 1824 494 AMPHILOCHIUM
1842 425 2222 499 'QU/ESTIO
2251 424 2579 486 XXXVIII.

3345 416 3453 481 270

210 544 299 605 ἂν,
329 543 434 598 κᾶν
465 543 538 616 μὴ
576 544 812 615 φεύγων,
846 544 953 611 ῑως
975 546 1042 601 ἂν
1078 548 1191 602 τῶν
1229 550 1432 620 νοερῶν
1458 548 1597 603 κατὰ
1623 547 1772 615 κίνη-

1881 542 2063 596 animo
2082 540 2292 618 tingere
2313 538 2575 594 abhorres
2596 535 2815 608 (quippe
2832 533 2987 589 malis
3008 533 3147 588 nolis
3160 531 3456 587 abhorrere

212 656 299 690 σιν
328 639 639 709 ὲνεργειῶν,
660 642 708 694 εί
733 639 913 711 βούλει
950 642 1029 707 δὲ,
1053 643 1149 696 καὶ
1188 643 1299 697 τῶν
1340 662 1536 699 κοινων
1562 645 1783 698 ἐννοιῶν

208 729 243 778 ὁ
268 726 392 791 νοῦς
420 729 518 782 οὐκ
549 731 631 801 εἴη
663 732 1120 804 ἀπεληλαμένος),
1150 737 1244 789 ἐπὶ
1278 736 1539 805 μεγάλοις
1559 738 1783 799 ἀτόποις

210 819 480 892 αἰσχύνην
519 822 738 892 δφλοις,
768 828 898 896 ῥᾷον
927 824 995 879 ἂν
1036 827 1291 896 αἴσθησιν
1333 827 1538 888 λάϐοις,
1570 829 1783 901 ἀπορη-

213 910 405 978 μάτων
445 913 699 967 τοιούτων
743 915 1041 985 προδολεὺς
1085 913 1504 989 καθιστάμενοςζ
1538 920 1700 973 Ὠστε
1724 923 1786 974 τὸ

206 999 413 1053 οἰκεῖον
446 1002 633 1066 πάθος,
675 1004 769 1056 καὶ
805 1004 1060 1076 ἀγνόημα
1110 1009 1417 1078 προσάπτει
1466 1008 1545 1080 τῷ
1585 1010 1729 1082 λόγῳ
1758 1014 1787 1066 ό

212 1094 575 1162 μεγαφρονῶν
630 1096 689 1149 ὲν
729 1098 808 1169 τῷ
864 1098 1079 1168 λέγειν’
1116 1102 1178 1156 Εἰ
1216 1103 1421 1174 ἥνωται
1462 1106 1497 1176 ἠ
1540 1105 1679 1177 σὰρξ
1708 1106 1787 1177 τῷ

210 1178 350 1247 Υἱῷ,
382 1182 414 1251 ἡ
445 1185 745 1254 πανταχοῦ,
776 1187 872 1241 καὶ
897 1188 1035 1259 πρὸς
1080 1191 1143 1245 τὸ
1173 1182 1592 1266 ἀπερίγραπτον
1622 1214 1788 1267 μετα-

214 1270 479 1343 ϐέϐληται
504 1291 519 1306 ⁸
548 1276 580 1347 ἢ
605 1277 936 1350 κεχώρισται
959 1281 1061 1352 τῆς
1103 1283 1369 1355 Θεότητος
1405 1286 1481 1360 μὴ
1512 1289 1785 1361 δυναμένη

211 1364 391 1437 ταύτῃ
421 1372 1008 1439 συμπαρεκτείνεσθαι.

284 1543 479 1597 Καίτοι
528 1562 593 1614 γε
645 1547 797 1619 τόπῳ
842 1551 1044 1619 μᾶλλον
1092 1554 1386 1610 ἀκόλουθον
1440 1556 1664 1624 ἐννοεῖν,
1712 1562 1787 1626 ὡς

212 1632 378 1723 εἰπερ
402 1637 479 1697 τὰ,
500 1637 601 1707 τῆς
630 1638 810 1711 ψυχῆς
838 1641 1104 1712 ἰδιώματα
1124 1645 1203 1717 τῷ
1248 1647 1462 1718 σώματι
1497 1630 1785 1723 πάρεστιν,

211 1720 247 1790 ἢ
276 1724 391 1787 τοῖς
419 1724 527 1778 τοῦ.
548 1725 799 1797 σώματος
826 1730 1021 1803 ἡψυχὴ
1058 1736 1525 1808 χαρακτηρίζεται
1552 1757 1565 1770 ⁸
1583 1720 1688 1796 οὐκ
1723 1744 1790 1797 ἂν

212 1813 403 1878 αὐτοῖς
434 1817 597 1872 ⁴ιυοθεν
621 1821 654 1889 ἡ
684 1820 886 1886 ῑνωσις
912 1826 1274 1894 περιγένοιτο,
1309 1830 1425 1883 ἀλλ’
1457 1832 1599 1895 οὐδὲ,
1635 1835 1786 1899 εῐτις

1888 634 1991 687 Ιιοο
2005 632 2193 693 debes,
2212 631 2257 687 si
2282 640 2461 685 tamen
2480 638 2573 683 tua
2600 641 2756 682 mens
2770 626 2838 680 ab
2860 624 3286 695 intelligibilibus
3310 624 3455 678 circa

1888 736 2094 781 motum
2121 722 2553 794 operationibus,
2583 721 2694 774 imo
2719 719 2883 775 etiam
2918 733 2949 771 a
2973 716 3285 771 notionibus
3308 730 3458 769 com-

1887 812 2144 867 munibus
2174 826 2282 865 non
2314 812 2387 865 sit
2413 810 2669 871 remota),
2702 806 3013 877 seposuisse
3033 814 3086 860 te
3113 804 3167 858 iu
3198 803 3459 857 immani-

1886 904 1990 958 bus
2039 902 2474 957 absurditatibus
2518 899 2783 969 pudorem
2842 897 3059 952 facilius
3112 895 3300 964 utique
3344 894 3461 962 ipsc

1888 996 2090 1051 sentire
2117 993 2338 1065 poteris.
2385 992 2478 1062 qui
2526 988 2837 1060 huiusmodi
2888 986 3238 1043 difficultates
3266 993 3460 1054 protu-

1888 1087 2038 1142 leris.
2068 1084 2251 1151 Quare
2293 1082 2528 1153 propria
2574 1080 2774 1134 utentis
2823 1079 3015 1132 vitium
3050 1086 3214 1145 atque
3240 1076 3462 1142 imperi-

1889 1180 2018 1234 tiam
2050 1193 2301 1234 sermone
2326 1192 2426 1230 suo
2453 1175 2645 1246 prodet
2679 1174 2843 1227 bomo
2866 1172 2954 1225 ille
2993 1171 3338 1234 temerarius,
3364 1171 3459 1239 qui

1890 1271 1967 1324 ait
1997 1288 2012 1324 :
2043 1269 2100 1324 Si
2126 1283 2254 1324 caro
2294 1268 2433 1322 Filio
2458 1267 2749 1335 conjuncta
2778 1273 2887 1328 est,
2922 1272 3017 1316 aut
3040 1270 3126 1318 est
3150 1262 3369 1331 ubique,
3400 1276 3463 1315 ac

1890 1362 2115 1432 proinde
2144 1362 2353 1416 infinita
2385 1362 2708 1426 evasit;aut
2733 1373 2765 1412 a
2789 1356 3082 1411 Diviuitate
3108 1355 3320 1410 divulsa
3353 1364 3458 1418 est,

1888 1453 1933 1507 si
1967 1452 2032 1507 ad
2064 1461 2270 1507 tantam
2302 1467 2413 1505 non
2439 1449 2687 1521 pervenit
2710 1447 3149 1501 immensitatem.

1960 1541 2122 1611 Atqui
2172 1540 2379 1609 quanto
2416 1539 2588 1608 magis
2620 1546 3051 1593 consentaneum
3085 1541 3168 1589 est
3200 1532 3459 1603 cogitare,

1888 1629 2036 1701 quod
2061 1630 2107 1685 si
2138 1629 2335 1684 animat
2360 1628 2730 1698 proprietates
2780 1625 2998 1697 c0rpori
3031 1624 3300 1687 adessent,
3330 1639 3392 1677 ac
3417 1626 3460 1677 si

1888 1720 2335 1776 attributiouibus
2355 1719 2634 1789 corporeis
2661 1718 2841 1771 anima
2863 1715 3200 1778 afficeretur;
3219 1713 3463 1784 profecto

1891 1811 2039 1867 hisee
2058 1811 2273 1866 duabus
2311 1808 2633 1866 substantiis
2661 1806 2977 1877 coniunctio
3022 1819 3128 1865 non
3158 1804 3458 1864 obveniret,

212 1901 357 1972 δοίη,
403 1906 515 1960 τῶν
544 1878 839 1979 ἠνωμόνων
864 1878 910 1984 ⁷ἡ
952 1878 1783 1990 σένᾷδὸξὲίξιιξιξᾷξοιῖεξξ

1888 1912 2003 1969 aut,
2028 1903 2075 1960 si
2112 1919 2175 1957 ea
2206 1902 2445 1966 daretur,
2493 1911 2641 1957 certe
2693 1900 2913 1970 quidem
2966 1899 3107 1952 inter
3149 1897 3297 1967 ipsas
3326 1912 3461 1951 con-

379 1997 487 2086 γὰρ
506 1998 572 2052 ἄν
598 2000 685 2072 εῐη
715 2003 874 2059 τοῦτο
904 2005 1136 2079 θατέρου
1163 2011 1301 2081 πρὸς
1324 2011 1551 2085 θάτερον
1570 2032 1587 2049 ο
1613 2034 1783 2086 μετα-

212 2080 349 2176 ϐολὴ
400 2084 457 2139 δι
506 2087 642 2157 πρὸς
687 2091 787 2163 τήν
832 2094 1038 2165 κυρίως
1061 2097 1276 2164 ἕνωσιν,
1308 2099 1370 2153 τὸ
1418 2080 1785 2176 παροιμιῶδες

214 2174 414 2266 εἰπεῖν,
439 2177 591 2231 οὐδὲν
625 2180 863 2248 ἔλαττον,
893 2186 926 2256 ἢ
964 2187 1033 2240 τὰ
1053 2189 1279 2255 Μυσῶν,
1307 2194 1402 2247 καὶ
1441 2174 1673 2266 Φρυγῶν
1706 2201 1785 2255 δι·

213 2262 450 2336 ἕστηκεν
478 2268 622 2339 ὅρια.
658 2273 767 2326 Καὶ
791 2276 821 2328 ό
840 2275 939 2344 τὴν
958 2276 1150 2333 ἕνωσιν
1174 2262 1662 2357 πολυπραγμονέῖιν,
1690 2294 1785 2347 καὶ

216 2358 745 2431 μορμολυττόμενος,
763 2367 857 2419 καὶ
874 2368 1200 2436 ἀκολούθους
1214 2376 1456 2441 ἐπινοίας
1476 2381 1787 2438 ἀποσκευα-

212 2445 469 2542 ζόμενος,
502 2450 723 2522 λέληθεν
750 2456 943 2511 ἑαυτὸν
987 2462 1289 2531 μετάϐασιν
1319 2469 1459 2538 πρὸς
1483 2471 1583 2542 τὴν
1607 2475 1785 2542 σάρκα

214 2538 728 2633 καταψηφιζόμενος
753 2564 766 2577 ·
801 2552 895 2603 καὶ
941 2553 1023 2617 είς
1070 2554 1161 2608 τὸν
1207 2558 1400 2613 ὲνύλου
1446 2538 1787 2633 σαρκδςίκαὶ

214 2630 583 2728 παρατασεως
624 2638 719 2690 καὶ
760 2641 964 2705 παντός
1025 2644 1254 2712 πάθους,
1310 2651 1408 2704 καὶ
1469 2630 1787 2728 προσθήκης

640 2730 731 2783 καὶ
749 2733 1076 2791 Δεσποτικδν
1088 2718 1527 2811 ὑποπτευόμενος
1543 2745 1640 2818 τὴν
1662 2718 1788 2803 ἆνᾶξ

350 2828 381 2864 ν
521 2854 536 2869 .

350 2828 536 2869 vum.

290 2985 404 3039 Καὶ
430 2985 581 3087 obrue
605 2986 761 3047 εῐπον
785 2996 845 3049 τὺ
871 3000 1122 3068 παρεῖναι
1142 3003 1242 3075 τὴν
1257 3005 1504 3080 Θεότητα
1527 3014 1667 3067 κατὰ
1690 3015 1788 3087 τὴν

214 3076 417 3171 ινωσιν
438 3084 502 3152 τῇ
531 3086 716 3154 σαρκὶ,
750 3088 842 3141 καὶ
889 3090 949 3143 τδ
988 3094 1239 3163 παρεῖναι
1285 3076 1585 3171 πανταχοῦ,
1615 3108 1663 3158 εί
1694 3076 1787 3161 καὶ

1864 1994 2108 2063 .junctas
2136 2008 2444 2055 consensus
2472 1993 2771 2062 perdurare
2798 2004 2906 2043 non
2935 1988 3149 2056 posset?
3182 1988 3285 2041 Ista
3314 1986 3459 2039 enim

1884 2085 2107 2140 alterius
2122 2084 2440 2139 substantize
2462 2084 2516 2137 in
2538 2083 2762 2137 alteram
2782 2080 3010 2135 mutatio
3033 2078 3171 2133 foret
3196 2096 3210 2133 :
3232 2079 3462 2133 mutatio

1884 2185 2063 2231 autem
2092 2185 2302 2230 tantum
2324 2190 2355 2230 a
2388 2190 2513 2229 vera
2536 2172 2948 2243 conjunctione,
2974 2177 3239 2240 quantum
3259 2169 3454 2240 Mysia.

1886 2277 1947 2321 ut
1981 2266 2087 2322 fert
2119 2268 2489 2337 proverbium,
2522 2280 2550 2319 a
2576 2265 2805 2336 Phrygia
2837 2264 3027 2318 distat.
3064 2264 3241 2331 Atque
3272 2262 3341 2324 is,
3365 2262 3461 2331 qui

1887 2357 2283 2429 bypostaticam
2328 2356 2773 2425 coniunctionem
2827 2353 3055 2408 nimium
3086 2358 3381 2414 scrutatur,
3408 2362 3461 2406 et

1887 2461 2280 2508 consentaneas
2312 2450 2565 2504 notiones
2583 2445 2817 2516 repellit,
2839 2445 3224 2512 amoliturque,
3245 2444 3461 2511 ignorat

1888 2544 2077 2613 utique
2124 2557 2186 2597 se
2237 2541 2339 2596 ista
2384 2538 2658 2605 cogitandi
2699 2537 2910 2591 ratione
2945 2534 3139 2588 Filium
3173 2534 3226 2586 in
3275 2534 3459 2587 carnis

1888 2633 2249 2690 substantiam
2280 2630 2599 2687 vertendum
2629 2641 2887 2690 censere;
2920 2639 2985 2679 ac
3014 2622 3081 2678 de
3109 2638 3195 2687 eo,
3225 2624 3319 2693 qui
3346 2639 3463 2676 nta-

1890 2724 2095 2781 terialis
2117 2723 2302 2779 carnis
2327 2720 2701 2777 estensiouem
2726 2757 2741 2780 ,
2780 2717 3092 2788 passionem
3139 2715 3459 2784 quamlibet.

1888 2822 1943 2869 et
1969 2814 2398 2869 additamentum
2431 2809 2622 2880 nequit
2656 2809 2944 2873 excipere,
2977 2806 3330 2875 divinamque
3360 2805 3459 2858 lta-

1888 2908 1978 2961 bet
2006 2915 2274 2968 naturam,
2302 2901 2682 2959 confusionem
2713 2898 3001 2968 suspicari.

1960 2993 2210 3050 Nondum
2234 3006 2361 3049 vero
2390 2991 2503 3048 dixi
2554 2990 2906 3045 Divinitatem
2952 2987 3101 3042 carui
3130 2986 3322 3041 adesse
3364 3001 3463 3056 per

1892 3087 2287 3159 ltypostaticam
2354 3083 2833 3151 coniunctionem,
2885 3088 2940 3134 et
2988 3079 3180 3134 adesse
3236 3078 3457 3147 ubique.

216 3170 361 3237 πρὸς
408 3171 665 3247 διάφορον
722 3180 1055 3254 ἀναφέρεται
1100 3189 1195 3241 καὶ
1237 3190 1381 3257 νοῦν,
1430 3165 1523 3248 κᾶι
1553 3165 1789 3254 διάνοιαν

1893 3175 2106 3230 tametsi
2132 3174 2197 3228 ad
2215 3172 2487 3227 diversum
2522 3183 2743 3225 sensum
2777 3166 3160 3233 diversamque
3185 3165 3460 3218 notionem

219 3263 340 3356 ςκαὶ
368 3267 477 3336 γὰρ
504 3266 532 3320 ό
564 3270 662 3338 μὲν
686 3272 748 3325 τὸ
781 3276 1059 3347 πανταχοῦ
1087 3280 1393 3350 γινώσκων,
1422 3289 1517 3340 καὶ
1538 3289 1789 3356 διορίζων

217 3354 400 3422 λόγος,
425 3357 547 3412 οὐδὲ
570 3360 673 3431 τῆς
719 3367 906 3437 κοινῆς
940 3342 1342 3442 ἑ-πιφοιτήσεως
1371 3342 1468 3448 τὴν
1499 3342 1791 3438 mea};

219 3447 537 3521 ὕπερορίζει
567 3453 731 3523 φύσιν
751 3472 766 3485 ·
802 3460 978 3513 πάντα
994 3461 1123 3533 γὰρ,
1150 3458 1226 3520 ὧν
1246 3467 1274 3519 ό
1302 3447 1435 3533 Θεὸς
1456 3470 1656 3541 ἠξίωσε
1678 3475 1796 3528 κτί-

218 3555 359 3632 στης
385 3543 662 3612 γενέσθαι,
717 3547 839 3602 οὐδε
881 3549 984 3620 τῆς
1022 3554 1168 3608 κατά
1208 3558 1464 3628 πρόνοιαν
1490 3563 1793 3632 παρουσίας

218 3630 520 3687 ἀπολαύειν
544 3636 718 3692 ταῦτα
762 3640 1077 3713 διατειχίζει
1103 3663 1118 3677 ο
1149 3648 1178 3699 ό
1203 3647 1259 3703 δὲ
1301 3649 1402 3721 τὴν
1442 3630 1793 3710 καθ’τῑνωσιν

218 3721 545 3819 πρεσδεύων
574 3732 875 3799 παρουσίαν
897 3734 1106 3808 (16)τῷ
1139 3737 1388 3796 ἑνωθέντι
1420 3743 1567 3815 μόνῳ
1590 3746 1794 3819 ταύτην

219 3813 500 3886 ἀφορίζει)
525 3834 540 3850 ’
586 3820 725 3875 ἀλλὰ
750 3820 844 3877 οὖν
870 3827 919 3879 εί
975 3827 1071 3880 καὶ
1103 3828 1243 3884 κατὰ
1297 3813 1553 3902 διάφορον
1587 3813 1793 3889 ἔννοιαν

219 3908 482 3981 ἑκάτερον
504 3906 641 3976 εἶδος
660 3915 909 3986 ἀφορίζει
930 3918 1029 3988 τῆς
1050 3921 1370 3989 παρουσίας,
1407 3924 1548 3996 πλὴν
1582 3928 1612 3979 ὁ
1633 3926 1793 3981 θατέ-

221 4015 329 4069 ραν
354 3998 755 4075 θρασυνόμενος
778 4007 1271 4080 πολυπραγμονεῖν,
1319 4014 1413 4067 καὶ
1460 4014 1789 4083 διαϐάλλειν,

219 4088 345 4143 οὺδὶ
369 4088 608 4164 θατέρας
656 4094 968 4167 φειδόμενος
998 4097 1325 4170 ἐξελέγχοιτ’
1354 4100 1420 4155 ἄν
1448 4102 1582 4173 (f7).

293 4352 423 4415 Τοῖς
463 4352 572 4425 γὰρ
615 4356 798 4419 αὐτοῖς
842 4356 1162 4421 διαδουλίοις
1200 4359 1501 4429 χρώμενος,
1558 4361 1696 4426 πῶς,
1730 4362 1796 4415 ἂν

220 4444 383 4515 φαίη,
428 4446 722 4516 παρέσοιτο
774 4449 1044 4520 πανταχοῦ
1079 4451 1142 4505 τὸ
1188 4450 1343 4505 Θεῖον
1382 4452 1609 4523 μηδενὸς
1645 4455 1796 4527 αὐτῷ

217 4535 353 4601 τῶν,
405 4531 487 4600 οἷς
540 4539 796 4608 πάρεστι,
840 4542 1143 4610 πεφυκότος
1184 4545 1789 4614 συμπαρεκτείνεσθαις

219 4622 323 4691 οἷς
372 4628 481 4697 γὰρ
528 4629 793 4699 παρόντος
844 4631 1052 4685 ἐκείνου
1096 4632 1208 4685 τῶν
1240 4632 1412 4685 ὄντων
1440 4634 1678 4705 ἑκάστῳ,
1712 4638 1790 4707 μὴ

220 4720 606 4790 συμπάρεστιν
651 4722 902 4787 ἕκαστον,
935 4722 1036 4776 ἀλλ
1086 4724 1181 4776 ἐπὶ
1222 4724 1324 4794 τῆς
1354 4724 1489 4787 ίδίας
1519 4742 1791 4796 περιγρα-

219 4811 331 4878 ’ρῆς
373 4811 544 4879 μένει,
595 4814 691 4892 καὶ
732 4811 949 4881 φύσεως
986 4812 1086 4882 τῆς
1124 4811 1261 4881 πρὸς
1290 4815 1468 4866 ἐκεῖνο
1497 4816 1793 4883 συναφείας

218 4901 599 4972 ἀποτέτμηται
626 4920 637 4932 δ
673 4904 766 4955 καὶ
810 4903 873 4957 τὸ
926 4902 1203 4973 πανταχοῦ
1243 4907 1497 4975 παρεῖναι
1536 4907 1671 4959 πᾶσι
1718 4909 1793 4976 μὴ

222 4991 472 5064 πέφυκε.
525 4996 659 5065 μηδὲ
707 4995 768 5047 τὸ
815 4995 1201 5066 δημιούργημα
1264 4997 1486 5049 δύναται
1536 5014 1791 5068 συμπαρ-

222 5087 564 5142 εκτείνεσθαι
588 5088 664 5154 τῷ
693 5089 1185 5158 Δημιουργήσαντι,
1224 5089 1510 5160 Ἐπιφοιτᾷ
1552 5092 1664 5152 τοῖς
1691 5094 1793 5160 ἰμ-

219 5182 421 5253 ψύχοις
446 5182 507 5233 τὸ
534 5181 707 5244 Θείον,
758 5183 817 5233 ού
861 5181 1110 5234 σύνεστιν
1139 5182 1324 5243 αὐτοις
1362 5183 1457 5234 καὶ⁵
1487 5182 1557 5235 τὰ
1585 5181 1789 5251 ἄψυχα.

219 5272 437 5326 υύκοῦν
498 5272 772 5341 ἀφέστηκε
834 5270 935 5338 τῆς
980 5272 1074 5324 ἐπὶ
1127 5271 1299 5325 ταῦτα
1346 5274 1783 5343 ὲπιφοιτήσεωςς

232 5362 400 5416 Ἀλλά
425 5365 531 5434 γὰρ
562 5364 797 5434 πάρεστι
826 5364 937 5426 τοῖς
962 5362 1212 5434 ἀψύχοις,
1244 5364 1366 5417 οὐδὲ
1398 5363 1607 5427 τούτοις
1625 5366 1789 5419 πάλιν

1896 3266 2205 3322 referantur
2245 3262 2395 3334 (dum
2430 3261 2578 3316 enim
2624 3259 2919 3328 cogitatur,
2962 3267 3016 3311 et
3040 3257 3219 3325 agitur
3269 3257 3335 3310 de
3366 3254 3460 3310 Dei

1893 3355 2177 3426 presentia
2244 3352 2476 3422 ubique,
2528 3360 2658 3405 tunc
2700 3363 2802 3403 nec
2839 3354 3120 3416 assumpta
3163 3356 3355 3401 natura
3423 3360 3457 3401 a

1892 3443 2171 3501 communi
2201 3443 2295 3498 Dei
2348 3441 2639 3511 pmsentia
2683 3439 3023 3503 excluditur;
3056 3448 3250 3493 cuncta
3289 3438 3458 3501 enim,

1894 3551 2122 3605 quorum
2162 3533 2303 3589 Deus
2349 3546 2473 3588 esse
2526 3531 2698 3585 voluit
2750 3530 3023 3595 conditor,
3085 3545 3115 3585 a
3175 3529 3460 3599 praesentia

1890 3627 2052 3682 etiam
2075 3625 2430 3696 providentia:
2464 3637 2578 3678 suae
2611 3622 2833 3677 minime
2862 3622 3105 3692 seponit:
3127 3625 3251 3675 dum
3276 3630 3458 3674 autem

1894 3720 2074 3791 agitur
2105 3721 2173 3774 de
2205 3718 2292 3772 illa
2330 3716 2616 3787 praesentia
2640 3753 2657 3778 ,
2697 3730 2819 3784 qua:
2857 3730 2925 3769 ex
2963 3714 3301 3785 ltypostatica
3328 3730 3459 3767 eon-

1890 3810 2172 3880 junetione
2201 3808 2394 3872 oritur,
2428 3815 2557 3860 tunc
2603 3805 2896 3875 peculiaris
2934 3805 3234 3874 praesentia:
3265 3804 3459 3859 modus

1893 3907 2187 3968 assumpta:
2248 3895 2628 3951 tantummodo
2690 3904 2899 3949 naturze
2948 3896 3325 3965 assignatur):
3379 3903 3462 3949 ta-

1895 3991 2074 4055 metsi,
2091 3990 2451 4061 inquam,duo
2473 3988 2587 4041 lucc
2605 3986 2673 4040 ad
2692 3987 2905 4042 diversa
2936 3987 3239 4057 praesentia:
3262 4001 3461 4055 genera

1895 4083 2219 4153 pertineant,
2249 4092 2430 4137 tamen
2456 4084 2548 4151 qui
2578 4082 2805 4137 alteram
2830 4079 3065 4135 scrutari
3086 4117 3101 4141 ,
3134 4090 3186 4132 et
3217 4078 3461 4132 cavillari

1895 4174 2156 4240 auderet,
2198 4175 2246 4228 is
2278 4176 2462 4244 utique
2491 4188 2560 4228 ne
2587 4174 2657 4228 ab
2690 4172 2863 4227 altera
2911 4170 3131 4238 quidem
3191 4169 3465 4226 abstinere

1897 4274 2237 4334 argueretur.

1967 4358 2067 4425 Qui
2108 4358 2254 4412 enim
2279 4357 2393 4426 ipsa
2416 4356 2688 4426 cogitandi
2714 4354 2922 4409 ratione
2942 4352 3136 4416 utitur,
3162 4354 3462 4422 quomodo.

1900 4452 2123 4521 inquiet,
2164 4451 2355 4505 adesse
2404 4451 2600 4518 poterit
2657 4448 2857 4516 ubique
2911 4445 3090 4509 Deus,
3137 4458 3261 4499 cum
3314 4445 3464 4498 nulla

1824 4524 1870 4579 θ
1901 4556 2102 4605 rerutn,
2132 4532 2334 4610 quibus
2356 4538 2530 4601 adest,
2555 4537 2724 4607 possit
2760 4550 2883 4590 cum
2916 4550 2983 4589 eo
3017 4535 3280 4590 immensa
3314 4535 3466 4589 ﬁeri?

1898 4630 2032 4685 Dum
2063 4631 2206 4685 enim
2238 4629 2328 4683 ille
2354 4629 2580 4698 singulis
2610 4629 2771 4682 rebus
2800 4628 2976 4691 adest,
3010 4626 3236 4691 singula:
3272 4642 3359 4680 res
3390 4629 3465 4680 si-

1900 4723 2009 4776 mul
2031 4735 2153 4774 cum
2178 4721 2295 4788 ipso
2312 4721 2522 4775 caeteris
2547 4733 2651 4773 non
2677 4718 2905 4784 adsunt;
2930 4719 3022 4773 sed
3051 4722 3190 4773 inter
3215 4719 3466 4787 proprios

1897 4811 2245 4867 continentur
2276 4810 2495 4871 limites,
2533 4825 2597 4863 ac
2634 4818 2824 4878 suapte
2860 4817 3076 4870 natura,
3124 4824 3193 4861 ne
3237 4810 3465 4862 ulterius

1894 4904 2221 4974 pertingant,
2248 4901 2607 4971 prohibentur
2637 4919 2649 4954 :
2678 4912 2843 4971 atque
2873 4900 2947 4955 ita
2986 4901 3232 4955 omnium
3282 4916 3463 4954 rerum

1900 5010 2006 5050 non
2050 5004 2133 5049 est
2167 4995 2368 5065 ubique
2396 4994 2610 5056 adesse,
2652 5008 2829 5063 neque
2873 5002 3051 5063 potest
3098 5003 3342 5046 creatura
3378 5009 3462 5056 eo,

1897 5103 2005 5158 quo
2034 5086 2275 5151 Creator,
2305 5086 2601 5155 pervenire.
2633 5086 2855 5140 Assistit
2890 5084 3033 5140 Deus
3080 5085 3242 5139 rebus
3282 5086 3464 5137 anima

1898 5181 2158 5250 praeditis,
2190 5180 2283 5234 sed
2318 5194 2401 5234 res
2428 5194 2492 5233 ea
2516 5188 2761 5233 carentes
2787 5191 2893 5231 una
2926 5192 3051 5232 cum
3080 5177 3200 5248 ipso
3226 5177 3332 5230 illis
3359 5191 3463 5229 non

1896 5273 2179 5328 assistunt.
2237 5268 2374 5324 Nunt
2441 5270 2642 5325 idcirco
2703 5270 2817 5324 lucc
2865 5269 3235 5323 destituuntur
3280 5267 3463 5321 divina

1896 5364 2222 5434 praesentia?
2245 5366 2314 5418 At
2343 5363 2487 5416 enim
2515 5363 2680 5417 rebus
2702 5362 2790 5417 ille
2811 5361 3070 5415 inanimis
3096 5361 3266 5425 adest,
3292 5376 3466 5427 neque

1713 5517 1942 5578 ΝΟΤᾸΞ.

294 5616 412 5687 (15)
464 5614 562 5671 llic
606 5618 832 5671 resumit
883 5615 1247 5671 Combelisius
1294 5618 1495 5671 laudati
1545 5618 1788 5687 excerpti

220 5689 531 5742 versionem
558 5700 575 5741 :
604 5696 870 5756 quantum
920 5695 1101 5742 autem
1133 5688 1247 5743 inec
1268 5702 1298 5742 a
1330 5691 1443 5743 veri
1477 5702 1672 5743 sensus
1704 5704 1793 5744 as-

221 5758 507 5813 sectttioue
530 5758 709 5817 distet.
733 5758 937 5827 judicet
970 5758 1155 5827 lector,

299 5828 414 5897 HG)
439 5827 533 5895 Τὸ,
563 5826 867 5900 παρουσίαν
888 5843 952 5883 ex
984 5826 1312 5883 Combclisio
1347 5828 1541 5899 atljcci.

2000 5615 2087 5684 l7)
2106 5612 2263 5680 Quod
2301 5614 2568 5684 reliquum
2618 5621 2698 5665 est
2736 5612 2902 5684 ltujus
2942 5612 3278 5684 quaestionis,
3308 5610 3466 5684 plane

1897 5690 1948 5742 in
1972 5680 2307 5741 Combetisio
2330 5683 2688 5736 desideratur.
2732 5681 2846 5735 llnc
2897 5680 3071 5742 usque
3110 5681 3319 5738 Monac,
3371 5680 3465 5731 l0t

1892 5774 2024 5881 sani.
2083 5770 2210 5821 xt't,
2251 5754 2285 5807 f.
2320 5751 2535 5807 281V.
2591 5753 2649 5805 υ.
2711 5752 2921 5817 llartlt.,
2976 5751 3138 5807 Beitr.
3198 5751 3331 5821 fasc.
3370 5766 3471 5813 vn,

1896 5848 1947 5881 Ι).
2021 5864 2033 5880 ε

1896 5848 1947 5901 ι).
1977 5848 2033 5881 τι.
