4202 6442
753 397 858 460 2⁸19
1907 390 2167 452 PHOTII
2205 385 2708 448 PATRIARCHE
2739 385 2854 445 (ΣΡ.
3890 378 4004 441 ΞΟ

756 507 966 576 Aquila.
1004 522 1134 563 vero
1160 522 1225 562 ac
1253 506 1554 562 Theodotio
1577 505 1921 562 reddiderunt
1949 523 1962 559 :
1992 503 2316 557 Fluvialium
2348 552 2350 558 ,

2453 498 2611 558 δατος
2636 496 2730 549 τοῦ
2759 491 3043 562 ποταμοῖν
3081 511 3100 544 ι
3152 494 3248 546 καὶ
3294 491 3522 554 ’Λκύλας
3558 491 3638 554 δὲ.
3675 489 3768 544 καὶ
3809 489 4004 542 Θεοδο-

756 611 1018 665 aquarum
1049 613 1080 651 a
1119 595 1268 653 Ilose
1321 607 1377 653 et
1392 598 1605 652 Aarone
1629 595 1770 652 facta
1788 605 1905 650 eral.
1925 594 1980 648 in
2004 594 2321 662 sanguinem

2459 589 2552 639 ίων
2597 585 3020 639 ἐκδεδὼκασι··‹
3055 585 3176 638 Τῶν
3206 584 3492 653 ποταμίων
3540 582 3747 644 ὑδάτων
3781 583 3816 650 ὴ
3862 581 4004 648 πρὸς

759 687 1069 742 conversio.
1094 705 1115 740 ο

835 865 957 920 Haec
987 867 1132 920 enim
1159 866 1406 937 apposita
1438 864 1843 919 animadversio
1873 864 2145 932 adjicitur,
2181 865 2327 933 quod

762 957 970 1012 scilicet
1010 958 1343 1016 immundus,
1375 965 1685 1024 corruptus,
1732 971 1796 1010 ac
1825 957 1970 1025 potui
2016 955 2231 1023 ineptus
2259 956 2331 1008 sit

764 1044 942 1099 factus
973 1047 1060 1100 ille
1094 1047 1327 1109 ﬂuvius,
1363 1062 1525 1114 quem
1561 1045 1958 1116 Egyptiornm
1988 1061 2117 1113 gens
2165 1046 2330 1099 Deum

767 1139 1146 1206 nuncupabat,
1183 1147 1347 1205 atque
1379 1137 1452 1189 uti
1477 1135 1776 1201 fructuum,
1813 1135 2040 1203 vita'que
2086 1135 2329 1186 datorem

768 1230 999 1294 colebat,
1025 1239 1077 1282 et
1104 1229 1158 1282 in
1189 1244 1350 1297 quem
1375 1227 1723 1282 Hebraeorum
1751 1226 2057 1281 enecandos
2082 1226 2334 1296 projicio-

770 1319 862 1372 bat
890 1317 1144 1372 infantes.
1176 1318 1458 1371 Clamabat
1485 1318 1642 1371 enim
1678 1318 1839 1372 etiam
1879 1332 2065 1370 eorum
2113 1315 2335 1384 sanguis

769 1407 837 1461 de
868 1406 1044 1475 aquis,
1075 1415 1133 1460 ut
1160 1405 1384 1475 sanguis
1395 1407 1528 1460 Abel
1548 1408 1614 1460 de
1637 1416 1780 1464 terra
1803 1409 1867 1459 ".
1890 1405 2186 1474 Oportebat
2207 1420 2336 1473 ergo

770 1499 1057 1570 Egyptios
1082 1500 1261 1567 impia:
1293 1501 1720 1570 superstitionis,
1739 1515 1843 1570 qua
1867 1513 2007 1569 aqua
2033 1498 2338 1552 innumeris

773 1598 886 1644 tum
924 1591 1440 1657 perturbationibus,
1487 1601 1600 1644 tum
1635 1591 2072 1658 corruptionibus
2102 1588 2339 1642 obnoxia

770 1682 1087 1751 dignitatem
1120 1693 1370 1745 aeternae,
1402 1681 1841 1750 imperturbatus,
1881 1689 1937 1734 et
1987 1679 2339 1733 immutabilis

772 1780 983 1826 natura
1019 1771 1120 1824 sibi
1147 1771 1475 1833 vindicabat,
1504 1775 1634 1825 dare
1671 1786 1883 1840 ranas,
1901 1770 2187 1837 etquidem
2209 1768 2338 1831 illis,

773 1861 976 1928 quibus
1009 1877 1102 1930 per
1130 1861 1444 1915 eorumdem
1485 1864 1844 1916 inuocuorum
1890 1860 2176 1916 infantium
2199 1871 2340 1915 stra-

774 1966 895 2021 gem
929 1953 1223 2006 intulerant
1252 1954 1507 2024 injuriam
1539 1973 1552 2008 :
1581 1955 1780 2024 quippe
1819 1953 1874 2008 bi
1903 1953 1955 2006 in
1991 1954 2163 2007 lucem
2212 1954 2342 2007 editi

776 2053 942 2106 sunt,
1002 2045 1130 2098 dum
1170 2056 1359 2100 contra
1404 2055 1610 2100 natura:
1649 2048 1819 2114 legem
1869 2046 2008 2100 lucis
2042 2046 2344 2113 privatione

777 2133 1168 2188 multabantur.
1200 2133 1405 2189 Interea
1437 2134 1773 2203 pientissima
1820 2131 1912 2186 Dei
1961 2142 2154 2186 natura
2188 2133 2347 2199 puni-

779 2219 982 2272 tionem
1011 2218 1285 2289 Algyptiis
1317 2221 1663 2289 iniligendam
1697 2219 1875 2273 didert
1907 2236 1922 2271 :
1955 2219 2060 2272 alia
2089 2234 2219 2272 vero
2253 2234 2346 2272 ra-

779 2312 924 2364 tione
946 2312 1197 2380 castigat,
1220 2321 1272 2365 et
1291 2312 1540 2380 corripit,
1575 2314 1704 2364 dum
1737 2326 1848 2363 rem
1884 2309 2178 2362 inanimem
2216 2309 2347 2376 (sci-

777 2400 905 2455 licet
947 2401 1168 2471 Nilum)
1229 2403 1579 2472 corrumpit,
1636 2416 1702 2455 ac
1746 2401 2018 2469 percutit:
2050 2413 2143 2466 per
2184 2413 2347 2466 quam

775 2491 995 2560 quidem
1031 2490 1106 2544 illi
1152 2501 1206 2545 et
1247 2491 1412 2546 cedis
1461 2501 1515 2545 et
1563 2490 1854 2560 impietatis
1886 2489 1939 2542 in
1974 2487 2140 2542 Deum
2172 2489 2350 2542 scelus

779 2591 1181 2650 perpetrarunt.

854 2673 911 2726 Si
949 2673 1075 2742 quis
1107 2682 1287 2728 autem
1323 2688 1491 2743 aquas
1528 2689 1623 2742 per
1655 2673 1960 2727 universam
1988 2671 2206 2741 Egypti
2243 2680 2353 2724 ter-

783 2776 900 2815 ram
933 2763 985 2816 in
1009 2763 1292 2831 sanguinis
1309 2763 1670 2816 substantiam
1694 2777 1988 2816 conversas
2007 2760 2350 2822 concederet,

781 2868 853 2906 ne
890 2853 994 2906 hoc
1027 2855 1247 2922 quidem
1297 2863 1455 2922 pacto
1501 2853 1716 2908 diliicile
1757 2851 1928 2906 fuisse
1959 2852 2239 2921 arguitur,
2298 2857 2355 2903 ut

782 2943 1158 3014 ASgyptiorutn
1193 2948 1617 3014 praestigiatores
1668 2959 1764 3013 per
1815 2959 1977 2998 suum
2031 2943 2352 2998 maleﬁcium

782 3038 1098 3090 viderentur
1118 3037 1356 3090 divinam
1390 3037 1759 3105 operationem
1786 3036 2052 3090 aemulari.
2083 3036 2352 3100 Quoniam

2425 673 2564 746 αἷμα
2626 678 2777 745 παρὰ
2826 678 3070 740 Μωσέως
3139 681 3234 730 καὶ
3284 675 3494 746 Ἀαρὼν
3539 674 3781 742 ἐγεγόνει
3837 689 4011 742 μετα-

2430 769 2586 838 ϐολή.
2621 787 2640 819 ι

2498 874 2672 926 Τοῦτο
2711 873 2818 943 γὰρ
2855 873 2916 926 τδ
2955 871 3177 939 εὔλογον
3219 872 3604 939 συνεπάγεται,
3633 872 3727 924 τδν
3757 870 4007 939 ποταμὸν

2433 964 2719 1035 βδελυκτδν
2749 964 3022 1032 γενέσθαι,
3051 966 3144 1017 καὶ
3165 964 3588 1038 λελυμασμένον,
3617 962 3712 1014 καὶ
3733 964 4009 1032 ἄχρηστον

2433 1058 2659 1117 ἐκεῖνον,
2695 1056 2755 1108 ὃν
2792 1056 2856 1108 τὸ
2897 1056 3213 1123 Αἰγυπτίων
3259 1054 3410 1116 ἔθνος
3450 1054 3582 1107 Θεὸν
3630 1054 4008 1122 ἑπωνόμαζον,

2438 1147 2799 1216 καρποδότην,
2837 1147 2932 1198 καὶ
2981 1145 3244 1213 ζωοδότην
3281 1144 3610 1210 θειάζοντες,
3649 1147 3743 1197 καὶ
3769 1147 3830 1194 ὲν
3855 1136 3900 1208 ᾧ
3940 1143 4014 1194 τὰ

2433 1239 2542 1291 τῶν
2595 1236 2946 1308 Ἰσραηλιτῶν
2996 1237 3170 1306 βρέφη
3234 1237 3635 1306 ὲναπέῤῥιπτον
3686 1234 4018 1288 ἀποκτίννυ-

2439 1328 2585 1382 σθαι.
2630 1317 2788 1382 Ἐϐόα
2819 1329 2928 1395 γὰρ
2959 1329 3233 1387 κάκείνων
3260 1328 3321 1380 τὸ
3353 1322 3490 1396 αἷμα
3513 1327 3622 1378 ἀπὸ
3650 1325 3759 1378 τῶν
3783 1326 4017 1390 ὑδάτων,

2436 1417 2626 1489 ὥσπερ
2656 1417 2871 1471 καὶτοῦ
2903 1416 3069 1470 Ἅϐελ
3104 1417 3212 1470 άπὸ
3250 1415 3352 1484 τῆς
3395 1416 3521 1484 γῆς.
3545 1415 3705 1466 Ἔδει
3738 1415 3851 1483 γὰρ
3885 1414 4018 1475 τοὺς

2438 1507 2772 1576 Αἰγυπτίους
2803 1508 2992 1568 ποινὰς
3021 1506 3201 1558 δοῦναι
3238 1506 3338 1574 τῆς
3373 1521 3431 1557 τε
3469 1504 3839 1572 δυσσεϐούσης
3891 1503 4018 1556 θεο-

2441 1599 2730 1661 πλαστίας.
2761 1598 2831 1652 δι’
2862 1592 2929 1669 ἦς
2979 1597 3039 1650 τὸ
3070 1595 3240 1666 ’ὕδωρ
3282 1596 3376 1648 καὶ
3417 1596 3634 1665 μυρίοις
3677 1593 3876 1646 πάθεσι
3922 1594 4019 1647 καὶ

2441 1691 2670 1760 φθοραῖς
2724 1689 3104 1759 ὑποκείμενον,
3133 1688 3230 1756 τῆς
3273 1687 3444 1742 ἀϊδίου
3484 1689 3580 1740 καὶ⁵
3640 1684 3885 1748 ἀπαθοῦς
3925 1686 4021 1740 καὶ

2442 1779 2746 1850 άρῤεύστου
2782 1777 2998 1846 φύσεως
3033 1775 3353 1847 παρετίθετο
3376 1775 3488 1845 (5i)
3526 1774 3764 1845 ἀξίωμα,
3799 1777 3893 1827 καὶ
3938 1771 4022 1836 οἷς

2441 1870 2509 1923 δι’
2542 1869 2722 1923 αὐτῶν
2765 1869 2876 1921 τῶν
2918 1867 3228 1921 άνευθύνων
3268 1865 3486 1937 βρεφῶν
3513 1865 3878 1935 ιπαλαμῶντο
3921 1866 4025 1934 τὴν

2446 1959 2794 2029 μιαιφονίαν
2841 1959 2926 2010 ὅτι
2968 1956 3235 2029 προῆλθον
3265 1959 3344 2019 είς
3383 1956 3522 2026 φῶς,
3552 1957 3694 2009 κατὰ
3724 1956 3820 2009 τοῦ
3855 1957 4024 2024 νόμου

2442 2051 2542 2118 τῆς
2572 2049 2790 2118 φύσεως
2817 2048 2983 2102 αὑτοῦ
3021 2046 3116 2102 τοῦ
3149 2048 3328 2118 φωτὸς
3366 2049 3467 2119 τὴν
3496 2048 3865 2119 ἀποστέρησιν
3908 2051 4026 2101 είσο

2445 2140 2811 2211 πραττόμενοι
2855 2140 3037 2210 δίκην.
3080 2141 3145 2192 Ἢ
3183 2140 3241 2192 δὲ
3275 2140 3654 2210 φιλάνθρωπος
3689 2141 3853 2208 φύσις
3886 2140 4028 2202 τέως

2449 2232 2546 2303 μὲν
2579 2232 2940 2285 ἀναϐάλλεται
2965 2231 3063 2302 τὴν
3087 2232 3163 2292 είς
3196 2229 3518 2300 ἀνθρώπους
3539 2232 3832 2300 τιμωρία-ιο
3864 2231 4030 2283 stola.-

2448 2327 2529 2389 ζει
2555 2323 2632 2383 δὲ.
2669 2325 2762 2377 καὶ
2788 2323 3035 2376 παιδεύει
3060 2322 3258 2390 τρόπον
3284 2321 3462 2384 ἄλλον,
3491 2321 3905 2389 λυμαινόμενος,
3930 2320 4029 2371 καὶ

2451 2414 2727 2484 μαστίζων
2755 2415 2818 2468 τὸ
2865 2414 3072 2484 ἄψυχον
3103 2429 3118 2446 ο
3147 2411 3214 2466 δι’
3236 2406 3406 2480 οὗπερ
3433 2414 3681 2475 ἐκείνοις,
3712 2412 3807 2465 καὶ
3835 2414 3898 2464 τδ
3927 2412 4030 2480 τῆς

2452 2507 2764 2576 μιαιφονίας
2792 2506 2946 2573 ἄγος.
2977 2508 3071 2559 καὶ
3102 2505 3202 2575 τῆς
3241 2505 3321 2569 είς
3353 2505 3487 2560 Θεὸν
3520 2503 3839 2567 δυσσεϐείας
3873 2503 4033 2555 hol-

2454 2597 2599 2668 μήθη
2633 2598 2694 2651 τδ
2713 2597 3043 2668 άνοσιούργη
3053 2615 3147 2666 μα.

2524 2689 2586 2741 El
2630 2689 2688 2741 δὲ
2735 2691 3007 2758 συγχωροῖ
3047 2705 3134 2750 τις
3169 2687 3242 2758 τά
3269 2685 3373 2742 ἀνά
3402 2688 3582 2740 πᾶσαν
3618 2684 3722 2754 γῆν
3747 2683 4033 2751 Αἰγύπτου

2454 2777 2624 2831 ὕδατα
2669 2782 2747 2842 εἰς
2793 2780 2983 2832 οὐσίαν
3030 2756 3263 2846 αἵματος
3306 2777 3881 2846 μεταστοιχειωθῆναι,
3918 2775 4032 2826 οὐδ’

2453 2870 2595 2923 οὕτω
2621 2871 2898 2925 δείκνυται
2931 2872 3133 2941 ἄπορον
3154 2870 3214 2922 τὸ
3240 2872 3478 2932 καὶτοὺς
3505 2870 3706 2938 γόητας
3731 2867 3841 2919 τῶν
3862 2868 4034 2933 Δίγυ-

2457 2963 2626 3014 πτίων
2669 2963 2768 3032 τὴν
2815 2961 3104 3030 θεουργξαν
3151 2960 3566 3031 ἐκμιμήσασθαι
3604 2958 3749 3022 δόξαι
3790 2958 3882 3010 διὰ
3931 2958 4033 3022 τῆς

2456 3054 2814 3121 κακουργίας.
2857 3051 3008 3104 Ἐπεὶ
3034 3053 3142 3122 γὰρ
3173 3052 3466 3122 προείρητο
3516 3052 3614 3120 μὲν
3643 3049 3721 3119 τῷ
3751 3051 3946 3103 Μωσεῖ
3972 3049 4037 3100 τὸ

782 3128 927 3182 enim
964 3128 1266 3195 prodigium
1296 3127 1689 3207 pra'nnntiarat
1709 3125 1902 3188 Moses,
1929 3125 2138 3179 Pharao
2167 3136 2347 3178 autem

2455 3143 2661 3212 θαῦμα,
2699 3144 2964 3213 ᾐσθάνετο
3001 3144 3059 3196 δὲ
3098 3145 3126 3196 ὃ
3165 3161 3223 3196 τε
3251 3142 3472 3212 ⁴ιιαραὼ,
3502 3142 3595 3195 καὶ
3632 3143 3682 3192 οί
3718 3141 3830 3194 τῶν
3861 3142 4036 3208 Δίγυ-

783 3229 1039 3288 expertus
1078 3219 1293 3280 fuerat,
1341 3227 1395 3271 et
1435 3216 1810 3287 IEgyptiornm
1870 3216 2237 3269 incantatores
2285 3231 2353 3270 ex

786 3312 950 3380 \‘irgze
987 3311 1038 3363 in
1065 3319 1373 3377 serpentem
1396 3309 1696 3371 mutatione
1720 3307 1764 3338 "
1795 3320 2181 3376 cognoverant,
2211 3308 2353 3374 quod

785 3403 1138 3456 comminatio
1185 3402 1248 3454 ad
1295 3410 1550 3454 eventum
1587 3411 1732 3453 esset
1756 3400 1985 3454 omnino
2018 3400 2356 3465 provelienda

789 3492 956 3561 (quod
985 3494 1128 3546 enim
1156 3493 1268 3560 jam
1298 3492 1500 3544 factum
1538 3501 1674 3557 erat,
1707 3492 1782 3545 rei
1825 3491 2083 3544 faciendae
2117 3491 2360 3544 testimo-

788 3585 934 3637 nium
968 3583 1282 3649 perhibebat
1311 3600 1323 3635 :
1356 3582 1643 3636 studebant
1673 3591 1850 3636 autem
1875 3584 1910 3634 ii
1942 3597 2048 3634 non
2074 3583 2240 3635 videri
2267 3597 2361 3649 per

789 3689 916 3727 suas
950 3673 1380 3726 machinationes
1431 3671 1719 3741 minores)
1751 3692 1763 3726 :
1803 3688 1926 3725 cum
2008 3672 2360 3740 probabiliter

791 3772 1030 3826 nossent,
1065 3763 1208 3831 quod
1245 3763 1334 3815 ille
1358 3778 1531 3829 aquas
1563 3764 1666 3816 sub
1693 3762 1809 3824 dio,
1859 3763 2186 3830 ubicumque
2216 3762 2362 3816 exsi-

791 3861 994 3905 sterent
1015 3891 1030 3910 .
1059 3860 1207 3905 esset
1259 3863 1704 3920 permutaturus;
1745 3851 1908 3905 simul
1940 3867 2003 3905 ac
2037 3853 2360 3906 miraculum

790 3945 1005 4013 quidem
1037 3945 1458 4013 praenuntiatum
1487 3953 1625 4006 erat,
1677 3944 1771 3997 sed
1818 3941 1909 3996 Dei
1945 3945 2189 4010 operatio
2223 3959 2362 3996 non-

793 4038 916 4088 dum
947 4035 1269 4103 prodierat;
1303 4045 1506 4088 tantam
1539 4049 1695 4102 aqua:
1718 4033 2074 4103 quantitatem
2109 4034 2363 4088 haurien-

795 4137 894 4188 tes,
924 4137 1124 4195 quanta
1142 4127 1434 4179 etiiciendaa
1468 4125 1708 4179 illusioni
1741 4125 1875 4179 satis
1892 4137 2031 4188 erat,
2053 4140 2172 4177 eam
2195 4134 2247 4178 et
2267 4141 2364 4193 ap-

793 4227 1075 4285 pararnnt,
1101 4226 1156 4271 et
1184 4225 1547 4285 seposuerunt
1577 4233 1590 4269 :
1619 4225 1674 4269 ut
1705 4232 1827 4270 cum
1851 4231 1988 4284 opus
2016 4226 2180 4277 esset,
2209 4218 2366 4285 aquis

793 4305 1074 4360 abundare
1129 4304 1480 4364 viderentur,
1537 4305 1737 4370 quibus
1789 4303 2025 4358 colorem
2083 4306 2366 4373 sanguinis

794 4396 1124 4449 asciscemes
1153 4437 1166 4459 ,
1212 4395 1585 4449 incredibilem
1645 4395 1841 4450 divina:
1880 4395 2215 4464 operationis
2243 4395 2363 4465 glo-

796 4489 930 4540 riam
963 4503 1059 4555 per
1091 4486 1236 4540 falsa!
1268 4488 1574 4545 illusionem
1617 4486 2019 4540 imminuerent.

866 4577 1120 4631 Nonnulli
1152 4587 1331 4631 autem
1366 4578 1739 4641 allirmarunt,
1788 4579 1931 4650 quod
1968 4592 2077 4646 quo
2122 4588 2364 4648 tempore

797 4669 972 4722 Muses
1011 4669 1250 4730 ﬂuviales
1302 4683 1473 4736 aquas
1529 4668 1586 4720 in
1621 4651 1940 4740 sanguinem
1989 4673 2362 4734 convertebat,

798 4759 959 4812 simul
986 4760 1307 4813 adesseutet
1339 4758 1442 4826 ipsi
1482 4757 1740 4812 falsitatis
1771 4758 2052 4813 molitores
2079 4774 2178 4814 sua
2206 4760 2365 4814 adhi-

800 4851 988 4902 bentes
1018 4847 1314 4910 maleﬁcia;
1365 4858 1421 4901 et
1474 4849 1618 4917 quod
1667 4849 1902 4902 maxima
1941 4850 2158 4917 quidem
2214 4866 2368 4917 aqua:

800 4957 924 5014 pars
955 4941 1120 4996 Mosis
1151 4941 1399 5010 prodigio
1426 4940 1716 4996 inserviret
1740 4979 1754 5002 ,
1804 4955 1912 4993 non
1965 4954 2125 5008 parva
2185 4950 2366 4996 autem

798 5032 866 5085 ad
900 5046 1178 5097 magorum
1212 5046 1366 5084 nsum
1392 5039 1538 5086 esset
1572 5041 1873 5101 segregata.
1898 5030 1965 5084 At
1996 5046 2121 5084 vero
2159 5032 2260 5085 hoc
2285 5040 2370 5087 est

798 5131 853 5174 et
888 5120 1128 5172 historiae
1157 5121 1517 5185 contrarium,
1549 5128 1604 5173 et
1655 5121 1882 5174 mirilica
1938 5122 2370 5190 sapientissima-

800 5225 907 5278 que
929 5207 1098 5263 Hosis
1128 5209 1415 5278 prudentia
1455 5209 1740 5278 indignum
1767 5227 1782 5276 ;
1819 5210 1945 5279 quia
1983 5221 2037 5265 et
2068 5211 2372 5268 infensissi-

801 5317 954 5356 mum
983 5302 1355 5356 adversarium
1387 5301 1714 5356 reddidisset
1745 5302 1961 5356 virtutis
1993 5317 2107 5357 suae
2139 5319 2372 5358 consor-

804 5403 934 5456 tem,
977 5409 1040 5448 ac
1064 5394 1422 5464 participem,
1477 5402 1528 5448 et
1586 5409 1711 5449 cum
1765 5395 2203 5450 irreconciliabili
2248 5411 2371 5451 sese

875 5529 919 5558 “
954 5527 1089 5581 Gen.
1116 5542 1190 5594 τι,
1225 5526 1314 5582 l0.

2456 3235 2628 3286 πτίων
2683 3234 2926 3286 ἐπαοιδοὶ
2978 3235 3042 3286 ὲκ
3081 3234 3179 3303 τῆς
3223 3234 3365 3286 κατὰ
3408 3233 3506 3302 τὴν
3547 3231 3739 3302 ῥάϐδον
3783 3233 3866 3291 εἰς
3908 3232 4036 3298 bow

2459 3324 2761 3394 μεταϐολῆς
2789 3325 3030 3394 ᾔδεισαν,
3066 3325 3146 3386 ὼς
3191 3326 3270 3387 εἰς
3313 3327 3474 3394 ἔργον
3507 3326 3539 3393 ἡ
3575 3324 3772 3392 ἀπειλὴ
3813 3324 4038 3384 πάντως

2458 3421 2807 3488 προχωρήσει
2838 3419 2920 3484 (τὸ
2949 3416 3057 3487 γὰρ
3099 3417 3198 3487 ήδη
3234 3417 3568 3485 προγεγονὸς
3605 3415 3698 3467 τοῦ
3729 3413 4038 3482 γενησομέ-

2457 3527 2548 3562 νου
2596 3508 2871 3578 μαρτυρία
2903 3505 2971 3577 ἦν
2993 3526 3007 3540 θ
3044 3508 3302 3560 ἔσπευδον
3338 3507 3394 3559 δὲ
3423 3509 3664 3558 κὲκεῖνοι
3696 3505 3769 3575 μὴ
3797 3504 4037 3572 φανῆναι

2457 3602 2575 3660 ταῖς
2612 3599 3040 3668 μηχανουργίαις
3085 3599 3384 3665 ἐλάττους),
3431 3599 3657 3658 είκὸτως
3689 3597 3914 3658 εἰδότες,
3962 3596 4039 3657 ὡς

2457 3691 2525 3741 τὰ
2563 3689 2840 3756 πανταχοῦ
2869 3690 2971 3757 τῆς
2998 3691 3101 3757 γῆς
3132 3689 3298 3742 ὕδατα
3323 3688 3566 3759 ὕπαιθρα
3592 3689 3671 3750 εἰς
3699 3678 3841 3757 αἷμα
3874 3703 4043 3756 μετα-

2461 3779 2682 3832 ϐάλλει·
2716 3779 2808 3832 τοῦ
2859 3778 3136 3840 θαύματος
3175 3779 3272 3848 μὲν
3297 3779 3396 3849 ήδη
3427 3778 3741 3846 λεγομένου,
3791 3776 3946 3829 οὔπω
3982 3776 4040 3826 δὲ

2459 3869 2558 3936 τῆς
2589 3868 2880 3937 θεουργίας
2910 3867 3295 3936 προελθούσης,
3320 3867 3620 3936 τηνικαῦτα
3643 3866 3810 3918 ὕδατα
3834 3865 4045 3935 ἀρυσάο

2465 3974 2637 4029 μενοι,
2666 3958 2768 4010 ὅσα
2796 3958 2998 4011 δυνατὰ
3024 3957 3344 4028 παραδεῖξαι
3373 3958 3470 4028 τὴν
3499 3956 3797 4027 φαντασίαν
3824 3954 3920 4007 τοῦ
3950 3971 4042 4007 σο-

2465 4049 2753 4116 φίσματος,
2789 4049 3325 4119 προπαρασκεύασάν
3345 4065 3426 4111 τε,
3456 4049 3550 4100 καί
3581 4046 3930 4100 ὲναπέθεντο·
3965 4045 4043 4105 ὡς

2467 4139 2531 4192 ἂν
2559 4143 2616 4192 ὲν
2641 4139 2720 4208 τῷ
2743 4140 2922 4210 καιρῷ
2947 4142 3046 4208 τῆς
3072 4142 3261 4210 χρείας
3288 4138 3645 4208 εὐποροῦντες
3675 4139 3892 4206 ὀφθεῖεν
3919 4137 4048 4189 ὑδά-

2465 4245 2596 4291 των,
2650 4225 2731 4293 οἶς
2782 4230 2842 4282 τὺ
2890 4233 3086 4300 χρῶμα
3134 4230 3226 4282 τοῦ
3276 4231 3508 4298 αἵματος
3557 4229 3930 4299 περιθέμενοι,
3981 4227 4049 4278 τὸ

2469 4321 2774 4389 παράδοξον
2818 4322 2916 4390 τῆς
2943 4321 3231 4390 θεουργίας
3267 4324 3334 4390 τῇ
3378 4320 3648 4390 φαντασίᾳ
3690 4319 3784 4372 τοῦ
3817 4318 4048 4387 ψεύδους

2471 4409 2855 4462 ὲλαττώσουσι.
2893 4426 2902 4434 ·

2537 4582 2660 4635 Τισὶ
2687 4582 2742 4635 δὲ
2772 4585 3008 4652 εἴρηται,
3045 4583 3121 4645 ὡς
3145 4582 3239 4638 τοῦ
3280 4583 3526 4644 Μωσέως
3554 4580 4051 4652 παραδοξοποιοῦνο

2465 4687 2557 4733 τος
2579 4670 2638 4723 τὸ
2670 4671 2937 4739 ποτάμιον
2969 4670 3114 4739 ὓδωρ
3144 4672 3221 4733 είς
3260 4665 3400 4740 αἷμα
3433 4672 3574 4723 κατὰ
3613 4671 3704 4722 τὸν
3731 4670 3895 4722 αὑτὸν
3922 4687 4048 4722 και-

2469 4760 2560 4830 ρὸν
2598 4761 2968 4829 συμπαρῆσαν
3013 4763 3106 4814 καὶ
3150 4763 3200 4812 οί
3237 4760 3332 4812 τοῦ
3361 4761 3591 4828 ψεύδους
3642 4762 3892 4827 σοφισταὶ
3928 4763 4051 4820 ταῖς

2467 4851 2694 4912 οἰκείαις
2720 4850 2992 4920 χρώμενοι
3022 4851 3401 4918 κακοτεχνίαις
3419 4869 3430 4881 ·
3465 4851 3559 4902 καὶ
3583 4849 3644 4902 τὸ
3676 4849 3774 4917 μὲν
3797 4849 4052 4902 πλεῖστον

2472 4941 2566 4993 τοῦ
2603 4941 2794 5004 ὓδατος
2819 4941 2912 4994 τοῦ
2937 4943 3179 5004 Μωσέως
3204 4942 3530 5009 ὑπηρετεῖτο
3551 4941 3629 5009 τῷ
3659 4940 3919 5008 θαύματι.
3952 4941 4052 4991 οὐκ

2472 5033 2651 5100 ὀλίγον
2680 5033 2737 5085 δὲ
2775 5033 2968 5085 τούτου
3010 5033 3102 5086 καὶ
3134 5035 3199 5102 τῇ
3244 5033 3350 5084 τῶν
3389 5033 3581 5102 μάγων
3619 5031 3778 5101 χρεία
3814 5046 4053 5098 συγκατ-

2467 5126 2774 5196 εμερίζετο.
2817 5125 2976 5178 Ἀλλά
3023 5125 3132 5196 γὰρ
3178 5124 3333 5178 τοῦτο
3378 5123 3508 5194 παρ’
3543 5124 3785 5192 ίστορίαν
3826 5124 3896 5176 τέ’
3931 5123 4051 5173 ἐστι

2469 5217 2668 5283 λέγειν,
2699 5215 2796 5271 καὶ
2821 5217 2922 5286 τῆς
2951 5218 3010 5268 ὲν
3041 5215 3117 5285 τῷ
3145 5217 3332 5270 Μωσεῖ
3356 5213 3756 5285 μεγαλουργοῦ,
3789 5215 3884 5268 καὶ
3909 5229 4051 5267 παν-

2471 5306 2637 5374 σόφου
2668 5306 2920 5377 προνοίας
2947 5305 3187 5369 ἀνάξιον,
3216 5306 3315 5358 καὶ
3339 5306 3624 5374 δυνάμεως
3647 5304 3927 5366 κοινωνὸν,
3959 5305 4055 5358 καὶ

2474 5399 2702 5468 μεσίτην
2736 5399 2911 5451 ποιεῖν
2965 5397 3057 5449 τὸν
3105 5395 3534 5468 πολεμιώτατον,
3586 5399 3682 5450 καὶ
3723 5395 4055 5467 dum

2303 5622 2348 5678 Ν
2359 5621 2539 5679 ΟΤᾸΞ.

890 5773 1002 5842 (31)
1036 5772 1405 5842 Παρατίθεντο
1451 5772 1708 5845 legeram,
1745 5776 1836 5830 scd
1878 5773 2094 5844 patebat
2134 5788 2304 5828 error.
