4202 6442
154 434 253 503 281

1088 424 1195 485 ΑΒ
1235 418 1833 485 AMPHILOCHIUM
1865 424 2212 496 QUESTIO
2250 424 2403 485 XLI.

161 548 531 620 παραϐάλλειν
579 546 673 599 τὸν
724 541 993 600 ἄσπονδον
1016 554 1028 568 ·
1068 533 1151 601 οἷς
1196 538 1297 608 τὴν
1342 535 1737 607 ἀφορισθεῖσαν

1845 538 2227 604 conciliasset;
2260 537 2350 591 ubi
2396 535 2610 592 scilicet
2648 535 2985 590 subtractam
3033 534 3138 591 sibi
3171 529 3424 591 miraculi

152 640 303 709 αὐτῷ
356 638 489 708 ὓλην
533 635 627 691 τοῦ
672 632 956 704 θαύματος
1006 628 1204 699 ἐκείνῳ
1261 627 1737 699 συνδιεκληροῦτο,

154 733 247 784 καὶ
278 726 683 800 συνεμερίζετο.
714 724 826 780 Καὶ
864 721 1041 785 ἄλλως
1069 720 1170 791 οὐχ
1200 717 1343 773 ἑκών
1372 736 1435 788 γε
1471 720 1538 774 ἂν
1559 723 1606 774 οδ
1646 720 1742 774 Αί-

154 822 378 888 γύπτιος
410 822 490 883 είς
528 818 687 873 τοῦτο
719 817 961 887 κατέστη
1003 813 1311 882 παρανοίας
1343 811 1435 865 τὸν
1464 811 1616 883 αὐτῷ
1650 828 1739 864 σε-

155 914 382 983 ϐόμενον
424 910 691 982 ποταμὸν,
723 909 925 980 στήλην
956 923 1017 960 τε
1063 905 1166 974 τῆς
1209 904 1527 973 μιαιφονίας
1574 902 1741 957 αὐτοῦ

152 1003 415 1074 λαμπρὰν
443 1000 774 1072 ἀνεγείρειν,
804 999 902 1053 καὶ
939 994 1160 1066 λύθροις
1186 994 1447 1065 μιαίνειν,
1480 994 1575 1049 καὶ
1603 996 1742 1065 πρὸς

153 1096 214 1148 τὸ
250 1092 645 1165 βδελυρώτερον
683 1092 745 1145 τὸ
770 1088 1081 1161 τιμώμενον
1128 1085 1488 1157 μεταϐάλλειν
1557 1087 1607 1138 εί
1647 1088 1743 1138 καὶ

152 1186 215 1238 τὸ
265 1167 462 1255 χρῶμα
508 1182 623 1236 οὗθ’
657 1183 966 1243 ἑνίσσοντος
1152 1178 1253 1249 τῆς
1293 1177 1653 1248 πλανωμένης
1674 1172 1743 1248 ἦν

154 1275 315 1345 ἔργον
342 1275 537 1344 ὅψεως.

226 1367 335 1419 Καὶ
362 1366 423 1419 τὸ
451 1366 636 1435 λέγειν
669 1365 818 1420 ἅπαν
847 1363 947 1435 μὲν
984 1364 1045 1418 τὸ
1079 1362 1386 1432 Αίγύπτιον
1430 1359 1579 1431 ὕδωρ
1608 1359 1743 1414 Gau-

157 1455 594 1526 ματουργοῦντος
660 1457 909 1519 Μωσέως
966 1454 1372 1525 ἀπογενηθῆναι
1434 1454 1516 1516 είς
1578 1446 1741 1524 αἷμα,

153 1549 281 1612 τοὺς
313 1548 369 1601 δὲ
418 1550 627 1619 μάγους
660 1550 1004 1623 ἀποροῦντας
1045 1548 1238 1614 ὓδατος
1275 1548 1656 1620 ἀμεταϐλήτου
1682 1548 1745 1601 τὸ

157 1640 633 1710 μεταϐεϐλημένον
684 1643 763 1706 είς
806 1639 948 1714 αἷμα
1008 1642 1217 1706 λαϐεῖν,
1258 1644 1353 1695 καὶ
1398 1640 1597 1707 κλέψαι
1644 1642 1744 1711 τὴν

154 1730 277 1799 ϐψιν
330 1730 439 1783 τῶν
486 1730 742 1798 ὁρώντων
793 1734 915 1789 ἀντὶ
961 1734 1062 1804 τῆς
1120 1731 1361 1804 ερυθρᾶς
1416 1732 1597 1803 βαφῆς
1646 1732 1746 1803 τὴν

1848 631 2132 684 materiam
2168 645 2294 684 cum
2334 642 2401 682 eo
2435 627 2611 683 amice
2644 628 2975 681 sortiehatnr
3002 668 3017 692 ,
3076 628 3227 697 atqui
3282 628 3425 681 divi-

1841 721 2026 777 debat.
2052 719 2326 775 Ceterum
2360 734 2469 773 non
2515 719 2746 774 libenter
2792 734 2984 790 magus
3025 717 3316 789 Egyptius
3359 733 3426 772 eo

1840 813 2131 868 dementia
2163 808 2495 875 devenisse't,
2552 819 2611 865 ut
2642 812 2866 865 ﬂuvium
2896 852 2912 877 ,
2970 826 3133 880 quem
3186 812 3425 873 colebat,

1841 905 2168 975 praeclarum
2229 911 2456 973 patrata:
2511 902 2895 958 innocentium
2964 906 3129 959 caedis
3186 905 3426 959 elilceret

1843 1005 2288 1058 monumentum,
2328 1006 2612 1051 etcruore
2667 995 2933 1061 foedaret,
2970 1013 3197 1069 remque
3229 1000 3423 1053 honori

1845 1088 2083 1142 habitam
2116 1088 2172 1141 in
2206 1088 2628 1143 abominabilem
2671 1097 3006 1155 permutaret
3037 1105 3052 1141 :
3083 1090 3301 1143 etiamsi
3332 1105 3425 1143 co.

1844 1181 1929 1235 lor
1966 1179 2205 1235 ﬂuminis
2238 1195 2339 1235 nec
2394 1181 2662 1234 unitatem
2713 1196 2870 1235 suam
2930 1180 3221 1237 retinentis
3278 1192 3425 1238 esset

1842 1274 2085 1343 decepta
2120 1272 2352 1327 Visionis
2385 1272 2638 1326 effectus.

1916 1366 2089 1420 Porro
2142 1368 2189 1421 si
2230 1366 2359 1435 quis
2392 1366 2600 1419 diceret
2657 1364 2805 1419 Mose
2842 1364 3169 1418 miraculum
3229 1364 3428 1418 edente

1844 1468 2077 1513 cunctas
2114 1457 2333 1530 Egypti
2398 1473 2575 1527 aquas
2630 1458 2952 1527 sanguinem
3010 1457 3179 1511 fuisse
3232 1456 3427 1521 factas,

1847 1567 2037 1622 magos
2071 1561 2254 1605 autem
2309 1563 2453 1621 aqua
2485 1565 2595 1605 non
2638 1560 2846 1603 mutata
2892 1550 3197 1618 indigentes
3226 1566 3425 1619 aquam

1846 1645 2130 1713 accepisse
2154 1644 2207 1698 in
2248 1644 2570 1713 sanguinem
2604 1658 2926 1699 conversam
2954 1684 2969 1708 ,
3003 1651 3057 1696 et
3106 1644 3297 1697 oculos
3348 1643 3430 1696 in.

1846 1733 2113 1786 tuentium
2155 1732 2228 1786 ita
2274 1731 2558 1803 decepisse
2592 1773 2608 1798 ,
2674 1740 2735 1787 ut
2764 1747 2862 1801 pro
2893 1733 3194 1802 sanguineo
3231 1732 3428 1787 rubore

154 1820 401 1891 ὑδατώδη
448 1821 615 1891 χρόαν
667 1823 1068 1892 φαντάζεσθαι·
1127 1824 1267 1895 μετὰ
1313 1823 1410 1876 τοῦ
1461 1824 1597 1895 μηδὲ
1640 1825 1739 1896 τὴν

1848 1834 2058 1891 aqueus
2109 1822 2263 1876 color
2334 1832 2639 1891 appareret.
2720 1822 2769 1877 is
2828 1831 2883 1876 et
2942 1823 3087 1875 nulla
3150 1823 3431 1877 sententia:

158 1887 401 1983 ἱστορίαν
438 1887 607 1983 μηδὲν
631 1887 875 1970 τοιοῦτον
904 1887 1211 1987 ἐμφαίνειν,
1246 1918 1340 1970 καὶ
1371 1887 1497 1980 τους
1524 1887 1740 1988 ⁷μάγους

1848 1887 1963 1963 sua:
1992 1911 2045 1963 in
2090 1910 2313 1964 historia
2349 1911 2575 1981 vestigia
2616 1910 2913 1981 reperiret,
2957 1920 3013 1964 et
3045 1910 3259 1965 interim
3300 1912 3427 1982 glo-

153 2004 293 2066 τέως
326 2004 785 2073 ἰπισεμνύνεσθαι
811 2008 1249 2080 παρασκευάζει.
1290 2010 1365 2069 Τὸ
1399 2011 1509 2078 γὰρ
1542 2027 1745 2079 φανταο

159 2096 313 2161 σθεν,
342 2098 419 2160 ὡς
448 2097 612 2169 ὕδωρ,
644 2092 805 2170 αἷμα,
835 2103 918 2154 ὅτι
958 2102 1051 2155 καὶ
1100 2101 1197 2173 τὴν
1226 2100 1391 2172 φύσιν
1422 2102 1641 2173 ἀληθῶς
1676 2105 1742 2175 τῇ

153 2176 469 2261 τέχνητῶν
500 2190 689 2259 μάγων
718 2190 845 2261 ἔσχε
890 2190 985 2245 τοῦ
1027 2192 1286 2262 αἵματος,
1326 2194 1747 2267 μεγαλορρημο-

155 2279 269 2330 νεῖν
307 2279 507 2344 αὐτοὺς
543 2280 822 2349 περίεστι,
856 2283 949 2335 καὶ
977 2282 1198 2336 διπλοῦν
1221 2284 1338 2338 ἀνθ’
1360 2285 1533 2339 ἁπλοῦ
1573 2287 1634 2340 τὸ
1658 2288 1746 2340 τέ-

157 2385 257 2436 ρας
283 2370 598 2440 ἐργάζεται,
638 2372 869 2441 ατματος
902 2376 983 2438 εις
1018 2373 1164 2447 ὕδωρ
1194 2376 1505 2445 ἀλλοίωσιν,
1548 2381 1642 2434 καὶ
1684 2382 1746 2436 τὸ

156 2459 309 2530 ὕδωρ
338 2461 498 2514 πάλιν
528 2464 606 2526 είς
638 2463 799 2531 φόνον
829 2464 1325 2536 μεταϐαλλόμενον.

228 2552 354 2604 Elei
395 2552 452 2606 δὲ
502 2548 582 2616 οἷς
621 2555 856 2623 ἐπῆλθεν
896 2560 1074 2642 εἰπεῖν
1113 2559 1252 2627 μετὰ
1277 2559 1340 2612 τὸ
1369 2559 1744 2631 ῖπαναγαγεῖν

154 2641 245 2693 τὸν
276 2643 480 2695 Rimata
527 2644 588 2697 τὸ
631 2643 774 2715 ὕδωρ
813 2647 921 2699 ἀπὸ
948 2641 1044 2700 τοῧ
1075 2648 1311 2717 αἵματος
1341 2652 1424 2714 είς
1452 2651 1551 2723 τὴν
1577 2652 1742 2707 αὐτοῦ

156 2733 343 2799 φζσιν,
372 2735 491 2787 τότε
519 2735 831 2806 χρήσασθαι
878 2740 1005 2802 τοὺς
1030 2739 1312 2804 ἑπαοιδοὺς
1339 2741 1427 2795 ht’
1456 2744 1624 2798 αὐτοῦ
1665 2746 1745 2819 τῷ

156 2825 455 2895 σοφίσματι
484 2827 584 2897 τῆς
604 2830 883 2899 γοητείας.

227 2917 295 2968 0i
316 2917 374 2970 δὲ
397 2917 620 2987 λέγουσι,
646 2923 741 2975 καὶ
764 2924 874 2976 τῶν
900 2925 1076 2980 ἄλλων
1104 2925 1306 2996 μᾶλλον
1345 2930 1741 3003 εὐλογώτερον,

156 3008 233 3071 ὡς
259 3011 330 3061 τὰ
362 3010 464 3078 μὲν
496 3011 631 3066 ἄλλα
656 3014 834 3067 πάντα
866 3017 964 3086 τῆς
989 3019 1467 3085 Αίγύπτου’¹ἂδατα
1492 3026 1570 3088 είς
1604 3020 1744 3095 αἷμα

160 3098 469 3171 μετεϐλήθη
496 3105 561 3172 τῇ
591 3104 950 3177 μεγαλουργῷ
975 3109 1205 3179 δυνάμει
1234 3112 1327 3166 τοῦ
1352 3114 1615 3179 Μωσέως·
1642 3106 1744 3171 ὅσα

155 3190 214 3241 δὲ
242 3193 357 3282 τοῖς
401 3192 761 3263 Ἰσραηλίταις
796 3196 1091 3265 προῦκειτο
1136 3202 1218 3263 είς
1247 3201 1468 3271 χρῆσιν,
1497 3204 1602 3275 τῆς
1644 3223 1741 3275 με-
1769 3224 1813 3282 (ς

154 3280 396 3351 ταϐοὶῆς
421 3282 819 3355 διετηρήθησαν
869 3289 1106 3360 κρείττω
1159 3291 1299 3361 (οὐδὲ
1332 3295 1440 3363 γὰρ
1475 3290 1543 3365 ἦν
1579 3313 1745 3349 κακο·

157 3373 339 3423 ποιεῖν
389 3372 701 3438 ἀκόλουθον,
745 3375 886 3447 ὑπὲρ
929 3371 1005 3430 ὧν
1048 3379 1389 3451 ενέσκηπτον
1431 3386 1487 3438 αἱ
1538 3386 1746 3457 πληγαὶ

154 3464 273 3522 τοῖς
326 3467 642 3516 κακοποιεῖν
691 3466 893 3531 αὐτοὺς
944 3469 1305 3539 ἐπαρθεῖσιν·
1345 3474 1454 3527 οὐδ’
1486 3476 1603 3544 ἅμα
1645 3477 1745 3546 μὲν

156 3552 401 3606 ἐκδικεῖν
428 3556 555 3617 τοὺς
586 3557 804 3621 αὐτοὺς,
836 3559 953 3629 ἄμα
973 3561 1029 3614 δὲ
1053 3560 1143 3615 διὰ
1169 3562 1266 3633 τῆς
1297 3564 1625 3637 ἐκδικήσεως
1656 3586 1744 3621 κο-

157 3642 349 3705 mecm
371 3660 385 3673 ·
412 3646 508 3698 καὶ
537 3647 597 3700 τὸ
619 3648 729 3701 τῶν
759 3651 1089 3718 ἀποδείξεων
1113 3654 1172 3719 ἐξ
1198 3655 1402 3724 ὁμοίων
1433 3659 1746 3729 περιούσιον

158 3732 472 3787 ὑπολοίποιν
502 3736 657 3789 ἐννέα
696 3738 920 3808 πληγῶν
958 3742 1100 3795 κατὰ
1129 3743 1381 3816 διαδοχὴν
1423 3748 1535 3810 τοῖς
1574 3750 1744 3818 Λίγυ-

159 3824 343 3882 πτίοις
363 3826 780 3897 ἐπενεχθεισῶν,
811 3831 1039 3903 οὐδεμιᾷ
1060 3834 1267 3888 τούτων
1289 3840 1318 3890 ό
1360 3838 1577 3910 Ἰσραὴλ
1612 3841 1748 3895 ἒδέίο

160 3914 267 3985 χθη
299 3918 815 3991 καταστιζὸμενος)ο
843 3923 937 3976 τοῦ
968 3924 1026 3977 δὲ
1055 3928 1204 3997 παρὰ
1232 3932 1345 3992 τοῖς
1386 3930 1745 4002 Ἰσραηλίταις

161 4005 358 4068 ὓδατος
406 4008 775 4077 διαμείναντος
835 4015 1239 4089 ἀμεταϐλήτου,
1288 4024 1415 4085 τοὺς
1460 4024 1747 4089 ἐπαοιδοὺς

157 4098 380 4151 εκεῖθεν
419 4099 703 4168 λαϐόντας,
750 4104 853 4179 ὕλῃ
890 4110 1194 4179 χρήσασθαι
1236 4111 1374 4183 πρὸς
1405 4114 1509 4185 τὴν
1547 4114 1642 4168 τοῦ
1665 4115 1745 4169 οῖ-

157 4189 318 4243 κείου
353 4192 689 4264 σοφίσματος
721 4202 1028 4269 τερατείαν.

232 4370 427 4436 Οὕτως
457 4370 550 4429 οὖν
574 4378 909 4451 πολλαχόθεν
944 4382 1061 4436 εστι
1088 4385 1318 4456 συνορᾷν
1339 4385 1494 4440 οὐδὲν.
1516 4386 1740 4458 ἄπορον,

157 4464 260 4516 καὶ
287 4465 381 4517 τὸν
412 4466 613 4521 Mancia
637 4469 1157 4544 θαυμτουργοῦντα
1178 4476 1278 4545 τὴν
1302 4476 1396 4529 τοῦ
1428 4476 1623 4542 ὓδατος
1648 4478 1748 4547 φύ-

1845 2003 1981 2059 rlam
2018 2004 2511 2076 praestigiatoribus
2558 2004 2825 2073 majorem
2866 2014 3228 2074 compararet.
3274 2002 3420 2059 San-

1846 2098 1970 2167 guis
1997 2096 2184 2161 enim,
2236 2096 2330 2166 qui
2376 2112 2517 2166 aqua
2574 2095 2910 2162 videbatur,
2966 2096 3096 2166 quia
3145 2111 3425 2168 magorum

1844 2195 1963 2241 arte
1994 2186 2281 2253 sanguinis
2318 2185 2483 2240 etiam
2531 2194 2784 2239 naturam
2842 2201 2970 2240 vere
3026 2185 3291 2251 retinuit,
3347 2188 3424 2257 ip—

1846 2293 2033 2333 sorum
2066 2278 2358 2347 jactationi
2392 2278 2573 2343 favet,
2630 2287 2686 2333 et
2732 2292 2832 2348 pro
2890 2278 3053 2333 unico
3085 2280 3281 2350 duplex
3326 2280 3413 2335 mi.

1849 2368 2091 2422 raculum
2127 2367 2294 2423 eflicit
2324 2410 2339 2435 ,
2401 2370 2684 2440 sanguinis
2739 2371 2995 2426 videlicet
3028 2372 3080 2424 in
3111 2387 3333 2441 aquam,
3364 2382 3421 2429 et

1844 2471 2003 2527 aqua
2032 2472 2225 2511 rursus
2256 2459 2308 2510 in
2356 2459 2681 2527 sanguinem
2720 2460 3163 2513 conversionem.

1915 2547 2183 2602 Prteterea
2212 2558 2341 2602 sunt
2370 2548 2573 2619 quibus
2592 2550 2795 2619 placuit
2823 2564 3090 2615 asserere,
3109 2552 3254 2621 quod
3280 2562 3428 2622 post-

1846 2653 2013 2708 quam
2044 2640 2223 2695 Moses
2254 2655 2454 2711 aquam
2485 2656 2515 2695 e
2544 2643 2809 2712 Sanguine
2837 2643 2903 2695 ad
2932 2643 3216 2713 pristinam
3264 2654 3424 2701 natu-

1845 2747 1962 2786 ram
1997 2734 2237 2799 reduxit,
2274 2743 2407 2788 tunc
2440 2734 2494 2788 in
2525 2748 2589 2789 ea
2621 2734 2998 2790 incantatores
3023 2737 3424 2807 prcstigiorum

1845 2822 2123 2879 fallaciam
2163 2826 2534 2881 exercuerint.

1914 2915 2021 2969 Alii
2055 2931 2207 2980 vero,
2239 2925 2295 2969 et
2324 2916 2546 2986 quidem
2591 2916 2815 2982 rectius,
2844 2933 3010 2988 quam
3037 2920 3241 2983 caeteri,
3279 2920 3428 2975 afﬁr-

1846 3014 1997 3059 mant
2017 3006 2255 3060 mirilica
2285 3005 2453 3061 Hosis
2497 3007 2739 3076 potentia
2776 3022 2967 3063 omnes
3024 3010 3163 3064 alias
3208 3009 3426 3081 λείῃ)ιί

1846 3111 2018 3165 aquas
2060 3097 2113 3150 in
2156 3098 2479 3168 sanguinem
2531 3100 2860 3161 transiisse:
2917 3111 3186 3171 quotquot
3242 3114 3425 3160 autent

1848 3190 1973 3244 nsui
2009 3189 2379 3245 fsraelitnrum
2437 3178 2843 3255 inserviebam,
2897 3194 3217 3250 mutationis
3254 3196 3429 3252 fuisse

1848 3281 2123 3335 immunes
2161 3283 2380 3351 (neque
2413 3282 2555 3335 enim
2590 3294 3024 3338 consentaneum
3055 3296 3207 3351 erat,
3248 3296 3307 3340 ut
3350 3288 3428 3343 illi

1844 3384 2200 3439 vexarentur,
2230 3390 2466 3444 quorum
2519 3376 2692 3445 gratia
2726 3377 2897 3447 plagae
2928 3379 2982 3432 in
3014 3379 3288 3444 homines,
3326 3382 3426 3450 qui

1847 3466 1914 3520 ad
1949 3467 2101 3536 ipsos
2126 3468 2515 3536 opprimendos
2538 3469 2897 3537 insurgebant
2922 3511 2938 3536 ,
2994 3471 3377 3541 infiigebantur
3408 3493 3423 3530 :

1845 3565 2013 3627 atque
2027 3565 2087 3610 nt
2106 3556 2271 3611 simul
2289 3557 2601 3611 obtinerent
2633 3568 2871 3628 accepta
2898 3560 3113 3627 injuriae
3141 3562 3425 3629 ultionem,

1844 3658 1900 3703 et
1950 3650 2003 3702 in
2062 3650 2269 3702 ultione
2324 3649 2426 3719 ipsi
2482 3649 2812 3719 punirentur
2842 3668 2856 3704 :
2887 3653 3097 3707 accedit
3121 3654 3264 3723 quod
3293 3670 3425 3724 pro-

1846 3742 2023 3811 prium
2056 3740 2219 3795 fuerit
2272 3756 2368 3796 sex
2394 3742 2676 3797 similibus
2702 3745 2937 3798 ostentis
2979 3760 3043 3799 ex
3084 3747 3425 3815 reliquarum

1846 3848 2041 3888 novem
2078 3834 2385 3903 plagarum,
2412 3850 2536 3902 quae
2565 3835 2824 3904 deinceps
2856 3834 3126 3907 Egyptiis
3166 3840 3426 3895 immissa:

1846 3933 1995 3989 sunt,
2032 3933 2092 3978 ut
2117 3925 2320 3978 horum
2361 3924 2507 3977 nulla
2540 3925 2710 3980 lsrael
2738 3926 2973 3983 afflictus
3006 3927 3181 3985 fuisse
3228 3931 3425 3986 innua-

1847 4022 1939 4068 tur
1976 4013 2129 4085 (26)
2164 4033 2177 4069 :
2210 4031 2335 4069 cum
2370 4024 2551 4071 autem
2601 4032 2744 4087 aqua
2796 4034 2967 4088 penes
3013 4019 3272 4076 Hebraeos
3314 4039 3423 4078 non

1846 4117 2057 4162 mutata
2086 4110 2499 4179 permanserit,
2542 4110 2784 4166 indidem
2822 4112 3135 4170 haurientes
3176 4117 3427 4171 incanta—

1845 4208 2016 4265 tores,
2048 4199 2189 4255 hanc
2215 4204 2498 4256 materiam
2523 4203 2590 4257 ad
2616 4205 3012 4276 praestigiarum
3040 4222 3262 4262 suarum
3298 4209 3423 4263 illu-

1847 4294 2059 4349 sionem
2094 4293 2436 4349 adhibuisse.

1916 4382 2007 4440 Sic
2042 4386 2209 4455 igitur
2235 4387 2424 4441 multis
2454 4387 2632 4444 modis
2662 4389 2894 4459 perspici
2918 4398 3116 4459 potest,
3148 4392 3290 4461 quod
3314 4408 3422 4448 non

1853 4478 2012 4531 fuerit
2044 4478 2287 4544 difficile,
2328 4491 2387 4534 ut
2436 4488 2491 4534 et
2520 4480 2701 4536 Moses
2756 4497 2850 4551 per
2903 4482 3209 4551 prodigium
3268 4478 3426 4553 aqua:

158 4570 248 4606 σιν
280 4556 361 4647 είς
386 4554 525 4625 αἷμα
556 4562 900 4631 μεταϐαλεῖν,
927 4566 1023 4618 καὶ
1050 4567 1176 4629 τοὺς
1205 4568 1491 4632 ἐπαοιδοὺς
1516 4569 1625 4623 τῶν
1650 4572 1745 4623 Al-

1853 4580 2105 4625 naturam
2142 4572 2195 4626 in
2226 4574 2545 4642 sanguinem
2577 4576 2927 4639 converterit,
2955 4585 3009 4629 et
3045 4575 3422 4647 £gyptiorum

154 4646 412 4711 γυπτίων
456 4648 646 4713 ὓδατος
684 4654 761 4724 μὴ
789 4655 1238 4726 ἀποστερεῖσθαι,
1263 4657 1330 4709 δι’
1359 4654 1528 4729 οὗπερ
1561 4660 1746 4725 αὐτοῖς

151 4735 189 4803 η
224 4734 325 4787 τοῦ
371 4738 658 4809 φάσματος
706 4744 830 4814 ὄψις
873 4747 1266 4819 ὐποδραμεῖται
1298 4748 1397 4819 τὴν
1444 4751 1743 4821 ὀνομασίαν

151 4826 256 4879 τοῦ
291 4826 592 4899 θαύματος.

692 4926 1025 5002 svorum
1072 4949 1209 5002 sm.

184 5027 323 5096 Πῶς
352 5033 604 5101 νοητέον
626 5037 696 5089 τό
711 5053 726 5069 ο
759 5037 932 5160 ciam
955 5036 1283 5126 σκληρυνῶ
1316 5037 1431 5106 τὴν
1460 5038 1713 5108 καρδίαν

885 5124 1079 5177 Paw,"

1852 4660 2221 4720 incantatores
2250 4680 2391 4733 aqua
2434 4681 2541 4719 non
2580 4668 2879 4731 caruerint,
2928 4684 3025 4738 per
3080 4685 3242 4738 quam
3296 4669 3424 4725 ficta

1847 4756 2136 4825 sanguinis
2168 4756 2382 4826 species
2412 4772 2613 4813 nomen
2645 4759 2894 4815 miraculi
2926 4769 3224 4829 usurparet
3245 4760 3385 4831 (‘23).

1884 4946 2213 5014 QUAESTIO
2243 4948 2359 5002 XLI
2406 4947 2598 5020 [CoisL
2638 4948 2806 5004 Taur.
2838 4949 2950 5016 XL,
2985 4949 3165 5004 Scotto
3197 4949 3382 5023 XLII].

1848 5040 2103 5106 Quanam
2133 5042 2395 5115 mttentia
2422 5042 2660 5115 subjecta
2683 5052 2762 5096 est
2780 5043 2945 5115 verbis
2964 5044 3086 5115 illis
3104 5059 3124 5099 :
3158 5063 3176 5097 ι
3200 5042 3311 5115 Ego
3337 5045 3421 5099 itt-

2200 5112 2403 5165 durabo
2443 5128 2535 5165 cor
2563 5112 2865 5167 Pharaonis
2892 5114 2983 5167 "3
3009 5134 3028 5167 ι

873 5226 1016 5277 Edita
1039 5226 1098 5277 ab
1128 5228 1242 5278 Ant.
1269 5227 1463 5286 Scotto,
1486 5226 1525 5276 1.
1547 5239 1613 5287 c.,
1642 5242 1691 5291 p.
1718 5228 1831 5291 iss,
1858 5226 2248 5279 Commentarios
2270 5224 2320 5275 in
2347 5226 2507 5277 Exod.
2530 5239 2597 5287 tv,
2628 5227 2708 5277 21.

236 5308 402 5369 τινες
444 5310 546 5379 μέν
603 5329 736 5382 φασι
792 5314 1120 5386 σκληρύνειν
1167 5312 1425 5383 λέγεσθαι
1473 5316 1566 5369 τὸν
1611 5315 1744 5369 Θεὸν

154 5418 204 5451 ⁸⁸
239 5418 419 5477 Exod.
457 5439 554 5486 vn,
583 5423 668 5477 l0.
744 5426 792 5457 “
821 5423 993 5480 Exod.
1030 5440 1149 5480 vm.
1183 5441 1340 5497 seqq.

1922 5314 2185 5371 Nonnulli
2222 5314 2446 5386 quidem
2478 5317 2675 5372 docent
2712 5314 2885 5371 Deum
2934 5315 3041 5371 hoc
3094 5329 3256 5371 sensu
3309 5313 3416 5370 dici

1649 5518 1882 5577 ΝυτΕ.

229 5602 463 5682 (32)·ᾼά
486 5606 895 5675 significandam
919 5622 1184 5682 aquarum
1202 5608 1552 5682 divisionem,
1578 5628 1739 5682 quant

149 5672 310 5727 inter
338 5672 557 5746 Aliosen'
574 5686 627 5729 et
683 5692 870 5746 magos
912 5672 1183 5735 nonnulli.
1212 5679 1410 5735 factam
1460 5672 1739 5736 somnian-

150 5752 253 5797 tnr
302 5741 418 5796 οὔθ’
445 5744 747 5811 ἑνίσσοντος
775 5741 1001 5815 reduxi,
1032 5749 1180 5819 quod
1230 5759 1349 5805 erat
1372 5749 1530 5805 οὺοὶν
1556 5751 1739 5805 ,ῖσσονρ

156 5829 273 5875 τος.

1848 5624 2131 5666 sacrarum
2165 5610 2494 5666 Litterarum
2528 5612 2873 5675 scholiastes,
2907 5610 3302 5677 Theodoretus,
3352 5608 3419 5666 D.

1846 5681 2533 5753 1Augustinus(Intestina.
2579 5682 2853 5737 inExod.
2905 5681 3311 5753 Lippomanus,
3362 5693 3419 5735 et

1844 5747 2100 5834 ijic'olaus
2130 5767 2161 5806 a
2190 5747 2355 5834 Lyra.
2388 5755 2663 5834 Addatur,
2697 5754 2741 5808 si
2780 5747 2988 5834 placet;
3010 5747 3334 5834 :Abene‘zra,
3366 5761 3421 5803 et

1846 5820 1910 5875 Β.
1936 5822 2110 5887 Levi;
2160 5831 2215 5877 et
2238 5819 2385 5879 inter
2413 5824 2745 5881 recentiores
2777 5819 3133 5887 Henechius,
3181 5819 3419 5887 Clarius,

229 5885 350 5949 (3'5)
387 5882 461 5939 De
488 5883 591 5941 hac
616 5888 918 5954 quaestione
954 5889 1207 5959 quaedam
1258 5890 1553 5963 attigerunt
1583 5900 1737 5950 vetus
1842 5902 1896 5947 ct
1919 5882 2165 5947 Grotius.
