4202 6442
172 422 285 489 ΰθ
1164 420 1262 479 AD
1286 419 1871 481 AMPHILOCHIUM
1914 419 2254 489 QUESTIO
2291 422 2478 483 XLII.
3319 418 3433 485 ΒΟ

178 536 309 589 καί·
354 551 374 585 ι
424 532 550 585 Ἐάν
596 532 672 601 μὴ
720 530 923 598 Κύριος
974 527 1189 598 φυλάξῃ
1230 528 1408 593 πόλιν,
1460 532 1542 592 είς
1585 530 1762 599 μάτην
1789 538 1836 593 Α

1789 538 1836 593 Α
1866 540 2011 613 runt,
2041 531 2135 599 qui
2160 531 2427 585 nidificant
2450 530 2528 594 ";
2559 548 2581 581 ο
2615 539 2874 599 praeterea
2908 547 2921 583 :
2967 548 2985 580 ι
3016 527 3135 583 Nisi
3162 527 3426 583 Dominus

175 624 529 695 ἠγρύπνησεν
586 624 616 675 δ
650 620 942 689 φυλάσσων
976 635 1011 690 ⁸,
1032 638 1052 671 ι
1087 620 1181 673 καὶ
1233 620 1295 672 τό
1316 636 1332 653 ⁸
1394 638 1412 671 ι
1455 621 1569 674 Οὐκ
1597 623 1654 673 ὲν
1680 624 1747 691 τῇ

1856 621 2175 676 custodierit
2223 622 2525 682 civitatem,
2588 618 2790 673 frustra
2837 619 3029 689 vigilat
3085 620 3182 689 qui
3234 630 3424 675 custo-

174 715 467 785 δυναστεία
504 712 597 765 τοῦ
643 713 811 767 ἵππου
861 710 1100 780 θελήσει,
1133 711 1252 764 οὐδε
1279 712 1337 763 εν
1356 714 1476 774 ταῖς
1514 712 1751 780 κνήμαις

1857 712 1933 765 dit
1956 712 2034 776 ³³;
2068 732 2087 764 ι
2131 724 2184 767 et
2223 729 2414 769 rursus
2446 732 2459 767 :
2493 732 2511 764 ι
2545 713 2659 767 Νοιι
2714 714 2769 766 in
2807 711 3125 768 fortitudine
3160 715 3289 783 equi
3338 728 3430 766 vo-

1164 420 1262 479 AD
1286 419 1871 481 AMPHILOCHIUM
1914 419 2254 491 QUESTIO
2291 422 2478 483 XLII.

174 806 274 859 τοῦ
304 807 495 874 ἀνδρὸς
545 805 758 857 εὐδοκεῖ
781 818 797 835 ⁸
841 821 861 855 ι
897 802 1031 856 καί·
1067 821 1085 853 ι
1138 803 1204 857 Oi
1244 802 1443 873 βουλὴν
1472 804 1751 865 ποιοῦντες

1857 805 2120 858 lunutem
2167 805 2405 867 habebit.
2455 822 2553 858 nec
2597 807 2650 858 iu
2699 806 2845 859 tibiis
2886 804 2988 858 viri
3028 804 3425 875 beneplacitum

178 894 609 962 ὲμϐαθυνόμενοι
656 893 770 953 τοῖς
807 890 1176 959 διαλογισμοῖς
1212 890 1412 955 αὐτῶν,
1448 892 1541 944 καὶ
1577 890 1639 943 οὐ
1665 890 1752 942 διὰ

1857 896 1964 949 erit
2022 896 2071 951 ei
2096 897 2176 959 ";
2209 916 2227 948 ι
2290 913 2535 951 rursus:
2590 897 2742 961 «Qui
2807 898 3099 951 mnsilium
3166 896 3372 950 faciunt
3405 916 3421 945 ι

180 984 390 1053 Κυρίου
415 1000 432 1013 ⁸
467 1002 487 1035 ι
515 983 741 1052 καὶγὰρ
768 982 865 1035 καὶ
898 974 1066 1042 οὗτοι,
1100 981 1223 1034 ἀντὶ
1255 980 1347 1033 τοῦ
1379 982 1455 1051 μὴ
1477 982 1752 1035 διαπεσεῖν

177 1072 277 1124 τοῦ
311 1072 748 1139 σπουδάσματος,
780 1071 843 1124 οὐ
868 1070 1028 1140 μόνον
1053 1070 1375 1140 διήμαρτον,
1411 1072 1549 1124 ἀλλά
1573 1073 1667 1125 καὶ
1695 1072 1755 1124 τδ

178 1164 320 1217 οὐαί
347 1162 861 1233 προεπεσπάσαντο.
896 1162 1286 1232 Παραπλήσιον
1313 1164 1372 1216 δὲ
1400 1163 1498 1217 καὶ
1522 1163 1583 1216 τὸ
1616 1166 1757 1232 είρη·

184 1253 349 1320 μένον
386 1252 521 1322 πρὸς
544 1250 671 1313 τούς
698 1249 1023 1312 πεποιθότας
1043 1251 1130 1302 trt’
1153 1252 1426 1318 Αιγυπτον
1446 1268 1458 1281 ⁸
1476 1271 1509 1303 -ι
1536 1253 1721 1321 Ἐποιή
1736 1281 1753 1291 ο

184 1360 318 1397 aut:
354 1343 550 1414 βουλὴν
582 1344 643 1396 οὐ
682 1342 751 1396 δι’
794 1341 931 1412 ἐμοῦ
955 1357 970 1373 ⁸
1011 1342 1106 1395 καί
1134 1342 1408 1414 συνθήκας
1450 1345 1513 1398 οὐ
1541 1343 1628 1397 διὰ
1659 1343 1753 1396 τοῦ

182 1435 499 1503 πνεύματός
530 1452 629 1504 μου
662 1434 982 1505 προσθεῖναι
1005 1424 1008 1429 ’
1030 1434 1306 1505 ἁμαρτίαν
1335 1435 1419 1505 ἐφ’
1450 1436 1754 1507 ἁμαρτίας,

179 1527 232 1579 οἱ
268 1526 622 1597 πορευόμενοι
669 1526 979 1595 καταϐῆναι
1023 1528 1104 1589 είς
1144 1527 1419 1595 Αἴγυπτον
1443 1543 1457 1557 ⁸
1498 1547 1517 1579 ι
1555 1523 1636 1590 οἷς
1665 1528 1756 1580 καὶ

179 1620 215 1686 ή
244 1618 559 1688 καταφυγὴ,
588 1617 684 1670 καὶ
712 1618 813 1687 τῆς
835 1617 1084 1688 βοηθείας
1107 1619 1141 1687 ή
1165 1618 1322 1681 tm;
1350 1620 1431 1681 είς
1454 1618 1717 1689 αἰσχύνην
1740 1657 1754 1683 ,

180 1710 283 1761 καὶ
329 1708 531 1771 δνειδος
578 1708 995 1779 περιτρέπεται.
1053 1708 1166 1762 Καὶ
1227 1710 1335 1779 γάρ
1392 1709 1594 1778 ἑκάστη
1648 1708 1757 1761 τῶν

182 1800 515 1868 εἰρημένων,
536 1800 632 1853 καὶ
657 1799 868 1852 πολλῶν
878 1799 1053 1853 ἄλλων
1069 1800 1464 1870 παραπλησίων
1485 1800 1753 1866 πράξεων,

1860 988 2111 1056 profundi
2184 988 2237 1041 in
2300 987 2717 1057 cogitationibus
2780 988 2934 1049 suis,
3000 1006 3017 1038 ι
3062 995 3116 1041 et
3169 1002 3275 1040 non
3334 1004 3427 1054 per

1864 1079 2151 1133 Dominum
2185 1097 2198 1131 :
2236 1096 2254 1130 ι
2288 1088 2343 1132 et
2379 1078 2636 1132 nimirum
2660 1078 2712 1131 bi
2742 1092 2841 1147 pro
2877 1092 2941 1131 co
2972 1093 3037 1130 ac
3082 1095 3109 1130 a
3149 1079 3428 1147 proposito

1862 1185 1971 1223 non
2013 1170 2355 1231 exciderent,
2387 1185 2495 1222 non
2542 1169 2717 1221 solum
2764 1167 2890 1221 inde
2938 1168 3284 1233 aberrarunt,
3333 1168 3427 1223 sed

1860 1258 2025 1313 etiam
2057 1257 2187 1312 illud
2221 1273 2297 1311 va:
2348 1256 2450 1311 sibi
2482 1263 2920 1323 promeruerunt.
2973 1254 3302 1324 Hujusmodi
3346 1266 3431 1309 est

1860 1358 1914 1404 et
1966 1350 2121 1411 illud,
2166 1347 2313 1418 quod
2353 1348 2558 1402 dictum
2610 1358 2695 1400 est
2740 1344 2983 1401 Hebraeis
3032 1347 3086 1400 in
3133 1347 3429 1418 Egyptum

1862 1439 2083 1494 confisis
2113 1457 2127 1492 :
2162 1457 2181 1489 ι
2214 1436 2440 1492 Fecistis
2480 1438 2795 1503 consilium,
2836 1447 2889 1491 et
2940 1452 3048 1491 non
3101 1454 3168 1493 ex
3213 1454 3327 1503 me,
3378 1449 3432 1491 et

1865 1532 2068 1585 fmdera
2104 1544 2213 1585 non
2250 1544 2348 1600 per
2383 1530 2635 1599 spiritum
2673 1544 2877 1591 meum,
2919 1537 2977 1582 ut
3008 1529 3281 1583 adderetis
3309 1544 3431 1598 pec-

1863 1631 2045 1675 catum
2081 1636 2243 1690 super
2282 1629 2584 1689 peccatum,
2620 1621 2713 1689 qui
2739 1620 3055 1686 ambulatis,
3102 1630 3159 1673 nt
3199 1621 3431 1673 descen-

1864 1713 2009 1767 datis
2040 1713 2093 1766 in
2137 1710 2474 1780 Egyptum:
2512 1729 2530 1762 ι
2581 1710 2784 1779 quibus
2834 1708 3118 1777 eﬂugium,
3162 1724 3216 1763 et
3244 1708 3431 1763 auxilii

1865 1818 1987 1872 spes
2016 1821 2035 1853 ι
2067 1803 2120 1856 in
2161 1801 2559 1865 confusionem,
2614 1809 2668 1855 et
2706 1802 3059 1871 ignominiam
3094 1820 3111 1852 ι
3158 1801 3433 1855 converti-

181 1889 287 1959 τῆς
317 1888 428 1941 άνω
456 1889 816 1959 κεχωρημινη
849 1888 1040 1957 ῥοπῆς,
1074 1889 1175 1943 οὐκ
1198 1888 1265 1943 ἂν
1284 1888 1379 1943 τοῦ
1412 1889 1761 1959 προτεθέντος
1790 1880 1836 1939 Β

1790 1880 1836 1939 Β
1865 1904 1952 1948 tur
1981 1894 2213 1965 (ii-28).
2248 1892 2468 1963 Singula
2485 1893 2628 1946 enim
2655 1894 2767 1961 jam
2802 1892 2944 1947 dicta
2970 1903 3223 1962 opera,et
3243 1891 3347 1947 alia
3380 1891 3431 1945 id

181 1982 376 2043 τέλους
405 1980 647 2048 ἐφίκοιτο
668 1994 681 2010 ⁸
710 1979 822 2033 οὐδ’
855 1982 888 2050 ή
913 1980 1108 2051 μελέτη
1138 1980 1274 2050 πρὸς
1308 1981 1468 2050 ἔργον
1495 1984 1760 2051 χωρήσει,

186 2070 267 2138 μὴ
320 2069 419 2139 τῆς
466 2068 673 2123 άνωθεν
725 2070 1314 2140 προκαταϐαλλομένης
1365 2071 1655 2141 εὐμενείας
1701 2071 1763 2125 τὸ

184 2159 447 2213 πλούσιον
481 2160 646 2225 ἔλεος.
680 2161 741 2214 Ei
778 2160 834 2214 δὲ
864 2163 957 2215 καὶ
994 2161 1299 2232 ὀργίζοιτο,
1334 2158 1416 2224 οἷς
1438 2163 1504 2215 ἄν
1531 2178 1615 2224 τις
1652 2163 1764 2225 τοῖς

181 2252 415 2316 οἰκείοις
490 2252 812 2317 διαϐουλίοις
862 2253 1173 2323 ἑρείδηται⁸
1226 2252 1343 2316 πῶς
1397 2254 1497 2306 οὐκ
1551 2255 1761 2323 ἀνάγκη

186 2343 411 2405 πάντως
455 2343 774 2413 διαμαρτεῖν
828 2342 923 2397 τοῦ
961 2343 1170 2409 τέλους,
1204 2343 1299 2396 καὶ
1335 2342 1562 2413 μηδενὸς
1584 2345 1765 2412 τυχεῖν

187 2434 443 2487 ἑκάστων
501 2436 607 2487 τῶν
636 2437 714 2498 είς
743 2434 900 2489 τοῦτο
927 2433 1436 2507 παρενηνεγμένων,
1464 2426 1539 2487 ὧν
1563 2435 1597 2504 ή
1627 2432 1767 2501 γνὼ-

188 2543 272 2596 μη
304 2526 599 2594 ἠγωνίζετο
625 2544 639 2594 ;

1867 1996 2038 2051 genus
2086 1982 2263 2050 plura,
2312 1993 2437 2033 cum
2478 1992 2713 2046 superna
2766 1977 3063 2033 directione
3110 1988 3297 2033 essent
3342 1980 3433 2032 de-

1866 2072 2076 2134 stituta,
2118 2070 2187 2125 ad
2219 2071 2559 2140 propositum
2592 2070 2697 2124 sibi
2736 2069 2899 2124 linem
2933 2071 3120 2139 utique
3146 2072 3435 2140 pervenire

1868 2174 1975 2214 non
2029 2166 2309 2227 poterant;
2371 2173 2548 2228 neque
2592 2158 2656 2212 ad
2708 2174 2845 2227 Opus
2886 2159 3229 2229 designatum
3281 2162 3436 2216 indu-

1868 2254 2001 2307 stria
2038 2254 2333 2322 perveniet,
2373 2254 2477 2307 nisi
2520 2253 2703 2307 divina
2749 2254 3037 2307 clementia
3081 2270 3219 2324 Oplls
3257 2255 3433 2324 ipsum

1872 2342 2191 2396 redundanti
2212 2343 2525 2413 auspicetur
2548 2344 2944 2399 misericordia.
2988 2344 3043 2397 Si
3073 2354 3253 2399 autem
3291 2344 3434 2399 Dens

1870 2433 2033 2486 etiam
2067 2433 2342 2497 irascitur,
2368 2450 2431 2489 eo
2463 2435 2607 2503 quod
2633 2436 2864 2504 propriis
2887 2437 3134 2490 consiliis
3157 2437 3432 2506 quispiam

1876 2525 2168 2590 innitatur,
2208 2527 2488 2594 quomodo
2537 2527 2849 2581 necessario
2895 2542 3003 2580 non
3059 2528 3329 2598 sequitur,
3378 2535 3438 2580 ut

186 2622 300 2675 iste
346 2636 378 2673 a
427 2622 533 2676 line
585 2622 835 2686 aberret,
891 2630 946 2676 et
1000 2620 1206 2675 nullam
1251 2634 1434 2675 rerum
1487 2618 1555 2673 ad
1597 2618 1759 2672 tinem
1800 2627 2260 2687 comparatarum,
2299 2621 2363 2675 ad
2436 2636 2575 2690 quas
2644 2619 2863 2673 animus
2900 2622 3277 2685 contendebat,
3308 2637 3439 2676 con-

189 2713 405 2766 tingat?

316 2728 405 2765 ιιιν

282 2728 422 2854 ξιΔλλ*
472 2801 611 2871 αὐτη
672 2804 771 2871 μὲν
818 2803 915 2873 τῆς
966 2802 1199 2873 θεωρίας
1254 2805 1288 2873 ἡ
1342 2803 1572 2876 ἐπιϐολὴ
1626 2803 1764 2874 πρὸς

191 2893 303 2961 μὲν
335 2893 403 2945 τά
432 2893 813 2963 παραταθέντα
839 2896 1000 2966 ῥητὰ,
1037 2895 1129 2949 καὶ
1150 2895 1203 2948 ετ
1225 2912 1277 2949 τι
1308 2896 1518 2959 τούτοις
1543 2896 1765 2965 ενάμιλ-

1933 2804 2000 2855 Αι
2035 2805 2148 2857 hac
2180 2802 2413 2855 iudicata
2456 2802 2559 2855 loci
2600 2803 2862 2872 propositi
2897 2804 3170 2872 expositio
3205 2819 3431 2859 sensum

1861 2890 1980 2959 ejus
2030 2890 2267 2945 ostendit
2311 2906 2435 2943 cum
2492 2891 2739 2945 adductis
2792 2906 3071 2945 sacrarum
3104 2891 3434 2947 Litterarum

186 2985 311 3048 λον,
327 2986 385 3037 τὸ
412 2986 775 3056 ἡρμοσμένον,
798 2990 891 3039 καὶ
915 2988 1247 3057 κατάλληλον
1270 2988 1639 3041 ἔπιδείκνυται
1671 2986 1764 3038 τοῦ

1863 2982 2117 3043 oraculis,
2147 2993 2201 3035 et
2231 2997 2355 3037 cum
2384 2981 2600 3036 caeteris
2632 2982 2944 3050 hujusmodi
2972 2999 3095 3037 esse
3122 2999 3434 3053 congruen—

189 3078 470 3144 νοήματος
495 3088 509 3103 ⁸
542 3078 603 3129 οὐ
643 3078 750 3147 μήν
777 3094 839 3143 γε
861 3078 961 3146 τὴν
984 3077 1153 3147 αὐτὴν
1193 3078 1486 3130 ἀποδίδωσι
1546 3076 1758 3145 χρείαν,

1864 3079 1994 3131 tem,
2026 3078 2081 3121 et
2107 3076 2575 3135 consentaneum;
2607 3084 2793 3123 verum
2827 3072 2958 3140 quid
2998 3072 3098 3124 sibi
3147 3073 3297 3133 velit,
3327 3087 3432 3127 non

188 3169 297 3219 καὶ
320 3167 416 3235 τὴν
471 3165 705 3237 ἑξιρχῆς
763 3167 1018 3220 ὑπόθεσιν
1055 3167 1473 3237 εὐμαράσασθαι
1515 3165 1627 3235 (‘29)
1657 3180 1669 3192 °
1698 3164 1765 3216 τά

1872 3159 2075 3224 definit,
2105 3174 2278 3227 neque
2325 3161 2695 3215 difficultatem
2726 3178 2756 3216 a
2786 3163 3053 3232 principio
3102 3164 3433 3232 propositam

187 3273 256 3309 τε
289 3257 396 3325 γάρ
419 3257 510 3309 τοῦ
533 3258 690 3323 λόγου
722 3258 1130 3328 προηγούμενα,
1167 3260 1259 3310 καὶ
1285 3260 1317 3328 η
1345 3257 1477 3327 ἄλλη
1522 3257 1631 3308 τῶν
1668 3258 1765 3326 ρη-

1872 3253 2030 3318 plano
2061 3252 2268 3304 diluit:
2312 3252 2581 3321 siquidem
2634 3262 2747 3307 tum
2794 3270 2857 3309 ea
2913 3256 3098 3321 verba,
3140 3271 3263 3325 qua:
3308 3267 3435 3311 sunt

189 3346 391 3415 μάτων
417 3346 674 3407 διασκευὴ
723 3347 858 3417 πρὸς
909 3349 1099 3416 ὲτέραν
1152 3347 1350 3417 μᾶλλον
1399 3346 1763 3418 προτρέπεται
1795 3402 1834 3418 Α

1795 3402 1834 3418 Α
1868 3342 2109 3395 diatribae
2128 3341 2289 3410 huius
2306 3352 2706 3411 argumentum,
2734 3354 2847 3397 tum
2870 3346 3153 3415 appositus
3184 3347 3430 3401 locorum

187 3402 437 3489 ὲιάνοιαν
460 3402 883 3491 ἀπευθύνεσιθαι.
919 3438 984 3489 Τί
1002 3402 1108 3490 ὀὖν
1140 3402 1222 3490 δεῖ
1242 3402 1495 3507 umqu
1529 3402 1607 3489 ἑά·
1646 3453 1664 3486 ι
1689 3436 1762 3487 Σο
1791 3402 1835 3465 C

1791 3402 1835 3465 ο
1870 3444 2036 3483 εδει-τε
2066 3402 2783 3500 δαὴριιιτωυορρπαιιιεαό
2807 3402 2969 3489 aliam
3003 3438 3180 3505 potius
3210 3447 3434 3492 senten-

192 3528 503 3596 ὡργίσθης,
534 3530 626 3580 καὶ
667 3531 827 3597 ἡμεῖς
857 3529 1233 3598 ἡμάρτομεν.»
1266 3529 1386 3598 οὐχὶ
1402 3530 1559 3581 τοῦτο
1579 3527 1761 3596 φησίν·

196 3639 215 3669 ι
245 3619 338 3681 Ὠς
350 3622 447 3689 τῆς
469 3622 566 3687 σῆς
592 3621 759 3689 ὀργῆς
778 3619 1142 3689 προελθούσης
1161 3619 1621 3691 ήάμαρτίαήμῶν
1638 3622 1765 3671 ὲκυ-

190 3711 387 3779 ρίευσε
414 3726 429 3773 ;
460 3729 478 3759 ι
515 3710 683 3763 Τοῦτο
704 3711 811 3777 γάρ
826 3711 945 3763 οὐδὲ
964 3714 1066 3779 τὴν
1087 3712 1240 3764 θείαν
1259 3712 1345 3780 εἴη
1367 3712 1764 3780 δικαιοκρισιαν

188 3800 577 3862 διασώζοντος,
613 3799 720 3853 οὐδ’
751 3801 922 3852 αἴτιον
954 3800 1166 3866 εἰσάγει
1190 3800 1282 3853 τὸν
1318 3802 1624 3869 ἄνθρωπον,
1656 3800 1764 3853 οὐδ’

190 3891 255 3941 ὲν
288 3881 375 3949 οἷς
397 3888 505 3940 ἀπὸ
557 3887 781 3957 γνώμης
808 3892 1196 3958 πονηρεύεται⁸
1234 3887 1373 3940 ἀλλὰ
1426 3888 1519 3939 τὸν
1584 3887 1763 3954 πάσης

190 3978 404 4040 κακίας
440 3980 701 4041 ἀναίτιον,
732 3978 919 4031 τοῦτον
949 3978 1310 4042 καταϐιϐάζει
1344 3982 1410 4049 τῇ
1442 3980 1763 4049 βλασφημία

189 4070 337 4137 πρὸς
361 4069 420 4120 τὸ
451 4068 726 4119 ὑπαίτιον⁸
761 4070 854 4120 καὶ
877 4070 941 4136 δὴ
982 4071 1076 4122 καὶ
1105 4072 1165 4121 τὸ
1208 4069 1555 4133 αὐτεξούσιον
1611 4068 1763 4138 παρά

187 4162 297 4230 τὴν
332 4159 567 4228 ἐξαρχῆς
619 4159 833 4223 πλάσιν,
866 4164 961 4215 καὶ
985 4162 1193 4231 δωρεάν
1226 4163 1305 4223 είς
1330 4161 1390 4214 τὸ
1414 4160 1618 4226 δοῦλον,
1672 4160 1766 4213 καὶ

190 4251 524 4315 ὐπεξούσιον
545 4253 1006 4323 κεταπλάττοντα.
1038 4254 1099 4306 Εἰ
1132 4254 1259 4323 γάρ,
1282 4254 1413 4307 διότι
1453 4272 1471 4304 ι
1492 4252 1761 4323 ὠργίσθη,

189 4345 541 4412 ἡμάρτομεν»
567 4362 586 4394 ι
624 4346 656 4412 ἡ
685 4346 820 4414 ὀργὴ
850 4344 948 4414 τὴν
980 4344 1251 4415 ἁμαρτίαν
1275 4344 1491 4398 km"
1521 4343 1690 4414 ὀργῆς
1717 4342 1763 4396 δ’

187 4436 421 4503 ἀμάχου
449 4434 789 4505 συνωθούσης
831 4440 912 4500 εἰς
967 4438 1341 4507 παράπτωμα,
1388 4436 1473 4500 τίς
1516 4435 1765 4503 ἀντιστή-

192 4542 356 4577 σεται
379 4540 395 4589 ;

267 4784 476 4855 Διόπερ
506 4788 584 4849 εἰς
610 4787 772 4839 τοῦτο
809 4790 907 4857 μὲν
933 4788 1300 4858 διαλογισμῶν
1332 4792 1654 4859 ἀπενεγκεῖν
1671 4791 1768 4854 τὰς

188 4877 357 4945 legi;
393 4878 596 4944 φωνάς,
644 4878 868 4948 οὐδεμία
900 4880 1274 4949 παρείσδυσις,
1301 4884 1534 4950 μάλιστα
1565 4882 1772 4934 πολλῶν

184 4968 379 5021 ἄλλων
414 4967 754 5035 διδαγμάτων
783 4972 876 5023 καὶ
911 4972 1184 5041 πανταχοῦ
1218 4972 1317 5040 τῆς
1352 4974 1501 5041 ίεράς
1529 4973 1768 5041 Γραφῆς,

184 5058 292 5110 καὶ
321 5057 389 5124 δὴ
420 5058 512 5108 καί
540 5059 595 5109 εν
625 5058 775 5128 αὐτῷ
806 5059 884 5130 τῷ
923 5063 1177 5132 προφήτῃ
1208 5064 1465 5113 τάναντία
1502 5062 1597 5114 καὶ
1622 5077 1768 5129 μαρο

183 5147 535 5218 τυρομένων.
588 5152 677 5201 καὶ
734 5152 1127 5219 κρατυνόντων.
1199 5151 1334 5223 ᾳΜὴ
1381 5155 1522 5221 γὰρ,
1580 5154 1764 5222 φησὶν,

180 5242 435 5311 ὲὸάρυνε
482 5240 682 5311 Κύριος
712 5242 771 5293 τὸ
819 5238 911 5305 οὖς
961 5242 1126 5293 αὐτοῦ
1164 5241 1258 5293 τοῦ
1316 5244 1391 5311 μὴ
1422 5243 1759 5294 εἰσακοῦσαι·

262 5391 313 5421 ³⁷
350 5388 494 5445 Psal.
524 5406 705 5458 cxxvt,
746 5395 795 5448 Ι.
874 5394 919 5426 ³⁸
943 5396 1074 5449 ibid.
1108 5398 1162 5451 2.
1239 5398 1282 5430 ³³
1307 5397 1451 5453 Psal.
1484 5415 1661 5463 chvr,
1698 5402 1782 5458 10.

1864 3522 1990 3576 tiam
2021 3524 2181 3593 dirigi
2230 3524 2561 3581 desiderant.
2615 3526 2757 3591 Quid
2807 3542 2935 3596 ergo
2980 3529 3291 3592 dicendum.
3328 3530 3432 3584 nisi

1862 3614 2005 3680 quod
2036 3614 2163 3665 illo:
2188 3630 2208 3664 ι
2237 3613 2315 3667 Tu
2349 3616 2516 3669 iratus
2540 3630 2620 3676 es,
2638 3626 2693 3670 et
2715 3631 2812 3671 nos
2831 3618 3155 3683 erravimus,
3190 3638 3210 3671 ι
3240 3636 3435 3689 nequa-

1862 3718 2024 3771 quam
2053 3705 2158 3759 boc
2186 3706 2448 3760 innuatur
2478 3724 2493 3762 :
2525 3725 2544 3758 ι
2582 3709 2664 3762 0h
2692 3708 2831 3764 iram
2863 3719 3009 3765 tuam
3037 3714 3431 3781 praecedentem

1864 3806 2140 3865 peccatum
2192 3797 2245 3851 in
2294 3800 2449 3855 nobis
2481 3800 2818 3856 dominatum
2868 3804 2989 3858 est?
3038 3822 3058 3856 ι
3096 3803 3148 3859 Id
3184 3805 3329 3859 enim
3377 3815 3432 3859 et

1862 3887 2099 3943 divinam
2137 3889 2669 3959 lzederetjustiliam,
2708 3903 2763 3948 et
2810 3895 3106 3955 hominem.
3139 3912 3207 3950 ne
3236 3912 3427 3951 eorum

1861 3979 2079 4048 quidem
2130 3982 2183 4035 in
2221 3983 2419 4051 quibus
2448 3998 2510 4039 ex
2540 3987 2705 4039 animi
2737 3990 3004 4041 sententia
3048 3997 3269 4058 peccat,
3300 4006 3432 4043 cau-

1862 4085 1978 4125 sam
2042 4073 2324 4137 redderet;
2383 4078 2477 4130 sed
2533 4080 2587 4131 in
2635 4078 2840 4142 Deum,
2908 4080 2999 4149 qui
3055 4082 3433 4150 cujuscunque

1861 4164 2032 4230 Culpa:
2079 4180 2243 4218 causa
2286 4182 2408 4221 esse
2459 4185 2563 4223 non
2592 4180 2784 4238 potest,
2818 4174 3029 4237 culpam
3063 4188 3155 4241 per
3185 4172 3433 4240 blasphe—

1864 4255 2027 4307 miam
2054 4256 2414 4312 transferret:
2445 4262 2575 4328 quin
2608 4262 2768 4314 etiam
2800 4264 2964 4316 Deum
2992 4262 3270 4317 induceret
3292 4262 3433 4317 redi-

1863 4353 2075 4413 gentem
2106 4346 2343 4404 hominis
2378 4350 2677 4407 libertatem
2710 4362 2901 4408 contra
2934 4354 3259 4423 primitivam
3288 4369 3434 4409 crea-

1862 4435 2087 4499 tionem,
2121 4440 2457 4510 gratiamque
2488 4443 2542 4496 in
2576 4444 2914 4506 servitutem,
2942 4454 2993 4498 e1
3017 4446 3427 4513 subiectionem.

1866 4524 1920 4577 Si
1953 4527 2118 4591 enim,
2154 4530 2280 4597 quia
2310 4531 2452 4585 Deus
2484 4552 2503 4584 ι
2532 4534 2703 4588 iratus
2727 4546 2826 4596 est,
2862 4552 2960 4591 nos
2994 4538 3370 4605 peccavimus;
3408 4557 3425 4588 ι

1864 4618 1944 4669 ira
1975 4628 2256 4684 peccatum
2286 4623 2495 4689 peperit
2528 4640 2539 4675 :
2570 4624 2697 4675 dum
2730 4635 2909 4677 autem
2954 4627 3030 4679 ira
3073 4626 3431 4681 ineluctabilis

1800 4737 1844 4793 υ
1874 4707 1937 4761 ad
1966 4720 2243 4776 peccatum
2276 4714 2565 4782 compellit,
2590 4716 2843 4784 quisnam
2873 4718 3124 4771 resistet?

1940 4798 2301 4863 Quamobrem
2336 4805 2483 4859 nulla
2513 4807 2595 4859 via
2640 4816 2747 4869 est,
2784 4823 2889 4876 qua
2920 4823 3075 4862 sacra
3110 4810 3327 4863 oracula
3366 4810 3431 4863 ad

1868 4887 2182 4955 hujusmodi
2230 4891 2420 4947 deliria
2478 4897 2690 4963 possint
2733 4897 3079 4966 detorqueri;
3130 4900 3429 4967 prmsertim

1865 4992 1988 5032 cum
2024 4980 2129 5033 alia
2161 4990 2326 5050 atque
2353 4984 2456 5037 alia
2481 4986 2590 5039 sint
2618 4986 2944 5041 documenta
2990 4998 3101 5042 tum
3139 4990 3339 5058 ubique
3377 4992 3427 5042 in

1864 5070 2036 5123 sacris
2058 5067 2296 5131 Litteris,
2324 5081 2435 5125 tum
2463 5074 2625 5127 etiam
2652 5077 2793 5145 apud
2820 5078 3067 5131 eumdem
3086 5079 3427 5147 prophetam.

1864 5176 1986 5229 qua:
2030 5163 2365 5217 contrarium
2416 5174 2471 5219 et
2509 5176 2777 5221 testantur
2828 5178 2881 5223 et
2931 5170 3205 5223 evincunt.
3253 5170 3432 5238 Inqult

1862 5252 2005 5303 enim
2044 5268 2058 5303 :
2090 5250 2209 5306 Non
2235 5267 2525 5323 aggravata
2562 5268 2645 5313 est
2679 5260 2829 5314 auris
2859 5260 3000 5330 ejus,
3036 5269 3093 5315 ut
3120 5275 3227 5316 non
3256 5276 3421 5317 exau-

1692 5554 1919 5611 NOTAE.

259 5654 483 5723 (42-28)
517 5655 782 5735 [sm-xxx,
815 5661 866 5721 1,
915 5663 969 5723 2,
1000 5666 1049 5716 5.
1083 5665 1188 5718 Sed
1225 5667 1310 5720 liic
1363 5668 1586 5725 Plintius
1620 5671 1769 5727 Isaia:

179 5738 380 5807 ροιᾷύὲ
411 5735 743 5807 sententi-ani.
776 5748 936 5797 quam
973 5736 1131 5807 verba
1163 5737 1216 5807 in
1255 5737 1429 5789 medio
1463 5742 1631 5807 ponit.

254 5794 380 5859 (ἂν)
422 5794 495 5847 Ex
532 5792 823 5850 Barberino
863 5803 1269 5869 corrrigendntn
1318 5792 1539 5861 omni'no
1591 5792 1755 5877 εύμα·

558 5889 829 5950 Panos.
868 5893 986 5952 (in.
1071 5896 1165 5955 CI.

1878 5677 2150 5764 pias-tabat:
2192 5680 2388 5764 Siupplc
2424 5686 2662 5753 δύναται,
2707 5705 2795 5746 aut
2825 5696 3024 5763 aliquid
3060 5697 3274 5761 simile;
3322 5700 3422 5754 nisi

1872 5749 2029 5832 {Italis
2062 5749 2379 5832 inlinitiruui
2401 5796 2414 5816 ,
2446 5749 2689 5813 ciiiitorta
2738 5749 3123 5832 aliquantulum
3156 5749 3425 5831 συγντάξεῒ,

1871 5815 1935 5867 ad
1961 5818 2251 5871 ἀποδίδωσι
2295 5824 2514 5877 referre.

3110 5929 3183 5985 10
