4202 6442
771 380 872 443 291

1921 379 2195 444 ΡΗΟἹἹΙ
2228 383 2729 450 PATRIARCHA!
2761 391 2872 453 (ΞΡ.

3926 407 4029 471 29!

770 502 883 556 utut
939 510 954 548 :
996 492 1092 550 sed
1127 493 1444 566 iniquitates
1486 505 1686 553 vestra
1718 495 2022 553 diviserunt
2053 497 2202 552 inter
2240 512 2350 564 vos,

2461 500 2600 555 ἀλλά
2626 501 2697 556 τά
2729 507 3109 578 ἁμαρτήματα
3157 507 3317 580 ὑμῶν
3365 510 3644 568 διϊστῶσιν
3705 522 3810 571 ανα
3873 521 4031 587 μέσον

771 591 828 638 ιι
857 582 1026 637 Deum
1059 593 1336 652 vestrum;
1373 596 1428 641 et
1475 597 1696 658 peccata
1725 597 1905 642 vestra
1937 589 2349 647 absconderunt

765 671 960 728 faciem
987 672 1108 743 ejus
1135 689 1167 729 a
1195 675 1368 741 vobis,
1399 692 1468 731 ne
1493 677 1778 733 exaudiret
1804 678 2000 749 (30).»)
2024 677 2211 744 Quare
2235 695 2344 736 non

764 765 893 833 quia
929 765 1070 820 Deus
1121 780 1180 819 se
1210 767 1438 828 avertit.
1467 782 1568 822 nos
1597 782 1925 835 peccamus;
1954 782 2053 822 nec
2093 768 2226 837 quia
2259 769 2350 826 ille

765 855 1027 922 praeterit,
1053 866 1108 909 et
1137 871 1245 910 non
1273 859 1520 923 exaudit,
1544 867 1765 928 peccata
1795 860 1848 912 in
1875 859 2034 914 nobis
2064 859 2350 914 dominano

765 953 855 998 tur
883 962 899 998 :
933 945 1028 998 sed
1056 947 1187 1016 quia
1223 961 1534 1016 peccamus,
1565 957 1621 1004 et
1648 950 2042 1018 delinquimus.
2095 948 2240 1006 Deus
2294 959 2349 1006 et

767 1036 964 1089 avertit
989 1050 1069 1103 se,
1101 1048 1156 1091 et
1181 1039 1462 1104 irascitur,
1489 1050 1548 1096 et
1579 1055 1680 1096 nos
1719 1042 2071 1111 derelinquit.
2122 1040 2189 1096 Et
2227 1057 2350 1097 rur-

768 1141 866 1183 sus
900 1146 914 1181 :
952 1128 1403 1197 Exspectavimus
1427 1131 1719 1201 judicium,
1746 1140 1803 1186 et
1819 1147 1926 1186 non
1952 1142 2068 1198 est;
2091 1133 2346 1200 salutem,

770 1226 826 1272 et
864 1216 1115 1287 elongata
1164 1227 1249 1274 est
1285 1234 1316 1273 a
1346 1220 1529 1276 nobis.
1580 1238 1600 1272 ι
1645 1220 1786 1288 Quid
1821 1226 1893 1276 ita
1915 1222 1940 1274 τ
1977 1221 2350 1294 Multiplicatc

768 1315 901 1364 sunt
932 1309 1078 1364 enim
1115 1309 1430 1380 iniquitates
1456 1321 1661 1369 nostra
1701 1328 1886 1368 coram
1921 1321 1997 1379 te,
2035 1324 2091 1368 et
2121 1324 2347 1384 peccata

768 1410 959 1455 nostra
990 1402 1393 1472 responderunt
1411 1403 1604 1470 nobis;
1631 1405 1759 1476 quia
1789 1406 1996 1461 scelera
2026 1415 2215 1462 nostra
2244 1420 2347 1462 no-

769 1491 1006 1559 biscum,
1061 1502 1117 1548 ct
1153 1495 1469 1564 iniquitates
1517 1507 1737 1552 nostras
1788 1499 2189 1569 cognovimus:
2223 1513 2349 1569 pec-

767 1599 916 1648 care,
945 1594 1001 1639 et
1032 1585 1253 1640 mentiri
1275 1595 1465 1641 contra
1488 1587 1820 1656 Dominum;
1850 1599 1906 1644 et
1924 1589 2102 1646 aversi
2133 1605 2345 1657 sumus,

770 1688 838 1727 ne
869 1674 1074 1729 iremus
1107 1684 1227 1744 post
1257 1684 1472 1744 tergum
1510 1676 1603 1733 Dei
1633 1678 1807 1735 nostri
1836 1679 1904 1732 “.
1939 1698 1960 1732 ι

841 1851 1017 1922 Atque
1061 1851 1377 1924 bujusmodi
1436 1855 1695 1926 loquendi
1737 1858 1919 1915 modis
1974 1867 2184 1915 sentem
2229 1869 2344 1915 tum

2517 1851 2856 1950 Καὶ-*πλήρη
2882 1879 2990 1933 τῶν
3042 1883 3303 1938 τοιούτων

769 1941 982 1999 Veteris
1029 1944 1369 2001 Testamenti
1418 1947 1703 2015 doctrina,
1755 1957 1872 2004 tum
1923 1966 2022 2017 ea,
2063 1951 2119 2006 in
2149 1951 2349 2021 quibus

770 2033 942 2101 gratia
984 2033 1299 2089 innovatur.
1331 2034 1434 2090 Ubi
1462 2051 1595 2107 ergo
1622 2046 1770 2094 esset
1799 2041 2087 2109 sapientia,
2115 2050 2169 2094 et
2190 2040 2347 2096 intelo

771 2123 1024 2194 ligentia,
1077 2125 1124 2180 si
1169 2125 1286 2196 ipsa
1315 2127 1480 2182 modo
1509 2128 1728 2198 quidem
1758 2130 1999 2195 doceret,
2031 2133 2178 2201 qund
2225 2146 2352 2201 pec-

769 2215 876 2270 cati
908 2216 1105 2278 nostri,
1131 2228 1188 2271 et
1213 2217 1536 2274 aversiones
1557 2220 1756 2276 divinae
1787 2237 1954 2277 causa
1996 2224 2069 2278 sit
2106 2223 2199 2278 Dei
2231 2224 2346 2289 ira;

770 2306 936 2361 modo
958 2318 1166 2375 autem,
1199 2310 1343 2379 quod
1383 2319 1668 2381 peccatum
1711 2314 1887 2383 pariat
1915 2315 2261 2370 aversionern
2294 2322 2352 2370 et

773 2396 909 2448 iram
934 2393 958 2446 τ

840 2484 912 2539 At
944 2485 1136 2540 istbzec
1155 2488 1568 2554 commentatio,
1591 2496 1645 2544 et
1657 2488 2162 2547 considerationem
2188 2492 2350 2549 indu-

772 2576 906 2631 stria
936 2576 1241 2633 luculenter
1272 2578 1492 2650 quidem
1521 2583 1777 2650 exposuit
1820 2583 2107 2640 oraculum
2149 2599 2352 2656 propo-

772 2667 938 2722 situm
965 2683 1074 2722 non
1101 2669 1414 2734 ostendere,
1447 2673 1593 2742 quod
1625 2672 1705 2729 ira
1733 2683 2015 2744 peccatum
2046 2677 2346 2746 producat;

770 2760 903 2830 quid
947 2769 1130 2816 autem
1167 2761 1346 2832 ipsum
1379 2765 1669 2821 oraculum
1715 2766 1929 2831 innuat,
1961 2768 2202 2823 nondum
2229 2783 2352 2839 per-

782 2853 962 2923 spicue
991 2853 1311 2910 declaravit.
1343 2855 1533 2911 Altero
1565 2859 1749 2928 itaque
1790 2859 2149 2928 expositionis
2189 2860 2350 2916 modo

775 2951 1017 3005 utamur,
1055 2953 1292 3012 oportet,
1329 2960 1393 3000 ac
1426 2945 1663 3003 fortasse
1688 2962 1754 3003 ea
1784 2949 1950 3003 verba
1979 2949 2081 3003 hoc
2111 2950 2218 3005 sibi
2252 2967 2346 3005 vo-

776 3037 894 3090 lunt
929 3052 944 3089 :
985 3054 1005 3087 ι
1040 3034 1158 3091 lras
1210 3038 1436 3107 quidem
1480 3039 1700 3094 aliunde
1724 3040 1778 3094 in
1822 3055 1925 3096 nos
1967 3041 2231 3098 excitatas
2260 3053 2350 3098 tua

774 3127 1107 3197 propulsavit
1134 3129 1424 3184 clementia
1463 3145 1530 3185 ac
1566 3131 1944 3188 misericordia
1975 3149 2190 3204 :quare
2217 3133 2347 3190 dum

773 3217 934 3272 nobis
983 3232 1142 3272 errur
1181 3218 1550 3288 impendebat,
1583 3220 1824 3292 dumque
1858 3221 2206 3293 insurgentes
2252 3226 2350 3279 ho-

2457 3217 2808 3307 συμπάθειαο
2865 3242 2947 3297 διὸ
2981 3245 3078 3299 καὶ
3119 3217 3390 3320 ἀμαρτείν

772 3319 883 3365 stes
911 3309 1192 3364 irruebant
1221 3311 1275 3365 in
1309 3325 1432 3373 nos.
1467 3320 1526 3366 ut
1551 3311 1633 3367 eis
1667 3323 1854 3368 nostra
1883 3313 2020 3368 ultio
2042 3317 2351 3370 committe-

789 3410 953 3465 ‘etur;
1008 3401 1347 3470 pmeniens
1382 3411 1474 3456 tua
1513 3402 1709 3472 gratia,
1746 3413 1909 3473 atque
1952 3405 2259 3474 benignitas
2299 3415 2355 3462 ct

813 3495 994 3564 isjecit
1027 3495 1245 3550 illorum
1282 3497 1598 3562 consilium,
1630 3504 1684 3550 et
1717 3512 1818 3551 nos
1865 3507 1973 3552 tam
2005 3499 2075 3552 ab
2108 3500 2351 3568 ipsorum

779 3593 1004 3653 inpetu,
1030 3599 1194 3653 quam
1216 3600 1246 3638 a
1277 3594 1468 3641 nostro
1497 3600 1688 3641 errore
1708 3588 1932 3657 eripuit.
1960 3587 2115 3643 Nunc
2144 3597 2350 3650 autem.

782 3680 1069 3743 postquam
1101 3674 1238 3728 nihil
1268 3674 1577 3745 huiusmodi
1606 3691 1637 3730 a
1673 3686 1765 3730 tua
1803 3677 2142 3745 providentia
2176 3678 2354 3748 dispo-

781 3765 950 3819 situm
980 3766 1340 3833 conspicitur,
1380 3768 1476 3822 sed
1507 3782 1606 3836 pro
1649 3776 1740 3823 tua
1776 3769 2110 3840 benignitate
2158 3779 2213 3825 et
2244 3771 2355 3827 cle-

777 3858 981 3912 mentia
1011 3859 1248 3930 insurgit
1279 3859 1397 3925 ira;
1431 3859 1551 3914 sine
1591 3860 2001 3930 impedimento,
2037 3871 2227 3931 utpote
2258 3879 2352 3919 ue-

777 3948 923 4003 mine
957 3949 1305 4018 prohibente,
1356 3951 1630 4020 sequitur,
1673 3959 1735 4006 ut
1789 3965 1892 4006 nos
1923 3966 2193 4008 erremus.
2237 3953 2354 4009 lllic

775 4039 922 4094 enim
952 4041 1123 4094 multa
1147 4051 1308 4095 erant
1332 4042 1529 4097 salutis
1557 4050 1762 4096 nostra:
1790 4041 2058 4112 perfugia,
2099 4044 2230 4113 quia
2260 4055 2353 4100 tua

777 4131 1057 4187 miseratio
1095 4141 1152 4188 et
1189 4133 1530 4202 providentia
1574 4141 1818 4189 nostram
1859 4134 2082 4203 regebat
2108 4134 2354 4190 imbecil-

777 4223 981 4277 litatem
1015 4239 1030 4277 :
1064 4221 1154 4277 hic
1203 4235 1409 4289 autem,
1465 4223 1596 4294 quia
1645 4223 1726 4277 ira
1771 4238 1869 4293 per
1923 4233 2174 4279 nostrum
2221 4239 2354 4296 erga

776 4314 907 4370 vitia
939 4313 1191 4370 ardorem
1223 4315 1449 4370 incensa
1477 4325 1583 4382 est,
1613 4324 1671 4370 et
1700 4331 1864 4370 nemo
1903 4316 2166 4385 impetum
2197 4332 2354 4373 coer-

775 4409 884 4464 cet,
933 4403 1035 4472 ipsi
1085 4404 1290 4459 nostris
1319 4404 1568 4461 consiliis
1599 4405 1656 4460 in
1697 4404 1870 4474 ipsam
1901 4407 2110 4477 peccati
2139 4405 2352 4464 foveam

778 4493 1019 4564 prolapsi
1044 4509 1258 4552 sumus.
1305 4513 1326 4547 ι

845 4673 1116 4729 Ceterum
1167 4683 1459 4745 postquam
1497 4673 1610 4741 ille,
1663 4675 1757 4746 qui
1791 4682 2010 4741 cuncta,
2039 4685 2097 4732 et
2137 4674 2358 4746 quidem

780 4764 978 4820 melius
1006 4775 1134 4821 ante
1179 4767 1541 4830 creationem,
1574 4781 1741 4835 quam
1775 4767 1822 4820 si
1868 4777 2052 4821 creata
2103 4766 2358 4830 fuissent,

779 4857 1049 4927 pravidit,
1098 4857 1270 4912 animi
1299 4866 1354 4912 et
1405 4859 1622 4914 consilii
1677 4859 1850 4913 nostri
1903 4860 2224 4929 pravitatem
2275 4865 2357 4916 tn-

775 4957 1034 5018 corrupta
1065 4950 1392 5020 expenderit
1415 4950 1655 5021 justitia,
1705 4950 1958 5020 iramque
1997 4967 2123 5006 cum
2146 4952 2356 5023 judicio

777 5039 1146 5110 coniunxerit,
1197 5050 1254 5096 et
1302 5043 1513 5112 peccati
1551 5056 1769 5113 pmnam
1807 5043 2187 5112 constituerit;
2223 5045 2352 5100 dum

777 5131 961 5185 divina
997 5132 1285 5189 clementia
1325 5149 1390 5188 ac
1420 5134 1727 5205 benignitas
1753 5135 1827 5188 ita
1861 5135 1916 5188 in
1947 5149 2046 5189 nos
2072 5151 2132 5191 se
2169 5136 2351 5204 habet,

777 5221 902 5289 quis
955 5223 1238 5279 decretum
1287 5239 1568 5290 revocare,
1618 5223 1742 5293 quis
1791 5223 2080 5280 adversam
2134 5235 2355 5280 senten-

779 5316 907 5367 tiam
938 5325 1181 5386 tempore
1208 5318 1378 5373 lenire
1415 5316 1655 5388 poterit?
1678 5315 1824 5385 quod
1850 5316 2070 5386 quidem
2097 5316 2172 5373 ibi
2218 5333 2352 5373 con-

842 5448 887 5479 "
927 5450 1029 5505 lsa.
1063 5468 1173 5512 ιιι,
1210 5453 1294 5518 ΙΙ,
1333 5454 1532 5515 12,13.

2456 591 2633 662 ὑμῶν,
2663 596 2761 650 καὶ
2797 596 2904 651 ἀνά
2939 597 3106 668 μέσον
3137 599 3232 655 τοῦ
3261 594 3399 657 Θεοῦ
3429 620 3443 635 ·
3475 606 3572 659 καὶ
3606 605 3696 660 διὰ
3719 607 3823 671 τάς
3855 609 4034 676 ἁμαρ·

2452 683 2574 745 τίας
2617 685 2772 755 ὑμῶν
2833 689 3145 759 ἀπέστρεψε
3174 691 3238 745 τὸ
3269 695 3565 765 πρόσωπον
3597 695 3764 750 αὐτοῦ
3830 698 3929 750 τοῦ
3964 701 4034 770 μὴ

2452 775 2692 844 ἐλεῆσαι.
2725 796 2746 831 ι
2791 779 2952 833 Ὥστε
2997 782 3101 836 οὐκ
3131 786 3195 837 ὲκ
3220 785 3324 853 τῆς
3385 786 3535 851 θείας
3586 791 3946 860 ἀποστροφῆς
3977 792 4034 843 τὸ

2450 865 2788 935 ἁμαρτάνειν
2846 872 3032 939 ἡμᾶς·
3082 875 3206 928 οὐδὲ
3233 876 3300 929 έκ
3322 876 3419 930 τοῦ
3477 882 3760 949 παρορᾷν,
3811 883 3908 932 καὶ
3962 884 4033 947 μὴ

2457 957 2706 1025 ἀκούειν,
2757 960 2868 1015 τῶν
2918 963 3609 1039 ἀμαρτημάτωνήίσχύς’
3662 972 3779 1024 ἀλλ’
3839 972 3903 1037 ἐξ
3959 967 4033 1024 ὧν

2449 1048 2860 1121 ἀμαρτάνομεν,
2895 1055 2990 1107 καὶ
3021 1054 3474 1128 πλημμελοῦμεν,
3501 1062 3596 1112 καὶ
3616 1062 3650 1131 ἡ
3681 1063 4030 1134 ἀποστροφὴ,

2450 1141 2590 1211 καὶὴ
2617 1142 2776 1214 ὁρτὴ,
2798 1147 2893 1199 καὶ
2919 1148 2953 1217 ἠ
2983 1148 3372 1219 έγκατάλειψις
3393 1151 3489 1204 τοῦ
3512 1152 3673 1207 Θεοῦ.
3706 1156 3821 1208 Καὶ
3843 1157 4027 1211 πάλιν·

2457 1250 2477 1284 ι
2510 1232 2900 1307 ’Λνεμείναμεν
2946 1239 3151 1310 κρίσιν,
3187 1243 3283 1296 καὶ
3312 1243 3415 1297 οὐκ
3443 1244 3561 1297 εστι
3600 1248 3872 1316 σωτηρία.
3918 1265 4025 1318 μα-

2450 1324 2588 1395 κράν
2651 1328 2963 1399 ἀφέστηκεν
3008 1333 3103 1402 ἀφ’
3133 1333 3310 1405 ἡμῶν.
3339 1355 3358 1388 ι
3403 1337 3504 1391 Διά
3535 1337 3625 1402 τίς
3669 1359 3687 1391 ι
3712 1339 3894 1409 Πολλὴ
3927 1358 4029 1414 γαρ

2449 1418 2608 1489 ἡμῶν
2631 1421 2667 1490 ἠ
2693 1422 2895 1492 ἀνομία
2923 1425 3168 1479 έναντίον
3199 1443 3318 1491 σου,
3347 1430 3444 1483 καὶ
3474 1432 3533 1484 αί
3559 1431 3834 1501 ἁμαρτίαι
3877 1435 4031 1501 ἡμῶν

2448 1511 2786 1583 ἀντέστησαν
2833 1517 3081 1584 ήμϊνάί
3115 1518 3225 1588 γάρ
3285 1520 3509 1590 ἀνομίαι
3564 1522 3724 1591 ἡμῶν
3747 1525 3809 1576 ὲν
3872 1526 4024 1594 ἡμῖν,

2449 1602 2547 1679 καὶ
2596 1604 2669 1658 τά
2718 1606 3033 1678 ἀδικήματα
3091 1609 3248 1681 ἡμῶν
3308 1611 3594 1683 έγνωμεν·
3645 1615 4027 1686 ἠσεϐήσαμεν.

2449 1695 2546 1748 καὶ
2597 1694 2949 1768 έψευσάμεθα
2975 1715 2990 1732 °
3025 1701 3122 1755 καὶ
3171 1702 3493 1776 ἀπέστημεν
3537 1707 3646 1760 ἀπὺ
3685 1707 3917 1761 θπισθεν
3940 1709 4028 1763 τοῦ

2449 1781 2588 1838 Θεοῦ
2615 1786 2648 1854 ἠ
2655 1786 2793 1855 μῶν.
2819 1807 2837 1840 ι

3351 1886 3606 1958 χρήσεων
3625 1887 3696 1943 τά
3719 1906 3781 1943 τε
3805 1890 4021 1945 Παλαιὰ

2448 1967 2783 2039 Μαθηματα,
2833 1972 2926 2026 καὶ
2945 1973 3006 2026 έν
3030 1969 3114 2039 οἷς
3146 1976 3180 2046 ἡ
3215 1977 3373 2047 χάρις
3421 1979 3858 2047 ἀνακαινίζεται.
3921 1981 4027 2036 Ποῦ

2447 2055 2628 2109 τοίνυν
2659 2058 2872 2127 σοφίας,
2933 2060 3031 2115 καὶ
3093 2063 3386 2129 συνέσεως,
3445 2071 3548 2131 τῆς
3587 2070 3754 2138 αὐτῆς
3783 2070 3886 2123 νῦν
3927 2072 4023 2140 μὲν

2447 2143 2825 2219 διδασκούσης,
2867 2151 2944 2214 ὡς
2973 2150 3058 2223 εἴη
3083 2151 3186 2223 τῆς
3217 2155 3517 2226 ἁμαρτίας,
3555 2161 3650 2212 καὶ
3680 2161 4028 2230 ἀποστροφῆς

2449 2238 2622 2291 αίτιον
2643 2240 2677 2309 η
2699 2239 2838 2312 ὀργή
2863 2256 2878 2269 ·
2920 2242 3016 2295 νῦν
3039 2243 3098 2298 δέ
3129 2245 3229 2315 τὴν
3259 2249 3636 2322 ἀποστροφὴν,
3666 2252 3764 2306 καὶ
3793 2253 3900 2323 τὴν
3930 2254 4024 2324 όρ-

2449 2328 2554 2399 γὴν
2577 2329 2681 2402 τὴν
2711 2332 2988 2404 ἁμαρτίαν
3011 2335 3314 2392 ἀποστελεῖν.

2534 2508 2676 2562 Ἀλλ’
2723 2510 2867 2583 αὕτη
2929 2515 3028 2585 μὲν
3059 2517 3094 2586 η
3120 2517 3485 2586 συνεξέτασις,
3537 2523 3634 2576 καὶ
3700 2523 3902 2596 μελέτη
3925 2524 4032 2579 τῦν

2450 2597 2753 2672 λογισμῶν,
2777 2604 2860 2658 ότι
2887 2606 2987 2678 μιν
3018 2608 3082 2663 ού
3110 2608 3264 2679 δηλοῖ
3281 2611 3344 2666 τὸ
3369 2613 3568 2681 Δότιον
3595 2615 4029 2688 κατάρχειν,τῆς

2451 2690 2728 2763 ἁμαρτίας
2758 2695 2859 2766 τὴν
2882 2697 3076 2769 ὁρτὴν,
3121 2703 3436 2772 παρέστησε
3470 2704 3778 2774 τηλαυγῶς·
3807 2710 3864 2760 τί
3903 2726 4028 2763 ποτε

2449 2781 2508 2835 δέ
2528 2784 2646 2837 έστι
2669 2785 2732 2838 τὸ
2757 2787 3086 2861 δηλούμενον
3113 2793 3204 2847 ὑπ’
3234 2794 3426 2861 αὑτοῦ,
3474 2797 3659 2851 οὐκέτι
3702 2801 3906 2869 ὁμοίιος
3934 2801 4033 2854 ὑπ-

2451 2872 2653 2939 έδειξεν
2696 2878 2974 2948 έμφανῶς.
3023 2883 3236 2938 Οὐκοῦν
3286 2886 3389 2956 τῆς
3449 2889 3643 2960 έτέρας
3685 2891 4032 2961 έπισκέψεως

2451 2963 2652 3032 τρόπον
2682 2969 2715 3036 ἡ
2749 2970 2909 3039 χρεία
2955 2973 3285 3044 παρακαλεί,
3347 2978 3442 3031 καὶ
3498 2980 3629 3043 ἴσως
3659 2981 3728 3034 ἀν
3758 2981 3937 3036 ἐθέλοι
3964 2983 4031 3036 τά

2451 3049 2607 3120 λόγια
2654 3053 2879 3124 δηλοῦνο
2911 3078 2931 3112 ι
2953 3059 3042 3124 ὀς
3072 3062 3172 3127 τὰς
3219 3065 3318 3133 μὲν
3373 3066 3667 3138 ἀλλαχόθεν
3705 3073 4031 3142 κινουμένας

2453 3143 2624 3214 όργάς
2652 3148 2685 3217 η
2717 3149 2785 3219 σὴ
2843 3150 3105 3217 πολλάκις
3157 3156 3390 3226 ἀνέκυψε
3450 3160 3834 3232 φιλανθρωπία
3863 3206 3877 3230 ,
3940 3165 4032 3218 καὶ

3444 3252 3603 3322 ἡμῶν
3651 3254 4031 3324 προθεμένων,

2454 3329 2548 3382 καλ⁸
2573 3330 2674 3400 τὴν
2715 3332 2930 3403 ἀμυναν
2983 3337 3305 3408 έπιτρέπειν
3363 3343 3598 3408 έαυτοτς,
3650 3348 3708 3398 έν
3769 3347 3851 3416 τῷ
3905 3350 4030 3412 τοὺς

2453 3419 2916 3492 έπανισταμένους
2929 3426 3052 3480 καθ’
3069 3429 3227 3499 ὴμῶν
3237 3431 3520 3504 φέρεσθαι,
3536 3438 3567 3505 η
3584 3436 3648 3505 σὴ
3666 3440 4032 3508 προφθάσασα

2453 3511 2636 3581 χάρις.
2687 3515 2782 3568 καὶ
2830 3517 3091 3587 εὐμένεια
3118 3522 3215 3573 καὶ
3247 3523 3348 3593 τὴν
3409 3524 3634 3578 έκείνων
3679 3527 3928 3581 ἐπίνοιαν
3957 3530 4034 3584 θι-

2453 3603 2737 3691 εσκέδασε,
2784 3608 2880 3661 καὶ
2899 3610 3050 3679 ἡμᾶς
3079 3612 3349 3684 ἑκατέρας
3375 3615 3576 3685 ὁρμῆς,
3627 3619 3722 3672 καὶ
3755 3621 4033 3691 ἁμαρτίας

2453 3690 2751 3764 ἐξήρπασε.
2769 3695 2886 3750 Νῦν
2905 3697 2962 3752 δέ
2988 3700 3178 3770 ἐπειδὴ
3219 3703 3386 3773 μηδὲν
3404 3705 3598 3775 ὁρᾶται
3613 3708 3858 3762 τοιοῦτον
3883 3690 4032 3781 παρά

2452 3782 2553 3852 τῆς
2582 3785 2683 3854 σῆς
2716 3788 2975 3857 προνοίας
3002 3791 3476 3862 οίκονομούμενον·
3501 3797 3619 3850 ἀλλ’
3647 3800 3755 3851 ἀπὸ
3777 3799 3884 3869 τῆς
3934 3801 4032 3872 σῆς

2451 3874 2806 3948 ἁγαθότητος,
2833 3881 2928 3933 καὶ
2951 3880 3412 3956 φιλανθρωπίαςή
3443 3888 3581 3959 ὀργή
3607 3905 3620 3918 ·
3646 3890 3740 3942 καὶ
3761 3891 3824 3943 τὸ
3849 3893 4032 3962 ἀμαρ-

2450 3968 2566 4020 τείν
2607 3969 2777 4038 ἡμᾶς.
2821 3971 2898 4036 ὼς
2947 3973 3177 4044 μηδενὸς
3231 3977 3673 4045 ἀναστέλλοντος,
3733 3981 4032 4046 ἀκωλύτως

2452 4053 2663 4113 ῑπεται.
2729 4060 2877 4113 Ἐκεῖ
2914 4062 3014 4132 μιν
3038 4063 3147 4134 γὰρ
3182 4065 3376 4119 πολλαὶ
3414 4067 3512 4136 τῆς
3553 4071 3835 4139 ἡμετέρας
3859 4088 4032 4142 σωτη-

2454 4145 2576 4217 ρίας
2604 4151 2660 4202 αί
2691 4150 2960 4222 ἀφορμαὶ,
2995 4155 3094 4224 τῆς
3117 4155 3218 4225 σῆς
3246 4157 3606 4226 συμπαθείας,
3643 4161 3735 4212 καὶ
3773 4163 4032 4228 προνοίας

2453 4239 2785 4310 συνεχούσης
2804 4243 2962 4313 ἡμῶν
2991 4245 3052 4298 τὸ
3075 4246 3350 4301 εὐόλισθον
3371 4263 3386 4277 ⁶
3405 4248 3828 4321 ὲνταῦθαδδτῆς
3861 4252 4032 4321 ὀργῆς

2452 4329 2518 4382 έκ
2541 4329 2643 4398 τῆς
2670 4332 2829 4401 ἡμῶν
2860 4335 2999 4405 πρὸς
3017 4336 3088 4390 τά
3111 4336 3258 4408 πάθη
3288 4338 3590 4410 πυρώσεως
3620 4342 4034 4414 ἀναρριπισθείο

2455 4435 2576 4488 σης,
2641 4422 2737 4474 καὶ
2785 4425 3013 4493 μηδενὸς
3043 4427 3143 4496 τὴν
3169 4427 3344 4498 φορὰν
3375 4430 3684 4500 έπέχοντος,
3739 4433 3929 4496 αὐτοῖς
3948 4434 4030 4484 λο-

2384 4549 2432 4606 D
2456 4511 2676 4578 γισμοῖς
2706 4513 2786 4575 είς
2819 4513 2982 4567 αὑτὸν
3001 4515 3093 4568 τὸν
3120 4517 3220 4587 τῆς
3247 4519 3524 4590 ἁμαρτίας
3550 4521 3772 4591 βόθυνον
3801 4522 4034 4591 ὡλισθήο

2460 4613 2656 4667 σαμεν.
2678 4619 2698 4652 ι

2531 4690 2742 4754 Ἄλλως
2791 4711 2853 4748 τε
2905 4695 2963 4749 δέ
3013 4696 3237 4752 έπειδάν
3279 4699 3313 4753 ὁ
3350 4699 3534 4755 πάντα
3588 4702 3880 4775 προειδὼς,
3943 4705 4034 4759 καὶ

2456 4783 2722 4852 κρεῖττον,
2757 4784 2892 4856 ἢὼς
2916 4789 3199 4857 γεγονότα,
3233 4791 3340 4861 πρὸ
3371 4792 3660 4861 γενέσεως,
3683 4796 3745 4849 τὸ
3771 4795 3877 4866 τῆς
3903 4797 4034 4866 γνώ-

2457 4887 2567 4941 μης
2595 4873 2822 4942 φαῦλον,
2849 4878 2947 4932 καὶ
2970 4880 3070 4951 τῆς
3110 4880 3342 4954 μελέτης
3370 4886 3436 4955 τῇ
3458 4884 3740 4958 ἀδεκάστῳ
3760 4885 4030 4955 ζυγοστα-

2454 4961 2594 5037 τήσῃ
2614 4963 2760 5038 δίκῃ.
2790 4967 2885 5021 καὶ
2907 4969 3007 5040 τὴν
3028 4971 3198 5042 ὀργὴν
3233 4972 3445 5044 συνάψῃ
3475 4977 3542 5050 τῇ
3575 4975 3778 5046 κρίσει,
3810 4979 3908 5034 καὶ
3937 4976 4032 5048 τὴν

2451 5050 2688 5124 ἀμοιϐὴν
2733 5057 2891 5132 ὁρίσῃ
2921 5059 3016 5113 τοῦ
3052 5062 3481 5134 ἁμαρτήματοςο
3511 5065 3658 5119 οὕτω
3711 5068 3813 5137 τῆς
3847 5069 4034 5136 φιλαν-

2453 5139 2721 5212 θρωπίας,
2776 5152 2872 5203 καὶ
2929 5152 3268 5230 ἀγαθότητος
3312 5157 3445 5227 περὶ
3477 5159 3623 5228 ἡμᾶς
3656 5159 4030 5228 διακειμένης.

2449 5232 2536 5297 τίς
2564 5237 2664 5305 μὶν
2709 5241 3024 5298 ἀναστεῖλαι
3052 5245 3151 5316 τὴν
3177 5247 3380 5320 ψῆφον,
3415 5248 3501 5314 τίς
3521 5250 3580 5304 δὲ
3610 5250 3710 5323 τὴν
3757 5251 4032 5320 ἀπόφασιν

2453 5327 2633 5398 χρόνῳ
2657 5331 2899 5402 πραῧναι
2923 5336 3233 5409 δυνήσεται·
3267 5342 3406 5408 ὅπερ
3431 5343 3622 5397 είωθεν
3645 5345 3923 5418 ἀπαντᾷν,
3948 5343 4030 5413 ἐφ’

2287 5599 2518 5656 NOTAE.

842 5703 1108 5799 (Epig-Isin
1154 5721 1265 5770 ιιι,
1310 5705 1334 5758 l
1371 5709 1508 5764 4.12.
1556 5709 1612 5763 lu
1649 5711 1750 5765 hoc
1793 5718 1971 5766 autem
2018 5726 2070 5765 et
2108 5713 2353 5779 sequenti
2398 5713 2551 5769 Isaim
2591 5718 2712 5773 loco
2744 5721 2966 5776 letius
3031 5723 3432 5789 LXXviraleni,
3461 5742 3564 5797 ego
3603 5727 3886 5799 Vulgatam
3912 5748 4026 5786 ver-

773 5771 982 5829 nonem
1021 5775 1088 5828 de
1117 5791 1271 5830 mure
1296 5792 1512 5846 sequar.
