4202 6442
1170 433 1269 490 ΑΙ)
1306 427 1890 490 ΛΜΡΗιιΟοΗιυΜ
1928 423 2273 497 ΟΗΕΞΤῙΟ
2330 424 2513 484 XLII.

3319 428 3426 491 ΞΜ

194 532 277 588 ὧν
315 538 351 604 ἡ
376 534 513 606 όργὴ
540 535 914 605 προλαμϐάνει
964 536 1056 587 τὸν
1116 538 1304 605 χρόνον
1359 536 1459 603 τῆς
1491 536 1761 605 κρίσεως;
1795 544 1837 594 Α

1795 544 1837 594 Α
1866 532 2074 603 tingere
2118 532 2295 593 solet,
2352 530 2442 584 ubi
2478 528 2668 598 judicii
2727 538 2941 599 tempus
2992 532 3071 586 ira
3116 538 3423 592 antevertit.

196 627 413 680 οὐκοῦν
438 628 537 697 τὴν
566 627 665 695 μὲν
697 628 913 695 κίνησιν
930 629 1029 696 τῆς
1046 627 1214 695 ὀργῆς
1249 628 1346 679 καὶ
1383 625 1525 679 κατὰ
1546 624 1761 693 σχολὴν,

198 720 295 770 καὶ
313 718 544 785 μελέτην
562 718 672 770 τῶν
704 718 955 787 πονηρῶν
980 717 1135 786 ἡμῶν
1160 718 1511 785 ἐνθυμήσεων
1537 714 1767 782 παροξύ-

196 823 283 858 νει
337 806 564 873 πρόοδος
591 820 607 835 ο
639 807 673 875 ἡ
710 806 768 858 δὶ
793 806 1001 857 ἐκεῖθεν
1052 804 1385 874 τολμηθεῖσα
1434 803 1633 874 πρᾶξις
1665 806 1765 865 τὰς

198 898 265 949 ἐκ
304 898 403 964 τῆς
446 896 619 963 ὀργῆς
668 896 1045 965 τιμωρητικὰς
1072 896 1286 964 ψήφους
1334 895 1763 965 προύκαλέσατο.

198 987 315 1037 Καὶ
367 985 547 1053 δῆλον,
576 985 650 1047 ὡς
675 985 738 1037 τὸ
757 986 1110 1054 ἀδυσώπητον
1146 986 1243 1053 τῆς
1287 987 1477 1055 ὀργῆς,
1508 987 1604 1038 καὶ
1632 988 1767 1053 ἁμε-

195 1077 525 1141 τάτρεπτον,
553 1074 649 1126 καὶ
671 1075 946 1126 ἀκώλυτον
971 1076 1000 1126 ὀ
1029 1074 1377 1142 Ἱεροφάντης
1411 1075 1766 1141 παραστῆσαι

202 1165 546 1232 βουλόμενος,
587 1163 661 1225 ὡς
690 1164 1006 1232 σύνδρομον,
1054 1166 1151 1217 καὶ
1184 1164 1494 1233 προφθάνον
1518 1164 1596 1233 τῷ
1624 1165 1770 1235 λόγῳ

196 1254 468 1308 διέλαϐεν.
512 1254 575 1307 Ἦ
603 1254 711 1325 γὰρ
766 1254 876 1307 τῶν
931 1254 1255 1323 φθασάντων
1315 1254 1613 1318 κολάσεων,
1674 1256 1771 1308 καὶ

195 1348 504 1416 τιμωριῶν,
528 1347 615 1413 ιφ·
640 1342 721 1408 οἷς
752 1346 1095 1416 ἡμάρτομεν,
1144 1346 1348 1416 κρίσις,
1379 1347 1477 1398 καὶ
1527 1345 1665 1414 όργὴ
1693 1344 1771 1412 τῷ

198 1438 492 1507 ἀκωλύτῳ,
523 1438 616 1491 καὶ
642 1438 920 1508 ἁτρόπτῳ,
950 1439 1047 1490 καὶ
1068 1436 1413 1508 ἀδυσωπήτῳ
1435 1438 1769 1506 συναπαρ⁴ιεί⁹

199 1528 359 1592 ζεται
395 1528 492 1582 καὶ
520 1529 857 1599 περαίνεται.

270 1703 341 1759 Et
364 1704 543 1773 βούλει
566 1704 646 1770 δι,
700 1705 801 1759 καὶ
850 1706 987 1759 διότι
1015 1704 1077 1758 τὸ
1100 1706 1201 1776 τῆς
1244 1706 1414 1777 ὀργῆς
1468 1705 1687 1766 πάντως
1713 1706 1773 1758 ἐν

198 1797 386 1865 κρίσει
410 1794 634 1865 νῦνμὶν
664 1795 929 1865 ὁρίζεται.
966 1796 1062 1849 νῦν
1085 1795 1142 1849 δι
1162 1797 1273 1850 τῶν
1317 1797 1512 1865 ψήφων
1566 1795 1773 1866 ἐξενεχ-

198 1861 408 1938 θέντων
446 1861 713 1953 είςνεργον
740 1884 1061 1952 προάγεται,
1092 1885 1153 1935 τὺ
1182 1883 1281 1953 μὲν
1325 1861 1671 1952 πινουμινης,
1798 1861 1842 1917 Β

196 1977 257 2031 δὲ
291 1976 807 2047 πεπραγμένηςτῆς
828 1975 1122 2045 ἁμαρτίας,
1146 1976 1312 2043 φησίν
1345 1989 1361 2004 σ
1394 1992 1414 2025 ι
1457 1972 1766 2043 Ὼργίσθης,

196 2070 297 2120 καὶ
322 2068 486 2136 ἡμεῖς
538 2066 878 2135 ἡμάρτομεν.
912 2085 929 2118 ι
987 2064 1479 2135 Ἐπιμεριζομένης
1517 2064 1627 2135 γάρ
1665 2064 1767 2133 τῆς

194 2158 391 2228 όργῆς,
446 2158 539 2209 καὶ
571 2158 707 2225 πρὸς
730 2158 790 2209 τὸ
813 2157 990 2209 διττόν
1046 2155 1504 2224 διατυπουμένης,
1553 2152 1773 2220 καὶτῆς

200 2249 305 2317 μὲν
326 2251 385 2299 ὲν
405 2248 484 2316 τῷ
512 2248 775 2300 κινεῖσθαι
793 2250 892 2318 τὴν
916 2248 1214 2317 ἁμαρτίαν,
1239 2247 1339 2315 τῆς
1365 2245 1423 2298 δι
1450 2246 1510 2298 ιν
1539 2245 1620 2313 τῷ
1645 2244 1771 2296 τολ-

199 2337 410 2408 μᾶσθαι
465 2338 918 2408 θεωρουμένης,ἡ
954 2338 1051 2407 μὶν
1100 2337 1344 2407 προτέρα
1401 2335 1655 2404 φανερὸν,
1686 2336 1771 2387 ὅτι

194 2429 301 2499 τὴν
329 2427 597 2497 ἔκθεσμον
652 2427 952 2497 προφθάνει
991 2428 1189 2497 πρᾶξιν
1210 2443 1223 2457 ·
1252 2429 1286 2496 ἡ
1310 2427 1541 2496 δευτέρα
1560 2426 1620 2477 δὲ
1653 2442 1771 2477 συν-

196 2521 509 2581 ακολουθεῖ,
530 2522 623 2573 καὶ
650 2519 1170 2587 συγκαταϐάλλεται.
1207 2520 1372 2571 Ὥστε
1399 2519 1501 2589 τὴν
1529 2534 1769 2587 κακουρο

196 2612 331 2677 τίαν
377 2610 477 2678 μὲν
506 2612 538 2679 ἡ
568 2611 709 2662 κατὰ
754 2610 853 2678 τὴν
898 2610 1127 2679 μελέτην
1154 2610 1293 2678 ὀργὴ
1344 2607 1717 2675 προλαμϐάνει
1752 2622 1768 2635 ·

196 2708 270 2773 ἦν
297 2704 344 2757 δ’
384 2705 590 2772 ἁνῆψεν
618 2707 651 2773 ἡ
677 2704 873 2773 τόλμα,
929 2706 1389 2774 συμπαρομαρτεῖ
1429 2703 1622 2773 ταύτῃ,
1676 2704 1772 2755 καὶ

200 2796 618 2864 συνεπιφύεται.
682 2798 775 2848 Διὸ
823 2798 917 2850 καὶ
944 2798 1084 2849 κατά
1113 2798 1212 2867 μὶν
1230 2798 1329 2865 τὴν
1359 2796 1632 2867 προτέραν
1654 2795 1770 2849 διά-

197 2904 355 2939 νοιαν
379 2885 552 2949 ἔξεστι
575 2887 753 2953 λέγειν
778 2887 1110 2947 άδιστάκτως
1126 2903 1207 2946 τε,
1230 2886 1325 2937 καὶ
1343 2885 1771 2953 εύσεσοφρὸνως,

196 2977 279 3040 ὡς
314 2997 333 3028 ι
372 2978 680 3046 Ὠργίσθης,
747 2981 840 3032 καὶ
897 2980 1059 3045 ἡμεῖς
1112 2976 1525 3045 ἡμάρτομεν-ι
1579 2977 1614 3043 ἡ
1664 2974 1773 3042 γάρ

199 3070 348 3120 κατὰ
381 3069 611 3136 μελέτην
636 3068 773 3137 όργὴ
817 3068 1157 3137 προῦπάρχει
1212 3066 1301 3118 τοῦ
1356 3065 1767 3135 ἁμαρτήματος·

1866 622 2253 690 ltaquedivina:
2279 624 2371 675 ira:
2412 630 2620 675 motum
2646 622 2885 676 incendit
2913 624 3285 692 improbarum
3322 642 3427 680 no.

1864 722 2101 767 strarum
2132 713 2492 781 cupiditatum
2538 716 2849 782 progressio
2887 714 3032 768 facta
3073 725 3126 769 et
3151 732 3247 786 per
3279 718 3431 771 dele-

1864 806 2153 859 ctationem
2199 818 2472 857 morosam
2523 814 2578 858 et
2617 820 2713 873 per
2752 804 3195 861 deliberationem
3238 828 3252 861 :
3290 824 3432 878 opus

1865 909 2042 949 autem
2090 897 2215 949 inde
2240 905 2605 965 perpetratum
2630 898 2903 950 decretum
2946 900 3246 965 punitimtis
3271 902 3342 952 ab
3366 915 3429 952 ea

1866 985 1944 1037 ira
1976 986 2029 1037 itt
2051 1000 2152 1039 nos
2189 985 2503 1039 concitavit.
2539 988 2618 1039 Ac
2644 994 2788 1054 patet
2816 988 2985 1055 quod,
3029 998 3088 1040 ut
3130 989 3266 1040 iram
3294 990 3433 1041 divi-

1868 1090 1992 1127 nam
2043 1090 2154 1128 non
2202 1092 2364 1144 posse
2407 1078 2647 1140 exorari,
2678 1077 2842 1140 ﬂecti,
2876 1093 2940 1132 ac
2973 1080 3223 1146 impediri
3260 1081 3434 1148 signi—

1870 1167 2056 1218 ﬁcaret
2084 1168 2366 1233 propheta,
2394 1167 2447 1218 in
2482 1168 2731 1221 adductis
2748 1168 2929 1221 verbis
2943 1184 3062 1221 eam
3091 1172 3248 1237 quasi
3280 1171 3432 1237 aperi

1869 1265 2307 1318 concurrentetn,
2358 1264 2415 1309 et
2460 1258 2875 1324 praevenientem
2930 1262 3221 1328 acceperit.
3266 1260 3438 1314 Casti-

1871 1347 2148 1417 gationutn
2189 1346 2334 1400 enim
2377 1346 2776 1416 ultionumque,
2810 1364 2930 1417 qua:
2956 1350 3027 1402 ob
3074 1362 3254 1404 nostra
3314 1366 3438 1419 pec-

1870 1446 1990 1490 cata
2022 1444 2421 1505 processerunt.
2447 1435 2712 1503 judicium
2751 1448 2805 1489 et
2844 1438 2923 1490 ira
2951 1439 3000 1491 vi
3030 1440 3289 1507 quadam,
3312 1455 3435 1507 qua:

1872 1522 2141 1589 impediri,
2182 1521 2325 1579 {lecti
2367 1530 2423 1573 et
2453 1525 2668 1579 exorari
2696 1525 2904 1594 nequit,
2938 1529 3246 1596 explentur,
3275 1538 3437 1594 atque

1871 1614 1937 1666 ad
1962 1615 2167 1670 exitum
2193 1622 2582 1686 perducuntur.

1944 1705 2001 1759 Si
2026 1708 2107 1762 vis
2130 1720 2334 1774 autem,
2361 1712 2488 1780 quia
2522 1712 2600 1764 ira
2639 1711 2799 1765 modo
2829 1712 3048 1781 quidem
3078 1714 3198 1767 solo
3224 1714 3433 1782 judicio

1872 1796 2095 1849 omnino
2118 1799 2463 1865 terminatur,
2518 1800 2683 1854 modo
2728 1811 2910 1854 autent
2942 1803 3087 1856 edito
3114 1804 3333 1859 decreto
3368 1807 3436 1857 ad

1869 1888 2273 1941 exsecutionem
2311 1890 2689 1957 progreditur;
2729 1901 2894 1959 atque
2931 1892 3061 1945 illud
3088 1893 3307 1962 quidem
3352 1902 3439 1948 est

1868 1986 1970 2043 pro
1999 1976 2211 2029 interno
2236 1978 2445 2045 peccati
2474 1989 2647 2041 motu,
2673 1980 2775 2034 hoc
2798 1997 2926 2035 vero
2949 1996 3048 2050 pro
3069 1992 3291 2036 externa
3316 1991 3436 2053 ejus

1870 2068 2305 2133 perpetratione;
2358 2067 2563 2123 idcirco
2616 2071 2878 2139 propheta
2914 2088 2928 2124 :
2962 2090 2980 2121 ι
3020 2071 3194 2127 Iratus
3231 2089 3313 2136 es.
3362 2076 3438 2127 in-

1870 2154 2009 2221 quit,
2049 2166 2103 2207 et
2130 2170 2227 2208 nos
2268 2159 2631 2224 peccavimus.
2666 2175 2685 2207 ι
2718 2158 2855 2212 Cum
2885 2162 3031 2213 enim
3064 2162 3145 2213 ira
3178 2162 3268 2215 bic
3297 2162 3438 2215 divi—

1870 2244 2538 2317 datur,distinguaturque
2567 2252 2621 2303 itt
2651 2249 2789 2304 duas
2821 2260 3002 2318 partes
3028 2267 3041 2313 ;
3075 2260 3239 2321 atque
3265 2256 3435 2305 altera

1871 2338 2089 2404 quidem
2120 2337 2394 2392 internum
2452 2341 2656 2408 peccati
2703 2351 2931 2405 motum,
2979 2344 3148 2396 altera
3183 2360 3310 2396 vero
3348 2361 3440 2396 ex.

1873 2435 2080 2481 lernam
2115 2429 2236 2496 ejus
2274 2433 2729 2499 perpetratiunem
2765 2435 3058 2501 respiciat;
3104 2445 3251 2502 patet
3291 2437 3436 2503 quod

1871 2520 2021 2588 prior
2054 2520 2141 2573 illa
2173 2522 2478 2590 improbum
2515 2526 2810 2591 praeveniat
2830 2539 3004 2592 Opus;
3042 2528 3230 2581 istb:ec
3253 2538 3436 2582 autem

1872 2610 2142 2679 posterior
2173 2626 2561 2682 consequatur,
2594 2617 2869 2684 simulque
2901 2617 3211 2671 descendat.
3258 2621 3439 2683 Quare

1872 2695 2132 2750 delictum
2164 2698 2379 2766 quidem
2416 2717 2479 2754 ea
2506 2701 2583 2755 ira
2614 2705 2909 2770 pmvertit,
2939 2720 3059 2773 qua:
3081 2707 3151 2758 ob
3176 2707 3440 2760 delibera-

1874 2789 2074 2843 tionem
2132 2800 2245 2855 est;
2296 2806 2360 2845 ca
2418 2807 2567 2853 vero,
2620 2809 2739 2861 qua:
2783 2796 2853 2848 ob
2896 2811 3035 2863 opus
3068 2807 3437 2865 perpetratum

1874 2878 2212 2940 incenditur,
2245 2880 2374 2932 illud
2410 2882 2699 2935 comitatur
2747 2894 2911 2951 atque
2944 2886 3200 2937 adhaeret.
3236 2886 3441 2950 Quam-

1871 2968 2057 3021 obrem
2090 2970 2135 3022 si
2178 2970 2324 3037 prior
2364 2973 2442 3025 ira
2474 2975 2819 3039 respiciatur.
2854 2975 2973 3027 sine
3002 2975 3190 3039 dnhio,
3232 2992 3298 3030 ac
3336 2978 3440 3028 im-

1872 3059 2092 3127 pietatis
2144 3073 2270 3113 nota
2320 3060 2504 3116 dicere
2550 3063 2633 3117 I'as
2680 3074 2813 3117 est:
2868 3082 2886 3114 ‹
2940 3065 3115 3119 Iratus
3141 3082 3223 3129 es,
3257 3081 3308 3120 et
3340 3081 3442 3121 nos

200 3162 297 3211 ἐπὶ
326 3161 385 3211 δὲ
417 3161 514 3227 τῆς
553 3159 832 3228 δευτέρας,
864 3159 985 3213 οὕτε
1015 3156 1281 3227 θεοφιλὶς,
1311 3156 1435 3209 οὕτε
1460 3156 1770 3209 ἁκόλουθοψ
1802 3179 1845 3235 c

1802 3179 1845 3235 ε
1880 3153 2259 3219 peccavimus;
2304 3170 2324 3203 ι
2364 3154 2629 3221 siquidem
2660 3157 2738 3208 ira
2765 3158 2835 3209 ob
2861 3156 3309 3211 deliberationem
3350 3173 3443 3211 ex-

200 3252 266 3302 οὐ
291 3255 400 3321 γάρ
428 3254 492 3303 ix
518 3251 617 3319 τῆς
644 3253 814 3319 ὀργῆς
840 3251 1248 3320 ἁμαρτάνομεν,
1272 3249 1408 3305 ἁλλὰ
1432 3248 1565 3301 διότι
1595 3249 1774 3317 ἁμαρ-

201 3344 465 3412 τάνομεν,
486 3345 583 3413 τὴν
613 3342 783 3413 ὀργὴν
808 3341 1192 3411 ἑπισπώμεθα.

276 3604 667 3676 Παραπλήσιον
694 3604 738 3657 δ’
778 3605 843 3658 ἂν
899 3604 983 3674 εἴη
1042 3604 1157 3670 καὶ,
1181 3602 1233 3657 εί
1259 3621 1341 3665 τις
1383 3604 1630 3658 ἐντεῦθεν
1678 3608 1778 3673 τὴν

204 3699 387 3765 ὁρμὴν
441 3696 519 3764 τῷ
566 3697 709 3765 λόγῳ
762 3696 1107 3765 βαλλόμενος.
1170 3696 1261 3748 διά
1316 3696 1625 3765 λειοτέρου,
1683 3699 1778 3749 καὶ

202 3789 586 3856 οἰκτιζομένου
637 3790 904 3857 νοήματος
955 3788 1213 3852 ἐπιδείξει
1265 3789 1590 3856 φερόμενον·
1627 3789 1777 3840 «Οὐκ

205 3880 443 3947 ἐπέσχες
475 3880 573 3945 τὴν
614 3879 790 3947 ὁρμὴν
839 3880 1152 3948 κινηθείσης
1207 3878 1364 3948 ἡμῶν
1400 3878 1501 3947 τῆς
1552 3878 1777 3947 γνώμης

204 3970 303 4021 ἐπὶ
352 3970 452 4029 τὰς
518 3970 744 4037 πράξεις
792 3968 890 4031 τὰς
939 3971 1217 4037 πονηράς·
1248 3968 1383 4021 una
1445 3967 1695 4036 προορῶν
1717 3968 1778 4018 τὸ

203 4061 601 4128 ἐπιθησόμενον,
623 4059 697 4119 ὡς
721 4059 1018 4126 ἐκϐεϐηκὸς
1055 4060 1167 4127 (καὶ
1195 4057 1303 4125 γὰρ
1338 4059 1430 4110 καὶ
1445 4058 1505 4109 τὸ
1537 4058 1776 4125 άκατέρ-

204 4166 417 4217 γαστον
454 4148 613 4218 ἡμῶν
638 4150 698 4200 τὸ
726 4149 816 4201 σὸν
850 4151 1257 4200 πανεπίσκοπον
1294 4149 1446 4218 ὄμμα
1471 4150 1684 4217 ἐφορᾷ),
1711 4149 1775 4216 τῇ

209 4240 412 4307 μελέτῃ
434 4240 542 4290 τῶν
600 4240 819 4305 φαύλων
847 4240 940 4290 καὶ
988 4240 1086 4308 τὴν
1131 4241 1300 4307 ὀργὴν
1360 4239 1544 4290 λαϐεῖν
1605 4238 1779 4307 ἀρχὴν

204 4330 488 4397 παρέσχες
534 4328 821 4395 κινήσεως.
877 4327 1092 4395 Ταύτης
1141 4327 1199 4379 δὲ
1255 4328 1375 4378 καθ’
1414 4327 1569 4395 ἡμῶν
1600 4330 1657 4379 ὲν
1700 4328 1778 4395 τῷ

208 4419 479 4487 μετεώρῳ
544 4420 907 4487 φερομένηςὴ
936 4416 1181 4486 ἁμαρτία
1234 4415 1570 4486 θρασύτερον
1620 4417 1777 4485 ἡμῶν

1878 3242 2045 3294 citata
2097 3244 2350 3310 praecedit
2388 3246 2842 3313 perpetrationetn
2880 3246 3088 3315 peccati
3131 3260 3145 3298 :
3183 3250 3228 3300 si
3272 3249 3443 3300 altera

1877 3338 2057 3381 autem
2096 3342 2389 3398 spectetur,
2421 3333 2526 3387 hoc
2554 3335 2733 3387 dicere
2775 3348 2953 3402 neque
2986 3335 3296 3402 religiosum
3337 3345 3441 3397 est.

1879 3435 2055 3488 neque
2081 3432 2529 3477 consentaneum.
2556 3424 2671 3477 Non
2694 3424 2842 3478 enim
2870 3425 2942 3477 ob
2962 3426 3098 3478 iram
3128 3442 3442 3493 peccamus,

1877 3511 1970 3563 sed
2004 3512 2129 3578 quia
2162 3526 2471 3580 peccamus,
2501 3514 2633 3565 iram
2665 3514 2719 3565 in
2748 3528 2848 3567 nos
2881 3515 3239 3568 concitamus.

1948 3601 2133 3670 Neque
2182 3620 2308 3656 vero
2340 3604 2497 3672 longe
2548 3604 2987 3664 ahscederemus.
3020 3606 3061 3657 si
3116 3607 3261 3674 quis,
3318 3607 3445 3660 hinc

1879 3695 2207 3763 principium
2263 3696 2695 3762 interpretationi
2763 3698 3039 3762 prabet».
3115 3699 3317 3750 ntitiori
3391 3709 3444 3751 et

1878 3785 2410 3837 comtniseratiOnent
2457 3785 2728 3837 excitante
2772 3800 2937 3837 sensu
2985 3786 3161 3839 locum
3194 3790 3443 3857 proposi-

1878 3884 1988 3927 tum
2013 3876 2311 3926 ostenderit
2350 3872 2642 3941 procedere
2670 3887 2683 3922 :
2722 3890 2742 3921 ι
2780 3871 2983 3940 Nempe
3014 3890 3118 3927 non
3148 3877 3442 3928 cohibuiin

1880 3968 2136 4034 impetum
2170 3966 2337 4018 animi
2363 3965 2532 4019 nostri
2573 3966 2639 4017 ad
2674 3980 2835 4032 prava
2866 3982 3028 4034 opera
3062 3969 3267 4021 inthati
3297 3988 3310 4020 :
3349 3975 3442 4022 sed

1880 4058 2179 4126 praevidens
2203 4058 2408 4115 Iutura,
2437 4056 2512 4108 uti
2543 4058 2813 4123 praeterita
2845 4059 3065 4120 (etenim
3115 4059 3167 4111 id
3202 4075 3439 4127 quoque.

1880 4150 2024 4215 quod
2055 4149 2286 4201 necdum
2322 4149 2555 4215 egimus,
2582 4147 2776 4201 oculus
2812 4157 2939 4200 tuus
2974 4150 3219 4202 omnium
3262 4152 3441 4218 inspe-

1878 4250 1995 4291 ctor
2016 4240 2313 4307 observat),
2334 4240 2403 4291 ob
2440 4240 2608 4306 ipsam
2629 4241 2895 4291 malorum
2926 4253 3092 4306 Operu
3104 4256 3151 4290 nt
3174 4243 3439 4291 delibera-

1880 4332 2077 4382 tionem
2108 4328 2351 4391 eﬂ'ecisti,
2404 4336 2463 4380 ut
2489 4337 2542 4380 et
2589 4328 2667 4379 ira
2698 4338 2931 4379 sumeret
2960 4330 3301 4382 excitattonis
3330 4347 3441 4381 suae

1879 4422 2227 4488 principium.
2258 4418 2369 4473 Hac
2398 4428 2575 4473 autem
2618 4421 2880 4473 adversus
2906 4421 3025 4486 inos
3057 4422 3161 4473 alte
3210 4425 3439 4474 etl‘erve-

206 4510 474 4578 ἑπιπηδᾷ.
515 4509 611 4559 καὶ
643 4508 830 4577 ῥᾳδίαν
863 4508 1103 4577 εὑρίσκει
1153 4508 1251 4575 τὴν
1281 4508 1528 4575 πάροδον.
1563 4507 1641 4575 Τῇ
1663 4509 1770 4578 γάρ
1806 4510 1847 4563 Ι)

1806 4510 1847 4563 D
1874 4521 2077 4573 scente,
2112 4518 2388 4576 peccatum
2427 4508 2622 4561 acriori
2671 4509 2901 4561 audacia
2932 4510 2983 4559 in
3035 4525 3134 4561 ttos
3171 4510 3357 4570 insilit,
3390 4523 3439 4561 et

210 4599 582 4669 μισοπονηρίᾳ
646 4599 748 4667 τῆς
801 4599 897 4664 σῆς
958 4598 1091 4665 περὶ
1158 4598 1303 4666 ἡμᾶς
1368 4596 1777 4665 φιλανθρωπίας

207 4690 626 4756 ὑπενδιδούσης,
681 4690 774 4741 καὶ
799 4690 879 4759 τῷ
901 4689 1095 4757 δικαίῳ
1116 4688 1213 4757 τῆς
1239 4686 1581 4756 συμπαθείας
1641 4690 1776 4739 ὐπο-

205 4780 497 4849 χωρούσης
562 4779 829 4830 εὐάλωτον
853 4779 927 4847 τῷ
950 4777 1127 4847 ἐχθρῷ
1156 4778 1216 4829 τὸ
1268 4777 1490 4845 θήραμα
1545 4778 1775 4843 γίνεται.

219 4872 380 4924 Ἐπεὶ
394 4872 553 4941 εἴπερ
568 4867 637 4941 ἦν
658 4873 789 4938 ἡμῖν
820 4870 984 4922 πόθεν
1011 4870 1111 4939 τὴν
1142 4869 1239 4939 σὴν
1262 4871 1431 4939 ὀργὴν
1452 4870 1779 4937 κινουμένην

207 4966 289 5026 είς
328 4962 615 5031 εὐμένειαν
640 4960 907 5024 διαλῦσαι,
935 4962 1027 5013 καὶ
1050 4962 1083 5030 ἡ
1112 4961 1356 5029 ἁμαρτία
1377 4960 1443 5012 ἂν
1472 4961 1552 5021 είς
1579 4960 1780 5011 δειλίαν

207 5056 274 5109 τὸ
304 5055 509 5123 θράσος
540 5053 879 5109 συνέστελλε.
908 5053 1001 5104 καὶ
1033 5053 1093 5103 τὸ
1120 5052 1387 5121 ἡμέτερον
1417 5050 1782 5120 βοηθούμενόν

207 5162 297 5209 τε,
322 5145 421 5197 καὶ
436 5142 943 5213 ἀναρρωννύμενον,
963 5142 1163 5209 μᾶλλον
1197 5141 1264 5194 ἂν
1290 5142 1457 5209 αὐτῆς
1489 5142 1588 5210 τὴν
1619 5156 1784 5209 προσ-

211 5238 386 5304 ϐολὴν
432 5234 787 5299 ἀπεσείσατο,
823 5235 856 5305 ἡ
905 5238 1019 5295 τοῖς
1045 5234 1246 5304 ταύτης
1276 5234 1566 5305 θηράτροις
1599 5233 1786 5285 ἐνέπε-

212 5342 333 5378 σεν.
364 5340 383 5373 Ι

288 5416 455 5475 Ἴσως
474 5414 519 5466 δ’
553 5412 621 5467 ἃν
647 5414 840 5481 ιγγύτε
848 5430 943 5484 ρον
976 5413 1061 5483 εἴη
1084 5410 1477 5482 θεωρούμενον,
1504 5413 1551 5463 εί
1576 5411 1667 5463 καὶ
1711 5410 1786 5481 μὴ

211 5510 342 5569 ταῖς
374 5506 730 5575 ύψηλοτίραις
764 5504 1027 5567 ἐπινοίαις
1084 5503 1470 5573 συνεπαίρεται
1501 5503 1581 5567 τὸ,
1620 5520 1638 5551 ι
1664 5503 1785 5569 Ὡρ-

214 5597 435 5667 γίσθης,
492 5598 587 5649 καὶ
626 5598 787 5665 ἡμεῖς
821 5597 1163 5665 ἡμάρτομεν,
1189 5612 1207 5643 ι
1233 5595 1311 5655 είς
1359 5594 1439 5658 τὸ,
1478 5592 1785 5663 Ὦργίσθης.

211 5687 358 5737 διότι
415 5687 577 5754 ἡμεῖς
644 5686 986 5755 ἡμάρτομεν,
1041 5682 1610 5752 μεταλαμϐανόμενον·
1669 5684 1783 5744 καὶ,

218 5776 369 5827 Διότι
410 5775 749 5843 ἡμάρτομεν,
808 5774 906 5842 τὴν
957 5772 1080 5826 καθ’
1115 5773 1273 5841 ny.th
1307 5772 1407 5823 οὐκ
1440 5772 1667 5838 ἐπέσχες
1692 5772 1787 5839 ὀρ-

221 5866 356 5935 τῆνο

1881 4599 2092 4651 facilem
2117 4599 2319 4651 invenit
2340 4600 2568 4652 aditum.
2597 4598 2731 4651 Cum
2764 4600 2909 4650 enim
2940 4606 3028 4649 tua
3051 4613 3175 4666 erga
3201 4616 3299 4653 nos
3326 4603 3439 4653 cli--

1882 4695 2077 4743 mentia
2114 4691 2255 4742 cedit
2295 4691 2419 4743 odio
2462 4690 2690 4757 peccati.
2725 4703 2789 4741 ac
2820 4688 3191 4741 misericordia
3236 4692 3325 4743 dzit
3354 4692 3443 4758 ju-

1880 4779 2043 4831 stitiae
2078 4779 2295 4843 locum;
2342 4778 2484 4831 facili
2517 4781 2733 4845 negotio
2780 4792 2881 4830 nos
2911 4788 3135 4829 venatur
3170 4780 3435 4833 inimicus.

1878 4871 2144 4933 Quoniam
2180 4870 2221 4921 si
2250 4870 2403 4923 nobis
2431 4871 2778 4939 contingebat
2801 4871 2935 4922 iram
2960 4879 3102 4922 tuam
3119 4876 3442 4925 concitatam

1883 4962 1948 5015 ad
1971 4962 2311 5015 clementiam
2344 4962 2595 5026 ﬂectere;
2629 4962 2818 5028 utique
2843 4976 2949 5013 non
2974 4964 3134 5015 modo
3165 4977 3443 5032 peccatum

1882 5048 2168 5101 audaciam
2198 5064 2351 5102 suam
2380 5048 2445 5101 ad
2495 5049 2744 5102 timorem
2784 5059 3115 5111 revocasset,
3155 5054 3246 5102 sed
3279 5054 3443 5105 etiam

1882 5137 2100 5189 animus
2130 5144 2313 5190 noster
2339 5136 2509 5205 gratia
2547 5136 2790 5203 adjutus,
2821 5151 2885 5187 ac
2923 5137 3234 5198 roboratus,
3268 5142 3448 5206 potius-

1885 5227 2057 5293 ipsius
2083 5228 2286 5294 peccati
2330 5226 2683 5286 irruptioncm
2732 5224 2925 5278 fuisset
2965 5226 3241 5289 amolitus,
3281 5243 3445 5297 quam

1886 5318 1941 5369 in
1971 5316 2091 5385 ejus
2122 5318 2254 5369 retia
2290 5316 2590 5370 incidisset.
2623 5334 2641 5365 ι

1955 5400 2209 5457 Fortasse
2225 5418 2353 5456 vero
2376 5402 2443 5455 ad
2469 5404 2751 5457 veritatem
2785 5405 3011 5473 propius
3038 5406 3449 5469 accederemus.

1887 5497 2098 5549 tametsi
2128 5495 2537 5549 sublimioribus
2580 5497 2778 5550 mentis
2811 5498 3167 5564 conceptibns
3213 5515 3321 5553 non
3365 5513 3448 5553 at-

1890 5588 2237 5649 tolleretnur;
2292 5588 2335 5641 si
2382 5587 2510 5641 illttd
2554 5607 2567 5641 :
2603 5607 2621 5639 ι
2661 5587 2836 5641 Iratus
2874 5604 2953 5652 es,
2986 5602 3039 5642 et
3073 5605 3174 5643 nos
3207 5595 3452 5659 peccat-i-

1888 5696 2045 5741 mus,
2084 5698 2101 5729 ι
2142 5688 2480 5733 mutaremus
2538 5681 2590 5733 itt
2651 5681 2773 5743 hoc,
2823 5678 2998 5733 Iratus
3044 5697 3125 5744 es,
3170 5683 3295 5749 quia
3358 5700 3454 5736 nos

1891 5772 2263 5839 peccavimus;
2287 5780 2340 5823 et
2367 5772 2492 5838 quia
2538 5772 2910 5837 peccavimus.
2945 5772 3076 5823 iram
3108 5784 3292 5823 contra
3356 5790 3451 5830 nos

1896 5859 2035 5912 haud
2068 5859 2378 5916 cohibuisti.
