4202 6442
205 424 310 487 291

1158 429 1259 489 ΑΙ)
1287 428 1877 488 AMPHILOCHIUM
1935 429 2278 501 ΟυιΕΞΤΙΟ
2309 431 2494 489 XLII.

3357 420 3465 486 298

207 534 448 600 επαίρει,
481 549 573 584 και
610 532 751 586 κατά
806 533 987 603 πάσης
1037 536 1138 605 τῆς
1192 534 1541 604 ἀνθρωπίνης
1571 534 1787 601 φύσεως

1899 535 2239 605 Ignescitur?
2263 538 2330 589 At
2366 538 2437 589 ita
2467 536 2597 600 erit,
2626 535 2671 587 si
2703 535 2827 601 quis
2856 533 2988 587 illud
3013 533 3079 586 ad
3113 548 3459 586 communem

210 622 460 692 εἰρῆσθαι
491 624 717 692 νομίζειο
749 624 893 685 επεὶ,
920 624 1083 687 εῐτις
1113 641 1177 691 γε
1192 625 1328 678 αὐτὸ
1354 626 1493 695 πρὸς
1511 624 1613 694 τὴν
1647 624 1784 677 καθ-

209 716 397 782 ολικὴν
460 715 537 783 μὴ
567 713 874 778 έκὸιάξοιτο
893 694 1123 780 ῑννοὶαν,
1152 715 1289 769 ἀλλά
1313 694 1424 777 τοῖς
1461 716 1611 778 ἰδίοις
1637 716 1786 786 ὅροις

213 806 427 873 συνέχει
446 805 952 873 περιστελλόμενον,
982 806 1091 859 τῶν
1119 808 1385 860 πλειόνων
1416 807 1787 875 ἀτοπημάτων

212 894 505 949 ἀνεύθυνον
548 897 898 967 ὀραθήσεται.

284 1072 351 1123 Τί
376 1072 471 1125 οὖν
495 1074 663 1131 ἔστιν.
704 1072 735 1125 δ
763 1072 938 1140 λέγως
970 1073 1091 1124 Ὅτι
1122 1089 1229 1140 περ
1258 1072 1354 1125 τοῦ
1393 1071 1791 1143 Ἰσραηλιτικοῦ

216 1164 410 1226 ἔθνους
440 1166 833 1235 προενήνεκται
862 1164 941 1235 τῷ
972 1164 1235 1235 Προφήτῃ
1278 1163 1342 1215 τὸ
1374 1166 1547 1233 ῥῆμα,
1590 1162 1704 1215 ἀλλ’
1730 1162 1792 1215 οὐ

218 1258 348 1323 περὶ
377 1257 595 1308 πάντων
628 1254 815 1317 ἀπλῶς
849 1253 1152 1323 ἀνθρώπων
1172 1270 1187 1284 ’
1226 1253 1321 1306 καὶ
1366 1253 1449 1306 ὅτι
1491 1252 1668 1305 οὐδενὶ
1695 1269 1796 1305 κα-

216 1348 467 1400 ταλείπει
496 1345 930 1415 ἀμφισϐήτησιν,
981 1344 1120 1414 αὐτή
1152 1361 1216 1412 γε
1244 1346 1278 1413 ὴ
1322 1345 1423 1413 τῆς
1458 1343 1796 1415 προφητείας

218 1438 503 1509 ἐπιγραφὴ
539 1439 825 1506 μαρτυρεῖ·
865 1455 884 1487 ι
913 1438 1143 1505 Ὀρασις
1169 1436 1300 1505 γὰρ,
1324 1435 1507 1503 φησιν,
1544 1435 1611 1503 ἠν
1657 1429 1798 1486 εῐδεν

232 1530 463 1591 Ἠσαίας
485 1529 597 1590 υίδς
638 1526 838 1595 ’Λμὼς.
868 1528 937 1596 ἢν
962 1523 1069 1580 εἶδε
1096 1527 1238 1580 κατά
1264 1526 1364 1593 τῆς
1401 1524 1682 1585 Ἰουδαίας.
1704 1524 1799 1577 καὶ

220 1622 363 1675 κατά
404 1621 755 1691 Ἰερουσαλὴμ
783 1620 843 1673 ιν
893 1620 1136 1690 βασιλείᾳ.
1180 1617 1380 1682 Ὀζίου,
1410 1618 1507 1670 καὶ
1540 1616 1798 1686 Ἰωαθάμ,

222 1716 323 1766 καὶ
354 1711 552 1780 Ἀχαζ,
582 1712 677 1764 καὶ
704 1712 966 1775 Ἐζεκίου.
998 1730 1017 1762 ι
1053 1710 1165 1764 Καὶ
1192 1711 1321 1779 γάρ,
1354 1709 1451 1764 καὶ
1472 1711 1531 1762 ὲν
1570 1704 1653 1772 οἷς
1679 1709 1797 1761 ἑτέ-

221 1823 335 1874 ρων
351 1804 523 1857 ἐθνῶν
553 1806 775 1873 μνήμην
817 1805 1072 1866 ποιεῖται,
1110 1803 1205 1855 καὶ
1260 1802 1480 1872 όράσεις
1532 1799 1802 1854 ἀνακαλύ-

1890 626 2168 680 Ιιυιιιίιιιιω
2206 626 2572 681 ωιιιίὶιίοιιοιιι
2628 627 2839 688 evehat,
2887 634 2943 679 et
2970 625 3038 679 de
3070 634 3180 677 tota
3222 626 3462 676 humana

1889 725 2081 771 natura
2130 719 2335 772 dictum
2375 732 2497 771 esse
2536 718 2838 785 opinetur:
2896 716 3156 783 quoniam
3212 713 3462 782 pluribus

1889 808 2317 864 absurditatibus
2347 810 2591 862 immune
2608 808 3004 875 conspicietur,
3036 806 3080 857 si
3118 805 3246 872 quis
3284 806 3462 869 ipsum

1890 901 1958 955 ad
1990 901 2353 956 universalem
2390 915 2613 955 sensum
2650 914 2754 951 non
2797 897 3139 963 detorqueat,
3185 894 3281 948 sed
3319 894 3461 946 intra

1892 990 2140 1059 proprios
2169 991 2431 1044 terminos
2453 989 2770 1042 conclusum
2801 986 3063 1039 detineat.

1962 1080 2105 1147 Quid
2139 1082 2303 1150 igitur
2343 1079 2560 1134 dicam?
2598 1076 2804 1144 Nempe
2852 1079 2998 1145 quod
3038 1076 3107 1131 de
3164 1077 3463 1131 Israelitica

1894 1182 2073 1243 gente,
2100 1187 2209 1227 non
2244 1182 2423 1226 autem
2450 1172 2518 1225 de
2542 1170 2798 1223 omnibus
2827 1169 3053 1221 omnino
3095 1169 3411 1221 hominibus
3436 1182 3465 1218 a

1895 1264 2153 1332 propheta
2174 1278 2237 1316 ea
2260 1263 2423 1316 verba
2451 1265 2660 1329 prolata
2691 1262 2802 1314 sint
2833 1276 2845 1307 :
2878 1260 3130 1326 quodque
3158 1258 3363 1310 nemini
3403 1259 3471 1309 de

1898 1356 2002 1408 hoc
2029 1354 2334 1422 ambigendi
2366 1352 2704 1417 relinquatur
2744 1350 2917 1411 locus.
2966 1350 3079 1417 ipsa
3120 1350 3311 1417 utique
3344 1363 3469 1413 pro-

1899 1440 2092 1508 phetiat
2143 1439 2423 1507 inscriptio
2484 1447 2737 1492 testatur.
2790 1437 2973 1504 lnquit
3025 1452 3171 1488 enim
3209 1452 3223 1487 :
3260 1453 3278 1485 ι
3317 1432 3468 1487 Visio

1899 1529 2048 1584 Isaia:
2085 1529 2177 1583 ﬁlii
2200 1533 2387 1588 Amos.
2417 1544 2578 1597 quam
2607 1528 2741 1581 vidit
2781 1543 2948 1596 super
2985 1526 3179 1581 ludam
3215 1538 3269 1579 et
3315 1524 3473 1577 λετυ-

1899 1623 2070 1676 salem
2120 1622 2175 1674 in
2229 1621 2423 1675 diebus
2457 1619 2625 1683 Ozias,
2673 1616 2948 1681 Joatham,
2989 1621 3192 1681 Achaz,
3231 1625 3286 1671 et
3336 1616 3472 1668 Ele-

1901 1708 2037 1763 chia:
2056 1709 2125 1763 “.
2161 1729 2181 1761 ι
2208 1710 2411 1764 Revera
2442 1711 2527 1763 vel
2562 1711 2652 1764 ubi
2692 1710 2922 1763 aliarum
2968 1710 3206 1778 gentium
3241 1707 3472 1760 mentio-

1903 1814 2027 1853 nem
2055 1798 2205 1864 l'acit,
2242 1801 2552 1871 revelatque
2593 1801 2853 1866 visiones,
2902 1808 3049 1853 certe
3077 1799 3272 1852 borum
3305 1800 3471 1851 etiam

223 1908 373 1954 πτει,
412 1892 551 1944 ἁλλά
577 1891 686 1960 γάρ
718 1892 813 1943 καὶ
843 1890 1047 1943 τούτων
1074 1893 1106 1960 ὴ
1157 1891 1433 1959 διήγησις,
1469 1891 1546 1953 ὡς
1569 1890 1793 1956 ἐπίπαν,

1899 1891 2170 1947 enarratio
2199 1890 2580 1953 lsraeliticum,
2626 1900 2685 1945 ut
2732 1891 3050 1960 plurimum,
3090 1891 3349 1959 p0pulum
3389 1904 3474 1942 re-

220 1982 303 2039 είς
326 1980 421 2032 τὸν
457 1980 795 2051 ἰσραηλίτην
838 1979 963 2032 λαὸν
1017 1980 1231 2050 ἀφορᾷ·
1262 1978 1359 2031 νῦν
1388 1979 1485 2049 μιν
1530 1980 1794 2050 μάστιγος

218 2070 409 2131 αὐτοῖς
436 2070 891 2140 ἀναπληρούντων
915 2071 1105 2140 χρείαν
1138 2069 1246 2122 τῶν
1274 2068 1608 2139 ἀλλοφύλων,
1643 2069 1796 2139 παρά

220 2161 291 2214 τά
329 2160 425 2213 τοῦ
472 2161 677 2230 Κυρίου
726 2161 1069 2229 δικαιώματα
1120 2159 1533 2230 πορευομένοις·
1584 2158 1683 2213 νῦν
1740 2160 1798 2213 δὲ

222 2257 429 2316 κράτος
474 2254 654 2306 αὐτῶν
688 2253 786 2321 τῆς
818 2252 968 2316 Θείας
1010 2253 1181 2322 ῥοπῆς
1236 2252 1671 2323 ἑγχειριζούσης,
1708 2253 1801 2305 καὶ

219 2344 401 2411 νίκην,
430 2342 535 2395 τῶν
575 2343 918 2395 Δεσποτικῶν
940 2343 1172 2396 ἐντολῶν
1198 2344 1685 2413 ἀντιποιουμένοις.

289 2433 400 2484 Ναὶ
423 2433 483 2499 δὴ
518 2431 611 2485 καὶ
661 2432 767 2500 πρό
803 2447 866 2499 γε
904 2432 1152 2501 βραχέως
1176 2429 1271 2483 τοῦ
1299 2433 1666 2501 προκειμένου
1702 2435 1801 2504 ρη-

218 2522 339 2586 τοῦ,
375 2524 462 2574 ἵνα
491 2522 559 2575 τά
588 2523 722 2575 ἀλλα
752 2524 920 2589 ἐάσω,
952 2523 1439 2594 ἀναμφισϐήτητον
1468 2526 1603 2578 πᾶσι
1626 2526 1798 2580 ποιῶν

216 2619 248 2668 ό
300 2617 608 2684 προφήτης,
668 2616 749 2668 ὅτι
807 2616 935 2684 περὶ
993 2614 1088 2668 τοῦ
1159 2615 1554 2686 Ἱσραηλιτικοῦ
1606 2616 1799 2685 γένους

218 2707 429 2777 ἐρρέθη
461 2707 542 2772 τὸ,
580 2726 599 2757 ι
623 2709 694 2759 Σὺ
728 2707 1030 2778 ὠργίσθης,
1058 2709 1153 2761 καὶ
1180 2709 1343 2777 ἡμεῖς
1375 2708 1729 2779 ἡμάρτομεν·
1770 2729 1790 2763 ι

215 2798 367 2852 οὕτω
397 2815 515 2861 πως
550 2798 654 2867 ἔφη
681 2814 696 2829 ο
751 2817 770 2850 ι
798 2798 907 2851 [Ιοῦ
955 2800 1171 2852 ἐστιν...
1215 2799 1245 2849 ό
1294 2798 1517 2867 ἀγαγὼν
1558 2802 1624 2870 τῇ
1648 2799 1798 2869 δεξιᾷ

218 2894 486 2962 Μωῦσῆν,
518 2894 547 2944 ό
575 2890 816 2965 βραχίων
837 2891 937 2957 τῆς
968 2890 1126 2960 δόξης
1161 2889 1397 2945 αὐτοῦ...
1436 2892 1546 2945 Καὶ
1589 2892 1796 2963 ἢγαγεν

215 2986 419 3047 αὐτοὺς
446 2984 532 3036 διά
565 2984 665 3053 τῆς
697 2982 956 3045 ἀϐύσσου,
998 2982 1074 3045 ῶς
1123 2982 1290 3035 ῖππον
1320 2983 1387 3035 δι’
1419 2984 1651 3053 ἐρήμου,
1698 2984 1796 3036 καὶ

212 3077 321 3127 οὐκ
342 3074 706 3128 ἐκοπίασαν...
736 3072 924 3137 Οὕτως
948 3074 1154 3142 ἦγαγες
1173 3072 1263 3124 τὸν
1289 3073 1417 3126 λαόν
1450 3090 1544 3126 σου
1567 3073 1797 3142 ποιῆσαι

216 3166 436 3235 σεαυτῷ
483 3164 851 3235 δνομαδόξης.
899 3164 1256 3234 Ἑπίστρεψον
1286 3164 1352 3217 ὲκ
1383 3163 1478 3217 τοῦ
1538 3165 1791 3235 οὐρανοῦ,

1907 1981 2122 2050 spicit:
2159 1982 2358 2050 quippe
2412 1981 2572 2035 modo
2623 1982 2845 2051 quidem
2901 1982 3223 2049 alienigena:
3277 1978 3472 2049 ﬂagelli

1906 2081 2087 2141 partes
2136 2074 2431 2142 implebant
2478 2074 2531 2125 in
2590 2087 2715 2127 eum
2789 2083 2983 2127 contra
3055 2070 3475 2139 iustiﬁcationes

1904 2165 2115 2219 Domini
2162 2166 2563 2230 ambulantem;
2605 2164 2768 2219 modo
2811 2173 2992 2219 autem
3043 2164 3146 2231 ipsi
3194 2162 3474 2217 Doniin'tca

1902 2256 2156 2310 mandata
2203 2257 2508 2325 capessenti
2592 2256 3018 2325 alienigenarum
3073 2254 3366 2321 potentiam
3413 2267 3475 2305 ac

1902 2347 2182 2400 victoriam
2214 2349 2458 2401 divinum
2487 2348 2752 2401 auxilium
2787 2349 2840 2401 in
2879 2362 3074 2400 manus
3110 2346 3387 2399 tradebat.

1968 2436 2109 2502 Quin
2142 2440 2306 2492 etiam
2338 2444 2502 2507 paulo
2531 2446 2659 2492 ante
2695 2440 3035 2507 propositum
3073 2439 3383 2495 oraculum.
3418 2445 3478 2488 ut

1897 2536 2089 2581 caetera
2127 2538 2463 2595 praeteream,
2516 2530 2801 2597 propheta,
2854 2542 2965 2597 quo
3012 2529 3268 2581 omnibus
3321 2534 3474 2580 extra

1898 2616 2251 2672 dubitationis
2298 2619 2470 2671 aleam
2505 2628 2753 2687 poneret.
2784 2634 2842 2683 se
2876 2619 2943 2672 de
2979 2618 3278 2672 Israelitica
3316 2628 3474 2687 gente

1896 2708 2099 2763 dixisse
2126 2708 2257 2763 illud
2289 2727 2300 2761 :
2332 2729 2350 2761 ι
2383 2706 2466 2763 'l'u
2508 2711 2683 2764 iratus
2712 2726 2793 2773 es,
2826 2719 2880 2764 et
2902 2724 3003 2763 nos
3038 2712 3417 2778 peccavimus;
3452 2727 3469 2757 ι

1896 2797 1976 2851 sic
2006 2796 2297 2866 aliquando
2347 2798 2525 2866 inquit
2558 2812 2569 2847 :
2602 2815 2621 2849 ι
2667 2796 2768 2852 Ubi
2798 2809 2881 2852 est
3024 2799 3117 2866 qui
3168 2797 3357 2851 eduxit
3407 2797 3474 2850 ad

1895 2890 2174 2944 dexteram
2228 2888 2447 2958 Moysen
2494 2888 2719 2943 brachio
2781 2890 3084 2957 majestatis
3147 2905 3262 2943 sua
3414 2890 3479 2942 Et

1894 2982 2081 3037 eduxit
2116 2996 2212 3035 eos
2255 2996 2350 3049 per
2392 2982 2640 3050 abyssos,
2692 2981 2851 3050 quasi
2901 2997 3101 3049 equum
3164 2982 3217 3034 in
3260 2982 3478 3035 deserto

1896 3086 2004 3127 non
2038 3072 2499 3142 impingentem...
2543 3071 2634 3126 Sic
2690 3073 2967 3127 adduxisti
2998 3076 3261 3142 populum
3297 3084 3474 3136 tuum,

1897 3169 1957 3214 ut
1988 3160 2199 3215 faceres
2235 3163 2327 3216 tibi
2358 3177 2555 3216 nomen
2604 3162 2810 3231 glorias.
2863 3165 3095 3219 Attende
3125 3165 3191 3219 dc
3223 3167 3387 3225 casio.
3427 3176 3481 3219 et

214 3261 311 3310 καὶ
351 3259 428 3311 ῐδε
459 3259 522 3310 lx
549 3257 645 3309 τοῦ
673 3258 825 3309 οίκου
850 3253 947 3307 τοῦ
980 3255 1138 3322 ἀγίου
1171 3270 1287 3319 σου,
1322 3255 1420 3308 καὶ
1455 3255 1682 3326 δόξης...
1717 3257 1790 3308 Σὺ

1900 3252 2022 3305 vide
2044 3252 2112 3306 de
2138 3253 2444 3307 habitacula
2468 3261 2659 3308 sancto
2692 3261 2805 3314 tuo.
2827 3262 2880 3307 et
2910 3254 3188 3321 gloria...
3224 3255 3304 3309 Tu
3334 3257 3477 3309 enim

214 3350 326 3417 γάρ
358 3348 517 3417 ήμῶν
587 3344 636 3401 εἶ
679 3348 881 3418 πατὴρ,
902 3348 983 3401 δτι
1015 3345 1272 3417 Ἀϐραὰμ
1293 3347 1394 3400 οὐκ
1434 3348 1575 3415 ἔγνω
1628 3350 1797 3417 ἡμᾶς,

213 3442 311 3493 καὶ
353 3437 567 3509 Ἰσραὴλ
594 3440 692 3492 ούκ
720 3441 935 3505 ἐπέγνω
966 3438 1134 3507 ἡμᾶς.
1175 3455 1195 3488 ι
1251 3420 1361 3488 Καὶ
1386 3437 1617 3508 ὀχληρὸν
1664 3439 1797 3499 ἴσως

214 3526 400 3579 πάντα
424 3525 764 3591 καταλέγειν.

300 3617 458 3670 Ἐπεὶ
488 3612 581 3669 οὖν
626 3616 1097 3689 περιφανέστατον
1127 3616 1373 3683 γέγονεν,
1410 3618 1486 3679 ὡς
1512 3618 1642 3686 περὶ
1705 3619 1798 3669 τοῦ

224 3706 629 3777 Ἰσραηλιτικοῦ
684 3707 873 3773 γένους
900 3706 986 3759 τό·
1058 3725 1076 3757 ι
1118 3706 1253 3759 Ἰδοὺ
1319 3706 1639 3777 ὠργίσθης,
1700 3709 1797 3760 καὶ

213 3802 246 3869 ἡ
257 3801 429 3868 μεῖςή
441 3817 473 3867 p
494 3802 739 3868 ὶρτομεν,
753 3818 770 3850 ι
794 3800 1006 3869 εἴρηται
1026 3813 1040 3827 ·
1060 3799 1339 3868 ἐπιζητεῖν
1360 3801 1478 3851 ἑστι
1494 3800 1800 3862 λοιπὸν,καὶ

210 3890 354 3942 διότι
396 3892 630 3957 εἴρηται.
664 3888 877 3942 Πολλῶν
902 3888 1303 3949 ἀπολαύσαντες
1330 3888 1668 3958 παραδόξων,
1708 3891 1800 3941 καὶ

212 3980 519 4050 ὑπερφυῶν
559 3980 754 4049 ἔργων’
819 3979 977 4033 τοῦτο
1014 3980 1110 4048 μὲν
1150 3978 1554 4049 μαστιζομένην
1576 3980 1677 4047 τὴν
1714 3978 1801 4030 Δῖ-

212 4088 430 4139 γυπτον
459 4071 527 4123 δι’
560 4072 754 4134 αὐτοὺς
775 4071 906 4124 δέκα
933 4071 1167 4139 πληγαῖς
1190 4070 1494 4140 ἑωρακότες
1519 4088 1532 4099 ·
1563 4069 1719 4122 τοῦτο
1741 4071 1798 4123 δὲ

210 4164 343 4221 τοὺς
375 4159 669 4228 πολεμίους
717 4160 1105 4221 ἐπιδιώκοντας
1149 4158 1280 4211 ἀνευ
1324 4160 1530 4229 χειρὸς,
1560 4159 1656 4212 καὶ
1711 4160 1800 4213 δό-

213 4266 387 4320 pato;
418 4250 765 4321 πανωλεθρίᾳ
786 4250 1179 4319 διαφθαρέντας
1201 4265 1216 4278 ·
1244 4249 1405 4303 τοῦτο
1421 4250 1479 4303 δὲ
1510 4252 1609 4319 τὴν
1628 4250 1796 4319 ὑγρὰν

1903 4267 2064 4305 manu
2099 4263 2151 4305 et
2210 4251 2366 4305 hasta
2420 4251 2660 4318 perditos
2705 4266 2769 4304 ac
2817 4250 3133 4321 proﬂigatos
3177 4252 3260 4313 “;

212 4344 386 4412 φύσιν
404 4342 545 4412 ξηρά
572 4342 639 4395 τά
665 4342 806 4395 νῶτα
838 4343 1164 4411 πεζοπορεῖν
1186 4343 1614 4413 παρασχομένην
1633 4359 1647 4373 ·
1671 4342 1801 4394 στύ-

210 4432 309 4483 λον
336 4432 512 4499 πυρὸς
552 4431 610 4482 ἐν
633 4430 787 4483 νυκτὶ
843 4432 1185 4501 πυρσεύοντα
1214 4434 1351 4499 πρὸς
1380 4432 1498 4484 ὁδὸν
1538 4432 1752 4485 εὐθεῖαν
1784 4448 1798 4460 ⁶

1901 3351 2050 3411 pater
2075 3353 2280 3407 uoster,
2315 3355 2369 3397 et
2421 3344 2695 3398 Abraham
2759 3346 2994 3400 nescivit
3052 3363 3171 3412 nos,
3217 3357 3269 3401 et
3317 3347 3483 3401 Israel

1903 3432 2170 3501 ignoravit
2196 3448 2294 3489 nos
2311 3434 2379 3488 “.
2414 3451 2432 3484 ι
2457 3435 2532 3488 Ac
2563 3435 2852 3490 molestum
2879 3435 3113 3491 fortasse
3142 3438 3481 3491 l'oretouuiia

1902 3538 2245 3594 percensere.

1970 3616 2107 3672 Cum
2142 3618 2309 3687 igitur
2358 3617 2797 3674 luculentissime
2825 3632 3041 3675 constet
3073 3621 3139 3674 de
3178 3620 3481 3675 Ιςιςιριιιίρο

1902 3718 2058 3775 gente
2090 3709 2236 3764 hoc:
2273 3728 2294 3762 ι
2324 3708 2465 3764 Ecce
2503 3710 2677 3765 iratus
2706 3726 2785 3775 es,
2820 3723 2875 3764 et
2900 3727 2999 3765 uos
3040 3713 3408 3780 peccavimus,
3460 3731 3474 3761 ι

1904 3796 2072 3851 fuisse
2100 3797 2336 3863 dictum;
2380 3798 2652 3864 reliquum
2678 3809 2762 3852 est
2806 3808 2886 3862 ut,
2920 3810 2975 3851 et
3005 3814 3105 3852 cur
3142 3800 3346 3852 dictum
3386 3800 3480 3861 sit,

1904 3889 2263 3958 inquiramns.
2296 3887 2479 3943 Multis
2510 3888 2717 3943 Hebraei
2750 3889 3182 3945 incredibilibus.
3216 3905 3279 3943 ac
3323 3901 3484 3942 natii-

1905 3998 1978 4036 ra:
2005 3981 2149 4035 vires
2178 3982 2566 4034 excedentibus
2598 3982 2859 4050 prodigiis
2887 3982 3075 4044 «litati;
3135 3997 3260 4033 cum
3315 3983 3482 4033 vidis-

1904 4080 2025 4128 sent
2087 4071 2249 4126 modo
2328 4070 2625 4141 Egyptum
2675 4072 2860 4125 decem
2923 4073 3096 4141 plagis
3154 4082 3376 4141 propter
3424 4088 3482 4125 se

1902 4159 2225 4228 ﬂagellatam
2290 4160 2369 4224 “;
2428 4161 2591 4214 modo
2664 4171 3056 4230 persequentes
3113 4162 3300 4215 hostes
3362 4164 3483 4215 sine

3320 4251 3483 4303 modo

1905 4344 2182 4398 humidam
2219 4345 2501 4396 materiam
2534 4342 2613 4396 eis
2643 4343 2874 4404 siccum,
2904 4352 2962 4395 ut
2997 4343 3224 4410 pedibus
3262 4343 3484 4394 incede-

1903 4446 2045 4497 rent,
2075 4436 2248 4489 solum
2290 4436 2615 4504 prabentem
2650 4433 2735 4495 “;
2778 4434 3086 4485 columnam
3128 4434 3265 4501 ignis
3326 4442 3484 4486 nocte

208 4523 311 4575 καὶ
331 4521 567 4589 νεφέλην
595 4522 767 4590 φωτὸς
822 4523 921 4587 τάς
942 4524 1052 4577 ἀπὸ
1099 4523 1193 4576 τοῦ
1232 4523 1449 4585 Ἡλίου,
1500 4524 1796 4592 στέγουσαν

1904 4529 2307 4598 praelucentem.
2342 4536 2402 4580 ut
2432 4537 2631 4580 rectam
2672 4534 2930 4593 caperent
2962 4526 3139 4586 viam;
3180 4532 3233 4575 et
3275 4525 3476 4576 nubem

209 4588 469 4675 ἀκτῖνας,
501 4588 577 4673 ὥς
608 4588 945 4684 ἀλυπότερον
998 4614 1243 4681 γίνεσθαι
1269 4613 1369 4685 τὴν
1422 4588 1737 4683 ὁδοιπορίαν
1775 4631 1788 4644 ·

1904 4620 2041 4674 lucis
2065 4619 2247 4673 radios
2272 4633 2300 4670 a
2329 4617 2445 4671 sole
2490 4618 2721 4671 emissos
2759 4624 3049 4684 tegentem,
3086 4624 3144 4665 ut
3180 4613 3480 4681 jucundius

208 4705 387 4773 ἄρτον
432 4703 721 4772 οὐρανόθεν
769 4706 1037 4776 Μωσαῖκῇ
1077 4704 1301 4777 γλώσσῃ
1338 4706 1796 4777 γεωργούμενον·

211 4797 315 4848 καὶ
348 4793 627 4848 θάλασσαν
660 4797 754 4849 καὶ
790 4798 893 4867 γῆν
941 4797 1305 4867 αὐτοσχεδίων
1345 4797 1608 4868 θυμάτων
1655 4799 1798 4869 τρα-

211 4885 392 4950 πεζαν
419 4886 602 4950 αὐτοῖς
631 4889 1158 4958 παρασκευάζουσαν
1180 4890 1321 4958 (55)·
1360 4890 1502 4960 ὕδωρ
1540 4892 1600 4957 ἐξ
1630 4892 1796 4963 ἀκρο-

283 5064 334 5096 ⁵⁸
370 5064 477 5136 Isti.
508 5079 545 5127 ι,
578 5064 629 5116 1.
708 5066 752 5097 ⁸³
787 5064 885 5136 lsa.
917 5082 1069 5131 Lxui,
1107 5067 1163 5119 ll
1201 5082 1350 5136 seqq.

208 5133 723 5206 seqq.;.|osue,.ut,
748 5135 815 5189 15
841 5153 992 5206 seqq.
1070 5139 1115 5167 “
1169 5133 1339 5192 Exod.
1375 5155 1489 5202 xtn,
1514 5139 1575 5192 2|
1612 5156 1728 5207 seq.

1428 5069 1474 5100 "
1503 5067 1671 5123 Exod.
1701 5083 1797 5127 vn.
1830 5084 1946 5131 vni,
1986 5083 2061 5131 Ix,
2095 5084 2147 5131 κ,
2180 5083 2255 5120 ιι.
2332 5066 2377 5097 ’⁵⁸
2412 5065 2581 5119 Exod.
2615 5078 2727 5131 xw,
2763 5064 2795 5119 6
2835 5079 2987 5133 seqq.

1806 5139 1848 5168 "
1884 5137 2057 5191 Exod.
2096 5153 2207 5201 xw,
2244 5137 2312 5190 13
2346 5150 2499 5207 seqq.

1904 4708 2007 4763 iter
2034 4709 2393 4763 conﬁceretur
2420 4708 2499 4771 “;
2534 4720 2726 4775 panem
2767 4704 2983 4759 ccelitus
3031 4704 3269 4758 Mosaica
3299 4705 3483 4771 lingua

1905 4810 2151 4870 paratum
2180 4800 2256 4864 ";
2305 4808 2415 4852 tum
2465 4812 2637 4859 mare,
2698 4804 2811 4850 tum
2855 4803 3053 4849 terram
3111 4793 3482 4847 tumultuariis

1905 4892 2096 4947 hostiis
2131 4906 2349 4946 mensas
2375 4904 2564 4944 eorum
2593 4894 2978 4944 oxstruentem
3014 4886 3152 4954 (δικ
3189 4901 3386 4955 aquam
3410 4900 3481 4938 ex

3069 5061 3112 5092 ⁸⁵
3136 5061 3266 5115 ibid.
3303 5076 3420 5126 ιι..
3452 5062 3476 5116 1

1734 5270 1940 5327 NOTAE
1951 5313 1963 5325 .

288 5410 411 5480 (33)
442 5411 980 5485 Παρασκευαξούσας
1027 5429 1254 5468 numero
1312 5414 1674 5485 πληθυντικοῦ
1727 5418 1794 5471 ad

205 5481 605 5549 elegantiorem
648 5482 879 5537 fortasse
932 5485 1183 5548 σύνταξιν
1238 5481 1417 5539 habet
1445 5485 1793 5541 Barberinus.

285 5550 418 5623 (54),
451 5550 505 5623 Si
532 5550 778 5623 hoc_loco
829 5553 1094 5623 intelligas
1124 5555 1275 5623 cibos
1306 5570 1333 5607 a
1378 5566 1517 5608 terra
1575 5566 1629 5611 et
1658 5558 1795 5609 mari

204 5621 596 5688 conquisitos;
631 5620 866 5694 fortasse
889 5627 954 5676 ad
984 5620 1069 5677 res
1107 5640 1173 5676 ex
1218 5622 1598 5694 IEgyptiorum
1653 5639 1792 5679 terra

206 5698 530 5763 asportata}:
559 5699 617 5763 et
641 5690 708 5743 ad
734 5694 1043 5763 coturnices
1070 5704 1229 5746 vento
1252 5690 1427 5748 valido
1450 5711 1615 5763 supra
1647 5711 1794 5748 mare

205 5762 454 5837 delatas,
476 5758 644 5813 Exod.
669 5776 781 5837 xvi,
814 5762 881 5815 l3
901 5760 1130 5837 etNiiin.
1160 5779 1233 5827 xi,
1254 5765 1343 5837 5i,
1379 5766 1429 5837 id
1450 5758 1789 5837 relbtfcitdiiiii

207 5839 320 5882 est.
353 5830 408 5880 Si
440 5838 620 5883 autem
648 5831 817 5898 spolia
844 5848 910 5886 cx
951 5833 1247 5897 proﬂigatis
1274 5834 1519 5889 hostibus
1553 5836 1789 5887 detracta

1896 5417 1984 5470 hic
2003 5415 2153 5467 innui
2176 5412 2440 5482 Opinaris,
2464 5412 2630 5465 habes
2647 5424 2740 5464 eas
2753 5425 2875 5485 qua:
2904 5425 2968 5485 ex
2990 5408 3458 5485 Egyptiorumuca

1892 5486 2185 5539 daveribus
2211 5479 2404 5550 capere
2434 5492 2745 5550 potuerunt,
2784 5481 2950 5532 Exod.
2998 5496 3071 5536 ιι,
3096 5480 3205 5550 751,
3246 5488 3299 5530 et
3326 5479 3480 5550 alios.

1894 5572 2013 5623 qua:
2070 5570 2134 5623 ex
2179 5548 2363 5607 multis
2407 5548 2582 5619 captis
2630 5552 2990 5623 direptisque
3024 5549 3256 5623 urbibus
3304 5548 3485 5598 relata:

1893 5616 2039 5679 sunt.
2071 5622 2225 5685 Vide,
2252 5616 2993 5693 praziicwterisPetitateuchi
3023 5618 3180 5678 locis,
3225 5616 3485 5693 Detitei-u-

1893 5695 2159 5759 nomium,
2222 5686 2282 5750 ιι.
2317 5692 2416 5751 25,
2481 5702 2536 5745 et
2567 5705 2648 5753 ιιι,
2704 5689 2755 5743 7.
2812 5688 2922 5741 lino
2971 5699 3025 5742 et
3058 5697 3244 5759 aperte
3279 5686 3483 5739 dicitur

1891 5766 2069 5832 capite
2120 5758 2209 5824 xx,
2267 5763 2353 5827 14,
2405 5760 2657 5815 Camertes
2715 5760 2778 5812 de
2833 5760 3019 5826 spoliis
3077 5758 3312 5810 hostium
3367 5764 3487 5806 tito-

1895 5849 2027 5884 νιιιη.
