4202 6442
698 347 809 410 303

1857 345 2119 404 I’HOTll
2150 346 2656 407 PA’l‘l’dAllCH/E
2694 351 2800 408 GP.

3854 353 3972 415 304

701 450 996 520 proferant,
1020 449 1220 519 quibus
1249 452 1624 505 controversia
1675 453 1926 516 solvitur,
1965 454 2056 507 sed
2089 469 2150 506 ea
2180 469 2273 521 po-

2387 473 2485 516 :at,
2516 458 2653 510 ἀλλα
2678 458 2746 509 δι’
2769 453 2844 511 ὧν
2868 457 3170 528 συγγνώμη
3194 460 3306 522 τοῖς
3339 458 3413 526 μὴ
3435 456 3755 526 δυναμένοις
3790 460 3974 527 φυλάο

696 544 805 598 tius
833 541 1034 611 quibus
1058 542 1273 595 veniam
1324 541 1612 611 impetrent
1659 543 1725 595 iis
1756 545 1852 612 qui
1893 545 2149 598 mandato
2172 545 2270 597 ob—

699 645 1004 704 temperare
1033 650 1138 687 non
1183 644 1501 704 potuerunt,
1549 635 1882 706 eosdemque
1916 638 2149 690 crimine
2174 637 2273 690 ab.

698 728 932 783 solvant.
963 726 1172 796 Quippe
1216 727 1453 782 fatentur
1481 728 1780 798 discipulos
1827 744 1934 782 non
1982 729 2079 783 illo
2109 728 2272 782 modo

694 835 804 885 quo
826 818 1024 872 eruditi
1062 818 1280 872 fuerant
1306 820 1684 888 baptizavisse,
1719 821 1810 874 sed
1838 821 1891 874 in
1921 822 2141 874 nomine
2166 821 2274 874 Do-

699 907 832 961 minl
882 907 1054 961 nostri
1095 906 1222 961 Jesu
1258 907 1465 963 Christi
1509 910 1841 979 baptismum
1883 909 2271 980 impertivlsse.

699 998 998 1053 secundum
1036 1000 1401 1054 oeconomiam
1446 1001 1736 1071 quamdam
1769 1016 1834 1056 ac
1875 1002 2272 1071 providentiam

702 1093 802 1146 hac
834 1092 1064 1146 formula
1100 1101 1318 1148 utentes
1350 1112 1362 1146 :
1413 1094 1754 1164 temporique
1783 1104 1834 1148 et
1868 1095 1921 1147 in
1959 1094 2151 1161 primis
2190 1093 2269 1146 in-

701 1185 863 1238 stanti
899 1185 1213 1249 necessitati
1246 1186 1570 1240 sententiam
1596 1185 2116 1248 accommodavisse,
2144 1185 2272 1237 dum

701 1293 767 1331 ex
792 1276 1021 1331 utilitate
1043 1286 1096 1331 et
1136 1279 1336 1344 placito
1375 1279 1772 1348 neophytorum
1801 1278 2091 1348 mysticum
2124 1277 2276 1329 hunc

702 1371 1025 1439 sacrumque
1077 1370 1240 1424 ritum
1281 1369 1757 1424 administrabant.
1803 1367 1937 1423 Nam
1978 1368 2124 1438 quod
2169 1382 2278 1437 prze

704 1458 917 1512 exteris
969 1459 1268 1512 cernebant
1311 1459 1366 1512 in
1408 1459 1556 1529 vulgi
1601 1459 1800 1513 animis
1842 1467 2137 1522 antestare,
2181 1472 2277 1512 eo-

706 1563 938 1618 rumque
961 1550 1381 1619 cOgitatlonibus
1397 1551 1861 1620 perturbationem
1890 1550 2134 1618 injicere,
2176 1548 2280 1604 hoc

708 1641 954 1710 apprime
1009 1643 1414 1710 procurandum
1490 1643 1594 1697 sibi
1645 1642 1998 1711 studioseque
2046 1656 2280 1710 praemuo

709 1730 967 1786 niendum
999 1734 1280 1803 putabant.
1330 1731 1582 1787 Jamvero
1622 1732 1929 1787 anteStabat
1971 1740 2137 1802 atque
2166 1747 2285 1784 om-

715 1823 864 1878 nium
890 1822 1209 1878 dilﬁcillima
1239 1823 1525 1879 videbatur
1548 1825 1664 1880 haec
1681 1825 1987 1888 afﬁrmatio,
2025 1825 2284 1879 Servato—
2311 1807 2362 1865 Β

714 1931 828 1972 rem
860 1914 1065 1971 scilicet
1084 1931 1206 1971 esse
1229 1915 1531 1980 Christum,
1563 1917 1941 1987 praecipueque
1969 1916 2065 1970 Dei
2087 1915 2286 1970 Filium

719 2014 773 2060 et
814 2004 982 2060 Deum
1007 2006 1235 2076 ejusque
1267 2007 1540 2063 mandatis
1569 2022 1689 2062 esse
1715 2006 2102 2062 obedientium.
2133 2005 2288 2072 Quod

715 2099 900 2168 itaque
920 2099 1090 2167 magis
1112 2099 1352 2166 indigum
1375 2099 1670 2169 magisterii
1695 2100 1969 2160 videbant,
1998 2100 2049 2152 id
2077 2100 2289 2154 ceteris

718 2188 1130 2257 praerertebant,
1156 2196 1322 2256 atque
1347 2201 1414 2240 ex
1440 2187 1604 2256 hujus
1635 2203 1822 2240 norma
1853 2187 2170 2241 initiandam
2201 2203 2290 2241 sa-

716 2281 828 2334 cris
845 2279 1249 2333 multitudinem
1267 2279 1667 2348 proselytorum
1685 2278 2096 2332 existimabant.
2111 2277 2291 2344 Quare

721 2371 1047 2439 baptismum
1074 2369 1216 2424 haud
1247 2369 1301 2422 in
1331 2367 1510 2424 Patris
1536 2377 1589 2423 et
1609 2368 1729 2422 Filii
1759 2377 1813 2420 et
1852 2366 2090 2437 Spiritus
2114 2369 2289 2422 sancti

721 2462 940 2515 nomine
961 2459 1363 2529 impertiebant,
1399 2475 1584 2512 verum
1619 2458 1850 2511 Domino
1867 2455 1991 2511 Jesu
2016 2459 2287 2520 invocato,

721 2553 1151 2624 regenerationis
1184 2553 1403 2606 lavacro
1448 2554 1584 2606 lotos
1611 2551 1787 2620 culpis
1811 2550 2116 2620 purgabant
2148 2568 2160 2604 :
2195 2551 2292 2604 ad-

724 2644 1099 2698 ministrantcs
1119 2644 1338 2712 quidem
1366 2659 1487 2697 cum
1522 2642 1735 2697 Domini
1758 2643 2104 2697 invocatione
2125 2650 2178 2696 et
2199 2657 2294 2710 ap-

725 2736 1015 2804 pellatioue
1048 2750 1269 2792 sacrum
1315 2751 1539 2798 munus,
1581 2735 1856 2805 simulque
1898 2735 2156 2790 docentes
2200 2733 2294 2800 qui

723 2828 874 2897 digni
912 2828 1012 2882 hac
1048 2827 1369 2896 purgatione
1412 2825 1665 2890 fuissent,
1701 2840 1798 2881 eos
1829 2840 1926 2894 per
1968 2826 2120 2880 illum
2166 2826 2294 2878 ado-

729 2918 965 2988 ptionem
984 2917 1244 2986 consequi
1265 2933 1279 2970 :
1302 2917 1502 2985 quippe
1517 2916 1659 2970 ﬁlios
1688 2913 1782 2968 Dei
1806 2930 1899 2983 per
1919 2914 2146 2982 gratiam
2169 2929 2294 2968 eum

2380 545 2470 611 ξαι
2493 548 2557 600 τά
2585 549 3038 617 προστεταγμένα
3061 548 3177 603 λύει
3215 550 3274 602 τὸ
3305 549 3560 618 ἔγκλημα
3586 567 3600 581 ’
3633 549 3971 619 ὁμολογοῦσι

2384 639 2481 709 μὲν
2505 639 2614 708 γὰρ
2641 642 2767 702 τοὺς
2802 640 3070 709 μαθητὰς,
3106 639 3182 709 μὴ
3210 640 3333 692 καθ’
3363 641 3424 693 δν
3447 640 3809 711 ἐδιδάχθησαν
3846 622 3975 712 τρό-

2379 750 2481 786 πον
2503 733 2804 802 βαπτίζειν·
2828 735 3111 803 βαπτίζειν
3129 734 3187 787 δὲ
3218 736 3277 786 ὲν
3291 734 3370 804 τῷ
3387 735 3610 803 ὀνόματι
3637 733 3732 787 τοῦ
3756 733 3973 803 Κυρίου

2383 825 2540 894 ἡμῶν
2583 823 2756 893 Ἰησοῦ
2774 824 3033 894 Χριστοῦ,
3066 826 3382 895 οἰκονομίας
3412 825 3556 888 τινὸς
3589 827 3685 878 καὶ
3707 826 3976 895 προνοίας

2383 918 2527 1019 λόγῳ
2557 920 2874 987 χρωμένους
2896 935 2910 949 ·
2947 919 3039 970 καὶ
3065 917 3142 987 τῷ
3161 917 3342 987 καιρῷ
3359 918 3453 971 καὶ
3477 917 3554 986 τῷ
3579 919 3975 983 κατεπείγοντι

2383 1009 2464 1061 ἑτι
2485 1006 2694 1078 ’μᾶλλον
2716 1009 2813 1078 τὴν
2844 1008 3070 1079 γνώμην
3097 1009 3382 1080 ἁρμόζειν,
3417 1006 3555 1076 πρὸς
3579 1007 3641 1060 τὸ
3685 1007 3977 1075 συμςρέρον

2383 1102 2476 1155 καὶ
2507 1101 2914 1170 εὑπαράδεκτον
2943 1104 3056 1165 τοῖς
3097 1100 3176 1170 τῷ
3206 1100 3523 1170 κηρύγματι
3551 1099 3845 1170 προσιοῦσι
3873 1097 3979 1165 τὴν

2386 1194 2655 1265 μυστικὴν
2681 1193 2886 1260 ταύτην
2930 1196 3024 1246 καὶ
3071 1193 3223 1263 ίεράν
3258 1194 3458 1259 πρᾶξιν
3486 1190 3882 1259 μεθοδεύοντας
3910 1206 3924 1220 °
3947 1189 3979 1242 δ

2383 1283 2490 1353 γὰρ
2519 1285 2629 1338 τῶν
2658 1286 2831 1338 ἀλλων
2859 1284 3060 1354 μᾶλλον
3089 1283 3276 1355 ἑώρων
3307 1286 3420 1346 τοῖς
3454 1282 3687 1353 πλήθεσι
3708 1281 3981 1348 προῖστά-

2389 1390 2548 1443 μενον
2578 1374 2673 1426 καί⁵
2699 1371 2925 1440 θόρυόον
2957 1374 3070 1433 τοῖς
3115 1372 3398 1438 λογισμοῖς
3428 1369 3609 1424 αὐτῶν
3648 1368 3979 1437 παρεχόμε-

2385 1481 2496 1529 νον,
2523 1463 2681 1517 τοῦτο
2709 1465 2794 1532 δὴ,
2816 1463 2976 1517 τοῦτο
2993 1461 3430 1532 προθεραπεύειν
3453 1477 3515 1513 τε
3543 1461 3638 1512 καὶ
3656 1475 3984 1531 προκαταρ-

2384 1556 2557 1622 τίζειν
2585 1555 2860 1610 ποιεῖσθαι
2907 1555 3228 1625 σπούδασμα
3250 1570 3265 1585 ·
3290 1553 3590 1623 προῖστατο
3617 1552 3676 1604 δὲ
3721 1552 3818 1604 καὶ
3847 1551 3979 1603 δυσ-

2386 1649 2726 1719 παράδεκτον
2750 1647 3031 1718 ὲνομιζετο
3050 1647 3333 1716 ὁμολογεῖν
3358 1662 3417 1698 τε
3440 1645 3670 1714 Σωτῆρα
3702 1643 3796 1696 τὸν
3843 1643 3982 1709 Χρι-

2389 1742 2513 1795 στὸν
2539 1743 2632 1796 xui.
2667 1741 2901 1813 μάλιστα
2929 1740 3056 1793 raw
3089 1738 3225 1792 Θεοῦ
3251 1739 3346 1792 καὶ
3366 1737 3524 1799 Θεὸν,
3557 1737 3651 1790 καὶ
3676 1738 3796 1798 τοῖς
3829 1734 3981 1787 εκεί-

2386 1849 2479 1887 νου
2506 1831 2820 1903 πειθαρχεῖν
2856 1830 3312 1901 παραγγέλμασιν
3338 1843 3352 1859 ⁶
3380 1828 3410 1880 δ
3444 1826 3627 1880 τοίνυν
3648 1827 3844 1895 ἑώρων
3877 1825 3982 1893 μά·

2387 1923 2544 1976 λιστα
2570 1921 2916 1983 διδασκαλίας
2943 1919 3220 1987 δεόμενον,
3249 1919 3427 1971 ἐκεῖνο
3449 1917 3561 1970 τῶν
3590 1915 3768 1970 ἄλλων
3801 1931 3846 1966 π
3855 1913 3981 1981 ρού-

2387 2015 2618 2079 τίθεντο,
2651 2014 2747 2066 καὶ
2791 2011 2924 2064 κατ’
2957 2011 3134 2063 ἐκεῖνο
3166 2008 3551 2079 μυσταγωγεῖν
3579 2006 3690 2058 τῶν
3718 2003 3981 2073 προσιόν.

2387 2123 2497 2159 των
2517 2105 2580 2157 τὸ
2610 2104 2814 2174 πλῆθος
2839 2100 3188 2169 ἐδοκίμαζον.
3229 2098 3324 2152 Διὸ
3354 2099 3450 2151 καὶ
3485 2096 3851 2166 βαπτίζοντες
3882 2094 3982 2146 οὐκ

2391 2198 2468 2258 είς
2495 2196 2736 2266 Πατέρα,
2774 2195 2868 2248 καὶ
2901 2194 3048 2256 Υίὸν,
3081 2192 3177 2246 καὶ
3209 2190 3438 2259 Πνεῦμα
3469 2190 3626 2257 ἀγιον
3656 2185 3981 2249 ὲῦάπτιζον,

2390 2289 2525 2342 ἀλλά
2549 2289 2642 2340 τὸν
2668 2285 2870 2356 Κύριον
2911 2285 3116 2354 Ἰησοῦν
3154 2281 3604 2352 ἐπικαλούμενοι,
3633 2279 3712 2349 τῷ
3759 2275 3983 2346 λουτρῷ

2391 2380 2486 2450 τὴς
2509 2377 2926 2446 παλιγγενεσίας
2954 2375 3063 2428 τῶν
3085 2374 3450 2443 μολυσμάτων
3475 2373 3598 2433 τοὺς
3621 2370 3984 2438 λελουμένους

2392 2472 2725 2541 ἐκάθαιρονο
2776 2468 3188 2541 ἱερουργοῦντες
3233 2468 3333 2536 μὲν
3388 2469 3454 2536 τῇ
3496 2465 3592 2517 τοῦ
3641 2463 3983 2517 Διδασκάλου

2395 2562 2586 2631 κλήσει
2628 2561 2720 2613 κει.)⁸
2742 2561 3011 2628 ὀνομασία
3043 2559 3104 2612 τὸ
3133 2557 3308 2628 δῶρον
3331 2572 3347 2588 ο
3372 2555 3440 2608 δι’
3469 2555 3634 2609 αὑτοῦ
3665 2555 3724 2606 δὲ
3757 2553 3844 2614 είς
3877 2554 3986 2604 uio-

2395 2653 2583 2706 θεσίαν
2621 2653 2748 2714 τοὺς
2793 2651 3149 2718 ἀξιουμένους
3175 2650 3276 2716 τῆς
3324 2647 3644 2716 καθάρσεως
3693 2644 3986 2698 διδάσκον·

2393 2761 2485 2808 τες
2517 2741 2949 2810 καταλέγεσθαιο
2982 2741 3132 2804 υἱοὺς
3156 2740 3213 2793 δὲ
3233 2740 3369 2792 Θεοῦ
3412 2739 3555 2792 κατά
3575 2738 3738 2809 χάριν
3768 2739 3988 2790 ἐκεῖνον

2399 2836 2559 2906 μόνον
2591 2833 2852 2888 δύνασθαι
2888 2834 3086 2897 ποιεῖν,
3194 2830 3337 2883 κατὰ
3365 2829 3529 2898 φύσιν
3580 2845 3640 2881 τε
3674 2828 3770 2881 καί
3803 2829 3866 2892 ἐξ
3902 2827 3987 2878 ἀί-

2395 2925 2507 2978 δίου
2531 2924 2592 2976 τὸ
2623 2923 2722 2994 τῆς
2749 2922 2997 2992 υίότητος
3035 2921 3132 2974 καὶ
3174 2919 3430 2988 θεότητος
3486 2918 3796 2986 ἐνυπῆρχεν
3817 2915 3989 2981 ἀξίω-

729 3006 1108 3061 tantummodo
1137 3019 1297 3074 posse
1327 3019 1608 3074 arrogare,
1644 3004 1734 3058 cui
1767 3004 2089 3057 naturaliter
2135 3013 2294 3072 atque

2403 3033 2479 3085 μα
2497 3032 2511 3046 '
2542 3013 2608 3067 δι’
2633 3007 2694 3067 οῦ
2735 3015 2831 3066 καὶ
2854 3013 2914 3065 τὸ
2944 3011 3205 3081 ὁμογενὲς
3243 3010 3418 3080 Πατρὶ⁵
3447 3011 3542 3061 καὶ
3567 3006 3679 3076 Υίῷ
3713 3007 3811 3060 καὶ
3841 3006 3986 3073 ἁγίῳ

728 3101 797 3155 ab
830 3108 1033 3154 aeterno
1061 3096 1183 3151 Filii
1211 3108 1373 3167 atque
1396 3096 1488 3152 Dei
1510 3097 1745 3167 dignitas
1767 3097 1911 3150 inest
1948 3113 1961 3148 :
1993 3110 2099 3164 qua
2142 3110 2210 3148 ex
2241 3112 2294 3149 re

2401 3107 2680 3176 Πνεύματι
2722 3103 3110 3175 συνθεωρεῖται
3149 3103 3242 3155 καὶ
3274 3101 3748 3171 συναναφαίνεται.
3778 3101 3846 3151 Ui
3877 3099 3990 3150 τοί-

728 3153 936 3244 natura:
977 3204 1197 3259 quoque
1238 3153 1420 3242 unitas
1471 3153 1647 3242 Patris
1702 3194 1755 3241 et
1789 3184 1909 3240 Filii
1954 3153 2024 3239 ac
2064 3183 2294 3254 Spiritus

2402 3153 2679 3176 ““””Ι””⁷”“’
2728 3153 3107 3175 ”’⁷“⁷“ι”*’-ν’
3154 3153 3201 3155 "'
3285 3153 3293 3154 ί
3382 3153 3427 3154 "
3491 3153 3504 3171 1

2405 3220 2499 3254 νυν
2524 3202 2625 3270 τὴν
2658 3199 2932 3253 υἱοθεσίαν
2967 3197 3058 3250 διὰ
3098 3196 3195 3249 τοῦ
3245 3195 3393 3265 Υίοῦ,
3408 3195 3801 3255 πιστεύσαντες
3837 3192 3994 3256 δέξα-

732 3282 906 3338 sancti
937 3281 1277 3350 conspicitur
1313 3289 1476 3349 atque
1494 3278 1743 3349 patescit.
1775 3276 1894 3332 Jam
1925 3277 2017 3346 qui
2056 3276 2294 3347 adoptio-

2407 3293 2552 3357 σθαι,
2576 3291 2686 3345 οὐδ’
2704 3293 2786 3345 ὅτι
2810 3290 2943 3351 Θεός
2970 3292 3116 3342 ἐστιν
3136 3290 3164 3341 ό
3181 3285 3384 3357 ταύτην
3404 3286 3744 3357 δωρούμενος
3769 3283 3994 3355 βραδεῖς

734 3387 858 3426 nem
880 3387 938 3427 se
982 3387 1077 3441 per
1113 3370 1310 3425 Filium
1341 3377 1664 3425 consecutos
1715 3368 2024 3432 credebant,
2070 3382 2168 3420 eos
2209 3381 2294 3435 pa:

2408 3385 2474 3438 ἂν
2525 3383 2740 3452 ὀφθεῖεν
2758 3378 3272 3451 συγκατατίθεσθαι.
3322 3377 3480 3432 Οῦτω
3530 3377 3628 3447 μὲν
3657 3373 3750 3430 οὖν
3779 3374 3993 3444 ἐπῆλθὲ

735 3473 851 3519 erat
879 3465 945 3519 de
963 3464 1083 3533 ejus
1112 3475 1334 3533 quoque
1381 3461 1685 3526 divinitate,
1717 3461 1809 3528 qui
1849 3461 1902 3514 id
1938 3462 2139 3515 donum
2174 3474 2294 3514 con-

2407 3490 2516 3526 τισι
2541 3471 2637 3541 τὴν
2668 3472 2906 3542 ἀπορίαν
2937 3466 3278 3522 ἐπιλύεσθαι.

737 3556 955 3620 tulerat,
977 3555 1119 3608 haud
1150 3560 1368 3625 gravate
1389 3551 1666 3607 assentiri.
1688 3549 1781 3604 Sic
1809 3552 1993 3618 itaque
2023 3549 2304 3604 nonnullis

737 3647 913 3702 visum
947 3653 1031 3700 est
1050 3643 1477 3700 controversiam
1507 3643 1646 3696 hanc
1673 3643 1947 3696 dirimere.

808 3738 863 3793 2.
891 3736 1002 3807 Ego
1025 3751 1152 3790 vero
1169 3734 1314 3790 haud
1346 3735 1488 3804 petis
1517 3749 1639 3788 sum
1669 3733 1988 3803 intelligere,
2008 3734 2294 3803 quidquan

2484 3744 2534 3811 β.
2577 3741 2718 3808 Ἐγὼ
2744 3740 2800 3793 δὲ
2825 3741 2926 3793 οὐκ
2964 3739 3083 3808 εἰμὶ
3124 3737 3349 3802 δυνατὸς
3379 3738 3610 3807 συνορᾷν
3653 3736 3770 3799 πῶς
3813 3734 3882 3789 ἄν
3909 3752 3997 3798 τις

742 3832 923 3901 aptius
954 3844 1076 3885 esse
1116 3829 1288 3893 aliud,
1315 3827 1461 3896 quod
1493 3827 1692 3882 nedum
1738 3827 1937 3882 nodum
1971 3827 2114 3881 haud
2148 3841 2294 3895 expet

2417 3832 2618 3904 μᾶλλον
2655 3831 2721 3885 δι’
2756 3831 2961 3900 ἑτέρων
2986 3831 3019 3900 ἢ
3048 3831 3140 3884 διά
3174 3828 3380 3881 τούτων
3407 3830 3532 3884 ἀντὶ
3585 3826 3680 3879 τοῦ
3711 3827 3884 3890 λύειν,
3917 3826 3999 3878 δε-

745 3925 878 3988 diat,
932 3922 1026 3978 sed
1071 3923 1254 3991 potius
1289 3920 1544 3990 laqueum
1594 3921 1824 3990 injiciat.
1864 3928 1917 3974 et
1945 3920 2164 3990 quidem
2204 3935 2294 3973 nor

2417 3923 2553 3993 σμδν
2575 3919 2890 3975 ἐπιϐάλλειν
2907 3919 3216 3989 πειραθείη,
3229 3921 3330 3972 οὐκ
3345 3918 3631 3971 ἀσθενέστε
3642 3934 3733 3985 ρον
3747 3917 3844 3969 τοῦ
3863 3933 4001 3983 προσ

746 4017 1121 4076 inllrmiorem,
1155 4028 1220 4069 eo
1249 4013 1342 4083 qui
1375 4029 1537 4082 supra
1573 4022 1905 4066 memoratus
1934 4023 2034 4072 est.
2084 4014 2148 4065 ac!
2181 4028 2294 4065 cont

2414 4013 2578 4083 τέρου
2623 4010 2956 4082 συμπλέκειν
2981 4011 3041 4064 τὸ
3088 4010 3292 4079 ἄπορον
3327 4010 3463 4077 (59).
3506 4008 3841 4078 Κατασκευὴ
3887 4008 3997 4076 γὰρ

749 4106 1117 4176 stringemlam
1150 4104 1540 4157 controversia:
1581 4099 1975 4154 difficultatem.
2024 4099 2139 4153 Ιιιιυ
2190 4115 2294 4151 veri

2422 4106 2622 4176 μᾶλλον
2650 4103 2716 4157 ἂν
2742 4102 2828 4172 εἴη
2854 4103 3014 4157 τοῦτο
3036 4103 3132 4155 καλ⁸
3155 4102 3304 4155 αίτία
3329 4102 3430 4169 τῆς
3450 4101 3560 4154 τῶν
3593 4100 3858 4170 μαθητῶν
3886 4101 4000 4152 δια-

746 4195 1141 4253 demonstratio
1176 4195 1293 4249 haec
1321 4194 1423 4247 erit
1445 4204 1607 4262 atque
1633 4192 1906 4246 accusatio
1934 4191 2294 4245 dissidentiun

2420 4194 2625 4263 φωνίας
2655 4193 2788 4263 πρὸς
2815 4193 2906 4246 τὸν
2930 4192 3267 4247 διδάσκαλον.
3315 4193 3376 4245 ’Π
3413 4192 3525 4262 γὰρ
3562 4192 3714 4244 αἰτία
3753 4189 3851 4243 τοῦ
3883 4192 3999 4244 δια-

746 4306 811 4345 ac
853 4288 1113 4358 magistro
1149 4285 1565 4354 discipulorum.
1608 4282 1744 4335 Nam
1793 4297 1960 4337 causa
2009 4281 2289 4336 dissidend

2421 4288 2640 4356 φωνεῖν,
2663 4285 2723 4337 οὐ
2762 4285 2862 4353 μὲν
2889 4281 2983 4336 οὖν
3031 4286 3130 4337 οὐκ
3163 4283 3277 4336 ἐστι
3309 4283 3410 4352 τῆς
3440 4282 3739 4350 διαφωνίας
3769 4285 3998 4352 ἀναίρε-

752 4379 894 4434 haud
928 4388 1013 4433 est
1041 4377 1294 4446 equidem
1321 4375 1677 4429 dissonantia:
1707 4373 2011 4440 abrogatio,
2053 4372 2144 4425 sed
2173 4371 2289 4440 judi

2423 4395 2526 4443 σις,
2553 4377 2686 4430 ἀλλά
2714 4377 2808 4429 καὶ
2839 4374 3018 4444 κρίσιν
3047 4375 3222 4446 ταύτῃ
3256 4375 3573 4434 συνάπτειν,
3607 4376 3699 4427 καὶ
3741 4373 3840 4426 τοῦ
3903 4378 4002 4426 Δε-

748 4472 894 4529 cium
918 4472 985 4525 de
1003 4485 1061 4523 re
1081 4467 1483 4537 interpositum,
1502 4464 1771 4535 etproprii
1793 4464 2002 4518 arbitrii
2025 4463 2294 4517 Dominica

2387 4488 2394 4525 l
2423 4467 2684 4521 σποτικοῦ
2711 4467 3056 4536 φρονήματος
3085 4466 3171 4518 διὰ
3218 4466 3447 4535 μελέτης
3475 4467 3537 4517 τὸ
3579 4468 3779 4518 οίκεῖον
3811 4465 4002 4517 ἀνθαι-

751 4560 1020 4618 voluntati
1073 4557 1444 4629 praemeditata
1497 4556 1759 4626 praelatio.
1825 4554 2084 4622 Quanam
2133 4564 2294 4613 auten

2427 4557 2654 4628 ρεῖσθαι.
2689 4559 2753 4611 Τί
2773 4556 2818 4609 δ’
2851 4556 2917 4610 ἂν
2933 4555 3031 4610 καὶ
3059 4556 3246 4626 ἓτερον
3266 4555 3374 4608 τῶν
3392 4557 3833 4623 κατεπειγόντων
3864 4559 3999 4625 μᾶλ-

750 4654 967 4728 gravior
989 4651 1288 4707 necessitas
1309 4658 1415 4713 est,
1457 4663 1620 4718 quam
1647 4658 1705 4702 ut
1731 4663 1886 4702 sacra
1921 4648 2148 4703 scientia
2200 4663 2286 4701 ma

2424 4650 2513 4702 λον
2541 4648 2628 4717 εἰη
2665 4647 2766 4716 τῆς
2811 4647 3169 4718 θεολογούσης
3217 4649 3582 4716 ὲκφαντορὲας
3638 4649 3734 4701 καὶ
3789 4650 3852 4701 τὸ
3903 4651 4000 4718 τῆς

753 4743 1061 4806 uifestetur,
1105 4749 1271 4809 atque
1321 4747 1379 4792 ut
1429 4736 1719 4790 Trinitatis
1763 4745 1956 4789 natura
2000 4750 2106 4788 una
2132 4736 2294 4805 visqul

2426 4741 2653 4812 Τριάδος
2701 4741 2940 4810 ὁμοφυες
2987 4742 3081 4794 καὶ
3134 4739 3475 4809 όμοδύναμον
3532 4743 4001 4810 συνεπτυγμένοις

756 4851 860 4889 una
910 4832 1222 4901 conjunctis
1268 4829 1582 4883 nominibus
1627 4825 1938 4881 reveletur?
1996 4824 2060 4878 Et
2101 4826 2294 4894 quidem

2429 4830 2912 4901 ἀνακαλυπτούσης
2937 4831 3192 4899 ὀνόμασις
3227 4829 3339 4882 Καὶ
3366 4828 3485 4882 τότε
3523 4833 4001 4898 μυσταγωγουμέ-

754 4925 1004 4993 discipuli
1031 4921 1172 4976 haud
1209 4932 1456 4974 recenter
1499 4918 1696 4972 initiati
1733 4915 1971 4979 fuerant,
2006 4931 2181 4985 neque
2224 4916 2294 4969 im

2421 4941 2531 4985 νοις
2553 4923 2652 4975 οὐκ
2681 4924 2737 4974 ἐν
2768 4924 2934 4992 ἀρχῇ,
2956 4924 3017 4973 οὐ
3048 4921 3155 4974 τῶν
3189 4921 3449 4988 μαθητῶν
3475 4923 3535 4974 εν
3564 4920 3640 4989 τῷ
3669 4922 3856 4973 ἀτελεῖ
3882 4921 3999 4973 δια·

759 5013 994 5084 pcrfecta
1031 5012 1210 5066 adhuc
1245 5009 1558 5064 conditione
1585 5016 1760 5069 erant,
1812 5022 1985 5076 neque
2017 5007 2286 5060 voluntari

2422 5014 2692 5084 κειμένων
2719 5013 2821 5077 ἔτι,
2852 5013 2972 5066 οὐδὲ
3009 5012 3119 5064 τῶν
3161 5013 3424 5065 ἑκουσίων
3455 5013 3549 5065 καὶ
3581 5014 3869 5080 σωτηρίων
3898 5029 4002 5063 πα-

759 5104 1066 5158 Servatoris
1094 5103 1275 5172 passio
1331 5115 1439 5154 non
1499 5099 1672 5152 fuerat
1725 5108 1964 5167 peracta,
2012 5113 2186 5168 neque
2222 5107 2294 5168 tetl

2424 5104 2532 5158 θῶν
2579 5103 2944 5158 ἐπιτελεῖσθαι
2989 5102 3313 5170 μελλόντων,
3365 5103 3461 5154 καὶ
3489 5101 3888 5164 συσκιάζεσθαι
3924 5100 4003 5168 τῷ

765 5214 936 5266 usque
972 5197 1039 5250 ad
1073 5206 1284 5265 tempus
1307 5195 1560 5248 idoneum
1587 5208 1797 5248 summa
1829 5200 2196 5247 controversae
2231 5192 2328 5246 do-

763 5291 953 5342 ctrina:
997 5289 1187 5343 notitia
1240 5286 1349 5355 jam
1392 5285 1751 5355 postulabat:
1789 5285 1880 5338 sed
1915 5297 2041 5353 post
2083 5300 2324 5348 crucem,

766 5385 882 5444 post
921 5393 1133 5442 necent,
1175 5386 1296 5447 post
1325 5377 1684 5446 sepulturam,
1717 5388 1841 5445 post
1870 5373 2171 5430 inferorqu
2206 5391 2327 5446 rcg-

2433 5195 2609 5265 καιρῷ
2634 5195 2732 5264 τῆς
2758 5194 3045 5264 ἀκριϐείας
3065 5195 3162 5264 τῆς
3185 5195 3244 5245 ὲν
3266 5193 3442 5260 κρίσει
3468 5193 3821 5255 διδασκαλίας
3839 5194 4002 5245 ἀπαι-

2432 5287 2656 5358 τούσης’
2709 5285 2845 5339 ἀλλὰ
2900 5286 3036 5356 μετά
3063 5286 3153 5339 τὸν
3187 5285 3439 5355 σταυρὸν,
3481 5286 3619 5355 μετά
3663 5286 3764 5352 τὴν
3798 5285 3996 5353 ταφὴν,

2440 5377 2579 5446 μετά
2609 5378 2670 5430 τὸ
2702 5377 3060 5448 σκυλευθῆναι
3103 5378 3172 5430 τὰ
3197 5376 3290 5430 τοῦ
3329 5377 3457 5448 ᾅδου
3489 5375 3760 5446 βασίλεια,
3795 5375 3892 5428 καὶ
3919 5374 4001 5427 δερ

2259 5551 2489 5606 πυτρις.
2802 5585 2833 5618 ,

842 5738 949 5807 (59)
986 5734 1091 5794 Nos
1115 5737 1230 5792 Itali
1259 5734 1495 5790 dicimus
1525 5750 1676 5787 suum
1712 5733 1946 5802 pcggiore
1978 5732 2114 5784 delia
2151 5733 2320 5801 colpa.
