  <div class='ocr_page' id='page_1' title='image "/cluster/home/n/w/nwhite01/storage/ocr_20150623/101/nnc1.0046980164/176.png"; bbox 0 0 4202 6442; ppageno 0'>
   <div class='ocr_carea' id='block_1_1' title="bbox 161 441 272 503">
    <p class='ocr_par' dir='ltr' id='par_1_1' title="bbox 161 441 272 503">
     <span class='ocr_line' id='line_1_1' title="bbox 161 441 272 503; baseline 0 0"><span class='ocrx_word' id='word_1_1' title='bbox 161 441 272 503; x_wconf 79' lang='lat'><strong>305</strong></span> 
     </span>
    </p>
   </div>
   <div class='ocr_carea' id='block_1_2' title="bbox 1137 438 2476 509">
    <p class='ocr_par' dir='ltr' id='par_1_2' title="bbox 1137 438 2476 509">
     <span class='ocr_line' id='line_1_2' title="bbox 1137 438 2476 509; baseline 0.002 -12"><span class='ocrx_word' id='word_1_2' title='bbox 1137 441 1235 498; x_wconf 84' lang='lat' dir='ltr'><strong>AD</strong></span> <span class='ocrx_word' id='word_1_3' title='bbox 1262 439 1849 501; x_wconf 79' lang='lat' dir='ltr'><strong>AMPHILOCHIUM</strong></span> <span class='ocrx_word' id='word_1_4' title='bbox 1878 438 2223 509; x_wconf 64' lang='lat' dir='ltr'><strong>QUAESTIO</strong></span> <span class='ocrx_word' id='word_1_5' title='bbox 2262 442 2476 500; x_wconf 81' lang='lat' dir='ltr'><strong>XLIII.</strong></span> 
     </span>
    </p>
   </div>
   <div class='ocr_carea' id='block_1_3' title="bbox 3310 444 3417 505">
    <p class='ocr_par' dir='ltr' id='par_1_3' title="bbox 3310 444 3417 505">
     <span class='ocr_line' id='line_1_3' title="bbox 3310 444 3417 505; baseline -0.009 0"><span class='ocrx_word' id='word_1_6' title='bbox 3310 444 3417 505; x_wconf 85' lang='lat'><strong>306</strong></span> 
     </span>
    </p>
   </div>
   <div class='ocr_carea' id='block_1_4' title="bbox 169 547 1746 620">
    <p class='ocr_par' dir='ltr' id='par_1_4' title="bbox 169 547 1740 620">
     <span class='ocr_line' id='line_1_4' title="bbox 169 547 1740 620; baseline -0.002 -17"><span class='ocrx_word' id='word_1_7' title='bbox 169 554 331 620; x_wconf 89' lang='grc' dir='ltr'>σμοῖς</span> <span class='ocrx_word' id='word_1_8' title='bbox 360 548 577 612; x_wconf 75' lang='grc' dir='ltr'><strong>ἀλύτοις</strong></span> <span class='ocrx_word' id='word_1_9' title='bbox 629 547 1001 617; x_wconf 77' lang='grc' dir='ltr'><strong>παραδοθῆναι</strong></span> <span class='ocrx_word' id='word_1_10' title='bbox 1029 548 1119 601; x_wconf 83' lang='grc' dir='ltr'><strong>τδν</strong></span> <span class='ocrx_word' id='word_1_11' title='bbox 1148 549 1407 619; x_wconf 72' lang='grc' dir='ltr'>πολέμιον</span> <span class='ocrx_word' id='word_1_12' title='bbox 1423 549 1535 601; x_wconf 83' lang='grc' dir='ltr'>τοῦ·</span> <span class='ocrx_word' id='word_1_13' title='bbox 1551 550 1740 615; x_wconf 83' lang='grc' dir='ltr'>γένους</span> 
     </span>
    </p>
   </div>
   <div class='ocr_carea' id='block_1_5' title="bbox 1842 547 3417 620">
    <p class='ocr_par' dir='ltr' id='par_1_5' title="bbox 1843 550 3417 619">
     <span class='ocr_line' id='line_1_5' title="bbox 1843 550 3417 619; baseline 0.004 -20"><span class='ocrx_word' id='word_1_14' title='bbox 1843 564 2009 618; x_wconf 91' lang='lat' dir='ltr'><strong>gnum</strong></span> <span class='ocrx_word' id='word_1_15' title='bbox 2030 550 2322 616; x_wconf 87' lang='lat' dir='ltr'><strong>direptum,</strong></span> <span class='ocrx_word' id='word_1_16' title='bbox 2347 560 2467 618; x_wconf 89' lang='lat' dir='ltr'><strong>post</strong></span> <span class='ocrx_word' id='word_1_17' title='bbox 2490 554 2701 619; x_wconf 77' lang='lat' dir='ltr'><strong>generis</strong></span> <span class='ocrx_word' id='word_1_18' title='bbox 2722 550 2897 604; x_wconf 91' lang='lat' dir='ltr'><strong>nostri</strong></span> <span class='ocrx_word' id='word_1_19' title='bbox 2923 550 3131 605; x_wconf 78' lang='lat' dir='ltr'><strong>hostem</strong></span> <span class='ocrx_word' id='word_1_20' title='bbox 3154 552 3417 607; x_wconf 78' lang='lat' dir='ltr'><strong>insolubi-</strong></span> 
     </span>
    </p>
   </div>
   <div class='ocr_carea' id='block_1_6' title="bbox 164 638 1745 713">
    <p class='ocr_par' dir='ltr' id='par_1_6' title="bbox 164 638 1745 713">
     <span class='ocr_line' id='line_1_6' title="bbox 164 638 1745 713; baseline 0.001 -23"><span class='ocrx_word' id='word_1_21' title='bbox 164 640 345 713; x_wconf 77' lang='grc' dir='ltr'>ἡμῶν,</span> <span class='ocrx_word' id='word_1_22' title='bbox 405 639 565 709; x_wconf 80' lang='grc' dir='ltr'>ἡνίκα</span> <span class='ocrx_word' id='word_1_23' title='bbox 600 638 694 690; x_wconf 87' lang='grc' dir='ltr'><strong>τοῦ</strong></span> <span class='ocrx_word' id='word_1_24' title='bbox 761 639 934 705; x_wconf 90' lang='grc' dir='ltr'>τάφου</span> <span class='ocrx_word' id='word_1_25' title='bbox 982 638 1180 708; x_wconf 78' lang='grc' dir='ltr'><strong>ἀνέστη</strong></span> <span class='ocrx_word' id='word_1_26' title='bbox 1231 640 1327 691; x_wconf 73' lang='grc' dir='ltr'>καὶ</span> <span class='ocrx_word' id='word_1_27' title='bbox 1378 639 1478 708; x_wconf 82' lang='grc' dir='ltr'>τὴν</span> <span class='ocrx_word' id='word_1_28' title='bbox 1558 639 1745 707; x_wconf 81' lang='grc' dir='ltr'>κοινὴν</span> 
     </span>
    </p>
   </div>
   <div class='ocr_carea' id='block_1_7' title="bbox 166 725 1746 798">
    <p class='ocr_par' dir='ltr' id='par_1_7' title="bbox 166 725 1746 798">
     <span class='ocr_line' id='line_1_7' title="bbox 166 725 1746 798; baseline 0.001 -16"><span class='ocrx_word' id='word_1_29' title='bbox 166 728 466 782; x_wconf 76' lang='grc' dir='ltr'><strong>ἀνάστασιν</strong></span> <span class='ocrx_word' id='word_1_30' title='bbox 510 728 833 789; x_wconf 82' lang='grc' dir='ltr'>ἐνεκαίνισε,</span> <span class='ocrx_word' id='word_1_31' title='bbox 885 725 1006 779; x_wconf 86' lang='grc' dir='ltr'>τότε</span> <span class='ocrx_word' id='word_1_32' title='bbox 1056 727 1119 798; x_wconf 75' lang='grc' dir='ltr'>δὴ</span> <span class='ocrx_word' id='word_1_33' title='bbox 1175 727 1299 780; x_wconf 87' lang='grc' dir='ltr'>τότε</span> <span class='ocrx_word' id='word_1_34' title='bbox 1336 728 1435 798; x_wconf 76' lang='grc' dir='ltr'>τὴν</span> <span class='ocrx_word' id='word_1_35' title='bbox 1495 730 1746 793; x_wconf 82' lang='grc' dir='ltr'>ἐξουσίαν</span> 
     </span>
    </p>
   </div>
   <div class='ocr_carea' id='block_1_8' title="bbox 168 818 1744 889">
    <p class='ocr_par' dir='ltr' id='par_1_8' title="bbox 168 818 1744 889">
     <span class='ocr_line' id='line_1_8' title="bbox 168 818 1744 889; baseline 0.002 -19"><span class='ocrx_word' id='word_1_36' title='bbox 168 819 427 871; x_wconf 86' lang='grc' dir='ltr'>ἀπάντων</span> <span class='ocrx_word' id='word_1_37' title='bbox 456 818 563 869; x_wconf 89' lang='grc' dir='ltr'><strong>τῶν</strong></span> <span class='ocrx_word' id='word_1_38' title='bbox 609 818 869 884; x_wconf 72' lang='grc' dir='ltr'><strong>ἐπιγείων</strong></span> <span class='ocrx_word' id='word_1_39' title='bbox 919 818 1015 870; x_wconf 71' lang='grc' dir='ltr'>καὶ</span> <span class='ocrx_word' id='word_1_40' title='bbox 1040 818 1150 871; x_wconf 77' lang='grc' dir='ltr'><strong>τῶν</strong></span> <span class='ocrx_word' id='word_1_41' title='bbox 1204 820 1471 889; x_wconf 79' lang='grc' dir='ltr'><strong>οὐρανίων</strong></span> <span class='ocrx_word' id='word_1_42' title='bbox 1515 822 1544 871; x_wconf 88' lang='grc' dir='ltr'><strong>ό</strong></span> <span class='ocrx_word' id='word_1_43' title='bbox 1586 822 1744 889; x_wconf 88' lang='grc' dir='ltr'>φύσει</span> 
     </span>
    </p>
   </div>
   <div class='ocr_carea' id='block_1_9' title="bbox 168 903 1743 976">
    <p class='ocr_par' dir='ltr' id='par_1_9' title="bbox 168 903 1743 976">
     <span class='ocr_line' id='line_1_9' title="bbox 168 903 1743 976; baseline 0.005 -23"><span class='ocrx_word' id='word_1_44' title='bbox 168 905 375 973; x_wconf 86' lang='grc' dir='ltr'>ταύτην</span> <span class='ocrx_word' id='word_1_45' title='bbox 405 903 542 970; x_wconf 69' lang='grc' dir='ltr'>ἔχων</span> <span class='ocrx_word' id='word_1_46' title='bbox 570 906 636 971; x_wconf 80' lang='grc' dir='ltr'>τῇ</span> <span class='ocrx_word' id='word_1_47' title='bbox 669 904 821 973; x_wconf 78' lang='grc' dir='ltr'>θεῑκῇ</span> <span class='ocrx_word' id='word_1_48' title='bbox 862 905 957 957; x_wconf 73' lang='grc' dir='ltr'>καὶ</span> <span class='ocrx_word' id='word_1_49' title='bbox 990 905 1133 958; x_wconf 81' lang='grc' dir='ltr'><strong>κατά</strong></span> <span class='ocrx_word' id='word_1_50' title='bbox 1154 906 1215 958; x_wconf 82' lang='grc' dir='ltr'><strong>τδ</strong></span> <span class='ocrx_word' id='word_1_51' title='bbox 1243 906 1583 976; x_wconf 88' lang='grc' dir='ltr'>ἀνθρώπινον</span> <span class='ocrx_word' id='word_1_52' title='bbox 1612 912 1743 961; x_wconf 85' lang='grc' dir='ltr'>ἀνα-</span> 
     </span>
    </p>
   </div>
   <div class='ocr_carea' id='block_1_10' title="bbox 167 994 1744 1071">
    <p class='ocr_par' dir='ltr' id='par_1_10' title="bbox 167 994 1744 1071">
     <span class='ocr_line' id='line_1_10' title="bbox 167 994 1744 1071; baseline 0.006 -26"><span class='ocrx_word' id='word_1_53' title='bbox 167 995 459 1061; x_wconf 76' lang='grc' dir='ltr'><strong>δεξάμενος</strong></span> <span class='ocrx_word' id='word_1_54' title='bbox 483 1036 496 1058; x_wconf 83' lang='grc'><strong>,</strong></span> <span class='ocrx_word' id='word_1_55' title='bbox 522 996 643 1047; x_wconf 85' lang='grc' dir='ltr'>τότε</span> <span class='ocrx_word' id='word_1_56' title='bbox 676 995 769 1046; x_wconf 79' lang='grc' dir='ltr'>τὸν</span> <span class='ocrx_word' id='word_1_57' title='bbox 808 994 1086 1061; x_wconf 74' lang='grc' dir='ltr'>βασιλικὸν</span> <span class='ocrx_word' id='word_1_58' title='bbox 1115 997 1304 1052; x_wconf 87' lang='grc' dir='ltr'>τοῦτον</span> <span class='ocrx_word' id='word_1_59' title='bbox 1345 1001 1439 1052; x_wconf 77' lang='grc' dir='ltr'>καὶ</span> <span class='ocrx_word' id='word_1_60' title='bbox 1480 1004 1744 1071; x_wconf 83' lang='grc' dir='ltr'>σωτήριον</span> 
     </span>
    </p>
   </div>
   <div class='ocr_carea' id='block_1_11' title="bbox 170 1084 1744 1160">
    <p class='ocr_par' dir='ltr' id='par_1_11' title="bbox 170 1084 1744 1160">
     <span class='ocr_line' id='line_1_11' title="bbox 170 1084 1744 1160; baseline 0.006 -23"><span class='ocrx_word' id='word_1_61' title='bbox 170 1085 362 1153; x_wconf 85' lang='grc' dir='ltr'>νόμον,</span> <span class='ocrx_word' id='word_1_62' title='bbox 394 1086 496 1137; x_wconf 75' lang='grc' dir='ltr'>οὐκ</span> <span class='ocrx_word' id='word_1_63' title='bbox 525 1088 583 1137; x_wconf 91' lang='grc' dir='ltr'><strong>ἐν</strong></span> <span class='ocrx_word' id='word_1_64' title='bbox 608 1084 768 1148; x_wconf 76' lang='grc' dir='ltr'>πλαξὶ</span> <span class='ocrx_word' id='word_1_65' title='bbox 790 1086 1039 1152; x_wconf 85' lang='grc' dir='ltr'>λιθίναις,</span> <span class='ocrx_word' id='word_1_66' title='bbox 1076 1089 1189 1141; x_wconf 85' lang='grc' dir='ltr'>ἀλλ’</span> <span class='ocrx_word' id='word_1_67' title='bbox 1224 1093 1285 1147; x_wconf 75' lang='grc' dir='ltr'><strong>ἐν</strong></span> <span class='ocrx_word' id='word_1_68' title='bbox 1306 1088 1471 1155; x_wconf 71' lang='grc' dir='ltr'>πλαξὶ</span> <span class='ocrx_word' id='word_1_69' title='bbox 1497 1094 1744 1160; x_wconf 88' lang='grc' dir='ltr'>κρείττο-</span> 
     </span>
    </p>
   </div>
   <div class='ocr_carea' id='block_1_12' title="bbox 170 1172 1745 1245">
    <p class='ocr_par' dir='ltr' id='par_1_12' title="bbox 170 1172 1745 1245">
     <span class='ocr_line' id='line_1_12' title="bbox 170 1172 1745 1245; baseline 0.005 -20"><span class='ocrx_word' id='word_1_70' title='bbox 170 1189 258 1226; x_wconf 91' lang='grc' dir='ltr'><strong>σιν</strong></span> <span class='ocrx_word' id='word_1_71' title='bbox 291 1174 321 1243; x_wconf 78' lang='grc' dir='ltr'>ἢ</span> <span class='ocrx_word' id='word_1_72' title='bbox 359 1172 608 1243; x_wconf 71' lang='grc' dir='ltr'>μετέχειν</span> <span class='ocrx_word' id='word_1_73' title='bbox 655 1175 786 1245; x_wconf 76' lang='grc' dir='ltr'>ὓλης</span> <span class='ocrx_word' id='word_1_74' title='bbox 825 1176 1230 1243; x_wconf 85' lang='grc' dir='ltr'>ἐπιγείου,ταῖς</span> <span class='ocrx_word' id='word_1_75' title='bbox 1277 1178 1387 1231; x_wconf 91' lang='grc' dir='ltr'><strong>τῶν</strong></span> <span class='ocrx_word' id='word_1_76' title='bbox 1431 1180 1745 1235; x_wconf 75' lang='grc' dir='ltr'>ἀποστόλων</span> 
     </span>
    </p>
   </div>
   <div class='ocr_carea' id='block_1_13' title="bbox 166 1264 1743 1339">
    <p class='ocr_par' dir='ltr' id='par_1_13' title="bbox 166 1264 1743 1339">
     <span class='ocr_line' id='line_1_13' title="bbox 166 1264 1743 1339; baseline 0.007 -23"><span class='ocrx_word' id='word_1_77' title='bbox 166 1264 433 1328; x_wconf 76' lang='grc' dir='ltr'>διανοίαις</span> <span class='ocrx_word' id='word_1_78' title='bbox 463 1266 788 1335; x_wconf 81' lang='grc' dir='ltr'>ἐνεχάραξεν</span> <span class='ocrx_word' id='word_1_79' title='bbox 815 1284 829 1297; x_wconf 91' lang='grc'><strong>·</strong></span> <span class='ocrx_word' id='word_1_80' title='bbox 864 1269 1027 1320; x_wconf 79' lang='grc' dir='ltr'>οἱονεὶ</span> <span class='ocrx_word' id='word_1_81' title='bbox 1060 1269 1379 1339; x_wconf 85' lang='grc' dir='ltr'>προθέματά</span> <span class='ocrx_word' id='word_1_82' title='bbox 1403 1288 1525 1325; x_wconf 89' lang='grc' dir='ltr'>τινα</span> <span class='ocrx_word' id='word_1_83' title='bbox 1544 1273 1611 1325; x_wconf 84' lang='grc' dir='ltr'><strong>δι’</strong></span> <span class='ocrx_word' id='word_1_84' title='bbox 1644 1277 1743 1327; x_wconf 89' lang='grc' dir='ltr'>αύ-</span> 
     </span>
    </p>
   </div>
   <div class='ocr_carea' id='block_1_14' title="bbox 166 1355 1740 1432">
    <p class='ocr_par' dir='ltr' id='par_1_14' title="bbox 166 1355 1740 1432">
     <span class='ocr_line' id='line_1_14' title="bbox 166 1355 1740 1432; baseline 0.007 -27"><span class='ocrx_word' id='word_1_85' title='bbox 166 1355 282 1407; x_wconf 89' lang='grc' dir='ltr'><strong>τῶν</strong></span> <span class='ocrx_word' id='word_1_86' title='bbox 311 1357 404 1407; x_wconf 79' lang='grc' dir='ltr'>καὶ</span> <span class='ocrx_word' id='word_1_87' title='bbox 432 1358 841 1426; x_wconf 82' lang='grc' dir='ltr'>προγράμματα</span> <span class='ocrx_word' id='word_1_88' title='bbox 870 1359 975 1411; x_wconf 90' lang='grc' dir='ltr'><strong>ἀνά</strong></span> <span class='ocrx_word' id='word_1_89' title='bbox 1018 1360 1199 1412; x_wconf 79' lang='grc' dir='ltr'>πᾶσαν</span> <span class='ocrx_word' id='word_1_90' title='bbox 1226 1360 1489 1425; x_wconf 85' lang='grc' dir='ltr'>ἀπλὼσας</span> <span class='ocrx_word' id='word_1_91' title='bbox 1514 1364 1613 1432; x_wconf 75' lang='grc' dir='ltr'>τὴν</span> <span class='ocrx_word' id='word_1_92' title='bbox 1669 1369 1740 1416; x_wconf 70' lang='grc' dir='ltr'><strong>οἱα</strong></span> 
     </span>
    </p>
   </div>
   <div class='ocr_carea' id='block_1_15' title="bbox 168 1447 1743 1519">
    <p class='ocr_par' dir='ltr' id='par_1_15' title="bbox 168 1447 1743 1519">
     <span class='ocr_line' id='line_1_15' title="bbox 168 1447 1743 1519; baseline 0.008 -24"><span class='ocrx_word' id='word_1_93' title='bbox 168 1448 464 1516; x_wconf 82' lang='grc' dir='ltr'>κουμένην,</span> <span class='ocrx_word' id='word_1_94' title='bbox 492 1447 611 1500; x_wconf 79' lang='grc' dir='ltr'>καθ’</span> <span class='ocrx_word' id='word_1_95' title='bbox 634 1448 669 1501; x_wconf 79' lang='grc' dir='ltr'><strong>ἀ</strong></span> <span class='ocrx_word' id='word_1_96' title='bbox 697 1450 790 1502; x_wconf 70' lang='grc' dir='ltr'><strong>καὶ</strong></span> <span class='ocrx_word' id='word_1_97' title='bbox 823 1450 1076 1519; x_wconf 74' lang='grc' dir='ltr'>μυεῖσθαι</span> <span class='ocrx_word' id='word_1_98' title='bbox 1108 1452 1201 1503; x_wconf 82' lang='grc' dir='ltr'>καὶ</span> <span class='ocrx_word' id='word_1_99' title='bbox 1239 1452 1584 1508; x_wconf 78' lang='grc' dir='ltr'>τελειοῦσθαι</span> <span class='ocrx_word' id='word_1_100' title='bbox 1616 1460 1743 1517; x_wconf 72' lang='grc' dir='ltr'>τοὺς</span> 
     </span>
    </p>
   </div>
   <div class='ocr_carea' id='block_1_16' title="bbox 168 1534 1740 1615">
    <p class='ocr_par' dir='ltr' id='par_1_16' title="bbox 168 1534 1740 1615">
     <span class='ocr_line' id='line_1_16' title="bbox 168 1534 1740 1615; baseline 0.006 -28"><span class='ocrx_word' id='word_1_101' title='bbox 168 1537 497 1606; x_wconf 79' lang='grc' dir='ltr'>προσιόντας</span> <span class='ocrx_word' id='word_1_102' title='bbox 524 1537 631 1591; x_wconf 76' lang='grc' dir='ltr'>εδει</span> <span class='ocrx_word' id='word_1_103' title='bbox 656 1538 754 1609; x_wconf 81' lang='grc' dir='ltr'><strong>τὴν</strong></span> <span class='ocrx_word' id='word_1_104' title='bbox 788 1540 1090 1593; x_wconf 82' lang='grc' dir='ltr'>εὐσέϐειαν·</span> <span class='ocrx_word' id='word_1_105' title='bbox 1139 1559 1157 1591; x_wconf 81' lang='grc' dir='ltr'><strong>ι</strong></span> <span class='ocrx_word' id='word_1_106' title='bbox 1204 1534 1573 1611; x_wconf 81' lang='grc' dir='ltr'>Πορευθέντες</span> <span class='ocrx_word' id='word_1_107' title='bbox 1610 1548 1740 1615; x_wconf 78' lang='grc' dir='ltr'>γὰρ,</span> 
     </span>
    </p>
   </div>
   <div class='ocr_carea' id='block_1_17' title="bbox 166 1627 1739 1699">
    <p class='ocr_par' dir='ltr' id='par_1_17' title="bbox 166 1627 1739 1699">
     <span class='ocr_line' id='line_1_17' title="bbox 166 1627 1739 1699; baseline 0.006 -21"><span class='ocrx_word' id='word_1_108' title='bbox 166 1628 322 1697; x_wconf 79' lang='grc' dir='ltr'>φησὶ,</span> <span class='ocrx_word' id='word_1_109' title='bbox 364 1627 741 1696; x_wconf 74' lang='grc' dir='ltr'>μαθητεύσατε</span> <span class='ocrx_word' id='word_1_110' title='bbox 776 1632 951 1683; x_wconf 89' lang='grc' dir='ltr'>πάντα</span> <span class='ocrx_word' id='word_1_111' title='bbox 972 1631 1041 1683; x_wconf 86' lang='grc' dir='ltr'><strong>τά</strong></span> <span class='ocrx_word' id='word_1_112' title='bbox 1070 1630 1218 1699; x_wconf 77' lang='grc' dir='ltr'>ἔθνη,</span> <span class='ocrx_word' id='word_1_113' title='bbox 1255 1630 1618 1699; x_wconf 87' lang='grc' dir='ltr'>βαπτίσαντες</span> <span class='ocrx_word' id='word_1_114' title='bbox 1639 1640 1739 1687; x_wconf 82' lang='grc' dir='ltr'>αύ-</span> 
     </span>
    </p>
   </div>
   <div class='ocr_carea' id='block_1_18' title="bbox 165 1718 1740 1790">
    <p class='ocr_par' dir='ltr' id='par_1_18' title="bbox 165 1718 1740 1790">
     <span class='ocr_line' id='line_1_18' title="bbox 165 1718 1740 1790; baseline 0.006 -22"><span class='ocrx_word' id='word_1_115' title='bbox 165 1719 296 1780; x_wconf 66' lang='grc' dir='ltr'><strong>τοὶδς</strong></span> <span class='ocrx_word' id='word_1_116' title='bbox 317 1720 399 1780; x_wconf 89' lang='grc' dir='ltr'><strong>είς</strong></span> <span class='ocrx_word' id='word_1_117' title='bbox 422 1718 483 1771; x_wconf 81' lang='grc' dir='ltr'>τὸ</span> <span class='ocrx_word' id='word_1_118' title='bbox 504 1719 674 1789; x_wconf 84' lang='grc' dir='ltr'>δνομα</span> <span class='ocrx_word' id='word_1_119' title='bbox 702 1721 796 1773; x_wconf 86' lang='grc' dir='ltr'><strong>τοῦ</strong></span> <span class='ocrx_word' id='word_1_120' title='bbox 843 1721 1053 1790; x_wconf 81' lang='grc' dir='ltr'>Πατρδς</span> <span class='ocrx_word' id='word_1_121' title='bbox 1093 1724 1186 1774; x_wconf 75' lang='grc' dir='ltr'>καὶ</span> <span class='ocrx_word' id='word_1_122' title='bbox 1212 1721 1306 1773; x_wconf 85' lang='grc' dir='ltr'><strong>τοῦ</strong></span> <span class='ocrx_word' id='word_1_123' title='bbox 1342 1723 1473 1774; x_wconf 82' lang='grc' dir='ltr'>Υίοῦ</span> <span class='ocrx_word' id='word_1_124' title='bbox 1515 1728 1609 1777; x_wconf 79' lang='grc' dir='ltr'>καὶ</span> <span class='ocrx_word' id='word_1_125' title='bbox 1646 1728 1740 1778; x_wconf 85' lang='grc' dir='ltr'><strong>τοῦ</strong></span> 
     </span>
    </p>
   </div>
   <div class='ocr_carea' id='block_1_19' title="bbox 165 1807 1738 1879">
    <p class='ocr_par' dir='ltr' id='par_1_19' title="bbox 165 1807 1738 1879">
     <span class='ocr_line' id='line_1_19' title="bbox 165 1807 1738 1879; baseline 0.002 -20"><span class='ocrx_word' id='word_1_126' title='bbox 165 1808 327 1874; x_wconf 87' lang='grc' dir='ltr'>ἀγίου</span> <span class='ocrx_word' id='word_1_127' title='bbox 365 1807 710 1876; x_wconf 84' lang='grc' dir='ltr'>Πνεύματος·</span> <span class='ocrx_word' id='word_1_128' title='bbox 728 1808 1071 1869; x_wconf 79' lang='grc' dir='ltr'>διδάσκοντες</span> <span class='ocrx_word' id='word_1_129' title='bbox 1100 1808 1295 1872; x_wconf 77' lang='grc' dir='ltr'>αὐτοὺς</span> <span class='ocrx_word' id='word_1_130' title='bbox 1316 1813 1502 1879; x_wconf 77' lang='grc' dir='ltr'>τηρεῖν</span> <span class='ocrx_word' id='word_1_131' title='bbox 1532 1810 1738 1878; x_wconf 83' lang='grc' dir='ltr'>(δηλον-</span> 
     </span>
    </p>
   </div>
   <div class='ocr_carea' id='block_1_20' title="bbox 164 1881 1815 1968">
    <p class='ocr_par' dir='ltr' id='par_1_20' title="bbox 164 1881 1815 1968">
     <span class='ocr_line' id='line_1_20' title="bbox 164 1881 1815 1968; baseline 0.004 -21"><span class='ocrx_word' id='word_1_132' title='bbox 164 1895 249 1947; x_wconf 85' lang='grc' dir='ltr'>ότι</span> <span class='ocrx_word' id='word_1_133' title='bbox 309 1897 405 1947; x_wconf 81' lang='grc' dir='ltr'>καὶ</span> <span class='ocrx_word' id='word_1_134' title='bbox 432 1896 537 1963; x_wconf 81' lang='grc' dir='ltr'>πρὸ</span> <span class='ocrx_word' id='word_1_135' title='bbox 563 1896 669 1947; x_wconf 92' lang='grc' dir='ltr'><strong>τῶν</strong></span> <span class='ocrx_word' id='word_1_136' title='bbox 701 1897 877 1949; x_wconf 84' lang='grc' dir='ltr'>ἀλλων</span> <span class='ocrx_word' id='word_1_137' title='bbox 903 1897 963 1950; x_wconf 83' lang='grc' dir='ltr'><strong>τὺ</strong></span> <span class='ocrx_word' id='word_1_138' title='bbox 994 1896 1089 1950; x_wconf 88' lang='grc' dir='ltr'><strong>νῦν</strong></span> <span class='ocrx_word' id='word_1_139' title='bbox 1110 1898 1527 1968; x_wconf 87' lang='grc' dir='ltr'>είσφερόμενον)</span> <span class='ocrx_word' id='word_1_140' title='bbox 1562 1900 1740 1953; x_wconf 88' lang='grc' dir='ltr'>πάντα</span> <span class='ocrx_word' id='word_1_141' title='bbox 1775 1881 1815 1937; x_wconf 76' lang='grc' dir='ltr'><strong><em>Β</em></strong></span> 
     </span>
    </p>
   </div>
   <div class='ocr_carea' id='block_1_21' title="bbox 164 1987 892 2056">
    <p class='ocr_par' dir='ltr' id='par_1_21' title="bbox 164 1987 892 2056">
     <span class='ocr_line' id='line_1_21' title="bbox 164 1987 892 2056; baseline -0.003 -17"><span class='ocrx_word' id='word_1_142' title='bbox 164 1988 267 2039; x_wconf 84' lang='grc' dir='ltr'>ὅσα</span> <span class='ocrx_word' id='word_1_143' title='bbox 294 1987 649 2056; x_wconf 71' lang='grc' dir='ltr'>ἐνετειλάμην</span> <span class='ocrx_word' id='word_1_144' title='bbox 684 1988 837 2055; x_wconf 86' lang='grc' dir='ltr'>ὑμῖν.</span> <span class='ocrx_word' id='word_1_145' title='bbox 875 2007 892 2037; x_wconf 79' lang='grc' dir='ltr'><strong>ι</strong></span> 
     </span>
    </p>
   </div>
   <div class='ocr_carea' id='block_1_22' title="bbox 230 2074 1733 2150">
    <p class='ocr_par' dir='ltr' id='par_1_22' title="bbox 230 2074 1733 2150">
     <span class='ocr_line' id='line_1_22' title="bbox 230 2074 1733 2150; baseline 0.002 -19"><span class='ocrx_word' id='word_1_146' title='bbox 230 2074 303 2145; x_wconf 81' lang='grc' dir='ltr'><strong>γ’.</strong></span> <span class='ocrx_word' id='word_1_147' title='bbox 339 2076 543 2129; x_wconf 87' lang='grc' dir='ltr'>Τούτου</span> <span class='ocrx_word' id='word_1_148' title='bbox 570 2077 634 2148; x_wconf 78' lang='grc' dir='ltr'>δὴ</span> <span class='ocrx_word' id='word_1_149' title='bbox 660 2077 753 2130; x_wconf 87' lang='grc' dir='ltr'><strong>τοῦ</strong></span> <span class='ocrx_word' id='word_1_150' title='bbox 784 2076 930 2147; x_wconf 82' lang='grc' dir='ltr'>ίεροῦ</span> <span class='ocrx_word' id='word_1_151' title='bbox 954 2079 1048 2131; x_wconf 73' lang='grc' dir='ltr'>καὶ</span> <span class='ocrx_word' id='word_1_152' title='bbox 1073 2080 1345 2150; x_wconf 88' lang='grc' dir='ltr'>σωτηρίου</span> <span class='ocrx_word' id='word_1_153' title='bbox 1374 2082 1733 2149; x_wconf 79' lang='grc' dir='ltr'>προστάγμαο</span> 
     </span>
    </p>
   </div>
   <div class='ocr_carea' id='block_1_23' title="bbox 160 2167 1740 2241">
    <p class='ocr_par' dir='ltr' id='par_1_23' title="bbox 160 2167 1740 2241">
     <span class='ocr_line' id='line_1_23' title="bbox 160 2167 1740 2241; baseline 0.002 -21"><span class='ocrx_word' id='word_1_154' title='bbox 160 2184 275 2230; x_wconf 83' lang='grc' dir='ltr'>τος,</span> <span class='ocrx_word' id='word_1_155' title='bbox 308 2167 363 2219; x_wconf 81' lang='grc' dir='ltr'><strong>τί</strong></span> <span class='ocrx_word' id='word_1_156' title='bbox 414 2168 481 2220; x_wconf 82' lang='grc' dir='ltr'><strong>άν</strong></span> <span class='ocrx_word' id='word_1_157' title='bbox 528 2167 612 2236; x_wconf 86' lang='grc' dir='ltr'><strong>εῖη</strong></span> <span class='ocrx_word' id='word_1_158' title='bbox 671 2170 998 2234; x_wconf 74' lang='grc' dir='ltr'>κατεπεῖγον</span> <span class='ocrx_word' id='word_1_159' title='bbox 1064 2167 1298 2235; x_wconf 77' lang='grc' dir='ltr'>μᾶλλονς</span> <span class='ocrx_word' id='word_1_160' title='bbox 1334 2171 1385 2222; x_wconf 86' lang='grc' dir='ltr'><strong>τί</strong></span> <span class='ocrx_word' id='word_1_161' title='bbox 1414 2171 1470 2223; x_wconf 78' lang='grc' dir='ltr'><strong>δέ</strong></span> <span class='ocrx_word' id='word_1_162' title='bbox 1506 2172 1740 2241; x_wconf 72' lang='grc' dir='ltr'>κρίσεως</span> 
     </span>
    </p>
   </div>
   <div class='ocr_carea' id='block_1_24' title="bbox 162 2256 1742 2331">
    <p class='ocr_par' dir='ltr' id='par_1_24' title="bbox 162 2256 1742 2331">
     <span class='ocr_line' id='line_1_24' title="bbox 162 2256 1742 2331; baseline 0.003 -22"><span class='ocrx_word' id='word_1_163' title='bbox 162 2256 519 2327; x_wconf 78' lang='grc' dir='ltr'>ἀνθρωπίνης</span> <span class='ocrx_word' id='word_1_164' title='bbox 549 2258 823 2327; x_wconf 86' lang='grc' dir='ltr'>δεόμενον,</span> <span class='ocrx_word' id='word_1_165' title='bbox 866 2258 967 2327; x_wconf 81' lang='grc' dir='ltr'>τῆς</span> <span class='ocrx_word' id='word_1_166' title='bbox 1011 2260 1345 2328; x_wconf 83' lang='grc' dir='ltr'>Δεσποτικῆς</span> <span class='ocrx_word' id='word_1_167' title='bbox 1390 2262 1573 2329; x_wconf 82' lang='grc' dir='ltr'>φωνῆς</span> <span class='ocrx_word' id='word_1_168' title='bbox 1605 2262 1742 2331; x_wconf 82' lang='grc' dir='ltr'>ίερο-</span> 
     </span>
    </p>
   </div>
   <div class='ocr_carea' id='block_1_25' title="bbox 161 2349 1741 2422">
    <p class='ocr_par' dir='ltr' id='par_1_25' title="bbox 161 2349 1741 2422">
     <span class='ocr_line' id='line_1_25' title="bbox 161 2349 1741 2422; baseline 0.003 -21"><span class='ocrx_word' id='word_1_169' title='bbox 161 2349 435 2419; x_wconf 91' lang='grc' dir='ltr'>λογούσης</span> <span class='ocrx_word' id='word_1_170' title='bbox 479 2349 540 2402; x_wconf 83' lang='grc' dir='ltr'>τὸ</span> <span class='ocrx_word' id='word_1_171' title='bbox 576 2349 773 2418; x_wconf 82' lang='grc' dir='ltr'>δόγμα,</span> <span class='ocrx_word' id='word_1_172' title='bbox 811 2350 904 2403; x_wconf 77' lang='grc' dir='ltr'>καὶ</span> <span class='ocrx_word' id='word_1_173' title='bbox 936 2351 1236 2420; x_wconf 81' lang='grc' dir='ltr'>σφραγῖδος</span> <span class='ocrx_word' id='word_1_174' title='bbox 1282 2352 1464 2421; x_wconf 86' lang='grc' dir='ltr'>πάσης</span> <span class='ocrx_word' id='word_1_175' title='bbox 1500 2355 1741 2422; x_wconf 84' lang='grc' dir='ltr'>ἀσφαλέ-</span> 
     </span>
    </p>
   </div>
   <div class='ocr_carea' id='block_1_26' title="bbox 165 2439 1740 2513">
    <p class='ocr_par' dir='ltr' id='par_1_26' title="bbox 165 2439 1740 2513">
     <span class='ocr_line' id='line_1_26' title="bbox 165 2439 1740 2513; baseline 0.003 -21"><span class='ocrx_word' id='word_1_176' title='bbox 165 2456 364 2509; x_wconf 88' lang='grc' dir='ltr'>στερον</span> <span class='ocrx_word' id='word_1_177' title='bbox 408 2442 505 2509; x_wconf 74' lang='grc' dir='ltr'>τὴν</span> <span class='ocrx_word' id='word_1_178' title='bbox 544 2439 725 2509; x_wconf 72' lang='grc' dir='ltr'>ψῆφον</span> <span class='ocrx_word' id='word_1_179' title='bbox 768 2440 916 2509; x_wconf 89' lang='grc' dir='ltr'><strong>αύτῷ</strong></span> <span class='ocrx_word' id='word_1_180' title='bbox 945 2441 1401 2513; x_wconf 78' lang='grc' dir='ltr'>περιτιθεμένης;</span> <span class='ocrx_word' id='word_1_181' title='bbox 1432 2444 1539 2497; x_wconf 84' lang='grc' dir='ltr'>Καί</span> <span class='ocrx_word' id='word_1_182' title='bbox 1573 2462 1653 2497; x_wconf 89' lang='grc' dir='ltr'><strong>τοι</strong></span> <span class='ocrx_word' id='word_1_183' title='bbox 1676 2462 1740 2512; x_wconf 91' lang='grc' dir='ltr'><strong>γε</strong></span> 
     </span>
    </p>
   </div>
   <div class='ocr_carea' id='block_1_27' title="bbox 162 2528 1741 2603">
    <p class='ocr_par' dir='ltr' id='par_1_27' title="bbox 162 2528 1741 2603">
     <span class='ocr_line' id='line_1_27' title="bbox 162 2528 1741 2603; baseline 0.001 -22"><span class='ocrx_word' id='word_1_184' title='bbox 162 2531 214 2581; x_wconf 79' lang='grc' dir='ltr'>εἰ</span> <span class='ocrx_word' id='word_1_185' title='bbox 241 2530 340 2581; x_wconf 78' lang='grc' dir='ltr'>καὶ</span> <span class='ocrx_word' id='word_1_186' title='bbox 372 2529 539 2597; x_wconf 84' lang='grc' dir='ltr'>ἀμφω</span> <span class='ocrx_word' id='word_1_187' title='bbox 564 2528 625 2581; x_wconf 78' lang='grc' dir='ltr'><strong>τὺ</strong></span> <span class='ocrx_word' id='word_1_188' title='bbox 654 2532 981 2597; x_wconf 82' lang='grc' dir='ltr'>κατεπεῖγον</span> <span class='ocrx_word' id='word_1_189' title='bbox 1010 2530 1101 2582; x_wconf 80' lang='grc' dir='ltr'>ἐπὶ</span> <span class='ocrx_word' id='word_1_190' title='bbox 1132 2533 1199 2600; x_wconf 77' lang='grc' dir='ltr'>τῇ</span> <span class='ocrx_word' id='word_1_191' title='bbox 1230 2532 1322 2601; x_wconf 79' lang='grc' dir='ltr'><strong>[σῃ</strong></span> <span class='ocrx_word' id='word_1_192' title='bbox 1354 2532 1451 2584; x_wconf 78' lang='grc' dir='ltr'>καὶ</span> <span class='ocrx_word' id='word_1_193' title='bbox 1482 2532 1645 2603; x_wconf 74' lang='grc' dir='ltr'>ὁμοία</span> <span class='ocrx_word' id='word_1_194' title='bbox 1666 2533 1741 2584; x_wconf 83' lang='grc' dir='ltr'>δι-</span> 
     </span>
    </p>
   </div>
   <div class='ocr_carea' id='block_1_28' title="bbox 164 2620 1741 2690">
    <p class='ocr_par' dir='ltr' id='par_1_28' title="bbox 164 2620 1741 2690">
     <span class='ocr_line' id='line_1_28' title="bbox 164 2620 1741 2690; baseline 0.001 -18"><span class='ocrx_word' id='word_1_195' title='bbox 164 2620 427 2689; x_wconf 71' lang='grc' dir='ltr'>ενέμοντο</span> <span class='ocrx_word' id='word_1_196' title='bbox 453 2620 631 2687; x_wconf 73' lang='grc' dir='ltr'>χρεία,</span> <span class='ocrx_word' id='word_1_197' title='bbox 656 2622 684 2672; x_wconf 84' lang='grc' dir='ltr'><strong>ὃ</strong></span> <span class='ocrx_word' id='word_1_198' title='bbox 710 2637 769 2672; x_wconf 90' lang='grc' dir='ltr'><strong>τε</strong></span> <span class='ocrx_word' id='word_1_199' title='bbox 822 2626 1087 2690; x_wconf 76' lang='grc' dir='ltr'>σωτήριος</span> <span class='ocrx_word' id='word_1_200' title='bbox 1118 2622 1263 2689; x_wconf 79' lang='grc' dir='ltr'>φημὶ</span> <span class='ocrx_word' id='word_1_201' title='bbox 1297 2621 1495 2690; x_wconf 81' lang='grc' dir='ltr'>νόμος,,</span> <span class='ocrx_word' id='word_1_202' title='bbox 1514 2626 1604 2674; x_wconf 73' lang='grc' dir='ltr'>καὶ</span> <span class='ocrx_word' id='word_1_203' title='bbox 1634 2623 1741 2675; x_wconf 88' lang='grc' dir='ltr'><strong>τῶν</strong></span> 
     </span>
    </p>
   </div>
   <div class='ocr_carea' id='block_1_29' title="bbox 167 2695 1738 2781">
    <p class='ocr_par' dir='ltr' id='par_1_29' title="bbox 167 2695 1738 2781">
     <span class='ocr_line' id='line_1_29' title="bbox 167 2695 1738 2781; baseline 0.001 -18"><span class='ocrx_word' id='word_1_204' title='bbox 167 2695 435 2781; x_wconf 79' lang='grc' dir='ltr'>μαθητῶν</span> <span class='ocrx_word' id='word_1_205' title='bbox 452 2714 487 2781; x_wconf 75' lang='grc' dir='ltr'><strong>ἡ</strong></span> <span class='ocrx_word' id='word_1_206' title='bbox 512 2710 729 2780; x_wconf 79' lang='grc' dir='ltr'>γνώμη,</span> <span class='ocrx_word' id='word_1_207' title='bbox 755 2711 863 2762; x_wconf 74' lang='grc' dir='ltr'>οὐδ’</span> <span class='ocrx_word' id='word_1_208' title='bbox 888 2711 973 2762; x_wconf 79' lang='grc' dir='ltr'>ἓτε</span> <span class='ocrx_word' id='word_1_209' title='bbox 984 2728 1073 2779; x_wconf 92' lang='grc' dir='ltr'><strong>ρον</strong></span> <span class='ocrx_word' id='word_1_210' title='bbox 1095 2710 1374 2781; x_wconf 81' lang='grc' dir='ltr'>διεφέρετο</span> <span class='ocrx_word' id='word_1_211' title='bbox 1396 2712 1596 2781; x_wconf 84' lang='grc' dir='ltr'>νόημα,</span> <span class='ocrx_word' id='word_1_212' title='bbox 1630 2714 1738 2765; x_wconf 82' lang='grc' dir='ltr'>οὐδ’</span> 
     </span>
    </p>
   </div>
   <div class='ocr_carea' id='block_1_30' title="bbox 163 2799 1742 2874">
    <p class='ocr_par' dir='ltr' id='par_1_30' title="bbox 163 2799 1742 2874">
     <span class='ocr_line' id='line_1_30' title="bbox 163 2799 1742 2874; baseline -0.001 -17"><span class='ocrx_word' id='word_1_213' title='bbox 163 2804 346 2866; x_wconf 78' lang='grc' dir='ltr'>οὕτως</span> <span class='ocrx_word' id='word_1_214' title='bbox 378 2799 447 2874; x_wconf 84' lang='grc' dir='ltr'>ἦν</span> <span class='ocrx_word' id='word_1_215' title='bbox 468 2804 694 2857; x_wconf 76' lang='grc' dir='ltr'>ἀνεκτὸν</span> <span class='ocrx_word' id='word_1_216' title='bbox 720 2804 818 2869; x_wconf 84' lang='grc' dir='ltr'>τῆς</span> <span class='ocrx_word' id='word_1_217' title='bbox 855 2802 1185 2871; x_wconf 83' lang='grc' dir='ltr'>δεσποτικῆς</span> <span class='ocrx_word' id='word_1_218' title='bbox 1228 2804 1617 2871; x_wconf 89' lang='grc' dir='ltr'>μυσταγωγίας</span> <span class='ocrx_word' id='word_1_219' title='bbox 1646 2805 1742 2873; x_wconf 74' lang='grc' dir='ltr'>τὴν</span> 
     </span>
    </p>
   </div>
   <div class='ocr_carea' id='block_1_31' title="bbox 164 2893 1739 2965">
    <p class='ocr_par' dir='ltr' id='par_1_31' title="bbox 164 2893 1739 2965">
     <span class='ocr_line' id='line_1_31' title="bbox 164 2893 1739 2965; baseline -0.001 -17"><span class='ocrx_word' id='word_1_220' title='bbox 164 2893 553 2965; x_wconf 77' lang='grc' dir='ltr'>ὑπηρετοῦσαν</span> <span class='ocrx_word' id='word_1_221' title='bbox 598 2894 852 2961; x_wconf 89' lang='grc' dir='ltr'>γλῶσσαν</span> <span class='ocrx_word' id='word_1_222' title='bbox 908 2894 1222 2964; x_wconf 70' lang='grc' dir='ltr'>ἔμπροσθεν</span> <span class='ocrx_word' id='word_1_223' title='bbox 1266 2897 1461 2947; x_wconf 78' lang='grc' dir='ltr'>ποιεῖν.</span> <span class='ocrx_word' id='word_1_224' title='bbox 1496 2897 1556 2948; x_wconf 86' lang='grc' dir='ltr'>Εί</span> <span class='ocrx_word' id='word_1_225' title='bbox 1585 2895 1641 2947; x_wconf 84' lang='grc' dir='ltr'>δὲ</span> <span class='ocrx_word' id='word_1_226' title='bbox 1675 2899 1739 2964; x_wconf 79' lang='grc' dir='ltr'>τῇ</span> 
     </span>
    </p>
   </div>
   <div class='ocr_carea' id='block_1_32' title="bbox 167 2983 1743 3055">
    <p class='ocr_par' dir='ltr' id='par_1_32' title="bbox 167 2983 1743 3055">
     <span class='ocr_line' id='line_1_32' title="bbox 167 2983 1743 3055; baseline 0 -20"><span class='ocrx_word' id='word_1_227' title='bbox 167 2985 321 3037; x_wconf 76' lang='grc' dir='ltr'>θέσει</span> <span class='ocrx_word' id='word_1_228' title='bbox 382 2984 495 3037; x_wconf 88' lang='grc' dir='ltr'><strong>τῶν</strong></span> <span class='ocrx_word' id='word_1_229' title='bbox 551 2984 808 3053; x_wconf 84' lang='grc' dir='ltr'>μαθητῶν</span> <span class='ocrx_word' id='word_1_230' title='bbox 854 2985 885 3053; x_wconf 77' lang='grc' dir='ltr'>ἠ</span> <span class='ocrx_word' id='word_1_231' title='bbox 938 2983 1031 3036; x_wconf 89' lang='grc' dir='ltr'><strong>τοῦ</strong></span> <span class='ocrx_word' id='word_1_232' title='bbox 1084 2984 1405 3036; x_wconf 79' lang='grc' dir='ltr'>διδασκάλου</span> <span class='ocrx_word' id='word_1_233' title='bbox 1464 2986 1743 3055; x_wconf 85' lang='grc' dir='ltr'>ἀναίρεσις</span> 
     </span>
    </p>
   </div>
   <div class='ocr_carea' id='block_1_33' title="bbox 165 3072 1744 3147">
    <p class='ocr_par' dir='ltr' id='par_1_33' title="bbox 165 3072 1744 3147">
     <span class='ocr_line' id='line_1_33' title="bbox 165 3072 1744 3147; baseline 0.001 -19"><span class='ocrx_word' id='word_1_234' title='bbox 165 3077 383 3137; x_wconf 70' lang='grc' dir='ltr'>ἕπεται,</span> <span class='ocrx_word' id='word_1_235' title='bbox 410 3076 527 3137; x_wconf 90' lang='grc' dir='ltr'><strong>πῶς</strong></span> <span class='ocrx_word' id='word_1_236' title='bbox 558 3078 657 3128; x_wconf 87' lang='grc' dir='ltr'><strong>ούκ</strong></span> <span class='ocrx_word' id='word_1_237' title='bbox 680 3076 760 3138; x_wconf 84' lang='grc' dir='ltr'><strong>είς</strong></span> <span class='ocrx_word' id='word_1_238' title='bbox 790 3075 994 3142; x_wconf 87' lang='grc' dir='ltr'>τόλμαν</span> <span class='ocrx_word' id='word_1_239' title='bbox 1016 3075 1141 3144; x_wconf 78' lang='grc' dir='ltr'>ἥκει</span> <span class='ocrx_word' id='word_1_240' title='bbox 1162 3076 1228 3127; x_wconf 80' lang='grc' dir='ltr'><strong>δι’</strong></span> <span class='ocrx_word' id='word_1_241' title='bbox 1254 3072 1319 3146; x_wconf 84' lang='grc' dir='ltr'>ἦς</span> <span class='ocrx_word' id='word_1_242' title='bbox 1344 3076 1625 3147; x_wconf 74' lang='grc' dir='ltr'>ὑϐρίζεται</span> <span class='ocrx_word' id='word_1_243' title='bbox 1646 3077 1744 3144; x_wconf 84' lang='grc' dir='ltr'>τῆς</span> 
     </span>
    </p>
   </div>
   <div class='ocr_carea' id='block_1_34' title="bbox 170 3166 1816 3260">
    <p class='ocr_par' dir='ltr' id='par_1_34' title="bbox 170 3166 1816 3260">
     <span class='ocr_line' id='line_1_34' title="bbox 170 3166 1816 3260; baseline 0.001 -41"><span class='ocrx_word' id='word_1_244' title='bbox 170 3166 515 3235; x_wconf 84' lang='grc' dir='ltr'>συγγνώμης</span> <span class='ocrx_word' id='word_1_245' title='bbox 546 3168 579 3235; x_wconf 83' lang='grc' dir='ltr'>ὴ</span> <span class='ocrx_word' id='word_1_246' title='bbox 608 3167 767 3235; x_wconf 84' lang='grc' dir='ltr'>χάρις</span> <span class='ocrx_word' id='word_1_247' title='bbox 789 3166 938 3260; x_wconf 56' lang='grc' dir='ltr'>;-τὴν</span> <span class='ocrx_word' id='word_1_248' title='bbox 975 3166 1075 3236; x_wconf 79' lang='grc' dir='ltr'><strong>μέν</strong></span> <span class='ocrx_word' id='word_1_249' title='bbox 1091 3168 1428 3236; x_wconf 87' lang='grc' dir='ltr'>Δεσποτικὴν</span> <span class='ocrx_word' id='word_1_250' title='bbox 1463 3169 1642 3237; x_wconf 84' lang='grc' dir='ltr'>κρίσιν</span> <span class='ocrx_word' id='word_1_251' title='bbox 1671 3168 1743 3237; x_wconf 82' lang='grc' dir='ltr'>μὴ</span> <span class='ocrx_word' id='word_1_252' title='bbox 1775 3203 1816 3260; x_wconf 78' lang='lat' dir='ltr'><strong><em>C</em></strong></span> 
     </span>
    </p>
   </div>
   <div class='ocr_carea' id='block_1_35' title="bbox 165 3252 1746 3327">
    <p class='ocr_par' dir='ltr' id='par_1_35' title="bbox 165 3252 1746 3327">
     <span class='ocr_line' id='line_1_35' title="bbox 165 3252 1746 3327; baseline 0.001 -18"><span class='ocrx_word' id='word_1_253' title='bbox 165 3258 278 3309; x_wconf 90' lang='grc' dir='ltr'><strong>τῶν</strong></span> <span class='ocrx_word' id='word_1_254' title='bbox 306 3257 741 3323; x_wconf 77' lang='grc' dir='ltr'>κατεπειγόντων</span> <span class='ocrx_word' id='word_1_255' title='bbox 785 3252 924 3309; x_wconf 76' lang='grc' dir='ltr'>εἶναι</span> <span class='ocrx_word' id='word_1_256' title='bbox 972 3258 1235 3327; x_wconf 79' lang='grc' dir='ltr'>νομίζειν,</span> <span class='ocrx_word' id='word_1_257' title='bbox 1274 3260 1373 3327; x_wconf 78' lang='grc' dir='ltr'>τὴν</span> <span class='ocrx_word' id='word_1_258' title='bbox 1407 3259 1463 3311; x_wconf 75' lang='grc' dir='ltr'>δὲ</span> <span class='ocrx_word' id='word_1_259' title='bbox 1489 3260 1595 3310; x_wconf 85' lang='grc' dir='ltr'><strong>τῶν</strong></span> <span class='ocrx_word' id='word_1_260' title='bbox 1625 3259 1746 3311; x_wconf 90' lang='grc' dir='ltr'>δού-</span> 
     </span>
    </p>
   </div>
   <div class='ocr_carea' id='block_1_36' title="bbox 168 3345 1747 3417">
    <p class='ocr_par' dir='ltr' id='par_1_36' title="bbox 168 3345 1747 3417">
     <span class='ocr_line' id='line_1_36' title="bbox 168 3345 1747 3417; baseline -0.001 -16"><span class='ocrx_word' id='word_1_261' title='bbox 168 3352 279 3401; x_wconf 84' lang='grc' dir='ltr'><strong>λων</strong></span> <span class='ocrx_word' id='word_1_262' title='bbox 304 3347 552 3399; x_wconf 89' lang='grc' dir='ltr'>ἐπίνοιαν</span> <span class='ocrx_word' id='word_1_263' title='bbox 588 3345 695 3398; x_wconf 89' lang='grc' dir='ltr'><strong>τῶν</strong></span> <span class='ocrx_word' id='word_1_264' title='bbox 737 3348 1172 3414; x_wconf 80' lang='grc' dir='ltr'>κατεπειγόντων</span> <span class='ocrx_word' id='word_1_265' title='bbox 1198 3362 1210 3375; x_wconf 91' lang='grc'><strong>·</strong></span> <span class='ocrx_word' id='word_1_266' title='bbox 1247 3349 1339 3401; x_wconf 75' lang='grc' dir='ltr'>καὶ</span> <span class='ocrx_word' id='word_1_267' title='bbox 1372 3350 1616 3417; x_wconf 82' lang='grc' dir='ltr'>παρορᾷν</span> <span class='ocrx_word' id='word_1_268' title='bbox 1650 3348 1747 3415; x_wconf 78' lang='grc' dir='ltr'>μὲν</span> 
     </span>
    </p>
   </div>
   <div class='ocr_carea' id='block_1_37' title="bbox 166 3432 1746 3508">
    <p class='ocr_par' dir='ltr' id='par_1_37' title="bbox 166 3432 1746 3508">
     <span class='ocr_line' id='line_1_37' title="bbox 166 3432 1746 3508; baseline 0.001 -19"><span class='ocrx_word' id='word_1_269' title='bbox 166 3432 232 3489; x_wconf 73' lang='grc' dir='ltr'>οὖ</span> <span class='ocrx_word' id='word_1_270' title='bbox 268 3436 346 3505; x_wconf 76' lang='grc' dir='ltr'>μὴ</span> <span class='ocrx_word' id='word_1_271' title='bbox 368 3435 481 3488; x_wconf 79' lang='grc' dir='ltr'>ἐστι</span> <span class='ocrx_word' id='word_1_272' title='bbox 508 3436 677 3505; x_wconf 78' lang='grc' dir='ltr'>χωρὶς</span> <span class='ocrx_word' id='word_1_273' title='bbox 707 3437 963 3498; x_wconf 82' lang='grc' dir='ltr'>ἀπονοίας</span> <span class='ocrx_word' id='word_1_274' title='bbox 993 3437 1277 3506; x_wconf 81' lang='grc' dir='ltr'>ὁμολογεῖν</span> <span class='ocrx_word' id='word_1_275' title='bbox 1296 3437 1395 3505; x_wconf 82' lang='grc' dir='ltr'>τὴν</span> <span class='ocrx_word' id='word_1_276' title='bbox 1419 3440 1746 3508; x_wconf 86' lang='grc' dir='ltr'>παρόρασιν,</span> 
     </span>
    </p>
   </div>
   <div class='ocr_carea' id='block_1_38' title="bbox 170 3522 1741 3599">
    <p class='ocr_par' dir='ltr' id='par_1_38' title="bbox 170 3522 1741 3599">
     <span class='ocr_line' id='line_1_38' title="bbox 170 3522 1741 3599; baseline 0.001 -17"><span class='ocrx_word' id='word_1_277' title='bbox 170 3530 429 3598; x_wconf 70' lang='grc' dir='ltr'>στέργειν</span> <span class='ocrx_word' id='word_1_278' title='bbox 449 3526 506 3579; x_wconf 74' lang='grc' dir='ltr'><strong>δέ</strong></span> <span class='ocrx_word' id='word_1_279' title='bbox 526 3529 619 3579; x_wconf 75' lang='grc' dir='ltr'>καὶ</span> <span class='ocrx_word' id='word_1_280' title='bbox 647 3526 983 3596; x_wconf 80' lang='grc' dir='ltr'>προτιθέναι,</span> <span class='ocrx_word' id='word_1_281' title='bbox 1001 3522 1113 3598; x_wconf 86' lang='grc' dir='ltr'><strong>ἦςὴ</strong></span> <span class='ocrx_word' id='word_1_282' title='bbox 1145 3529 1325 3594; x_wconf 89' lang='grc' dir='ltr'>κρίσις</span> <span class='ocrx_word' id='word_1_283' title='bbox 1353 3529 1477 3599; x_wconf 86' lang='grc' dir='ltr'>δίκη</span> <span class='ocrx_word' id='word_1_284' title='bbox 1507 3530 1599 3582; x_wconf 86' lang='grc' dir='ltr'><strong>τοῦ</strong></span> <span class='ocrx_word' id='word_1_285' title='bbox 1630 3532 1741 3597; x_wconf 80' lang='grc' dir='ltr'>κρίο</span> 
     </span>
    </p>
   </div>
   <div class='ocr_carea' id='block_1_39' title="bbox 170 3618 1747 3689">
    <p class='ocr_par' dir='ltr' id='par_1_39' title="bbox 170 3618 1747 3689">
     <span class='ocr_line' id='line_1_39' title="bbox 170 3618 1747 3689; baseline -0.001 -15"><span class='ocrx_word' id='word_1_286' title='bbox 170 3638 389 3683; x_wconf 88' lang='grc' dir='ltr'>ναντος.</span> <span class='ocrx_word' id='word_1_287' title='bbox 434 3618 597 3672; x_wconf 82' lang='grc' dir='ltr'>Ἀλλά</span> <span class='ocrx_word' id='word_1_288' title='bbox 618 3619 725 3689; x_wconf 78' lang='grc' dir='ltr'>γὰρ</span> <span class='ocrx_word' id='word_1_289' title='bbox 753 3619 906 3673; x_wconf 81' lang='grc' dir='ltr'>αὐτοί</span> <span class='ocrx_word' id='word_1_290' title='bbox 935 3637 999 3688; x_wconf 89' lang='grc' dir='ltr'><strong>γε</strong></span> <span class='ocrx_word' id='word_1_291' title='bbox 1034 3621 1351 3689; x_wconf 85' lang='grc' dir='ltr'>περιφανῶς</span> <span class='ocrx_word' id='word_1_292' title='bbox 1380 3620 1523 3673; x_wconf 77' lang='grc' dir='ltr'>οὕτω</span> <span class='ocrx_word' id='word_1_293' title='bbox 1550 3626 1747 3673; x_wconf 79' lang='grc' dir='ltr'>τοσαύ-</span> 
     </span>
    </p>
   </div>
   <div class='ocr_carea' id='block_1_40' title="bbox 168 3709 1747 3782">
    <p class='ocr_par' dir='ltr' id='par_1_40' title="bbox 168 3709 1747 3782">
     <span class='ocr_line' id='line_1_40' title="bbox 168 3709 1747 3782; baseline 0 -20"><span class='ocrx_word' id='word_1_294' title='bbox 168 3727 273 3781; x_wconf 88' lang='grc' dir='ltr'><strong>της</strong></span> <span class='ocrx_word' id='word_1_295' title='bbox 307 3713 405 3763; x_wconf 76' lang='lat' dir='ltr'><strong>xa‘t</strong></span> <span class='ocrx_word' id='word_1_296' title='bbox 432 3709 765 3780; x_wconf 82' lang='grc' dir='ltr'>τηλικαύτης</span> <span class='ocrx_word' id='word_1_297' title='bbox 810 3711 1028 3781; x_wconf 83' lang='grc' dir='ltr'>ἐντολῆς</span> <span class='ocrx_word' id='word_1_298' title='bbox 1064 3711 1217 3780; x_wconf 82' lang='grc' dir='ltr'>ίσχὺν</span> <span class='ocrx_word' id='word_1_299' title='bbox 1262 3712 1609 3782; x_wconf 83' lang='grc' dir='ltr'>παρορῶντες</span> <span class='ocrx_word' id='word_1_300' title='bbox 1653 3714 1747 3765; x_wconf 77' lang='grc' dir='ltr'>καὶ</span> 
     </span>
    </p>
   </div>
   <div class='ocr_carea' id='block_1_41' title="bbox 172 3796 1745 3871">
    <p class='ocr_par' dir='ltr' id='par_1_41' title="bbox 172 3796 1745 3871">
     <span class='ocr_line' id='line_1_41' title="bbox 172 3796 1745 3871; baseline -0.002 -17"><span class='ocrx_word' id='word_1_301' title='bbox 172 3800 629 3870; x_wconf 80' lang='grc' dir='ltr'>παραϐαίνοντες,</span> <span class='ocrx_word' id='word_1_302' title='bbox 665 3801 713 3852; x_wconf 87' lang='grc' dir='ltr'><strong>εί</strong></span> <span class='ocrx_word' id='word_1_303' title='bbox 737 3801 812 3863; x_wconf 88' lang='grc' dir='ltr'>ὠς</span> <span class='ocrx_word' id='word_1_304' title='bbox 833 3800 1049 3870; x_wconf 82' lang='grc' dir='ltr'>ἀληθῶς</span> <span class='ocrx_word' id='word_1_305' title='bbox 1074 3796 1213 3870; x_wconf 77' lang='grc' dir='ltr'>ἦσαν</span> <span class='ocrx_word' id='word_1_306' title='bbox 1231 3800 1331 3869; x_wconf 76' lang='grc' dir='ltr'>τῆς</span> <span class='ocrx_word' id='word_1_307' title='bbox 1356 3802 1745 3871; x_wconf 78' lang='grc' dir='ltr'>παραϐάσεως,</span> 
     </span>
    </p>
   </div>
   <div class='ocr_carea' id='block_1_42' title="bbox 172 3890 1748 3962">
    <p class='ocr_par' dir='ltr' id='par_1_42' title="bbox 172 3890 1748 3962">
     <span class='ocr_line' id='line_1_42' title="bbox 172 3890 1748 3962; baseline 0 -17"><span class='ocrx_word' id='word_1_308' title='bbox 172 3892 295 3954; x_wconf 84' lang='grc' dir='ltr'><strong>πῶς</strong></span> <span class='ocrx_word' id='word_1_309' title='bbox 329 3892 398 3945; x_wconf 75' lang='grc' dir='ltr'><strong>ἀν</strong></span> <span class='ocrx_word' id='word_1_310' title='bbox 427 3890 687 3959; x_wconf 81' lang='grc' dir='ltr'>ἠδύναντο</span> <span class='ocrx_word' id='word_1_311' title='bbox 715 3893 839 3953; x_wconf 87' lang='grc' dir='ltr'>τοὺς</span> <span class='ocrx_word' id='word_1_312' title='bbox 864 3891 971 3943; x_wconf 91' lang='grc' dir='ltr'><strong>τῶν</strong></span> <span class='ocrx_word' id='word_1_313' title='bbox 1000 3891 1161 3961; x_wconf 87' lang='grc' dir='ltr'>ίερῶν</span> <span class='ocrx_word' id='word_1_314' title='bbox 1189 3891 1529 3960; x_wconf 88' lang='grc' dir='ltr'>μαθημάτων</span> <span class='ocrx_word' id='word_1_315' title='bbox 1550 3894 1748 3962; x_wconf 80' lang='grc' dir='ltr'>άκροα·</span> 
     </span>
    </p>
   </div>
   <div class='ocr_carea' id='block_1_43' title="bbox 170 3982 1748 4055">
    <p class='ocr_par' dir='ltr' id='par_1_43' title="bbox 170 3982 1748 4055">
     <span class='ocr_line' id='line_1_43' title="bbox 170 3982 1748 4055; baseline 0.001 -20"><span class='ocrx_word' id='word_1_316' title='bbox 170 3982 275 4044; x_wconf 88' lang='grc' dir='ltr'><strong>τάς</strong></span> <span class='ocrx_word' id='word_1_317' title='bbox 311 3983 601 4049; x_wconf 88' lang='grc' dir='ltr'>παραινεῖν</span> <span class='ocrx_word' id='word_1_318' title='bbox 632 3983 747 4044; x_wconf 88' lang='grc' dir='ltr'>ταῖς</span> <span class='ocrx_word' id='word_1_319' title='bbox 786 3984 1143 4045; x_wconf 80' lang='grc' dir='ltr'>Δεσποτικαῖς</span> <span class='ocrx_word' id='word_1_320' title='bbox 1166 3984 1407 4045; x_wconf 86' lang='grc' dir='ltr'>ἐντολαῖς</span> <span class='ocrx_word' id='word_1_321' title='bbox 1436 3983 1748 4055; x_wconf 54' lang='grc' dir='ltr'>πειθαρχεῖν</span> 
     </span>
    </p>
   </div>
   <div class='ocr_carea' id='block_1_44' title="bbox 172 4072 1749 4143">
    <p class='ocr_par' dir='ltr' id='par_1_44' title="bbox 172 4072 1749 4143">
     <span class='ocr_line' id='line_1_44' title="bbox 172 4072 1749 4143; baseline 0.002 -19"><span class='ocrx_word' id='word_1_322' title='bbox 172 4074 270 4125; x_wconf 76' lang='grc' dir='ltr'>καὶ</span> <span class='ocrx_word' id='word_1_323' title='bbox 320 4072 887 4142; x_wconf 76' lang='grc' dir='ltr'>καθαρῤυθμίζεσθαι,</span> <span class='ocrx_word' id='word_1_324' title='bbox 950 4076 1045 4126; x_wconf 80' lang='grc' dir='ltr'>καὶ</span> <span class='ocrx_word' id='word_1_325' title='bbox 1085 4074 1185 4143; x_wconf 81' lang='grc' dir='ltr'>τῆς</span> <span class='ocrx_word' id='word_1_326' title='bbox 1234 4074 1440 4135; x_wconf 85' lang='grc' dir='ltr'>οἰκείας</span> <span class='ocrx_word' id='word_1_327' title='bbox 1475 4075 1749 4139; x_wconf 88' lang='grc' dir='ltr'>πολιτείας</span> 
     </span>
    </p>
   </div>
   <div class='ocr_carea' id='block_1_45' title="bbox 169 4159 1749 4236">
    <p class='ocr_par' dir='ltr' id='par_1_45' title="bbox 169 4159 1749 4236">
     <span class='ocr_line' id='line_1_45' title="bbox 169 4159 1749 4236; baseline 0.005 -24"><span class='ocrx_word' id='word_1_328' title='bbox 169 4159 317 4212; x_wconf 86' lang='grc' dir='ltr'><strong>κατά</strong></span> <span class='ocrx_word' id='word_1_329' title='bbox 332 4160 833 4222; x_wconf 83' lang='grc' dir='ltr'>ταύταςποιεῖσθαι</span> <span class='ocrx_word' id='word_1_330' title='bbox 857 4162 957 4232; x_wconf 79' lang='grc' dir='ltr'>τὴν</span> <span class='ocrx_word' id='word_1_331' title='bbox 981 4164 1300 4231; x_wconf 73' lang='grc' dir='ltr'>ἐπιμέλειαν</span> <span class='ocrx_word' id='word_1_332' title='bbox 1320 4181 1335 4228; x_wconf 88' lang='lat'><strong>;</strong></span> <span class='ocrx_word' id='word_1_333' title='bbox 1363 4166 1477 4217; x_wconf 81' lang='grc' dir='ltr'>ἴσον</span> <span class='ocrx_word' id='word_1_334' title='bbox 1502 4165 1611 4236; x_wconf 86' lang='grc' dir='ltr'><strong>γάρ</strong></span> <span class='ocrx_word' id='word_1_335' title='bbox 1633 4169 1749 4220; x_wconf 87' lang='grc' dir='ltr'>ἐστι</span> 
     </span>
    </p>
   </div>
   <div class='ocr_carea' id='block_1_46' title="bbox 167 4254 1748 4328">
    <p class='ocr_par' dir='ltr' id='par_1_46' title="bbox 167 4254 1748 4328">
     <span class='ocr_line' id='line_1_46' title="bbox 167 4254 1748 4328; baseline 0.005 -23"><span class='ocrx_word' id='word_1_336' title='bbox 167 4254 259 4307; x_wconf 84' lang='grc' dir='ltr'><strong>διά</strong></span> <span class='ocrx_word' id='word_1_337' title='bbox 285 4254 388 4321; x_wconf 82' lang='grc' dir='ltr'>τῆς</span> <span class='ocrx_word' id='word_1_338' title='bbox 418 4254 528 4307; x_wconf 90' lang='grc' dir='ltr'><strong>τῶν</strong></span> <span class='ocrx_word' id='word_1_339' title='bbox 571 4256 802 4308; x_wconf 78' lang='grc' dir='ltr'>ἐντολῶν</span> <span class='ocrx_word' id='word_1_340' title='bbox 828 4257 1141 4328; x_wconf 84' lang='grc' dir='ltr'>ἀθετήσεως</span> <span class='ocrx_word' id='word_1_341' title='bbox 1178 4258 1474 4327; x_wconf 79' lang='grc' dir='ltr'>πειρᾶσθαι</span> <span class='ocrx_word' id='word_1_342' title='bbox 1504 4260 1748 4327; x_wconf 88' lang='grc' dir='ltr'>φύλακας</span> 
     </span>
    </p>
   </div>
   <div class='ocr_carea' id='block_1_47' title="bbox 164 4345 1748 4414">
    <p class='ocr_par' dir='ltr' id='par_1_47' title="bbox 164 4345 1748 4414">
     <span class='ocr_line' id='line_1_47' title="bbox 164 4345 1748 4414; baseline 0.007 -19"><span class='ocrx_word' id='word_1_343' title='bbox 164 4345 281 4396; x_wconf 89' lang='grc' dir='ltr'><strong>τῶν</strong></span> <span class='ocrx_word' id='word_1_344' title='bbox 307 4345 751 4414; x_wconf 76' lang='grc' dir='ltr'>προσταγμάτων</span> <span class='ocrx_word' id='word_1_345' title='bbox 782 4350 977 4411; x_wconf 84' lang='grc' dir='ltr'>ποιεῖν,</span> <span class='ocrx_word' id='word_1_346' title='bbox 1007 4349 1100 4401; x_wconf 75' lang='grc' dir='ltr'>καὶ</span> <span class='ocrx_word' id='word_1_347' title='bbox 1128 4349 1343 4403; x_wconf 84' lang='grc' dir='ltr'>ἀθετεῖν</span> <span class='ocrx_word' id='word_1_348' title='bbox 1369 4350 1567 4414; x_wconf 81' lang='grc' dir='ltr'>αὐτοὺς</span> <span class='ocrx_word' id='word_1_349' title='bbox 1594 4354 1748 4406; x_wconf 87' lang='grc' dir='ltr'>ἀπαι-</span> 
     </span>
    </p>
   </div>
   <div class='ocr_carea' id='block_1_48' title="bbox 165 4434 1747 4512">
    <p class='ocr_par' dir='ltr' id='par_1_48' title="bbox 165 4434 1747 4512">
     <span class='ocr_line' id='line_1_48' title="bbox 165 4434 1747 4512; baseline 0.008 -29"><span class='ocrx_word' id='word_1_350' title='bbox 165 4436 280 4487; x_wconf 84' lang='grc' dir='ltr'>τεῖν</span> <span class='ocrx_word' id='word_1_351' title='bbox 304 4435 367 4486; x_wconf 75' lang='grc' dir='ltr'><strong>τὸ</strong></span> <span class='ocrx_word' id='word_1_352' title='bbox 388 4437 447 4487; x_wconf 87' lang='grc' dir='ltr'><strong>ἐν</strong></span> <span class='ocrx_word' id='word_1_353' title='bbox 478 4436 786 4505; x_wconf 81' lang='grc' dir='ltr'>παραϐάσει</span> <span class='ocrx_word' id='word_1_354' title='bbox 820 4439 1198 4508; x_wconf 87' lang='grc' dir='ltr'>ἀπαράϐατον.</span> <span class='ocrx_word' id='word_1_355' title='bbox 1233 4434 1309 4494; x_wconf 63' lang='lat' dir='ltr'><strong>(lii</strong></span> <span class='ocrx_word' id='word_1_356' title='bbox 1338 4440 1390 4493; x_wconf 86' lang='grc' dir='ltr'><strong>τί</strong></span> <span class='ocrx_word' id='word_1_357' title='bbox 1412 4440 1478 4495; x_wconf 80' lang='grc' dir='ltr'>ἂν</span> <span class='ocrx_word' id='word_1_358' title='bbox 1508 4442 1747 4512; x_wconf 76' lang='grc' dir='ltr'>όέχθρδς</span> 
     </span>
    </p>
   </div>
   <div class='ocr_carea' id='block_1_49' title="bbox 1846 638 3419 709">
    <p class='ocr_par' dir='ltr' id='par_1_49' title="bbox 1846 638 3419 709">
     <span class='ocr_line' id='line_1_49' title="bbox 1846 638 3419 709; baseline 0.001 -18"><span class='ocrx_word' id='word_1_359' title='bbox 1846 638 1990 693; x_wconf 80' lang='lat' dir='ltr'><strong>libus</strong></span> <span class='ocrx_word' id='word_1_360' title='bbox 2017 638 2251 693; x_wconf 79' lang='lat' dir='ltr'><strong>vinculis</strong></span> <span class='ocrx_word' id='word_1_361' title='bbox 2274 641 2556 703; x_wconf 89' lang='lat' dir='ltr'><strong>traditum,</strong></span> <span class='ocrx_word' id='word_1_362' title='bbox 2586 649 2873 708; x_wconf 79' lang='lat' dir='ltr'><strong>postquam</strong></span> <span class='ocrx_word' id='word_1_363' title='bbox 2898 640 3149 696; x_wconf 79' lang='lat' dir='ltr'><strong>Christus</strong></span> <span class='ocrx_word' id='word_1_364' title='bbox 3168 644 3419 709; x_wconf 80' lang='lat' dir='ltr'><strong>sepulcro</strong></span> 
     </span>
    </p>
   </div>
   <div class='ocr_carea' id='block_1_50' title="bbox 1844 731 3416 799">
    <p class='ocr_par' dir='ltr' id='par_1_50' title="bbox 1844 731 3416 799">
     <span class='ocr_line' id='line_1_50' title="bbox 1844 731 3416 799; baseline 0.001 -16"><span class='ocrx_word' id='word_1_365' title='bbox 1844 739 2126 791; x_wconf 74' lang='lat' dir='ltr'><strong>evaserat,</strong></span> <span class='ocrx_word' id='word_1_366' title='bbox 2182 731 2601 799; x_wconf 83' lang='lat' dir='ltr'><strong>communisque</strong></span> <span class='ocrx_word' id='word_1_367' title='bbox 2645 731 3062 785; x_wconf 77' lang='lat' dir='ltr'><strong>resurrectionis</strong></span> <span class='ocrx_word' id='word_1_368' title='bbox 3113 734 3416 799; x_wconf 79' lang='lat' dir='ltr'><strong>auspicium</strong></span> 
     </span>
    </p>
   </div>
   <div class='ocr_carea' id='block_1_51' title="bbox 1843 818 3419 889">
    <p class='ocr_par' dir='ltr' id='par_1_51' title="bbox 1843 818 3419 889">
     <span class='ocr_line' id='line_1_51' title="bbox 1843 818 3419 889; baseline 0.003 -19"><span class='ocrx_word' id='word_1_369' title='bbox 1843 818 2093 883; x_wconf 86' lang='lat' dir='ltr'><strong>dederat;</strong></span> <span class='ocrx_word' id='word_1_370' title='bbox 2149 827 2263 871; x_wconf 90' lang='lat' dir='ltr'><strong>tum</strong></span> <span class='ocrx_word' id='word_1_371' title='bbox 2305 819 2522 872; x_wconf 91' lang='lat' dir='ltr'><strong>demum</strong></span> <span class='ocrx_word' id='word_1_372' title='bbox 2576 819 2915 873; x_wconf 87' lang='lat' dir='ltr'><strong>terrestrium</strong></span> <span class='ocrx_word' id='word_1_373' title='bbox 2964 822 3209 873; x_wconf 89' lang='lat' dir='ltr'><strong>omnium</strong></span> <span class='ocrx_word' id='word_1_374' title='bbox 3259 832 3419 889; x_wconf 88' lang='lat' dir='ltr'><strong>atque</strong></span> 
     </span>
    </p>
   </div>
   <div class='ocr_carea' id='block_1_52' title="bbox 1844 910 3413 977">
    <p class='ocr_par' dir='ltr' id='par_1_52' title="bbox 1844 910 3413 977">
     <span class='ocr_line' id='line_1_52' title="bbox 1844 910 3413 977; baseline -0.001 -15"><span class='ocrx_word' id='word_1_375' title='bbox 1844 910 2144 963; x_wconf 66' lang='lat' dir='ltr'><strong>caelestium</strong></span> <span class='ocrx_word' id='word_1_376' title='bbox 2187 919 2543 977; x_wconf 86' lang='lat' dir='ltr'><strong>potestatem,</strong></span> <span class='ocrx_word' id='word_1_377' title='bbox 2604 910 2649 962; x_wconf 84' lang='lat' dir='ltr'><strong>is</strong></span> <span class='ocrx_word' id='word_1_378' title='bbox 2696 910 2787 977; x_wconf 91' lang='lat' dir='ltr'><strong>qui</strong></span> <span class='ocrx_word' id='word_1_379' title='bbox 2837 910 3021 963; x_wconf 85' lang='lat' dir='ltr'><strong>divina</strong></span> <span class='ocrx_word' id='word_1_380' title='bbox 3074 921 3265 964; x_wconf 84' lang='lat' dir='ltr'><strong>natura</strong></span> <span class='ocrx_word' id='word_1_381' title='bbox 3301 913 3413 976; x_wconf 87' lang='lat' dir='ltr'><strong>jam</strong></span> 
     </span>
    </p>
   </div>
   <div class='ocr_carea' id='block_1_53' title="bbox 1843 995 3414 1065">
    <p class='ocr_par' dir='ltr' id='par_1_53' title="bbox 1843 995 3414 1065">
     <span class='ocr_line' id='line_1_53' title="bbox 1843 995 3414 1065; baseline 0.004 -17"><span class='ocrx_word' id='word_1_382' title='bbox 1843 1010 1964 1048; x_wconf 87' lang='lat' dir='ltr'><strong>eam</strong></span> <span class='ocrx_word' id='word_1_383' title='bbox 2012 995 2253 1059; x_wconf 86' lang='lat' dir='ltr'><strong>tenebat,</strong></span> <span class='ocrx_word' id='word_1_384' title='bbox 2310 997 2544 1047; x_wconf 88' lang='lat' dir='ltr'><strong>humana</strong></span> <span class='ocrx_word' id='word_1_385' title='bbox 2594 1010 2810 1062; x_wconf 86' lang='lat' dir='ltr'><strong>quoque</strong></span> <span class='ocrx_word' id='word_1_386' title='bbox 2852 1005 3048 1049; x_wconf 88' lang='lat' dir='ltr'><strong>natura</strong></span> <span class='ocrx_word' id='word_1_387' title='bbox 3106 999 3414 1065; x_wconf 79' lang='lat' dir='ltr'><strong>recipiens:</strong></span> 
     </span>
    </p>
   </div>
   <div class='ocr_carea' id='block_1_54' title="bbox 1844 1084 3416 1153">
    <p class='ocr_par' dir='ltr' id='par_1_54' title="bbox 1844 1084 3416 1153">
     <span class='ocr_line' id='line_1_54' title="bbox 1844 1084 3416 1153; baseline 0 -15"><span class='ocrx_word' id='word_1_388' title='bbox 1844 1094 1995 1148; x_wconf 88' lang='lat' dir='ltr'><strong>tunc,</strong></span> <span class='ocrx_word' id='word_1_389' title='bbox 2028 1084 2279 1152; x_wconf 86' lang='lat' dir='ltr'><strong>inquam,</strong></span> <span class='ocrx_word' id='word_1_390' title='bbox 2325 1084 2563 1151; x_wconf 77' lang='lat' dir='ltr'><strong>regalem</strong></span> <span class='ocrx_word' id='word_1_391' title='bbox 2617 1084 2757 1137; x_wconf 85' lang='lat' dir='ltr'><strong>hanc</strong></span> <span class='ocrx_word' id='word_1_392' title='bbox 2809 1084 3214 1151; x_wconf 76' lang='lat' dir='ltr'><strong>salutaremque</strong></span> <span class='ocrx_word' id='word_1_393' title='bbox 3248 1088 3416 1153; x_wconf 71' lang='lat' dir='ltr'><strong>legem</strong></span> 
     </span>
    </p>
   </div>
   <div class='ocr_carea' id='block_1_55' title="bbox 1846 1172 3419 1243">
    <p class='ocr_par' dir='ltr' id='par_1_55' title="bbox 1846 1172 3419 1243">
     <span class='ocr_line' id='line_1_55' title="bbox 1846 1172 3419 1243; baseline 0.001 -16"><span class='ocrx_word' id='word_1_394' title='bbox 1846 1176 1988 1229; x_wconf 88' lang='lat' dir='ltr'><strong>haud</strong></span> <span class='ocrx_word' id='word_1_395' title='bbox 2024 1176 2077 1229; x_wconf 90' lang='lat' dir='ltr'><strong>in</strong></span> <span class='ocrx_word' id='word_1_396' title='bbox 2112 1176 2312 1228; x_wconf 91' lang='lat' dir='ltr'><strong>tabulis</strong></span> <span class='ocrx_word' id='word_1_397' title='bbox 2342 1172 2591 1243; x_wconf 88' lang='lat' dir='ltr'><strong>lapideis,</strong></span> <span class='ocrx_word' id='word_1_398' title='bbox 2640 1178 2733 1228; x_wconf 82' lang='lat' dir='ltr'><strong>sed</strong></span> <span class='ocrx_word' id='word_1_399' title='bbox 2770 1176 2823 1227; x_wconf 89' lang='lat' dir='ltr'><strong>in</strong></span> <span class='ocrx_word' id='word_1_400' title='bbox 2853 1175 2972 1227; x_wconf 82' lang='lat' dir='ltr'><strong>aliis</strong></span> <span class='ocrx_word' id='word_1_401' title='bbox 3024 1185 3251 1228; x_wconf 77' lang='lat' dir='ltr'><strong>teri-eme</strong></span> <span class='ocrx_word' id='word_1_402' title='bbox 3306 1193 3419 1228; x_wconf 85' lang='lat' dir='ltr'><strong>ina-</strong></span> 
     </span>
    </p>
   </div>
   <div class='ocr_carea' id='block_1_56' title="bbox 1844 1263 3420 1332">
    <p class='ocr_par' dir='ltr' id='par_1_56' title="bbox 1844 1263 3420 1332">
     <span class='ocr_line' id='line_1_56' title="bbox 1844 1263 3420 1332; baseline -0.002 -14"><span class='ocrx_word' id='word_1_403' title='bbox 1844 1266 1993 1318; x_wconf 69' lang='lat' dir='ltr'><strong>terize</strong></span> <span class='ocrx_word' id='word_1_404' title='bbox 2044 1264 2303 1317; x_wconf 76' lang='lat' dir='ltr'><strong>vilitatem</strong></span> <span class='ocrx_word' id='word_1_405' title='bbox 2354 1263 2765 1325; x_wconf 76' lang='lat' dir='ltr'><strong>excedentibus,</strong></span> <span class='ocrx_word' id='word_1_406' title='bbox 2815 1278 3010 1330; x_wconf 91' lang='lat' dir='ltr'><strong>nempe</strong></span> <span class='ocrx_word' id='word_1_407' title='bbox 3053 1263 3106 1315; x_wconf 90' lang='lat' dir='ltr'><strong>iu</strong></span> <span class='ocrx_word' id='word_1_408' title='bbox 3147 1266 3420 1332; x_wconf 78' lang='lat' dir='ltr'><strong>apostolo-</strong></span> 
     </span>
    </p>
   </div>
   <div class='ocr_carea' id='block_1_57' title="bbox 1845 1353 3419 1421">
    <p class='ocr_par' dir='ltr' id='par_1_57' title="bbox 1845 1353 3419 1421">
     <span class='ocr_line' id='line_1_57' title="bbox 1845 1353 3419 1421; baseline -0.001 -15"><span class='ocrx_word' id='word_1_409' title='bbox 1845 1372 1963 1406; x_wconf 88' lang='lat' dir='ltr'><strong>rum</strong></span> <span class='ocrx_word' id='word_1_410' title='bbox 1995 1355 2271 1407; x_wconf 83' lang='lat' dir='ltr'><strong>mentibus</strong></span> <span class='ocrx_word' id='word_1_411' title='bbox 2304 1354 2562 1421; x_wconf 86' lang='lat' dir='ltr'><strong>scripsit:</strong></span> <span class='ocrx_word' id='word_1_412' title='bbox 2596 1355 2773 1406; x_wconf 85' lang='lat' dir='ltr'><strong>edicto</strong></span> <span class='ocrx_word' id='word_1_413' title='bbox 2806 1353 2973 1405; x_wconf 84' lang='lat' dir='ltr'><strong>veluti</strong></span> <span class='ocrx_word' id='word_1_414' title='bbox 2998 1354 3229 1420; x_wconf 89' lang='lat' dir='ltr'><strong>quodam</strong></span> <span class='ocrx_word' id='word_1_415' title='bbox 3256 1365 3419 1420; x_wconf 85' lang='lat' dir='ltr'><strong>atque</strong></span> 
     </span>
    </p>
   </div>
   <div class='ocr_carea' id='block_1_58' title="bbox 1844 1444 3418 1515">
    <p class='ocr_par' dir='ltr' id='par_1_58' title="bbox 1844 1444 3418 1515">
     <span class='ocr_line' id='line_1_58' title="bbox 1844 1444 3418 1515; baseline -0.003 -16"><span class='ocrx_word' id='word_1_416' title='bbox 1844 1458 2247 1515; x_wconf 77' lang='lat' dir='ltr'><strong>programmate</strong></span> <span class='ocrx_word' id='word_1_417' title='bbox 2289 1446 2544 1499; x_wconf 89' lang='lat' dir='ltr'><strong>universo</strong></span> <span class='ocrx_word' id='word_1_418' title='bbox 2568 1446 2684 1496; x_wconf 89' lang='lat' dir='ltr'><strong>orhi</strong></span> <span class='ocrx_word' id='word_1_419' title='bbox 2719 1444 3021 1513; x_wconf 90' lang='lat' dir='ltr'><strong>proposito.</strong></span> <span class='ocrx_word' id='word_1_420' title='bbox 3053 1445 3210 1511; x_wconf 87' lang='lat' dir='ltr'><strong>cujus</strong></span> <span class='ocrx_word' id='word_1_421' title='bbox 3238 1445 3418 1499; x_wconf 86' lang='lat' dir='ltr'><strong>verhis</strong></span> 
     </span>
    </p>
   </div>
   <div class='ocr_carea' id='block_1_59' title="bbox 1844 1534 3417 1603">
    <p class='ocr_par' dir='ltr' id='par_1_59' title="bbox 1844 1534 3417 1603">
     <span class='ocr_line' id='line_1_59' title="bbox 1844 1534 3417 1603; baseline -0.003 -14"><span class='ocrx_word' id='word_1_422' title='bbox 1844 1536 2044 1589; x_wconf 89' lang='lat' dir='ltr'><strong>initiari</strong></span> <span class='ocrx_word' id='word_1_423' title='bbox 2076 1546 2131 1590; x_wconf 92' lang='lat' dir='ltr'><strong>et</strong></span> <span class='ocrx_word' id='word_1_424' title='bbox 2159 1535 2470 1591; x_wconf 87' lang='lat' dir='ltr'><strong>consecrari</strong></span> <span class='ocrx_word' id='word_1_425' title='bbox 2497 1534 2780 1603; x_wconf 83' lang='lat' dir='ltr'><strong>oportebat</strong></span> <span class='ocrx_word' id='word_1_426' title='bbox 2812 1534 3131 1603; x_wconf 78' lang='lat' dir='ltr'><strong>quicunque</strong></span> <span class='ocrx_word' id='word_1_427' title='bbox 3179 1534 3246 1586; x_wconf 82' lang='lat' dir='ltr'><strong>ad</strong></span> <span class='ocrx_word' id='word_1_428' title='bbox 3282 1536 3417 1586; x_wconf 87' lang='lat' dir='ltr'><strong>reli-</strong></span> 
     </span>
    </p>
   </div>
   <div class='ocr_carea' id='block_1_60' title="bbox 1842 1625 3419 1694">
    <p class='ocr_par' dir='ltr' id='par_1_60' title="bbox 1842 1625 3419 1694">
     <span class='ocr_line' id='line_1_60' title="bbox 1842 1625 3419 1694; baseline -0.001 -15"><span class='ocrx_word' id='word_1_429' title='bbox 1842 1628 2056 1694; x_wconf 74' lang='lat' dir='ltr'><strong>giouem</strong></span> <span class='ocrx_word' id='word_1_430' title='bbox 2089 1629 2409 1681; x_wconf 84' lang='lat' dir='ltr'><strong>accederent</strong></span> <span class='ocrx_word' id='word_1_431' title='bbox 2443 1645 2456 1691; x_wconf 90' lang='lat'><strong>;</strong></span> <span class='ocrx_word' id='word_1_432' title='bbox 2528 1642 2689 1689; x_wconf 88' lang='lat' dir='ltr'><strong>nam;</strong></span> <span class='ocrx_word' id='word_1_433' title='bbox 2741 1644 2758 1676; x_wconf 77' lang='grc' dir='ltr'><strong>ι</strong></span> <span class='ocrx_word' id='word_1_434' title='bbox 2808 1625 3053 1686; x_wconf 65' lang='grc' dir='ltr'>Ευιιιρδν</span> <span class='ocrx_word' id='word_1_435' title='bbox 3083 1626 3281 1693; x_wconf 88' lang='lat' dir='ltr'><strong>inquit,</strong></span> <span class='ocrx_word' id='word_1_436' title='bbox 3318 1627 3419 1678; x_wconf 92' lang='lat' dir='ltr'><strong>do-</strong></span> 
     </span>
    </p>
   </div>
   <div class='ocr_carea' id='block_1_61' title="bbox 1842 1715 3421 1784">
    <p class='ocr_par' dir='ltr' id='par_1_61' title="bbox 1842 1715 3421 1784">
     <span class='ocr_line' id='line_1_61' title="bbox 1842 1715 3421 1784; baseline -0.002 -14"><span class='ocrx_word' id='word_1_437' title='bbox 1842 1726 1960 1771; x_wconf 86' lang='lat' dir='ltr'><strong>cete</strong></span> <span class='ocrx_word' id='word_1_438' title='bbox 2010 1731 2203 1769; x_wconf 89' lang='lat' dir='ltr'><strong>omnes</strong></span> <span class='ocrx_word' id='word_1_439' title='bbox 2262 1726 2472 1784; x_wconf 90' lang='lat' dir='ltr'><strong>gentes,</strong></span> <span class='ocrx_word' id='word_1_440' title='bbox 2536 1716 2873 1784; x_wconf 85' lang='lat' dir='ltr'><strong>baptizantes</strong></span> <span class='ocrx_word' id='word_1_441' title='bbox 2928 1730 3021 1768; x_wconf 88' lang='lat' dir='ltr'><strong>eas</strong></span> <span class='ocrx_word' id='word_1_442' title='bbox 3080 1715 3132 1767; x_wconf 93' lang='lat' dir='ltr'><strong>in</strong></span> <span class='ocrx_word' id='word_1_443' title='bbox 3197 1716 3421 1767; x_wconf 83' lang='lat' dir='ltr'><strong>nomine</strong></span> 
     </span>
    </p>
   </div>
   <div class='ocr_carea' id='block_1_62' title="bbox 1842 1805 3421 1873">
    <p class='ocr_par' dir='ltr' id='par_1_62' title="bbox 1842 1805 3421 1873">
     <span class='ocr_line' id='line_1_62' title="bbox 1842 1805 3421 1873; baseline -0.002 -14"><span class='ocrx_word' id='word_1_444' title='bbox 1842 1805 2020 1861; x_wconf 82' lang='lat' dir='ltr'><strong>Patris</strong></span> <span class='ocrx_word' id='word_1_445' title='bbox 2050 1818 2102 1861; x_wconf 90' lang='lat' dir='ltr'><strong>et</strong></span> <span class='ocrx_word' id='word_1_446' title='bbox 2129 1806 2253 1861; x_wconf 80' lang='lat' dir='ltr'><strong>Filii</strong></span> <span class='ocrx_word' id='word_1_447' title='bbox 2278 1815 2333 1860; x_wconf 89' lang='lat' dir='ltr'><strong>et</strong></span> <span class='ocrx_word' id='word_1_448' title='bbox 2364 1807 2538 1860; x_wconf 92' lang='lat' dir='ltr'><strong>sancti</strong></span> <span class='ocrx_word' id='word_1_449' title='bbox 2574 1805 2809 1873; x_wconf 88' lang='lat' dir='ltr'><strong>Spiritus</strong></span> <span class='ocrx_word' id='word_1_450' title='bbox 2835 1823 2848 1857; x_wconf 89' lang='lat'>:</span> <span class='ocrx_word' id='word_1_451' title='bbox 2872 1805 3183 1859; x_wconf 85' lang='lat' dir='ltr'><strong>erudieutes</strong></span> <span class='ocrx_word' id='word_1_452' title='bbox 3214 1814 3273 1857; x_wconf 90' lang='lat' dir='ltr'><strong>ut</strong></span> <span class='ocrx_word' id='word_1_453' title='bbox 3302 1819 3421 1857; x_wconf 87' lang='lat' dir='ltr'><strong>om-</strong></span> 
     </span>
    </p>
   </div>
   <div class='ocr_carea' id='block_1_63' title="bbox 1847 1895 3418 1968">
    <p class='ocr_par' dir='ltr' id='par_1_63' title="bbox 1847 1895 3418 1968">
     <span class='ocr_line' id='line_1_63' title="bbox 1847 1895 3418 1968; baseline -0.004 -17"><span class='ocrx_word' id='word_1_454' title='bbox 1847 1898 1935 1951; x_wconf 90' lang='lat' dir='ltr'><strong>nia</strong></span> <span class='ocrx_word' id='word_1_455' title='bbox 1959 1898 2177 1968; x_wconf 89' lang='lat' dir='ltr'><strong>(nempe</strong></span> <span class='ocrx_word' id='word_1_456' title='bbox 2204 1898 2257 1950; x_wconf 92' lang='lat' dir='ltr'><strong>in</strong></span> <span class='ocrx_word' id='word_1_457' title='bbox 2287 1898 2479 1966; x_wconf 81' lang='lat' dir='ltr'><strong>primis</strong></span> <span class='ocrx_word' id='word_1_458' title='bbox 2505 1897 2650 1965; x_wconf 90' lang='lat' dir='ltr'><strong>quod</strong></span> <span class='ocrx_word' id='word_1_459' title='bbox 2682 1896 2734 1949; x_wconf 92' lang='lat' dir='ltr'><strong>in</strong></span> <span class='ocrx_word' id='word_1_460' title='bbox 2761 1896 3014 1965; x_wconf 65' lang='lat' dir='ltr'><strong>praesenti</strong></span> <span class='ocrx_word' id='word_1_461' title='bbox 3046 1895 3418 1963; x_wconf 80' lang='lat' dir='ltr'><strong>mandaverat)</strong></span> 
     </span>
    </p>
   </div>
   <div class='ocr_carea' id='block_1_64' title="bbox 1839 1989 3135 2060">
    <p class='ocr_par' dir='ltr' id='par_1_64' title="bbox 1839 1989 3135 2060">
     <span class='ocr_line' id='line_1_64' title="bbox 1839 1989 3135 2060; baseline -0.005 -14"><span class='ocrx_word' id='word_1_462' title='bbox 1839 2006 2177 2060; x_wconf 67' lang='lat' dir='ltr'><strong>quaecunque</strong></span> <span class='ocrx_word' id='word_1_463' title='bbox 2209 1990 2437 2059; x_wconf 69' lang='lat' dir='ltr'><strong>praecepi</strong></span> <span class='ocrx_word' id='word_1_464' title='bbox 2477 1990 2630 2043; x_wconf 85' lang='lat' dir='ltr'><strong>vobis</strong></span> <span class='ocrx_word' id='word_1_465' title='bbox 2660 1990 2954 2043; x_wconf 86' lang='lat' dir='ltr'><strong>observent</strong></span> <span class='ocrx_word' id='word_1_466' title='bbox 2982 1989 3081 2041; x_wconf 61' lang='grc'><strong>⁸⁸⁸.</strong></span> <span class='ocrx_word' id='word_1_467' title='bbox 3118 2007 3135 2039; x_wconf 75' lang='grc' dir='ltr'><strong>ι</strong></span> 
     </span>
    </p>
   </div>
   <div class='ocr_carea' id='block_1_65' title="bbox 1910 2077 3415 2148">
    <p class='ocr_par' dir='ltr' id='par_1_65' title="bbox 1910 2077 3415 2148">
     <span class='ocr_line' id='line_1_65' title="bbox 1910 2077 3415 2148; baseline -0.004 -13"><span class='ocrx_word' id='word_1_468' title='bbox 1910 2082 1964 2135; x_wconf 76' lang='grc'><strong>5.</strong></span> <span class='ocrx_word' id='word_1_469' title='bbox 2004 2080 2147 2135; x_wconf 88' lang='lat' dir='ltr'><strong>Sane</strong></span> <span class='ocrx_word' id='word_1_470' title='bbox 2176 2081 2279 2133; x_wconf 91' lang='lat' dir='ltr'><strong>hoc</strong></span> <span class='ocrx_word' id='word_1_471' title='bbox 2312 2096 2470 2134; x_wconf 81' lang='lat' dir='ltr'><strong>sacro</strong></span> <span class='ocrx_word' id='word_1_472' title='bbox 2505 2081 2812 2134; x_wconf 81' lang='lat' dir='ltr'><strong>Servatoris</strong></span> <span class='ocrx_word' id='word_1_473' title='bbox 2854 2088 3126 2148; x_wconf 76' lang='lat' dir='ltr'><strong>praecepto</strong></span> <span class='ocrx_word' id='word_1_474' title='bbox 3157 2077 3415 2147; x_wconf 87' lang='lat' dir='ltr'><strong>quidnam</strong></span> 
     </span>
    </p>
   </div>
   <div class='ocr_carea' id='block_1_66' title="bbox 1840 2169 3421 2242">
    <p class='ocr_par' dir='ltr' id='par_1_66' title="bbox 1840 2169 3421 2242">
     <span class='ocr_line' id='line_1_66' title="bbox 1840 2169 3421 2242; baseline -0.002 -17"><span class='ocrx_word' id='word_1_475' title='bbox 1840 2172 2125 2242; x_wconf 80' lang='lat' dir='ltr'><strong>urgentius</strong></span> <span class='ocrx_word' id='word_1_476' title='bbox 2157 2186 2280 2226; x_wconf 82' lang='lat' dir='ltr'><strong>esse</strong></span> <span class='ocrx_word' id='word_1_477' title='bbox 2331 2173 2548 2239; x_wconf 80' lang='lat' dir='ltr'><strong>potest?</strong></span> <span class='ocrx_word' id='word_1_478' title='bbox 2584 2186 2821 2239; x_wconf 90' lang='lat' dir='ltr'><strong>quonam</strong></span> <span class='ocrx_word' id='word_1_479' title='bbox 2854 2181 3035 2223; x_wconf 87' lang='lat' dir='ltr'><strong>autem</strong></span> <span class='ocrx_word' id='word_1_480' title='bbox 3086 2170 3294 2237; x_wconf 90' lang='lat' dir='ltr'><strong>judicio</strong></span> <span class='ocrx_word' id='word_1_481' title='bbox 3322 2169 3421 2222; x_wconf 88' lang='lat' dir='ltr'><strong>ho-</strong></span> 
     </span>
    </p>
   </div>
   <div class='ocr_carea' id='block_1_67' title="bbox 1843 2258 3419 2329">
    <p class='ocr_par' dir='ltr' id='par_1_67' title="bbox 1843 2258 3419 2329">
     <span class='ocr_line' id='line_1_67' title="bbox 1843 2258 3419 2329; baseline -0.002 -16"><span class='ocrx_word' id='word_1_482' title='bbox 1843 2265 2048 2314; x_wconf 87' lang='lat' dir='ltr'><strong>minum</strong></span> <span class='ocrx_word' id='word_1_483' title='bbox 2074 2276 2211 2329; x_wconf 88' lang='lat' dir='ltr'><strong>opus</strong></span> <span class='ocrx_word' id='word_1_484' title='bbox 2236 2272 2339 2323; x_wconf 87' lang='lat' dir='ltr'><strong>est,</strong></span> <span class='ocrx_word' id='word_1_485' title='bbox 2376 2260 2816 2328; x_wconf 78' lang='lat' dir='ltr'><strong>quandoquidem</strong></span> <span class='ocrx_word' id='word_1_486' title='bbox 2850 2274 2950 2312; x_wconf 77' lang='lat' dir='ltr'><strong>vox</strong></span> <span class='ocrx_word' id='word_1_487' title='bbox 2987 2258 3268 2314; x_wconf 83' lang='lat' dir='ltr'><strong>Dominica</strong></span> <span class='ocrx_word' id='word_1_488' title='bbox 3320 2258 3419 2310; x_wconf 82' lang='lat' dir='ltr'><strong>do—</strong></span> 
     </span>
    </p>
   </div>
   <div class='ocr_carea' id='block_1_68' title="bbox 1846 2351 3416 2419">
    <p class='ocr_par' dir='ltr' id='par_1_68' title="bbox 1846 2351 3416 2419">
     <span class='ocr_line' id='line_1_68' title="bbox 1846 2351 3416 2419; baseline -0.003 -14"><span class='ocrx_word' id='word_1_489' title='bbox 1846 2352 2079 2405; x_wconf 82' lang='lat' dir='ltr'><strong>ctrinani</strong></span> <span class='ocrx_word' id='word_1_490' title='bbox 2111 2353 2251 2405; x_wconf 85' lang='lat' dir='ltr'><strong>hanc</strong></span> <span class='ocrx_word' id='word_1_491' title='bbox 2284 2352 2465 2413; x_wconf 89' lang='lat' dir='ltr'><strong>tradit,</strong></span> <span class='ocrx_word' id='word_1_492' title='bbox 2495 2351 2754 2419; x_wconf 87' lang='lat' dir='ltr'><strong>omnique</strong></span> <span class='ocrx_word' id='word_1_493' title='bbox 2793 2353 2971 2417; x_wconf 72' lang='lat' dir='ltr'><strong>sigillo</strong></span> <span class='ocrx_word' id='word_1_494' title='bbox 2996 2353 3251 2403; x_wconf 74' lang='lat' dir='ltr'><strong>tutiorem</strong></span> <span class='ocrx_word' id='word_1_495' title='bbox 3288 2364 3416 2402; x_wconf 86' lang='lat' dir='ltr'><strong>sen—</strong></span> 
     </span>
    </p>
   </div>
   <div class='ocr_carea' id='block_1_69' title="bbox 1843 2439 3417 2510">
    <p class='ocr_par' dir='ltr' id='par_1_69' title="bbox 1843 2439 3417 2510">
     <span class='ocr_line' id='line_1_69' title="bbox 1843 2439 3417 2510; baseline -0.001 -17"><span class='ocrx_word' id='word_1_496' title='bbox 1843 2440 2067 2493; x_wconf 85' lang='lat' dir='ltr'><strong>tentiam</strong></span> <span class='ocrx_word' id='word_1_497' title='bbox 2119 2456 2272 2494; x_wconf 89' lang='lat' dir='ltr'><strong>suam</strong></span> <span class='ocrx_word' id='word_1_498' title='bbox 2305 2442 2377 2493; x_wconf 89' lang='lat' dir='ltr'><strong>illi</strong></span> <span class='ocrx_word' id='word_1_499' title='bbox 2416 2441 2823 2510; x_wconf 83' lang='lat' dir='ltr'><strong>circumponit?</strong></span> <span class='ocrx_word' id='word_1_500' title='bbox 2851 2443 3014 2509; x_wconf 78' lang='lat' dir='ltr'><strong>Atqui</strong></span> <span class='ocrx_word' id='word_1_501' title='bbox 3065 2442 3110 2496; x_wconf 90' lang='lat' dir='ltr'><strong>si</strong></span> <span class='ocrx_word' id='word_1_502' title='bbox 3160 2440 3298 2493; x_wconf 83' lang='lat' dir='ltr'><strong>forte</strong></span> <span class='ocrx_word' id='word_1_503' title='bbox 3332 2439 3417 2492; x_wconf 77' lang='lat' dir='ltr'><strong>lex</strong></span> 
     </span>
    </p>
   </div>
   <div class='ocr_carea' id='block_1_70' title="bbox 1844 2530 3416 2600">
    <p class='ocr_par' dir='ltr' id='par_1_70' title="bbox 1844 2530 3416 2600">
     <span class='ocr_line' id='line_1_70' title="bbox 1844 2530 3416 2600; baseline -0.001 -18"><span class='ocrx_word' id='word_1_504' title='bbox 1844 2530 2150 2583; x_wconf 84' lang='lat' dir='ltr'><strong>Servatoris</strong></span> <span class='ocrx_word' id='word_1_505' title='bbox 2183 2539 2236 2582; x_wconf 91' lang='lat' dir='ltr'><strong>et</strong></span> <span class='ocrx_word' id='word_1_506' title='bbox 2274 2532 2664 2600; x_wconf 89' lang='lat' dir='ltr'><strong>discipulorum</strong></span> <span class='ocrx_word' id='word_1_507' title='bbox 2718 2532 2902 2600; x_wconf 82' lang='lat' dir='ltr'><strong>Opinio</strong></span> <span class='ocrx_word' id='word_1_508' title='bbox 2952 2532 3183 2585; x_wconf 81' lang='lat' dir='ltr'><strong>formula</strong></span> <span class='ocrx_word' id='word_1_509' title='bbox 3235 2532 3416 2599; x_wconf 89' lang='lat' dir='ltr'><strong>aliqua</strong></span> 
     </span>
    </p>
   </div>
   <div class='ocr_carea' id='block_1_71' title="bbox 1845 2621 3418 2691">
    <p class='ocr_par' dir='ltr' id='par_1_71' title="bbox 1845 2621 3418 2691">
     <span class='ocr_line' id='line_1_71' title="bbox 1845 2621 3418 2691; baseline -0.001 -17"><span class='ocrx_word' id='word_1_510' title='bbox 1845 2621 2153 2675; x_wconf 86' lang='lat' dir='ltr'><strong>necessaria</strong></span> <span class='ocrx_word' id='word_1_511' title='bbox 2195 2621 2259 2674; x_wconf 87' lang='lat' dir='ltr'><strong>ad</strong></span> <span class='ocrx_word' id='word_1_512' title='bbox 2294 2638 2390 2691; x_wconf 88' lang='lat' dir='ltr'><strong>par</strong></span> <span class='ocrx_word' id='word_1_513' title='bbox 2418 2639 2479 2676; x_wconf 81' lang='lat' dir='ltr'><strong>ac</strong></span> <span class='ocrx_word' id='word_1_514' title='bbox 2528 2623 2703 2677; x_wconf 88' lang='lat' dir='ltr'><strong>simile</strong></span> <span class='ocrx_word' id='word_1_515' title='bbox 2732 2625 2968 2675; x_wconf 80' lang='lat' dir='ltr'><strong>uilicium</strong></span> <span class='ocrx_word' id='word_1_516' title='bbox 3023 2633 3284 2684; x_wconf 82' lang='lat' dir='ltr'><strong>uteretur,</strong></span> <span class='ocrx_word' id='word_1_517' title='bbox 3320 2638 3418 2674; x_wconf 86' lang='lat' dir='ltr'><strong>ne-</strong></span> 
     </span>
    </p>
   </div>
   <div class='ocr_carea' id='block_1_72' title="bbox 1842 2712 3418 2780">
    <p class='ocr_par' dir='ltr' id='par_1_72' title="bbox 1842 2712 3418 2780">
     <span class='ocr_line' id='line_1_72' title="bbox 1842 2712 3418 2780; baseline -0.004 -15"><span class='ocrx_word' id='word_1_518' title='bbox 1842 2726 1948 2780; x_wconf 89' lang='lat' dir='ltr'><strong>que</strong></span> <span class='ocrx_word' id='word_1_519' title='bbox 1988 2712 2091 2764; x_wconf 71' lang='lat' dir='ltr'><strong>illa:</strong></span> <span class='ocrx_word' id='word_1_520' title='bbox 2136 2712 2253 2765; x_wconf 69' lang='lat' dir='ltr'><strong>dua:</strong></span> <span class='ocrx_word' id='word_1_521' title='bbox 2300 2714 2581 2765; x_wconf 55' lang='lat' dir='ltr'><strong>sententiae</strong></span> <span class='ocrx_word' id='word_1_522' title='bbox 2614 2713 2754 2766; x_wconf 90' lang='lat' dir='ltr'><strong>inter</strong></span> <span class='ocrx_word' id='word_1_523' title='bbox 2793 2728 2851 2765; x_wconf 89' lang='lat' dir='ltr'><strong>se</strong></span> <span class='ocrx_word' id='word_1_524' title='bbox 2883 2712 3233 2771; x_wconf 85' lang='lat' dir='ltr'><strong>dissidereut,</strong></span> <span class='ocrx_word' id='word_1_525' title='bbox 3282 2720 3418 2762; x_wconf 74' lang='lat' dir='ltr'><strong>alta.-</strong></span> 
     </span>
    </p>
   </div>
   <div class='ocr_carea' id='block_1_73' title="bbox 1845 2800 3414 2870">
    <p class='ocr_par' dir='ltr' id='par_1_73' title="bbox 1845 2800 3414 2870">
     <span class='ocr_line' id='line_1_73' title="bbox 1845 2800 3414 2870; baseline -0.004 -15"><span class='ocrx_word' id='word_1_526' title='bbox 1845 2818 1964 2855; x_wconf 90' lang='lat' dir='ltr'><strong>men</strong></span> <span class='ocrx_word' id='word_1_527' title='bbox 1993 2817 2062 2855; x_wconf 89' lang='lat' dir='ltr'><strong>ne</strong></span> <span class='ocrx_word' id='word_1_528' title='bbox 2094 2811 2205 2853; x_wconf 88' lang='lat' dir='ltr'><strong>tum</strong></span> <span class='ocrx_word' id='word_1_529' title='bbox 2244 2802 2461 2870; x_wconf 88' lang='lat' dir='ltr'><strong>quidem</strong></span> <span class='ocrx_word' id='word_1_530' title='bbox 2509 2802 2789 2855; x_wconf 81' lang='lat' dir='ltr'><strong>ferendum</strong></span> <span class='ocrx_word' id='word_1_531' title='bbox 2824 2801 3122 2860; x_wconf 72' lang='lat' dir='ltr'><strong>rideretur,</strong></span> <span class='ocrx_word' id='word_1_532' title='bbox 3165 2800 3414 2853; x_wconf 80' lang='lat' dir='ltr'><strong>servilem</strong></span> 
     </span>
    </p>
   </div>
   <div class='ocr_carea' id='block_1_74' title="bbox 1843 2889 3416 2961">
    <p class='ocr_par' dir='ltr' id='par_1_74' title="bbox 1843 2889 3416 2961">
     <span class='ocr_line' id='line_1_74' title="bbox 1843 2889 3416 2961; baseline -0.001 -16"><span class='ocrx_word' id='word_1_533' title='bbox 1843 2896 2080 2961; x_wconf 76' lang='lat' dir='ltr'><strong>linguam</strong></span> <span class='ocrx_word' id='word_1_534' title='bbox 2110 2894 2266 2947; x_wconf 86' lang='lat' dir='ltr'><strong>herili</strong></span> <span class='ocrx_word' id='word_1_535' title='bbox 2300 2895 2365 2946; x_wconf 89' lang='lat' dir='ltr'><strong>de</strong></span> <span class='ocrx_word' id='word_1_536' title='bbox 2390 2908 2447 2946; x_wconf 91' lang='lat' dir='ltr'><strong>re</strong></span> <span class='ocrx_word' id='word_1_537' title='bbox 2472 2908 2628 2947; x_wconf 85' lang='lat' dir='ltr'><strong>sacra</strong></span> <span class='ocrx_word' id='word_1_538' title='bbox 2663 2892 2924 2945; x_wconf 72' lang='lat' dir='ltr'><strong>doctrinae</strong></span> <span class='ocrx_word' id='word_1_539' title='bbox 2955 2893 3230 2959; x_wconf 86' lang='lat' dir='ltr'><strong>anteponi.</strong></span> <span class='ocrx_word' id='word_1_540' title='bbox 3259 2889 3416 2956; x_wconf 87' lang='lat' dir='ltr'><strong>Quod</strong></span> 
     </span>
    </p>
   </div>
   <div class='ocr_carea' id='block_1_75' title="bbox 1846 2984 3416 3052">
    <p class='ocr_par' dir='ltr' id='par_1_75' title="bbox 1846 2984 3416 3052">
     <span class='ocr_line' id='line_1_75' title="bbox 1846 2984 3416 3052; baseline -0.004 -14"><span class='ocrx_word' id='word_1_541' title='bbox 1846 2986 1891 3038; x_wconf 87' lang='lat' dir='ltr'><strong>si</strong></span> <span class='ocrx_word' id='word_1_542' title='bbox 1933 2998 2123 3051; x_wconf 81' lang='lat' dir='ltr'><strong>reapse</strong></span> <span class='ocrx_word' id='word_1_543' title='bbox 2162 2984 2555 3052; x_wconf 85' lang='lat' dir='ltr'><strong>discipulorum</strong></span> <span class='ocrx_word' id='word_1_544' title='bbox 2602 2986 2822 3037; x_wconf 90' lang='lat' dir='ltr'><strong>decreto</strong></span> <span class='ocrx_word' id='word_1_545' title='bbox 2868 2985 3179 3050; x_wconf 83' lang='lat' dir='ltr'><strong>magistrale</strong></span> <span class='ocrx_word' id='word_1_546' title='bbox 3237 2984 3416 3048; x_wconf 85' lang='lat' dir='ltr'><strong>ipsum</strong></span> 
     </span>
    </p>
   </div>
   <div class='ocr_carea' id='block_1_76' title="bbox 1845 3070 3416 3139">
    <p class='ocr_par' dir='ltr' id='par_1_76' title="bbox 1845 3070 3416 3139">
     <span class='ocr_line' id='line_1_76' title="bbox 1845 3070 3416 3139; baseline -0.003 -15"><span class='ocrx_word' id='word_1_547' title='bbox 1845 3072 2178 3139; x_wconf 87' lang='lat' dir='ltr'><strong>antiquatur,</strong></span> <span class='ocrx_word' id='word_1_548' title='bbox 2211 3087 2391 3124; x_wconf 88' lang='lat' dir='ltr'><strong>nonne</strong></span> <span class='ocrx_word' id='word_1_549' title='bbox 2419 3072 2533 3125; x_wconf 71' lang='lat' dir='ltr'><strong>haec</strong></span> <span class='ocrx_word' id='word_1_550' title='bbox 2564 3072 2745 3137; x_wconf 73' lang='lat' dir='ltr'><strong>gravis</strong></span> <span class='ocrx_word' id='word_1_551' title='bbox 2780 3070 3013 3122; x_wconf 82' lang='lat' dir='ltr'><strong>audacia</strong></span> <span class='ocrx_word' id='word_1_552' title='bbox 3042 3080 3145 3131; x_wconf 77' lang='lat' dir='ltr'><strong>est,</strong></span> <span class='ocrx_word' id='word_1_553' title='bbox 3178 3085 3297 3136; x_wconf 63' lang='lat' dir='ltr'><strong>quae</strong></span> <span class='ocrx_word' id='word_1_554' title='bbox 3321 3084 3416 3120; x_wconf 85' lang='lat' dir='ltr'><strong>ve-</strong></span> 
     </span>
    </p>
   </div>
   <div class='ocr_carea' id='block_1_77' title="bbox 1851 3161 3415 3231">
    <p class='ocr_par' dir='ltr' id='par_1_77' title="bbox 1851 3161 3415 3231">
     <span class='ocr_line' id='line_1_77' title="bbox 1851 3161 3415 3231; baseline -0.002 -17"><span class='ocrx_word' id='word_1_555' title='bbox 1851 3163 1950 3217; x_wconf 73' lang='lat' dir='ltr'><strong>nite</strong></span> <span class='ocrx_word' id='word_1_556' title='bbox 1991 3164 2214 3231; x_wconf 78' lang='lat' dir='ltr'><strong>gratiam</strong></span> <span class='ocrx_word' id='word_1_557' title='bbox 2246 3166 2572 3217; x_wconf 85' lang='lat' dir='ltr'><strong>contumelia</strong></span> <span class='ocrx_word' id='word_1_558' title='bbox 2616 3162 2826 3217; x_wconf 82' lang='lat' dir='ltr'><strong>allicit?</strong></span> <span class='ocrx_word' id='word_1_559' title='bbox 2860 3178 3054 3231; x_wconf 90' lang='lat' dir='ltr'><strong>nempe</strong></span> <span class='ocrx_word' id='word_1_560' title='bbox 3082 3161 3126 3215; x_wconf 70' lang='lat' dir='ltr'><strong>si</strong></span> <span class='ocrx_word' id='word_1_561' title='bbox 3153 3161 3415 3229; x_wconf 84' lang='lat' dir='ltr'><strong>judicium</strong></span> 
     </span>
    </p>
   </div>
   <div class='ocr_carea' id='block_1_78' title="bbox 1847 3253 3417 3319">
    <p class='ocr_par' dir='ltr' id='par_1_78' title="bbox 1847 3253 3417 3319">
     <span class='ocr_line' id='line_1_78' title="bbox 1847 3253 3417 3319; baseline -0.003 -13"><span class='ocrx_word' id='word_1_562' title='bbox 1847 3253 2187 3308; x_wconf 88' lang='lat' dir='ltr'><strong>Dominieum</strong></span> <span class='ocrx_word' id='word_1_563' title='bbox 2216 3258 2269 3308; x_wconf 90' lang='lat' dir='ltr'><strong>iu</strong></span> <span class='ocrx_word' id='word_1_564' title='bbox 2302 3272 2480 3309; x_wconf 84' lang='lat' dir='ltr'><strong>rerum</strong></span> <span class='ocrx_word' id='word_1_565' title='bbox 2510 3254 2945 3308; x_wconf 81' lang='lat' dir='ltr'><strong>necessariarum</strong></span> <span class='ocrx_word' id='word_1_566' title='bbox 2969 3268 3198 3306; x_wconf 88' lang='lat' dir='ltr'><strong>numero</strong></span> <span class='ocrx_word' id='word_1_567' title='bbox 3218 3265 3417 3319; x_wconf 79' lang='lat' dir='ltr'><strong>nequa-</strong></span> 
     </span>
    </p>
   </div>
   <div class='ocr_carea' id='block_1_79' title="bbox 1847 3344 3418 3419">
    <p class='ocr_par' dir='ltr' id='par_1_79' title="bbox 1847 3344 3418 3419">
     <span class='ocr_line' id='line_1_79' title="bbox 1847 3344 3418 3419; baseline -0.003 -19"><span class='ocrx_word' id='word_1_568' title='bbox 1847 3364 2010 3419; x_wconf 89' lang='lat' dir='ltr'><strong>quam</strong></span> <span class='ocrx_word' id='word_1_569' title='bbox 2060 3348 2358 3411; x_wconf 78' lang='lat' dir='ltr'><strong>habeatur;</strong></span> <span class='ocrx_word' id='word_1_570' title='bbox 2419 3362 2703 3401; x_wconf 83' lang='lat' dir='ltr'><strong>servorum</strong></span> <span class='ocrx_word' id='word_1_571' title='bbox 2752 3355 2933 3401; x_wconf 88' lang='lat' dir='ltr'><strong>autem</strong></span> <span class='ocrx_word' id='word_1_572' title='bbox 2989 3344 3418 3413; x_wconf 74' lang='lat' dir='ltr'><strong>exc03itationes</strong></span> 
     </span>
    </p>
   </div>
   <div class='ocr_carea' id='block_1_80' title="bbox 1849 3434 3415 3504">
    <p class='ocr_par' dir='ltr' id='par_1_80' title="bbox 1849 3434 3415 3504">
     <span class='ocr_line' id='line_1_80' title="bbox 1849 3434 3415 3504; baseline -0.006 -11"><span class='ocrx_word' id='word_1_573' title='bbox 1849 3442 1902 3493; x_wconf 93' lang='lat' dir='ltr'><strong>in</strong></span> <span class='ocrx_word' id='word_1_574' title='bbox 1951 3439 2276 3491; x_wconf 82' lang='lat' dir='ltr'><strong>necessariis</strong></span> <span class='ocrx_word' id='word_1_575' title='bbox 2326 3446 2646 3503; x_wconf 79' lang='lat' dir='ltr'><strong>reputentur</strong></span> <span class='ocrx_word' id='word_1_576' title='bbox 2685 3454 2698 3487; x_wconf 88' lang='lat'>:</span> <span class='ocrx_word' id='word_1_577' title='bbox 2747 3438 2903 3504; x_wconf 89' lang='lat' dir='ltr'><strong>sique</strong></span> <span class='ocrx_word' id='word_1_578' title='bbox 2957 3436 3263 3503; x_wconf 72' lang='lat' dir='ltr'><strong>negligatur</strong></span> <span class='ocrx_word' id='word_1_579' title='bbox 3320 3434 3369 3485; x_wconf 88' lang='lat' dir='ltr'><strong>id</strong></span> <span class='ocrx_word' id='word_1_580' title='bbox 3400 3472 3415 3491; x_wconf 90' lang='lat'><strong>,</strong></span> 
     </span>
    </p>
   </div>
   <div class='ocr_carea' id='block_1_81' title="bbox 1848 3527 3414 3597">
    <p class='ocr_par' dir='ltr' id='par_1_81' title="bbox 1848 3527 3414 3597">
     <span class='ocr_line' id='line_1_81' title="bbox 1848 3527 3414 3597; baseline -0.004 -14"><span class='ocrx_word' id='word_1_581' title='bbox 1848 3529 2007 3597; x_wconf 86' lang='lat' dir='ltr'><strong>cujus</strong></span> <span class='ocrx_word' id='word_1_582' title='bbox 2042 3528 2345 3596; x_wconf 84' lang='lat' dir='ltr'><strong>neglectum</strong></span> <span class='ocrx_word' id='word_1_583' title='bbox 2376 3529 2493 3581; x_wconf 86' lang='lat' dir='ltr'><strong>sine</strong></span> <span class='ocrx_word' id='word_1_584' title='bbox 2520 3528 2737 3581; x_wconf 82' lang='lat' dir='ltr'><strong>vesania</strong></span> <span class='ocrx_word' id='word_1_585' title='bbox 2775 3527 2931 3581; x_wconf 84' lang='lat' dir='ltr'><strong>fateri</strong></span> <span class='ocrx_word' id='word_1_586' title='bbox 2966 3542 3071 3581; x_wconf 89' lang='lat' dir='ltr'><strong>non</strong></span> <span class='ocrx_word' id='word_1_587' title='bbox 3102 3540 3414 3594; x_wconf 81' lang='lat' dir='ltr'><strong>possumus,</strong></span> 
     </span>
    </p>
   </div>
   <div class='ocr_carea' id='block_1_82' title="bbox 1847 3616 3420 3687">
    <p class='ocr_par' dir='ltr' id='par_1_82' title="bbox 1847 3616 3420 3687">
     <span class='ocr_line' id='line_1_82' title="bbox 1847 3616 3420 3687; baseline -0.004 -14"><span class='ocrx_word' id='word_1_588' title='bbox 1847 3630 2059 3674; x_wconf 89' lang='lat' dir='ltr'><strong>ametur</strong></span> <span class='ocrx_word' id='word_1_589' title='bbox 2089 3628 2271 3671; x_wconf 85' lang='lat' dir='ltr'><strong>autem</strong></span> <span class='ocrx_word' id='word_1_590' title='bbox 2306 3629 2467 3686; x_wconf 89' lang='lat' dir='ltr'><strong>atque</strong></span> <span class='ocrx_word' id='word_1_591' title='bbox 2496 3627 2858 3687; x_wconf 83' lang='lat' dir='ltr'><strong>anteponatur</strong></span> <span class='ocrx_word' id='word_1_592' title='bbox 2904 3619 2977 3681; x_wconf 92' lang='lat' dir='ltr'><strong>id,</strong></span> <span class='ocrx_word' id='word_1_593' title='bbox 3023 3619 3182 3685; x_wconf 73' lang='lat' dir='ltr'><strong>cuius</strong></span> <span class='ocrx_word' id='word_1_594' title='bbox 3223 3616 3420 3670; x_wconf 91' lang='lat' dir='ltr'><strong>electio</strong></span> 
     </span>
    </p>
   </div>
   <div class='ocr_carea' id='block_1_83' title="bbox 1848 3706 3420 3777">
    <p class='ocr_par' dir='ltr' id='par_1_83' title="bbox 1848 3706 3420 3777">
     <span class='ocr_line' id='line_1_83' title="bbox 1848 3706 3420 3777; baseline -0.004 -12"><span class='ocrx_word' id='word_1_595' title='bbox 1848 3712 2127 3765; x_wconf 76' lang='lat' dir='ltr'><strong>damnatio</strong></span> <span class='ocrx_word' id='word_1_596' title='bbox 2160 3710 2410 3777; x_wconf 72' lang='lat' dir='ltr'><strong>eligentis</strong></span> <span class='ocrx_word' id='word_1_597' title='bbox 2448 3719 2548 3763; x_wconf 84' lang='lat' dir='ltr'><strong>est.</strong></span> <span class='ocrx_word' id='word_1_598' title='bbox 2596 3708 2713 3763; x_wconf 82' lang='lat' dir='ltr'><strong>Jam</strong></span> <span class='ocrx_word' id='word_1_599' title='bbox 2760 3725 2889 3763; x_wconf 70' lang='lat' dir='ltr'><strong>vero</strong></span> <span class='ocrx_word' id='word_1_600' title='bbox 2938 3710 3183 3777; x_wconf 83' lang='lat' dir='ltr'><strong>discipuli</strong></span> <span class='ocrx_word' id='word_1_601' title='bbox 3219 3709 3261 3763; x_wconf 90' lang='lat' dir='ltr'><strong>si</strong></span> <span class='ocrx_word' id='word_1_602' title='bbox 3296 3706 3420 3761; x_wconf 87' lang='lat' dir='ltr'><strong>talis</strong></span> 
     </span>
    </p>
   </div>
   <div class='ocr_carea' id='block_1_84' title="bbox 1850 3802 3414 3871">
    <p class='ocr_par' dir='ltr' id='par_1_84' title="bbox 1850 3802 3414 3871">
     <span class='ocr_line' id='line_1_84' title="bbox 1850 3802 3414 3871; baseline -0.003 -15"><span class='ocrx_word' id='word_1_603' title='bbox 1850 3805 2095 3871; x_wconf 88' lang='lat' dir='ltr'><strong>tantique</strong></span> <span class='ocrx_word' id='word_1_604' title='bbox 2126 3802 2376 3871; x_wconf 60' lang='lat' dir='ltr'><strong>praecepti</strong></span> <span class='ocrx_word' id='word_1_605' title='bbox 2415 3803 2521 3855; x_wconf 88' lang='lat' dir='ltr'><strong>vim</strong></span> <span class='ocrx_word' id='word_1_606' title='bbox 2562 3804 2925 3870; x_wconf 63' lang='lat' dir='ltr'><strong>neglexissent</strong></span> <span class='ocrx_word' id='word_1_607' title='bbox 2954 3817 3017 3855; x_wconf 92' lang='lat' dir='ltr'><strong>ac</strong></span> <span class='ocrx_word' id='word_1_608' title='bbox 3048 3803 3414 3863; x_wconf 71' lang='lat' dir='ltr'><strong>violat-issent,</strong></span> 
     </span>
    </p>
   </div>
   <div class='ocr_carea' id='block_1_85' title="bbox 1848 3890 3414 3958">
    <p class='ocr_par' dir='ltr' id='par_1_85' title="bbox 1848 3890 3414 3958">
     <span class='ocr_line' id='line_1_85' title="bbox 1848 3890 3414 3958; baseline -0.004 -13"><span class='ocrx_word' id='word_1_609' title='bbox 1848 3908 1971 3945; x_wconf 90' lang='lat' dir='ltr'><strong>cum</strong></span> <span class='ocrx_word' id='word_1_610' title='bbox 2001 3907 2059 3944; x_wconf 91' lang='lat' dir='ltr'><strong>se</strong></span> <span class='ocrx_word' id='word_1_611' title='bbox 2092 3906 2279 3958; x_wconf 87' lang='lat' dir='ltr'><strong>reapse</strong></span> <span class='ocrx_word' id='word_1_612' title='bbox 2308 3890 2667 3943; x_wconf 67' lang='lat' dir='ltr'><strong>contumaciae</strong></span> <span class='ocrx_word' id='word_1_613' title='bbox 2714 3892 2831 3952; x_wconf 90' lang='lat' dir='ltr'><strong>ejus</strong></span> <span class='ocrx_word' id='word_1_614' title='bbox 2864 3906 2982 3942; x_wconf 66' lang='lat' dir='ltr'><strong>reos</strong></span> <span class='ocrx_word' id='word_1_615' title='bbox 3016 3890 3414 3957; x_wconf 72' lang='lat' dir='ltr'><strong>prat&#39;sltlissettt,</strong></span> 
     </span>
    </p>
   </div>
   <div class='ocr_carea' id='block_1_86' title="bbox 1850 3981 3417 4048">
    <p class='ocr_par' dir='ltr' id='par_1_86' title="bbox 1850 3981 3417 4048">
     <span class='ocr_line' id='line_1_86' title="bbox 1850 3981 3417 4048; baseline -0.004 -12"><span class='ocrx_word' id='word_1_616' title='bbox 1850 3999 1976 4037; x_wconf 83' lang='lat' dir='ltr'><strong>nunt</strong></span> <span class='ocrx_word' id='word_1_617' title='bbox 2009 3997 2176 4035; x_wconf 72' lang='lat' dir='ltr'><strong>sacra:</strong></span> <span class='ocrx_word' id='word_1_618' title='bbox 2204 3982 2466 4034; x_wconf 72' lang='lat' dir='ltr'><strong>doctrina:</strong></span> <span class='ocrx_word' id='word_1_619' title='bbox 2520 3982 2755 4035; x_wconf 60' lang='lat' dir='ltr'><strong>asseclas</strong></span> <span class='ocrx_word' id='word_1_620' title='bbox 2806 3981 3012 4033; x_wconf 87' lang='lat' dir='ltr'><strong>hortari</strong></span> <span class='ocrx_word' id='word_1_621' title='bbox 3067 3991 3311 4048; x_wconf 89' lang='lat' dir='ltr'><strong>poterant</strong></span> <span class='ocrx_word' id='word_1_622' title='bbox 3361 3991 3417 4029; x_wconf 90' lang='lat' dir='ltr'><strong>ut</strong></span> 
     </span>
    </p>
   </div>
   <div class='ocr_carea' id='block_1_87' title="bbox 1848 4070 3413 4139">
    <p class='ocr_par' dir='ltr' id='par_1_87' title="bbox 1848 4070 3413 4139">
     <span class='ocr_line' id='line_1_87' title="bbox 1848 4070 3413 4139; baseline -0.006 -10"><span class='ocrx_word' id='word_1_623' title='bbox 1848 4073 2121 4129; x_wconf 80' lang='lat' dir='ltr'><strong>mandatis</strong></span> <span class='ocrx_word' id='word_1_624' title='bbox 2154 4070 2451 4125; x_wconf 84' lang='lat' dir='ltr'><strong>Dominicis</strong></span> <span class='ocrx_word' id='word_1_625' title='bbox 2482 4072 2786 4130; x_wconf 87' lang='lat' dir='ltr'><strong>obedirent.</strong></span> <span class='ocrx_word' id='word_1_626' title='bbox 2818 4072 2881 4123; x_wconf 88' lang='lat' dir='ltr'><strong>ad</strong></span> <span class='ocrx_word' id='word_1_627' title='bbox 2913 4087 3084 4139; x_wconf 82' lang='lat' dir='ltr'><strong>eaque</strong></span> <span class='ocrx_word' id='word_1_628' title='bbox 3112 4086 3168 4123; x_wconf 90' lang='lat' dir='ltr'><strong>se</strong></span> <span class='ocrx_word' id='word_1_629' title='bbox 3202 4070 3413 4124; x_wconf 63' lang='lat' dir='ltr'><strong>conlpr-</strong></span> 
     </span>
    </p>
   </div>
   <div class='ocr_carea' id='block_1_88' title="bbox 1851 4166 3417 4233">
    <p class='ocr_par' dir='ltr' id='par_1_88' title="bbox 1851 4166 3417 4233">
     <span class='ocr_line' id='line_1_88' title="bbox 1851 4166 3417 4233; baseline -0.005 -14"><span class='ocrx_word' id='word_1_630' title='bbox 1851 4175 2080 4224; x_wconf 86' lang='lat' dir='ltr'><strong>niarent,</strong></span> <span class='ocrx_word' id='word_1_631' title='bbox 2112 4180 2375 4233; x_wconf 77' lang='lat' dir='ltr'><strong>Suanique</strong></span> <span class='ocrx_word' id='word_1_632' title='bbox 2407 4166 2570 4216; x_wconf 88' lang='lat' dir='ltr'><strong>vitam</strong></span> <span class='ocrx_word' id='word_1_633' title='bbox 2594 4182 2656 4217; x_wconf 77' lang='lat' dir='ltr'><strong>ex</strong></span> <span class='ocrx_word' id='word_1_634' title='bbox 2688 4166 2879 4217; x_wconf 91' lang='lat' dir='ltr'><strong>horum</strong></span> <span class='ocrx_word' id='word_1_635' title='bbox 2911 4166 3226 4233; x_wconf 61' lang='lat' dir='ltr'><strong>praescripto</strong></span> <span class='ocrx_word' id='word_1_636' title='bbox 3264 4180 3417 4230; x_wconf 71' lang='lat' dir='ltr'><strong>rege,-</strong></span> 
     </span>
    </p>
   </div>
   <div class='ocr_carea' id='block_1_89' title="bbox 1848 4255 3408 4323">
    <p class='ocr_par' dir='ltr' id='par_1_89' title="bbox 1848 4255 3408 4323">
     <span class='ocr_line' id='line_1_89' title="bbox 1848 4255 3408 4323; baseline -0.003 -13"><span class='ocrx_word' id='word_1_637' title='bbox 1848 4257 2021 4310; x_wconf 76' lang='lat' dir='ltr'><strong>rent?</strong></span> <span class='ocrx_word' id='word_1_638' title='bbox 2079 4255 2211 4308; x_wconf 83' lang='lat' dir='ltr'><strong>Nam</strong></span> <span class='ocrx_word' id='word_1_639' title='bbox 2272 4256 2363 4323; x_wconf 88' lang='lat' dir='ltr'><strong>qui</strong></span> <span class='ocrx_word' id='word_1_640' title='bbox 2419 4271 2513 4322; x_wconf 80' lang='lat' dir='ltr'><strong>per</strong></span> <span class='ocrx_word' id='word_1_641' title='bbox 2566 4258 2736 4323; x_wconf 83' lang='lat' dir='ltr'><strong>ipsam</strong></span> <span class='ocrx_word' id='word_1_642' title='bbox 2800 4266 3191 4322; x_wconf 79' lang='lat' dir='ltr'><strong>pra-ceptorum</strong></span> <span class='ocrx_word' id='word_1_643' title='bbox 3248 4256 3408 4306; x_wconf 80' lang='lat' dir='ltr'><strong>viola-</strong></span> 
     </span>
    </p>
   </div>
   <div class='ocr_carea' id='block_1_90' title="bbox 1850 4346 3393 4407">
    <p class='ocr_par' dir='ltr' id='par_1_90' title="bbox 1850 4346 3393 4407">
     <span class='ocr_line' id='line_1_90' title="bbox 1850 4346 3393 4407; baseline -0.003 -6"><span class='ocrx_word' id='word_1_644' title='bbox 1850 4349 2070 4407; x_wconf 86' lang='lat' dir='ltr'><strong>tionein,</strong></span> <span class='ocrx_word' id='word_1_645' title='bbox 2095 4347 2410 4399; x_wconf 85' lang='lat' dir='ltr'><strong>obedientes</strong></span> <span class='ocrx_word' id='word_1_646' title='bbox 2436 4349 2708 4399; x_wconf 85' lang='lat' dir='ltr'><strong>mandatis</strong></span> <span class='ocrx_word' id='word_1_647' title='bbox 2736 4347 2981 4399; x_wconf 79' lang='lat' dir='ltr'><strong>homines</strong></span> <span class='ocrx_word' id='word_1_648' title='bbox 3005 4346 3180 4397; x_wconf 77' lang='lat' dir='ltr'><strong>facere</strong></span> <span class='ocrx_word' id='word_1_649' title='bbox 3205 4348 3393 4399; x_wconf 88' lang='lat' dir='ltr'><strong>nititur</strong></span> 
     </span>
    </p>
   </div>
   <div class='ocr_carea' id='block_1_91' title="bbox 1849 4438 3413 4507">
    <p class='ocr_par' dir='ltr' id='par_1_91' title="bbox 1849 4438 3413 4507">
     <span class='ocr_line' id='line_1_91' title="bbox 1849 4438 3413 4507; baseline -0.004 -15"><span class='ocrx_word' id='word_1_650' title='bbox 1849 4439 1989 4492; x_wconf 87' lang='lat' dir='ltr'><strong>idem</strong></span> <span class='ocrx_word' id='word_1_651' title='bbox 2030 4439 2133 4492; x_wconf 89' lang='lat' dir='ltr'><strong>sibi</strong></span> <span class='ocrx_word' id='word_1_652' title='bbox 2190 4440 2459 4492; x_wconf 87' lang='lat' dir='ltr'><strong>licentiam</strong></span> <span class='ocrx_word' id='word_1_653' title='bbox 2504 4438 2683 4491; x_wconf 81' lang='lat' dir='ltr'><strong>aufert</strong></span> <span class='ocrx_word' id='word_1_654' title='bbox 2731 4439 3038 4507; x_wconf 77' lang='lat' dir='ltr'><strong>postulandi</strong></span> <span class='ocrx_word' id='word_1_655' title='bbox 3092 4439 3159 4490; x_wconf 91' lang='lat' dir='ltr'><strong>ah</strong></span> <span class='ocrx_word' id='word_1_656' title='bbox 3190 4438 3309 4489; x_wconf 78' lang='lat' dir='ltr'><strong>aliis</strong></span> <span class='ocrx_word' id='word_1_657' title='bbox 3352 4456 3413 4489; x_wconf 75' lang='lat' dir='ltr'><strong>iu-</strong></span> 
     </span>
    </p>
   </div>
   <div class='ocr_carea' id='block_1_92' title="bbox 164 4522 1746 4606">
    <p class='ocr_par' dir='ltr' id='par_1_92' title="bbox 164 4522 1744 4606">
     <span class='ocr_line' id='line_1_92' title="bbox 164 4522 1744 4606; baseline 0.008 -30"><span class='ocrx_word' id='word_1_658' title='bbox 164 4526 398 4595; x_wconf 84' lang='grc' dir='ltr'>εὑρήσει</span> <span class='ocrx_word' id='word_1_659' title='bbox 432 4526 655 4593; x_wconf 79' lang='grc' dir='ltr'>μᾶλλον,</span> <span class='ocrx_word' id='word_1_660' title='bbox 689 4527 754 4580; x_wconf 85' lang='grc' dir='ltr'>δι’</span> <span class='ocrx_word' id='word_1_661' title='bbox 778 4522 839 4580; x_wconf 74' lang='grc' dir='ltr'><strong>οὗ</strong></span> <span class='ocrx_word' id='word_1_662' title='bbox 869 4530 966 4582; x_wconf 75' lang='grc' dir='ltr'>καὶ</span> <span class='ocrx_word' id='word_1_663' title='bbox 992 4530 1091 4600; x_wconf 82' lang='grc' dir='ltr'>τὴν</span> <span class='ocrx_word' id='word_1_664' title='bbox 1119 4530 1469 4585; x_wconf 89' lang='grc' dir='ltr'>διδασκαλίαν</span> <span class='ocrx_word' id='word_1_665' title='bbox 1499 4534 1744 4606; x_wconf 85' lang='grc' dir='ltr'>ἐπαρθή-</span> 
     </span>
    </p>
   </div>
   <div class='ocr_carea' id='block_1_93' title="bbox 1842 4522 3412 4606">
    <p class='ocr_par' dir='ltr' id='par_1_93' title="bbox 1846 4528 3412 4598">
     <span class='ocr_line' id='line_1_93' title="bbox 1846 4528 3412 4598; baseline -0.003 -15"><span class='ocrx_word' id='word_1_666' title='bbox 1846 4531 1989 4598; x_wconf 89' lang='lat' dir='ltr'><strong>quod</strong></span> <span class='ocrx_word' id='word_1_667' title='bbox 2035 4530 2147 4597; x_wconf 88' lang='lat' dir='ltr'><strong>jam</strong></span> <span class='ocrx_word' id='word_1_668' title='bbox 2193 4540 2474 4598; x_wconf 90' lang='lat' dir='ltr'><strong>peccatum</strong></span> <span class='ocrx_word' id='word_1_669' title='bbox 2523 4528 2685 4583; x_wconf 76' lang='lat' dir='ltr'><strong>fuerit</strong></span> <span class='ocrx_word' id='word_1_670' title='bbox 2728 4542 2971 4597; x_wconf 82' lang='lat' dir='ltr'><strong>peccent.</strong></span> <span class='ocrx_word' id='word_1_671' title='bbox 3008 4530 3124 4593; x_wconf 85' lang='lat' dir='ltr'><strong>Quo</strong></span> <span class='ocrx_word' id='word_1_672' title='bbox 3155 4530 3412 4596; x_wconf 84' lang='lat' dir='ltr'><strong>quidnam</strong></span> 
     </span>
    </p>
   </div>
   <div class='ocr_carea' id='block_1_94' title="bbox 164 4614 1743 4691">
    <p class='ocr_par' dir='ltr' id='par_1_94' title="bbox 164 4614 1743 4691">
     <span class='ocr_line' id='line_1_94' title="bbox 164 4614 1743 4691; baseline 0.008 -26"><span class='ocrx_word' id='word_1_673' title='bbox 164 4630 322 4666; x_wconf 90' lang='grc' dir='ltr'>σεται</span> <span class='ocrx_word' id='word_1_674' title='bbox 358 4614 620 4679; x_wconf 85' lang='grc' dir='ltr'>νοθεύειν,</span> <span class='ocrx_word' id='word_1_675' title='bbox 654 4619 743 4669; x_wconf 77' lang='grc' dir='ltr'><strong>καὶ</strong></span> <span class='ocrx_word' id='word_1_676' title='bbox 775 4618 874 4686; x_wconf 82' lang='grc' dir='ltr'>τὴν</span> <span class='ocrx_word' id='word_1_677' title='bbox 896 4619 1135 4691; x_wconf 83' lang='grc' dir='ltr'>ἐσχάτην</span> <span class='ocrx_word' id='word_1_678' title='bbox 1172 4619 1330 4691; x_wconf 78' lang='grc' dir='ltr'>ὕϐριν</span> <span class='ocrx_word' id='word_1_679' title='bbox 1359 4622 1743 4691; x_wconf 79' lang='grc' dir='ltr'>προσάψασθαι</span> 
     </span>
    </p>
   </div>
   <div class='ocr_carea' id='block_1_95' title="bbox 162 4720 634 4773">
    <p class='ocr_par' dir='ltr' id='par_1_95' title="bbox 162 4720 634 4773">
     <span class='ocr_line' id='line_1_95' title="bbox 162 4720 634 4773; baseline -0.004 0"><span class='ocrx_word' id='word_1_680' title='bbox 162 4721 242 4773; x_wconf 78' lang='grc' dir='ltr'>τῳ</span> <span class='ocrx_word' id='word_1_681' title='bbox 269 4720 594 4773; x_wconf 79' lang='grc' dir='ltr'>κηρυγματι</span> <span class='ocrx_word' id='word_1_682' title='bbox 621 4724 634 4771; x_wconf 89' lang='grc'><strong>;</strong></span> 
     </span>
    </p>
   </div>
   <div class='ocr_carea' id='block_1_96' title="bbox 230 4877 1743 4956">
    <p class='ocr_par' dir='ltr' id='par_1_96' title="bbox 230 4877 1743 4956">
     <span class='ocr_line' id='line_1_96' title="bbox 230 4877 1743 4956; baseline 0.006 -25"><span class='ocrx_word' id='word_1_683' title='bbox 230 4879 299 4931; x_wconf 82' lang='grc' dir='ltr'><strong>δ’.</strong></span> <span class='ocrx_word' id='word_1_684' title='bbox 333 4879 520 4931; x_wconf 85' lang='grc' dir='ltr'>Ταῦτα</span> <span class='ocrx_word' id='word_1_685' title='bbox 556 4882 732 4933; x_wconf 86' lang='grc' dir='ltr'>τοίνυν</span> <span class='ocrx_word' id='word_1_686' title='bbox 763 4883 858 4934; x_wconf 76' lang='grc' dir='ltr'>καὶ</span> <span class='ocrx_word' id='word_1_687' title='bbox 880 4884 1050 4937; x_wconf 76' lang='grc' dir='ltr'>πολλὰ</span> <span class='ocrx_word' id='word_1_688' title='bbox 1069 4877 1295 4937; x_wconf 69' lang='grc' dir='ltr'>’τοιαῦθ’</span> <span class='ocrx_word' id='word_1_689' title='bbox 1322 4885 1483 4956; x_wconf 72' lang='grc' dir='ltr'>ἕτερα</span> <span class='ocrx_word' id='word_1_690' title='bbox 1526 4887 1612 4939; x_wconf 73' lang='grc' dir='ltr'><strong>διὰ</strong></span> <span class='ocrx_word' id='word_1_691' title='bbox 1634 4888 1743 4940; x_wconf 89' lang='grc' dir='ltr'><strong>τῶν</strong></span> 
     </span>
    </p>
   </div>
   <div class='ocr_carea' id='block_1_97' title="bbox 160 4970 1740 5050">
    <p class='ocr_par' dir='ltr' id='par_1_97' title="bbox 160 4970 1740 5050">
     <span class='ocr_line' id='line_1_97' title="bbox 160 4970 1740 5050; baseline 0.008 -30"><span class='ocrx_word' id='word_1_692' title='bbox 160 4970 408 5023; x_wconf 74' lang='grc' dir='ltr'>εὐσεϐῶν</span> <span class='ocrx_word' id='word_1_693' title='bbox 435 4974 529 5023; x_wconf 75' lang='grc' dir='ltr'>καὶ</span> <span class='ocrx_word' id='word_1_694' title='bbox 564 4972 872 5026; x_wconf 82' lang='grc' dir='ltr'>ἀδεκάστων</span> <span class='ocrx_word' id='word_1_695' title='bbox 898 4976 1156 5043; x_wconf 84' lang='grc' dir='ltr'>προϊόντα</span> <span class='ocrx_word' id='word_1_696' title='bbox 1200 4976 1491 5049; x_wconf 68' lang='grc' dir='ltr'>λογισμῶν,</span> <span class='ocrx_word' id='word_1_697' title='bbox 1524 4980 1619 5032; x_wconf 76' lang='grc' dir='ltr'>καὶ</span> <span class='ocrx_word' id='word_1_698' title='bbox 1644 4981 1740 5050; x_wconf 83' lang='grc' dir='ltr'>τὴν</span> 
     </span>
    </p>
   </div>
   <div class='ocr_carea' id='block_1_98' title="bbox 156 5062 1743 5140">
    <p class='ocr_par' dir='ltr' id='par_1_98' title="bbox 156 5062 1743 5140">
     <span class='ocr_line' id='line_1_98' title="bbox 156 5062 1743 5140; baseline 0.009 -28"><span class='ocrx_word' id='word_1_699' title='bbox 156 5062 515 5130; x_wconf 85' lang='grc' dir='ltr'>νομισθεῖσαν</span> <span class='ocrx_word' id='word_1_700' title='bbox 569 5063 719 5116; x_wconf 78' lang='grc' dir='ltr'>λύσιν</span> <span class='ocrx_word' id='word_1_701' title='bbox 777 5068 1079 5135; x_wconf 81' lang='grc' dir='ltr'>αίτιώμενα</span> <span class='ocrx_word' id='word_1_702' title='bbox 1123 5068 1288 5137; x_wconf 74' lang='grc' dir='ltr'>ἀλλην</span> <span class='ocrx_word' id='word_1_703' title='bbox 1332 5070 1453 5123; x_wconf 87' lang='grc' dir='ltr'><strong>τινά</strong></span> <span class='ocrx_word' id='word_1_704' title='bbox 1510 5070 1743 5140; x_wconf 84' lang='grc' dir='ltr'>θεωρίαν</span> 
     </span>
    </p>
   </div>
   <div class='ocr_carea' id='block_1_99' title="bbox 156 5154 1741 5232">
    <p class='ocr_par' dir='ltr' id='par_1_99' title="bbox 156 5154 1741 5232">
     <span class='ocr_line' id='line_1_99' title="bbox 156 5154 1741 5232; baseline 0.007 -29"><span class='ocrx_word' id='word_1_705' title='bbox 156 5154 252 5206; x_wconf 83' lang='grc' dir='ltr'><strong>τοῦ</strong></span> <span class='ocrx_word' id='word_1_706' title='bbox 289 5154 609 5221; x_wconf 77' lang='grc' dir='ltr'>ζητήματος</span> <span class='ocrx_word' id='word_1_707' title='bbox 654 5156 958 5225; x_wconf 78' lang='grc' dir='ltr'>ἀνιχνεύειν</span> <span class='ocrx_word' id='word_1_708' title='bbox 1008 5160 1340 5225; x_wconf 82' lang='grc' dir='ltr'>ὑποτίθεται,</span> <span class='ocrx_word' id='word_1_709' title='bbox 1367 5160 1436 5213; x_wconf 73' lang='grc' dir='ltr'>δι’</span> <span class='ocrx_word' id='word_1_710' title='bbox 1467 5156 1533 5232; x_wconf 84' lang='grc' dir='ltr'>ἧς</span> <span class='ocrx_word' id='word_1_711' title='bbox 1563 5164 1656 5213; x_wconf 79' lang='grc' dir='ltr'>καὶ</span> <span class='ocrx_word' id='word_1_712' title='bbox 1682 5164 1741 5215; x_wconf 82' lang='grc' dir='ltr'>τὸ</span> 
     </span>
    </p>
   </div>
   <div class='ocr_carea' id='block_1_100' title="bbox 154 5245 1740 5321">
    <p class='ocr_par' dir='ltr' id='par_1_100' title="bbox 154 5245 1740 5321">
     <span class='ocr_line' id='line_1_100' title="bbox 154 5245 1740 5321; baseline 0.006 -26"><span class='ocrx_word' id='word_1_713' title='bbox 154 5245 254 5312; x_wconf 82' lang='grc' dir='ltr'>τῆς</span> <span class='ocrx_word' id='word_1_714' title='bbox 308 5245 548 5313; x_wconf 79' lang='grc' dir='ltr'>ἀπορίας</span> <span class='ocrx_word' id='word_1_715' title='bbox 600 5246 957 5316; x_wconf 83' lang='grc' dir='ltr'>δυσπρόσοδον</span> <span class='ocrx_word' id='word_1_716' title='bbox 1000 5250 1094 5303; x_wconf 74' lang='grc' dir='ltr'>ἐπὶ</span> <span class='ocrx_word' id='word_1_717' title='bbox 1142 5252 1200 5303; x_wconf 79' lang='grc' dir='ltr'>τὸ</span> <span class='ocrx_word' id='word_1_718' title='bbox 1236 5251 1376 5304; x_wconf 87' lang='grc' dir='ltr'>λεῖον</span> <span class='ocrx_word' id='word_1_719' title='bbox 1412 5255 1507 5305; x_wconf 72' lang='grc' dir='ltr'>καὶ</span> <span class='ocrx_word' id='word_1_720' title='bbox 1540 5255 1740 5321; x_wconf 82' lang='grc' dir='ltr'>ὁμαλὸν</span> 
     </span>
    </p>
   </div>
   <div class='ocr_carea' id='block_1_101' title="bbox 156 5335 1739 5409">
    <p class='ocr_par' dir='ltr' id='par_1_101' title="bbox 156 5335 1739 5409">
     <span class='ocr_line' id='line_1_101' title="bbox 156 5335 1739 5409; baseline 0.006 -23"><span class='ocrx_word' id='word_1_721' title='bbox 156 5335 260 5404; x_wconf 82' lang='grc' dir='ltr'>τῆς</span> <span class='ocrx_word' id='word_1_722' title='bbox 290 5335 652 5405; x_wconf 74' lang='grc' dir='ltr'>καταλήψεως</span> <span class='ocrx_word' id='word_1_723' title='bbox 695 5340 1070 5409; x_wconf 82' lang='grc' dir='ltr'>ἀνευρύνεται,</span> <span class='ocrx_word' id='word_1_724' title='bbox 1102 5342 1195 5395; x_wconf 77' lang='grc' dir='ltr'>καὶ</span> <span class='ocrx_word' id='word_1_725' title='bbox 1225 5345 1252 5395; x_wconf 86' lang='grc' dir='ltr'><strong>δ</strong></span> <span class='ocrx_word' id='word_1_726' title='bbox 1283 5343 1389 5396; x_wconf 90' lang='grc' dir='ltr'><strong>τῶν</strong></span> <span class='ocrx_word' id='word_1_727' title='bbox 1418 5344 1739 5397; x_wconf 84' lang='grc' dir='ltr'>διαϐουλίων</span> 
     </span>
    </p>
   </div>
   <div class='ocr_carea' id='block_1_102' title="bbox 153 5424 1739 5503">
    <p class='ocr_par' dir='ltr' id='par_1_102' title="bbox 153 5424 1739 5503">
     <span class='ocr_line' id='line_1_102' title="bbox 153 5424 1739 5503; baseline 0.008 -29"><span class='ocrx_word' id='word_1_728' title='bbox 153 5424 317 5493; x_wconf 63' lang='grc' dir='ltr'>ὄχλος</span> <span class='ocrx_word' id='word_1_729' title='bbox 379 5424 915 5497; x_wconf 78' lang='grc' dir='ltr'>διασκεδασθήσεται.</span> <span class='ocrx_word' id='word_1_730' title='bbox 962 5432 1084 5483; x_wconf 76' lang='grc' dir='ltr'><strong>Ὀτι</strong></span> <span class='ocrx_word' id='word_1_731' title='bbox 1122 5434 1220 5501; x_wconf 83' lang='grc' dir='ltr'>μὲν</span> <span class='ocrx_word' id='word_1_732' title='bbox 1262 5434 1370 5503; x_wconf 83' lang='grc' dir='ltr'>γὰρ</span> <span class='ocrx_word' id='word_1_733' title='bbox 1424 5434 1532 5485; x_wconf 91' lang='grc' dir='ltr'><strong>τῶν</strong></span> <span class='ocrx_word' id='word_1_734' title='bbox 1564 5434 1739 5503; x_wconf 55' lang='lat' dir='ltr'><strong>isva</strong></span> 
     </span>
    </p>
   </div>
   <div class='ocr_carea' id='block_1_103' title="bbox 156 5515 1737 5593">
    <p class='ocr_par' dir='ltr' id='par_1_103' title="bbox 156 5515 1737 5593">
     <span class='ocr_line' id='line_1_103' title="bbox 156 5515 1737 5593; baseline 0.008 -28"><span class='ocrx_word' id='word_1_735' title='bbox 156 5515 485 5567; x_wconf 82' lang='grc' dir='ltr'>ἀποστόλων</span> <span class='ocrx_word' id='word_1_736' title='bbox 509 5519 563 5568; x_wconf 85' lang='grc' dir='ltr'><strong>αί</strong></span> <span class='ocrx_word' id='word_1_737' title='bbox 587 5523 849 5586; x_wconf 79' lang='grc' dir='ltr'>παναγεῖς</span> <span class='ocrx_word' id='word_1_738' title='bbox 875 5522 966 5574; x_wconf 78' lang='grc' dir='ltr'>καὶ</span> <span class='ocrx_word' id='word_1_739' title='bbox 991 5524 1299 5576; x_wconf 81' lang='grc' dir='ltr'>τελεστικαὶ</span> <span class='ocrx_word' id='word_1_740' title='bbox 1321 5524 1420 5593; x_wconf 82' lang='grc' dir='ltr'>τῆς</span> <span class='ocrx_word' id='word_1_741' title='bbox 1454 5525 1737 5587; x_wconf 77' lang='grc' dir='ltr'>εὐσεϐείας</span> 
     </span>
    </p>
   </div>
   <div class='ocr_carea' id='block_1_104' title="bbox 156 5606 1733 5687">
    <p class='ocr_par' dir='ltr' id='par_1_104' title="bbox 156 5606 1733 5687">
     <span class='ocr_line' id='line_1_104' title="bbox 156 5606 1733 5687; baseline 0.008 -31"><span class='ocrx_word' id='word_1_742' title='bbox 156 5606 400 5676; x_wconf 78' lang='grc' dir='ltr'>Ιιράξεις</span> <span class='ocrx_word' id='word_1_743' title='bbox 447 5609 823 5679; x_wconf 85' lang='grc' dir='ltr'>ίερουργοῦσαι</span> <span class='ocrx_word' id='word_1_744' title='bbox 868 5617 929 5667; x_wconf 82' lang='grc' dir='ltr'><strong>τδ</strong></span> <span class='ocrx_word' id='word_1_745' title='bbox 967 5614 1247 5685; x_wconf 86' lang='grc' dir='ltr'>βάπτισμα</span> <span class='ocrx_word' id='word_1_746' title='bbox 1288 5617 1510 5687; x_wconf 85' lang='grc' dir='ltr'>ὀνόματι</span> <span class='ocrx_word' id='word_1_747' title='bbox 1564 5617 1733 5687; x_wconf 81' lang='grc' dir='ltr'>Ἰησοῦ</span> 
     </span>
    </p>
   </div>
   <div class='ocr_carea' id='block_1_105' title="bbox 153 5697 1735 5775">
    <p class='ocr_par' dir='ltr' id='par_1_105' title="bbox 153 5697 1735 5775">
     <span class='ocr_line' id='line_1_105' title="bbox 153 5697 1735 5775; baseline 0.007 -26"><span class='ocrx_word' id='word_1_748' title='bbox 153 5697 403 5766; x_wconf 77' lang='grc' dir='ltr'>Χριστοῦ</span> <span class='ocrx_word' id='word_1_749' title='bbox 449 5698 696 5764; x_wconf 84' lang='grc' dir='ltr'>λέγονται</span> <span class='ocrx_word' id='word_1_750' title='bbox 748 5702 903 5756; x_wconf 87' lang='grc' dir='ltr'>τοῦτο</span> <span class='ocrx_word' id='word_1_751' title='bbox 946 5706 1363 5775; x_wconf 79' lang='grc' dir='ltr'>τελεσιουργεῖν,</span> <span class='ocrx_word' id='word_1_752' title='bbox 1408 5708 1579 5769; x_wconf 66' lang='grc' dir='ltr'>οὐδεὶς</span> <span class='ocrx_word' id='word_1_753' title='bbox 1628 5708 1735 5760; x_wconf 81' lang='grc' dir='ltr'><strong>τῶν</strong></span> 
     </span>
    </p>
   </div>
   <div class='ocr_carea' id='block_1_106' title="bbox 230 5810 997 5888">
    <p class='ocr_par' dir='ltr' id='par_1_106' title="bbox 230 5810 997 5888">
     <span class='ocr_line' id='line_1_106' title="bbox 230 5810 997 5888; baseline 0.014 -24"><span class='ocrx_word' id='word_1_754' title='bbox 230 5811 315 5843; x_wconf 74' lang='grc'><strong>⁸³⁸</strong></span> <span class='ocrx_word' id='word_1_755' title='bbox 346 5810 536 5869; x_wconf 77' lang='lat' dir='ltr'><strong>Matth.</strong></span> <span class='ocrx_word' id='word_1_756' title='bbox 568 5832 758 5885; x_wconf 68' lang='lat' dir='ltr'><strong>xxt‘iii,</strong></span> <span class='ocrx_word' id='word_1_757' title='bbox 795 5820 875 5888; x_wconf 87' lang='lat' dir='ltr'><strong>l9,</strong></span> <span class='ocrx_word' id='word_1_758' title='bbox 908 5821 997 5874; x_wconf 74' lang='lat'><strong>‘20.</strong></span> 
     </span>
    </p>
   </div>
   <div class='ocr_carea' id='block_1_107' title="bbox 1848 4620 3410 4690">
    <p class='ocr_par' dir='ltr' id='par_1_107' title="bbox 1848 4620 3410 4690">
     <span class='ocr_line' id='line_1_107' title="bbox 1848 4620 3410 4690; baseline -0.005 -15"><span class='ocrx_word' id='word_1_759' title='bbox 1848 4622 2205 4690; x_wconf 87' lang='lat' dir='ltr'><strong>opportunius</strong></span> <span class='ocrx_word' id='word_1_760' title='bbox 2240 4621 2477 4678; x_wconf 84' lang='lat' dir='ltr'><strong>inveniet</strong></span> <span class='ocrx_word' id='word_1_761' title='bbox 2522 4620 2717 4679; x_wconf 85' lang='lat' dir='ltr'><strong>hostis,</strong></span> <span class='ocrx_word' id='word_1_762' title='bbox 2759 4621 2903 4673; x_wconf 84' lang='lat' dir='ltr'><strong>unde</strong></span> <span class='ocrx_word' id='word_1_763' title='bbox 2950 4630 3002 4671; x_wconf 91' lang='lat' dir='ltr'><strong>et</strong></span> <span class='ocrx_word' id='word_1_764' title='bbox 3045 4620 3410 4685; x_wconf 75' lang='lat' dir='ltr'><strong>magisterium</strong></span> 
     </span>
    </p>
   </div>
   <div class='ocr_carea' id='block_1_108' title="bbox 1848 4710 3415 4778">
    <p class='ocr_par' dir='ltr' id='par_1_108' title="bbox 1848 4710 3415 4778">
     <span class='ocr_line' id='line_1_108' title="bbox 1848 4710 3415 4778; baseline -0.006 -12"><span class='ocrx_word' id='word_1_765' title='bbox 1848 4713 2154 4766; x_wconf 87' lang='lat' dir='ltr'><strong>adulterare</strong></span> <span class='ocrx_word' id='word_1_766' title='bbox 2193 4713 2356 4776; x_wconf 89' lang='lat' dir='ltr'><strong>ausit,</strong></span> <span class='ocrx_word' id='word_1_767' title='bbox 2391 4723 2445 4764; x_wconf 92' lang='lat' dir='ltr'><strong>et</strong></span> <span class='ocrx_word' id='word_1_768' title='bbox 2492 4722 2788 4765; x_wconf 81' lang='lat' dir='ltr'><strong>extremam</strong></span> <span class='ocrx_word' id='word_1_769' title='bbox 2839 4712 3191 4778; x_wconf 75' lang='lat' dir='ltr'><strong>ignominiam</strong></span> <span class='ocrx_word' id='word_1_770' title='bbox 3240 4710 3415 4761; x_wconf 70' lang='lat' dir='ltr'><strong>Evan—</strong></span> 
     </span>
    </p>
   </div>
   <div class='ocr_carea' id='block_1_109' title="bbox 1848 4804 2345 4873">
    <p class='ocr_par' dir='ltr' id='par_1_109' title="bbox 1848 4804 2345 4873">
     <span class='ocr_line' id='line_1_109' title="bbox 1848 4804 2345 4873; baseline -0.008 -17"><span class='ocrx_word' id='word_1_771' title='bbox 1848 4805 1986 4873; x_wconf 90' lang='lat' dir='ltr'><strong>gelio</strong></span> <span class='ocrx_word' id='word_1_772' title='bbox 2016 4818 2302 4871; x_wconf 82' lang='lat' dir='ltr'><strong>aspergere</strong></span> <span class='ocrx_word' id='word_1_773' title='bbox 2324 4804 2345 4852; x_wconf 90' lang='lat'><strong>?</strong></span> 
     </span>
    </p>
   </div>
   <div class='ocr_carea' id='block_1_110' title="bbox 1922 4892 3412 4962">
    <p class='ocr_par' dir='ltr' id='par_1_110' title="bbox 1922 4892 3412 4962">
     <span class='ocr_line' id='line_1_110' title="bbox 1922 4892 3412 4962; baseline -0.003 -14"><span class='ocrx_word' id='word_1_774' title='bbox 1922 4896 1973 4948; x_wconf 74' lang='grc' dir='ltr'>ι.</span> <span class='ocrx_word' id='word_1_775' title='bbox 2021 4894 2108 4946; x_wconf 72' lang='lat' dir='ltr'><strong>the</strong></span> <span class='ocrx_word' id='word_1_776' title='bbox 2166 4904 2328 4962; x_wconf 87' lang='lat' dir='ltr'><strong>atque</strong></span> <span class='ocrx_word' id='word_1_777' title='bbox 2388 4896 2507 4947; x_wconf 71' lang='lat' dir='ltr'><strong>alia:</strong></span> <span class='ocrx_word' id='word_1_778' title='bbox 2558 4892 2869 4962; x_wconf 86' lang='lat' dir='ltr'><strong>liujusmodi</strong></span> <span class='ocrx_word' id='word_1_779' title='bbox 2920 4908 2949 4945; x_wconf 89' lang='lat' dir='ltr'><strong>a</strong></span> <span class='ocrx_word' id='word_1_780' title='bbox 3004 4894 3104 4961; x_wconf 89' lang='lat' dir='ltr'><strong>piis</strong></span> <span class='ocrx_word' id='word_1_781' title='bbox 3160 4892 3412 4961; x_wconf 63' lang='lat' dir='ltr'><strong>profecta:</strong></span> 
     </span>
    </p>
   </div>
   <div class='ocr_carea' id='block_1_111' title="bbox 1849 4983 3413 5053">
    <p class='ocr_par' dir='ltr' id='par_1_111' title="bbox 1849 4983 3413 5053">
     <span class='ocr_line' id='line_1_111' title="bbox 1849 4983 3413 5053; baseline -0.005 -13"><span class='ocrx_word' id='word_1_782' title='bbox 1849 4985 2285 5053; x_wconf 88' lang='lat' dir='ltr'><strong>incorruptisque</strong></span> <span class='ocrx_word' id='word_1_783' title='bbox 2342 4985 2570 5052; x_wconf 78' lang='lat' dir='ltr'><strong>ingeniis</strong></span> <span class='ocrx_word' id='word_1_784' title='bbox 2606 4984 3105 5045; x_wconf 82' lang='lat' dir='ltr'><strong>contradictiones,</strong></span> <span class='ocrx_word' id='word_1_785' title='bbox 3154 4998 3274 5049; x_wconf 68' lang='lat' dir='ltr'><strong>quae</strong></span> <span class='ocrx_word' id='word_1_786' title='bbox 3324 4983 3413 5049; x_wconf 86' lang='lat' dir='ltr'><strong>ju-</strong></span> 
     </span>
    </p>
   </div>
   <div class='ocr_carea' id='block_1_112' title="bbox 1847 5067 3411 5142">
    <p class='ocr_par' dir='ltr' id='par_1_112' title="bbox 1847 5067 3411 5142">
     <span class='ocr_line' id='line_1_112' title="bbox 1847 5067 3411 5142; baseline -0.006 -14"><span class='ocrx_word' id='word_1_787' title='bbox 1847 5085 1985 5129; x_wconf 87' lang='lat' dir='ltr'><strong>stam</strong></span> <span class='ocrx_word' id='word_1_788' title='bbox 2037 5074 2313 5142; x_wconf 88' lang='lat' dir='ltr'><strong>postulant</strong></span> <span class='ocrx_word' id='word_1_789' title='bbox 2354 5072 2707 5133; x_wconf 87' lang='lat' dir='ltr'><strong>solutionem,</strong></span> <span class='ocrx_word' id='word_1_790' title='bbox 2760 5070 3043 5137; x_wconf 86' lang='lat' dir='ltr'><strong>impellunt</strong></span> <span class='ocrx_word' id='word_1_791' title='bbox 3087 5084 3185 5121; x_wconf 90' lang='lat' dir='ltr'><strong>nos</strong></span> <span class='ocrx_word' id='word_1_792' title='bbox 3226 5067 3291 5119; x_wconf 91' lang='lat' dir='ltr'><strong>ad</strong></span> <span class='ocrx_word' id='word_1_793' title='bbox 3326 5068 3411 5119; x_wconf 85' lang='lat' dir='ltr'><strong>iii-</strong></span> 
     </span>
    </p>
   </div>
   <div class='ocr_carea' id='block_1_113' title="bbox 1842 5161 3411 5233">
    <p class='ocr_par' dir='ltr' id='par_1_113' title="bbox 1842 5161 3411 5233">
     <span class='ocr_line' id='line_1_113' title="bbox 1842 5161 3411 5233; baseline -0.007 -14"><span class='ocrx_word' id='word_1_794' title='bbox 1842 5165 2143 5233; x_wconf 85' lang='lat' dir='ltr'><strong>dagandam</strong></span> <span class='ocrx_word' id='word_1_795' title='bbox 2208 5166 2368 5216; x_wconf 90' lang='lat' dir='ltr'><strong>aliam</strong></span> <span class='ocrx_word' id='word_1_796' title='bbox 2424 5163 2743 5229; x_wconf 68' lang='lat' dir='ltr'><strong>quaestionis</strong></span> <span class='ocrx_word' id='word_1_797' title='bbox 2798 5161 3256 5228; x_wconf 69' lang='lat' dir='ltr'><strong>esplanatioueui,</strong></span> <span class='ocrx_word' id='word_1_798' title='bbox 3308 5174 3411 5225; x_wconf 83' lang='lat' dir='ltr'><strong>qua</strong></span> 
     </span>
    </p>
   </div>
   <div class='ocr_carea' id='block_1_114' title="bbox 1842 5250 3413 5323">
    <p class='ocr_par' dir='ltr' id='par_1_114' title="bbox 1842 5250 3413 5323">
     <span class='ocr_line' id='line_1_114' title="bbox 1842 5250 3413 5323; baseline -0.008 -12"><span class='ocrx_word' id='word_1_799' title='bbox 1842 5257 1991 5312; x_wconf 88' lang='lat' dir='ltr'><strong>dubii</strong></span> <span class='ocrx_word' id='word_1_800' title='bbox 2019 5256 2287 5323; x_wconf 83' lang='lat' dir='ltr'><strong>asperitas</strong></span> <span class='ocrx_word' id='word_1_801' title='bbox 2309 5256 2374 5307; x_wconf 88' lang='lat' dir='ltr'><strong>ad</strong></span> <span class='ocrx_word' id='word_1_802' title='bbox 2400 5254 2767 5320; x_wconf 72' lang='lat' dir='ltr'><strong>intelligentia:</strong></span> <span class='ocrx_word' id='word_1_803' title='bbox 2794 5252 3081 5304; x_wconf 66' lang='lat' dir='ltr'><strong>licvitatem</strong></span> <span class='ocrx_word' id='word_1_804' title='bbox 3107 5261 3267 5317; x_wconf 89' lang='lat' dir='ltr'><strong>atque</strong></span> <span class='ocrx_word' id='word_1_805' title='bbox 3299 5250 3413 5317; x_wconf 80' lang='lat' dir='ltr'><strong>pla-</strong></span> 
     </span>
    </p>
   </div>
   <div class='ocr_carea' id='block_1_115' title="bbox 1843 5339 3413 5411">
    <p class='ocr_par' dir='ltr' id='par_1_115' title="bbox 1843 5339 3413 5411">
     <span class='ocr_line' id='line_1_115' title="bbox 1843 5339 3413 5411; baseline -0.005 -12"><span class='ocrx_word' id='word_1_806' title='bbox 1843 5347 2025 5400; x_wconf 84' lang='lat' dir='ltr'><strong>nitiein</strong></span> <span class='ocrx_word' id='word_1_807' title='bbox 2051 5346 2327 5408; x_wconf 87' lang='lat' dir='ltr'><strong>dilatetur,</strong></span> <span class='ocrx_word' id='word_1_808' title='bbox 2377 5341 2873 5411; x_wconf 83' lang='lat' dir='ltr'><strong>ctambiguitatum</strong></span> <span class='ocrx_word' id='word_1_809' title='bbox 2922 5341 3169 5392; x_wconf 90' lang='lat' dir='ltr'><strong>molestia</strong></span> <span class='ocrx_word' id='word_1_810' title='bbox 3216 5339 3413 5406; x_wconf 82' lang='lat' dir='ltr'><strong>dispel-</strong></span> 
     </span>
    </p>
   </div>
   <div class='ocr_carea' id='block_1_116' title="bbox 1840 5431 3411 5505">
    <p class='ocr_par' dir='ltr' id='par_1_116' title="bbox 1840 5431 3411 5505">
     <span class='ocr_line' id='line_1_116' title="bbox 1840 5431 3411 5505; baseline -0.009 -12"><span class='ocrx_word' id='word_1_811' title='bbox 1840 5440 1997 5493; x_wconf 88' lang='lat' dir='ltr'><strong>latur.</strong></span> <span class='ocrx_word' id='word_1_812' title='bbox 2046 5438 2293 5491; x_wconf 83' lang='lat' dir='ltr'><strong>Profecto</strong></span> <span class='ocrx_word' id='word_1_813' title='bbox 2325 5436 2467 5505; x_wconf 88' lang='lat' dir='ltr'><strong>quod</strong></span> <span class='ocrx_word' id='word_1_814' title='bbox 2506 5436 2680 5488; x_wconf 89' lang='lat' dir='ltr'><strong>sancti</strong></span> <span class='ocrx_word' id='word_1_815' title='bbox 2716 5431 3103 5501; x_wconf 78' lang='lat' dir='ltr'><strong>religionisque</strong></span> <span class='ocrx_word' id='word_1_816' title='bbox 3157 5444 3411 5482; x_wconf 79' lang='lat' dir='ltr'><strong>suasores</strong></span> 
     </span>
    </p>
   </div>
   <div class='ocr_carea' id='block_1_117' title="bbox 1842 5518 3406 5597">
    <p class='ocr_par' dir='ltr' id='par_1_117' title="bbox 1842 5518 3406 5597">
     <span class='ocr_line' id='line_1_117' title="bbox 1842 5518 3406 5597; baseline -0.01 -13"><span class='ocrx_word' id='word_1_817' title='bbox 1842 5532 2093 5585; x_wconf 87' lang='lat' dir='ltr'><strong>divorum</strong></span> <span class='ocrx_word' id='word_1_818' title='bbox 2116 5528 2485 5597; x_wconf 82' lang='lat' dir='ltr'><strong>apostolorum</strong></span> <span class='ocrx_word' id='word_1_819' title='bbox 2529 5526 2695 5578; x_wconf 80' lang='lat' dir='ltr'><strong>Actus</strong></span> <span class='ocrx_word' id='word_1_820' title='bbox 2742 5524 3068 5591; x_wconf 88' lang='lat' dir='ltr'><strong>baptismum</strong></span> <span class='ocrx_word' id='word_1_821' title='bbox 3127 5520 3177 5572; x_wconf 91' lang='lat' dir='ltr'><strong>in</strong></span> <span class='ocrx_word' id='word_1_822' title='bbox 3206 5518 3406 5571; x_wconf 86' lang='lat' dir='ltr'><strong>Christi</strong></span> 
     </span>
    </p>
   </div>
   <div class='ocr_carea' id='block_1_118' title="bbox 1844 5607 3407 5673">
    <p class='ocr_par' dir='ltr' id='par_1_118' title="bbox 1844 5607 3407 5673">
     <span class='ocr_line' id='line_1_118' title="bbox 1844 5607 3407 5673; baseline -0.008 0"><span class='ocrx_word' id='word_1_823' title='bbox 1844 5620 2060 5673; x_wconf 88' lang='lat' dir='ltr'><strong>nomine</strong></span> <span class='ocrx_word' id='word_1_824' title='bbox 2092 5619 2527 5671; x_wconf 81' lang='lat' dir='ltr'><strong>administratum</strong></span> <span class='ocrx_word' id='word_1_825' title='bbox 2559 5614 2740 5666; x_wconf 90' lang='lat' dir='ltr'><strong>dicant</strong></span> <span class='ocrx_word' id='word_1_826' title='bbox 2794 5627 2955 5665; x_wconf 91' lang='lat' dir='ltr'><strong>nemo</strong></span> <span class='ocrx_word' id='word_1_827' title='bbox 2988 5625 3116 5663; x_wconf 83' lang='lat' dir='ltr'><strong>sana</strong></span> <span class='ocrx_word' id='word_1_828' title='bbox 3155 5607 3407 5661; x_wconf 88' lang='lat' dir='ltr'><strong>audiendi</strong></span> 
     </span>
    </p>
   </div>
   <div class='ocr_carea' id='block_1_119' title="bbox 1842 5699 3407 5777">
    <p class='ocr_par' dir='ltr' id='par_1_119' title="bbox 1842 5699 3407 5777">
     <span class='ocr_line' id='line_1_119' title="bbox 1842 5699 3407 5777; baseline -0.008 -17"><span class='ocrx_word' id='word_1_829' title='bbox 1842 5710 1890 5761; x_wconf 90' lang='lat' dir='ltr'><strong>vi</strong></span> <span class='ocrx_word' id='word_1_830' title='bbox 1942 5709 2195 5777; x_wconf 67' lang='lat' dir='ltr'><strong>praeditus</strong></span> <span class='ocrx_word' id='word_1_831' title='bbox 2216 5748 2230 5772; x_wconf 92' lang='lat'><strong>,</strong></span> <span class='ocrx_word' id='word_1_832' title='bbox 2260 5722 2455 5775; x_wconf 73' lang='lat' dir='ltr'><strong>negare</strong></span> <span class='ocrx_word' id='word_1_833' title='bbox 2490 5704 2741 5760; x_wconf 85' lang='lat' dir='ltr'><strong>audebit&#39;</strong></span> <span class='ocrx_word' id='word_1_834' title='bbox 2774 5711 3143 5757; x_wconf 83' lang='lat' dir='ltr'><strong>verumtamen</strong></span> <span class='ocrx_word' id='word_1_835' title='bbox 3186 5699 3407 5768; x_wconf 86' lang='lat' dir='ltr'><strong>quinam</strong></span> 
     </span>
    </p>
   </div>
  </div>
