4202 6442
777 411 879 473 3οῘ

1922 426 2150 488 ΡΠΟΤΙ
2161 431 2183 488 Ι
2211 431 2713 494 ΡΛΤΠΙΛΒΩΗΕ
2752 435 2859 497 CP.

3913 444 4028 508 σοι

783 521 970 573 hnrnm
1012 522 1301 576 verborum
1331 538 1397 580 ac
1438 528 1717 582 nominum
1768 546 1963 588 sensus
2012 535 2348 603 significatus

2449 540 2616 610 ἀκοὴν
2647 542 2995 606 ὑγιαίνουσαν
3036 544 3268 614 ἑχόντων
3295 548 3596 620 ἀντιλέγειν
3628 550 4026 622 ὑποστήσεταιο

777 612 870 668 sit.
896 612 1036 665 haud
1059 627 1215 681 aeque
1235 628 1426 670 omnes
1458 616 1784 688 intelligunt.
1811 624 1898 677 Ait
1915 625 2080 694 igitur
2097 629 2346 697 princeps

780 701 1149 770 apOstolorum
1183 700 1397 766 Petrus,
1431 706 1561 759 dum
1599 706 1818 764 Judazos
1875 714 1939 766 ad
1970 715 2345 782 paenitentiam

783 795 1112 855 hortaretur,
1157 793 1481 864 veniamque
1513 798 1578 853 iis
1613 809 1836 868 patratae
1880 804 2044 859 cadis
2083 806 2300 863 offerret
2329 826 2343 862 :

785 902 801 932 ι
835 882 1144 951 Baptizetur
1173 888 1552 955 unusquisque
1579 903 1815 946 vestrum
1861 894 1914 948 in
1963 898 2183 952 nomine
2215 896 2344 954 Jesu

778 975 978 1027 Christi
996 976 1047 1046 in
1067 976 1438 1032 remissionem
1457 995 1797 1048 peccatorum
1815 986 1950 1041 "'“.
1966 1006 1982 1038 ι
2003 986 2347 1062 Rursumque

780 1060 966 1113 divino
998 1063 1176 1117 alliatu
1217 1065 1282 1118 ad
1325 1066 1706 1135 baptizandum
1751 1080 2123 1131 centurionem
2148 1060 2345 1135 iustin-

783 1161 924 1210 etus.
943 1152 1253 1207 Cornelium
1274 1155 1450 1223 ipsum
1469 1169 1523 1212 et
1545 1162 1638 1230 qui
1660 1177 1784 1217 cum
1801 1180 1868 1218 co
1889 1176 2048 1222 erant
2065 1184 2347 1238 regenera-

783 1239 928 1290 tione
961 1240 1213 1308 dignatus
1231 1253 1334 1306 est,
1359 1245 1561 1301 donttm
1582 1250 1662 1304 eis
1683 1254 2019 1311 remissionis
2047 1257 2100 1311 in
2127 1261 2347 1314 nomine

779 1325 991 1381 Domini
1034 1330 1374 1398 impertiens.
1406 1334 1670 1393 Praeterea
1698 1340 1891 1411 Ephesi
1921 1346 2142 1413 quidam
2191 1361 2347 1405 erant

775 1417 1046 1486 discipuli,
1079 1422 1171 1490 qui
1194 1420 1419 1481 Joannis
1443 1438 1650 1485 tantum
1676 1432 1944 1502 baptismo
1970 1437 2061 1490 loti
2095 1441 2342 1496 fuerant:

775 1517 937 1575 atque
976 1509 1029 1563 hi
1083 1522 1204 1580 post
1231 1515 1472 1572 auditam
1521 1518 1674 1577 Pauli
1708 1525 2165 1595 praedicationem,
2219 1548 2343 1588 eum

775 1599 844 1651 iis
875 1600 1176 1667 piaculares
1204 1605 1272 1660 ab
1297 1609 1558 1676 Apostolo
1576 1628 1768 1670 manus
1794 1616 1848 1670 in
1881 1621 2098 1673 nomine
2131 1620 2344 1679 Domini

773 1688 900 1745 Jesu
930 1692 1133 1749 Christi
1166 1694 1398 1753 fuissent
1431 1701 1699 1770 impositae
1721 1747 1736 1768 ,
1780 1708 2002 1763 caeleste
2039 1711 2344 1780 adoptionis

773 1782 975 1837 donum
999 1799 1360 1856 exceperunt,
1391 1800 1446 1846 et
1467 1797 1798 1850 sanctissimi
1839 1798 2074 1867 Spiritus
2105 1803 2342 1858 amatum

2451 628 2584 680 Τίνα
2629 631 2686 682 δὲ
2730 631 2968 686 διάνοιαν
3011 636 3078 688 τά
3120 637 3345 693 τοιαῦτα
3384 642 3602 710 ῥήματα
3648 643 3743 695 καὶ
3779 645 4028 714 ὀνόματα

2451 719 2782 775 ἀναπτύσσει
2809 725 2904 776 καὶ
2931 725 3292 797 διερμηνεύει,
3321 730 3503 785 οὐκέτι
3525 733 3728 796 παντός
3748 736 3866 787 ἐστι
3901 753 4030 788 συν⁶

2456 808 2610 862 ιέναι.
2649 811 2809 878 Λέγει
2851 813 2948 882 μὲν
2985 815 3079 868 οῦν
3108 819 3157 885 ιὸ
3195 823 3491 887 κορυφαῖος
3526 824 3728 890 Πέτρος
3750 828 3831 889 είς
3857 831 4002 895 μετά

2452 915 2599 951 νοιαν
2646 901 2774 964 τοὺς
2843 902 3122 969 Ἰουδαίους
3176 909 3487 976 ὲπαλείφων
3548 914 3640 965 καὶ
3691 918 4016 984 συγγνώμη.

2452 990 2933 1076 εὐαγγελιζόμενος
2962 997 3057 1066 τῆς
3087 1000 3422 1066 μιαιφονίας
3456 1019 3476 1052 t
3507 1003 3874 1076 Βαπτισθὴτω
3896 1009 4024 1060 ’ἐκαο

2454 1098 2577 1145 στος
2601 1073 2753 1152 όμῶν
2782 1087 2842 1138 ἑν
2877 1087 2954 1156 τῷ
2977 1089 3201 1157 ὀνόματι
3247 1092 3424 1161 Ἰησοῦ
3456 1094 3688 1163 Χριστοῦ
3709 1073 3792 1158 είς
3829 1099 4018 1163 ἀφεσιι

2451 1171 2756 1238 ἁμαρτιῶν.
2795 1192 2813 1223 ι
2845 1175 2954 1227 Kal
2975 1177 3138 1230 πάλιν
3170 1179 3234 1231 ἐκ
3267 1178 3418 1242 θείας
3455 1183 3743 1246 ἐπιπνοίας
3770 1184 3866 1236 τδν
3893 1187 4024 1237 ἑκα-

2449 1263 2743 1335 τόνταρχον
2766 1267 3128 1336 βαπτίσασθαι
3157 1276 3511 1343 προτραπεὶς,
3533 1275 3694 1329 αὐτόν
3718 1295 3778 1330 τε
3813 1280 4027 1348 Κορνήι

2450 1351 2563 1406 λιον
2593 1355 2685 1408 καὶ
2733 1359 2858 1419 τοὺς
2896 1359 3014 1426 μετ’
3047 1361 3212 1414 αὑτοῦ
3246 1364 3344 1431 τῆς
3391 1365 3811 1433 παλιγγενεσίας
3857 1368 4023 1432 ἀξιοῖ,

2451 1446 2512 1496 τὺ
2530 1445 2700 1514 δῶρον
2729 1449 2912 1512 αὐτοῖς
2935 1451 3036 1520 τῆς
3071 1453 3316 1520 ἀφέσεως
3348 1456 3405 1507 ὲν
3429 1454 3506 1524 τῷ
3534 1457 3757 1525 ὀνόματι
3779 1458 3878 1509 τοῦ
3909 1460 4024 1510 Ku-

2452 1537 2569 1604 ρίου
2600 1537 2918 1606 ίερουργῶν.
2950 1542 3058 1594 Καὶ
3083 1543 3225 1594 κατά
3244 1542 3343 1612 τὴν
3385 1545 3617 1613 Ἔφεσον
3643 1546 3700 1599 δὲ
3737 1542 3880 1617 ἦσαν
3922 1566 4024 1616 μαι

2453 1624 2610 1694 θηταὶ
2632 1626 2681 1678 οἳ
2714 1628 2873 1697 μόνον
2906 1632 2984 1700 τῷ
3008 1631 3103 1684 τοῦ
3138 1633 3382 1687 Ἰωάννου
3417 1635 3754 1705 βαπτίσματι
3791 1637 4022 1692 ἐϐαπτί-

2452 1734 2639 1772 σαντο·
2657 1720 2749 1784 οὓς
2782 1725 2876 1776 καὶ
2905 1723 3199 1788 ἀκούοντας
3227 1727 3322 1779 τοῦ
3351 1729 3565 1781 Παύλου
3578 1729 3954 1795 διδάσκοντος,
3991 1734 4022 1801 ἡ

2458 1811 2666 1883 ίττορία
2695 1815 2998 1887 ἀναγράφει
3029 1818 3308 1883 ἐπιθέντος
3329 1821 3517 1886 αὐτοῖς
3550 1823 3646 1876 τοῦ
3692 1825 4022 1878 Ἀποστόλου

772 1875 978 1938 exnerti
1021 1885 1148 1929 sunt
1173 1877 1238 1933 ".
1279 1876 1664 1948 Sarpenumero
1703 1886 1840 1941 alias
1871 1892 2170 1945 secundum
2210 1893 2349 1950 hanc

777 1961 1056 1986 r-____.___
1507 1975 1518 1986 .
1584 1975 1594 1986 .
1643 1976 1655 1986 .
1699 1985 1703 1986 ,
1929 1981 1941 1986 _
2055 1982 2068 1986 _
2265 1984 2273 1986 _

2451 1903 2544 1965 τάς
2575 1875 2934 1976 ίλαστηρίους
2950 1911 3138 1979 χεῖρας
3161 1911 3241 1974 είς
3269 1875 3330 1964 τὸ
3361 1875 3530 1982 ὄνομα
3550 1913 3644 1967 τοῦ
3672 1875 4023 1986 Κυρίου

775 1961 1061 2020 formulam
1095 1969 1422 2037 baptismum
1453 1975 1891 2033 administratum
1929 1981 2072 2036 haud
2099 1998 2240 2054 aegre
2262 1984 2344 2039 in-

772 2056 981 2111 venies.
1029 2055 1413 2117 Verumtamen
1443 2106 1460 2131 ,
1521 2066 1735 2135 utijam
1781 2070 1988 2124 dictum
2031 2083 2135 2136 est,
2203 2091 2345 2145 saepe

774 2145 950 2202 facilis
986 2148 1355 2219 interpretatio
1373 2153 1429 2208 in
1451 2169 1618 2211 sacra:
1643 2159 1837 2213 mentis
1868 2161 2080 2216 sinibus
2107 2166 2342 2233 condita,

775 2236 880 2290 nisi
910 2241 1182 2296 eruditum
1215 2243 1481 2313 judicium
1514 2264 1578 2303 ac
1626 2251 2036 2307 meditationem
2064 2257 2347 2312 nancisca-

775 2336 887 2392 tur,
913 2346 1088 2401 ueque
1111 2335 1448 2393 obscuritate
1473 2354 1649 2410 neque
1664 2354 1959 2412 apparente
1988 2349 2345 2416 repugnantia

774 2417 1116 2479 liberabitur.
1147 2421 1394 2495 Namque
1443 2429 1785 2488 inconsultus
1833 2434 2059 2490 vocibus
2091 2436 2225 2506 ipsis
2254 2454 2346 2494 as-

773 2523 989 2576 sensus,
1015 2526 1080 2567 ac
1103 2514 1393 2570 verborum
1416 2528 1577 2586 prout
1604 2530 1802 2576 sonant
1828 2525 2107 2588 admissio,
2129 2536 2184 2580 et
2212 2527 2346 2583 alias

773 2599 971 2654 multas
997 2601 1274 2660 multoties
1293 2605 1658 2666 absurditates
1689 2614 1911 2682 peperit,
1935 2625 1987 2668 et
2017 2631 2160 2669 nunc
2184 2618 2346 2672 etiam

775 2703 884 2742 nan
921 2690 973 2745 in
1027 2696 1166 2749 duos
1208 2697 1357 2752 solos
1399 2699 1538 2755 ritus
1573 2704 1866 2758 verendum
1919 2708 2348 2776 regenerationis

774 2781 1089 2846 mysterium
1120 2783 1408 2852 divideret,
1456 2790 1550 2844 sed
1578 2793 1718 2847 alios
1763 2795 1962 2850 multos
2003 2812 2034 2850 e
2079 2798 2349 2855 divisione

774 2871 1097 2936 pullulantes
1126 2877 1409 2932 exhiberet
1434 2903 1445 2935 :
1488 2883 1756 2952 siquidem
1781 2901 1849 2939 ex
1878 2888 2213 2944 incremento
2238 2893 2350 2960 pri-

776 2975 865 3011 mo
887 2963 1154 3031 originem
1182 2968 1287 3021 alia
1325 2972 1632 3036 traherent;
1667 2976 1738 3029 ita
1775 2987 1832 3030 ut
1861 2977 1915 3030 in
1945 2979 2347 3036 multitudinem

2444 1994 2538 2048 σοῦ
2566 1997 2822 2068 Χριστοῦ,
2856 1997 2918 2051 τὸ
2949 1999 3202 2070 οὐράνιον
3224 2001 3325 2068 τῆς
3369 2003 3640 2067 υἱοθεσίας
3666 2006 3843 2076 δῶρον
3867 2006 4022 2070 δέξα-

2444 2088 2586 2153 σθαι,
2611 2089 2706 2140 καὶ
2731 2087 2831 2159 τῆς
2854 2093 3248 2162 ἑπιφοιτήσεως
3277 2095 3582 2148 ἀπολαῦσαι
3619 2097 3713 2150 τοῦ
3754 2100 4022 2166 παναγίου

2444 2177 2782 2248 Πνεῦματος.
2836 2181 2946 2235 Καὶ
2987 2183 3158 2254 μυρία
3192 2167 3251 2237 δέ
3298 2184 3432 2239 ἀλλα
3480 2184 3707 2240 τοιαῦτα
3751 2189 3896 2240 κατά
3935 2188 4025 2240 τὸν

2443 2270 2627 2338 ὅμοιον
2649 2271 2758 2324 τῶν
2793 2272 3053 2342 ῥημάτων
3091 2272 3258 2326 τύπον
3299 2274 3393 2327 τοῦ
3425 2275 3800 2345 βαπτίσματος
3836 2277 4023 2346 ἐξενη-

2443 2361 2678 2428 νεγμένα
2710 2361 3104 2432 ἀταλαιπώρως
3162 2365 3276 2416 ἐστὶ
3329 2365 3783 2435 καταλαμϐάνειν.
3847 2367 4016 2435 Πλὴν,

2444 2449 2520 2513 ὡς
2544 2452 2780 2521 εἴρηται,
2810 2453 3068 2519 πολλάκις
3096 2455 3156 2508 τὸ
3178 2456 3466 2528 πρόχειρον
3488 2457 3590 2527 τῆς
3614 2460 3918 2529 ἑρμηνείας
3949 2459 4024 2528 τῷ

2448 2540 2599 2609 βάθει
2626 2543 3023 2613 καταδυόμενον
3051 2548 3149 2616 τῆς
3170 2548 3322 2617 ἱερᾶς
3347 2548 3609 2614 διανοίας,
3639 2549 3706 2602 ἂν
3743 2548 3821 2618 μὴ
3854 2567 4022 2619 προσ-

2446 2631 2584 2702 λάϐῃ
2619 2631 2716 2701 τὴν
2761 2634 3148 2703 φιλολογοῦσαν
3205 2637 3444 2707 βάσανον
3487 2639 3584 2692 καὶ
3630 2639 3885 2710 μελέτην,
3926 2641 4022 2708 τῆς

2448 2721 2717 2790 ἀσαφείας
2759 2724 2854 2776 καὶ
2885 2724 2986 2793 τῆς
3015 2727 3157 2778 κατά
3196 2729 3298 2798 τὴν
3339 2729 3606 2798 ὑπόληψιν
3643 2733 3891 2793 στάσεως
3927 2731 4025 2781 οὐκ

2447 2810 2621 2863 έθέλει
2663 2814 3118 2869 ἀπαλλάττεσθαι.
3168 2818 3281 2870 Kal
3334 2820 3442 2888 γάρ
3473 2821 3504 2888 ἡ
3541 2819 3681 2872 κατά
3708 2821 3810 2881 τὰς
3843 2820 4024 2887 φωνὰς

2446 2901 2757 2971 ἀδιάκριτος
2787 2906 3204 2973 συγκατάθεσις,
3233 2911 3326 2961 καὶ
3367 2911 3398 2978 ἠ
3427 2911 3568 2962 κατά
3613 2911 3711 2979 τὴν
3739 2912 4026 2979 ἀπήχησιν

2448 2991 2555 3044 τῶν
2586 2994 2846 3063 ῥημάτων
2882 2995 3185 3066 παραδοχὴ,
3217 2997 3353 3051 ἀλλα
3383 3015 3441 3050 τε
3476 2999 3644 3052 πολλά
3665 3001 3772 3052 τῶν
3805 3001 4025 3052 ἀτόπων

773 3051 1119 3107 άιιιιιοιςι-ειηι·
1149 3057 1309 3111 unica
1348 3069 1510 3130 atque
1545 3064 1821 3121 individua
1855 3068 2081 3139 religio,
2125 3083 2180 3125 et
2219 3075 2345 3126 uni-

2449 3082 2506 3132 ιν
2539 3051 2752 3146 πολλοῖς
2775 3051 3030 3149 πολλάκις
3051 3051 3285 3140 ait-grex:
3313 3105 3326 3118 -
3363 3091 3458 3143 καὶ
3482 3089 3575 3142 νῦν
3598 3051 3796 3142 1...».
3819 3091 3902 3153 είς
3927 3091 4020 3142 δύο

773 3140 969 3198 formis
1013 3155 1175 3216 atque
1230 3151 1490 3208 unimoda
1537 3170 1820 3211 sacrorum
1870 3159 2138 3216 institutio
2177 3179 2346 3232 :qua‘.

2449 3171 2670 3234 τελετὰς
2697 3140 2863 3243 μδνας
2885 3175 2948 3228 τὸ
2986 3140 3210 3246 φρικτὸν
3234 3177 3333 3249 τῆς
3385 3140 3802 3246 παλιγγενεσίας
3824 3140 4029 3231 -δίακόο

773 3235 978 3289 rituum
1006 3242 1241 3294 varietas
1281 3245 1506 3300 minime
1543 3247 1749 3303 auferri
1780 3259 1991 3320 potest,
2027 3253 2133 3308 nisi
2170 3256 2342 3324 prima

773 3323 983 3380 invecta
1019 3329 1346 3398 diversitas,
1397 3350 1520 3404 qua:
1564 3337 1733 3392 divini
1778 3342 2028 3411 pracepti
2073 3323 2344 3417 praeroga-

773 3415 937 3467 tivam
969 3422 1353 3488 pessuutdedit,
1390 3426 1554 3482 simul
1595 3429 1895 3485 auferatur.

2449 3263 2621 3332 ψειεν,
2666 3264 2802 3318 ἀλλά
2828 3268 2922 3318 καὶ⁹
2956 3268 3154 3337 μυρίας
3183 3267 3347 3332 ἄλλας
3371 3271 3438 3340 τῇ
3467 3272 3747 3339 κατατομῇ
3793 3269 4027 3340 προδαιδ

2449 3355 2644 3418 νούσας
2672 3356 2951 3423 ἐπιδείξει,
2996 3359 3096 3430 τὴν
3149 3360 3371 3432 πρώτην
3414 3361 3729 3431 προσθήκην
3770 3363 4030 3428 ἀφορμὴν

2450 3444 2686 3514 εὑροῦσα
2726 3447 2834 3500 τῶν
2866 3450 3002 3519 μετά
3041 3451 3277 3523 ταύτην·
3330 3453 3425 3505 καὶ
3457 3454 3536 3515 είς
3587 3452 3793 3521 πλῆθος
3833 3451 4026 3504 ἀπολει

772 3504 1044 3561 πτύνουσα
1071 3510 1132 3562 τὸ
1166 3513 1363 3568 ἑνιαίον
1394 3518 1487 3570 καὶ
1516 3517 1758 3590 ἀτμητον
1787 3521 1883 3590 τῆς
1910 3523 2212 3588 εὐσεϐείας,
2277 3529 2372 3582 καὶ
2407 3531 2468 3585 τὺ
2517 3504 2632 3605 ’τῆς
2677 3504 3068 3610 μυσταγωγίας
3109 3504 3378 3614 μονοειδὲς
3409 3504 3883 3614 καὶνμονότροπον
3912 3561 3924 3574 ”
3960 3542 4026 3603 ἃς

770 3596 951 3704 οὐκέτι
1001 3605 1521 3676 παραγραφόμενον,
1555 3610 1677 3663 οὐδὲ
1712 3612 1813 3682 τὴν
1851 3614 2076 3686 πρώτην
2100 3617 2544 3693 ιπεισελθοῦσαν,
2576 3596 2763 3683 {tam
2819 3596 3121 3704 προνζςμιᾏᾷ
3169 3635 3267 3705 τῆς
3303 3596 3638 3703 Δέσποτιίιῆς
3697 3596 3919 3703 έντολῆς
3944 3596 4034 3685 vo;

771 3689 1060 3757 θεύσασαν,
1091 3697 1167 3766 μὴ
1199 3697 1322 3768 οὐχὶ
1357 3704 1948 3775 συμπαραγράφεσθαι.

842 3821 895 3876 5.
919 3822 1093 3877 Cerne
1117 3837 1320 3892 autem,
1339 3827 1667 3900 sodes,quot
1690 3833 1743 3886 in
1766 3843 1948 3903 partes
1964 3834 2170 3892 dividat
2191 3847 2354 3909 atque

771 3914 1059 3983 dispertiat
1084 3917 1325 3972 divinam
1357 3923 1743 3995 cmlestemque
1779 3927 2084 3998 adoptionis
2120 3933 2350 4000 gratiam

776 4004 1181 4060 inconsiderata
1211 4049 1225 4072 ,
1265 4017 1324 4063 ut
1359 4010 1622 4074 diximus,
1653 4015 1941 4068 verborum
1982 4016 2350 4084 observantia,

773 4098 914 4164 apud
937 4112 1033 4152 eos
1051 4099 1144 4167 qui
1167 4101 1356 4153 nolunt
1382 4103 1447 4155 ad
1467 4104 1745 4171 penetrale
1771 4105 2015 4158 veritatis
2047 4109 2346 4174 permeare.

772 4187 983 4258 Quippe
1006 4192 1306 4244 secundum
1332 4208 1521 4247 eorum
1553 4194 1885 4260 institutum,
1910 4197 2003 4266 qui
2035 4199 2197 4251 verba
2222 4200 2345 4267 plus

772 4296 930 4348 aequo
954 4283 1278 4351 suspiciunt,
1312 4285 1447 4337 alter
1473 4286 1692 4354 quidem
1720 4289 1856 4342 ritus
1888 4289 1940 4341 in
1967 4289 2186 4342 nomine
2215 4288 2343 4344 Jesu

771 4371 972 4428 Christi
1009 4374 1268 4442 baptizat,
1305 4375 1440 4428 alter
1483 4379 1864 4432 tantummodo
1903 4379 1956 4432 in
1990 4381 2208 4434 nomine
2239 4381 2341 4433 Do-

774 4466 927 4519 mini.
962 4465 1265 4532 Quamnam
1301 4468 1466 4536 igitur
1495 4485 1561 4522 ex
1591 4470 1676 4524 his
1704 4469 1951 4525 formulis
1974 4471 2028 4525 in
2058 4473 2202 4526 sacri
2227 4487 2346 4526 mu-

773 4559 920 4614 neris
958 4560 1357 4614 ministratione
1402 4561 1828 4629 usurpahimus?
1855 4561 2042 4631 Neque
2086 4563 2229 4616 enim
2260 4563 2342 4616 al-

775 4652 943 4705 ternis
982 4661 1035 4705 ct
1065 4667 1160 4720 pro
1193 4653 1346 4707 libito
1380 4655 1465 4706 Itis
1491 4653 1826 4708 dictionibus
1852 4655 1930 4708 uti
1962 4655 2128 4708 licet:
2166 4663 2220 4709 et
2249 4655 2342 4724 qui

774 4741 1085 4794 alterutram
1118 4743 1497 4809 praedictarum
1527 4743 1730 4802 abolet.
1776 4743 1823 4798 is
1866 4743 2010 4796 viam
2059 4743 2230 4798 munit
2276 4744 2344 4799 ad

774 4831 908 4884 alias
939 4845 1154 4900 quoque
1189 4832 1510 4887 abolitioues
1543 4834 2024 4889 constabiliendas.
2063 4836 2239 4904 Atque
2269 4835 2343 4889 ita

774 4924 911 4976 ritus
939 4932 1164 4978 cunctos
1189 4923 1329 4977 inter
1347 4938 1406 4978 se
1433 4925 1588 4994 quasi
1607 4926 1796 4994 praelio
1823 4925 2166 4980 committent
2189 4927 2222 4978 ii
2246 4927 2340 4996 qui

775 5015 1101 5080 baptismum
1122 5031 1187 5069 ex
1212 5014 1488 5070 Dominica
1506 5017 1850 5071 institutione
1870 5017 2167 5072 celebrant.
2188 5017 2342 5084 Quod

774 5105 820 5159 si
844 5105 898 5156 in
929 5105 1166 5173 mystica:
1192 5106 1497 5174 adoptionis
1532 5105 1775 5162 formulis
1803 5106 1974 5162 libera
2012 5108 2081 5162 sit
2113 5108 2345 5164 facultas

777 5197 881 5252 hoc
906 5197 1208 5258 auferendi,
1245 5197 1374 5250 illud
1408 5196 1730 5266 adjiciendl;
1761 5197 1886 5269 quis
1914 5200 2025 5268 jam
2063 5201 2343 5270 impediat,

776 5292 1070 5359 quominus
1115 5290 1205 5342 alii
1241 5289 1395 5353 alias,
1431 5301 1624 5360 przeter
1648 5291 1846 5356 dictas,
1887 5293 2196 5358 excogitent
2246 5295 2348 5347 ini-

777 5380 1065 5435 tiationes?
1096 5381 1311 5446 Quanto
1343 5383 1508 5452 igitur
1529 5384 1734 5451 justius
1764 5392 1927 5453 atque
1945 5394 2098 5437 extra
2129 5399 2344 5439 omnem

779 5472 1210 5526 controversiam
1257 5483 1363 5537 est,
1401 5488 1520 5526 eam
1551 5475 1816 5528 stabiliter
1865 5490 1978 5544 pra:
2039 5474 2350 5531 arbitrariis

779 5563 1068 5619 formulam
1101 5565 1348 5631 retinere,
1374 5581 1535 5634 quam
1561 5567 1735 5636 ipsius
1757 5566 2000 5621 veritatis
2020 5567 2200 5637 lingua
2228 5584 2348 5637 pro-

849 5807 969 5839 ’Μ’
1007 5808 1125 5863 Act.
1163 5822 1222 5868 tt.
1253 5805 1356 5870 38;
1397 5823 1425 5860 ι
1455 5805 1538 5861 ιε.
1617 5807 1661 5840 ³⁸
1695 5809 1816 5862 Act.
1848 5821 1962 5872 nx,
2000 5806 2051 5862 5.

2530 3861 2556 3896 ε
2576 3881 2592 3896 .
2624 3843 2767 3914 Ὅρα
2793 3842 2850 3896 δὲ
2891 3844 2971 3906 είς
3001 3843 3144 3898 πόσα
3181 3844 3506 3914 κατατέμνει
3540 3845 3633 3898 καὶ
3671 3845 4032 3918 καταμερίζει

2455 3932 2519 3987 τὸ
2547 3933 2689 3986 θεῐον
2712 3934 2806 3987 καὶ
2850 3934 3097 4003 οὐράνιον
3122 3935 3371 4006 χάρισμα
3408 3935 3510 4005 τῆς
3546 3937 3821 4003 υἱοθεσίας
3858 3941 3892 4009 ἡ
3920 3939 4032 3992 τῶν

2458 4024 2718 4093 ῥημάτων
2736 4023 2811 4085 ὼς
2839 4024 3097 4088 πολλάκις
3121 4025 3332 4096 ἔφημεν
3354 4027 3716 4091 ἀὸασάνιστος
3745 4031 3995 4100 προσοχὴ
4013 4073 4030 4096 ,

2457 4113 2550 4164 καὶ
2599 4112 2660 4164 τὸ
2719 4112 2792 4182 μὴ
2847 4113 3134 4181 βούλεσθαι
3179 4114 3317 4184 πρὸς
3350 4114 3413 4167 τὸ
3441 4115 3602 4184 βάθος
3643 4117 3741 4184 τῆς
3769 4118 4033 4187 ἀληθείας

2451 4202 2832 4257 καταδύεσθαι.
2879 4204 2943 4256 Ἢ
2997 4206 3095 4273 μὲν
3133 4205 3242 4275 γὰρ
3291 4207 3433 4259 κατά
3473 4208 3574 4274 τὴν
3619 4209 3879 4262 ὑπόθεσιν
3917 4210 4032 4262 τῶν

2450 4293 2588 4364 πρὸς
2635 4294 2732 4357 τὰς
2773 4293 2944 4358 λέξεις
2995 4297 3323 4365 κεχηνότων,
3357 4301 3415 4352 έν
3462 4299 3539 4368 τῷ
3579 4300 3801 4370 ὀνόματι
3851 4301 4031 4371 Ἰησοῦ

2449 4385 2686 4454 Χριστοῦ
2720 4383 2994 4454 βαπτίζει,
3040 4385 3174 4456 ἀλλη
3215 4386 3272 4440 δὲ
3311 4390 3369 4441 ιν
3403 4387 3482 4458 τῷ
3525 4389 3748 4458 ὀνόματι
3785 4391 3883 4443 τοῦ
3913 4392 4030 4444 Κυ-

2452 4475 2571 4545 ρίου
2603 4475 2784 4545 μόνον.
2818 4477 2937 4529 Τίνι
2980 4476 3072 4530 οῦν
3100 4477 3207 4530 τῶν
3253 4479 3558 4550 εἰρημένων
3593 4483 3651 4532 ὲν
3693 4485 3759 4550 τῇ
3793 4483 3890 4534 τοῦ
3925 4483 4034 4536 δώ-

2452 4583 2546 4637 ρου
2596 4568 2973 4638 τελεσιουργίᾳ
3025 4569 3375 4639 χρησόμεθα;
3433 4571 3546 4624 Οὐκ
3590 4571 3769 4640 έχουσι
3817 4575 3926 4644 γὰρ
3971 4576 4032 4626 τὸ

2451 4659 2827 4729 παραλλάττον
2854 4660 2974 4712 οὐδὲ
3000 4660 3061 4712 τὸ
3102 4661 3536 4730 προκεκριμένον
3565 4664 3863 4732 κεχρῆσθαι
3911 4667 4030 4727 τοῖς

2453 4748 2797 4818 βουλομένοις
2842 4749 2898 4802 αἱ
2945 4750 3119 4817 φωναί
3157 4766 3171 4780 ⁸
3200 4752 3295 4802 καὶ
3342 4752 3371 4802 ὁ
3409 4752 3539 4818 μίαν
3570 4755 3677 4802 τῶν
3719 4754 4030 4822 εἰρημένων

2454 4843 2971 4912 παραγραφάμενος,
3004 4841 3204 4894 ἔδωκεν
3235 4842 3353 4894 ὁδὸν
3390 4843 3455 4894 δι’
3481 4837 3549 4914 ἦς
3588 4844 3769 4908 ἕξουσι
3799 4846 3862 4897 τὸ
3890 4849 4032 4915 κρά-

2446 4949 2538 4993 τος
2562 4933 2654 4984 καὶ
2676 4931 2782 4984 τῶν
2808 4931 2984 4986 ἀλλων
3021 4934 3076 4985 ai
3124 4933 3507 5004 παραγραφαί.
3541 4933 3650 4986 Καὶ
3673 4933 3818 4988 οὕτω
3843 4935 4032 4996 πάσας

2453 5021 2594 5075 κατά
2620 5022 2806 5075 πασῶν
2837 5021 3275 5092 πάρατάττεσθαι
3300 5022 3679 5076 συνελάσουσιν
3708 5017 3862 5092 οἶμαι
3889 5027 4035 5078 κατὰ

2444 5112 2541 5182 τὴν
2570 5111 2898 5180 δεσποτικὴν
2922 5110 3315 5181 μυσταγωγίαν
3332 5111 3614 5174 τελοῦντες
3636 5112 3699 5164 τὸ
3719 5111 4028 5183 βάπτισμα.

2445 5205 2553 5256 Καὶ
2584 5206 2632 5256 εί
2679 5203 2886 5256 δέδοται
2930 5203 3074 5257 κατά
3101 5203 3200 5267 τάς
3240 5203 3580 5274 ἐκφωνήσεις
3619 5207 3719 5274 τῆς
3757 5207 4033 5274 μυστικῆς

2446 5295 2721 5358 υἱοθεσίας
2754 5296 2816 5347 τὸ
2847 5294 2946 5365 μὲν
2984 5295 3201 5364 ἀφελεῖν
3225 5334 3241 5360 ,
3267 5295 3328 5348 τὸ
3356 5295 3413 5348 δὲ
3447 5295 3785 5365 προσθεῖναι,
3819 5296 3873 5349 τί
3921 5313 4035 5350 κω-

2445 5385 2561 5439 λύει
2607 5386 2770 5438 πάλιν
2801 5386 2927 5448 τοὺς
2977 5385 3336 5456 βουλομένους
3372 5387 3466 5438 καὶ
3500 5385 3652 5456 παρά
3674 5385 3772 5449 τὰς
3799 5389 4034 5455 είρημέο

2457 5495 2551 5540 νας
2583 5478 2667 5530 ἑτέ
2679 5495 2774 5548 ρας
2823 5479 3058 5530 ἐπινοεῖν
3086 5478 3344 5543 teletae;
3392 5477 3552 5547 Πόσῳ
3581 5477 3638 5530 δὲ
3675 5476 3876 5546 μᾶλλον
3903 5479 4033 5531 ἀντὶ

2455 5571 2561 5623 τῶν
2587 5571 2685 5623 οὐκ
2706 5569 3010 5640 εἰρημένων
3050 5570 3115 5638 ἢν
3143 5570 3176 5638 ἡ
3207 5568 3305 5639 τῆς
3333 5567 3592 5639 ἀληθείας
3618 5567 3789 5640 αὐτῆς
3825 5567 4032 5623 ἀπεθέο
