4202 6442
186 435 293 499 309

1096 430 1197 489 AD
1253 427 1844 489 AMPHILOCHIUM
1899 427 2245 500 QUBSTIO
2294 426 2505 493 XLIII.

3328 425 3439 492 310

186 560 351 598 σπισε
375 542 598 610 γλῶσσα
649 540 854 611 ταύτην
886 536 1198 609 κρατύνειν,
1238 537 1333 590 καὶ
1372 537 1514 589 κατὰ
1558 537 1761 604 ταύτην

1872 540 2177 601 nuntiavit.
2251 549 2417 608 atque
2490 539 2657 610 hujus
2727 540 2910 595 verbis
2974 538 3437 609 regenerationem

185 636 429 687 ἐκτελεῖν
449 634 545 703 τὴν
571 628 992 700 παλιγγενεσίαν
1014 628 1159 683 ὅσιόν
1180 644 1242 681 τε
1263 629 1356 681 καὶ
1379 628 1559 691 αίτίας
1572 627 1761 697 πάσης

185 722 630 794 ύπερανεστηκός
650 740 667 789 ;

259 810 334 879 ς’.
392 815 501 867 Καὶ
549 810 700 865 οὕπω
742 808 894 865 εἶπον
944 809 1053 863 τῶν
1084 808 1323 879 ιλέγχων
1344 808 1418 875 re:
1436 807 1649 879 ἄμαχον
1679 808 1761 861 ὅτι

185 903 418 956 δώσουσι
441 903 542 956 κᾶν
570 902 646 973 μὴ
675 901 902 954 θέλωσιν
927 902 975 954 οί
1001 899 1100 970 τὴν
1122 897 1449 969 δεσποτικὴν
1473 914 1764 968 μυσταγω-

186 993 316 1059 γίαν
376 992 471 1046 ἀπ’
519 991 696 1061 ἀρχῆς
723 990 991 1054 λιπόντες,
1034 989 1297 1061 ἀπείρους
1334 988 1435 1053 τάς
1482 987 1598 1060 τῆςς
1632 991 1764 1061 μιᾶς

185 1083 461 1146 υἱοθεσίας
496 1081 739 1146 τελετάς,
770 1081 866 1135 καὶ
895 1081 976 1143 είς
1013 1079 1214 1151 χλεύην
1238 1079 1302 1134 τὸ
1328 1079 1577 1151 χάρισμα
1604 1096 1762 1149 περι-

186 1173 472 1244 στήσουσι.
505 1171 833 1225 Βαπτίσουσι
874 1169 932 1223 δὲ
964 1172 1062 1223 καὶ
1088 1168 1272 1223 οὐκέτι
1302 1169 1399 1223 τοῦ
1438 1168 1630 1239 ίερέως
1663 1170 1765 1233 τάς

186 1263 517 1333 θεοπρεπεῖς
556 1260 1042 1332 μυσταγωγοῦντος
1071 1260 1317 1331 κλήσεις,
1348 1260 1467 1315 ἀλλ’
1498 1260 1666 1315 αὐτοῦ
1698 1278 1764 1330 γε

184 1352 283 1403 τοῦ
313 1350 619 1420 μυουμένου
657 1349 767 1419 πρὸ
808 1346 904 1402 τοῦ
948 1348 1221 1419 μυηθῆναι
1254 1346 1355 1420 τὴν
1398 1348 1765 1419 μυσταγωγὴν

186 1443 391 1513 πρᾶξιν
423 1440 781 1512 ἁρπάζοντος,
804 1439 900 1493 καὶ⁵
924 1439 1049 1493 τότε
1073 1441 1171 1510 ούχ
1198 1439 1417 1512 ἑτέρους
1436 1438 1553 1494 ἀλλ’
1574 1440 1767 1493 ἑαυτὸν

186 1536 548 1603 καθαίροντος
570 1530 650 1605 τῷ
675 1531 886 1604 λουτρῷ
918 1531 1019 1602 τῆς
1045 1531 1483 1601 παλιγγενεσίας.
1519 1531 1633 1586 Καὶ
1658 1532 1766 1603 γάρ

185 1629 247 1678 ιν
283 1627 475 1689 αὑταῖς
508 1627 624 1679 εστι
660 1625 770 1677 τῶν
798 1624 1111 1680 ἀποστόλων
1133 1625 1312 1695 εὑρεῖν
1354 1622 1473 1687 ταῖς
1500 1624 1765 1695 ἀγιοπρε-

188 1717 322 1769 πέσι
376 1715 667 1786 Πράξεσιν,
715 1714 793 1779 ὡς
836 1714 945 1768 τῶν
992 1714 1252 1786 μαθητῶν
1312 1710 1392 1777 εἷς
1442 1715 1699 1786 ὑπάρχων
1739 1717 1769 1768 ό

202 1805 483 1870 Ἀνανίας,
540 1806 637 1859 καὶ
679 1804 830 1869 θείας
869 1804 1045 1875 δψεως
1090 1803 1531 1875 προσταττούσης
1570 1807 1647 1868 είς
1676 1805 1767 1858 τὸν

1864 647 2119 703 peragere
2132 632 2157 684 ?

1939 814 1994 867 6.
2018 810 2271 867 Nondum
2308 823 2489 867 tamen
2529 812 2786 865 invictam
2810 808 3010 879 protuli
3031 811 3305 879 opinionis
3334 810 3439 864 hu-

1862 904 1955 974 jus
1988 902 2401 968 refutationem;
2438 917 2632 970 nempe
2658 901 2805 970 quod
2832 904 2924 970 qui
2958 900 3299 956 Dominicum
3332 900 3437 953 ini—

1868 995 2112 1050 tiationis
2133 995 2296 1049 ritum
2327 995 2577 1048 deserere
2596 996 2886 1062 eruperint,
2921 992 2956 1046 ii
2982 992 3067 1046 vel
3094 993 3244 1045 inviti
3278 992 3440 1045 innu-

1870 1084 2157 1141 merabiles
2177 1085 2342 1138 unius
2368 1084 2677 1152 adoptionis
2705 1084 2945 1137 rationes
2977 1083 3295 1151 procudent,
3319 1098 3446 1151 gra-

1872 1174 2110 1241 tiamque
2136 1173 2277 1226 hanc
2308 1172 2544 1226 ludibrio
2577 1172 2860 1237 objicient.
2913 1170 3273 1239 Baptizabunt
3297 1172 3441 1224 enim

1872 1264 2017 1320 haud
2059 1264 2173 1334 jam
2200 1263 2481 1318 sacerdote
2520 1262 2736 1316 divinas
2766 1271 3043 1329 prmeunte
3073 1261 3447 1315 invocationes

1872 1370 2059 1411 verum
2088 1354 2204 1423 ipso
2237 1353 2534 1423 neophyto,
2559 1361 2851 1420 antequam
2879 1350 3145 1414 initietur,
3175 1361 3448 1419 inystago-

1872 1448 2053 1517 gicum
2083 1455 2264 1499 actum
2296 1442 2400 1498 sibi
2432 1442 2745 1497 vindicante
2772 1459 2786 1495 :
2812 1444 2888 1495 ita
2913 1449 2969 1495 ut
3014 1442 3157 1495 haud
3188 1442 3324 1495 alios
3353 1442 3445 1495 sed

1872 1536 1989 1606 ipse
2027 1550 2087 1590 se
2141 1534 2359 1587 lavacro
2407 1532 2834 1602 regenerationis
2867 1530 3068 1600 expiet.
3128 1530 3337 1584 Etenim
3392 1530 3445 1583 in

1872 1626 2076 1682 sanctis
2121 1625 2252 1694 ipsis
2300 1625 2665 1694 apostolorum
2710 1623 3025 1687 Actibus",
3095 1622 3335 1676 Ananias
3381 1638 3448 1675 ex

1872 1716 2154 1785 discipulis
2184 1730 2346 1773 unus.
2377 1714 2587 1768 caelesti
2619 1714 2739 1769 viso
2768 1714 2959 1782 jussus
2991 1714 3046 1767 in
3078 1713 3445 1781 apostolorum

1872 1818 2074 1863 coetum
2101 1807 2375 1862 ascribere
2404 1816 2810 1875 persecutorem
2850 1806 3000 1860 illum
3045 1821 3332 1873 acremque
3364 1820 3452 1860 re-

184 1898 351 1969 χορὸν
399 1898 510 1950 τῶν
548 1896 872 1962 ἀποστόλωνζ
905 1896 1233 1963 συναγαγεῖν
1262 1894 1365 1966 τὴν
1409 1892 1647 1964 διώκτην
1674 1895 1771 1951 καὶ

1872 1898 2087 1968 ligionis
2121 1900 2352 1959 hostem.
2387 1897 2628 1952 nondum
2666 1895 2894 1950 Paulum
2918 1896 3203 1959 eﬂ'ectum;
3237 1904 3451 1964 postea-

182 1987 361 2040 δεινὸν
391 1986 647 2055 πολέμιον
689 1985 791 2053 τῆς
816 1982 1097 2045 εὐσεϐείας
1131 1983 1223 2036 τὸν
1255 1982 1410 2035 οὔπω
1442 1982 1651 2036 Παῦλον
1675 2000 1769 2051 γε-

184 2079 407 2146 γονότα,
458 2077 620 2147 ἡνίκα
656 2076 751 2129 καὶ
793 2076 854 2128 τὸ
896 2076 1204 2146 σωματικὸν
1240 2075 1428 2136 σκότος
1459 2073 1569 2127 τῶν
1593 2074 1770 2144 ὄψεων

182 2169 254 2238 τῇ
301 2170 407 2237 τῆς
445 2164 629 2236 χειρὸς
667 2165 781 2235 ἀφῇ
834 2166 862 2218 ὁ
914 2164 1273 2235 μυσταγωγὸς
1322 2163 1417 2217 τοῦ
1465 2166 1768 2235 μυουμένου

184 2260 454 2329 περιεῖλε,
480 2261 600 2311 τότε
625 2258 691 2327 δὴ
728 2257 849 2309 τότε
891 2258 920 2309 ό
963 2257 1213 2319 Ἀνανίας
1244 2256 1381 2327 πρὸς
1416 2256 1510 2309 τὸν
1547 2259 1612 2310 εκ
1643 2259 1771 2310 σκό-

180 2368 309 2413 τους
346 2350 429 2413 είς
456 2349 518 2401 τδ
545 2348 659 2416 φῶς
696 2348 789 2399 καὶ
820 2346 912 2400 τὸν
940 2341 1065 2399 νοῦν
1092 2344 1188 2398 καὶ
1212 2345 1311 2408 τάς
1342 2345 1497 2412 δψεις
1533 2346 1770 2416 μεταϐε-

182 2442 487 2511 ϐλημένον,
538 2437 635 2491 καὶ
677 2436 792 2503 νῦν,
843 2437 999 2506 φησὶ,
1061 2434 1127 2489 Τί
1175 2436 1432 2507 μέλλειςς
1485 2436 1768 2502 Ἀναστάς,

182 2528 448 2602 βάπτισαι
468 2528 563 2581 καὶ
584 2527 882 2582 ἀπόλουσαι
899 2526 998 2591 τάς
1022 2527 1297 2597 ἁμαρτίας
1320 2543 1415 2580 σου
1442 2526 1771 2581 έπικαλεσάο

186 2638 353 2690 μενος
379 2621 438 2674 τὸ
464 2618 635 2690 ὄνομα
658 2619 751 2672 τοῦ
774 2616 979 2687 Κυρίου
1002 2634 1019 2651 ο
1053 2618 1119 2670 σὺ
1148 2613 1637 2687 ἐπικαλεσάμενος,
1656 2617 1770 2670 ἀλλ’

181 2717 307 2788 οὐχὶ
333 2717 479 2779 τινὸς
500 2714 685 2783 ἑτέρου
714 2712 979 2783 μυοῦντος
1004 2712 1124 2765 οὐδὲ
1150 2712 1439 2783 ὲπᾴδοντος
1464 2714 1563 2776 τὰς
1589 2711 1769 2766 θεολό-

180 2824 318 2877 γους
349 2807 590 2875 κλήσεις.
628 2805 693 2859 Τί
738 2805 937 2868 λέγεις.
964 2806 993 2858 ό
1033 2803 1337 2875 μυούμενος
1358 2808 1488 2875 πρὶν
1519 2804 1553 2872 ἢ
1586 2806 1771 2873 τυχεῖν

182 2898 291 2969 τῆς
350 2899 605 2967 μυήσεως
666 2894 1087 2966 εμυσταγώγεις
1137 2895 1167 2947 ό
1199 2893 1299 2963 τῆς
1345 2892 1770 2961 παλιγγενεσίας

177 2987 464 3058 δεόμενος,
500 2987 661 3048 αὐτὸς
703 2987 924 3055 ἐνήργει
960 2985 1059 3053 τὴν
1107 2982 1560 3050 παλιγγενεσίανς
1598 2982 1627 3034 ό
1674 2980 1769 3035 τοῦ

181 3080 384 3151 ίερέως
406 3080 559 3149 χερσὶ
588 3079 681 3130 xal.
709 3076 911 3147 χείλεσι
933 3074 1332 3141 τελειούμενος,
1356 3072 1521 3136 αὐτὸς
1541 3073 1604 3127 τδ
1619 3073 1767 3128 ικείο

179 3190 278 3226 νου
323 3172 588 3242 ἁρπάζων
618 3169 833 3237 ἀξίωμα
883 3166 1059 3238 ἑαυτῷ
1084 3168 1181 3237 τὴν
1209 3164 1521 3235 τελειότητα
1558 3166 1768 3238 περιτί-

180 3240 459 3335 θησιςῖτδ
494 3264 603 3332 γάρ
635 3260 727 3313 τοῦ
754 3262 1080 3329 γράμματος
1106 3258 1423 3313 ἐπιπόλαιον
1449 3296 1467 3323 ,
1497 3251 1543 3325 ᾧ
1575 3275 1768 3311 πεποι-
1797 3240 1841 3298 c

181 3356 349 3418 θότες
373 3354 473 3424 τὴν
502 3353 836 3420 Δεσποτικὴν
862 3350 1079 3421 ἐντολὴν
1108 3355 1581 3420 παραγράφονται,
1612 3349 1772 3403 τοῦτο

190 3448 435 3517 λομίζειν
471 3445 665 3507 αὐτοὺς
693 3449 785 3497 καί
809 3444 885 3513 μὴ
909 3441 1264 3511 βουλομένους
1289 3442 1529 3495 ἀπαιτεῖ.
1560 3440 1774 3511 Τρόπος

179 3533 281 3591 οῦν
311 3529 472 3597 οὗτος
503 3534 660 3595 ἄλλος
702 3534 952 3601 μυήσεως
983 3530 1172 3601 μηδενὶ
1213 3529 1325 3584 τῶν
1356 3531 1769 3600 προειρημένων

181 3626 626 3698 συμφεῴμενος.
676 3624 843 3676 Ὅταν
878 3622 984 3675 δὲό
1025 3624 1318 3693 κορυφαῖος
1344 3620 1441 3684 τὰς
1484 3621 1775 3684 καθολικάς

182 3718 552 3789 παραινέσεις
573 3717 798 3786 γράφων
829 3716 941 3776 τοῖς
963 3714 1073 3766 τῶν
1089 3712 1359 3767 Ἰουδαίων
1390 3714 1449 3765 ἑν
1480 3712 1769 3782 διασπορᾷ,

177 3808 267 3880 τῷ
295 3808 487 3879 δρόμῳ
532 3809 630 3877 τῆς
686 3805 929 3875 γλώττης
976 3805 1071 3858 καὶ
1118 3803 1196 3874 τῷ
1228 3804 1382 3873 τάχει
1421 3803 1521 3872 τῆς
1556 3803 1773 3873 γραφῆς

177 3899 381 3970 χερσὶν
412 3897 612 3967 ἀμφοῖν
642 3895 988 3949 καθυπάτευε
1018 3895 1155 3965 (ιο),
1185 3894 1247 3947 τδ
1278 3890 1560 3964 βάπτισμα
1590 3909 1771 3946 συνει-

175 3992 396 4062 δήσεως
412 3988 776 4043 ἀπεθέσπισεν
793 3986 1129 4056 ἀγαθῆς,ούκ
1151 3988 1216 4039 ὲκ
1232 3985 1479 4056 τρίποδος
1494 3983 1773 4056 χρώμενος

179 4079 481 4153 μαντικοῦ,
525 4080 640 4133 ἀλλ’
671 4080 736 4133 εκ
768 4078 1066 4149 θεολήπτου
1095 4077 1280 4147 ψυχῆς
1312 4077 1617 4147 ίερολογῶΨ
1657 4076 1773 4130 ἀλλ’

173 4173 293 4245 ἄρα
322 4172 448 4241 οὐχὶ
475 4172 539 4225 σὺ
565 4171 726 4223 πάλιν
754 4167 1148 4241 ἀρπάσαιςβὴν
1169 4167 1333 4234 λέξιν,
1366 4168 1458 4220 καὶ
1481 4183 1772 4237 μυσταγω-

174 4264 309 4334 γίας
331 4264 525 4332 ἐτέρας
558 4262 844 4331 εἰσήγησιν
864 4260 965 4312 οὐκ
993 4258 1385 4329 ἀνακηρύξαις,
1419 4258 1516 4312 καὶ
1541 4256 1769 4329 λουτρὸν

172 4352 519 4423 ἀγκαινίξειν
552 4354 961 4423 ἁμαρτημάτων
983 4350 1404 4421 καθάρσιον,ούκ
1422 4350 1512 4401 επ*
1543 4350 1768 4419 ὀνόματι

171 4443 279 4497 τοῦ
312 4442 522 4513 Κυρίου
557 4441 731 4512 Ἰησοῦ
771 4441 1121 4509 τελούμενον,
1154 4438 1276 4493 οὐδὲ
1307 4438 1428 4493 κατ’
1456 4439 1616 4493 ἀλλον
1641 4440 1768 4493 τινὰ

170 4533 294 4586 τῶν
326 4533 635 4602 είρημένων
662 4531 820 4599 λόγον
854 4529 1402 4601 μυσταγωγούμενον,
1426 4528 1562 4583 ἀλλά
1594 4546 1772 4585 συνει-
1800 4566 1848 4625 D

168 4625 396 4693 δήσεως
424 4623 633 4693 ἀγαθῆς
661 4624 740 4685 εἰς
764 4621 897 4673 Θεὸν
922 4621 1165 4692 ὑπάρχον
1192 4620 1560 4692 ἐπερώτημα;
1604 4621 1768 4693 Ὁρᾷς

167 4718 332 4778 ὅσοις
384 4714 604 4775 ἀτόποις
637 4712 860 4775 ἑαυτοὺς
900 4712 1221 4776 ἐκδιδόασιν,
1247 4704 1329 4774 οίς
1370 4714 1405 4781 ἡ
1431 4713 1540 4765 τῶν
1567 4711 1769 4779 ὀνομά-

167 4822 290 4857 των
340 4802 702 4862 ἀδασάνιστος
757 4799 1006 4869 προφορά
1048 4798 1152 4868 τῆς
1191 4800 1250 4851 ὲν
1292 4800 1405 4860 τοῖς
1449 4798 1769 4869 πράγμασιν

166 4891 445 4962 ἀληθείας
480 4890 896 4960 προτετίμηται;
946 4890 1106 4943 Ἀλλά
1130 4889 1183 4941 τί
1211 4905 1352 4959 φημι
1375 4892 1471 4943 καὶ
1502 4890 1687 4961 ἕτερόν
1714 4907 1767 4944 τι

174 4984 290 5036 τῶν
325 4983 633 5050 εἰρημένων
661 4981 873 5044 οὐδενὸς
902 4980 1390 5050 ἀνεπαχθέστερον,
1414 4981 1502 5033 ῖνα
1520 4984 1595 5051 μὴ
1623 4981 1766 5051 λέγω

168 5075 407 5128 πάντων
441 5071 772 5141 βαρύτερον;
818 5072 881 5124 Ἦ
920 5071 1013 5125 τοῦ
1044 5073 1350 5143 πνεύματος
1381 5075 1763 5144 μεγαλόφωνος

169 5164 425 5232 σάλπιγξ
477 5163 685 5225 Παῦλος
743 5167 771 5216 ό
813 5164 1104 5234 μετάρσιος
1142 5164 1427 5235 ἄνθρωπος
1478 5164 1621 5233 μέγα
1672 5168 1767 5218 καὶ

174 5256 487 5327 περιφανὲς
504 5256 898 5318 ἀπεσάλπισεν,
928 5256 1004 5319 ὠς
1035 5259 1116 5319 είς
1146 5257 1236 5311 τὸν
1259 5258 1489 5311 θάνατον
1522 5254 1757 5326 Χριστοῦ

170 5351 349 5419 ἡμεῖς
378 5348 802 5419 ἐϐαπτίσθημεν.
822 5350 1082 5413 Ἀκούεις,
1111 5348 1385 5419 ἄνθρωπε,
1417 5349 1552 5401 ἀλλὰ
1578 5353 1759 5420 προεῖ-

287 5508 343 5539 ¹⁶
375 5506 495 5559 Act.
538 5520 614 5570 Ix,
640 5506 707 5560 10
731 5520 846 5576 seq.

1870 2004 2033 2061 quam
2082 2003 2375 2058 corporeas
2418 1989 2674 2044 tenebras
2718 2002 2887 2043 manu
2923 1986 3175 2056 imposita
3208 1985 3452 2039 initiator

1871 2081 2084 2136 initiato
2110 2080 2335 2147 eripuit,
2370 2088 2501 2133 tunc
2525 2079 2745 2132 demum
2799 2077 3040 2132 Ananiae
3092 2075 3322 2137 homini.
3354 2074 3450 2145 qui

1874 2172 2073 2225 mentis
2093 2170 2254 2224 simul
2288 2180 2342 2223 et
2385 2170 2671 2224 oculorum
2715 2169 2895 2224 visum
2948 2177 3228 2238 receperat
3261 2185 3274 2220 :
3307 2166 3449 2233 Quid

1872 2260 2123 2324 moraris,
2150 2259 2261 2313 ait?
2291 2257 2487 2327 Surge,
2513 2258 2814 2328 baptizare,
2834 2268 2891 2312 et
2936 2269 3059 2313 tuas
3089 2259 3275 2326 culpas
3304 2258 3447 2319 elue,

1872 2366 2070 2406 nomen
2102 2349 2317 2405 Domini
2369 2350 2671 2406 invocans:
2700 2360 2756 2405 tu
2786 2388 2803 2414 ,
2834 2352 3088 2420 inquam,
3133 2351 3248 2420 ipse
3301 2350 3455 2404 invo-

1871 2459 2029 2507 cans,
2066 2458 2173 2497 non
2208 2442 2352 2497 alius
2383 2442 2607 2497 initians
2634 2457 2810 2512 neque
2831 2443 3047 2497 divinas
3079 2443 3453 2497 invocationes

1871 2536 2199 2605 praecinctis.
2236 2534 2378 2601 Quid
2418 2534 2541 2589 ais?
2590 2536 2695 2590 tiro
2748 2536 2990 2589 nondum
3028 2536 3295 2598 initiatus.
3336 2535 3449 2605 jam

1873 2634 2055 2680 tamen
2105 2634 2457 2697 mystagogus
2512 2625 2677 2680 erat?
2732 2626 3156 2694 regenerationis
3212 2624 3451 2693 indigus.

1872 2726 2064 2772 auctor
2096 2717 2260 2772 liebat
2291 2714 2760 2785 regenerationis?
2790 2717 2884 2784 qui
2933 2714 3235 2769 sacerdotis
3276 2715 3451 2768 mani-

1873 2808 1977 2863 bus
1998 2806 2266 2876 labiisque
2296 2804 2598 2860 initiandus
2626 2816 2767 2865 erat.
2800 2806 2917 2872 ipse
2948 2804 3113 2873 hujus
3130 2803 3451 2873 dignitatem

1872 2895 2157 2961 invadens,
2210 2896 2678 2950 consecrationem
2710 2894 2930 2948 sibimet
2972 2891 3455 2961 circumponebat?

1872 2987 2007 3043 Nam
2029 2989 2223 3044 littera
2248 2987 2603 3057 superﬁcies,
2636 3002 2745 3056 qua
2775 2985 2898 3040 freti
2934 2983 3273 3039 Dominicum
3314 2997 3454 3051 pra-

1873 3088 2088 3151 ceptum
2133 3080 2417 3149 abrogant,
2451 3078 2533 3133 sic
2557 3092 2652 3132 eos
2701 3087 2961 3139 statuere.
3000 3075 3102 3130 etsi
3133 3084 3329 3144 praeter
3355 3088 3452 3126 vo-

1873 3170 2161 3236 luntatem,
2194 3170 2361 3241 cogit.
2411 3168 2566 3224 Alius
2628 3168 2793 3238 igitur
2849 3166 2939 3220 hic
2999 3176 3084 3220 est
3132 3164 3454 3218 initiationis

1874 3262 2034 3325 ritus,
2062 3262 2304 3331 nullique
2335 3260 2682 3330 superiorum
2710 3257 2930 3312 similis.
2979 3253 3122 3322 Quid
3165 3270 3296 3309 vero
3327 3270 3453 3309 cum

1872 3352 2123 3423 princeps
2140 3352 2509 3421 apostolorum
2528 3348 2809 3419 generales
2824 3349 3234 3404 adhortationes
3248 3348 3455 3416 dispero

1873 3441 1951 3495 sis
1980 3437 2182 3494 έυίίεείες
2215 3439 2482 3502 scribens,
2515 3436 2714 3507 linguae
2745 3452 2913 3491 cursu
2955 3437 3344 3506 scripturaeque
3367 3450 3456 3488 ce—

1872 3529 2085 3584 leritate
2124 3528 2380 3582 manibus
2426 3527 2636 3582 scilicet
2674 3526 2940 3580 ambabus
2984 3526 3327 3595 gubernans,
3362 3524 3457 3578 ba-

1872 3621 2132 3690 ptismum
2167 3619 2518 3674 conscientia:
2561 3618 2719 3673 bona:
2746 3618 3017 3672 nuntiavit
3039 3617 3106 3681 ι’,
3141 3616 3282 3671 haud
3323 3631 3457 3671 sane

1874 3707 2097 3764 fatidico
2128 3709 2386 3763 insistens
2417 3707 2617 3777 tripodi
2644 3747 2661 3773 ,
2696 3709 2788 3762 sed
2820 3707 3003 3762 aﬂlato
3042 3706 3306 3761 divinitus
3334 3707 3455 3759 ani-

1874 3815 1962 3854 mo
1989 3799 2254 3869 loquens?
2282 3813 2463 3852 nonne
2483 3808 2538 3851 tu
2560 3796 2662 3852 hac
2686 3802 2937 3866 protinus
2956 3798 3190 3852 dictione
3211 3799 3454 3867 abrepta,

1873 3888 2300 3945 consecrationis
2335 3888 2558 3943 alterius
2583 3889 2949 3943 inventionem
2985 3887 3326 3958 pradicabis,
3358 3904 3455 3941 no-

1874 3994 2000 4033 vum
2035 3994 2226 4049 nempe
2258 3979 2535 4033 lavacrum
2574 3987 2790 4048 peccata
2828 3980 3077 4048 expiatis,
3110 3995 3283 4048 neque
3314 3980 3364 4032 id
3400 3979 3453 4031 in

1874 4069 2090 4124 Domini
2128 4067 2254 4124 Iesu
2287 4070 2507 4123 nomine
2541 4070 2935 4138 peragendum,
2972 4086 3148 4139 neque
3180 4072 3287 4124 alio
3321 4084 3456 4139 quo-

1874 4160 1958 4216 vis
2001 4161 2383 4230 pmdictorum
2435 4160 2723 4215 modorum
2774 4160 3300 4222 concelebrandum,
3358 4160 3453 4213 sed

1873 4252 2018 4323 quod
2048 4253 2396 4308 conscientiae
2427 4252 2585 4305 bona:
2632 4252 2685 4304 in
2727 4250 2895 4305 Deum
2947 4253 3298 4322 interrogatio
3348 4252 3457 4307 sit?

1874 4341 2009 4397 Hem
2038 4341 2256 4411 quantis
2280 4357 2337 4395 se
2360 4342 2796 4396 alisurditatibus
2832 4342 3113 4412 implicant
3140 4342 3212 4405 hi,
3245 4342 3337 4410 qui
3369 4343 3455 4396 in-

1874 4432 2175 4487 consultam
2198 4430 2483 4483 verborum
2510 4430 3005 4497 pronuntiationem
3029 4432 3241 4484 veritati
3270 4446 3453 4484 rerum

1874 4521 2245 4593 anteponunt!
2301 4520 2411 4575 Cur
2439 4534 2604 4589 porro
2648 4519 2759 4587 jam
2793 4534 3090 4574 memorem
3142 4522 3452 4588 exemplum

1874 4615 2020 4670 aliud
2048 4615 2231 4667 minus
2267 4612 2577 4676 molestum,
2601 4626 2671 4665 ne
2700 4612 2878 4667 dicam
2911 4613 3155 4665 omnium
3197 4612 3455 4677 gravissi-

1874 4707 2060 4761 mum?
2097 4705 2414 4760 Clarissima
2449 4705 2625 4760 sancti
2660 4704 2897 4773 Spiritus
2937 4708 3064 4757 tuba
3098 4702 3332 4767 Paulus,
3366 4703 3453 4756 ille

1874 4797 2119 4853 mortalis
2166 4797 2343 4851 adhuc
2390 4796 2444 4849 in
2474 4797 2673 4851 cmlum
2724 4796 2994 4859 sublatus,
3030 4795 3204 4848 valide
3239 4796 3452 4863 perspi-

1871 4904 2080 4958 cueque
2109 4888 2413 4958 personuit,
2443 4903 2544 4941 nos
2568 4887 2623 4940 in
2646 4887 2851 4943 Christi
2877 4894 3048 4940 morte
3074 4885 3242 4939 fuisse
3273 4886 3453 4953 bapti-

1873 4990 2043 5035 zatos.
2078 4978 2271 5033 Audin‘
2298 4978 2500 5032 homo?
2522 4978 2685 5047 Atqui
2718 4977 2860 5031 idem
2883 4976 3084 5031 Paulus
3111 4987 3268 5029 antea
3302 4977 3452 5029 dite—

1873 5083 1976 5136 rat.
2009 5091 2028 5125 t
2056 5072 2333 5141 Quotquot
2353 5072 2405 5125 in
2422 5070 2643 5125 Christo
2671 5070 2930 5140 baptizati
2960 5086 3151 5137 sumus
3178 5072 3276 5122 ³⁸.»
3306 5067 3450 5138 Ergo

1872 5166 1993 5221 dure
2032 5165 2144 5235 jam
2176 5173 2306 5219 sunt
2332 5162 2579 5218 initiandi
2625 5161 2895 5227 formnlze,
2929 5164 3226 5217 secundum
3257 5177 3447 5215 eorum

1866 5257 2179 5327 opinionem
2210 5255 2304 5325 qui
2344 5255 2463 5309 sine
2489 5252 2694 5322 judicio
2726 5254 2836 5308 ullo
2877 5254 3153 5308 vocabulis
3185 5254 3443 5306 utendum

1866 5365 1989 5405 esse
2019 5349 2389 5418 pronuntiant.

924 5506 969 5538 ⁸⁷
999 5504 1182 5561 lPetr.
1216 5520 1299 5572 tu,
1328 5505 1419 5559 21.
1495 5504 1542 5536 ’⁸
1569 5503 1727 5558 llom.
1766 5520 1840 5567 νι,
1869 5503 1924 5557 5.

1694 5647 1924 5704 NOTAE.

246 5762 369 5847 (ρο)
409 5762 695 5847 Eleganter
727 5764 829 5847 hoc
864 5765 1288 5847 utitur_Ph_otius
1328 5769 1509 5847 ignoto
1547 5770 1748 5824 nostris
1855 5778 1940 5847 _e_s_t
1966 5767 2314 5847 deEcclesip
2362 5787 2622 5847 supremo
2653 5775 3017 5845 gubernatore
3046 5770 3228 5836 Petro,
3276 5769 3435 5841 quasi

169 5834 417 5889 fortasse
449 5833 847 5906 lexicographis
878 5834 1154 5891 consulari
1182 5833 1373 5901 verbo';
1407 5839 1535 5909 quia
1569 5853 1746 5893 sermo
1854 5839 2179 5895 Christiana
2207 5841 2338 5912 reip.
2363 5833 2611 5901 consule.
