4202 6442
775 393 878 464 311

1926 407 2183 468 PllOTlI
2223 410 2724 474 ΡΑΤΗΙΔΒΟΙΙᾹΞ
2756 419 2865 478 CI‘.

3935 431 4045 497 312

777 525 878 612 πεν
925 508 1154 614 fork"
1195 525 1211 558 ι
1262 508 1542 614 Ὅσοι-είς
1598 510 2334 614 ξριστὸνωέὄαπτίσθημεν.
2394 539 2412 571 ο
2458 525 2665 579 Οὐκοῦν
2721 531 2836 598 ἃμα
2880 531 2972 584 δύο
3037 538 3418 607 μυσταγωγίαι
3459 542 3598 595 κατὰ
3644 543 3744 614 τὴν
3783 546 4037 599 ὑπόθεσιν

772 601 881 653 τῶν
913 599 1236 669 άδιακρίτως
1283 601 1584 672 κεχρῆσϋαι
1611 604 2050 671 δογματιζόντων
2085 614 2195 673 τοῖς
2228 613 2478 679 ὀνόμασι.

843 719 896 772 7.
939 716 1078 781 Quid
1130 730 1260 783 ergo
1312 717 1598 771 dicendum
1663 721 1787 773 est?
1833 720 2083 777 Profecto
2145 726 2338 781 harum
2371 738 2416 792 Α

775 808 1178 860 convictionum
1214 823 1368 876 aequa
1401 811 1770 863 consideratio
1811 828 1915 866 non
1970 816 2147 868 solum
2186 833 2345 872 coar-

775 900 890 964 guit
938 911 1128 948 eorum
1179 898 1460 950 hominum
1509 899 1842 953 indeliuitam
1897 905 2194 969 rationem,
2252 911 2344 974 qui

774 989 951 1041 varias
975 998 1165 1055 prater
1189 989 1529 1041 Dominieam
1561 991 1810 1044 initiandi
1836 992 2102 1050 formulas
2128 1013 2156 1050 a
2184 1000 2347 1053 disci-

776 1080 918 1147 pulis
975 1081 1208 1134 traditas
1260 1080 1660 1135 incredibiliter
1712 1083 1961 1151 lingunt;
2012 1089 2104 1140 sed
2155 1091 2343 1142 eadem

773 1186 989 1238 quoque
1057 1169 1273 1223 videtur
1334 1173 1574 1225 inserere
1631 1172 1916 1228 Dominico
1973 1176 2135 1231 eﬂ'ato
2209 1182 2346 1236 alias

773 1277 955 1325 voces,
1001 1276 1140 1329 quas
1190 1259 1606 1314 indifferentiam
1657 1279 1784 1332 erga
1833 1267 1962 1318 illud
2015 1268 2156 1322 haud
2209 1275 2346 1326 satis

773 1353 944 1411 tueri.
1004 1367 1111 1404 non
1166 1352 1404 1405 absurde
1459 1356 1674 1407 causari
1728 1357 1874 1410 licet.
1929 1357 2090 1427 Atqui
2155 1378 2344 1417 revera

774 1444 1050 1511 negotium
1099 1458 1205 1494 non
1256 1443 1328 1494 ita
1373 1459 1432 1496 se
1473 1444 1630 1496 habet
1663 1464 1675 1497 :
1707 1461 1814 1498 non
1867 1449 2013 1500 enim
2049 1466 2208 1504 voces
2242 1454 2345 1507 illa:

771 1534 1066 1601 quidquam
1110 1534 1225 1586 fieri
1259 1543 1523 1597 Statuunt,
1563 1545 1758 1602 przcter
1789 1536 2084 1593 Dominica:
2116 1542 2346 1596 locutio-

773 1626 858 1677 nis
896 1626 1160 1678 terminos
1191 1636 1359 1693 atque
1392 1627 1720 1692 oraculum;
1764 1645 1938 1696 neque
1989 1633 2091 1684 sibi
2143 1650 2346 1702 praero-

774 1717 1008 1786 gativam
1070 1717 1234 1784 hujus
1290 1717 1611 1784 vindicant;
1678 1722 1770 1774 sed
1840 1722 1968 1788 ipsa:
2037 1727 2218 1791 potius
2278 1729 2344 1780 ad

771 1809 1079 1878 prardietam
1111 1808 1256 1860 illam
1301 1810 1729 1871 regenerationis
1766 1810 2062 1866 formulam
2100 1815 2347 1868 referun-

771 1909 880 1962 tur,
906 1909 1068 1967 atque
1086 1899 1334 1951 eamdem
1366 1909 1476 1951 tota
1509 1915 1736 1954 suorum
1763 1904 2024 1957 varietate
2052 1907 2344 1961 verborum

769 1991 1082 2058 signiﬁcant
1110 2005 1174 2043 ac
1200 1989 1509 2056 designant.
1535 1990 1676 2056 Quid
1715 1994 1881 2060 igitur
1905 1997 2194 2050 dicendum
2223 2000 2344 2053 est?

766 2080 919 2151 quid,
977 2079 1222 2148 inquam,
1270 2081 1413 2133 aliud
1459 2092 1656 2149 praeter
1710 2083 1763 2135 id
1803 2085 1946 2152 quod
1983 2085 2095 2152 jam
2129 2087 2340 2143 dictum
2373 2067 2414 2120 Β

768 2170 893 2223 est?
957 2170 1216 2222 nimirum
1280 2172 1517 2239 generali
1583 2173 1808 2225 notione
1862 2174 2151 2230 dicendum
2216 2189 2338 2242 est,

769 2262 952 2315 omnia
1008 2278 1130 2330 qua:
1189 2265 1658 2329 regenerationem
1717 2265 2025 2333 signiﬁcant
2081 2269 2337 2332 nomina,

769 2357 884 2409 vice
910 2354 1060 2421 fungi
1103 2353 1404 2406 facularum
1449 2355 1809 2422 quarumdam
1858 2358 2178 2422 lucentium,
2223 2377 2341 2429 qua:

770 2451 823 2500 in
851 2447 1092 2500 divinum
1127 2446 1279 2498 illum
1321 2455 1375 2499 et
1411 2447 1734 2512 originalem
1772 2457 1826 2500 et
1871 2448 2234 2504 immortalem
2276 2467 2340 2506 ac

770 2553 1064 2607 perennem
1114 2537 1292 2604 ignem
1346 2536 1732 2591 refunduntur.
1786 2538 1972 2606 Neque
2023 2557 2152 2594 sane
2211 2543 2341 2610 ipsa:

769 2629 911 2697 ignis
953 2628 1041 2680 ille
1077 2627 1426 2696 purgatorius
1463 2637 1611 2692 sunt,
1667 2645 1841 2697 neque
1876 2645 1971 2698 per
2003 2631 2147 2700 ipsas
2192 2648 2342 2702 rege—

772 2722 980 2775 neratio
1004 2719 1062 2772 fit
1088 2737 1102 2772 :
1127 2735 1248 2771 nam
1277 2733 1420 2772 unus
1444 2728 1526 2772 est
1546 2720 1637 2788 qui
1663 2720 2080 2775 inenarrabilem
2111 2723 2338 2791 gratiam

769 2820 931 2880 atque
967 2811 1310 2877 adoptionem
1344 2809 1560 2863 confert
1589 2811 1752 2880 ignis,
1794 2811 1899 2864 illa:
1933 2821 2114 2864 autem
2151 2811 2340 2866 facula:

770 2904 914 2954 hunc
966 2902 1282 2964 ostendunt,
1317 2902 1438 2954 aliae
1475 2902 1695 2969 quidem
1743 2903 1966 2966 clarius,
2019 2904 2139 2957 aliae
2179 2906 2340 2971 paulo

767 2997 1055 3050 obscurius
1130 2996 1200 3048 ita
1234 3004 1412 3048 tamen
1465 3005 1523 3049 ut
1560 3013 1720 3049 unam
1752 2999 2109 3068 eamdemque
2158 2998 2340 3052 initia-

770 3090 964 3140 tionem
1019 3088 1243 3157 mystice
1302 3099 1467 3154 atque
1530 3104 1728 3141 arcane
1786 3089 1941 3142 nobis
2009 3089 2337 3158 significent.

768 3178 1018 3233 Profecto
1064 3180 1444 3233 considerandi
1497 3179 1780 3242 studiosis,
1823 3190 1986 3247 atque
2031 3181 2096 3235 iis
2124 3182 2219 3250 qui
2271 3183 2338 3234 ad

767 3269 1207 3339 cognoscendum
1279 3270 1562 3322 nominum
1627 3271 2028 3338 verborumque
2112 3287 2337 3326 sensum

2517 735 2579 799 ζ’.
2609 738 2673 787 Τί
2698 733 2790 790 οὖν
2809 739 2889 791 δεῖ
2914 739 3091 807 λέγειν
3109 762 3122 808 ;
3141 744 3204 796 Ἥ
3229 746 3335 813 γὰρ
3353 747 3459 800 τῶν
3490 750 3725 821 ἐλέγχων
3741 753 4035 817 ἀδέκαστος

2453 827 2794 891 συνεξέτασις
2822 872 2835 894 ,
2871 831 2970 883 οὐκ
3017 835 3261 896 ἐκείνους
3294 838 3489 905 μόνους
3521 842 3766 910 ἐλέγχειν
3799 845 3924 910 ἔσχε
3977 848 4036 895 τὸ

2449 916 2882 985 άπαράγραπτον
2905 961 2918 982 ,
2943 923 2992 974 οἳ
3014 923 3306 994 διαφόρους
3341 934 3730 998 μυσταγωγίσς
3757 951 3831 984 πα
3843 936 3912 1000 pi
3939 937 4032 1001 τὴν

2448 1008 2769 1082 δεσποτικὴν
2786 1018 3200 1085 τερατολογοῦσι
3217 1021 3342 1082 τοὺς
3365 1023 3612 1092 μαθητάς
3639 1027 4030 1093 ἐπιδείξασθαι,

2447 1101 2582 1154 ἀλλά
2604 1121 2666 1169 γε
2696 1106 2843 1158 δοκεῖ
2873 1112 3213 1181 παρενείρειν
3241 1115 3375 1175 ὅλως
3401 1118 3500 1185 τῆς
3523 1120 3864 1186 Δεσποτικῆς
3891 1123 4002 1189 ίερο

2447 1193 2630 1260 λογίας
2657 1202 3015 1270 προκειμένης
3055 1204 3244 1271 ἐτέρας
3285 1208 3485 1273 φωνάς,
3513 1209 3567 1260 αἶ
3588 1209 3661 1278 μὴ
3690 1216 3830 1262 κατὰ
3858 1216 4026 1264 πάντα

2449 1286 2582 1354 πρὸς
2614 1288 2782 1357 αὐτὴν
2816 1290 2874 1340 τὸ
2903 1292 3317 1360 ἀπαράλλακτον
3351 1297 3706 1359 διασῴζουσιν
3739 1308 3764 1334 ﬂ
3791 1302 4004 1366 ἀποφαὶ

2447 1393 2557 1427 νειν
2593 1378 2690 1428 οὐκ
2728 1379 2990 1435 ἀναίτιον.
3025 1383 3097 1434 Τὸ
3135 1383 3188 1434 δέ
3211 1423 3224 1445 ,
3262 1385 3413 1436 οὐδὲν
3443 1388 3685 1440 τοιοῦτόν
3732 1392 3883 1441 ἐστιν
3920 1408 3933 1420 ο
3966 1395 4022 1443 οὐ

2447 1467 2556 1536 γὰρ
2627 1471 3101 1538 ἀντινομοθετοῦσι
3164 1476 3424 1541 πράττειν
3477 1479 3628 1546 παρὰ
3675 1480 3768 1532 τὸν
3815 1484 4028 1551 ἐκείνης

2445 1559 2568 1627 ὅρον
2600 1559 2692 1612 καὶ
2747 1561 2807 1613 τὸ
2848 1561 3145 1632 Θέσπισμα,
3179 1566 3287 1617 οὐδ’
3331 1569 3410 1630 είς
3458 1570 3658 1630 ἑαυτὰς
3698 1574 4025 1638 περιΐστῶσι

2445 1647 2506 1697 τὸ
2535 1647 2737 1717 ταύτης
2769 1651 3080 1720 προνόμιον,
3109 1655 3187 1715 εἰς
3218 1655 3385 1725 αὐτὴν
3413 1657 3469 1708 δέ
3501 1659 3668 1724 μόνην
3692 1662 4025 1728 ἀναφέρουσι

2446 1737 2538 1788 τὸν
2568 1737 2664 1805 τῆς
2693 1738 3109 1806 παλιγγενεσίας
3145 1741 3322 1810 λόγον,
3359 1747 3451 1797 καὶ
3482 1748 3687 1816 ταύτην
3715 1752 3772 1800 ἐν
3808 1755 3878 1818 τῇ
3915 1772 4029 1805 ποι·

2448 1827 2594 1896 κιλῖα
2632 1828 2739 1879 τῶν
2781 1830 3062 1898 ὀνομάτων
3085 1832 3502 1903 διασημαίνουσί
3528 1857 3584 1890 τε
3615 1846 3708 1892 καὶ
3745 1843 4027 1909 ἀπαγγέλ-

2447 1915 2618 1969 λουσι.
2662 1917 2724 1969 Τί
2756 1917 2846 1970 οῦν
2872 1920 2953 1971 δεῖ
2981 1921 3195 1988 λέγειν;
3223 1925 3273 1974 τί
3307 1926 3360 1975 δὲ
3393 1926 3519 1977 ἄλλο
3558 1931 3685 1998 παρ’
3710 1931 3737 1981 ὃ
3771 1933 3987 2001 εἴρηται
4015 1955 4027 1997 ;

2451 2009 2544 2059 καὶ
2570 2009 3086 2079 παραδειγματικῶς
3133 2015 3305 2066 εἰπεῖν
3338 2017 3419 2068 ὅτι
3458 2021 3634 2071 πάντα
3659 2022 3756 2074 ὅσα
3789 2024 3894 2090 τὴν
3926 2041 4028 2075 πα-

2443 2097 2779 2164 λιγγενεσίαν
2798 2101 3268 2170 ἐπισημαίνονται,
3296 2100 3407 2157 οἷον
3429 2107 3720 2174 λαμπάδες
3753 2115 3865 2166 εἰσί
3893 2133 4030 2178 τινες

2442 2191 2844 2258 φωταυγοῦσαι,
2901 2195 2994 2244 καὶ
3022 2196 3156 2262 πρὸς
3200 2197 3261 2248 τὸ
3288 2199 3430 2251 θεῖον
3453 2203 3548 2253 καὶ
3587 2208 3828 2269 πηγαῖον
3857 2208 4031 2259 ἐκεῖνο

2442 2282 2535 2334 καὶ
2563 2284 2836 2350 ἀκήρατον
2863 2284 2954 2336 καὶ
2988 2285 3213 2338 άένναον
3259 2289 3642 2359 άναχεόμεναι.
3679 2295 3753 2344 Οὐ
3798 2296 3908 2364 μὴν
3941 2299 4031 2348 αὐ-

2441 2371 2529 2421 ταί
2586 2387 2648 2437 γε
2703 2372 2808 2422 εἰσὶ
2858 2373 2920 2423 τὸ
2962 2372 3256 2443 καθάρσιον
3314 2375 3446 2444 πῦρ,
3472 2380 3593 2431 οὐδέ
3637 2383 3778 2434 κατά
3828 2385 4030 2447 ταύτας

2440 2460 2896 2530 τελεσιουργεῖται
2942 2464 2975 2532 ὴ
3028 2465 3416 2536 ἀναγέννησις’
3464 2470 3578 2522 ἀλλ’
3623 2473 3681 2523 ἒν
3747 2474 3850 2543 μέν
3885 2477 4032 2530 ἐστιν

2442 2554 2615 2604 ἐκεῖνο
2644 2554 2704 2606 τὸ
2739 2555 2836 2624 τὴν
2863 2556 3003 2625 ὑπὲρ
3037 2557 3193 2625 λόγον
3243 2561 3402 2631 χάριν
3428 2564 3521 2615 καὶ
3554 2564 3832 2619 υίοθεσέαν
3877 2586 4034 2637 χαρι-

2443 2641 2688 2710 ζόμενον,
2724 2644 2904 2696 ἐκεῖνα
2949 2645 3005 2697 δέ
3027 2643 3185 2698 τοῦτο
3218 2645 3590 2718 παραδηλοῦσι
3627 2668 3641 2682 ·
3682 2655 3747 2704 τὰ
3803 2655 3906 2722 μὲν
3935 2673 4036 2708 σα-

2441 2732 2721 2800 φέστερον,
2778 2734 2845 2785 τὰ
2890 2734 2945 2786 δὲ
2990 2737 3520 2808 αίνιγματικὼτερον
3563 2742 3655 2793 καὶ
3702 2743 3801 2810 τὴν
3862 2745 4034 2814 αὐτὴν

2442 2819 2569 2883 ἡμῖν
2595 2818 2687 2868 καὶ
2712 2818 2839 2886 μίαν
2859 2822 3243 2889 μυσταγωγίαν
3273 2826 3547 2891 μυστικῶς
3574 2843 3633 2878 τε
3656 2830 3747 2879 καὶ
3766 2845 4034 2882 συνεπτυ-

2439 2909 2654 2975 γμένως
2672 2911 2843 2979 ὑποση
2853 2913 3150 2979 μαίνονται.
3173 2915 3280 2965 Καὶ
3301 2914 3408 2984 γὰρ
3428 2920 3538 2978 τοῖς
3564 2920 3660 2986 μὲν
3675 2918 4036 2986 φιλοθεάμοσι

2441 3000 2536 3052 καὶ
2553 3001 2676 3052 νοῦν
2691 3001 2973 3070 ὀνομάτων
2999 3004 3092 3055 καὶ
3127 3004 3389 3074 ῥημάτων
3406 3012 3684 3061 κατανοεῖν
3701 3011 3864 3079 χάριν
3886 3013 4037 3079 παρὰ

2440 3090 2534 3143 τοῦ
2579 3093 2890 3160 πνεύματος
2931 3094 3232 3162 εἰληφόσιν,
3279 3097 3511 3150 ’ἑκαστον
3560 3100 3669 3150 τῶν
3715 3101 3820 3152 ἀνὰ.
3867 3103 4034 3170 μέρος

2441 3181 2743 3248 εἰρημένων
2771 3182 2832 3233 τὸ
2859 3185 2937 3244 είς
2976 3184 3190 3254 Πατέρα
3213 3186 3305 3237 καὶ
3335 3186 3463 3239 Υίὸν
3496 3191 3586 3240 καὶ
3620 3189 3848 3257 Πνεῦμα
3879 3193 4036 3256 ᾰγιον

2441 3271 2844 3337 ἀπαγγέλλουσι
2887 3272 3189 3340 βάπτισμα.
3240 3276 3366 3337 Τοῖς
3408 3277 3464 3329 δὲ
3508 3281 3668 3346 μέχρι
3714 3280 3816 3348 τῆς
3861 3282 4037 3348 πύλης

769 3363 941 3429 gratia
977 3361 1202 3430 spiritus
1237 3361 1589 3428 adjuvantur,
1640 3372 1834 3414 cuncta
1871 3377 1992 3428 qua:
2026 3377 2192 3430 supra
2227 3363 2374 3439 εἰη-1

2444 3361 2549 3413 τῶν
2575 3361 2750 3414 ἀκοῶν
2781 3362 2872 3413 τὸν
2897 3359 3027 3431 ἦχον
3053 3365 3515 3434 παραδεχομένοις
3542 3369 3634 3420 τοῦ
3667 3372 3943 3438 ῥήματος,
3975 3374 4036 3424 re

769 3453 995 3522 gitlatim
1028 3453 1168 3506 dicta
1202 3450 1373 3514 fuere,
1407 3452 1737 3518 baptismum
1770 3452 1820 3504 iu
1855 3452 2017 3504 Patre
2056 3461 2109 3504 et
2153 3451 2263 3506 filio
2292 3463 2347 3508 et

773 3545 976 3614 Spiritu
1009 3550 1201 3597 sancto
1231 3542 1546 3612 przedicant.
1586 3540 1786 3594 Verum
1841 3542 1872 3594 ii
1907 3541 2002 3610 qui
2035 3541 2087 3594 in
2133 3542 2346 3595 aurium

2452 3455 2496 3504 δ’
2530 3453 2674 3504 ἔνδον
2702 3454 2881 3521 κωφὸν
2907 3456 3254 3524 προῖεμένοις
3281 3460 3582 3526 κριτήριον,
3612 3465 3830 3532 μυρίοις
3861 3465 3930 3517 ἂν
3951 3467 4038 3532 εἴη

2455 3560 2521 3595 πε
2532 3545 2798 3611 ριπταίειν
2834 3547 2946 3606 τοῖς
2983 3548 3446 3614 παραπτώμασιν.

772 3635 1147 3691 tantummodo
1203 3635 1390 3687 limine
1447 3634 1700 3686 vocabuli
1760 3649 1958 3687 sonum
2021 3635 2336 3703 excipiunt,
2406 3649 2551 3688 czeco
2617 3648 2798 3692 autem
2859 3637 3122 3692 interiore
3161 3639 3366 3708 judicio
3412 3652 3678 3708 utuntur,
3725 3645 4040 3703 innumeris

769 3725 1114 3783 circumferri
1139 3724 1419 3780 erroribus
1460 3725 1656 3778 solent.

839 3841 893 3895 8.
929 3837 1115 3908 Neque
1165 3839 1218 3892 in
1266 3839 1370 3892 hoc
1419 3838 1619 3900 solum,
1661 3839 1804 3906 quod
1852 3852 1996 3892 nunc
2036 3853 2339 3900 versamus,

770 3937 1047 4006 proposito
1080 3935 1234 3987 multi
1268 3950 1324 3988 re
1373 3933 1577 3987 omissa
1617 3933 1776 3988 nudis
1814 3933 2041 3988 vocibus
2089 3935 2337 3988 haerent:

770 4042 954 4082 verum
985 4025 1147 4080 etiam
1197 4025 1333 4078 alias
1376 4023 1677 4091 saepissime
1706 4040 1720 4076 :
1749 4038 1858 4092 quo
1894 4023 1950 4076 fit
1980 4032 2040 4077 ut
2089 4023 2340 4077 haeretica

768 4118 1085 4172 rxoriautur
1140 4113 1368 4176 zizania,
1420 4128 1539 4182 qua:
1593 4113 1803 4166 nullum
1859 4113 2046 4174 utilem
2095 4112 2337 4166 fructum

771 4211 1028 4272 allerunt,
1060 4209 1168 4261 imo
1195 4223 1320 4260 vero
1341 4206 1579 4258 exitialia
1618 4220 1821 4258 venena
1851 4212 2135 4275 generant.
2169 4206 2342 4256 Aliter

769 4317 827 4355 se
867 4300 1005 4370 gerit
1039 4299 1231 4367 pietas,
1273 4311 1395 4364 qua:
1444 4309 1578 4348 sane
1617 4295 1821 4362 ubique
1870 4295 2120 4363 spiritum
2153 4294 2338 4362 potius

769 4408 930 4460 quam
988 4391 1223 4442 litteram
1276 4395 1645 4450 consectatur,
1695 4393 1747 4437 et
1797 4385 2075 4448 religionis
2107 4385 2338 4438 fructum

773 4481 1018 4550 percipit,
1058 4480 1285 4546 ejusque
1334 4477 1594 4530 alimonia
1646 4475 1863 4539 fruitur,
1903 4476 2022 4529 sine
2069 4475 2176 4528 ulla
2227 4491 2342 4529 ser-

775 4571 980 4642 pemini
1028 4571 1254 4624 seminis
1284 4568 1565 4630 insitione,
1601 4567 1711 4620 imo
1737 4566 1991 4621 draconis
2033 4567 2231 4620 veteris
2275 4583 2342 4621 ne

773 4659 999 4729 vestigio
1044 4659 1262 4726 quidem
1312 4670 1543 4724 usquam
1597 4655 1781 4708 obvio.
1837 4655 1974 4708 Nam
2021 4670 2118 4708 cur
2159 4656 2341 4710 dicere

774 4753 972 4815 liceat,
1038 4749 1315 4818 baptizare
1370 4747 1423 4800 in
1478 4746 1738 4810 Christo,
1791 4746 1951 4799 aliam
2005 4761 2126 4800 esse
2170 4746 2339 4818 legem

771 4845 1065 4914 baptismi?
1120 4844 1246 4896 item
1309 4856 1409 4895 cur
1466 4841 1572 4894 alia
1633 4840 1716 4893 lex
1780 4841 1894 4902 sit,
1953 4839 2232 4907 baptizare
2284 4840 2337 4892 in

767 4936 967 4989 (Lhristi
1002 4931 1374 4988 morte?Nam
1405 4930 1452 4985 si
1477 4941 1709 5000 utraque
1740 4931 1944 4985 locutio
1977 4931 2062 4984 lex
2088 4930 2335 4985 initiandi

767 5038 870 5091 est,
912 5023 1154 5094 profecto
1202 5023 1348 5094 leges
1387 5022 1620 5076 invicem
1655 5030 1974 5090 repugnant.
2005 5021 2174 5075 Porro
2218 5023 2340 5091 qui-

2512 3829 2583 3900 η’.
2637 3831 2749 3884 Οὐκ
2787 3831 2880 3885 ἐπὶ
2924 3835 3092 3904 μόνης
3138 3836 3194 3889 δὲ
3238 3838 3333 3906 τῆς
3390 3839 3672 3909 παρούσης
3716 3841 4040 3907 ὑποθέσεως

2441 3920 2621 3990 ψιλαῖς
2647 3925 2766 3983 ταῖς
2796 3922 2974 3987 λέξεσι
3017 3925 3206 3978 πολλοὶ
3237 3928 3345 3979 τῶν
3376 3930 3715 3998 πραγμάτων
3753 3934 4040 3987 ἀποστάν-

2439 4030 2530 4075 τες
2560 4015 2963 4084 περικάθηνται
3001 4033 3012 4045 ·
3056 4016 3191 4070 ἀλλὰ
3224 4020 3316 4070 καὶ
3346 4021 3437 4071 ἐπὶ
3477 4021 3688 4089 μυρίων
3718 4024 3922 4088 ἄλλων,
3964 4029 4038 4080 δι’

2442 4097 2517 4158 ὧν
2543 4106 2610 4157 τὰ
2638 4107 2884 4174 αἱρετικὰ
2902 4108 3000 4178 τῆς
3030 4107 3355 4177 Ἐκκλησίας
3390 4111 3749 4180 παραφυέντα
3782 4113 4036 4178 ζιζάνια.

2443 4197 2652 4266 καρπὸν
2682 4198 2780 4266 μὲν
2812 4198 3002 4250 οὐδένα
3028 4199 3294 4268 τρόφιμον
3339 4205 3612 4272 γεωργεῖ,
3641 4204 4035 4278 δηλητηριώδη

2439 4287 2494 4338 δὲ
2522 4286 2808 4355 βλαστάνει
2848 4287 3132 4356 φάρμακα.
3172 4288 3312 4340 Ἀλλ’
3345 4290 3442 4359 οὐχ
3474 4290 3646 4354 οὕτως
3689 4294 3722 4362 ἡ
3749 4296 4036 4361 εὐσέϐεια,

2447 4377 2723 4446 πανταχοῦ
2747 4377 2804 4429 δὲ
2832 4377 3031 4447 μᾶλλον
3057 4377 3154 4429 τοῦ
3179 4380 3489 4449 πνεύματος
3518 4381 3550 4450 ἢ
3577 4381 3669 4434 τοῦ
3696 4385 4039 4454 γράμματος

2443 4468 2722 4536 γινομένη,
2756 4468 2851 4520 καὶ
2882 4466 2973 4519 τὸν
3007 4469 3219 4538 καρπὸν
3249 4471 3346 4540 τῆς
3371 4469 3650 4534 εὐσεϐείας
3679 4476 3862 4544 τρυγᾷ
3890 4517 3905 4537 ,
3946 4480 4042 4531 καὶ

2450 4555 2654 4624 τροφῆς
2687 4554 3240 4625 ἀπολαύει,οὐδεμιᾶς
3265 4559 3699 4629 ἐπιμιγνυμένης
3729 4564 3871 4633 αὐτῇ
3904 4566 4042 4634 δρα-

2446 4648 2689 4709 κοντείας
2716 4648 3045 4717 ἐπισπορὰ,
3068 4648 3182 4702 ἀλλ’
3201 4649 3322 4701 οὐδέ
3345 4651 3486 4718 ἴχνος
3515 4653 3664 4705 οὐδὲν
3689 4654 4040 4720 ὐποφαινούυ

2445 4754 2545 4807 σης
2573 4738 2668 4790 τοῦ
2702 4738 2929 4791 παλαιοῦ
2962 4740 3157 4806 ὄφεως.
3200 4741 3353 4792 Ἐπεὶ
3386 4742 3501 4804 πῶς
3533 4742 3599 4795 ἂν
3629 4745 3714 4811 εἵη
3745 4745 3934 4812 λέγειν
3961 4749 4037 4810 ὡς

2442 4829 2504 4880 τὸ
2522 4830 2598 4891 εἰς
2625 4829 2858 4898 Χριστὸν
2883 4828 3188 4898 βαπτίζειν,
3211 4831 3398 4899 ἔτερος
3420 4831 3581 4899 νόμος
3607 4831 4001 4902 βαπτίσματος
4025 4853 4040 4899 ;

2443 4919 2560 4980 πῶς
2591 4917 2634 4969 δ’
2675 4918 2829 4980 ἄλλος
2853 4918 2914 4969 τὸ
2943 4920 3022 4980 εἰς
3055 4919 3144 4969 τὸν
3179 4917 3272 4970 τοῦ
3312 4917 3548 4988 Χριστοῦ
3591 4918 3880 4986 βαπτίζειν
3936 4923 4041 4974 θά-

2442 5027 2631 5076 νατον;
2677 5010 2739 5062 El
2781 5010 2889 5081 γὰρ
2934 5011 3034 5078 τῆς
3072 5009 3460 5080 μυσταγωγίας
3499 5009 3659 5078 νόμος
3704 5007 3772 5080 ἦν
3817 5014 4038 5066 τούτων

773 5121 876 5172 bus
914 5115 1254 5185 argumentis
1287 5114 1608 5167 alterutram
1648 5113 1955 5167 convellere
1995 5113 2344 5167 maehinabe—

2446 5105 2725 5173 ἑκάτερον,
2750 5101 2998 5170 ἀλλήλοις
3023 5102 3477 5171 άντενομοοέτουν
3506 5102 3570 5154 ἄν
3594 5117 3608 5131 ⁶
3635 5103 3730 5154 καὶ
3748 5103 3820 5155 δι’
3845 5098 3928 5156 ὧν
3954 5122 4042 5167 τις

767 5209 863 5268 ris,
920 5205 1118 5259 iisdem
1172 5203 1437 5272 reliquam
1489 5202 1651 5256 simul
1707 5211 1939 5257 evertes.
1991 5199 2254 5257 Similiter
2299 5204 2345 5257 si

773 5301 855 5352 lue
907 5298 1226 5353 locutiones
1271 5296 1380 5349 vim
1417 5295 1539 5347 latae
1578 5294 1711 5364 legis
1767 5294 2047 5360 haberent,
2098 5295 2185 5347 illa
2236 5295 2340 5361 iam

776 5390 1061 5444 Dominico
1113 5404 1207 5443 ore
1259 5387 1610 5456 pronuntiata
1665 5385 1912 5438 initiandi
1959 5383 2188 5439 formula
2230 5402 2336 5440 non

775 5483 1050 5538 immerito
1089 5479 1362 5534 videretur
1400 5477 1608 5531 inutilis
1657 5491 1719 5529 ac
1770 5490 2171 5544 supervacanea
2206 5493 2219 5532 :
2257 5477 2334 5529 vel

2449 5195 2777 5265 ἀνατρέπειν
2806 5194 3080 5264 ἐπεχείρει
3111 5195 3355 5263 θάτερον,
3385 5194 3445 5246 τὸ
3481 5193 3666 5246 λοιπὸν
3701 5196 4042 5265 συνανέτρεο

2450 5306 2572 5341 πεν.
2622 5289 2894 5349 Ὡσαύτως
2921 5288 2976 5339 δὲ
3010 5287 3102 5339 καὶ
3135 5288 3183 5339 ει
3216 5286 3395 5356 νόμων
3441 5288 3699 5356 εἰσφορᾶς
3729 5289 4042 5356 προνόμιον

2445 5375 2588 5449 εἶχον
2629 5379 2696 5430 τὰ
2733 5377 2978 5439 τοιαῦτα,
3016 5378 3116 5430 οὐκ
3150 5376 3358 5443 ἀλόγως
3404 5377 3470 5429 ἂν
3515 5377 3608 5428 καὶ
3654 5377 3688 5446 ἡ
3733 5377 4044 5446 δεσποτικὴ

2454 5471 2806 5540 μυσταγωγία
2856 5470 2936 5531 εἰς
2968 5470 3028 5521 τὸ
3079 5472 3331 5540 περιττόν
3361 5487 3414 5524 τι
3448 5471 3543 5523 καὶ
3588 5469 3865 5540 ἄχρηστον
3901 5487 4037 5538 παρ

2058 5646 2292 5700 VARle
2338 5645 2722 5703 LECTIONES

899 5794 926 5824 ιι
963 5783 1103 5839 Num
1136 5781 1480 5840 scribendum
1510 5779 1574 5841 ἃς
1609 5807 1673 5817 -ο
1707 5775 2024 5840 ὃιασώζεινΐ
