4202 6442
170 404 285 471 313

1126 410 1228 468 ΑΙ)
1259 406 1854 470 AMPHILOCHIUM
1881 412 2226 482 QUIESTIO
2272 418 2495 479 XLIII.

3333 429 3441 495 3M

172 519 363 571 εδύετο
386 532 401 546 ⁸
451 514 678 587 κάκείνη
726 515 892 570 πάλιν
938 516 1146 571 τούτων
1186 517 1443 573 ἁπάντων
1495 520 1762 588 εἰσηγεῖτο

1869 522 2049 589 potius
2104 525 2219 599 hanc
2270 527 2385 595 ipsa
2437 528 2818 597 pradictarum
2880 532 3125 588 omnium
3181 550 3283 606 pro
3335 556 3435 596 sua

176 609 321 678 μετά
340 609 722 679 λαμπροτέρας
747 608 848 679 τῆς
871 607 1059 677 ίσχύος
1088 608 1293 663 καὶτοῦ
1320 609 1636 680 ἀξιώματος
1658 611 1756 679 τὴν

171 702 473 771 ἀναίρεσιν.
500 700 709 754 Οὐκοῦν
734 700 832 753 καὶ
853 700 963 753 ἀπὸ
997 700 1101 770 τῆς
1134 701 1342 773 ἄλληλα
1363 702 1474 756 τῶν
1499 701 1760 765 πολλάκις

174 794 482 862 εἰρημένων
526 795 785 863 ῥημάτων
811 793 1318 849 ἀποσκευάσασθαι.
1347 793 1513 846 Ἀλλά
1535 793 1590 845 τί
1627 810 1759 846 ποτε

174 883 292 958 ἧνὸ
313 890 484 956 λέγει,
515 890 548 959 ἦ
591 892 672 943 ὅτι
712 889 801 942 διὰ
847 888 1006 941 τοῦτο
1049 890 1125 959 μὴ
1158 888 1571 960 προηγούμενον
1598 888 1760 958 ἔργον

174 980 383 1049 ἐθέμην
426 981 488 1033 τὸ
523 981 838 1051 ﬁdit-statua;
871 1002 892 1036 ι
942 982 1061 1035 ’1να
1089 982 1167 1050 μὴ
1191 981 1271 1050 τῷ
1299 980 1497 1050 πλήθει
1524 980 1633 1034 τῶν
1663 981 1760 1050 βα-

176 1072 523 1141 πτιζομένων
549 1073 708 1140 δόξαν
729 1074 955 1144 ἐμαυτῷ
974 1076 1305 1145 περιάπτειν
1330 1076 1442 1138 τοῖς
1469 1073 1763 1151 βασκάνοις

176 1166 397 1231 λέγειν,
444 1168 542 1218 καὶ
583 1166 654 1217 τὰ
711 1166 976 1219 κάλλιστα
1021 1166 1101 1237 τῷ
1160 1166 1342 1236 φθόνῳ
1389 1164 1605 1235 βάλλειν
1647 1166 1763 1234 βίον

176 1256 545 1325 ποιουμένοις,
583 1254 859 1324 πρόφασιν
883 1257 978 1309 ἐπὶ
1019 1256 1240 1326 διαϐολῇ
1269 1255 1516 1326 παρέξω,
1540 1256 1635 1308 καὶ
1663 1256 1763 1326 τὴν

178 1345 458 1414 σωτηρίαν
494 1344 603 1398 τῶν
634 1345 1097 1416 ἀναγεννωμένων
1129 1344 1483 1416 καπηλεύειν,
1518 1346 1763 1407 ἐπαίνοις

178 1436 335 1499 ἰδίοις
368 1437 433 1489 τὸ
457 1436 628 1507 δῶρον
657 1436 753 1490 τοῦ
785 1436 1100 1507 Πνεύματος
1135 1436 1454 1507 ἐνυϐρίζων.
1494 1454 1513 1487 ι
1548 1437 1657 1489 Καὶ
1693 1436 1763 1489 δι’

174 1531 355 1584 ἄλλων
408 1530 464 1583 δέ
523 1530 732 1601 μυρίων
784 1530 903 1583 ἐστι
958 1529 1211 1594 συνιδεῖν,
1268 1531 1345 1592 ὡς
1397 1532 1432 1601 ἡ
1487 1528 1615 1595 δόξα
1667 1530 1761 1583 καὶ

173 1624 201 1673 ὁ
228 1620 455 1682 ἐπαινος
481 1620 577 1673 καὶ
609 1621 643 1689 ἡ
674 1618 811 1691 τιμὴ
838 1619 1165 1689 σημαίνεται
1196 1620 1277 1692 τῷ
1298 1620 1547 1690 ὀνόματι.

1861 612 2224 670 luculentiore
2248 617 2297 670 vi
2319 632 2385 673 ac
2412 617 2675 689 dignitate
2704 620 3112 692 ahrogationem
3138 626 3437 685 iuveheret.

1860 700 2041 767 Quare
2070 702 2324 758 formula
2356 706 2467 772 jam
2512 722 2657 777 saepe
2702 725 3014 767 memorata
3055 715 3287 772 invicem
3335 734 3437 773 ex-

1861 804 2184 861 pungerent.
2234 795 2376 861 Quid
2436 810 2618 853 autem
2675 799 2825 855 Pauli
2875 804 3008 858 illud
3069 807 3325 861 dictum?
3378 827 3437 864 se

1865 884 2123 938 nimirum
2160 888 2301 941 haud
2332 890 2659 960 praecipuam
2703 892 2919 948 dedisse
2950 912 3172 963 operam
3226 906 3285 953 ut
3335 901 3437 954 ba-

1861 974 2087 1043 ptizaret
2146 992 2201 1043 πει
2234 976 2332 1040 Ne,
2381 979 2593 1048 inquit,
2629 985 2977 1040 multitudine
3032 988 3430 1057 haptizatorum

1858 1067 2087 1136 gloriam
2122 1069 2375 1125 mihimet
2406 1088 2494 1127 me
2525 1090 2770 1143 querere
2794 1078 3038 1131 dicerent
3064 1078 3231 1134 invidi
3262 1102 3275 1134 :
3304 1099 3441 1146 neve

1862 1160 1929 1213 iis
1989 1160 2359 1217 calumniandi
2428 1182 2619 1220 ansam
2677 1169 3019 1237 praberem,
3078 1172 3171 1240 qui
3228 1176 3437 1242 optima

1860 1265 2091 1319 quaque
2143 1252 2312 1306 livore
2361 1269 2466 1309 suo
2536 1257 2793 1311 inscctari
2859 1260 3079 1328 solent;
3142 1272 3309 1333 atque
3367 1267 3438 1319 ita

1861 1342 2096 1396 Salutem
2138 1354 2455 1399 renatorum
2492 1347 2647 1403 lucro
2690 1350 2989 1415 haberem,
3015 1353 3145 1406 dum
3182 1356 3439 1413 laudibus

1864 1434 2102 1501 propriis
2167 1436 2432 1491 adversus
2492 1437 2730 1509 Spiritus
2785 1442 2992 1496 donum
3052 1445 3289 1513 iujnrius
3348 1449 3444 1501 lle-

1861 1538 1976 1576 rem
1989 1524 2057 1579 ".
2084 1543 2105 1577 ι
2134 1525 2357 1581 Domum
2379 1544 2445 1582 ex
2478 1530 2781 1586 innumeris
2804 1532 2927 1587 aliis
2951 1533 3088 1589 locis
3108 1551 3441 1606 cognoscere

1861 1630 2155 1684 possumus
2204 1619 2432 1685 gloriam
2471 1631 2527 1675 et
2550 1622 2765 1678 laudem
2797 1635 2855 1679 et
2881 1625 3147 1681 honorem
3177 1615 3441 1683 vocabulo

1866 1723 2053 1762 nomn
2086 1711 2411 1779 signiﬁcari.

244 1797 316 1851 θ’.
341 1799 453 1852 Καὶ
469 1798 533 1868 δὴ
548 1799 633 1852 διὰ
652 1799 856 1853 τούτων
872 1802 908 1871 η
930 1800 1155 1871 τοιαύτη
1181 1801 1503 1873 θεωρία,καὶ
1524 1799 1612 1853 ἐπ’
1634 1799 1762 1853 αὐτὰ

1942 1797 1996 1852 9.
2038 1797 2180 1865 Quin
2234 1804 2371 1857 adeo
2415 1804 2666 1859 doctrina
2719 1806 3033 1877 bujusmodi
3084 1825 3178 1881 per
3226 1810 3442 1882 singula

174 1888 245 1941 τὰ
266 1890 584 1942 καθεκαστα
604 1889 715 1941 τῶν
731 1891 1009 1959 ὀνομάτων
1023 1891 1389 1946 διαϐαίνει.⁶Δ
1409 1890 1574 1963 esse».
1588 1890 1767 1960 διαιρο-

178 1981 382 2049 ρισμὸν
409 1980 504 2033 καὶ
539 1981 639 2052 τὴν
665 1981 952 2053 διαστολὴν
982 1985 1218 2036 ποιεῖται
1262 1982 1374 2035 τῶν
1408 1982 1715 2053 προσώπων
1746 1998 1761 2013 ο

175 2072 271 2122 καὶ
303 2068 403 2123 νῦν
448 2073 547 2141 μὲν
583 2072 814 2141 μίμησιν
841 2088 965 2126 τινα
1008 2077 1103 2128 καὶ
1145 2075 1407 2143 ὁμοίωσιν
1436 2073 1531 2128 τοῦ
1560 2074 1767 2143 κατάρ-

174 2158 369 2223 ξαντος
429 2161 722 2232 προσώπου
795 2163 1047 2232 πράξεώς
1102 2182 1248 2227 τινος
1307 2164 1763 2235 μεγαλοπρεποῦς

173 2251 516 2319 ἀπαγγέλλει
546 2268 561 2282 °
606 2252 703 2306 νῦν
742 2253 801 2306 δέ
850 2254 1099 2325 φυλακην
1144 2256 1239 2309 καὶ
1279 2255 1610 2326 συντήρησιν
1658 2254 1764 2308 τῶν

172 2344 659 2415 παραγγελμάτων
700 2346 1027 2415 ὑπογράφει.
1059 2347 1242 2419 Ταύτῃ
1273 2348 1385 2417 γὰρ
1430 2351 1525 2401 καὶ
1553 2351 1633 2412 εἰς
1672 2348 1765 2401 τὸν

174 2432 390 2501 Μωσῆν
421 2435 471 2486 oi
526 2433 857 2504 Ἰσραηλῖται
905 2435 1272 2505 βαπτίσασθαι
1311 2438 1422 2507 (Η)
1470 2437 1717 2505 λέγονται
1746 2456 1761 2469 ·

171 2516 291 2575 οἷον
337 2525 548 2577 ἐκεῖνον
598 2523 928 2594 μιμούμενοι
973 2525 1071 2596 τὴν
1115 2527 1288 2596 ὑγρὰν
1317 2527 1482 2596 φύσιν
1523 2528 1761 2591 πεζοπο-

174 2614 411 2683 ροῦντες
441 2616 603 2669 ποσὶν
641 2616 898 2687 ἀϐρόχοις
926 2617 1183 2690 διέϐησαν
1207 2635 1221 2648 ·
1255 2621 1349 2673 καὶ
1377 2620 1480 2691 τῆς
1509 2622 1763 2691 πράξεως

174 2706 431 2777 ἡγεμόνα
461 2708 843 2777 ποιησάμενοι.
888 2710 980 2762 καὶ
1004 2708 1143 2778 πρὸς
1170 2712 1335 2764 αὐτὸν
1358 2713 1492 2782 δρᾷν
1512 2712 1641 2781 ὅλην
1665 2714 1763 2784 τὴν

172 2797 377 2850 ἐλπίδα
417 2797 741 2867 ἀναθέμενοι
766 2837 781 2861 ,
809 2799 917 2852 τῶν
961 2801 1273 2867 Αίγυπτὲων
1314 2803 1413 2870 τῆς
1473 2802 1765 2871 ἐπιϐουλῆς

173 2890 451 2960 ὤφθησαν
487 2892 768 2962 κρείττους
801 2908 814 2923 ·
869 2893 962 2945 καὶ
1002 2887 1085 2956 οἷς
1127 2895 1281 2947 αὐτοὶ
1344 2894 1581 2966 ῥείθροις
1641 2897 1761 2949 οὐδὲ

171 2986 309 3045 τοὺς
338 2984 508 3046 πόδας
549 2984 869 3050 ἐνοτίζοντο,
900 2985 1109 3049 τούτοις
1138 2984 1500 3055 ὑποϐρυχίους
1539 2988 1761 3056 γινομέ-

173 3092 306 3137 νους
343 3075 473 3139 τοὺς
518 3075 751 3139 διώκτας
794 3076 1019 3129 ἔϐλεπον
1056 3094 1071 3108 ·
1113 3079 1208 3130 καὶ
1236 3077 1455 3140 διπλαῖς
1494 3077 1760 3147 εὐφροσύ-

172 3183 304 3228 ναις
330 3166 662 3237 ἐνετρύφων,
692 3168 792 3237 τῆς
822 3185 880 3220 τε
913 3169 1023 3220 τῶν
1053 3168 1265 3239 ἐχθρῶν
1287 3170 1590 3241 παραδόξου
1626 3187 1763 3223 παν-

173 3258 498 3328 ωλεθρίας,
555 3260 648 3314 καὶ
708 3261 808 3330 τῆς
865 3261 999 3323 ίδίας
1051 3262 1192 3330 ὑπὲρ
1250 3262 1408 3332 λόγον
1468 3263 1761 3333 σωτηρίας.

171 3348 456 3421 τοιαύτης
484 3349 632 3411 τινὸς
656 3350 975 3415 ἀκολουθίας
1014 3352 1227 3419 ἔχεται,
1258 3352 1353 3405 καὶ
1389 3350 1534 3422 ἅπερ
1559 3352 1657 3422 τῆς
1683 3355 1765 3405 οί-

172 3441 464 3510 κουμένης
513 3442 543 3494 ὁ
570 3440 901 3504 Διδάσκαλος
952 3443 1117 3511 φησιν
1142 3457 1157 3472 ·
1208 3442 1395 3495 «Ὅσοι
1421 3445 1501 3506 είς
1532 3443 1764 3512 Χριστὸν

170 3531 621 3599 ἐϐαπτίσθημεν,
649 3534 728 3594 είς
758 3532 847 3584 τὸν
871 3532 1099 3586 θάνατον
1126 3532 1291 3585 αὐτοῦ
1325 3534 1761 3604 ἐϐαπτίσθημενςθ

172 3624 273 3676 διὰ
311 3624 415 3692 μὲν
445 3624 556 3693 γὰρ
594 3624 689 3677 τοῦ
736 3643 753 3675 ι
790 3624 881 3685 Εἰς
918 3625 1151 3694 Χριστὸν
1180 3625 1609 3695 ἐϐαπτίσθημεν,
1648 3645 1666 3675 ι
1706 3625 1766 3677 τὸ

171 3715 325 3769 κατὰ
351 3717 455 3785 τὴν
480 3716 690 3769 ἐκείνου
727 3717 1111 3786 μυσταγωγίαν
1148 3716 1241 3770 καὶ
1265 3716 1364 3787 τὴν
1402 3717 1766 3788 παραδεδομέ-

172 3825 287 3879 νην
312 3808 541 3876 τελετὴν
586 3807 918 3877 ἀπαγγέλλει
956 3809 1055 3861 καὶ
1096 3809 1245 3878 ἡμᾶς
1271 3808 1369 3877 τὴν
1410 3810 1764 3881 ἀναγέννησιν

167 3901 480 3953 ἐπιτελεῖν·
506 3900 594 3954 διὰ
620 3901 678 3954 δέ
701 3900 796 3953 τοῦ
819 3920 839 3952 ι
864 3904 942 3964 είς
962 3903 1051 3955 τὸν
1068 3902 1299 3955 θάνατον
1317 3902 1536 3965 αύτοῦ,‹
1558 3903 1656 3971 οὐχ
1682 3902 1764 3954 ὅτι

168 3992 238 4045 τὸ
261 3992 496 4063 λουτρὸν
529 3993 627 4062 τῆς
648 3992 1069 4062 παλιγγενεσίας
1094 3997 1161 4064 τῇ
1193 3992 1287 4046 τοῦ
1313 3992 1645 4046 Δεσποτικοῦ
1672 3993 1767 4046 θα-

165 4080 346 4135 νάτου
382 4081 671 4150 ἐπικλήσει
708 4081 1189 4153 τελεσιωργοῦμεν
1216 4095 1231 4111 ⁸
1272 4083 1346 4153 μὴ
1378 4084 1588 4150 γένοιτο
1617 4098 1630 4113 ·
1656 4083 1763 4136 Εὐ-

173 4176 364 4244 νομίῳ
388 4175 497 4245 γὰρ
528 4176 589 4227 τὸ
610 4176 849 4246 ἀνομοίῳ
878 4176 939 4227 τδ
957 4175 1196 4228 τοιοῦτον
1224 4175 1497 4245 ἐτολμήθη
1536 4176 1766 4245 παρανό-

170 4283 347 4335 μημα
380 4265 517 4335 (δί)
558 4282 570 4296 ·
613 4266 727 4318 ἀλλ’
764 4267 845 4319 ὅτι
884 4268 934 4319 οί
979 4266 1365 4337 βαπτιζόμενοι
1394 4269 1475 4328 είς
1504 4267 1567 4318 τὸ
1596 4267 1764 4335 ὄνομα

1871 1889 2094 1944 nomina
2129 1890 2232 1946 hoc
2265 1906 2428 1961 pacto
2475 1896 2781 1977 deducitur.
2847 1898 3058 1952 Etenim
3094 1901 3315 1956 nomina
3346 1918 3443 1973 ap-

1868 1980 2042 2049 prime
2068 1982 2286 2051 quidem
2315 1998 2673 2050 personarum
2694 1988 2989 2042 discrimen
3007 1989 3447 2047 disunctionem-

1866 2082 1976 2137 que
2001 2067 2241 2123 echiunt
2268 2086 2285 2123 :
2314 2083 2365 2125 et
2396 2073 2558 2126 modo
2584 2074 2803 2142 quidem
2850 2077 3208 2132 imitationem
3248 2096 3444 2149 quam-

1867 2157 1992 2210 dam
2029 2159 2553 2231 similitudinemque
2586 2164 2851 2218 denotant
2897 2181 3145 2235 persona
3184 2169 3442 2238 alicujus.

1865 2264 1989 2319 qua:
2022 2248 2235 2306 (acinus
2268 2251 2477 2307 illustre
2502 2254 2847 2324 aggreditur;
2884 2257 3046 2310 modo
3073 2268 3255 2313 autem
3287 2275 3443 2314 mau-

1866 2341 2119 2394 datorum
2143 2357 2332 2395 curam
2366 2352 2532 2411 atque
2552 2345 2961 2400 observantiam
2990 2348 3321 2416 significant.
3353 2350 3446 2407 Sic

1865 2433 2011 2486 enim
2060 2441 2116 2486 et
2149 2431 2408 2488 lerat-litae
2464 2435 2517 2488 in
2569 2433 2720 2490 BIose
2768 2436 3031 2505 haptizatl
3076 2439 3329 2494 dicuntur
3348 2441 3442 2494 ὀε

1866 2524 2064 2593 quippe
2108 2526 2202 2593 qui
2259 2524 2425 2593 hujus
2476 2527 2731 2595 exemplo
2783 2528 3068 2581 humidum
3116 2531 3443 2585 elementum

1864 2614 2025 2669 siccis
2054 2616 2283 2683 pedibus
2330 2626 2681 2685 permearunt
2712 2634 2727 2670 :
2759 2633 2924 2686 quem
2959 2619 3089 2672 dum
3140 2628 3447 2689 sequuntur

1864 2705 2091 2771 ducem,
2144 2707 2385 2777 dumque
2444 2708 2499 2761 in
2546 2708 2666 2777 ejus
2720 2718 2970 2779 respectu
3024 2726 3175 2781 spem
3224 2728 3443 2768 omnem

1865 2798 2153 2859 collocant,
2198 2798 2577 2870 Egyptinrmn
2612 2800 2823 2869 laqueis
2851 2815 3148 2857 eVaseruat
3181 2821 3195 2857 :
3230 2815 3284 2859 et
3318 2806 3447 2874 qui-

1867 2889 1967 2942 bus
2012 2889 2112 2958 ipsi
2156 2889 2410 2947 nuctil-us
2460 2907 2527 2946 ne
2561 2893 2757 2962 pedum
2798 2894 3019 2962 quidem
3051 2905 3211 2949 tenus
3256 2896 3449 2950 hume-

1864 2982 1995 3035 ctati
2061 2992 2226 3049 sunt,
2308 2982 2499 3036 iisdem
2576 2984 2805 3038 obrutos
2863 2994 3242 3052 persecutores
3313 2999 3447 3041 suos

1868 3074 2121 3127 viderunt
2153 3091 2167 3126 :
2201 3074 2515 3143 duplicique
2559 3076 2760 3143 gaudio
2795 3076 2925 3128 elati
2962 3087 3113 3142 sunt,
3150 3091 3346 3147 nempe
3388 3086 3445 3131 et

1789 3135 1838 3199 θ
1870 3165 2108 3219 hostium
2140 3166 2417 3234 insperato
2465 3168 2674 3231 exitio,
2700 3177 2756 3222 et
2782 3181 2896 3221 sua:
2928 3167 3125 3222 salutis
3155 3168 3441 3223 miraculo.

1867 3255 1925 3310 lu
1971 3255 2111 3309 banc
2146 3254 2315 3308 ferme
2361 3256 2689 3309 sententiam
2747 3257 3073 3327 conspirant
3114 3258 3281 3312 etiam
3321 3274 3445 3327 qua:

1864 3347 2052 3401 nmndi
2093 3347 2283 3401 doctor
2308 3348 2385 3401 ait
2416 3366 2429 3401 :
2463 3366 2482 3400 ι
2508 3347 2793 3419 Quotquot
2826 3350 2881 3403 in
2915 3349 3138 3405 Christo
3188 3352 3443 3421 haptlzati

1866 3438 2092 3501 fuimus.
2122 3438 2175 3491 in
2204 3438 2323 3506 ejus
2344 3450 2517 3493 morte
2546 3454 2743 3493 sumus
2762 3441 3075 3509 baptizati.»
3101 3439 3234 3494 Nam
3260 3441 3444 3498 verbis

1871 3547 1891 3581 ι
1924 3530 1977 3583 in
2040 3529 2261 3584 Christo
2318 3530 2579 3599 haptizati
2650 3546 2872 3597 sumus,
2911 3549 2931 3583 ι
2995 3531 3185 3601 utique
3243 3532 3444 3598 docet,

1860 3622 2015 3691 juxta
2062 3620 2207 3674 illius
2244 3620 2411 3675 ritum
2464 3620 2898 3691 mandatamque
2942 3620 3196 3676 lnitiandi
3230 3620 3414 3675 formo

1867 3713 1996 3778 lam,
2039 3728 2069 3766 a
2116 3713 2277 3767 nobis
2318 3710 2440 3767 ﬁeri
2478 3712 2988 3781 regenerationem;
3019 3713 3203 3768 verbis
3253 3723 3439 3767 autem

1872 3824 1891 3858 ι
1924 3805 1978 3859 in
2024 3805 2144 3874 ejus
2198 3814 2394 3870 morte,
2426 3823 2446 3857 ι
2512 3804 2659 3859 haud
2712 3819 2843 3859 sane
2896 3805 2977 3859 ait
3031 3818 3134 3859 nos
3183 3804 3439 3859 lationem

1867 3894 2293 3966 regenerationis
2335 3908 2459 3949 cum
2498 3893 2796 3947 Dominicte
2849 3892 3044 3947 mortis
3097 3891 3447 3945 invocatione

1866 4001 2155 4059 peragere;
2184 3986 2327 4055 quod
2359 3985 2537 4050 absit;
2563 4000 2800 4054 namque
2826 3998 3115 4038 anommus
3139 3982 3439 4037 Eunomius

1868 4082 1972 4134 hoc
2018 4080 2225 4133 crimen
2266 4092 2431 4132 ausus
2466 4076 2569 4131 fuit
2600 4095 2612 4129 :
2642 4080 2737 4131 sed
2769 4078 2849 4131 ait
2889 4077 3192 4146 baptizatos
3244 4076 3298 4129 in
3340 4090 3444 4131 no-

1871 4171 2016 4226 mine
2044 4169 2225 4224 Patris
2254 4177 2308 4224 et
2330 4167 2454 4223 Filii
2484 4178 2539 4225 et
2565 4169 2807 4238 Spiritus
2838 4171 3037 4231 sant-ti,
3078 4167 3234 4239 quasi
3266 4170 3445 4222 sacris

1868 4264 2129 4335 symbolis
2160 4266 2488 4333 arcanisque
2530 4263 2807 4333 mysteriis
2843 4261 3185 4315 Dominicum
3227 4260 3444 4314 obitum

173 4359 280 4410 τοῦ
310 4359 548 4429 Πατρὺς,
574 4359 783 4412 καὶτοῦ
815 4358 967 4425 Υίοῦ,
986 4359 1081 4412 καὶ
1110 4359 1203 4413 τοῦ
1230 4359 1386 4427 ἁγίου
1411 4358 1723 4428 Πνεύματος
1744 4398 1760 4421 ,

1872 4358 2109 4424 imitari;
2154 4369 2317 4425 atque
2366 4354 2545 4408 oculis
2590 4352 2867 4422 subjicere
2911 4361 2964 4405 et
2991 4352 3295 4405 deformare
3318 4362 3449 4419 qua.»

170 4453 260 4514 ὡς
289 4454 351 4504 ἐν
382 4452 547 4521 ίεροίς
574 4451 867 4520 συμϐόλοις
894 4454 987 4505 καὶ
1022 4450 1447 4523 κρυφιομύστοις
1480 4450 1764 4518 αἰνίγμασι

158 4549 271 4598 τὸν
299 4544 402 4597 τοῦ
438 4544 689 4614 Σωτῆρος
720 4543 1086 4614 ἐκμιμοῦνται
1124 4543 1375 4607 θάνατον,
1404 4544 1497 4596 καὶ
1518 4544 1763 4613 ὑπογρά-

163 4654 345 4705 φουσι
377 4636 474 4689 καὶ
501 4635 852 4688 διατυποῦσιν
880 4634 1023 4705 ἅπερ
1060 4634 1201 4689 ἐκὼν
1233 4637 1439 4698 ἐκεῖνος
1466 4636 1725 4704 ὑπέμεινε
1746 4649 1761 4664 ⁸

161 4738 279 4806 τὴν
308 4734 415 4801 μὲν
435 4732 736 4799 τριήμερον
766 4730 824 4782 ἐν
848 4727 925 4798 τῷ
957 4727 1058 4799 ᾅδῃ
1088 4725 1370 4798 διατριϐὴν
1408 4724 1762 4791 ἐξεικονίζον-

156 4846 268 4888 τες
296 4828 366 4893 τῇ
398 4822 600 4893 τριπλῇ
630 4819 923 4875 καταδύσει
948 4835 962 4848 ’
990 4822 1058 4890 τῇ
1094 4818 1153 4871 δέ
1180 4818 1272 4891 [σῃ
1300 4817 1462 4871 πάλιν
1486 4816 1763 4881 ἀναδύσει,

153 4904 273 4990 τὴν
305 4919 611 4989 τριήμερον
635 4914 952 4978 ἀνάστασιν,
978 4911 1044 4965 δι’
1064 4913 1131 4982 ἠν
1153 4912 1246 4964 καὶ
1269 4913 1302 4981 η
1324 4912 1764 4974 ἀποκατάστασις

155 5010 311 5079 ἡμῖν
350 5004 448 5057 τοῦ
486 5002 886 5064 παλαιωθέντος
946 4998 1116 5070 Ἀδὰμ
1155 5000 1249 5053 καὶ
1299 5000 1329 5053 δ
1372 4999 1766 5069 ἀνακαινισμδς

157 5094 695 5163 συνεξεικονίζεται.
741 5092 895 5145 Ἐπεὶ
926 5091 1019 5144 καὶ
1045 5090 1177 5144 αὐτὸ
1198 5090 1261 5145 τὸ
1290 5092 1369 5154 είς
1390 5090 1625 5160 Χριστὸν
1661 5090 1759 5160 βα-

155 5187 499 5253 πτίζεσθαι,
540 5186 637 5238 καὶ
662 5185 722 5237 τὸ
754 5186 834 5244 είς
858 5183 950 5237 τὸν
986 5182 1213 5236 θάνατον
1236 5182 1401 5237 αὐτοῦ
1424 5222 1439 5246 ,
1480 5183 1575 5235 καὶ
1601 5185 1679 5244 είς
1706 5182 1765 5235 ἓν

265 5372 365 5427 ’Ἰ
398 5371 527 5426 Cor.
568 5383 604 5433 ι,
643 5368 729 5421 Η.
806 5364 891 5420 ³⁸1
918 5366 1046 5422 Cor.
1086 5382 1142 5429 ε.
1178 5366 1235 5419 2.

1870 4448 1957 4502 ille
2001 4458 2191 4517 sponte
2224 4458 2516 4515 perpessus
2559 4452 2647 4497 est
2678 4442 2928 4497 :scilicet
2962 4441 3266 4495 triduanam
3295 4438 3443 4507 apud

1867 4535 2073 4592 inferos
2134 4549 2343 4589 moram
2395 4531 2597 4602 triplici
2660 4531 2933 4584 mersione
2985 4536 3376 4597 repraesentare
3418 4542 3437 4577 :

1866 4638 2166 4693 rursusque
2224 4620 2449 4676 totidem
2518 4618 2924 4673 emersionibus
2983 4614 3449 4670 resurrectionem

1864 4716 2021 4772 tertia
2060 4715 2146 4769 die
2186 4724 2498 4782 peractam;
2539 4711 2697 4779 cujus
2736 4708 3005 4763 beneﬁcio
3048 4704 3447 4774 redintegratio

1862 4807 2018 4863 nobis
2062 4804 2262 4860 veteris
2302 4801 2501 4856 Adami
2536 4800 2929 4868 renovatioque
2985 4796 3295 4853 coniicitur.
3351 4794 3439 4849 Si-

1861 4900 2078 4966 quidem
2134 4907 2189 4953 et
2229 4897 2530 4951 locutiones
2580 4894 2634 4947 in
2678 4891 2900 4947 Christo
2948 4889 3231 4959 baptizari,
3283 4896 3336 4941 et
3382 4892 3443 4939 in

1863 5003 2039 5048 morte
2067 4990 2207 5061 ejus,
2241 4998 2294 5042 et
2326 4988 2379 5040 in
2417 5001 2527 5039 uno
2555 4998 2808 5053 carpere,
2838 4992 2894 5037 et
2934 4982 2988 5035 in
3032 4981 3249 5034 nomine
3275 4978 3443 5032 Chri-

1866 5082 1960 5145 sti,
2008 5092 2062 5136 et
2116 5080 2235 5133 alite
2283 5075 2617 5145 hnjusmodi,
2670 5073 2815 5142 quod
2865 5072 3080 5142 quidem
3129 5070 3319 5123 attinet
3368 5068 3445 5121 ad

1871 5173 2152 5231 nominum
2180 5170 2581 5236 verborumque
2634 5163 2883 5236 ﬁguram,
2918 5163 3063 5217 haud
3108 5172 3438 5229 maguopcre

1704 5449 1932 5508 ΝΟΤᾸΞ.

242 5573 381 5659 (ιη
418 5570 473 5624 In
506 5569 741 5659 concilio
767 5566 1003 5659 generali
1050 5565 1241 5659 quinto
1268 5564 1356 5619 ed.
1394 5564 1566 5659 calet.
1601 5573 1640 5616 t.
1670 5562 1760 5659 IIX,

158 5666 224 5719 p.
249 5633 404 5703 “209,
431 5640 655 5719 quidam
683 5633 1028 5719 reprehendit
1047 5633 1395 5717 .Thepdorum
1428 5633 1765 5719 Mops‘it‘es‘tef

162 5702 320 5773 Imm
350 5702 479 5781 quia
541 5702 869 5781 locutionem
914 5704 1202 5781 ίρςιριίεανί⁸
1230 5706 1285 5781 in
1314 5702 1531 5781 nomine
1563 5702 1763 5758 Christi

166 5773 617 5843 comparaverat
642 5794 765 5831 cum
792 5778 914 5838 hac,
942 5776 1202 5842 baptizari
1228 5776 1281 5828 in
1314 5773 1477 5827 Ηοερ.

255 5800 316 5838 ΙῙΙ
401 5798 617 5832 raverat
642 5798 765 5831 CUI"
792 5798 914 5838 nnc,
942 5798 1200 5842 uapttzan
1228 5798 1281 5828 "l
1314 5798 1477 5827 ηυδε.

255 5798 393 5923 (lg;
428 5849 680 5904 Veterum
732 5855 1017 5901 auctorum
1067 5844 1400 5908 testimonia,
1448 5842 1539 5912 qui
1599 5842 1763 5911 hujus

1870 5559 2116 5615 criminis
2170 5554 2959 5627 Eugnomiumpostulaverunt.
2990 5550 3215 5627 profert
3266 5546 3439 5627 Ursus

1869 5631 2078 5684 cardiu.
2128 5630 2181 5680 in
2238 5625 2466 5687 Dissert,
2492 5619 2561 5675 de
2591 5623 2862 5689 baptismo
2895 5626 2946 5673 in
2982 5619 3183 5689 Christi
3218 5619 3440 5689 nomine

1868 5710 2007 5778 ρετι-
2038 5714 2098 5761 ιιο
2131 5713 2182 5778 P-
2224 5698 2308 5778 ϐε
2348 5710 2530 5778 “qua
2555 5688 2819 5778 Lfséivr.
2844 5688 3438 5778 Pii?"'_.'!:"‘:S_'it'§..‘3'

1872 5755 2250 5824 dissertatione
2277 5766 2401 5817 item
2427 5755 2496 5813 'd'e
2518 5755 2786 5828 baptismo
2809 5761 2859 5812 in
2882 5763 2982 5813 Ch.
3017 5772 3165 5811 nom.
3186 5755 3438 5810 Theseu.

1868 5837 2089 5906 tlteolog.
2126 5846 2256 5889 tom.
2285 5832 2352 5896 Χ,
2381 5841 2518 5900 part.
2551 5846 2587 5895 ι,
2622 5844 2675 5898 p.
2707 5830 2828 5884 104.
