4202 6442
737 335 844 398 316

1893 327 2156 386 ΡΗΟΤΙΙ
2197 325 2697 386 ΡΑΤΙΠΛΒΕΗᾸΞ
2719 328 2826 388 CP.

3888 328 3994 392 316

745 454 1052 509 discrepare
1091 440 1231 491 inter
1263 451 1321 491 se
1354 437 1654 502 videntur;
1686 447 2061 492 verumtamen
2090 448 2309 490 senten-
2337 448 2376 497 Α

2337 448 2376 497 Α
2410 437 2588 504 σῶμα,
2615 440 2712 490 καὶ
2743 440 2822 499 εἰς
2852 437 2913 489 τὸ
2946 437 3114 507 ὄνομα
3135 437 3228 490 τοῦ
3249 438 3510 506 Χριστοῦ,
3541 440 3634 491 καὶ
3653 439 3722 492 τά
3740 438 3991 495 τοιαῦτα.

746 536 831 588 tize
889 533 961 594 vi,
1028 537 1082 582 et
1143 529 1313 596 ipsius
1371 528 1448 579 rei
1515 527 1828 582 delinitione
1882 544 1948 582 ac
2009 528 2309 591 notatione,

746 624 941 677 mirum
979 630 1240 686 quantum
1270 618 1408 671 inter
1438 633 1496 672 se
1527 617 1806 673 diﬂeruttt.

2415 529 2493 598 τῷ
2540 530 2637 598 μὲν
2669 530 2910 599 σχήματι
2943 529 3050 582 τῶν
3101 531 3380 597 ὀνομάτων
3421 530 3514 583 καὶ
3550 532 3814 599 ρημάτων
3841 531 3997 584 οὐδὲν

2417 619 2786 672 ἐπιδείκνυται
2810 621 2953 689 μέγα
2983 621 3430 690 παραλλάττοντα
3448 638 3463 653 ο
3487 623 3543 673 ἐν
3569 621 3706 690 δὲτῇ
3741 621 3998 689 σημασίᾳ

749 714 833 764 τοῦ
894 711 1184 779 νοήματος,
1228 709 1317 759 καὶ
1367 709 1641 779 διακρίσει
1685 711 1776 762 καὶ
1819 710 2130 779 ἀπαγγελίᾳ
2156 710 2252 762 τοῦ
2288 711 2635 781 πράγματος,
2682 714 2946 784 μεγίστην
2969 715 3102 784 ὅσην
3130 714 3228 783 τὴν
3279 713 3544 781 διαφορὰν
3574 711 3994 781 ἐμφανίζουσινο

817 802 902 856 10.
941 800 1093 864 Quod
1129 811 1305 851 autem
1335 799 1441 852 alio
1469 801 1629 853 etiam
1682 817 1845 855 sensu
1897 818 2093 855 nomen
2140 803 2309 872 signi-

747 895 867 947 ticet
916 892 1314 960 praedicationis
1364 894 1513 955 vim,
1570 891 1723 947 Pauli
1775 894 2016 947 initiator
2068 896 2309 948 Ananias

748 984 1031 1038 manifeste
1062 984 1268 1046 docuit,
1291 1000 1412 1038 cum
1441 1000 1501 1036 ea
1531 999 1588 1038 se
1622 1000 1907 1052 passurunt
1944 987 2158 1039 timeret
2191 1000 2310 1054 qua

749 1095 854 1133 non
909 1087 1109 1132 temere
1155 1092 1221 1130 ex
1275 1077 1439 1130 Saulo
1500 1079 1858 1145 exspectanda
1904 1088 2075 1132 erant.
2129 1078 2314 1131 Divino

747 1171 888 1222 enim
926 1178 1142 1238 recepto
1187 1170 1407 1223 oraculo
1459 1179 1519 1223 ut
1566 1182 1964 1238 persecutorem
2013 1170 2188 1225 sacris
2212 1171 2313 1222 im-

750 1261 935 1314 bueret
967 1279 980 1313 :
1023 1277 1041 1310 ι
1083 1260 1299 1322 Audivi,
1328 1260 1525 1328 inquit,
1562 1261 1805 1325 Domine,
1836 1276 1865 1313 a
1896 1260 2082 1314 multis
2104 1260 2171 1314 de
2195 1260 2314 1313 viro

751 1353 871 1415 hoc,
907 1360 1108 1419 quanta
1150 1351 1196 1404 is
1227 1352 1363 1403 mala
1403 1353 1605 1406 sanctis
1652 1354 1758 1406 tuis
1804 1353 2044 1406 intulerit
2091 1353 2145 1405 in
2181 1353 2315 1405 urbe

753 1441 1145 1512 Hierosolymis
1185 1442 1251 1496 ”.
1276 1461 1313 1492 ο»
1348 1440 1483 1494 Tum
1513 1443 1718 1495 addidit
1750 1460 1764 1500 :
1800 1460 1818 1492 ι
1856 1440 1921 1495 Ει
1953 1443 2170 1511 quidem
2204 1443 2311 1495 huc

749 1534 910 1584 etiam
944 1540 1159 1600 accepta
1207 1547 1235 1584 a
1283 1533 1657 1586 sacerdotibus
1701 1540 1967 1602 potestate
2000 1534 2147 1587 venit
2194 1534 2314 1586 vin-

751 1620 926 1674 cieudi
957 1637 1146 1674 omnes
1178 1621 1268 1690 qui
1303 1621 1406 1674 hoc
1456 1638 1652 1675 nomen
1706 1623 1954 1675 invocant
1983 1623 2047 1675 ³¹.
2081 1641 2098 1672 ι
2151 1620 2314 1689 Λιιιυί

752 1713 990 1765 tldelium
1023 1712 1227 1766 nemini
1258 1714 1531 1779 negotium
1566 1713 1910 1783 studiumque
1951 1725 2089 1779 erat,
2122 1724 2180 1767 ut
2210 1731 2315 1769 nu-

751 1807 878 1857 dum
906 1804 1103 1857 Christi
1149 1819 1342 1859 nomen
1394 1807 1731 1869 inclamaret,
1789 1823 1960 1875 neque
2007 1817 2066 1860 ut
2109 1809 2316 1877 absque

2489 813 2540 860 ι’.
2573 806 2692 858 Ὃτι
2727 808 2908 875 μέντοι
2954 807 3015 858 τὸ
3038 807 3208 872 ὄνομα
3243 805 3337 858 καὶ
3365 806 3563 872 τρόπον
3583 803 3740 857 ἀλλον
3769 803 3874 872 τὴν
3902 800 3997 854 τοῦ

2416 896 2772 966 κηρύγματος
2816 897 3048 964 δύναμιν
3099 895 3432 964 ἀπαγγέλλει
3467 896 3579 965 (ιδ)
3603 935 3619 959 ,
3650 896 3680 946 6
3707 895 3809 946 τοῦ
3845 893 3996 946 [lati-

2414 989 2505 1055 λῳ
2558 989 2914 1058 μυσταγωγὸς
2972 989 3238 1053 Ἀνανίας,
3273 988 3436 1058 ἡνίκα
3477 987 3627 1057 φόϐῳ
3654 985 3750 1039 τοῦ
3800 985 3999 1037 παθεῖν

2417 1079 2560 1148 ἅπερ
2608 1077 2678 1150 ἦν
2718 1080 2862 1143 είκδς
2912 1082 3158 1134 ὑπονοεῖν
3190 1081 3282 1132 τὸν
3326 1079 3528 1132 Σαῦλον
3565 1080 3757 1140 ποιεῖν,
3807 1075 3998 1143 σαφῶς

2417 1171 2678 1240 παριστᾷ.
2712 1171 2855 1240 Πρὸς
2892 1173 3002 1244 γάρ
3033 1172 3126 1224 τδν
3173 1170 3582 1241 χρηματίζοντα
3607 1167 3760 1237 αὐτῷ
3818 1183 3994 1235 μυστ-

2418 1260 2706 1329 αγωγῆσαι
2737 1261 2828 1314 τὸν
2850 1260 3370 1330 διώκονταοιΚύριε.
3398 1259 3633 1328 ἀκήκοα,
3663 1260 3855 1327 φησὶν,
3889 1256 3992 1309 ἀπὶ

2417 1351 2625 1402 πολλῶν
2664 1351 2794 1419 περὶ⁹
2830 1351 2925 1403 τοῦ
2971 1351 3163 1420 ἀνδρὸς
3199 1351 3391 1402 τούτου
3430 1351 3530 1402 ὅσα
3576 1348 3724 1402 κακὰ
3768 1346 3996 1414 ἐποίησε

2414 1442 2524 1502 τοῖς
2552 1439 2729 1505 ἀγίοις
2759 1456 2852 1492 σου
2880 1440 3322 1510 ἐνἹερουσαλήμ.
3355 1460 3374 1492 ι
3407 1436 3590 1492 Εἶταοι
3610 1438 3718 1491 Καὶ
3747 1432 3856 1490 ὦδε
3885 1437 3997 1506 ἔχει

2416 1529 2662 1593 ἐξουσίαν
2716 1531 2870 1601 παρὰ
2917 1531 3026 1583 τῶν
3066 1531 3370 1600 ἀρχιερέων
3409 1530 3571 1598 δῆσαι
3617 1529 3832 1588 πάντας
3869 1529 3997 1590 τοὺς

2417 1620 2875 1688 ἐπικαλουμένους
2903 1621 2964 1672 τὸ
2992 1621 3163 1689 ϐνομά
3202 1638 3294 1672 σου
3333 1636 3347 1650 ο
3389 1640 3407 1671 ι
3442 1620 3620 1672 καίτοι
3649 1618 3758 1670 τῶν
3787 1617 3997 1670 πιστῶν

2415 1709 2516 1763 οὐκ
2557 1705 2626 1779 ἦν
2667 1709 2826 1778 ἔργον
2867 1709 2987 1762 οὐδὲ
3028 1709 3349 1778 σπούδασμα
3392 1709 3566 1762 οὐδενὶ
3606 1707 3762 1774 ψιλὸν
3803 1706 3868 1758 τὸ
3901 1703 3996 1758 τοῦ

2417 1801 2654 1870 Χριστοῦ
2679 1801 2850 1870 ὄνομα
2870 1800 3106 1869 ἀναϐοᾷν
3137 1817 3151 1832 ·
3175 1801 3294 1853 οὐδὲ
3321 1799 3494 1869 χωρὶς
3518 1799 3618 1866 τῆς
3649 1797 3993 1866 ὼγματικῆς

751 1896 1066 1964 dogmatum
1102 1895 1424 1949 rectitudine
1453 1896 1762 1963 traditaque
1788 1898 1855 1949 ab
1891 1898 1983 1950 illo
2016 1898 2140 1962 ilde,
2173 1899 2315 1952 hanc
2347 1917 2389 1972 Β

2347 1917 2389 1972 Β
2419 1891 2708 1960 ὀρθότητος
2730 1894 2825 1944 καὶ
2841 1893 2939 1960 τῆς
2961 1892 3195 1953 πίστεως
3220 1892 3284 1960 ἣν
3308 1892 3510 1952 ἐκεῖνος
3530 1887 3992 1958 ἐμνσταγώγησεο

756 1986 1023 2039 labiorum
1050 1994 1207 2038 tenus
1238 1986 1657 2050 invocationem,
1695 1986 1955 2040 salutiferi
1989 1988 2162 2040 nuntii
2195 1989 2316 2042 loco

757 2075 1004 2128 haberet.
1043 2072 1146 2126 Sed
1185 2089 1369 2141 reapse
1396 2090 1588 2127 nomen
1615 2074 1815 2129 Christi
1854 2075 2164 2130 invocantes
2187 2077 2318 2130 dicit

756 2167 904 2225 illos,
930 2180 1070 2233 quos
1099 2164 1231 2217 lldes
1261 2164 1313 2217 in
1347 2179 1467 2217 eum
1498 2167 1748 2226 ornabat,
1779 2175 1831 2218 et
1859 2167 1949 2235 qtti
1977 2167 2318 2234 evangelico—

759 2270 877 2309 rum
913 2269 1194 2308 sacrorum
1224 2255 1459 2309 studium
1490 2272 1599 2326 prae
1628 2273 1688 2312 se
1725 2258 1986 2320 ferebant,
2014 2259 2217 2329 quique
2250 2259 2318 2314 ad

759 2344 1010 2412 pietatem
1047 2358 1264 2397 summo
1310 2355 1509 2398 conatu
1562 2348 1928 2403 enitebantuc.
1981 2347 2092 2402 Hoc
2138 2361 2318 2403 autem

759 2431 886 2499 quid
914 2430 1057 2482 aliud
1091 2439 1208 2483 erat
1236 2439 1428 2499 praeter
1461 2446 1620 2500 quam
1650 2434 1868 2487 credere
1913 2447 1977 2487 ac
2018 2433 2318 2502 praedicare

761 2517 1102 2573 Servatorem
1155 2529 1401 2574 nostrum
1453 2520 1543 2574 Dei
1593 2536 1714 2576 esse
1772 2520 1999 2588 Filium,
2065 2523 2322 2592 Patrique

758 2611 1325 2672 consubstantialem;
1383 2630 1400 2662 ι
1456 2613 1567 2682 Ego
1618 2616 1782 2676 enim,
1831 2615 2024 2682 inquit,
2071 2623 2123 2667 et
2171 2623 2322 2681 pater

758 2719 924 2758 unum
975 2718 1165 2757 sumus
1200 2703 1283 2755 “?
1317 2722 1334 2753 ι
1375 2719 1472 2757 nec
1521 2719 1626 2757 non
1680 2715 1925 2758 sanctum
1969 2704 2229 2774 Spiritum
2287 2719 2318 2758 a

759 2795 918 2848 Patre
945 2795 1348 2862 procedentem,
1378 2805 1539 2862 atque
1574 2797 1640 2848 ah
1671 2797 1789 2864 ejus
1819 2798 1984 2864 gloria
2017 2813 2080 2850 ac
2120 2797 2322 2849 divini-

761 2897 869 2939 tate
917 2885 1138 2937 minime
1184 2884 1464 2936 alienum?
1526 2883 1657 2937 Nam
1693 2886 1784 2953 qui
1833 2887 2167 2948 naturaliter,
2215 2887 2324 2940 imo

763 2989 890 3027 vero
924 2973 1322 3042 superttaturali
1357 2965 1589 3027 maxime
1627 2985 1679 3028 et
1723 2975 2070 3028 inenarrabili
2116 2974 2325 3027 ratione

761 3081 789 3115 a
828 3073 1051 3133 paterna
1077 3065 1380 3118 substantia
1420 3065 1684 3133 procedit.
1719 3065 1861 3118 hunc
1887 3074 2096 3133 oportet
2123 3064 2325 3133 produ-

761 3156 934 3209 Centis
964 3154 1191 3223 gloriam
1212 3165 1267 3208 et
1299 3165 1620 3224 putt-statam
1653 3166 1702 3208 et
1737 3157 1840 3206 vim
1867 3169 2056 3208 secum
2089 3154 2320 3217 deferre,

2416 1983 2514 2047 τὴν
2574 1979 2767 2048 κλῆσιν
2817 1979 3160 2046 ἀπαγγελίαν
3209 1979 3297 2031 διὰ
3337 1979 3447 2031 τῶν
3497 1977 3717 2047 χειλέων
3773 1979 3952 2027 ποιεῖν
3976 1989 3992 2006 ⁶

2419 2069 2556 2121 ἀλλά
2587 2086 2650 2135 γε
2674 2069 2768 2121 νῦν
2794 2069 3256 2137 ἐπικαλουμένους
3290 2069 3535 2129 ἐκείνους
3555 2068 3617 2119 τὺ
3643 2067 3821 2134 ὄνομα
3847 2065 3996 2132 λέγει

2419 2159 2513 2211 τοῦ
2553 2159 2813 2228 Χριστοῦ,
2844 2160 3000 2222 ὅσους
3028 2161 3061 2228 ἡ
3091 2163 3170 2221 εἰς
3197 2160 3359 2213 αὐτὸν
3393 2159 3617 2227 ἐκόσμει
3652 2158 3860 2222 πίστις,
3905 2159 3996 2209 καὶ

2418 2249 2515 2318 τῆς
2547 2252 2669 2302 κατ’
2702 2251 2862 2302 αὐτὸν
2889 2252 3271 2318 μυσταγωγίας
3286 2249 3412 2318 ἐνῆν
3446 2251 3578 2319 όρᾷν
3607 2249 3870 2320 ἐραστὰς,
3905 2252 3997 2302 καὶ

2420 2337 2518 2405 τῆς
2550 2337 2829 2398 εὐσεϐείας
2865 2335 3014 2403 ἀγὼν
3056 2338 3238 2401 αὐτοῖς
3284 2339 3316 2406 ἠ
3348 2337 3616 2405 ἀκρίϐεια.
3653 2337 3718 2390 Τί
3751 2338 3811 2391 δέ
3841 2337 3996 2389 τοῦτο

2420 2427 2549 2480 ἀλλο
2590 2423 2741 2497 ἦν,ἢ
2785 2427 2847 2480 τὸ
2889 2431 3105 2496 φρονεῖν
3138 2429 3233 2480 καὶ
3286 2428 3576 2498 κηρύττειν
3614 2427 3736 2479 Υίδν
3769 2427 3872 2494 μὲν
3902 2427 3995 2479 τοῦ

2422 2517 2557 2570 Θεοῦ
2610 2518 2700 2570 τὸν
2749 2519 2975 2588 Σωτῆρα
3021 2514 3182 2583 εἶναι,
3215 2520 3412 2590 καὶτῷ
3447 2522 3621 2587 “arpi.
3665 2521 3994 2589 ὀμοούσιονς

2431 2627 2449 2660 ι
2471 2608 2610 2677 Ἐγὼ
2634 2610 2761 2679 γὰρ,
2784 2611 2940 2676 φησὶ.
2963 2613 3055 2664 καὶ
3091 2613 3120 2663 6
3150 2612 3335 2680 Πατὴρ
3365 2613 3422 2664 ’έν
3455 2614 3654 2679 ἐσμεν;
3693 2629 3712 2662 ι
3753 2613 3866 2664 Καὶ
3894 2610 3998 2679 μὴν

2423 2700 2484 2752 τὸ
2510 2702 2780 2766 πανάγιον
2818 2702 3042 2771 Πνεῦμα
3074 2703 3149 2766 ἀς
3179 2705 3244 2755 ἐκ
3275 2703 3366 2754 τοῦ
3387 2703 3595 2772 Πατρός
3625 2702 3997 2772 ἐκπορευόμεο

2424 2807 2513 2842 νον
2549 2791 2684 2859 (44),
2729 2794 2824 2844 καὶ
2871 2793 2968 2861 τῆς
3011 2792 3176 2845 αὐτοῦ
3203 2793 3360 2862 δόξης
3396 2811 3455 2846 τε
3502 2795 3594 2847 καὶ
3623 2794 3880 2860 Θεότητος
3900 2795 3998 2844 οὐκ

2423 2880 2698 2949 ἀλλοτριού
2709 2899 2866 2948 μενον
2892 2898 2906 2912 ο
2937 2883 2999 2933 τὸ
3025 2882 3133 2951 γὰρ
3162 2882 3304 2934 κατᾶ
3330 2882 3491 2951 φύσιν
3513 2883 3712 2953 μᾶλλον
3737 2882 3797 2934 δὲ
3829 2883 3997 2950 ὐπερο

2425 2970 2710 3038 φυεστάτῳ
2744 2972 2836 3023 καὶ
2886 2972 3148 3039 ἁφράστῳ
3180 2971 3321 3040 λόγῳ
3359 2973 3459 3037 τῆς
3490 2972 3762 3038 πατρικῆς
3812 2972 4000 3032 οὐσίας

2425 3059 2632 3128 προῖδν,
2653 3057 2746 3110 τοῦ
2770 3060 3204 3129 προϐαλλομένου
3229 3061 3326 3130 τὴν
3347 3060 3502 3124 δόξαν
3523 3065 3613 3114 καὶ
3637 3062 3733 3130 τὴν
3749 3061 3999 3124 ἐξουσίαν

2426 3147 2520 3200 καὶ
2543 3146 2771 3214 δύναμιν
2797 3149 2853 3199 ἐν
2877 3149 3052 3218 ἐαυτῷ
3075 3150 3263 3219 φέρειν
3288 3149 3415 3216 οίδε,
3441 3151 3535 3203 καὶ
3559 3151 3650 3202 τὸν
3673 3151 4000 3219 χαρακτῆρα

762 3254 924 3312 atque
969 3245 1232 3297 illibatum
1281 3245 1656 3300 inenarrabilis
1705 3248 2021 3300 substantiae
2053 3248 2326 3302 characte-
2353 3244 2398 3303 C

2353 3244 2398 3303 (ζ
2429 3237 2527 3304 τῆς
2575 3237 2715 3307 ὑπὲρ
2753 3237 2912 3305 λόγου
2955 3240 3142 3303 οὐσίας
3187 3241 3653 3310 ἀπαραχάρακτον
3689 3244 3997 3309 συντηρεῖν.

764 3351 875 3389 rem
931 3337 1182 3388 retinere.
1216 3337 1438 3389 Consmt
1483 3337 1705 3404 insuper
1755 3335 1971 3400 Filium,
2003 3338 2095 3406 qui
2147 3336 2324 3391 Patris

2431 3328 2598 3395 Δῆλον
2629 3328 2684 3380 δὲ
2721 3329 2802 3380 ὅτι
2832 3329 2926 3380 καὶ
2952 3330 2979 3381 6
3008 3330 3133 3390 Υἱὸς
3162 3330 3503 3400 ἀπαύγασμα
3534 3331 3610 3383 ῶν
3637 3331 3732 3383 τοῦ
3761 3331 3996 3401 Πατρδς,

762 3427 1016 3496 splendor
1057 3435 1158 3489 est,
1218 3427 1398 3479 omnia
1446 3443 1629 3481 secum
1686 3429 1825 3483 ferre
1857 3431 2055 3499 quibus
2099 3431 2326 3499 gignens

2433 3417 2647 3468 ἅπαντα
2679 3417 2864 3486 φέρειν
2902 3419 2960 3471 ἐν
3012 3419 3189 3488 ἐαυτῷ
3225 3421 3325 3473 ὅσα
3357 3421 3559 3487 γεννῶν
3587 3423 3615 3472 6
3644 3421 3837 3489 Πατὴρ
3883 3423 4001 3481 ταῖς

763 3516 921 3570 Pater
963 3532 1056 3585 per
1090 3517 1270 3570 radios
1305 3518 1603 3572 divinitatis
1647 3517 1877 3572 formam
1917 3520 2092 3573 Geniti
2131 3534 2328 3574 conve-

766 3607 1040 3669 nustavit,
1088 3608 1548 3676 cunjunctamque
1598 3620 1846 3664 naturam
1896 3610 2165 3679 patefecit.
2220 3610 2331 3664 Hac

765 3695 931 3763 igitur
974 3695 1274 3762 theologica
1325 3697 1627 3752 initiatione
1662 3699 1950 3754 multitudo
1991 3700 2326 3754 credentium

764 3787 1129 3840 imbuebalur.
1156 3786 1281 3840 lure
1310 3797 1486 3842 autem
1517 3788 1822 3843 Servatoris
1847 3805 2044 3844 nomen
2073 3790 2330 3844 dicuntur

765 3877 1120 3940 inrocavisse,
1163 3878 1287 3945 quia
1338 3879 1619 3941 doctrinm,
1655 3879 1814 3948 cujus
1862 3882 1974 3949 ipse
2013 3889 2326 3937 antecessor

762 3974 898 4028 erat,
931 3965 1196 4018 rationem
1230 3979 1411 4017 veram
1436 3964 1496 4017 bi
1521 3965 1842 4019 retinebant.

836 4140 924 4193 ll.
973 4139 1080 4193 Sed
1129 4143 1273 4195 enim
1314 4143 1662 4211 progrediens
1715 4157 1896 4197 sermo
1948 4143 2069 4197 aliis
2110 4158 2327 4212 quoque

765 4231 1099 4299 argumentis
1131 4233 1414 4286 sententiae
1449 4232 1610 4300 hujus
1639 4233 2068 4302 probabilitatem
2101 4242 2328 4288 astruet.

768 4321 979 4390 Quippe
1007 4321 1209 4376 Christi
1240 4325 1542 4384 oraculum,
1569 4333 1628 4376 ut
1653 4338 1681 4375 a
1717 4333 1862 4377 metu
1897 4333 2057 4393 atque
2085 4335 2330 4379 conster-

769 4413 988 4465 natione
1017 4412 1344 4465 initiatorem
1379 4413 1528 4466 Pauli
1564 4423 1808 4479 revocet;
1842 4430 2002 4482 quem
2047 4415 2329 4480 exhorres,

2431 3508 2610 3558 ἀκτῖσι
2631 3506 2729 3574 τῆς
2770 3507 3023 3578 θεότητος
3065 3511 3166 3579 τὴν
3201 3512 3414 3581 μορφὴν
3455 3511 3659 3579 ὠράῑζε
3689 3511 3783 3564 τοῦ
3818 3514 4003 3579 γεννή-

2431 3611 2622 3663 ματος,
2683 3597 2776 3647 καὶ
2824 3596 2886 3647 τὸ
2931 3597 3193 3664 συγγενὲς
3250 3600 3606 3668 ἀνεκήρυττε.
3650 3589 3742 3668 Τῇ
3774 3600 4002 3672 τοιαύτῃ

2426 3685 2604 3737 τοίνυν
2649 3683 2881 3756 θεολόγῳ
2925 3689 3281 3758 μυσταγωγίᾳ
3327 3689 3437 3741 τῶν
3477 3692 3841 3744 πιστευόντων
3891 3695 4006 3745 ἐτε-

2427 3772 2571 3825 λεῖτο
2609 3774 2678 3826 τὰ
2723 3775 2925 3846 πλήθη.
2962 3777 3071 3829 Καὶ
3107 3777 3331 3838 δικαίως
3364 3778 3429 3830 ἆν
3473 3779 3714 3845 λέγοιντο
3739 3781 3804 3832 τὸ
3836 3781 4006 3848 ὄνομα

2429 3868 2522 3919 τοῦ
2558 3867 2807 3937 Σωτῆρος
2841 3867 3240 3930 ἐπικαλεῖσθαι,
3269 3867 3403 3923 διότι
3429 3868 3524 3921 τοῦ
3552 3869 3822 3939 δόγματος
3842 3866 3907 3924 οῦ
3930 3870 4006 3922 δι.

2430 3957 2698 4019 δάσκαλος
2753 3957 3142 4027 ἐχρημάτιζεν,
3198 3959 3352 4010 αὐτοὶ
3403 3959 3653 4022 διέσωζον
3696 3960 3796 4028 τὴν
3852 3961 4004 4026 6906-

2428 4064 2589 4115 τητα.

2508 4146 2596 4191 ια’.
2628 4139 2794 4191 Οὐδὲν
2823 4139 2880 4191 δὲ
2911 4133 3072 4210 ἦττον
3099 4140 3301 4209 προῖὼν
3335 4143 3364 4193 6
3392 4141 3549 4208 λόγος
3579 4140 3676 4192 καὶ
3700 4141 3765 4192 δι’
3797 4141 4004 4210 ἐτέρων

2435 4231 2779 4299 παραστήσει
2811 4231 2909 4298 τῆς
2937 4229 3190 4298 τοιαύτης
3219 4230 3377 4299 δόξης
3405 4231 3464 4282 τὸ
3493 4229 3804 4283 ἀκόλουθον.
3841 4232 4004 4296 Λέγει

2438 4322 2550 4388 γὰρ
2580 4321 2608 4372 6
2648 4320 3002 4388 χρηματίζων
3030 4320 3129 4389 τῆς
3162 4321 3360 4388 πολλῆς
3385 4321 3624 4387 ἀγωνίας
3671 4323 3767 4374 καὶ
3799 4321 3895 4373 τοῦ
3925 4321 4006 4374 δέ·

2436 4429 2528 4474 ους
2574 4411 3009 4480 ἀνακαλούμενος
3066 4412 3158 4464 τὸν
3213 4413 3568 4480 μυσταγωγὸν
3625 4412 3719 4465 τοῦ
3764 4412 4002 4473 Παύλου.

771 4503 868 4566 ait,
894 4516 956 4554 ac
985 4502 1149 4554 veluti
1175 4501 1456 4554 inimicum
1489 4503 1745 4556 salutaris
1775 4503 2171 4572 praedicationis
2189 4503 2329 4556 exti-
2366 4526 2409 4581 υ

2366 4526 2409 4581 D
2447 4504 2706 4574 ι”Οτιπερ
2734 4504 2793 4556 ὃν
2819 4503 3060 4574 τέθηπας
3100 4505 3194 4557 καὶ
3223 4504 3468 4567 δέδοικας
3509 4504 3585 4562 ὡς
3625 4503 3886 4574 πολέμιον
3915 4503 4003 4556 τοῦ

770 4596 970 4649 meseis
1001 4612 1014 4646 :
1053 4613 1071 4645 ι
1106 4597 1156 4647 ls
1186 4603 1267 4648 est
1308 4595 1441 4648 mihi
1479 4608 1572 4648 vas
1605 4595 1901 4649 electionis.
1940 4613 1958 4646 ι
1986 4595 2183 4649 Addit:
2209 4614 2227 4644 ι
2265 4592 2333 4648 Ut

767 4694 946 4754 portet
997 4700 1194 4739 nomen
1243 4700 1422 4737 meum
1481 4698 1666 4738 coram
1718 4685 1968 4753 gentibus
2017 4695 2071 4739 et
2107 4685 2330 4754 regibus

767 4785 930 4842 atque
967 4776 1179 4828 lsraelis
1206 4776 1329 4828 ﬁliis
1357 4775 1422 4829 “.
1465 4793 1484 4825 ι
1517 4773 1716 4843 Nempe
1749 4775 1879 4829 dicit
1906 4791 2030 4842 non.
2053 4777 2227 4829 solum
2262 4776 2331 4830 ab

770 4867 953 4919 hostili
988 4868 1228 4920 exercitu
1256 4882 1380 4920 eum
1425 4867 1808 4936 transfugisse,
1849 4881 2034 4920 verum
2075 4867 2238 4921 etiam
2274 4867 2326 4921 in

767 4958 940 5026 prima
990 4961 1106 5012 acie
1147 4968 1352 5012 vexata;
1403 4959 1527 5013 ﬁdei
1595 4966 2048 5028 propugnatorem
2097 4959 2323 5013 versari.

2441 4596 2709 4665 σωτηρίου
2741 4597 3114 4666 κηρύγματος,
3141 4588 3295 4658 οὗτός
3327 4613 3416 4664 μοι
3451 4594 3641 4658 σκεῦός
3671 4595 3824 4646 ἐστιν
3859 4596 4005 4647 ἐκλο-

2438 4685 2541 4754 γῆς
2566 4702 2580 4716 ⁸
2628 4687 2707 4748 είς
2742 4686 2802 4738 τδ
2838 4686 3104 4755 βαστάσαι
3150 4688 3212 4739 τὸ
3235 4686 3406 4755 ϐνομά
3434 4702 3535 4754 μου
3570 4686 3804 4738 ἐνώπιον
3839 4684 4004 4737 ἐθνῶν

2437 4795 2494 4830 τε
2547 4777 2638 4829 καὶ
2690 4776 2953 4846 βασιλέων
2993 4777 3124 4830 υἱῶν
3174 4794 3233 4830 τε
3262 4777 3534 4848 Ἰσραήλου
3573 4778 3693 4829 ἀντὶ
3746 4775 3886 4839 τοῦ⁹
3931 4776 4002 4829 Οὐ

2439 4869 2602 4936 μόνον
2633 4869 2794 4930 αὐτὸς
2827 4867 2935 4920 τῶν
2957 4867 3166 4938 ἐχθρῶν
3195 4866 3296 4936 τῆς
3325 4868 3600 4936 φάλαγγος
3628 4867 3999 4935 ἀπεπήδησεν,

2435 4959 2574 5013 ἀλλά
2604 4960 2698 5012 καὶ
2728 4958 3108 5030 προασπιστὴς
3146 4958 3244 5027 τῆς
3272 4957 3680 5029 πολεμουμένης
3721 4957 4003 5021 εὐσεϐείας

846 5093 890 5124 ³¹
923 5094 1044 5147 Act.
1075 5107 1151 5156 ιι,
1185 5093 1271 5146 l5.
1349 5091 1394 5122 ³³
1433 5091 1564 5146 ibid.
1599 5091 1684 5145 14.
1762 5091 1808 5123 ³³
1831 5089 1985 5147 Joan.
2015 5108 2071 5158 x,
2116 5092 2204 5146 '50.
2283 5093 2330 5125 "'
2366 5094 2487 5148 Act.
2522 5108 2597 5158 ts,
2631 5093 2714 5147 15.

2273 5251 2508 5310 NOTAE.

838 5363 952 5442 (ἀΰ)
996 5363 1088 5418 Sic
1106 5379 1156 5417 ν.
1191 5379 1271 5432 gr.
1302 5364 1448 5442 apud
1479 5363 1692 5421 Livium
1727 5380 1912 5424 nomen
1942 5369 2192 5425 Latinum
2236 5385 2337 5442 pro

769 5432 962 5487 Latina
990 5449 1094 5496 rep.
1127 5449 1222 5487 seu
1253 5437 1506 5501 potentia.

989 5503 1126 5580 Dum
1161 5502 1419 5580 Spiritum
1447 5522 1477 5557 α
1521 5504 1677 5580 Patre
1705 5511 1994 5576 procedere
2027 5512 2120 5575 ait,
2164 5526 2338 5580 neque

769 5588 802 5624 α
829 5572 986 5649 Filio_
1007 5573 1173 5649 addit,
1201 5572 1434 5649 Oblique;
1464 5577 1652 5628 saltem
1688 5572 1774 5632 hic
1820 5597 2040 5649 quoque.
2093 5572 2335 5634 errorem

768 5655 929 5720 suum
955 5641 1022 5696 de
1052 5640 1234 5720 Filii_a_
1256 5642 1556 5720 soloPatre
1587 5640 1931 5720 processioue
1953 5640 2184 5704 Photius
2218 5665 2341 5719 pro-

770 5712 870 5777 dit,
921 5724 1083 5780 quem
1147 5712 1272 5766 alibi
1336 5714 1584 5782 plurimis
1623 5717 1798 5773 verbis
1852 5719 2106 5786 inculcat,
2146 5712 2339 5789 nempe

2433 5371 2592 5440 epist.
2620 5370 2677 5443 2.
2714 5387 2808 5426 seu
2863 5370 3045 5426 libello
3076 5371 3373 5443 encyclico.
3424 5369 3672 5441 Legenda
3717 5378 4004 5443 ver-osum

2435 5458 2557 5510 quin
2619 5442 2984 5496 Montacutius
3038 5441 3259 5511 copiose
3318 5443 3556 5511 disputat
3618 5450 3806 5511 contra
3857 5441 3999 5511 illam

2437 5508 2614 5565 Photii
2631 5513 2938 5578 epistolam,
2959 5525 3058 5566 nec
3086 5508 3192 5565 non
3213 5513 3281 5565 cl.
3311 5512 3378 5564 Α.
3406 5509 3663 5564 Schottus
3687 5511 3753 5562 ad
3777 5508 3996 5577 Amphi-

2437 5582 2541 5634 loc.
2590 5591 2782 5648 quaest.
2815 5581 2907 5634 28.
2941 5581 3001 5633 Et
3034 5583 3251 5649 quidem
3285 5595 3372 5633 res
3425 5580 3559 5633 satis
3614 5579 3882 5649 ventilata
3905 5579 3996 5629 fuit

2440 5651 2492 5703 in
2524 5649 2838 5703 Florentino
2860 5648 3113 5712 concilio,
3145 5659 3199 5702 et
3234 5665 3264 5701 a
3291 5650 3574 5702 catholicis
3612 5649 3814 5717 passim
3849 5648 3988 5700 theo-

2439 5721 2576 5788 logis
2600 5737 2613 5784 ;
2638 5735 2776 5786 quos
2815 5720 2954 5773 inter
2983 5720 3102 5772 vide
3132 5728 3279 5774 certe
3303 5718 3576 5772 Allatiom.
