4202 6442
170 408 272 474 317

1098 412 1197 470 AD
1233 407 1829 470 AMPHILOCHIUM
1859 405 2206 481 QUES'I‘IO
2241 406 2459 469 XLIII.

3310 411 3420 478 318

168 519 632 589 ἀναδειχθήσεται·
660 520 753 571 καὶ
786 516 893 588 γάρ
927 516 1031 569 ὑπὸ
1050 517 1156 570 τῶν
1183 517 1592 571 δυσσεϐούντων
1622 533 1720 570 πο-
1754 540 1763 575 Α

1847 518 2093 584 livinam,
2113 518 2313 589 inquit,
2339 513 2784 588 medicationem
2812 517 2882 573 ab
2911 518 3092 590 impiis
3124 520 3410 593 Oppugua.

168 610 552 680 λιορκούμενόν
596 626 655 661 τε
714 610 808 661 καὶ
838 610 1287 677 κατασειόμενον,
1335 609 1498 673 αὐτὸς
1530 609 1737 662 ἀναϐα-

171 701 357 753 στάσει
382 700 477 753 καὶ
510 698 861 769 ύποστηρίξει
898 699 991 751 καὶ
1022 699 1355 769 ἀκράδαντον
1390 700 1738 769 παραστήσει

170 792 231 843 τὸ
275 790 520 852 θεοσεϐὲς
579 787 863 859 κήρυγμα.
919 789 1089 843 Τοῦτο
1137 791 1245 860 γάρ
1289 790 1522 843 ὶνταῦθα
1564 792 1599 859 η
1643 789 1736 843 τοῦ

170 883 461 949 ὀνόματος
507 882 840 947 ἀπαγγέλλει
880 881 1130 948 δύναμις.
1178 883 1278 948 τὴν
1320 882 1492 950 ἀληθῆ
1535 882 1736 946 πίστιν,

168 972 232 1023 τὸ
261 975 359 1041 τῆς
392 972 671 1033 εὐσεϐείας
697 972 973 1041 φρόνημα,
1003 972 1103 1039 τῆς
1128 972 1401 1039 θεολογίας
1443 973 1504 1025 τὸ
1534 970 1740 1042 κήρυγο

175 1078 273 1128 μα.
315 1061 414 1127 τῆς
440 1059 535 1112 τοῦ
562 1061 738 1128 Λόγου
769 1062 1094 1132 σαρκώσεως
1131 1062 1193 1115 τὸ
1243 1064 1539 1133 μυστήριον
1566 1078 1579 1092 ο
1620 1062 1742 1115 tm!

170 1150 224 1200 τί
275 1150 514 1218 χαλεπόν
563 1147 675 1221 ἦν,
727 1152 890 1205 τίνων
922 1152 978 1205 δὲ
1031 1154 1422 1222 στηριγμάτων
1461 1154 1736 1224 δεόμενον,

169 1241 359 1304 ἀπλῶς
386 1241 559 1303 οὕτως
591 1243 683 1294 καὶ
716 1244 817 1313 μιᾷ
843 1246 993 1312 φωνῇ
1033 1243 1463 1315 προσαγορεύειν
1490 1246 1583 1298 τὸν
1627 1246 1742 1300 Κύ-

173 1348 334 1399 ριονς
389 1333 500 1385 Καὶ
536 1333 716 1387 αὐτῶν
756 1333 927 1386 ἐνίοτε
972 1333 1080 1387 τῶν
1104 1335 1396 1403 δαιμονίων
1424 1336 1745 1407 ἀναϐοωμέ-

172 1440 279 1473 νων
310 1425 403 1476 καὶ
439 1423 576 1492 μετά
600 1423 920 1493 προσθήκης
949 1425 1093 1490 τινὸς
1123 1426 1185 1478 τὸ
1204 1428 1531 1478 Δεσποτικδν
1554 1427 1741 1496 ὄνομα.

169 1513 339 1564 Ἀλλά
366 1514 525 1581 δῆλον
557 1514 632 1576 ὡς
660 1513 754 1565 νῦν
778 1515 985 1580 ὄνομα,
1020 1515 1078 1566 τὸ
1103 1515 1187 1566 διὰ
1210 1516 1422 1569 Παύλου
1448 1517 1749 1584 καταγγελ-

169 1605 403 1672 ὶόμενον
433 1606 695 1673 κήρυγμα
725 1604 891 1670 λέγει,
935 1607 1028 1656 καὶ
1057 1606 1118 1656 τὸ
1147 1606 1281 1675 πρὸς
1312 1605 1444 1658 Θεὸν
1479 1607 1745 1676 ἀναφερό-

173 1710 341 1761 μενον
377 1693 572 1755 σέϐας,
610 1695 752 1763 ὑπὲρ
784 1688 845 1746 οῦ
882 1696 1110 1765 μυρίους
1138 1696 1273 1748 καθ’
1303 1698 1540 1763 ἑκάστην
1587 1698 1750 1752 θανά-

169 1802 303 1845 τους
349 1784 381 1837 6
406 1786 534 1852 πρὶν
574 1784 808 1854 διώκτης
836 1787 1003 1855 ἡδέως
1038 1788 1221 1856 ἔφερε,
1264 1788 1552 1847 διδάσκειν,
1604 1808 1746 1857 παρ-

1840 616 1950 664 tam
1974 618 2137 679 atque
2168 623 2492 664 concussam
2520 607 2814 663 sustinebit
2836 608 2951 678 ipse
2981 620 3141 680 atque
3177 614 3414 670 firmabit

1842 703 2237 769 immotamque
2266 710 2485 754 statuet.
2537 698 2616 753 Ita
2650 697 2903 754 videlicet
2949 700 3053 756 hoc
3090 703 3211 756 loco
3253 720 3415 758 voca-

1840 792 2026 847 bulum
2053 808 2237 845 nonten
2271 799 2431 844 sonat
2459 805 2641 843 veram
2675 791 2854 856 Iidem,
2887 792 3031 860 piam
3061 796 3411 857 sententiam,

1840 881 2038 935 divinae
2081 882 2344 936 doctrinae
2411 880 2845 947 praedicationem
2874 920 2889 945 ,
2935 880 3097 936 Verbi
3146 883 3415 937 incarnati

1841 972 2181 1041 mysterium.
2208 970 2382 1025 Secus
2405 972 2552 1024 enim
2586 985 2684 1024 cur
2713 972 2887 1027 ardua
2932 972 3146 1037 fuisset,
3182 975 3264 1028 νει
3293 977 3417 1041 qui-

1843 1062 1945 1116 bus
1973 1061 2322 1116 adminiculis
2355 1062 2681 1131 indiguisset
2711 1063 2939 1132 simplex
2986 1079 3084 1117 nec
3120 1068 3285 1119 unius
3315 1080 3417 1120 vo-

1843 1152 2023 1207 cabuli
2052 1154 2190 1207 ﬁnes
2214 1154 2485 1208 excedens
2514 1152 2729 1207 Domini
2752 1154 3043 1223 appellatio
3065 1154 3149 1207 "l
3177 1154 3338 1209 Certe
3364 1164 3421 1210 et

1848 1244 1954 1312 ipsi
1981 1243 2278 1314 aliquando
2304 1246 2580 1299 diei-mnes
2609 1259 2735 1298 cum
2769 1245 2953 1314 aliquo
2986 1244 3149 1299 etiam
3177 1246 3419 1314 epitheto

1847 1332 2190 1387 Dnminicum
2225 1347 2423 1387 nomen
2470 1334 2983 1403 pronuntiaverunt.
3038 1332 3143 1387 Sed
3193 1348 3418 1403 prorsus

1844 1424 2182 1495 exploratum
2208 1434 2312 1488 est,
2334 1439 2481 1478 nunc
2506 1422 2773 1477 vocabulo
2792 1438 2999 1487 nomen,
3020 1423 3417 1491 pmdicaiidam

1847 1529 1877 1566 a
1911 1512 2077 1568 Paulo
2102 1512 2409 1568 doctrinam
2441 1514 2572 1579 dici,
2613 1515 2979 1583 devotumque
3027 1512 3137 1569 Deo
3182 1514 3415 1575 cultum,

1847 1604 2004 1673 cujus
2057 1604 2226 1674 gratia
2277 1604 2600 1659 innumeras
2652 1604 2896 1673 quatidie
2943 1612 3146 1658 mortes
3200 1606 3267 1671 is,
3325 1605 3421 1675 qui

1848 1706 2006 1751 antea
2046 1706 2363 1767 persecutor
2406 1697 2610 1761 fuerat,
2664 1697 2897 1752 libenter
2949 1696 3270 1767 perferebat,
3321 1698 3422 1752 do-

1850 1783 2045 1846 cendo,
2076 1782 2367 1846 hortando,
2403 1783 2693 1845 initiaudo,
2740 1782 3092 1853 praedicando
3124 1784 3306 1851 ﬁdem,
3338 1799 3424 1838 se-

171 1872 367 1937 αινῶν,
421 1871 835 1941 μυσταγωγῶν,
866 1874 1157 1943 κηρύσσων
1207 1877 1305 1946 τὴν
1350 1877 1568 1941 πίστιν,
1625 1878 1747 1931 καθ’

1850 1874 2088 1927 eundum
2114 1889 2279 1943 quam
2321 1871 2578 1927 Servator
2610 1889 2767 1929 sacra
2823 1890 2949 1928 eum
3008 1875 3265 1944 religione
3314 1876 3422 1930 im-

170 1965 240 2031 ἥν
271 1961 424 2032 αὐτῷ
455 1964 845 2033 μυσταγωγίαν
875 1966 904 2018 6
935 1966 1123 2037 Σωτὴρ
1168 1967 1537 2037 ἀπεκάλυψεν
1579 1969 1749 2036 ιἚγὼ

171 2054 311 2123 γάρ,
359 2054 547 2124 φησὶν,
580 2053 844 2121 ὑποδείξω
871 2056 1019 2127 αὐτῷ
1047 2058 1146 2111 ὅσα
1174 2057 1257 2111 δεῖ
1283 2060 1447 2113 αὑτὸν
1477 2060 1618 2130 ύπλρ
1652 2061 1748 2115 τοῦ

172 2144 444 2215 ὀνόματός
478 2163 579 2215 μου
620 2146 833 2201 παθεῖν.
846 2165 867 2199 ι

251 2236 342 2306 ιβ’.
377 2236 491 2289 Καὶ
514 2237 616 2307 δρα
645 2240 873 2308 συνεχὴς
905 2240 938 2308 ἡ
963 2239 1159 2308 χρῆσις
1184 2237 1279 2292 τοῦ
1310 2240 1623 2307 ὀνόματος.
1652 2240 1752 2292 Διά

171 2326 267 2392 τίς
320 2328 440 2381 Ἵνα
484 2328 518 2398 η
566 2328 801 2400 έπιμονὴ
854 2330 953 2399 τῆς
999 2328 1184 2400 φωνῆς
1225 2329 1286 2382 τὸ
1339 2330 1475 2383 αὐτὸ
1518 2331 1751 2401 πρᾶγμα

174 2418 445 2481 πολλάκις
484 2419 824 2490 σημαίνουσα
863 2436 923 2474 τε
958 2421 1053 2474 καὶ
1085 2420 1386 2493 κατάδηλον
1428 2422 1750 2493 ποιουμένη,

171 2507 373 2579 ὥσπερ
392 2508 478 2563 διά
492 2508 591 2579 τῆς
602 2508 775 2579 ἀκοῆς
796 2510 1127 2565 ιντυπώσειε
1148 2515 1257 2576 τοῖς
1277 2512 1556 2584 λογισμοῖς
1573 2513 1632 2566 τὸ
1654 2513 1752 2582 τῆς

174 2600 469 2664 εὐσεϐείας
502 2602 799 2671 μυστήριον
818 2603 913 2656 καὶ
938 2597 1025 2656 οἷα
1054 2602 1333 2673 βασιλικὸν
1363 2604 1754 2675 έκσφράγισμα

173 2693 299 2752 ταῖς
309 2690 565 2753 διανοίαις
581 2689 740 2744 τοῦτο
754 2692 1009 2762 φέροντες
1022 2694 1117 2746 καὶ
1134 2692 1269 2763 πρὸς
1278 2693 1409 2747 αὐτὸ
1420 2694 1752 2764 ἀφορῶντες,

177 2779 257 2851 μη
272 2778 412 2849 πρὸς
440 2779 638 2842 πολλάς
656 2781 849 2850 εῖημεν
866 2782 1019 2848 ὀδοὺς
1029 2782 1307 2855 διαφόροις
1326 2787 1531 2853 φωναῖς
1549 2802 1757 2855 σχημαο

174 2894 202 2925 τ
214 2874 500 2943 ιζομινους
513 2875 926 2945 ἐκτρεπόμενοι.
942 2876 1074 2930 ’Υπὶ
1081 2894 1114 2948 ρ
1130 2876 1224 2931 τοῦ
1244 2881 1551 2948 μυστηρίου
1563 2880 1753 2936 τούτου

178 2972 279 3020 καὶ
294 2971 399 3036 τῆς
422 2969 548 3037 περὶ
568 2969 667 3037 τὴν
688 2970 869 3023 πίστιν
880 2969 1165 3041 ἀκριϐείας
1185 2972 1214 3023 6
1230 2971 1439 3037 Παῦλος
1460 2973 1666 3043 ἔπασχε
1687 2973 1756 3028 τὰ

177 3060 483 3127 ἀνήκεσταο
500 3057 560 3111 ού
582 3057 691 3128 γὰρ
714 3075 779 3110 πε
788 3059 839 3125 ρὶ
861 3058 1122 3129 ὀνόματος
1142 3057 1323 3128 ψιλοῦ,
1342 3060 1461 3114 οὑδὶ
1478 3060 1757 3115 συλλαϐῶν

180 3148 421 3218 βραχείᾳ
453 3148 721 3213 συνθέσει,
754 3148 813 3201 τὺ
837 3148 1063 3218 φρικτὸν
1094 3149 1189 3202 καὶ
1220 3148 1364 3220 μέγα
1388 3149 1488 3220 τῆς
1520 3150 1752 3214 πίστεως
1782 3184 1826 3243 c

180 3242 644 3311 περιγράφοντος.
683 3240 771 3293 Διὸ
804 3240 897 3294 καὶ
925 3239 1146 3294 ἀκούειν
1176 3241 1293 3294 ἐστὶ
1319 3240 1425 3294 τῶν
1460 3242 1621 3312 ίερῶν
1651 3243 1757 3295 πάο

178 3334 271 3386 λιν
306 3333 731 3387 ξκδιδασκόντων
761 3334 1039 3404 ῥημάτων·
1066 3334 1164 3404 οὐχ
1195 3327 1349 3397 οὗτος
1377 3334 1526 3387 δστὶν
1554 3338 1583 3387 6
1623 3351 1757 3405 πορ-

180 3428 363 3493 θήσας
416 3424 474 3477 έν
518 3422 876 3493 Ἰερουσαλὴμ
920 3424 983 3477 τὺ
1027 3424 1199 3494 ὄνομα
1242 3424 1433 3487 τοῦτος
1480 3425 1602 3487 ῐιῶς
1654 3426 1764 3495 γάρ

185 3515 484 3583 ἐπορθεῖτο
530 3512 676 3578 λέξις
720 3513 904 3583 πληγῇ
937 3513 1099 3583 ἀέρος
1153 3513 1383 3584 βραχείᾳ
1430 3530 1762 3583 περιγραφο-

187 3606 357 3673 ελένη,
405 3605 662 3674 καὶπρὸς
694 3604 899 3674 μηδένα
928 3602 1052 3657 νοῦν
1080 3604 1143 3657 τό
1185 3621 1249 3672 γε
1295 3604 1381 3656 ἐπ’
1432 3606 1589 3675 αὐτῇ.
1629 3604 1762 3675 μηδὶ

181 3696 351 3760 δόξαν
390 3694 651 3762 θεολόγων
716 3695 1122 3765 ἀναπλουμένη,
1160 3695 1285 3767 μηδ’
1314 3693 1619 3767 ἀνθρώπων
1664 3694 1766 3763 qm-

196 3788 324 3853 χαῖς
352 3783 555 3836 ἐνιέναι
577 3784 860 3853 δογμάτων
889 3783 1174 3853 ἀκρίϐειαν
1207 3780 1505 3851 δυναμένην
1542 3781 1637 3834 καὶ
1664 3782 1765 3851 τὴν

186 3875 434 3947 ὕπαρξιν
488 3875 885 3945 χρονικωτέραν
929 3873 1028 3927 οὐκ
1076 3874 1277 3944 ἔχουσα
1320 3873 1419 3943 τῆς
1458 3872 1762 3940 γενέσεωςς

200 3972 372 4027 Ἀλλά
402 3969 508 4038 γάρ
543 3967 704 4038 δῆλον
734 3967 809 4029 ὡς
841 3967 935 4021 νῦν
966 3968 1171 4035 ὄνομα,
1215 3966 1275 4019 οὐ
1316 3965 1379 4019 τὸ
1406 3965 1633 4036 σύνηθες
1672 3966 1768 4018 καὶ⁸

186 4064 331 4116 πᾶσι
355 4061 788 4131 περιφερόμενον
824 4061 1023 4113 ἐννοεῖν
1051 4058 1132 4112 δεῖ
1154 4096 1170 4121 ,
1220 4057 1357 4114 ἀλλὰ
1386 4058 1446 4109 τὸ
1471 4058 1571 4128 τῆς
1611 4058 1765 4113 εύσεο

184 4153 350 4216 ϐείας
388 4153 517 4223 ὅλης
564 4148 909 4219 ἀπαγγέλλον
947 4166 1007 4202 τε
1034 4148 1128 4203 καὶ
1158 4147 1517 4218 διασημαῖνον
1558 4148 1766 4218 μυστή-

186 4262 333 4315 ριον,
376 4244 471 4295 καὶ
506 4241 605 4311 τὴν
633 4239 726 4294 τοῦ
753 4240 1105 4309 κηρύγματος
1131 4238 1220 4293 διὰ
1246 4240 1426 4308 πάσης
1460 4237 1615 4307 ἡμῶν
1657 4238 1756 4306 τῆς

183 4333 478 4401 θεολογίας
508 4330 802 4399 προῑοῦσαν
833 4330 1138 4400 ἀκρίϐειαν.
1167 4329 1279 4385 Καὶ
1305 4329 1415 4399 γάρ
1444 4328 1506 4381 τὸ
1528 4328 1769 4383 τοιοῦτον

180 4425 391 4493 ὄνομα,
419 4424 540 4492 ἦτοι
566 4421 667 4489 τῆς
695 4421 929 4484 πίστεως
956 4423 990 4490 ἠ
1020 4419 1296 4482 τελείωσις
1321 4458 1338 4482 ,
1369 4420 1462 4473 καὶ
1507 4420 1627 4482 ταῖς
1655 4418 1770 4472 δια-

1853 1964 2066 2019 buerat.
2108 1983 2127 2017 ι
2159 1962 2272 2033 Ego
2302 1965 2471 2029 enim,
2506 1965 2704 2035 inquit,
2739 1965 3025 2020 ostendam
3074 1967 3171 2031 illi,
3217 1978 3422 2035 quanta

1851 2055 2026 2126 ipsum
2054 2066 2302 2125 oporteat
2341 2056 2444 2110 mei
2473 2058 2711 2111 nominis
2742 2072 2909 2111 causa
2940 2057 3050 2125 pati
3082 2058 3143 2110 ³⁸.
3185 2075 3203 2108 ι

1924 2230 2009 2285 l2.
2089 2232 2267 2301 Atque
2325 2231 2460 2285 adeo
2518 2231 2719 2286 videsis
2777 2242 3097 2301 perpetuum
3177 2231 3422 2286 vocabuli

1852 2340 2037 2378 nomen
2094 2340 2278 2378 usum.
2321 2324 2435 2377 Cur
2482 2324 2705 2377 autem?
2746 2323 2952 2392 Nempe
3004 2332 3063 2377 ut
3114 2323 3423 2378 constantia

1852 2414 2285 2485 vocabuli,quod
2306 2416 2550 2470 eamdem
2576 2429 2690 2469 rem
2712 2414 2991 2468 multnlies
3021 2415 3241 2467 denotat
3260 2423 3425 2482 atque

1852 2506 2109 2571 ostendit,
2142 2508 2227 2561 vel
2256 2509 2373 2577 ipso
2411 2506 2602 2561 auditu
2638 2507 2811 2560 menti
2843 2506 3117 2574 insculpat
3146 2505 3425 2574 religionis

1855 2600 2206 2669 mysterium;
2247 2611 2412 2669 atque
2466 2610 2523 2653 ut
2574 2598 2625 2652 id
2668 2613 2767 2652 ceu
2822 2598 3029 2667 regium
3080 2597 3424 2666 signaculum

1855 2700 2075 2759 pectore
2108 2691 2431 2759 impressum
2467 2689 2722 2751 ferentes.
2754 2698 2807 2743 et
2836 2691 2901 2741 ad
2924 2687 3030 2743 hoc
3052 2690 3423 2757 respicientes,

1856 2780 2277 2849 haudquaquam
2308 2782 2361 2835 in
2394 2781 2510 2834 vias
2544 2781 2877 2850 multiplices
2907 2779 3166 2834 varietate
3192 2781 3427 2834 voc-abn-

1857 2870 2033 2925 lorum
2065 2870 2363 2940 patelactas
2391 2870 2749 2925 divertamus.
2786 2870 2960 2938 Hujus
2991 2885 3155 2923 causa
3183 2870 3427 2936 mysterii

1857 2968 2021 3029 atque
2044 2969 2315 3014 accuratas
2351 2959 2475 3013 ﬁdei
2502 2956 2706 3013 Paulus
2732 2959 3121 3013 acerbissimas
3147 2959 3427 3013 molestias

1858 3049 2096 3119 pertulit.
2146 3047 2261 3103 Non
2296 3049 2440 3104 enim
2487 3048 2635 3103 nudo
2669 3050 2893 3102 nomine
2926 3057 3103 3111 tenus,
3137 3062 3311 3117 neque
3342 3049 3429 3101 in-

1865 3144 1945 3191 tra
1970 3136 2185 3192 brevem
2209 3136 2541 3208 syllabarum
2562 3134 3037 3204 compositionem,
3061 3139 3428 3189 venerandum

1864 3243 2231 3298 magnumque
2296 3229 2613 3298 mysterium
2680 3227 3184 3281 cir‘cumscrihebat.
3249 3227 3432 3292 Quam

1860 3336 2051 3375 rursus
2088 3320 2281 3376 audire
2310 3320 2529 3391 expedit
2574 3334 2856 3376 sacrorum
2905 3320 3274 3388 magisterium
3308 3336 3433 3374 vcr.

1862 3414 2097 3467 borum:
2138 3412 2324 3467 Nonne
2370 3414 2417 3466 is
2469 3422 2575 3476 est,
2620 3412 2715 3481 qui
2756 3411 3007 3465 vastabat
3046 3408 3434 3479 Hierosolymis

1863 3518 2060 3557 nomen
2094 3503 2194 3557 hoc
2214 3503 2237 3556 l
2257 3502 2508 3569 Quonam
2549 3514 2730 3557 autem
2762 3511 2921 3572 pacto
2937 3501 3104 3556 dictio
3128 3517 3250 3570 quae
3284 3501 3433 3555 brevi

1862 3592 1985 3646 eris
2015 3581 2366 3661 percussione
2389 3593 2597 3656 ﬁnitur,
2622 3593 2932 3648 vastitatem
2956 3592 3220 3648 fecisset?
3245 3592 3434 3657 dictio,

1865 3678 2106 3747 inquam,
2140 3696 2261 3749 qua
2292 3683 2500 3736 nullum
2540 3697 2637 3752 per
2668 3698 2727 3736 se
2765 3696 2990 3737 sensum
3032 3682 3297 3745 continet,
3335 3699 3434 3737 ne-

1864 3786 1973 3841 que
2011 3772 2368 3844 theologicam
2400 3774 2641 3843 aliquam
2674 3774 3003 3829 sententiam
3028 3775 3306 3843 exprimit,
3339 3791 3435 3830 nev

1864 3879 1972 3932 que
2006 3865 2061 3917 in
2095 3865 2379 3919 hominum
2415 3867 2617 3921 animis
2644 3860 2925 3920 deﬁnitum
2973 3866 3192 3935 aliquod
3242 3868 3438 3936 dogma

1867 3954 2187 4024 imprimere
2226 3965 2438 4026 potest;
2468 3972 2590 4027 qua:
2617 3957 2855 4026 denique
2882 3956 3256 4011 exsistentiaui
3291 3958 3438 4013 haud

1865 4045 2250 4115 longaeviorem
2304 4049 2586 4103 nativitate
2623 4049 2807 4102 habet.
2844 4046 3197 4117 Perspicuum
3225 4056 3308 4102 est
3336 4050 3440 4103 ita-

1866 4152 1990 4206 que,
2029 4152 2174 4192 nuuc
2200 4138 2252 4191 iu
2276 4139 2543 4193 vocabulo
2564 4155 2749 4192 nomen
2774 4138 2916 4191 haud
2938 4148 3256 4192 consuetam
3290 4139 3434 4193 illam

1867 4229 2349 4298 pervulgatamque
2384 4231 2811 4299 signiﬁcantiam
2850 4246 2973 4284 esse
3010 4230 3433 4299 intelligendam,

1866 4320 1960 4373 sed
1991 4320 2307 4391 mysterium
2344 4323 2524 4389 potius
2550 4336 2661 4389 quo
2688 4322 2878 4389 religio
2906 4320 3157 4375 universa
3193 4321 3436 4375 .nnuitur

1869 4425 1933 4465 ac
1968 4411 2274 4475 denotatur,
2318 4426 2512 4481 nempe
2553 4411 2881 4480 exquisitam
2935 4410 3210 4481 Evangelii
3258 4412 3435 4465 scien.

183 4516 346 4579 νοίας
372 4516 530 4585 ἡμῶν
552 4512 937 4584 ἀμϐαθύνεται,
957 4512 1051 4565 καὶ
1070 4510 1318 4581 θεμέλιον
1330 4510 1596 4580 λαμϐάνει
1613 4510 1763 4580 ἀδρα-

1871 4501 2003 4555 tiam
2060 4516 2183 4571 qua:
2230 4516 2298 4556 ex
2347 4502 2500 4556 omni
2552 4512 2738 4556 nostra
2794 4501 3097 4569 theologica
3147 4500 3435 4570 disciplina

184 4608 430 4678 ζόμενον
452 4608 520 4675 τῇ
544 4605 655 4657 τῶν
687 4604 1049 4658 πιστευόντων
1071 4601 1307 4673 φιλοθέῳ
1337 4601 1531 4674 γνώμῃ
1569 4601 1664 4656 καὶ
1701 4604 1769 4673 τῇ

185 4700 530 4770 στερρότητι
562 4694 659 4749 τοῦ
685 4695 1054 4765 φρονήματος.
1097 4692 1269 4745 Τοῦτο
1293 4692 1357 4744 τὸ
1378 4692 1550 4762 δνομα
1586 4692 1616 4744 6
1642 4693 1772 4762 πρὶν

187 4791 303 4859 μὲν
347 4786 553 4847 ⁴Σαῦλος
597 4786 927 4855 ὲπολ-ιόρκει,
975 4786 1005 4838 6
1051 4784 1110 4837 δὲ
1156 4784 1293 4853 μετά
1339 4782 1516 4837 ταῦτα
1563 4782 1773 4847 Παῦλος

185 4880 436 4933 ἐνώπιον
462 4873 631 4929 έθνῶν
662 4878 755 4929 καὶ
803 4874 1069 4946 βασιλέων
1111 4871 1443 4938 ιϐάσταζεν,
1481 4874 1773 4943 ἀπερίτρε-

185 4988 336 5024 πτον
357 4968 517 5021 τοῦτο
542 4968 640 5019 καὶ
663 4965 1109 5033 ἀκαταγώνιοτον
1148 4964 1297 5027 ίδίοις
1331 4963 1772 5033 δπιδεικνύμενος

184 5062 510 5130 άγνίσμασι
534 5102 548 5123 ,
596 5060 690 5111 καὶ
741 5057 911 5111 πολλὰ
958 5057 1068 5110 τῶν
1095 5056 1266 5110 ιθνῶν
1294 5056 1401 5109 ἀπὸ
1442 5056 1543 5125 τῆς
1578 5056 1772 5109 δυσσε-

184 5154 361 5214 ϐείας
395 5154 473 5214 είς
522 5150 725 5219 ταύτην
780 5149 1130 5218 μεθαρμόσας
1184 5148 1279 5200 καὶ
1328 5148 1771 5217 μυσταγωγήσας

184 5247 300 5314 τὴν
334 5243 641 5297 εὐσέϐειαν.
663 5243 751 5293 Δεῖ
784 5241 982 5304 τοίνυν,
1008 5240 1229 5293 ἐπειδάν
1250 5239 1315 5291 τά
1348 5238 1519 5303 Λόγια
1541 5238 1672 5308 λέγῃ
1699 5236 1775 5300 ὡς

186 5334 505 5397 ἐϐάπτιζον
536 5334 585 5385 oi
615 5333 854 5403 μαθηταὶ
886 5334 943 5385 έν
964 5331 1043 5401 τῷ
1071 5330 1297 5401 ὀνόματι
1318 5328 1493 5399 Ἰησοῦ
1516 5328 1775 5401 Χριστοῦ,

186 5428 225 5497 ἢ
264 5424 398 5479 κατ’
424 5421 589 5491 ἀλλην
616 5421 741 5475 τινά
758 5420 1031 5491 συνθήκην
1056 5419 1438 5491 παραπλησίου
1460 5419 1618 5486 λόγου
1642 5435 1778 5488 συμ-

193 5515 555 5589 φερομένην,
594 5513 674 5582 τῷ
712 5512 1059 5582 προκειμένῳ
1100 5510 1201 5580 τῆς
1227 5512 1601 5581 ,ἐκφωνήσεως
1625 5511 1778 5581 τύπῳ

188 5600 521 5665 ἀκολούθως
548 5616 606 5656 τε
644 5598 739 5654 καὶ
766 5598 1084 5668 θεοπρεπῶς
1131 5598 1351 5653 ἐννοεῖν·
1387 5598 1483 5651 καὶ
1514 5596 1623 5650 τῶν
1672 5615 1778 5665 μα-

274 5781 329 5814 ⁸⁸
369 5776 557 5833 Iatth.
592 5791 710 5838 vin,
740 5775 827 5829 29.
911 5774 953 5805 ³⁸
984 5775 1103 5827 Aet.
1149 5789 1222 5826 Ix.
1275 5772 1357 5825 l6.

1868 4602 2075 4647 manat.
2112 4592 2225 4648 Hoc
2268 4608 2493 4657 nomen,
2544 4609 2640 4648 seu
2690 4594 2873 4663 potius
2928 4592 3051 4646 ﬁdei
3095 4608 3332 4656 summa,
3381 4601 3437 4647 et

1870 4684 2143 4737 mentibus
2177 4684 2381 4738 nostris
2412 4683 2758 4752 insculpitur,
2790 4691 2845 4737 et
2869 4682 3239 4738 fundamentis
3267 4682 3436 4736 utitur

1870 4774 1955 4843 pia
1989 4774 2327 4828 credentium
2373 4782 2556 4828 mente
2588 4774 3006 4843 constantiaque
3036 4774 3317 4828 sententiae
3342 4774 3436 4828 lir-

1872 4867 2055 4920 matis.
2092 4866 2206 4921 Hoc
2256 4862 2457 4919 Saulus
2515 4880 2709 4920 nomen
2746 4865 3023 4927 vastabat;
3076 4873 3238 4932 atque
3294 4864 3436 4917 idem

1874 4968 2059 5027 postea
2089 4956 2294 5011 Paulus
2321 4971 2504 5011 coram
2531 4956 2783 5026 gentibus
2809 4955 3135 5026 regibusque
3156 4956 3434 5022 portabat;

1875 5048 2245 5116 insuperabile
2270 5047 2323 5101 id
2346 5056 2508 5116 atque
2537 5046 2797 5100 invictum
2830 5046 2948 5100 suis
3000 5047 3131 5115 ipsis
3179 5044 3437 5097 facinori-

1877 5140 1981 5194 bus
2015 5138 2304 5201 exhibens,
2355 5137 2662 5205 multasque
2690 5144 2881 5205 gentes
2933 5136 3005 5189 ab
3050 5136 3323 5204 impietate
3370 5134 3437 5187 ad

1878 5245 2062 5284 veram
2097 5230 2412 5298 religionem
2444 5229 2789 5298 pertraliens,
2836 5228 3117 5295 sacrisque
3171 5227 3436 5278 imbuens.

1879 5322 2051 5391 Igitur
2080 5321 2513 5391 quotiescunque
2557 5318 2699 5387 apud
2724 5333 2911 5372 sacras
2934 5315 3165 5370 Litteras
3188 5316 3443 5367 dicuntur

1883 5412 2135 5482 discipuli
2164 5410 2527 5480 baptisavisse
2555 5410 2609 5463 in
2630 5407 2833 5463 Christi
2874 5406 3091 5459 nomine
3120 5412 3212 5457 aut
3246 5420 3443 5457 secun-

1883 5504 2013 5559 dum
2045 5502 2206 5557 aliam
2232 5498 2525 5556 locutionis
2554 5498 2752 5553 similis
2789 5496 3100 5558 formulam,
3156 5495 3205 5546 id
3247 5492 3447 5545 intelli-

1886 5594 2121 5667 gendum
2150 5600 2235 5651 est
2270 5591 2435 5664 digne
2466 5606 2531 5647 ac
2562 5590 2951 5647 convenienter
2980 5595 3140 5657 prout
3172 5583 3277 5640 fert
3318 5594 3446 5654 ρης
