  <div class='ocr_page' id='page_1' title='image "/cluster/home/n/w/nwhite01/storage/ocr_20150623/101/nnc1.0046980164/183.png"; bbox 0 0 4202 6442; ppageno 0'>
   <div class='ocr_carea' id='block_1_1' title="bbox 758 410 864 476">
    <p class='ocr_par' dir='ltr' id='par_1_1' title="bbox 758 410 864 476">
     <span class='ocr_line' id='line_1_1' title="bbox 758 410 864 476; baseline -0.047 -1"><span class='ocrx_word' id='word_1_1' title='bbox 758 410 864 476; x_wconf 69' lang='grc'><strong>319</strong></span> 
     </span>
    </p>
   </div>
   <div class='ocr_carea' id='block_1_2' title="bbox 1900 386 2837 452">
    <p class='ocr_par' dir='ltr' id='par_1_2' title="bbox 1900 386 2837 452">
     <span class='ocr_line' id='line_1_2' title="bbox 1900 386 2837 452; baseline -0.009 0"><span class='ocrx_word' id='word_1_2' title='bbox 1900 391 2124 452; x_wconf 80' lang='grc' dir='ltr'><strong>ΡΗΟΤΙ</strong></span> <span class='ocrx_word' id='word_1_3' title='bbox 2137 392 2160 449; x_wconf 86' lang='grc' dir='ltr'>Ι</span> <span class='ocrx_word' id='word_1_4' title='bbox 2199 391 2386 450; x_wconf 77' lang='lat' dir='ltr'><strong>PATR</strong></span> <span class='ocrx_word' id='word_1_5' title='bbox 2399 389 2416 446; x_wconf 89' lang='lat' dir='ltr'><strong>l</strong></span> <span class='ocrx_word' id='word_1_6' title='bbox 2430 391 2468 447; x_wconf 79' lang='grc' dir='ltr'>Α</span> <span class='ocrx_word' id='word_1_7' title='bbox 2479 388 2627 448; x_wconf 79' lang='lat' dir='ltr'><strong>RCH</strong></span> <span class='ocrx_word' id='word_1_8' title='bbox 2638 386 2700 446; x_wconf 68' lang='grc' dir='ltr'><strong>[Ε</strong></span> <span class='ocrx_word' id='word_1_9' title='bbox 2730 387 2837 448; x_wconf 80' lang='lat' dir='ltr'><strong>CP.</strong></span> 
     </span>
    </p>
   </div>
   <div class='ocr_carea' id='block_1_3' title="bbox 3893 391 4004 455">
    <p class='ocr_par' dir='ltr' id='par_1_3' title="bbox 3893 391 4004 455">
     <span class='ocr_line' id='line_1_3' title="bbox 3893 391 4004 455; baseline 0 0"><span class='ocrx_word' id='word_1_10' title='bbox 3893 391 4004 455; x_wconf 70' lang='lat'><strong>320</strong></span> 
     </span>
    </p>
   </div>
   <div class='ocr_carea' id='block_1_4' title="bbox 761 496 2406 595">
    <p class='ocr_par' dir='ltr' id='par_1_4' title="bbox 761 497 2406 595">
     <span class='ocr_line' id='line_1_4' title="bbox 761 497 2406 595; baseline -0.017 -18"><span class='ocrx_word' id='word_1_11' title='bbox 761 519 972 595; x_wconf 77' lang='lat' dir='ltr'><strong>positus</strong></span> <span class='ocrx_word' id='word_1_12' title='bbox 1023 526 1242 571; x_wconf 71' lang='lat' dir='ltr'><strong>tessera:</strong></span> <span class='ocrx_word' id='word_1_13' title='bbox 1298 517 1479 578; x_wconf 80' lang='lat' dir='ltr'><strong>typus,</strong></span> <span class='ocrx_word' id='word_1_14' title='bbox 1541 519 1718 574; x_wconf 83' lang='lat' dir='ltr'><strong>neque</strong></span> <span class='ocrx_word' id='word_1_15' title='bbox 1778 497 2406 595; x_wconf 33' lang='lat' dir='ltr'><strong>imlignum-aliquidA</strong></span> 
     </span>
    </p>
   </div>
   <div class='ocr_carea' id='block_1_5' title="bbox 2450 496 4006 595">
    <p class='ocr_par' dir='ltr' id='par_1_5' title="bbox 2450 496 4006 574">
     <span class='ocr_line' id='line_1_5' title="bbox 2450 496 4006 574; baseline 0.003 -24"><span class='ocrx_word' id='word_1_16' title='bbox 2450 498 2609 568; x_wconf 66' lang='grc' dir='ltr'><strong>ιητῶν</strong></span> <span class='ocrx_word' id='word_1_17' title='bbox 2636 498 2806 567; x_wconf 81' lang='grc' dir='ltr'><strong>μηδὲν</strong></span> <span class='ocrx_word' id='word_1_18' title='bbox 2828 496 3046 561; x_wconf 72' lang='grc' dir='ltr'><strong>ἀνάξιον</strong></span> <span class='ocrx_word' id='word_1_19' title='bbox 3076 497 3351 560; x_wconf 81' lang='grc' dir='ltr'><strong>ὑπονοεῖν,</strong></span> <span class='ocrx_word' id='word_1_20' title='bbox 3378 498 3511 551; x_wconf 82' lang='grc' dir='ltr'><strong>ἀλλά</strong></span> <span class='ocrx_word' id='word_1_21' title='bbox 3536 499 3676 554; x_wconf 88' lang='grc' dir='ltr'><strong>κατά</strong></span> <span class='ocrx_word' id='word_1_22' title='bbox 3705 503 3769 554; x_wconf 83' lang='grc' dir='ltr'><strong>τὸ</strong></span> <span class='ocrx_word' id='word_1_23' title='bbox 3798 506 3944 574; x_wconf 78' lang='grc' dir='ltr'><strong>κὴρυ</strong></span> <span class='ocrx_word' id='word_1_24' title='bbox 3964 526 4006 570; x_wconf 45' lang='grc' dir='ltr'><strong>ι·-</strong></span> 
     </span>
    </p>
   </div>
   <div class='ocr_carea' id='block_1_6' title="bbox 767 586 2326 670">
    <p class='ocr_par' dir='ltr' id='par_1_6' title="bbox 767 586 2326 670">
     <span class='ocr_line' id='line_1_6' title="bbox 767 586 2326 670; baseline -0.017 -3"><span class='ocrx_word' id='word_1_25' title='bbox 767 586 956 668; x_wconf 76' lang='lat' dir='ltr'><strong>contra</strong></span> <span class='ocrx_word' id='word_1_26' title='bbox 984 603 1280 670; x_wconf 84' lang='lat' dir='ltr'><strong>discipulos</strong></span> <span class='ocrx_word' id='word_1_27' title='bbox 1308 596 1737 666; x_wconf 83' lang='lat' dir='ltr'><strong>suspicandum;</strong></span> <span class='ocrx_word' id='word_1_28' title='bbox 1779 591 1870 646; x_wconf 90' lang='lat' dir='ltr'><strong>sed</strong></span> <span class='ocrx_word' id='word_1_29' title='bbox 1906 586 2196 644; x_wconf 83' lang='lat' dir='ltr'><strong>fatendum</strong></span> <span class='ocrx_word' id='word_1_30' title='bbox 2229 603 2326 656; x_wconf 87' lang='lat' dir='ltr'><strong>po-</strong></span> 
     </span>
    </p>
   </div>
   <div class='ocr_carea' id='block_1_7' title="bbox 763 682 2326 766">
    <p class='ocr_par' dir='ltr' id='par_1_7' title="bbox 763 682 2326 766">
     <span class='ocr_line' id='line_1_7' title="bbox 763 682 2326 766; baseline -0.019 -6"><span class='ocrx_word' id='word_1_31' title='bbox 763 709 892 764; x_wconf 50' lang='lat' dir='ltr'><strong>tius,</strong></span> <span class='ocrx_word' id='word_1_32' title='bbox 937 700 1089 766; x_wconf 75' lang='lat' dir='ltr'><strong>juxta</strong></span> <span class='ocrx_word' id='word_1_33' title='bbox 1127 691 1432 748; x_wconf 78' lang='lat' dir='ltr'><strong>doctrinam</strong></span> <span class='ocrx_word' id='word_1_34' title='bbox 1484 684 1791 740; x_wconf 78' lang='lat' dir='ltr'><strong>Scrvatoris</strong></span> <span class='ocrx_word' id='word_1_35' title='bbox 1825 699 1888 738; x_wconf 88' lang='lat' dir='ltr'><strong>ac</strong></span> <span class='ocrx_word' id='word_1_36' title='bbox 1933 682 2326 750; x_wconf 78' lang='lat' dir='ltr'><strong>magisterium,</strong></span> 
     </span>
    </p>
   </div>
   <div class='ocr_carea' id='block_1_8' title="bbox 763 774 2328 863">
    <p class='ocr_par' dir='ltr' id='par_1_8' title="bbox 763 774 2328 863">
     <span class='ocr_line' id='line_1_8' title="bbox 763 774 2328 863; baseline -0.017 -12"><span class='ocrx_word' id='word_1_37' title='bbox 763 795 1035 863; x_wconf 87' lang='lat' dir='ltr'><strong>apostolos</strong></span> <span class='ocrx_word' id='word_1_38' title='bbox 1066 803 1272 842; x_wconf 80' lang='lat' dir='ltr'><strong>sacram</strong></span> <span class='ocrx_word' id='word_1_39' title='bbox 1313 781 1777 850; x_wconf 75' lang='lat' dir='ltr'><strong>regenerationem</strong></span> <span class='ocrx_word' id='word_1_40' title='bbox 1819 779 2079 846; x_wconf 85' lang='lat' dir='ltr'><strong>perlicere</strong></span> <span class='ocrx_word' id='word_1_41' title='bbox 2114 774 2328 833; x_wconf 84' lang='lat' dir='ltr'><strong>solitos,</strong></span> 
     </span>
    </p>
   </div>
   <div class='ocr_carea' id='block_1_9' title="bbox 763 864 2332 948">
    <p class='ocr_par' dir='ltr' id='par_1_9' title="bbox 763 864 2332 948">
     <span class='ocr_line' id='line_1_9' title="bbox 763 864 2332 948; baseline -0.015 -10"><span class='ocrx_word' id='word_1_42' title='bbox 763 888 1007 948; x_wconf 78' lang='lat' dir='ltr'><strong>aliosque</strong></span> <span class='ocrx_word' id='word_1_43' title='bbox 1041 878 1242 948; x_wconf 87' lang='lat' dir='ltr'><strong>pariter</strong></span> <span class='ocrx_word' id='word_1_44' title='bbox 1277 873 1346 928; x_wconf 87' lang='lat' dir='ltr'><strong>ad</strong></span> <span class='ocrx_word' id='word_1_45' title='bbox 1379 875 1427 925; x_wconf 94' lang='lat' dir='ltr'><strong>id</strong></span> <span class='ocrx_word' id='word_1_46' title='bbox 1467 871 1769 924; x_wconf 84' lang='lat' dir='ltr'><strong>faciendum</strong></span> <span class='ocrx_word' id='word_1_47' title='bbox 1800 865 2134 927; x_wconf 89' lang='lat' dir='ltr'><strong>erudivisse;</strong></span> <span class='ocrx_word' id='word_1_48' title='bbox 2179 864 2250 916; x_wconf 89' lang='lat' dir='ltr'><strong>ita</strong></span> <span class='ocrx_word' id='word_1_49' title='bbox 2275 873 2332 914; x_wconf 94' lang='lat' dir='ltr'><strong>ut</strong></span> 
     </span>
    </p>
   </div>
   <div class='ocr_carea' id='block_1_10' title="bbox 763 955 2328 1045">
    <p class='ocr_par' dir='ltr' id='par_1_10' title="bbox 763 955 2328 1045">
     <span class='ocr_line' id='line_1_10' title="bbox 763 955 2328 1045; baseline -0.017 -15"><span class='ocrx_word' id='word_1_50' title='bbox 763 987 954 1045; x_wconf 77' lang='lat' dir='ltr'><strong>pra-ter</strong></span> <span class='ocrx_word' id='word_1_51' title='bbox 991 970 1326 1024; x_wconf 81' lang='lat' dir='ltr'><strong>ftominicnm</strong></span> <span class='ocrx_word' id='word_1_52' title='bbox 1357 971 1684 1034; x_wconf 62' lang='lat' dir='ltr'><strong>praeceptum</strong></span> <span class='ocrx_word' id='word_1_53' title='bbox 1717 959 2042 1028; x_wconf 83' lang='lat' dir='ltr'><strong>cogitarent.</strong></span> <span class='ocrx_word' id='word_1_54' title='bbox 2067 955 2328 1016; x_wconf 82' lang='lat' dir='ltr'><strong>dicerent,</strong></span> 
     </span>
    </p>
   </div>
   <div class='ocr_carea' id='block_1_11' title="bbox 765 1061 1253 1122">
    <p class='ocr_par' dir='ltr' id='par_1_11' title="bbox 765 1061 1253 1122">
     <span class='ocr_line' id='line_1_11' title="bbox 765 1061 1253 1122; baseline -0.02 -1"><span class='ocrx_word' id='word_1_55' title='bbox 765 1070 1070 1122; x_wconf 58' lang='grc' dir='ltr'><strong>[περι-θυαε</strong></span> <span class='ocrx_word' id='word_1_56' title='bbox 1096 1061 1253 1115; x_wconf 87' lang='lat' dir='ltr'><strong>nihil.</strong></span> 
     </span>
    </p>
   </div>
   <div class='ocr_carea' id='block_1_12' title="bbox 837 1159 2332 1233">
    <p class='ocr_par' dir='ltr' id='par_1_12' title="bbox 837 1159 2332 1233">
     <span class='ocr_line' id='line_1_12' title="bbox 837 1159 2332 1233; baseline -0.013 -7"><span class='ocrx_word' id='word_1_57' title='bbox 837 1178 920 1229; x_wconf 79' lang='lat' dir='ltr'><strong>t3.</strong></span> <span class='ocrx_word' id='word_1_58' title='bbox 963 1174 1065 1228; x_wconf 77' lang='lat' dir='ltr'><strong>Sed</strong></span> <span class='ocrx_word' id='word_1_59' title='bbox 1116 1173 1345 1224; x_wconf 76' lang='lat' dir='ltr'><strong>fortasse</strong></span> <span class='ocrx_word' id='word_1_60' title='bbox 1391 1164 1592 1233; x_wconf 82' lang='lat' dir='ltr'><strong>aliquis</strong></span> <span class='ocrx_word' id='word_1_61' title='bbox 1628 1159 1939 1216; x_wconf 84' lang='lat' dir='ltr'><strong>ratiocinari</strong></span> <span class='ocrx_word' id='word_1_62' title='bbox 1978 1172 2224 1226; x_wconf 84' lang='lat' dir='ltr'><strong>pergens,</strong></span> <span class='ocrx_word' id='word_1_63' title='bbox 2267 1171 2332 1208; x_wconf 91' lang='lat' dir='ltr'><strong>ne</strong></span> 
     </span>
    </p>
   </div>
   <div class='ocr_carea' id='block_1_13' title="bbox 763 1246 2331 1324">
    <p class='ocr_par' dir='ltr' id='par_1_13' title="bbox 763 1246 2331 1324">
     <span class='ocr_line' id='line_1_13' title="bbox 763 1246 2331 1324; baseline -0.015 -1"><span class='ocrx_word' id='word_1_64' title='bbox 763 1269 937 1324; x_wconf 85' lang='lat' dir='ltr'><strong>dicam</strong></span> <span class='ocrx_word' id='word_1_65' title='bbox 973 1263 1243 1322; x_wconf 81' lang='lat' dir='ltr'><strong>altercari.</strong></span> <span class='ocrx_word' id='word_1_66' title='bbox 1270 1261 1312 1314; x_wconf 88' lang='lat' dir='ltr'><strong>si</strong></span> <span class='ocrx_word' id='word_1_67' title='bbox 1343 1259 1396 1312; x_wconf 90' lang='lat' dir='ltr'><strong>in</strong></span> <span class='ocrx_word' id='word_1_68' title='bbox 1430 1257 1672 1318; x_wconf 86' lang='lat' dir='ltr'><strong>nomine,</strong></span> <span class='ocrx_word' id='word_1_69' title='bbox 1701 1255 1896 1322; x_wconf 87' lang='lat' dir='ltr'><strong>inquit,</strong></span> <span class='ocrx_word' id='word_1_70' title='bbox 1924 1249 2101 1304; x_wconf 85' lang='lat' dir='ltr'><strong>Patris</strong></span> <span class='ocrx_word' id='word_1_71' title='bbox 2126 1256 2176 1301; x_wconf 88' lang='lat' dir='ltr'><strong>et</strong></span> <span class='ocrx_word' id='word_1_72' title='bbox 2210 1246 2331 1300; x_wconf 83' lang='lat' dir='ltr'><strong>Filii</strong></span> 
     </span>
    </p>
   </div>
   <div class='ocr_carea' id='block_1_14' title="bbox 763 1341 2330 1423">
    <p class='ocr_par' dir='ltr' id='par_1_14' title="bbox 763 1341 2330 1423">
     <span class='ocr_line' id='line_1_14' title="bbox 763 1341 2330 1423; baseline -0.015 -8"><span class='ocrx_word' id='word_1_73' title='bbox 763 1371 816 1415; x_wconf 89' lang='lat' dir='ltr'><strong>et</strong></span> <span class='ocrx_word' id='word_1_74' title='bbox 858 1359 1028 1414; x_wconf 83' lang='lat' dir='ltr'><strong>sancti</strong></span> <span class='ocrx_word' id='word_1_75' title='bbox 1089 1354 1327 1423; x_wconf 82' lang='lat' dir='ltr'><strong>Spiritus</strong></span> <span class='ocrx_word' id='word_1_76' title='bbox 1374 1347 1726 1418; x_wconf 82' lang='lat' dir='ltr'><strong>baptizabant</strong></span> <span class='ocrx_word' id='word_1_77' title='bbox 1762 1341 2055 1410; x_wconf 86' lang='lat' dir='ltr'><strong>discipuli,</strong></span> <span class='ocrx_word' id='word_1_78' title='bbox 2107 1354 2330 1393; x_wconf 90' lang='lat' dir='ltr'><strong>curnam</strong></span> 
     </span>
    </p>
   </div>
   <div class='ocr_carea' id='block_1_15' title="bbox 765 1429 2330 1506">
    <p class='ocr_par' dir='ltr' id='par_1_15' title="bbox 765 1429 2330 1506">
     <span class='ocr_line' id='line_1_15' title="bbox 765 1429 2330 1506; baseline -0.016 -2"><span class='ocrx_word' id='word_1_79' title='bbox 765 1453 819 1505; x_wconf 93' lang='lat' dir='ltr'><strong>in</strong></span> <span class='ocrx_word' id='word_1_80' title='bbox 851 1448 1068 1502; x_wconf 88' lang='lat' dir='ltr'><strong>nomine</strong></span> <span class='ocrx_word' id='word_1_81' title='bbox 1097 1442 1301 1499; x_wconf 82' lang='lat' dir='ltr'><strong>Christi</strong></span> <span class='ocrx_word' id='word_1_82' title='bbox 1343 1451 1436 1494; x_wconf 89' lang='lat' dir='ltr'><strong>aut</strong></span> <span class='ocrx_word' id='word_1_83' title='bbox 1482 1439 1605 1493; x_wconf 89' lang='lat' dir='ltr'><strong>aliis</strong></span> <span class='ocrx_word' id='word_1_84' title='bbox 1638 1433 1902 1506; x_wconf 85' lang='lat' dir='ltr'><strong>ejusmodi</strong></span> <span class='ocrx_word' id='word_1_85' title='bbox 1945 1431 2196 1484; x_wconf 83' lang='lat' dir='ltr'><strong>formulis</strong></span> <span class='ocrx_word' id='word_1_86' title='bbox 2229 1429 2330 1482; x_wconf 83' lang='lat' dir='ltr'><strong>ba-</strong></span> 
     </span>
    </p>
   </div>
   <div class='ocr_carea' id='block_1_16' title="bbox 765 1519 2327 1610">
    <p class='ocr_par' dir='ltr' id='par_1_16' title="bbox 765 1519 2327 1610">
     <span class='ocr_line' id='line_1_16' title="bbox 765 1519 2327 1610; baseline -0.015 -16"><span class='ocrx_word' id='word_1_87' title='bbox 765 1542 970 1610; x_wconf 77' lang='lat' dir='ltr'><strong>ptizare</strong></span> <span class='ocrx_word' id='word_1_88' title='bbox 988 1538 1238 1590; x_wconf 77' lang='lat' dir='ltr'><strong>dicuntur</strong></span> <span class='ocrx_word' id='word_1_89' title='bbox 1259 1534 1283 1586; x_wconf 84' lang='lat'><strong>?</strong></span> <span class='ocrx_word' id='word_1_90' title='bbox 1308 1531 1464 1601; x_wconf 83' lang='lat' dir='ltr'><strong>Atqui</strong></span> <span class='ocrx_word' id='word_1_91' title='bbox 1492 1529 1654 1595; x_wconf 85' lang='lat' dir='ltr'><strong>hujus</strong></span> <span class='ocrx_word' id='word_1_92' title='bbox 1683 1527 1757 1580; x_wconf 89' lang='lat' dir='ltr'><strong>rei</strong></span> <span class='ocrx_word' id='word_1_93' title='bbox 1786 1525 1936 1578; x_wconf 89' lang='lat' dir='ltr'><strong>notio</strong></span> <span class='ocrx_word' id='word_1_94' title='bbox 1971 1524 2024 1576; x_wconf 89' lang='lat' dir='ltr'><strong>in</strong></span> <span class='ocrx_word' id='word_1_95' title='bbox 2053 1535 2218 1588; x_wconf 88' lang='lat' dir='ltr'><strong>supra</strong></span> <span class='ocrx_word' id='word_1_96' title='bbox 2254 1519 2327 1573; x_wconf 83' lang='lat' dir='ltr'><strong>di-</strong></span> 
     </span>
    </p>
   </div>
   <div class='ocr_carea' id='block_1_17' title="bbox 765 1612 2334 1698">
    <p class='ocr_par' dir='ltr' id='par_1_17' title="bbox 765 1612 2334 1698">
     <span class='ocr_line' id='line_1_17' title="bbox 765 1612 2334 1698; baseline -0.013 -14"><span class='ocrx_word' id='word_1_97' title='bbox 765 1631 868 1686; x_wconf 86' lang='lat' dir='ltr'><strong>ctis</strong></span> <span class='ocrx_word' id='word_1_98' title='bbox 887 1630 997 1698; x_wconf 86' lang='lat' dir='ltr'><strong>jam</strong></span> <span class='ocrx_word' id='word_1_99' title='bbox 1021 1627 1154 1681; x_wconf 89' lang='lat' dir='ltr'><strong>satis</strong></span> <span class='ocrx_word' id='word_1_100' title='bbox 1173 1624 1416 1692; x_wconf 76' lang='lat' dir='ltr'><strong>exposita</strong></span> <span class='ocrx_word' id='word_1_101' title='bbox 1433 1630 1537 1675; x_wconf 84' lang='lat' dir='ltr'><strong>est.</strong></span> <span class='ocrx_word' id='word_1_102' title='bbox 1557 1618 1764 1672; x_wconf 86' lang='lat' dir='ltr'><strong>Suflicit</strong></span> <span class='ocrx_word' id='word_1_103' title='bbox 1783 1617 1950 1678; x_wconf 88' lang='lat' dir='ltr'><strong>enim,</strong></span> <span class='ocrx_word' id='word_1_104' title='bbox 1973 1612 2334 1682; x_wconf 85' lang='lat' dir='ltr'><strong>complurium</strong></span> 
     </span>
    </p>
   </div>
   <div class='ocr_carea' id='block_1_18' title="bbox 767 1702 2338 1780">
    <p class='ocr_par' dir='ltr' id='par_1_18' title="bbox 767 1702 2338 1780">
     <span class='ocr_line' id='line_1_18' title="bbox 767 1702 2338 1780; baseline -0.013 -5"><span class='ocrx_word' id='word_1_105' title='bbox 767 1722 963 1780; x_wconf 86' lang='lat' dir='ltr'><strong>instar.</strong></span> <span class='ocrx_word' id='word_1_106' title='bbox 996 1717 1040 1771; x_wconf 87' lang='lat' dir='ltr'><strong>si</strong></span> <span class='ocrx_word' id='word_1_107' title='bbox 1079 1717 1192 1769; x_wconf 77' lang='lat' dir='ltr'><strong>hzec</strong></span> <span class='ocrx_word' id='word_1_108' title='bbox 1219 1711 1594 1768; x_wconf 79' lang='lat' dir='ltr'><strong>controversia</strong></span> <span class='ocrx_word' id='word_1_109' title='bbox 1639 1708 1776 1762; x_wconf 90' lang='lat' dir='ltr'><strong>mori</strong></span> <span class='ocrx_word' id='word_1_110' title='bbox 1834 1719 2115 1759; x_wconf 87' lang='lat' dir='ltr'><strong>sacrarum</strong></span> <span class='ocrx_word' id='word_1_111' title='bbox 2171 1702 2338 1755; x_wconf 86' lang='lat' dir='ltr'><strong>Litte-</strong></span> 
     </span>
    </p>
   </div>
   <div class='ocr_carea' id='block_1_19' title="bbox 765 1792 2334 1875">
    <p class='ocr_par' dir='ltr' id='par_1_19' title="bbox 765 1792 2334 1875">
     <span class='ocr_line' id='line_1_19' title="bbox 765 1792 2334 1875; baseline -0.013 -11"><span class='ocrx_word' id='word_1_112' title='bbox 765 1824 952 1865; x_wconf 85' lang='lat' dir='ltr'><strong>rarum</strong></span> <span class='ocrx_word' id='word_1_113' title='bbox 989 1809 1318 1875; x_wconf 80' lang='lat' dir='ltr'><strong>impntctur;</strong></span> <span class='ocrx_word' id='word_1_114' title='bbox 1349 1802 1464 1856; x_wconf 89' lang='lat' dir='ltr'><strong>etsi</strong></span> <span class='ocrx_word' id='word_1_115' title='bbox 1497 1802 1543 1854; x_wconf 94' lang='lat' dir='ltr'><strong>is</strong></span> <span class='ocrx_word' id='word_1_116' title='bbox 1564 1799 1656 1869; x_wconf 88' lang='lat' dir='ltr'><strong>qui</strong></span> <span class='ocrx_word' id='word_1_117' title='bbox 1687 1799 1830 1852; x_wconf 85' lang='lat' dir='ltr'><strong>banc</strong></span> <span class='ocrx_word' id='word_1_118' title='bbox 1862 1796 1962 1851; x_wconf 83' lang='lat' dir='ltr'><strong>sibi</strong></span> <span class='ocrx_word' id='word_1_119' title='bbox 1997 1792 2334 1848; x_wconf 87' lang='lat' dir='ltr'><strong>tractandam</strong></span> 
     </span>
    </p>
   </div>
   <div class='ocr_carea' id='block_1_20' title="bbox 767 1885 2406 1963">
    <p class='ocr_par' dir='ltr' id='par_1_20' title="bbox 767 1885 2406 1963">
     <span class='ocr_line' id='line_1_20' title="bbox 767 1885 2406 1963; baseline -0.013 -5"><span class='ocrx_word' id='word_1_120' title='bbox 767 1903 956 1963; x_wconf 87' lang='lat' dir='ltr'><strong>sumit,</strong></span> <span class='ocrx_word' id='word_1_121' title='bbox 998 1915 1104 1952; x_wconf 90' lang='lat' dir='ltr'><strong>non</strong></span> <span class='ocrx_word' id='word_1_122' title='bbox 1140 1909 1248 1950; x_wconf 91' lang='lat' dir='ltr'><strong>tam</strong></span> <span class='ocrx_word' id='word_1_123' title='bbox 1288 1897 1506 1949; x_wconf 88' lang='lat' dir='ltr'><strong>curiose</strong></span> <span class='ocrx_word' id='word_1_124' title='bbox 1537 1906 1720 1962; x_wconf 82' lang='lat' dir='ltr'><strong>agere,</strong></span> <span class='ocrx_word' id='word_1_125' title='bbox 1766 1904 1928 1957; x_wconf 87' lang='lat' dir='ltr'><strong>quam</strong></span> <span class='ocrx_word' id='word_1_126' title='bbox 1959 1885 2174 1940; x_wconf 84' lang='lat' dir='ltr'><strong>veritati</strong></span> <span class='ocrx_word' id='word_1_127' title='bbox 2223 1889 2406 1946; x_wconf 71' lang='lat' dir='ltr'><strong>stu-1;</strong></span> 
     </span>
    </p>
   </div>
   <div class='ocr_carea' id='block_1_21' title="bbox 767 1977 2334 2057">
    <p class='ocr_par' dir='ltr' id='par_1_21' title="bbox 767 1977 2334 2057">
     <span class='ocr_line' id='line_1_21' title="bbox 767 1977 2334 2057; baseline -0.014 -8"><span class='ocrx_word' id='word_1_128' title='bbox 767 1993 920 2057; x_wconf 85' lang='lat' dir='ltr'><strong>dere,</strong></span> <span class='ocrx_word' id='word_1_129' title='bbox 952 1991 1098 2044; x_wconf 81' lang='lat' dir='ltr'><strong>velit.</strong></span> <span class='ocrx_word' id='word_1_130' title='bbox 1134 1989 1268 2041; x_wconf 80' lang='lat' dir='ltr'><strong>Nam</strong></span> <span class='ocrx_word' id='word_1_131' title='bbox 1311 1995 1365 2040; x_wconf 91' lang='lat' dir='ltr'><strong>et</strong></span> <span class='ocrx_word' id='word_1_132' title='bbox 1397 1984 1504 2038; x_wconf 89' lang='lat' dir='ltr'><strong>alia</strong></span> <span class='ocrx_word' id='word_1_133' title='bbox 1553 1982 1815 2051; x_wconf 78' lang='lat' dir='ltr'><strong>singulari</strong></span> <span class='ocrx_word' id='word_1_134' title='bbox 1848 1977 2107 2033; x_wconf 86' lang='lat' dir='ltr'><strong>orationis</strong></span> <span class='ocrx_word' id='word_1_135' title='bbox 2139 1990 2334 2045; x_wconf 84' lang='lat' dir='ltr'><strong>genera</strong></span> 
     </span>
    </p>
   </div>
   <div class='ocr_carea' id='block_1_22' title="bbox 768 2071 2337 2153">
    <p class='ocr_par' dir='ltr' id='par_1_22' title="bbox 768 2071 2337 2153">
     <span class='ocr_line' id='line_1_22' title="bbox 768 2071 2337 2153; baseline -0.013 -18"><span class='ocrx_word' id='word_1_136' title='bbox 768 2099 867 2153; x_wconf 90' lang='lat' dir='ltr'><strong>pro</strong></span> <span class='ocrx_word' id='word_1_137' title='bbox 897 2098 995 2138; x_wconf 88' lang='lat' dir='ltr'><strong>sua</strong></span> <span class='ocrx_word' id='word_1_138' title='bbox 1024 2081 1282 2150; x_wconf 81' lang='lat' dir='ltr'><strong>quodque</strong></span> <span class='ocrx_word' id='word_1_139' title='bbox 1317 2077 1490 2131; x_wconf 85' lang='lat' dir='ltr'><strong>forma</strong></span> <span class='ocrx_word' id='word_1_140' title='bbox 1522 2073 1824 2127; x_wconf 87' lang='lat' dir='ltr'><strong>idiotismos</strong></span> <span class='ocrx_word' id='word_1_141' title='bbox 1857 2071 2057 2124; x_wconf 86' lang='lat' dir='ltr'><strong>habere</strong></span> <span class='ocrx_word' id='word_1_142' title='bbox 2089 2081 2337 2135; x_wconf 85' lang='lat' dir='ltr'><strong>comper-</strong></span> 
     </span>
    </p>
   </div>
   <div class='ocr_carea' id='block_1_23' title="bbox 769 2156 2339 2238">
    <p class='ocr_par' dir='ltr' id='par_1_23' title="bbox 769 2156 2339 2238">
     <span class='ocr_line' id='line_1_23' title="bbox 769 2156 2339 2238; baseline -0.013 -9"><span class='ocrx_word' id='word_1_143' title='bbox 769 2185 885 2229; x_wconf 92' lang='lat' dir='ltr'><strong>tum</strong></span> <span class='ocrx_word' id='word_1_144' title='bbox 912 2182 994 2228; x_wconf 89' lang='lat' dir='ltr'><strong>est</strong></span> <span class='ocrx_word' id='word_1_145' title='bbox 1024 2190 1037 2226; x_wconf 90' lang='lat'><strong>:</strong></span> <span class='ocrx_word' id='word_1_146' title='bbox 1074 2185 1342 2238; x_wconf 83' lang='lat' dir='ltr'><strong>nemoque</strong></span> <span class='ocrx_word' id='word_1_147' title='bbox 1381 2165 1641 2221; x_wconf 85' lang='lat' dir='ltr'><strong>idiotisnti</strong></span> <span class='ocrx_word' id='word_1_148' title='bbox 1671 2177 1894 2231; x_wconf 86' lang='lat' dir='ltr'><strong>gnarus,</strong></span> <span class='ocrx_word' id='word_1_149' title='bbox 1923 2161 1976 2214; x_wconf 87' lang='lat' dir='ltr'><strong>itt</strong></span> <span class='ocrx_word' id='word_1_150' title='bbox 2010 2160 2144 2213; x_wconf 90' lang='lat' dir='ltr'><strong>alias</strong></span> <span class='ocrx_word' id='word_1_151' title='bbox 2175 2156 2339 2210; x_wconf 85' lang='lat' dir='ltr'><strong>vesti-</strong></span> 
     </span>
    </p>
   </div>
   <div class='ocr_carea' id='block_1_24' title="bbox 770 2248 2334 2336">
    <p class='ocr_par' dir='ltr' id='par_1_24' title="bbox 770 2248 2334 2336">
     <span class='ocr_line' id='line_1_24' title="bbox 770 2248 2334 2336; baseline -0.015 -16"><span class='ocrx_word' id='word_1_152' title='bbox 770 2267 1014 2336; x_wconf 81' lang='lat' dir='ltr'><strong>gatioues</strong></span> <span class='ocrx_word' id='word_1_153' title='bbox 1062 2259 1341 2331; x_wconf 82' lang='lat' dir='ltr'><strong>pervagari</strong></span> <span class='ocrx_word' id='word_1_154' title='bbox 1384 2266 1619 2312; x_wconf 86' lang='lat' dir='ltr'><strong>mentem</strong></span> <span class='ocrx_word' id='word_1_155' title='bbox 1652 2254 1783 2309; x_wconf 89' lang='lat' dir='ltr'><strong>sinit</strong></span> <span class='ocrx_word' id='word_1_156' title='bbox 1811 2272 1824 2306; x_wconf 90' lang='lat'><strong>:</strong></span> <span class='ocrx_word' id='word_1_157' title='bbox 1859 2266 1982 2321; x_wconf 76' lang='lat' dir='ltr'><strong>qua:</strong></span> <span class='ocrx_word' id='word_1_158' title='bbox 2011 2265 2100 2333; x_wconf 86' lang='lat' dir='ltr'><strong>res</strong></span> <span class='ocrx_word' id='word_1_159' title='bbox 2133 2263 2243 2301; x_wconf 92' lang='lat' dir='ltr'><strong>non</strong></span> <span class='ocrx_word' id='word_1_160' title='bbox 2282 2248 2334 2298; x_wconf 92' lang='lat' dir='ltr'><strong>in</strong></span> 
     </span>
    </p>
   </div>
   <div class='ocr_carea' id='block_1_25' title="bbox 769 2338 2339 2410">
    <p class='ocr_par' dir='ltr' id='par_1_25' title="bbox 769 2338 2339 2410">
     <span class='ocr_line' id='line_1_25' title="bbox 769 2338 2339 2410; baseline -0.013 0"><span class='ocrx_word' id='word_1_161' title='bbox 769 2356 968 2410; x_wconf 76' lang='lat' dir='ltr'><strong>divinis</strong></span> <span class='ocrx_word' id='word_1_162' title='bbox 1021 2355 1197 2407; x_wconf 84' lang='lat' dir='ltr'><strong>solum</strong></span> <span class='ocrx_word' id='word_1_163' title='bbox 1247 2348 1594 2404; x_wconf 87' lang='lat' dir='ltr'><strong>sermonibus</strong></span> <span class='ocrx_word' id='word_1_164' title='bbox 1640 2343 1911 2406; x_wconf 88' lang='lat' dir='ltr'><strong>usuvenit,</strong></span> <span class='ocrx_word' id='word_1_165' title='bbox 1950 2357 2135 2395; x_wconf 87' lang='lat' dir='ltr'><strong>verum</strong></span> <span class='ocrx_word' id='word_1_166' title='bbox 2185 2339 2238 2392; x_wconf 94' lang='lat' dir='ltr'><strong>in</strong></span> <span class='ocrx_word' id='word_1_167' title='bbox 2273 2338 2339 2390; x_wconf 93' lang='lat' dir='ltr'><strong>iis</strong></span> 
     </span>
    </p>
   </div>
   <div class='ocr_carea' id='block_1_26' title="bbox 771 2428 2340 2514">
    <p class='ocr_par' dir='ltr' id='par_1_26' title="bbox 771 2428 2340 2514">
     <span class='ocr_line' id='line_1_26' title="bbox 771 2428 2340 2514; baseline -0.014 -12"><span class='ocrx_word' id='word_1_168' title='bbox 771 2450 933 2502; x_wconf 84' lang='lat' dir='ltr'><strong>etiam</strong></span> <span class='ocrx_word' id='word_1_169' title='bbox 978 2459 1120 2514; x_wconf 87' lang='lat' dir='ltr'><strong>quos</strong></span> <span class='ocrx_word' id='word_1_170' title='bbox 1174 2441 1349 2496; x_wconf 80' lang='lat' dir='ltr'><strong>Attica</strong></span> <span class='ocrx_word' id='word_1_171' title='bbox 1405 2440 1586 2508; x_wconf 86' lang='lat' dir='ltr'><strong>lingua</strong></span> <span class='ocrx_word' id='word_1_172' title='bbox 1632 2437 1873 2492; x_wconf 88' lang='lat' dir='ltr'><strong>studiose</strong></span> <span class='ocrx_word' id='word_1_173' title='bbox 1905 2441 2153 2488; x_wconf 78' lang='lat' dir='ltr'><strong>exornat.</strong></span> <span class='ocrx_word' id='word_1_174' title='bbox 2195 2428 2340 2482; x_wconf 80' lang='lat' dir='ltr'><strong>Nihil</strong></span> 
     </span>
    </p>
   </div>
   <div class='ocr_carea' id='block_1_27' title="bbox 769 2520 2343 2602">
    <p class='ocr_par' dir='ltr' id='par_1_27' title="bbox 769 2520 2343 2602">
     <span class='ocr_line' id='line_1_27' title="bbox 769 2520 2343 2602; baseline -0.015 -8"><span class='ocrx_word' id='word_1_175' title='bbox 769 2547 953 2594; x_wconf 88' lang='lat' dir='ltr'><strong>tamen</strong></span> <span class='ocrx_word' id='word_1_176' title='bbox 986 2545 1132 2590; x_wconf 76' lang='lat' dir='ltr'><strong>Vetat</strong></span> <span class='ocrx_word' id='word_1_177' title='bbox 1164 2532 1457 2602; x_wconf 84' lang='lat' dir='ltr'><strong>quominus</strong></span> <span class='ocrx_word' id='word_1_178' title='bbox 1505 2531 1654 2584; x_wconf 85' lang='lat' dir='ltr'><strong>hunc</strong></span> <span class='ocrx_word' id='word_1_179' title='bbox 1685 2528 2020 2582; x_wconf 90' lang='lat' dir='ltr'><strong>idiotismum</strong></span> <span class='ocrx_word' id='word_1_180' title='bbox 2051 2523 2212 2592; x_wconf 80' lang='lat' dir='ltr'><strong>paulo</strong></span> <span class='ocrx_word' id='word_1_181' title='bbox 2257 2520 2343 2572; x_wconf 87' lang='lat' dir='ltr'><strong>fu-</strong></span> 
     </span>
    </p>
   </div>
   <div class='ocr_carea' id='block_1_28' title="bbox 775 2611 2341 2696">
    <p class='ocr_par' dir='ltr' id='par_1_28' title="bbox 775 2611 2341 2696">
     <span class='ocr_line' id='line_1_28' title="bbox 775 2611 2341 2696; baseline -0.014 -12"><span class='ocrx_word' id='word_1_182' title='bbox 775 2631 890 2685; x_wconf 79' lang='lat' dir='ltr'><strong>sius</strong></span> <span class='ocrx_word' id='word_1_183' title='bbox 937 2641 1296 2696; x_wconf 81' lang='lat' dir='ltr'><strong>exponamus.</strong></span> <span class='ocrx_word' id='word_1_184' title='bbox 1350 2622 1672 2689; x_wconf 84' lang='lat' dir='ltr'><strong>Quanquam</strong></span> <span class='ocrx_word' id='word_1_185' title='bbox 1728 2619 1865 2672; x_wconf 90' lang='lat' dir='ltr'><strong>hanc</strong></span> <span class='ocrx_word' id='word_1_186' title='bbox 1904 2624 2110 2685; x_wconf 89' lang='lat' dir='ltr'><strong>partem</strong></span> <span class='ocrx_word' id='word_1_187' title='bbox 2164 2627 2232 2666; x_wconf 90' lang='lat' dir='ltr'><strong>ne</strong></span> <span class='ocrx_word' id='word_1_188' title='bbox 2287 2611 2341 2663; x_wconf 94' lang='lat' dir='ltr'><strong>in</strong></span> 
     </span>
    </p>
   </div>
   <div class='ocr_carea' id='block_1_29' title="bbox 774 2705 2343 2790">
    <p class='ocr_par' dir='ltr' id='par_1_29' title="bbox 774 2705 2343 2790">
     <span class='ocr_line' id='line_1_29' title="bbox 774 2705 2343 2790; baseline -0.015 -14"><span class='ocrx_word' id='word_1_189' title='bbox 774 2719 1057 2790; x_wconf 80' lang='lat' dir='ltr'><strong>superiore</strong></span> <span class='ocrx_word' id='word_1_190' title='bbox 1091 2717 1310 2786; x_wconf 90' lang='lat' dir='ltr'><strong>quidem</strong></span> <span class='ocrx_word' id='word_1_191' title='bbox 1346 2715 1594 2766; x_wconf 91' lang='lat' dir='ltr'><strong>oratione</strong></span> <span class='ocrx_word' id='word_1_192' title='bbox 1627 2709 1988 2778; x_wconf 82' lang='lat' dir='ltr'><strong>negleximus,</strong></span> <span class='ocrx_word' id='word_1_193' title='bbox 2020 2705 2073 2758; x_wconf 89' lang='lat' dir='ltr'><strong>in</strong></span> <span class='ocrx_word' id='word_1_194' title='bbox 2104 2717 2210 2770; x_wconf 83' lang='lat' dir='ltr'><strong>qua</strong></span> <span class='ocrx_word' id='word_1_195' title='bbox 2258 2716 2343 2753; x_wconf 85' lang='lat' dir='ltr'><strong>re-</strong></span> 
     </span>
    </p>
   </div>
   <div class='ocr_carea' id='block_1_30' title="bbox 776 2791 2342 2866">
    <p class='ocr_par' dir='ltr' id='par_1_30' title="bbox 776 2791 2342 2866">
     <span class='ocr_line' id='line_1_30' title="bbox 776 2791 2342 2866; baseline -0.017 0"><span class='ocrx_word' id='word_1_196' title='bbox 776 2827 897 2866; x_wconf 89' lang='lat' dir='ltr'><strong>rum</strong></span> <span class='ocrx_word' id='word_1_197' title='bbox 937 2824 1133 2865; x_wconf 87' lang='lat' dir='ltr'><strong>causas</strong></span> <span class='ocrx_word' id='word_1_198' title='bbox 1177 2806 1428 2860; x_wconf 80' lang='lat' dir='ltr'><strong>evolvere</strong></span> <span class='ocrx_word' id='word_1_199' title='bbox 1477 2817 1586 2855; x_wconf 94' lang='lat' dir='ltr'><strong>non</strong></span> <span class='ocrx_word' id='word_1_200' title='bbox 1633 2797 1939 2854; x_wconf 89' lang='lat' dir='ltr'><strong>omisimus.</strong></span> <span class='ocrx_word' id='word_1_201' title='bbox 1974 2792 2240 2847; x_wconf 78' lang='lat' dir='ltr'><strong>Nimirum</strong></span> <span class='ocrx_word' id='word_1_202' title='bbox 2289 2791 2342 2841; x_wconf 90' lang='lat' dir='ltr'><strong>in</strong></span> 
     </span>
    </p>
   </div>
   <div class='ocr_carea' id='block_1_31' title="bbox 777 2884 2346 2956">
    <p class='ocr_par' dir='ltr' id='par_1_31' title="bbox 777 2884 2346 2956">
     <span class='ocr_line' id='line_1_31' title="bbox 777 2884 2346 2956; baseline -0.013 -1"><span class='ocrx_word' id='word_1_203' title='bbox 777 2902 1051 2956; x_wconf 79' lang='lat' dir='ltr'><strong>locutione</strong></span> <span class='ocrx_word' id='word_1_204' title='bbox 1089 2918 1105 2949; x_wconf 84' lang='grc' dir='ltr'><strong>ι</strong></span> <span class='ocrx_word' id='word_1_205' title='bbox 1143 2897 1199 2949; x_wconf 91' lang='lat' dir='ltr'><strong>ln</strong></span> <span class='ocrx_word' id='word_1_206' title='bbox 1231 2893 1447 2949; x_wconf 89' lang='lat' dir='ltr'><strong>nomine</strong></span> <span class='ocrx_word' id='word_1_207' title='bbox 1475 2890 1690 2946; x_wconf 89' lang='lat' dir='ltr'><strong>Domini</strong></span> <span class='ocrx_word' id='word_1_208' title='bbox 1725 2887 1851 2942; x_wconf 77' lang='lat' dir='ltr'><strong>Jesu</strong></span> <span class='ocrx_word' id='word_1_209' title='bbox 1891 2884 2096 2940; x_wconf 89' lang='lat' dir='ltr'><strong>Christi</strong></span> <span class='ocrx_word' id='word_1_210' title='bbox 2128 2902 2146 2934; x_wconf 72' lang='grc' dir='ltr'><strong>ι</strong></span> <span class='ocrx_word' id='word_1_211' title='bbox 2183 2891 2346 2950; x_wconf 88' lang='lat' dir='ltr'><strong>atque</strong></span> 
     </span>
    </p>
   </div>
   <div class='ocr_carea' id='block_1_32' title="bbox 779 2975 2344 3057">
    <p class='ocr_par' dir='ltr' id='par_1_32' title="bbox 779 2975 2344 3057">
     <span class='ocr_line' id='line_1_32' title="bbox 779 2975 2344 3057; baseline -0.017 -8"><span class='ocrx_word' id='word_1_212' title='bbox 779 2997 833 3049; x_wconf 94' lang='lat' dir='ltr'><strong>in</strong></span> <span class='ocrx_word' id='word_1_213' title='bbox 869 2994 990 3046; x_wconf 92' lang='lat' dir='ltr'><strong>aliis</strong></span> <span class='ocrx_word' id='word_1_214' title='bbox 1026 2987 1336 3057; x_wconf 72' lang='lat' dir='ltr'><strong>huiusmodi</strong></span> <span class='ocrx_word' id='word_1_215' title='bbox 1388 2986 1643 3053; x_wconf 82' lang='lat' dir='ltr'><strong>(quarum</strong></span> <span class='ocrx_word' id='word_1_216' title='bbox 1695 2980 1795 3034; x_wconf 90' lang='lat' dir='ltr'><strong>etsi</strong></span> <span class='ocrx_word' id='word_1_217' title='bbox 1845 2975 2126 3031; x_wconf 83' lang='lat' dir='ltr'><strong>dissimilis</strong></span> <span class='ocrx_word' id='word_1_218' title='bbox 2157 2988 2344 3031; x_wconf 89' lang='lat' dir='ltr'><strong>sonus,</strong></span> 
     </span>
    </p>
   </div>
   <div class='ocr_carea' id='block_1_33' title="bbox 779 3064 2345 3140">
    <p class='ocr_par' dir='ltr' id='par_1_33' title="bbox 779 3064 2345 3140">
     <span class='ocr_line' id='line_1_33' title="bbox 779 3064 2345 3140; baseline -0.016 -2"><span class='ocrx_word' id='word_1_219' title='bbox 779 3099 887 3138; x_wconf 88' lang='lat' dir='ltr'><strong>non</strong></span> <span class='ocrx_word' id='word_1_220' title='bbox 919 3080 1182 3134; x_wconf 79' lang='lat' dir='ltr'><strong>absimilis</strong></span> <span class='ocrx_word' id='word_1_221' title='bbox 1213 3088 1390 3129; x_wconf 89' lang='lat' dir='ltr'><strong>tamen</strong></span> <span class='ocrx_word' id='word_1_222' title='bbox 1428 3087 1602 3140; x_wconf 76' lang='lat' dir='ltr'><strong>neque</strong></span> <span class='ocrx_word' id='word_1_223' title='bbox 1632 3069 1906 3137; x_wconf 77' lang='lat' dir='ltr'><strong>multiplex</strong></span> <span class='ocrx_word' id='word_1_224' title='bbox 1943 3064 2209 3118; x_wconf 88' lang='lat' dir='ltr'><strong>sententia</strong></span> <span class='ocrx_word' id='word_1_225' title='bbox 2242 3064 2345 3129; x_wconf 82' lang='lat' dir='ltr'><strong>est)</strong></span> 
     </span>
    </p>
   </div>
   <div class='ocr_carea' id='block_1_34' title="bbox 775 3154 2348 3244">
    <p class='ocr_par' dir='ltr' id='par_1_34' title="bbox 775 3154 2348 3244">
     <span class='ocr_line' id='line_1_34' title="bbox 775 3154 2348 3244; baseline -0.015 -18"><span class='ocrx_word' id='word_1_226' title='bbox 775 3175 900 3244; x_wconf 85' lang='lat' dir='ltr'><strong>jure</strong></span> <span class='ocrx_word' id='word_1_227' title='bbox 931 3171 1231 3236; x_wconf 85' lang='lat' dir='ltr'><strong>meritoque</strong></span> <span class='ocrx_word' id='word_1_228' title='bbox 1260 3164 1486 3232; x_wconf 77' lang='lat' dir='ltr'><strong>intelligi</strong></span> <span class='ocrx_word' id='word_1_229' title='bbox 1542 3162 1673 3215; x_wconf 89' lang='lat' dir='ltr'><strong>fides</strong></span> <span class='ocrx_word' id='word_1_230' title='bbox 1725 3168 1899 3229; x_wconf 86' lang='lat' dir='ltr'><strong>potest</strong></span> <span class='ocrx_word' id='word_1_231' title='bbox 1938 3171 2046 3226; x_wconf 85' lang='lat' dir='ltr'><strong>qua</strong></span> <span class='ocrx_word' id='word_1_232' title='bbox 2099 3154 2348 3208; x_wconf 86' lang='lat' dir='ltr'><strong>Christus</strong></span> 
     </span>
    </p>
   </div>
   <div class='ocr_carea' id='block_1_35' title="bbox 779 3247 2344 3331">
    <p class='ocr_par' dir='ltr' id='par_1_35' title="bbox 779 3247 2344 3331">
     <span class='ocr_line' id='line_1_35' title="bbox 779 3247 2344 3331; baseline -0.017 -11"><span class='ocrx_word' id='word_1_233' title='bbox 779 3263 1101 3331; x_wconf 82' lang='lat' dir='ltr'><strong>discipulos,</strong></span> <span class='ocrx_word' id='word_1_234' title='bbox 1136 3268 1297 3325; x_wconf 84' lang='lat' dir='ltr'><strong>atque</strong></span> <span class='ocrx_word' id='word_1_235' title='bbox 1326 3257 1377 3308; x_wconf 89' lang='lat' dir='ltr'><strong>hi</strong></span> <span class='ocrx_word' id='word_1_236' title='bbox 1410 3253 1650 3308; x_wconf 87' lang='lat' dir='ltr'><strong>vicissim</strong></span> <span class='ocrx_word' id='word_1_237' title='bbox 1685 3250 1946 3304; x_wconf 87' lang='lat' dir='ltr'><strong>mundum</strong></span> <span class='ocrx_word' id='word_1_238' title='bbox 1985 3247 2298 3300; x_wconf 89' lang='lat' dir='ltr'><strong>imbuerunt</strong></span> <span class='ocrx_word' id='word_1_239' title='bbox 2333 3260 2344 3295; x_wconf 94' lang='lat'>:</span> 
     </span>
    </p>
   </div>
   <div class='ocr_carea' id='block_1_36' title="bbox 783 3335 2347 3411">
    <p class='ocr_par' dir='ltr' id='par_1_36' title="bbox 783 3335 2347 3411">
     <span class='ocr_line' id='line_1_36' title="bbox 783 3335 2347 3411; baseline -0.015 -2"><span class='ocrx_word' id='word_1_240' title='bbox 783 3369 908 3409; x_wconf 87' lang='lat' dir='ltr'><strong>nam</strong></span> <span class='ocrx_word' id='word_1_241' title='bbox 942 3353 1054 3405; x_wconf 78' lang='lat' dir='ltr'><strong>lnec</strong></span> <span class='ocrx_word' id='word_1_242' title='bbox 1084 3366 1112 3403; x_wconf 90' lang='lat' dir='ltr'><strong>a</strong></span> <span class='ocrx_word' id='word_1_243' title='bbox 1142 3347 1356 3402; x_wconf 84' lang='lat' dir='ltr'><strong>nOmine</strong></span> <span class='ocrx_word' id='word_1_244' title='bbox 1402 3343 1646 3398; x_wconf 84' lang='lat' dir='ltr'><strong>denotari</strong></span> <span class='ocrx_word' id='word_1_245' title='bbox 1695 3349 1891 3411; x_wconf 81' lang='lat' dir='ltr'><strong>potest,</strong></span> <span class='ocrx_word' id='word_1_246' title='bbox 1933 3338 2060 3407; x_wconf 90' lang='lat' dir='ltr'><strong>quia</strong></span> <span class='ocrx_word' id='word_1_247' title='bbox 2096 3335 2347 3388; x_wconf 63' lang='lat' dir='ltr'><strong>Christus</strong></span> 
     </span>
    </p>
   </div>
   <div class='ocr_carea' id='block_1_37' title="bbox 783 3420 2346 3513">
    <p class='ocr_par' dir='ltr' id='par_1_37' title="bbox 783 3420 2346 3513">
     <span class='ocr_line' id='line_1_37' title="bbox 783 3420 2346 3513; baseline -0.017 -14"><span class='ocrx_word' id='word_1_248' title='bbox 783 3447 901 3513; x_wconf 89' lang='lat' dir='ltr'><strong>ipse</strong></span> <span class='ocrx_word' id='word_1_249' title='bbox 937 3440 1154 3507; x_wconf 88' lang='lat' dir='ltr'><strong>pietatis</strong></span> <span class='ocrx_word' id='word_1_250' title='bbox 1177 3450 1304 3502; x_wconf 75' lang='lat' dir='ltr'><strong>erga</strong></span> <span class='ocrx_word' id='word_1_251' title='bbox 1333 3433 1499 3486; x_wconf 90' lang='lat' dir='ltr'><strong>Deum</strong></span> <span class='ocrx_word' id='word_1_252' title='bbox 1531 3439 1722 3484; x_wconf 89' lang='lat' dir='ltr'><strong>auctor</strong></span> <span class='ocrx_word' id='word_1_253' title='bbox 1745 3437 1863 3491; x_wconf 84' lang='lat' dir='ltr'><strong>est;</strong></span> <span class='ocrx_word' id='word_1_254' title='bbox 1892 3436 1946 3480; x_wconf 91' lang='lat' dir='ltr'><strong>et</strong></span> <span class='ocrx_word' id='word_1_255' title='bbox 1970 3424 2098 3493; x_wconf 83' lang='lat' dir='ltr'><strong>quia</strong></span> <span class='ocrx_word' id='word_1_256' title='bbox 2131 3426 2182 3476; x_wconf 92' lang='lat' dir='ltr'><strong>in</strong></span> <span class='ocrx_word' id='word_1_257' title='bbox 2218 3420 2346 3474; x_wconf 82' lang='lat' dir='ltr'><strong>Jesu</strong></span> 
     </span>
    </p>
   </div>
   <div class='ocr_carea' id='block_1_38' title="bbox 784 3511 2346 3595">
    <p class='ocr_par' dir='ltr' id='par_1_38' title="bbox 784 3511 2346 3595">
     <span class='ocr_line' id='line_1_38' title="bbox 784 3511 2346 3595; baseline -0.015 -11"><span class='ocrx_word' id='word_1_258' title='bbox 784 3511 1112 3595; x_wconf 69' lang='lat' dir='ltr'><strong>Dominique</strong></span> <span class='ocrx_word' id='word_1_259' title='bbox 1143 3523 1416 3577; x_wconf 90' lang='lat' dir='ltr'><strong>mentione</strong></span> <span class='ocrx_word' id='word_1_260' title='bbox 1445 3521 1707 3572; x_wconf 88' lang='lat' dir='ltr'><strong>docemur</strong></span> <span class='ocrx_word' id='word_1_261' title='bbox 1733 3513 2002 3569; x_wconf 91' lang='lat' dir='ltr'><strong>contineri</strong></span> <span class='ocrx_word' id='word_1_262' title='bbox 2034 3511 2346 3565; x_wconf 89' lang='lat' dir='ltr'><strong>summatim</strong></span> 
     </span>
    </p>
   </div>
   <div class='ocr_carea' id='block_1_39' title="bbox 785 3600 2347 3687">
    <p class='ocr_par' dir='ltr' id='par_1_39' title="bbox 785 3600 2347 3687">
     <span class='ocr_line' id='line_1_39' title="bbox 785 3600 2347 3687; baseline -0.017 -14"><span class='ocrx_word' id='word_1_263' title='bbox 785 3617 1137 3687; x_wconf 79' lang='lat' dir='ltr'><strong>conspicique</strong></span> <span class='ocrx_word' id='word_1_264' title='bbox 1166 3611 1322 3666; x_wconf 79' lang='lat' dir='ltr'><strong>Verbi</strong></span> <span class='ocrx_word' id='word_1_265' title='bbox 1357 3625 1453 3679; x_wconf 92' lang='lat' dir='ltr'><strong>pro</strong></span> <span class='ocrx_word' id='word_1_266' title='bbox 1505 3608 1662 3660; x_wconf 91' lang='lat' dir='ltr'><strong>nobis</strong></span> <span class='ocrx_word' id='word_1_267' title='bbox 1714 3603 1979 3658; x_wconf 88' lang='lat' dir='ltr'><strong>incarnati</strong></span> <span class='ocrx_word' id='word_1_268' title='bbox 2014 3600 2347 3670; x_wconf 68' lang='lat' dir='ltr'><strong>mysterium.</strong></span> 
     </span>
    </p>
   </div>
   <div class='ocr_carea' id='block_1_40' title="bbox 788 3688 2352 3776">
    <p class='ocr_par' dir='ltr' id='par_1_40' title="bbox 788 3688 2352 3776">
     <span class='ocr_line' id='line_1_40' title="bbox 788 3688 2352 3776; baseline -0.015 -13"><span class='ocrx_word' id='word_1_269' title='bbox 788 3711 958 3765; x_wconf 74' lang='lat' dir='ltr'><strong>Porro</strong></span> <span class='ocrx_word' id='word_1_270' title='bbox 987 3709 1107 3776; x_wconf 91' lang='lat' dir='ltr'><strong>pius</strong></span> <span class='ocrx_word' id='word_1_271' title='bbox 1138 3705 1370 3772; x_wconf 86' lang='lat' dir='ltr'><strong>quisque</strong></span> <span class='ocrx_word' id='word_1_272' title='bbox 1398 3701 1503 3752; x_wconf 89' lang='lat' dir='ltr'><strong>hoc</strong></span> <span class='ocrx_word' id='word_1_273' title='bbox 1528 3699 1662 3751; x_wconf 90' lang='lat' dir='ltr'><strong>duce</strong></span> <span class='ocrx_word' id='word_1_274' title='bbox 1697 3694 1953 3765; x_wconf 82' lang='lat' dir='ltr'><strong>mysterio</strong></span> <span class='ocrx_word' id='word_1_275' title='bbox 1981 3693 2197 3745; x_wconf 86' lang='lat' dir='ltr'><strong>tendere</strong></span> <span class='ocrx_word' id='word_1_276' title='bbox 2219 3688 2352 3741; x_wconf 87' lang='lat' dir='ltr'><strong>diri-</strong></span> 
     </span>
    </p>
   </div>
   <div class='ocr_carea' id='block_1_41' title="bbox 789 3775 2352 3871">
    <p class='ocr_par' dir='ltr' id='par_1_41' title="bbox 789 3775 2352 3871">
     <span class='ocr_line' id='line_1_41' title="bbox 789 3775 2352 3871; baseline -0.017 -17"><span class='ocrx_word' id='word_1_277' title='bbox 789 3802 950 3871; x_wconf 81' lang='lat' dir='ltr'><strong>gique</strong></span> <span class='ocrx_word' id='word_1_278' title='bbox 990 3775 1172 3867; x_wconf 83' lang='lat' dir='ltr'><strong>potest</strong></span> <span class='ocrx_word' id='word_1_279' title='bbox 1217 3793 1282 3846; x_wconf 92' lang='lat' dir='ltr'><strong>ad</strong></span> <span class='ocrx_word' id='word_1_280' title='bbox 1321 3789 1608 3859; x_wconf 84' lang='lat' dir='ltr'><strong>perfectam</strong></span> <span class='ocrx_word' id='word_1_281' title='bbox 1654 3785 1747 3838; x_wconf 79' lang='lat' dir='ltr'><strong>Dei</strong></span> <span class='ocrx_word' id='word_1_282' title='bbox 1781 3784 2174 3851; x_wconf 52' lang='lat' dir='ltr'><strong>agnitionem;</strong></span> <span class='ocrx_word' id='word_1_283' title='bbox 2210 3775 2352 3830; x_wconf 92' lang='lat' dir='ltr'><strong>haud</strong></span> 
     </span>
    </p>
   </div>
   <div class='ocr_carea' id='block_1_42' title="bbox 789 3871 2354 3962">
    <p class='ocr_par' dir='ltr' id='par_1_42' title="bbox 789 3871 2354 3962">
     <span class='ocr_line' id='line_1_42' title="bbox 789 3871 2354 3962; baseline -0.017 -15"><span class='ocrx_word' id='word_1_284' title='bbox 789 3890 1041 3962; x_wconf 88' lang='lat' dir='ltr'><strong>equidem</strong></span> <span class='ocrx_word' id='word_1_285' title='bbox 1091 3881 1462 3939; x_wconf 83' lang='lat' dir='ltr'><strong>contrahendo</strong></span> <span class='ocrx_word' id='word_1_286' title='bbox 1497 3878 2025 3944; x_wconf 77' lang='lat' dir='ltr'><strong>constringendoque</strong></span> <span class='ocrx_word' id='word_1_287' title='bbox 2054 3872 2195 3924; x_wconf 91' lang='lat' dir='ltr'><strong>intra</strong></span> <span class='ocrx_word' id='word_1_288' title='bbox 2229 3871 2354 3922; x_wconf 84' lang='lat' dir='ltr'><strong>bre-</strong></span> 
     </span>
    </p>
   </div>
   <div class='ocr_carea' id='block_1_43' title="bbox 791 3962 2352 4040">
    <p class='ocr_par' dir='ltr' id='par_1_43' title="bbox 791 3962 2352 4040">
     <span class='ocr_line' id='line_1_43' title="bbox 791 3962 2352 4040; baseline -0.017 -3"><span class='ocrx_word' id='word_1_289' title='bbox 791 3998 913 4037; x_wconf 74' lang='lat' dir='ltr'><strong>vein</strong></span> <span class='ocrx_word' id='word_1_290' title='bbox 939 3980 1078 4032; x_wconf 90' lang='lat' dir='ltr'><strong>hanc</strong></span> <span class='ocrx_word' id='word_1_291' title='bbox 1113 3989 1300 4028; x_wconf 88' lang='lat' dir='ltr'><strong>vocem</strong></span> <span class='ocrx_word' id='word_1_292' title='bbox 1332 3972 1645 4040; x_wconf 82' lang='lat' dir='ltr'><strong>dogmatum</strong></span> <span class='ocrx_word' id='word_1_293' title='bbox 1675 3981 1839 4021; x_wconf 87' lang='lat' dir='ltr'><strong>sensu</strong></span> <span class='ocrx_word' id='word_1_294' title='bbox 1885 3965 1960 4033; x_wconf 88' lang='lat' dir='ltr'><strong>(id</strong></span> <span class='ocrx_word' id='word_1_295' title='bbox 1990 3963 2133 4017; x_wconf 93' lang='lat' dir='ltr'><strong>enim</strong></span> <span class='ocrx_word' id='word_1_296' title='bbox 2181 3962 2352 4020; x_wconf 85' lang='lat' dir='ltr'><strong>fieret,</strong></span> 
     </span>
    </p>
   </div>
   <div class='ocr_carea' id='block_1_44' title="bbox 790 4054 2358 4134">
    <p class='ocr_par' dir='ltr' id='par_1_44' title="bbox 790 4054 2358 4134">
     <span class='ocr_line' id='line_1_44' title="bbox 790 4054 2358 4134; baseline -0.014 -6"><span class='ocrx_word' id='word_1_297' title='bbox 790 4072 837 4128; x_wconf 84' lang='lat' dir='ltr'><strong>si</strong></span> <span class='ocrx_word' id='word_1_298' title='bbox 888 4073 1030 4124; x_wconf 90' lang='lat' dir='ltr'><strong>nuda</strong></span> <span class='ocrx_word' id='word_1_299' title='bbox 1071 4083 1173 4120; x_wconf 62' lang='lat' dir='ltr'><strong>vox</strong></span> <span class='ocrx_word' id='word_1_300' title='bbox 1210 4063 1586 4134; x_wconf 86' lang='lat' dir='ltr'><strong>proferretur),</strong></span> <span class='ocrx_word' id='word_1_301' title='bbox 1625 4062 1733 4112; x_wconf 91' lang='lat' dir='ltr'><strong>imo</strong></span> <span class='ocrx_word' id='word_1_302' title='bbox 1780 4059 1958 4127; x_wconf 88' lang='lat' dir='ltr'><strong>potius</strong></span> <span class='ocrx_word' id='word_1_303' title='bbox 1989 4054 2266 4108; x_wconf 89' lang='lat' dir='ltr'><strong>dilatando</strong></span> <span class='ocrx_word' id='word_1_304' title='bbox 2295 4068 2358 4106; x_wconf 87' lang='lat' dir='ltr'><strong>ac</strong></span> 
     </span>
    </p>
   </div>
   <div class='ocr_carea' id='block_1_45' title="bbox 789 4145 2351 4235">
    <p class='ocr_par' dir='ltr' id='par_1_45' title="bbox 789 4145 2351 4235">
     <span class='ocr_line' id='line_1_45' title="bbox 789 4145 2351 4235; baseline -0.016 -16"><span class='ocrx_word' id='word_1_305' title='bbox 789 4161 1119 4235; x_wconf 80' lang='lat' dir='ltr'><strong>perficiendo</strong></span> <span class='ocrx_word' id='word_1_306' title='bbox 1149 4172 1246 4224; x_wconf 91' lang='lat' dir='ltr'><strong>per</strong></span> <span class='ocrx_word' id='word_1_307' title='bbox 1271 4155 1428 4206; x_wconf 86' lang='lat' dir='ltr'><strong>fidem</strong></span> <span class='ocrx_word' id='word_1_308' title='bbox 1460 4168 1524 4205; x_wconf 88' lang='lat' dir='ltr'><strong>ac</strong></span> <span class='ocrx_word' id='word_1_309' title='bbox 1559 4151 1776 4219; x_wconf 87' lang='lat' dir='ltr'><strong>pietatis</strong></span> <span class='ocrx_word' id='word_1_310' title='bbox 1805 4145 2351 4202; x_wconf 89' lang='lat' dir='ltr'><strong>consummationem.</strong></span> 
     </span>
    </p>
   </div>
   <div class='ocr_carea' id='block_1_46' title="bbox 787 4234 2359 4320">
    <p class='ocr_par' dir='ltr' id='par_1_46' title="bbox 787 4234 2359 4320">
     <span class='ocr_line' id='line_1_46' title="bbox 787 4234 2359 4320; baseline -0.016 -11"><span class='ocrx_word' id='word_1_311' title='bbox 787 4234 945 4320; x_wconf 77' lang='lat' dir='ltr'><strong>Quod</strong></span> <span class='ocrx_word' id='word_1_312' title='bbox 971 4248 1270 4312; x_wconf 72' lang='lat' dir='ltr'><strong>sidenique</strong></span> <span class='ocrx_word' id='word_1_313' title='bbox 1294 4252 1346 4296; x_wconf 86' lang='lat' dir='ltr'><strong>et</strong></span> <span class='ocrx_word' id='word_1_314' title='bbox 1379 4244 1478 4294; x_wconf 91' lang='lat' dir='ltr'><strong>hoc</strong></span> <span class='ocrx_word' id='word_1_315' title='bbox 1504 4242 1692 4293; x_wconf 89' lang='lat' dir='ltr'><strong>audire</strong></span> <span class='ocrx_word' id='word_1_316' title='bbox 1740 4238 1886 4298; x_wconf 88' lang='lat' dir='ltr'><strong>libet,</strong></span> <span class='ocrx_word' id='word_1_317' title='bbox 1919 4234 2165 4289; x_wconf 88' lang='lat' dir='ltr'><strong>indivisis</strong></span> <span class='ocrx_word' id='word_1_318' title='bbox 2191 4244 2244 4286; x_wconf 88' lang='lat' dir='ltr'><strong>et</strong></span> <span class='ocrx_word' id='word_1_319' title='bbox 2280 4234 2359 4284; x_wconf 91' lang='lat' dir='ltr'><strong>in-</strong></span> 
     </span>
    </p>
   </div>
   <div class='ocr_carea' id='block_1_47' title="bbox 791 4323 2359 4413">
    <p class='ocr_par' dir='ltr' id='par_1_47' title="bbox 791 4323 2359 4413">
     <span class='ocr_line' id='line_1_47' title="bbox 791 4323 2359 4413; baseline -0.015 -15"><span class='ocrx_word' id='word_1_320' title='bbox 791 4339 1112 4413; x_wconf 84' lang='lat' dir='ltr'><strong>separabilis</strong></span> <span class='ocrx_word' id='word_1_321' title='bbox 1141 4337 1309 4390; x_wconf 77' lang='lat' dir='ltr'><strong>Filius</strong></span> <span class='ocrx_word' id='word_1_322' title='bbox 1335 4352 1362 4386; x_wconf 89' lang='lat' dir='ltr'><strong>a</strong></span> <span class='ocrx_word' id='word_1_323' title='bbox 1393 4331 1549 4385; x_wconf 80' lang='lat' dir='ltr'><strong>Patre</strong></span> <span class='ocrx_word' id='word_1_324' title='bbox 1591 4331 1902 4398; x_wconf 83' lang='lat' dir='ltr'><strong>Spirituque</strong></span> <span class='ocrx_word' id='word_1_325' title='bbox 1946 4334 2049 4389; x_wconf 84' lang='lat' dir='ltr'><strong>est,</strong></span> <span class='ocrx_word' id='word_1_326' title='bbox 2079 4324 2206 4393; x_wconf 85' lang='lat' dir='ltr'><strong>quia</strong></span> <span class='ocrx_word' id='word_1_327' title='bbox 2249 4323 2359 4375; x_wconf 75' lang='lat' dir='ltr'><strong>sci-</strong></span> 
     </span>
    </p>
   </div>
   <div class='ocr_carea' id='block_1_48' title="bbox 793 4415 2357 4498">
    <p class='ocr_par' dir='ltr' id='par_1_48' title="bbox 793 4415 2357 4498">
     <span class='ocr_line' id='line_1_48' title="bbox 793 4415 2357 4498; baseline -0.016 -9"><span class='ocrx_word' id='word_1_328' title='bbox 793 4435 919 4489; x_wconf 82' lang='lat' dir='ltr'><strong>licet</strong></span> <span class='ocrx_word' id='word_1_329' title='bbox 941 4432 1180 4498; x_wconf 80' lang='lat' dir='ltr'><strong>ejusdem</strong></span> <span class='ocrx_word' id='word_1_330' title='bbox 1216 4423 1783 4492; x_wconf 87' lang='lat' dir='ltr'><strong>incomprehensibilis</strong></span> <span class='ocrx_word' id='word_1_331' title='bbox 1812 4417 2134 4474; x_wconf 71' lang='lat' dir='ltr'><strong>substantia:</strong></span> <span class='ocrx_word' id='word_1_332' title='bbox 2169 4424 2222 4468; x_wconf 92' lang='lat' dir='ltr'><strong>et</strong></span> <span class='ocrx_word' id='word_1_333' title='bbox 2248 4415 2357 4465; x_wconf 90' lang='lat' dir='ltr'><strong>vir-</strong></span> 
     </span>
    </p>
   </div>
   <div class='ocr_carea' id='block_1_49' title="bbox 797 4509 2362 4589">
    <p class='ocr_par' dir='ltr' id='par_1_49' title="bbox 797 4509 2362 4589">
     <span class='ocr_line' id='line_1_49' title="bbox 797 4509 2362 4589; baseline -0.014 -9"><span class='ocrx_word' id='word_1_334' title='bbox 797 4527 928 4580; x_wconf 84' lang='lat' dir='ltr'><strong>tutis</strong></span> <span class='ocrx_word' id='word_1_335' title='bbox 961 4539 1022 4575; x_wconf 89' lang='lat' dir='ltr'><strong>ac</strong></span> <span class='ocrx_word' id='word_1_336' title='bbox 1058 4520 1342 4589; x_wconf 69' lang='lat' dir='ltr'><strong>potestatis</strong></span> <span class='ocrx_word' id='word_1_337' title='bbox 1399 4516 1669 4584; x_wconf 89' lang='lat' dir='ltr'><strong>particeps</strong></span> <span class='ocrx_word' id='word_1_338' title='bbox 1714 4521 1818 4566; x_wconf 88' lang='lat' dir='ltr'><strong>est.</strong></span> <span class='ocrx_word' id='word_1_339' title='bbox 1866 4509 1971 4563; x_wconf 89' lang='lat' dir='ltr'><strong>Sed</strong></span> <span class='ocrx_word' id='word_1_340' title='bbox 2005 4518 2183 4561; x_wconf 89' lang='lat' dir='ltr'><strong>tamen</strong></span> <span class='ocrx_word' id='word_1_341' title='bbox 2213 4509 2362 4558; x_wconf 86' lang='lat' dir='ltr'><strong>visus</strong></span> 
     </span>
    </p>
   </div>
   <div class='ocr_carea' id='block_1_50' title="bbox 800 4609 2360 4682">
    <p class='ocr_par' dir='ltr' id='par_1_50' title="bbox 800 4609 2360 4682">
     <span class='ocr_line' id='line_1_50' title="bbox 800 4609 2360 4682; baseline -0.015 -9"><span class='ocrx_word' id='word_1_342' title='bbox 800 4619 906 4672; x_wconf 85' lang='lat' dir='ltr'><strong>fuit</strong></span> <span class='ocrx_word' id='word_1_343' title='bbox 938 4626 1099 4682; x_wconf 85' lang='lat' dir='ltr'><strong>atque</strong></span> <span class='ocrx_word' id='word_1_344' title='bbox 1131 4612 1380 4681; x_wconf 83' lang='lat' dir='ltr'><strong>palpatns</strong></span> <span class='ocrx_word' id='word_1_345' title='bbox 1408 4616 1694 4676; x_wconf 89' lang='lat' dir='ltr'><strong>postquam</strong></span> <span class='ocrx_word' id='word_1_346' title='bbox 1733 4618 1952 4659; x_wconf 87' lang='lat' dir='ltr'><strong>carnem</strong></span> <span class='ocrx_word' id='word_1_347' title='bbox 1997 4609 2239 4654; x_wconf 88' lang='lat' dir='ltr'><strong>nostram</strong></span> <span class='ocrx_word' id='word_1_348' title='bbox 2271 4615 2360 4651; x_wconf 85' lang='lat' dir='ltr'><strong>as-</strong></span> 
     </span>
    </p>
   </div>
   <div class='ocr_carea' id='block_1_51' title="bbox 799 4691 2364 4772">
    <p class='ocr_par' dir='ltr' id='par_1_51' title="bbox 799 4691 2364 4772">
     <span class='ocr_line' id='line_1_51' title="bbox 799 4691 2364 4772; baseline -0.015 -10"><span class='ocrx_word' id='word_1_349' title='bbox 799 4705 1033 4772; x_wconf 80' lang='lat' dir='ltr'><strong>sumpsit</strong></span> <span class='ocrx_word' id='word_1_350' title='bbox 1071 4703 1263 4762; x_wconf 87' lang='lat' dir='ltr'><strong>Filius,</strong></span> <span class='ocrx_word' id='word_1_351' title='bbox 1299 4700 1473 4752; x_wconf 88' lang='lat' dir='ltr'><strong>factus</strong></span> <span class='ocrx_word' id='word_1_352' title='bbox 1505 4697 1759 4749; x_wconf 89' lang='lat' dir='ltr'><strong>nimirum</strong></span> <span class='ocrx_word' id='word_1_353' title='bbox 1787 4692 1960 4748; x_wconf 89' lang='lat' dir='ltr'><strong>oculis</strong></span> <span class='ocrx_word' id='word_1_354' title='bbox 2008 4691 2209 4744; x_wconf 90' lang='lat' dir='ltr'><strong>nostris</strong></span> <span class='ocrx_word' id='word_1_355' title='bbox 2234 4705 2364 4742; x_wconf 71' lang='lat' dir='ltr'><strong>eon-</strong></span> 
     </span>
    </p>
   </div>
   <div class='ocr_carea' id='block_1_52' title="bbox 797 4779 2364 4868">
    <p class='ocr_par' dir='ltr' id='par_1_52' title="bbox 797 4779 2364 4868">
     <span class='ocr_line' id='line_1_52' title="bbox 797 4779 2364 4868; baseline -0.013 -16"><span class='ocrx_word' id='word_1_356' title='bbox 797 4795 1073 4868; x_wconf 77' lang='lat' dir='ltr'><strong>Spicahilis</strong></span> <span class='ocrx_word' id='word_1_357' title='bbox 1127 4801 1383 4856; x_wconf 86' lang='lat' dir='ltr'><strong>tactuque</strong></span> <span class='ocrx_word' id='word_1_358' title='bbox 1419 4786 1698 4856; x_wconf 78' lang='lat' dir='ltr'><strong>palpabilis</strong></span> <span class='ocrx_word' id='word_1_359' title='bbox 1737 4805 1749 4839; x_wconf 92' lang='lat'><strong>:</strong></span> <span class='ocrx_word' id='word_1_360' title='bbox 1789 4804 1808 4834; x_wconf 66' lang='grc' dir='ltr'>ι</span> <span class='ocrx_word' id='word_1_361' title='bbox 1849 4783 2004 4849; x_wconf 85' lang='lat' dir='ltr'><strong>Quod</strong></span> <span class='ocrx_word' id='word_1_362' title='bbox 2035 4781 2179 4834; x_wconf 91' lang='lat' dir='ltr'><strong>enim</strong></span> <span class='ocrx_word' id='word_1_363' title='bbox 2234 4779 2364 4832; x_wconf 91' lang='lat' dir='ltr'><strong>vidi-</strong></span> 
     </span>
    </p>
   </div>
   <div class='ocr_carea' id='block_1_53' title="bbox 798 4878 2362 4954">
    <p class='ocr_par' dir='ltr' id='par_1_53' title="bbox 798 4878 2362 4954">
     <span class='ocr_line' id='line_1_53' title="bbox 798 4878 2362 4954; baseline -0.013 -13"><span class='ocrx_word' id='word_1_364' title='bbox 798 4902 939 4948; x_wconf 85' lang='lat' dir='ltr'><strong>mus,</strong></span> <span class='ocrx_word' id='word_1_365' title='bbox 955 4888 1028 4938; x_wconf 69' lang='lat' dir='ltr'><strong>ait</strong></span> <span class='ocrx_word' id='word_1_366' title='bbox 1052 4878 1361 4954; x_wconf 76' lang='lat' dir='ltr'><strong>[Joannes],</strong></span> <span class='ocrx_word' id='word_1_367' title='bbox 1381 4887 1434 4931; x_wconf 91' lang='lat' dir='ltr'><strong>et</strong></span> <span class='ocrx_word' id='word_1_368' title='bbox 1454 4891 1649 4930; x_wconf 84' lang='lat' dir='ltr'><strong>manus</strong></span> <span class='ocrx_word' id='word_1_369' title='bbox 1671 4884 1870 4929; x_wconf 72' lang='lat' dir='ltr'><strong>nostra:</strong></span> <span class='ocrx_word' id='word_1_370' title='bbox 1891 4879 2362 4936; x_wconf 77' lang='lat' dir='ltr'><strong>contrectaverunt</strong></span> 
     </span>
    </p>
   </div>
   <div class='ocr_carea' id='block_1_54' title="bbox 798 4962 2368 5036">
    <p class='ocr_par' dir='ltr' id='par_1_54' title="bbox 798 4962 2368 5036">
     <span class='ocr_line' id='line_1_54' title="bbox 798 4962 2368 5036; baseline -0.01 -4"><span class='ocrx_word' id='word_1_371' title='bbox 798 4980 864 5032; x_wconf 91' lang='lat' dir='ltr'><strong>de</strong></span> <span class='ocrx_word' id='word_1_372' title='bbox 915 4975 1080 5028; x_wconf 68' lang='lat' dir='ltr'><strong>verbo</strong></span> <span class='ocrx_word' id='word_1_373' title='bbox 1127 4973 1282 5034; x_wconf 65' lang='lat' dir='ltr'><strong>vitm;</strong></span> <span class='ocrx_word' id='word_1_374' title='bbox 1335 4979 1390 5022; x_wconf 90' lang='lat' dir='ltr'><strong>et</strong></span> <span class='ocrx_word' id='word_1_375' title='bbox 1448 4969 1553 5020; x_wconf 88' lang='lat' dir='ltr'><strong>vita</strong></span> <span class='ocrx_word' id='word_1_376' title='bbox 1593 4969 1862 5036; x_wconf 90' lang='lat' dir='ltr'><strong>apparuit.</strong></span> <span class='ocrx_word' id='word_1_377' title='bbox 1898 4962 2033 5018; x_wconf 89' lang='lat' dir='ltr'><strong>Cum</strong></span> <span class='ocrx_word' id='word_1_378' title='bbox 2090 4965 2250 5034; x_wconf 81' lang='lat' dir='ltr'><strong>igitur</strong></span> <span class='ocrx_word' id='word_1_379' title='bbox 2301 4964 2368 5016; x_wconf 90' lang='lat' dir='ltr'><strong>ab</strong></span> 
     </span>
    </p>
   </div>
   <div class='ocr_carea' id='block_1_55' title="bbox 799 5053 2366 5133">
    <p class='ocr_par' dir='ltr' id='par_1_55' title="bbox 799 5053 2366 5133">
     <span class='ocr_line' id='line_1_55' title="bbox 799 5053 2366 5133; baseline -0.008 -14"><span class='ocrx_word' id='word_1_380' title='bbox 799 5080 931 5128; x_wconf 92' lang='lat' dir='ltr'><strong>uno,</strong></span> <span class='ocrx_word' id='word_1_381' title='bbox 963 5064 1054 5133; x_wconf 94' lang='lat' dir='ltr'><strong>qui</strong></span> <span class='ocrx_word' id='word_1_382' title='bbox 1092 5060 1411 5116; x_wconf 90' lang='lat' dir='ltr'><strong>nominatim</strong></span> <span class='ocrx_word' id='word_1_383' title='bbox 1442 5057 1596 5110; x_wconf 89' lang='lat' dir='ltr'><strong>nobis</strong></span> <span class='ocrx_word' id='word_1_384' title='bbox 1625 5058 1694 5110; x_wconf 88' lang='lat' dir='ltr'><strong>oh</strong></span> <span class='ocrx_word' id='word_1_385' title='bbox 1719 5071 1830 5111; x_wconf 71' lang='lat' dir='ltr'><strong>sua:</strong></span> <span class='ocrx_word' id='word_1_386' title='bbox 1871 5055 2152 5108; x_wconf 84' lang='lat' dir='ltr'><strong>cbaritatis</strong></span> <span class='ocrx_word' id='word_1_387' title='bbox 2185 5053 2366 5107; x_wconf 85' lang='lat' dir='ltr'><strong>infini-</strong></span> 
     </span>
    </p>
   </div>
   <div class='ocr_carea' id='block_1_56' title="bbox 802 5147 2370 5223">
    <p class='ocr_par' dir='ltr' id='par_1_56' title="bbox 802 5147 2370 5223">
     <span class='ocr_line' id='line_1_56' title="bbox 802 5147 2370 5223; baseline -0.007 -14"><span class='ocrx_word' id='word_1_388' title='bbox 802 5167 917 5210; x_wconf 89' lang='lat' dir='ltr'><strong>tum</strong></span> <span class='ocrx_word' id='word_1_389' title='bbox 974 5155 1197 5223; x_wconf 81' lang='lat' dir='ltr'><strong>pelagus</strong></span> <span class='ocrx_word' id='word_1_390' title='bbox 1249 5150 1686 5219; x_wconf 86' lang='lat' dir='ltr'><strong>cognoscendum</strong></span> <span class='ocrx_word' id='word_1_391' title='bbox 1751 5165 1809 5201; x_wconf 85' lang='lat' dir='ltr'><strong>se</strong></span> <span class='ocrx_word' id='word_1_392' title='bbox 1859 5147 2103 5208; x_wconf 85' lang='lat' dir='ltr'><strong>obstulit,</strong></span> <span class='ocrx_word' id='word_1_393' title='bbox 2167 5147 2370 5214; x_wconf 88' lang='lat' dir='ltr'><strong>quique</strong></span> 
     </span>
    </p>
   </div>
   <div class='ocr_carea' id='block_1_57' title="bbox 805 5239 2367 5308">
    <p class='ocr_par' dir='ltr' id='par_1_57' title="bbox 805 5239 2367 5308">
     <span class='ocr_line' id='line_1_57' title="bbox 805 5239 2367 5308; baseline -0.002 -12"><span class='ocrx_word' id='word_1_394' title='bbox 805 5242 1096 5298; x_wconf 82' lang='lat' dir='ltr'><strong>ineﬂabilia</strong></span> <span class='ocrx_word' id='word_1_395' title='bbox 1137 5241 1296 5295; x_wconf 86' lang='lat' dir='ltr'><strong>nobis</strong></span> <span class='ocrx_word' id='word_1_396' title='bbox 1333 5239 1587 5308; x_wconf 80' lang='lat' dir='ltr'><strong>mysteria</strong></span> <span class='ocrx_word' id='word_1_397' title='bbox 1622 5240 1834 5307; x_wconf 90' lang='lat' dir='ltr'><strong>aperuit</strong></span> <span class='ocrx_word' id='word_1_398' title='bbox 1862 5239 1930 5304; x_wconf 88' lang='grc'><strong>³⁷,</strong></span> <span class='ocrx_word' id='word_1_399' title='bbox 1974 5259 1990 5290; x_wconf 76' lang='grc' dir='ltr'><strong>ι</strong></span> <span class='ocrx_word' id='word_1_400' title='bbox 2044 5257 2074 5293; x_wconf 90' lang='lat' dir='ltr'><strong>a</strong></span> <span class='ocrx_word' id='word_1_401' title='bbox 2127 5242 2367 5294; x_wconf 86' lang='lat' dir='ltr'><strong>consub-</strong></span> 
     </span>
    </p>
   </div>
   <div class='ocr_carea' id='block_1_58' title="bbox 805 5330 2367 5402">
    <p class='ocr_par' dir='ltr' id='par_1_58' title="bbox 805 5330 2367 5402">
     <span class='ocr_line' id='line_1_58' title="bbox 805 5330 2367 5402; baseline -0.004 -11"><span class='ocrx_word' id='word_1_402' title='bbox 805 5336 1068 5398; x_wconf 86' lang='lat' dir='ltr'><strong>stantiali,</strong></span> <span class='ocrx_word' id='word_1_403' title='bbox 1105 5333 1348 5401; x_wconf 88' lang='lat' dir='ltr'><strong>inquam,</strong></span> <span class='ocrx_word' id='word_1_404' title='bbox 1383 5330 1542 5395; x_wconf 82' lang='lat' dir='ltr'><strong>Filio,</strong></span> <span class='ocrx_word' id='word_1_405' title='bbox 1577 5332 1970 5400; x_wconf 88' lang='lat' dir='ltr'><strong>omnipotentis</strong></span> <span class='ocrx_word' id='word_1_406' title='bbox 1991 5347 2207 5402; x_wconf 86' lang='lat' dir='ltr'><strong>quoque</strong></span> <span class='ocrx_word' id='word_1_407' title='bbox 2244 5332 2367 5386; x_wconf 82' lang='lat' dir='ltr'><strong>Tri-</strong></span> 
     </span>
    </p>
   </div>
   <div class='ocr_carea' id='block_1_59' title="bbox 805 5424 2369 5494">
    <p class='ocr_par' dir='ltr' id='par_1_59' title="bbox 805 5424 2369 5494">
     <span class='ocr_line' id='line_1_59' title="bbox 805 5424 2369 5494; baseline -0.003 -12"><span class='ocrx_word' id='word_1_408' title='bbox 805 5427 990 5482; x_wconf 84' lang='lat' dir='ltr'><strong>uitatis</strong></span> <span class='ocrx_word' id='word_1_409' title='bbox 1005 5424 1706 5494; x_wconf 87' lang='lat' dir='ltr'><strong>incomprehensibilitatem</strong></span> <span class='ocrx_word' id='word_1_410' title='bbox 1729 5432 1890 5492; x_wconf 85' lang='lat' dir='ltr'><strong>atque</strong></span> <span class='ocrx_word' id='word_1_411' title='bbox 1907 5426 2164 5478; x_wconf 82' lang='lat' dir='ltr'><strong>tniitatem</strong></span> <span class='ocrx_word' id='word_1_412' title='bbox 2194 5426 2369 5480; x_wconf 91' lang='lat' dir='ltr'><strong>edocti</strong></span> 
     </span>
    </p>
   </div>
   <div class='ocr_carea' id='block_1_60' title="bbox 807 5515 2372 5586">
    <p class='ocr_par' dir='ltr' id='par_1_60' title="bbox 807 5515 2372 5586">
     <span class='ocr_line' id='line_1_60' title="bbox 807 5515 2372 5586; baseline -0.003 -12"><span class='ocrx_word' id='word_1_413' title='bbox 807 5519 1097 5582; x_wconf 89' lang='lat' dir='ltr'><strong>fuerimus,</strong></span> <span class='ocrx_word' id='word_1_414' title='bbox 1127 5525 1289 5585; x_wconf 85' lang='lat' dir='ltr'><strong>atque</strong></span> <span class='ocrx_word' id='word_1_415' title='bbox 1321 5515 1388 5569; x_wconf 90' lang='lat' dir='ltr'><strong>ad</strong></span> <span class='ocrx_word' id='word_1_416' title='bbox 1424 5515 1688 5583; x_wconf 88' lang='lat' dir='ltr'><strong>reliquam</strong></span> <span class='ocrx_word' id='word_1_417' title='bbox 1723 5517 1966 5586; x_wconf 83' lang='lat' dir='ltr'><strong>mysterii</strong></span> <span class='ocrx_word' id='word_1_418' title='bbox 2000 5517 2245 5570; x_wconf 86' lang='lat' dir='ltr'><strong>notitiam</strong></span> <span class='ocrx_word' id='word_1_419' title='bbox 2275 5519 2372 5571; x_wconf 81' lang='lat' dir='ltr'><strong>de-</strong></span> 
     </span>
    </p>
   </div>
   <div class='ocr_carea' id='block_1_61' title="bbox 805 5609 2374 5680">
    <p class='ocr_par' dir='ltr' id='par_1_61' title="bbox 805 5609 2374 5680">
     <span class='ocr_line' id='line_1_61' title="bbox 805 5609 2374 5680; baseline -0.001 -14"><span class='ocrx_word' id='word_1_420' title='bbox 805 5613 974 5673; x_wconf 82' lang='lat' dir='ltr'><strong>ducti,</strong></span> <span class='ocrx_word' id='word_1_421' title='bbox 1025 5609 1219 5663; x_wconf 81' lang='lat' dir='ltr'><strong>merito</strong></span> <span class='ocrx_word' id='word_1_422' title='bbox 1269 5623 1368 5661; x_wconf 91' lang='lat' dir='ltr'><strong>nos</strong></span> <span class='ocrx_word' id='word_1_423' title='bbox 1416 5622 1547 5662; x_wconf 89' lang='lat' dir='ltr'><strong>sane</strong></span> <span class='ocrx_word' id='word_1_424' title='bbox 1590 5609 2020 5676; x_wconf 80' lang='lat' dir='ltr'><strong>quotiescunque</strong></span> <span class='ocrx_word' id='word_1_425' title='bbox 2055 5610 2260 5680; x_wconf 87' lang='lat' dir='ltr'><strong>aliquid</strong></span> <span class='ocrx_word' id='word_1_426' title='bbox 2291 5627 2374 5665; x_wconf 85' lang='lat' dir='ltr'><strong>sc-</strong></span> 
     </span>
    </p>
   </div>
   <div class='ocr_carea' id='block_1_62' title="bbox 2436 588 4008 660">
    <p class='ocr_par' dir='ltr' id='par_1_62' title="bbox 2436 588 4008 660">
     <span class='ocr_line' id='line_1_62' title="bbox 2436 588 4008 660; baseline -0.002 -18"><span class='ocrx_word' id='word_1_427' title='bbox 2436 609 2510 660; x_wconf 87' lang='grc' dir='ltr'><strong>μα</strong></span> <span class='ocrx_word' id='word_1_428' title='bbox 2540 589 2632 642; x_wconf 83' lang='grc' dir='ltr'><strong>τοῦ</strong></span> <span class='ocrx_word' id='word_1_429' title='bbox 2665 591 2914 659; x_wconf 80' lang='grc' dir='ltr'><strong>Σωτῆρος</strong></span> <span class='ocrx_word' id='word_1_430' title='bbox 2936 588 3034 641; x_wconf 75' lang='grc' dir='ltr'><strong>καὶ</strong></span> <span class='ocrx_word' id='word_1_431' title='bbox 3056 588 3155 657; x_wconf 83' lang='grc' dir='ltr'><strong>τὴν</strong></span> <span class='ocrx_word' id='word_1_432' title='bbox 3173 588 3540 654; x_wconf 77' lang='grc' dir='ltr'><strong>διδασκαλίαν,</strong></span> <span class='ocrx_word' id='word_1_433' title='bbox 3566 593 3851 659; x_wconf 78' lang='grc' dir='ltr'><strong>ὁμολογεῖν</strong></span> <span class='ocrx_word' id='word_1_434' title='bbox 3875 597 4008 656; x_wconf 73' lang='grc' dir='ltr'><strong>τοὺς</strong></span> 
     </span>
    </p>
   </div>
   <div class='ocr_carea' id='block_1_63' title="bbox 2431 680 4006 750">
    <p class='ocr_par' dir='ltr' id='par_1_63' title="bbox 2431 680 4006 750">
     <span class='ocr_line' id='line_1_63' title="bbox 2431 680 4006 750; baseline 0.002 -17"><span class='ocrx_word' id='word_1_435' title='bbox 2431 681 2764 742; x_wconf 82' lang='grc' dir='ltr'><strong>ἀποστόλους</strong></span> <span class='ocrx_word' id='word_1_436' title='bbox 2790 680 3187 748; x_wconf 84' lang='grc' dir='ltr'><strong>τελεσιουργεῖν</strong></span> <span class='ocrx_word' id='word_1_437' title='bbox 3223 680 3322 749; x_wconf 81' lang='grc' dir='ltr'><strong>τὴν</strong></span> <span class='ocrx_word' id='word_1_438' title='bbox 3348 683 3730 750; x_wconf 85' lang='grc' dir='ltr'><strong>ἀναγέννησιν,</strong></span> <span class='ocrx_word' id='word_1_439' title='bbox 3757 686 3850 736; x_wconf 68' lang='grc' dir='ltr'><strong>καὶ</strong></span> <span class='ocrx_word' id='word_1_440' title='bbox 3876 687 4006 743; x_wconf 81' lang='grc' dir='ltr'><strong>τοὺς</strong></span> 
     </span>
    </p>
   </div>
   <div class='ocr_carea' id='block_1_64' title="bbox 2431 766 4006 840">
    <p class='ocr_par' dir='ltr' id='par_1_64' title="bbox 2431 766 4006 840">
     <span class='ocr_line' id='line_1_64' title="bbox 2431 766 4006 840; baseline 0 -17"><span class='ocrx_word' id='word_1_441' title='bbox 2431 766 2618 823; x_wconf 77' lang='grc' dir='ltr'><strong>ἄλλους</strong></span> <span class='ocrx_word' id='word_1_442' title='bbox 2643 767 2900 837; x_wconf 88' lang='grc' dir='ltr'><strong>πράττειν</strong></span> <span class='ocrx_word' id='word_1_443' title='bbox 2921 768 3120 833; x_wconf 81' lang='grc' dir='ltr'><strong>ὁμοίως</strong></span> <span class='ocrx_word' id='word_1_444' title='bbox 3145 770 3635 836; x_wconf 72' lang='grc' dir='ltr'><strong>μυπαγωγοῦντας</strong></span> <span class='ocrx_word' id='word_1_445' title='bbox 3657 813 3671 834; x_wconf 95' lang='grc'><strong>,</strong></span> <span class='ocrx_word' id='word_1_446' title='bbox 3718 773 3890 840; x_wconf 82' lang='grc' dir='ltr'><strong>μηδὲν</strong></span> <span class='ocrx_word' id='word_1_447' title='bbox 3916 772 4006 836; x_wconf 65' lang='grc' dir='ltr'><strong>ἐξ.</strong></span> 
     </span>
    </p>
   </div>
   <div class='ocr_carea' id='block_1_65' title="bbox 2431 856 4005 929">
    <p class='ocr_par' dir='ltr' id='par_1_65' title="bbox 2431 856 4005 929">
     <span class='ocr_line' id='line_1_65' title="bbox 2431 856 4005 929; baseline 0.003 -20"><span class='ocrx_word' id='word_1_448' title='bbox 2431 858 2567 910; x_wconf 87' lang='grc' dir='ltr'><strong>ωθεν</strong></span> <span class='ocrx_word' id='word_1_449' title='bbox 2591 859 2688 925; x_wconf 85' lang='grc' dir='ltr'><strong>τῆς</strong></span> <span class='ocrx_word' id='word_1_450' title='bbox 2710 859 2773 909; x_wconf 82' lang='grc' dir='ltr'><strong>Δε</strong></span> <span class='ocrx_word' id='word_1_451' title='bbox 2784 856 3043 926; x_wconf 79' lang='grc' dir='ltr'><strong>σποτικῆς</strong></span> <span class='ocrx_word' id='word_1_452' title='bbox 3072 859 3289 926; x_wconf 79' lang='grc' dir='ltr'><strong>ἐντολῆς</strong></span> <span class='ocrx_word' id='word_1_453' title='bbox 3314 859 3450 929; x_wconf 82' lang='grc' dir='ltr'><strong>μήτε</strong></span> <span class='ocrx_word' id='word_1_454' title='bbox 3483 861 3820 924; x_wconf 81' lang='grc' dir='ltr'><strong>ἐννοοῦντας,</strong></span> <span class='ocrx_word' id='word_1_455' title='bbox 3861 862 4005 929; x_wconf 76' lang='grc' dir='ltr'><strong>μήτε</strong></span> 
     </span>
    </p>
   </div>
   <div class='ocr_carea' id='block_1_66' title="bbox 2432 943 3250 1014">
    <p class='ocr_par' dir='ltr' id='par_1_66' title="bbox 2432 943 3250 1014">
     <span class='ocr_line' id='line_1_66' title="bbox 2432 943 3250 1014; baseline 0.006 -20"><span class='ocrx_word' id='word_1_456' title='bbox 2432 943 2692 1010; x_wconf 83' lang='grc' dir='ltr'><strong>λέγοντας</strong></span> <span class='ocrx_word' id='word_1_457' title='bbox 2723 944 2860 1014; x_wconf 80' lang='grc' dir='ltr'><strong>μήτε</strong></span> <span class='ocrx_word' id='word_1_458' title='bbox 2891 945 3250 1013; x_wconf 74' lang='grc' dir='ltr'><strong>πράττοντας.</strong></span> 
     </span>
    </p>
   </div>
   <div class='ocr_carea' id='block_1_67' title="bbox 2504 1117 4002 1186">
    <p class='ocr_par' dir='ltr' id='par_1_67' title="bbox 2504 1117 4002 1186">
     <span class='ocr_line' id='line_1_67' title="bbox 2504 1117 4002 1186; baseline 0 -14"><span class='ocrx_word' id='word_1_459' title='bbox 2504 1125 2591 1184; x_wconf 83' lang='grc' dir='ltr'><strong>ιγ’.</strong></span> <span class='ocrx_word' id='word_1_460' title='bbox 2625 1117 2787 1170; x_wconf 83' lang='grc' dir='ltr'><strong>Ἀλλά</strong></span> <span class='ocrx_word' id='word_1_461' title='bbox 2819 1118 2928 1186; x_wconf 87' lang='grc' dir='ltr'><strong>γάρ</strong></span> <span class='ocrx_word' id='word_1_462' title='bbox 2958 1119 3088 1181; x_wconf 73' lang='grc' dir='ltr'><strong>ἴσως</strong></span> <span class='ocrx_word' id='word_1_463' title='bbox 3123 1118 3188 1172; x_wconf 79' lang='grc' dir='ltr'><strong>ἄν</strong></span> <span class='ocrx_word' id='word_1_464' title='bbox 3225 1136 3368 1172; x_wconf 90' lang='grc' dir='ltr'><strong>τισιν</strong></span> <span class='ocrx_word' id='word_1_465' title='bbox 3407 1119 3624 1172; x_wconf 76' lang='grc' dir='ltr'><strong>ἐπέλθοι</strong></span> <span class='ocrx_word' id='word_1_466' title='bbox 3665 1119 4002 1184; x_wconf 84' lang='grc' dir='ltr'><strong>λογοθετεῖν,</strong></span> 
     </span>
    </p>
   </div>
   <div class='ocr_carea' id='block_1_68' title="bbox 2435 1204 4003 1275">
    <p class='ocr_par' dir='ltr' id='par_1_68' title="bbox 2435 1204 4003 1275">
     <span class='ocr_line' id='line_1_68' title="bbox 2435 1204 4003 1275; baseline 0 -16"><span class='ocrx_word' id='word_1_467' title='bbox 2435 1205 2519 1259; x_wconf 81' lang='grc' dir='ltr'><strong>ἵνα</strong></span> <span class='ocrx_word' id='word_1_468' title='bbox 2558 1205 2631 1275; x_wconf 80' lang='grc' dir='ltr'><strong>μὴ</strong></span> <span class='ocrx_word' id='word_1_469' title='bbox 2657 1204 2802 1272; x_wconf 87' lang='grc' dir='ltr'><strong>λέγω</strong></span> <span class='ocrx_word' id='word_1_470' title='bbox 2846 1205 3193 1272; x_wconf 82' lang='grc' dir='ltr'><strong>φιλονεικεῖν,</strong></span> <span class='ocrx_word' id='word_1_471' title='bbox 3221 1205 3297 1268; x_wconf 88' lang='grc' dir='ltr'><strong>ὼς</strong></span> <span class='ocrx_word' id='word_1_472' title='bbox 3331 1206 3382 1256; x_wconf 84' lang='grc' dir='ltr'><strong>εἰ</strong></span> <span class='ocrx_word' id='word_1_473' title='bbox 3411 1223 3471 1272; x_wconf 82' lang='grc' dir='ltr'><strong>γε</strong></span> <span class='ocrx_word' id='word_1_474' title='bbox 3507 1208 3587 1267; x_wconf 84' lang='grc' dir='ltr'><strong>εἰς</strong></span> <span class='ocrx_word' id='word_1_475' title='bbox 3610 1205 3673 1257; x_wconf 81' lang='grc' dir='ltr'><strong>τὸ</strong></span> <span class='ocrx_word' id='word_1_476' title='bbox 3705 1205 3881 1273; x_wconf 79' lang='grc' dir='ltr'><strong>δνομα</strong></span> <span class='ocrx_word' id='word_1_477' title='bbox 3909 1206 4003 1259; x_wconf 75' lang='grc' dir='ltr'><strong>τοῦ</strong></span> 
     </span>
    </p>
   </div>
   <div class='ocr_carea' id='block_1_69' title="bbox 2434 1295 4004 1364">
    <p class='ocr_par' dir='ltr' id='par_1_69' title="bbox 2434 1295 4004 1364">
     <span class='ocr_line' id='line_1_69' title="bbox 2434 1295 4004 1364; baseline 0.002 -16"><span class='ocrx_word' id='word_1_478' title='bbox 2434 1297 2642 1364; x_wconf 77' lang='grc' dir='ltr'><strong>Πατρδς</strong></span> <span class='ocrx_word' id='word_1_479' title='bbox 2671 1295 2880 1348; x_wconf 75' lang='grc' dir='ltr'><strong>καὶτοῦ</strong></span> <span class='ocrx_word' id='word_1_480' title='bbox 2913 1295 3043 1349; x_wconf 87' lang='grc' dir='ltr'>Υἰοῦ</span> <span class='ocrx_word' id='word_1_481' title='bbox 3076 1297 3170 1349; x_wconf 79' lang='grc' dir='ltr'><strong>καὶ</strong></span> <span class='ocrx_word' id='word_1_482' title='bbox 3203 1298 3296 1350; x_wconf 81' lang='grc' dir='ltr'><strong>τοῦ</strong></span> <span class='ocrx_word' id='word_1_483' title='bbox 3326 1298 3481 1364; x_wconf 84' lang='grc' dir='ltr'><strong>ἁγίου</strong></span> <span class='ocrx_word' id='word_1_484' title='bbox 3511 1296 3828 1364; x_wconf 86' lang='grc' dir='ltr'><strong>Πνεύματος</strong></span> <span class='ocrx_word' id='word_1_485' title='bbox 3877 1299 4004 1351; x_wconf 75' lang='grc' dir='ltr'><strong>ἐϐά-</strong></span> 
     </span>
    </p>
   </div>
   <div class='ocr_carea' id='block_1_70' title="bbox 2436 1383 4006 1454">
    <p class='ocr_par' dir='ltr' id='par_1_70' title="bbox 2436 1383 4006 1454">
     <span class='ocr_line' id='line_1_70' title="bbox 2436 1383 4006 1454; baseline 0 -18"><span class='ocrx_word' id='word_1_486' title='bbox 2436 1386 2621 1446; x_wconf 76' lang='grc' dir='ltr'><strong>πτιζον</strong></span> <span class='ocrx_word' id='word_1_487' title='bbox 2651 1385 2700 1436; x_wconf 91' lang='grc' dir='ltr'><strong>οἰ</strong></span> <span class='ocrx_word' id='word_1_488' title='bbox 2730 1383 2992 1453; x_wconf 77' lang='grc' dir='ltr'><strong>μαθηταὶ,</strong></span> <span class='ocrx_word' id='word_1_489' title='bbox 3019 1385 3070 1436; x_wconf 91' lang='grc' dir='ltr'><strong>τί</strong></span> <span class='ocrx_word' id='word_1_490' title='bbox 3100 1386 3162 1453; x_wconf 85' lang='grc' dir='ltr'><strong>δή</strong></span> <span class='ocrx_word' id='word_1_491' title='bbox 3195 1401 3326 1437; x_wconf 89' lang='grc' dir='ltr'><strong>ποτε</strong></span> <span class='ocrx_word' id='word_1_492' title='bbox 3350 1387 3429 1446; x_wconf 89' lang='grc' dir='ltr'><strong>εἰς</strong></span> <span class='ocrx_word' id='word_1_493' title='bbox 3452 1385 3511 1438; x_wconf 83' lang='grc' dir='ltr'><strong>τὸ</strong></span> <span class='ocrx_word' id='word_1_494' title='bbox 3542 1386 3714 1454; x_wconf 72' lang='grc' dir='ltr'><strong>ὄνομα</strong></span> <span class='ocrx_word' id='word_1_495' title='bbox 3745 1384 3846 1437; x_wconf 81' lang='grc' dir='ltr'><strong>τοῦ</strong></span> <span class='ocrx_word' id='word_1_496' title='bbox 3873 1387 4006 1453; x_wconf 82' lang='grc' dir='ltr'><strong>Χρι-</strong></span> 
     </span>
    </p>
   </div>
   <div class='ocr_carea' id='block_1_71' title="bbox 2438 1469 4007 1540">
    <p class='ocr_par' dir='ltr' id='par_1_71' title="bbox 2438 1469 4007 1540">
     <span class='ocr_line' id='line_1_71' title="bbox 2438 1469 4007 1540; baseline -0.001 -18"><span class='ocrx_word' id='word_1_497' title='bbox 2438 1470 2562 1522; x_wconf 80' lang='grc' dir='ltr'><strong>στοῦ</strong></span> <span class='ocrx_word' id='word_1_498' title='bbox 2610 1469 2856 1537; x_wconf 80' lang='grc' dir='ltr'><strong>λέγονται</strong></span> <span class='ocrx_word' id='word_1_499' title='bbox 2906 1470 3187 1538; x_wconf 77' lang='grc' dir='ltr'><strong>βαπτίζειν</strong></span> <span class='ocrx_word' id='word_1_500' title='bbox 3219 1471 3250 1540; x_wconf 77' lang='grc' dir='ltr'>ἢ</span> <span class='ocrx_word' id='word_1_501' title='bbox 3287 1472 3366 1529; x_wconf 78' lang='grc' dir='ltr'><strong>εἰς</strong></span> <span class='ocrx_word' id='word_1_502' title='bbox 3397 1471 3465 1522; x_wconf 91' lang='grc' dir='ltr'><strong>τά</strong></span> <span class='ocrx_word' id='word_1_503' title='bbox 3499 1471 3694 1538; x_wconf 85' lang='grc' dir='ltr'><strong>ὅμοια;</strong></span> <span class='ocrx_word' id='word_1_504' title='bbox 3751 1472 3848 1522; x_wconf 77' lang='grc' dir='ltr'><strong>καὶ</strong></span> <span class='ocrx_word' id='word_1_505' title='bbox 3900 1471 4007 1539; x_wconf 77' lang='grc' dir='ltr'><strong>γάρ</strong></span> 
     </span>
    </p>
   </div>
   <div class='ocr_carea' id='block_1_72' title="bbox 2434 1558 4005 1630">
    <p class='ocr_par' dir='ltr' id='par_1_72' title="bbox 2434 1558 4005 1630">
     <span class='ocr_line' id='line_1_72' title="bbox 2434 1558 4005 1630; baseline 0 -20"><span class='ocrx_word' id='word_1_506' title='bbox 2434 1558 2591 1612; x_wconf 80' lang='grc' dir='ltr'><strong>τοῦτο</strong></span> <span class='ocrx_word' id='word_1_507' title='bbox 2623 1560 2725 1627; x_wconf 83' lang='grc' dir='ltr'><strong>μὲν</strong></span> <span class='ocrx_word' id='word_1_508' title='bbox 2754 1559 2841 1612; x_wconf 89' lang='grc' dir='ltr'><strong>διά</strong></span> <span class='ocrx_word' id='word_1_509' title='bbox 2867 1559 2975 1611; x_wconf 83' lang='grc' dir='ltr'><strong>τῶν</strong></span> <span class='ocrx_word' id='word_1_510' title='bbox 3010 1559 3315 1627; x_wconf 82' lang='grc' dir='ltr'><strong>εἰρημένων</strong></span> <span class='ocrx_word' id='word_1_511' title='bbox 3345 1560 3446 1630; x_wconf 74' lang='grc' dir='ltr'><strong>ἤδη</strong></span> <span class='ocrx_word' id='word_1_512' title='bbox 3484 1559 3855 1628; x_wconf 79' lang='grc' dir='ltr'><strong>ἀποχρώντως</strong></span> <span class='ocrx_word' id='word_1_513' title='bbox 3881 1560 4005 1611; x_wconf 69' lang='grc' dir='ltr'><strong>ἐπε-</strong></span> 
     </span>
    </p>
   </div>
   <div class='ocr_carea' id='block_1_73' title="bbox 2436 1648 4008 1719">
    <p class='ocr_par' dir='ltr' id='par_1_73' title="bbox 2436 1648 4008 1719">
     <span class='ocr_line' id='line_1_73' title="bbox 2436 1648 4008 1719; baseline -0.001 -16"><span class='ocrx_word' id='word_1_514' title='bbox 2436 1651 2728 1704; x_wconf 82' lang='grc' dir='ltr'><strong>δείκνυται.</strong></span> <span class='ocrx_word' id='word_1_515' title='bbox 2753 1652 2950 1718; x_wconf 84' lang='grc' dir='ltr'><strong>Ἤρκει</strong></span> <span class='ocrx_word' id='word_1_516' title='bbox 2979 1650 3088 1719; x_wconf 77' lang='grc' dir='ltr'><strong>γὰρ</strong></span> <span class='ocrx_word' id='word_1_517' title='bbox 3112 1651 3232 1702; x_wconf 72' lang='grc' dir='ltr'><strong>ἀντὶ</strong></span> <span class='ocrx_word' id='word_1_518' title='bbox 3260 1649 3470 1702; x_wconf 83' lang='grc' dir='ltr'><strong>πολλῶν</strong></span> <span class='ocrx_word' id='word_1_519' title='bbox 3494 1648 3670 1701; x_wconf 78' lang='grc' dir='ltr'><strong>ἄλλων</strong></span> <span class='ocrx_word' id='word_1_520' title='bbox 3696 1648 3798 1715; x_wconf 75' lang='grc' dir='ltr'><strong>τὴν</strong></span> <span class='ocrx_word' id='word_1_521' title='bbox 3826 1649 4008 1702; x_wconf 78' lang='grc' dir='ltr'><strong>αἰτίαν</strong></span> 
     </span>
    </p>
   </div>
   <div class='ocr_carea' id='block_1_74' title="bbox 2437 1740 4007 1812">
    <p class='ocr_par' dir='ltr' id='par_1_74' title="bbox 2437 1740 4007 1812">
     <span class='ocr_line' id='line_1_74' title="bbox 2437 1740 4007 1812; baseline -0.001 -18"><span class='ocrx_word' id='word_1_522' title='bbox 2437 1743 2642 1812; x_wconf 83' lang='grc' dir='ltr'><strong>ταύτην</strong></span> <span class='ocrx_word' id='word_1_523' title='bbox 2673 1745 2750 1805; x_wconf 88' lang='grc' dir='ltr'><strong>είς</strong></span> <span class='ocrx_word' id='word_1_524' title='bbox 2781 1744 2842 1794; x_wconf 83' lang='grc' dir='ltr'><strong>τὺ</strong></span> <span class='ocrx_word' id='word_1_525' title='bbox 2867 1742 2968 1811; x_wconf 82' lang='grc' dir='ltr'><strong>τῆς</strong></span> <span class='ocrx_word' id='word_1_526' title='bbox 2997 1743 3147 1811; x_wconf 82' lang='grc' dir='ltr'><strong>ίερᾶς</strong></span> <span class='ocrx_word' id='word_1_527' title='bbox 3175 1741 3334 1811; x_wconf 69' lang='grc' dir='ltr'><strong>ἡμῶν</strong></span> <span class='ocrx_word' id='word_1_528' title='bbox 3364 1740 3584 1811; x_wconf 84' lang='grc' dir='ltr'><strong>Γραφῆς</strong></span> <span class='ocrx_word' id='word_1_529' title='bbox 3618 1740 3737 1802; x_wconf 67' lang='grc' dir='ltr'><strong>ἔθος</strong></span> <span class='ocrx_word' id='word_1_530' title='bbox 3758 1741 4007 1808; x_wconf 86' lang='grc' dir='ltr'><strong>ἀνάγειν,</strong></span> 
     </span>
    </p>
   </div>
   <div class='ocr_carea' id='block_1_75' title="bbox 2441 1827 4010 1898">
    <p class='ocr_par' dir='ltr' id='par_1_75' title="bbox 2441 1827 4010 1898">
     <span class='ocr_line' id='line_1_75' title="bbox 2441 1827 4010 1898; baseline -0.001 -16"><span class='ocrx_word' id='word_1_531' title='bbox 2441 1831 2530 1882; x_wconf 71' lang='grc' dir='ltr'><strong>καὶ</strong></span> <span class='ocrx_word' id='word_1_532' title='bbox 2565 1830 2912 1898; x_wconf 82' lang='grc' dir='ltr'><strong>παραστῆσαι</strong></span> <span class='ocrx_word' id='word_1_533' title='bbox 2946 1827 3150 1898; x_wconf 88' lang='grc' dir='ltr'><strong>ταύτην</strong></span> <span class='ocrx_word' id='word_1_534' title='bbox 3179 1827 3569 1896; x_wconf 83' lang='grc' dir='ltr'><strong>οἰκειούμενον,</strong></span> <span class='ocrx_word' id='word_1_535' title='bbox 3613 1828 3748 1896; x_wconf 85' lang='grc' dir='ltr'><strong>μηδέ</strong></span> <span class='ocrx_word' id='word_1_536' title='bbox 3808 1827 4010 1896; x_wconf 79' lang='grc' dir='ltr'><strong>μᾶλλον</strong></span> 
     </span>
    </p>
   </div>
   <div class='ocr_carea' id='block_1_76' title="bbox 2434 1916 4008 1988">
    <p class='ocr_par' dir='ltr' id='par_1_76' title="bbox 2434 1916 4008 1988">
     <span class='ocr_line' id='line_1_76' title="bbox 2434 1916 4008 1988; baseline -0.001 -18"><span class='ocrx_word' id='word_1_537' title='bbox 2434 1918 2526 1972; x_wconf 87' lang='grc' dir='ltr'><strong>τοῦ</strong></span> <span class='ocrx_word' id='word_1_538' title='bbox 2562 1919 2870 1988; x_wconf 76' lang='grc' dir='ltr'><strong>φιλοσοφεῖν</strong></span> <span class='ocrx_word' id='word_1_539' title='bbox 2912 1919 2972 1972; x_wconf 82' lang='grc' dir='ltr'><strong>τὸ</strong></span> <span class='ocrx_word' id='word_1_540' title='bbox 2998 1918 3477 1988; x_wconf 75' lang='grc' dir='ltr'><strong>πολυπραγμονεῖν</strong></span> <span class='ocrx_word' id='word_1_541' title='bbox 3526 1916 4008 1970; x_wconf 69' lang='grc' dir='ltr'><strong>ἀπαλλάττεσθαι.</strong></span> 
     </span>
    </p>
   </div>
   <div class='ocr_carea' id='block_1_77' title="bbox 2439 2002 4010 2078">
    <p class='ocr_par' dir='ltr' id='par_1_77' title="bbox 2439 2002 4010 2078">
     <span class='ocr_line' id='line_1_77' title="bbox 2439 2002 4010 2078; baseline -0.003 -15"><span class='ocrx_word' id='word_1_542' title='bbox 2439 2012 2546 2063; x_wconf 78' lang='grc' dir='ltr'><strong>Καὶ</strong></span> <span class='ocrx_word' id='word_1_543' title='bbox 2595 2011 2706 2078; x_wconf 77' lang='grc' dir='ltr'><strong>γὰρ</strong></span> <span class='ocrx_word' id='word_1_544' title='bbox 2746 2010 2880 2064; x_wconf 79' lang='grc' dir='ltr'><strong>ἀλλα</strong></span> <span class='ocrx_word' id='word_1_545' title='bbox 2926 2027 2984 2063; x_wconf 87' lang='grc' dir='ltr'><strong>τε</strong></span> <span class='ocrx_word' id='word_1_546' title='bbox 3030 2009 3200 2061; x_wconf 88' lang='grc' dir='ltr'><strong>πολλά</strong></span> <span class='ocrx_word' id='word_1_547' title='bbox 3243 2009 3365 2061; x_wconf 85' lang='grc' dir='ltr'><strong>καθ’</strong></span> <span class='ocrx_word' id='word_1_548' title='bbox 3395 2008 3624 2062; x_wconf 81' lang='grc' dir='ltr'><strong>’ἑκαστον</strong></span> <span class='ocrx_word' id='word_1_549' title='bbox 3657 2002 3803 2072; x_wconf 74' lang='grc' dir='ltr'><strong>εἶδος</strong></span> <span class='ocrx_word' id='word_1_550' title='bbox 3849 2008 4010 2076; x_wconf 82' lang='grc' dir='ltr'><strong>λόγου</strong></span> 
     </span>
    </p>
   </div>
   <div class='ocr_carea' id='block_1_78' title="bbox 2442 2091 4011 2168">
    <p class='ocr_par' dir='ltr' id='par_1_78' title="bbox 2442 2091 4011 2168">
     <span class='ocr_line' id='line_1_78' title="bbox 2442 2091 4011 2168; baseline -0.001 -19"><span class='ocrx_word' id='word_1_551' title='bbox 2442 2097 2509 2149; x_wconf 74' lang='grc' dir='ltr'><strong>δι’</strong></span> <span class='ocrx_word' id='word_1_552' title='bbox 2534 2091 2607 2150; x_wconf 82' lang='grc' dir='ltr'><strong>ὧν</strong></span> <span class='ocrx_word' id='word_1_553' title='bbox 2644 2097 3104 2168; x_wconf 76' lang='grc' dir='ltr'><strong>χαρακτηρίζεται</strong></span> <span class='ocrx_word' id='word_1_554' title='bbox 3133 2095 3431 2163; x_wconf 81' lang='grc' dir='ltr'><strong>καθορᾶται</strong></span> <span class='ocrx_word' id='word_1_555' title='bbox 3471 2095 3754 2161; x_wconf 83' lang='grc' dir='ltr'><strong>ἰδιώματα·</strong></span> <span class='ocrx_word' id='word_1_556' title='bbox 3796 2097 3891 2147; x_wconf 74' lang='grc' dir='ltr'><strong>καὶ</strong></span> <span class='ocrx_word' id='word_1_557' title='bbox 3921 2095 4011 2148; x_wconf 79' lang='grc' dir='ltr'><strong>οὐ·</strong></span> 
     </span>
    </p>
   </div>
   <div class='ocr_carea' id='block_1_79' title="bbox 2439 2184 4013 2256">
    <p class='ocr_par' dir='ltr' id='par_1_79' title="bbox 2439 2184 4013 2256">
     <span class='ocr_line' id='line_1_79' title="bbox 2439 2184 4013 2256; baseline -0.004 -14"><span class='ocrx_word' id='word_1_558' title='bbox 2439 2191 2549 2250; x_wconf 69' lang='grc' dir='ltr'><strong>δεῖς</strong></span> <span class='ocrx_word' id='word_1_559' title='bbox 2583 2189 2837 2254; x_wconf 76' lang='grc' dir='ltr'><strong>ἐπιγνοὺς</strong></span> <span class='ocrx_word' id='word_1_560' title='bbox 2862 2190 2922 2240; x_wconf 82' lang='grc' dir='ltr'><strong>τὸ</strong></span> <span class='ocrx_word' id='word_1_561' title='bbox 2954 2187 3170 2254; x_wconf 90' lang='grc' dir='ltr'><strong>ἰδίωμα,</strong></span> <span class='ocrx_word' id='word_1_562' title='bbox 3198 2185 3333 2256; x_wconf 85' lang='grc' dir='ltr'><strong>πρὸς</strong></span> <span class='ocrx_word' id='word_1_563' title='bbox 3369 2184 3562 2255; x_wconf 79' lang='grc' dir='ltr'><strong>ἑτέραν</strong></span> <span class='ocrx_word' id='word_1_564' title='bbox 3592 2185 4013 2238; x_wconf 79' lang='grc' dir='ltr'><strong>ἀποπλανᾶσθαι</strong></span> 
     </span>
    </p>
   </div>
   <div class='ocr_carea' id='block_1_80' title="bbox 2449 2278 4013 2354">
    <p class='ocr_par' dir='ltr' id='par_1_80' title="bbox 2449 2278 4013 2354">
     <span class='ocr_line' id='line_1_80' title="bbox 2449 2278 4013 2354; baseline -0.001 -23"><span class='ocrx_word' id='word_1_565' title='bbox 2449 2282 2540 2331; x_wconf 80' lang='grc' dir='ltr'><strong>τὸν</strong></span> <span class='ocrx_word' id='word_1_566' title='bbox 2588 2280 2712 2331; x_wconf 81' lang='grc' dir='ltr'><strong>νοῦν</strong></span> <span class='ocrx_word' id='word_1_567' title='bbox 2743 2280 2950 2354; x_wconf 17' lang='grc' dir='ltr'><strong>’ἀφίησι</strong></span> <span class='ocrx_word' id='word_1_568' title='bbox 2993 2279 3216 2348; x_wconf 75' lang='grc' dir='ltr'><strong>ζήτησιν</strong></span> <span class='ocrx_word' id='word_1_569' title='bbox 3241 2295 3253 2307; x_wconf 88' lang='grc'><strong>·</strong></span> <span class='ocrx_word' id='word_1_570' title='bbox 3289 2278 3382 2331; x_wconf 84' lang='grc' dir='ltr'><strong>καὶ</strong></span> <span class='ocrx_word' id='word_1_571' title='bbox 3419 2279 3578 2331; x_wconf 83' lang='grc' dir='ltr'><strong>τοῦτο</strong></span> <span class='ocrx_word' id='word_1_572' title='bbox 3622 2279 3682 2330; x_wconf 79' lang='grc' dir='ltr'><strong>οὐ</strong></span> <span class='ocrx_word' id='word_1_573' title='bbox 3723 2279 3886 2346; x_wconf 79' lang='grc' dir='ltr'><strong>μόνον</strong></span> <span class='ocrx_word' id='word_1_574' title='bbox 3922 2279 4013 2330; x_wconf 82' lang='grc' dir='ltr'><strong>ἐπὶ</strong></span> 
     </span>
    </p>
   </div>
   <div class='ocr_carea' id='block_1_81' title="bbox 2440 2368 4014 2437">
    <p class='ocr_par' dir='ltr' id='par_1_81' title="bbox 2440 2368 4014 2437">
     <span class='ocr_line' id='line_1_81' title="bbox 2440 2368 4014 2437; baseline 0.001 -16"><span class='ocrx_word' id='word_1_575' title='bbox 2440 2370 2546 2421; x_wconf 78' lang='grc' dir='ltr'><strong>τῶν</strong></span> <span class='ocrx_word' id='word_1_576' title='bbox 2577 2370 2850 2435; x_wconf 73' lang='grc' dir='ltr'><strong>θεοσόφων</strong></span> <span class='ocrx_word' id='word_1_577' title='bbox 2893 2369 3069 2434; x_wconf 87' lang='grc' dir='ltr'><strong>λόγων</strong></span> <span class='ocrx_word' id='word_1_578' title='bbox 3111 2369 3258 2420; x_wconf 78' lang='grc' dir='ltr'><strong>ἐστὶν</strong></span> <span class='ocrx_word' id='word_1_579' title='bbox 3301 2370 3653 2437; x_wconf 80' lang='grc' dir='ltr'><strong>ἀναθεωρεῖν,</strong></span> <span class='ocrx_word' id='word_1_580' title='bbox 3683 2368 3824 2421; x_wconf 86' lang='grc' dir='ltr'><strong>ἀλλά</strong></span> <span class='ocrx_word' id='word_1_581' title='bbox 3855 2369 3953 2422; x_wconf 79' lang='grc' dir='ltr'><strong>καὶ</strong></span> <span class='ocrx_word' id='word_1_582' title='bbox 3979 2369 4014 2422; x_wconf 77' lang='grc' dir='ltr'>ἃ</span> 
     </span>
    </p>
   </div>
   <div class='ocr_carea' id='block_1_82' title="bbox 2442 2456 4014 2525">
    <p class='ocr_par' dir='ltr' id='par_1_82' title="bbox 2442 2456 4014 2525">
     <span class='ocr_line' id='line_1_82' title="bbox 2442 2456 4014 2525; baseline -0.001 -17"><span class='ocrx_word' id='word_1_583' title='bbox 2442 2459 2664 2523; x_wconf 86' lang='grc' dir='ltr'><strong>κοσμεῖν</strong></span> <span class='ocrx_word' id='word_1_584' title='bbox 2705 2456 3067 2525; x_wconf 81' lang='grc' dir='ltr'><strong>φιλοτιμεῖται</strong></span> <span class='ocrx_word' id='word_1_585' title='bbox 3118 2456 3339 2523; x_wconf 81' lang='grc' dir='ltr'><strong>γλῶσσα</strong></span> <span class='ocrx_word' id='word_1_586' title='bbox 3383 2457 3416 2523; x_wconf 82' lang='grc' dir='ltr'>ἡ</span> <span class='ocrx_word' id='word_1_587' title='bbox 3449 2456 3821 2520; x_wconf 78' lang='grc' dir='ltr'><strong>άττικίζουσα.</strong></span> <span class='ocrx_word' id='word_1_588' title='bbox 3867 2459 4014 2524; x_wconf 75' lang='grc' dir='ltr'><strong>Πλὴν</strong></span> 
     </span>
    </p>
   </div>
   <div class='ocr_carea' id='block_1_83' title="bbox 2442 2545 4018 2616">
    <p class='ocr_par' dir='ltr' id='par_1_83' title="bbox 2442 2545 4018 2616">
     <span class='ocr_line' id='line_1_83' title="bbox 2442 2545 4018 2616; baseline 0 -16"><span class='ocrx_word' id='word_1_589' title='bbox 2442 2548 2592 2600; x_wconf 69' lang='grc' dir='ltr'><strong>οὖδὲν</strong></span> <span class='ocrx_word' id='word_1_590' title='bbox 2631 2545 2827 2599; x_wconf 76' lang='grc' dir='ltr'><strong>κωλύει</strong></span> <span class='ocrx_word' id='word_1_591' title='bbox 2861 2549 2955 2600; x_wconf 76' lang='grc' dir='ltr'><strong>καὶ</strong></span> <span class='ocrx_word' id='word_1_592' title='bbox 2990 2547 3050 2598; x_wconf 82' lang='grc' dir='ltr'><strong>τὸ</strong></span> <span class='ocrx_word' id='word_1_593' title='bbox 3100 2546 3294 2615; x_wconf 86' lang='grc' dir='ltr'><strong>ἰδίωμα</strong></span> <span class='ocrx_word' id='word_1_594' title='bbox 3330 2545 3664 2616; x_wconf 81' lang='grc' dir='ltr'><strong>πλατύτερον</strong></span> <span class='ocrx_word' id='word_1_595' title='bbox 3702 2547 4018 2600; x_wconf 81' lang='grc' dir='ltr'><strong>συνεκδιδά-</strong></span> 
     </span>
    </p>
   </div>
   <div class='ocr_carea' id='block_1_84' title="bbox 2447 2635 4018 2706">
    <p class='ocr_par' dir='ltr' id='par_1_84' title="bbox 2447 2635 4018 2706">
     <span class='ocr_line' id='line_1_84' title="bbox 2447 2635 4018 2706; baseline 0 -17"><span class='ocrx_word' id='word_1_596' title='bbox 2447 2652 2636 2690; x_wconf 83' lang='grc' dir='ltr'><strong>σκειν⁶</strong></span> <span class='ocrx_word' id='word_1_597' title='bbox 2675 2636 2850 2690; x_wconf 86' lang='grc' dir='ltr'><strong>καίτοι</strong></span> <span class='ocrx_word' id='word_1_598' title='bbox 2901 2653 2964 2701; x_wconf 90' lang='grc' dir='ltr'><strong>γε</strong></span> <span class='ocrx_word' id='word_1_599' title='bbox 2993 2637 3115 2690; x_wconf 76' lang='grc' dir='ltr'><strong>οὐδὲ</strong></span> <span class='ocrx_word' id='word_1_600' title='bbox 3139 2637 3293 2689; x_wconf 82' lang='grc' dir='ltr'><strong>τοῦτο</strong></span> <span class='ocrx_word' id='word_1_601' title='bbox 3338 2635 3592 2706; x_wconf 80' lang='grc' dir='ltr'><strong>παρεῖδεν</strong></span> <span class='ocrx_word' id='word_1_602' title='bbox 3641 2637 3954 2704; x_wconf 79' lang='grc' dir='ltr'><strong>ἔμπροσθεν</strong></span> <span class='ocrx_word' id='word_1_603' title='bbox 3992 2639 4018 2689; x_wconf 90' lang='grc' dir='ltr'><strong>ό</strong></span> 
     </span>
    </p>
   </div>
   <div class='ocr_carea' id='block_1_85' title="bbox 2445 2724 4020 2795">
    <p class='ocr_par' dir='ltr' id='par_1_85' title="bbox 2445 2724 4020 2795">
     <span class='ocr_line' id='line_1_85' title="bbox 2445 2724 4020 2795; baseline 0.001 -18"><span class='ocrx_word' id='word_1_604' title='bbox 2445 2727 2620 2792; x_wconf 72' lang='grc' dir='ltr'><strong>λόγος,</strong></span> <span class='ocrx_word' id='word_1_605' title='bbox 2652 2726 2733 2777; x_wconf 85' lang='grc' dir='ltr'><strong>ὅτι</strong></span> <span class='ocrx_word' id='word_1_606' title='bbox 2774 2724 2849 2794; x_wconf 82' lang='grc' dir='ltr'><strong>μὴ</strong></span> <span class='ocrx_word' id='word_1_607' title='bbox 2875 2725 3165 2795; x_wconf 72' lang='grc' dir='ltr'><strong>ἐπέρηται</strong></span> <span class='ocrx_word' id='word_1_608' title='bbox 3190 2724 3283 2778; x_wconf 80' lang='grc' dir='ltr'><strong>τοῦ</strong></span> <span class='ocrx_word' id='word_1_609' title='bbox 3314 2724 3754 2793; x_wconf 81' lang='grc' dir='ltr'><strong>αἰτιολογεῖσθαι’</strong></span> <span class='ocrx_word' id='word_1_610' title='bbox 3790 2727 4020 2794; x_wconf 72' lang='grc' dir='ltr'><strong>καὶγὰρ</strong></span> 
     </span>
    </p>
   </div>
   <div class='ocr_carea' id='block_1_86' title="bbox 2455 2810 4020 2881">
    <p class='ocr_par' dir='ltr' id='par_1_86' title="bbox 2455 2810 4020 2881">
     <span class='ocr_line' id='line_1_86' title="bbox 2455 2810 4020 2881; baseline 0.001 -21"><span class='ocrx_word' id='word_1_611' title='bbox 2455 2813 2576 2874; x_wconf 67' lang='lat' dir='ltr'><strong>«Et;</strong></span> <span class='ocrx_word' id='word_1_612' title='bbox 2599 2813 2658 2863; x_wconf 85' lang='grc' dir='ltr'><strong>τὸ</strong></span> <span class='ocrx_word' id='word_1_613' title='bbox 2687 2811 2857 2880; x_wconf 70' lang='grc' dir='ltr'><strong>ὄνομα</strong></span> <span class='ocrx_word' id='word_1_614' title='bbox 2886 2811 2976 2862; x_wconf 75' lang='grc' dir='ltr'><strong>τοῦ</strong></span> <span class='ocrx_word' id='word_1_615' title='bbox 3015 2811 3217 2880; x_wconf 85' lang='grc' dir='ltr'><strong>Κυρίου</strong></span> <span class='ocrx_word' id='word_1_616' title='bbox 3246 2810 3421 2881; x_wconf 83' lang='grc' dir='ltr'><strong>Ἰησοῦ</strong></span> <span class='ocrx_word' id='word_1_617' title='bbox 3448 2811 3706 2881; x_wconf 82' lang='grc' dir='ltr'><strong>Χριστοῦ,</strong></span> <span class='ocrx_word' id='word_1_618' title='bbox 3741 2831 3760 2862; x_wconf 81' lang='lat' dir='ltr'><strong>s</strong></span> <span class='ocrx_word' id='word_1_619' title='bbox 3815 2813 3909 2864; x_wconf 65' lang='grc' dir='ltr'><strong>καὶ</strong></span> <span class='ocrx_word' id='word_1_620' title='bbox 3943 2816 4020 2875; x_wconf 79' lang='grc' dir='ltr'><strong>εἰς</strong></span> 
     </span>
    </p>
   </div>
   <div class='ocr_carea' id='block_1_87' title="bbox 2448 2895 4022 2972">
    <p class='ocr_par' dir='ltr' id='par_1_87' title="bbox 2448 2895 4022 2972">
     <span class='ocr_line' id='line_1_87' title="bbox 2448 2895 4022 2972; baseline 0.001 -18"><span class='ocrx_word' id='word_1_621' title='bbox 2448 2905 2515 2954; x_wconf 71' lang='grc' dir='ltr'><strong>τὰ</strong></span> <span class='ocrx_word' id='word_1_622' title='bbox 2547 2903 2900 2972; x_wconf 83' lang='grc' dir='ltr'><strong>παραπλήσια</strong></span> <span class='ocrx_word' id='word_1_623' title='bbox 2930 2895 3024 2971; x_wconf 82' lang='grc' dir='ltr'><strong>(ὧν</strong></span> <span class='ocrx_word' id='word_1_624' title='bbox 3054 2903 3110 2954; x_wconf 85' lang='grc' dir='ltr'><strong>ἐν</strong></span> <span class='ocrx_word' id='word_1_625' title='bbox 3145 2902 3220 2971; x_wconf 82' lang='grc' dir='ltr'><strong>τῷ</strong></span> <span class='ocrx_word' id='word_1_626' title='bbox 3241 2902 3485 2972; x_wconf 79' lang='grc' dir='ltr'><strong>διαφόρῳ</strong></span> <span class='ocrx_word' id='word_1_627' title='bbox 3513 2902 3621 2954; x_wconf 86' lang='grc' dir='ltr'><strong>τῶν</strong></span> <span class='ocrx_word' id='word_1_628' title='bbox 3651 2902 3845 2968; x_wconf 81' lang='grc' dir='ltr'><strong>φωνῶν</strong></span> <span class='ocrx_word' id='word_1_629' title='bbox 3870 2902 4022 2955; x_wconf 81' lang='grc' dir='ltr'><strong>ἀδιά-</strong></span> 
     </span>
    </p>
   </div>
   <div class='ocr_carea' id='block_1_88' title="bbox 2451 2988 4021 3060">
    <p class='ocr_par' dir='ltr' id='par_1_88' title="bbox 2451 2988 4021 3060">
     <span class='ocr_line' id='line_1_88' title="bbox 2451 2988 4021 3060; baseline -0.001 -18"><span class='ocrx_word' id='word_1_630' title='bbox 2451 3008 2612 3060; x_wconf 85' lang='grc' dir='ltr'><strong>φορος</strong></span> <span class='ocrx_word' id='word_1_631' title='bbox 2643 2994 2674 3059; x_wconf 82' lang='grc' dir='ltr'>ἡ</span> <span class='ocrx_word' id='word_1_632' title='bbox 2705 2990 2910 3044; x_wconf 82' lang='grc' dir='ltr'><strong>διάνοια</strong></span> <span class='ocrx_word' id='word_1_633' title='bbox 2948 2991 3042 3043; x_wconf 76' lang='grc' dir='ltr'><strong>καὶ</strong></span> <span class='ocrx_word' id='word_1_634' title='bbox 3070 2990 3211 3060; x_wconf 89' lang='grc' dir='ltr'><strong>μία).</strong></span> <span class='ocrx_word' id='word_1_635' title='bbox 3247 2989 3472 3052; x_wconf 83' lang='grc' dir='ltr'><strong>δικαίως</strong></span> <span class='ocrx_word' id='word_1_636' title='bbox 3520 2988 3585 3043; x_wconf 81' lang='grc' dir='ltr'><strong>ἂν</strong></span> <span class='ocrx_word' id='word_1_637' title='bbox 3629 2989 3961 3059; x_wconf 77' lang='grc' dir='ltr'><strong>ἀναφέροιτο</strong></span> <span class='ocrx_word' id='word_1_638' title='bbox 3988 2992 4021 3058; x_wconf 76' lang='grc' dir='ltr'>ἡ</span> 
     </span>
    </p>
   </div>
   <div class='ocr_carea' id='block_1_89' title="bbox 2453 3079 4021 3151">
    <p class='ocr_par' dir='ltr' id='par_1_89' title="bbox 2453 3079 4021 3151">
     <span class='ocr_line' id='line_1_89' title="bbox 2453 3079 4021 3151; baseline -0.001 -18"><span class='ocrx_word' id='word_1_639' title='bbox 2453 3082 2579 3151; x_wconf 82' lang='grc' dir='ltr'><strong>παρ’</strong></span> <span class='ocrx_word' id='word_1_640' title='bbox 2616 3081 2781 3134; x_wconf 81' lang='grc' dir='ltr'><strong>αὐτοῦ</strong></span> <span class='ocrx_word' id='word_1_641' title='bbox 2815 3079 3308 3150; x_wconf 87' lang='grc' dir='ltr'><strong>μυσταγωγηθεῖσα</strong></span> <span class='ocrx_word' id='word_1_642' title='bbox 3338 3081 3452 3143; x_wconf 85' lang='grc' dir='ltr'><strong>τοῖς</strong></span> <span class='ocrx_word' id='word_1_643' title='bbox 3485 3079 3777 3150; x_wconf 81' lang='grc' dir='ltr'><strong>μαθηταῖς,</strong></span> <span class='ocrx_word' id='word_1_644' title='bbox 3816 3081 3912 3133; x_wconf 79' lang='grc' dir='ltr'><strong>καὶ</strong></span> <span class='ocrx_word' id='word_1_645' title='bbox 3935 3080 4021 3132; x_wconf 68' lang='grc' dir='ltr'><strong>διὰ</strong></span> 
     </span>
    </p>
   </div>
   <div class='ocr_carea' id='block_1_90' title="bbox 2452 3165 4022 3237">
    <p class='ocr_par' dir='ltr' id='par_1_90' title="bbox 2452 3165 4022 3237">
     <span class='ocr_line' id='line_1_90' title="bbox 2452 3165 4022 3237; baseline -0.001 -18"><span class='ocrx_word' id='word_1_646' title='bbox 2452 3168 2558 3219; x_wconf 84' lang='grc' dir='ltr'><strong>τῶν</strong></span> <span class='ocrx_word' id='word_1_647' title='bbox 2593 3167 2848 3237; x_wconf 83' lang='grc' dir='ltr'><strong>μαθητῶν</strong></span> <span class='ocrx_word' id='word_1_648' title='bbox 2879 3167 2956 3234; x_wconf 85' lang='grc' dir='ltr'><strong>τῷ</strong></span> <span class='ocrx_word' id='word_1_649' title='bbox 2989 3168 3197 3235; x_wconf 82' lang='grc' dir='ltr'><strong>κόσμῳ,</strong></span> <span class='ocrx_word' id='word_1_650' title='bbox 3229 3166 3433 3227; x_wconf 77' lang='grc' dir='ltr'><strong>πίστις,</strong></span> <span class='ocrx_word' id='word_1_651' title='bbox 3459 3165 3551 3218; x_wconf 77' lang='grc' dir='ltr'><strong>τοῦ</strong></span> <span class='ocrx_word' id='word_1_652' title='bbox 3574 3166 3841 3234; x_wconf 82' lang='grc' dir='ltr'><strong>ὀνόματος</strong></span> <span class='ocrx_word' id='word_1_653' title='bbox 3867 3167 4022 3218; x_wconf 80' lang='grc' dir='ltr'><strong>τοῦτο</strong></span> 
     </span>
    </p>
   </div>
   <div class='ocr_carea' id='block_1_91' title="bbox 2451 3256 4027 3328">
    <p class='ocr_par' dir='ltr' id='par_1_91' title="bbox 2451 3256 4027 3328">
     <span class='ocr_line' id='line_1_91' title="bbox 2451 3256 4027 3328; baseline 0 -18"><span class='ocrx_word' id='word_1_654' title='bbox 2451 3257 2911 3328; x_wconf 86' lang='grc' dir='ltr'><strong>παραδηλοῦντος,</strong></span> <span class='ocrx_word' id='word_1_655' title='bbox 2939 3259 3073 3310; x_wconf 90' lang='grc' dir='ltr'><strong>διότι</strong></span> <span class='ocrx_word' id='word_1_656' title='bbox 3096 3258 3259 3320; x_wconf 78' lang='grc' dir='ltr'><strong>αὐτὸς</strong></span> <span class='ocrx_word' id='word_1_657' title='bbox 3283 3256 3525 3328; x_wconf 75' lang='grc' dir='ltr'><strong>ἀρχηγὸς</strong></span> <span class='ocrx_word' id='word_1_658' title='bbox 3547 3256 3789 3328; x_wconf 86' lang='grc' dir='ltr'><strong>κατέστη</strong></span> <span class='ocrx_word' id='word_1_659' title='bbox 3818 3259 3917 3324; x_wconf 70' lang='grc' dir='ltr'><strong>τῆς</strong></span> <span class='ocrx_word' id='word_1_660' title='bbox 3949 3258 4027 3319; x_wconf 87' lang='grc' dir='ltr'><strong>εἰς</strong></span> 
     </span>
    </p>
   </div>
   <div class='ocr_carea' id='block_1_92' title="bbox 2450 3346 4030 3418">
    <p class='ocr_par' dir='ltr' id='par_1_92' title="bbox 2450 3346 4030 3418">
     <span class='ocr_line' id='line_1_92' title="bbox 2450 3346 4030 3418; baseline -0.001 -16"><span class='ocrx_word' id='word_1_661' title='bbox 2450 3351 2508 3402; x_wconf 85' lang='grc' dir='ltr'><strong>τὸ</strong></span> <span class='ocrx_word' id='word_1_662' title='bbox 2546 3350 2686 3401; x_wconf 85' lang='grc' dir='ltr'><strong>θεῖον</strong></span> <span class='ocrx_word' id='word_1_663' title='bbox 2730 3349 3013 3411; x_wconf 75' lang='grc' dir='ltr'><strong>εὐσεϐείας</strong></span> <span class='ocrx_word' id='word_1_664' title='bbox 3035 3366 3048 3377; x_wconf 83' lang='lat'><strong><em>°</em></strong></span> <span class='ocrx_word' id='word_1_665' title='bbox 3095 3349 3190 3401; x_wconf 73' lang='grc' dir='ltr'><strong>καὶ</strong></span> <span class='ocrx_word' id='word_1_666' title='bbox 3221 3349 3353 3401; x_wconf 86' lang='grc' dir='ltr'><strong>διότι</strong></span> <span class='ocrx_word' id='word_1_667' title='bbox 3386 3351 3444 3401; x_wconf 91' lang='grc' dir='ltr'><strong>ἐν</strong></span> <span class='ocrx_word' id='word_1_668' title='bbox 3478 3351 3545 3418; x_wconf 80' lang='grc' dir='ltr'><strong>τῇ</strong></span> <span class='ocrx_word' id='word_1_669' title='bbox 3592 3346 3683 3401; x_wconf 81' lang='grc' dir='ltr'><strong>τοῦ</strong></span> <span class='ocrx_word' id='word_1_670' title='bbox 3707 3349 3892 3417; x_wconf 81' lang='grc' dir='ltr'><strong>Ἰησοῦ</strong></span> <span class='ocrx_word' id='word_1_671' title='bbox 3939 3351 4030 3402; x_wconf 72' lang='grc' dir='ltr'><strong>καὶ</strong></span> 
     </span>
    </p>
   </div>
   <div class='ocr_carea' id='block_1_93' title="bbox 2451 3438 4028 3510">
    <p class='ocr_par' dir='ltr' id='par_1_93' title="bbox 2451 3438 4028 3510">
     <span class='ocr_line' id='line_1_93' title="bbox 2451 3438 4028 3510; baseline -0.001 -17"><span class='ocrx_word' id='word_1_672' title='bbox 2451 3442 2655 3510; x_wconf 83' lang='grc' dir='ltr'><strong>Κυρίου</strong></span> <span class='ocrx_word' id='word_1_673' title='bbox 2719 3443 2904 3510; x_wconf 79' lang='grc' dir='ltr'><strong>μνήμῃ</strong></span> <span class='ocrx_word' id='word_1_674' title='bbox 2938 3439 3300 3509; x_wconf 83' lang='grc' dir='ltr'><strong>διδασκόμεθα</strong></span> <span class='ocrx_word' id='word_1_675' title='bbox 3362 3438 3897 3507; x_wconf 73' lang='grc' dir='ltr'><strong>συγκεφαλαιοῦσθαι</strong></span> <span class='ocrx_word' id='word_1_676' title='bbox 3932 3442 4028 3492; x_wconf 78' lang='grc' dir='ltr'><strong>καὶ</strong></span> 
     </span>
    </p>
   </div>
   <div class='ocr_carea' id='block_1_94' title="bbox 2457 3530 4032 3600">
    <p class='ocr_par' dir='ltr' id='par_1_94' title="bbox 2457 3530 4032 3600">
     <span class='ocr_line' id='line_1_94' title="bbox 2457 3530 4032 3600; baseline 0.001 -17"><span class='ocrx_word' id='word_1_677' title='bbox 2457 3531 2944 3600; x_wconf 74' lang='grc' dir='ltr'><strong>συνεμφανίζεσθαι</strong></span> <span class='ocrx_word' id='word_1_678' title='bbox 2963 3532 3023 3583; x_wconf 74' lang='grc' dir='ltr'><strong>τὸ</strong></span> <span class='ocrx_word' id='word_1_679' title='bbox 3047 3535 3342 3600; x_wconf 67' lang='grc' dir='ltr'><strong>μυστήριον</strong></span> <span class='ocrx_word' id='word_1_680' title='bbox 3371 3530 3488 3582; x_wconf 74' lang='grc' dir='ltr'><strong>ὅλοι</strong></span> <span class='ocrx_word' id='word_1_681' title='bbox 3515 3532 3610 3598; x_wconf 77' lang='grc' dir='ltr'><strong>τῆς</strong></span> <span class='ocrx_word' id='word_1_682' title='bbox 3637 3530 3730 3583; x_wconf 81' lang='grc' dir='ltr'><strong>τοῦ</strong></span> <span class='ocrx_word' id='word_1_683' title='bbox 3757 3532 3939 3598; x_wconf 83' lang='grc' dir='ltr'><strong>Λόγου</strong></span> <span class='ocrx_word' id='word_1_684' title='bbox 3967 3532 4032 3585; x_wconf 81' lang='grc' dir='ltr'><strong>δι’</strong></span> 
     </span>
    </p>
   </div>
   <div class='ocr_carea' id='block_1_95' title="bbox 2455 3617 4034 3685">
    <p class='ocr_par' dir='ltr' id='par_1_95' title="bbox 2455 3617 4034 3685">
     <span class='ocr_line' id='line_1_95' title="bbox 2455 3617 4034 3685; baseline 0.001 -16"><span class='ocrx_word' id='word_1_685' title='bbox 2455 3618 2601 3685; x_wconf 75' lang='grc' dir='ltr'><strong>ἡμᾶς</strong></span> <span class='ocrx_word' id='word_1_686' title='bbox 2633 3618 2964 3684; x_wconf 85' lang='grc' dir='ltr'><strong>οἰκονομίας.</strong></span> <span class='ocrx_word' id='word_1_687' title='bbox 2993 3617 3389 3669; x_wconf 66' lang='grc' dir='ltr'><strong>’Διίαπλοῦσοαί</strong></span> <span class='ocrx_word' id='word_1_688' title='bbox 3413 3633 3468 3668; x_wconf 86' lang='grc' dir='ltr'><strong>τε</strong></span> <span class='ocrx_word' id='word_1_689' title='bbox 3493 3617 3714 3670; x_wconf 88' lang='grc' dir='ltr'><strong>δύναται</strong></span> <span class='ocrx_word' id='word_1_690' title='bbox 3741 3617 3853 3669; x_wconf 86' lang='grc' dir='ltr'><strong>τῶν</strong></span> <span class='ocrx_word' id='word_1_691' title='bbox 3881 3619 4034 3670; x_wconf 74' lang='grc' dir='ltr'><strong>εύσεο</strong></span> 
     </span>
    </p>
   </div>
   <div class='ocr_carea' id='block_1_96' title="bbox 2455 3706 4034 3777">
    <p class='ocr_par' dir='ltr' id='par_1_96' title="bbox 2455 3706 4034 3777">
     <span class='ocr_line' id='line_1_96' title="bbox 2455 3706 4034 3777; baseline 0.001 -19"><span class='ocrx_word' id='word_1_692' title='bbox 2455 3707 2691 3760; x_wconf 77' lang='grc' dir='ltr'><strong>ϐούντων</strong></span> <span class='ocrx_word' id='word_1_693' title='bbox 2728 3709 2956 3770; x_wconf 72' lang='grc' dir='ltr'><strong>ἕκαστος</strong></span> <span class='ocrx_word' id='word_1_694' title='bbox 2979 3746 2994 3769; x_wconf 90' lang='grc'><strong>,</strong></span> <span class='ocrx_word' id='word_1_695' title='bbox 3026 3707 3122 3760; x_wconf 77' lang='grc' dir='ltr'><strong>καὶ</strong></span> <span class='ocrx_word' id='word_1_696' title='bbox 3167 3706 3568 3761; x_wconf 81' lang='grc' dir='ltr'><strong>ἀπευθύνεσθαι</strong></span> <span class='ocrx_word' id='word_1_697' title='bbox 3600 3706 3668 3759; x_wconf 82' lang='grc' dir='ltr'><strong>δι’</strong></span> <span class='ocrx_word' id='word_1_698' title='bbox 3692 3707 3862 3761; x_wconf 79' lang='grc' dir='ltr'><strong>αὐτοῦ</strong></span> <span class='ocrx_word' id='word_1_699' title='bbox 3899 3708 4034 3777; x_wconf 77' lang='grc' dir='ltr'><strong>πρὸς</strong></span> 
     </span>
    </p>
   </div>
   <div class='ocr_carea' id='block_1_97' title="bbox 2457 3792 4031 3864">
    <p class='ocr_par' dir='ltr' id='par_1_97' title="bbox 2457 3792 4031 3864">
     <span class='ocr_line' id='line_1_97' title="bbox 2457 3792 4031 3864; baseline 0.002 -20"><span class='ocrx_word' id='word_1_700' title='bbox 2457 3794 2516 3844; x_wconf 73' lang='grc' dir='ltr'><strong>τὸ</strong></span> <span class='ocrx_word' id='word_1_701' title='bbox 2548 3794 2752 3846; x_wconf 84' lang='grc' dir='ltr'><strong>τέλειον</strong></span> <span class='ocrx_word' id='word_1_702' title='bbox 2794 3793 2893 3861; x_wconf 83' lang='grc' dir='ltr'><strong>τῆς</strong></span> <span class='ocrx_word' id='word_1_703' title='bbox 2935 3792 3302 3859; x_wconf 78' lang='grc' dir='ltr'><strong>θεογνωσίας⁸</strong></span> <span class='ocrx_word' id='word_1_704' title='bbox 3355 3794 3416 3845; x_wconf 84' lang='grc' dir='ltr'><strong>οὐ</strong></span> <span class='ocrx_word' id='word_1_705' title='bbox 3479 3795 3546 3864; x_wconf 85' lang='grc' dir='ltr'><strong>τῇ</strong></span> <span class='ocrx_word' id='word_1_706' title='bbox 3594 3793 3899 3863; x_wconf 80' lang='grc' dir='ltr'><strong>βραχύτητι</strong></span> <span class='ocrx_word' id='word_1_707' title='bbox 3938 3795 4031 3860; x_wconf 76' lang='grc' dir='ltr'><strong>τῆς</strong></span> 
     </span>
    </p>
   </div>
   <div class='ocr_carea' id='block_1_98' title="bbox 2458 3883 4037 3953">
    <p class='ocr_par' dir='ltr' id='par_1_98' title="bbox 2458 3883 4037 3953">
     <span class='ocr_line' id='line_1_98' title="bbox 2458 3883 4037 3953; baseline -0.002 -15"><span class='ocrx_word' id='word_1_708' title='bbox 2458 3887 2653 3950; x_wconf 81' lang='grc' dir='ltr'><strong>λέξεως</strong></span> <span class='ocrx_word' id='word_1_709' title='bbox 2696 3884 3102 3939; x_wconf 76' lang='grc' dir='ltr'><strong>συναποθλίσων</strong></span> <span class='ocrx_word' id='word_1_710' title='bbox 3147 3885 3241 3937; x_wconf 76' lang='grc' dir='ltr'><strong>καὶ</strong></span> <span class='ocrx_word' id='word_1_711' title='bbox 3287 3883 3705 3953; x_wconf 83' lang='grc' dir='ltr'><strong>συστενοχωρῶν</strong></span> <span class='ocrx_word' id='word_1_712' title='bbox 3763 3883 3860 3935; x_wconf 78' lang='grc' dir='ltr'><strong>τὸν</strong></span> <span class='ocrx_word' id='word_1_713' title='bbox 3910 3883 4037 3936; x_wconf 74' lang='grc' dir='ltr'><strong>νοῦν</strong></span> 
     </span>
    </p>
   </div>
   <div class='ocr_carea' id='block_1_99' title="bbox 2458 3970 4038 4042">
    <p class='ocr_par' dir='ltr' id='par_1_99' title="bbox 2458 3970 4038 4042">
     <span class='ocr_line' id='line_1_99' title="bbox 2458 3970 4038 4042; baseline 0 -17"><span class='ocrx_word' id='word_1_714' title='bbox 2458 3976 2566 4026; x_wconf 80' lang='grc' dir='ltr'><strong>τῶν</strong></span> <span class='ocrx_word' id='word_1_715' title='bbox 2596 3973 2879 4041; x_wconf 83' lang='grc' dir='ltr'><strong>δογμάτων</strong></span> <span class='ocrx_word' id='word_1_716' title='bbox 2914 3971 3100 4038; x_wconf 82' lang='grc' dir='ltr'><strong>(τοῦτο</strong></span> <span class='ocrx_word' id='word_1_717' title='bbox 3147 3971 3258 4041; x_wconf 82' lang='grc' dir='ltr'><strong>γὰρ</strong></span> <span class='ocrx_word' id='word_1_718' title='bbox 3311 3972 3376 4025; x_wconf 80' lang='grc' dir='ltr'><strong>ἀν</strong></span> <span class='ocrx_word' id='word_1_719' title='bbox 3412 3971 3497 4041; x_wconf 72' lang='grc' dir='ltr'><strong>εἴη</strong></span> <span class='ocrx_word' id='word_1_720' title='bbox 3522 3971 3683 4041; x_wconf 83' lang='grc' dir='ltr'><strong>ψιλὴν</strong></span> <span class='ocrx_word' id='word_1_721' title='bbox 3716 3970 3815 4042; x_wconf 76' lang='grc' dir='ltr'><strong>τὴν</strong></span> <span class='ocrx_word' id='word_1_722' title='bbox 3849 3975 4038 4041; x_wconf 73' lang='grc' dir='ltr'><strong>φωνὴν</strong></span> 
     </span>
    </p>
   </div>
   <div class='ocr_carea' id='block_1_100' title="bbox 2461 4063 4037 4135">
    <p class='ocr_par' dir='ltr' id='par_1_100' title="bbox 2461 4063 4037 4135">
     <span class='ocr_line' id='line_1_100' title="bbox 2461 4063 4037 4135; baseline 0.001 -18"><span class='ocrx_word' id='word_1_723' title='bbox 2461 4065 2799 4135; x_wconf 76' lang='grc' dir='ltr'><strong>προφέρειν),</strong></span> <span class='ocrx_word' id='word_1_724' title='bbox 2831 4064 2946 4116; x_wconf 84' lang='grc' dir='ltr'><strong>ἀλλ’</strong></span> <span class='ocrx_word' id='word_1_725' title='bbox 2978 4064 3456 4134; x_wconf 88' lang='grc' dir='ltr'><strong>ἐμπλατυνόμενος</strong></span> <span class='ocrx_word' id='word_1_726' title='bbox 3497 4065 3593 4115; x_wconf 80' lang='grc' dir='ltr'><strong>καὶ</strong></span> <span class='ocrx_word' id='word_1_727' title='bbox 3630 4063 4037 4132; x_wconf 78' lang='grc' dir='ltr'><strong>καταρτιζόμε-</strong></span> 
     </span>
    </p>
   </div>
   <div class='ocr_carea' id='block_1_101' title="bbox 2459 4154 4037 4225">
    <p class='ocr_par' dir='ltr' id='par_1_101' title="bbox 2459 4154 4037 4225">
     <span class='ocr_line' id='line_1_101' title="bbox 2459 4154 4037 4225; baseline -0.002 -17"><span class='ocrx_word' id='word_1_728' title='bbox 2459 4173 2548 4218; x_wconf 87' lang='grc' dir='ltr'><strong>νος</strong></span> <span class='ocrx_word' id='word_1_729' title='bbox 2584 4158 2649 4225; x_wconf 79' lang='grc' dir='ltr'><strong>τῇ</strong></span> <span class='ocrx_word' id='word_1_730' title='bbox 2700 4155 2877 4207; x_wconf 81' lang='grc' dir='ltr'><strong>πίστει</strong></span> <span class='ocrx_word' id='word_1_731' title='bbox 2902 4156 2997 4207; x_wconf 80' lang='grc' dir='ltr'><strong>καὶ</strong></span> <span class='ocrx_word' id='word_1_732' title='bbox 3037 4157 3101 4224; x_wconf 83' lang='grc' dir='ltr'><strong>τῇ</strong></span> <span class='ocrx_word' id='word_1_733' title='bbox 3132 4154 3426 4222; x_wconf 86' lang='grc' dir='ltr'><strong>τελειότητι</strong></span> <span class='ocrx_word' id='word_1_734' title='bbox 3461 4157 3559 4223; x_wconf 78' lang='grc' dir='ltr'><strong>τῆς</strong></span> <span class='ocrx_word' id='word_1_735' title='bbox 3585 4154 3886 4215; x_wconf 72' lang='grc' dir='ltr'><strong>εὐσεϐείας.</strong></span> <span class='ocrx_word' id='word_1_736' title='bbox 3931 4176 3948 4205; x_wconf 78' lang='grc' dir='ltr'><strong>ι</strong></span> <span class='ocrx_word' id='word_1_737' title='bbox 3976 4156 4037 4206; x_wconf 83' lang='grc' dir='ltr'><strong>Εἰ</strong></span> 
     </span>
    </p>
   </div>
   <div class='ocr_carea' id='block_1_102' title="bbox 2465 4242 4039 4316">
    <p class='ocr_par' dir='ltr' id='par_1_102' title="bbox 2465 4242 4039 4316">
     <span class='ocr_line' id='line_1_102' title="bbox 2465 4242 4039 4316; baseline -0.002 -19"><span class='ocrx_word' id='word_1_738' title='bbox 2465 4245 2641 4316; x_wconf 84' lang='grc' dir='ltr'><strong>βούλει</strong></span> <span class='ocrx_word' id='word_1_739' title='bbox 2664 4247 2738 4306; x_wconf 84' lang='grc' dir='ltr'><strong>δὲ,</strong></span> <span class='ocrx_word' id='word_1_740' title='bbox 2775 4244 3074 4314; x_wconf 83' lang='grc' dir='ltr'><strong>ἀχώριστός</strong></span> <span class='ocrx_word' id='word_1_741' title='bbox 3101 4244 3217 4296; x_wconf 85' lang='grc' dir='ltr'><strong>ἐστι</strong></span> <span class='ocrx_word' id='word_1_742' title='bbox 3250 4243 3344 4296; x_wconf 73' lang='grc' dir='ltr'><strong>καὶ</strong></span> <span class='ocrx_word' id='word_1_743' title='bbox 3378 4242 3702 4305; x_wconf 81' lang='grc' dir='ltr'><strong>ἀδιάστατος</strong></span> <span class='ocrx_word' id='word_1_744' title='bbox 3748 4244 3776 4293; x_wconf 90' lang='grc' dir='ltr'><strong>ό</strong></span> <span class='ocrx_word' id='word_1_745' title='bbox 3808 4244 3940 4306; x_wconf 74' lang='grc' dir='ltr'>Υἱὸς</span> <span class='ocrx_word' id='word_1_746' title='bbox 3963 4244 4039 4312; x_wconf 85' lang='grc' dir='ltr'><strong>τῷ</strong></span> 
     </span>
    </p>
   </div>
   <div class='ocr_carea' id='block_1_103' title="bbox 2463 4321 4034 4403">
    <p class='ocr_par' dir='ltr' id='par_1_103' title="bbox 2463 4321 4034 4403">
     <span class='ocr_line' id='line_1_103' title="bbox 2463 4321 4034 4403; baseline -0.002 -17"><span class='ocrx_word' id='word_1_747' title='bbox 2463 4334 2638 4403; x_wconf 70' lang='lat' dir='ltr'><strong>lla-:91</strong></span> <span class='ocrx_word' id='word_1_748' title='bbox 2671 4335 2764 4386; x_wconf 74' lang='grc' dir='ltr'><strong>καὶ</strong></span> <span class='ocrx_word' id='word_1_749' title='bbox 2811 4333 2887 4403; x_wconf 78' lang='grc' dir='ltr'><strong>τῷ</strong></span> <span class='ocrx_word' id='word_1_750' title='bbox 2917 4332 3224 4401; x_wconf 86' lang='grc' dir='ltr'><strong>Πνεύματι,</strong></span> <span class='ocrx_word' id='word_1_751' title='bbox 3256 4332 3332 4394; x_wconf 85' lang='grc' dir='ltr'><strong>ὼς</strong></span> <span class='ocrx_word' id='word_1_752' title='bbox 3373 4333 3474 4400; x_wconf 85' lang='grc' dir='ltr'><strong>τῆς</strong></span> <span class='ocrx_word' id='word_1_753' title='bbox 3500 4332 3670 4401; x_wconf 79' lang='grc' dir='ltr'><strong>αὐτῆς</strong></span> <span class='ocrx_word' id='word_1_754' title='bbox 3701 4321 4034 4401; x_wconf 70' lang='grc' dir='ltr'><strong>ὑπερουσίου</strong></span> 
     </span>
    </p>
   </div>
   <div class='ocr_carea' id='block_1_104' title="bbox 2461 4418 4036 4488">
    <p class='ocr_par' dir='ltr' id='par_1_104' title="bbox 2461 4418 4036 4488">
     <span class='ocr_line' id='line_1_104' title="bbox 2461 4418 4036 4488; baseline -0.001 -17"><span class='ocrx_word' id='word_1_755' title='bbox 2461 4421 2648 4481; x_wconf 76' lang='grc' dir='ltr'><strong>οὐσίας</strong></span> <span class='ocrx_word' id='word_1_756' title='bbox 2675 4419 3073 4488; x_wconf 69' lang='grc' dir='ltr'><strong>καὶδυνάμεως</strong></span> <span class='ocrx_word' id='word_1_757' title='bbox 3104 4419 3200 4471; x_wconf 79' lang='grc' dir='ltr'><strong>καὶ</strong></span> <span class='ocrx_word' id='word_1_758' title='bbox 3233 4418 3478 4483; x_wconf 82' lang='grc' dir='ltr'><strong>ἐξουσίας</strong></span> <span class='ocrx_word' id='word_1_759' title='bbox 3509 4418 3792 4488; x_wconf 78' lang='grc' dir='ltr'><strong>ὑπάρχων.</strong></span> <span class='ocrx_word' id='word_1_760' title='bbox 3834 4419 4036 4487; x_wconf 83' lang='grc' dir='ltr'><strong>ὀράθη</strong></span> 
     </span>
    </p>
   </div>
   <div class='ocr_carea' id='block_1_105' title="bbox 2395 4508 4040 4602">
    <p class='ocr_par' dir='ltr' id='par_1_105' title="bbox 2395 4508 4040 4602">
     <span class='ocr_line' id='line_1_105' title="bbox 2395 4508 4040 4602; baseline -0.002 -40"><span class='ocrx_word' id='word_1_761' title='bbox 2395 4549 2438 4602; x_wconf 77' lang='lat' dir='ltr'><strong>D</strong></span> <span class='ocrx_word' id='word_1_762' title='bbox 2463 4510 2519 4561; x_wconf 83' lang='grc' dir='ltr'><strong>δὲ</strong></span> <span class='ocrx_word' id='word_1_763' title='bbox 2565 4510 2659 4562; x_wconf 74' lang='grc' dir='ltr'><strong>καὶ</strong></span> <span class='ocrx_word' id='word_1_764' title='bbox 2702 4509 3025 4579; x_wconf 69' lang='grc' dir='ltr'><strong>ἐψηλαφήθη</strong></span> <span class='ocrx_word' id='word_1_765' title='bbox 3079 4511 3260 4578; x_wconf 84' lang='grc' dir='ltr'><strong>σάρκα</strong></span> <span class='ocrx_word' id='word_1_766' title='bbox 3306 4508 3404 4578; x_wconf 80' lang='grc' dir='ltr'><strong>τὴν</strong></span> <span class='ocrx_word' id='word_1_767' title='bbox 3443 4508 3717 4578; x_wconf 75' lang='grc' dir='ltr'><strong>ἡμετέραν</strong></span> <span class='ocrx_word' id='word_1_768' title='bbox 3749 4508 4040 4561; x_wconf 80' lang='grc' dir='ltr'><strong>ἀναλαΰὼυ</strong></span> 
     </span>
    </p>
   </div>
   <div class='ocr_carea' id='block_1_106' title="bbox 2466 4599 4041 4670">
    <p class='ocr_par' dir='ltr' id='par_1_106' title="bbox 2466 4599 4041 4670">
     <span class='ocr_line' id='line_1_106' title="bbox 2466 4599 4041 4670; baseline 0 -16"><span class='ocrx_word' id='word_1_769' title='bbox 2466 4603 2494 4654; x_wconf 87' lang='grc' dir='ltr'><strong>ό</strong></span> <span class='ocrx_word' id='word_1_770' title='bbox 2535 4601 2572 4653; x_wconf 84' lang='grc' dir='ltr'><strong>Υ</strong></span> <span class='ocrx_word' id='word_1_771' title='bbox 2578 4601 2676 4666; x_wconf 80' lang='grc' dir='ltr'><strong>ἰὸς,</strong></span> <span class='ocrx_word' id='word_1_772' title='bbox 2715 4602 2805 4654; x_wconf 77' lang='grc' dir='ltr'><strong>καὶ</strong></span> <span class='ocrx_word' id='word_1_773' title='bbox 2835 4601 3060 4669; x_wconf 74' lang='grc' dir='ltr'><strong>γέγονεν</strong></span> <span class='ocrx_word' id='word_1_774' title='bbox 3092 4603 3224 4670; x_wconf 88' lang='grc' dir='ltr'><strong>ήμῖν</strong></span> <span class='ocrx_word' id='word_1_775' title='bbox 3253 4599 3466 4669; x_wconf 76' lang='grc' dir='ltr'><strong>δμμασί</strong></span> <span class='ocrx_word' id='word_1_776' title='bbox 3493 4615 3551 4651; x_wconf 83' lang='grc' dir='ltr'><strong>τε</strong></span> <span class='ocrx_word' id='word_1_777' title='bbox 3577 4599 3802 4669; x_wconf 75' lang='grc' dir='ltr'><strong>ληπτὸς,</strong></span> <span class='ocrx_word' id='word_1_778' title='bbox 3835 4601 3950 4669; x_wconf 78' lang='grc' dir='ltr'><strong>ἀφῇ</strong></span> <span class='ocrx_word' id='word_1_779' title='bbox 3982 4617 4041 4655; x_wconf 82' lang='grc' dir='ltr'><strong>τε</strong></span> 
     </span>
    </p>
   </div>
   <div class='ocr_carea' id='block_1_107' title="bbox 2465 4685 4044 4757">
    <p class='ocr_par' dir='ltr' id='par_1_107' title="bbox 2465 4685 4044 4757">
     <span class='ocr_line' id='line_1_107' title="bbox 2465 4685 4044 4757; baseline 0.001 -19"><span class='ocrx_word' id='word_1_780' title='bbox 2465 4687 2802 4757; x_wconf 80' lang='grc' dir='ltr'><strong>ψηλαφητός.</strong></span> <span class='ocrx_word' id='word_1_781' title='bbox 2835 4689 2934 4740; x_wconf 76' lang='grc' dir='ltr'><strong>«Ὅ</strong></span> <span class='ocrx_word' id='word_1_782' title='bbox 2953 4687 3063 4757; x_wconf 83' lang='grc' dir='ltr'><strong>γὰρ</strong></span> <span class='ocrx_word' id='word_1_783' title='bbox 3092 4685 3435 4755; x_wconf 76' lang='grc' dir='ltr'><strong>ἐθεασάμεθα</strong></span> <span class='ocrx_word' id='word_1_784' title='bbox 3460 4725 3478 4750; x_wconf 90' lang='grc'><strong>,</strong></span> <span class='ocrx_word' id='word_1_785' title='bbox 3513 4689 3684 4753; x_wconf 77' lang='grc' dir='ltr'><strong>φησὶ,</strong></span> <span class='ocrx_word' id='word_1_786' title='bbox 3715 4689 3812 4739; x_wconf 75' lang='grc' dir='ltr'><strong>καὶ</strong></span> <span class='ocrx_word' id='word_1_787' title='bbox 3841 4689 3900 4739; x_wconf 86' lang='grc' dir='ltr'><strong>αἰ</strong></span> <span class='ocrx_word' id='word_1_788' title='bbox 3927 4690 4044 4756; x_wconf 59' lang='grc' dir='ltr'><strong>χεῖρε</strong></span> 
     </span>
    </p>
   </div>
   <div class='ocr_carea' id='block_1_108' title="bbox 2470 4782 4040 4855">
    <p class='ocr_par' dir='ltr' id='par_1_108' title="bbox 2470 4782 4040 4855">
     <span class='ocr_line' id='line_1_108' title="bbox 2470 4782 4040 4855; baseline 0.002 -19"><span class='ocrx_word' id='word_1_789' title='bbox 2470 4802 2559 4853; x_wconf 86' lang='grc' dir='ltr'><strong>ρες</strong></span> <span class='ocrx_word' id='word_1_790' title='bbox 2592 4783 2749 4852; x_wconf 76' lang='grc' dir='ltr'><strong>ἡμῶν</strong></span> <span class='ocrx_word' id='word_1_791' title='bbox 2793 4782 3153 4855; x_wconf 76' lang='grc' dir='ltr'><strong>ἐψηλάφησαν</strong></span> <span class='ocrx_word' id='word_1_792' title='bbox 3195 4784 3325 4855; x_wconf 76' lang='grc' dir='ltr'><strong>περὶ</strong></span> <span class='ocrx_word' id='word_1_793' title='bbox 3373 4783 3468 4837; x_wconf 75' lang='grc' dir='ltr'><strong>τοῦ</strong></span> <span class='ocrx_word' id='word_1_794' title='bbox 3516 4783 3676 4851; x_wconf 84' lang='grc' dir='ltr'><strong>λόγου</strong></span> <span class='ocrx_word' id='word_1_795' title='bbox 3727 4785 3830 4854; x_wconf 83' lang='grc' dir='ltr'><strong>τῆς</strong></span> <span class='ocrx_word' id='word_1_796' title='bbox 3867 4786 4040 4852; x_wconf 76' lang='grc' dir='ltr'><strong>ζωῆς·</strong></span> 
     </span>
    </p>
   </div>
   <div class='ocr_carea' id='block_1_109' title="bbox 2469 4879 4046 4954">
    <p class='ocr_par' dir='ltr' id='par_1_109' title="bbox 2469 4879 4046 4954">
     <span class='ocr_line' id='line_1_109' title="bbox 2469 4879 4046 4954; baseline -0.001 -20"><span class='ocrx_word' id='word_1_797' title='bbox 2469 4884 2559 4934; x_wconf 72' lang='grc' dir='ltr'><strong>καὶ</strong></span> <span class='ocrx_word' id='word_1_798' title='bbox 2593 4885 2625 4949; x_wconf 84' lang='grc' dir='ltr'>ἠ</span> <span class='ocrx_word' id='word_1_799' title='bbox 2655 4883 2766 4952; x_wconf 79' lang='grc' dir='ltr'><strong>ζωὴ</strong></span> <span class='ocrx_word' id='word_1_800' title='bbox 2795 4884 3137 4953; x_wconf 76' lang='grc' dir='ltr'><strong>ἐφανερώθη.</strong></span> <span class='ocrx_word' id='word_1_801' title='bbox 3173 4883 3264 4948; x_wconf 81' lang='grc' dir='ltr'><strong>Ἐξ</strong></span> <span class='ocrx_word' id='word_1_802' title='bbox 3291 4883 3405 4945; x_wconf 69' lang='grc' dir='ltr'><strong>ἐνὸς</strong></span> <span class='ocrx_word' id='word_1_803' title='bbox 3431 4879 3524 4936; x_wconf 82' lang='grc' dir='ltr'><strong>οὖν</strong></span> <span class='ocrx_word' id='word_1_804' title='bbox 3553 4881 3647 4935; x_wconf 82' lang='grc' dir='ltr'><strong>τοῦ</strong></span> <span class='ocrx_word' id='word_1_805' title='bbox 3682 4883 3885 4953; x_wconf 80' lang='grc' dir='ltr'><strong>μᾶλλον</strong></span> <span class='ocrx_word' id='word_1_806' title='bbox 3910 4886 4046 4954; x_wconf 75' lang='grc' dir='ltr'><strong>ὴμῑν</strong></span> 
     </span>
    </p>
   </div>
   <div class='ocr_carea' id='block_1_110' title="bbox 2469 4975 4015 5046">
    <p class='ocr_par' dir='ltr' id='par_1_110' title="bbox 2469 4975 4015 5046">
     <span class='ocr_line' id='line_1_110' title="bbox 2469 4975 4015 5046; baseline 0.001 -19"><span class='ocrx_word' id='word_1_807' title='bbox 2469 4975 2557 5028; x_wconf 81' lang='grc' dir='ltr'><strong>διὰ</strong></span> <span class='ocrx_word' id='word_1_808' title='bbox 2592 4976 3000 5046; x_wconf 80' lang='grc' dir='ltr'><strong>φιλανθρωπίας</strong></span> <span class='ocrx_word' id='word_1_809' title='bbox 3048 4977 3254 5043; x_wconf 75' lang='grc' dir='ltr'><strong>ἄφατον</strong></span> <span class='ocrx_word' id='word_1_810' title='bbox 3291 4977 3526 5040; x_wconf 75' lang='grc' dir='ltr'><strong>πέλαγος</strong></span> <span class='ocrx_word' id='word_1_811' title='bbox 3573 4977 3630 5026; x_wconf 83' lang='grc' dir='ltr'><strong>ἐν</strong></span> <span class='ocrx_word' id='word_1_812' title='bbox 3664 4975 3863 5042; x_wconf 83' lang='grc' dir='ltr'><strong>γνώσει</strong></span> <span class='ocrx_word' id='word_1_813' title='bbox 3907 4976 4015 5028; x_wconf 83' lang='grc' dir='ltr'><strong>καθ</strong></span> 
     </span>
    </p>
   </div>
   <div class='ocr_carea' id='block_1_111' title="bbox 2472 5066 4044 5138">
    <p class='ocr_par' dir='ltr' id='par_1_111' title="bbox 2472 5066 4044 5138">
     <span class='ocr_line' id='line_1_111' title="bbox 2472 5066 4044 5138; baseline 0.001 -20"><span class='ocrx_word' id='word_1_814' title='bbox 2472 5068 2703 5129; x_wconf 83' lang='grc' dir='ltr'><strong>εστῶτος</strong></span> <span class='ocrx_word' id='word_1_815' title='bbox 2727 5106 2741 5128; x_wconf 88' lang='grc'><strong>.</strong></span> <span class='ocrx_word' id='word_1_816' title='bbox 2781 5069 2876 5122; x_wconf 77' lang='grc' dir='ltr'><strong>καὶ</strong></span> <span class='ocrx_word' id='word_1_817' title='bbox 2912 5068 2981 5121; x_wconf 87' lang='grc' dir='ltr'><strong>τά</strong></span> <span class='ocrx_word' id='word_1_818' title='bbox 3015 5068 3155 5138; x_wconf 82' lang='grc' dir='ltr'><strong>ὑπὲρ</strong></span> <span class='ocrx_word' id='word_1_819' title='bbox 3183 5067 3347 5136; x_wconf 26' lang='grc' dir='ltr'><strong>,λόγον</strong></span> <span class='ocrx_word' id='word_1_820' title='bbox 3381 5069 3918 5137; x_wconf 86' lang='grc' dir='ltr'><strong>μυσταγωγήσαντος</strong></span> <span class='ocrx_word' id='word_1_821' title='bbox 3949 5066 4044 5119; x_wconf 83' lang='grc' dir='ltr'><strong>τοῦ</strong></span> 
     </span>
    </p>
   </div>
   <div class='ocr_carea' id='block_1_112' title="bbox 2469 5157 4020 5230">
    <p class='ocr_par' dir='ltr' id='par_1_112' title="bbox 2469 5157 4020 5230">
     <span class='ocr_line' id='line_1_112' title="bbox 2469 5157 4020 5230; baseline -0.001 -20"><span class='ocrx_word' id='word_1_822' title='bbox 2469 5160 2777 5226; x_wconf 81' lang='grc' dir='ltr'><strong>όμοουσίου,</strong></span> <span class='ocrx_word' id='word_1_823' title='bbox 2810 5161 2904 5214; x_wconf 76' lang='grc' dir='ltr'><strong>καὶ</strong></span> <span class='ocrx_word' id='word_1_824' title='bbox 2925 5161 3430 5230; x_wconf 84' lang='grc' dir='ltr'><strong>παντοκρατορικῆς</strong></span> <span class='ocrx_word' id='word_1_825' title='bbox 3459 5159 3690 5228; x_wconf 82' lang='grc' dir='ltr'><strong>Τριάδος</strong></span> <span class='ocrx_word' id='word_1_826' title='bbox 3717 5159 3779 5210; x_wconf 75' lang='grc' dir='ltr'><strong>τὸ</strong></span> <span class='ocrx_word' id='word_1_827' title='bbox 3809 5157 4020 5226; x_wconf 79' lang='grc' dir='ltr'><strong>ὑπερού</strong></span> 
     </span>
    </p>
   </div>
   <div class='ocr_carea' id='block_1_113' title="bbox 2472 5248 4046 5322">
    <p class='ocr_par' dir='ltr' id='par_1_113' title="bbox 2472 5248 4046 5322">
     <span class='ocr_line' id='line_1_113' title="bbox 2472 5248 4046 5322; baseline -0.002 -20"><span class='ocrx_word' id='word_1_828' title='bbox 2472 5251 2585 5303; x_wconf 91' lang='grc' dir='ltr'><strong>σιόν</strong></span> <span class='ocrx_word' id='word_1_829' title='bbox 2613 5267 2668 5302; x_wconf 90' lang='grc' dir='ltr'><strong>τε</strong></span> <span class='ocrx_word' id='word_1_830' title='bbox 2707 5253 2801 5303; x_wconf 76' lang='grc' dir='ltr'><strong>καὶ</strong></span> <span class='ocrx_word' id='word_1_831' title='bbox 2823 5252 3023 5306; x_wconf 75' lang='grc' dir='ltr'><strong>ἐνιαῖον</strong></span> <span class='ocrx_word' id='word_1_832' title='bbox 3065 5251 3488 5322; x_wconf 82' lang='grc' dir='ltr'><strong>ἐλλαμφθέντες,</strong></span> <span class='ocrx_word' id='word_1_833' title='bbox 3524 5251 3660 5320; x_wconf 88' lang='grc' dir='ltr'><strong>πρός</strong></span> <span class='ocrx_word' id='word_1_834' title='bbox 3709 5267 3768 5302; x_wconf 79' lang='grc' dir='ltr'><strong>τε</strong></span> <span class='ocrx_word' id='word_1_835' title='bbox 3808 5248 3912 5318; x_wconf 81' lang='grc' dir='ltr'><strong>τὴν</strong></span> <span class='ocrx_word' id='word_1_836' title='bbox 3950 5251 4046 5303; x_wconf 71' lang='grc' dir='ltr'><strong>άλο</strong></span> 
     </span>
    </p>
   </div>
   <div class='ocr_carea' id='block_1_114' title="bbox 2477 5341 4047 5413">
    <p class='ocr_par' dir='ltr' id='par_1_114' title="bbox 2477 5341 4047 5413">
     <span class='ocr_line' id='line_1_114' title="bbox 2477 5341 4047 5413; baseline 0.001 -22"><span class='ocrx_word' id='word_1_837' title='bbox 2477 5341 2574 5410; x_wconf 79' lang='grc' dir='ltr'><strong>λην</strong></span> <span class='ocrx_word' id='word_1_838' title='bbox 2620 5341 2715 5394; x_wconf 83' lang='grc' dir='ltr'><strong>τοῦ</strong></span> <span class='ocrx_word' id='word_1_839' title='bbox 2765 5342 3064 5413; x_wconf 88' lang='grc' dir='ltr'><strong>μυστηρίου</strong></span> <span class='ocrx_word' id='word_1_840' title='bbox 3109 5342 3341 5411; x_wconf 90' lang='grc' dir='ltr'><strong>θεωρίαν</strong></span> <span class='ocrx_word' id='word_1_841' title='bbox 3373 5342 3455 5394; x_wconf 84' lang='grc' dir='ltr'><strong>δι’</strong></span> <span class='ocrx_word' id='word_1_842' title='bbox 3499 5341 3664 5394; x_wconf 81' lang='grc' dir='ltr'><strong>αὑτοῦ</strong></span> <span class='ocrx_word' id='word_1_843' title='bbox 3697 5355 4047 5410; x_wconf 72' lang='grc' dir='ltr'><strong>χειραγωγη-</strong></span> 
     </span>
    </p>
   </div>
   <div class='ocr_carea' id='block_1_115' title="bbox 2477 5433 4049 5506">
    <p class='ocr_par' dir='ltr' id='par_1_115' title="bbox 2477 5433 4049 5506">
     <span class='ocr_line' id='line_1_115' title="bbox 2477 5433 4049 5506; baseline -0.002 -21"><span class='ocrx_word' id='word_1_844' title='bbox 2477 5433 2696 5497; x_wconf 77' lang='grc' dir='ltr'><strong>θέντες,</strong></span> <span class='ocrx_word' id='word_1_845' title='bbox 2738 5433 2961 5497; x_wconf 86' lang='grc' dir='ltr'><strong>εἰκότως</strong></span> <span class='ocrx_word' id='word_1_846' title='bbox 3008 5435 3118 5506; x_wconf 80' lang='grc' dir='ltr'><strong>ἀρα</strong></span> <span class='ocrx_word' id='word_1_847' title='bbox 3163 5435 3255 5488; x_wconf 74' lang='grc' dir='ltr'><strong>καὶ</strong></span> <span class='ocrx_word' id='word_1_848' title='bbox 3298 5433 3516 5486; x_wconf 76' lang='grc' dir='ltr'><strong>ἐπειδάν</strong></span> <span class='ocrx_word' id='word_1_849' title='bbox 3553 5450 3672 5485; x_wconf 90' lang='grc' dir='ltr'><strong>τινα</strong></span> <span class='ocrx_word' id='word_1_850' title='bbox 3713 5433 4049 5501; x_wconf 79' lang='grc' dir='ltr'><strong>πράττωμεν</strong></span> 
     </span>
    </p>
   </div>
   <div class='ocr_carea' id='block_1_116' title="bbox 2480 5520 4046 5596">
    <p class='ocr_par' dir='ltr' id='par_1_116' title="bbox 2480 5520 4046 5596">
     <span class='ocr_line' id='line_1_116' title="bbox 2480 5520 4046 5596; baseline -0.003 -21"><span class='ocrx_word' id='word_1_851' title='bbox 2480 5525 2619 5576; x_wconf 90' lang='grc' dir='ltr'><strong>κατά</strong></span> <span class='ocrx_word' id='word_1_852' title='bbox 2656 5525 2716 5577; x_wconf 66' lang='grc' dir='ltr'><strong>’.ὸ</strong></span> <span class='ocrx_word' id='word_1_853' title='bbox 2769 5525 3204 5596; x_wconf 85' lang='grc' dir='ltr'><strong>παραδεδομένον</strong></span> <span class='ocrx_word' id='word_1_854' title='bbox 3247 5524 3426 5592; x_wconf 85' lang='grc' dir='ltr'><strong>δόγμα</strong></span> <span class='ocrx_word' id='word_1_855' title='bbox 3470 5521 3781 5584; x_wconf 82' lang='grc' dir='ltr'><strong>τελοῦντες,</strong></span> <span class='ocrx_word' id='word_1_856' title='bbox 3833 5523 3918 5584; x_wconf 84' lang='grc' dir='ltr'><strong>εἰς</strong></span> <span class='ocrx_word' id='word_1_857' title='bbox 3957 5520 4046 5573; x_wconf 78' lang='grc' dir='ltr'><strong>τὸν</strong></span> 
     </span>
    </p>
   </div>
   <div class='ocr_carea' id='block_1_117' title="bbox 2482 5613 3865 5685">
    <p class='ocr_par' dir='ltr' id='par_1_117' title="bbox 2482 5613 3865 5685">
     <span class='ocr_line' id='line_1_117' title="bbox 2482 5613 3865 5685; baseline -0.003 -19"><span class='ocrx_word' id='word_1_858' title='bbox 2482 5616 3093 5684; x_wconf 78' lang='grc' dir='ltr'><strong>παραδεδωκόταοταῦτα</strong></span> <span class='ocrx_word' id='word_1_859' title='bbox 3132 5616 3338 5670; x_wconf 83' lang='grc' dir='ltr'><strong>δικαιοῦ</strong></span> <span class='ocrx_word' id='word_1_860' title='bbox 3349 5633 3447 5685; x_wconf 82' lang='grc' dir='ltr'><strong>μεν</strong></span> <span class='ocrx_word' id='word_1_861' title='bbox 3476 5613 3865 5681; x_wconf 76' lang='grc' dir='ltr'><strong>ἀναφέρεσθαι.</strong></span> 
     </span>
    </p>
   </div>
   <div class='ocr_carea' id='block_1_118' title="bbox 812 5698 4038 5802">
    <p class='ocr_par' dir='ltr' id='par_1_118' title="bbox 812 5698 4038 5802">
     <span class='ocr_line' id='line_1_118' title="bbox 812 5698 4038 5802; baseline -0.001 -46"><span class='ocrx_word' id='word_1_862' title='bbox 812 5700 1050 5756; x_wconf 87' lang='lat' dir='ltr'><strong>cundum</strong></span> <span class='ocrx_word' id='word_1_863' title='bbox 1107 5698 1363 5752; x_wconf 90' lang='lat' dir='ltr'><strong>traditum</strong></span> <span class='ocrx_word' id='word_1_864' title='bbox 1422 5700 1617 5768; x_wconf 83' lang='lat' dir='ltr'><strong>dogma</strong></span> <span class='ocrx_word' id='word_1_865' title='bbox 1678 5700 1946 5766; x_wconf 84' lang='lat' dir='ltr'><strong>facimus,</strong></span> <span class='ocrx_word' id='word_1_866' title='bbox 2004 5703 2235 5766; x_wconf 89' lang='lat' dir='ltr'><strong>merito,</strong></span> <span class='ocrx_word' id='word_1_867' title='bbox 2299 5704 2538 5802; x_wconf 51' lang='lat' dir='ltr'><strong>inoquafn,</strong></span> <span class='ocrx_word' id='word_1_868' title='bbox 2595 5709 2658 5759; x_wconf 80' lang='lat' dir='ltr'><strong>ad</strong></span> <span class='ocrx_word' id='word_1_869' title='bbox 2717 5718 2993 5761; x_wconf 84' lang='lat' dir='ltr'><strong>auctorem</strong></span> <span class='ocrx_word' id='word_1_870' title='bbox 3081 5709 3352 5778; x_wconf 83' lang='lat' dir='ltr'><strong>dogmatis</strong></span> <span class='ocrx_word' id='word_1_871' title='bbox 3411 5721 3524 5761; x_wconf 90' lang='lat' dir='ltr'><strong>rem</strong></span> <span class='ocrx_word' id='word_1_872' title='bbox 3603 5703 3796 5757; x_wconf 88' lang='lat' dir='ltr'><strong>factam</strong></span> <span class='ocrx_word' id='word_1_873' title='bbox 3849 5703 4038 5756; x_wconf 58' lang='lat' dir='ltr'><strong>referi»</strong></span> 
     </span>
    </p>
   </div>
   <div class='ocr_carea' id='block_1_119' title="bbox 819 5807 961 5846">
    <p class='ocr_par' dir='ltr' id='par_1_119' title="bbox 819 5807 961 5846">
     <span class='ocr_line' id='line_1_119' title="bbox 819 5807 961 5846; baseline -0.014 0"><span class='ocrx_word' id='word_1_874' title='bbox 819 5807 961 5846; x_wconf 84' lang='lat' dir='ltr'><strong>mus.</strong></span> 
     </span>
    </p>
   </div>
   <div class='ocr_carea' id='block_1_120' title="bbox 880 5881 1400 5948">
    <p class='ocr_par' dir='ltr' id='par_1_120' title="bbox 880 5881 1400 5948">
     <span class='ocr_line' id='line_1_120' title="bbox 880 5881 1400 5948; baseline -0.004 -11"><span class='ocrx_word' id='word_1_875' title='bbox 880 5885 922 5914; x_wconf 88' lang='grc'><strong>³⁷</strong></span> <span class='ocrx_word' id='word_1_876' title='bbox 966 5881 1174 5936; x_wconf 83' lang='lat' dir='ltr'><strong>lJoan.</strong></span> <span class='ocrx_word' id='word_1_877' title='bbox 1201 5901 1239 5948; x_wconf 87' lang='lat' dir='ltr'><strong>l,</strong></span> <span class='ocrx_word' id='word_1_878' title='bbox 1270 5886 1316 5948; x_wconf 84' lang='lat' dir='ltr'><strong>f,</strong></span> <span class='ocrx_word' id='word_1_879' title='bbox 1349 5885 1400 5936; x_wconf 71' lang='grc'><strong>2.</strong></span> 
     </span>
    </p>
   </div>
  </div>
