4202 6442
199 412 300 477 321

1129 407 1228 464 Αἰ)
1268 404 1861 464 AMPHILOCIIIUM
1901 405 2245 476 ΟυιΕΞΤΙΟ
2300 404 2519 465 XLIII.

3332 398 3444 463 322

272 524 352 576 ιδ’.
384 524 571 583 Ὅπως
602 520 702 589 μὲν
733 536 814 570 τοι
841 535 904 584 γε
941 520 1034 569 καὶ
1063 518 1089 568 6
1115 517 1327 579 Παῦλος
1361 516 1695 586 κατήγγελλε
1716 515 1778 568 τὸ

1950 517 2036 570 Η.
2075 517 2321 582 Quanam
2377 517 2539 587 igitur
2585 515 2797 568 ratione
2828 513 3029 568 Paulus
3070 512 3197 569 Iesu
3245 529 3445 568 nomen

201 617 368 683 ὄνομα
392 615 488 665 τοῦ
526 609 721 680 Ἰησοῦ,
761 610 857 664 καὶ
892 609 1034 661 κατά
1072 609 1224 660 ποῖον
1254 608 1655 677 σημαινόμενον
1675 605 1772 657 τοῦ

201 707 484 773 ὀνόματος,
529 699 824 754 κάντεῦθεν
867 700 1026 768 δῆλον
1046 716 1060 729 ·
1090 697 1289 767 μᾶλλον
1319 698 1377 750 δὲ
1424 695 1534 749 τῶν
1563 696 1775 749 ἐκείνου

202 796 371 863 λόγων
400 797 434 863 ἡ
463 793 623 861 χάρις
645 785 723 845 ὧν
750 792 930 860 ἥψατο
955 789 1052 859 τῆς
1070 789 1318 859 καρδίας,
1338 787 1532 857 ἄδηλον
1577 785 1773 842 οὐδενί.

201 886 316 939 Νῦν
346 884 447 953 μὲν
480 883 588 954 γὰρ
618 884 679 935 τὸ
714 880 941 951 φρικτὸν
972 881 1063 933 καὶ
1098 878 1480 948 φιλάνθρωπον
1509 876 1606 945 τῆς
1645 892 1777 944 σαρο

202 975 445 1036 κὼσεως,
476 973 570 1025 καὶ
612 971 990 1040 μυσταγωγῶν
1020 971 1111 1022 καὶ
1146 968 1434 1038 κηρύττων
1465 968 1772 1021 ἐδείκνυτο·

201 1066 295 1118 νῦν
322 1064 379 1116 δὲ
410 1063 678 1129 θεολογῶν
699 1061 798 1131 τὴν
827 1060 1032 1131 Τριάδα
1065 1057 1529 1129 ἐπαρρησιάζετο,
1549 1074 1779 1110 συνανα-

201 1157 491 1227 κηρύττων
530 1154 625 1205 καὶ
670 1152 770 1224 τὴν
809 1153 976 1219 ἀλλην
1024 1150 1118 1204 τοῦ
1180 1151 1484 1221 μυστηρίου
1542 1150 1779 1218 δύναμιν

199 1248 456 1318 θειότητα
478 1261 491 1276 ·
519 1244 655 1298 ἀλλὰ
701 1246 809 1314 γὰρ
853 1244 1007 1297 οὐδέν
1042 1246 1159 1296 ἐστι
1186 1238 1299 1296 οἷον
1336 1242 1505 1296 αὑτοῦ
1534 1241 1776 1305 ἀκούειν,

206 1359 225 1392 ι
254 1342 352 1402 Ὃς
374 1339 449 1391 ῶν
467 1340 809 1406 ἀπαύγασμα
833 1338 931 1405 τῆς
944 1337 1101 1406 δόξης
1120 1337 1212 1390 καὶ
1235 1338 1523 1407 χαρακτὴρ
1534 1334 1633 1404 τῆς
1653 1335 1777 1386 ὑπο-

202 1432 448 1495 στάσεως
476 1430 662 1495 αύτοῦ,
693 1430 936 1500 δηλονότι
963 1429 1058 1482 τοῦ
1088 1430 1299 1500 Πατρός
1330 1432 1357 1483 6
1381 1429 1528 1492 Υἱὸς,
1550 1429 1650 1497 οὐχ
1682 1430 1780 1496 ἀρ·

200 1525 423 1593 παγμδν
436 1524 680 1591 ἡγήσατο
694 1523 753 1574 τὸ
770 1517 907 1574 εἶναι
929 1520 1018 1573 ἴσα
1039 1518 1179 1589 Θεῷ.
1208 1540 1225 1571 ι
1254 1521 1389 1573 Οὐδὲ
1417 1520 1522 1589 γάρ
1544 1519 1665 1588 ἔσχε
1688 1518 1780 1569 τὸν

200 1616 404 1684 κλῆρον
432 1614 530 1682 τῆς
559 1612 813 1681 θεότητος
859 1616 923 1664 ὲκ
964 1612 1236 1681 διαδοχῆς,
1282 1611 1402 1664 οὐδὲ
1460 1608 1779 1678 ἐπιθέμενος

199 1708 297 1759 καὶ
322 1707 580 1775 ἀρπάσας
608 1704 668 1770 εξ
692 1706 902 1773 ἑτέρου,
935 1704 1216 1773 περιέθετο
1252 1704 1314 1754 τὸ
1348 1702 1546 1770 κράτος
1569 1698 1775 1769 ἑαυτῷ*

197 1796 317 1850 ἀλλ’
342 1798 439 1852 ἀπ’
460 1796 660 1866 ἀρχῆς,
680 1797 756 1859 ὡς
785 1798 885 1865 τῆς
919 1796 1086 1865 αὐτῆς
1109 1795 1185 1848 ῶν
1212 1794 1399 1855 ούσίας
1419 1794 1511 1846 καὶ
1540 1792 1777 1860 φύσεως,

199 1890 298 1941 καὶ
348 1888 622 1958 μηδεμίαν
673 1887 878 1956 ταύτης
916 1886 1209 1957 ἀφαίρεσιν
1252 1886 1515 1956 μηδαμῶς
1546 1885 1782 1954 ὑποστῆ-

199 1999 291 2033 ναι
329 1979 620 2046 πεφυκώς.
658 1980 756 2032 Διά
808 1979 971 2033 τοῦτο
1014 1980 1181 2050 μηδὲν
1212 1979 1346 2042 ὅλως
1395 1976 1652 2047 δυσχερὲς
1676 1976 1777 2041 ὐφ-

197 2072 501 2142 ορώμενος,
526 2090 545 2119 ι
570 2068 870 2122 Ἐκένωσεν
890 2070 1082 2122 ἑαυτὸν
1104 2068 1517 2139 μορφὴνιδούλου
1533 2063 1732 2119 λαϐὼν·
1758 2083 1775 2115 ι

200 2166 299 2218 καὶ
321 2163 511 2227 πάλιν,
538 2182 558 2213 ι
588 2157 682 2227 Εἷς
706 2163 838 2226 Θεὸς
867 2164 960 2216 καὶ
988 2161 1176 2231 Πατὴρ
1195 2159 1255 2225 ἐξ
1278 2156 1338 2215 οῦ
1371 2160 1438 2213 τά
1464 2160 1660 2213 πάντα’
1690 2159 1783 2212 καὶ

197 2248 283 2318 εἷς
311 2254 518 2321 Κύριος
552 2252 758 2321 Ἰησοῦς
789 2254 1023 2323 Χριστὸς
1051 2252 1119 2304 δι’
1147 2247 1210 2305 οὗ
1251 2253 1318 2305 τά
1352 2251 1555 2304 πάντα’
1590 2252 1683 2302 καὶ
1726 2249 1784 2301 ἓν

199 2347 434 2416 Πνεῦμα
462 2348 617 2413 ἅγιον
641 2349 697 2400 ἐν
718 2339 844 2412 ᾧτά
870 2345 1070 2399 πάντα.
1095 2364 1113 2396 ι
1133 2342 1291 2397 Οὕτω
1313 2343 1379 2413 δὴ
1399 2341 1543 2396 οὕτω
1572 2343 1665 2394 καὶ
1687 2342 1784 2411 τὴν

194 2440 296 2494 τοῦ
325 2440 503 2507 Λόγου
545 2439 857 2506 οἰκονομίαν
896 2438 1252 2506 ἀνεκήρυττε,
1295 2437 1389 2488 καὶ
1428 2434 1527 2504 τῆς
1558 2433 1785 2504 Τριάδος

197 2532 487 2599 θεολογίαν
563 2530 893 2601 ὲκράτυνεν·
937 2530 1000 2582 ἐκ
1053 2545 1112 2580 τε
1163 2526 1257 2580 τοῦ
1313 2526 1388 2598 μὴ
1453 2525 1673 2594 ἀφελεῖν
1727 2526 1786 2577 τὸ

198 2627 407 2678 ἑνιαῖον
458 2624 567 2676 ἀπὸ
598 2623 871 2692 μηδεμιᾶς
920 2622 1029 2675 τῶν
1053 2620 1220 2690 τριῶν
1260 2619 1634 2682 ύποστάσεων,
1671 2618 1785 2669 ἀλλ’

194 2717 486 2787 όμοτίμως
513 2717 593 2777 εἰς
621 2715 755 2767 αὐτὸ
795 2714 997 2776 ταύτας
1034 2710 1403 2781 ἀναφέρεσθαι
1432 2725 1445 2739 ·
1470 2710 1565 2762 καὶ
1599 2713 1662 2762 ἑκ
1691 2707 1784 2759 τοῦ

199 2808 285 2876 μὴ
334 2808 437 2875 τὴν
486 2807 585 2875 μὲν
640 2807 885 2867 πάντων,
911 2804 1009 2874 τὴν
1034 2804 1091 2856 δὲ
1130 2803 1291 2857 τινῶν
1322 2804 1509 2871 ἄρχειν
1539 2803 1634 2856 καὶ
1656 2818 1789 2870 προ-

196 2900 371 2959 νοεῖν,
404 2896 541 2949 ἀλλά
571 2897 669 2958 τὰς
693 2899 842 2965 τρεῖς
866 2897 1083 2950 πάντων
1112 2896 1221 2948 τῶν
1246 2896 1417 2948 ὅντων
1458 2896 1552 2948 καὶ
1579 2894 1681 2963 τὴν
1702 2895 1789 2961 δη-

202 2989 509 3059 μιουργίαν
538 2989 683 3057 ἔχειν
719 2989 993 3058 όμοεθνῶς
1049 2990 1146 3041 καὶ
1180 2988 1484 3059 ὸμοτίμως,
1547 2988 1642 3041 καὶ
1687 2987 1786 3056 τὴν

196 3080 510 3149 κυριότητα
539 3083 631 3131 καὶ
664 3078 761 3147 τὴν
789 3080 1066 3148 πρόνοιαν.

1879 606 2175 670 nuntiaret,
2221 618 2275 659 et
2327 619 2566 675 quanam
2604 604 2845 658 nominis
2881 604 3268 674 signiﬁcantia,
3320 606 3451 660 bac-

1879 704 2035 748 tenus
2065 694 2397 764 patefactum
2430 705 2512 749 est
2547 711 2560 748 :
2591 695 2892 764 prasertim
2921 709 3048 748 vero
3089 695 3141 748 id
3173 696 3450 749 neminem

1874 801 2064 841 eorum
2099 787 2277 851 latuit,
2324 802 2558 856 quorum
2607 801 2703 840 cor
2735 802 3051 841 sermonum
3107 788 3252 840 illius
3276 788 3453 856 gratia

1878 879 2072 946 tetigit.
2106 876 2265 933 Modo
2294 878 2438 933 enim
2472 880 2834 932 venerandam
2871 888 2925 931 et
2962 878 3452 933 clementissimam

1879 969 2307 1024 incarnationem
2338 969 2568 1023 docebat
2594 968 3048 1038 przedicandoque
3073 970 3409 1025 monstrabat
3433 988 3449 1023 :

1881 1064 2042 1116 modo
2100 1062 2398 1132 theologica
2455 1062 2702 1115 oratione
2755 1060 3079 1115 Trinitatem
3146 1063 3452 1116 animosius

1881 1155 2179 1216 asserebat,
2221 1166 2470 1209 ceteram
2502 1169 2723 1224 quoque
2774 1154 3020 1224 mysterii
3057 1155 3163 1207 vim
3208 1170 3273 1208 ac
3310 1154 3454 1208 divi-

1882 1245 2102 1297 nitatem
2152 1245 2317 1299 simul
2361 1245 2756 1313 depredicaus.
2814 1244 2921 1298 Sed
2960 1244 3098 1297 nihil
3140 1246 3336 1300 melius
3389 1247 3458 1299 de

1881 1352 1946 1389 eo
1988 1338 2164 1391 audiri
2198 1347 2401 1407 potest,
2441 1353 2605 1407 quam
2653 1357 2670 1388 ι
2711 1336 2969 1403 Quicum
3017 1347 3162 1391 esset
3201 1338 3460 1407 splendor

1880 1427 2067 1497 gloria
2096 1437 2151 1482 et
2180 1427 2352 1497 ﬁgura
2383 1428 2703 1482 substantia
2731 1428 2853 1495 ejus
2880 1427 2997 1458 “°”
3041 1427 3256 1497 (nempe
3289 1426 3459 1485 Filius

1884 1520 2141 1587 splendor
2194 1529 2248 1574 et
2281 1521 2452 1588 tigura
2492 1521 2693 1587 Patris)
2730 1535 2838 1574 non
2876 1520 3122 1589 rapinam
3159 1521 3457 1577 arbitratus

1880 1621 1962 1665 est
1992 1625 2186 1666 seesse
2210 1613 2473 1681 aequalem
2506 1610 2616 1666 Deo
2637 1612 2702 1665 “.
2744 1631 2761 1663 ι
2790 1610 2907 1666 Νοιι
2937 1614 3083 1667 enim
3111 1614 3460 1669 successione

1883 1703 2110 1758 sortitus
2130 1703 2465 1756 divinitatem
2488 1713 2626 1765 erat,
2659 1719 2836 1773 neque
2870 1705 2916 1757 vi
2953 1702 3252 1758 detractam
3293 1706 3457 1760 alicui

1886 1796 2186 1864 potentiam
2220 1795 2323 1851 sibi
2354 1796 2830 1865 circumposuerat
2858 1814 2872 1850 :
2905 1796 2997 1851 sed
3029 1797 3097 1850 ab
3136 1797 3293 1852 initio
3325 1799 3458 1853 sub-

1885 1887 2098 1942 stantia:
2140 1888 2383 1957 ejusdem
2418 1898 2734 1958 natumque
2774 1887 2899 1952 fuit.
2932 1890 3250 1959 nullumque
3296 1890 3460 1958 hujus

1884 1979 2269 2034 detrimentum
2320 1979 2429 2048 pati
2474 1988 2705 2049 poterat.
2744 1979 2955 2034 Idcirco
2988 1980 3123 2033 nihil
3169 1980 3457 2037 molestum

1886 2069 2219 2135 detrectans,
2248 2090 2266 2122 ι
2300 2070 2609 2125 Exinanivit
2647 2072 3030 2140 semetipsum,
3064 2071 3295 2127 formam
3315 2075 3460 2128 servi

1888 2162 2158 2232 accipiens
2204 2163 2270 2216 “.
2324 2182 2343 2214 ι
2398 2161 2462 2216 Et
2496 2179 2687 2218 rursus
2722 2182 2733 2217 :
2772 2181 2789 2215 ι
2834 2163 2987 2219 Unus
3025 2163 3166 2220 Deus
3202 2176 3256 2220 et
3302 2164 3462 2220 Pater

1886 2271 1951 2307 ex
1998 2269 2110 2320 quo
2146 2255 2329 2309 omnia
2362 2267 2377 2307 τ
2412 2265 2468 2309 et
2496 2271 2638 2311 unus
2678 2253 2837 2311 Jcsus
2865 2255 3138 2318 Christus,
3175 2272 3268 2323 per
3297 2271 3460 2326 quem

1888 2344 2106 2397 omnia:
2134 2355 2186 2399 et
2213 2360 2354 2399 unus
2380 2343 2616 2414 Spiritus
2648 2354 2891 2410 sanctus,
2923 2347 2976 2400 iu
2996 2363 3105 2415 quo
3132 2350 3316 2402 omnia
3340 2351 3405 2401 ⁸³.
3438 2368 3455 2398 ι

1891 2438 1983 2492 Sic
2009 2437 2235 2491 omnino
2269 2436 2471 2491 Paulus
2490 2439 2919 2492 incarnationem
2953 2440 3305 2508 praedicabat.
3338 2440 3462 2495 'I‘ri-

1891 2530 2187 2599 nitatisque
2240 2530 2479 2584 divinam
2540 2531 2788 2584 notitiam
2849 2531 3209 2586 conﬁrmabat
3260 2550 3273 2585 :
3330 2536 3461 2588 dum

1892 2618 2101 2673 scilicet
2133 2620 2398 2673 unitatem
2432 2619 2563 2673 nulli
2612 2620 2779 2673 trium
2814 2636 3173 2690 personarum
3209 2623 3462 2676 detrahe-

1894 2720 1990 2774 ret,
2016 2712 2343 2780 easdcmque
2367 2711 2435 2765 ad
2459 2727 2626 2764 unum
2654 2713 2938 2781 aequaliter
2969 2714 3226 2779 referret;
3258 2724 3311 2769 et
3331 2716 3463 2770 dum

1892 2801 2037 2855 haud
2084 2803 2244 2855 aliam
2292 2818 2581 2871 personam
2636 2804 2855 2859 cunctis
2891 2805 3094 2878 ‘rebus,
3138 2806 3301 2861 aliam
3333 2822 3465 2861 vero

1891 2891 2165 2945 nonnullis
2177 2890 2446 2946 dominari
2471 2902 2527 2946 et
2544 2893 2835 2948 consulere
2855 2892 3081 2959 diceret;
3100 2895 3192 2949 sed
3214 2904 3321 2951 tres
3340 2912 3465 2966 per-

1890 2999 2055 3039 sonas
2076 2986 2323 3039 omnium
2360 2999 2539 3039 rerum
2562 2986 2893 3040 creationem
2914 2987 3252 3055 conjunctim
3279 3004 3465 3057 aequa-

1891 3077 2121 3145 literque
2135 3078 2431 3139 curavisse,
2457 3077 2762 3147 iisdemque
2775 3080 3047 3132 moderari
3072 3094 3136 3133 ac
3155 3081 3466 3150 providere.

280 3168 367 3222 ιε’.
411 3170 574 3237 Ὁρᾷς
602 3170 749 3230 ὅπως
785 3172 813 3222 6
834 3171 930 3238 τῆς
962 3169 1291 3236 Ἐκκλησίας
1310 3169 1630 3231 διδάσκαλος
1660 3169 1781 3223 £66-

1966 3168 2052 3220 15.
2083 3167 2267 3221 Videu'
2299 3178 2356 3221 ut
2390 3167 2641 3223 Ecclesiae
2669 3168 2860 3224 doctor
2890 3169 3095 3224 Christi
3123 3186 3320 3225 nomen
3344 3186 3471 3240 por-

195 3262 380 3323 σταζε
402 3261 461 3312 τὸ
472 3261 639 3329 ὄνομα
665 3259 757 3313 τοῦ
778 3260 1043 3330 Χριστοῦ;
1065 3260 1145 3314 ἑτι
1169 3262 1390 3332 συνόραο
1411 3282 1428 3314 ι
1451 3261 1659 3325 Παῦλος
1680 3261 1781 3315 δοῦι

1896 3260 2127 3314 laverit?
2170 3261 2275 3315 Sed
2339 3274 2502 3330 perge
2559 3275 2722 3329 porro
2768 3263 3157 3317 considerare:
3197 3283 3215 3314 ι
3268 3262 3470 3320 Paulus

192 3358 299 3417 λος
345 3352 527 3423 Ἰησοῦ
576 3352 813 3423 Χριστοῦ
850 3353 1047 3422 κλητὸς
1076 3354 1371 3417 ἀπόστολος
1402 3355 1781 3425 ἀφωρισμένος

1897 3368 2088 3408 servus
2109 3350 2239 3408 Jesu
2265 3352 2472 3408 Christi
2495 3363 2722 3408 vocatus
2748 3356 3035 3423 apostolus
3062 3367 3379 3427 segregatus
3412 3360 3469 3412 iu

193 3449 253 3497 εί
268 3464 289 3506 ς
311 3444 648 3512 Εὑαγγέλιον
658 3445 815 3511 Θεοῦ,
833 3445 863 3495 6
882 3446 1349 3515 προεπηγγείλατο
1367 3444 1574 3498 διάτῶν
1587 3462 1781 3514 προφη-

1898 3443 2249 3511 Evangeiium
2303 3443 2419 3507 Dei,
2450 3445 2599 3513 quod
2648 3446 2977 3514 promiserat
3030 3462 3125 3516 per
3179 3451 3475 3518 prophetas

193 3537 325 3590 τῶν
370 3538 539 3589 αὐτοῦ
564 3540 624 3589 ὲν
656 3537 897 3608 Γραφαίς
924 3538 1131 3605 ἁγίαις,
1165 3539 1294 3608 περὶ
1320 3538 1415 3591 τοῦ
1454 3538 1585 3592 Υἱοῦ
1616 3538 1781 3591 αὐτοῦ

1898 3548 2029 3587 suos
2072 3534 2125 3586 in
2160 3532 2460 3603 Scripturis
2494 3535 2720 3598 sanctis,
2754 3535 2822 3590 de
2873 3536 3012 3591 Filio
3038 3553 3140 3593 suo
3171 3541 3265 3610 qui
3298 3538 3475 3595 factus

194 3628 310 3682 τοῦ
329 3630 629 3698 γενομένου
651 3631 717 3681 ὲκ
741 3630 1057 3698 σπέρματος
1077 3629 1258 3681 Δαϐίδ·
1276 3649 1294 3680 ι
1329 3630 1491 3683 πάλιν
1518 3630 1781 3683 κάνταῦθα

1897 3634 1982 3680 est
2014 3626 2064 3680 ei
2102 3640 2170 3679 ex
2216 3640 2415 3694 genere
2444 3625 2613 3681 David
2644 3627 2713 3679 ⁸³.
2757 3647 2774 3679 ο
2810 3628 3009 3684 lterum
3040 3631 3126 3686 hic
3149 3634 3476 3700 pnedicatur

193 3725 553 3793 κηρύττεται
587 3722 621 3789 ἡ
651 3720 821 3791 Τριάς
846 3737 860 3751 ο
889 3720 1023 3782 Θεὸς
1062 3722 1156 3772 καὶ
1191 3720 1318 3783 Υίδς
1356 3719 1451 3773 τοῦ
1507 3720 1642 3774 Θεοῦ
1691 3723 1781 3774 καὶ

1899 3715 2157 3779 Trinitas,
2188 3714 2332 3770 Deus
2380 3725 2434 3769 et
2482 3715 2651 3771 Filius
2700 3715 2794 3771 Dei
2846 3728 2902 3772 et
2951 3717 3185 3788 Spiritus
3214 3732 3474 3785 sanctus,

193 3813 449 3880 Πνεῦμα
474 3810 651 3878 ἅγιον,
693 3815 786 3865 καὶ
824 3815 857 3881 ὴ
902 3815 1177 3881 σάρκωσις
1214 3816 1781 3886 συνανακηρυττομέντ

1902 3821 2114 3861 necnon
2164 3817 2217 3860 et
2250 3805 2405 3859 Verbi
2438 3808 2741 3862 incarnatio
2775 3810 2940 3864 simul
2975 3813 3318 3880 praedicatur.
3352 3813 3475 3869 Jam

186 3907 309 3961 τοῦ
345 3907 547 3975 Λόγου.
591 3907 743 3959 Ἐπεὶ
771 3907 825 3959 δὲ
851 3906 975 3959 Υίὸν
1012 3905 1148 3959 Θεοῦ
1185 3903 1360 3971 εἶπεν,
1398 3910 1593 3975 ἐπάγει
1632 3909 1701 3963 δι’
1724 3902 1781 3961 ὧι

1904 3899 1998 3953 ubi
2027 3897 2122 3952 Dei
2157 3895 2355 3951 Filium
2394 3898 2553 3964 dixit,
2582 3900 2772 3967 adjicit
2804 3902 2969 3954 etiam
3002 3917 3238 3971 quanam
3266 3905 3477 3961 ratione

188 3999 544 4069 ἀφορίζεται
570 3999 600 4050 6
624 3997 884 4061 Υἱός·τοῦ
913 4000 1021 4070 γὰρ
1045 4000 1496 4067 ὲπιγνωσθίντος,
1525 4002 1680 4069 φησι,
1707 4002 1781 4054 κα

1903 3988 2270 4059 distinguatur
2293 3988 2483 4042 Filius.
2506 3989 2640 4043 Nam
2662 4006 2787 4044 cum
2809 3992 3064 4062 cognitus
3080 3994 3479 4066 distiuctusque

192 4089 615 4160 ἀφορισθέντος
642 4088 701 4154 ἐξ
727 4089 901 4142 ἀλλων
929 4106 990 4141 τε
1037 4088 1248 4142 πολλῶν
1293 4090 1598 4160 ίδιωμάτων
1623 4091 1659 4146 ἀ.
1695 4110 1781 4162 μη

1900 4080 2013 4149 jam
2034 4088 2180 4135 esset
2207 4080 2328 4135 aliis
2352 4080 2538 4134 multis
2560 4080 3007 4149 proprietatibus,
3026 4099 3147 4153 quae
3175 4097 3367 4155 praeter
3396 4088 3479 4157 ip-

183 4183 331 4236 δενὶ
352 4180 641 4250 πρόσεστι,
681 4181 773 4232 καὶ
804 4180 935 4231 ὅτιὸ
976 4180 1244 4250 μηδέποτε
1296 4182 1538 4249 γέγονεν,
1575 4183 1776 4254 αὐτουρ

1906 4187 2027 4226 sum
2062 4171 2264 4225 nemini
2293 4174 2510 4239 insunt;
2545 4183 2659 4227 tum
2686 4189 2817 4229 vero
2838 4175 2982 4244 quod
3008 4191 3285 4246 nunquam
3320 4188 3478 4233 antea

182 4274 313 4343 τὸς
361 4270 464 4339 τῆς
505 4271 639 4334 ιδίας
695 4271 1047 4333 ἀναστάσεως
1086 4272 1331 4339 γέγονεν.
1368 4274 1483 4342 Οὐχ
1518 4274 1718 4344 ἥκιστα
1749 4274 1777 4326 δ

1907 4263 2231 4333 contigerat,
2259 4264 2372 4333 ipse
2394 4274 2581 4317 auctor
2602 4268 3022 4322 resurrectionis
3050 4283 3160 4322 suze
3191 4268 3312 4321 fuit.
3346 4269 3479 4323 item

182 4367 308 4419 καὶ
345 4362 410 4425 ἐξ
435 4354 513 4414 ῶν
543 4360 604 4413 τὸ
636 4362 904 4431 πανάγιον
931 4362 1157 4430 Πνεῦμα
1178 4364 1473 4418 ἐπεσκίασέ
1487 4379 1548 4416 τε
1567 4363 1647 4435 τῷ
1664 4365 1781 4433 τόκη

1912 4351 2149 4421 Spiritus
2180 4365 2404 4406 sanctus
2450 4352 2617 4407 fetum
2645 4354 3048 4421 obumbrando,
3087 4358 3234 4411 dedit
3256 4374 3473 4425 operam

180 4458 303 4511 τὸν
350 4453 645 4524 όμοούσιον
672 4455 845 4522 Λόγον
880 4457 945 4507 ὲκ
984 4455 1299 4524 σπέρματος
1338 4454 1501 4508 Δαόὶδ
1543 4457 1781 4527 συνεργὸ·

1910 4455 1971 4499 ut
2021 4444 2255 4499 Verbum
2295 4445 2764 4515 consubstantiale
2793 4461 2859 4500 ex
2896 4445 3112 4502 Davidis
3150 4464 3346 4519 genere
3384 4465 3481 4504 ua-

179 4514 534 4623 ττροελθεῖν,
569 4551 664 4602 καὶ
696 4514 905 4619 μάρτυς
938 4551 994 4600 ιν
1022 4514 1105 4618 τῶ
1131 4514 1477 4618 ’βαπτίσματι
1507 4552 1609 4619 τῆς
1637 4514 1777 4619 ἀζιὲυ

1907 4544 2177 4601 sceretur;
2204 4514 2367 4606 atque
2398 4536 2450 4589 in
2480 4537 2804 4605 baptismate
2835 4538 3088 4593 Iiliatioui
3110 4514 3249 4595 vera:
3275 4550 3330 4595 et
3351 4556 3483 4596 con-

174 4640 345 4701 δοῦς
372 4639 623 4708 υἱότητος
673 4637 768 4691 καὶ
815 4638 914 4707 τῆς
943 4639 1231 4708 όμοουσίου
1263 4638 1516 4709 θεότητος
1541 4639 1778 4708 γεγονώς

1908 4628 2256 4684 substantiali
2297 4626 2575 4681 Diviuitati
2622 4628 2998 4684 testimonium
3041 4630 3211 4685 dedit.
3247 4630 3482 4687 Satieta-

176 4733 310 4793 Εἰς
334 4728 508 4799 κόρον
531 4727 618 4790 ἂν,
653 4722 829 4795 οἶμαι,
863 4726 1171 4798 λογισθείη-δ
1192 4730 1302 4793 τοῖς
1323 4733 1621 4800 ἀκροαταῖς
1644 4748 1781 4801 προσ

1909 4729 2015 4773 tum
2032 4719 2378 4774 audientibus
2402 4734 2601 4784 creent,
2622 4719 2934 4790 nimiusque
2950 4721 3157 4784 videar,
3186 4722 3230 4775 si
3256 4732 3482 4777 cunctas

174 4819 494 4895 φέρεσθαι
530 4819 623 4871 καὶ
664 4818 732 4871 τά
775 4818 1006 4885 περιττά
1059 4819 1362 4889 φιλότιμος,
1407 4823 1456 4872 εί
1504 4821 1683 4884 πάσας
1709 4822 1777 4875 τὰ

1909 4813 2096 4884 inclyti
2122 4812 2366 4881 Apostoli
2398 4811 2701 4868 locutiones
2748 4813 3024 4868 ascribere
3054 4815 3236 4875 velim.
3279 4815 3482 4883 quibus

174 4915 457 4987 χρήσεις
486 4911 584 4961 τοῦ
610 4908 899 4962 θεσπεσίου
935 4910 1156 4962 Παῦλου
1200 4912 1598 4982 ἀναγράφοιμι,
1644 4914 1713 4967 δι’
1736 4908 1780 4966 ὦ

1913 4903 2216 4972 theologica
2261 4902 2506 4955 oratione
2553 4900 2881 4957 Trinitatem
2925 4919 3026 4958 nos
3060 4904 3266 4967 docuit,
3318 4914 3374 4958 et
3415 4903 3485 4956 dc

169 5001 504 5066 ὲθεολόγει
524 5015 582 5051 τε
601 4999 701 5069 τὴν
722 4998 950 5069 Τριάδα.
982 5000 1076 5052 καὶ
1097 5000 1195 5068 τῆς
1225 4999 1551 5071 σαρκώσεως
1573 5002 1780 5072 ἑκήρυτ

1914 4992 2304 5049 incarnationis
2340 4993 2599 5061 mysterio
2645 4992 2909 5047 certiores
2953 4992 3099 5057 fecit,
3148 5009 3346 5047 nomen
3379 4992 3487 5047 Do-

164 5113 253 5152 τι
281 5094 369 5148 τὺ
420 5091 742 5160 μυστήριον,
792 5090 1075 5160 βαστάζων
1108 5090 1339 5143 ἐνώπιον
1379 5090 1551 5144 ἐθνῶν
1606 5110 1664 5145 τε
1710 5110 1779 5145 κα

1918 5085 2053 5139 mini
2082 5099 2266 5138 coram
2310 5084 2565 5153 gentibus
2615 5084 2947 5153 regibusque
2999 5094 3239 5153 portans.
3284 5084 3488 5148 Quatu-

168 5184 501 5263 βασιλέων
529 5183 591 5235 τὸ
606 5182 777 5252 όνομα
807 5182 900 5235 τοῦ
933 5183 1165 5253 Κυρίου.
1208 5184 1406 5255 Διόπερ
1435 5186 1548 5249 τοῖς
1577 5187 1781 5255 εἰρημέ

1918 5177 2105 5230 obrem
2134 5175 2299 5230 dictis
2327 5174 2566 5227 contenti
2600 5174 2844 5239 erimus;
2893 5178 3192 5245 praesertim
3216 5176 3347 5243 quia
3385 5189 3491 5229 caeo

168 5294 326 5340 νοις
370 5272 856 5342 ἀρκεσθησόμεθα,
882 5272 1034 5324 οὐδὲν
1065 5272 1224 5342 ἔργον
1256 5271 1659 5337 ύπολείποντες,
1689 5275 1780 5327 οὐδ

1915 5279 2050 5327 lena,
2081 5268 2127 5321 si
2148 5268 2273 5338 quis
2299 5267 2463 5331 volet,
2484 5267 2632 5321 nullo
2660 5268 2875 5336 negotio
2905 5283 3232 5321 coacervare
3268 5267 3487 5336 poterit.

161 5370 326 5429 τοῖς
367 5361 623 5417 εθέλουσι
654 5363 949 5425 κάκείνοις.
987 5362 1345 5432 ἀναλέγεσθαι
1370 5380 1384 5392 ’
1403 5365 1545 5418 κατά
1567 5366 1634 5418 τὰ
1666 5368 1781 5418 αὑτά

1914 5364 2091 5429 Atque
2115 5363 2219 5416 hoc
2248 5361 2411 5416 modo
2441 5360 2682 5428 reliquus
2710 5361 2876 5415 etiam
2900 5360 3295 5430 discipulorum
3326 5375 3491 5413 vene-

162 5465 240 5518 δζ
278 5453 564 5525 δηλονότι
582 5455 675 5507 καὶ⁵
693 5455 801 5509 τῶν
836 5455 1011 5509 ἄλλων
1037 5454 1295 5524 μαθητῶν
1318 5458 1346 5508 ό
1377 5456 1518 5519 θεῖος
1543 5458 1778 5526 ἐκήρυττ

1917 5459 2121 5513 randus
2144 5457 2348 5513 chorus
2371 5456 2700 5526 praedicabat
2721 5464 2885 5524 atque
2909 5457 3158 5510 docebat.
3187 5456 3305 5510 Jam
3330 5454 3490 5510 sicuti

161 5554 293 5610 καὶ
336 5545 605 5600 ἐδίδασκε
636 5546 816 5614 χορός.
868 5546 958 5607 Ὠς
1002 5546 1061 5599 δὲ
1105 5547 1427 5617 ἐκήρυττον,
1468 5547 1639 5611 οὕτως
1682 5549 1781 5601 ὲϐἀ

1919 5551 1971 5604 bi
2028 5549 2415 5620 praedicabant,
2468 5550 2539 5604 ita
2586 5550 2750 5603 etiam
2808 5550 3175 5618 baptizabant.
3224 5548 3491 5604 Priedica-

159 5644 428 5708 τπιζον
451 5655 465 5669 ·
505 5639 803 5708 ἐκήρυττον
835 5638 891 5692 δὲ
915 5639 991 5702 ὼς
1027 5641 1061 5709 ἡ
1090 5641 1451 5706 ἐνυπόστατος
1490 5643 1688 5705 αὐτοὺς
1723 5661 1781 5696 σο

1919 5646 2052 5700 bant
2102 5654 2280 5700 autem
2334 5645 2497 5698 sicuti
2550 5644 2699 5711 ipsos
2748 5642 3091 5713 hypostatica
3134 5644 3398 5713 sapientia
3427 5646 3494 5695 ad

160 5737 301 5809 95¢
356 5728 646 5797 Θεολογεῖν
670 5730 766 5782 καὶ
811 5729 1105 5801 κηρύττειν
1141 5730 1485 5795 ἑξεπαίδευεν
1506 5750 1519 5764 ·
1557 5727 1633 5787 ὧν
1665 5734 1722 5786 ἒν
1749 5731 1781 5804 ἦ

1924 5737 2227 5805 theologice
2259 5736 2589 5805 loquendum
2618 5734 3139 5806 praedicandumque
3162 5735 3489 5791 erudiverat.

290 5845 444 5881 3""
486 5843 649 5898 llebr.
685 5860 723 5909 I,
752 5844 804 5897 5.
890 5844 937 5877 “
980 5844 1175 5917 Philip.
1208 5866 1266 5915 ll,
1305 5850 1359 5907 6.
1432 5849 1474 5881 ⁸¹
1514 5849 1643 5905 ibid.
1682 5849 1732 5903 7.
1793 5852 1836 5882 "
1873 5850 2048 5905 ICor.
2080 5866 2196 5916 vui,
2228 5852 2283 5905 6.
2358 5853 2400 5884 "
2439 5850 2594 5907 lloni.
2636 5867 2671 5917 ι,
2712 5851 2761 5918 I,
2795 5851 2849 5904 ‘2.

521 5941 791 6001 ΡΛτιιοι..
828 5941 945 6003 Gn.
1011 5945 1108 6006 Cl.
3102 5948 3169 6006 11
