4202 6442
708 454 812 518 323
1855 439 2118 508 PHOTII
2152 435 2311 498 PAT]

2432 434 2653 496 RCIL‘E
2688 429 2814 503 CP.‘.
3849 417 3949 483 324

709 567 828 620 Jam
883 563 935 616 in
994 559 1076 612 bis
1126 569 1317 613 unum.
1373 562 1426 606 et
1480 551 1695 621 quidem
1758 549 1892 604 nulli
1948 547 2311 604 secundum”

2430 544 2470 596 ιὶ
2497 544 2708 607 οὐδενὸς
2739 543 2847 596 τῶν
2885 541 3060 597 ἄλλων
3105 538 3389 608 δογμάτων
3441 533 3683 595 ἔλαττον,
3737 530 3837 583 καὶ
3887 530 3948 580 τὸ

709 658 903 725 dogma
935 657 1070 712 erat,
1097 656 1158 701 ut
1183 646 1458 700 lavacrum
1495 641 1919 712 regenerationis
1941 639 1994 692 in
2031 638 2191 692 Patre
2224 643 2282 689 et

2435 655 2460 700 ς
2502 637 2718 707 Πατέρα
2752 637 2848 690 καὶ
2895 635 3024 688 Υίὸν
3057 633 3151 686 καὶ
3199 629 3426 698 Πνεῦμα
3456 627 3613 693 ἇγιον
3634 622 3696 676 τὸ
3727 619 3954 690 λουτρὸν

711 707 850 801 Filio
883 753 934 797 et
966 739 1172 808 Spiritu
1204 742 1396 790 sancto
1419 707 1782 803 perageretur,
1825 740 1987 799 atque
2018 737 2084 781 ut
2103 725 2284 796 bapti—

2430 729 2480 796 ἶις
2538 727 2957 796 παλιγγενεσίας
2995 723 3397 791 τελεσιουργεῖν
3421 759 3436 785 ,
3471 719 3565 770 καὶ
3605 715 3724 777 ταῖς
3775 707 3958 765 αὐτῶν

713 834 818 888 zati
845 832 1092 887 homines
1123 842 1245 881 cum
1282 825 1476 878 harum
1532 836 1891 892 personarum
1940 817 2285 872 invocatione

2430 819 2702 889 κικλήσεσι
2727 818 2852 881 τοὺς
2881 813 3315 886 βαπτιζομένους
3360 809 3515 878 ἄγειν
3545 809 3626 870 εἰς
3650 804 3958 872 άνατέννη-

712 925 782 979 ad
812 921 1272 992 regenerationem
1305 916 1754 985 perducerentur.
1794 912 1885 965 Sic
1910 907 2284 980 apostolorum

2431 930 2512 964 ιν.
2547 911 2701 965 (ὶῦτω
2751 909 2861 963 τῶν
2904 908 3215 963 ἀποστόλων
3242 908 3272 959 ὸ
3301 904 3579 972 θεόκριτος
3612 897 3875 964 σύλλογος
3903 895 3963 946 τὸ

713 1016 976 1070 divinitus
1025 1011 1268 1065 delectus
1318 1008 1519 1061 chorus
1573 1003 1744 1060 venire
1797 1003 2000 1058 donum
2059 996 2288 1054 initiatis

2430 1003 2554 1071 Iipov
2605 1000 2990 1072 ἐμυσταγῶγει
3059 998 3161 1067 τῆς
3234 995 3516 1064 ἀφέσεως·
3548 991 3691 1044 οὕτω
3748 986 3965 1048 Παῦλος

717 1104 1078 1177 impertiebat.
1124 1101 1214 1156 Sic
1260 1098 1462 1153 Paulus
1511 1095 1843 1164 baptizabat,
1879 1105 2020 1161 quos
2066 1087 2287 1159 quidem

2430 1075 2682 1149 5άπέίσεν
2708 1093 2803 1157 οὓς
2845 1093 3173 1146 ἐϐάπτισενο
3207 1087 3349 1141 οὕτω
3407 1083 3687 1154 βαστάζων
3729 1079 3967 1134 ἐνώπιον

718 1171 991 1268 baptismo
1036 1192 1294 1262 tingebat.
1326 1188 1417 1241 Sic
1452 1200 1635 1240 coram
1670 1182 1924 1252 gentibus
1962 1178 2292 1248 regibusque

2430 1185 2562 1238 θνῶν
2593 1186 2686 1238 καὶ
2712 1182 2977 1254 βασιλέων
3009 1180 3072 1234 τὸ
3101 1179 3273 1247 ὄνομα
3300 1174 3391 1228 τοῦ
3433 1173 3681 1242 Σωτῆρος
3711 1171 3968 1239 ἐπαρῤη·

720 1287 1027 1342 Servatoris
1063 1260 1260 1336 nomen
1285 1292 1408 1332 cum
1437 1275 1633 1329 fiducia
1657 1271 1932 1326 deferebat
1965 1286 1980 1323 :
2004 1278 2168 1335 atque
2191 1266 2293 1318 hac

2432 1277 2627 1341 ιάζετοο
2651 1273 2792 1328 κατὰ
2822 1271 3024 1341 ταύτην
3050 1270 3180 1322 ἐϐόα
3211 1269 3308 1338 τὴν
3349 1267 3578 1325 ἐννοιαν,
3604 1281 3622 1314 ι
3651 1260 3970 1332 Παρακαλῶ

718 1388 899 1434 mente
931 1375 1221 1430 instinctus
1241 1368 1511 1424 clamabat
1545 1383 1559 1420 :
1597 1385 1614 1416 ι
1646 1363 1794 1432 Rogo
1816 1374 1930 1423 vos,
1958 1358 2175 1419 fratres,
2203 1371 2296 1425 per

2430 1362 2487 1419 ὗν
2523 1364 2687 1434 ὑμᾶς,
2711 1362 2950 1430 ἀδελφοὶ,
2973 1359 3062 1414 διὰ.
3083 1356 3179 1411 τοῦ
3207 1355 3415 1427 Κυρίου
3445 1352 3600 1424 ἡμῶν
3627 1351 3806 1421 Ἰησοῦ
3823 1350 3964 1420 Χρι-

720 1470 1010 1523 Dominum
1030 1464 1213 1518 Jesum
1236 1462 1538 1522 Christum,
1573 1468 1633 1511 ut
1658 1452 1928 1510 sermonis
1945 1447 2294 1505 concordiam

2430 1453 2548 1520 τοῦ,
2580 1454 2668 1506 ἵνα
2704 1452 2764 1505 τδ
2787 1450 2924 1507 αὐτὸ
2954 1449 3177 1520 λέγητε.
3230 1466 3249 1497 ι

721 1562 1006 1620 sectamini
1037 1559 1106 1614 “.
1153 1577 1172 1611 ι

1855 439 2118 508 ΡΗΟΤΙΙ
2152 434 2653 498 ΡΑΤΒΙΛΒΟΙΙΑΞ
2688 429 2814 503 CP.‘.

794 1653 880 1706 l6.
910 1649 1025 1703 Vin‘
1059 1648 1153 1702 tibi
1186 1644 1446 1715 principis
1477 1653 1691 1710 quoque
1723 1633 2011 1707 apostolici
2045 1631 2295 1687 testimo-

725 1746 876 1800 nium
915 1738 1242 1796 exhibeam?
1287 1737 1380 1805 qui
1419 1734 1634 1803 quidem
1693 1728 1797 1783 etsi
1836 1726 2131 1780 verborum
2164 1736 2301 1776 sono

725 1836 870 1891 haud
888 1833 1099 1887 videtur
1125 1843 1246 1883 cum
1268 1806 1521 1880 Ecclesiae
1551 1836 1701 1876 more
1718 1829 1951 1889 actuqne
1977 1830 2297 1888 congruere,

2471 1635 2570 1693 ις’.
2611 1626 2801 1681 Βούλει
2824 1627 2882 1681 δέ
2914 1644 2998 1680 σοι
3034 1623 3247 1680 καὶτὸν
3296 1620 3594 1691 κορυφαῖον
3633 1613 3978 1687 παρέσεσθαι

2404 1719 2686 1792 μάρτυρα;
2726 1723 2775 1772 εἰ
2797 1719 2906 1790 γὰρ
2931 1719 3026 1772 καὶ
3055 1718 3129 1788 μὴ
3155 1715 3302 1769 δοκεῖ
3329 1711 3472 1766 κατά
3498 1728 3563 1780 γε
3587 1710 3686 1780 τὴν
3718 1707 3830 1762 τῶν
3875 1709 3979 1777 ρη-

2405 1811 2590 1880 μάτων
2612 1809 2896 1881 προφορὰν
2916 1807 2996 1878 τῷ
3006 1807 3106 1876 τῆς
3123 1803 3453 1873 Ἐκκλησίας
3476 1799 3591 1854 ἔθει
3620 1799 3714 1852 καὶ
3741 1799 3810 1866 τῇ
3842 1797 3982 1865 πρά·

726 1928 772 1984 si
801 1937 980 1980 tamen
1020 1933 1242 1989 scopum
1277 1918 1395 1985 ejus
1425 1929 1549 1968 cum
1583 1911 1823 1966 veritatis
1866 1887 2046 1964 studio
2074 1887 2298 1975 diligen-

2430 1919 2484 1962 ,ει
2533 1899 3004 1970 συμφθέγγεσθαι,
3041 1897 3178 1952 ἀλλά
3207 1912 3272 1964 γε
3322 1891 3633 1963 φιλαλήθως
3681 1887 3849 1942 αὑτοῦ
3887 1887 3985 1939 καὶ

726 2026 918 2085 terque
957 2010 1346 2068 scrutabimur,
1371 2005 1540 2057 nihilo
1569 2002 1615 2057 is
1647 2001 1848 2066 secius,
1877 1999 1989 2052 imo
2008 1998 2301 2050 vehemen-

726 2108 859 2166 tius.
909 2115 1118 2160 sacram
1168 2101 1309 2154 lianc
1354 2094 1804 2151 consuetudinem
1859 2090 2188 2145 confirmare
2239 2100 2304 2140 ac

729 2199 971 2255 stabilire
1000 2193 1291 2248 videbitur.
1323 2190 1373 2243 ls
1394 2189 1537 2242 enim
1570 2184 1809 2240 Iudaeam
1840 2200 1945 2237 non
1973 2183 2155 2236 minus
2181 2194 2306 2249 pro-

729 2292 892 2362 digiis
943 2301 1106 2359 quam
1163 2299 1319 2338 sacra
1373 2281 1622 2335 doctrina
1676 2290 1987 2348 peragrans,
2029 2273 2305 2327 hominem

722 2361 882 2436 illum
914 2379 980 2432 ad
1009 2374 1319 2444 Speciosam
1361 2379 1569 2438 portam
1597 2368 1892 2429 sedentem,
1924 2361 2081 2431 cujus
2112 2362 2307 2430 pedum

731 2472 891 2526 bases
928 2477 1090 2536 atque
1113 2461 1349 2517 malleoli
1379 2456 1626 2512 dissoluti
1657 2463 1834 2514 erant,
1866 2455 2033 2516 hunc,
2062 2453 2305 2519 inquam,

732 2562 899 2616 verbo
944 2556 1286 2615 instaurans',
1339 2561 1642 2616 sannmque
1704 2543 2020 2599 mirabiliter
2060 2541 2307 2596 sistens:

745 2672 765 2705 ε
806 2652 860 2705 ln
915 2649 1155 2711 nomine,
1205 2644 1402 2712 inquit.
1462 2639 1589 2694 Jesu
1621 2637 1843 2699 Clu-isti,
1879 2649 2038 2703 surge
2089 2640 2143 2686 et
2193 2644 2313 2684 am-

737 2745 864 2798 bula
904 2743 975 2794 ‘°.
1015 2758 1033 2790 ι
1066 2737 1131 2790 Et
1176 2733 1432 2790 dictionis
1487 2730 1708 2800 quidem
1765 2727 1997 2782 formula
2057 2719 2314 2777 ineffabili

2403 1993 2680 2065 ἐπιμελῶς
2709 1995 2737 2045 ὁ
2771 1991 2975 2055 σκοπὸς
3001 1987 3464 2061 άνερευνώμενος,
3493 1984 3648 2037 οὐδὲν
3677 1981 3907 2034 ἔλαττον
3937 1977 3987 2030 ει

2408 2089 2484 2161 μὴ
2512 2090 2605 2142 καὶ
2639 2087 2836 2158 μᾶλλον
2870 2087 3076 2155 ταύτην
3101 2085 3381 2153 ἐπικροτεῖ
3412 2082 3506 2134 καὶ
3536 2078 3841 2144 συνίστησι.
3874 2073 3991 2127 Καὶ

2406 2182 2515 2250 γὰρ
2541 2183 2662 2242 ταῖς
2693 2177 3162 2249 θαυματουργίαις
3193 2175 3293 2228 οὐκ
3325 2173 3547 2226 ἔλαττον
3572 2173 3670 2239 τῆς
3696 2163 3992 2226 θεοσεϐοῦς

2407 2271 2754 2334 διδασκαλίας
2785 2271 2886 2339 τὴν
2936 2268 3198 2322 Ἰουδαίαν
3241 2263 3685 2334 περιερχόμενος,
3719 2257 3814 2310 τδν
3850 2255 3994 2326 πρὸς

2408 2368 2473 2436 τῇ
2498 2363 2680 2434 ὡραία
2719 2361 2862 2432 πύλῃ
2915 2359 3314 2429 καθεζόμενον,
3343 2351 3404 2412 οῦ
3443 2356 3500 2408 αἱ
3535 2353 3722 2424 βάσεις
3757 2348 3871 2402 τῶν
3894 2363 3996 2399 πο-

2409 2456 2514 2509 δῶν
2537 2456 2634 2508 καὶ
2668 2455 2735 2508 τά
2761 2454 2944 2521 σφυρά
2989 2450 3269 2504 διαλέλυτο
3291 2465 3305 2479 ·
3338 2447 3527 2500 τοῦτον
3556 2439 3886 2515 άρμολογῶν
3912 2436 3995 2506 τῷ

2417 2546 2619 2616 ῥήματι
2645 2545 2738 2597 καὶ
2769 2545 2902 2610 ὑγιᾶ
2929 2540 3244 2609 παραδόξως
3257 2536 3595 2598 άναδεικνῦς,
3617 2552 3636 2584 t
3656 2533 3750 2585 Ἐν
3773 2527 3852 2599 τῷ
3871 2527 3995 2579 ὀνό-

2419 2653 2566 2706 ματι,
2599 2637 2788 2706 φησὶν,
2831 2634 3005 2705 Ἰησοῦ
3032 2630 3268 2701 Χριστοῦ
3294 2630 3472 2699 ἔγειρε
3502 2628 3598 2680 καὶ
3624 2622 3946 2694 περιπάτει.
3967 2637 3988 2670 ι

2430 2728 2567 2779 Ἀλλ’
2586 2730 2615 2780 δ
2644 2727 2742 2796 μέν
2771 2726 2939 2789 τύπος
2972 2722 3156 2791 φωνῆς
3184 2724 3248 2792 τῇ
3279 2720 3417 2790 ὑπὲρ
3443 2719 3599 2785 λόγον
3621 2713 3875 2784 ἐνεργείᾳ.
3894 2711 3999 2779 τῆς

736 2836 939 2888 virtute
990 2832 1068 2885 sic
1112 2828 1213 2881 fuit
1269 2827 1524 2895 prolata:
1579 2823 1693 2890 ipse
1742 2833 1871 2872 vero
1912 2817 2160 2885 princeps
2205 2810 2311 2864 vim

2430 2817 2657 2885 χάριτος,
2689 2815 2830 2868 οὕτω
2877 2811 3242 2883 ωμπροὴχθη
3268 2828 3282 2843 ο
3314 2810 3476 2870 αὐτὸς
3506 2808 3563 2860 δὲ
3597 2804 3690 2858 τοῦ
3744 2804 4000 2874 ῥήματος

739 2923 985 2979 vocabuli
1009 2921 1305 2988 explicans,
1339 2916 1731 2979 notionemque
1765 2907 1969 2962 nomini
2009 2905 2311 2971 snlijectam

2430 2908 2516 2977 τὴν
2550 2907 2781 2975 δύναμιν
2822 2903 3208 2964 ἀναπτύσσων,
3248 2901 3342 2953 καὶ
3379 2899 3430 2951 τί
3470 2897 3718 2967 βούλεται
3745 2890 3902 2960 αὑτῷ
3937 2889 4002 2942 τὸ

740 3018 1146 3082 interpretans,
1183 3005 1429 3076 prodigio
1477 3002 1736 3055 attonitos
1789 2995 2116 3052 admonebat
2157 3006 2311 3062 quem

2430 2997 2610 3066 ὄνομα
2652 2993 2842 3065 δηλοῦν
2875 2991 3288 3063 ἐφερμηνεύων,
3317 2987 3446 3048 τοὺς
3476 2987 3575 3054 μὲν
3615 2979 4003 3049 καταπληττο-

741 3107 847 3177 ipsi
864 3101 1140 3174 aspernati
1163 3099 1402 3162 fuerant,
1431 3095 1720 3161 crucisque
1745 3089 2010 3159 supplicio
2053 3085 2311 3140 multave~

2430 3087 2619 3157 μένους
2651 3086 2728 3152 τῷ
2751 3083 2989 3153 θαύματι
3029 3081 3303 3134 ἐδίδασκεν
3343 3078 3419 3139 ὼς
3459 3069 3833 3141 ἐξουθενηθεὶς
3864 3065 4006 3135 παρ’

743 3209 888 3260 rant,
929 3196 1075 3250 hunc
1125 3192 1307 3262 ipsum
1344 3202 1487 3250 esse,
1531 3185 1689 3253 cujus
1736 3183 1936 3234 virtute
1992 3173 2311 3232 inSanabilis

2430 3179 2624 3245 αὐτῶν,
2655 3178 2748 3230 καὶ
2780 3175 2999 3246 σταυρῷ
3042 3173 3140 3227 καὶ⁵
3168 3171 3385 3240 θανάτῳ
3425 3163 3866 3225 καταδικασθεὶς,
3899 3160 4004 3211 αῦ-

741 3289 1205 3344 morbuscuratus
1225 3282 1419 3335 fuerat.
1443 3276 1706 3330 Praeterea
1736 3273 1941 3334 docuit,
1973 3284 2030 3324 se
2055 3264 2311 3320 vocabulo

2430 3272 2519 3332 τός
2571 3271 2720 3322 ἐστιν
2776 3260 2839 3320 οῦ
2869 3269 2903 3338 η
2937 3266 3166 3334 δύναμις
3198 3261 3297 3332 τὴν
3340 3259 3555 3314 ἀνίατον
3591 3257 3776 3309 ἰάσατο
3818 3251 4004 3302 νόσον.

745 3395 932 3434 nomen
960 3377 1082 3431 fidei
1126 3385 1396 3430 summam
1454 3366 1964 3432 confessionemque
2004 3360 2311 3429 designare.

750 3466 888 3521 Audi
925 3465 1070 3520 enim
1110 3475 1229 3530 qua:
1275 3459 1466 3512 dicat:
1520 3474 1538 3506 ι
1571 3454 1709 3506 Deus
1767 3451 2037 3504 Abraham
2078 3457 2132 3501 et
2176 3446 2319 3499 Deus

747 3561 899 3614 ISaac
931 3551 1250 3625 glorificavit
1273 3547 1468 3602 Filium
1506 3559 1661 3599 suum
1693 3541 1875 3596 Jesum
1904 3541 1965 3592 “.
2005 3559 2022 3590 ι
2057 3540 2232 3605 Atque
2263 3543 2322 3590 ut

746 3651 926 3721 magis
977 3644 1143 3700 animi
1183 3639 1511 3697 sententiam
1572 3635 1827 3694 declaret,
1871 3630 2062 3685 addit:
2102 3647 2120 3677 ι
2158 3625 2220 3680 Et
2265 3626 2319 3679 in

750 3714 871 3792 fidei
888 3734 1126 3789 nominis
1159 3731 1278 3800 ejus
1308 3727 1452 3780 hunc
1476 3739 1636 3793 quem
1671 3721 1864 3774 videtis
1891 3730 1946 3772 et
1975 3718 2141 3786 probe
2171 3714 2322 3770 scitis

752 3825 1092 3887 confirmavit
1131 3836 1325 3876 nomen
1364 3817 1483 3886 ejus
1517 3817 1583 3869 ".
1621 3835 1639 3866 ι
1692 3813 1830 3866 Audi
1874 3812 2048 3864 adhuc
2082 3827 2095 3863 :
2141 3826 2161 3858 ι
2208 3808 2323 3860 lmo

753 3923 912 3983 fides,
957 3932 1077 3986 qua:
1106 3930 1200 3985 per
1239 3926 1362 3967 eum
1406 3918 1510 3974 est,
1553 3908 1816 3976 integram
1860 3904 1988 3957 huic
2035 3901 2322 3956 sanitatem

753 4009 945 4067 tribuit
967 4006 1031 4060 ".
1079 4023 1096 4055 ι
1135 3998 1459 4056 Miraculum
1502 3995 1713 4052 scilicet
1748 3999 2082 4062 patraturus,
2129 4002 2160 4042 a
2197 3986 2325 4042 .lesn

754 4099 957 4156 Christi
1011 4095 1236 4151 nomine
1285 4104 1511 4146 causam
1572 4087 1690 4155 ejus
1743 4082 2024 4138 medicina:
2096 4079 2324 4149 repetit;

757 4192 952 4247 deinde
982 4201 1178 4242 nomen
1205 4183 1272 4237 ad
1297 4181 1456 4235 ﬁdem
1481 4175 1759 4239 transfert,
1785 4173 1927 4243 quod
1949 4183 2030 4226 est
2053 4169 2328 4240 religionis

759 4282 1099 4352 mysterium.
1137 4275 1276 4328 Tum
1328 4285 1521 4324 rursus
1553 4282 1750 4321 nomen
1801 4265 1932 4319 dicit
1981 4277 2079 4332 pro
2115 4262 2218 4315 fide
2272 4261 2327 4314 in

759 4373 965 4434 Jesum,
996 4367 1153 4438 quasi
1184 4371 1411 4425 metuat,
1459 4376 1526 4414 ne
1566 4359 1703 4412 forte
1746 4355 2022 4410 auditores
2051 4351 2208 4407 obliti
2238 4366 2329 4405 es-

760 4474 901 4522 sent.
937 4475 1131 4516 nomen
1160 4457 1228 4510 ab
1256 4469 1314 4509 se
1341 4452 1461 4506 lidei
1491 4450 1610 4503 loco
1640 4449 1805 4501 fuisse
1834 4452 2176 4513 usurpatum.
2208 4441 2331 4494 Mox

2438 3361 2714 3414 Ἐδίδασκε
2749 3360 2804 3412 δέ
2836 3361 2917 3413 ὅτι
2947 3360 3041 3411 καὶ
3067 3358 3126 3410 τὸ
3151 3356 3322 3425 ὄνομα
3338 3352 3431 3405 νῦν
3458 3348 3606 3418 αὐτῷ
3632 3347 3729 3416 τῆς
3761 3342 4010 3404 πίστεως

2425 3455 2524 3522 τὴν
2547 3451 3020 3521 συγκεφαλαίωσιν
3055 3451 3149 3502 καὶ⁷
3176 3449 3276 3518 τὴν
3304 3443 3595 3514 ὁμολογίαν
3635 3435 4005 3504 ἀπαγγέλλει.

2430 3547 2572 3616 Ὅρα
2587 3547 2695 3616 γάρ
2719 3540 2809 3598 οἷά
2823 3557 3006 3613 φησιν·
3033 3559 3052 3594 ι
3077 3541 3133 3592 '0
3155 3539 3284 3600 Θεὸς
3309 3535 3560 3605 Ἀὁραὰμ
3579 3528 3873 3584 καὶΊσαάκ
3894 3525 4014 3578 ἐδό-

2431 3637 2557 3702 ξασε
2581 3637 2672 3689 τὸν
2688 3635 2852 3688 παῖδα
2875 3631 3042 3687 αὑτοῦ
3075 3632 3153 3701 ’1η
3165 3629 3314 3683 σοῦν⁶
3346 3647 3364 3678 ι
3394 3625 3505 3679 Καὶ
3527 3620 3911 3692 ἐπιδηλότερον
3941 3617 4008 3668 τὸ

2432 3729 2678 3799 βούλημα
2709 3725 2899 3792 ποιῶν,
2923 3723 3160 3792 ἐπάγει·
3204 3739 3224 3772 ε
3261 3720 3357 3774 καὶ
3411 3718 3505 3771 ἐπὶ
3557 3718 3624 3786 τῇ
3668 3714 3852 3766 πίστει
3913 3707 4016 3762 τοῦ

2430 3821 2690 3891 ὀνόματος
2720 3818 2909 3885 αὑτοῦ,
2945 3817 3138 3871 τοῦτον
3159 3816 3217 3868 δν
3239 3813 3495 3884 θεωρεῖτε
3519 3809 3616 3861 καὶ
3646 3807 3823 3860 οίδατε
3852 3804 4017 3855 ἐστε-

2434 3912 2603 3983 ρέωσε
2647 3912 2708 3964 τὸ
2746 3911 2917 3981 δνομα
2959 3906 3146 3962 αὐτοῦ.
3184 3925 3202 3959 ι
3253 3905 3532 3974 Πρόσχεςο
3571 3919 3590 3951 ι
3641 3897 3802 3952 Ἀλλά
3843 3896 3948 3948 καὶ
3983 3895 4018 3963 ἡ

2433 4003 2661 4073 πίστιςὴ
2677 4003 2742 4055 δι’
2774 4000 2939 4055 αὐτοῦ
2965 4039 2980 4064 ,
3008 3999 3208 4052 ἔδωκεν
3237 3994 3384 4063 αὐτῷ
3404 3995 3502 4060 τὴν
3532 3987 3861 4058 ὁλοκληρίαν
3882 3985 4020 4039 ταῦ·

2432 4108 2552 4162 την.
2585 4111 2603 4144 ι
2632 4092 2960 4161 ’Δρχόμενος
2996 4086 3092 4141 τοῦ
3141 4085 3415 4156 θαύματος
3466 4083 3526 4134 τὸ
3571 4080 3740 4148 ὄνομα
3767 4075 3867 4129 τοῦ
3910 4076 4022 4146 ’ῐηο

2437 4183 2531 4238 σοῦ
2555 4185 2793 4254 Χριστοῦ
2825 4181 3148 4252 αὐτουργεῖν
3174 4180 3274 4248 τὴν
3301 4177 3444 4228 ίασιν
3470 4170 3836 4241 άνακηρύττει
3861 4186 3877 4199 ·
3899 4162 4022 4220 εἶτα

2440 4272 2848 4348 μεταλαμϐάνει
2885 4272 2945 4325 τὸ
2966 4271 3138 4340 δνομα
3163 4268 3299 4338 πρὸς
3325 4266 3424 4336 τὴν
3472 4265 3678 4326 πίστιν,
3715 4262 3855 4330 ὅπερ
3899 4259 4024 4311 ἐστὶ

2434 4371 2497 4423 τὸ
2534 4368 2832 4440 μυστήριον
2854 4365 2956 4434 τῆς
2981 4362 3285 4424 εὐσεϐείας.
3318 4357 3474 4414 Μετὰ
3496 4355 3656 4410 τοῦτο
3693 4353 3856 4408 πάλιν
3897 4353 4022 4405 δνο-

2442 4478 2517 4531 μα
2547 4459 2645 4528 τὴν
2672 4459 2751 4520 είς
2781 4455 2945 4509 αὑτὸν
2975 4453 3133 4508 καλεῖ
3154 4453 3358 4515 πίστιν,
3382 4449 3572 4517 ῶσπερ
3603 4445 3790 4506 δεδιὼς
3813 4444 3894 4514 μὴ
3926 4443 4026 4512 λή-

762 4556 938 4627 pergit
965 4553 1147 4608 dicere
1176 4565 1188 4600 :
1229 4565 1248 4598 ι
1302 4545 1368 4599 Et
1397 4543 1529 4596 fides
1560 4555 1654 4609 per
1695 4541 1870 4608 ipsum
1909 4536 1975 4598 δ’,
2015 4555 2032 4586 ι
2070 4535 2122 4588 id
2149 4545 2231 4589 est
2265 4533 2311 4586 al

2441 4548 2539 4617 θην
2573 4546 2810 4602 λάϐωσιν
2845 4547 2894 4597 ot
2944 4542 3215 4614 ἀκροαταὶ
3259 4541 3340 4593 ὅτι
3386 4538 3449 4592 τὸ
3481 4536 3654 4606 ὄνομα
3701 4532 3854 4601 αὑτῷ
3900 4532 4027 4584 ἀντὶ

761 4625 829 4703 eo
852 4645 1166 4717 praedicata.
1199 4636 1381 4692 Viden‘
1409 4645 1467 4689 ut
1501 4647 1697 4687 nomen
1731 4645 1875 4684 nune
1896 4626 2053 4682 fidem
2087 4626 2146 4680 in
2179 4625 2335 4680 Chri-

764 4747 907 4793 stum
949 4732 1210 4804 significet
1234 4729 1258 4783 Ἰ
1280 4727 1409 4782 fides
1436 4736 1638 4784 autem,
1682 4720 2023 4790 prmdicatam
2054 4719 2122 4771 ab
2153 4732 2218 4771 eo
2249 4730 2336 4770 re-

765 4825 1066 4900 ligionem?
1108 4838 1230 4893 quae
1279 4818 1498 4888 quidem
1566 4813 1878 4884 praedicatio
1925 4811 2083 4866 bases
2131 4809 2338 4863 claudi-

768 4921 944 4977 cantis
991 4917 1209 4973 solidat.
1269 4913 1451 4978 Quare
1501 4907 1714 4962 etiamsi
1762 4903 1905 4958 aliud
1963 4900 2335 4956 testimonium

769 5020 1007 5070 exstaret
1039 5010 1270 5070 nullum,
1300 5003 1383 5058 vel
1411 5003 1514 5055 hoc
1545 5017 1573 5054 a
1616 4998 1858 5068 principe
1888 4995 2156 5065 prolatum
2188 4991 2336 5047 suill-

770 5113 936 5167 ceret,
969 5102 1147 5172 palam
1184 5105 1243 5152 ut
1286 5095 1437 5150 fieret
1478 5091 1737 5161 quidnam
1785 5103 1954 5141 sacrze
2013 5086 2230 5139 Littera:
2265 5083 2344 5136 in-

771 5203 958 5255 nuant,
987 5207 1110 5245 cum
1140 5191 1293 5242 aiunt
1327 5184 1632 5254 proselytos
1663 5181 1716 5233 in
1746 5177 1874 5232 Jesu
1908 5176 2106 5230 Christi
2129 5173 2347 5229 nomine

773 5286 1005 5353 aliisque
1057 5276 1365 5348 hujusmodi
1424 5272 1675 5328 formulis
1728 5267 2012 5337 baptizari.
2076 5265 2168 5319 Sic
2215 5277 2347 5333 ergo

774 5377 971 5429 Petrus
998 5371 1178 5425 aiebat
1207 5383 1332 5422 eum
1367 5364 1607 5417 divinam
1652 5358 1944 5413 efﬁcaciam
1980 5364 2348 5418 monstraret;

774 5468 1006 5522 dilectus
1041 5471 1222 5516 autem
1257 5460 1395 5512 inter
1427 5451 1725 5522 discipulos
1743 5451 1823 5504 sic
1855 5449 1978 5503 item
2003 5446 2348 5510 decernebat;

775 5555 952 5610 Lucas
981 5549 1389 5610 subscribebat;
1435 5544 1637 5598 Paulus
1662 5539 1924 5602 docebat;
1955 5537 2157 5606 quibus
2187 5534 2338 5604 paria

776 5646 1109 5714 reliquorum
1140 5638 1514 5712 apostolorum
1554 5642 1727 5689 cretus
1766 5629 2133 5703 praedicabat;
2170 5641 2344 5696 neque

845 5845 893 5877 δ’
926 5843 1092 5902 lCor.
1129 5861 1236 5910 τιν,
1268 5846 1316 5899 l.
1387 5844 1432 5874 “
1459 5843 1578 5896 Act.
1618 5837 1752 5903 “1,2
1782 5851 1932 5906 seqq.

2440 4640 2540 4709 τῆς
2568 4643 2804 4701 πίστεως
2847 4635 3193 4708 παρελήφθη.
3236 4631 3367 4686 Εἶτα
3396 4629 3624 4695 ἐπάγει·
3660 4646 3678 4679 ι
3717 4625 3827 4679 Καὶ
3853 4625 3892 4695 ὴ
3933 4626 4026 4676 πί-

2444 4748 2560 4794 στις
2590 4732 2622 4800 ή
2655 4730 2721 4783 δι’
2751 4727 2941 4791 αὑτοῦ,
2981 4744 3000 4777 ι
3035 4725 3365 4792 τουτέστινή
3405 4719 3740 4791 κηρυχθείσα
3768 4716 3904 4787 παρ’
3932 4717 4029 4769 αὺ-

2442 4821 2558 4874 τοῦ.
2606 4820 2769 4892 Ὁρᾷς
2803 4820 2950 4876 ὅπως
2978 4816 3039 4869 τὺ
3091 4817 3188 4887 μὲν
3215 4816 3386 4884 δνομα
3425 4812 3522 4881 τὴν
3567 4811 3752 4862 πίστιν
3792 4807 3892 4861 νῦν
3921 4807 4027 4878 τὴν

2445 4913 2526 4974 εἰς
2581 4910 2741 4964 αὑτὸν
2796 4908 3127 4977 ἀπαγγέλλει
3158 4925 3172 4971 ;
3209 4907 3242 4975 ἡ
3266 4904 3322 4957 δὲ
3377 4902 3560 4965 πίστις
3595 4901 3693 4971 τὴν
3725 4899 3818 4951 ὑπ’
3848 4897 4025 4952 αὐτοῦ

2449 5002 2818 5074 κηρυχθεϊσαν
2850 5001 3162 5053 θεοσέσειαν
3189 5015 3204 5062 ;
3228 4998 3288 5051 τὸ
3318 4997 3373 5050 δὲ
3397 4998 3661 5069 κήρυγμα
3698 4993 3795 5047 τοῦ
3841 4993 4027 5064 χωλοῦ

2444 5096 2542 5156 τὰς
2571 5093 2756 5162 βάσεις
2792 5093 3004 5160 στερεοῐ
3030 5107 3045 5156 ;
3080 5090 3246 5142 Ὠστε
3273 5090 3321 5140 εί
3359 5089 3432 5157 μή
3455 5103 3537 5148 τις
3563 5084 3696 5155 ἄλλη
3721 5084 3830 5137 τῶν
3871 5101 4025 5153 μαρ-

2443 5185 2644 5256 τυριῶν
2676 5185 2905 5254 προσῆν,
2946 5184 3180 5253 ἢρκεσεν
3230 5181 3294 5234 ἂν
3327 5184 3359 5250 ἡ
3395 5179 3491 5233 τοῦ
3537 5177 3835 5249 κορυφαίου
3885 5176 4029 5245 μόνη

2447 5277 2898 5350 προκομιζομένη
2922 5274 3190 5346 λαμπρῶς
3216 5270 3567 5343 παραστῆναι
3595 5270 3646 5322 τί
3671 5268 3932 5338 σημαίνει
3960 5269 4032 5320 τά

2449 5370 2572 5441 ίερά
2598 5369 2769 5437 Λόγια
2802 5370 2860 5421 ἐν
2890 5367 2967 5438 τῷ
2996 5366 3175 5435 λέγειν
3218 5363 3576 5434 βαπτίζεσθαι
3614 5363 3741 5425 τοὺς
3771 5362 4035 5430 προσιόν-

2449 5480 2547 5526 τας
2580 5464 2636 5515 ἐν
2681 5462 2759 5532 τῷ
2804 5461 3030 5530 ὀνόματι
3072 5456 3246 5528 Ἰησοῦ
3289 5455 3550 5528 Χριστοῦ,
3587 5453 3682 5507 καὶ
3722 5454 3791 5505 τὰ
3835 5453 4032 5522 ὅμοια.

2452 5554 2638 5607 Ἰαῦτα
2669 5553 2767 5623 μὲν
2800 5554 3002 5623 Πέτρος
3021 5553 3121 5622 τὴν
3142 5549 3429 5620 θεουργίαν
3451 5547 3764 5618 ἐμφανίζων
3792 5545 3991 5612 ἔλεγεν
4018 5562 4032 5576 ⁶

2449 5650 2476 5700 ὁ
2505 5647 2558 5699 δὲ
2587 5646 2697 5699 τῶν
2733 5645 2989 5716 μαθητῶν
3030 5642 3386 5714 ἠγαπημένος
3409 5630 3853 5709 συνεδογμάτιζε,
3890 5638 4008 5690 Λου

2011 5833 2058 5865 ’⁵⁸
2088 5831 2220 5889 ibid.
2254 5830 2339 5886 15.
2416 5830 2458 5862 ⁸⁷
2493 5829 2623 5887 ibid.
2660 5831 2746 5887 16.
2820 5827 2869 5861 ⁵⁸
2912 5827 3043 5883 ibid.
3115 5826 3160 5859 δ’
3185 5825 3314 5882 ibid.
