4202 6442
1055 353 1153 415 Αἰ)
1181 349 1776 414 AMPHILOCHIUM
1797 344 2146 422 QUESTIO
2170 345 2390 407 XLIII.

186 470 273 531 κάς
296 467 603 537 συνέγραφε,
638 466 848 530 Παῦλος
875 466 1154 521 ἐδίδασκεν
1176 483 1190 498 ο
1225 463 1307 527 οἷς
1339 464 1437 520 καὶ
1460 464 1570 518 τῶν
1596 464 1707 517 λοι-

1812 462 1957 519 enim
1995 458 2268 529 suspicari
2303 458 2449 520 licet,
2480 454 2775 513 mortiferis
2811 458 2958 525 ipsos
2996 459 3153 513 noxis
3190 473 3251 514 se
3275 460 3379 515 ob-

182 559 284 612 πῶν
322 558 616 612 ἀποστόλων
651 559 681 612 ό
732 557 893 629 χορὸς
930 557 1011 628 (ού
1064 557 1175 628 7&9
1222 551 1291 628 ἦν
1315 555 1565 625 οὐδαμῶς
1595 553 1705 608 οὐδ’

1812 552 2078 621 stringere
2103 548 2316 605 solitos.
2356 544 2580 601 Constat
2608 544 2771 615 igitur
2799 544 3003 601 Christi
3048 561 3245 601 nomen
3281 561 3382 616 pro

181 648 263 702 ιπι
284 649 389 702 νοῦν
426 648 611 703 λαϐεῖν
648 649 843 713 αὐτοὺς
885 649 1016 720 περὶ
1064 648 1135 702 τά
1186 648 1378 716 καίρια
1420 645 1705 718 φέρεσθαι)

1814 641 1920 697 fide
1958 641 2012 695 in
2041 638 2320 694 Christum
2348 636 2453 691 dici
2492 654 2503 688 :
2535 635 2667 691 fides
2696 650 2827 691 vero
2860 636 2914 689 in
2938 635 3220 691 Christum
3246 636 3383 690 nihil

180 740 617 806 συνανεκήρυττεν.
667 736 855 801 Οὕτως
902 738 1073 809 δνομα
1117 736 1353 808 Χριστοῦ
1394 737 1428 807 ή
1456 736 1637 798 πίστις
1671 736 1706 804 ἡ

1814 742 1898 787 est
1946 732 2051 787 nisi
2096 730 2296 786 tradita
2354 728 2752 798 spectatoribus
2800 726 2953 782 verbi
2997 737 3161 796 atque
3210 726 3383 781 adrni-

178 831 247 890 είς
288 829 540 899 Χριστόν·
591 829 776 892 πίστις
823 829 881 883 δὲ
921 830 1003 892 είς
1034 828 1270 899 Χριστὸν
1320 829 1356 897 η
1411 826 1483 880 δι’
1541 824 1707 879 αὐτοῦ

1816 823 2006 879 nistris
2045 835 2202 877 sacra
2238 820 2487 875 doctrina
2524 827 2580 873 et
2607 818 3002 874 incarnationis
3035 821 3378 890 mysterium,

178 921 553 991 παραδιδομένη
592 922 705 982 τοῖς
759 919 1055 982 αὐτόπταις
1092 919 1187 972 τοῦ
1250 918 1410 986 λόγου
1459 918 1553 969 καὶ
1597 915 1895 985 ὑπηρέταις
1950 912 2216 980 θεολογία,
2274 911 2370 965 καὶ
2427 910 2528 979 τῆς
2575 909 2888 979 οἰκονομίας
2936 910 3001 963 τὸ
3056 913 3379 982 μυστήριονο

238 1054 311 1119 ιζ’.
348 1054 410 1106 Σί.
434 1054 490 1106 bl
519 1055 570 1106 εί
601 1070 685 1115 τις
712 1052 852 1123 ιρως
872 1050 1074 1123 ἐπῆλθε
1096 1052 1233 1123 πρὸς
1259 1052 1359 1124 τὴν
1378 1052 1550 1121 αὐτὴν
1576 1050 1707 1103 ύπό-

1880 1048 1967 1103 l7.
2007 1047 2126 1102 Jam
2159 1062 2288 1103 vero
2313 1048 2358 1102 si
2389 1062 2497 1118 qua
2527 1055 2580 1102 te
2626 1047 2899 1115 cupiditas
2934 1056 3083 1102 tenet
3114 1049 3167 1101 in
3193 1050 3383 1103 eodem

174 1146 305 1198 θεσιν
332 1146 571 1214 εὐπορεῖν
605 1142 865 1197 πλειόνων
891 1142 1361 1213 ἐπιχειρημάτων,
1413 1139 1706 1195 κάντεῦθεν

1812 1142 2087 1211 proposito
2115 1141 2451 1210 argumentis
2481 1139 2731 1210 pluribus
2758 1140 3092 1205 abundaudi,
3128 1141 3215 1196 hic
3246 1156 3385 1211 quo-

172 1238 260 1303 τῆς
281 1236 571 1304 προθέσεως
608 1234 708 1287 οὐκ
750 1232 1046 1303 ἀποτεύξῃ.
1090 1231 1315 1302 Πρῶτον
1347 1232 1444 1301 μὶν
1470 1231 1580 1300 7&9
1609 1230 1708 1298 τῆς

1812 1246 1916 1300 que
1948 1246 2171 1299 scopum
2212 1240 2364 1286 tuum
2400 1230 2731 1300 assequeris.
2770 1228 2906 1284 Nam
2958 1232 3134 1300 primo
3162 1231 3384 1286 dubita-

170 1326 255 1377 ἀπ’
279 1326 435 1395 ἀρχῆς
465 1324 696 1393 ἀπορίας
738 1324 1077 1391 εύλογωτὲρα
1110 1322 1263 1384 λύσις
1294 1323 1395 1375 οὐκ
1417 1320 1484 1375 ἀν
1516 1322 1601 1391 είη
1625 1337 1710 1383 τις

1812 1320 1975 1373 tionis
1999 1320 2139 1389 ejus,
2168 1335 2330 1390 quam
2356 1319 2513 1373 initio
2533 1319 2875 1387 scripsimus,
2907 1321 3053 1375 nulla
3084 1330 3166 1375 est
3190 1332 3387 1390 prwter

170 1416 313 1485 ἑτέρα
343 1415 485 1483 παρά
506 1415 608 1482 τὴν
639 1414 942 1484 είρημένην
977 1403 1186 1480 σαφῶς,
1211 1412 1583 1482 έμφανίζουσα
1612 1411 1711 1481 τὴν

1812 1411 2120 1481 praedictam
2181 1412 2513 1481 probabilior
2590 1411 2834 1474 solutio,
2897 1427 3019 1481 quae
3098 1411 3388 1466 manifeste

168 1506 254 1557 τοῦ
293 1504 602 1573 ζητήματος
653 1504 877 1571 γνῶσιν.
914 1502 1177 1571 Δεύτερον
1216 1503 1273 1556 δδ
1320 1503 1417 1555 καὶ
1455 1504 1523 1572 ἦν
1566 1518 1709 1564 τινες

1813 1502 2131 1571 quaestionis
2175 1503 2610 1571 explanationem
2672 1504 2853 1557 tradit.
2911 1502 3115 1558 Deinde
3152 1520 3275 1573 qua:
3316 1505 3387 1557 ab

166 1571 445 1663 laevoque
467 1593 642 1658 λύσιν,
670 1594 731 1647 τὸ
756 1593 1148 1663 ἀνεπιτίμητον
1173 1594 1275 1646 οὐκ
1294 1592 1419 1662 ισχε
1442 1608 1460 1621 ⁸
1482 1571 1573 1646 καὶ
1600 1592 1707 1661 γὰρ

1813 1591 1935 1645 aliis
1962 1591 2281 1660 jescogitata
2315 1590 2421 1645 fuit
2459 1591 2685 1655 solutio,
2739 1607 2848 1646 non
2893 1602 3043 1647 caret
3091 1571 3353 1662 reprehen

164 1687 255 1755 ἢδη
287 1688 377 1755 μὲν
403 1688 502 1740 οὐκ
525 1687 713 1753 ὀλίγας
744 1686 910 1739 ἔδωκε
935 1686 1136 1749 λαϐάς·
1166 1686 1285 1756 δοίη
1314 1686 1361 1738 δ’
1382 1686 1447 1740 ἀν
1478 1702 1562 1737 σοι
1586 1684 1711 1754 βου-

164 1776 357 1847 λομένῳ
386 1779 476 1830 καὶ
507 1777 748 1842 πλείους.
788 1778 850 1830 Εί
893 1778 1004 1847 7&9
1051 1776 1383 1846 προσίστατο
1424 1779 1537 1839 τοῖς
1589 1775 1710 1828 κατ’

161 1868 324 1937 ἀρχάς
344 1868 620 1938 προσιοῦσι
652 1871 748 1921 καὶ
781 1868 944 1938 μόνον
986 1867 1395 1937 προφερόμενον
1427 1867 1491 1919 τὸ
1537 1866 1711 1935 ὄνομα

158 1958 245 2013 τοῦ
261 1960 507 2030 Χριστοῦ,
529 1960 644 2023 πῶς
666 1956 734 2031 ἦν
754 1960 863 2012 τῶν
885 1959 1323 2027 κατεπειγόντων
1353 1957 1711 2027 βαπτίζοντας

158 2051 280 2103 αύτδ
311 2050 695 2121 προκομίζειν;
726 2051 861 2103 Οὐδὲ
886 2050 997 2119 γὰρ
1020 2049 1317 2119 θεραπείαν
1346 2047 1472 2100 τινά
1494 2046 1589 2100 τοῦ
1620 2048 1712 2100 θο-

158 2141 433 2212 ρυδοῦντος
451 2144 710 2210 παρεῖχεν
726 2141 792 2195 ἂν
803 2141 865 2193 τὺ
876 2158 951 2193 πα
959 2140 1233 2211 ραλυποῦν
1256 2141 1673 2211 προτεινόμενον
1693 2153 1707 2168 ⁸

156 2231 266 2284 ἀλλ’
296 2232 385 2283 ἐπὶ
419 2231 580 2284 πλέον
618 2231 976 2300 ἐξετράχυνεν
1029 2230 1096 2283 ἂν
1136 2232 1231 2283 καὶ
1279 2230 1713 2301 ἀνεφλέγμαινεν

154 2324 280 2375 αὐτὸ
304 2322 401 2392 τὴν
432 2322 678 2394 γνώμην.
709 2322 1019 2392 Σιγώμενον
1066 2322 1175 2391 7&9
1219 2321 1421 2392 μᾶλλον
1450 2320 1511 2374 τὸ
1557 2322 1713 2374 ἀνια-

154 2418 265 2487 ρὸν,
295 2419 329 2489 ἢ
359 2418 746 2487 φθεγγόμενον,
789 2418 917 2479 τοὺς
954 2416 1408 2487 δυσχεραίνοντας
1440 2415 1572 2468 αὐτὸ
1595 2414 1713 2467 δια-

154 2508 405 2577 πραΰνει.
438 2507 548 2560 Καὶ
577 2506 639 2559 τὸ
668 2505 750 2559 ἔτι
800 2506 1001 2577 μᾶλλον
1039 2506 1345 2572 ἀναφλέγον
1386 2504 1468 2566 είς
1518 2502 1712 2573 ὀργὴν,

154 2599 424 2667 σιωπῆσαι
452 2599 551 2667 μὲν
576 2598 667 2650 καὶ
695 2596 966 2666 ὑπεριδεῖν
991 2595 1027 2648 ἀ
1048 2598 1161 2657 τοῖς
1183 2594 1399 2656 πολλοῖς
1424 2592 1533 2645 τῶν
1575 2591 1710 2645 Ἰου-

148 2690 312 2742 δαίων
346 2689 691 2761 ἐγνωρίζετο,
722 2686 940 2758 Πατέρα
978 2687 1120 2754 λέγω
1160 2686 1257 2740 καὶ
1314 2685 1560 2755 Πνεῦμα,
1584 2685 1713 2738 ἀντ·-

154 2781 469 2847 επεισάγειν
493 2780 551 2832 δὲ
577 2780 675 2849 τὴν
702 2779 896 2847 κλῆσιν
916 2779 1011 2832 τοῦ
1030 2778 1182 2842 Υίοῦ,
1215 2773 1297 2840 οἷς
1327 2777 1448 2830 οὐδὲ
1476 2776 1575 2846 τὴν
1601 2793 1712 2845 φω-

1811 1680 1986 1747 sione,
2018 1695 2191 1750 eaque
2219 1695 2329 1735 non
2361 1696 2563 1751 paucas
2604 1696 2794 1751 reapse
2828 1682 3174 1752 vituperandi
3222 1698 3387 1738 ansas

1810 1770 1986 1831 dedit:
2012 1780 2067 1826 et
2098 1770 2317 1840 quidem
2342 1773 2438 1826 tibi
2472 1772 2670 1827 volenti
2702 1774 2885 1842 plures
2919 1774 3201 1844 prazbebit.
3249 1773 3386 1829 Nam

1810 1861 1857 1917 si
1886 1861 2191 1917 oﬂendebat
2218 1864 2425 1933 primos
2467 1863 2585 1918 illos
2617 1865 2925 1934 proselytos
2972 1867 3054 1921 vel
3090 1882 3188 1921 ore
3232 1878 3391 1922 tenus

1812 1954 2079 2024 prolatum
2107 1952 2309 2009 Christi
2339 1971 2556 2019 nomen,
2582 1972 2679 2009 cur
2695 1957 2810 2024 jam
2842 1971 3063 2014 necesse
3093 1972 3216 2013 erat
3244 1959 3388 2013 inter

1810 2044 2197 2115 baptizandum
2244 2045 2297 2099 id
2362 2048 2667 2116 oggerere?
2716 2047 2877 2101 Certe
2942 2049 3072 2103 illud
3125 2050 3390 2104 medelam

1812 2136 2237 2205 perturbationis
2279 2138 2485 2192 nullam
2544 2137 2779 2205 fecisset,
2807 2140 2953 2209 quod
3002 2156 3108 2195 non
3155 2143 3273 2197 sine
3309 2144 3391 2197 iu-

1812 2236 1965 2297 grato
2007 2244 2168 2284 sensu
2203 2230 2443 2285 exhiberi
2496 2240 2757 2299 poterat:
2813 2234 2945 2302 quin
2993 2235 3129 2289 adeo
3176 2246 3389 2291 mentes

1812 2317 2147 2374 efferavisset
2179 2320 2357 2389 potius
2406 2330 2571 2390 atque
2605 2321 2957 2376 incendisset.
3005 2323 3140 2378 Nam
3190 2324 3236 2379 si
3276 2342 3390 2380 mo-

1814 2410 1947 2465 lesta
1975 2425 2061 2465 res
2093 2423 2197 2472 est,
2229 2410 2437 2465 silendo
2468 2412 2643 2480 magis
2690 2428 2853 2481 quam
2888 2413 3253 2481 praedicando,
3294 2432 3390 2473 eos

1813 2503 1907 2571 qui
1941 2502 2231 2558 abhorrent
2260 2504 2507 2574 mitigare
2556 2506 2814 2562 solemus.
2866 2506 3003 2562 Tum
3056 2510 3133 2564 ira
3166 2512 3388 2587 gravius

1815 2602 2083 2647 commota
2132 2594 2343 2658 fuisset,
2401 2596 2446 2651 si
2498 2596 2533 2649 ii
2590 2597 2809 2653 silentio
2855 2602 3026 2668 pressi
3065 2599 3296 2656 fuissent
3322 2619 3389 2659 ac

1814 2685 2066 2753 neglecti,
2105 2686 2194 2754 qui
2233 2687 2421 2741 multis
2468 2687 2672 2742 iudicis
2722 2692 2984 2759 comperti
3027 2702 3201 2758 erant,
3231 2694 3390 2750 Pater

1816 2774 2072 2828 nimirum
2100 2787 2154 2829 et
2174 2775 2409 2845 Spiritus
2436 2792 2448 2841 ;
2476 2778 2698 2832 obtrusa
2727 2787 2909 2834 autem
2940 2779 3060 2835 Filii
3092 2783 3384 2849 invocatio.

146 2870 243 2939 νὴν
274 2870 478 2923 ἄλυπον
502 2866 573 2941 ἦν
608 2873 725 2933 ταῖς
769 2872 963 2933 ἀκοαῖς
1002 2868 1405 2940 παραδέχεσθαι
1434 2868 1547 2938 (ἀΰ)
1574 2885 1589 2900 ο
1620 2867 1714 2919 καὶ

1816 2866 1972 2935 cujus
1998 2882 2065 2921 ne
2094 2883 2290 2923 nomen
2322 2869 2542 2939 quidem
2573 2872 2691 2925 sine
2722 2873 2969 2929 molestia
2996 2876 3183 2930 auditu
3209 2878 3387 2947 excipi

144 2964 254 3032 7&9
286 2962 484 3031 μᾶλλον
501 2962 568 3014 ἀν
591 2961 987 3030 προαγόμενον,
1008 2959 1151 3012 οῦτω
1171 2958 1519 3030 προσίστατο.
1559 2956 1713 3010 Μετά

1815 2973 2076 3033 poterat:
2127 2966 2269 3033 quod
2331 2981 2463 3021 sane
2528 2968 2599 3022 ita
2675 2970 2945 3036 prolatum
3016 2972 3389 3029 vehementius

144 3054 249 3121 μὲν
278 3053 388 3122 γὰρ
421 3052 527 3104 τῶν
565 3052 897 3121 τιμωμένων
927 3049 1385 3119 συνταττομένου,
1419 3047 1555 3119 πρὸς
1583 3049 1714 3100 ἑκα-

140 3143 312 3212 τέραν
344 3143 537 3211 μοῖραν
560 3141 660 3210 τήν
686 3157 744 3193 τε
780 3138 1207 3210 παραλυποῦσαν
1240 3140 1332 3192 καὶ
1359 3137 1459 3207 τὴν
1491 3136 1717 3207 εὐφραί-

139 3248 346 3285 νουσαν
372 3233 401 3283 ό
428 3229 705 3299 ἀκροατὴς
732 3229 1018 3299 ιμερίζετο
1040 3245 1056 3261 ο
1091 3230 1185 3282 καὶ
1216 3228 1353 3299 πρὸς
1379 3228 1506 3298 μίαν
1529 3242 1715 3279 καινο-

136 3319 343 3389 τομίαν
396 3318 496 3387 τῆς
553 3318 870 3388 προσθήκης
905 3325 931 3353 ο
959 3319 1309 3388 ἐταράσσετο.
1342 3317 1465 3371 Τῶν
1494 3317 1553 3371 δε
1573 3334 1717 3385 γνω-

139 3410 326 3479 ρίμων
352 3408 450 3461 καὶ
471 3408 800 3479 τιμωμένων
830 3410 956 3479 σιγῇ
981 3409 1522 3480 παραπεμπομένων,
1554 3408 1715 3478 μόνου

133 3502 194 3555 δὲ
222 3498 330 3554 τοῦ
356 3501 689 3570 πλήττοντος
728 3500 844 3553 ἀντ’
874 3499 1098 3553 ἀκείνων
1135 3500 1569 3570 κηρυσσομένου,
1598 3499 1717 3560 πῶς

130 3594 237 3646 οὐκ
265 3588 341 3662 ἦν
374 3590 740 3659 εὐλογώτερον
784 3589 1071 3660 ἀποπηδᾷν
1116 3589 1334 3654 αὐτίκα,
1383 3589 1477 3642 καὶ
1503 3589 1572 3642 τά
1602 3582 1716 3641 ὣτα

130 3685 432 3755 φράττειν,
465 3682 677 3747 διπλαῖς
703 3681 902 3750 μᾶλλον
922 3681 980 3735 δι
1002 3680 1333 3744 πολλαπλαῖς
1352 3679 1718 3751 βαλλομένους

126 3778 254 3837 ταῖς
287 3774 687 3844 καινοτομίαις,
720 3776 814 3827 καὶ
837 3774 900 3826 rb
931 3772 1085 3842 βέλος
1121 3772 1221 3842 τῆς
1256 3772 1414 3835 ἀνίας
1466 3772 1719 3841 πικρότε-

127 3882 231 3937 ρον
258 3866 363 3919 καὶ
391 3862 721 3934 δριμύτερον
748 3862 1210 3933 ύποδεχομένουςς
1247 3861 1307 3925 ἐξ
1336 3855 1412 3915 ὧν
1439 3861 1639 3931 μᾶλλον
1658 3860 1717 3914 τὸ

124 3955 430 4017 παντελῶς
463 3956 662 4016 αὐτοὺς
690 3953 1141 4025 ικτραχύνεσθαι,
1166 3954 1263 4007 καὶ
1300 3951 1397 4007 τοῦ
1436 3952 1718 4023 προσιέναι

122 4048 274 4111 ὅλως
325 4045 408 4116 τῷ
456 4046 794 4117 κηρύγματι,
841 4046 923 4109 είς
964 4044 1027 4100 sb
1076 4044 1340 4100 ἀδύνατον
1389 4043 1719 4098 κατεσκευά-

120 4138 282 4202 ζετο.

1815 3054 2138 3109 offendebat.
2169 3055 2368 3111 Contra
2408 3060 2454 3112 si
2487 3075 2679 3113 nomen
2712 3060 2815 3115 hoc
2859 3077 2981 3116 cum
3027 3063 3149 3117 aliis
3179 3063 3289 3131 jam
3333 3067 3386 3120 in

1818 3146 2024 3201 honore
2061 3148 2260 3202 habitis
2288 3150 2679 3217 collocabatur,
2710 3152 2963 3207 bifariam
2992 3156 3207 3210 auditor
3242 3159 3389 3211 scin-

1814 3234 2063 3301 debatur,
2110 3238 2307 3305 partim
2369 3240 2576 3294 scilicet
2618 3256 2758 3311 agre
2804 3241 3004 3310 ferens,
3041 3246 3236 3314 partim
3293 3264 3389 3317 ge-

1817 3329 2025 3384 stiens:
2061 3332 2174 3385 sola
2210 3341 2391 3387 autem
2426 3336 2778 3392 adilitamenti
2811 3341 3052 3395 novitate
3095 3345 3391 3399 conturba-

1816 3422 1995 3475 batur.
2047 3422 2115 3477 At
2145 3438 2271 3478 vero
2310 3424 2357 3480 si
2390 3425 2594 3495 cogniti
2639 3427 2751 3496 jam
2797 3439 2851 3484 et
2887 3431 2942 3484 in
2981 3432 3190 3488 honore
3220 3435 3387 3491 habiti

1816 3513 2030 3569 silentio
2055 3518 2630 3585 pmtcrmitterentur;
2673 3536 2817 3574 unus
2850 3533 3056 3588 autem,
3086 3526 3180 3594 qui
3216 3526 3387 3581 offen-

1816 3603 1999 3667 debat,
2022 3605 2403 3674 prardicaretur
2436 3625 2451 3661 :
2478 3608 2665 3677 quidni
2699 3613 3120 3681 exspectandum
3150 3624 3291 3681 erat,
3331 3627 3391 3671 ut

1817 3696 2067 3765 protinus
2090 3694 2259 3751 Judaei
2295 3698 2637 3770 aufugerent,
2669 3717 2830 3758 aures
2861 3706 3233 3771 occluderent,
3268 3724 3390 3774 per-

1818 3786 1953 3840 culsi
1977 3787 2188 3843 scilicet
2211 3788 2412 3858 duplici
2442 3792 2553 3847 imo
2580 3794 2866 3865 multiplici
2889 3799 3146 3863 novitate,
3172 3800 3392 3871 teloque

1817 3878 2051 3934 tristitiae
2073 3880 2324 3937 acerbius
2354 3883 2712 3955 asperiusque
2752 3895 2971 3957 recepto
3003 3904 3017 3940 :
3059 3905 3170 3959 quo
3201 3891 3389 3956 fiebat.

1819 3978 1878 4024 ut
1902 3970 2006 4040 ipsi
2034 3970 2206 4043 magis
2232 3973 2601 4038 irritarentur,
2630 3984 2685 4031 et
2712 3976 2781 4032 ab
2808 3992 3031 4034 accessu
3055 3980 3123 4037 ad
3142 3981 3389 4054 Evange-

1818 4057 1953 4114 lium
1984 4060 2210 4116 omnino
2241 4061 2678 4133 prohiberentur.

200 4233 301 4299 ιη’.
338 4228 460 4283 Οὐκ
486 4226 783 4297 ἠνείχοντο.
825 4228 980 4297 φησι,
1012 4226 1075 4281 τὸ
1109 4224 1379 4281 Ἰουδαίων
1403 4224 1555 4290 Ιθνος
1580 4223 1714 4279 Θεὸν

1888 4227 1974 4284 l8.
2014 4229 2531 4290 Aiuntadversarii:
2562 4232 2679 4290 Non
2707 4234 2913 4293 ferebat
2938 4236 3195 4295 Judaicus
3218 4254 3393 4311 popu-

115 4320 220 4374 τὸν
249 4318 504 4388 Χριστὸν
530 4318 835 4387 όμολογεῖνυ
867 4316 957 4371 διά
979 4316 1139 4372 τοῦτο
1164 4316 1272 4386 ἄρα
1302 4318 1361 4371 ιν
1388 4314 1466 4386 τῷ
1490 4316 1717 4386 ὀνόματι

115 4407 306 4462 αὐτοῦ
323 4407 442 4460 τῶν
458 4405 771 4461 ἀποστόλων
785 4406 814 4458 ὁ
828 4405 984 4476 χορὸς
1009 4403 1286 4469 scema.
1311 4404 1421 4459 Καὶ
1438 4403 1542 4459 ποῦ
1561 4403 1721 4459 τοῦτο

114 4500 297 4567 λόγον
322 4496 447 4567 ιχοι
465 4496 727 4567 πραΰνειν
742 4496 832 4550 διά
849 4495 945 4549 τοῦ
962 4494 1407 4565 φλεγμαίνοντος,
1436 4494 1533 4548 καὶ
1552 4494 1718 4565 θερα-

113 4588 332 4641 πεύειν
360 4586 456 4641 διὰ
485 4586 580 4639 τοῦ
620 4584 971 4656 τραύματος;
1009 4585 1132 4648 Πῶς
1171 4585 1217 4638 δ’
1255 4586 1352 4653 οὐχ
1396 4587 1425 4638 ό
1479 4586 1719 4649 ἐναντίος

112 4681 293 4747 λόγος
345 4679 438 4739 είς
475 4678 539 4730 τὸ
584 4676 947 4748 εὐλογώτερον
988 4678 1055 4732 ἀν
1101 4677 1187 4746 εῖη
1224 4676 1318 4730 καὶ
1356 4678 1719 4747 συνετώτερον

110 4770 603 4840 προτεινόμενοςς
649 4769 767 4822 υύκ
794 4767 1087 4832 έδάπτιζον
1123 4769 1175 4822 οί
1222 4768 1511 4823 ἀπόστολοι
1546 4770 1626 4832 είς
1659 4768 1720 4821 τὺ

106 4860 308 4930 δνομα
362 4856 467 4911 τοῦ
508 4856 745 4929 Χριστοῦ
766 4875 780 4890 ’
824 4858 1034 4929 βαρέως
1070 4857 1177 4929 7&9
1223 4858 1273 4911 οί
1329 4857 1720 4927 μυσταγωγούο

1815 4320 1901 4377 lus
1943 4320 2219 4377 Christum
2248 4323 2418 4378 Deum
2463 4327 2712 4383 conllteri
2747 4348 2761 4382 ι
2810 4339 3211 4401 proptereaque
3256 4348 3393 4403 apo-

1816 4411 2083 4467 stolarum
2125 4422 2301 4469 cretus
2355 4416 2410 4470 in
2443 4418 2665 4472 nomine
2719 4419 2839 4488 ejus
2867 4422 3198 4492 baptizabat.
3225 4426 3391 4494 Atqui

1817 4515 1927 4555 non
1974 4510 2060 4557 est
2110 4502 2309 4558 rationi
2351 4516 2809 4574 consentaneum,
2844 4520 2903 4564 ut
2932 4527 2993 4566 re
3019 4514 3217 4567 acerba
3244 4517 3391 4572 miti-

1816 4603 2029 4657 gemus.
2080 4603 2242 4661 atque
2294 4604 2355 4649 ut
2415 4596 2634 4652 vulnere
2707 4601 3030 4658 medicinam
3102 4604 3391 4663 faciamus.

1818 4680 2019 4745 Quidni
2056 4684 2236 4751 potius
2266 4688 2579 4742 contrarius
2599 4702 2781 4745 sermo
2813 4694 3233 4760 probabiliorem
3263 4713 3391 4767 pru-

1819 4771 2231 4842 dentioremque
2268 4777 2592 4832 sententiam
2648 4780 2922 4849 praebeat?
2985 4781 3103 4837 Non
3147 4783 3391 4855 baptiza-

1823 4858 1954 4913 bant
1986 4864 2219 4925 apostoli
2268 4865 2320 4918 in
2353 4865 2554 4921 Christi
2603 4870 2825 4926 nomine
2852 4889 2867 4937 ;
2903 4886 3045 4942 agre
3074 4873 3219 4928 enim
3250 4874 3397 4931 fere.

1452 5080 1687 5139 γΔιιΙΑΞ
1722 5082 2121 5141 LECTIONES.

188 5236 347 5309 (ιδ’)
379 5236 525 5294 Cod.
552 5237 651 5307 τὴν
679 5235 1012 5307 προσθήκην.

1622 5418 1851 5478 Νοτιε.

184 5570 325 5639 (45)
348 5569 442 5625 De
469 5570 661 5639 notitia
696 5569 817 5627 Filii
842 5570 983 5639 apud
1015 5569 1273 5627 Hebrzos
1302 5571 1587 5629 dicendum
1620 5591 1719 5631 no-

1829 5588 1961 5635 tom.
1985 5578 2194 5642 LXVI).
2237 5580 2449 5638 Videsis
2497 5582 2713 5640 interim
2759 5583 3054 5642 Eusebium
3093 5583 3392 5641 (Σεξστίου.

93 5640 195 5726 li}
208 5642 519 5726 grite-ta
550 5638 820 5726 leeodpri
849 5638 1216 5726 Horatii-ueni
1246 5640 1717 5726 ςρωξξιςηιετίᾳηι
1826 5668 1941 5711 sem
1975 5656 2029 5711 in
2073 5638 2247 5726 Opere
2272 5638 3205 5723 ιιιεοιοκίοοὢιιιηιιξιὶἒὸῐιῖίωζῖξ
3219 5638 3320 5711 πί

94 5709 173 5763 ad
208 5708 573 5766 Zachariam
600 5711 915 5781 prophetam
938 5708 1160 5767 edemus
1195 5709 1342 5779 (vide
1372 5710 1712 5783 Pstrofogitr.
