4202 6442
737 430 838 493 321
1881 409 2145 472 ΡΗΟΤΠ
2183 407 2324 467 ΡΑΤ

2427 404 2688 465 ARCILE
2715 406 2827 465 ΟΡ.
3891 402 3997 468 38

737 547 867 596 bant
935 538 1135 593 initiati
1200 536 1340 588 hanc
1405 530 1842 602 appellationem.
1921 523 2116 580 Nonne
2168 522 2316 576 cnim

2427 537 2573 589 μενοι
2606 521 2699 573 καὶ
2731 520 2868 589 πρὸς
2898 518 3068 586 αὐτὴν
3086 514 3184 588 τὴν
3206 517 3398 586 κλῆσιν
3427 517 3704 586 ἐφέροντο.
3733 509 3858 585 Ἆρ’
3895 516 3999 567 οὐκ

735 639 916 704 fugam
957 631 1138 700 poaius
1168 626 1422 696 baptismi
1473 625 1799 684 suasissent,
1841 620 1890 676 si
1924 619 1998 674 ita
2035 617 2312 686 baptizare

2427 609 2496 704 si;
2531 608 2847 704 ἀποτροπὴν
2897 606 3098 675 μᾶλλον
3150 606 3361 674 ἐπῆγον
3381 605 3479 658 τοῦ
3511 605 3914 676 βαπτίσματος,
3946 606 3997 656 εί

731 721 1116 779 instituissent.
1187 718 1299 771 ritu
1353 715 1615 768 nimirum
1669 706 2308 781 praedicationiproprim

732 811 1094 869 adversante?
1118 812 1185 866 At
1202 812 1373 870 etum,
1403 805 1678 876 inquiunt,
1705 801 2057 872 baptizabant
2074 800 2312 870 apostoli

729 922 830 976 pro
861 921 961 961 suo
990 904 1164 966 lihito,
1197 916 1306 955 non
1341 900 1419 954 uti
1453 898 1719 954 docuerat
1747 893 2011 948 Dominus
2043 909 2058 948 τ
2107 906 2314 962 praeva-

737 1001 948 1066 Initque
982 996 1256 1050 sententia
1284 1006 1503 1053 eorum,
1537 990 1609 1044 ita
1643 997 1704 1043 ut
1727 997 1970 1057 tempore
2001 993 2052 1040 et
2079 999 2310 1040 consue-

731 1091 920 1143 tudine
939 1088 1133 1156 dogma
1179 1084 1420 1154 Magistri
1469 1082 1868 1151 antiquaretur.
1911 1077 2110 1133 Verum
2135 1075 2312 1130 enini-

729 1196 860 1235 vero
911 1180 1036 1249 quis
1071 1178 1292 1232 demum
1345 1183 1499 1229 tanto
1547 1188 1742 1228 rursus
1789 1170 2158 1225 inflammatus
2197 1168 2313 1222 zelo

730 1272 834 1325 fuit
860 1281 1118 1338 tantaque
1144 1269 1195 1322 vi
1222 1266 1505 1338 praeditus,
1540 1275 1597 1320 ut
1635 1261 1948 1318 Servatoris
1976 1267 2310 1330 praeceptum

730 1362 990 1417 oblivioni
1017 1361 1149 1430 iam,
1177 1359 1442 1414 traditum
1475 1353 1846 1413 instauraret?
1882 1350 2190 1407 Mehercule
2217 1363 2313 1403 ne-

732 1456 930 1510 miuem
986 1452 1302 1522 hujusmodi
1365 1465 1542 1520 neque
1571 1463 1720 1503 nunc
1769 1444 2041 1515 appellare
2084 1449 2312 1511 queunt,

733 1562 908 1615 neque
936 1559 1175 1614 unquam
1207 1540 1580 1613 appellabunt.
1611 1535 1746 1604 Quis
1761 1536 1907 1591 enim
1947 1533 2075 1589 huic
2104 1529 2311 1586 homini

733 1637 1118 1698 auscultasset,
1149 1640 1457 1705 postquam
1492 1630 1835 1686 Dominicum
1863 1625 2181 1681 mandatum
2198 1622 2312 1692 jam

732 1729 931 1783 fuisset
955 1725 1258 1782 abolitum?
1287 1723 1451 1793 idque
1480 1722 1617 1776 adeo
1647 1734 1756 1774 non
1787 1733 1818 1772 a
1846 1715 2187 1786 vulgaribus,
2217 1712 2313 1769 sed

735 1819 804 1873 ab
863 1818 930 1873 iis
989 1815 1083 1887 qui
1115 1813 1368 1870 credendi
1403 1813 1456 1866 in
1491 1809 1774 1866 Christum
1820 1804 2066 1876 magistri
2103 1800 2314 1859 cmteris

2416 697 2558 752 οὕτω
2596 695 2879 767 βαπτίζειν
2945 695 3265 765 ἐπεχείρουν
3309 695 3400 747 καὶ
3437 693 3578 764 πρὸς
3618 691 3935 745 τούναντίον
3963 691 3998 760 ἢ

2419 789 2718 859 ἐκήρυττον
2744 805 2760 853 ;
2806 787 2945 840 Ἀλλ’
2973 786 3266 850 ἐϐάπτιζον
3297 787 3374 847 ὡς
3403 784 3706 847 ἐϐούλοντο,
3747 783 3865 837 ἀλλ’
3896 783 4001 850 οὐχ

2415 879 2490 943 ὡς
2523 880 2552 931 ό
2574 877 2854 947 Δεσπότης
2883 877 3162 942 ἐδιεάξατο
3186 874 3327 928 ἰκαὶ
3350 875 3548 943 κράτος
3568 872 3759 927 ἐλαϐεν
3785 874 3820 942 η
3849 871 4002 940 γνὼ-

2417 986 2516 1040 μη,
2546 970 2641 1020 καὶ
2673 968 2785 1022 εθει
2831 968 2926 1022 καὶ
2970 968 3149 1038 χρόνῳ
3176 967 3239 1020 τὸ
3290 965 3386 1020 τοῦ
3428 965 3763 1019 Διδασκὰλου
3818 965 4004 1032 δόγμα

2416 1061 2897 1169 παραγράφεσθαι.
2922 1061 3017 1123 Τίς
3049 1056 3145 1114 οὖν
3186 1060 3348 1114 πάλιν
3387 1059 3422 1130 ἢ
3456 1058 3621 1110 πόθεν
3661 1057 3870 1128 ἐπέστη
3902 1056 4005 1127 ζῆ-

2413 1154 2504 1208 λον
2531 1141 2625 1207 καὶ
2651 1152 2865 1225 ῥώμην,
2889 1153 2949 1217 δς
2972 1153 3239 1221 τοσαύτην
3259 1151 3415 1221 ἔσχεν
3437 1150 3726 1204 ἀναλαϐεῖν
3747 1151 3818 1203 δι’
3846 1141 3927 1202 ῶν
3941 1148 4004 1202 τὸ

2415 1245 2784 1316 παράγγελμα
2801 1243 2894 1298 τοῦ
2913 1244 3166 1314 Σωτῆρος
3187 1241 3329 1314 λήθῃ
3347 1240 3631 1312 δεδομένον
3647 1239 4003 1304 Mentissam;

2428 1337 2570 1391 Ἀλλ’
2595 1340 2774 1391 εἰπεῖν
2799 1337 2900 1391 ούκ
2918 1337 3138 1407 ἔχουσιν
3153 1334 3267 1388 οὐδ’
3308 1335 3373 1388 ἂν
3394 1334 3614 1386 εἴπωσι.
3641 1333 3737 1396 Τίς
3769 1332 3883 1402 γὰρ
3915 1332 4006 1384 αὐ-

2412 1429 2489 1501 τῷ
2505 1430 2598 1482 καὶ
2613 1428 2880 1499 προσέσχε
3012 1403 3348 1495 Δεσποτικῆς
3367 1424 3465 1494 μὲν
3493 1423 3595 1495 ἢδη
3626 1420 4005 1494 παρεωραμέ-

2415 1539 2508 1591 νης
2547 1520 2798 1590 ἐντολῆςς
2832 1520 2924 1572 καὶ
2953 1518 3074 1571 τότε
3104 1516 3204 1587 οὐχ
3229 1516 3334 1568 ὑπὸ
3350 1515 3459 1568 τῶν
3479 1515 3776 1585 τυχόντων,
3805 1511 3928 1566 ἀλλ’
3951 1512 4003 1564 οἶ

2412 1609 2520 1662 τῶν
2539 1609 2716 1664 ἄλλων
2742 1605 2882 1679 ἦσαν
2911 1607 3010 1678 τῆς
3026 1606 3106 1667 είς
3125 1604 3359 1675 Χριστδν
3375 1601 3613 1665 πίστεως
3632 1601 3879 1671 κήρυκες
3899 1599 3996 1648 καὶ

2413 1700 2740 1755 διδάσκαλοι.
2771 1700 2867 1763 Τίς
2899 1694 2993 1753 οῦν
3020 1699 3210 1766 ἱτερος
3263 1698 3343 1760 είς
3367 1696 3469 1765 τὴν
3496 1693 3710 1748 οἰκείαν
3739 1688 3900 1754 τάξιν
3929 1691 3992 1741 τὸ

2415 1789 2742 1844 Δεσποτικδν
2767 1790 3084 1858 ἐπανήγαγε
3108 1788 3474 1858 πρόσταγμα;
3506 1784 3603 1840 καὶ
3626 1782 3870 1854 μάλιστα
3895 1780 3998 1849 τῆς

735 1859 804 1873 ...ι
864 1859 930 1873 ..ς
990 1859 1083 1887 η...
1117 1859 1368 1870 -.--..._-
1500 1859 1774 1866 --πηηὴ
1821 1859 1850 1861 ,ν
1910 1859 1940 1876 υ
1978 1859 2011 1860 η

734 1922 1124 1980 praeconesque
1152 1905 1388 1960 fuerant.
1414 1902 1573 1970 Quis,
1601 1901 1848 1968 inquam,
1880 1896 2020 1952 alius
2069 1896 2125 1949 in
2154 1908 2316 1949 suum

2427 1884 2526 1935 τῶν
2549 1883 2810 1955 μαθητῶν
2827 1882 3092 1946 ἐπινοίας,
3114 1881 3189 1943 ὡς
3206 1881 3234 1930 ό
3254 1876 3666 1947 διαφιλονεικῶν
3685 1875 3846 1941 λόγος
3870 1871 4001 1943 βού-

735 2001 984 2056 nrdiuem
1025 1996 1356 2052 restituisset
1388 2000 1713 2063 praeceptum
1758 1986 2148 2043 Dominicum?
2180 1998 2318 2055 prte-

737 2093 926 2148 sertim
965 2106 1089 2146 cunt
1140 2088 1233 2143 ille
1269 2086 1669 2155 discipulorum
1704 2081 1997 2151 cogitatus,
2038 2085 2101 2131 ut
2125 2076 2321 2130 adver-

736 2181 1011 2236 sariorum
1044 2193 1228 2234 sermo
1255 2176 1514 2240 aﬂirmat,
1533 2173 1647 2245 jam
1681 2181 1798 2226 toto
1825 2171 1961 2224 orbe
1988 2175 2135 2224 esset
2158 2165 2320 2220 diil'u-

737 2289 854 2338 sus,
894 2283 1059 2342 atque
1106 2269 1248 2339 apud
1306 2279 1498 2321 omnes
1531 2264 1778 2319 initiatos
1809 2261 1866 2314 in
1896 2273 2050 2314 more
2087 2256 2319 2327 positus.

740 2366 882 2420 Sane
907 2373 1200 2431 antequam
1237 2359 1328 2414 illa
1373 2359 1521 2413 circa
1568 2353 1898 2425 baptismum
1965 2349 2178 2404 novitas
2205 2346 2325 2401 vul-

738 2467 860 2526 gata
909 2461 1078 2516 esset,
1121 2450 1465 2505 Dominicam
1507 2446 1674 2516 legem
1729 2443 1872 2498 haud
1917 2455 2058 2510 aegre
2104 2440 2325 2493 firmare

737 2548 1024 2609 licuisset;
1079 2557 1271 2597 verum
1315 2539 1409 2594 illa
1459 2539 1697 2592 novitate
1752 2533 1819 2588 ad
1867 2530 2018 2586 orbis
2051 2539 2322 2584 terrarum

739 2641 1004 2696 terminos
1028 2644 1346 2708 propagata,
1370 2632 1625 2702 quisnam
1658 2626 1925 2699 potuisset
1948 2624 2323 2679 dominantem

740 2735 850 2803 jam
875 2731 1038 2785 ritqu
1067 2725 1368 2796 expellere:
1389 2723 1540 2777 illum
1564 2726 1767 2784 autem,
1800 2716 1894 2785 qui
1921 2713 2076 2768 initio
2105 2710 2323 2781 quidem

743 2823 979 2879 traditus
1004 2819 1205 2882 fuerat,
1232 2815 1328 2872 sed
1353 2812 1552 2869 deinde
1590 2810 1818 2867 omnino
1852 2818 2203 2876 suppressus,
2237 2817 2326 2856 re-

745 2911 974 2969 vocare?
1002 2907 1139 2963 Nam
1164 2907 1211 2962 si
1250 2910 1471 2975 propter
1497 2901 1806 2957 auditorum
1831 2910 2082 2951 morosos
2113 2893 2328 2947 animos

746 3005 1031 3062 Dominico
1056 3000 1314 3056 mandato
1335 3012 1442 3051 non
1465 3004 1548 3051 est
1570 2995 1724 3048 locus
1742 2992 2017 3050 iuventus,
2035 3001 2163 3041 cum
2184 3000 2325 3038 non-

746 3097 876 3151 dum
897 3093 1000 3147 alia
1033 3089 1285 3145 initiandi
1320 3085 1553 3141 formula
1583 3083 1802 3138 illorum
1824 3092 1985 3133 aures
2006 3074 2328 3144 occupavis-

2419 1977 2596 2040 λεται,
2625 1978 2704 2038 είς
2725 1974 2826 2046 τὴν
2847 1973 3175 2043 οἰκουμένην
3191 1969 3599 2039 ἐξαπλωθείσης
3620 1967 3721 2038 ήδη
3752 1967 3850 2019 καὶ
3875 1981 4004 2016 συν-

2421 2068 2581 2139 ήθους
2610 2067 2783 2121 ἅπασι
2829 2067 2941 2127 τοῖς
2978 2060 3530 2134 μυσταγωγουμένοις
3566 2054 4000 2124 καθισταμένης.

2422 2160 2530 2215 Καί
2559 2176 2642 2214 τοι
2667 2159 2744 2228 μή
2785 2174 2874 2211 πω
2902 2155 3000 2226 μὲν
3029 2151 3430 2221 πλατυνθείσης
3461 2150 3562 2220 τῆς
3589 2147 3720 2218 περὶ
3746 2144 3846 2198 τοῦ
3898 2143 4001 2214 βα-

2423 2253 2728 2323 πτίσματος
2755 2247 3128 2318 καινοτομίας,
3150 2244 3249 2298 οὐκ
3273 2239 3340 2314 ἦν
3362 2241 3597 2314 ἐργῶδες
3628 2239 3801 2300 οῦτως
3816 2237 3879 2290 τὸ
3900 2240 4002 2288 Δει-

2424 2342 2679 2396 σποτικδν
2730 2338 3096 2411 κρατύνεσθαι
3162 2335 3534 2406 νομοθέτημα.
3570 2330 3788 2399 Ταύτης
3830 2328 3890 2381 δὲ
3934 2325 4007 2379 τὰ

2423 2436 2640 2506 πέρατα
2660 2433 2761 2503 τῆς
2793 2429 3118 2501 οἰκουμένης
3169 2425 3607 2496 καταλαϐούσης,
3655 2422 3738 2484 τίς
3799 2419 3866 2473 ἂν
3918 2420 4006 2488 εἴη

2422 2531 2450 2582 ό
2482 2526 2582 2597 τὴν
2629 2521 3008 2593 κατασχοῦσαν
3057 2522 3155 2589 μέν
3205 2515 3598 2589 μυσταγωγίαν
3645 2511 3898 2566 ἐκϐαλεῖν
3920 2525 4008 2576 γε·

2425 2616 2724 2687 γενημένος
2767 2613 2991 2676 δυνατός
3016 2629 3033 2679 ;
3059 2610 3157 2682 τὴν
3192 2609 3238 2663 δ’
3268 2608 3329 2673 ἐξ
3364 2607 3543 2678 ἀρχῆς
3584 2604 3831 2658 δοθεῖσαν
3880 2600 4009 2671 μὲν,

2429 2707 2798 2776 σεσιγημὲνην
2847 2703 2906 2758 δὲ
2959 2700 3258 2765 παντελῶς,
3294 2695 3770 2759 ἀνακαλέσασθαις
3799 2693 3860 2746 El
3895 2691 4010 2762 γὰρ

2427 2804 2527 2872 οὐχ
2555 2794 2682 2869 εὗρε
2707 2795 2888 2867 χώραν
2910 2794 3000 2846 διὰ
3030 2794 3092 2846 τὸ
3116 2789 3554 2862 δυσπαρὰδεκτον
3578 2787 3685 2840 τῶν
3713 2783 4009 2855 ἀκροατῶν

2429 2893 2464 2962 ἡ
2489 2891 2750 2960 σωτήριος
2784 2885 2993 2956 ἐντολὴ,
3037 2884 3202 2938 ὁπότε
3266 2880 3507 2952 μηδεμία
3553 2895 3638 2956 τις
3668 2876 3834 2944 ἐτέρα
3865 2873 4011 2944 μύη-

2431 2953 2515 3046 al;
2563 2953 2936 3051 προκατέλαϐε
2961 2953 3069 3039 ’τὰς
3112 2976 3282 3036 ἀκοὰς
3321 2971 3525 3032 αὐτῶν,
3563 2953 3697 3038 μηδὲ
3730 2969 3852 3026 ταῖς
3909 2965 4014 3032 ψυ-

2431 3075 2551 3143 χαῖς
2582 3070 2854 3141 ἐνεγράφη
2870 3068 2966 3122 καὶ
2985 3064 3322 3134 ἐνετυπὼθη,
3348 3062 3570 3115 ἐπειδᾶν
3595 3056 4015 3127 κατεσχέθησαν

748 3199 851 3253 set,
885 3200 988 3240 nec
1017 3181 1290 3237 mentibus
1325 3177 1584 3246 inscripta
1604 3173 1798 3228 fuisset
1829 3180 1992 3241 atque
2024 3171 2326 3236 impressa;

2433 3167 2527 3218 καὶ
2549 3160 2907 3232 ἐτελέσθησαν
2930 3162 2997 3230 τῇ
3039 3159 3146 3212 τῶν
3190 3154 3504 3210 ἀποστόλων
3545 3151 3757 3218 τελετῇ,
3792 3148 3914 3210 πῶς
3948 3148 4015 3201 ἂν

747 3239 1092 3335 nui'ndeinde
1112 3272 1254 3342 apud
1277 3270 1390 3341 jam
1415 3239 1658 3323 imbutos
1687 3239 1988 3334 apostolico
2031 3261 2138 3314 ritu
2167 3267 2326 3327 atque

2438 3255 2587 3326 εὖροι
2613 3251 2986 3322 παρείσδυσιν,
3027 3246 3460 3314 ἀντιπιπτούσης
3508 3242 3645 3311 αὐτῇ
3679 3239 3778 3293 καὶ
3816 3241 4016 3293 ἀνταν-

751 3369 1015 3431 initiatos,
1048 3364 1226 3418 aditus
1253 3359 1420 3430 priori
1466 3358 1595 3412 ritui
1637 3355 1937 3425 sperandus
1967 3360 2104 3414 erat,
2145 3353 2336 3404 adver-

751 3467 907 3515 sante
931 3457 1107 3510 altero
1125 3461 1290 3520 atque
1311 3448 1630 3509 obsistente,
1651 3445 1744 3515 qui
1790 3443 1901 3513 jam
1937 3439 2334 3510 insuperabiles

754 3553 900 3606 vires
924 3541 1274 3604 obtinuerat?
1294 3540 1366 3597 Ut
1383 3540 1534 3596 vides
1569 3539 1733 3610 igitur
1749 3537 2180 3592 demonstratum
2201 3547 2336 3602 qua-

753 3654 1058 3712 quaversus
1077 3647 1186 3700 est,
1209 3635 1302 3704 qui
1322 3643 1657 3704 spectatores
1673 3627 1833 3683 Verbi
1851 3625 2082 3680 fuissent
2111 3625 2337 3692 verique

751 3728 1080 3792 administri,
1110 3734 1166 3781 et
1195 3738 1431 3796 quorum
1461 3723 1582 3777 vitae
1610 3718 1940 3774 curriculum
1970 3731 2034 3771 eo
2063 3715 2333 3779 tendebat,

756 3834 816 3877 nt
846 3823 928 3876 vel
977 3821 1091 3890 ipsa
1130 3835 1261 3873 nece
1309 3829 1464 3871 suam
1518 3828 1646 3884 erga
1677 3811 1961 3864 Dominum
2013 3808 2335 3863 cliaritatem

753 3921 1107 3975 testarentur,
1130 3910 1268 3972 ﬁeri,
1284 3909 1530 3977 inquam,
1546 3919 1651 3958 non
1680 3917 1841 3972 posse
1860 3901 1992 3971 quin
2015 3899 2071 3953 hi
2091 3896 2334 3967 ejusdem

754 4005 1008 4060 mandata
1059 4002 1265 4068 integra
1304 4006 1468 4064 atque
1514 3992 1773 4048 inviolata
1829 4004 1952 4044 esse
2005 3988 2333 4043 curaverint.

825 4095 912 4149 l9.
954 4090 1093 4160 Quid
1122 4103 1286 4160 porro
1327 4086 1499 4150 dices,
1550 4084 1634 4139 vel
1679 4083 1800 4151 quis
1827 4093 1880 4137 te
1916 4083 2116 4136 horror
2161 4079 2337 4132 corri-

755 4189 874 4258 piet
909 4195 1072 4253 atque
1105 4187 1306 4242 metus,
1358 4191 1482 4233 cum
1514 4176 1859 4230 decretorum
1910 4170 2337 4241 apostolicorum

754 4276 1056 4332 districtam
1107 4267 1431 4325 sententiam
1493 4264 1720 4320 audies?
1765 4277 1930 4333 quam
1982 4275 2092 4315 non
2119 4274 2262 4314 unus
2286 4268 2341 4314 et

754 4369 915 4431 alter,
943 4376 1119 4432 neque
1145 4359 1300 4413 multi
1331 4356 1633 4427 sigillatitn,
1661 4353 1754 4409 sed
1784 4350 2075 4407 universus
2101 4349 2341 4418 discipu,

755 4461 934 4515 lorum
990 4465 1166 4513 coetus
1211 4452 1452 4522 scripsit,
1523 4448 1808 4504 Dominico
1868 4455 2140 4515 praecepto
2195 4442 2339 4497 haud

2440 3347 2731 3416 ισταμένης
2751 3343 2851 3412 τῆς
2874 3342 2976 3414 ἥδη
3001 3341 3063 3394 τὸ
3091 3339 3290 3411 κράτος
3309 3339 3522 3408 ἄμαχον
3551 3335 3814 3407 ιχούσηςς
3850 3334 4017 3404 Ὁρᾷς

2433 3437 2510 3500 ῶς
2540 3436 2800 3490 ἀδύνατον
2828 3430 3167 3502 πανταχόθεν
3184 3430 3552 3482 ἐπιδείκνυται
3571 3427 3698 3491 τοὺς
3731 3425 4018 3485 αὐτόπτας

2435 3527 2529 3581 τοῦ
2578 3526 2740 3593 λόγου
2788 3524 2887 3578 καὶ
2932 3522 3008 3585 ὡς
3040 3518 3256 3590 ἀληθῶς
3305 3518 3608 3589 ὑπηρέτας,
3632 3512 3706 3569 ὧν
3736 3518 3766 3570 ὸ
3796 3514 3914 3584 βίοις
3947 3509 4017 3583 ἦν

2439 3620 2531 3673 καὶ
2560 3619 2588 3672 ὁ
2616 3617 2814 3688 δρόμος
2854 3613 3068 3682 θανάτῳ
3100 3609 3163 3663 τὸ
3183 3608 3514 3662 Δεσποτικδν
3564 3605 3864 3677 βεϐαιῶσαι
3897 3604 4020 3672 φίλι

2435 3727 2585 3781 τρον,
2611 3706 2840 3761 καὶτῶν
2880 3701 3047 3758 αὐτοῦ
3085 3701 3477 3770 θεσπισμάτων
3512 3698 3636 3770 (μὴ)
3669 3695 4017 3768 συντηρῆσαι

2437 3804 2498 3856 τὸ
2521 3797 2871 3870 ἀπαράϐατόν
2897 3812 2960 3849 τε
2991 3793 3087 3848 καὶ⁸
3110 3792 3533 3863 ἀπερίτρεπτον.

2509 4094 2597 4148 ιϐ’.
2633 4092 2699 4144 Τί
2725 4092 2772 4144 δ’
2795 4091 2860 4144 ἂν
2892 4089 3070 4150 εἴποις
3094 4104 3111 4153 ς
3134 4087 3218 4151 τίς
3238 4087 3282 4139 δ’
3309 4086 3374 4140 ἄν
3423 4101 3484 4139 σε
3531 4095 3606 4156 μη
3648 4084 3790 4156 λάϐῃ
3841 4087 4016 4156 φρίκη

2441 4187 2533 4238 καὶ
2557 4184 2676 4246 δέος
2704 4181 2924 4235 ἐπειδὰν
2951 4181 3061 4233 τῶν
3087 4177 3461 4234 ἀποστολικῶν
3491 4177 3714 4246 θεσμῶν
3737 4176 3840 4240 τὰς
3857 4179 4018 4230 ἀπει-

2441 4272 2708 4342 λουμένας
2759 4270 2976 4340 ψήφους
3015 4267 3288 4339 ἀκούσῃς;
3319 4266 3384 4330 ἃς
3424 4266 3524 4336 οὐχ
3572 4261 3652 4329 είς
3699 4264 3864 4336 μόνον
3897 4267 4017 4320 οὐδὲ

2440 4364 2710 4435 δεύτερος,
2737 4362 2860 4416 ούδὶ
2890 4360 3014 4415 καθ’
3039 4359 3138 4414 ἕνα
3187 4358 3426 4421 πλείους,
3465 4357 3688 4424 σύμπας
3719 4356 3767 4408 δ’
3794 4357 3826 4408 ό
3855 4357 4018 4426 χορδς

2441 4454 2550 4507 τῶν
2583 4452 2839 4524 μαθητῶν
2876 4451 2975 4520 τὴν
3021 4450 3354 4516 Δεσποτικὴν
3399 4447 3619 4516 ἐντολὴν
3662 4445 3926 4516 βεϐαιῶν,
3956 4447 4017 4500 οὐ

756 4548 1114 4621 antiquando,
1167 4543 1316 4615 quod
1347 4541 1510 4604 absit,
1554 4539 1647 4594 sed
1695 4535 2024 4593 stabiliendo
2068 4535 2326 4588 intentus.

2437 4543 2604 4608 λύων,
2634 4543 2839 4611 ἄπαγε,
2870 4541 3212 4610 ἀπεφήνατο.
3238 4540 3347 4592 Καὶ
3375 4536 3479 4590 ποῦ
3509 4538 3700 4592 λαϐεῖν
3734 4537 3886 4590 ἐστιν
3921 4539 4018 4592 αὐ-

757 4643 992 4700 Uhinam
1028 4650 1208 4713 autem
1251 4646 1359 4690 tam
1383 4635 1666 4689 horrendae
1695 4630 1856 4684 minae
1899 4627 2069 4683 sunt?
2096 4627 2336 4695 Aposto-

758 4734 938 4788 lorum
971 4729 1180 4785 scilicet
1204 4727 1485 4782 audiendze
1511 4731 1638 4779 sunt
1669 4720 1874 4775 cmleSti
1919 4717 2183 4786 suffragio
2218 4717 2340 4770 lata:

759 4824 924 4892 leges,
971 4835 1094 4888 quae
1149 4816 1455 4870 clarissima
1505 4827 1637 4866 voce
1682 4811 1960 4865 clamant:
2023 4824 2042 4856 ι
2096 4804 2154 4860 Si
2215 4802 2338 4873 quis

760 4915 1050 4982 cpiscopus
1105 4917 1199 4961 aut
1251 4905 1530 4976 presbyter
1561 4901 1731 4972 (andi,
1769 4901 1971 4959 homo;
2026 4909 2338 4966 quanquam

759 5000 1028 5073 singulari
1082 4994 1385 5053 attenioue
1434 5009 1544 5047 non
1596 5001 1681 5046 est
1706 5004 1864 5059 opus,
1909 4987 2166 5058 quoniam
2202 4984 2341 5038 nihil

764 5095 909 5150 aliud
945 5107 1108 5162 quam
1163 5088 1501 5145 Dominicam
1550 5084 1895 5139 traditionem
1921 5079 2123 5134 sanciri
2163 5078 2232 5131 ab
2257 5075 2340 5131 his

765 5184 964 5254 patet);
1045 5182 1091 5236 si
1143 5181 1266 5250 quis
1323 5187 1510 5232 contra
1573 5173 1782 5227 Domini
1845 5169 2184 5234 mandatum,
2231 5182 2340 5221 non

766 5273 1114 5343 baptizaverit
1150 5272 1203 5324 iu
1237 5268 1397 5323 Patre
1424 5275 1477 5320 et
1512 5265 1650 5319 Filio
1672 5278 1725 5317 et
1757 5261 1964 5331 Spiritu
1999 5268 2213 5324 sancto,
2245 5258 2340 5312 de-

766 5374 1015 5432 ponatur.
1053 5381 1070 5410 ι
1133 5357 1318 5428 Neque
1372 5357 1637 5410 hactenus
1667 5366 1886 5422 poenam
1917 5357 2163 5404 statuunt
2196 5367 2209 5402 :
2240 5351 2334 5403 sed

767 5455 810 5506 si
837 5455 997 5508 etiam
1033 5452 1253 5506 nomina
1281 5447 1596 5503 nominibus
1629 5450 1966 5500 commutare
1995 5440 2333 5508 baptizantes

2440 4635 2549 4688 τῶν
2590 4635 2650 4686 τὸ
2702 4631 2930 4704 φρικτὸν
2981 4633 3082 4702 τῆς
3133 4633 3311 4701 apd.“
3344 4631 3535 4684 Αὐτῶν
3580 4630 3756 4700 χρεὼν
3791 4631 4018 4684 ἀκούειν

2439 4725 2547 4779 τῶν
2578 4723 2816 4794 οὐρανίῳ
2844 4723 3010 4793 ψήφῳ
3045 4722 3443 4792 κεκυρωμένων
3480 4721 3676 4789 φωνῶν
3710 4720 3826 4790 (46)
3852 4738 3868 4753 ο
3902 4720 4018 4773 διαο

2440 4814 2668 4884 πρύσιον
2729 4805 2890 4868 αὗται
2941 4812 3163 4881 βοῶσιν·
3190 4830 3209 4862 ι
3239 4811 3308 4865 El
3335 4828 3422 4874 τις
3475 4811 3771 4872 ἐπίσκοπος
3815 4811 3851 4880 ἦ
3891 4827 4017 4879 πρε-

2443 4905 2705 4976 σϐύτερος
2736 4903 3075 4974 (ἐπίστησον,
3117 4900 3393 4969 ἄνθρωπε,
3429 4900 3630 4971 μᾶλλον
3661 4901 3718 4953 δέ
3742 4900 3870 4952 οὐδέ
3904 4901 4020 4952 ἐπι-

2444 4997 2690 5058 στάσεως
2730 4993 2964 5048 ἐνταῦθα
2995 4993 3076 5046 δεῖ
3101 5007 3113 5019 ·
3139 4991 3457 5062 περιφανῶς
3504 4991 3614 5061 γὰρ
3640 4992 3674 5062 ἡ
3704 4992 4016 5058 Δεσποτική

2440 5084 2702 5156 κυροῦται
2728 5081 3072 5152 παράδοσις),
3099 5079 3249 5142 εῐτις
3272 5077 3368 5134 οὖν
3390 5080 3530 5134 κατὰ
3560 5085 3659 5149 την
3685 5078 3781 5134 τοῦ
3807 5081 4014 5148 Κυρίου

2438 5176 2680 5242 διάταξιν
2713 5175 2787 5245 μὴ
2813 5174 3066 5242 βαπτίσοι
3099 5174 3178 5232 είς
3215 5173 3434 5240 Πατέρα
3456 5173 3551 5225 καὶ
3575 5172 3703 5225 Υίδν
3729 5174 3830 5224 καὶ
3855 5173 4014 5238 ἅγιον

2441 5266 2686 5336 Πνεῦμα,
2730 5265 3121 5335 καθαιρείσθω.
3155 5283 3173 5316 ι
3215 5265 3322 5318 Καὶ
3356 5265 3476 5317 οὐδὲ
3507 5266 3669 5336 μέχρι
3693 5263 3892 5316 τούτου
3923 5265 4016 5331 τὴν

2439 5356 2741 5427 καταδίκην
2793 5356 3047 5410 ίστῶσιψ
3089 5355 3224 5409 ἀλλὰ
3273 5356 3369 5408 καὶ⁵
3407 5357 3502 5407 ἐὰν
3526 5354 3807 5424 ὀνομάτων
3832 5371 4012 5424 παρσ-

2438 5449 2621 5501 λαϐεῖν
2658 5451 2705 5500 οἱ
2729 5440 3078 5517 βαπτίζοντες
3105 5449 3522 5520 ἐπιχειρήσωσι,
3553 5447 3720 5518 μηδὲν
3754 5448 3900 5510 ὅλως
3929 5446 4015 5498 τὸν

2259 5560 2488 5617 NOTAE.

837 5687 948 5758 (46)
984 5686 1123 5758 Tum
1177 5683 1426 5758 canones
1469 5682 1628 5753 vulgo
1674 5683 1998 5751 apostolicos
2044 5692 2155 5736 tum
2187 5681 2328 5736 Cou-

771 5755 1052 5837 titutiOnes
1092 5757 1230 5837 _(etsi
1291 5755 1553 5820 scriptum
1591 5761 1907 5837 .utrnmque
1943 5762 2316 5834 pervetustum

773 5829 863 5896 sit)
891 5823 1122 5882 mentiri
1155 5840 1350 5880 nomen
1394 5825 1784 5892 apostolorum,
1842 5838 2003 5877 nemo
2026 5823 2137 5891 jam
2163 5823 2321 5877 dubi-

2436 5690 2533 5751 tat.
2578 5679 2760 5745 Quare
2791 5680 2970 5736 Pbotii
3021 5691 3400 5751 argumentum
3453 5678 3877 5751 hiucpetitum,
3909 5674 4012 5751 etsi

2434 5750 2640 5873 Rutilum
2674 5767 2782 5806 non
2823 5761 2926 5819 est,
2956 5745 3113 5806 vires'
3146 5761 3324 5806 tamen
3382 5745 3709 5820 apostolicas
3752 5762 3860 5802 non
3917 5745 4014 5796 ha-

2472 5837 2498 5873 ρ
2529 5859 2542 5873 .

2472 5837 2542 5874 οι.
