4202 6442
206 428 315 493 39

1133 425 1234 482 AD
1275 419 1871 483 AMPBILOCHIUM
1906 417 2256 491 QUIESTIO
2290 417 2511 478 XLIII.

3358 413 3466 477 330

210 539 437 611 ἀριθμὸν
467 539 566 607 τῆς
596 534 825 607 Τριάδος
864 531 1318 602 ύποτεμνόμενοι,
1362 532 1473 586 οὐδ’
1493 529 1668 594 οὕτως
1695 531 1779 583 εύ-
1805 579 1812 592 Α

1913 530 1999 585 usi
2031 527 2253 591 fuerint.
2300 528 2430 583 licet
2456 525 2745 582 Trinitatis
2795 540 3089 581 numerum
3147 542 3256 582 non
3284 529 3467 584 inum-

213 632 491 701 ρίσκουσιν
512 627 803 697 ἀποφυγὴν
828 624 922 677 τοῦ
964 624 1041 694 μὴ
1075 624 1199 694 ούχὶ
1218 623 1319 694 τῆν
1344 623 1468 694 ῐσην
1497 620 1683 677 δοῦναι
1707 620 1784 674 δί-

1884 620 2124 682 nuerint.
2154 618 2519 674 nihilominus
2553 618 2689 687 quin
2714 632 2902 688 parem
2951 632 3171 687 poenam
3212 620 3468 686 subeant,

212 739 313 790 κην
331 738 347 753 ο
370 723 526 776 οὐδὲν
548 722 656 790 γὰρ
678 714 843 790 ἦττον
890 716 999 771 οὐδ’
1024 709 1173 772 οὗτοι
1201 716 1263 770 τὺ
1288 716 1617 770 Δεσποτικδν
1648 732 1784 785 προ-

1908 712 2000 767 leri
2029 728 2140 768 non
2167 720 2382 782 potest;
2401 725 2557 781 reque
2606 711 2753 765 enim
2796 710 3083 767 Dominico
3115 712 3359 781 dogmati
3387 715 3470 768 iu-

212 812 577 881 πηλακίζουσι
600 811 800 880 δόγμα.
832 808 957 863 Οὐδ’
980 808 1049 862 ἂν
1080 808 1179 872 τάς
1205 807 1307 878 μὶν
1331 808 1551 879 κλήσεις
1575 807 1783 876 φυλάτ-

1882 803 2013 873 jurii
2035 811 2186 859 sunt.
2216 800 2284 855 Et
2309 802 2355 856 si
2392 800 2534 855 forte
2574 799 2971 869 appellationes
3012 800 3316 855 secundum
3361 809 3476 856 tra-

212 920 373 956 τωσιν
401 903 479 967 ὡς
506 903 837 973 παρέλαϐον,
864 902 930 956 τδ
960 901 1149 971 σχῆμα
1171 899 1230 953 δὲ
1261 900 1361 969 τῆς
1403 900 1462 952 ὲν
1484 898 1564 968 τῷ
1592 896 1790 967 βαπτί-

1908 893 2147 947 litionem
2203 892 2496 954 retineant,
2552 890 2821 944 rationem
2867 897 3049 942 tamen
3094 887 3151 942 in
3200 888 3478 958 baptismo

214 1010 380 1061 σματι
408 992 761 1056 καταδύσεως
801 992 879 1064 μὴ
913 991 1309 1053 συνδυάσωσιν.
1344 989 1481 1045 ἀλλὰ
1529 989 1620 1043 διὰ
1658 991 1790 1059 μιᾶς

212 1084 334 1136 άντὶ
355 1083 469 1136 τῶν
496 1081 666 1153 τριῶν
683 1083 775 1136 τὸν
814 1081 1213 1152 βαπτιζόμενον
1265 1079 1618 1150 τελειώσωσι,
1655 1080 1793 1149 μελ-

216 1175 306 1228 λον
330 1176 390 1229 δὲ
434 1177 612 1228 sinis
667 1174 998 1243 οίκειότερον
1044 1171 1455 1237 συντελέσωσιν,
1496 1172 1605 1227 οὐδ’
1641 1171 1708 1226 ἂν
1725 1172 1795 1226 τὰ

218 1268 318 1336 μὲν
350 1267 489 1321 άλλα
511 1267 611 1330 τῆς
629 1265 852 1335 δντολῆς
885 1265 1268 1329 εκτελάσωσιν,
1303 1267 1383 1328 είς
1427 1263 1486 1318 δι
1517 1264 1610 1317 τδν
1631 1264 1797 1318 θάνα-

216 1374 309 1410 τον
335 1355 435 1409 τοῦ
462 1356 668 1427 Κυρίου
691 1355 1067 1426 βαπτίσωσιν,
1093 1352 1158 1406 οὐ
1190 1353 1291 1424 μιν
1334 1351 1429 1408 οῦν
1472 1352 1576 1422 τῆς
1617 1353 1797 1414 αἰτίας

212 1449 317 1501 ούκ
344 1445 695 1501 ἀπολύονται.
730 1445 820 1515 Τῷ
865 1444 911 1497 δ’
960 1443 1114 1515 αὐτῷ
1137 1443 1528 1514 περιπίπτουσι
1559 1444 1655 1498 καὶ
1676 1445 1798 1514 κρί-

218 1553 356 1607 ματι
411 1537 508 1589 καὶ
562 1536 873 1607 δγκλήματι
895 1552 910 1567 ·
939 1539 974 1606 ἡ
1007 1537 1118 1608 γάρ
1153 1539 1212 1590 ὲν
1238 1538 1354 1600 τοῖς
1386 1537 1594 1607 ὁμοίοις
1619 1539 1801 1607 παρά-

213 1632 382 1694 ϐασις
411 1630 513 1699 τὴν
542 1628 737 1699 ὁμοίαν
777 1629 1049 1700 τιμωρίαν
1099 1628 1511 1699 είσπράττεται.
1542 1628 1653 1682 Καὶ
1690 1630 1802 1701 γὰρ

213 1723 419 1791 ιπίσης
475 1720 613 1790 πρὸς
665 1720 766 1786 τὴν
820 1719 1081 1790 ἀθέτησιν
1120 1719 1476 1774 ἀποκλίνουσι
1505 1720 1608 1791 τῆς
1642 1720 1803 1774 σεῦα-

216 1816 387 1883 σμίου
438 1812 659 1882 επολῆς
719 1813 816 1866 καὶ
852 1813 969 1865 ὅσοι
1025 1810 1148 1865 καθ’
1195 1811 1386 1879 ιτερόν
1432 1827 1556 1866 τινα
1599 1813 1803 1881 τρόπον

1888 985 2187 1055 legitimam
2243 997 2353 1037 non
2403 980 2569 1036 simul
2622 989 2912 1048 usurpem.
2964 993 3154 1033 verum
3188 979 3348 1035 unica
3379 993 3478 1049 pro

1891 1078 2065 1133 tribus
2120 1074 2473 1129 immersione
2524 1068 2909 1137 baptiuudum
2966 1069 3207 1134 initient,
3260 1082 3359 1123 seu
3424 1078 3482 1121 ut

1892 1165 2073 1235 aptius
2100 1164 2297 1234 loquar
2326 1161 2610 1232 perﬁciam
2641 1178 2656 1225 ;
2709 1159 2838 1214 item
2866 1158 2913 1213 si
2943 1158 3186 1228 reliquas
3225 1157 3484 1228 precepti

1894 1262 2076 1325 partes
2104 1261 2320 1317 curent,
2374 1252 2429 1306 in
2472 1249 2682 1306 Christi
2712 1256 2895 1305 autem
2955 1258 3130 1304 morte
3182 1248 3483 1318 baptisent,

1894 1349 2129 1405 crimine
2186 1363 2295 1403 non
2345 1348 2660 1413 vacabunt;
2716 1346 2829 1401 imo
2892 1344 3039 1400 hand
3082 1345 3284 1399 minori
3325 1346 3485 1414 culpa

1897 1454 2150 1509 noxaque
2180 1447 2358 1495 semet
2386 1439 2656 1494 irretieat.
2713 1435 2849 1491 Nam
2901 1451 3057 1507 reque
3092 1436 3160 1491 ad
3192 1438 3489 1494 venerandi

1899 1534 2138 1589 mandati
2168 1533 2521 1589 violationem
2561 1532 2892 1587 incumbunt
2934 1538 3051 1585 tum
3088 1530 3181 1599 qui
3222 1530 3333 1584 alio
3381 1529 3490 1584 ritu

1899 1626 2145 1696 quolibet
2174 1634 2375 1695 praeter
2398 1625 2703 1696 legitimum
2744 1622 3059 1691 baptizaut,
3096 1630 3212 1675 tum
3242 1620 3336 1689 qui
3366 1635 3493 1675 cum

1901 1720 2111 1778 Christi
2138 1734 2234 1779 aut
2265 1724 2462 1779 mortis
2487 1722 2736 1792 ejusdem
2771 1720 3142 1791 appellatione
3154 1720 3493 1787 baptismum

1908 1813 2229 1871 coniiciunt.

217 1904 515 1973 βαπτίζειν
540 1903 848 1973 ἐτόλμησαν
872 1942 888 1968 ,
922 1902 1018 1957 καὶ
1053 1903 1198 1967 δσοις
1224 1902 1372 1967 ιδοεε
1405 1904 1473 1974 τῇ
1512 1904 1802 1973 επικλὴσει
1839 1905 1934 1960 τοῦ
1992 1907 2251 1976 Χριστοῦ,
2285 1908 2319 1979 ἢ
2387 1907 2483 1961 τοῦ
2542 1907 2778 1961 θανάτου
2829 1906 3019 1971 αὐτοῦ,
3090 1902 3495 1973 ίερουργεῖσθαι

215 2002 283 2055 τὸ
311 2001 621 2070 βάπτισμα.

295 2101 369 2149 κ’.
418 2092 688 2154 ’Δκούεις,
722 2085 768 2145 ὦ
796 2091 1012 2159 Παῦλες
1054 2090 1198 2144 Ἀλλ’
1242 2094 1480 2163 ἀνάσχου
1530 2094 1625 2147 καὶ
1668 2094 1807 2165 μετά

1983 2091 2073 2147 20.
2114 2091 2336 2155 Audin’,
2376 2090 2585 2146 Paule?
2610 2088 2784 2160 Igitur
2809 2096 2864 2145 te
2902 2101 3159 2156 compara
3190 2098 3310 2157 post
3343 2103 3503 2143 coro-

220 2185 695 2255 στεφάνουςκρὸς
726 2183 947 2251 ἀγῶνας
977 2182 1310 2237 ἀποδύεσθαι
1335 2198 1353 2218 ο
1382 2184 1550 2238 πάλιν
1583 2185 1807 2255 πορθεῐς

217 2281 326 2348 τὴν
370 2278 720 2346 Ἐκκλησίαν,
753 2275 916 2331 πάλιν
945 2275 1238 2340 άπιστολάς
1256 2275 1408 2347 παρά
1428 2276 1539 2331 τῶν
1579 2278 1805 2331 ἰουδαϊο

220 2368 341 2422 κῶν
390 2366 693 2436 ἀρχιερέων
730 2364 1051 2435 λαμϐάνεις.
1095 2366 1235 2436 μετὰ
1265 2365 1324 2419 δι
1360 2366 1452 2419 τὸν
1488 2365 1699 2421 Παῦλον
1726 2368 1808 2431 είς

221 2459 435 2515 Σαῦλον
457 2460 704 2527 ἐξέστης.
739 2458 853 2513 Καὶ
880 2459 1001 2523 πῶς
1038 2459 1211 2513 ταῦτα
1253 2459 1494 2527 διδάξας,
1526 2462 1691 2516 πάλιν
1720 2461 1808 2514 u-

220 2568 348 2620 γεις
377 2552 460 2613 είς
483 2551 576 2602 τὸν
599 2549 836 2604 θάνατον
866 2549 962 2603 τοῦ
1009 2549 1251 2621 Χριστοῦ
1297 2552 1508 2615 πάντας
1555 2551 1811 2621 βαπτίζει

223 2643 393 2706 σθαις
428 2641 536 2695 Καὶ
560 2639 658 2695 νῦν
687 2640 787 2710 μιν
818 2640 958 2711 μετὰ
982 2641 1091 2694 τῶν
1122 2641 1534 2696 συναποστόλων
1568 2644 1660 2696 καὶ
1689 2661 1813 2697 συν-

220 2733 553 2802 αγωνιστῶν
584 2733 778 2796 ποινάς
811 2733 941 2794 τοὺς
968 2732 1092 2785 καθ’
1116 2731 1176 2785 ιν
1202 2748 1258 2785 τι
1283 2733 1492 2786 τούτων
1524 2732 1810 2803 βαπτίζειν

218 2825 546 2895 τολμῶντας
591 2825 868 2888 άπαιτετς,
901 2822 997 2876 νῦν
1027 2823 1085 2876 δὲ
1114 2821 1237 2876 καθ’
1264 2823 1456 2879 ἑαυτὸν
1496 2823 1811 2895 γενόμειος,

217 2919 289 2972 οὐ
323 2919 489 2988 μόνον
520 2916 703 2984 λέγεις
730 2915 838 2969 οὐδ’
871 2916 928 2968 ιν
951 2915 1146 2984 γωνία,
1190 2914 1331 2968 ἀλλὰ
1358 2916 1453 2969 καὶ
1485 2916 1775 2987 κηρύττεις
1794 2933 1810 2948 ο

220 3009 326 3063 καὶ
395 3008 520 3077 οὐχι
576 3007 869 3078 κηρύττεις
926 3004 1069 3076 μὲν,
1113 3006 1177 3060 οὐ
1237 3006 1474 3078 γράφεις
1517 3009 1575 3062 δι
1603 3047 1619 3073 ,
1677 3008 1813 3063 ἀλλά

218 3104 324 3156 καὶ
345 3102 638 3172 γράμματι
662 3102 725 3152 τὸ
750 3101 1014 3170 κήρυγμα
1046 3099 1345 3170 Ῥωμαίοις
1394 3099 1636 3169 μάλιστα
1677 3101 1814 3172 γρά-

220 3208 371 3258 φων,
396 3192 479 3254 εἰς
510 3190 724 3260 ἄμαχον
754 3188 1005 3259 ἐπαίρεις
1026 3187 1183 3259 ίσχὺν
1230 3191 1310 3251 είς
1333 3188 1426 3241 τὸν
1459 3189 1691 3244 θάνατον
1718 3188 1813 3243 τοῦ

219 3279 474 3351 Χριστοῦ
489 3281 614 3343 τοὺς
636 3278 1066 3349 βαπτιζομένους
1090 3278 1470 3348 βαπτίζεσθαι.
1499 3278 1638 3332 Ἀλλ’
1662 3277 1694 3330 δ
1716 3279 1815 3349 μὲν

218 3374 331 3442 τῆς
356 3370 619 3441 ἀληθείας
667 3369 844 3441 κῆρυξ
876 3369 984 3423 τῶν
1013 3370 1347 3436 είσαγόντων
1372 3369 1469 3424 τοῦ
1505 3369 1816 3440 βαπτίσμα-

216 3437 320 3525 τος
343 3437 846 3531 τὴννκαινοτομίαν,
881 3461 1138 3514 κάκεῖνον
1185 3460 1351 3513 αὐτὸν
1379 3437 1813 3531 ιπιῷηφίζεσθαι
1839 3437 1884 3495 c

220 3555 296 3622 τῇ
322 3552 453 3623 δόξῃ
482 3554 954 3625 κατηγορούντων.
975 3548 1077 3609 ὦδε
1111 3554 1179 3608 ἂν
1199 3554 1397 3619 αὐτοὺς
1417 3556 1813 3628 επιστομίσειε.

304 3654 416 3701 κα’.
443 3647 577 3712 Ναί,
608 3648 807 3717 φησὶν,
833 3645 1081 3717 ὁμολογῶ
1112 3647 1212 3717 μιν
1230 3648 1358 3711 τοὺς
1392 3647 1814 3718 βαπτισθέντας,

220 3741 311 3802 είς
340 3740 439 3793 τὸν
469 3740 704 3794 θάνατον
729 3738 825 3793 τοῦ
852 3738 1094 3810 Χριστοῦ
1133 3738 1526 3808 βαπτίσασθαι,
1555 3741 1654 3811 οὐχ
1686 3744 1816 3812 δμο-

222 3832 382 3899 λογῶ
412 3831 471 3884 δι
502 3831 565 3885 τδ
599 3831 883 3901 βάπτισμα
904 3834 969 3902 τῇ
991 3831 1086 3885 τοῦ
1112 3831 1345 3885 θανάτου
1376 3832 1541 3887 αὐτοῦ
1581 3834 1816 3906 ιπικλή-

224 3939 320 3976 σει
352 3921 764 3992 ίερουργεῐσθαι
789 3936 805 3951 ⁸
836 3921 912 3993 μὴ
955 3924 1168 3990 γένοιτο
1198 3939 1213 3952 ·
1245 3922 1385 3977 ἀλλὰ
1410 3925 1817 3997 τιλεϊσθαίμὲν

220 4015 401 4069 τοῦτο
445 4015 508 4068 sb
551 4013 725 4085 δῶρον
768 4013 871 4083 τῆς
910 4012 1189 4082 ἀφέσεως,
1220 4011 1299 4077 ῶς
1344 4015 1507 4078 αὐτὸς
1551 4018 1580 4069 δ
1627 4018 1819 4089 Σωτὴρ

223 4106 624 4178 παραδιδωκεν
652 4108 733 4168 είς
761 4106 823 4159 τὸ
851 4105 1025 4175 δνομα
1060 4103 1159 4159 τοῦ
1199 4106 1413 4178 Πατρὸς
1442 4110 1539 4162 καὶ
1562 4110 1655 4163 τοῦ
1684 4110 1816 4165 Υίοῦ

223 4199 333 4251 καὶ
359 4196 457 4250 τοῦ
492 4197 652 4265 ἁγίου
692 4196 1011 4267 Πνεύματος
1026 4213 1043 4231 ο
1082 4196 1354 4267 σύμϐολον
1387 4198 1435 4253 δ’
1454 4193 1607 4253 εἶναι
1659 4202 1819 4257 τοῦτο

215 4287 332 4342 τοῦ
355 4288 594 4342 θανάτου
620 4287 808 4350 αὐτοῦ,
838 4287 926 4341 διὰ
952 4287 1053 4358 τῆς
1101 4289 1327 4358 τριττῆς
1373 4291 1723 4356 καταδύσεώς
1759 4310 1819 4348 τε

221 4381 333 4433 καὶ
372 4377 685 4440 άναδύσεως
708 4378 808 4448 τὴν
832 4380 1133 4450 τριήμερον
1161 4379 1328 4434 αὑτοῦ
1355 4382 1537 4454 ταφὴν
1564 4385 1662 4437 καὶ
1686 4386 1818 4440 άνά-

222 4488 436 4525 στασιν
468 4469 733 4533 είκονίζον
766 4487 826 4523 τε
872 4472 967 4525 καὶ
987 4470 1443 4542 διατυπούμενον.
1473 4475 1565 4528 Διὸ
1591 4476 1688 4529 καὶ
1718 4478 1819 4547 οὐχ

215 4563 430 4624 ἁπλῶς
457 4556 634 4627 εἷπον,
678 4580 697 4612 ι
732 4561 824 4624 El;
863 4560 956 4614 τὸν
994 4561 1224 4616 θάνατον
1258 4562 1425 4617 αὐτοῦ
1482 4564 1820 4637 ἐϐαπτίσθη-

220 4659 365 4726 μιν,
401 4671 422 4705 ι
454 4651 595 4706 ἀλλὰ
632 4650 908 4744 ¹ι’τροτάξας
930 4652 1012 4718 τὸ,
1050 4671 1071 4704 ι
1114 4654 1270 4708 Ὅσοι
1303 4654 1387 4717 είς
1430 4654 1666 4725 Χριστδν
1690 4655 1820 4711 Ma-

1906 2200 2006 2240 nas
2061 2184 2129 2240 ad
2190 2183 2505 2239 subeundos
2565 2183 2840 2252 fagnnes:
2931 2195 3129 2235 rursus
3191 2179 3497 2235 Ecclesiam

1907 2286 2121 2340 vastas,
2181 2291 2378 2331 rursus
2433 2275 2694 2344 epistolas
2745 2289 2779 2329 a
2821 2271 3073 2327 Judaicis
3139 2262 3499 2342 pontificibus

1906 2367 2081 2424 refers
2116 2386 2130 2422 :
2185 2382 2309 2423 eum
2338 2367 2451 2437 jam
2477 2365 2683 2421 Paulus
2711 2365 2904 2425 fueris.
2939 2367 3138 2419 iterum
3185 2365 3239 2417 in
3269 2363 3499 2417 Saulum

1910 2460 2126 2516 recidis.
2170 2459 2305 2515 Nam
2331 2476 2430 2515 cur
2457 2458 2551 2530 qui
2593 2456 2719 2513 talia
2770 2458 3049 2519 docueris,
3110 2473 3254 2511 nunc
3306 2471 3501 2511 omnes

1903 2554 2066 2623 jubes
2118 2554 2172 2607 in
2224 2552 2426 2608 Christi
2478 2561 2651 2606 morte
2709 2550 3024 2621 baptizari?
3085 2549 3151 2604 Et
3180 2549 3342 2604 modo
3371 2565 3500 2604 cum

1910 2646 2173 2715 apostolis
2213 2645 2571 2712 laborumque
2597 2643 2767 2697 sociis
2814 2656 3005 2711 pinnas
3035 2644 3104 2696 ab
3136 2643 3206 2697 iis
3235 2642 3499 2712 reposcis,

1908 2737 2003 2807 qui
2037 2752 2163 2792 cum
2197 2734 2441 2804 qualibet
2468 2749 2533 2788 ex
2567 2733 2652 2787 his
2687 2732 2880 2787 formis
2923 2733 3205 2801 baptizare
3235 2734 3355 2788 ausi
3383 2732 3503 2787 fue-

1913 2830 2061 2892 rint;
2115 2826 2281 2881 ntodo
2332 2826 2450 2896 ipse
2508 2825 2791 2896 sigillatim
2826 2839 2935 2877 non
2972 2824 3151 2877 solum
3210 2825 3263 2878 in
3297 2826 3501 2895 angulo

1911 2917 2073 2985 dicis,
2105 2918 2280 2972 sedet
2307 2916 2614 2985 pradicas:
2656 2930 2756 2969 nec
2807 2914 2985 2968 solum
3036 2914 3323 2984 praedicas.
3360 2916 3501 2970 scri-

1914 3011 2089 3064 bendo
2132 3017 2313 3063 tamen
2342 3007 2648 3070 abstinens,
2709 3006 2803 3061 sed
2855 3006 3055 3060 litteris
3089 3013 3145 3060 et
3182 3006 3403 3076 quidem
3433 3006 3502 3060 ad

1916 3100 2192 3155 itomanos
2237 3100 2460 3170 scriptis
2510 3099 2842 3169 praconium
2896 3098 3314 3162 commendans,
3345 3112 3502 3152 sum-

1916 3208 2059 3247 mam
2114 3192 2313 3247 tribuis
2381 3192 2765 3246 auctoritatem
2833 3190 3107 3260 baptismo
3164 3191 3219 3244 in
3296 3190 3504 3246 Christi

1916 3283 2094 3342 morth
2141 3285 2364 3340 collato.
2419 3283 2529 3340 Sed
2585 3285 2735 3340 enim
2771 3285 3020 3340 veritatis
3067 3299 3246 3354 praeco
3282 3300 3382 3340 eos
3408 3288 3505 3355 qui

1919 3361 2174 3447 baptismi
2203 3377 2498 3431 novitatem
2529 3375 2814 3438 invehunt.
2860 3387 3029 3445 seque
3078 3377 3254 3444 ipsum
3289 3385 3506 3430 senten-

1917 3470 2004 3524 tia
2034 3484 2223 3525 eorum
2254 3468 2540 3539 astipuiari
2564 3468 2991 3533 calumniantur,
3045 3470 3124 3523 sic
3158 3468 3268 3523 fere
3304 3466 3523 3523 refuto»

1917 3559 2013 3614 bit.

1984 3651 2075 3706 2|.
2117 3651 2380 3721 Equidem
2454 3665 2554 3721 ego
2616 3651 2705 3705 aio
2733 3650 3034 3719 baptizatos
3062 3651 3393 3719 baptismum
3452 3653 3534 3705 in.

1916 3744 2121 3801 Christi
2155 3754 2327 3799 morte
2355 3744 2665 3809 recepisse;
2698 3756 2806 3797 nou
2842 3747 3021 3795 tamen
3054 3742 3141 3796 aio
3172 3741 3503 3812 baptismum

1920 3835 1973 3889 in
2007 3834 2254 3905 ejusdem
2282 3834 2475 3888 mortis
2503 3833 2854 3887 invocatione
2889 3831 3131 3887 conferri
3162 3850 3175 3898 ;
3213 3835 3361 3902 quod
3410 3834 3507 3888 ab—

1920 3927 2032 3993 sit;
2083 3926 2176 3982 sed
2236 3926 2362 3981 dico
2402 3925 2747 3980 remissionis
2796 3925 2899 3980 hoc
2934 3926 3142 3979 donum
3178 3926 3316 3991 ﬂeri,
3345 3936 3509 3995 prnut

1921 4021 2038 4091 ipse
2095 4019 2351 4075 Servatur
2394 4009 2641 4081 tradidit.
2703 4016 2757 4071 in
2815 4017 3039 4075 nomine
3082 4017 3262 4073 Patris
3302 4030 3359 4073 et
3382 4017 3504 4073 ιεἰιιί

1919 4123 1973 4168 et
2012 4112 2249 4179 Spiritus
2302 4114 2478 4166 sancti
2512 4128 2527 4165 :
2572 4110 2626 4165 id
2683 4126 2811 4165 vero
2841 4126 2964 4166 esse
3010 4111 3320 4182 symbolum
3356 4127 3507 4167 mor~

1920 4203 1994 4256 tis
2046 4202 2187 4271 ejus,
2231 4202 2359 4270 quia
2420 4200 2596 4253 tribus
2655 4199 3104 4255 immersiouibus
3169 4201 3507 4273 totidemque

1919 4292 2324 4349 emersiouibus
2352 4290 2671 4345 triduauam
2726 4291 2902 4361 ipsius
2935 4293 3269 4361 sepulturam
3320 4306 3503 4348 resur-

1921 4384 2325 4452 rectionemque
2345 4380 2614 4437 deformat
2635 4392 2800 4452 atque
2818 4383 3096 4451 exprimit.
3134 4384 3345 4438 idcirco
3359 4385 3504 4438 hami

1920 4474 2243 4543 simpliciter
2261 4471 2376 4526 dixi
2403 4490 2417 4526 :
2442 4490 2462 4524 ι
2484 4471 2542 4525 ln
2566 4482 2740 4527 morte
2760 4472 2881 4542 ejus
2902 4473 3157 4543 baptizati
3179 4490 3373 4530 sumus
3389 4476 3458 4539 ⁸⁸,
3481 4496 3499 4526 ι

1920 4564 2015 4621 sed
2032 4580 2157 4620 cum
2179 4573 2340 4619 antea
2355 4563 2618 4619 dixissem
2640 4581 2655 4619 :
2678 4582 2698 4616 ι
2717 4561 2994 4635 Quotquot
3017 4566 3071 4619 in
3091 4564 3313 4620 Christo
3330 4566 3506 4636 bapti-

1922 4654 2028 4709 zati
2048 4668 2263 4718 sumus,
2287 4671 2306 4703 ι
2331 4653 2530 4708 deinde
2545 4652 2751 4718 addidi,
2784 4670 2804 4705 ι
2833 4652 2890 4707 in
2910 4666 3087 4713 morte
3105 4656 3225 4725 ejus
3244 4656 3505 4726 baptizali

218 4745 581 4815 πτίσθημεν,
617 4762 638 4796 ι
663 4745 837 4808 οὓτως
879 4746 1162 4815 ἐπήγαγον
1194 4747 1256 4799 τὸ
1290 4764 1309 4797 ι
1342 4748 1440 4812 Εἰς
1467 4748 1561 4802 τὸν
1585 4748 1812 4804 θάνατον

1925 4750 2127 4803 fuimus
2153 4748 2198 4781 "
2233 4765 2247 4800 :
2286 4765 2306 4800 ι
2340 4746 2549 4803 scilicet
2572 4747 2675 4801 hac
2698 4747 2947 4817 proxima
2971 4747 3341 4804 diﬂ’erentium
3372 4766 3502 4806 sen-

211 4835 411 4895 αὺτοῦ
439 4835 900 4905 ισαπτίστθημεν·
927 4855 945 4887 ι
973 4839 1040 4908 τῇ
1061 4839 1202 4891 κατὰ
1221 4838 1501 4910 συνέχειαν
1519 4842 1817 4913 παραθέσει

208 4928 349 4982 τῶν
373 4926 649 4997 διαφόρων
671 4925 888 4980 ἐννοιῶν
915 4944 975 4981 τε
1013 4927 1109 4981 καὶ
1139 4929 1440 5000 ὀνομάτων,
1472 4934 1614 4987 κατὰ
1649 4936 1817 5004 μηδι-

211 5014 377 5086 μίαν
410 5013 510 5083 μὶν
549 5013 953 5083 ίερουργεῐσθαι
994 5016 1057 5068 τὸ
1108 5014 1393 5087 βάπτισμα
1439 5019 1814 5094 διδαξάμενος.

206 5103 250 5173 ἢ
298 5102 423 5170 γάρ
453 5098 523 5154 ἂν
549 5100 808 5154 τάναντία
829 5103 925 5155 καὶ
959 5102 1196 5172 μάλιστα
1233 5106 1349 5175 ἅμα
1398 5109 1612 5179 φρονῶν
1637 5128 1697 5163 τε
1724 5114 1819 5167 καὶ⁸

206 5195 417 5263 λέγων
456 5190 716 5254 ἑαλωκὼς
754 5191 894 5264 εῐην.
976 5193 1140 5248 Ἀλλά
1177 5194 1269 5249 διὰ
1321 5196 1423 5268 μιν
1469 5198 1567 5253 τοῦ
1619 5205 1815 5269 είπεῖν,

211 5305 237 5339 ε
294 5284 404 5345 Et;
432 5282 669 5352 Χριστὸν
702 5281 1138 5356 ὶδαπτίσοημεν,
1169 5306 1189 5340 ι
1222 5289 1305 5342 δτι
1346 5289 1502 5346 κατὰ.
1526 5291 1626 5362 τὴν
1656 5294 1819 5350 αὑτοῦ

207 5375 633 5449 μυσταγωγίαν
663 5374 1023 5449 βαπτισθῆναι
1067 5382 1426 5450 παρεδήλωσα
1450 5400 1462 5412 ·
1493 5385 1579 5437 διὰ
1619 5386 1676 5441 δὲ
1722 5388 1818 5442 τοῦ

294 5579 357 5610 ⁵⁸
393 5575 549 5631 Rom.
588 5593 663 5639 νι,
693 5580 745 5633 3.
817 5579 861 5610 ⁸¹
901 5579 1030 5633 ibid.
1107 5582 1153 5614 "
1186 5580 1349 5637 ilehr.
1387 5599 1455 5642 ιν,
1503 5585 1579 5638 IS.

1927 4841 2221 4897 tentiarum
2270 4855 2336 4895 ac
2386 4842 2673 4895 nominum
2726 4840 3033 4909 adjectione
3082 4842 3217 4897 satis
3276 4842 3501 4907 docens.

1926 4936 2227 4991 secundum
2261 4933 2462 4988 nullam
2490 4950 2555 4988 ex
2584 4934 2668 4988 his
2699 4932 2892 4988 formis
2921 4935 3251 5005 baptismum
3279 4936 3496 4990 confici.

1927 5028 2179 5098 Alioquin
2211 5028 2485 5082 contraria
2522 5028 2757 5081 maxime
2788 5036 2844 5082 et
2878 5029 3080 5082 sentire
3109 5037 3161 5082 et
3193 5029 3376 5084 dicere
3403 5044 3499 5085 eo-

1928 5133 2203 5188 arguerer.
2232 5115 2338 5172 Sed
2375 5132 2559 5173 revera
2591 5133 2715 5171 cum
2742 5117 2853 5171 disi
2880 5134 2893 5170 :
2932 5136 2951 5170 ι
2986 5118 3044 5173 In
3071 5118 3289 5174 Christo
3324 5119 3496 5190 bapti-

1929 5209 2034 5263 zati
2069 5222 2281 5274 sumus,
2318 5226 2337 5261 ι
2369 5208 2672 5265 secundum
2698 5207 2820 5279 ejus
2847 5209 3097 5264 iuitiandi
3126 5210 3289 5266 ritum
3327 5213 3499 5280 bapti-

1930 5308 2082 5356 zatos
2113 5313 2214 5355 nos
2246 5298 2517 5355 declaravi
2544 5318 2560 5365 ;
2593 5315 2718 5354 cum
2751 5309 2933 5356 autem
2959 5301 3072 5357 dixi
3099 5319 3112 5356 :
3156 5321 3175 5355 ι
3216 5303 3270 5356 In
3323 5313 3500 5358 moite

1928 5392 2049 5461 cjus
2121 5391 2372 5462 baptizati
2444 5392 2667 5455 luimus,
2712 5412 2729 5444 ι
2782 5393 2915 5448 nihil
2972 5394 3116 5451 aliud
3171 5393 3473 5463 signiﬁcavi

1753 5706 1983 5761 NOTAE.

292 5814 426 5882 {47)
464 5811 668 5868 Conon.
711 5816 1001 5883 «1,051.48.
1039 5818 1126 5874 ιε).
1161 5815 1290 5872 Ιιυιιι
1317 5822 1496 5875 (Ῑοηδι.
1528 5835 1698 5890 apost.
1736 5824 1828 5878 lib.
1873 5840 1964 5889 \‘Il,
1998 5824 2087 5876 2'5.
