4186 6444
807 390 910 458 831

1957 399 2218 462 PHOTII
2254 402 2760 468 PATRIARCHIE
2784 410 2893 471 CP.

808 507 914 562 nisi
950 505 1097 576 quod
1129 505 1428 576 baptismus
1486 522 1516 562 a
1549 506 1839 566 Servatore
1871 509 2156 569 institutos
2179 523 2365 583 typum

2478 520 2662 580 εἰπεῖν,
2704 540 2721 573 ι
2758 521 2850 584 Ei;
2881 523 2973 575 τὸν
2999 523 3227 578 θάνατον
3263 525 3428 580 αὐτοῦ
3446 527 3874 601 ἐϐαπτίσθημεν,
3916 554 3934 584 υ
3957 536 4032 588 ὅτι

805 614 917 670 pra
943 614 1003 652 se
1031 597 1133 652 fert
1162 609 1326 666 atque
1361 598 1614 669 imaginis
1665 610 1893 656 mortem
1935 603 2076 672 ejus,
2108 620 2230 675 qua:
2269 606 2370 660 im-

804 689 1153 746 mortalitatis
1201 689 1405 745 fontem
1457 691 1614 747 nobis
1660 693 1936 748 reseravit.
1979 693 2139 749 Aliud
2186 705 2367 752 autem

803 784 1033 836 omnino
1079 791 1160 836 est
1194 782 1274 837 sic
1320 781 1465 851 loqtti
1502 791 1558 836 ut
1609 798 1710 839 nos
1753 785 2058 852 ediximus;
2100 786 2248 842 aliud
2286 798 2372 842 est

804 875 1072 929 afﬁrmare
1099 874 1243 944 (qua:
1271 874 1526 929 damnata
1559 889 1589 928 ιι
1619 875 1774 930 nobis
1798 878 2064 932 sententia
2088 877 2193 948 est)
2220 893 2370 950 rege-

806 963 1107 1018 nerationis
1178 963 1500 1031 mysterium
1573 979 1698 1018 cum
1776 966 2118 1022 invocatione
2180 968 2372 1024 mortis

802 1055 1008 1110 Christi
1040 1055 1261 1107 confieri
1293 1054 1537 1108 solitum.
1581 1053 1733 1107 Haud
1771 1069 1874 1110 nos
1921 1055 2086 1124 igitur
2121 1051 2369 1110 'mentem

803 1147 1236 1211 immutavlmus,
1289 1160 1470 1215 neque
1500 1146 1566 1200 ad
1617 1144 1875 1201 Judaicas
1903 1129 2165 1214 Epistolas
2187 1147 2300 1216 jam
2339 1161 2369 1201 a

801 1241 964 1296 nobis
997 1239 1333 1308 improbatas
1372 1239 1574 1294 reversi
1602 1253 1794 1294 sumus
1833 1257 1846 1292 :
1875 1239 1966 1309 qui
1988 1239 2236 1294 videlicet
2261 1253 2373 1295 cte-

800 1330 958 1385 lestia
985 1329 1236 1398 dogmata
1269 1329 1461 1383 nonin
1507 1329 1753 1398 lapideis,
1801 1329 1892 1384 sed
1937 1329 2268 1385 ﬁrmissimis
2317 1339 2374 1386 et

800 1437 1081 1492 nunquam
1112 1420 1425 1492 frangendis
1439 1421 1607 1475 animi
1636 1421 1834 1476 tabulis
1865 1421 2260 1493 inscripsimus.
2294 1422 2372 1476 Illi

805 1515 984 1584 potius
1017 1513 1246 1569 Paulum
1290 1515 1681 1570 transformare
1721 1515 1775 1568 in
1826 1513 2051 1570 Saulum
2099 1515 2368 1579 nituntur,

805 1621 966 1680 atque
1011 1611 1064 1664 in
1118 1609 1240 1664 aliis
1292 1610 1560 1679 ejusmodi
1615 1610 1938 1674 obtrectant,
1970 1625 2283 1680 quanquam
2319 1609 2370 1665 id

803 1706 982 1774 ipsum
1021 1702 1177 1758 fateri
1207 1717 1302 1757 eos
1332 1701 1516 1771 pudet,
1561 1717 1701 1770 quos
1744 1717 2026 1772 perperam
2073 1702 2374 1773 intelligere

803 1806 858 1850 et
887 1793 1206 1850 calumniari
1242 1806 1522 1848 sermones
1543 1807 1690 1846 meos
1719 1792 1892 1862 juvat.
1925 1791 2032 1860 Ego
2056 1806 2195 1847 sane
2220 1808 2372 1847 com-

2469 609 2640 662 τύπον
2678 612 2836 681 φέρει
2861 613 2956 664 καὶ⁵
2981 613 3165 667 ἓίκόνα
3193 616 3285 668 τοῦ
3319 618 3420 687 τὴν
3439 619 3734 673 ἀθανασίαν
3762 625 3901 690 ἡμῖν
3931 642 4032 692 πηρ

2469 697 2739 765 γάσαντος
2790 700 3022 756 Θανάτου
3071 703 3234 757 αὐτοῦ
3286 706 3350 758 τὸ
3413 710 3680 778 σωτήρων
3731 710 4037 783 βάπτισμα.

2472 789 2700 860 Ἕτερον
2742 792 2800 845 δέ
2839 794 3121 857 παντελῶς
3163 797 3280 850 ἐστι
3324 794 3504 865 λέγειν
3544 799 3717 854 ταῦτα
3757 802 3900 871 ὅπερ
3949 805 4039 855 καί

2449 881 2633 956 υὴμεῖς
2659 881 2945 951 τιθέμεθα,
2981 883 3076 937 καὶ
3106 885 3292 957 ἕτερον
3315 887 3376 939 τὸ
3397 887 3579 956 λέγειν
3601 890 3682 942 ὅτι
3709 893 3774 960 τῇ
3805 891 4042 962 ἐπικλή-

2473 969 2679 1023 σειίτοῦ
2705 970 2938 1026 θανάτου
2959 974 3149 1038 αὐτοῦ,
3187 976 3218 1030 δ
3246 977 3697 1050 καταδικάζομεν,
3718 982 3780 1034 τὸ
3801 981 3907 1050 τῆς
3938 999 4044 1035 πα-

2470 1060 2810 1129 λιγγενεσίας
2855 1063 3220 1134 ίερουργεῖται
3268 1069 3585 1139 μυστήριον.
3642 1069 3851 1124 Οὔκουν
3881 1075 4046 1140 ἡμεῖς

2475 1153 2835 1225 μετέστημεν,
2866 1157 2986 1210 οὐδὲ
3017 1159 3157 1228 προς
3183 1161 3284 1222 τὰς
3330 1160 3628 1225 Ἰουδαϊκὰς
3658 1156 4045 1226 ἐπιστολάςῶ

2472 1244 2824 1316 κατόγνωμεν
2859 1248 3284 1321 ἐπεστράφημεν
3308 1267 3324 1282 ο
3365 1251 3513 1317 απαξ
3569 1253 3638 1306 τά
3688 1255 3924 1325 οὐράνια
3962 1255 4046 1307 δό-

2472 1351 2658 1406 γματα
2686 1339 2786 1390 οὐκ
2826 1340 2886 1392 εν
2913 1338 3140 1404 λιθίναις
3166 1342 3379 1410 πλαξὶν,
3406 1344 3522 1398 ἀλλ’
3554 1345 3615 1398 ἐν
3650 1346 4048 1419 στερροτάταις

2474 1429 2570 1481 καὶ
2609 1427 2939 1498 ἀθραύστοις
2973 1432 3341 1502 ἐγγραφέντες
3399 1435 3501 1505 τῆς
3559 1436 3740 1508 ψυχῆς
3803 1438 4045 1503 πίναξιν.

2485 1515 2713 1570 Ἐκεῖνοι
2736 1517 2790 1570 δὲ
2819 1520 3079 1590 μεθιστᾷν
3098 1524 3434 1593 ἐπιχειροῦσι
3456 1526 3549 1579 τδν
3569 1526 3779 1580 Παῦλον
3806 1529 3890 1590 είς
3907 1526 4049 1580 Σαῦ-

2474 1603 2581 1669 λον,
2609 1607 2704 1659 καὶ
2736 1607 2805 1660 τὰ
2848 1607 2983 1662 ἄλλα
3012 1609 3384 1681 διασύρουσιν,
3429 1612 3534 1667 κᾶν
3570 1616 3861 1684 ὁμολογεῖν
3890 1617 4052 1669 ἐπαι-

2475 1696 2796 1765 σχύνωνται,
2825 1693 2904 1762 οἷς
2929 1704 3220 1770 παρανοεῖν
3240 1705 3334 1758 καὶ
3353 1709 3705 1773 συκοφαντεῖν
3729 1708 3860 1771 τοὺς
3882 1707 4050 1777 ἐμοὺς

2473 1787 2675 1858 ἐπῆλθε
2699 1789 2892 1858 λόγους
2915 1808 2931 1824 ο
2967 1793 3090 1846 ἐπεὶ
3127 1794 3226 1858 τάς
3253 1811 3316 1864 γε
3360 1797 3546 1861 κοινὰς
3567 1797 3680 1851 τῶν
3701 1801 4048 1852 συναποστό-

803 1905 997 1944 munes
1030 1901 1274 1942 meorum
1317 1887 1369 1940 in
1407 1887 1710 1956 apostolatu
1755 1886 2026 1940 sociorum
2073 1887 2372 1942 sententias

2478 1879 2580 1933 λων
2607 1881 2822 1950 ψήφους
2853 1884 2946 1936 καὶ
2979 1884 3143 1949 αὐτὸς
3186 1887 3388 1956 ὁμοίως
3439 1889 3682 1962 στέργων
3713 1891 3811 1944 καὶ
3839 1889 4048 1961 κυρῶν.

801 1982 918 2050 ipse
946 1993 1166 2050 quoque
1188 1978 1521 2047 amplectens
1546 1993 1609 2031 ac
1651 1977 1920 2039 sanciens,
1965 1978 2212 2032 homines
2249 1978 2371 2034 illos

800 2075 894 2144 qui
928 2073 1036 2126 alio
1063 2070 1260 2141 quovis
1294 2071 1454 2125 modo
1483 2069 1760 2138 baptizare
1793 2069 2010 2132 audent,
2033 2085 2198 2139 quam
2230 2069 2290 2124 ﬁt
2317 2070 2370 2124 in

805 2160 1083 2214 Dominica
1117 2159 1364 2212 initiandi
1396 2156 1668 2222 formula;
1699 2157 1914 2212 etiamsi
1957 2156 2240 2213 Trinitatis
2269 2158 2372 2214 tria

801 2249 1021 2303 nomina
1052 2247 1367 2308 adhibeant,
1400 2245 1614 2300 etiamsi
1667 2244 1803 2298 nihil
1843 2245 2181 2312 reliquorum
2208 2245 2373 2300 omit-

801 2348 958 2402 tant;
989 2338 1034 2392 si
1063 2347 1242 2390 tamen
1272 2335 1326 2388 hi
1357 2350 1461 2388 una
1495 2332 1846 2388 immersione
1885 2333 2215 2402 baptismum
2245 2348 2375 2389 con-

801 2429 1020 2494 ficiant;
1043 2437 1101 2482 et
1137 2427 1183 2481 si
1235 2441 1302 2481 ne
1329 2425 1381 2480 id
1435 2425 1654 2494 quidem
1686 2425 2048 2491 committant,
2074 2425 2170 2481 sed
2202 2425 2286 2480 vel
2318 2426 2371 2480 in

801 2520 1009 2576 Christi
1054 2519 1400 2574 invocatione
1449 2517 1750 2587 baptizent,
1792 2515 1875 2571 vel
1920 2516 1973 2570 in
2010 2516 2135 2585 eius
2175 2525 2372 2583 morte,

804 2613 887 2669 vel
916 2612 1076 2667 aliam
1111 2609 1412 2680 quamlibet
1459 2609 1778 2672 novitatem,
1835 2618 2029 2677 praeter
2069 2608 2375 2664 Servatoris

802 2704 1173 2767 traditionem,
1204 2703 1548 2772 excogitent;
1574 2717 1672 2771 ego
1696 2701 1796 2756 hos
1826 2700 1971 2755 nulla
2003 2701 2159 2756 venia
2183 2701 2375 2770 digna-

803 2798 941 2862 bor;
983 2796 1074 2850 sed
1107 2811 1232 2849 eum
1267 2794 1360 2864 qui
1397 2796 1477 2848 vel
1513 2795 1565 2847 in
1616 2808 1726 2846 uno
1750 2809 1778 2843 θ
1800 2793 2132 2861 supradictis
2176 2809 2376 2862 pecca-

802 2890 942 2944 verit
975 2887 1056 2941 vel
1083 2886 1136 2939 in
1163 2887 1272 2940 alio
1299 2884 1489 2950 simili,
1523 2884 1643 2938 sine
1669 2883 1837 2937 dubio
1857 2897 2009 2938 reum
2047 2898 2223 2953 agam.
2256 2881 2373 2938 Non

803 2983 949 3038 enim
999 2981 1125 3050 quia
1171 2978 1452 3033 nominum
1499 2977 1736 3045 qualitas
1775 2975 2035 3039 variatur,
2089 2975 2210 3030 ideo
2261 2974 2377 3030 leve

803 3074 1010 3128 crimen
1035 3071 1420 3132 contrahitur;
1457 3067 1550 3123 sed
1586 3068 1712 3136 quia
1763 3066 2080 3122 mandatum
2117 3067 2375 3128 violatur,

806 3165 1011 3220 idcirco
1044 3177 1169 3218 reus
1201 3159 1553 3216 damnatione
1583 3157 1794 3211 feritur.
1824 3157 1951 3212 Hzcc
1979 3157 2182 3211 Paulus
2205 3157 2378 3212 eccle-

804 3260 900 3312 size
924 3262 1131 3316 orator,
1167 3250 1305 3306 mori
1336 3249 1502 3319 huius
1535 3248 1798 3319 praxique
1841 3247 2213 3317 patrocinaus,
2255 3246 2378 3300 Ser-

803 3346 1010 3401 vatoris
1055 3351 1383 3413 praet-ptum
1423 3339 1782 3402 conﬁrmans,
1816 3352 1878 3392 os
1928 3337 2150 3391 illorum
2196 3336 2379 3392 occlu-

803 3437 941 3492 dens
968 3435 1062 3505 qui
1089 3433 1424 3488 contrarium
1463 3429 1710 3486 factitare
1753 3427 1870 3482 ausi
1912 3437 2119 3491 essent,
2148 3442 2376 3482 suorum

805 3534 985 3580 autem
1016 3523 1068 3576 in
1101 3520 1368 3576 electione
1410 3529 1467 3573 et
1509 3516 1814 3587 apostolatu
1854 3531 2244 3586 praecessorum
2280 3515 2380 3570 de-

805 3627 953 3672 creta
986 3612 1164 3682 sigillo
1187 3612 1460 3665 muniens.
1490 3607 1574 3661 Tu
1605 3622 1730 3661 vero
1757 3606 1885 3676 quid
1910 3605 2021 3675 jam
2050 3605 2172 3660 ais?
2196 3606 2381 3660 fierine

803 3707 980 3778 potuit
1017 3713 1076 3758 ut
1119 3701 1348 3773 apostoli
1399 3697 1884 3770 transgressionem
1928 3698 2052 3752 aliis
2083 3697 2382 3767 exprobra-

805 3805 946 3860 rent,
981 3793 1082 3863 ipsi
1122 3791 1367 3863 magistri
1399 3789 1860 3858 transgressionis
1883 3787 2094 3842 essent?
2124 3798 2287 3856 atque
2312 3787 2381 3842 ab

803 3888 928 3944 aliis
953 3900 1108 3943 noxa:
1135 3898 1324 3953 poenas
1361 3889 1751 3951 reposcerent;
1786 3879 1887 3948 ipsi
1925 3879 2146 3948 impune
2185 3894 2380 3948 pecca-

804 3995 961 4037 turos
989 3995 1049 4036 se
1075 3977 1392 4034 crederent?
1421 3974 1552 4045 quid
1580 3973 1751 4044 quod,
1794 3972 1840 4026 si
1874 3973 2002 4042 quid
2047 3972 2140 4027 alii
2189 3987 2383 4042 pecca-

805 4077 959 4137 bant,
993 4071 1040 4126 si
1094 4079 1276 4125 tamen
1328 4066 1646 4137 peccabant,
1702 4064 1806 4133 ipsi
1869 4063 1940 4117 ob
1997 4063 2050 4117 id
2108 4063 2374 4132 plectendi

803 4173 981 4229 erant,
1009 4164 1136 4234 quia
1162 4177 1331 4218 causa
1361 4158 1612 4215 criminis
1637 4157 1741 4210 illis
1774 4154 2033 4210 fuerant?
2057 4155 2161 4220 Sed
2195 4157 2380 4211 hacte-

803 4276 909 4316 nus
940 4257 1078 4312 dicta
1105 4253 1395 4312 suﬂiciant.

2472 1973 2597 2036 τοὺς
2638 1973 2764 2026 καθ’
2793 1975 2982 2046 ἔτερόν
3006 1993 3132 2030 τινα
3155 1977 3356 2049 τρόπον
3385 1978 3667 2049 βαπτίζειν
3697 1982 4050 2052 ἀποτολμῶν-

2470 2079 2571 2127 τας
2599 2064 2693 2118 καὶ
2719 2066 2795 2137 μὴ
2829 2067 2974 2120 κατὰ
3000 2067 3102 2139 τὴν
3127 2069 3463 2141 Δεσποτικὴν
3506 2075 3923 2141 μυσταγωγίαν,
3952 2072 4051 2127 κᾶν

2473 2155 2573 2223 τῆς
2599 2155 2825 2224 Τριάδος
2870 2156 3133 2228 ἰσάριθμα
3174 2160 3244 2212 τά
3267 2160 3506 2229 ὀνόματα
3538 2162 4049 2234 παραλαμϐάνωσι,

2475 2245 2577 2299 κᾶν
2610 2247 2766 2301 οὐδέν
2799 2250 2898 2319 μὲν
2928 2249 3039 2302 τῶν
3067 2250 3247 2306 ἄλλων
3276 2253 3764 2324 παραχαράττωσι,
3797 2253 3892 2308 διά
3925 2257 4052 2324 μιᾶς

2472 2338 2528 2392 δέ
2559 2339 2911 2404 καταδύσεως
2931 2341 2992 2394 τὸ
3020 2341 3302 2410 βάπτισμα
3331 2345 3698 2414 άπαρτίζωσι,
3745 2345 3851 2398 κᾶν
3919 2346 4052 2415 μηδι

2471 2432 2683 2495 τούτοις
2731 2434 3061 2502 ἐνέχωνται,
3091 2435 3171 2499 είς
3221 2435 3278 2490 δὲ
3313 2436 3414 2506 τὴν
3457 2437 3552 2490 τοῦ
3579 2437 3819 2510 Χριστοῦ
3858 2437 4052 2507 κλῆσιν

2477 2521 2837 2592 βαπτίζωσιν,
2860 2523 2894 2593 ἢ
2932 2525 3012 2587 είς
3057 2523 3156 2596 τὴν
3198 2523 3293 2578 τοῦ
3331 2524 3562 2579 θανάτου
3604 2527 3792 2591 αὐτοῦ,
3825 2524 3934 2579 κᾶν
3966 2526 4052 2580 άλ·

2475 2614 2708 2684 ληντινά
2727 2614 2971 2668 ἐπίνοιαν
2990 2617 3318 2686 ἐπινοήσωσι
3331 2616 3756 2688 καινοτομοῦσαν
3777 2617 3881 2688 τὴν
3903 2616 4055 2671 θείαν

2475 2707 2639 2760 αὑτοῦ
2666 2712 2758 2762 καὶ
2787 2710 3051 2779 σωτήριον
3089 2709 3408 2780 παράδοσιν,
3451 2710 3704 2779 οὐδεμιᾶς
3728 2710 3913 2778 εγωγε
3942 2727 4056 2778 φει-

2475 2796 2600 2860 δοῦς
2623 2800 2750 2861 τοὺς
2785 2799 3062 2862 τοιούτους
3093 2799 3389 2870 ἀξιώσαιμι
3413 2816 3426 2832 ·
3449 2799 3587 2855 sua;
3613 2800 3704 2853 τὸν
3726 2800 3812 2869 ἐφ’
3835 2800 3925 2853 ἐνὶ
3952 2803 4056 2853 τινὶ

2476 2887 2587 2939 τῶν
2620 2889 2928 2958 εἰρημένων
2958 2889 3175 2954 ἁλόντα,
3205 2889 3238 2960 ἢ
3267 2891 3376 2943 τινὶ
3389 2890 3499 2943 τῶν
3525 2889 3732 2952 τούτοις
3761 2890 4059 2961 παραπλη·

2480 2977 2632 3041 σίων,
2661 2978 2764 3049 τῆς
2791 2980 2961 3049 αὐτῆς
2992 2980 3292 3052 καταδίκης
3311 2981 3410 3051 οὐχ
3439 2982 3630 3051 ἁλοίην
3660 2980 3733 3052 μὴ
3767 2982 4058 3051 γραφόμε-

2478 3084 2568 3132 νος
2597 3067 2801 3138 ἔνοχον.
2828 3068 2903 3123 Oti
2934 3069 3102 3140 γὰρὴ
3143 3073 3240 3140 τῆς
3290 3072 3399 3125 τῶν
3430 3073 3710 3142 ὀνομάτων
3766 3072 4059 3140 ποιότητος

2482 3158 2750 3229 ἰναλλαγὴ
2777 3161 2910 3230 πρὸς
2935 3161 2994 3214 τὸ
3020 3161 3244 3231 μέτριον
3267 3162 3466 3232 άγειτο
3493 3161 3764 3231 ἔγκλημα,
3797 3162 3944 3216 ἀλλὰ
3966 3162 4059 3229 τῆς

2481 3249 2696 3320 ἐντολῆς
2724 3251 2757 3321 ἡ
2786 3251 3099 3320 παράϐασις
3117 3253 3213 3323 τῆς
3249 3255 3417 3322 αὐτῆς
3465 3255 3764 3325 καταδίκης
3813 3256 3933 3316 τοῖς
3972 3257 4061 3312 iv:

2479 3338 2626 3408 όχοις
2649 3341 2971 3395 καθίσταται
2999 3343 3277 3414 πρόξενος.
3306 3343 3496 3398 Ταῦτα
3538 3343 3750 3407 Παῦλος
3783 3343 3888 3414 τῆς
3939 3345 4059 3397 Ἐκ-

2481 3429 2712 3501 κλησίας
2737 3433 2767 3484 ό
2801 3433 3008 3502 ῥήτωρ,
3041 3433 3358 3504 συνηγορῶν
3395 3435 3494 3502 μέν
3517 3435 3688 3503 αὐτῆς
3720 3433 3799 3504 τῷ
3831 3435 3954 3488 ἐθει
3970 3437 4063 3487 καὶ

2481 3524 2596 3585 ταῖς
2635 3521 2892 3593 πράξεσι,
2931 3525 3216 3594 κρατύνων
3264 3526 3320 3580 δέ
3364 3525 3463 3596 τὴν
3509 3528 3776 3594 σωτήριον
3811 3527 4061 3598 ἐντολὴγ,

2481 3613 2851 3683 ἐπιστομίζων
2905 3615 2963 3668 δέ
3007 3617 3134 3679 τοὺς
3175 3617 3290 3671 ὅσοι
3327 3619 3464 3689 πρὸς
3511 3619 3824 3672 τούναντίον
3871 3620 4064 3689 ῥέπειν

2481 3703 2865 3774 ἐπεχείρησαν,
2910 3705 3020 3760 τῶν
3063 3707 3444 3779 προλαϐόντων
3483 3709 3646 3763 αὑτὸν
3669 3710 3751 3772 εἰς
3781 3710 3887 3780 τὴν
3912 3711 4062 3764 ἐκλο-

2480 3791 2583 3862 γὴν
2604 3795 2698 3847 καὶ
2725 3795 3026 3865 ἀποστολὴν
3058 3798 3590 3869 ἐπισφραγιζόμενος
3616 3798 3687 3853 τὰ
3705 3801 4059 3870 ψηφίσματα,

2484 3885 2556 3938 Σὺ
2593 3884 2649 3938 δέ
2677 3885 2933 3953 τίλέγεις
2962 3887 3086 3953 in;
3126 3884 3236 3958 ἄρα
3277 3890 3499 3945 δυνατόν
3549 3893 3699 3946 ἐστιν
3739 3891 3931 3955 ἄλλοις
3965 3891 4065 3961 μὲν

2485 3973 2800 4042 παράϐασιν
2851 3976 3126 4042 ἐγκαλεῖν,
3165 3980 3364 4042 αὐτοὺς
3413 3979 3470 4034 δὲ
3522 3979 3886 4034 καθίστασθαι
3928 3981 4067 4035 διδα-

2486 4065 2717 4128 σκάλους
2759 4065 2858 4136 τῆς
2893 4068 3295 4135 παραϐάσεωςς
3337 4071 3430 4125 καὶ
3451 4070 3746 4141 λαμϐάνειν
3779 4072 3885 4141 μὲν
3930 4072 4063 4142 παρ’

2485 4156 2688 4227 ἐτέρων
2711 4160 2809 4228 τῆς
2835 4159 3204 4228 παραϐάσεως
3228 4162 3441 4225 ποινὰς.
3471 4163 3696 4226 ἐαυτοὺς
3727 4163 3786 4216 δέ
3813 4165 4064 4233 νομίζειν

2486 4248 2810 4310 ἀνευθύνους
2835 4246 2974 4304 εἶναι
3010 4250 3108 4304 τοῦ
3157 4253 3543 4324 τολμήματος;
3575 4255 3667 4308 καί
3709 4272 3795 4308 τοι
3841 4258 3940 4307 καὶ
3991 4249 4064 4307 ὧν

803 4355 1121 4428 ἡμάρτανον
1150 4348 1350 4417 ἐτεροι,
1391 4344 1550 4412 εἴπερ
1583 4341 1918 4412 ἡμάρτανον.
1949 4340 2190 4402 ἐκείνους
2214 4340 2381 4410 ἐχρῆν
2423 4339 2643 4410 ὑπέχειν
2673 4341 2774 4411 τὴν
2803 4341 2982 4412 δίκην,
3039 4343 3116 4408 ὡς
3171 4345 3271 4416 τῆς
3295 4347 3472 4410 αίτίας
3496 4347 3591 4400 ἀπ’
3611 4348 3791 4402 αὐτῶν
3812 4349 3895 4410 εἰς
3922 4343 4064 4401 ἐκεί·

804 4468 930 4513 νους
987 4444 1257 4513 δοθείσης.
1333 4437 1493 4490 Ἀλλά
1554 4434 1662 4506 γὰρ
1721 4435 1882 4489 ἱκανὰ
1932 4434 2025 4487 καὶ
2071 4432 2244 4488 ταῦτα
2293 4429 2466 4502 οἶμαι.

873 4539 966 4594 τε.
995 4538 1149 4590 Nunc
1173 4549 1282 4588 uno
1311 4533 1510 4586 intuitu
1541 4530 1828 4584 videndum
1854 4537 2124 4598 superest,
2156 4528 2381 4597 quibus-

2555 4529 2660 4597 κβ’.
2688 4530 2894 4600 Καιρδς
2917 4531 2962 4584 δ’
2985 4532 3052 4585 ἄν
3078 4533 3162 4602 εἴη
3193 4534 3425 4602 συνορᾷν
3450 4531 3516 4585 δι’
3544 4530 3684 4584 ὅσων
3722 4531 3822 4585 τοῦ
3881 4532 3941 4598 ἐξ
3970 4532 4064 4600 ἁρ-

807 4647 933 4686 nam
964 4644 1030 4683 ex
1064 4626 1404 4697 argumentis
1438 4623 1728 4692 proposita:
1759 4621 1829 4674 ab
1864 4620 2023 4674 initio
2062 4618 2386 4690 quaestionis

809 4724 1010 4780 solutio
1043 4720 1304 4774 dimanet.
1337 4714 1462 4770 Haec
1505 4716 1681 4784 primo
1711 4729 1740 4766 a
1766 4712 2104 4782 singulorum
2135 4710 2385 4766 vocabuli

809 4831 995 4870 nomen
1037 4811 1441 4884 signiﬁcatuutn
1492 4807 1863 4868 distinctione,
1903 4815 2067 4873 atque
2113 4819 2144 4857 a
2191 4802 2383 4858 confu-

811 4908 984 4963 sionis
1012 4902 1484 4959 discriminatione
1516 4898 1801 4953 deducitur
1831 4915 1844 4950 :
1894 4895 1965 4949 ita
2015 4904 2071 4948 ut
2100 4895 2385 4963 perspicue

809 5001 1050 5055 sciamus
1084 4995 1427 5066 quamlouatn
1475 5007 1660 5044 nomen
1699 4988 2061 5056 signiﬁcatum
2108 4987 2384 5057 proprium

811 5089 1039 5150 habeat;
1068 5085 1286 5155 quando
1316 5084 1441 5136 item
1468 5081 1693 5151 gloriam
1726 5079 2095 5146 honoremque
2121 5077 2384 5131 nominati

807 5183 1058 5244 denotet;
1114 5192 1307 5232 rursus
1363 5174 1583 5242 quando
1650 5172 1894 5240 ejusdem
1966 5171 2269 5225 doctrinam
2323 5184 2388 5224 ac

810 5273 1272 5343 praedicationem.
1308 5266 1475 5321 Favet
1518 5273 1775 5334 prtrtcrca
1831 5263 2088 5317 solutioni
2129 5262 2174 5315 si
2220 5261 2387 5330 probe

811 5381 1125 5429 noscamus,
1165 5361 1308 5415 haud
1355 5357 1690 5412 adamttssint
1739 5371 2039 5422 congruere
2067 5371 2188 5408 cum
2237 5353 2386 5407 vocis

811 5470 938 5530 typo
968 5456 1360 5511 sententiarum
1392 5449 1828 5505 similitudinem.
1871 5447 2000 5500 Nam
2041 5463 2215 5516 neque
2241 5447 2387 5502 locu-

810 5554 986 5604 tiones
1019 5550 1071 5601 in
1107 5546 1305 5601 Christi
1355 5555 1549 5607 tnortc,
1595 5551 1649 5596 et
1681 5543 1732 5595 in
1766 5539 1984 5594 Christo
2017 5539 2299 5608 baptizari.
2333 5549 2388 5591 et

2485 4620 2586 4691 χῆς
2613 4622 2968 4693 ἀπορήματος
3015 4623 3462 4694 ἐπιχειρημάτων
3507 4622 3884 4695 προελήλυθεν
3910 4627 3943 4694 ὴ
3973 4624 4066 4676 λς..

2486 4728 2591 4773 σις.
2623 4713 2840 4783 Πρόεισι
2871 4715 2968 4784 μὲν
2997 4716 3106 4787 γὰρ
3133 4714 3256 4768 καθ’
3288 4715 3384 4769 ἕνα
3416 4713 3573 4782 λόγον
3593 4714 4066 4782 διαστελλομένων

2483 4802 2594 4856 τῶν
2627 4805 3042 4874 σημαινομένων
3062 4806 3161 4859 τοῦ
3198 4805 3466 4875 ὀνόματος
3495 4805 3592 4859 καὶ
3615 4805 3715 4872 τῆς
3740 4802 4063 4872 συγχύσιως

2484 4894 2904 4965 διακρινομένης
2927 4913 2939 4925 ·
2965 4896 3039 4960 ὡς
3064 4914 3122 4950 τε
3154 4896 3341 4964 σαφῶς
3365 4897 3562 4950 εἰδέναι
3585 4894 3716 4948 πότε
3745 4895 3848 4964 μὲν
3869 4895 3934 4947 τὸ
3970 4895 4064 4948 κύ⁸

2487 5005 2603 5058 ριον
2630 4989 2899 5043 αὐτὸκαθ’
2934 4989 3098 5042 ἐαυτδ
3120 4991 3181 5042 τὸ
3210 4989 3398 5058 ὄνομα
3424 4987 3705 5058 σημαίνει,
3735 4987 3871 5039 πότε
3902 4987 3963 5040 δέ
3981 4987 4064 5040 δό-

2487 5080 2586 5146 ξαν
2611 5083 2705 5134 καὶ
2727 5082 2894 5152 τιμὴν
2917 5081 3013 5135 τοῦ
3062 5081 3488 5150 ὀνομαζομένου,
3518 5079 3613 5131 καὶ
3652 5077 3786 5130 πότε
3830 5079 3938 5149 τὴν
3973 5079 4054 5132 δι-

2485 5172 2779 5226 δασκαλίαν
2817 5172 2982 5226 αὐτοῦ
3009 5172 3101 5226 καὶ
3143 5172 3204 5225 τὸ
3249 5173 3529 5242 κήρυγμα.
3561 5171 3967 5239 Συνεπικροτεῖ
4009 5169 4064 5222 δὲ

2484 5262 2584 5332 τὴν
2607 5263 2760 5317 λύσιν
2788 5266 2882 5317 καὶ
2932 5264 2995 5317 τὸ
3037 5257 3224 5317 λαϐεῖν
3275 5263 3585 5330 ἐπιστήμην
3645 5259 3719 5330 μὴ
3771 5259 4065 5322 διαπαντὸς

2485 5353 2716 5407 ἕπεσθαι
2768 5355 2846 5425 τῷ
2905 5353 3062 5425 τύπῳ
3109 5355 3208 5424 τῆς
3260 5353 3444 5423 φωνῆς
3496 5351 3595 5422 τὴν
3626 5350 3735 5403 τῶν
3770 5351 4064 5420 νοημάτων

2483 5448 2796 5517 ὁμοιότητα.
2829 5447 2963 5499 Οὐδὲ
2995 5446 3104 5516 γάρ
3126 5447 3187 5499 τὸ
3209 5449 3287 5509 εἰς
3312 5447 3403 5498 τὸν
3425 5445 3651 5499 θάνατον
3665 5443 3760 5497 τοῦ
3794 5444 4062 5515 Χριστοῦ,

2487 5541 2605 5593 οὐδὲ
2656 5539 2720 5592 τὸ
2767 5542 2848 5603 είς
2893 5541 3130 5609 Χριστὸν
3165 5539 3522 5608 βαπτισθῆναι
3562 5537 3840 5606 λέγεσθαι.
3873 5539 3940 5590 οὑ
3970 5537 4065 5606 μὲν

811 5644 866 5696 in
895 5657 1003 5694 uno
1023 5654 1270 5707 corpore,
1301 5637 1403 5690 sub
1435 5635 1626 5689 eodem
1656 5633 1803 5687 vocis
1830 5633 2107 5687 schemate
2137 5632 2381 5684 eamdem

2487 5626 2580 5683 οὖν
2616 5631 2732 5682 ἀλλ’
2759 5631 2881 5683 οὐδὲ
2909 5631 2971 5683 τὸ
2994 5633 3072 5694 είς
3109 5631 3167 5683 ἓν
3194 5630 3374 5700 σῶμα,
3401 5630 3491 5683 διὰ
3522 5628 3800 5709 τόσσχῆμα
3824 5628 3932 5698 τῆς
3965 5647 4064 5697 φω-

810 5729 1132 5786 scntentiam
1168 5728 1428 5780 exhibent
1466 5741 1477 5778 :
1527 5723 1622 5777 SCll
1665 5731 1927 5792 quantum
1977 5723 2057 5774 hae
2097 5721 2381 5774 verborum

2492 5721 2588 5790 νῆς
2646 5721 2745 5791 τὴν
2800 5723 2970 5792 αὐτὴν
3019 5725 3436 5793 παραστήσουσι
3477 5720 3717 5774 διάνοιαν
3742 5737 3757 5752 '
3788 5719 3910 5774 ἀλλ’
3946 5721 4063 5773 ὅσον

818 5837 882 5877 ac
917 5820 1196 5876 nominum
1237 5815 1680 5887 pronuntiatione
1717 5816 1977 5883 proximae
2006 5812 2234 5867 invicem
2262 5820 2381 5867 sunt

2493 5809 2665 5864 ταῦτα
2697 5813 2763 5882 τῇ
2798 5813 3045 5882 προφορᾷ
3080 5812 3188 5864 τῶν
3213 5811 3471 5882 ῥημάτων
3502 5808 3596 5862 καὶ
3625 5808 3735 5862 τῶν
3781 5809 4062 5878 ὀνομάτων
