4186 6444
1116 427 1216 487 ΑΙ)
1250 426 1833 487 AMPHILOCHIUM
1875 427 2218 497 QUIESTIO
2244 433 2444 493 XLIV.

3299 423 3411 489 334?

181 541 489 610 συνεγγίζει
516 559 574 598 τε
604 542 699 599 καὶ
729 538 1212 612 συσχηματίζεται,
1236 538 1489 593 τοσοῦτον
1514 539 1611 593 ἀπ’
1637 539 1736 593 ἀλ-

1842 548 1888 593 et
1918 540 2290 611 contiguratai,
2315 542 2647 598 tantumdem
2669 542 2807 596 inter
2821 556 2880 597 se
2891 539 3148 595 dill‘erunt
3174 547 3400 592 senten-

177 629 358 700 λήλων
386 632 527 687 κατά
545 634 645 704 τὴν
667 634 777 687 τῶν
800 630 1085 701 νοημάτων
1104 627 1387 699 διέστηκεν
1402 629 1699 699 ἑτερότητα
1718 668 1735 683 .

167 720 284 773 Καὶ
328 722 465 792 πρὸς
493 714 702 785 τούτοις
744 723 782 776 ά
822 724 944 784 ταῖς
986 720 1173 783 ἄλλαις
1219 718 1583 772 ιπιδιδεικται
1629 717 1738 770 τῶν

171 808 393 863 ἀτόκων
418 810 802 880 συνεπομένων
816 807 1148 864 ἐπιλύσεσιν.
1178 807 1298 859 ΙἜτι
1334 805 1391 858 δὲ
1414 806 1495 857 ὅτι
1520 804 1598 874 μὴ
1628 798 1737 856 οἷον

172 894 242 969 ῆν
289 899 402 952 τῶν
464 900 719 970 μαθητῶν
761 900 860 970 τὴν
907 897 1002 952 τοῦ
1047 896 1373 951 διδασκάλου
1419 892 1739 964 νομοθεσίαν

175 991 642 1061 καινοτομούντων
681 992 945 1063 ἑτέρωθεν
987 986 1418 1058 ἀνακτήσασθαι,
1454 984 1593 1039 ἀλλά
1645 984 1741 1037 καὶ

172 1083 314 1152 αὐτὴ
349 1083 510 1153 μέχρι
548 1082 641 1136 νῦν
674 1082 895 1152 ἐκράτει
936 1082 1034 1151 τῆς
1060 1079 1282 1147 ἐντολῆς
1324 1077 1601 1148 ἀθέτησις,
1642 1075 1751 1129 οὑκ-

174 1172 409 1241 ιχούσης
436 1172 667 1242 πάροδον
689 1173 791 1242 τῆς
819 1172 913 1226 νῦν
957 1169 1313 1241 θειαζομένης
1339 1171 1409 1241 τῇ
1442 1168 1741 1238 Ἐκκλησία

163 1261 568 1333 καταστάσεως
592 1277 610 1296 ·
632 1262 725 1316 καὶ
756 1263 840 1316 ὃτι
893 1263 1171 1333 μάρτυρες
1200 1264 1298 1330 τῆς
1327 1260 1585 1330 τοιαύτης
1615 1260 1738 1312 ἀπι-

174 1346 384 1413 λύσεως
411 1349 520 1403 τῶν
544 1350 799 1420 μαθητῶν
830 1351 880 1405 οί
911 1352 1200 1421 κορυφαῖοι
1228 1349 1602 1420 καθεστήκασι
1636 1346 1744 1401 ιιι-

174 1454 303 1509 τρος
370 1440 464 1493 καὶ
513 1439 722 1503 Παῦλος
747 1457 761 1471 ο
798 1440 894 1495 καί⁵
938 1441 1001 1494 τὸ
1053 1439 1280 1512 φρικτὸν
1342 1438 1436 1492 καὶ
1487 1437 1740 1509 φοϐερὸν,

170 1528 255 1581 ὅτι
294 1529 547 1601 συνοδική
585 1530 696 1583 τῶν
741 1531 1074 1593 ἀποστόλων,
1109 1529 1203 1583 καὶ
1237 1529 1588 1598 ἀδυσώπητος
1646 1545 1744 1581 κα-

168 1617 509 1688 ταλαμϐάνει
555 1619 735 1690 ψῆφος
791 1622 920 1685 τοὺς
962 1620 1084 1674 καθ’
1120 1619 1307 1690 ῑτερόν
1363 1636 1485 1673 τινα
1542 1618 1756 1689 τρόπον

169 1710 456 1781 βάπτισμα
511 1712 665 1783 παρά
730 1713 821 1768 τδν
881 1712 975 1766 τοῦ
1031 1712 1309 1765 Δεσπότου
1376 1713 1537 1779 νόμον
1623 1714 1745 1767 τολ-

172 1801 394 1870 μῶντας
456 1803 761 1868 ἐπιτελεῖν,
811 1804 907 1857 καὶ
970 1803 1408 1873 ἀντινομοθετεῖν
1460 1808 1527 1876 τῇ
1596 1805 1744 1859 ὲκεί-

168 1864 263 1946 νου
327 1864 651 1965 κυριότητιο
708 1864 796 1949 διά
844 1896 1002 1949 τοῦτο
1043 1864 1216 1965 καὶῑή
1269 1895 1373 1949 ἀνὰ
1414 1864 1596 1950 πᾶσαν
1646 1864 1817 1967 ciniB

166 1983 501 2055 οἰκουμένην
513 1984 712 2053 Ἐκκλη
719 1985 808 2038 σία
831 1986 971 2039 κατά
984 1984 1235 2055 διαδοχὴν
1253 1984 1364 2038 τῶν
1375 1986 1748 2040 ἀποπολικῶν

173 2074 438 2144 πράξεών
464 2094 523 2130 τε
549 2078 642 2130 καὶ
667 2076 1041 2147 κηρυγμάτων
1078 2078 1158 2139 είς
1183 2075 1360 2146 δνομα
1389 2078 1605 2147 [ἰατρὸς
1655 2079 1747 2130 καὶ

170 2165 307 2218 Υῑοῦ
341 2168 435 2220 καὶ
462 2168 617 2236 ἁγίου
649 2168 961 2238 Πνεύματος
988 2168 1344 2237 βαπτίζουσα,
1369 2167 1506 2237 μετὰ
1524 2167 1585 2220 τδ
1613 2169 1748 2221 καθ-

166 2257 410 2327 αρθῆναι
440 2262 566 2320 τοὺς
595 2259 1035 2330 βαπτισαμένους
1059 2261 1125 2328 τῇ
1168 2259 1547 2328 άναγεννήσει,
1580 2259 1746 2324 εὐμε-

164 2347 249 2401 hi
261 2365 325 2401 τε
342 2348 435 2402 καὶ
446 2348 743 2419 διαπρυσίῳ
756 2350 944 2403 εἴωθεν
956 2348 1282 2418 ύτεοψάλλειν
1299 2351 1365 2418 τῇ
1383 2352 1552 2419 φωνῇ,
1566 2369 1583 2400 ι
1596 2349 1748 2403 Ὅσοι

163 2440 247 2501 είς
274 2440 508 2507 Χριστὸν
540 2440 921 2510 ἐσαπτίσθητε,
950 2440 1189 2510 Χριστὸν
1234 2438 1553 2492 ῑνεδύσασθε
1580 2439 1742 2509 (ιω-ι

165 2530 324 2581 οὐδὲν
354 2524 514 2599 ἦττον
559 2530 1030 2601 ἀνακηρύττουσα,
1057 2530 1139 2583 ὅτι
1188 2529 1443 2602 καθάπερ
1492 2529 1588 2583 νῦν
1620 2532 1748 2594 τοὺς

167 2621 252 2683 είς
268 2620 488 2690 Πατέρα
513 2622 607 2674 καὶ
635 2622 763 2673 Υίὸν
793 2623 887 2674 καὶ
910 2621 1133 2690 Πνεῦμα
1152 2621 1308 2689 ἆγιον
1330 2620 1745 2690 βαπτισθέντας,

167 2713 252 2774 είς
281 2712 515 2782 Χριστὸν
542 2711 771 2781 λέγομεν
824 2711 1182 2782 βαπτισθῆναι
1212 2712 1311 2767 καὶ
1330 2712 1569 2782 Χριστὸν
1596 2712 1748 2765 ἐνδύ-

169 2799 393 2851 σασθαι·
442 2797 583 2852 οὕτω
619 2800 713 2852 καὶ
749 2801 859 2853 τῶν
909 2801 1222 2855 ἀποστόλων
1266 2803 1295 2854 ό
1330 2801 1489 2870 χορὸς
1544 2802 1607 2853 τὸ
1654 2800 1750 2867 τῆς

166 2890 583 2957 ἀναγεννήσεως
616 2889 838 2960 λουτρὸν
866 2890 1380 2960 ίερουργοῦντες,τῇ
1416 2889 1509 2943 τοῦ
1536 2888 1750 2959 Πατρδς

169 2980 268 3032 καὶ
296 2978 393 3032 τοῦ
441 2980 570 3033 Υίοῦ
612 2981 707 3035 καὶ
745 2980 839 3033 τοῦ
880 2981 1035 3048 ἁγίου
1084 2980 1403 3049 Πνεύματος
1443 2980 1747 3049 ἐπικλήσει,

172 3070 461 3140 βαπτίζειν
487 3070 734 3138 ἐλέγοντο
780 3073 861 3134 εἰς
893 3071 1153 3140 Χριστὸν,
1194 3070 1287 3123 καὶ
1320 3071 1378 3121 ὲν
1410 3069 1487 3139 τῷ
1524 3069 1750 3139 ὀνόματι

184 3156 365 3227 Ἰησοῦ
394 3157 651 3228 Χριστοῦ,
686 3160 779 3211 καὶ
807 3159 873 3212 τὰ
904 3159 1260 3231 παραπλήσια
1289 3158 1423 3227 (49).

712 3269 1042 3323 ΕΡΩΤΗΣῙΣ
1073 3269 1181 3323 ΜΔ’

176 3363 239 3416 Τί
260 3362 445 3428 δηλοῖ
469 3362 536 3415 τὸ
559 3362 916 3430 sminthos-,1
944 3365 1040 3415 Ἑν
1062 3362 1243 3415 παντὶ
1265 3363 1446 3432 καιρῷ
1467 3365 1748 3418 ἔστωσαν

243 3434 321 3501 τὰ
348 3433 545 3500 ιμάτιά
568 3448 684 3486 σου
703 3434 913 3495 ⁸λευκὰ,
935 3434 1030 3486 καί
1062 3433 1271 3486 ἔλαιον
1300 3435 1397 3486 ἐπὶ
1429 3433 1540 3501 τῆς
1565 3452 1747 3500 κεφα-

241 3499 374 3565 λῆς-⁷
412 3518 538 3573 σου
563 3501 648 3573 μὴ
698 3501 1106 3573 daremdii“),
1167 3502 1267 3573 sta!
1307 3503 1413 3556 τοῦ
1457 3499 1655 3573 σοφοῦ
1696 3508 1752 3558 οἱ

246 3571 545 3640 ὀφθαλμοί
578 3571 647 3623 ἐν
670 3570 746 3639 τῇ
770 3570 1004 3639 κεφαλῇ
1035 3572 1244 3628 αὑτοῦ.

1838 629 2037 684 tiarum
2102 634 2431 688 diversitate.
2508 632 2603 688 llis
2678 632 2818 687 adde
2888 628 3400 690 demonstrationes,

1838 732 1959 787 quae
1995 735 2059 774 ex
2105 724 2550 791 consequentium
2610 722 2970 778 absurdon
3040 717 3406 774 solutionibus

1839 816 2078 862 manant.
2109 808 2396 877 Praeterea,
2442 812 2585 881 quod
2630 811 2676 865 si
2712 808 2963 878 discipuli
3021 807 3124 875 legi
3158 803 3404 873 magistri

1840 895 2131 951 novitatem
2164 912 2319 953 suam
2360 900 2793 970 supposuissent,
2830 900 2915 952 lex
2966 905 3148 967 postea
3193 895 3281 948 illa
3327 893 3407 946 in-

1840 988 2074 1042 staurari
2098 988 2316 1045 aliunde
2344 1005 2451 1044 non
2500 991 2787 1061 potuisset,
2830 1003 3020 1042 verum
3080 986 3188 1041 huc
3231 998 3406 1052 usque

1841 1076 2126 1147 abrogatio
2144 1078 2263 1147 ejus
2307 1082 2611 1146 mansisset,
2654 1095 2829 1149 neque
2864 1077 3256 1148 postliminium
3308 1091 3405 1128 cx-

1842 1166 2067 1222 stitisset
2110 1171 2517 1227 consuetudinis
2546 1171 2686 1240 ejus,
2721 1183 2845 1241 quia
2884 1167 3114 1223 nuncin
3163 1164 3420 1220 Ecclesia-

1842 1256 2099 1314 divinitus
2125 1260 2286 1330 viget.
2318 1259 2538 1331 insuper
2560 1262 2709 1331 quod
2724 1262 2886 1330 hujus
2901 1258 3187 1314 solutionis
3213 1257 3411 1312 sulIra-

1842 1357 2061 1418 gatores
2128 1358 2262 1405 sunt
2307 1350 2698 1421 discipulorum
2761 1350 3030 1421 principes
3094 1348 3289 1402 Petrus
3355 1358 3412 1400 et

1843 1436 2041 1493 Paulus
2073 1456 2085 1493 :
2125 1440 2379 1509 quodque
2417 1441 2572 1510 longe
2624 1440 3009 1510 gravissimum
3036 1438 3409 1493 tremendum-

1841 1544 1949 1599 que
1985 1538 2091 1594 est,
2119 1532 2379 1601 synodica
2410 1532 2782 1601 apostolorum
2811 1540 2866 1586 et
2900 1529 3249 1586 inexorabilis
3283 1544 3409 1582 sen-

1845 1620 2009 1675 tentia
2042 1622 2271 1689 percutit
2312 1637 2408 1677 eos
2453 1624 2547 1693 qui
2577 1623 2683 1676 alio
2723 1622 2915 1693 quovis
2961 1620 3145 1683 modo,
3186 1629 3411 1689 praeter-

1842 1726 2005 1779 quam
2046 1726 2076 1763 a
2119 1710 2345 1766 Domino
2393 1714 2707 1767 mandatum
2761 1712 2882 1778 fuit,
2928 1702 3205 1780 baptisma
3242 1711 3411 1763 conli-

1845 1800 2014 1866 ciunt,
2048 1810 2103 1855 et
2130 1812 2320 1857 contra
2363 1802 2481 1871 ejus
2512 1818 2822 1872 supremam
2864 1811 3182 1870 potestatein
3226 1800 3413 1855 decer-

1847 1900 2001 1946 nunt.
2017 1892 2195 1959 Quare
2226 1903 2336 1950 toto
2365 1896 2495 1950 orbe
2522 1906 2786 1949 terrarum
2822 1902 3115 1964 propagata
3146 1891 3410 1953 Ecclesia,

1846 1998 1967 2054 qua:
1999 1984 2298 2037 secundum
2335 1989 2564 2039 Actuum
2608 1986 3109 2055 praeconiorumquo
3153 1984 3412 2054 apostoli-

1847 2088 2036 2128 coruni
2071 2075 2411 2130 traditionem
2464 2076 2699 2145 baptizat
2760 2077 2812 2131 iii
2871 2076 3091 2131 nomine
3143 2074 3319 2128 Patris
3358 2086 3411 2127 et

1848 2162 1970 2216 Filii
2003 2170 2057 2216 et
2090 2160 2324 2231 Spiritus
2353 2165 2548 2227 sancti,
2594 2175 2881 2234 postquam
2933 2163 3229 2232 baptizatos
3261 2178 3411 2231 rege-

1849 2254 2129 2307 iteratione
2176 2255 2445 2323 purgavit,
2499 2255 2770 2309 modulata
2810 2255 3061 2324 claraque
3102 2269 3234 2308 voce
3274 2255 3413 2307 Sulci.

1850 2357 2045 2397 canere
2072 2363 2084 2397 :
2118 2362 2136 2396 ι
2175 2344 2452 2415 Quotquot
2479 2345 2530 2398 in
2559 2346 2777 2400 Christo
2798 2346 3050 2414 baptizati
3073 2345 3226 2409 estis,
3255 2343 3412 2398 Cliri-

1849 2441 1992 2486 stum
2032 2432 2307 2489 induistis.
2342 2454 2361 2487 i
2385 2435 2559 2503 Atque
2601 2436 2674 2489 ita
2717 2436 3012 2505 pradicare
3042 2450 3147 2488 non
3175 2433 3407 2494 dubitat,

1847 2521 2007 2576 sicuti
2034 2537 2178 2575 nunc
2209 2524 2261 2575 in
2283 2524 2440 2577 Patre
2457 2532 2510 2577 et
2538 2522 2675 2577 Filio
2699 2533 2753 2579 et
2776 2523 2977 2593 Spiritu
3011 2536 3203 2577 sancto
3235 2524 3411 2592 bapti-

1849 2622 1999 2666 zatos
2032 2614 2338 2683 suscepisse
2394 2614 2720 2685 baptismum
2769 2616 3001 2670 dicimus
3049 2625 3102 2668 et
3136 2613 3410 2669 Christum

1849 2703 2135 2770 induisse;
2182 2706 2257 2760 ita
2304 2715 2504 2761 coetum
2544 2708 2915 2777 apostoloruii
2985 2705 3411 2775 regenerationis

1848 2796 2123 2851 lavacrum
2155 2798 2620 2853 administrantem
2649 2815 2771 2853 cuni
2792 2798 2967 2853 Patris
2984 2810 3033 2851 et
3063 2797 3176 2850 Filii
3206 2809 3258 2851 et
3288 2796 3413 2865 Spi-

1852 2886 1989 2940 ritus
2022 2889 2197 2941 sancti
2241 2888 2601 2955 invocatione,
2634 2890 2835 2943 dictum
2864 2890 2992 2943 olim
3043 2887 3211 2943 fuisse
3246 2887 3415 2956 bapti-

1851 2993 1977 3032 zare
2008 2980 2059 3031 iii
2092 2978 2332 3043 Christo,
2356 2991 2409 3035 et
2431 2980 2483 3035 in
2514 2981 2731 3036 nomine
2754 2980 2879 3035 Jesu
2909 2980 3133 3044 Christi,
3167 2987 3220 3034 et
3258 2980 3411 3034 simi.

1853 3067 1998 3123 libus
2031 3069 2304 3125 formulis.

2179 3265 2507 3332 QUESTIO
2540 3266 2699 3321 xuv
2740 3267 2836 3339 [αί.
2875 3266 3080 3338 XLIII].

1853 3353 1997 3420 Quid
2020 3357 2283 3426 signiﬁcat
2307 3359 2440 3411 illud
2483 3359 2621 3427 quod
2652 3361 2848 3412 dictum
2885 3368 2997 3413 est:
3040 3378 3058 3410 ι
3101 3357 3254 3413 Omm'
3290 3369 3415 3411 tam-

1921 3442 2047 3494 pore
2073 3427 2180 3480 sint
2218 3430 2529 3481 vestimenta
2558 3438 2649 3481 tua
2684 3432 2827 3489 alba,
2868 3440 2915 3482 et
2949 3429 3116 3482 oleum
3154 3430 3207 3480 in
3244 3430 3415 3495 capit:

1927 3504 2016 3548 tuo
2048 3512 2108 3549 ne
2130 3497 2357 3565 deﬁciat,
2388 3508 2435 3551 et
2466 3500 2713 3565 sapientis
2741 3500 2877 3552 oculi
2902 3500 2955 3551 iii
3014 3500 3179 3567 capite
3212 3499 3346 3565 ejus.
3390 3516 3408 3548 i

820 3659 959 3709 Edita
988 3674 1015 3709 a
1036 3659 1177 3720 Maio,
1203 3662 1329 3711 Nov.
1364 3661 1506 3723 COIL,
1539 3668 1575 3712 t.
1603 3664 1683 3723 lx,
1704 3679 1750 3727 p.
1774 3667 1906 3719 27-3:
1936 3671 2223 3732 Explanatio
2250 3672 2298 3721 in
2319 3673 2505 3723 Eccles.
2530 3687 2595 3736 ix,
2616 3676 2645 3723 8
2665 3676 2737 3735 il,
2766 3676 2836 3723 ii.

245 3744 324 3796 Τδ
343 3744 708 3810 λευχειμονεῖν
739 3736 815 3805 οἷς
844 3744 876 3811 ή
906 3744 1046 3796 κατά
1069 3744 1137 3795 τά
1164 3744 1369 3797 παλαιά
1397 3744 1603 3815 νόμιμα
1649 3765 1747 3801 πο-

172 3835 351 3889 λιτεία
373 3834 830 3904 περισπούδαστον
852 3836 1187 3904 εὐφροσύνης
1218 3837 1367 3906 ἱερᾶς
1388 3839 1478 3891 καὶ
1495 3840 1750 3909 ἀγιοπρε-

174 3927 317 3989 ποῦς
344 3924 723 3987 καταστάσεως
749 3925 1201 3994 παρελαμϐἀνετο
1228 3926 1520 3995 σύμϐολον,
1555 3931 1649 3982 καὶ
1683 3931 1748 4001 δή

177 4018 274 4070 καὶ
314 4017 375 4069 τὸ
430 4016 529 4085 τὴν
584 4016 823 4085 κεφαλὴν
872 4016 1032 4087 ἐλαίῳ
1082 4017 1397 4086 ἀλείφεσθαι
1440 4020 1539 4089 τῆς
1585 4022 1751 4091 αὐτῆς

172 4107 471 4176 τεκμήριον
491 4106 764 4159 ἐποιοῦντο
781 4106 1087 4168 διαθέσεως.
1109 4107 1199 4160 Διὸ
1216 4108 1309 4160 καὶ
1323 4110 1350 4161 ὀ
1366 4108 1568 4180 Κύριος
1590 4112 1744 4181 ήμῶν

173 4198 277 4265 τῆς
310 4198 419 4248 τῶν
445 4196 749 4265 Φαρισαίων
778 4198 1007 4265 ἀπάγων
1036 4200 1186 4268 ἡμᾶς
1228 4200 1514 4269 μιμήσεως
1545 4200 1698 4269 ἔλεγε

181 4306 206 4337 ε
235 4287 309 4338 Σὺ
336 4286 391 4338 δὲ
428 4286 701 4355 νηστεύων
726 4286 940 4355 ἄλειψαί
974 4304 1065 4339 σου
1100 4287 1196 4357 τὴν
1234 4289 1477 4358 κεφαλήν
1513 4290 1695 4360 ἐλαίῳ
1724 4311 1742 4341 i

172 4370 310 4439 οἷον,
348 4376 527 4445 Μηδὲν
559 4377 900 4446 σκυθρωπὸν,
931 4377 1063 4446 μηδὲ
1122 4379 1363 4448 κατηφὲς
1400 4379 1477 4449 τῷ
1508 4382 1609 4449 τῆς
1652 4401 1745 4451 νη-

174 4468 366 4529 στεὶας
416 4466 796 4537 κατορθώματι
852 4468 1258 4541 συνδιαπ).ἐξῃς.

1924 3753 2087 3809 Veste
2114 3756 2234 3809 alba
2278 3757 2446 3821 indui,
2508 3758 2573 3812 iis
2625 3760 2819 3827 quibus
2879 3758 2995 3811 iiiie
3077 3758 3229 3826 juxta
3313 3774 3413 3811 an-

1854 3844 2036 3913 tiquos
2065 3847 2201 3900 ritus
2225 3846 2530 3902 institutum
2559 3850 2737 3903 studio
2764 3851 3057 3917 appetitum
3088 3859 3224 3912 erat,
3244 3864 3415 3902 sacra:

1854 3938 2056 3992 laetitia:
2080 3946 2134 3991 et
2165 3940 2338 3992 sancti
2364 3950 2536 3993 status
2563 3939 2865 4009 symbolum
2914 3939 3325 4000 assumebatur;
3362 3948 3415 3992 cl.

1856 4042 1989 4081 sane
2024 4028 2204 4081 adhuc
2258 4037 2418 4099 caput
2469 4030 2593 4098 ungi
2640 4030 2758 4082 oleo
2796 4030 2894 4082 sibi
2926 4027 3196 4082 faciebant
3252 4028 3413 4094 hujus

1857 4118 2231 4186 dispositionis
2273 4121 2636 4173 testiinonium
2665 4136 2679 4183 ;
2713 4128 3042 4188 quaprOpter
3072 4127 3123 4173 et
3157 4118 3418 4172 Dominus

1855 4218 2040 4263 noster
2074 4224 2174 4264 nos
2203 4225 2231 4263 a
2266 4209 2659 4264 Pharisaeorum
2703 4222 2947 4264 avertens
2998 4209 3299 4263 imitatione
3334 4209 3416 4261 di-

1854 4300 2044 4355 cebat:
2087 4320 2106 4352 ι
2142 4300 2221 4355 Tu
2255 4312 2433 4355 autem
2465 4318 2587 4355 cum
2617 4301 2853 4370 jejuiias,
2887 4316 3025 4367 tinge
3064 4310 3226 4367 caput
3260 4310 3411 4353 tuuui

1852 4390 2003 4456 oleo;
2069 4409 2086 4441 i
2116 4392 2271 4460 quasi
2313 4392 2579 4445 dixisset:
2630 4390 2771 4443 Nihil
2823 4390 2995 4453 triste,
3050 4389 3185 4443 nihil
3233 4391 3409 4443 moesti

1324 4471 1478 4524 Ἐπεὶ
1522 4468 1616 4525 οὖν
1672 4474 1741 4526 τὰ
1772 4479 1817 4536 D
1838 4480 2030 4548 jejunii
2063 4480 2205 4536 bono
2227 4479 2552 4535 iniiiiisceas.
2580 4478 2849 4546 Quoniam
2900 4479 3066 4548 igitur
3094 4481 3214 4534 allia
3242 4490 3408 4536 vesti-

1686 4587 1915 4646 ΝΟΤΑΞ.

248 4671 362 4741 (48)
383 4670 514 4727 Vide
539 4674 847 4730 Graecorum
870 4673 1298 4747 Eucliologium,
1318 4692 1434 4747 cap.
1473 4680 1539 4733 de
1570 4678 1745 4748 bapti-

173 4752 372 4796 smate.

242 4810 361 4886 (_49_)
393 4808 585 4886 Photio
606 4821 663 4886 ut
686 4813 948 4886 scriberet
969 4813 1292 4886 luculentam
1320 4815 1459 4870 lianc
1485 4816 1551 4871 de
1573 4817 1746 4886 bapti-

171 4878 281 4936 smi
323 4878 1051 4955 formuladissertationein,
1089 4886 1177 4936 vix
1210 4885 1406 4955 dubito
1450 4887 1581 4955 quin
1615 4878 1745 4941 cau-

173 4966 295 5005 sam
349 4950 605 5004 obtulerit
657 4955 1173 5025 controversiaﬂper
1208 4953 1259 5006 id
1308 4950 1524 5025 tempus
1566 4957 1744 5011 denuo

172 5031 477 5093 commota,
510 5035 671 5093 quam
720 5036 749 5075 e
780 5022 978 5093 celebri
1021 5021 1077 5074 S;
1116 5021 1319 5076 Nicolai
1375 5021 1434 5077 l.’
1476 5025 1631 5093 Papa:
1658 5041 1744 5079 re-

172 5103 387 5213 sponso
413 5090 489 5169 ad.
510 5088 767 5171 Bulgaros
793 5090 925 5171 satis
953 5094 1353 5171 cognoscimus,
1386 5095 1452 5148 de
1474 5088 1743 5162 baptismo

174 5177 211 5213 ri
239 5173 441 5212 mirum
478 5175 531 5211 iri
561 5159 618 5213 S.
657 5158 942 5213 Trinitatis
964 5165 1047 5213 vel
1076 5178 1128 5213 in
1159 5161 1362 5213 Cliristi
1403 5166 1618 5213 nomine
1646 5168 1742 5213 ait-

174 5158 441 5214 nimirum
478 5158 531 5211 in
561 5159 618 5213 S.
657 5158 942 5215 Trinitatis
964 5158 1047 5215 vel
1076 5162 1128 5214 in
1159 5161 1362 5215 Cliristi
1403 5158 1618 5218 nomine
1646 5168 1742 5219 ad-

174 5228 511 5302 iniiiistrato.
541 5227 700 5302 Quod
724 5239 902 5283 autem
927 5229 1147 5302 Pliotius
1186 5247 1361 5300 neque
1396 5233 1499 5288 hoc
1535 5235 1741 5302 scripto

174 5312 361 5369 neque
392 5297 481 5349 illa
514 5299 737 5369 epistola
766 5299 1058 5369 encyclica,
1083 5316 1203 5368 qua:
1225 5297 1309 5355 est
1334 5304 1568 5369 secunda
1604 5297 1748 5357 inter

174 5358 374 5428 editas,
393 5358 841 5421 contumeliarum
861 5358 914 5423 et
930 5358 1368 5424 ei'iiniiiationiini
1392 5372 1445 5423 in
1469 5358 1747 5427 Romanos

173 5436 539 5510 Qulgarorum
592 5438 837 5510 doctores
874 5440 1051 5510 plena,
1102 5439 1394 5509 quidquam
1434 5440 1743 5510 bujusmodi

175 5503 404 5578 Ncolao
438 5507 633 5578 viventi
672 5503 949 5578 objecerit,
982 5509 1032 5561 id
1075 5503 1269 5562 rursus
1305 5503 1623 5578 comprobat
1660 5512 1745 5563 iii-

176 5573 493 5629 humaniter
521 5584 573 5645 et
608 5575 789 5644 inique
820 5574 995 5631 facere
1019 5593 1116 5631 eos
1151 5580 1241 5645 qui
1271 5573 1492 5632 Nicolao
1520 5580 1740 5633 maledi-

172 5652 331 5708 cunt,
361 5646 451 5696 cui
476 5644 555 5696 vel
589 5646 972 5717 acerbissimus
1016 5644 1195 5701 hostis
1222 5650 1275 5699 in
1325 5650 1422 5702 hac
1448 5658 1601 5717 parte
1645 5650 1743 5703 ob-

174 5725 417 5786 nectare
444 5729 550 5767 iioii
573 5724 658 5786 est
677 5729 863 5786 ausus.
896 5715 974 5768 Ad
1010 5731 1121 5770 rem
1164 5718 1335 5785 ipsam
1358 5715 1501 5786 quod
1527 5720 1737 5777 attinet.

175 5782 414 5858 quax-ilio
450 5797 581 5838 sane
645 5782 900 5839 historica
947 5786 1124 5854 potius
1178 5782 1281 5848 est,
1324 5782 1502 5843 utrum
1547 5803 1741 5858 nempe

1852 4684 2078 4747 apostoli
2112 4683 2365 4752 peculiari
2406 4682 2584 4751 aliquo
2616 4685 2737 4753 jure
2766 4683 3177 4753 abirevaiigelica
3237 4682 3405 4738 forma

1854 4754 2143 4821 aliquando
2174 4754 2565 4817 discesserint,
2617 4752 2805 4808 necne.
2837 4752 2966 4806 Nam
3000 4755 3141 4821 quod
3172 4763 3313 4805 certe
3358 4758 3412 4807 iii

1854 4824 2102 4889 praesenti
2127 4824 2247 4877 aliis
2271 4824 2445 4877 verbis
2476 4824 2748 4891 baptizare
2772 4839 2876 4876 non
2914 4824 3090 4886 liceat,
3124 4824 3224 4877 nisi
3252 4839 3415 4875 evan-

1853 4893 2038 4959 gelicis
2071 4894 2201 4945 etin
2229 4892 2463 4947 Ecclesia
2509 4895 2761 4946 universa
2804 4894 3036 4954 usitatis,
3096 4907 3255 4945 nemo
3298 4895 3409 4958 jani

1854 4973 2028 5029 negat.
2070 4960 2210 5015 inter
2246 4964 2439 5016 multos
2472 4965 2821 5021 recentiores.
2865 4963 2953 5029 qui
2982 4964 3413 5016 controversiam

1850 5034 2061 5083 curiose
2087 5034 2431 5097 vetitilaruiit,
2462 5033 2764 5101 theologos,
2789 5033 3095 5085 llarduinus
3119 5040 3169 5083 et
3201 5030 3413 5085 Calme-

1852 5108 1937 5153 tus
1966 5102 2207 5154 eminent
2255 5111 2411 5171 atque
2461 5100 2671 5155 Ursusf
2696 5102 2760 5155 Et
2800 5102 2908 5155 duo
2947 5102 3163 5169 quidem
3205 5102 3411 5168 priores

1847 5183 1970 5222 cum
2002 5172 2199 5224 inedita
2236 5172 2410 5227 Pliotii
2438 5174 2701 5225 sententia
2747 5174 2929 5240 (quam
2970 5171 3257 5239 eieteroqui
3303 5189 3411 5227 iion

1849 5240 2107 5309 legerant)
2130 5242 2261 5295 satis
2283 5239 2762 5309 coiispiraverunt:
2790 5239 2929 5295 Ursn
2960 5250 3162 5302 autem.
3188 5244 3409 5309 copioso

1854 5307 2052 5362 licetet
2083 5307 2264 5371 doeto,
2311 5307 2508 5380 qui—ab
2550 5312 2631 5364 liis
2671 5311 2913 5374 dissidet,
2961 5321 3013 5365 et
3060 5318 3188 5364 tunc
3226 5307 3411 5366 statim

1854 5381 2240 5450 proopiiiione
2271 5396 2366 5433 sua
2407 5389 2597 5433 contra
2630 5382 2937 5450 theologum
2963 5381 3250 5449 quemdam
3281 5381 3410 5435 Sor-

1856 5448 2106 5519 bonicuiii
2127 5450 2505 5505 decertandum
2536 5451 2653 5513 fuit,
2685 5460 2738 5504 et
2767 5448 2907 5504 nunc
2940 5448 3152 5519 gravior
3182 5450 3407 5505 Pliotius

1856 5527 1976 5585 post
2036 5518 2145 5572 fata
2210 5520 2549 5572 adversarius
2598 5521 2858 5573 exoritur.
2928 5518 3117 5574 Pliotio
3171 5520 3409 5627 denique

1856 5598 2146 5627 (annuis-nul
2196 5587 2463 5627 Iliilnniie,
2518 5590 2581 5627 dp
2630 5589 2793 5627 Rufi-1'!
2870 5600 3049 5627 ιιηιιοιη
3133 5605 3231 5627 mm
3360 5595 3373 5627 ἰ

1853 5598 2152 5659 consonant
2196 5587 2581 5659 llidynius,de
2628 5589 2816 5657 Spirit.
2867 5600 3070 5652 uncto,
3133 5605 3249 5659 cap.
3312 5587 3404 5654 ει,

1853 5666 1907 5708 et
1946 5655 2377 5729 Theophylactus
2419 5658 2518 5714 sub
2559 5655 2715 5715 linem
2769 5660 3141 5714 commentarii
3181 5655 3244 5713 ad
3299 5660 3409 5715 Llh

1850 5741 1993 5781 calli.
