4186 6444
770 418 882 483 335

1914 429 2176 490 ΡΗΟΤΙΙ
2213 431 2486 490 PATRIA
2498 433 2718 492 RCH/E
2749 435 2856 495 CP.

765 536 945 582 menta
971 539 1024 581 et
1058 530 1237 581 oleum
1278 530 1346 583 iis
1393 531 1482 598 qui
1517 532 1569 584 in
1612 533 1727 603 lege
1774 535 2026 592 vivebant
2064 541 2329 593 ornabant

2438 542 2598 595 λευκὰ
2632 544 2822 611 ίμάτια
2845 546 2957 605 τοῖς
2987 545 3042 596 ἐν
3069 545 3142 612 τῷ
3181 545 3330 615 νόμῳ
3359 548 3452 598 καὶ
3481 548 3541 598 τὸ
3567 547 3742 600 ἐλαιον
3779 549 4006 620 ἐκόσμει

763 632 984 686 corpus.
1025 617 1405 686 signiﬁcabant
1435 633 1615 675 autem
1674 626 1838 677 vitam
1887 630 1938 680 in
1967 628 2151 682 laatitia
2201 645 2330 683 cou-

764 711 1006 763 stitntam
1033 726 1047 762 :
1081 711 1152 763 ita
1187 725 1282 779 per
1310 725 1513 767 aeterna
1538 717 1784 785 exempla
1817 716 2049 773 Verbum
2079 737 2179 774 nos
2203 724 2330 775 hor-

764 809 911 853 tatur
935 809 992 852 ut
1013 801 1259 854 eamdem
1283 816 1518 858 mentem
1550 805 1774 860 nitidam
1797 817 1846 861 et
1861 820 2108 862 ornatam
2135 814 2332 865 habea-

765 905 904 945 mus.
941 889 1137 945 Nitebit
1168 903 1349 948 autem
1381 904 1432 948 et
1458 897 1760 961 ornabitur,
1790 900 1833 952 si
1867 903 2016 956 stolm
2049 903 2166 968 ejus
2197 904 2332 957 alba:

762 982 892 1037 sint.
923 983 1072 1038 Alba:
1116 1001 1282 1053 porro
1315 997 1497 1051 erunt,
1540 992 1762 1058 quando
1789 992 2025 1060 puritate
2062 1004 2118 1048 et
2152 995 2332 1062 splen-

761 1073 895 1128 dore
943 1075 1204 1130 virtutum
1235 1079 1441 1146 absque
1489 1083 1595 1134 ulla
1641 1097 1733 1135 eas
1773 1083 2090 1151 inquinante
2125 1088 2328 1141 malitia

762 1165 1122 1233 splendebunt
1143 1178 1194 1222 et
1228 1172 1572 1227 translucida:
1599 1185 1795 1240 erunt;
1827 1191 2058 1245 quorum
2089 1180 2331 1233 exterior

767 1270 867 1308 non
898 1268 981 1311 est
1002 1272 1123 1328 erga
1154 1259 1317 1314 Deum
1351 1262 1543 1332 pietas.
1583 1265 1653 1317 Ea
1684 1269 1929 1321 cstenim
1953 1284 2074 1338 qua:
2106 1269 2331 1326 virtutes

764 1352 1012 1418 producit
1045 1363 1098 1407 et
1131 1358 1361 1410 scaturit
1407 1368 1461 1412 et
1491 1359 1543 1412 in
1587 1359 1691 1415 illis
1730 1361 1958 1414 chorum
2021 1377 2327 1418 consonum

761 1453 814 1495 et
840 1446 1168 1500 concinnum
1223 1451 1483 1514 ostendit,
1556 1462 1608 1505 et
1662 1464 1866 1507 vestem
1915 1456 2236 1524 nuptialem,
2277 1465 2332 1511 et

762 1536 967 1590 caelesti
995 1553 1147 1592 cerua
1179 1541 1396 1611 dignam
1437 1544 1566 1597 texit
1598 1554 1648 1598 ct
1669 1561 1730 1598 ea
1754 1547 1990 1600 animam
2024 1549 2331 1602 circumdat

759 1633 813 1676 ct
866 1626 1061 1681 salutis
1112 1641 1196 1683 est
1228 1633 1611 1699 conciliatrix;
1652 1636 1851 1703 quibus
1879 1647 1932 1689 ct
1988 1637 2092 1690 olei
2143 1639 2330 1692 unctio

763 1717 1031 1784 imprimis
1081 1720 1325 1789 injicitur
1362 1733 1416 1776 et
1463 1726 1770 1790 adoptatur.
1822 1727 1904 1781 .Et
1955 1730 2181 1782 verbum
2205 1730 2327 1783 ait:

767 1826 783 1853 ε
822 1807 1012 1863 Oleum
1043 1812 1096 1865 in
1127 1815 1301 1881 capite
1333 1825 1426 1869 tuo
1444 1832 1512 1871 nc
1529 1819 1765 1882 deﬁciat,
1802 1839 1820 1871 ι
1851 1819 2250 1891 eleemosynam
2274 1821 2326 1874 in

2438 633 2533 699 μὲν
2557 633 2616 684 τὸ
2646 633 2827 703 σῶμα,
2863 634 3050 704 ἐδήλου
3101 636 3157 687 δὲ
3180 635 3278 704 τὴν
3305 637 3364 687 ἐν
3389 639 3454 706 τῇ
3496 637 3803 708 εὐφροσύνῃ
3833 642 4003 693 κατά-

2435 738 2622 773 στασιν
2653 725 2749 792 τῆς
2778 724 2944 789 ζωῆς,
2975 725 3141 786 οὕτως
3176 726 3282 777 ἀπὸ
3301 726 3409 777 τῶν
3438 729 3595 789 ἐκτὸς
3616 730 4006 798 παραδειγμά-

2431 830 2538 862 των
2566 815 2592 864 ὁ
2623 815 2791 878 Λόγος
2815 816 2982 883 αὑτὴν
3017 817 3444 886 παρακελεύεται
3482 819 3712 889 φαιδρὰν
3740 819 3892 888 ἔχειν
3924 822 4012 873 καὶ

2437 901 2842 973 ἐξωραῐσμένην
2896 906 2996 975 τὴν
3053 906 3251 975 ψυχήν.
3311 906 3668 977 Φαιδρύνοιτο
3711 909 3758 960 δ’
3808 909 3879 960 ἂν
3921 911 4014 960 καὶ

2431 993 2719 1062 ὡραῖζοιτο
2740 995 2955 1048 καὶτῶν
2986 999 3189 1066 ταύτης
3213 997 3571 1066 περιϐολαίων
3596 998 3810 1051 λευκῶν
3837 1000 4012 1067 ὑπαρ-

2432 1087 2652 1154 χόντων.
2701 1088 2884 1140 Δευκὰ
2912 1088 2956 1140 δ’
2986 1087 3050 1141 ἂν
3075 1091 3346 1156 γίγνοιντο
3383 1089 3604 1141 ἐπειδάν
3632 1092 3728 1159 τὴν
3775 1091 4013 1159 καθαρό-

2431 1197 2567 1242 τητα
2601 1181 2694 1231 καὶ
2727 1179 3086 1249 λαμπρότητα
3123 1180 3231 1232 τῶν
3263 1180 3473 1250 ἀρετῶν
3495 1182 3621 1234 ἄνευ
3647 1181 3797 1242 τινὸς
3817 1182 4015 1249 ἐπιμε-

2431 1268 2713 1338 λαινούσης
2737 1270 2876 1322 αὑτὰ
2908 1271 3102 1332 κακίας
3142 1271 3540 1324 ἀποστίλϐοντα
3569 1271 3654 1340 εἴη
3687 1271 3785 1324 καὶ
3816 1271 4014 1339 διαφα-

2431 1363 2495 1428 νῆ
2521 1374 2533 1388 ·
2585 1353 2660 1412 ὧν
2688 1363 2788 1414 οὑκ
2835 1364 2948 1414 ἔστι
2969 1364 3137 1431 χωρὶς
3178 1363 3286 1417 οὐδέ
3315 1365 3347 1431 ἡ
3384 1363 3520 1432 πρὸς
3549 1365 3610 1415 τὸ
3647 1362 3808 1415 Θεῖον
3855 1363 4014 1414 εὐσέ-

2438 1452 2582 1504 ϐεια.
2626 1451 2770 1520 Αὐτὴ
2801 1453 2907 1523 γάρ
2960 1455 3105 1504 ἐστιν
3145 1456 3176 1522 ὴ
3209 1456 3298 1507 καὶ
3331 1454 3428 1516 τὰς
3467 1455 3669 1524 ἀρετὰς
3703 1453 4013 1523 προϐαλλο-

2435 1542 2568 1611 μένη
2617 1542 2712 1594 καὶ
2771 1544 3114 1610 πητάζουσα,
3164 1547 3256 1597 καὶ
3307 1545 3399 1596 τὸν
3453 1547 3510 1597 ἐν
3564 1544 3800 1606 ἐκείνοις
3853 1544 4015 1613 χορὸν

2431 1634 2746 1702 ἐναρμόνιον
2772 1651 2831 1685 τε
2871 1637 2962 1686 καὶ
2995 1635 3285 1703 σύμφωνον
3334 1637 3746 1705 ἀποφαίνουσα,
3787 1636 3884 1687 καὶ
3925 1636 4017 1688 τὸν

2431 1722 2699 1790 νυμφικδν
2757 1723 2953 1791 χιτῶνα
2979 1723 3072 1775 καὶ
3102 1726 3200 1793 τῆς
3253 1727 3572 1796 ἐπουρανίου
3606 1725 3886 1787 παστάδος
3917 1727 4011 1778 ἐπ·

2431 1813 2583 1878 ἀξιον
2606 1813 2969 1882 ἐξυφαίνουσά
2993 1833 3051 1868 τε
3081 1819 3173 1868 καί
3198 1817 3618 1887 περιϐάλλεσθαι
3650 1817 4015 1887 παρασκευάο

762 1902 1041 1967 proximos
1058 1904 1212 1959 oliva:
1251 1906 1515 1976 liquorem
1547 1912 1924 1975 subscribens,
1950 1927 2062 1980 quo
2095 1923 2154 1964 ut
2183 1927 2327 1964 nun-

2438 1906 2598 1967 ζουσα
2629 1905 2727 1975 τὴν
2755 1905 2930 1977 ψυχὴν
2960 1908 3054 1959 καὶ
3081 1908 3181 1975 τῆς
3222 1909 3488 1978 σωτηρίας
3520 1908 3845 1977 ὑπάρχουσα
3883 1906 4022 1977 πρό-

762 2007 920 2060 quam
949 2005 1104 2060 egeat
1134 2007 1298 2066 caput
1323 2008 1570 2055 nostrum
1605 2003 1872 2056 hortatur.
1929 2000 2047 2056 Non
2105 2003 2248 2055 enim
2280 2003 2326 2057 si

760 2082 884 2150 quis
917 2085 1208 2152 aliquando
1237 2090 1492 2145 misertus
1527 2100 1631 2154 est,
1668 2091 2104 2148 misericordiam
2154 2092 2328 2145 adim-

762 2172 956 2238 plevit;
998 2175 1091 2229 sed
1122 2178 1165 2230 si
1211 2180 1411 2246 saepius
1445 2193 1690 2250 egentem
1724 2183 2066 2250 contempsit,
2114 2191 2328 2235 antece-

763 2261 950 2317 dentes
973 2264 1089 2319 dics
1113 2267 1347 2321 reddidit
1374 2285 1487 2324 suae
1511 2270 1668 2324 bona:
1689 2271 1922 2324 actionis
1952 2280 2326 2332 accusatores,

764 2352 978 2409 virtutis
993 2363 1046 2409 et
1066 2357 1422 2429 eleemosyuae
1434 2372 1859 2429 contemptorem
1877 2376 1982 2414 non
2002 2362 2332 2415 erubescens

765 2449 942 2517 ipsum
961 2452 1206 2506 convinci
1230 2472 1243 2515 ;
1274 2463 1328 2508 et
1357 2457 1503 2524 quod
1531 2455 1677 2521 fecit,
1712 2473 1818 2511 non
1844 2457 2079 2518 virtutis.
2114 2455 2208 2510 sed
2230 2470 2329 2509 cu-

764 2539 977 2605 jusdam
1005 2545 1246 2599 ostendit
1279 2563 1399 2601 esse
1424 2549 1868 2604 circumstantiae.
2313 2546 2320 2550 ”

2438 1997 2587 2062 ξενος
2613 2013 2628 2027 ·
2656 1991 2737 2059 οἷς
2765 1998 2858 2049 καὶ
2884 1996 2978 2050 τοῦ
3024 1998 3202 2050 ἐλαίου
3237 1998 3413 2068 χρίσις
3451 1998 3686 2067 μάλιστά
3709 2015 3773 2048 τε
3805 2012 4020 2066 προκα-

2436 2087 2761 2139 ταϐάλλεταί
2808 2105 2868 2140 τε
2918 2089 3010 2140 καὶ
3059 2088 3559 2158 προκαταρτίζεται
3592 2105 3608 2119 ·
3655 2089 3750 2141 καὶ
3787 2091 3818 2141 ὁ
3857 2087 4021 2156 λόγος

2439 2178 2600 2246 φησί’
2635 2197 2651 2227 ι
2681 2179 2789 2229 Καὶ
2833 2179 3010 2232 ἔλαιον
3031 2180 3124 2232 ἐπὶ
3151 2183 3247 2247 τῆς
3277 2181 3515 2250 κεφαλῆς
3547 2197 3639 2232 σου
3683 2181 3759 2249 μὴ
3783 2179 4020 2248 ὑστερηο

2441 2271 2608 2324 σάτω·
2635 2291 2652 2322 ι
2672 2273 2770 2343 τὴν
2802 2274 2882 2334 είς
2910 2273 3037 2335 τοὺς
3069 2273 3296 2341 πλησίον
3318 2272 3688 2342 ἐλεημοσύνην
3715 2272 3812 2324 καὶ
3836 2270 3900 2321 τὸ
3922 2271 4020 2337 τῆς

2444 2361 2708 2432 γηγενοῦς
2745 2363 2923 2416 ἐλαίου
2956 2363 3171 2426 λιϐάδος
3211 2364 3661 2433 ὑπογραψάμενος
3697 2379 3713 2396 ο
3747 2358 3818 2433 ἦς
3857 2359 4022 2430 μηδέ.

2439 2467 2570 2503 ποτε
2601 2451 2940 2520 ὑστερεῖσθαι
2976 2453 3132 2522 ἡμῶν
3163 2454 3261 2521 τὴν
3287 2452 3528 2522 κεφαλὴν
3554 2448 4016 2522 παρακελεύεται.

2437 2546 2511 2596 Οὑ
2542 2543 2649 2611 γὰρ
2672 2543 2723 2594 εἰ
2753 2559 2835 2604 τις
2871 2543 3002 2595 ποτέ
3034 2543 3251 2613 ἠλέησε,
3277 2543 3367 2596 τὸν
3399 2543 3546 2596 ἔλεον
3561 2541 3972 2611 κατωρθώσατο
4001 2554 4017 2568 ⁸

763 2632 879 2685 ἀλλ’
901 2635 955 2687 εί
975 2654 1057 2698 τις
1090 2639 1347 2702 πολλάκις
1368 2641 1458 2692 τὶν
1477 2642 1725 2709 δεόμενον
1747 2640 2012 2710 ὑπερεῖδε,
2045 2639 2106 2691 τὺ
2138 2637 2402 2705 προλαϐδν
2466 2638 2562 2706 τῆς
2630 2637 2996 2708 ἀγαθουργίας
3063 2637 3371 2704 κατήγορον
3443 2634 3860 2704 ἀπειργάσατο,
3916 2629 4017 2699 τῆς

765 2727 964 2796 ἀρετῆς
989 2729 1082 2780 καὶ
1120 2732 1220 2799 τῆς
1249 2733 1616 2801 ἐλεημοσύνης
1665 2735 1976 2802 ὑπερόπτην
2018 2731 2210 2785 ἐαυτὸν
2241 2730 2338 2784 οὑκ
2372 2727 2506 2796 ἔχων
2535 2728 2693 2798 ὓϐριν
2713 2727 3117 2798 διελέγχεσθαι·
3147 2726 3241 2778 καὶ
3281 2726 3342 2778 τὸ
3379 2725 3623 2794 πραχθὲν
3649 2724 3751 2776 οὑκ
3784 2721 4016 2793 ἀρετῆς,

768 2818 902 2870 αλλά
931 2837 1071 2883 τινος
1097 2823 1362 2894 διελέγχει
1398 2830 1787 2897 περιστάσεως.

840 2910 903 2964 Et
929 2913 1048 2968 vide
1077 2914 1240 2984 hujus
1291 2919 1443 2971 vocis
1487 2920 1826 2974 altitudinem
1887 2930 1937 2973 et
1985 2917 2332 2987 sapientiam.

772 3026 790 3055 ι
825 3001 901 3059 Ne
954 3006 1188 3074 deﬁciat,
1244 3011 1441 3080 inquit,
1482 3013 1659 3066 oleum
1702 3016 1752 3065 io
1781 3014 1957 3081 capite
2003 3020 2117 3066 tuo.
2162 3032 2180 3063 ι
2225 3010 2336 3063 Etsi

775 3094 909 3145 enim
941 3096 1137 3162 saepius
1194 3102 1370 3160 unxit,
1413 3110 1698 3168 quantum,
1733 3101 1929 3169 inquit,
1958 3116 1986 3153 a
2008 3098 2336 3168 pinguedine

764 3180 950 3244 distat,
993 3190 1202 3236 tantum
1248 3185 1300 3238 in
1357 3200 1455 3238 sua
1515 3187 1692 3253 priore
1745 3187 1958 3240 actione
2018 3187 2219 3241 delicit.
2271 3183 2338 3238 Et

764 3267 985 3323 aliunde
1016 3272 1094 3322 vis
1125 3270 1287 3337 hujus
1317 3273 1464 3326 verbi
1498 3273 1850 3327 meditatione
1891 3274 2209 3334 invenitur;
2259 3273 2330 3325 ita
2358 3309 2403 3366 Ο

768 3366 826 3410 ut
851 3358 938 3411 ille
970 3358 1060 3427 qui
1092 3359 1213 3414 oleo
1245 3363 1415 3415 utitur
1446 3378 1552 3416 non
1585 3372 1788 3416 tantam
1831 3362 2200 3431 indigentibus
2242 3362 2335 3415 be-

769 3446 1108 3501 nellcentiam
1139 3451 1381 3513 adducit,
1403 3459 1668 3520 quantum
1701 3450 1804 3504 sibi
1832 3451 2043 3504 lucrum
2087 3450 2261 3518 injicit
2284 3458 2337 3503 ct

770 3536 986 3602 praebet.
1028 3537 1237 3592 Idcirco
1272 3543 1324 3591 in
1351 3553 1685 3608 congeneres
1737 3539 2168 3592 misericordiam
2203 3552 2336 3590 con-

767 3632 1008 3676 temnere
1036 3627 1266 3692 proprize
1306 3627 1653 3694 pingueilinis
1690 3636 1743 3680 et
1776 3626 2024 3678 utilitatis
2066 3625 2332 3692 privatio-

768 3725 890 3762 nem
917 3721 1226 3776 nuncuiiat;
1259 3722 1312 3764 et
1348 3727 1454 3765 non
1489 3712 1808 3781 simpliciter
1854 3711 2213 3779 privationem
2240 3726 2334 3763 cu-

762 3799 982 3869 jusdam
1025 3803 1192 3869 partis
1238 3817 1427 3856 eorum
1479 3819 1601 3872 quae
1651 3813 1775 3857 sunt
1833 3803 1886 3855 in
1932 3817 2191 3872 corpore,
2244 3801 2336 3855 sed

769 3890 1025 3959 ιιι-α’σὶρυί
1071 3900 1124 3944 et
1151 3892 1540 3960 capacissimi,
1584 3907 1776 3961 nempe
1803 3892 2018 3960 capitis.
2054 3890 2158 3944 Sed
2189 3890 2335 3944 enim

768 3983 913 4049 quod
935 3981 1140 4035 dictum
1161 3989 1263 4046 est,
1291 3982 1524 4050 idipsum
1546 3993 1628 4038 est
1646 3983 1714 4037 iis
1735 3998 1924 4037 carere
1944 3983 2146 4052 quibus
2171 3989 2337 4049 caput

770 4071 1012 4139 ungitur.
1046 4071 1194 4126 Multi
1219 4074 1363 4126 enim
1389 4089 1565 4143 neque
1594 4074 1699 4128 olei
1719 4075 2121 4142 possessionem
2155 4088 2334 4142 neque

771 4177 928 4216 nsum
958 4163 1312 4225 admirantes,
1344 4165 1464 4234 ejus
1488 4166 1648 4218 famae
1678 4180 1797 4234 qua:
1825 4180 1918 4232 per
1947 4165 1998 4218 id
2037 4163 2337 4233 acquiritur

767 4263 823 4308 et
854 4256 1091 4310 nominis
1116 4272 1356 4311 amorem
1393 4258 1625 4312 induunt
1652 4276 1668 4324 ;
1701 4267 1754 4313 et
1783 4259 1872 4312 alii
1904 4258 2121 4326 quidem
2144 4259 2340 4312 nonni-

769 4344 845 4398 hil
884 4345 1217 4400 distribuunt
1241 4362 1429 4401 eorum
1466 4364 1588 4417 qnze
1640 4348 1773 4415 ipsis
1832 4349 2029 4412 adsint,
2069 4365 2246 4418 neque
2273 4364 2336 4402 ea

767 4449 892 4505 quae
917 4436 1020 4490 sibi
1050 4445 1179 4491 sunt
1216 4437 1562 4505 charissima,
1593 4455 1660 4494 eo
1695 4440 1816 4493 oleo
1845 4455 2039 4493 nomen
2073 4440 2177 4494 sibi
2208 4456 2338 4494 con-

2507 2911 2616 2963 Καὶ
2639 2910 2739 2980 ὅρα
2763 2908 2825 2960 τὸ
2857 2907 2991 2976 βαθὺ
3021 2907 3113 2958 καὶ
3156 2921 3442 2973 περινενοη
3454 2904 3612 2971 μένον
3638 2901 3740 2970 τῆς
3765 2900 3971 2964 λέξεως
3998 2913 4015 2930 ⁶

2439 3021 2458 3054 ι
2470 3003 2690 3070 Μὴὺστε
2699 2997 2934 3068 ρησάτω,
2951 2995 3100 3063 φησὶ,
3114 2995 3173 3046 τὸ
3186 2992 3358 3046 ἔλαιον
3382 2995 3472 3044 ἐπὶ
3485 2993 3581 3060 τῆς
3599 2989 3838 3057 κεφαλῆς
3862 3005 3982 3040 σου.
3994 3003 4015 3038 t

2435 3093 2495 3144 Ei
2523 3091 2630 3160 γὰρ
2661 3090 2754 3141 καὶ
2774 3087 3029 3147 πολλάκις
3055 3085 3332 3153 ἠλείψατο,
3359 3085 3415 3135 ἐν
3436 3076 3503 3148 ᾧ,
3525 3082 3677 3150 φησὶ,
3696 3079 3794 3131 τοῦ
3825 3079 4017 3131 λιπαί-

2434 3182 2621 3233 νεσθαι
2649 3179 2852 3243 διέστη,
2883 3175 3166 3245 ὑστέρημα
3206 3173 3363 3224 τοῦτο
3388 3172 3489 3238 τῆς
3531 3169 3845 3240 ἔμπροσθεν
3883 3168 4021 3221 καθ-

2436 3272 2646 3324 ίσταται
2681 3268 2950 3337 πράξεωςο
2985 3267 3078 3316 καὶ
3107 3265 3278 3325 ἄλλως
3300 3264 3356 3316 δὲ
3385 3263 3443 3315 τὸ
3471 3263 3567 3331 τῆς
3587 3259 3784 3324 λέξεως
3806 3260 4023 3328 ἐμφαν-

2438 3361 2588 3414 τικὸν
2617 3360 2972 3428 θεωρήματος
3016 3355 3234 3426 εὑρεσις
3263 3355 3473 3422 γίνεται
3508 3368 3522 3383 ⁸
3559 3353 3634 3415 ὼς
3664 3354 3693 3403 ὁ
3721 3352 3802 3419 τῷ
3850 3350 4023 3418 ἐλαίῳ

2439 3452 2718 3522 χρώμενος
2745 3450 2806 3500 οὑ
2836 3447 3107 3515 τοσαύτην
3152 3447 3261 3508 τοῖς
3291 3444 3631 3512 ἐλεουμὲνοις
3655 3442 3755 3511 τὴν
3787 3442 4022 3511 εὑεργε-

2441 3544 2560 3594 σίαν
2588 3541 2817 3606 είσάγει,
2849 3539 2972 3591 ὅσον
3004 3537 3181 3607 ἐαυτῷ
3213 3535 3610 3589 καταϐάλλεται
3640 3536 3733 3586 καὶ
3764 3533 4026 3604 προξενεί

2437 3635 2497 3685 τὸ
2525 3634 2736 3702 κέρδος.
2779 3633 2884 3683 Διὰ
2909 3630 3067 3683 τοῦτο
3126 3629 3186 3680 τὸ
3219 3629 3481 3697 περιορᾷν
3508 3628 3599 3678 τὸν
3627 3626 3705 3687 είς
3734 3626 3866 3684 τοὺς
3887 3626 4024 3691 ὀμο-

2441 3727 2594 3794 φυείς
2619 3724 2787 3788 ἔλεον,
2820 3722 3112 3792 ὑστέρησιν
3142 3721 3238 3790 τῆς
3287 3719 3421 3781 ἰδίας
3447 3718 3754 3777 λιπάνσεως
3793 3717 3894 3769 καὶ
3923 3715 4025 3785 τῆς

2439 3817 2703 3885 ὠφελείας
2729 3814 2991 3868 ἀποκαλεῖ
3019 3830 3032 3844 ο
3056 3813 3150 3864 καὶ
3185 3814 3282 3881 οὑχ
3308 3812 3492 3873 ἁπλῶς
3521 3810 3777 3878 στέρησιν
3818 3808 4026 3877 μέρους

2439 3908 2580 3971 τινὸς
2607 3908 2716 3959 τῶν
2742 3906 3010 3975 τυχόντων
3048 3905 3106 3956 ἐν
3137 3904 3214 3973 τῷ
3250 3903 3484 3973 σώματι.
3516 3901 3651 3955 ἀλλὰ
3679 3899 3776 3951 τοῦ
3814 3916 4025 3969 κυριω-

2440 3999 2600 4052 τάτου
2628 3999 2723 4051 καὶ
2770 3995 3234 4049 συνεκτικωτάτου
3263 3995 3363 4063 τῆς
3391 3993 3656 4063 κεφαλῆς.
3712 3990 3880 4042 Ἀλλὰ
3913 3990 4028 4059 γὰρ

2439 4086 2549 4144 οἷον
2605 4089 2820 4158 εἴρηται
2865 4087 3105 4140 τοιοῦτόν
3145 4089 3261 4140 ἐστι
3298 4087 3359 4139 τὸ
3388 4085 3728 4155 ὑστερεῖσθαι
3770 4086 3837 4138 δι’
3866 4078 3945 4138 ὧν
3990 4084 4027 4152 ἡ

2442 4183 2649 4251 κεφαλὴ
2699 4179 3085 4244 ἐπαλείφεταιο
3145 4177 3326 4229 πολλοὶ
3373 4177 3484 4246 γὰρ
3530 4176 3654 4228 οὔτε
3693 4174 3790 4227 τοῦ
3831 4174 4027 4228 ἐλαίου

2438 4275 2538 4342 τὴν
2595 4272 2784 4340 κτῆσιν
2813 4269 2934 4324 οὑδὲ
2973 4269 3070 4339 τὴν
3120 4270 3313 4338 χρῆσιν
3365 4266 3735 4335 θαυμάζοντες
3779 4265 3882 4334 τῆς
3924 4264 4027 4319 ἀπ’

2441 4362 2606 4415 αὑτοῦ
2635 4361 2792 4430 δόξης
2823 4359 2917 4412 καὶ
2957 4358 3252 4427 ὀνομασίας
3282 4358 3371 4410 τὸν
3429 4357 3608 4428 ἔρωτα
3636 4356 3969 4408 ὑποδύονται
4007 4372 4024 4386 ⁸

2442 4454 2534 4506 καὶ
2560 4452 2611 4504 οἱ
2634 4453 2731 4520 μέν
2762 4449 3078 4517 διανέμουσί
3110 4465 3230 4501 τινα
3260 4436 3377 4499 τῶν
3397 4447 3731 4521 προσόντων,
3760 4447 3858 4498 καὶ
3887 4447 4029 4498 ταῦ-

767 4525 954 4579 ciliare
981 4527 1243 4590 volentes,
1289 4528 1380 4581 alii
1406 4544 1532 4584 vero
1579 4537 1640 4582 ut
1667 4530 1999 4584 multitudini
2045 4530 2334 4585 videantur

2442 4562 2508 4597 τα
2543 4544 2663 4597 οὑδὲ
2697 4542 2878 4606 αὑτοῖς
2908 4540 3369 4612 περισπούδαστα,
3403 4540 3502 4609 τὴν
3531 4539 3621 4591 τοῦ
3653 4538 3836 4589 ἐλαίου
3875 4554 4028 4606 παρ-

767 4614 971 4672 divitiis
1000 4619 1284 4680 pollentes.
1316 4629 1370 4674 et
1399 4636 1585 4675 eorum
1609 4625 1696 4689 qui
1729 4624 1894 4676 multa
1923 4624 2172 4677 ambiunt
2201 4638 2337 4677 con-

768 4717 1096 4776 templores;
1127 4709 1217 4763 alii
1248 4720 1432 4764 autem
1463 4721 1686 4781 propter
1706 4713 1867 4766 aliam
1900 4713 1967 4766 ad
2003 4713 2135 4766 nihil
2165 4712 2340 4766 virtu-

768 4796 839 4849 tis
869 4806 1179 4866 vergentem
1216 4801 1482 4854 rationem
1509 4817 1524 4867 ;
1559 4816 1793 4871 quorum
1817 4801 2065 4870 quamvis
2091 4800 2341 4854 videatur

767 4889 1012 4946 difﬂuere
1069 4893 1467 4959 misericordia,
1508 4910 1616 4948 non
1658 4904 1839 4949 tamen
1873 4909 1904 4948 a
1936 4893 2112 4963 rapite
2159 4907 2342 4963 neque

768 4997 934 5050 supra
963 4993 1124 5052 caput
1153 4984 1280 5038 talis
1317 4985 1689 5039 misericordia
1726 4985 1922 5040 fertur.
1954 4984 2071 5040 Non
2103 4988 2246 5040 enim
2284 4988 2338 5041 in

762 5075 974 5145 judicio
1019 5088 1072 5130 et
1113 5078 1436 5133 intentionis
1481 5081 1827 5145 rectitudine,
1885 5081 1978 5134 sed
2033 5081 2086 5134 in
2139 5081 2337 5150 agitata

767 5177 949 5220 mente
994 5176 1048 5220 et
1081 5169 1436 5236 cupiditatum
1482 5186 1634 5223 cura.
1687 5169 1844 5235 Quod
1874 5170 2008 5237 ,ideo
2037 5171 2247 5225 utiliter
2289 5179 2341 5226 et

768 5258 1058 5312 salubriter
1086 5276 1189 5314 non
1226 5261 1455 5314 multum
1507 5263 1656 5317 danti
1691 5262 1918 5316 diﬂ'undi
1967 5272 2019 5316 et
2059 5262 2340 5317 abundare

771 5360 1000 5417 poterat,
1032 5353 1083 5405 in
1132 5354 1354 5407 modum
1391 5370 1564 5423 ptenae
1601 5365 1655 5409 et
1685 5356 1974 5411 infeliciter
2005 5359 2077 5410 illi
2123 5358 2340 5410 subtra-

771 5440 936 5503 hitur,
983 5459 1081 5497 nec
1117 5460 1182 5496 eo
1231 5445 1392 5499 modo
1455 5462 1515 5500 se
1559 5447 1899 5516 privantibus
1945 5447 2026 5499 vel
2071 5447 2336 5517 guttulam

768 5536 1038 5587 commodi
1080 5537 1274 5591 reddit.
1335 5538 1435 5604 Qui
1465 5555 1594 5593 vero
1647 5539 1760 5593 sola
1801 5540 2076 5608 egentium
2110 5555 2242 5594 cura
2286 5548 2341 5592 et

771 5627 1003 5692 propria:
1031 5629 1226 5682 anima:
1256 5638 1309 5681 et
1348 5629 1565 5683 virtutis
1595 5629 1990 5694 misericordia,
2021 5629 2336 5684 facit.misc-

768 5715 1083 5780 ricordiam,
1118 5718 1206 5770 illc
1230 5734 1357 5772 vere
1379 5720 1445 5773 de
1481 5722 1656 5789 capite
1722 5721 1922 5774 donum
1971 5721 2142 5773 fuinlil
2189 5731 2242 5774 et
2273 5723 2340 5775 de

775 5815 921 5860 recta
973 5807 1296 5876 intentione,
1329 5826 1427 5867 nec
1463 5821 1623 5880 caput
1668 5829 1825 5868 suum
1879 5814 1967 5867 illa
2013 5815 2338 5885 pinguedine

2441 4635 2683 4704 ωνυμίαν
2714 4634 2965 4701 συνάγειν
2996 4633 3309 4702 βουλόμενοι
3345 4646 3359 4660 ⁶
3390 4632 3440 4681 οί
3465 4630 3520 4681 δέ
3549 4629 3633 4680 ἶνα
3662 4631 3773 4691 τοῖς
3803 4628 4030 4689 πολλοῖς

2439 4726 2628 4790 δόξωσι
2655 4726 2951 4795 χρημάτων
2999 4724 3302 4793 κρείττους,
3339 4720 3562 4773 καὶτῶν
3595 4718 3729 4771 πολὺ
3776 4720 4028 4770 σπουδα-

2442 4818 2680 4887 ζομένων
2728 4818 3064 4886 ὑπ’νεερὺπται⁸
3116 4817 3163 4867 οί
3190 4815 3244 4867 δέ
3292 4813 3358 4865 δι’
3398 4811 3581 4883 ἕτερόν
3619 4828 3672 4864 τι
3701 4811 3811 4863 τῶν
3853 4811 4029 4880 μηδὲν

2441 4913 2518 4971 εἰς
2567 4909 2667 4977 τῆς
2696 4907 2897 4978 ἀρετῆς
2930 4905 3348 4977 ἀναφερομένων
3379 4905 3537 4970 λόγον
3571 4919 3583 4932 ’
3620 4921 3697 4956 ων
3739 4902 3845 4955 κᾶν
3886 4903 4028 4973 δοκῇ

2440 5000 2708 5069 διαρῤέειν
2755 5000 2784 5051 ὀ
2833 4999 3000 5063 ἐλεος,
3037 4997 3150 5049 ἀλλ’
3209 4996 3309 5048 οὑκ
3355 4995 3463 5048 άπὸ
3498 4995 3597 5063 τῆς
3635 4994 3882 5062 κεφαλῆς
3912 4995 4029 5046 οὐδ’

2443 5092 2532 5143 ἐπὶ
2560 5093 2658 5159 τὴν
2694 5091 2929 5159 κεφαλὴν
2968 5091 2996 5140 ὁ
3023 5087 3263 5149 τοιοῦτος
3289 5088 3515 5154 φέρεται
3541 5103 3553 5115 ·
3583 5085 3643 5136 οὑ
3672 5085 3781 5154 γάρ
3803 5087 3866 5136 ἐν
3894 5085 4029 5154 κρί-

2443 5203 2522 5237 σει
2546 5184 2780 5246 διανοίας
2798 5183 2890 5235 καὶ
2910 5181 3184 5252 ὀρθότητι,
3202 5178 3335 5231 ἀλλὰ
3353 5177 3686 5246 σαλευομένη
3703 5177 3904 5247 γνώμῃ
3929 5178 4032 5230 καὶ

2441 5275 2707 5345 θεραπεία
2726 5274 2911 5326 παθῶν
2931 5290 2944 5304 ’
2975 5272 3004 5325 ὃ
3024 5271 3410 5340 συμφερόντως
3441 5270 3503 5321 ειν
3528 5270 3619 5322 καὶ
3654 5270 4031 5339 σωτηριωδῶς

2444 5368 2676 5436 μάλιστα
2692 5365 2766 5433 τῷ
2785 5363 3027 5417 κενοῦντι
3043 5361 3342 5431 διακεῖσθαί
3358 5377 3415 5412 τε
3433 5361 3525 5412 καὶ
3555 5360 3736 5429 δαψιλε
3747 5361 3950 5414 ύεσθαι
3969 5360 4029 5416 εὖ

2443 5455 2587 5525 μάλα
2603 5453 2850 5523 ὴδύνατο,
2868 5450 3174 5521 ἐπιζημίως
3191 5466 3248 5501 τε
3271 5450 3363 5500 καὶ
3385 5448 3699 5515 ἐπισφαλῶς
3723 5449 4033 5502 άποκενοῦ⁹

2439 5547 2646 5612 ται,κα“ι
2665 5544 2800 5615 μηδέ
2820 5543 3132 5611 σταλαγμὸν
3149 5540 3412 5608 ὠφελείας
3430 5543 3537 5602 τοῖς
3558 5538 3805 5592 κενοῦσιν
3819 5541 4028 5594 ἀνταλ-

2439 5639 2780 5705 λαττόμενον.
2795 5636 2853 5687 Ὀ
2867 5637 2920 5686 δὲ
2933 5636 3023 5687 ἐπὶ
3035 5634 3299 5703 θεραπείᾳ.
3313 5631 3563 5702 μόνῃτῶν
3575 5633 3820 5701 πενήτων
3834 5635 3938 5686 καὶ
3952 5636 4032 5703 τῷ

2443 5729 2652 5799 ἱλασμῷ
2683 5729 2780 5798 τῆς
2813 5728 2943 5791 ιδίας
2961 5726 3139 5797 ψυχῆς
3161 5727 3252 5779 καὶ
3268 5725 3345 5796 τῷ
3368 5725 3466 5792 τῆς
3495 5725 3693 5793 ἀρετῆς
3724 5725 3916 5791 νέμων
3939 5727 4032 5777 τὸν

2442 5815 2762 5884 ἓλεονρῧτος
2781 5819 2854 5882 ὡς
2867 5819 3080 5889 άληθῶς
3097 5820 3202 5872 ἀπὸ
3213 5816 3450 5885 κεφαλῆς
3463 5833 3517 5868 τε
3535 5815 3594 5866 τὸ
3605 5813 3778 5884 δῶρον
3796 5824 4033 5886 προχέει
