4186 6444
738 445 848 511 339

1879 437 2140 494 PHU’l‘ll
2174 428 2676 491 PATRIARCHA!
2703 427 2814 486 ΟΡ.

3860 410 3963 471 34θ

734 554 884 610 omni
915 565 1072 609 sacra
1095 558 1150 605 et
1192 548 1353 604 beata
1391 545 1846 615 contemplatione
1871 554 1927 600 et
1957 542 2293 613 perfectione

2419 536 2772 609 ιαταμυρίζον
2802 549 2897 588 σου
2920 531 2983 586 τὸ
3003 526 3353 601 ἡγεμονικὸν,
3369 525 3466 580 καὶ
3485 525 3662 591 πάσης
3694 522 3849 615 ίεριις
3870 522 3964 573 καὶ

733 644 980 712 impleat.
1019 643 1134 697 Etsi
1164 641 1310 695 enim
1363 647 1529 708 caput
1566 637 1840 700 Ecclesiae,
1877 636 1928 690 id
1953 644 2038 689 est
2059 633 2299 688 ﬁdelium

734 730 992 787 Christus
1045 729 1274 792 dicitur,
1313 727 1420 782 sibi
1475 736 1653 781 tamen
1701 726 1811 780 alio
1846 723 2004 779 modo
2039 735 2304 793 pauperes

733 821 1018 890 conjungit
1044 830 1100 874 et
1120 821 1300 874 datam
1336 818 1443 872 illis
1470 818 1870 884 eleemosynam
1900 816 1967 870 ad
2004 829 2063 869 se
2092 812 2302 878 refert;

739 931 758 962 ε
779 910 934 977 Quod
949 910 1094 965 enim
1115 911 1206 964 uni
1229 924 1419 964 eorum
1436 908 1668 963 fratrum
1689 921 1930 962 meorum
1951 905 2302 960 minimarum

736 999 996 1064 feceritis,
1019 1000 1152 1054 mihi
1175 998 1406 1062 fecistis,
1445 1017 1464 1051 ι
1494 997 1599 1054 Per
1626 999 1979 1068 praecedentia
2012 996 2180 1052 verba
2203 994 2312 1050 Ec-

734 1085 1021 1165 clesiastes
1046 1087 1296 1141 hortatur
1315 1095 1372 1139 ut
1389 1096 1553 1155 caput
1573 1097 1817 1141 nostrum
1835 1086 1956 1141 oleo
1974 1098 2173 1154 ungere
2189 1097 2300 1138 non

733 1178 1106 1247 negligamus;
1147 1177 1295 1248 quod
1335 1188 1420 1232 est
1445 1190 1702 1248 perpetuo
1727 1178 2125 1248 elwmosynam
2165 1189 2301 1244 pau-

733 1272 959 1340 peribus
979 1259 1128 1327 dare.
1156 1273 1261 1327 Per
1289 1273 1404 1326 haec
1427 1273 1571 1326 enim
1596 1273 1650 1327 in
1678 1281 1921 1327 nostrum
1948 1278 2110 1339 caput
2145 1268 2306 1324 Chri-

735 1370 882 1417 stum
926 1363 1352 1418 misericordiam
1411 1361 1734 1429 inferimus;
1778 1361 1872 1418 sed
1915 1362 2031 1416 haec
2081 1359 2302 1431 quidem

733 1453 1020 1509 hactenus.

2401 629 2679 701 μακαρίας
2701 621 3105 695 ἀνεμπιμπλῶν
3131 618 3366 688 θεωρίας
3393 633 3453 670 τε
3481 616 3575 670 καὶ
3601 613 3964 701 τελειότητος.

2398 699 2462 768 ΕΙ
2487 715 2544 767 δὲ
2564 699 2664 768 καὶ
2693 711 2905 778 κεφαλὴ
2935 708 3033 778 τῆς
3071 705 3423 778 Ἐκκλησίας,
3456 703 3701 757 τουτέστι
3727 699 3842 755 τῶν
3875 717 3969 751 πι-

2403 803 2568 869 στῶν,
2608 803 2638 856 6
2668 800 2903 872 Χριστὸς
2927 799 3146 866 λέγεται
3175 797 3270 850 καὶ
3299 794 3639 858 πιστεύεται,
3666 791 3969 845 οἰκειοῦται

2401 895 2460 949 δὲ
2497 894 2659 949 πάλιν
2686 893 2889 962 τρόπον
2934 890 3121 960 ἕτερον
3150 888 3280 949 τοὺς
3324 886 3562 950 πένητας
3594 884 3692 938 καὶ
3733 882 3838 952 τὴν
3890 881 3971 944 εἰς

2401 986 2644 1048 έκιίνους
2688 985 3061 1053 ἐλεημοσύνην
3082 981 3162 1044 είς
3183 977 3375 1032 ἑαυτὸν
3407 975 3732 1045 ἀναδέχεται
3751 989 3768 1004 ο
3804 992 3824 1024 ι
3853 974 3974 1040 Ἐφ’

2401 1078 2528 1130 ὅσον
2560 1077 2670 1145 γὰρ
2698 1075 2993 1141 ὲποιήσατε
3038 1072 3118 1124 ἑνὶ
3170 1067 3376 1122 τούτων
3417 1067 3527 1120 τῶν
3574 1064 3824 1134 ἀδελφῶν
3872 1080 3976 1130 μου

2402 1169 2511 1223 τῶν
2540 1168 2860 1239 έλαχίστων,
2883 1165 3006 1234 έμοὶ
3025 1164 3339 1233 ἐποιήσατε.
3369 1178 3388 1212 ι
3416 1160 3514 1212 Διὰ
3532 1158 3640 1211 τῶν
3669 1157 3977 1223 προκειμέ-

2403 1279 2510 1317 νων
2534 1261 2709 1328 λόγων
2731 1260 2761 1312 6
2784 1253 3220 1324 Ἐκκλησιαστὴς
3248 1251 3506 1320 παραινεῖ
3534 1249 3609 1318 μὴ
3642 1247 3981 1316 καταμελεῖν

2405 1351 2504 1404 τοῦ
2535 1349 2780 1414 ἀλείφειν
2826 1343 2985 1414 ἡμῶν
3009 1339 3176 1412 έλαίῳ
3221 1339 3320 1410 τὴν
3353 1338 3621 1407 κεφαλήν·
3651 1337 3793 1404 ὅπερ
3826 1335 3982 1386 έστὶν

2406 1441 2635 1495 ἀένναον
2671 1437 2770 1506 τὴν
2801 1432 3174 1504 ιλεημοσύνην
3197 1431 3312 1491 τοῖς
3340 1427 3659 1496 πενομένοις
3694 1426 3981 1496 χορηγεῖν.

734 1542 838 1596 Διά
865 1542 976 1614 γὰρ
1003 1529 1229 1597 ἐκείνων
1258 1545 1339 1607 είς
1367 1543 1468 1614 τὴν
1497 1542 1655 1614 ἡμῶν
1694 1542 1941 1611 κεφαλὴν
1982 1540 2074 1594 τὸν
2102 1537 2339 1611 Χριστδν
2375 1535 2468 1591 τὸν
2519 1531 2669 1586 ιλεον
2733 1527 3117 1596 ἀναφέρομενσ
3167 1521 3305 1577 ἀλλὰ
3347 1520 3522 1574 ταῦτα
3569 1519 3670 1590 μὲν
3713 1519 3810 1570 tut
3857 1533 3984 1569 τοσ-

735 1630 917 1687 οῦτον.

808 1719 938 1776 Scio
961 1729 1144 1777 autem
1171 1724 1436 1793 quosdam
1460 1724 1676 1795 dignam
1700 1724 1755 1778 in
1785 1722 1966 1778 multis
1997 1722 2308 1792 opinionem

2480 1710 2613 1768 οῖδα
2642 1710 2699 1764 δέ
2722 1726 2877 1772 τινας
2915 1705 3192 1774 ἀξιόλογον
3220 1705 3280 1756 ιν
3299 1700 3515 1764 πολλοῖς
3540 1697 3823 1795 ὑπόληψιν·
3839 1713 3986 1795 παρ·

737 1820 1071 1878 pmentare
1098 1826 1218 1880 qua:
1247 1820 1516 1882 expurgat
1559 1827 1623 1867 ea
1657 1827 1781 1882 qua:
1823 1826 1890 1866 ex
1926 1821 2111 1867 nostra
2141 1825 2309 1881 gene-

738 1898 952 1952 ratione
981 1900 1230 1969 contagia
1278 1911 1582 1970 sequuntur
1623 1909 1680 1956 et
1720 1901 1957 1956 carnalis
2001 1901 2311 1970 cupiditatis

738 1988 932 2042 sordes
964 2007 978 2042 :
1017 1990 1165 2044 illam
1199 2007 1325 2046 vero
1352 1992 1725 2062 puriticantem
1751 2004 1806 2050 et
1826 1995 2117 2049 salutarem
2149 2009 2313 2048 reno-

740 2076 1016 2132 vationem
1037 2094 1134 2148 per
1152 2083 1511 2150 praecedentia
1538 2084 1704 2138 verba
1724 2099 1753 2138 a
1779 2084 2070 2140 Salomone
2096 2085 2311 2140 ostendi

739 2169 1098 2232 contendunt,
1143 2170 1351 2226 hortari
1381 2173 1528 2227 enim
1567 2175 1950 2243 praeﬁdentem
1979 2174 2184 2230 Christi
2215 2176 2316 2229 ad-

739 2266 962 2312 ventum
995 2269 1051 2313 et
1079 2263 1341 2331 mysticae
1373 2277 1469 2330 per
1496 2277 1621 2318 eum
1650 2263 2026 2333 perfectiones,
2061 2273 2122 2319 ut
2150 2265 2314 2321 homo

742 2362 943 2416 purum
997 2347 1151 2403 illum
1206 2360 1261 2406 et
1305 2352 1565 2407 nitentem
1598 2355 1826 2408 vestium
1873 2354 2213 2422 splendorem
2261 2363 2315 2409 et

742 2457 920 2512 usque
950 2443 1017 2499 ad
1057 2444 1297 2498 animam
1349 2451 1742 2515 pertingentem
1787 2449 2089 2503 albediuem
2140 2451 2316 2504 omni-

744 2533 850 2588 bus
878 2535 1185 2600 anteferat;
1229 2537 1282 2590 in
1312 2553 1420 2607 qua
1453 2548 1509 2592 et
1529 2550 1692 2608 caput
1723 2541 1845 2596 oleo
1879 2541 2162 2611 inungitur
2192 2556 2317 2611 per-

747 2623 1051 2681 fectissimo
1095 2638 1373 2696 unguento
1404 2645 1500 2697 per
1532 2639 1782 2685 sanctum
1827 2631 2126 2701 Spiritum;
2166 2643 2220 2687 et
2251 2633 2318 2690 iis

747 2716 1005 2770 sensibus
1061 2719 1262 2786 quibus
1315 2727 1510 2787 praeest
1555 2730 1736 2790 caput,
1785 2736 1850 2776 ex
1909 2723 2028 2790 ipso
2073 2724 2319 2791 praebens

749 2807 1160 2876 perceptionum
1193 2808 1418 2863 flumen.
1453 2808 1518 2863 Et
1553 2810 1664 2865 fere
1699 2821 1906 2866 cetera:
1935 2828 2096 2867 voces
2125 2829 2318 2868 omnes

748 2898 1054 2966 prmpositaa
1082 2898 1304 2952 theoria:
1332 2902 1631 2968 adaequeiam
1662 2911 1793 2955 sunt
1825 2911 1880 2957 et
1907 2904 2150 2957 omnium
2185 2904 2318 2957 alia-

750 3003 873 3040 rum
903 2988 1347 3057 explanationnm
1382 2988 1672 3045 familiaris
1711 2992 1922 3047 reddita
1945 3003 2028 3046 est
2061 2994 2319 3063 interpre-

2410 1803 2709 1874 εχομένους
2731 1799 2829 1869 τὴν
2858 1795 3338 1864 ἁποκαθαίρουσαν
3379 1795 3413 1864 η
3423 1791 3541 1860 μῶν
3567 1791 3696 1852 τοὺς
3724 1787 3839 1841 ἀπὸ
3885 1787 3989 1855 τῆς

2410 1895 2680 1965 γενέσεως
2727 1889 3039 1962 μολυσμοὺς
3073 1888 3170 1942 καὶ
3215 1886 3317 1955 τῆς
3363 1884 3553 1938 ινύλου
3602 1878 3989 1952 προσπαθείας

2410 1984 2502 2039 τδν
2531 1982 2702 2055 ῥύπον
2721 1998 2737 2014 ο
2787 1978 2990 2048 ταύτην
3018 1976 3076 2029 δέ
3103 1975 3200 2043 τὴν
3235 1973 3532 2043 καθάρσιον
3575 1972 3670 2024 καὶ
3710 1969 3991 2038 σωτήρων

2411 2075 2774 2142 ἀναγέννησιν
2803 2069 2893 2123 διὰ
2924 2067 3036 2121 τῶν
3061 2065 3440 2137 προκειμένων
3468 2063 3729 2133 ῥημάτων
3755 2060 3865 2112 ὑπὸ
3892 2058 3991 2112 τοῦ

2413 2163 2759 2234 Σολομῶντος
2803 2158 3125 2229 δηλοῦσθαι⁸
3180 2158 3465 2226 παραινεῖν
3511 2155 3621 2223 γὰρ
3662 2151 3994 2222 προορῶντα

2414 2254 2651 2326 Χριστοῦ
2683 2253 2783 2324 τὴν
2810 2250 3102 2321 έπιδημίαν
3143 2249 3239 2302 καὶ
3265 2248 3364 2310 τὰς
3395 2247 3668 2317 μυστικὰς
3716 2243 3788 2296 δι’
3815 2241 3992 2297 αὐτοῦ

2415 2344 2637 2407 τελετὰς
2685 2343 2777 2396 τὸν
2820 2340 3107 2410 ἄνθρωπον
3163 2337 3264 2407 τὴν
3315 2336 3562 2404 καθαρὰν
3618 2333 3826 2402 ταύτην
3896 2333 3994 2384 καὶ

2414 2435 2612 2504 διαυγῆ
2645 2431 3060 2503 λαμπροφορίαν
3089 2429 3183 2482 καὶ
3214 2427 3376 2498 μέχρι
3403 2426 3582 2495 ψυχῆς
3607 2423 3994 2494 ὲμϐαθυνομέ-

2416 2544 2514 2597 νην
2539 2526 2839 2593 λευκότητα
2864 2523 2973 2576 τῶν
3002 2520 3177 2574 ἄλλων
3203 2521 3457 2572 ἁπάντων
3481 2516 3870 2587 προαιρεῖσθαι
3893 2531 3907 2543 ο
3937 2516 3997 2565 ἐν

2416 2611 2452 2689 ᾖ
2495 2617 2589 2670 καὶ
2638 2617 2672 2685 ἡ
2722 2614 2936 2682 κεφαλὴ
2964 2612 3042 2681 τῷ
3075 2611 3240 2680 ἐλαίῳ
3273 2608 3622 2678 ἐπαλείφεται
3665 2607 3745 2677 τῷ
3779 2606 3997 2658 τετελεο

2419 2708 2600 2776 σμένῳ
2629 2705 2788 2775 μύρῳ
2814 2704 2902 2756 διὰ
2928 2702 3023 2755 τοῦ
3067 2700 3225 2769 ἁγίου
3279 2700 3592 2770 Πνεύματος
3615 2715 3629 2730 ·
3675 2700 3772 2750 καὶ
3803 2691 3882 2750 ὧν
3913 2698 3998 2749 αῖ-

2420 2799 2665 2866 σθήσεων
2692 2800 2724 2866 ἠ
2757 2794 2965 2863 κεφαλὴ
3013 2793 3357 2862 καθηγεῖται,
3402 2791 3460 2856 ἐξ
3508 2790 3676 2858 αὐτῆς
3706 2788 3769 2840 τὸ
3813 2788 4001 2857 ῥεῦμα

2419 2892 2528 2944 τῶν
2556 2888 2892 2957 ἀντιλήψεων
2918 2884 3228 2955 χορηγοῦσα
3248 2901 3263 2915 ο
3295 2884 3388 2936 καὶ
3409 2883 3468 2936 τὸ
3493 2881 3589 2950 μὲν
3619 2878 3822 2949 μικροῦ
3854 2877 4000 2945 σύμ-

2421 2999 2528 3036 παν
2557 2980 2664 3033 τῶν
2690 2979 2888 3044 λέξεων
2919 2977 3045 3046 περὶ
3075 2977 3212 3029 πόδα
3235 2969 3375 3028 εἶναι
3400 2976 3466 3044 τῇ
3501 2971 3839 3042 προκειμένῃ
3865 2970 4002 3021 θεω-

749 3078 908 3132 tatio.
962 3078 1116 3132 Unde
1160 3079 1365 3132 nemini
1402 3079 1630 3133 dubium
1665 3096 1786 3136 esse
1817 3083 1995 3145 debet,
2020 3083 2149 3152 quin
2189 3060 2320 3139 bene

2429 3074 2520 3144 ρία
2546 3072 2638 3124 καὶ¹
2662 3070 2772 3122 τῶν
2805 3069 2982 3122 ἄλλων
3007 3066 3196 3120 πασῶν
3220 3064 3572 3128 ἀναπτύξεων
3601 3061 4004 3126 ὲξοικειοῦσθαι

749 3177 808 3223 et
827 3179 1083 3222 accurate
1115 3169 1521 3222 consideratum
1555 3168 1648 3222 sit.
1693 3170 1828 3223 illud
1861 3179 2080 3224 autem:
2117 3189 2136 3221 ι
2163 3170 2320 3225 Omni

2423 3164 2522 3234 τὴν
2552 3160 2870 3232 ἑρμηνείαν,
2901 3158 3076 3212 οὐδενὶ
3101 3155 3399 3223 δισταγμὸν
3432 3155 3506 3225 μὴ
3532 3155 3652 3221 οὐχὶ
3680 3153 3866 3214 καλῶς
3909 3153 4005 3203 καὶ

753 3264 998 3325 tempore
1047 3256 1345 3309 induantur
1381 3257 1702 3310 vestimenta
1746 3258 1891 3323 alba,
1938 3269 1992 3313 et
2043 3275 2320 3330 nunquam

2426 3257 2506 3318 εἰς
2533 3254 2594 3307 τὸ
2628 3251 3022 3322 ἀκριϐέστατον
3047 3248 3420 3318 τεθεωρῆσθαι
3452 3250 3697 3314 παρέχει.
3747 3245 3822 3296 Τὸ
3852 3243 3913 3295 δὲ
3949 3247 4006 3295 ἰν

754 3345 974 3399 deficiat
1023 3360 1118 3413 per
1154 3353 1494 3413 unguentum
1529 3347 1716 3400 unctio
1746 3347 1800 3399 in
1853 3349 2044 3416 capite.
2083 3353 2118 3413 «ς
2141 3351 2320 3404 nescio

2429 3345 2590 3398 παντὶ
2620 3341 2796 3413 καιρῷ
2841 3339 3266 3410 περιϐεϐλῆσθαι
3313 3339 3422 3390 τῶν
3456 3337 3684 3405 ἱματίων
3707 3333 3779 3386 τὰ
3807 3333 4007 3398 λευκὰ,

755 3437 1030 3506 quomodo
1061 3436 1414 3504 adimpletum
1458 3451 1577 3490 esse
1621 3437 1902 3505 probetur,
1959 3453 2082 3490 cum
2137 3439 2188 3492 id
2220 3455 2320 3494 una

2429 3436 2603 3489 καὶτὸ
2640 3437 2716 3505 μὴ
2743 3433 3086 3503 ὑστερεῖσθαι
3128 3430 3398 3499 μηδέποτε
3437 3429 3535 3496 τῆς
3580 3426 3669 3479 διὰ
3700 3424 3797 3477 τοῦ
3827 3423 4008 3494 μύρου

754 3527 874 3581 vice
923 3533 1133 3579 tantum
1180 3525 1522 3579 occasionem
1569 3526 1788 3580 habeat.
1819 3527 1922 3579 Sed
1961 3527 2320 3583 hortationem

2429 3527 2662 3597 χρίσεως
2687 3525 2788 3594 τὴν
2817 3521 3080 3593 κεφαλὴν,
3110 3522 3211 3574 οὐκ
3233 3516 3350 3574 οἶδα
3377 3519 3494 3580 πῶς
3529 3516 3596 3569 ἂν
3631 3515 3831 3586 ῥᾳδίως
3866 3531 4011 3583 συμο

756 3615 1017 3669 adhibere
1054 3615 1261 3668 nemini
1293 3616 1385 3683 qui
1416 3622 1546 3668 tunc
1576 3619 1837 3684 temporis
1868 3627 1963 3670 aut
1999 3617 2326 3685 intelligere,

2433 3616 2718 3686 ϐιϐασθείη
2747 3615 2894 3678 ἅπαξ
2937 3616 3128 3683 ἔχοντα
3179 3614 3371 3682 καιρὸν
3422 3607 3828 3663 ἐπιτελεῖσθαιο
3869 3606 4012 3659 ἀλλὰ

756 3716 812 3762 et
851 3707 919 3760 ad
944 3722 1084 3776 opus
1125 3706 1308 3761 induci
1356 3707 1546 3774 possit,
1602 3709 1788 3762 nescio
1839 3708 2116 3776 quomodo
2169 3709 2320 3766 facile

2433 3711 2526 3763 καὶ
2553 3709 2614 3761 τδ
2640 3707 2958 3777 παραίνεσιν
2993 3706 3232 3772 εἰσάγειν
3282 3703 3472 3773 μηδενὶ
3504 3698 3806 3770 τηνικαῦτα
3873 3701 4013 3767 μήτε

758 3813 984 3853 sensum
1031 3814 1232 3852 vanum
1283 3799 1520 3866 abjicere
1572 3798 1789 3853 valeat?
1842 3799 2048 3855 Forsan
2092 3811 2275 3856 autem
2315 3822 2329 3858 :

759 3888 919 3943 Omni
957 3899 1200 3959 tempore
1228 3890 1351 3944 alba
1373 3891 1692 3945 vestimenta
1723 3889 1865 3944 ferre
1884 3892 2214 3961 intelligetur
2240 3895 2335 3964 qui

2436 3798 2672 3851 συνιέναι
2698 3797 2997 3866 δυναμένῳ,
3030 3797 3166 3865 μήτε
3199 3795 3308 3864 μὴν
3336 3794 3416 3855 είς
3445 3791 3606 3862 ἔργον
3633 3790 3791 3857 ἄγειν
3817 3791 4013 3856 ἀνεχο-

2439 3888 2602 3957 μένῳ,
2631 3888 2731 3940 οὐκ
2761 3882 2879 3939 οἶδα
2914 3884 3028 3948 πῶς
3061 3885 3127 3937 ἂν
3167 3887 3232 3936 ὲκ
3269 3884 3361 3935 τοῦ
3411 3883 3607 3953 ῥᾴστου
3660 3879 3720 3932 τὸ
3778 3879 4016 3947 μάταιον

759 3987 884 4047 post
900 3978 1194 4046 puriﬁeans
1218 3979 1483 4048 baptisma
1505 3980 1765 4034 virtutum
1789 3983 2076 4050 splendore
2097 3987 2320 4052 seipsuu

2435 3977 2916 4033 ἀποσκευάσασθαι
2964 3974 3379 4042 κατευοδωθεῐη.
3408 3974 3562 4041 Τάχα
3592 3971 3637 4022 δ’
3669 3971 3736 4023 ἂν
3763 3971 3823 4023 ἐν
3852 3971 4018 4022 παντὶ

759 4071 944 4134 vestit,
997 4079 1052 4124 et
1095 4071 1244 4124 omni
1294 4075 1456 4125 modo
1501 4071 1755 4139 prohibet
1803 4088 1871 4125 ne
1913 4075 2116 4141 peccati
2161 4076 2320 4145 caligt

2438 4070 2614 4141 καιρῷ
2658 4071 2846 4140 φορεῖν
2891 4067 3060 4120 λευκὰ
3109 4065 3330 4134 νοηθείη
3376 4065 3407 4116 6
3459 4062 3598 4133 μετὰ
3621 4061 3681 4114 τὺ
3713 4061 4018 4126 καθάρσιον

761 4162 830 4215 ad
858 4177 916 4215 se
949 4160 1192 4214 accedat.
1247 4159 1311 4214 Et
1360 4170 1702 4229 unguentum
1749 4162 1803 4214 in
1841 4164 2019 4230 capite
2060 4178 2161 4218 suo
2195 4181 2334 4218 nun-

761 4267 927 4321 quam
961 4250 1196 4306 delicere
1225 4251 1385 4314 sinet,
1417 4252 1511 4320 qui
1557 4267 1774 4319 semper
1808 4267 1870 4305 ea
1911 4269 2034 4321 quae
2067 4263 2194 4307 sunt
2223 4256 2337 4323 spi-

2441 4160 2724 4229 βάπτισμα
2754 4162 2819 4228 τῇ
2851 4157 3195 4227 λαμπρότητι
3245 4154 3353 4206 τῶν
3388 4153 3598 4223 ἀρετῶν
3644 4150 4020 4220 περιστέλλων

2439 4251 2651 4315 ἑαυτὸν,
2683 4252 2778 4304 καὶ
2820 4251 2909 4302 τὸν
2955 4249 3054 4318 τῆς
3084 4246 3358 4318 ἁμαρτίας
3392 4246 3554 4312 ζόφον
3587 4242 3872 4304 παντελῶς
3911 4244 4019 4295 ἀπ-

762 4342 902 4396 ritus
930 4340 1191 4408 cogitabit
1230 4351 1283 4395 et
1316 4356 1373 4395 se
1408 4341 1594 4410 gratiae
1649 4341 1855 4395 imbuet
1893 4341 2230 4397 fluminibus.
2277 4343 2315 4397 S

2441 4339 2678 4392 ελαύνων
2703 4336 3021 4408 πλησιάζειν
3049 4337 3244 4405 ἑαυτῷ.
3273 4337 3334 4388 '0
3359 4334 3472 4403 γὰρ,
3497 4332 3822 4393 τοιοῦτος’έν
3859 4333 4022 4383 παντὶ

762 4447 894 4484 vero
916 4442 970 4486 et
1003 4432 1381 4501 propheticam
1422 4432 1653 4499 gratiam
1685 4431 1947 4486 Salomon
1983 4433 2195 4500 plenam
2235 4434 2334 4487 ha-

765 4525 968 4588 buerit,
1005 4526 1185 4576 divina
1213 4529 1266 4576 et
1292 4524 1528 4575 humana
1559 4535 1905 4590 percurrens,
1943 4522 2165 4576 verbum
2198 4537 2336 4590 prae-

765 4617 904 4671 dixit
954 4614 1111 4683 cujus
1163 4614 1362 4667 futuris
1411 4613 1749 4682 temporibus
1802 4627 1942 4681 opus
1981 4613 2210 4667 debebat
2238 4629 2337 4668 ex-

768 4724 1014 4777 surgere.

2439 4431 2616 4502 καιρῷ
2645 4431 3019 4500 λαμπροφορεῖ
3038 4445 3050 4458 ⁸
3097 4431 3192 4481 καὶ
3227 4428 3291 4480 τὸ
3327 4427 3496 4497 μῦρον
3521 4425 3577 4477 δὶ
3602 4427 3631 4477 6
3657 4422 3907 4485 τοιοῦτος
3932 4423 4022 4474 ἐπὶ

2436 4525 2536 4593 τῆς
2570 4523 2807 4590 κεφαλῆς
2844 4523 2933 4590 εῐη
2962 4519 3031 4573 ἂν
3063 4519 3138 4591 μὴ
3171 4517 3565 4588 ὑστερούμενος
3591 4556 3606 4580 ,
3655 4517 3747 4568 ἀεὶ
3804 4515 4022 4585 φρονῶν

2438 4616 2507 4668 τὰ
2529 4613 2622 4666 τοῦ
2656 4612 2964 4681 πνεύματος
2987 4610 3080 4664 καὶ
3112 4609 3213 4679 τῆς
3245 4609 3462 4662 ἐκεῖθεν
3489 4607 3711 4676 χάριτος
3745 4605 4020 4673 καταρδό-

2445 4723 2603 4774 μενος
2635 4707 2748 4768 τοῖς
2780 4704 3034 4774 ῥείθροις.
3066 4703 3128 4755 El
3150 4702 3208 4754 δὲ
3236 4699 3412 4754 καὶτὸ
3441 4698 3780 4769 προφητικὸν
3804 4697 3833 4747 6
3863 4696 4022 4747 Σολο·

771 4799 888 4870 μὼν
909 4794 1021 4869 εἶχε
1055 4799 1304 4870 χάρισμα
1340 4794 1851 4866 συμπληρούμενον,
1882 4796 1950 4849 τὰ
2015 4797 2131 4849 θεῖα
2176 4797 2269 4848 καὶ
2333 4795 2400 4848 τὰ
2437 4793 2753 4865 ἀνθρώπινα
2797 4792 3032 4858 διεξιὼν,
3077 4791 3166 4844 τὸν
3193 4790 3349 4857 λόγον
3379 4792 3637 4859 προεῖπεν
3688 4780 3752 4838 οὗ
3807 4787 4022 4857 χρόνοις

770 4893 995 4962 ὕστερον
1023 4890 1214 4960 ἔμελλε
1244 4890 1305 4942 τὸ
1335 4889 1496 4960 ἔργον
1530 4887 1822 4940 ἐκϐαίνειν.

1106 5003 1435 5073 QU/ESTIO
1467 5002 1626 5057 XLV.
1663 5003 1760 5074 [aL
1795 5001 2008 5073 XLIV.]

771 5095 920 5154 Illud
945 5114 964 5152 :
1011 5117 1029 5148 ι
1072 5098 1202 5162 Quae
1242 5107 1318 5151 est
1359 5107 1530 5149 mater
1568 5112 1682 5148 mea
1723 5105 1771 5148 et
1816 5096 1903 5164 qui
1929 5094 2120 5162 fratres
2149 5095 2267 5154 mei,
2318 5113 2336 5144 ι

842 5168 1100 5237 quomodo
1123 5168 1514 5236 intelligendum
1535 5167 1655 5218 est?
1686 5166 1839 5217 multi
1860 5166 1996 5217 enim
2020 5165 2073 5215 id
2101 5165 2154 5216 in
2183 5179 2342 5217 scan—

846 5239 961 5291 dali
987 5243 1314 5291 occasionem
1347 5245 1658 5305 posuerunt.

2980 4990 3312 5045 ΕΡΩΤΙΙΣΙΣ
3349 4989 3486 5044 ME'.

2453 5091 2548 5155 Τὸ,
2579 5107 2595 5138 ι
2642 5087 2736 5152 Τίς
2771 5087 2942 5138 ἐστιν
2970 5085 3008 5155 ﬁ
3049 5083 3387 5155 μήτηρ-μου
3416 5077 3718 5155 καὶᾼτίηες
3759 5076 3819 5155 _ol
3848 5073 4024 5155 4691:

2519 5143 2620 5226 ένοι
2669 5143 2808 5224 μου,
2848 5173 2865 5203 ι
2916 5143 3380 5226 πῶξὼήὶέὸν,
3433 5147 3656 5226 πολλοὶ
3703 5146 3817 5214 τὰρ
3878 5143 4026 5197 αὐτὸ

2519 5217 2979 5295 ἓτροόκόμλιατος
3002 5223 3210 5276 ἔθεντο
3240 5223 3542 5288 πρόφασιν
3571 5217 3671 5287 (l).

1516 5346 1658 5396 Edita
1691 5361 1716 5394 a
1740 5343 1885 5403 Maio,
1908 5344 1939 5391 l.
1981 5355 2044 5402 c.,
2069 5357 2115 5404 p.
2143 5342 2305 5391 30-35.
2329 5340 2624 5402 Explanalio
2644 5337 2907 5386 verborum
2933 5336 3080 5384 Marc.
3105 5346 3177 5394 tu,
3199 5334 3280 5384 35.

847 5455 991 5514 Nihil
1021 5457 1243 5522 mirum,
1261 5456 1305 5512 si
1332 5456 1380 5510 is
1405 5454 1496 5525 qui
1517 5464 1696 5509 mente
1722 5453 1972 5507 inﬁrmus
1995 5462 2076 5506 est
2097 5449 2338 5505 oﬂ‘endat

2518 5448 2682 5500 Οὐδὲν
2732 5447 3042 5516 θαυμαστὸν
3083 5444 3152 5498 ἂν
3199 5445 3228 5496 6
3272 5443 3372 5513 τὴν
3425 5443 3650 5512 γνώμην
3691 5445 4025 5514 ἀστήρικτος

2315 5604 2545 5662 ΝΟΤΕ.

856 5732 933 5805 (1)
968 5727 1518 5805 Quaslioueurhanc
1543 5724 1846 5805 _edisserit,_
1913 5722 2180 5805 sednaliis
2237 5722 2558 5792 plerumque
2597 5723 2796 5787 verbis,
2866 5717 3095 5773 Photius
3154 5718 3320 5772 etiam
3378 5713 3431 5767 in
3466 5710 3694 5782 epistula
3743 5706 3866 5764 152.
3928 5708 4018 5762 ed.

784 5789 1080 5860 Mo‘ntac'ut.
1112 5814 1276 5870 quam
1306 5796 1446 5861 vide,
1482 5796 1620 5850 infra
1655 5793 1888 5864 qumstio
1916 5789 2068 5848 CCV.
