4186 6444
180 413 280 487 341

1020 422 1121 482 AD
1153 422 1753 487 AMPHILOCHIUM
1784 423 2136 496 OUBSTIO
2160 427 2329 490 XLV.

3312 433 3425 496 37.

181 526 502 597 προσκόπτῃ
531 526 617 595 ἐφ’
645 521 725 590 οἷς
748 527 781 597 ἡ
809 528 1055 599 σωτηρία
1086 531 1301 595 πολλοῖς
1328 532 1626 603 διαλάμπει
1649 534 1744 587 καὶ

1854 533 1915 587 iis
1952 534 2155 603 quibus
2196 536 2348 591 salus
2402 543 2457 591 et
2507 534 2714 592 utilitas
2761 537 2950 592 multis
2998 540 3283 607 splendet;
3321 552 3413 596 sed

182 618 453 688 ὠφέλειαν
504 617 623 672 ἀλλ’
654 620 830 671 έκεῖνο
864 619 1176 691 θαυμαστὸν
1222 624 1272 677 εί
1300 623 1545 687 καὶτοὺς
1586 625 1745 677 ἑκου-

182 712 317 775 σίως
342 707 773 781 τυφλώττοντας.
806 710 867 765 τὸ
896 711 1131 782 φορητδν
1164 712 1281 780 φῶς
1310 711 1561 784 ἀνέχεται
1589 731 1747 784 περι-

184 801 447 869 αυγαζειν
474 802 574 871 τὴν
601 801 803 869 γνῶσιν
824 802 923 855 καὶ
951 805 1328 873 χειραγωγεῖν.
1355 804 1455 858 οὐκ
1479 803 1750 871 δξουθενεῖ

185 892 426 965 καθορᾷν
449 893 548 964 τὴν
569 892 847 964 ἀλήθειαν.
889 892 1045 947 Ἐπεὶ
1071 894 1167 949 καὶ
1207 896 1237 949 ὁ
1281 894 1484 963 Κύριος
1517 896 1609 949 καὶ
1633 894 1748 949 Σω-

182 984 290 1055 τὴρ
314 986 476 1057 ἡμῶν
507 989 620 1050 τοῖς
650 984 1049 1056 ἀπολλυμένοις
1075 988 1407 1058 πρόσκομμα
1430 989 1624 1056 γέγονε
1653 989 1747 1041 καὶ

184 1074 364 1146 πέτρα
396 1075 689 1130 σκανδάλου
738 1076 833 1129 καὶ
874 1075 1022 1141 λίθος
1050 1076 1616 1148 amatamaqu
1668 1079 1748 1141 είς

184 1166 431 1237 κεφαλὴν
478 1168 681 1235 γωνίας
711 1167 1173 1238 ὐποσεσλημένος,
1222 1168 1326 1222 οὐκ
1367 1169 1530 1229 αὐτὸς
1574 1168 1749 1223 ταῦτα

180 1257 449 1328 γεγονὼς,
476 1257 613 1313 ἀλλὰ
649 1260 761 1322 τοῖς
787 1257 1221 1328 πεπλανημένοις
1247 1257 1405 1322 δόξας
1445 1257 1744 1326 γεγονέναι.

179 1346 477 1400 Κάνταῦθα
502 1347 681 1401 τοίνυν
705 1348 807 1403 οὐκ
835 1346 1346 1418 ἀποσκευαζόμενος
1381 1347 1480 1417 την
1515 1347 1745 1417 μητέρα,

179 1436 263 1500 ὡς
302 1438 367 1491 τὸ
410 1437 568 1492 ᾶθεον
598 1440 854 1509 φρόνημα
896 1437 1143 1506 βούλεται
1172 1436 1281 1490 τῶν
1326 1436 1747 1501 δυσσεσούντων,

178 1527 267 1581 τό·
319 1546 340 1579 ε
371 1527 469 1592 Τίς
508 1529 675 1593 ἔστιν,
706 1524 883 1593 εἶπεν,
912 1530 946 1599 ἡ
978 1529 1162 1599 μητήρ
1200 1545 1325 1599 μου,
1364 1549 1383 1581 ι
1418 1529 1480 1581 οὐ
1509 1528 1566 1582 δὲ
1600 1527 1751 1597 παρὰ

178 1616 389 1685 φαῦλον
431 1617 531 1688 τὴν
576 1617 841 1672 τεκοῦσαν
892 1618 1190 1687 τιθέμενος.
1236 1617 1440 1687 ταύτην
1486 1618 1516 1669 ό
1559 1616 1749 1687 Σωτὴρ

175 1705 367 1776 ἀφῆκε
390 1707 491 1775 τὴν
515 1707 722 1777 φωνήν.
749 1706 874 1770 ιΙῶς
903 1707 1012 1778 γὰρ
1034 1707 1093 1769 ὃς
1118 1723 1182 1773 γε
1214 1708 1355 1761 κατά
1375 1710 1436 1759 τὸ
1462 1708 1749 1761 ἀτελέστε-

177 1815 278 1869 ρον
306 1800 409 1869 τῆς
437 1798 651 1867 ἡλικίας
680 1799 831 1867 νόμῳ
855 1799 1070 1867 φύσεως
1103 1799 1183 1852 έτι
1205 1799 1608 1869 γινωσκόμενος
1648 1798 1749 1850 ὑπο

175 1890 444 1943 ετάσσετό
487 1906 545 1943 τε
574 1892 640 1960 τῇ
667 1891 853 1961 Μητρὶ
884 1890 978 1945 καὶ⁸
1018 1889 1088 1944 τὰ
1134 1890 1408 1961 προνόμια
1462 1887 1745 1959 πανταχοῦ

173 1983 247 2052 τῇ
274 1980 514 2053 τεκούσῃ
543 1981 863 2044 συνδιέσωξε
881 2021 897 2046 ,
929 1982 1045 2045 πῶς
1073 1976 1227 2045 οὗτος
1260 1980 1395 2053 πρὸς
1424 1980 1524 2051 τὴν
1548 1980 1750 2033 τελειό-

172 2087 321 2142 τητα
352 2071 454 2141 τῆς
478 2071 692 2140 ἡλικίας
731 2071 945 2139 φθάσας
971 2070 1323 2141 ἀτελέοτερον
1368 2074 1461 2124 καὶ
1499 2072 1750 2141 ἀγνωμο-

174 2164 441 2233 νέστερον
466 2162 601 2232 πρὸς
621 2161 721 2231 τὴν
746 2162 977 2232 Μητέρα
998 2160 1065 2215 ἃν
1092 2160 1386 2225 διετίθετο;
1415 2159 1625 2214 Οὔκουν
1648 2162 1749 2214 οὐκ

172 2252 694 2321 ὰποσκευαζομένου
742 2251 842 2321 τὴν
881 2251 1109 2321 Μητέρα
1138 2250 1206 2303 τὰ
1250 2250 1493 2323 ῥήματα,
1540 2249 1747 2318 ἄπαγε,

172 2341 293 2396 ἀλλ’
338 2341 531 2412 ἑτέραν
579 2342 701 2395 τινα
738 2340 976 2396 διάνοιαν
1028 2342 1452 2411 έρμηνεύοντος·
1490 2340 1594 2395 ποῦ
1638 2343 1747 2413 γὰρ

173 2431 501 2494 ἀκόλουθον,
537 2430 640 2486 ποῦ
664 2432 711 2485 δ’
738 2430 1117 2497 ἀστασίαστον,
1149 2432 1207 2498 ἐξ
1231 2426 1298 2502 ἦς
1322 2431 1410 2486 διὰ
1438 2432 1747 2504 φιλανθρωο

174 2524 316 2579 πίαν
348 2525 549 2594 ἠξίωσε
580 2526 746 2596 σαρκὶ
779 2523 1063 2595 προελθεῖν
1092 2526 1187 2579 καὶ
1216 2524 1324 2577 τῶν
1358 2524 1641 2594 ἁχράντων
1672 2526 1751 2579 ai-

181 2613 377 2683 μάτων
402 2615 433 2667 ό
460 2614 756 2685 εὐδοκήσας
782 2615 961 2685 ἑαυτῷ
991 2614 1249 2687 βροτείαν
1276 2616 1492 2687 μορφὴν
1528 2617 1750 2687 συμπή-

177 2704 377 2769 ξασθαί
410 2722 472 2759 τε
504 2708 595 2759 καὶ
623 2706 1001 2778 περιέψεσθαι,
1051 2706 1259 2777 ταύτην
1291 2706 1603 2773 ἀπαξιῶσαι
1633 2706 1750 2777 Μη-

174 2797 323 2867 τέρα
362 2798 741 2867 συνομολογεῖν
769 2799 863 2852 καὶ
905 2798 1004 2866 τῆς
1046 2798 1105 2851 έν
1160 2798 1400 2869 ῥήμασιν
1434 2799 1751 2869 ἀποστερεῖν

177 2888 518 2958 οίκειότητος
533 2902 547 2916 ⁶
576 2890 922 2958 προῦποστὰς
943 2890 1036 2942 καὶ
1059 2883 1492 2958 προκαταλαϐὼν
1507 2889 1599 2943 καὶ
1620 2905 1753 2958 προ-

176 2980 573 3050 δωρησάμενος
607 2982 706 3050 τὴν
734 2982 794 3033 ιν
834 2980 914 3051 τῷ
942 2981 1226 3049 πράγματι
1274 2981 1462 3050 σχέσιν
1492 2981 1587 3033 καὶ
1617 2979 1751 3051 ἀλή-

182 3072 365 3127 θειαν.
398 3072 508 3125 Καὶ
530 3074 579 3123 εί
604 3071 849 3140 ἔμελλεν,
875 3071 921 3123 ῶ
940 3071 1040 3141 τῆς
1064 3071 1471 3139 γλωσσαλγίαςί
1504 3072 1752 3142 ἀπαρνή·

1847 623 2154 679 mirandum
2187 626 2332 695 quod
2364 627 2671 682 voluntarie
2709 642 2980 683 caecorum
3009 629 3275 698 adiuvans
3329 632 3415 686 lu-

1849 726 1971 766 men
2010 712 2343 769 intellectum
2378 713 2691 769 illuminare
2721 716 2991 772 sustineat
3032 728 3088 772 et
3119 732 3282 772 mann
3313 722 3413 771 du-

1848 817 2004 869 cere;
2046 819 2146 859 nec
2180 805 2295 873 jam
2320 818 2416 861 eos
2442 805 2696 876 indignos
2729 804 2939 875 iudicet
2987 807 3080 876 qui
3129 808 3413 862 veritatem

1848 895 2091 950 videant.
2114 894 2311 951 Noster
2342 898 2487 952 enim
2521 897 2786 952 Dominus
2815 905 2871 952 et
2906 897 3155 953 Salvator
3186 914 3418 968 perenn-

1851 987 1995 1042 tibus
2023 987 2368 1043 obstaculum
2400 988 2627 1044 ell‘ectus
2667 998 2751 1044 est
2791 998 2845 1043 et
2889 1001 3039 1057 petra
3081 990 3324 1045 scandali
3363 1001 3419 1045 et

1851 1078 1988 1147 lapis
2014 1078 2331 1148 reprobatus
2355 1080 2412 1132 in
2439 1087 2601 1147 caput
2627 1079 2814 1148 anguli
2849 1076 3151 1145 subjectus.
3178 1078 3301 1133 Non
3329 1079 3420 1133 ille

1848 1183 1983 1225 sane
2010 1169 2061 1223 id
2090 1167 2319 1224 ell‘ectus
2352 1177 2455 1234 est,
2489 1168 2585 1224 sed
2616 1168 2933 1223 errantibus
2970 1168 3121 1223 visus
3152 1177 3237 1223 est
3259 1168 3419 1223 allici.

1849 1257 1918 1314 Et
1945 1260 1999 1314 in
2030 1260 2135 1315 hoc
2169 1259 2289 1315 loco
2317 1270 2465 1315 certe
2492 1274 2601 1315 non
2650 1259 2906 1328 rejicieus
2936 1267 3188 1324 matrem,
3219 1269 3278 1314 ut
3305 1259 3424 1313 vult

1851 1350 2169 1420 blasphema
2223 1349 2519 1419 impiorum
2576 1350 2871 1418 cogitatio,
2918 1364 3097 1419 neque
3150 1364 3271 1404 eam
3324 1349 3421 1419 qui

1851 1438 2029 1509 ipsum
2077 1438 2266 1510 genuit
2309 1449 2697 1501 contemnens,
2750 1439 2892 1495 hanc
2932 1455 3116 1494 vocem
3168 1439 3421 1495 Salvator

1849 1530 2031 1585 emisit
2058 1547 2072 1583 :
2108 1548 2127 1581 ι
2157 1531 2288 1595 Quae
2304 1541 2409 1593 est,
2442 1530 2641 1600 inquit,
2666 1540 2839 1584 mater
2864 1530 3025 1584 mea?
3072 1548 3091 1581 ι
3136 1529 3423 1596 Quomodo

1849 1622 1993 1676 enim
2021 1620 2116 1690 qui
2140 1636 2237 1691 pro
2258 1625 2433 1676 aetatis
2452 1620 2863 1691 imperfectione
2886 1632 3091 1675 natura:
3112 1622 3227 1691 lege
3246 1620 3423 1675 adhuc

1850 1712 2098 1781 mgnitus
2120 1712 2278 1765 matri
2328 1712 2579 1766 subditus
2630 1721 2771 1775 erat.
2820 1724 2876 1767 et
2896 1713 3099 1783 primas
3131 1724 3313 1781 partes
3346 1711 3420 1764 illi

1849 1800 1944 1869 qui
1996 1800 2172 1868 ipsum
2223 1807 2526 1868 pepererat,
2578 1801 2855 1862 servabat.
2914 1801 3191 1871 quomodo
3252 1801 3419 1865 idem,

1852 1901 2139 1962 postquam
2176 1890 2241 1944 ad
2270 1891 2446 1945 atatis
2502 1889 2893 1960 perfectionem
2930 1892 3175 1961 pervenit
3220 1892 3423 1960 imper—

1852 1984 2048 2039 fectius
2100 1994 2154 2039 et
2206 1982 2474 2053 ingratius
2513 1998 2645 2053 erga
2701 1990 2931 2037 matrem
2982 1982 3252 2037 sentiret?
3302 1979 3426 2035 Non

1853 2073 2019 2144 igitur
2053 2081 2281 2127 matrem
2339 2072 2635 2141 rejieientis
2673 2072 2840 2127 verba
2876 2080 3025 2134 sunt,
3068 2072 3163 2126 sed
3195 2070 3422 2125 alteram

1854 2164 2091 2233 aliquam
2140 2162 2525 2232 cogitationem
2571 2162 2841 2217 ducentis.
2900 2162 3189 2224 Quomodo
3230 2176 3424 2217 conse-

1852 2270 2026 2325 quens
2056 2263 2140 2309 est
2166 2264 2221 2307 et
2253 2269 2359 2308 non
2398 2254 2719 2315 absurdum,
2740 2267 2861 2306 eam
2908 2267 2973 2306 ex
3003 2266 3110 2321 qua
3143 2267 3239 2321 per
3265 2251 3421 2306 beni-

1854 2344 2115 2414 gnitatem
2168 2357 2333 2397 carne
2384 2344 2618 2398 amictus
2675 2342 2893 2411 prodire
2939 2343 3196 2412 dignatus
3242 2350 3326 2397 est
3369 2350 3426 2395 et

1854 2438 2072 2492 sincero
2127 2434 2391 2504 sanguine
2435 2435 2541 2489 sibi
2588 2435 2873 2488 mortalem
2924 2432 3157 2489 formam
3202 2432 3423 2489 confor-

1854 2540 2006 2581 mare
2042 2535 2097 2579 et
2129 2524 2280 2578 obire
2320 2522 2511 2588 voluit,
2554 2538 2698 2587 eam,
2738 2522 2987 2591 inquam,
3029 2522 3268 2575 abnuere
3306 2538 3425 2575 ma-

1854 2627 1989 2672 trem
2057 2613 2306 2670 conllteri
2378 2624 2432 2667 et
2498 2614 2675 2667 verbis
2747 2626 2868 2667 eam
2952 2610 3425 2679 consanguinitate

1855 2705 2111 2778 privare?
2155 2712 2443 2775 postquam
2469 2714 2594 2759 ante
2618 2705 2671 2757 in
2706 2718 2765 2758 re
2791 2703 3037 2757 hui)in
3068 2712 3122 2756 et
3144 2704 3426 2755 veritatem

1854 2797 2096 2868 suscepit
2140 2805 2194 2850 et
2236 2796 2458 2851 admisit
2501 2804 2556 2850 et
2608 2795 2836 2864 largitus
2871 2794 2994 2849 est?
3025 2794 3091 2847 Et
3131 2794 3177 2848 si
3214 2793 3423 2856 debuit,

1858 2890 2015 2961 (proh
2039 2888 2430 2957 blasphemiam
2456 2886 2511 2953 ε)
2544 2886 2690 2939 illam
2721 2886 3010 2954 denegare,
3042 2883 3173 2954 quid
3205 2898 3325 2937 eam
3357 2885 3427 2936 ab

1857 2982 2015 3036 initio
2062 2979 2509 3049 approbaverat?
2551 2977 2693 3043 Quid
2740 2987 2796 3031 et
2851 2978 3094 3031 ltabitum
3148 2977 3425 3039 induebat,

1857 3074 2013 3141 cujus
2050 3069 2278 3125 formam
2326 3069 2682 3139 opprobrium
2726 3069 3019 3123 credebat?
3076 3067 3284 3123 Etenim
3330 3081 3425 3120 us-

183 3162 392 3216 σασθαι
419 3162 642 3233 ταύτην,
677 3165 729 3216 τί
776 3164 869 3217 καὶ
899 3162 997 3233 τὴν
1023 3163 1198 3235 ἀρχὴν
1238 3162 1375 3225 ὅλως
1404 3164 1750 3233 προσήκατο;

1856 3179 1964 3235 que
2012 3166 2078 3219 ad
2133 3164 2187 3218 id
2238 3172 2395 3233 urget
2445 3162 2643 3233 linguae
2698 3160 2947 3215 audacia.
2996 3160 3101 3215 Sed
3133 3171 3187 3215 et
3233 3175 3425 3214 eorum

181 3254 240 3305 τί
267 3254 368 3306 καὶ
387 3254 576 3323 σχῆμα
607 3254 849 3325 περιέδυ,
877 3248 939 3308 οὗ
962 3255 1057 3325 τὴν
1087 3255 1300 3326 μορφὴν
1326 3254 1483 3324 ὓϐριν
1509 3255 1747 3325 ενόμιζες

184 3346 284 3399 καὶ
312 3344 423 3412 γὰρ
454 3346 548 3398 καὶ
592 3345 754 3415 μέχρι
794 3345 983 3398 τούτου
1026 3346 1125 3414 τῆς
1173 3344 1426 3414 γλώσσης
1472 3346 1641 3416 ἤλασε
1686 3345 1756 3399 τὰ

181 3436 547 3506 τολμήματα·
580 3435 696 3488 ἀλλ’
741 3438 773 3505 ἡ
812 3437 911 3505 μὲν
953 3436 1177 3489 ἐκείνων
1205 3437 1456 3501 ἀπόνοια,
1486 3436 1660 3508 ταύτῃ
1695 3454 1755 3490 τε

184 3529 289 3582 καὶ
318 3528 378 3591 ιε
405 3527 578 3581 ἄλλων
601 3527 860 3580 πλειόνων
883 3526 977 3579 τὸν
999 3525 1217 3595 ἔλεγχον
1242 3526 1477 3579 δίδωσιν.

263 3620 429 3681 Ἴσως
464 3618 509 3670 δ’
541 3619 607 3672 ἄν
634 3634 718 3681 τις
766 3616 827 3670 οὗ
868 3618 1053 3688 πόρρω
1082 3616 1194 3671 τῶν
1219 3616 1591 3685 εὐαγγελικῶν
1621 3633 1757 3686 γνωο

187 3709 477 3782 ρισμάτων
528 3707 982 3778 διαπλαττόμενος
1038 3706 1205 3776 φάναι
1268 3706 1361 3759 τὸν
1418 3707 1647 3776 Σωτῆρα
1696 3706 1759 3760 τὸ

187 3798 351 3869 ῥῆμα
393 3800 525 3868 ipsi,
554 3798 652 3867 οὐχ
696 3797 1133 3865 ὑποτεμνόμενον
1177 3796 1277 3865 μὶν
1320 3798 1387 3865 τῇ
1439 3796 1624 3866 Μητρὶ
1659 3794 1759 3865 τὴν

184 3890 381 3960 τιμὴν,
410 3888 531 3941 οὐδὲ
564 3887 743 3957 πολλῶ
778 3886 977 3957 μᾶλλον
1006 3885 1421 3955 ὰπαρνούμενον
1450 3886 1550 3957 τὴν
1582 3885 1758 3955 ιμφυ-

184 3996 285 4033 τον
317 3977 499 4047 σχέσιν
527 3978 624 4030 καὶ
654 3976 906 4046 στοργὴν,
937 3975 1057 4028 οὐδὲ
1072 3973 1267 4027 πολλοῦ
1295 3973 1374 4026 δεῖ
1402 3974 1637 4044 γέμοντα
1663 3974 1761 4028 καὶ

185 4072 478 4140 πρέποντα
504 4071 570 4137 τῇ
599 4068 977 4139 γεννησαμένη
1009 4066 1169 4135 γέρα,
1204 4066 1352 4135 ὅμως
1374 4064 1473 4134 τῆς
1498 4066 1627 4135 περὶ
1656 4066 1757 4119 αὐ-

186 4163 296 4231 τὴν
324 4159 620 4230 θεραπείας
666 4158 763 4228 τὴν
804 4158 916 4211 τῶν
961 4157 1262 4224 ἀνθρώπων
1287 4158 1559 4226 προτιμᾷν
1587 4172 1763 4227 σωτη-

195 4251 347 4322 ρίαν,
374 4251 470 4303 καὶ
502 4250 601 4320 τὴν
634 4252 713 4310 είς
737 4247 894 4301 τοῦτο
924 4247 983 4301 τὸ
1006 4246 1162 4309 τέλος
1191 4246 1465 4316 φέρουσαν
1507 4245 1761 4300 διδασκα-

189 4343 340 4409 λίαν,
366 4343 434 4397 δι’
460 4342 555 4405 οὓς
587 4341 679 4393 καὶ
705 4341 905 4410 Μήτηρ
935 4341 1027 4393 καὶ
1046 4340 1202 4402 τόκος
1232 4337 1455 4393 καὶτῶν
1488 4336 1760 4408 πατρῴων

193 4433 422 4487 κόλπων
452 4432 723 4493 ἀκένωτος
756 4430 984 4493 κένωσις
1029 4430 1123 4483 καὶ
1168 4430 1228 4481 έν
1275 4428 1583 4497 ἀνθρώποις
1629 4432 1760 4483 ἁνα-

1857 3257 2055 3328 Ιίηαιιω
2104 3254 2333 3309 audacia
2379 3262 2435 3308 et
2476 3253 2601 3307 inde
2628 3262 2681 3308 et
2712 3268 2780 3307 ex
2826 3252 3015 3307 multis
3055 3252 3178 3306 aliis
3206 3254 3290 3306 sui
3336 3266 3426 3304 ar-

1856 3354 2175 3417 gumentum
2216 3342 2437 3413 praebet.

1928 3609 2180 3665 Forsitan
2206 3614 2263 3662 et
2303 3604 2505 3674 aliquis
2538 3618 2649 3658 non
2686 3603 2849 3673 longe
2883 3604 2953 3658 ab
2988 3603 3317 3672 evangelicis
3349 3604 3431 3655 in-

1858 3702 2014 3757 diciis
2067 3701 2299 3770 opinans
2375 3700 2479 3753 hoc
2526 3697 2751 3751 verbum
2800 3695 3051 3750 emisisse
3092 3694 3427 3749 Salvatorem

1857 3793 2025 3853 dicet,
2078 3806 2187 3845 non
2240 3790 2428 3843 matris
2474 3788 2737 3841 honorem
2784 3785 3120 3841 auferentem
3175 3799 3353 3855 neque
3399 3798 3429 3838 a

1859 3880 2071 3936 fortiori
2108 3880 2409 3950 ingenitum
2444 3878 2689 3932 habitum
2707 3887 2758 3932 et
2781 3891 3023 3931 amorem
3044 3878 3427 3945 abnegantem,

1860 3988 2037 4042 neque
2068 3973 2295 4025 multum
2350 3985 2483 4024 sane
2522 3969 2704 4031 abest,
2740 3971 2901 4039 plena
2950 3979 3006 4023 et
3051 3970 3429 4023 convenientia

1859 4064 2019 4119 matri
2055 4063 2301 4134 pmmia,
2332 4072 2511 4116 tamen
2538 4062 2682 4116 illius
2711 4077 2859 4115 cura:
2884 4060 3111 4115 salutem
3147 4061 3429 4113 hominum

1859 4164 2277 4226 anteponentem
2312 4163 2363 4208 et
2403 4155 2471 4207 ad
2499 4169 2624 4207 eum
2681 4156 2843 4207 tinem
2889 4154 3174 4207 ducentem
3227 4153 3429 4206 duclri-

1861 4254 2270 4315 nam;propter
2298 4259 2439 4313 quos
2479 4253 2533 4297 et
2578 4252 2754 4297 mater
2806 4252 2860 4297 et
2898 4253 3086 4312 partus
3121 4252 3177 4297 et
3223 4245 3429 4312 paterni

1862 4339 2017 4389 sinus
2060 4348 2169 4387 non
2218 4339 2481 4387 evacuata
2526 4332 2838 4395 evacuatio,
2898 4342 2952 4387 et
3006 4334 3060 4386 in
3116 4333 3433 4389 hominibus

1862 4424 2222 4481 commoratio
2251 4432 2306 4478 et
2344 4424 2465 4477 vita:
2503 4424 2814 4478 institutum
2850 4436 2903 4477 et
2936 4439 3069 4477 crux
3105 4425 3429 4487 voluntaria,

196 4522 411 4593 στροφὴ
445 4522 538 4576 καὶ
562 4522 807 4575 πολιτεία
834 4522 927 4574 καὶ
966 4519 1195 4588 σταυρὸς
1224 4518 1471 4582 ἑκούσιος
1504 4521 1599 4573 καὶ
1621 4537 1755 4574 κακ-

1861 4526 1917 4573 et
1940 4516 2183 4572 maleﬁca
2208 4530 2391 4581 mors;
2417 4515 2613 4570 deinde
2641 4526 2696 4570 et
2724 4518 3001 4584 sepultura
3029 4528 3083 4571 et
3106 4522 3432 4573 resurrectio

193 4612 416 4681 05PM
461 4610 723 4673 θάνατος,
771 4605 889 4663 εἶτα
933 4610 1027 4661 καὶ
1084 4608 1231 4678 ταφὴ
1297 4610 1393 4661 καὶ
1438 4609 1761 4674 ἀνάστασις,

194 4700 499 4769 έπισχύσαι
531 4701 575 4752 δ’
598 4702 664 4753 ἂν
694 4700 977 4771 πειραθείη
1009 4699 1107 4769 τὴν
1131 4700 1398 4763 ιπίνοιαν,
1420 4700 1518 4752 καὶ
1544 4702 1628 4754 ὃτι
1659 4717 1764 4771 περ

195 4789 309 4843 οὐδ’
340 4784 414 4861 ἦν
453 4788 627 4852 ἄλλως
658 4790 940 4859 ’πράττειν
986 4791 1077 4843 τὸν
1127 4791 1356 4860 Ἰησοῦν,
1398 4795 1446 4845 εί
1492 4793 1570 4863 μὴ
1620 4795 1764 4848 κατά

196 4881 409 4950 ταύτην
434 4881 534 4947 τὴν
556 4880 877 4934 ἀκολουθίαν
903 4880 994 4933 καὶ
1019 4881 1109 4934 τὸν
1140 4881 1332 4950 εἱρμὸν
1372 4883 1470 4951 τῆς
1511 4886 1765 4953 προνοίας

196 4973 484 5027 διετίθετο.
521 4971 800 5026 Ἐδίδασκε
830 4973 936 5042 γὰρ
976 4974 1005 5026 ό
1051 4973 1241 5043 Σωτὴρ
1283 4973 1421 5041 μετὰ
1448 4975 1557 5027 τῶν
1588 4975 1766 5029 ἄλλων

196 5063 489 5133 σωτηρίων
526 5063 862 5133 μαθημάτων
898 5064 993 5117 καὶ
1032 5064 1094 5117 τὸ
1137 5068 1212 5135 μή
1243 5067 1516 5135 προτιμᾷν
1555 5068 1767 5139 πατέρα

197 5153 229 5221 ἢ
265 5152 483 5222 μητέρα
526 5152 557 5222 ἢ
602 5156 857 5218 γυναῖκα,
884 5154 981 5222 τῆς
1013 5152 1179 5205 αὑτοῦ
1224 5153 1577 5222 ψυχωφελοῦς
1621 5156 1765 5209 διδα-

197 5241 430 5304 σκαλίας
463 5243 557 5293 καὶ
599 5242 697 5311 τῆς
740 5244 877 5311 πρὸς
914 5244 1076 5297 αὐτὸν
1116 5244 1492 5303 ἁπονεύσεως·
1525 5262 1545 5295 ι
1578 5245 1766 5309 Ὀστις

193 5335 331 5404 γὰρ,
363 5333 550 5403 φησὶν,
576 5335 677 5387 οὐκ
709 5336 1089 5405 ἐγκαταλείψει
1120 5341 1330 5409 πατέρα
1373 5342 1405 5411 ἢ
1437 5343 1674 5412 μητέρα,
1706 5361 1761 5397 κ.

190 5437 247 5475 τ.
276 5421 353 5483 λ..
388 5420 488 5473 οὐκ
514 5421 629 5474 ἔστι
659 5440 760 5491 μου
796 5422 966 5490 ἄξιος,
1002 5444 1021 5476 ι
1076 5429 1371 5493 τουτέστιν,
1402 5429 1460 5493 ὅς
1484 5432 1543 5483 οὐ
1576 5449 1767 5503 προτι-

194 5511 369 5581 μήσει
400 5510 498 5581 τὴν
527 5512 666 5582 ἐμὴν
701 5513 794 5566 καὶ
822 5514 1101 5579 σώζουσαν
1150 5520 1469 5589 παραίνεσιν
1513 5524 1607 5576 καὶ
1652 5541 1766 5576 νου-

192 5598 409 5662 θεσίαν,
444 5601 536 5652 καὶ
566 5602 662 5671 τὴν
687 5604 767 5665 εἰς
796 5604 896 5672 ius
914 5606 1169 5675 στοργὴν,
1207 5603 1360 5672 οὗτος
1397 5610 1619 5673 ἐξέπεσε
1668 5612 1766 5680 μὲν

195 5690 309 5744 τῶν
337 5690 710 5762 ἁτελιυτήτων
738 5694 977 5762 ἀγαθῶν,
1009 5696 1233 5761 ἐξέπεσε
1266 5700 1324 5754 δὲ
1367 5700 1466 5768 τῆς
1499 5702 1763 5771 μακαριό-

194 5794 359 5850 τητος
392 5773 459 5852 ἧς
487 5781 536 5835 οἱ
574 5787 1004 5856 προτιμήσαντες
1034 5787 1140 5841 τῶν
1182 5790 1515 5858 συγγενικῶν
1544 5790 1758 5860 θεσμῶν

1864 4608 2099 4663 validam
2129 4616 2363 4662 mentem
2401 4608 2625 4661 reddere
2653 4612 3032 4675 ;conarenlur;
3080 4618 3135 4662 et
3165 4610 3291 4677 quia
3324 4625 3429 4662 non

1865 4708 2076 4771 poterat
2094 4714 2153 4753 se
2179 4712 2369 4767 gerere
2389 4694 2723 4760 Jesutn,nisi
2760 4699 2899 4752 lianc
2928 4700 3071 4751 viam
3104 4710 3155 4752 et
3180 4700 3432 4753 semitam

1865 4802 2204 4863 sequeretur.
2236 4790 2476 4845 Docebat
2502 4791 2649 4843 enim
2685 4790 2937 4845 Salvator
2972 4791 3136 4845 simul
3176 4807 3297 4845 cum
3331 4807 3436 4844 eae-

1864 4884 1996 4939 teris
2033 4882 2367 4938 salutaribus
2396 4881 2665 4935 doctrinis
2696 4880 2872 4949 ipsius
2921 4883 3119 4935 animis
3156 4891 3266 4935 tam
3316 4882 3433 4936 utili

1866 4974 2133 5029 doctrina:
2156 4982 2211 5026 et
2246 4973 2311 5026 ad
2344 4973 2519 5041 ipsum
2568 4972 2911 5026 inclinationi
2956 4988 3061 5025 non
3105 4984 3314 5042 patrem
3342 4982 3437 5027 aut

1866 5074 2093 5119 matrem
2138 5073 2233 5117 aut
2280 5078 2502 5117 uxorem
2551 5062 2959 5119 anteferendum
3008 5082 3021 5117 :
3063 5083 3081 5113 ι
3112 5063 3435 5134 Quicunque

1865 5155 2009 5209 enim
2036 5169 2143 5209 non
2177 5154 2448 5224 relinquet
2490 5162 2700 5223 patrem
2741 5163 2795 5207 ct
2838 5164 3093 5219 matrem,
3140 5165 3271 5216 etc.,
3322 5170 3432 5208 non

1864 5256 1951 5302 est
1976 5262 2063 5302 me
2090 5246 2309 5317 dignus,
2356 5264 2374 5295 ι
2420 5246 2471 5301 id
2508 5256 2612 5308 est,
2648 5248 2739 5315 qui
2778 5262 2884 5299 non
2930 5256 3219 5314 anteponet
3258 5262 3433 5300 meam

1866 5340 2160 5395 salutarem
2209 5339 2575 5393 hortationem
2623 5348 2678 5392 et
2724 5338 3013 5391 consilium
3055 5346 3111 5391 et
3144 5338 3248 5389 mei
3286 5352 3436 5391 amo~

1867 5446 2004 5494 rem,
2057 5430 2144 5483 ille
2188 5430 2255 5482 ab
2282 5429 2501 5483 aeternis
2537 5429 2695 5483 bonis
2744 5430 2975 5488 decidit;
3012 5430 3081 5481 ab
3127 5430 3215 5481 illa
3250 5439 3430 5483 autem

1867 5520 2202 5575 beatitudine
2238 5521 2456 5584 decidit,
2499 5536 2602 5589 qua
2649 5522 2700 5574 in
2743 5530 3004 5574 aeternum
3054 5519 3311 5573 fruuntur
3341 5522 3431 5588 qui

1866 5610 2265 5680 congeneribus
2290 5611 2553 5665 institutis
2579 5626 2731 5664 meas
2753 5612 2899 5679 leges
2923 5620 2977 5665 et
3006 5611 3249 5665 divinum
3280 5627 3432 5665 amo—

1866 5716 1978 5756 rem
2014 5702 2382 5767 praetulerunt.

1948 5789 2116 5862 Hujus
2142 5806 2270 5846 vero
2304 5791 2544 5847 mandati
2582 5790 2901 5847 facilitatem
2939 5802 2991 5848 et
3034 5790 3433 5860 adimpletionis
