4186 6444
746 433 854 499 343

1897 427 2160 488 ΡΗΟΊἹΙ
2190 426 2693 487 PATRIARCILE
2731 427 2842 488 ΟΡ.

3899 415 3998 477 ω

747 546 1226 623 promptitudincm
1245 552 1516 609 statuens,
1533 544 1650 614 ipse
1671 544 1802 598 illud
1833 545 2044 614 primus
2078 546 2318 612 inaequi-

2448 564 2546 626 ὀὓς
2574 562 2744 632 ἐμοὺς
2773 562 2976 632 νόμους
3022 558 3117 614 καὶ
3143 559 3238 613 τδν
3267 557 3412 612 θείον
3457 556 3637 626 ἔρωτα
3677 553 3770 606 διά
3798 552 4001 614 παντὸς

744 656 853 709 tur,
866 653 919 696 et
931 649 1186 694 maternae
1203 637 1518 692 necessitati
1535 645 1584 692 et
1605 636 1790 704 gratia
1811 635 2125 690 auditorum
2137 641 2145 662 ‘
2157 634 2319 689 insti-

745 737 1007 791 tutionem
1022 729 1237 801 praefert
1246 769 1261 795 ,
1270 728 1381 784 fere
1392 730 1582 784 dicens
1603 747 1616 783 :
1635 727 2098 796 Quemadmodum
2110 743 2212 798 ego
2226 741 2323 781 vos

744 827 946 881 docens
957 832 1258 880 etvestram
1271 823 1503 879 salutem
1520 836 1844 891 procurans.
1859 828 2160 874 maternam
2180 818 2326 874 solli-

747 919 1069 981 citudinem,
1100 916 1402 970 secundum
1436 913 1563 978 feci,
1583 914 1814 969 salutem
1833 921 2070 966 vestram
2097 921 2322 980 antepo—

747 1025 901 1072 nens,
927 1010 998 1063 ita
1027 1015 1243 1078 oportet
1271 1021 1369 1062 vos
1405 1021 1627 1061 omnem
1677 1021 1773 1075 per
1804 1004 2022 1061 vincula
2058 1016 2325 1071 corporea

747 1100 1126 1169 procedentem
1187 1099 1432 1153 habitum
1487 1105 1544 1150 et
1607 1105 1820 1150 natura:
1884 1092 2322 1149 convenientiam

747 1208 849 1263 pro
866 1203 1044 1247 vestra
1067 1191 1242 1247 salute
1259 1200 1315 1246 et
1331 1200 1646 1245 nostrarum
1664 1189 2036 1244 doctrinarum
2063 1193 2119 1240 et
2145 1184 2323 1251 legum

749 1283 993 1338 custodia
1013 1290 1068 1336 et
1086 1281 1468 1336 observatione
1493 1290 1860 1336 commutare.
1876 1277 2074 1333 Eadem
2109 1275 2324 1330 ratione

749 1383 806 1428 et
830 1373 879 1428 ei
910 1375 1004 1443 qui
1029 1373 1205 1443 ipsum
1237 1374 1465 1442 rogabat
1507 1382 1567 1427 ut
1609 1373 1676 1428 ad
1713 1370 2082 1442 sepeliendum
2115 1375 2326 1436 patrem

752 1465 925 1520 abiret
946 1505 963 1530 ,
1019 1481 1128 1521 non
1162 1467 1468 1532 concessit;
1497 1481 1607 1520 non
1641 1460 2030 1518 contemnendi
2055 1471 2284 1524 matrem
2310 1498 2325 1522 ,

754 1556 917 1620 absit,
946 1564 1001 1610 et
1037 1557 1336 1625 praesertim
1371 1556 1538 1624 piam,
1579 1569 1758 1623 neque
1797 1553 1970 1622 patris
2007 1548 2327 1619 dignitatem

756 1649 1058 1720 negligendi
1087 1657 1143 1702 et
1180 1648 1300 1717 ejus
1335 1648 1671 1702 desiderium
1714 1645 1915 1715 injuria
1959 1637 2328 1712 prosequendi

755 1743 1098 1798 occasionem
1142 1740 1422 1809 praebens;
1463 1739 1560 1794 sed
1601 1737 1920 1792 omnimodo
1964 1749 2064 1788 nos
2101 1733 2330 1786 hortans

757 1841 816 1888 ut
841 1833 1182 1903 spiritualem
1215 1832 1448 1886 salutem
1471 1844 1751 1900 corporeae
1774 1827 1925 1883 onmi
1952 1820 2329 1894 coniunctioni

755 1938 810 1982 et
837 1925 1187 1997 dispositioni
1229 1923 1621 1979 antel‘eramus.
1662 1921 1788 1976 Hzec
1829 1919 2054 1975 forsitan
2109 1913 2334 1982 aliquis.

757 2026 818 2072 ut
846 2019 1052 2073 dictum
1082 2028 1187 2080 cst,
1218 2024 1445 2071 matrem
1478 2026 1679 2084 putans
1715 2028 1774 2068 se
1817 2011 2192 2082 prmrogativis
2228 2009 2328 2062 bo-

760 2108 911 2162 noris
947 2121 1057 2160 non
1089 2107 1326 2176 privare,
1359 2105 1453 2159 sed
1485 2106 1535 2159 ei
1571 2108 1624 2158 in
1657 2104 1848 2158 eodem
1881 2105 2052 2172 gradu
2087 2115 2329 2164 servare,

759 2198 1029 2252 disserere
1048 2205 1338 2251 conaretur
1369 2197 1565 2250 matris
1609 2204 1664 2248 et
1709 2196 2124 2248 convenientem
2168 2207 2335 2246 vene-

762 2289 1028 2342 rationem
1067 2296 1122 2342 et
1151 2287 1515 2342 reverentiam
1541 2294 1726 2341 tuens.
1759 2284 2177 2338 Attamen-hac
2218 2281 2336 2336 col-

760 2380 890 2436 latio
944 2381 1167 2434 modum
1215 2379 1437 2448 quidem
1494 2380 1722 2448 exponit
1763 2394 1874 2448 quo
1913 2377 1978 2431 ad
2019 2374 2334 2430 interiorem

761 2472 1008 2526 ordinem
1037 2470 1342 2534 descendit,
1381 2484 1488 2523 non
1521 2481 1704 2523 autem
1732 2483 1852 2523 eam
1899 2469 1968 2524 ab
2002 2467 2227 2523 honoris
2255 2467 2342 2521 di-

763 2564 1067 2619 minutione
1093 2562 1308 2618 liberat.

2421 654 2775 707 ἀπολαύουσι.
2805 655 3025 722 Ταύτης
3051 652 3108 705 δέ
3137 653 3236 720 τῆς
3262 649 3484 719 ἐντολῆς
3513 648 3575 701 τὸ
3615 649 3746 719 ῥᾷον
3780 646 3876 699 καὶ
3910 645 4000 698 εῦο

2422 744 2767 814 κατόρθωτον
2812 742 3088 796 καθιστῶν
3129 743 3160 796 δ
3200 740 3411 810 Σωτήρ,
3446 738 3609 801 αὐτὸς
3634 737 3846 806 ταύτην
3885 751 4006 804 μετ-

2423 837 2643 907 έρχεται
2668 836 2885 908 πρῶτος
2927 835 3024 888 καὶ
3065 835 3146 895 είς
3175 835 3300 895 τοὺς
3331 832 3606 901 ἀκροατάς
3646 826 4008 882 διδασκαλίαν

2422 928 2519 996 τῆς
2551 925 2826 996 μητρυιῆς
2858 925 3143 996 προκρίνει
3186 925 3375 993 χρείας
3419 923 3513 974 καὶ
3539 921 3782 991 χάριτος,
3818 935 4012 986 μονον-

2425 1019 2547 1088 ουχὶ
2609 1018 2784 1083 λέγων
2827 1017 2910 1070 δτι
2955 1015 3209 1082 καθάπερ
3251 1013 3362 1080 ἐγὼ
3404 1013 3672 1066 διδάσκων
3711 1010 3886 1077 ὑμᾶς,
3920 1009 4014 1060 καὶ

2426 1094 2553 1176 περὶ
2580 1107 2678 1178 τὴν
2705 1106 2858 1178 ὑμῶν
2885 1103 3161 1176 σωτηρίαν
3187 1101 3583 1172 ἀσχολούμενος
3611 1100 3707 1170 τήν
3733 1097 4014 1167 μητρικήν

2427 1198 2631 1269 ἐθέμην
2651 1199 2910 1266 δευτέραν
2937 1194 3254 1267 θεραπείαν,
3296 1194 3396 1261 τὴν
3423 1191 3698 1261 ὑμετέραν
3728 1187 4014 1256 σωτηρίαν

2429 1291 2813 1362 προελόμενος,
2843 1287 2988 1342 οὕτω
3026 1287 3135 1358 χρὴ
3166 1287 3311 1356 ὑμᾶς
3343 1285 3562 1351 ἁπάσης
3607 1283 3710 1351 τῆς
3758 1280 3853 1333 διὰ
3904 1279 4016 1332 τῶν

2431 1377 2762 1448 σωματικῶν
2799 1375 3015 1446 δεσμῶν
3043 1374 3339 1446 προιούσης
3370 1371 3608 1442 σχέσεώς
3631 1387 3690 1423 τε
3739 1370 3840 1423 καὶ
3886 1386 4020 1438 συμο

2432 1469 2662 1530 παθείας
2691 1467 2793 1537 τήν
2816 1466 2971 1537 ὑμῶν
2992 1465 3175 1518 αὐτῶν
3206 1463 3486 1532 σωτηρίαν
3525 1460 4016 1522 ἀπαλλάττεσθαι,

2431 1560 2528 1613 καὶ
2555 1558 2664 1610 τῶν
2689 1557 2840 1627 ἐμῶν
2879 1555 3230 1626 διδαγμάτων
3257 1555 3354 1607 καὶ
3407 1552 3590 1622 νόμων
3615 1551 3717 1620 τὴν
3760 1549 4020 1618 φυλακήν

2433 1650 2529 1704 καὶ
2551 1649 2908 1717 συντήρησιν.
2935 1646 3243 1716 ταύτητοι
3273 1645 3368 1699 καὶ
3385 1641 3485 1696 τὸν
3511 1641 3888 1711 αίτησάμενον
3915 1640 4022 1690 άπ-

2434 1739 2610 1792 ελθεϊν
2639 1739 2732 1789 ἐπὶ
2762 1737 2824 1790 τὸ
2849 1735 3022 1805 θάψαι
3054 1727 3416 1804 «armis»,
3455 1732 3556 1784 οὐκ
3585 1728 3895 1800 ἐπέτρεψεν
3914 1743 3927 1756 ·
3959 1727 4023 1778 ού

2436 1830 2804 1901 καταφρονεῖν
2831 1827 3063 1899 μητρὸς,
3099 1826 3176 1897 μή
3199 1841 3252 1877 τι
3281 1824 3493 1891 γένοιτο
3521 1821 3618 1875 καὶ
3640 1818 3885 1888 μάλιστα
3926 1818 4025 1885 τῆς

2438 1924 2609 1987 ὁσίας,
2644 1921 2766 1974 οὐδὲ
2792 1918 2889 1972 τοῦ
2931 1919 3140 1990 πατρὸς
3181 1913 3536 1985 ἐξαργεϊσθαι
3561 1911 3664 1982 τήν
3693 1911 3891 1980 σχίσιν
3930 1907 4030 1960 καὶ

2439 2016 2533 2070 τὸν
2560 2014 2728 2068 πόθον
2759 2012 3066 2083 ἐνυϐρίζειν
3091 2010 3347 2080 ἀφορμάς
3375 2006 3554 2067 διδοὺς
3574 2044 3592 2069 ,
3631 2003 3774 2056 sua
3807 2016 4030 2053 παντα-

2439 2109 2537 2181 χοῦ
2569 2107 2849 2178 παραινῶν
2877 2105 2976 2177 τήν
2996 2103 3235 2174 ψυχικήν
3267 2098 3587 2171 προκρίνειν
3621 2095 3906 2164 σωτηρίαν
3929 2091 4032 2159 τῆς

2443 2199 2765 2268 σωματικῆς
2814 2197 3033 2266 ἁπάσης
3084 2195 3177 2247 καὶ
3205 2190 3501 2259 συναφείας
3553 2187 3648 2241 καὶ
3698 2184 4028 2244 διαθέσεως.

2429 2291 2615 2345 Ταῦτα
2645 2291 2745 2360 μὲν
2769 2285 2863 2341 οὖν
2893 2289 3025 2350 ἴσως
3055 2287 3122 2341 άν
3144 2302 3250 2348 τις,
3275 2283 3465 2352 ῶσπερ
3489 2279 3728 2351 εἴρηται,
3753 2274 3938 2328 δοκῶν
3963 2277 4030 2341 τῇ

2437 2383 2606 2455 μητρὶ
2665 2381 2772 2434 τῶν
2821 2378 3131 2450 προνομίων
3173 2377 3274 2445 τῆς
3326 2373 3493 2442 τιμῆς
3532 2370 3635 2424 οὐκ
3663 2364 4026 2435 ἀποστερεῖν,

2430 2475 2545 2529 ἀλλ’
2575 2475 2634 2526 ἐν
2658 2471 2736 2542 τῷ
2766 2473 2868 2542 ἴσῳ
2898 2471 3210 2540 συντηρεῖν,
3239 2464 3440 2519 διέλθοι
3489 2458 4031 2533 πραγματευόμενος

2452 2565 2548 2619 καὶ
2586 2568 2684 2632 τὴν
2731 2563 3120 2634 προσήκουσαν
3164 2557 3298 2611 αἰδῶ
3338 2551 3716 2615 συνδιασώζων
3743 2550 3843 2603 καὶ
3873 2545 4036 2600 σεδα-

765 2657 1063 2725 σμιὸτητα·
1117 2655 1210 2709 καί
1237 2673 1323 2708 τοι
1356 2656 1420 2709 τὸ
1453 2654 1556 2724 τῆς
1610 2654 1953 2724 συγκρίσεως
2002 2657 2094 2709 τὸν
2138 2658 2342 2730 τρόπον
2382 2661 2482 2731 μὲν
2547 2656 2844 2729 ἑρμηνεύει
2903 2654 3026 2709 καθ’
3059 2653 3120 2706 δν
3159 2649 3298 2722 πρὸς
3328 2647 3427 2718 τῆν
3462 2645 3673 2700 ἐλάττω
3699 2642 3863 2705 τάξιν
3897 2656 4035 2692 κατ·

765 2747 862 2819 ἐϐη
884 2748 950 2800 τὸ
972 2747 1421 2818 συγκρινόμενον,
1450 2748 1551 2800 ούκ
1598 2746 1932 2800 ἀπαλλάττει
1963 2746 2021 2800 δέ
2045 2747 2144 2817 τῆς
2175 2748 2554 2809 ἐλαττώσεως.

838 2891 968 2946 Scio
989 2890 1256 2961 quosdam
1287 2889 1573 2944 beatorum
1608 2887 1830 2941 Patrum
1873 2901 2014 2957 quos
2060 2887 2114 2940 in
2156 2887 2345 2942 multis

766 2998 910 3054 sape
956 2983 1168 3037 mirans
1213 2991 1267 3034 et
1313 2980 1630 3044 admittens,
1672 2995 1781 3032 non
1822 2980 1912 3033 hic
1948 2979 2064 3046 pari
2109 2979 2345 3034 benevo-

769 3075 935 3128 lentia
977 3074 1230 3133 mirarer.
1271 3073 1366 3142 qui
1418 3073 1601 3138 impiae
1639 3071 1912 3139 opinionis
1947 3071 2346 3138 improbatione

772 3167 825 3219 in
863 3166 1024 3219 talem
1058 3180 1282 3219 sensum
1319 3162 1745 3217 descenderunt.
1792 3162 1928 3214 Cum
1977 3170 2152 3214 mater
2191 3159 2343 3226 Iesu,

2521 2883 2650 2940 Οἶδα
2677 2884 2736 2937 δέ
2762 2899 2916 2946 τινας
2942 2881 3052 2935 τῶν
3084 2881 3370 2952 μακαρίων
3410 2875 3569 2947 ήμῶν
3612 2872 3905 2940 Πατέρων,
3943 2869 4039 2931 οὓς

2450 2978 2510 3030 ἐν
2559 2975 2772 3037 πολλοῖς
2819 2972 3082 3033 πολλάκις
3125 2968 3417 3038 θαυμάσας
3465 2967 3559 3019 καὶ
3603 2963 4037 3030 ἀποδεχόμενος,

2450 3071 2550 3124 οὐκ
2580 3067 2648 3122 ἂν
2680 3069 2739 3120 ἐν
2768 3065 2943 3137 ταύτῃ
2968 3066 3035 3134 τῇ
3059 3060 3256 3131 γνώμη
3281 3059 3628 3128 θαυμάσαιμι
3656 3055 3746 3110 ἐπ’
3773 3055 4041 3122 άθετήσει

2449 3162 2553 3230 τῆς
2598 3156 2894 3221 δυσσεϐοῦς
2942 3155 3103 3224 δόξης
3143 3155 3224 3215 εἰς
3271 3149 3531 3219 τοιαύτην
3575 3144 4042 3213 καταϐεϐηκότας

771 3255 976 3325 aliquid
1002 3255 1301 3308 humanum
1346 3263 1569 3319 experta
1601 3253 1670 3307 de
1699 3268 1800 3307 suo
1831 3253 1943 3305 ﬁlio
1991 3267 2050 3306 se
2087 3252 2343 3321 iactaret,

2449 3253 2719 3306 διάνοιαν·
2757 3249 2832 3312 ὡς
2862 3247 3096 3318 ἐπείπερ
3127 3247 3160 3314 ή
3192 3245 3395 3314 Μήτηρ
3418 3239 3512 3296 τοῦ
3551 3238 3724 3309 Ἰησοῦ
3755 3236 4038 3305 ἀνθρώπι-

775 3346 942 3400 libere
972 3354 1155 3400 autem
1193 3345 1339 3414 loqui
1372 3353 1749 3413 quaereret,-et
1785 3344 1968 3397 laetitia
2009 3343 2348 3398 diil'undere-

775 3449 888 3500 tur,
911 3454 978 3493 eo
1010 3437 1156 3508 quod
1179 3438 1304 3491 talis
1337 3437 1433 3490 lilii
1473 3446 1650 3491 mater
1677 3444 1845 3500 esset,
1878 3445 1932 3490 et
1970 3443 2193 3505 propter
2223 3435 2347 3496 hoc.

776 3528 1010 3582 docente
1059 3527 1190 3586 lilio,
1239 3524 1554 3588 accederet;
1605 3531 1660 3578 et
1706 3532 1767 3578 ut
1816 3524 2062 3586 decebat,
2103 3523 2351 3576 doctrina

779 3621 1010 3692 gloriam
1055 3620 1158 3675 sibi
1206 3618 1316 3673 lilio
1364 3619 1681 3688 acquirente
1733 3617 2134 3685 eongloriiic-ari
2178 3616 2351 3682 ipsum

777 3725 831 3768 et
855 3716 978 3783 ejus
1010 3713 1186 3766 laudis
1216 3711 1534 3780 participem
1568 3711 1683 3764 tieri
1713 3721 1961 3778 cuperet,
1994 3707 2115 3762 ideo
2155 3705 2353 3761 Salva-

783 3804 985 3874 torqui
1020 3811 1076 3858 et
1124 3801 1263 3856 alios
1307 3800 1376 3854 ab
1406 3799 1574 3852 animi
1619 3799 2012 3868 cupiditatibus
2047 3796 2274 3851 mundat
2301 3807 2356 3852 et

783 3897 981 3952 talibus
1002 3901 1230 3948 matrem
1260 3890 1670 3946 inﬁrmitatibus
1694 3889 1907 3958 eripere
1935 3889 2170 3953 volebat,
2197 3889 2354 3959 quasi

781 3987 1182 4057 vituperatione
1215 3983 1429 4050 plenam
1462 3983 1648 4037 emisit
1674 3995 1886 4044 vocem,
1912 3980 2139 4036 dicens:
2180 3997 2198 4031 ι
2225 3979 2358 4045 Qua:

781 4083 865 4130 est
902 4083 1076 4128 mater
1116 4085 1258 4134 mea,
1305 4079 1360 4124 et
1399 4069 1494 4138 qui
1524 4076 1655 4124 sunt
1686 4065 1887 4122 fratres
1924 4067 2074 4121 mei?
2111 4086 2130 4118 ι
2172 4065 2280 4121 Sed
2309 4067 2358 4121 si

785 4169 860 4222 illi
886 4167 1086 4236 quibus
1127 4180 1191 4218 ca
1237 4163 1423 4216 dicere
1469 4162 1522 4213 in
1555 4167 1793 4214 mentem
1830 4160 1978 4212 venit
2007 4167 2064 4212 et
2095 4173 2126 4211 a
2160 4157 2358 4225 quibus

785 4261 965 4329 reipsa
999 4261 1086 4312 dic
1115 4271 1143 4310 a
1169 4264 1320 4315 sunt,
1348 4261 1666 4307 contextum
1693 4251 1933 4305 examini
1972 4249 2378 4320 subjecissent,‘

787 4349 1312 4408 animadvertissent
1359 4357 1591 4400 matrem
1637 4343 1772 4398 nihil
1805 4343 1912 4398 tale
1935 4343 2227 4396 ostendere
2259 4356 2361 4395 nec

787 4445 1084 4514 superbum
1114 4455 1225 4511 pra:
1256 4452 1316 4492 se
1342 4439 1586 4489 animum
1627 4448 1839 4503 gerere.
1865 4431 1982 4487 Non
2017 4432 2187 4496 enim,
2221 4430 2360 4485 Filio

2453 3344 2544 3398 νόν
2571 3361 2625 3396 τι
2656 3339 2904 3393 παθοῦσα
2928 3336 3330 3407 ἐπεσεμνύνετο
3362 3333 3462 3403 μὲν
3509 3330 3589 3402 τῷ
3614 3329 3775 3384 Παιδὶ
3798 3369 3815 3394 ,
3853 3329 4044 3398 ἐζήτει

2451 3435 2510 3488 δέ
2534 3431 3016 3504 παρῤησιασθῆναι
3044 3427 3140 3481 καὶ
3164 3424 3488 3495 διαχυθῆναι
3513 3421 3594 3491 τῷ
3636 3418 4043 3486 άγαλλιὰματι,

2451 3526 2533 3578 ὅτι
2561 3519 2881 3592 τηλικούτου
2912 3518 3110 3580 Παιδὸς
3142 3514 3484 3587 ἐχρημάτισε
3531 3512 3691 3580 Μήτι]
3703 3527 3734 3578 ρ
3755 3549 3774 3572 ,
3821 3507 3930 3561 καὶ
3959 3507 4046 3560 διὰ

2453 3615 2616 3670 τοῦτο
2646 3611 2875 3683 προσῄει
2919 3609 3265 3670 διδάσκοντος
3310 3604 3406 3658 τοῦ
3436 3601 3601 3656 Υίοῦο
3658 3601 3753 3655 καὶΙ
3779 3599 3862 3663 ὡς
3896 3599 4048 3659 είκδς

2453 3706 2521 3775 τῇ
2567 3701 2888 3771 διδασκαλίᾳ
2928 3695 3291 3767 δοξαζομένου
3323 3689 3750 3760 συνδοξασθῆναι
3803 3690 3911 3742 καὶ
3955 3688 4047 3740 τὸν

2455 3795 2678 3848 ἐπαινον
2711 3786 3193 3861 συμμερίσασθαι·
3222 3783 3307 3839 διδ
3339 3783 3433 3836 καὶ
3467 3781 3656 3851 Σωτήρ
3709 3779 3808 3832 καὶ
3845 3780 3880 3831 ό
3919 3777 4050 3839 τοὺς

2456 3884 2652 3946 άλλους
2701 3879 3094 3950 άποκαθαίρων
3125 3878 3236 3930 τῶν
3281 3873 3530 3944 ψυχικῶν
3581 3871 3771 3925 παθῶν
3810 3871 3918 3923 καὶ
3948 3870 4048 3936 τήν

2423 3969 2428 3972 ’
2457 3976 2689 4046 Μητέρα
2739 3974 2850 4027 τῶν
2893 3970 3154 4026 τοιούτων
3185 3967 3547 4022 ἀπαλλάττειν
3601 3962 3773 4016 θέλων
3798 3962 4048 4015 ἐλαττω-

2463 4069 2671 4139 μάτων,
2697 4065 2852 4132 τάξιν
2885 4062 3258 4133 ἐπιτιμήσεως
3281 4059 3586 4127 ἐπέχουσαν
3613 4054 3800 4124 άφῆκε
3823 4053 3934 4124 τὴν
3960 4052 4049 4105 λέ-

2459 4176 2662 4229 γουσαν
2695 4159 2904 4229 φωνήν·
2939 4174 2958 4208 ι
2978 4154 3092 4217 Τίς
3119 4155 3266 4206 ἐστιν
3294 4153 3329 4221 ή
3355 4152 3555 4220 Μήτηρ
3592 4164 3718 4218 μου,
3754 4145 3858 4200 καὶ
3903 4148 4051 4206 τίνες

2459 4253 2509 4306 oi
2558 4249 2782 4319 ἀδελφοί
2813 4263 2953 4318 μους
2988 4265 3009 4298 s
3051 4245 3195 4298 amr
3220 4238 3302 4307 οἷς
3334 4242 3435 4312 μέν
3478 4239 3712 4308 ἐπῆλθεν
3761 4235 3950 4292 ταῦτα
3974 4238 4051 4289 εἰ·

2462 4345 2605 4406 πεῖν,
2659 4339 2754 4393 καί
2783 4356 2847 4408 γε
2873 4339 3091 4409 είρηται
3128 4337 3162 4406 ή
3185 4335 3243 4388 δέ
3266 4336 3367 4404 τῆς
3402 4329 3728 4392 ἀκολουθίας
3757 4328 4052 4393 συνεξεταο

2464 4451 2574 4496 σις,
2592 4431 2811 4502 πρῶτον
2846 4430 2947 4501 μέν
2969 4430 3069 4498 οὐχ
3095 4427 3198 4497 δρᾷ
3222 4425 3321 4494 τήν
3351 4423 3586 4493 Μητέρα
3613 4420 3767 4474 ούδέν
3799 4420 4053 4474 τοιοῦτον

789 4510 1038 4597 docente,
1063 4510 1176 4602 ipsa
1208 4530 1396 4585 nuntia
1419 4527 1660 4593 advenit,
1684 4541 1784 4581 nec
1807 4527 1859 4579 in
1885 4524 2122 4580 medium
2155 4533 2347 4579 emtum

2465 4516 2913 4587 ἐπιδεικνυμένην
2991 4515 3111 4569 οὒδέ
3162 4511 3395 4584 σοϐαρὸν
3440 4511 3715 4582 φέρουσαν
3762 4510 4051 4580 φρόνημα.

790 4624 1133 4697 supervenit;
1182 4635 1360 4690 neque
1399 4618 1648 4672 docentis
1693 4629 2000 4670 sermonem
2047 4613 2360 4682 interrupit,

791 4733 969 4788 neque
1018 4715 1316 4786 quidquam
1365 4711 1534 4763 altum
1574 4718 1668 4761 aut
1707 4706 2003 4775 superbum
2044 4703 2222 4767 dixit;
2265 4702 2360 4758 sed

793 4810 927 4865 loris
955 4806 1199 4864 modeste
1247 4811 1421 4864 stans,
1454 4815 1608 4854 suam
1649 4797 1993 4866 praesentiam
2039 4803 2251 4850 tantum
2285 4796 2364 4850 si-

794 4900 1095 4972 gniﬁcavit,
1124 4912 1300 4966 neque
1328 4896 1493 4949 etiam
1529 4891 1716 4956 verbo,
1758 4889 1852 4943 sed
1893 4904 1996 4943 suo
2024 4896 2271 4957 aspectu,
2307 4897 2368 4942 ut

794 4998 951 5066 signo
978 5005 1037 5046 ut
1067 4991 1116 5043 id
1153 4987 1508 5042 annuntiaret
1535 4999 1634 5038 usa
1677 4990 1782 5038 est.
1815 4981 2098 5048 Quomodo
2141 4980 2194 5034 id
2245 4981 2364 5046 glo-

792 5089 930 5143 riam
960 5083 1251 5138 ambientis
1290 5091 1458 5145 csset,
1497 5079 1581 5133 vel
1607 5080 2008 5133 venerationem
2042 5077 2356 5147 qumrentis,

790 5190 847 5234 ct
885 5195 952 5233 ex
1003 5177 1101 5232 lilii
1154 5173 1528 5244 iitagnitudine
1583 5171 1939 5242 superbiam?
1985 5171 2125 5238 Quid
2182 5180 2362 5225 autem

793 5272 938 5326 aliud
966 5271 1168 5339 egisset
1200 5282 1412 5332 servus,
1440 5281 1600 5336 quem
1629 5280 1727 5321 sua
1756 5265 2054 5320 necessitas
2082 5263 2369 5318 invitasset

795 5363 848 5419 id
873 5363 940 5418 ad
979 5362 1268 5418 Dominum
1300 5357 1623 5412 clamitare?
1654 5354 1797 5426 Ergo
1824 5369 1931 5408 non
1956 5361 2076 5408 erat
2101 5353 2366 5422 objurga-

789 5455 874 5510 tio
903 5452 1035 5508 illud
1067 5451 1196 5506 Iesu
1229 5449 1434 5504 Christi
1469 5448 1538 5502 ad
1569 5458 1798 5502 matrem
1842 5445 2091 5507 verbum,
2129 5458 2232 5499 nec
2266 5442 2369 5498 alio
2409 5477 2424 5496 ε

793 5547 922 5619 quis
937 5545 1131 5601 modus
1147 5542 1418 5598 delectum
1437 5557 1534 5611 por
1549 5538 2002 5610 vituperationem
2017 5535 2367 5598 inclamandi;

796 5653 905 5692 non
932 5636 1077 5692 enim
1099 5643 1218 5690 erat
1240 5633 1350 5688 ullo
1377 5630 1540 5687 modo
1561 5628 1839 5685 delictum.
1867 5627 1971 5682 Sed
1993 5625 2140 5696 quod
2163 5625 2368 5681 dictum

796 5738 904 5794 cst,
930 5727 1211 5785 Iudaicam
1243 5723 1501 5796 repressit
1531 5721 1865 5777 irrisionem.
1911 5717 2049 5772 Male
2088 5716 2372 5785 dispositis

800 5820 946 5879 enim
999 5828 1056 5875 et
1084 5818 1311 5890 ingratis
1343 5814 1546 5873 Iudeis
1582 5828 1727 5870 nunc
1759 5827 1853 5883 per
1891 5810 2218 5867 calumniam
2253 5807 2372 5866 Sal-

2466 4612 2600 4666 υύδέ
2628 4611 2736 4681 γάρ
2761 4610 2884 4664 ούδέ
2911 4608 3259 4670 διδάσκοντος
3288 4603 3701 4672 αὺτεπάγγελος
3740 4603 4054 4672 ἐπεχωρία-

2468 4723 2580 4770 σεν,
2615 4704 2724 4757 οὐδ’
2753 4704 2833 4766 είς
2864 4701 2926 4755 τὺ
2960 4701 3125 4771 μέσον
3169 4699 3407 4768 ἐπῆλθεν
3454 4696 3551 4750 τοῦ
3598 4694 3888 4764 συλλόγου,
3929 4694 4055 4747 ούδέ

2465 4797 2556 4850 τὸν
2584 4792 2963 4848 διδασκαλικὸν
3009 4792 3168 4859 λόγον
3189 4787 3540 4861 περιέκοψεν,
3567 4785 3678 4841 οὐδ’
3707 4781 3866 4839 εἶπεν
3895 4785 4054 4838 οὐδὲν

2468 4889 2669 4959 ὑψηλὸν
2716 4886 2749 4956 ἢ
2802 4884 3178 4956 μεγάλαυχον,
3212 4881 3327 4936 ἀλλ’
3366 4879 3474 4944 ἐξω
3502 4876 3866 4940 πανευλαδῶς
3897 4877 4055 4931 ἱστα-

2471 4980 2608 5049 μένη
2643 4977 2745 5048 τήν
2779 4972 3089 5045 παρουσίαν
3127 4971 3292 5043 μόνον
3319 4970 3610 5040 ἐμήνυσεν,
3653 4966 3688 5037 ή
3725 4965 3850 5020 οὺδέ
3890 4966 4057 5020 τοῦτο

2467 5070 2611 5141 λόγῳ
2655 5067 2949 5138 ἐμήνυσεν,
2995 5063 3112 5116 ἀλλ’
3161 5060 3530 5130 ἀπαγγέλλειν
3577 5057 3898 5128 ἐφιλοσόφει
3953 5059 4056 5127 τήν

2469 5162 2598 5216 θίαν
2619 5161 2680 5213 τὸ
2712 5161 2968 5230 μήνυμα·
3006 5157 3038 5209 δ
3067 5154 3185 5218 πῶς
3213 5154 3282 5209 άν
3340 5150 3841 5221 φιλουτιμουμένης
3874 5150 3941 5204 τὺ
3972 5149 4056 5203 δοο

2471 5252 2750 5318 ξάζεσθαι,
2779 5249 2896 5313 πῶς
2934 5249 2991 5303 δέ
3014 5245 3287 5317 ζητούσης
3317 5242 3682 5315 σεμνύνεσθαι
3713 5241 3812 5296 καὶ
3843 5243 3916 5312 τῇ
3956 5239 4055 5294 τοῦ

2470 5344 2588 5399 υίοῦ
2620 5340 3055 5412 ἐπιγαυροῦσθαι
3085 5337 3468 5409 μεγαλείοτητι
3485 5352 3499 5398 ς
3517 5335 3572 5390 τί
3589 5335 3634 5390 δ’
3657 5333 3726 5389 άν
3746 5334 3942 5406 ἓτερον
3959 5333 4057 5388 καὶ

2470 5439 2726 5510 θεράπων
2755 5434 2964 5507 ἐπραεε
2987 5434 3178 5506 χρείας
3205 5431 3371 5484 αύτδν
3398 5429 3493 5483 ἐπὶ
3516 5429 3610 5482 τὸν
3635 5426 3844 5499 Κύριον
3871 5443 4060 5497 παριε-

2469 5531 2726 5600 γενέσθαι
2750 5527 3021 5598 καλούσης
3048 5545 3064 5593 ;
3097 5524 3295 5579 οὔκουν
3319 5523 3420 5577 ούκ
3447 5517 3520 5593 ῆν
3549 5520 3876 5589 ἐπιτίμησις
3905 5520 3937 5572 δ
3964 5519 4056 5570 λά·

2471 5643 2566 5695 γος
2593 5625 2688 5678 τοῦ
2725 5621 2902 5693 Ἰησοῦ
2925 5623 2994 5692 τῇ
3022 5618 3226 5690 Μητρὶ,
3251 5616 3371 5669 ούδέ
3398 5631 3484 5678 τις
3513 5615 3718 5683 τρόπος
3735 5612 4054 5667 ἀνακαλού-

2476 5736 2635 5788 μενος
2672 5717 2760 5770 διά
2806 5713 3068 5784 μέμψεως
3103 5711 3165 5765 τδ
3200 5709 3510 5776 ἐλάττωμα.
3547 5707 3623 5757 (i6
3649 5705 3760 5775 γάρ
3785 5698 3858 5772 ἦν
3887 5703 4053 5756 ἐλάτο

2474 5823 2633 5878 τωμα
2694 5803 2968 5874 οὐδαμοῦ,
3029 5800 3163 5856 ἀλλὰ
3231 5795 3522 5852 Ἰουδαϊκὸν
3592 5793 3926 5864 ἑπεστδμιζε
3995 5793 4060 5842 τὸ
