4186 6444
152 442 264 510 »ιε

1104 444 1203 504 AD
1241 437 1832 501 AMPHILOCBIUM
1870 438 2216 503 OUIESTIO
2236 439 2410 500 XLV.

3302 443 3409 505 3‘5

155 560 446 633 εἰρημένον
496 558 817 630 χλεύασμα·
852 557 962 611 τῶν
1004 559 1114 629 γὰρ
1167 558 1489 628 κακοχύλων
1536 572 1596 609 τε
1640 557 1716 609 κα¹

1838 555 2037 633 vatoris
2062 564 2118 609 et
2164 554 2511 608 insolentiam
2545 551 2900 608 dicentibus:
2940 570 2958 604 t
2997 551 3186 608 Nonne
3209 552 3297 608 hic
3322 565 3408 609 est

153 653 486 724 ἀγνωμόνων
520 651 787 705 Ἰουδαίων
813 650 910 705 νῦν
938 650 1203 720 λεγόντων
1232 651 1327 703 ἐπὶ
1370 649 1590 719 διαϐολῇ
1631 650 1725 701 καὶ

153 744 308 815 ὕϐρει
337 744 610 816 Σωτῆρος,
637 744 749 813 οὐχ
777 736 934 806 οὗτός
969 745 1119 797 ἐστιν
1165 742 1261 795 τοῦ
1292 742 1541 805 τέκτονος
1573 743 1720 807 uide;

150 833 247 887 νῦν
276 833 333 887 δὲ
363 834 461 904 οὐχ
490 836 522 903 ἡ
551 835 738 903 μήτηρ
768 831 936 886 αὑτοῦ
964 832 1059 886 καὶ
1084 834 1132 886 oi
1153 831 1372 899 ἀδελφοὶ
1395 832 1525 902 παρ’
1552 833 1719 901 ὴμῖνς

149 925 259 979 Καὶ
284 924 467 978 πάλινο
494 941 512 974 ι
535 920 736 975 Τοῦτον
762 922 820 975 δι
837 921 1058 991 οἴδαμεν
1091 920 1257 974 πόθεν
1277 920 1723 976 έστίν.»Ἐπειτα

148 1018 243 1070 καὶ
269 1018 392 1070 τότε
416 1015 762 1078 διδάσκοντος
790 1016 885 1068 καὶ
910 1016 1009 1086 τὴν
1039 1014 1277 1086 ψυχικὴν
1301 1016 1577 1086 σωτηρίαν
1608 1016 1722 1067 είσ-

142 1108 473 1180 ηγουμένου,
504 1108 583 1177 τῷ
608 1107 808 1178 πλήθει
835 1107 1154 1177 διεφθόνουν
1186 1124 1243 1161 τε
1285 1108 1380 1164 καὶ
1400 1108 1720 1162 διεσάσκαι-

143 1218 232 1253 νον
264 1199 360 1253 καὶ
386 1198 525 1270 πρὸς
547 1198 802 1261 διαϐολὰς
835 1199 1345 1267 ἀνεφλέγοντοοούκ
1366 1195 1435 1270 ἦν
1462 1200 1519 1253 δὲ
1552 1200 1720 1271 πόρος
1784 1259 1789 1269 Ι

139 1289 275 1351 ὅλως
310 1287 568 1357 δωὸολῆς
612 1287 707 1341 ὶπὶ
744 1287 846 1357 τὴν
890 1287 1095 1358 συνήθη
1133 1286 1404 1357 λοιδορίαν
1448 1285 1720 1355 καταφεύ-

138 1399 323 1451 γουσι,
355 1383 448 1435 καὶ
479 1381 578 1453 τὴν
614 1381 830 1453 μητέρα
865 1380 1031 1434 πάλιν
1056 1380 1152 1434 καὶ
1176 1380 1305 1443 τοὺς
1338 1378 1602 1449 ἀδελφοὺς
1638 1381 1717 1441 είς

135 1476 308 1544 ψόγον
335 1476 430 1528 καὶ
457 1474 798 1544 ἐξουθένημα
845 1472 1267 1543 προκομίζουσι,
1302 1471 1585 1542 μονονουχὶ
1628 1470 1717 1524 λέ-

136 1583 365 1634 γοντες·
406 1566 542 1620 Τίνα
571 1565 877 1629 διδάσκεις;
928 1564 1049 1617 τίνα
1104 1563 1161 1616 δὲ
1200 1563 1395 1615 σαυτὸν
1436 1560 1713 1631 κομίζειςς

136 1660 275 1730 Οὐχὶ
299 1660 557 1727 γυναικὸς
584 1659 813 1730 πένητος
843 1658 1109 1727 ὑπάρχεις
1136 1657 1284 1723 υίός;
1311 1656 1408 1711 καὶ
1430 1658 1481 1710 οι
1499 1655 1716 1725 ἀδελφοί

139 1766 237 1803 σου
270 1750 429 1803 οὐδὲν
446 1750 818 1820 διαφέρουσιν,
845 1744 923 1805 ὧν
963 1750 992 1802 ὁ
1034 1749 1147 1818 βίος
1196 1748 1285 1802 διά
1319 1748 1550 1819 χειρῶνς
1580 1748 1714 1802 Ἰδοὺ

136 1836 292 1897 οὗτοι
340 1843 634 1911 ιστήκασιν
680 1842 786 1910 ἔξω
814 1841 1104 1912 ζητοῦντές
1131 1857 1191 1893 σε
1210 1858 1225 1871 ·
1255 1839 1319 1893 ἔα
1354 1840 1417 1892 τδ
1439 1839 1715 1893 διδάσκειν

1831 646 1974 701 fabri
2010 627 2150 700 [ilius
2182 645 2272 697 “2
2307 663 2327 696 ι
2369 644 2523 700 Nunc
2575 660 2728 710 vero,
2776 659 2957 701 nonne
3000 655 3174 701 mater
3204 646 3326 715 ejus
3353 658 3410 702 et

1831 739 2027 794 fratres
2077 739 2218 807 apud
2275 738 2418 791 nos?
2464 736 2532 791 Et
2578 752 2838 792 rursum:
2876 757 2895 789 ε
2954 739 3111 792 Hunc
3161 739 3404 800 scimus.

1830 834 1974 886 unde
2002 841 2086 885 est
2119 830 2186 883 “.
2218 849 2236 881 ι
2274 828 2479 885 Deinde
2508 838 2561 885 et
2588 838 2716 885 tune
2734 830 2963 885 docente
2988 840 3041 883 et
3064 830 3415 898 spiritualem-

1829 925 2058 979 salutem
2079 921 2358 984 aﬂ‘erente,
2376 922 2709 977 multitudini
2744 922 3129 978 invidebantet
3155 918 3407 976 malevoli

1827 1022 2005 1076 erant.
2040 1021 2095 1067 et
2114 1012 2180 1067 ad
2208 1012 2542 1067 calumniam
2574 1012 2863 1067 ardebant.
2893 1012 2950 1067 Si
2983 1020 3165 1067 autem
3189 1016 3408 1067 abesset

1826 1105 2115 1162 calumnia:
2156 1105 2331 1168 locus,
2389 1103 2458 1158 ad
2492 1104 2678 1160 solitas
2717 1101 3110 1173 confugiebant
3151 1104 3403 1173 injurias.

1825 1208 1880 1254 et
1905 1209 2132 1253 matrem
2175 1212 2393 1252 rursum
2440 1198 2492 1249 in
2547 1194 2879 1265 vituperium
2931 1205 2985 1249 et
3031 1204 3405 1264 contemptum

1825 1291 2189 1355 adducebant,
2246 1289 2488 1345 dicentes
2535 1287 2684 1347 fere:
2719 1306 2739 1340 ι
2774 1286 2917 1354 Quid
2972 1287 3172 1341 doces?
3231 1285 3407 1352 Quem

1826 1381 2056 1451 leipsum
2118 1379 2320 1435 facis?
2380 1398 2398 1430 ι
2460 1377 2649 1446 Nonne
2712 1394 2771 1433 es
2851 1377 3098 1433 mulieris
3174 1394 3407 1448 pauper-

1823 1477 1961 1530 culae
1990 1473 2176 1529 filius?
2218 1473 2281 1527 Et
2316 1472 2514 1527 fratres
2565 1472 2641 1525 tui
2693 1470 2829 1524 nihil
2858 1470 3136 1533 dilferunt,
3169 1485 3403 1539 quorum

1822 1569 1931 1623 vita
1962 1582 2061 1637 per
2114 1580 2309 1620 manus
2351 1580 2481 1620 suas
2524 1571 2889 1619 sustentatur.
2932 1561 3071 1617 Ecce
3120 1561 3207 1615 isti
3257 1571 3407 1615 stant

1821 1654 1956 1710 foris
1986 1662 2297 1724 quaerentes
2352 1661 2421 1706 te.
2458 1648 2659 1705 Omitte
2683 1651 2879 1705 docere
2908 1659 2964 1704 et
2988 1653 3053 1703 ad
3076 1650 3406 1718 consangui-

1823 1760 1957 1801 neos
1990 1744 2149 1807 vade,
2184 1741 2432 1799 eamdem
2478 1756 2543 1796 ac
2584 1741 2661 1794 illi
2696 1742 2819 1795 vita:
2864 1739 3133 1793 rationem
3170 1738 3397 1799 habens,

1822 1836 1917 1891 sed
1952 1849 2061 1889 non
2089 1833 2156 1887 ad
2183 1829 2419 1886 docendi
2451 1844 2745 1898 assurgens
2777 1828 3119 1896 dignitatem.

135 1941 402 2012 καὶπρὸς
428 1940 555 2002 τοὺς
583 1940 869 2007 συγγενεῖς
895 1938 1187 2008 ἀπότρεχε,
1242 1936 1342 2006 τὴν
1368 1936 1601 1998 ἐκείνοις
1663 1934 1789 2004 ῐσην
1825 1929 2025 2004 μετιιῖυν
2062 1926 2365 1993 πολιτείαν,
2419 1924 2559 1979 ἀλλά
2604 1922 2680 1995 μὴ
2736 1922 2868 1993 πρὸς
2910 1920 2971 1974 τδ
3019 1916 3399 1973 διδασκαλικὸν

130 2032 447 2085 ἀναϐαίνων
485 2028 725 2099 ἀξίωμα.

203 2126 359 2179 Ταῦτ
376 2125 389 2146 ⁹
413 2124 505 2177 οὖν
531 2124 778 2189 ἐκείνων,
799 2122 875 2186 ὡς
905 2118 1524 2190 ἔθος,ζπονηρευομένων
1549 2115 1579 2169 ό
1605 2116 1716 2169 Σω-

1892 2109 1985 2165 Illa
2036 2109 2203 2179 igitur
2250 2107 2353 2171 eis,
2405 2116 2464 2160 ut
2523 2105 2755 2170 solebat,
2818 2104 3065 2174 improbe
3115 2103 3405 2174 agentibus

128 2217 237 2285 τηρ
261 2214 553 2278 ἀντιτιθεὶς
595 2215 688 2268 καὶ
728 2212 1110 2281 ἀντεπεξάγων
1135 2213 1201 2283 τῇ
1240 2208 1591 2281 μακροθυμίᾳ
1623 2206 1719 2261 καὶ

130 2305 430 2374 πραότητι,
449 2302 736 2367 Τοσοῦτον,
765 2305 948 2372 φησὶν,
973 2301 1164 2371 ἀπέχω
1181 2300 1278 2354 τοῦ
1300 2298 1717 2371 ἐπαισχύνεσθαι

132 2396 311 2466 μητρὶ
363 2396 457 2449 καὶ
504 2398 615 2458 τοῖς
664 2393 937 2463 ἀδελφοῖς,
968 2394 1052 2447 ὅτι
1099 2392 1160 2445 οὐ
1198 2392 1362 2461 μόνον
1396 2392 1463 2462 ἣν
1490 2392 1523 2459 ἡ
1556 2391 1717 2459 φύσις

128 2488 343 2541 ἔδωκεν
384 2488 477 2541 καὶ
505 2485 600 2550 οὒς
625 2487 705 2551 εἰς
727 2487 883 2552 γένος
908 2486 941 2556 η
968 2483 1237 2554 ὑπόληψις
1266 2482 1418 2535 ἔθετο
1456 2483 1556 2536 οὐκ
1579 2484 1717 2536 ἀπο-

130 2580 464 2649 στρέφομαι,
487 2579 609 2631 οὐδὲ
638 2578 900 2648 αίσχύνην
930 2575 1173 2647 ἠγοῦμαι
1198 2575 1319 2628 οὐδὲ
1341 2574 1563 2639 ὄνειδος,
1582 2572 1718 2627 ἀλλά

128 2671 231 2724 καὶ
262 2670 486 2732 τούτους
514 2669 759 2733 ἅπαντας
788 2667 879 2731 οὒς
912 2670 1072 2741 ὁρᾶτε
1106 2666 1214 2720 τῶν
1244 2665 1407 2737 ἱερῶν
1435 2666 1607 2734 λόγων
1632 2664 1717 2718 δν-

129 2779 232 2823 τας
267 2760 554 2830 σωτηρίων
604 2759 898 2830 ἀκροατὰς,
930 2760 1023 2813 καὶ
1060 2760 1305 2829 πατέρας
1330 2762 1427 2812 καὶ
1455 2758 1717 2826 ἀδελφοὺς

130 2854 239 2905 οὐκ
302 2851 526 2915 ἀπαξιῶ
580 2849 994 2920 κατονομάζειν,
1036 2850 1098 2904 τὸ
1123 2850 1389 2921 πατρικὸν
1440 2849 1600 2919 μόνον
1629 2848 1718 2902 θέο

131 2944 201 3012 λη
212 2960 291 3011 μα
314 2943 624 3005 ποιοῦντας,
653 2943 755 2996 κᾶν
775 2944 912 3013 μήτε
941 2944 1007 3012 τῇ
1033 2942 1217 3010 φύσει,
1247 2942 1385 3011 μήτε
1415 2944 1481 3012 τῇ
1512 2940 1717 3011 ὑπολή-

128 3034 229 3103 ψει
264 3035 368 3096 τὰς
400 3034 693 3103 εἰρημένας
722 3033 1109 3103 φιλοστόργους
1140 3033 1351 3101 σχέσεις
1383 3032 1547 3101 ῑχωσι
1589 3031 1715 3102 βοη-

130 3124 435 3194 θουμένας.
473 3125 568 3185 Τίς
613 3123 705 3176 οὖν
740 3125 887 3176 ἔστιν
911 3126 944 3194 η
974 3124 1158 3194 μήτηρ
1190 3140 1291 3193 μου
1326 3124 1419 3176 καὶ
1450 3125 1484 3192 η
1514 3123 1713 3193 ἀδελφή

133 3233 287 3285 μου;
327 3215 380 3267 τί
410 3231 499 3283 μοι
536 3214 630 3275 τὰς
657 3213 875 3283 κλήσεις
905 3214 1105 3277 ταύτας
1137 3215 1215 3277 είς
1248 3212 1405 3284 ὕϐριν
1456 3214 1549 3267 καὶ
1579 3214 1717 3267 δνει-

127 3306 225 3368 δος
256 3304 657 3375 μεταπλάττεις
682 3322 696 3370 ;
728 3304 838 3374 ὶγὼ
868 3304 1120 3358 τοσοῦτον
1146 3305 1567 3376 ἐπαισχύνεσθαι
1588 3306 1714 3359 τοὺ-

128 3412 250 3459 τοις
265 3395 551 3466 διέστηκα,
574 3394 712 3448 ὥστε
742 3396 834 3448 καὶ
855 3396 980 3457 τοὺς
1012 3395 1298 3467 ἀληθινοὺς
1322 3395 1570 3465 μαθητὰς
1596 3398 1715 3459 ταῖς

130 3485 369 3554 κλήσεσι
429 3484 652 3545 ταύταις
712 3483 806 3535 καὶ
864 3484 1113 3551 σχέσεσιν
1168 3480 1392 3553 έμαυτῷ
1424 3482 1716 3535 συνάπτειν

130 3576 496 3646 προειλόμην.
529 3574 639 3628 Καὶ
671 3573 815 3626 ἐστιν
838 3573 1086 3627 ἐντεῦθεν
1113 3574 1342 3645 συνορᾷν
1373 3573 1447 3635 ὡς
1468 3573 1529 3626 οὐ
1560 3573 1718 3642 μόνον

129 3670 290 3722 οὐδὲν
344 3666 757 3737 ἀγνωμοσύνης,
784 3666 904 3719 οὐδε
954 3667 1313 3737 παροράσεως
1347 3667 1619 3737 μητρικῆς
1650 3667 1718 3717 τὰ

130 3758 589 3829 προενηνεγμένα
640 3758 860 3827 ῥήματα
902 3751 993 3827 ῆν,
1022 3757 1158 3811 ἀλλά
1202 3759 1295 3810 καὶ
1322 3758 1421 3829 τὴν
1454 3758 1716 3830 μεγίστην

126 3851 277 3921 αὐτῇ
313 3850 407 3902 καὶ
434 3848 750 3918 πρέπουσαν
770 3848 1272 3916 συγκατασκευάξει
1301 3850 1488 3918 τιμήν.
1520 3847 1718 3900 Τοσοῦ-

126 3957 225 3993 τον
258 3942 373 4009 γὰρ
404 3940 541 4009 αὐτῇ
584 3939 682 4007 τὴν
711 3937 1119 4008 σεϐασμιότητα
1146 3940 1241 3991 καὶ
1283 3938 1344 3991 τὸ
1380 3939 1548 4009 γέρας
1581 3937 1711 3991 ἀποο

126 4034 289 4103 νέμει
306 4033 405 4085 καὶ
432 4032 492 4085 τὸ
516 4032 723 4084 δίκαιον
744 4030 842 4099 τῆς
865 4030 1123 4101 στοργῆς,
1141 4030 1280 4083 ῶστε
1300 4030 1391 4083 καὶ
1414 4030 1539 4091 τοὺς
1563 4030 1717 4083 ἐκτε-

124 4125 367 4187 λοῦντας
421 4124 482 4177 τὸ
537 4123 805 4194 πατρικὸν
849 4123 1080 4193 θέλημα,
1135 4123 1228 4175 καὶ
1277 4123 1413 4193 πρὸς
1463 4122 1716 4175 τοσοῦτον

123 4215 480 4287 ἰπαρθέντας
538 4213 669 4281 ὓψος
718 4215 939 4284 ἀρετῆς,
969 4214 1045 4274 ὼς
1073 4216 1152 4279 είς
1187 4215 1331 4284 μέγα
1358 4231 1411 4266 τι
1435 4212 1595 4284 δόξης
1620 4215 1716 4268 καὶ

122 4310 437 4379 ἐξαίρετον,
470 4308 551 4369 εἰς
578 4306 674 4377 τὴν
709 4306 981 4376 μητρικὴν
1012 4306 1196 4375 σχέσιν
1252 4306 1346 4359 καὶ
1374 4306 1566 4374 κλῆσιν
1593 4306 1716 4359 τού-

118 4418 259 4463 τους
295 4400 543 4467 ἀνάγειν,
597 4398 675 4451 δι’
699 4398 766 4469 ῆν
812 4398 909 4451 καὶ⁸
942 4401 973 4468 ἡ
1001 4399 1109 4450 τῶν
1142 4398 1387 4466 ἀδελφῶν
1420 4397 1515 4451 νῦν
1548 4399 1715 4468 τιμῆς

118 4488 407 4544 ἀπολαύει
433 4490 807 4561 προσηγορία·
846 4488 947 4542 ποῦ
986 4491 1097 4560 γὰρ
1144 4490 1211 4560 ἢν
1262 4489 1498 4559 εκρινεν,
1552 4490 1714 4561 εἴπερ

116 4584 375 4655 ἔκρινεν,
424 4581 900 4645 ἀποσκευάζεσθαι
950 4581 1159 4650 σχέσιν,
1198 4581 1300 4635 ποῦ
1328 4582 1372 4634 δ’
1398 4580 1466 4635 ἂν
1506 4585 1573 4654 ῆν
1605 4584 1713 4638 ἐδι-

114 4675 316 4737 καίου,
346 4675 504 4743 εἴπερ
553 4674 812 4737 ἐδικαίου,
838 4673 1300 4743 παραγράφεσθαι
1329 4674 1540 4745 κλῆσιν,
1574 4675 1707 4729 ταύ-

1821 2201 2075 2258 Salvator
2098 2214 2409 2271 opponens,
2444 2212 2508 2253 ac
2533 2213 2627 2251 eos
2664 2198 2933 2266 patienter
2964 2196 3129 2251 simul
3155 2207 3209 2250 et
3245 2212 3404 2250 man-

1818 2304 1973 2350 suete
2000 2293 2307 2348 reducens:
2344 2289 2604 2353 Tantum,
2642 2288 2846 2357 inquit,
2871 2288 3026 2343 abest
3056 2297 3116 2342 ut
3139 2290 3203 2342 de
3228 2300 3406 2351 matre

1818 2396 1872 2440 et
1918 2384 2182 2439 fratribus
2234 2382 2576 2444 erubescam,
2629 2389 2689 2433 ut
2726 2395 2834 2435 non
2882 2380 3046 2433 modo
3082 2394 3202 2433 eam
3235 2394 3402 2448 quant

1818 2476 1970 2530 dedit
1999 2485 2211 2537 natura,
2241 2483 2294 2527 et
2328 2487 2425 2527 eos
2458 2486 2600 2540 quos
2636 2470 2689 2525 in
2730 2485 2929 2539 genere
2971 2484 3088 2523 mea
3116 2471 3403 2538 conceptio

1818 2567 2003 2637 p0suit
2037 2580 2143 2619 non
2184 2563 2431 2633 rejiciam
2469 2578 2645 2631 neque
2671 2560 3029 2630 opprobrium
3066 2569 3161 2614 aut
3186 2561 3404 2629 vitupe-

1821 2660 1966 2712 rium
1992 2658 2216 2719 ducam.
2249 2656 2344 2711 sed
2375 2664 2430 2709 et
2463 2670 2560 2708 eos
2586 2668 2728 2723 quos
2754 2652 2945 2707 ridetis
2972 2669 3253 2709 sacrorum
3284 2668 3403 2709 ser-

1818 2764 2041 2805 monum
2070 2749 2353 2803 auditores
2384 2756 2437 2801 et
2460 2756 2640 2817 patres
2675 2754 2729 2799 et
2768 2742 2965 2800 fratres
3000 2762 3104 2800 non
3139 2745 3403 2816 dedigner

1818 2840 2126 2900 nominare,
2160 2847 2440 2909 paternam
2470 2840 2805 2893 voluntatem
2837 2838 3136 2892 dummodo
3163 2838 3399 2902 faciant,

1816 2930 2072 2999 quamvis
2102 2945 2277 2997 neque
2300 2939 2495 2981 natura
2528 2944 2703 2997 neque
2728 2928 3086 2996 conceptione
3112 2928 3407 2995 praedictos

1816 3021 2020 3075 amoris
2061 3020 2279 3074 habitus
2325 3020 2544 3089 adjutus
2595 3020 2855 3074 habeant.
2888 3037 2906 3069 ι
2948 3019 3082 3083 Quae
3124 3030 3206 3073 est
3235 3020 3403 3087 igitur

1818 3122 1989 3165 mater
2023 3126 2142 3164 mea
2170 3119 2221 3163 ct
2253 3125 2413 3164 soror
2443 3110 2607 3164 mea?
2637 3129 2654 3159 ι
2690 3108 2834 3175 Quid
2872 3109 3003 3162 mihi
3036 3110 3132 3162 has
3162 3111 3403 3177 appella-

1818 3206 1994 3259 tiones
2020 3205 2074 3258 in
2114 3202 2467 3271 opprobrium
2514 3212 2567 3255 et
2615 3201 2873 3271 injuriam
2920 3199 3119 3271 lingis?
3162 3199 3398 3254 Tantum

1816 3297 1972 3351 abest
2019 3304 2078 3349 ut
2130 3296 2237 3348 illis
2287 3294 2628 3358 erubescam,
2664 3302 2724 3347 ut
2753 3306 2909 3347 veros
2935 3293 3237 3361 discipulos
3281 3293 3401 3347 istis

1818 3388 2277 3459 appellationibus
2317 3398 2373 3441 et
2420 3387 2695 3440 babitibus
2749 3384 2880 3439 mihi
2925 3386 3259 3455 coniungere
3288 3398 3402 3441 sta-

1822 3482 2038 3536 tucrim.
2074 3479 2138 3532 Et
2180 3479 2308 3533 inde
2343 3480 2525 3532 videre
2562 3488 2647 3532 est
2692 3476 2823 3531 nihil
2867 3477 3064 3546 ingrati
3099 3479 3265 3531 animi
3305 3489 3400 3533 aut

1820 3582 2165 3642 contemptus
2204 3586 2330 3639 erga
2380 3579 2608 3624 matrem
2656 3570 2933 3639 pmcitata
2972 3568 3134 3622 verba
3176 3584 3397 3639 expres-

1820 3666 1979 3729 sisse,
2007 3664 2102 3717 sed
2147 3672 2201 3717 et
2246 3663 2546 3716 maximum
2577 3660 2653 3713 illi
2698 3670 2753 3715 et
2800 3659 3082 3714 decentem
3134 3661 3396 3715 honorent

1819 3769 2176 3827 preparasse.
2220 3754 2541 3809 Adcoenim
2582 3752 2659 3807 illi
2697 3754 3106 3806 venerationem
3154 3764 3209 3806 et
3252 3770 3396 3807 mer-

1819 3846 2006 3902 cedem
2048 3845 2261 3913 tribuit,
2303 3854 2359 3900 et
2398 3846 2544 3915 quod
2588 3844 2793 3899 amoris
2839 3846 3049 3913 justum
3090 3854 3192 3908 est,
3242 3853 3299 3896 ιιι
3344 3856 3399 3898 et

1818 3941 2154 3995 voluntatem
2214 3952 2494 4009 paternam
2541 3937 2903 4007 adimplentes
2938 3950 2991 3989 et
3033 3938 3098 3989 ad
3148 3946 3394 3991 sanctam

1818 4036 2037 4089 virtutis
2060 4034 2454 4088 sublimitatem
2496 4042 2851 4102 assurgentes
2896 4039 3155 4098 tanquam
3196 4032 3249 4083 in
3286 4046 3398 4083 ma-

1818 4142 1977 4198 gnam
2009 4126 2245 4196 aliquam
2273 4135 2327 4179 et
2350 4126 2604 4179 eximiam
2646 4124 2899 4195 gloriam.
2927 4126 2982 4179 in
3021 4124 3211 4179 matris
3237 4124 3392 4177 babi-

1820 4227 1934 4271 tum
1966 4226 2019 4271 et
2051 4218 2469 4286 appellationem
2499 4217 2756 4279 inducat;
2791 4216 2951 4283 cujus
2978 4232 3146 4271 causa
3175 4225 3229 4269 et
3261 4226 3393 4269 tunc

1819 4310 2078 4379 temporis
2116 4308 2347 4363 fratrum
2394 4308 2683 4377 appellatio
2728 4308 2937 4363 honore
2982 4308 3197 4362 fruitur.
3241 4307 3395 4361 Patet

1818 4401 2005 4470 igitur,
2062 4410 2123 4455 ut
2162 4401 2366 4455 dictum
2421 4410 2526 4463 cst,
2562 4416 2669 4453 non
2715 4400 2878 4454 modo
2916 4415 3023 4453 non
3069 4399 3121 4453 in
3157 4400 3390 4453 materni

1817 4494 2020 4548 amoris
2040 4502 2095 4547 et
2126 4494 2491 4547 venerationis
2508 4492 2894 4545 dett-intentum
2926 4492 3038 4545 haec
3067 4493 3211 4545 dicta
3242 4506 3385 4553 esse,

1821 4606 1840 4638 ε
1869 4586 2001 4652 Qua:
2018 4595 2100 4640 est
2126 4596 2298 4640 mater
2326 4588 2478 4639 mea?
2502 4596 2662 4647 ιρις..
2691 4588 2785 4639 sed
2800 4593 2853 4639 et
2872 4586 3283 4639 convenientem
3314 4586 3387 4636 illi

1814 4680 2128 4735 otnnimode
2194 4680 2421 4750 gloriam
2488 4688 2543 4733 et
2608 4680 3039 4734 benedictionem
3109 4680 3384 4733 conciliat.

112 4785 229 4837 την
260 4765 343 4827 ὡς
372 4764 636 4835 κορωνίδα
663 4766 756 4817 καὶ
785 4767 1081 4833 κεφάλαιον
1099 4764 1206 4817 τῶν
1228 4766 1446 4833 ἀγαθῶν
1469 4768 1583 4830 τοῖς
1602 4766 1710 4821 τῶν

1820 4769 2099 4835 Quomodo
2136 4769 2279 4823 enim
2324 4786 2487 4839 quam
2531 4771 2831 4836 statuisset,
2880 4770 2927 4825 si
2950 4773 3252 4831 statuisset,
3290 4769 3387 4822 ha-

111 4856 379 4930 οὐρανῶν
411 4855 687 4925 βασιλείας
721 4854 1076 4926 κληρονόμοις
1106 4857 1386 4926 ἐπιφέρειν
1411 4874 1471 4910 τε
1497 4859 1590 4911 καὶ
1613 4876 1709 4929 χα-

115 4948 389 5019 ρίζεσθαι
451 4946 633 5016 χώραν
684 4941 864 5016 εἶχενς
911 4946 1354 5016 Ἐμφανέστατον
1405 4948 1497 5001 οὖν
1553 4945 1707 5019 οἶμαι

110 5041 274 5093 καθά
310 5040 408 5091 καὶ
438 5039 757 5109 προείρηται
786 5040 1029 5107 γέγονεν,
1057 5040 1133 5105 ὡς
1164 5040 1223 5093 οὐ
1251 5039 1411 5110 μόνον
1440 5042 1542 5095 οὐκ
1564 5041 1709 5095 ἐστιν

113 5133 252 5185 οὐδὲ
276 5134 361 5189 είς
383 5130 537 5201 ὓϐριν
554 5131 651 5199 τῆς
676 5130 949 5201 μητρικῆς
966 5132 1221 5202 στοργῆς,
1244 5132 1336 5185 καὶ
1352 5132 1534 5197 αἰδοῦς
1547 5134 1608 5187 τὸ
1627 5136 1710 5197 τίς

1815 4862 2117 4918 bitudinem
2164 4863 2449 4927 abiecisse.
2483 4879 2648 4932 quam
2686 4864 2970 4927 voluisset.
3021 4863 3067 4917 si
3102 4863 3382 4917 voluisset.

1816 4954 2233 5025 appellationem
2264 4954 2610 5015 submovere,
2638 4969 2761 5009 eam
2812 4963 2868 5007 nt
2914 4956 3187 5023 lastigmm
3214 4963 3266 5005 et
3292 4967 3385 5007 ca-

1814 5056 1912 5117 put
1936 5034 2226 5111 bonorutn,
2255 5046 2409 5114 regni
2452 5046 2718 5100 cmlomm
2766 5045 3075 5101 heredibus
3118 5044 3384 5100 inferendi

1817 5145 1870 5193 et
1892 5134 2232 5206 gratiﬁcandi
2258 5136 2539 5191 habuisset
2571 5136 2789 5190 locum?

111 5234 281 5285 ἐστιν
320 5230 356 5299 ἡ
382 5230 565 5299 μήτηρ
601 5245 723 5297 μου,
747 5246 801 5281 κ.
820 5246 869 5281 τ.
889 5227 939 5283 λ.
965 5230 1251 5299 εἰρημένα,
1270 5229 1405 5283 ἀλλὰ
1435 5232 1531 5285 κα)⁸
1551 5234 1651 5301 τὴν
1676 5235 1994 5307 πρέπουσαν
2020 5234 2152 5304 αὐτῇ
2180 5233 2513 5302 πανταχόθεν
2546 5235 2765 5300 συνάγει
2796 5233 2952 5298 δόξαν
2976 5233 3065 5287 καὶ
3088 5234 3379 5303 εὐφημίαν.

205 5321 369 5376 Οὕτω
412 5319 455 5371 δ’
486 5319 551 5372 ἀν
584 5326 949 5394 περιτραπείη
975 5326 1088 5386 τοῖς
1111 5322 1359 5394 ἀνοήτοις
1387 5324 1524 5393 πρὸς
1552 5325 1707 5377 τούν-

112 5413 317 5471 αντίον
350 5414 792 5484 ἢὲφρυάττοντο,
843 5418 979 5486 πρὸς
1024 5417 1081 5470 δὲ
1123 5418 1222 5485 τὴν
1258 5419 1458 5489 εὐσεϐῆ
1504 5421 1597 5473 καὶ
1636 5422 1710 5473 οί-

114 5507 294 5560 κείαν
321 5506 677 5559 ἀπευθύνοιτο
696 5506 981 5576 θεοσοφίαν
1004 5508 1096 5561 καὶ
1110 5508 1191 5561 τό·
1218 5528 1235 5560 ι
1264 5510 1327 5561 Τί
1342 5511 1464 5574 ἐμοὶ
1484 5513 1577 5563 καὶ
1602 5512 1706 5573 σοὶ,

110 5598 331 5667 γύναις
362 5597 517 5651 οὔπω
543 5600 668 5668 ἣκει
700 5600 732 5669 ἡ
757 5597 873 5667 ῶρα
902 5616 1025 5669 μου.
1058 5618 1076 5652 ι
1105 5601 1170 5655 El.’
1196 5618 1277 5665 τις
1314 5603 1420 5673 γὰρ
1439 5603 1711 5672 ἐπιμελῶς

199 5776 253 5809 ⁸⁸
284 5775 478 5830 Matth.
523 5788 639 5837 xm,
666 5776 753 5830 55.

1885 5325 1963 5381 Ita
1986 5336 2163 5379 autem
2192 5326 2401 5380 insanis
2421 5326 2577 5393 longe
2604 5325 2759 5378 aliter
2774 5341 2938 5393 quam
2989 5326 3383 5394 gloriabantur.

1814 5419 1880 5473 ad
1918 5420 2060 5488 piam
2106 5428 2159 5472 et
2192 5418 2464 5487 propriam
2504 5418 2741 5471 divinam
2775 5420 3095 5487 sapientiam
3157 5434 3382 5472 conver-

1814 5518 2018 5565 teretur
2057 5518 2111 5563 et
2146 5510 2309 5563 illud:
2356 5528 2374 5561 ι
2406 5508 2543 5575 Quid
2590 5510 2723 5563 mihi
2753 5519 2806 5563 et
2841 5510 2958 5570 tibi,
2986 5509 3218 5565 mulier?
3244 5525 3383 5562 non-

1818 5602 1947 5656 dum
1980 5602 2120 5655 \enit
2164 5601 2293 5655 hora
2321 5617 2438 5661 mea
2461 5603 2527 5655 ".
2573 5621 2590 5653 ι
2638 5603 2690 5656 Si
2723 5604 2844 5672 quis
2896 5605 3041 5660 enim
3081 5613 3330 5659 accurate
3363 5640 3379 5667 ,

832 5776 1058 5831 "Joan.
1103 5778 1288 5841 tx,29.
1368 5776 1595 5831 “Joan.
1664 5795 1723 5842 tt,
1788 5780 1838 5831 4.
