4186 6444
749 398 853 465 347

1896 397 2158 460 ΡΗΟΤΙΙ
2201 397 2704 460 ΡΑΤΒῙΑΒΟΗΕ
2731 398 2840 461 CP.

3888 403 3991 466 ιιι

749 531 814 571 ex
862 511 971 568 illis
1018 524 1138 581 qua
1185 510 1331 568 dicta
1370 518 1501 567 sunt
1540 511 1658 567 haec
1725 509 2096 572 meditaretur,
2131 509 2316 563 divina

2432 504 2504 576 ίφ⁹
2528 503 2612 570 οἷς
2646 507 2858 579 ἐρρήθη
2896 505 3067 560 ταῦτα
3107 505 3471 578 διαμελετῷη,
3501 507 3602 578 τῆς
3646 508 3800 574 θείας
3832 512 3989 583 χάρι.

751 604 924 674 gratia
967 609 1297 671 cooperante
1383 611 1439 656 et
1491 599 1670 656 labori
1716 600 2042 671 opitulante.
2076 601 2320 656 inveniet

749 709 874 750 eum
897 694 1123 762 gloriam
1146 701 1202 747 et
1234 692 1500 747 honorem
1532 692 1914 748 decernentem
1940 692 2122 761 potius
2154 707 2318 761 quam

750 789 1120 855 contemptum
1150 784 1377 838 omnino
1404 783 1545 838 hanc
1566 798 1756 838 vocem
1810 783 2084 838 emisisse.
2108 784 2320 838 Etenim

751 875 808 931 in
851 875 1130 930 miraculis
1171 874 1307 929 nihil
1354 882 1471 928 erat
1522 875 1684 929 matri
1719 881 1774 928 et
1819 874 1930 928 lilio
1993 889 2318 940 commune;

749 965 1010 1036 quoniam
1027 963 1258 1020 Deitatis
1291 973 1411 1019 erat
1437 979 1533 1034 per
1557 964 1792 1034 seipsam
1828 964 2090 1018 miracula
2124 963 2320 1030 facere;

752 1059 1004 1112 humana:
1042 1066 1224 1112 autem
1251 1066 1463 1111 natura:
1479 1071 1590 1110 non
1621 1055 1735 1124 jam
1763 1071 1858 1126 per
1880 1071 1960 1118 se,
1995 1055 2086 1109 sed
2115 1071 2209 1125 per
2233 1071 2326 1109 as-

751 1163 972 1203 sumens
1030 1147 1282 1201 Verbum.
1330 1149 1576 1201 Attamen
1651 1147 1706 1200 in
1741 1147 1807 1201 iis
1868 1147 1922 1200 in
1961 1147 2159 1216 quibus
2189 1147 2324 1200 nihil

752 1239 912 1293 matri
949 1250 1002 1294 et
1038 1239 1150 1293 lilio
1177 1254 1467 1293 commune
1495 1247 1634 1303 erat,
1677 1239 1798 1292 vide
1826 1237 2100 1307 quomodo
2132 1253 2322 1292 exces-

753 1344 875 1383 sum
905 1330 1130 1385 honoris
1161 1330 1243 1383 vel
1274 1330 1329 1384 in
1359 1328 1679 1384 discrimine
1726 1329 1932 1383 statuit.
1970 1328 2140 1382 Matre
2173 1329 2322 1383 enim

752 1421 872 1488 ejus
903 1432 1127 1490 rogante
1162 1430 1222 1474 ut
1274 1421 1598 1474 miraculum
1633 1422 1856 1484 faceret,
1897 1430 2181 1488 postquam
2247 1421 2323 1474 si-

753 1510 1028 1580 gniﬁcavit
1056 1526 1165 1564 non
1195 1526 1316 1566 esse
1344 1511 1397 1564 id
1427 1525 1718 1565 commune
1756 1512 1832 1564 illi
1868 1520 1920 1564 et
1945 1511 2067 1574 sibi,
2099 1519 2154 1564 et
2185 1519 2324 1563 teni-

753 1613 857 1666 pus
889 1597 1131 1651 nondum
1167 1598 1357 1652 adesse
1390 1612 1500 1666 quo
1535 1599 1819 1666 oportebat
1876 1598 2030 1666 signa
2072 1597 2281 1665 operari
2309 1633 2326 1660 ,

752 1701 882 1756 erga
917 1695 1145 1740 matrem
1205 1687 1564 1739 reverentiam
1597 1695 1653 1739 et
1705 1686 1964 1739 honorem
2007 1686 2245 1740 ostendit
2273 1693 2328 1740 et

754 1785 1001 1847 tempore
1050 1787 1103 1831 et
1131 1785 1473 1846 permutante
1524 1777 1768 1844 potentia
1801 1776 2083 1830 fortiorem
2114 1792 2128 1830 :
2161 1784 2213 1829 et
2252 1775 2327 1828 ita

2418 614 2509 661 τος
2542 598 2906 668 συνεργούσης
2946 614 3004 650 τε
3037 597 3129 650 καὶ
3152 599 3218 668 τῇ
3252 597 3448 670 μελέτη
3483 601 3987 672 συναντιλαμσανο-

2425 689 2611 758 μένης,
2645 688 2868 760 εὑρήσει
2895 691 2962 758 τῇ
2995 689 3165 758 μητρὶ⁵
3199 688 3399 756 μᾶλλον
3439 689 3597 754 δόξαν
3624 691 4000 763 περιάπτοντα

2423 777 2516 830 καὶ
2553 779 2738 847 τιμὴν,
2765 777 2798 847 ἢ
2823 777 3125 849 παρόρασιν
3163 779 3298 842 ὅλως
3343 781 3588 848 ἀφιέντα.
3618 783 3727 836 Kal
3764 783 3876 854 γάρ
3909 783 4001 836 ἰπὶ

2420 869 2532 928 τοῖς
2556 866 2825 936 θαύμασιν
2845 867 2996 920 οὐδὲν
3016 863 3084 938 ἦν
3107 867 3286 921 κοινὸν
3321 871 3401 938 τῇ·
3413 869 3590 942 Μητρὶ
3615 871 3711 924 καὶ
3741 870 3823 941 τῷ
3845 871 3997 940 Υίῷο

2425 957 2546 1008 ἐπεὶ
2586 959 2681 1009 καὶ
2736 956 2989 1025 θεότητος
3038 957 3140 1025 μὶν
3181 953 3249 1029 ἦν
3293 958 3352 1011 τὸ
3391 959 3830 1029 θαυματουργετν
3877 961 4000 1012 καθ’

2426 1048 2657 1116 ἑαυτήν·
2689 1047 3036 1118 ἀνθρωπίνης
3067 1047 3125 1100 δὲ
3155 1049 3369 1116 φύσεως
3396 1031 3582 1102 οὐκέτι
3625 1049 3747 1101 καθ’
3776 1050 4002 1116 ἑαυτὴν,

2427 1137 2562 1190 ἀλλά
2587 1137 2676 1189 διὰ
2702 1139 2792 1190 τὸν
2823 1137 3226 1209 προσειληφότα
3260 1138 3451 1204 Λόγον.
3491 1137 3636 1208 Πλὴν
3668 1138 3764 1191 καὶ
3799 1137 3887 1206 ἐφ’
3922 1133 4003 1199 οἷς

2428 1229 2605 1282 κοινὸν
2655 1229 2809 1281 οὐδὲν
2854 1224 2921 1298 ἦν
2955 1229 3124 1300 μητρὶ
3145 1228 3241 1281 καὶ
3273 1227 3393 1296 υἱῷ,
3424 1230 3524 1295 ὅρα
3554 1227 3673 1290 πῶς
3702 1227 3802 1296 τὴν
3826 1229 3970 1299 ὑπερ
3990 1257 4002 1264 -

2435 1320 2594 1389 σολὴν
2626 1319 2725 1387 τῆς
2749 1319 2916 1388 τιμῆς
2943 1321 3037 1373 καὶ
3063 1322 3122 1372 ἑν
3147 1323 3215 1389 τῇ
3236 1321 3464 1390 διαφορᾷ
3483 1321 3725 1389 συνιστᾷ.
3745 1319 4006 1389 Θαυματ-

2427 1411 2645 1480 ουργετν
2688 1408 2799 1478 γὰρ
2830 1410 2926 1474 τῆς
2973 1411 3178 1480 μητρὸς
3223 1409 3502 1478 ἀξιούσης,
3542 1410 3896 1479 ὲπισημῄνας
3931 1409 4007 1480 μὴ

2428 1497 2569 1554 εἶναι
2599 1500 2757 1553 τοῦτο
2787 1501 2964 1553 κοινὸν
2992 1502 3160 1570 αὐτῆς
3186 1518 3244 1552 τε
3279 1503 3373 1552 καὶ
3393 1500 3612 1564 ἑαυτοῦ,
3643 1501 3735 1553 καὶ
3763 1501 3860 1553 τὸν
3881 1519 4006 1554 και-

2433 1591 2524 1660 ρὸν
2560 1592 2635 1661 μὴ
2672 1596 2927 1663 παρεῖναι
2976 1592 3231 1662 προσθεὶς
3292 1591 3414 1644 καθ’
3443 1591 3502 1643 δν
3542 1591 3650 1642 ἔδει
3677 1591 3776 1654 τὰς
3807 1591 4008 1662 θεοση-

2432 1683 2587 1751 μείας
2610 1686 2877 1755 ἐνεργεῖν,
2906 1685 3007 1755 τὴν
3037 1683 3170 1753 πρὸς
3188 1683 3288 1754 τὴν
3330 1686 3541 1753 μητέρα
3564 1683 3698 1737 αἰδῶ
3718 1685 3814 1738 καὶ
3838 1685 4010 1754 τιμὴν

2428 1772 2598 1836 ἔδειξε
2645 1772 2857 1824 καὶτοῦ
2900 1771 3092 1841 καιροῦ
3128 1771 3346 1839 καὶτῆς
3392 1771 3816 1841 διαλλαττούσης
3843 1772 4008 1826 δυνά-

755 1877 966 1922 tantum
1000 1868 1153 1922 abest
1200 1875 1260 1920 ιιι
1281 1865 1400 1933 ejus
1428 1866 1571 1920 dicta
1608 1875 1905 1919 maternam
1963 1865 2186 1934 gloriam
2228 1865 2326 1918 mi-

2436 1879 2579 1932 μεως
2622 1863 3119 1932 ἑπικρατεστέραν·
3149 1863 3289 1914 ὥστε
3333 1861 3584 1914 τοσοῦτον
3625 1864 3693 1915 τὰ
3737 1863 4010 1932 εἰρημένα

755 1969 946 2023 nuant,
999 1968 1060 2013 ut
1100 1968 1287 2012 contra
1305 1967 1359 2011 et
1386 1957 1558 2010 multo
1593 1958 1855 2026 majorem
1903 1971 2022 2009 eam
2072 1956 2326 2009 elliciant.

754 2049 890 2103 Eam
921 2049 1067 2102 enim
1093 2057 1146 2101 et
1193 2056 1438 2115 tempore
1465 2045 1780 2099 validiorem
1813 2046 2034 2102 credere
2072 2051 2127 2097 et
2160 2044 2328 2096 mira-

755 2141 1005 2195 culorum
1040 2137 1406 2208 congruentia
1427 2137 1570 2206 leges
1603 2135 1908 2206 transgredi
1936 2134 2152 2198 deinde,
2183 2134 2330 2204 quod

756 2229 1141 2301 praetendebat.
1172 2227 1370 2290 facere,
1396 2235 1602 2297 quanto
1636 2228 1900 2296 majorem
1964 2226 2228 2280 honorem
2274 2233 2330 2279 et

758 2313 1114 2368 reverentiam
1153 2319 1326 2380 parat,
1353 2326 1518 2378 quam
1563 2311 1608 2363 si
1637 2311 1750 2363 haec
1793 2325 1897 2363 non
1949 2311 2095 2363 dit-ta
2125 2318 2179 2362 et
2238 2309 2329 2363 deo

759 2406 1060 2451 monstrata
1097 2403 1305 2449 essent.
1333 2392 1467 2446 Fere
1501 2393 1645 2446 enim
1671 2407 1766 2462 per
1787 2407 1850 2446 ea
1881 2407 2003 2461 qua:
2025 2393 2239 2447 dicebat
2278 2400 2333 2445 et

758 2484 1018 2546 faciebat,
1075 2482 1313 2537 ostendit
1382 2482 1566 2536 dicens
1621 2498 1634 2534 :
1689 2481 2060 2536 Commuuitas
2124 2491 2332 2535 natura}

758 2575 1203 2630 communitatem
1269 2587 1377 2627 non
1419 2573 1628 2627 inducit
1684 2574 1942 2627 miracula
2003 2572 2250 2640 patrandi
2314 2589 2328 2625 :

763 2679 781 2712 ι
793 2661 931 2727 Quid
948 2661 1079 2714 mihi
1095 2670 1147 2713 et
1164 2660 1281 2724 tibi,
1298 2659 1491 2712 mulier
1505 2658 1568 2711 Ti
1595 2657 1780 2728 Neque
1795 2659 1885 2712 Dei
1902 2660 2181 2727 signorum
2201 2673 2333 2710 con-

757 2767 958 2825 gruens
983 2763 1196 2820 tempus
1220 2761 1322 2805 est.
1355 2751 1602 2804 Attamen
1631 2760 1689 2804 ut
1717 2750 1879 2814 scias,
1903 2760 1960 2802 tu
1994 2759 2049 2803 et
2067 2755 2336 2817 quotquot

760 2845 827 2898 ad
868 2843 1158 2897 videndum
1175 2852 1228 2896 et
1255 2842 1582 2895 audiendum
1631 2841 1927 2911 indigentia
1969 2839 2213 2902 adduxit,
2247 2853 2334 2892 me

761 2934 859 2989 tibi
890 2945 1132 2986 materna
1159 2933 1284 3002 jura
1329 2932 1648 2985 intemerata
1682 2947 1920 2996 servare,
1971 2941 2025 2984 et
2057 2944 2178 2984 esse
2207 2943 2332 2983 eum

761 3025 856 3095 qui
891 3024 1062 3089 legem
1093 3023 1254 3077 statui
1312 3033 1371 3076 ut
1397 3023 1555 3076 matri
1578 3023 1977 3076 venerationem
2030 3019 2127 3072 lilii
2192 3032 2336 3088 prc-

762 3119 928 3176 stent,
974 3112 1087 3165 imo
1133 3125 1261 3164 vero
1288 3125 1374 3164 me
1404 3111 1472 3163 iis
1500 3124 1619 3175 qua;
1654 3110 1706 3162 in
1736 3120 1927 3163 natura
1961 3108 2130 3162 series
2153 3106 2336 3160 consi-

2428 1953 2528 2022 τῆς
2575 1953 2851 2023 μητρικῆς
2893 1952 3050 2022 δόξης
3085 1952 3291 2003 ἔνδειαν
3332 1953 3528 2014 ποιεῖν,
3567 1951 3642 2013 ὡς
3680 1953 3774 2004 καὶ
3807 1951 4010 2004 πολλα-

2431 2043 2692 2096 πλασίονα
2725 2043 2932 2113 ταύτην
2962 2043 3268 2096 ἀποτελεῖν,
3304 2041 3511 2110 Τδγάρ
3543 2044 3638 2095 καὶ
3670 2043 3867 2112 καιροῦ
3913 2060 4010 2096 κυ-

2433 2133 2698 2202 ριωτέραν
2725 2133 3000 2202 ἡγεῖσθαι,
3030 2133 3126 2186 καὶ
3154 2135 3259 2202 τῆς
3297 2133 3356 2185 ὲν
3389 2132 3663 2202 θαύμασιν
3679 2133 4009 2194 ἀκολουθίας

2431 2223 2864 2295 ὑπερδαίνουσαν
2895 2225 3020 2287 τοὺς
3047 2225 3265 2293 νόμους,
3303 2221 3421 2277 εἶτα
3464 2224 3722 2293 πράττειν
3770 2223 3834 2275 τὸ
3878 2223 4011 2292 παρ’

2431 2315 2600 2384 αὐτῆς
2656 2315 3089 2385 προτεινόμενον,
3120 2315 3272 2380 πόσῳ
3305 2314 3738 2368 πολλαπλασίονα
3793 2314 3899 2384 τὴν
3924 2331 4008 2366 τι-

2435 2405 2541 2476 μὴν
2573 2407 2665 2457 καὶ
2689 2407 2788 2475 τὴν
2825 2404 2960 2457 αἰδῶ
2990 2405 3390 2468 κατασκευάζει
3413 2423 3427 2472 ;
3454 2405 3488 2475 ἦ
3518 2408 3568 2458 εἰ
3609 2404 3684 2474 μὴ
3704 2404 3883 2458 ταῦτα
3932 2405 4010 2457 sl-

2434 2496 2564 2564 ρητό
2589 2512 2650 2548 τε
2679 2495 2772 2547 καὶ
2800 2495 3172 2548 ἰπεδείκνυτο·
3202 2497 3484 2565 μονονουχὶ
3505 2496 3612 2566 γάρ
3630 2497 3696 2548 δι’
3715 2491 3792 2548 ὢν
3808 2495 4011 2562 ἐφθέγ-

2432 2585 2558 2653 γετό
2585 2602 2643 2638 τε
2674 2585 2765 2638 καὶ
2794 2585 3081 2657 ἔπραττεν,
3110 2588 3474 2641 ἐπιδείκνυται
3502 2589 3692 2656 λέγων’
3721 2590 3787 2641 Ἦ
3813 2606 4014 2643 κοινωο

2433 2677 2522 2730 νία
2552 2677 2648 2747 μὲν
2681 2677 2779 2746 τῆς
2812 2678 3047 2745 φύσεως,
3077 2679 3363 2732 κοινωνίαν
3403 2681 3466 2732 ού
3498 2681 3717 2748 συνάγει
3744 2679 3846 2732 τοῦ
3879 2680 4015 2732 θαυ-

2437 2769 2782 2836 ματουργείν.
2813 2767 2879 2819 Τί
2917 2769 3040 2837 ἐμοὶ
3069 2769 3164 2821 καὶ
3207 2770 3314 2832 σοὶ,
3364 2771 3558 2837 γύναι;
3588 2771 3720 2823 οὐδὲ
3754 2772 3784 2822 ό
3817 2770 4016 2839 καιρὸς

2434 2856 2699 2926 πάρεστιν
2742 2858 2771 2908 ό
2827 2857 3130 2927 ἐπιτήδειος
3179 2858 3286 2910 τῶν
3335 2859 3657 2930 θεουργιῶν.
3726 2861 3880 2930 Πλὴν
3930 2862 4016 2914 ita

2435 2947 2600 3012 γνῷς,
2630 2946 2694 2998 σύ
2715 2963 2776 2998 τε
2814 2947 2910 3000 καὶ
2932 2949 3088 3010 ὅσους
3109 2951 3241 3019 όρᾷν
3266 2950 3358 3002 καὶ
3385 2952 3603 3004 ἀκούειν
3632 2953 3665 3021 ἠ
3688 2952 3853 3021 χρεία
3890 2968 4016 3005 συν⁴

2436 3037 2661 3104 ήγαγεν,
2689 3039 2770 3089 ὅτι
2801 3038 2894 3090 καὶ
2917 3037 2986 3091 τά
3020 3041 3267 3108 μητρικά
3289 3057 3372 3092 σοι
3392 3041 3578 3095 δίκαια
3605 3043 4015 3112 ἀκαινοτόμητα

2435 3124 2707 3188 διασώζω,
2737 3126 2833 3178 καὶ
2853 3127 3014 3190 αὐτὸς
3041 3131 3070 3180 ὁ
3096 3129 3261 3196 νόμον
3293 3130 3517 3200 θέμενός
3543 3134 3656 3200 εἰμι
3685 3135 3862 3203 μητρὶ
3888 3135 4015 3195 τοὺς

761 3203 1022 3257 derantur
1055 3210 1110 3256 et
1143 3199 1401 3269 temporis
1423 3201 1811 3270 opportunitati
1843 3212 1989 3252 tuam
2025 3197 2327 3251 veneratio-

2433 3215 2622 3278 παῖδας
2668 3217 2767 3284 τὴν
2811 3217 3217 3289 σεϐασμιότητα
3255 3197 3462 3290 νέμειν,
3494 3197 3700 3292 μᾶλλον*
3804 3197 3899 3276 δτι
3925 3225 4016 3276 καὶ

764 3303 887 3344 nem
921 3298 976 3342 et
1015 3287 1378 3342 obedientiam
1425 3295 1482 3340 et
1533 3287 1759 3357 gloriam
1811 3297 2156 3353 anteponere,
2207 3297 2333 3338 ecce

763 3385 917 3431 muto
965 3391 1165 3446 aquam
1228 3376 1282 3428 in
1342 3375 1553 3440 vinum,
1612 3378 1721 3430 tuis
1763 3376 2016 3444 precibus
2072 3373 2164 3426 illa
2213 3388 2334 3442 qua

763 3466 875 3521 dixi
892 3468 1132 3520 secunda
1163 3464 1502 3519 facientibus.
1539 3464 1653 3519 Non
1680 3465 1822 3519 enim
1852 3464 2041 3518 eodem
2066 3463 2227 3517 modo
2259 3463 2330 3516 ibi

762 3557 970 3611 dictum
998 3567 1082 3610 est
1111 3556 1241 3610 illud
1266 3574 1280 3608 :
1314 3555 1479 3622 «Quid
1508 3557 1602 3610 tibi
1629 3565 1684 3611 et
1712 3557 1896 3620 mihi,»
1942 3571 2053 3625 quo
2080 3555 2148 3609 ad
2181 3555 2332 3609 illum

763 3648 967 3702 dictum
1012 3658 1097 3701 est
1121 3648 1214 3716 qui
1252 3647 1528 3716 querebat
1555 3659 1610 3701 ut
1639 3648 1744 3717 ipsi
1775 3656 2014 3717 paterna:
2048 3647 2332 3700 haeredita-

765 3736 836 3790 tis
865 3735 1066 3789 arbiter
1088 3734 1244 3789 foret.
1274 3735 1350 3788 lbi
1373 3737 1516 3790 enim
1546 3735 1684 3789 dixit
1711 3754 1723 3789 :
1758 3736 1925 3801 «Quid
1967 3734 2101 3788 mibi
2123 3743 2177 3788 et
2197 3734 2335 3788 tibi?

763 3837 818 3881 et
833 3827 957 3895 quis
974 3841 1062 3880 me
1077 3826 1354 3880 constituit
1369 3825 1666 3896 principem
1685 3837 1740 3879 et
1745 3826 1982 3895 judicem
1995 3839 2160 3895 super
2173 3825 2326 3878 vos?»

765 3916 916 3971 Hanc
944 3919 1106 3972 verbo
1137 3918 1544 3972 excusationem
1592 3926 1714 3971 actu
1749 3917 2046 3980 roboravit,
2079 3931 2179 3970 nec
2205 3930 2334 3970 cou-

765 4009 1073 4064 testationis
1101 4007 1322 4063 humilis
1350 4017 1404 4062 et
1426 4007 1622 4063 terreni
1684 4006 1820 4061 lucri
1857 4006 2023 4078 judex
2074 4005 2190 4060 ﬁeri
2235 4021 2332 4060 vo-

765 4099 869 4154 lult
895 4115 911 4164 ;
940 4099 1034 4153 sed
1048 4113 1171 4170 quae
1201 4113 1298 4169 per
1319 4099 1481 4153 verba
1505 4097 1812 4169 abnegavit,
1838 4112 1935 4169 per
1956 4111 2124 4169 opera
2139 4097 2334 4152 deinde

767 4189 1031 4246 ﬁrmavit.

836 4550 912 4606 lbi
935 4552 1085 4607 vocis
1109 4549 1283 4606 forma
1319 4568 1475 4616 usus,
1511 4561 1811 4610 maternam
1839 4557 1984 4612 circa
2009 4558 2330 4614 miraculum
2366 4531 2411 4586 θ

766 4642 1091 4696 sententiam
1123 4656 1229 4695 non
1259 4643 1588 4711 repudiavit,
1639 4661 1816 4714 neque
1860 4648 2189 4716 precationis
2227 4649 2332 4702 im-

767 4734 1140 4802 probationem
1172 4733 1438 4802 adjunxit.
1502 4735 1607 4790 Sed
1634 4747 1924 4807 postquam
1957 4744 2010 4791 in
2027 4739 2334 4793 communi-

768 4834 876 4878 tate
904 4833 1112 4879 natura!
1139 4825 1446 4879 divinorum
1464 4842 1690 4894 operum
1717 4830 2092 4884 excellentiam
2110 4831 2334 4886 docuis-

764 4924 868 4979 set,
898 4931 1038 4984 opus
1067 4930 1405 4970 concurrens
1434 4918 2071 4985 postulationiconcessit
2101 4940 2116 4988 ;
2163 4924 2330 4989 clare,

765 5015 826 5061 ut
839 5008 1047 5061 dictum
1074 5016 1179 5070 est,
1203 5008 1408 5077 pluries
1423 5018 1668 5065 statuens
1685 5020 1741 5065 et
1758 5015 2160 5083 opportunitate
2192 5025 2331 5070 tem-

766 5099 914 5169 poris
955 5109 1012 5152 et
1040 5099 1424 5155 miraculorum
1459 5103 1784 5171 proprietate
1826 5119 2124 5162 maternam
2162 5109 2331 5165 dilec-

768 5191 968 5244 tionem
1007 5199 1062 5246 et
1088 5190 1254 5246 decus
1287 5191 1408 5263 plus
1434 5193 1574 5263 apud
1599 5194 1777 5265 ipsum
1817 5197 2015 5254 valere.

2433 3303 2540 3356 τῶν
2564 3306 2621 3356 ὲν
2651 3308 2716 3375 τῇ
2748 3308 2907 3373 φύσει
2939 3307 3326 3378 θεωρουμένων
3352 3311 3560 3380 εἰρμῶν
3581 3311 3674 3364 καὶ
3694 3311 3795 3380 τῆς
3820 3313 4016 3378 ἐπιτη-

2432 3394 2700 3464 δειότητος
2725 3395 2822 3448 τοῦ
2865 3397 3058 3467 καιροῦ
3092 3400 3192 3470 τὴν
3230 3399 3328 3469 σὴν
3357 3400 3489 3453 αίδῶ
3516 3403 3608 3454 καὶ
3633 3401 3890 3472 ὑπακοὴν
3923 3406 4015 3457 καὶ

2431 3484 2588 3548 δόξαν
2617 3486 2926 3559 ἔμπροσθεν
2952 3490 3232 3560 ποιοῦμαι,
3264 3492 3372 3544 ἰδοὺ
3419 3493 3740 3560 μεταϐάλλω
3766 3495 3830 3548 τὸ
3869 3495 4014 3566 ὕδωρ

2439 3578 2520 3640 εἰς
2543 3572 2706 3642 οἶνον,
2736 3580 2833 3648 τῆς
2861 3581 2959 3650 σῆς
2992 3579 3268 3645 ἀξιώσεως
3301 3585 3482 3636 ἐκεῖνα
3507 3585 3733 3656 δεύτερα
3779 3602 4013 3657 ποιησαι

2437 3666 2630 3737 μένης.
2669 3669 2805 3723 Οὐδὲ
2830 3671 2938 3739 γάρ
2963 3673 3102 3724 κατά
3124 3673 3215 3724 τὸν
3237 3674 3348 3726 ίσον
3365 3675 3563 3744 τρόπον
3586 3674 3822 3728 ἐνταῦθα
3851 3677 4008 3747 εἴρη-

2433 3774 2521 3810 ται
2555 3757 2615 3810 τὸ
2648 3776 2667 3809 ι
2701 3759 2765 3812 Τί
2793 3762 2937 3831 ἐμοὶ,
2962 3763 3054 3816 καὶ
3087 3764 3190 3827 σοί,
3219 3783 3236 3815 ι
3274 3766 3394 3818 καθ’
3421 3766 3479 3818 δν
3507 3767 3722 3836 εἴρηται
3751 3767 3894 3836 πρὸς
3920 3767 4010 3819 τὸν

2433 3849 2790 3918 ἐπιζητοῦντα
2856 3851 3137 3923 διαιτητὴν
3189 3855 3337 3924 αὐτῷ
3380 3856 3473 3909 τοῦ
3504 3858 3770 3926 πατρικοῦ
3798 3857 4006 3929 κλήρου

2434 3941 2788 4010 χρηματίσαι.
2830 3944 2976 3996 Ἐκεῖ
2992 3944 3100 4016 γάρ
3123 3940 3300 4010 εἶπεν,
3336 3963 3355 3998 ι
3380 3947 3447 4001 Τί
3479 3948 3601 4018 ἐμοὶ
3631 3949 3724 4002 καὶ
3769 3950 3857 4002 σοι
3875 3968 3892 4016 ς
3922 3951 4014 4004 καὶ

2433 4030 2516 4094 τίς
2543 4048 2610 4100 με
2635 4033 2968 4104 κατέστησεν
3000 4037 3237 4106 ἄρχοντα
3261 4039 3356 4091 καὶ
3383 4039 3645 4109 δικαστὴν
3671 4038 3759 4110 ἐφ’
3790 4042 4011 4111 suam

2433 4121 2513 4192 Τῇ
2547 4121 2743 4192 πράξει
2789 4124 2889 4194 τὴν
2920 4126 2980 4178 εν
3009 4125 3087 4196 τῷ
3125 4126 3268 4198 λόγῳ
3311 4129 3642 4200 παραίτησιν
3687 4129 4014 4198 “callosa,

2434 4212 2529 4264 καὶ
2557 4211 2815 4284 δικαστὴς
2863 4215 3324 4288 ἀμφισϐητήσεως
3350 4220 3687 4290 χαμαιζήλου
3708 4221 3805 4276 καὶ
3845 4239 4018 4295 προσ-

2436 4299 2562 4354 ύλου
2596 4303 2822 4375 κέρδους
2848 4304 2947 4375 οὐχ
2990 4307 3170 4361 είλετο
3200 4307 3476 4376 γενέσθαι,
3505 4307 3648 4365 ἀλλά
3676 4311 3777 4382 τὴν
3808 4313 3875 4366 ιν
3904 4317 4016 4380 τοις

2432 4391 2678 4548 gnatm
2717 4393 3110 4466 ἀπαγόρευσιν,
3143 4399 3177 4468 η
3202 4397 3292 4452 διά
3319 4399 3426 4453 τῶν
3450 4399 3630 4472 ιργων
3663 4407 4014 4478 παραγραφὴ

2467 4499 2510 4534 ιε
2604 4499 2720 4537 ατο.

2467 4499 2720 4537 ιεοεεατο.

2520 4572 2786 4626 Ἐνταῦθα
2833 4575 2891 4628 δι
2953 4576 3032 4647 τῷ
3097 4579 3338 4649 σχήματι
3386 4582 3732 4652 χρησάμενος
3767 4583 3874 4654 τῆς
3906 4603 4018 4654 φω-

2439 4667 2555 4735 νῆς,
2599 4666 2700 4734 τὴν
2739 4669 3014 4738 μητρικὴν
3061 4671 3163 4722 ούκ
3197 4671 3561 4742 ἀπεπέμψατο
3587 4675 3716 4744 περὶ
3757 4675 3843 4745 τῷ
3893 4677 4020 4732 θαύ-

2442 4771 2572 4824 ματι
2628 4755 2886 4826 γνώμην·
2939 4759 3060 4813 οὐδὲ
3099 4761 3201 4830 τῆς
3232 4762 3502 4832 αἰτήσεως
3543 4764 3884 4834 εἰσηγήσατο
3919 4767 4020 4836 τὴν

2438 4847 2716 4917 ἀθέτησιν,
2743 4849 2858 4903 ἀλλ’
2888 4852 2947 4919 ὲν
2974 4853 3040 4922 τῇ
3090 4852 3347 4924 κοινωνίᾳ
3376 4855 3474 4924 τῆς
3519 4855 3734 4924 φύσεως
3758 4856 3866 4925 τὴν
3903 4857 4018 4914 δια-

2440 4939 2614 5010 φοράν
2643 4939 2990 5011 διδαξάμενος
3018 4943 3128 4996 τῶν
3154 4943 3599 5015 θεουργημάτων.
3623 4948 3685 5000 τὸ
3709 4948 3876 5019 ιργον
3894 4949 4019 5003 σύν-

2436 5029 2635 5101 δρομον
2667 5031 2834 5096 ιδειξε
2863 5036 2929 5102 τῇ
2957 5033 3200 5100 ἀξιώσει·
3219 5035 3520 5104 σαφῶς,ὡς
3541 5035 3776 5108 εἴρηται,
3807 5038 4017 5092 mnd-

2439 5136 2524 5182 κις
2551 5123 2831 5192 παριστῶν
2860 5126 2955 5179 καὶ
2983 5124 3084 5195 τῆς
3104 5127 3542 5200 ἐπιτηδειότητος
3561 5127 3657 5183 τοῦ
3683 5129 3884 5201 καιροῦ
3916 5131 4017 5187 καὶ

2436 5210 2534 5278 τῆς
2565 5212 2624 5263 εν
2651 5210 2923 5283 θαύμασιν
2952 5215 3212 5288 ἰδιότητος
3233 5218 3335 5289 τὴν
3355 5221 3629 5294 μητρικὴν
3658 5223 3900 5294 στοργήν
3917 5224 4017 5278 καὶ

2437 5297 2498 5351 τὸ
2527 5298 2682 5363 κλέος
2712 5301 2898 5372 μεῖζον
2925 5304 3132 5376 ἰσχύειν
3160 5307 3291 5380 παρ’
3323 5308 3490 5382 αὐτῷ.
