4186 6444
157 427 257 491 349

578 573 587 580 ·
670 548 1005 604 ΕΡΩΊἩΣῙΣ
1040 549 1188 616 MC’.

154 632 282 709 Πῷς
296 636 371 690 οὐ
382 637 637 709 μάχεται
656 640 724 693 τὸ
745 657 765 691 ι
817 638 1073 709 Ἕρῤήθη
1107 638 1235 709 τοῖς

218 708 451 779 (:90.th?
467 707 602 779 ἀντι
621 707 932 779 ὀφθαλμοῦ
948 709 1049 763 καί
1064 707 1280 779 ὀδόντα
1292 707 1427 764 ἀντί
1443 707 1711 778 ὀδόντος

214 772 437 849 δέ
461 778 617 845 ,λέγω
646 772 791 847 ὗμῖν
814 772 907 849 ᾏιὴ
934 776 1397 849 ἀντιστῆναιλτῷ
1430 772 1711 849 ποηρῷ”

214 843 354 924 ἀλλ’
394 843 563 924 ὅστις
602 843 954 924 defensioet
983 848 1082 903 ἐπὶ
1128 845 1245 915 τὴν
1279 843 1508 916 δεξιὰν,
1538 843 1715 919 07ml-

212 914 335 979 ψον
374 914 536 979 αὐτῷ
560 916 659 969 καί
684 914 799 985 τὴν
827 917 1047 986 ἀλλην.
1088 939 1108 973 ι

1103 435 1205 496 AD
1233 434 1828 497 AMPBILOCHIUM
1866 434 2212 507 QUESTIO
2270 433 2474 502 XLVI.

2188 454 2212 499 J
2270 454 2474 502 Ju.v1.
3282 454 3390 518 350

2188 552 2518 620 onmno
2563 555 2727 612 xm
2766 557 2867 630 [αι.
2899 559 3082 635 xw].

1267 640 1563 713 ἀρχαίοις·
1581 642 1710 711 ὀςο-

1891 643 2168 708 Qnoutodo
2193 661 2293 697 non
2322 646 2561 713 implicat
2618 648 2751 701 illud
2767 624 2804 703 ἐ
2843 624 3085 705 «Dicunt
3137 663 3215 708 est
3250 658 3388 710 anti-

1818 716 1935 793 quis
1965 715 2234 793 {Oculum
2258 731 2352 782 pro
2378 718 2530 768 oculo
2550 726 2600 793 et
2633 718 2836 772 dentem
2861 737 2954 787 pro
2967 722 3137 787 dente,
3168 740 3261 793 ego
3287 742 3390 778 an-

1824 792 1926 837 tem
1955 784 2087 863 dico
2118 784 2264 863 vobis
2310 801 2414 837 non
2459 788 2701 863 resistere
2752 784 2914 863 meto,
2972 793 3063 863 sed
3100 784 3390 863 quicunque

1823 863 1872 907 te
1895 852 1967 905 ad
2003 854 2276 907 dexteram
2303 856 2578 921 percutiet,
2617 866 2753 911 certe
2769 858 2850 913 illi
2874 868 2924 914 et
2952 852 3244 916 sinistram.
3296 852 3315 913 ί

1131 1031 1275 1083 Edita
1297 1049 1325 1084 ι
1352 1033 1500 1095 lato,
1530 1036 1566 1086 ι.
1593 1048 1657 1097 ο.,
1680 1048 1731 1097 p.
1761 1033 1924 1084 55-36.
1949 1034 2013 1083 In
2047 1030 2217 1083 lauit.
2252 1045 2299 1094 γ,
2331 1033 2409 1083 39.

214 1126 442 1197 Πρῶτον
468 1129 569 1199 μὲν
593 1133 728 1185 διότι
757 1133 787 1186 δ
820 1136 1009 1191 είπών·
1046 1156 1066 1191 ι
1092 1138 1207 1192 Οὐκ
1234 1134 1397 1209 ἦλθον
1424 1140 1723 1196 καταλῦσαι

144 1216 232 1269 τὸν
255 1216 446 1287 νόμον,
462 1219 601 1274 ἀλ.λά
618 1222 925 1294 πληρῶσαι,
948 1245 967 1278 ι
997 1227 1159 1293 αὑτός
1186 1230 1334 1284 ἔστιν
1350 1233 1378 1283 ὁ
1396 1230 1573 1301 ψῆφον
1593 1234 1725 1287 ικα-

142 1310 308 1379 τέραν
340 1311 643 1381 ἑξενεγκών
664 1331 679 1347 ο
714 1317 889 1383 οὐδεὶς
916 1319 972 1373 δὲ
1002 1321 1113 1391 ἄρα
1140 1322 1261 1377 οὐδὲ
1292 1323 1399 1378 τῶν
1427 1328 1722 1397 τυχόντων,

144 1401 275 1471 μήτι
302 1419 369 1470 γε
394 1406 718 1477 νομοθέτης,
760 1407 877 1478 ἅμα
913 1412 1177 1467 τάναντία
1207 1413 1355 1483 λέγει
1386 1416 1588 1486 ἑαυτῷ,
1612 1416 1723 1470 οὐδ’

139 1494 167 1544 ὁ
189 1493 369 1561 λέγων
392 1497 687 1553 καταλύειν
701 1501 793 1554 τὸν
806 1503 990 1573 νόμον,
1010 1505 1111 1558 οὐκ
1138 1504 1206 1559 ἀν
1234 1506 1332 1570 τάς
1350 1508 1723 1572 καταλυούσας

140 1591 305 1643 αὐτὸν
332 1593 663 1663 προεκόμιζε
682 1598 886 1665 φωνάς,
907 1600 1001 1655 καὶ
1023 1600 1260 1671 μάλιστα
1275 1604 1376 1657 οὐκ
1393 1606 1451 1658 ὲν
1468 1604 1613 1674 ἄλλῳ
1629 1606 1725 1658 καὶ

140 1684 196 1734 ἐν
226 1684 375 1753 ἄλλῳ
399 1686 595 1756 χρόνῳ,
620 1686 729 1742 οὐδ’
754 1692 811 1743 ἰν
846 1691 1010 1763 ἑτέρᾳ
1042 1695 1241 1763 φράσει
1262 1696 1357 1748 καὶ
1384 1697 1569 1767 ἑτέρᾳ,
1605 1698 1721 1750 ἀλλ⁹

139 1772 231 1823 ἐπὶ
260 1772 374 1826 τῶν
397 1775 576 1829 αὐτῶν
612 1779 872 1847 ῥημάτων
906 1783 1003 1833 καὶ
1028 1783 1155 1852 ἑξῆς
1174 1796 1187 1810 ⁶
1223 1785 1420 1839 οὐκοῦν
1446 1786 1549 1840 οὐκ
1570 1787 1720 1839 ἀντί-

1892 1137 2075 1192 Primo
2107 1138 2349 1208 quidem,
2375 1139 2506 1209 quia
2538 1139 2632 1210 qui
2660 1140 2795 1195 dixit
2824 1138 3010 1196 :cNon
3038 1143 3159 1196 veni
3180 1143 3392 1199 solvere

1821 1230 2017 1299 legem,
2060 1228 2153 1284 sed
2208 1230 2509 1301 adimplere
2541 1232 2607 1295 “,
2649 1250 2666 1283 ι
2706 1232 2821 1301 ipse
2867 1239 2950 1286 est
2978 1231 3071 1300 qui
3102 1241 3393 1304 utrumque

1819 1321 2096 1375 decretum
2141 1322 2266 1375 tnlit
2292 1339 2307 1385 ;
2338 1337 2500 1376 nemo
2534 1322 2719 1392 igitur,
2751 1324 3066 1392 quicunque
3103 1326 3265 1378 etiam
3296 1327 3389 1390 sit,

1819 1414 1924 1469 sibi
1964 1414 2065 1484 ipsi
2090 1414 2437 1479 contradicit,
2476 1424 2529 1470 et
2580 1416 2675 1485 qui
2727 1429 2788 1470 se
2835 1430 2945 1469 non
2979 1415 3191 1470 solvere
3219 1418 3391 1485 legem

1818 1505 1970 1569 dicit,
2002 1521 2112 1560 non
2145 1521 2266 1575 quae
2302 1506 2480 1575 ipsum
2522 1506 2818 1569 solverent,
2869 1520 3031 1561 voces
3091 1508 3387 1573 emisisset,

1818 1606 1873 1651 et
1898 1598 2194 1666 praesertim
2238 1613 2347 1652 non
2382 1598 2491 1652 alio
2519 1607 2575 1651 et
2600 1598 2708 1651 alio
2744 1605 3005 1665 tempore,
3043 1614 3152 1653 non
3189 1600 3243 1653 in
3286 1601 3392 1654 alia

1816 1696 1872 1741 et
1901 1688 2007 1741 alia
2032 1688 2235 1757 pbrasi,
2255 1672 2349 1742 sed
2383 1688 2579 1743 iisdem
2610 1690 2788 1743 verbis
2814 1698 2867 1744 et
2895 1705 2960 1744 ex
2979 1691 3189 1744 ordine.
3221 1690 3391 1760 Igitur

1819 1777 1935 1832 haec
1961 1794 2071 1832 non
2100 1777 2204 1832 sibi
2227 1779 2630 1843 contradicunt,
2652 1778 2879 1831 multum
2915 1793 3046 1833 sane
3084 1780 3257 1833 abest.
3287 1776 3393 1833 Sed

139 1879 321 1917 κειται
338 1866 534 1931 ταῦτα,
552 1868 688 1922 ἀλλὰ
710 1872 906 1927 πολλοῦ
927 1875 1026 1928 δεῖ.
1046 1876 1185 1930 Ἀλλ’
1201 1879 1232 1947 ἡ
1247 1878 1347 1948 μὲν
1366 1879 1475 1932 τῶν
1490 1879 1710 1933 ἐντολῶν

1823 1883 1993 1922 unum
2030 1868 2247 1937 quidem
2311 1868 2669 1938 legislationis
2709 1872 2977 1925 rationem
3005 1870 3211 1925 habens
3242 1869 3394 1939 judi-

137 1957 296 2026 λόγον
313 1961 512 2030 ἔχουσα
528 1966 847 2035 νομοθεσίας
862 1971 1181 2041 ῥυθμίζειτε
1194 1974 1284 2026 καὶ
1300 1976 1710 2044 καταρτίζειτδν

1822 1976 1940 2015 cem
1987 1961 2054 2015 ad
2086 1960 2360 2015 ferendam
2390 1960 2760 2031 incorruptam
2815 1962 3137 2015 sententiam
3176 1969 3230 2015 et
3258 1962 3395 2017 ineo

138 2052 338 2123 κριτὴν
364 2054 658 2110 ἀδέκαστον
686 2060 785 2128 μὲν
805 2060 950 2130 ἔχειν
969 2064 1067 2133 τὴν
1090 2064 1335 2135 γνώμην,
1367 2066 1719 2139 ἀδυσώπητον

135 2143 191 2195 δὲ
224 2145 331 2213 τὴν
360 2144 563 2214 ψῆφον,
594 2150 879 2220 ίσόρροπον
900 2154 957 2205 δὲ
994 2157 1258 2226 παρέχειν
1288 2160 1400 2221 τοῖς
1424 2159 1717 2229 δικαζομέ-

133 2251 246 2297 νοις
270 2234 366 2287 τὸν
391 2237 491 2305 τῆς
518 2238 673 2308 δίκης
704 2243 1001 2313 ὀφθαλμόν.
1048 2246 1179 2298 Ἡδὲ
1207 2247 1441 2316 λέγουσα
1474 2249 1549 2319 μὴ
1569 2251 1719 2304 ἀντι-

136 2327 333 2393 στῆναι
371 2326 448 2397 τῷ
493 2332 737 2401 πονηρῷ,
768 2337 826 2387 ὲν
858 2336 958 2407 ίσῳ
1003 2339 1122 2391 ἐστὶ
1154 2340 1248 2392 τοῦ
1300 2340 1375 2411 μὴ
1406 2340 1714 2406 ἑπεξελθεῖν

135 2414 263 2483 μηδ’
331 2418 642 2486 ἀμύνασθαι
688 2426 831 2477 κατά
870 2428 936 2478 τὰ
984 2428 1375 2498 πονηρεύματα
1420 2430 1587 2483 αὐτοῦ
1626 2433 1717 2486 τὸν

134 2505 382 2575 άρξαντα
413 2511 613 2581 χειρῶν
635 2515 835 2569 ἀδίκων
856 2533 869 2547 ’
903 2519 997 2571 καὶ
1034 2522 1136 2574 οὐκ
1175 2521 1255 2574 ἔτι
1283 2523 1422 2595 αὑτὴ
1464 2527 1602 2597 πρὸς
1624 2526 1715 2580 τὸν

133 2602 339 2668 κριτὴν
388 2601 598 2674 ἀφορᾷ,
646 2606 783 2659 ἀλλά
828 2609 888 2662 τὸ
936 2612 1265 2684 ἠδικημένον
1306 2617 1598 2685 πρόσωπον
1634 2619 1715 2682 είς

131 2691 443 2747 ἐπιείκειαν
483 2700 575 2749 καὶ
608 2699 898 2754 εὐλάϐειαν
935 2707 1267 2777 παρακαλεῖ.
1301 2708 1471 2763 Τοῦτό
1512 2727 1575 2778 γε
1622 2712 1716 2766 καὶ

130 2782 229 2878 τὸν
259 2785 557 2878 ἠδικηκότα
590 2791 835 2860 αἰσχύνει
854 2800 959 2878 ⁸κα).
996 2798 1224 2866 μετάγει
1250 2800 1348 2869 τῆς
1378 2800 1714 2872 θρασύτητος

130 2874 235 2927 καὶ
264 2876 526 2941 ἀπονοίας
554 2881 645 2933 ἐπὶ
668 2883 725 2935 τὸ
755 2874 1233 2958 μετάμελούμενον
1263 2890 1357 2943 καὶ
1380 2892 1641 2961 κατηφὲς,
1665 2894 1715 2946 εί

133 2967 330 3035 μήπου
367 2968 557 3039 θηρίον
669 2976 878 3047 μορφὴν
906 2978 1193 3049 ἀνθρώπου
1230 2982 1711 3053 περιϐαλλόμενον,

129 3060 235 3110 καὶ
270 3060 366 3112 τὸν
408 3062 733 3132 ἠδικημένον
767 3068 843 3138 τῷ
873 3070 973 3139 τῆς
1013 3072 1319 3142 πραότητος
1363 3075 1455 3127 καὶ
1499 3076 1713 3143 φιλοσο-

130 3149 269 3217 φίας
320 3155 572 3225 στεφάνῳ
605 3162 815 3227 κοσμεῖ.
856 3162 965 3214 Καὶ
1016 3163 1125 3234 γὰρ
1170 3164 1417 3227 ἐξουσίαν
1454 3166 1603 3237 αύτῷ
1636 3168 1715 3220 δί-

1818 2050 2060 2107 vocabile
2082 2052 2361 2106 decretum
2434 2051 2654 2106 ordinat
2707 2061 2762 2106 et
2810 2059 2961 2121 aptat
2992 2059 3048 2106 et
3079 2051 3145 2106 ad
3176 2066 3392 2122 aequum

1814 2142 2042 2212 justitite
2069 2142 2287 2197 oculum
2347 2142 2400 2198 in
2449 2142 2718 2213 judicium
2774 2144 2980 2198 vocatis
3024 2144 3389 2213 pra-bendnm.

1818 2235 1975 2302 Quod
2014 2244 2194 2289 autem
2223 2234 2375 2304 jubet
2417 2235 2669 2305 improbo
2695 2249 2803 2288 non
2848 2234 3121 2301 resistere,
3170 2235 3393 2305 perinde

1816 2333 1901 2378 est
1938 2339 2002 2379 ac
2032 2324 2077 2378 si
2113 2323 2330 2393 juberet
2354 2338 2461 2378 non
2482 2324 2764 2393 insurgere
2797 2339 2974 2394 neque
3011 2340 3070 2379 se
3107 2324 3394 2380 defendere

1816 2415 2075 2470 adversus
2124 2430 2249 2469 eum
2304 2417 2397 2484 qui
2451 2431 2551 2469 sua
2607 2416 2816 2470 scelera
2873 2416 3125 2471 manibus
3178 2416 3394 2487 injustis

1818 2507 2097 2576 cmpit;et
2127 2506 2256 2561 illud
2288 2522 2397 2561 non
2425 2507 2537 2577 jam
2587 2508 2655 2561 ad
2689 2508 2929 2577 iudicem
2972 2510 3224 2578 respicit,
3296 2510 3393 2565 sed

1818 2600 2048 2654 multum
2078 2599 2280 2669 injuria
2318 2599 2572 2653 all‘ectnm
2625 2599 2691 2653 ad
2718 2602 3185 2655 mansuetudinem
3225 2611 3281 2657 et
3301 2602 3394 2658 be-

1816 2691 2185 2746 nevolentiam
2238 2691 2455 2746 invitat.
2482 2690 2557 2745 Ex
2588 2706 2692 2745 una
2722 2701 2875 2761 parte
2917 2692 3137 2761 quidem
3171 2701 3225 2748 et
3249 2694 3394 2763 inju-

1814 2784 1952 2837 riam
2020 2783 2308 2838 facientem
2372 2784 2573 2837 rubore
2621 2784 2907 2849 sull‘undit,
2945 2795 2999 2838 et
3056 2800 3119 2839 ea
3166 2786 3390 2841 audacia

1815 2884 1871 2930 et
1898 2876 2169 2930 dementia
2195 2876 2262 2929 ad
2286 2876 2661 2945 paenitentiam
2690 2885 2745 2931 et
2771 2878 3128 2932 humilitatem
3156 2879 3390 2946 reducit,

1815 2968 1860 3022 si
1923 2968 2163 3021 nondum
2215 2968 2329 3021 l'era
2372 2967 2443 3022 sit
2508 2967 2750 3023 hominis
2806 2968 2982 3023 forma
3054 2969 3290 3036 induta;
3336 2979 3392 3026 et

1814 3056 2012 3126 injuria
2091 3055 2343 3111 aﬂ'ectum
2404 3058 2846 3113 mansuetudinis
2919 3069 2973 3113 et
3038 3060 3390 3131 philosophia

1814 3164 2018 3204 corona
2044 3149 2295 3203 adornat.
2329 3148 2541 3203 Etenim
2575 3149 2850 3204 licentiam
2878 3152 2927 3205 ei
2963 3152 3058 3205 dat
3116 3152 3199 3207 lex
3232 3169 3260 3207 a
3293 3154 3383 3209 lte-

127 3241 306 3294 δωσιν
332 3245 360 3296 ό
385 3246 551 3313 νόμος
582 3248 673 3300 τὸν
694 3250 1036 3318 λελυπηκότα
1065 3256 1223 3327 δίκην
1251 3259 1675 3328 είσπράττεσθαι
1696 3279 1710 3294 ο

1821 3242 1987 3296 dente
2021 3255 2238 3309 pinnam
2269 3240 2594 3309 reposcendi
2629 3259 2643 3307 ;
2704 3242 2750 3297 si
2783 3253 2965 3297 autem
3007 3244 3095 3296 ille
3127 3244 3267 3299 hanc
3324 3246 3392 3301 li-

126 3332 157 3383 ὁ
187 3334 248 3385 δὲ
280 3334 383 3406 τὴν
433 3336 678 3399 ἐξουσίαν
712 3340 777 3392 ἂν
822 3344 901 3405 είς
946 3344 1354 3416 φιλανθρωπίαν
1395 3349 1570 3421 τρέψῃ
1618 3352 1713 3405 καὶ

126 3421 229 3475 τοῦ
258 3427 535 3494 ὁμοφύλου
561 3427 698 3499 λάϐῃ
728 3430 895 3496 ἔλεον,
923 3436 1002 3497 είς
1034 3436 1193 3503 μόνον
1215 3437 1306 3490 τὸν
1329 3439 1576 3508 ἀρχηγὸν
1603 3439 1712 3494 τῶν

129 3513 328 3567 κακῶν
365 3518 459 3569 καὶ
505 3518 598 3570 τὸν
630 3518 855 3589 ἀρχαῖον
890 3522 1148 3593 πολέμιον
1180 3526 1275 3580 τοῦ
1322 3528 1513 3595 γένους
1554 3530 1711 3601 ἡμῶν

125 3608 441 3662 ἀποτείνων
466 3610 557 3663 τὸν
584 3610 792 3666 δίκαιον
822 3615 1011 3684 θυμὸν,
1039 3613 1191 3681 οὗτός
1217 3620 1365 3671 ἐστιν
1394 3621 1469 3684 ώς
1496 3620 1710 3689 ἀληθῶς

127 3698 156 3749 ὁ
188 3701 287 3750 καὶ
321 3700 421 3768 τῆς
456 3702 806 3775 ἀνθρωπίνης
849 3707 1065 3774 φύσεως
1107 3708 1460 3778 έξευγενίζων
1493 3712 1553 3766 τὸ
1578 3718 1711 3766 αύτ-

126 3790 406 3856 εξούσιον,
438 3795 532 3848 καὶ
563 3796 654 3848 τὸν
686 3798 864 3851 κοινὸν
907 3802 1182 3871 Δεσπότην
1214 3803 1311 3865 τὰς
1362 3802 1710 3875 ἀνθρωπίνας

126 3882 360 3951 ὀφειλάς
391 3885 531 3955 ἔχων
554 3888 857 3946 διαλύοντα.
888 3894 963 3946 Οὐ
990 3893 1099 3963 γὰρ
1127 3894 1262 3965 πρὸς
1288 3893 1417 3949 ἄλλο
1441 3896 1537 3949 τοῦ
1560 3898 1710 3950 ἐναν-

124 3976 253 4028 τίου
295 3976 463 4045 φύσις
505 3981 913 4050 συμπλέκεσθαι
936 4000 951 4017 ⁸
1003 3985 1139 4040 ἀλλά
1164 3987 1254 4039 διὰ
1284 3986 1393 4040 τῶν
1419 3989 1598 4042 αὐτῶν
1626 3986 1707 4054 οἷς

124 4070 198 4123 ἂν
232 4071 506 4140 πρόεισιν,
553 4076 586 4145 ἡ
621 4075 770 4147 μάχη
814 4078 1077 4147 πρόεισιν.
1112 4079 1341 4143 Ἐλαϐες
1384 4081 1584 4151 κράτος
1616 4082 1706 4136 τὸν

124 4162 440 4232 ἠδικηκότα
468 4167 619 4236 νόμῳ
654 4167 901 4233 κολάζειν
920 4186 933 4200 ·
966 4172 1015 4223 εί
1063 4169 1162 4240 μὲν
1186 4171 1454 4236 κολάσεις,
1486 4173 1703 4242 ἄδηλον,

123 4253 177 4304 εί
214 4255 313 4307 καὶ
350 4254 426 4324 μὴ
454 4255 630 4311 λαϐὼν
658 4262 723 4329 τῇ
754 4262 995 4332 τιμωρίᾳ
1032 4262 1127 4315 τοῦ
1165 4262 1395 4333 πλησίον
1426 4265 1704 4337 ἐπεπήδη-

126 4357 253 4406 σας,
290 4345 473 4397 καὶτὸ
502 4345 703 4413 φθάσαι
736 4348 927 4402 παθείν
956 4349 1048 4403 τοῦ
1081 4353 1156 4421 μὴ
1190 4355 1432 4422 ποιῆσαι,
1465 4353 1597 4407 ἀλλά
1628 4355 1703 4426 μὴ

122 4433 507 4506 φιλανθρώπῳ
552 4438 744 4509 γνώμῃ
779 4440 874 4493 καὶ
923 4442 1229 4513 φιλαδέλφῳ
1256 4444 1355 4514 τὴν
1392 4444 1589 4514 πρᾶξιν
1615 4445 1704 4511 ἐξ·

118 4526 395 4595 ήνεγκας.
433 4528 495 4580 El
532 4529 588 4582 δὲ
621 4531 695 4599 μὴ
738 4532 1009 4598 κολάσεις,
1042 4534 1241 4606 στήλην
1274 4535 1508 4604 ἔστησας
1550 4537 1704 4602 ἀνεξ-

117 4617 392 4671 άλειπτον
422 4620 515 4672 καὶ⁸
539 4620 947 4692 φιλανθρωπίας
982 4628 1074 4678 καὶ
1115 4627 1439 4697 πραότητος.
1486 4628 1580 4682 καὶ
1624 4628 1702 4699 τῷ

116 4714 231 4782 βίῳ
261 4714 616 4784 παράδειγμα
645 4717 1058 4782 καταλέλοιπας,
1092 4718 1491 4791 φιλανθρώπως
1519 4738 1577 4773 τε
1609 4723 1704 4775 καὶ

114 4823 325 4874 πράως
370 4807 485 4868 τοῖς
528 4808 816 4875 ὀμογενέσι
861 4810 1418 4880 συναναστρέφεσθαι,
1470 4810 1703 4880 μάλιστα

109 4897 178 4948 δὲ
228 4898 293 4948 τὸ
344 4895 756 4966 ἐρασμιώτατον
804 4899 898 4951 καὶ
949 4899 1368 4970 μακαριώτατον
1423 4902 1558 4973 πρὸς
1604 4901 1703 4973 τὴν

109 4986 280 5040 Θείαν
333 4988 483 5041 ἐστὶν
537 4988 835 5057 ἀναχθῆναι
880 4990 969 5043 διά
1006 4990 1109 5059 τῆς
1155 4990 1407 5061 τοιαύτης
1452 4992 1703 5063 πράξεως

111 5079 369 5148 μίμησίν
399 5094 459 5129 τε
495 5079 587 5131 καὶ
620 5080 952 5150 ἀγαθὸτητα,
981 5083 1076 5134 καὶ
1106 5081 1234 5135 Υίὺν
1270 5080 1406 5136 Θεοῦ
1437 5082 1577 5136 κατά
1602 5083 1697 5152 χά-

110 5186 214 5240 ριν
243 5173 344 5222 καὶ
377 5172 713 5239 χρηματίσαι
755 5173 849 5226 καὶ
880 5174 1210 5243 γνωσθῆναι,
1233 5174 1310 5237 ὼς
1346 5176 1380 5245 ὴ
1406 5176 1698 5231 ὲνυπόστα-

104 5276 217 5322 τος
275 5258 578 5312 ἐϐεϐαίωσε
643 5263 803 5330 σοφία
850 5264 946 5317 καὶ
1003 5263 1267 5332 ἀλήθεια*
1316 5264 1530 5332 γίνεσθε
1589 5266 1698 5337 γὰρ

103 5350 474 5421 οἰκτίρμονες
528 5352 709 5416 καθὼς
743 5356 839 5409 καὶ
871 5355 1062 5427 Πατὴρ
1099 5356 1256 5426 ἡμῶν
1300 5354 1412 5428 [Ita
1442 5353 1588 5428 cod.]
1616 5356 1695 5407 οί-

102 5443 378 5514 κτίρμων
412 5444 546 5498 ἔστί.
596 5446 668 5499 Σὺ
714 5449 759 5501 δ’
780 5452 827 5501 el
879 5449 1059 5515 βούλει
1102 5450 1196 5503 καὶ
1225 5449 1304 5503 ἔτι
1348 5452 1461 5513 τοῖς
1514 5450 1698 5517 νόμοις

192 5580 237 5611 ⁸⁸
271 5578 461 5636 Matth.
491 5599 547 5648 ν,
582 5582 667 5638 ΓΙ.
730 5585 776 5617 ⁸⁸
825 5586 957 5642 ibid.
981 5586 1033 5641 7.

1817 3334 2049 3389 centiam
2091 3333 2145 3386 in
2196 3334 2594 3388 humanitatem
2624 3343 2794 3389 vertat
2820 3343 2875 3389 et
2917 3339 3237 3406 congeneris
3289 3341 3392 3393 mi-

1819 3426 2169 3481 sericordiam
2207 3426 2501 3496 concipiat,
2532 3427 2583 3480 in
2620 3442 2785 3480 unum
2816 3428 3081 3483 malorum
3117 3431 3310 3485 ducem
3337 3444 3393 3488 et

1817 3518 2100 3587 antiquum
2148 3518 2362 3587 generis
2395 3518 2563 3572 nostrl
2629 3518 2840 3573 hostem
2904 3520 3108 3589 justum
3144 3523 3389 3578 animum

1817 3610 2163 3678 protendens,
2196 3608 2283 3662 illc
2314 3615 2399 3663 est
2426 3624 2554 3664 vere
2581 3608 2837 3664 humanae
2899 3622 3103 3667 natura:
3159 3615 3387 3670 liberum

1815 3702 2098 3756 arbitrium
2142 3700 2302 3770 plane
2355 3716 2679 3771 generosum
2716 3702 2923 3759 faciens
2950 3713 3003 3759 et
3041 3720 3386 3763 communem

1816 3792 2102 3847 Dominum
2142 3795 2379 3848 humana
2449 3794 2628 3849 debita
2692 3795 2901 3852 habens
2977 3797 3385 3855 dissolventem.

1813 3881 1929 3939 Non
1963 3885 2106 3938 enim
2155 3884 2221 3939 ad
2245 3884 2391 3940 aliud
2435 3885 2696 3941 contrarii
2741 3897 2935 3942 natura
2983 3902 3067 3945 est
3101 3898 3383 3959 connecti;

1814 3976 1907 4032 sed
1959 3977 2147 4031 iisdem
2174 3978 2373 4047 quibus
2435 3979 2703 4047 procedit,
2762 3994 2939 4050 pugna
2977 3986 3237 4053 procedit.
3284 3986 3386 4040 Pn-

1814 4074 2059 4121 testatem
2096 4066 2355 4137 accepisti
2400 4083 2524 4121 eum
2563 4068 2656 4137 qui
2698 4069 2955 4139 injnriam
3000 4072 3191 4129 fecerit
3268 4078 3385 4146 lege

1812 4158 2110 4226 castigandi
2151 4174 2166 4223 ;
2202 4158 2245 4213 si
2283 4158 2503 4227 quidem
2549 4161 2929 4231 castigaveris,
2983 4164 3250 4220 incertum
3298 4180 3385 4224 est

1813 4250 2117 4305 voluerisne
2174 4250 2410 4305 vindicta
2448 4253 2733 4321 praemium
2793 4258 3135 4323 conculcare,
3176 4275 3247 4315 an
3286 4277 3385 4317 vo-

1810 4344 1980 4399 lueris
2011 4343 2121 4412 pati
2162 4358 2270 4397 non
2301 4357 2484 4413 agere,
2523 4344 2873 4415 humanaque
2906 4359 2960 4404 et
3004 4348 3240 4406 fraterna
3289 4370 3383 4409 voc

1810 4435 2020 4490 luntate
2068 4435 2339 4489 actionem
2394 4437 2663 4504 posueris.
2694 4437 2750 4493 Si
2785 4452 2964 4495 autem
2992 4458 3093 4497 non
3149 4446 3382 4516 castiga-

1812 4527 1973 4591 veris,
1998 4526 2339 4581 indelebilem
2369 4528 2679 4582 columnam
2714 4530 3065 4589 humanitatis
3083 4538 3380 4593 etclemen-

1735 4602 1778 4657 υ
1807 4618 1895 4672 tia:
1937 4617 2179 4682 erexisti,
2210 4626 2263 4672 et
2290 4618 2357 4672 ad
2392 4620 2513 4673 vitae
2544 4621 2850 4676 institutum
2882 4627 3185 4694 exemplum
3243 4644 3376 4697 prm-

1804 4710 1968 4764 buisti
1997 4724 2055 4764 se
2087 4710 2397 4764 humaniter
2428 4720 2482 4764 et
2518 4712 2943 4768 misericorditer
2989 4716 3042 4770 in
3100 4720 3374 4786 proximos

1803 4800 2171 4855 convertendi.
2234 4798 2338 4853 Sed
2398 4803 2544 4869 quod
2581 4803 3033 4861 amabilissimum
3078 4812 3374 4877 praesertim

1802 4900 1884 4947 est
1920 4902 1973 4946 et
2026 4891 2423 4955 beatissimum,
2473 4908 2567 4961 per
2603 4893 2749 4949 hunc
2797 4907 2976 4950 actum
3011 4900 3075 4952 ad
3134 4902 3373 4957 divinam

1800 4983 2023 5053 erigeris
2048 4982 2401 5036 imitationem
2436 4996 2489 5037 et
2520 4985 2838 5052 bonitatem,
2868 5000 2921 5042 et
2970 4990 3111 5045 ﬁlius
3155 4993 3247 5048 Dei
3292 5011 3376 5051 se.

1792 5078 2029 5133 cundum
2062 5076 2288 5144 gratiam
2345 5089 2399 5132 et
2418 5087 2545 5133 eset
2578 5081 2838 5144 nasceris,
2888 5092 2947 5136 ut
2999 5086 3373 5144 substantialis

1792 5168 2076 5223 aliirmavit
2118 5169 2382 5237 sapientia
2420 5178 2474 5224 et
2505 5170 2746 5226 veritas:
2783 5172 2999 5230 «Estote
3044 5178 3370 5233 enimmise-

1793 5262 2051 5325 ricnrdes,
2073 5262 2214 5317 sicut
2260 5270 2316 5315 et
2370 5261 2529 5318 Pater
2581 5276 2757 5319 vester
2783 5268 3091 5323 misericors
3119 5279 3203 5325 est
3243 5272 3287 5303 ⁸⁵
3318 5292 3362 5324 ,ι

1796 5350 1853 5407 Si
1882 5364 2062 5408 autem
2095 5354 2177 5409 vis
2225 5362 2280 5409 et
2324 5355 2506 5409 adhuc
2567 5354 2712 5424 leges
2758 5358 3125 5423 considerare,
3180 5374 3367 5415 earnm

1794 5446 2136 5500 concordiam
2178 5455 2232 5502 et
2257 5462 2324 5503 ex
2363 5447 2464 5501 hac
2508 5456 2661 5519 parte
2699 5446 3103 5519 investiga.Qui
3150 5450 3368 5506 oculum

1626 5679 1852 5736 NU'LE.

192 5817 307 5888 (38)
333 5814 584 5886 Ejusdem
614 5819 724 5876 fere
741 5822 1047 5891 argumenti
1069 5832 1195 5879 sunt
1217 5832 1407 5892 quast.
1442 5819 1679 5875 XXXVII
1719 5832 1772 5875 et
1811 5817 1941 5872 Cltl.
