4186 6444
153 416 253 479 353
1100 411 1199 474 AD
1227 408 1820 473 AMPHILOCHIUM
1858 403 2208 480 QUIESTIO
2230 407 2464 470 XLVII.
3292 408 3403 473 35‘

149 524 519 585 λυπλασιάσας
535 520 630 577 τὸν
649 519 810 575 τόκον
829 516 923 573 καὶ
942 517 1013 572 τά
1033 518 1137 589 τῆς
1186 520 1449 590 πονηρίας
1502 520 1783 590 κυήματα,
1824 522 2031 571 τίκτειν
2069 516 2136 572 ἂν
2167 519 2391 583 εἰκότως
2429 518 2640 590 λέγοιτο
2666 518 2759 573 τὸν
2801 518 3046 576 διάϐολον
3084 522 3183 577 καὶ
3214 526 3402 596 πατὴρ

151 614 513 687 χρηματίζειν
548 611 738 666 αὐτοῦ.

217 707 279 758 Ol
335 704 393 759 δι
444 703 723 772 οὐδέτερον
804 700 904 771 μὶν
979 697 1090 751 τῶν
1161 698 1468 769 εἰρημένων
1517 696 1709 769 έγκρί-
1741 703 1791 763 Α

1748 703 1791 763 Α
1886 701 1993 755 Alii
2051 714 2183 757 vero
2233 696 2373 758 nihil
2415 707 2480 759 ex
2540 704 2627 761 liis
2702 704 3033 773 admittunt;
3093 715 3401 777 serpentem

152 811 320 859 νουσι,
382 792 478 847 τόν
516 789 641 861 όφιν
701 789 762 843 δδ
801 787 899 842 τοῦ
950 786 1199 842 διαϐόλου
1248 787 1464 856 πατέρα
1509 786 1719 857 κληθῆ-

1823 800 2005 847 autem
2063 792 2263 850 diaboli
2326 806 2530 865 patrem
2612 798 2797 852 vocari
2877 806 3089 867 putant.
3163 793 3407 866 Quare?

152 900 237 941 ναι
281 884 560 956 νομίζωσι
580 897 594 912 ·
626 880 805 946 διατί;
832 880 956 932 Ὅτι
981 879 1198 950 πρῶτον
1220 880 1251 933 ό
1287 879 1409 949 δφις
1433 880 1535 951 τὴν
1563 878 1722 932 έκεί-

1822 880 1961 946 Quia
1976 884 2171 951 prim‘o,
2189 894 2472 954 postquam
2489 900 2712 956 serpens
2727 886 2847 956 ejus
2865 886 3198 944 calumniam
3209 903 3409 947 conoe-

152 995 240 1031 vou
286 976 542 1046 διαϐολὴν
591 972 895 1037 συλλαϐὼν,
944 973 1010 1043 τῇ
1056 969 1275 1042 γλώττῃ
1315 971 1588 1025 ἀπέτεκε·
1617 967 1725 1037 πρὸ

1827 976 1924 1045 pit,
1962 975 2143 1045 lingua
2172 979 2399 1046 peperit.
2455 981 2757 1049 Antequam
2782 980 2925 1035 enim
2954 982 3121 1038 homo
3147 982 3406 1041 eﬂorma-

152 1072 259 1140 γάρ
288 1070 387 1139 τῆς
414 1066 705 1137 ἀνθρώπου
736 1065 987 1127 πλάσεως
1019 1063 1115 1116 καὶ
1142 1065 1242 1134 τῆς
1268 1060 1361 1115 τοῦ
1391 1062 1571 1140 δφεως
1592 1061 1726 1115 ὐπο-

1828 1076 1977 1122 retur
2002 1075 2058 1123 et
2113 1082 2338 1137 serpens
2372 1069 2714 1135 subsisteret,
2752 1074 2820 1129 ab
2865 1076 3110 1145 angelica
3139 1078 3411 1149 sapientia

153 1164 419 1227 στάσεως,
446 1160 548 1215 οὐκ
568 1155 639 1230 ἦν
670 1159 700 1212 ό
724 1157 1024 1228 ἀπορρυεὶς
1063 1156 1163 1225 τῆς
1187 1154 1489 1225 ἀγγελικῆς
1516 1153 1728 1221 εὐγνω-

1829 1168 1884 1213 ct
1915 1158 2108 1214 ordine
2141 1158 2238 1229 qui
2262 1168 2381 1214 erat
2438 1160 2717 1230 delapsus,
2764 1179 2870 1219 non
2903 1180 3068 1234 opera
3094 1165 3297 1230 diaboli
3328 1167 3411 1223 la-i

156 1252 397 1324 μοσύνης
420 1251 516 1305 καὶ
543 1250 765 1314 τάξεως,
788 1248 860 1302 τά
880 1246 977 1301 τοῦ
1009 1246 1260 1301 διαϐόλου
1292 1246 1571 1316 πράττων,
1603 1244 1729 1298 καί·

1831 1248 2029 1313 ciebat,
2090 1249 2269 1303 malus
2317 1258 2497 1305 tamen
2552 1266 2673 1307 esse
2734 1255 3031 1321 nitebatur,
3072 1272 3176 1312 nec
3230 1258 3414 1315 locum

152 1334 234 1395 τοι
267 1341 450 1411 ζητῶν
476 1341 643 1402 κακὸς
671 1335 810 1392 εἶναι
847 1336 944 1390 καὶ
973 1336 1161 1408 χώραν
1188 1337 1291 1390 οὐκ
1332 1334 1474 1406 ἔχων
1498 1349 1732 1405 παρεισ-

1834 1338 2223 1395 ti-ansl‘usionis
2256 1341 2504 1398 habebat.
2557 1346 2723 1415 Igitur
2785 1349 2972 1419 reptile
3023 1330 3173 1422 quod
3193 1362 3278 1409 est
3298 1368 3416 1410 ser-

150 1433 395 1497 δύσεως·
432 1431 628 1485 οὐκοῦν
654 1431 717 1483 τὸ
763 1428 993 1502 έρπετδν
1033 1430 1064 1482 ό
1113 1426 1239 1496 ὄφις
1285 1426 1412 1490 τοὺς
1456 1425 1737 1514 διαϐόλους

1837 1444 1970 1499 pcns
1992 1429 2291 1486 diabolicae
2305 1435 2550 1504 concepit
2562 1447 2840 1501 sensus,et
2856 1440 3038 1510 lingua
3050 1442 3253 1498 diaboli
3262 1454 3418 1514 pater

152 1522 538 1592 ἐγκυμονήσας
582 1519 879 1590 λογισμοὺς
928 1518 1025 1573 καὶ
1051 1519 1120 1589 τῇ
1152 1514 1374 1585 γλώσσῃ
1406 1515 1631 1577 εἰκότως
1670 1513 1738 1567 ἂν

1840 1521 2035 1575 merito
2063 1521 2356 1578 diceretur.
2410 1522 2517 1580 Sed
2545 1525 2659 1581 haec
2683 1528 2902 1598 quidem
2937 1531 3042 1586 alia
3072 1533 3202 1589 talia
3222 1513 3282 1590 ut
3313 1536 3420 1594 hoc

152 1611 249 1665 τοῦ
280 1610 533 1665 διαϐόλου
562 1608 747 1678 πατὴρ
768 1607 1000 1677 λέγοιτο.
1041 1606 1203 1660 Ἀλλὰ
1236 1604 1417 1699 ’ταῦτα
1573 1602 1739 1699 hepta

1839 1610 2046 1666 dictum
2072 1612 2385 1681 explanent,
2417 1616 2539 1685 quis
2561 1629 2786 1673 vocetur
2799 1620 3051 1680 diabolus
3077 1635 3132 1681 et
3150 1628 3277 1697 quis
3299 1629 3421 1699 ejus

152 1702 386 1756 τοιαῦτα
412 1701 492 1764 είς
518 1699 818 1763 ἀνάπτυξιν
840 1697 939 1753 τοῦ
967 1696 1159 1768 ῥητοῦ,
1192 1696 1278 1756 τίς
1300 1710 1360 1748 τε
1381 1694 1601 1748 καλοῖτο
1624 1693 1740 1747 διά-

1841 1709 2015 1771 pater,
2047 1701 2116 1757 ab
2143 1703 2267 1758 aliis
2296 1703 2555 1774 inquisita
2593 1717 2739 1762 sunt.
2774 1708 2903 1765 Milli
2962 1728 3095 1770 vero
3129 1693 3421 1785 praedictas

151 1793 339 1859 ϐόλος,
366 1791 463 1846 καὶ
486 1790 572 1854 τίς
606 1790 636 1843 ό
666 1788 858 1843 τούτου
888 1789 1093 1859 πατὴρ,
1134 1787 1345 1857 ἑτέροις
1374 1785 1743 1882 uaginae”-

1845 1794 2145 1850 solutiones
2193 1808 2298 1850 non
2328 1797 2476 1852 venit
2516 1799 2571 1853 in
2628 1808 2863 1857 mentem
2913 1805 3201 1874 admirari,
3241 1824 3425 1882 neque

151 1901 245 1939 ται
272 1900 289 1913 ·
338 1884 463 1955 ἐμοὶ
508 1883 569 1937 δὲ
616 1881 718 1944 τὰς
761 1879 1062 1951 εἰρημένας
1120 1878 1406 1941 έπιλύσεις
1454 1875 1580 1930 οὐτε
1624 1877 1743 1930 λίαν

1846 1888 1978 1948 puto
1996 1893 2091 1935 eas
2115 1893 2241 1935 esse
2261 1880 2546 1937 doctorum
2567 1883 2805 1940 virorum
2831 1900 2992 1957 opus.
3015 1886 3121 1956 Qui
3147 1875 3424 1949 vero'li-tec

154 1976 343 2030 ἔπεισι
376 1974 702 2045 θαυμάζειν,
724 1971 853 2027 οὐτε
886 1972 989 2043 μὶν
1031 1970 1333 2041 φιλολόγων
1378 1963 1519 2022 εἶναι
1548 1970 1746 2037 πόνους

1850 1971 2023 2041 magis
2071 1981 2295 2041 possent
2328 1972 2649 2045 intelligere,
2678 1977 2715 2033 ii
2760 1992 2893 2035 sane
2923 1981 3206 2038 meliorem
3225 1983 3295 2040 de
3339 1985 3426 2041 his

152 2072 409 2143 ἀνδρῶν·
456 2072 601 2134 ὃσοις
640 2070 700 2123 δι
744 2068 947 2140 μᾶλλον
993 2066 1063 2121 τὰ
1113 2064 1339 2119 τοιαῦτα
1389 2064 1805 2135 εὐτρέπισταιι]

1777 2069 1823 2129 Β
1850 2062 2173 2118 sententiam
2215 2063 2355 2119 ferre
2392 2065 2649 2122 valerent.
2687 2067 2818 2135 Quae
2838 2081 3022 2127 autem
3051 2073 3185 2129 mibi
3239 2074 3427 2131 obsta-

155 2170 417 2239 συνορᾷν,
434 2168 761 2238 δικαιότεροι
782 2163 850 2218 ἂν
868 2159 979 2218 εἶεν
992 2156 1138 2218 οῦτοι
1160 2162 1256 2216 καὶ
1270 2162 1370 2232 τὴν
1388 2161 1598 2232 ἀμείνω
1614 2162 1748 2233 περὶ

1855 2164 1977 2209 rent
1998 2164 2051 2209 et
2069 2156 2208 2211 forte
2223 2157 2378 2213 alteri
2396 2160 2609 2215 cuidam
2636 2176 2705 2218 ne
2732 2163 2850 2233 ejus
2876 2166 3266 2235 perfectionem
3294 2184 3426 2227 cons

154 2260 345 2314 αὐτῶν
387 2258 569 2329 ψῆφον
618 2256 957 2325 ἐξενεγκεῖν·
994 2253 1031 2307 ἃ
1066 2252 1114 2305 δ’
1160 2253 1228 2306 ἀν
1281 2252 1553 2324 προσταίη
1606 2252 1732 2323 ἐμοί

1281 2252 1553 2324 προσταίη
1606 2252 1732 2323 ἐμοί
1843 2248 2133 2318 cipiamus.
2174 2249 2291 2304 haec
2331 2251 2543 2307 ratione
2574 2268 2892 2325 persequor.

153 2371 219 2410 τε
260 2357 361 2409 καὶ
393 2353 523 2416 ἴσως
554 2353 726 2421 ἑτέρῳ
772 2349 880 2402 τινὶ
918 2346 1019 2419 τὴν
1040 2345 1353 2415 τελειότητα
1390 2347 1594 2417 ταύτης
1637 2348 1716 2419 μὴ
1756 2344 2107 2410 καταλαϐεῖν,
2134 2345 2319 2397 ἐκεῖνα
2349 2344 2443 2398 καὶ
2474 2346 2539 2417 δὴ
2565 2346 2643 2417 τῷ
2669 2348 2812 2421 λόγῳ
2848 2351 3106 2424 διέξειμι.

230 2448 461 2523 Πρῶτον
487 2447 587 2518 μιν
608 2442 846 2514 οὐδαμοῦ
885 2442 987 2511 τῆς
1007 2442 1172 2513 ,ἱερᾶς
1206 2441 1363 2512 ἡμῶν
1394 2441 1617 2513 Γραφῆς
1652 2441 1747 2510 γέ·

1916 2440 2099 2496 Primo
2120 2439 2304 2496 nullibi
2323 2450 2523 2497 sancta
2538 2444 3066 2517 nostraScriptura,
3085 2441 3266 2522 neque
3285 2457 3430 2525 apud

154 2562 300 2615 γονα
342 2538 566 2603 δυνατὸς
609 2538 814 2607 εὐρεῖν,
836 2533 962 2588 οὐτε
992 2536 1135 2587 κατά
1178 2534 1249 2588 τά
1289 2532 1625 2605 παλαιότερα
1649 2534 1754 2604 τῆς

1850 2532 2162 2602 antiquiora
2203 2532 2360 2603 legis,
2416 2548 2591 2605 neque
2630 2536 2770 2605 apud
2817 2553 2883 2594 ea
2926 2540 2981 2595 in
3023 2541 3223 2609 quibus
3248 2546 3431 2616 gratia

155 2633 513 2705 νομοθεσίας,
546 2628 675 2682 οὐτε
722 2626 784 2680 έν
826 2619 909 2689 οἷς
956 2626 991 2696 ἠ
1032 2626 1194 2696 χάρις
1227 2623 1291 2677 τὸ
1327 2624 1427 2695 τῆς
1473 2623 1756 2689 εὐσεϐείας

1854 2626 2073 2696 pietatis
2088 2624 2267 2681 lucem
2286 2625 2707 2695 splendidiorem
2727 2627 2937 2696 eﬂ‘udit,
2959 2643 3169 2702 patrem
3188 2636 3427 2706 aliquem

156 2725 281 2797 φῶς
310 2721 698 2795 λαμπρότερον
737 2716 1038 2789 ἡστραψεν,
1070 2715 1335 2785 οὐμενοῦν
1376 2714 1616 2786 οὐδαμοῦ
1648 2733 1759 2768 πα-

1858 2716 2058 2771 diaboli
2116 2716 2320 2771 dictum
2376 2717 2620 2775 invenire
2682 2722 2865 2789 potui;
2925 2731 2980 2778 et
3030 2741 3169 2782 sane
3209 2730 3431 2799 quidem

156 2819 303 2887 τέρα
321 2814 447 2869 τινὰ
466 2811 564 2866 τοῦ
593 2809 842 2865 διαϐόλου
879 2808 1173 2879 λεγόμενον
1191 2821 1217 2838 ··
1264 2806 1507 2875 καίτοιγε
1571 2806 1765 2861 πολλαὶ

1861 2807 2044 2862 multae
2094 2806 2149 2861 in
2180 2806 2366 2863 multis
2399 2809 2531 2865 locis
2558 2811 2905 2880 periphrases
2949 2814 3212 2886 improba:
3268 2818 3432 2877 istius

158 2910 433 2973 πολλάκις
473 2908 689 2979 χωρίων
719 2903 957 2976 περίοδοι
996 2903 1383 2974 τῆς-πονηράς
1412 2902 1631 2973 ἐκείνης
1668 2901 1765 2955 καὶ

1861 2906 1914 2950 et
1958 2896 2197 2951 errantis
2246 2897 2540 2953 voluntatis
2598 2903 2918 2958 memoriam
2984 2916 3269 2977 statuunt;
3336 2915 3433 2969 sed

156 3002 453 3072 ἀλιτηρίου
498 3000 719 3069 μνήμην
741 2994 1172 3050 καταϐάλλονται
1194 2995 1568 3065 προαιρέσεως
1586 3010 1600 3025 ·
1626 2993 1764 3048 ἀλλά

1864 2987 2116 3041 Satanam
2188 2987 2405 3057 quidem
2463 2999 2518 3044 et
2585 2990 2862 3049 diabolum
2903 3004 2957 3051 et
3016 3007 3326 3067 apostatani
3379 3012 3436 3059 et

160 3092 419 3146 Σατανᾶν
457 3090 558 3161 μιν
600 3088 701 3142 καὶ
732 3086 984 3142 διάϐολον
1018 3089 1116 3141 καὶ
1164 3086 1481 3157 ἀποστάτην
1515 3086 1611 3139 καὶ
1639 3084 1766 3140 νοῦν

1862 3076 2143 3143 Assyrium
2193 3075 2445 3145 spiritum
2514 3090 2570 3134 et
2597 3082 2956 3150 cupiditatum
3003 3087 3198 3144 ducem
3232 3101 3286 3145 et
3332 3094 3436 3147 im-

172 3182 469 3252 ’Δσσύριον
494 3178 714 3235 καὶτῶν
729 3176 919 3231 παθῶν
947 3175 1186 3247 ἄρχοντα
1210 3178 1305 3231 καὶ
1330 3176 1439 3230 τῶν
1459 3178 1560 3247 τῆς
1590 3192 1763 3245 πονη-

1866 3168 2161 3236 proborum
2233 3168 2524 3238 spirituum
2601 3172 2926 3242 dominum,
2986 3187 3042 3233 et
3103 3180 3210 3237 alia
3244 3182 3438 3253 bujus—

162 3274 295 3345 ρίας
335 3270 665 3341 πνευμάτων
710 3258 1067 3337 ἔξουσιαστὴν
1114 3266 1211 3320 καὶ
1240 3263 1468 3321 τοιαῦτά
1495 3282 1622 3319 τινα
1663 3266 1757 3319 τὸν

1865 3260 2030 3321 modi,
2074 3257 2340 3314 malorum
2392 3271 2671 3319 auctorem
2706 3275 2761 3320 et
2796 3268 2970 3323 nostri
3005 3272 3226 3340 generis
3254 3273 3437 3329 inimi-

158 3360 483 3433 ἀρχέκακον
498 3357 592 3429 έχθ
602 3357 695 3427 ρὺν
713 3355 810 3409 τοῦ
846 3354 1037 3423 γένους
1060 3354 1095 3423 ὴ
1104 3352 1221 3423 μῶν
1235 3350 1641 3423 ὀνομαζόμενον
1664 3354 1759 3406 έκ-

1864 3363 1986 3404 eimi
2007 3352 2347 3407 nominatum
2370 3353 2599 3424 docent;
2634 3372 3027 3430 nonnunquam
3047 3363 3212 3418 etiam
3258 3364 3429 3424 lilium

158 3452 504 3505 διδάσκουσι·
522 3448 616 3502 καὶ
644 3441 758 3501 υιδν
787 3445 901 3500 ῑσθ⁹
920 3445 1014 3499 ὅτε
1032 3442 1285 3498 διαϐόλου
1320 3442 1523 3513 μᾶλλον
1541 3443 1635 3497 τὸν
1663 3444 1761 3505 τὰς
1785 3460 1811 3522 (

1785 3460 1831 3522 C
1865 3442 2063 3496 diaboli
2092 3445 2276 3513 potius
2322 3461 2447 3502 eum
2475 3449 2571 3518 qui
2612 3450 2669 3505 in
2712 3467 2773 3507 se
2817 3452 3031 3510 funesta
3063 3457 3182 3526 ejus
3226 3462 3437 3515 semina

163 3542 461 3614 μοχθηρὰς
488 3537 655 3594 αὐτοῦ
681 3535 847 3607 γονάς
884 3537 943 3590 έν
971 3533 1154 3606 έαυτῷ
1186 3532 1523 3588 συλλαϐόντα
1560 3534 1759 3604 καὶτῷ

1863 3536 2113 3604 concepit
2142 3546 2199 3591 et
2226 3538 2431 3595 erroris
2459 3550 2617 3610 partu
2659 3542 2803 3598 ﬁlius
2837 3546 3127 3616 adoptatus
3147 3560 3252 3607 est.
3284 3550 3438 3608 Unde

161 3635 269 3702 τῆς
295 3632 513 3703 πλάνης
538 3630 684 3699 τόκῳ
712 3624 1121 3698 υίοθετούμενον
1139 3643 1155 3657 ·
1187 3625 1249 3690 ιε
1292 3617 1355 3679 οῦ
1387 3627 1481 3679 καὶ
1512 3626 1541 3679 ό
1567 3625 1763 3680 θεσπέ-

1862 3627 2021 3683 divus
2043 3625 2246 3683 Paulus
2280 3630 2449 3711 lilium
2478 3632 2676 3689 diaboli
2712 3634 2956 3707 Elymam
2995 3642 3435 3711 cognominavit;

166 3740 290 3789 σιος
321 3722 538 3785 Παῦλος
569 3720 686 3775 υίὺν
718 3719 969 3774 διαϐόλου
1000 3718 1094 3773 τὸν
1129 3717 1367 3786 Ἐλύμαν
1398 3716 1725 3787 ἐπωνόμασε
1744 3733 1761 3750 ·

1870 3724 2079 3783 patrem
2137 3707 2343 3772 diaboli
2396 3718 2563 3775 alium
2592 3736 2919 3794 quemquam
2950 3742 3058 3781 non
3092 3731 3307 3799 reperio
3335 3707 3439 3787 no;

168 3816 400 3887 πατέρα
425 3813 521 3867 τοῦ
540 3812 791 3867 διαϐόλου
826 3811 990 3882 μέχρι
1019 3808 1114 3863 νῦν
1145 3808 1335 3880 ιτερόν
1372 3825 1496 3862 τινα
1526 3808 1631 3862 οὐκ
1654 3809 1765 3879 ἔχω

1863 3814 2035 3859 stram
2053 3819 2264 3860 sacram
2281 3807 2646 3879 disciplinam,
2674 3826 2793 3877 seu,
2821 3824 2877 3867 ut
2892 3816 3071 3878 aiunt,
3096 3816 3437 3888 Scripturam

166 3905 319 3970 τιως
348 3902 815 3973 ἀπισχυρίσασθαι
848 3899 948 3969 τὴν
995 3898 1150 3971 ίεράν
1184 3898 1349 3970 ’ἡμῶν
1394 3899 1693 3969 ἑπιστάνην
1727 3898 1762 3969 ἦ

1864 3907 2305 3965 asseverantem;
2366 3900 2463 3956 sed
2514 3917 2680 3957 unum
2724 3904 2942 3973 quidem
2995 3909 3102 3964 hoc
3161 3926 3439 3983 nusquam

160 3996 622 4068 ἀπονομάζουσαν
658 3993 914 4064 Γραφήν·
938 3990 1054 4045 ἀλλ’
1079 3990 1139 4044 έν
1169 3990 1272 4061 μὲν
1305 3989 1461 4043 τοῦτο
1494 3990 1554 4044 τὸ
1590 3991 1764 4061 μηδα-

1866 3997 2073 4057 patrem
2097 3988 2298 4044 diaboli
2322 3992 2497 4048 sancti
2511 3991 2749 4063 Spiritus
2785 3995 3042 4053 ldiomate
3069 4014 3245 4071 neque
3281 4003 3440 4059 nosci

167 4088 284 4161 μοῦ
315 4086 537 4157 πατέρα
558 4082 655 4139 τοῦ
691 4082 941 4138 διαϐόλου
964 4081 1074 4137 τῶν
1093 4082 1188 4136 τοῦ
1221 4080 1539 4151 Πνεύματος
1566 4080 1764 4149 λογίων

1866 4092 2044 4148 neque
2073 4078 2362 4136 nominari.
2399 4077 2649 4139 Secundo
2672 4095 2853 4141 autem
2886 4102 3061 4158 neque
3090 4092 3181 4146 ubi
3210 4094 3439 4149 credunt

158 4183 253 4253 τῷ
296 4180 554 4250 ιδιώματι
605 4179 746 4249 μήτε
784 4174 1151 4244 γινώσκεσθαι
1201 4176 1338 4244 μήτε
1382 4173 1766 4244 ὀνομάζεσθαι.

1866 4172 2194 4226 mentionem
2225 4172 2293 4228 de
2312 4187 2377 4228 eo
2406 4174 2543 4239 fieri,
2596 4176 2669 4229 ibi
2712 4177 2920 4233 llrniam
2951 4182 3268 4250 opinionem
3302 4200 3441 4255 prses

158 4273 445 4343 Δεύτερον
490 4270 548 4323 δὲ
588 4268 698 4322 οὐδ’
728 4267 859 4321 ένθα
884 4264 1102 4321 δοκοῦσι
1143 4267 1367 4336 μνήμην
1406 4265 1572 4319 αὐτοῦ
1606 4283 1766 4335 γεγε-

1866 4272 2013 4319 stare
2042 4274 2293 4335 possunt.
2346 4265 2559 4321 Etenim
2602 4267 2913 4324 Judaeorum
2977 4275 3208 4343 populus
3234 4292 3343 4331 non
3384 4280 3438 4332 in

158 4366 399 4434 νῆσθαι,
420 4362 532 4417 οὐδ’
551 4359 787 4415 ἐνταῦθα
815 4360 1118 4432 παρασχεῖν
1143 4357 1242 4429 τὴν
1261 4356 1529 4429 ὑπόληψιν
1545 4356 1765 4428 ἀσφαλῆ

1874 4366 2083 4425 patrem
2114 4356 2208 4414 Dei
2246 4358 2488 4428 seipsum
2516 4360 2725 4430 erigere
2748 4364 3087 4433 conabatur;
3144 4368 3240 4423 sed
3264 4367 3437 4425 Deum

155 4458 475 4511 δύνανται·
510 4455 606 4508 καὶ
642 4452 756 4524 γὰρ
798 4454 829 4505 ό
875 4451 986 4505 τῶν
1031 4450 1300 4504 Ἰουδαίων
1332 4450 1503 4520 δῆμος
1543 4450 1645 4503 οὐκ
1687 4449 1769 4512 είς

1868 4446 2089 4515 quidem
2122 4455 2329 4517 patrem
2368 4449 2472 4505 sibi
2515 4451 2790 4505 ascribere
2834 4454 3259 4519 aeinulabantur,
3298 4459 3439 4513 lilios

159 4548 402 4618 πατέρα
433 4545 530 4599 τοῦ
564 4543 701 4598 Θεοῦ
728 4542 1025 4613 ἀναφέρειν
1053 4540 1292 4611 οὐδαμοῦ
1324 4540 1612 4595 διετείνετο
1643 4540 1769 4594 έαυ-

1872 4552 2000 4593 vero
2056 4539 2199 4609 ejus,
2238 4541 2331 4611 qui
2375 4558 2440 4598 ex
2507 4542 2670 4598 Israel
2725 4558 2903 4600 erant.
2932 4545 3043 4602 Nec
3074 4548 3321 4605 Creatori
3342 4567 3441 4607 nec

154 4640 289 4705 τδν,
321 4636 468 4692 ἀλλά
512 4638 603 4690 τόν
630 4637 765 4689 Θεὸν
801 4636 901 4706 μὶν
941 4631 1272 4696 ἐσπούδαζον
1292 4633 1371 4704 τῷ
1414 4635 1617 4704 ῥήματι
1645 4634 1768 4686 επι-

1871 4628 2138 4685 Salvatori
2185 4641 2375 4687 nostro
2414 4648 2612 4703 scapus
2654 4646 2770 4690 erat
2793 4635 3009 4693 Judzeos
3035 4639 3207 4707 patris
3237 4641 3439 4697 diaboli

154 4729 497 4802 γράφεσθαι
527 4727 763 4798 πατέρα,
803 4726 998 4789 παῖδας
1025 4725 1085 4778 δὲ
1113 4724 1239 4787 τοὺς
1286 4725 1348 4791 ιε
1388 4726 1635 4797 Ἰσραήλ·
1674 4728 1769 4780 καὶ

1870 4720 2011 4775 iilios
2070 4722 2372 4779 ostendere.
2434 4725 2550 4777 Alia
2589 4726 2731 4778 enim
2784 4726 2862 4780 eis
2903 4725 3098 4783 fuisset
3164 4729 3442 4799 jactantia

148 4823 254 4893 τῷ
276 4818 611 4891 Δημιουργῷ
643 4818 737 4872 καὶ
768 4818 980 4888 Σωτῆρι
1021 4816 1177 4887 ἡμῶν
1203 4816 1302 4871 οὐκ
1328 4815 1397 4888 ἦν
1436 4824 1637 4882 omni;
1657 4821 1762 4874 δεῖ·
1794 4810 1801 4865 Ῑ

1794 4810 1839 4865 D
1868 4832 2070 4882 causa;
2099 4818 2247 4887 et__ad
2279 4818 2444 4872 alium
2492 4817 2650 4887 cujus
2680 4820 2922 4873 nondum
2989 4824 3348 4891 opprobrium
3386 4834 3442 4880 et

152 4916 266 4980 ἰαι
313 4912 446 4974 τοὺς
483 4909 771 4973 Ἰουδαίους
807 4909 903 4963 τοῦ
948 4913 1152 4981 πατρὸς
1183 4910 1279 4965 τοῦ
1326 4910 1576 4965 διαϐόλου
1600 4912 1765 4966 τέκνα

1870 4922 2067 4963 nomen
2098 4908 2370 4963 habebant
2415 4922 2511 4963 eos
2539 4911 2919 4975 convertisset,
2943 4922 2999 4966 et
3028 4913 3438 4982 transtulisset;

150 5000 569 5078 χρηματίζειν·
589 5002 774 5071 ἕτερον
795 5002 904 5072 γάρ
924 5001 988 5057 ἂν
1009 5002 1239 5064 ἐκείνοις
1269 5002 1648 5071 ἡλαζονεύετο·
1668 5005 1762 5057 καὶ

1866 4999 2011 5071 quod
2049 5015 2157 5053 non
2197 5011 2314 5055 erat
2358 5002 2741 5070 consequentia
2822 5005 3114 5068 servantis,
3165 5006 3259 5060 sed
3294 5016 3439 5075 patet

147 5098 316 5169 πρὸς
349 5089 535 5163 ἕτερον
554 5087 614 5145 οὗ
640 5096 805 5163 μήπω
836 5093 935 5163 μὲν
973 5091 1193 5157 ὄνειδος,
1225 5095 1389 5162 μήπω
1422 5093 1480 5146 δὲ
1521 5110 1758 5165 κατηγο-

1867 5104 1989 5143 eum
2030 5088 2151 5143 illos
2177 5089 2378 5145 diaboli
2414 5092 2550 5144 tilios
2581 5092 2921 5155 nominasse,
2960 5094 3117 5162 cujus
3165 5094 3352 5148 bubitu
3383 5104 3438 5148 et

146 5191 307 5265 ρίαν
330 5182 503 5258 εἶχον,
538 5184 785 5255 μεθείλεν
816 5184 883 5239 ἂν
910 5186 1005 5241 καὶ
1047 5186 1363 5257 μετέφερεν.
1402 5187 1540 5257 ὅπερ
1563 5189 1663 5241 οὐκ
1692 5183 1761 5258 ἦν

1869 5184 1919 5235 in
1954 5185 2172 5237 nomine
2214 5196 2267 5239 et
2320 5184 2375 5237 in
2433 5194 2611 5238 mente
2644 5194 2697 5238 et
2755 5186 2808 5239 in
2868 5186 3171 5241 imitatione
3215 5198 3437 5242 actuum

145 5280 581 5351 συντηροῦντος
607 5280 669 5333 τὸ
708 5278 1024 5345 ἀκόλουθον,
1056 5279 1172 5333 ἀλλ’
1216 5280 1382 5332 αὐτοῦ
1427 5296 1490 5348 γε
1520 5281 1763 5351 δηλονότι

1871 5282 2115 5339 utuntur,
2169 5278 2419 5345 quodque
2456 5284 2573 5330 erat
2597 5278 2676 5330 eis
2732 5278 2924 5331 audire
2959 5278 3161 5332 durum
3204 5288 3260 5333 et
3304 5280 3437 5334 abo-

140 5375 272 5433 τοῦ
324 5372 578 5427 διαϐόλου
606 5372 799 5435 παίδας
848 5370 1154 5440 ὠνόμαζεν,
1198 5363 1259 5424 οὐ
1307 5371 1400 5424 καὶ
1449 5371 1543 5441 τὴν
1592 5374 1650 5423 ὲν
1692 5374 1758 5443 τῇ

1870 5366 2209 5420 minantium.
2270 5365 2407 5422 Cum
2454 5366 2597 5420 enim
2628 5362 2847 5421 Iudaeus
2883 5377 3093 5435 patrem
3126 5366 3299 5423 Deum
3329 5369 3434 5423 sibi

140 5470 378 5538 κλήσει
426 5466 609 5534 σχέσιν
667 5463 769 5519 κάν
823 5464 919 5517 καλ
984 5466 1051 5533 τῇ
1096 5464 1289 5534 γνώμῃ
1350 5469 1443 5516 καὶ
1497 5466 1560 5533 τῇ
1588 5465 1761 5535 μιμήι

1870 5459 2204 5523 ascriberet,
2268 5467 2324 5513 et
2372 5456 2618 5512 Salvator
2658 5458 2817 5512 vellet
2869 5472 2966 5512 eos
3019 5459 3307 5513 ostendere
3340 5475 3438 5529 per

138 5579 254 5619 σεε
318 5558 438 5612 τῶν
498 5556 751 5627 πράξεων
801 5554 1182 5626 συνεφέροντο,
1244 5553 1387 5624 βαρύ
1424 5570 1483 5607 τε
1540 5551 1609 5625 ἦν
1660 5555 1761 5608 αὐ-

1870 5566 2034 5621 opera
2072 5551 2201 5605 illud
2236 5551 2454 5621 quidem
2487 5550 2831 5611 mentientes.
2861 5549 3136 5605 diabolum
3172 5566 3298 5605 vero
3340 5566 3437 5621 per

120 5656 292 5716 τοῖς
337 5648 567 5706 ἀκούειν
601 5649 695 5701 καὶ
730 5648 1133 5717 ἀποτρόπαιον·
1168 5647 1292 5700 έπεὶ
1321 5641 1415 5699 οὖν
1442 5648 1471 5699 ό
1517 5646 1772 5710 Ἰουδαῖος

1867 5657 1931 5696 ea
1960 5656 2082 5711 quae
2114 5640 2348 5710 agebant
2367 5640 2469 5696 sibi
2509 5648 2713 5709 patrem
2760 5638 3042 5703 facientes,
3078 5639 3209 5709 quid
3235 5639 3436 5711 egisset

126 5747 401 5814 πατέρα
431 5744 527 5797 τὸν
573 5742 703 5796 Θεὸν
753 5742 1067 5811 ἐπέγραφεν
1121 5738 1337 5803 ἑαυτοῦ,
1374 5740 1467 5793 καὶ
1509 5742 1537 5793 ό
1580 5739 1769 5812 Σωτὴρ

1869 5747 2051 5788 sermo
2091 5740 2296 5801 patrem
2328 5731 2525 5785 diaboli
2554 5741 2757 5798 patrem
2785 5727 3097 5785 Judazorum
3127 5744 3222 5800 per
3252 5730 3434 5787 divin!

138 5835 491 5900 ιτ-ιτούδαζε
522 5833 789 5888 δεικνύειν
818 5833 909 5887 διὰ
946 5832 1055 5886 τῶν
1088 5833 1266 5903 ἔργων
1299 5830 1457 5885 τοῦτο
1503 5831 1603 5901 μιν
1633 5828 1769 5884 Φεν-

1003 5832 1055 5884 iw
1088 5833 1266 5903 ἔργων
1299 5830 1457 5885 τοῦτο
1503 5831 1603 5901 μιν
1633 5828 1769 5884 ψεν-
1868 5824 2087 5880 oracula
2121 5824 2389 5879 nominari
2418 5823 2656 5880 docens?

526 5953 796 6013 Pamon.
848 5953 963 6014 Gn.
1002 5952 1102 6014 Cl.
3037 5926 3095 5977 ⁸⁵
