4186 6444
777 373 881 436 355

1926 375 2185 437 PHOTII
2217 375 2726 441 PATRIARCHIE
2758 381 2867 442 (ΣΡ.

3920 404 4033 470 356

773 488 1051 559 δομένους,
1095 487 1188 541 τὸν
1225 489 1477 543 διάϐολον
1503 489 1559 541 δὲ
1590 490 1655 542 δι’
1705 481 1780 542 ὧν
1833 489 2100 559 ἔπραττον
2139 488 2357 559 πατέρα
2390 491 2769 562 ποιουμένους,
2798 494 2887 558 τίς
2919 493 2986 550 ἃν
3026 498 3114 570 εἴη
3152 498 3310 570 λόγος
3353 503 3384 555 ό
3437 506 3714 576 περαίνων
3766 459 3862 566 τὸν
3922 459 4041 570 ζ

770 585 906 654 τέρα
935 585 1029 638 τοῦ
1061 585 1310 638 διαϐόλου
1346 587 1560 656 πατέρα
1581 585 1691 637 τῶν
1727 585 2000 639 Ἰουδαίων
2029 585 2117 638 διὰ
2143 586 2254 638 τῶν
2288 585 2502 651 Λογίων
2533 589 2935 658 ὀνομάζεσθαις
3489 590 3491 592 ’

843 674 959 729 Vox
989 677 1136 730 enim
1163 675 1466 730 Salvatoris
1498 675 1566 728 nd
1595 674 1812 731 Judaaos
1841 691 1938 745 per
1971 677 2348 746 exprobratio—
2379 679 2426 736 Δ

769 781 894 821 nem
931 766 1137 820 directa
1179 766 1312 819 nihil
1364 781 1555 818 eorum
1614 766 1720 820 sibi
1769 767 2043 836 proponit.
2108 765 2342 821 Obvium

768 859 914 913 enim
971 866 1026 912 et
1069 857 1319 912 lectionis
1355 857 1777 926 explicationem
1817 858 2095 924 nesciens,
2167 872 2344 927 neque

769 949 1054 1006 attendens
1083 950 1150 1005 ad
1183 965 1345 1020 quam
1387 949 1692 1019 praesertim
1729 952 2025 1006 multorum
2075 951 2257 1020 lingua
2286 959 2344 1004 ut

767 1041 1024 1112 loquatur
1052 1049 1274 1107 temere,
1310 1039 1634 1107 abducatur,
1663 1050 1861 1112 sponte
1889 1042 2099 1096 invenit
2128 1050 2340 1110 patrem

764 1133 969 1189 diaboli
1007 1149 1170 1202 quem
1209 1133 1395 1187 nullus
1431 1147 1566 1188 usus
1607 1149 1784 1205 neque
1831 1135 1948 1204 ipsa
1978 1134 2343 1205 appellatione

764 1221 1030 1278 exsistere
1059 1230 1250 1276 notum
1277 1221 1426 1276 facit.
1478 1221 1536 1278 Si
1561 1233 1740 1278 autem
1775 1224 2158 1294 explicationis
2178 1223 2343 1279 modo

763 1312 1186 1378 consideretur,
1239 1321 1294 1368 et
1340 1314 1494 1382 juxta
1551 1315 1922 1383 praecedentes
1977 1315 2341 1384 cegitationes

765 1414 982 1475 aptetur
1007 1415 1062 1461 et
1097 1407 1443 1476 explanetur,
1504 1405 1621 1473 ipse
1671 1406 1923 1462 diabolus
1977 1415 2132 1476 pater
2156 1406 2341 1478 ingra-

764 1505 950 1550 torum
973 1495 1287 1551 Judazorum
1321 1496 1698 1550 annuntiatur.
1747 1495 1813 1549 Et
1855 1511 2019 1566 quem
2058 1512 2167 1552 non
2197 1497 2341 1553 inhi-

765 1587 914 1642 bitus
958 1588 1157 1658 lingua:
1179 1603 1375 1644 cursus
1407 1588 1821 1658 explicationem
1849 1590 2107 1646 omittens
2127 1599 2338 1661 patrem

763 1679 962 1733 diaboli
981 1678 1134 1748 tingit
1159 1687 1216 1733 et
1245 1678 1553 1743 annuntiat,
1586 1678 1738 1733 nullo
1763 1679 1925 1732 modo
1956 1679 2336 1735 exsistentiam

764 1769 949 1823 habet.
990 1766 1242 1822 Salvator
1268 1778 1450 1822 autem
1482 1783 1577 1836 per
1595 1768 2078 1837 exprobrationem
2107 1767 2336 1822 verbum

761 1858 1067 1928 proferens,
1094 1873 1219 1912 cum
1257 1856 1569 1912 Iudaeorum
1601 1858 2066 1926 populusdiceret,
2105 1877 2124 1910 ε
2156 1859 2336 1915 Unum

761 1959 969 2019 patrem
988 1948 1252 2002 habemus
1271 1947 1464 2014 Deum,
1488 1966 1508 2001 ι
1540 1949 1752 2004 audetis
1776 1949 1963 2020 igitur,
1996 1950 2196 2020 inquit,
2231 1966 2334 2006 nec

762 2055 861 2096 vos
885 2040 1048 2109 pudet
1067 2048 1282 2110 patrem
1317 2038 1487 2093 Deum
1515 2054 1747 2105 vocare;
1791 2048 1888 2094 aut
1919 2053 2101 2095 nonne
2128 2053 2229 2095 vos
2264 2055 2332 2094 ex

758 2131 979 2185 diabolo
1008 2131 1163 2195 estis,
1209 2145 1280 2184 eo
1305 2130 1450 2200 quod
1480 2130 1735 2184 mandata
1763 2130 1884 2200 ejus
1928 2131 2094 2185 vultis
2128 2130 2330 2194 facere,

757 2235 860 2274 vos
888 2220 1028 2276 filios
1063 2221 1182 2290 ejus
1213 2220 1560 2275 exhibentes.
1606 2220 1779 2290 Cujus
1828 2220 1974 2274 enim
2001 2222 2124 2290 quis
2173 2218 2332 2291 ju'xta

760 2310 1014 2363 mandata
1050 2309 1317 2364 formatur
1345 2317 1400 2364 et
1430 2307 1676 2380 fingitur,
1706 2309 1908 2379 dignus
1935 2317 2022 2365 est
2050 2311 2214 2365 etiam
2237 2310 2332 2379 qui

758 2399 881 2467 ejus
908 2399 1054 2468 filius
1073 2399 1513 2469 eognominetur.
1567 2399 1715 2464 Quas
1750 2399 1898 2453 enim
1929 2399 2074 2469 leges
2103 2399 2336 2454 aemula-

760 2491 961 2544 bantur
1011 2489 1205 2554 Judai,
1266 2488 1374 2545 nisi
1432 2503 1529 2544 eas
1572 2490 1774 2558 quibus
1815 2482 2041 2559 gloriam
2085 2489 2189 2544 sibi
2241 2504 2334 2544 ac-

757 2581 1014 2650 quirebat
1037 2581 1325 2636 diabolus!
1356 2581 1596 2636 Gloriam
1618 2583 1687 2636 ab
1721 2583 1951 2636 invicem
1986 2583 2332 2650 recipientes,

759 2673 1036 2743 proximos
1083 2673 1376 2728 calumniis
1427 2673 1673 2737 edentes,
1729 2673 1933 2727 invidia
1963 2672 2334 2742 pulcherrima

755 2769 1125 2838 inquinantes,
1156 2770 1354 2823 caedem
1393 2767 1447 2822 in
1482 2765 1818 2822 Salvatorcin
1837 2767 2232 2833 maehinantes,
2281 2774 2337 2822 et

757 2860 939 2930 lingua
1006 2860 1390 2928 sententiaque
1469 2867 1702 2912 mortem
1765 2858 1885 2926 ejus
1937 2866 2330 2926 praeparantes,

752 2953 968 3005 veritati
1035 2951 1375 3023 mendacium
1464 2949 1852 3019 praeferentes,
1913 2959 1969 3004 et
2037 2949 2222 3004 dolum
2279 2958 2335 3004 et

752 3041 1082 3095 calumniam
1130 3025 1190 3094 et
1215 3039 1505 3094 avaritiam
1532 3039 1698 3094 vitam
1731 3055 1891 3094 suam
1940 3039 2225 3100 facientes,
2278 3048 2334 3095 et

751 3133 861 3186 alia
922 3134 1104 3186 omnia
1157 3132 1244 3185 bis
1296 3131 1498 3185 similia
1521 3140 1686 3195 sunt;
1732 3145 1830 3200 per
1882 3145 2003 3199 qua:
2038 3140 2092 3185 ct
2129 3131 2330 3184 diaboli

752 3223 1265 3291 eongcnerationem
1303 3230 1362 3274 ut
1392 3221 1634 3276 auctoris
1655 3230 1710 3274 et
1769 3221 1968 3274 satoris
2013 3221 2120 3287 sui,
2153 3221 2328 3273 mani-

752 3315 889 3367 iesle
940 3314 1044 3367 sibi
1099 3312 1472 3366 vindicabant.
1555 3310 1823 3365 Praeterea
1879 3321 1933 3365 et
1983 3311 2211 3363 allatum
2243 3305 2394 3407 'etC

751 3419 1060 3458 connexum
1085 3402 1375 3456 oraculum
1426 3416 1534 3454 non
1567 3402 1770 3454 indicat
1799 3400 2017 3469 quidem
2049 3401 2322 3454 nominari

746 3505 983 3564 patrem,
1035 3493 1283 3563 inquam,
1330 3491 1553 3557 diaboli,
1595 3489 1850 3561 aliquem.
1914 3491 2151 3548 Rursum
2194 3508 2324 3547 vero

749 3589 1012 3660 supponit
1045 3588 1363 3642 annumiari
1412 3596 1624 3656 patrem
1677 3585 1988 3648 Judmorum
2039 3588 2316 3643 diabolum

752 3691 807 3736 et
862 3697 982 3736 esse
1016 3690 1071 3734 et
1104 3678 1398 3734 nominari.
1472 3678 1614 3732 Dicit
1643 3678 1828 3733 enim:
1875 3679 2008 3733 «Ille
2058 3680 2127 3733 ab
2165 3682 2322 3735 initio

751 3769 1024 3822 homicida
1057 3777 1177 3822 erat
1200 3767 1273 3830 “,
1300 3785 1320 3818 ι
1395 3765 1672 3820 diabolum
1706 3767 2016 3832 manifeste,
2054 3784 2163 3822 non
2219 3769 2322 3824 ali-

748 3873 908 3928 quem
947 3869 1156 3927 patrem
1187 3856 1540 3912 diaboli.~Cui
1579 3857 1725 3912 enim
1749 3859 1906 3912 alteri
1944 3859 2098 3924 illud,
2136 3860 2318 3914 homi-

748 3951 891 4014 cida,
927 3960 981 4003 et
1002 3948 1156 4015 illud,
1216 3949 1328 4001 «ab
1363 3947 1596 4010 initio,»
1676 3949 1999 4003 conveniet?
2061 3957 2115 4005 et
2161 3951 2315 4016 illud,

751 4061 772 4092 ε
811 4041 1036 4094 minime
1069 4041 1122 4092 in
1157 4039 1383 4092 veritate
1427 4039 1603 4093 stare?
1632 4057 1652 4090 ι
1688 4040 1791 4093 nisi
1827 4040 1929 4108 ipsi
1959 4041 2197 4107 diabolo,
2221 4045 2317 4112 qui

747 4131 985 4200 linguam
1033 4137 1223 4183 contra
1262 4126 1578 4183 Creatorem
1626 4131 1910 4185 mendacio
1961 4132 2130 4195 acuit,
2191 4134 2318 4187 dolo

745 4231 927 4274 autem
979 4235 1100 4273 eam
1149 4218 1445 4272 dulcorans
1498 4219 1686 4288 prima:
1729 4229 1990 4275 creatura:
2019 4224 2312 4290 protendit,

743 4323 797 4366 et
820 4319 1110 4381 postquam
1149 4311 1330 4365 verbis
1372 4310 1746 4364 fraudulenter
1783 4326 1901 4364 eam
1945 4313 2261 4377 incantavit,
2285 4329 2315 4368 e

741 4404 865 4456 vita:
885 4403 940 4458 in
958 4403 1215 4472 paradiso
1249 4409 1386 4457 actm
1408 4402 1798 4456 etdeliciarum
1827 4411 2152 4457 aeternarum
2190 4406 2315 4458 ﬁni-

741 4494 1083 4562 busexpulit,
1126 4493 1553 4548 immortalitatis
1586 4494 1764 4547 locum
1806 4508 2078 4550 earcerem
2117 4499 2312 4552 mortis

2537 677 2606 728 Ἦ
2631 681 2740 750 γάρ
2769 699 2851 735 τοι
2873 683 2942 736 δι’
2967 685 3252 756 ὑποφορᾶς
3281 689 3418 758 πρὸς
3436 693 3561 756 τοὺς
3580 695 3870 762 Ἰουδαίους
3893 702 4040 756 ἀπο-

2443 768 2730 860 τεινομένη
2745 770 2838 823 τοῦ
2866 772 3116 843 Σωτῆρος
3143 776 3486 846 φωνὴ,οὺδὲν
3507 782 3686 836 αὐτῶν
3714 790 4038 860 συναντιλή-

2442 857 2604 953 {lactat
2628 865 2704 953 τῇ
2755 863 3053 934 προθέσει⁹
3079 867 3141 919 τὸ
3173 868 3273 937 μὲν
3321 869 3431 941 γὰρ
3468 874 3763 947 πρόχειρον
3809 881 3906 934 καὶ
3932 857 4036 953 τῆν

2442 949 2722 1043 δια-στολὴν
2746 954 2846 1043 οὐκ
2875 953 3032 1020 είδὼς
3071 957 3174 1034 τῆς
3218 959 3599 1029 ἀναγνώσεως,
3644 970 3741 1022 καὶ
3789 973 3930 1040 πρὸς
3967 949 4037 1043 ῆν

2447 1039 2683 1107 μάλιστα
2711 1042 2821 1097 τῶν
2851 1045 3066 1100 πολλῶν
3114 1048 3148 1118 ὴ
3183 1047 3404 1116 γλῶττα
3448 1039 3847 1126 παρασύρεται
3867 1039 4036 1115 αύτο-

2444 1130 2770 1198 σχεδιάζειν,
2824 1129 2984 1203 εὗρεν
3007 1136 3229 1207 ἑτοιμον
3278 1141 3498 1212 πατέρα
3524 1145 3622 1197 τοῦ
3657 1147 3937 1218 διαϐόλου,
3975 1153 4038 1207 δν

2441 1220 2670 1314 οὐδεμία
2714 1222 2914 1314 χρῆσις
2962 1227 3081 1281 αὑδ⁹
3112 1229 3172 1281 ἑν
3206 1232 3274 1301 τῇ
3310 1231 3501 1302 κλήσει
3541 1237 3642 1308 τὴν
3675 1241 3840 1308 φύσιν
3881 1244 4036 1314 ἔχειν

2441 1309 2729 1381 ἐγνώρισεο
2758 1313 2819 1366 τὸ
2843 1313 2900 1367 δὲ
2943 1321 3417 1391 περιεσκεμμένον
3444 1325 3523 1396 τῷ
3559 1328 3746 1400 τρόπῳ
3768 1332 3874 1400 τῆς
3908 1309 4031 1389 δια·

2444 1401 2660 1470 στολῆς,
2685 1402 3088 1476 ρυθμιζόμενον
3109 1411 3206 1463 καὶ
3223 1414 3344 1475 ταῖς
3366 1415 3768 1484 προλαϐούσαις
3797 1425 4036 1489 ἑννοίαις

2444 1492 2948 1565 συνδιαιρούμενον,
2978 1498 3143 1552 αὐτόν
3171 1517 3231 1553 τε
3260 1501 3356 1556 τὸν
3393 1505 3642 1561 διάϐολον
3673 1513 3890 1583 πατέρα
3922 1515 4035 1568 τῶν

2440 1584 2773 1678 ἀγνωμόνων
2797 1587 3072 1644 Ἰουδαίων
3097 1592 3456 1661 ἀπαγγέλλει·
3481 1599 3577 1654 καὶ
3592 1601 3652 1654 ὃν
3675 1604 3705 1655 ό
3731 1605 4030 1678 ἀνεπίσχε-

2437 1690 2530 1737 τος
2549 1675 2650 1744 τῆς
2671 1676 2920 1748 γλώττης
2956 1679 3156 1751 δρόμος
3202 1683 3303 1754 τὴν
3350 1686 3639 1762 διαστολὴν
3677 1675 4032 1766 ὑπερϐαίνων

2439 1768 2827 1858 πλεριαγγέλλει
2864 1772 3077 1842 πατέρα
3108 1774 3202 1828 τοῦ
3227 1776 3475 1832 διαϐόλου
3501 1782 3779 1850 πλάττων,
3813 1788 4028 1858 οὐμεν-

2439 1855 2533 1949 ούν
2585 1858 2838 1927 οὐδαμῶς
2877 1865 3303 1920 συνεπίσταται·
3336 1870 3708 1943 ἐπιτιμήσεως
3740 1876 3799 1929 δε
3837 1855 4029 1949 τρόπῳ

2437 1948 2528 2000 τὸν
2558 1949 2717 2016 λόγον
2748 1952 2777 2004 ὁ
2812 1953 3004 2025 Σωτὴρ
3040 1959 3322 2027 προάγων,
3342 1962 3576 2035 ἐπείπερ
3607 1966 3797 2036 ἔλεγεν
3835 1972 3867 2022 ὁ
3897 1948 4031 2025 Ἰουέ

2433 2039 2599 2131 δαίων
2611 2041 2808 2131 δῆμος,
2839 2062 2858 2094 ε
2871 2044 3010 2098 Ἕνα
3031 2048 3245 2119 πατέρα
3261 2049 3456 2121 ἔχομεν
3474 2055 3726 2110 τὸνθεόν·
3740 2077 3762 2110 ι
3787 2059 4029 2131 τολμᾶτε

2432 2130 2490 2182 δέ
2518 2148 2581 2199 γε
2604 2127 2736 2202 ἆρα,
2763 2135 2923 2204 φησὶ,
2948 2137 3044 2190 καὶ
3067 2137 3167 2190 οὐκ
3202 2141 3614 2207 ἑγκαλύπτεσθε
3639 2149 3856 2219 πατέρα
3887 2127 4027 2204 πατ-

2433 2219 2721 2306 ονομάζειν
2761 2222 2853 2275 τὸν
2875 2222 3047 2290 Θεόν;
3076 2226 3110 2296 ἢ
3137 2227 3259 2297 οὐχὶ
3291 2230 3451 2300 ὑμεῖς
3473 2233 3569 2286 τοῦ
3597 2235 3848 2292 διαϐόλου
3877 2242 4025 2306 ἑστὲ,

2433 2309 2500 2363 δι’
2532 2304 2608 2365 ὧν
2631 2312 2729 2375 τὰς
2755 2315 2975 2380 ἑντολάς
3014 2318 3182 2372 αὑτοῦ
3214 2319 3398 2375 θέλετε
3429 2327 3626 2392 ποιεῖν,
3657 2329 3809 2391 υίοὺς
3853 2304 4026 2385 αὐτού

2433 2401 2742 2468 δεικνύντες
2786 2407 3049 2474 ἑαυτούς;
3081 2406 3143 2464 οὗ
3176 2412 3286 2484 γάρ
3325 2430 3413 2478 τις
3462 2416 3608 2470 κατά
3653 2419 3757 2483 τὰς
3798 2422 4025 2486 ἐντολάς

2439 2494 2740 2564 μορφοῦται
2763 2499 2860 2550 καὶ
2898 2499 3309 2569 διαπλάττεται,
3371 2505 3563 2560 τούτου
3603 2511 3698 2562 καὶ
3730 2512 3850 2576 υίὸς
3892 2531 4026 2568 κατ-

2435 2585 2798 2654 ονομάζεσθαι
2844 2590 3054 2654 δίκαιος
3085 2592 3169 2663 εἴη
3205 2594 3306 2646 ἄν’
3338 2596 3492 2660 τίνας
3521 2597 3567 2652 δ’
3605 2600 3673 2654 ἂν
3715 2601 3945 2666 ἐντολὰς
3972 2607 4024 2658 οι

2437 2677 2683 2731 Ἰουδαῖοι
2707 2680 3063 2746 ἐσπούδαζον,
3090 2685 3124 2755 ἢ
3157 2686 3227 2738 δι’
3242 2679 3328 2739 ’ὧν
3358 2689 3388 2741 ὁ
3419 2676 3664 2754 διάϐολος
3696 2693 4021 2762 “citato;

2433 2767 2591 2832 δόξαν
2628 2772 2760 2842 παρ’
2802 2773 2980 2827 ἄλλων
3023 2776 3417 2846 λαμϐάνοντες,
3456 2784 3578 2845 ταῖς
3628 2788 4024 2853 συκοφαντίαις

2433 2861 2561 2921 τοὺς
2589 2861 2818 2930 πλησίον
2856 2867 3259 2932 κατεσθίοντες,
3295 2871 3478 2940 φθόνῳ
3517 2873 3588 2926 τά
3630 2875 3900 2930 κάλλιστα
3926 2877 4024 2931 λυ-

2437 2951 2776 3019 μαινόμενοι,
2817 2955 2978 3023 φόνον
3019 2959 3161 3010 κατά
3189 2958 3287 3011 τοῦ
3321 2961 3570 3031 Σωτῆρος
3608 2966 4021 3036 μηχανώμενοι,

2433 3041 2528 3093 καὶ
2563 3043 2779 3114 γλώσσῃ
2808 3048 2902 3099 καὶ
2932 3050 3125 3119 γνώμῃ
3158 3050 3250 3103 τὸν
3292 3051 3523 3108 θάνατον
3563 3059 4018 3128 συσκευάζοντες,

2431 3135 2492 3186 τὸ
2524 3135 2720 3203 ψεῦδος
2745 3136 2844 3206 τῆς
2877 3140 3137 3209 ἀληθείας
3175 3141 3490 3212 ἔμπροσθεν
3525 3147 3773 3214 ἄγοντες,
3803 3149 3902 3203 καὶ
3930 3151 4019 3204 δό-

2431 3223 2522 3276 λον
2549 3229 2642 3277 καὶ
2668 3227 2919 3297 διαϐολὴν
2943 3233 3037 3282 καὶ
3066 3231 3433 3302 φιλαργυρίαν
3477 3235 3568 3287 τὸν
3601 3236 3714 3304 βίον
3745 3241 4018 3310 ποιούμε-

2433 3331 2534 3378 νοι,
2573 3318 2667 3369 κα)⁵
2689 3319 2788 3370 ὅσα
2812 3319 3024 3383 τούτοις
3056 3323 3439 3390 παραπλήσια,
3474 3325 3549 3378 δι’.
3572 3321 3646 3380 ὧν
3672 3330 3768 3381 καὶ
3789 3331 3890 3399 τὴν
3917 3333 4016 3385 τοῦ

2428 3407 2674 3460 διαϐόλου
2693 3411 3033 3477 συγγένειαν,
3053 3413 3128 3475 ὡς
3145 3415 3393 3483 ἀρχηγοῦ
3410 3417 3505 3468 καὶ
3520 3421 3763 3488 σπορέως
3778 3423 4014 3489 τούτων,

2427 3502 2743 3570 περιφανῶς
2775 3503 3125 3572 ᾠκειώσαντο
3149 3523 3162 3535 ·
3195 3507 3292 3558 ἑπὶ
3329 3509 3540 3572 τούτοις
3569 3513 3665 3565 καὶ
3693 3513 3755 3565 τὸ
3797 3515 4015 3584 ἑπαγόο

2429 3607 2589 3658 μενον
2608 3593 2702 3644 καὶ
2725 3597 3134 3664 συνηρτημένον
3151 3596 3352 3666 λόγιον,
3367 3600 3430 3652 τὸ
3446 3602 3548 3671 μὲν
3567 3604 3665 3655 οὐκ
3683 3600 3827 3659 οἶδεν
3846 3606 4014 3675 ὅλως,

2425 3681 2639 3750 πατέρα
2687 3681 2833 3749 λέγω
2868 3685 2992 3737 τινὰ
3043 3688 3141 3738 τοῦ
3184 3686 3456 3756 διαϐόλου,
3506 3694 4010 3763 κατονομάζεσθαι·

2422 3772 2484 3824 τὸ
2518 3773 2575 3825 δὲ
2601 3774 2763 3826 πάλιν
2807 3775 3099 3850 ὑποϐάλλει
3158 3781 3632 3848 καταγγέλλεσθαι
3665 3787 3885 3858 πατέρα
3899 3789 4015 3843 τῶν

2422 3865 2690 3917 Ἰουδαίων
2732 3865 2822 3918 τὸν
2843 3866 3220 3922 διάϐολονκαὶ
3278 3869 3417 3923 εἷναι
3461 3877 3558 3926 καὶ
3608 3875 4008 3945 ὀνομάζεσθαι·

2423 3954 2557 4022 φησὶ
2574 3955 2702 4022 γὰρ,
2727 3954 2991 4020 «Ἐκεῖνος
3001 3957 3097 4011 ἀπ’
3116 3960 3745 4032 άρχῆςάνθρωποκτόνος
3760 3962 3853 4038 ἦν,
3868 3988 3890 4022 ι
3917 3971 4013 4024 τὸν

2419 4044 2665 4098 διάϐολον
2696 4047 2959 4116 δηλονότι,
2999 4051 3114 4104 ἀλλ’
3149 4054 3245 4122 οὐχ
3292 4053 3482 4126 ἔτερόν
3513 4073 3637 4110 τινα
3667 4062 3888 4131 πατέρα
3911 4062 4010 4116 τοῦ

2418 4135 2692 4190 διαϐόλουο
2721 4139 2828 4191 τίνι
2873 4139 2918 4193 δ’
2933 4140 2999 4194 ἂν
3031 4143 3202 4213 ἑτέρῳ
3217 4143 3299 4208 τὸ,
3327 4146 3826 4216 «ἀνθρωποκτόνος,
3854 4169 3877 4204 ι
3912 4155 4011 4208 καὶ

2417 4229 2496 4321 si),
2578 4231 2673 4321 άπ⁹
2695 4232 2891 4301 ἀρχῆς,
2918 4251 2937 4285 ι
2963 4237 3295 4306 ἑφαρμόσει;
3314 4239 3407 4291 καὶ
3446 4242 3527 4306 τὸ,
3553 4244 3852 4314 «μηδαμῶς
3864 4249 3925 4301 ἑν
3939 4251 4009 4321 τῇ

2417 4316 2646 4388 ἀληθείᾳ
2674 4321 2895 4372 ἑστάναι
2919 4360 2933 4385 ,
2956 4341 2973 4372 ι
2998 4325 3046 4374 εί
3077 4324 3154 4394 μὴ
3175 4325 3325 4394 αὐτῷ
3351 4341 3414 4392 γε
3436 4326 3513 4396 τῷ
3531 4329 3786 4400 διαϐόλῳ,
3817 4331 3882 4389 ὃς
3910 4316 4010 4403 τὴν

2414 4409 2666 4476 γλῶσσαν
2698 4411 2796 4480 μὲν
2846 4415 2987 4468 κατά
3025 4414 3119 4467 τοῦ
3151 4418 3495 4488 Δημιουργοῦ
3533 4420 3611 4490 τῷ
3640 4421 3829 4490 ψεύδει
3863 4442 4011 4496 παρ-

2413 4499 2609 4566 ώξυνε,
2625 4501 2708 4572 τῷ
2723 4502 2861 4573 δόλῳ
2882 4505 2939 4556 δὲ
2961 4505 3167 4575 ταύτην
3191 4509 3466 4575 γλυκάνας
3489 4510 3566 4582 τῷ
3592 4513 4011 4587 πρωτοπλάστῳ

737 4587 1016 4641 ellicieus?
1070 4586 1296 4640 Mortem
1327 4586 1472 4667 enim
1497 4584 1639 4639 Deus
1672 4601 1779 4639 non
1809 4584 1970 4654 fecit;
2011 4589 2103 4642 sed
2142 4579 2302 4657 prinii

2432 4591 2701 4661 προῦτεινε
2726 4610 2740 4622 ο
2793 4596 2887 4647 καὶ
2938 4596 3118 4663 λόγοις
3164 4599 3477 4665 ἑπικλόπως
3529 4579 4005 4672 παταγοητεύσας,

737 4679 979 4747 parentis
1007 4676 1389 4747 transgressio,
1443 4676 1677 4730 consilio
1705 4690 1733 4728 a
1779 4686 2033 4744 serpente
2061 4687 2309 4748 accepto,

2432 4682 2515 4750 τῆς
2542 4684 2598 4734 ἑν
2627 4683 2942 4755 παραδείσῳ
2978 4686 3124 4756 ζωῆς
3153 4691 3244 4741 καὶ
3274 4691 3488 4761 τρυφῆς
3517 4694 3690 4747 ἀϊδίου
3718 4696 4010 4770 ὑπερώρι-

737 4782 968 4827 mortem
995 4773 1198 4842 genuit.
1230 4771 1399 4842 Igitur
1419 4780 1474 4825 et
1493 4771 1765 4825 homicida
1788 4773 1857 4825 ab
1886 4773 2039 4827 initio
2063 4774 2315 4830 diabolus

2432 4789 2532 4838 rev,
2560 4775 2923 4846 ἐργαστήριον
2971 4778 3223 4847 θανάτου,
3243 4781 3344 4850 τῆς
3366 4782 3671 4849 ἀθανασίας
3689 4787 3753 4839 τὸ
3801 4791 4010 4861 χωρίον

736 4872 791 4916 et
819 4863 872 4917 in
899 4866 1126 4917 veritate
1148 4878 1257 4916 non
1289 4862 1474 4927 stetit;
1510 4873 1563 4915 et
1591 4861 1666 4915 illi
1693 4862 1980 4916 Dominum
2004 4875 2310 4932 quaerentes

2432 4865 2822 4934 ιργασάμενος;
2861 4867 3093 4921 θάνατον
3110 4869 3219 4939 γάρ
3253 4871 3281 4922 ό
3301 4872 3430 4934 Θεὸς
3451 4876 3549 4926 οὐκ
3581 4877 3862 4946 ἐποίησεν·
3888 4880 4009 4934 ἀλλ’

736 4951 1062 5019 interficere,
1092 4961 1146 5007 et
1171 4951 1385 5006 veritati
1407 4951 1752 5006 mendacium
1777 4967 1996 5020 semper
2018 4952 2304 5021 proferen-

2432 4955 2549 5023 ιτοῦ
2571 4957 2996 5025 πρωτοπλάστου
3016 4960 3327 5030 παράϐασις
3354 4963 3454 5034 τὴν
3478 4981 3542 5017 συ
3550 4965 3790 5039 μϐουλὴν
3807 4970 4010 5024 συλλα-

736 5052 836 5107 tes,
870 5041 1099 5095 formam
1133 5041 1378 5112 parentis
1404 5040 1747 5096 indelebilem
1777 5053 2123 5100 conservant.

2432 5046 2576 5099 ἰοῦσα
2630 5048 2725 5101 τοῦ
2756 5049 2953 5117 ὄφεως,
2982 5050 3074 5104 τὸν
3126 5052 3357 5108 θάνατον
3399 5057 3753 5129 ἀπεκύησεν
3805 5063 4009 5116 οὒκσᾶν

734 5138 831 5191 καὶ
847 5136 1296 5206 ἀνθρωποκτόνος
1313 5134 1409 5200 ἀπ’
1424 5135 1596 5205 ἀρχῆς
1615 5135 1644 5186 ό
1664 5134 1926 5203 διάϐολος,
1941 5138 2033 5190 καὶ
2055 5140 2113 5191 ἑν
2129 5143 2196 5210 τῇ
2219 5141 2452 5211 ἀληθείᾳ
2469 5142 2566 5213 οὐχ
2580 5142 2811 5213 ἕστηκεν
2828 5160 2843 5176 ο
2857 5145 2951 5199 καὶ
2967 5145 3122 5200 αὐτοὶ
3144 5147 3432 5218 ζητοῦντες
3442 5153 3759 5210 ἀποκτεῖναι
3779 5150 3875 5210 τὸν
3895 5161 4008 5212 Kri-

735 5243 870 5297 ριον,
902 5226 996 5278 καὶ
1029 5225 1089 5278 τὺ
1121 5224 1314 5293 ψεῦδος
1330 5224 1418 5278 ἀεὶ
1453 5224 1558 5295 πρὸ
1586 5228 1684 5295 τῆς
1719 5226 1974 5298 ἀληθείας
1998 5229 2264 5298 ἑλόμενοι,
2285 5233 2384 5303 τὴν
2409 5234 2622 5305 μορφὴν
2641 5233 2737 5287 τοῦ
2760 5237 3152 5306 γεγεννηκότος
3169 5240 3635 5314 άπαραχάρακτον
3647 5248 4002 5315 διασώζουσι.

785 5321 957 5376 Patet
1009 5338 1075 5376 ex
1146 5322 1309 5376 dictis
1371 5319 1686 5379 Iudaeorum
1750 5333 1958 5394 patrem
2026 5327 2306 5383 diabolum

2486 5331 2595 5384 Καὶ
2621 5333 2856 5402 φανερὸν
2885 5334 2949 5386 ἑκ
2977 5335 3086 5388 τῶν
3105 5336 3414 5406 εἰρημένων
3443 5339 3524 5394 ὅτι
3553 5342 3736 5412 πατὴρ
3768 5345 3871 5414 μὲν
3891 5349 4006 5402 τῶν

729 5411 1033 5476 nominari;
1086 5410 1256 5481 patris
1301 5420 1483 5465 autem
1529 5411 1731 5466 diaboli
1771 5422 2019 5467 naturam
2062 5416 2304 5484 reperire

2432 5421 2697 5476 Ἰουδαίων
2719 5426 2747 5477 ό
2775 5424 3021 5489 διάϐολος
3051 5427 3401 5498 ὀνομάζεται·
3427 5434 3635 5504 πατρὸς
3664 5410 3722 5488 at
3753 5410 3852 5490 τοῦ
3878 5438 4004 5494 δια-

729 5511 963 5565 nonest,
997 5517 1175 5572 neque
1220 5501 1638 5571 appellationem
1678 5518 1797 5558 eam
1830 5504 2296 5570 manifestantem,

2432 5510 2566 5565 ἰόλου
2609 5511 2733 5567 οὔτε
2767 5514 2951 5568 λαϐεῖν
2985 5515 3101 5569 ἑστι
3141 5516 3323 5586 φύσιν,
3366 5520 3493 5576 οὗτε
3520 5501 3710 5594 πλῆσιν
3738 5526 4002 5599 οὐδαμῶς

730 5609 905 5665 neque
949 5594 1063 5664 ipsa
1103 5594 1454 5664 cogitatione.
1524 5594 1620 5649 llla
1664 5595 1958 5665 proposita:
2008 5599 2075 5652 ab
2136 5598 2292 5655 initio

2432 5604 2913 5676 ιαραδηλουμένην,
2944 5607 3066 5663 οὔτε
3092 5608 3172 5679 τῷ
3194 5611 3426 5682 νοήματι
3455 5627 3470 5643 ο
3504 5617 3537 5684 ἡ
3571 5616 3756 5686 μέντοι
3805 5594 4010 5691 τίτῆξ

799 5759 844 5790 ⁶⁶
872 5755 1027 5813 Joan.
1066 5773 1187 5825 vm,
1211 5757 1298 5810 M.
