4186 6444
224 472 329 543 351

1149 474 1249 535 AD
1278 460 1872 534 AMPHILOCHIUM
1901 458 2248 535 QUIESTIO
2268 455 2534 523 XLVllI.

3370 460 3478 525 358

221 586 585 662 προκειμένης
617 586 679 653 ἐξ
701 587 876 657 ἀρχῆς
901 584 1208 650 ὑποθέσεως
1236 582 1525 639 τελευταία
1551 578 1798 652 περίοδος

1913 591 2221 666 quaestionis
2271 591 2461 647 ultima
2496 588 2757 661 periodus
2790 588 2976 647 forsan
3018 590 3087 648 iis
3120 590 3216 663 qui
3239 592 3305 647 ad
3336 591 3474 647 nihil

220 679 357 747 δόξει
395 677 497 750 μὲν
528 680 659 743 ίσως
683 680 798 742 τοῖς
823 678 961 749 πρὸς
998 678 1167 750 μηδέν
1198 678 1311 731 τῶν
1348 673 1664 746 βαθυτέρων
1700 673 1798 742 έμ-

222 772 544 843 φιλοχωρείν
576 768 768 843 κέρδος
795 774 1161 841 ποιουμένοις,
1189 770 1266 835 ὡς
1292 769 1377 841 ετη
1408 767 1505 822 τοῦ
1542 757 1795 820 διαϐόλου

224 869 434 937 πατέρα
485 864 938 935 ὑποσημαίνουσα
959 879 973 893 θ
1018 861 1330 917 τούναντίον
1351 861 1411 915 δὲ
1447 861 1592 914 ἅπαν
1621 874 1798 911 κατα-

223 959 477 1025 σκευάζει
515 959 613 1014 καὶ
639 961 756 1024 τοῖς
799 959 907 1032 πρὸ
934 959 1106 1029 αὑτῆς
1130 957 1345 1030 συνᾴδει
1395 952 1796 1025 ένθυμήμασιν,

224 1052 435 1122 πατέρα
472 1053 568 1105 καὶ
612 1050 752 1121 αὑτὴ
801 1050 911 1105 τῶν
952 1049 1225 1104 Ἰουδαίων
1256 1046 1676 1117 ἐπιδεικνυμένη
1708 1045 1801 1098 τὸν

222 1142 468 1196 διάδολον
488 1159 504 1176 ⁸
527 1142 720 1213 διπλῆς
747 1141 856 1214 7&9
882 1140 1191 1213 προσϐολῆς
1223 1139 1423 1203 παντὸς
1444 1134 1541 1192 τοῦ
1573 1153 1801 1208 προκει-

224 1234 388 1305 μένου
406 1233 569 1303 λόγου
610 1234 1015 1306 ένθυμημάτων
1058 1231 1379 1302 γενομένης,
1424 1230 1520 1283 καὶ
1560 1224 1656 1282 νῦν
1703 1227 1802 1299 μὶν

223 1327 287 1380 έκ
311 1330 417 1397 τῆς
446 1328 556 1380 τῶν
585 1325 1000 1398 γεγεννημένων
1029 1324 1227 1388 κακίας
1272 1322 1368 1377 τοῦ
1410 1316 1802 1391 γεγεννηκότος

221 1419 321 1490 τὴν
352 1419 588 1491 μίμησιν
625 1408 1215 1489 έπιδεικνυμένης,νῢν
1252 1415 1308 1469 δὲ
1346 1414 1436 1470 διὰ
1472 1412 1569 1467 τοῦ
1614 1426 1805 1481 γεννη-

223 1511 461 1581 σαμένου
483 1512 593 1565 τῶν
622 1512 1035 1582 γεγεννημένων
1064 1510 1164 1582 τὴν
1192 1509 1486 1580 ὁμοιότητα
1525 1497 1803 1577 παριστῶ-

223 1620 345 1674 σης,
377 1603 457 1658 ετι
485 1604 647 1660 πάλιν
664 1602 772 1658 άπὸ
794 1606 905 1659 τῶν
925 1600 1341 1673 γεγεννημένων
1369 1600 1462 1653 επὶ
1488 1598 1581 1653 τὸν
1605 1614 1801 1666 γεγεν-

220 1693 429 1763 νηκότα
477 1694 850 1759 διαϐαίνουσα,
900 1692 1322 1765 ἀπαράλλακτον
1362 1688 1462 1761 τὴν
1506 1687 1803 1758 ὁμοιότητα

223 1784 557 1857 στηλιτεύει,
586 1785 682 1841 καὶ
725 1785 827 1856 τὴν
856 1786 1179 1855 συγγένειαν
1215 1781 1397 1836 αὑτῶν
1420 1778 1575 1835 οὐδέν
1607 1778 1800 1847 ιπιφε-

221 1878 465 1948 ρομένην
504 1877 836 1932 έπιδείκνυσι
864 1877 1017 1931 νόθον
1038 1893 1054 1909 ·
1085 1873 1250 1946 φησὶν
1278 1868 1393 1929 οὖν.
1418 1874 1588 1927 ὐταν
1615 1869 1796 1925 δἸου-

1901 684 2323 756 profundiorum
2401 682 2636 737 libenter
2702 681 3039 738 commorari
3100 681 3203 739 sibi
3260 682 3475 738 lucrum

1901 775 2135 837 faciunt,
2168 773 2369 828 diaboli
2411 781 2618 843 patrem
2651 771 2922 827 videbitur
2960 773 3304 842 signiﬁcare;
3348 789 3480 829 con-

1900 867 2128 921 trarium
2183 881 2311 921 vero
2382 866 2759 920 demonstrant
2826 864 3010 920 omnia
3076 872 3132 920 et
3186 868 3482 921 concordat

1899 958 2319 1027 cogitationibus
2370 972 2494 1026 qua:
2559 963 2687 1011 ante
2742 955 2917 1027 ipsam
2989 965 3137 1020 sunt,
3187 966 3396 1025 patrem
3429 968 3484 1012 et

1904 1052 2025 1120 ipsa
2088 1048 2401 1105 Judaorum
2468 1048 2715 1103 indicans
2779 1047 3093 1113 diabolum;
3164 1056 3222 1103 et
3278 1048 3485 1118 duplici

1903 1140 2213 1209 atljcctione
2276 1139 2444 1195 totius
2528 1139 2799 1194 sermonis
2868 1138 3263 1210 cogitationum
3318 1139 3483 1205 facta,

1902 1246 2047 1286 nunc
2077 1232 2295 1301 quidem
2331 1247 2395 1286 ex
2424 1234 2731 1301 genitorum
2768 1230 2975 1285 malitia
3002 1231 3316 1301 generantia
3359 1231 3488 1286 inti-

1902 1322 2161 1379 tationem
2187 1323 2485 1390 indicante,
2533 1338 2681 1378 nunc
2732 1333 2913 1377 autem
2960 1336 3058 1393 per
3122 1331 3477 1394 generantem

1903 1412 2208 1482 genitorum
2242 1413 2655 1469 similitudinem
2683 1423 2979 1479 statuente,
3011 1413 3194 1469 adhuc
3214 1417 3378 1469 etiam
3420 1415 3490 1471 ab

1904 1505 2100 1575 genitis
2129 1506 2196 1561 ad
2247 1515 2597 1579 generantem
2653 1514 2993 1571 transeunte,
3039 1518 3246 1561 certam
3287 1506 3489 1562 simili-

1904 1595 2147 1653 tudinem
2180 1597 2465 1664 describit,
2498 1608 2553 1653 et
2580 1611 2770 1652 eorum
2801 1598 3318 1669 congenerationem
3352 1598 3490 1655 nihil

1905 1688 2081 1758 spurii
2136 1690 2395 1746 inducere
2456 1699 2748 1745 monstrat.
2814 1689 2955 1744 Dicit
3011 1689 3159 1745 enim
3209 1708 3223 1745 :
3268 1689 3491 1762 quando

1906 1776 2132 1837 Judcus
2191 1780 2539 1837 mendacium
2596 1782 2858 1854 loquitur,
2898 1792 2957 1837 ut
2985 1792 3038 1836 et
3082 1797 3248 1849 nunc,
3280 1794 3487 1855 patrem

1910 1885 2071 1926 suum
2105 1871 2272 1928 Deum
2304 1872 2513 1939 dicens,
2561 1888 2625 1927 ex
2669 1872 2905 1943 propriis
2951 1872 3214 1943 loquitur.
3267 1872 3491 1945 Propria

218 1939 374 2035 δαίος
405 1939 468 2024 τὸ
496 1968 692 2040 ψεῦδος
716 1970 889 2033 λαλεῖ,
915 1939 1109 2039 ὥσπε
1133 1939 1227 2021 καὶ
1253 1963 1350 2020 νῦν
1385 1962 1598 2035 πατέρα
1628 1961 1805 2030 λέγων

1913 1964 2055 2019 enim
2084 1964 2221 2035 patri
2254 1963 2563 2040 haereditas,
2599 1939 2925 2035 patris-sunt
2954 1939 3178 2021 divitiae.
3233 1965 3313 2021 Ex
3366 1939 3494 2037 pro-

221 2062 425 2117 έαυτοῦ
454 2062 547 2117 τδν
583 2061 739 2129 Θεδν,
760 2064 824 2116 tat
852 2060 962 2115 τῶν
994 2060 1141 2115 ίδίων
1171 2057 1321 2112 λαλεῖ
1338 2074 1353 2089 ·
1387 2056 1518 2121 ίδιος
1543 2055 1653 2125 γὰρ
1674 2054 1807 2124 κλῆ-

224 2172 319 2226 ρος
357 2155 437 2225 τῷ
468 2155 657 2225 πατρὶ,
691 2152 786 2208 τοῦ
829 2155 1035 2225 πατρός
1060 2154 1089 2207 ό
1118 2150 1386 2212 πλοῦτος·
1418 2149 1484 2202 tu
1505 2146 1616 2201 τῶν
1660 2144 1807 2199 ίδίων

224 2244 320 2300 οἷον
342 2248 375 2298 ό
397 2246 651 2309 Ἰουδαῖος
680 2243 833 2299 λαλεῖ
860 2244 951 2298 τὸν
988 2241 1244 2312 πατρῷον
1276 2236 1526 2294 ὑπελθὼν
1568 2236 1770 2307 κλῆρον
1787 2252 1804 2270 ο

224 2334 322 2388 καὶ
349 2333 521 2398 αὑτδς
549 2333 661 2405 7&9
684 2332 925 2403 ψεύστης
955 2332 1104 2385 έστὶν
1130 2330 1318 2402 ὥσπερ
1344 2331 1375 2382 ό
1394 2327 1580 2399 πατὴρ
1607 2320 1773 2381 αὑτοῦ
1793 2342 1807 2356 ο

222 2424 391 2495 δῆλον
416 2421 513 2479 οὑν
541 2422 618 2489 ὡς
652 2426 687 2496 ἡ
720 2424 817 2478 τοῦ
840 2420 1000 2494 λόγου
1039 2422 1181 2494 αὕτη
1224 2419 1521 2492 περικοπή,
1558 2419 1621 2472 οὑ
1654 2419 1813 2489 μόνον

228 2514 648 2586 συμφθέγγεται
675 2522 789 2580 τοῖς
833 2517 1051 2588 πατέρα
1085 2515 1381 2570 πλάττουσι
1410 2511 1506 2566 τοῦ
1538 2510 1810 2576 διαϐόλου,

224 2604 368 2659 ἀλλὰ
405 2609 502 2661 καὶ
534 2607 647 2660 τῶν
672 2608 942 2662 Ἰουδαίων
976 2606 1190 2678 πατέρα
1229 2605 1321 2659 τὸν
1362 2602 1609 2658 διάϐολον
1653 2601 1813 2672 μόνον

223 2699 504 2769 ἀφορίζει.
552 2699 714 2758 Ἀλλὰ
753 2699 926 2755 ταῦτα
957 2701 1057 2771 μεν
1098 2697 1515 2768 συγγυμνασίας
1555 2692 1697 2759 εῐδος
1716 2695 1812 2749 καὶ

226 2786 391 2854 λόγον
417 2788 591 2859 ἐχέτω
619 2792 718 2861 την
743 2789 839 2843 τοὺ
863 2789 1133 2861 δόγματος
1156 2789 1299 2852 τέως
1330 2784 1704 2858 προσηγορίαν
1724 2783 1816 2838 εὑ-

227 2878 566 2950 λαῦούμενον
587 2897 602 2911 ο
634 2881 740 2945 hoc
765 2880 834 2935 ἃν
870 2882 901 2934 δ
932 2880 1262 2952 ὑψηλότερος
1292 2878 1457 2947 ,λόγος
1496 2876 1813 2946 ἀναφανεὶς,

230 2969 331 3023 καὶ
354 2968 536 3042 δόγμα
560 2967 701 3026 εἷναι
722 2975 789 3043 τῇ
815 2973 1046 3043 διανοίᾳ,
1076 2972 1173 3026 καὶ
1191 2970 1268 3041 τῷ
1293 2970 1485 3040 κράτει
1510 2968 1611 3038 τὴν
1638 2967 1819 3039 κρίσιν

1910 2060 2044 2129 priis
2078 2059 2245 2131 igitur
2268 2058 2491 2116 ludens
2520 2059 2757 2132 loquitur
2800 2071 3085 2132 paternam
3119 2062 3491 2118 hereditatem

1911 2150 2158 2208 subiens.
2221 2150 2377 2207 Patet
2424 2152 2590 2223 igitur
2615 2152 2795 2236 ipsum
2823 2153 2970 2209 verbi
3001 2164 3349 2225 apparatum.
3383 2170 3491 2209 non

1911 2243 2075 2297 modo
2090 2258 2198 2298 non
2219 2242 2286 2298 iis
2309 2258 2616 2299 consonare
2645 2246 2739 2315 qui
2762 2254 2969 2314 patrem
3000 2246 3238 2317 aliquem
3288 2246 3489 2302 diaboli

1911 2334 2142 2406 lingunt,
2173 2336 2265 2391 sed
2297 2343 2351 2390 et
2390 2334 2703 2391 Judaeornm
2734 2346 2943 2407 patrem
2993 2338 3270 2394 diabolum
3316 2341 3491 2396 solum

1910 2426 2196 2482 deﬁniunt.
2231 2424 2336 2483 Sed
2371 2427 2488 2483 haec
2510 2428 2731 2498 quidem
2757 2430 3068 2486 communis
3083 2431 3492 2488 exercitationis

1911 2516 2516 2575 formametrationem
2541 2520 2799 2586 habeant,
2848 2521 3123 2591 dogmatis
3174 2538 3347 2593 usque
3392 2539 3490 2595 ap-

1911 2609 2255 2679 pellationem
2338 2610 2704 2681 refugientes,
2792 2614 3149 2684 quoadusque
3221 2616 3491 2673 excelsius

1914 2702 2137 2757 verbum
2200 2703 2499 2759 revelatum
2564 2716 2621 2760 et
2679 2707 2877 2777 dogma
2928 2722 3051 2764 esse
3111 2711 3383 2767 sententia
3436 2721 3490 2769 et

1916 2795 2155 2864 potentia
2204 2793 2508 2851 decernens
2572 2811 2762 2851 eorum
2815 2798 2909 2868 qui
2966 2814 3060 2869 per
3109 2801 3276 2855 vitam
3310 2802 3490 2873 philo-

1919 2882 2132 2952 sophati
2188 2892 2351 2938 erunt
2396 2893 2581 2939 votum
2625 2887 2926 2956 complens,
2955 2888 3089 2943 illud
3107 2892 3357 2946 ostendat
3382 2907 3490 2948 non

1921 2970 2128 3029 frustra
2185 2989 2307 3031 esse
2366 2985 2686 3047 protensum
2718 2978 2785 3032 ad
2836 2993 3035 3035 sensus
3060 2980 3490 3053 inquisitionem,

230 3063 439 3125 λασὼν,
471 3065 568 3119 καὶ
610 3064 720 3117 τῶν
762 3066 852 3119 διά
882 3065 1000 3137 βίου
1049 3062 1487 3134 φιλοσοφούντων
1524 3060 1625 3132 τὴν
1670 3060 1808 3131 ίερὰη

1925 3064 2020 3133 qui
2054 3074 2137 3121 est
2171 3066 2313 3121 ultra
2342 3067 2711 3123 multitudinis
2735 3069 3168 3141 intelligentiam.

225 3153 522 3226 εμπλήσας
558 3156 877 3227 ἐπιθυμίαν,
908 3155 1057 3230 δείξῃ
1097 3154 1173 3227 μὴ
1238 3153 1417 3226 μάτην
1457 3150 1547 3206 ἀεὶ
1615 3150 1752 3223 πρὸς
1814 3150 2042 3225 ζήτησιν
2081 3157 2507 3232 ἀνατεινομένην
2545 3158 2639 3213 τοῦ
2679 3159 3019 3231 έξῃρημένου
3058 3164 3330 3235 νοήματος
3394 3166 3493 3239 τῆς

224 3249 343 3303 τῶν
371 3248 581 3304 πολλῶν
616 3250 996 3322 καταλήψεως.

764 3365 1278 3438 ΕΡΩΊῊΣΙΣᾹΙΙΙἍ

302 3463 497 3517 Πόσαι
529 3460 689 3516 είσίν
723 3464 784 3515 al
807 3462 916 3515 τὸν
946 3462 1168 3531 Κύριον
1196 3461 1530 3532 ἀλείφουσι
1550 3463 1743 3533 μύρου

2216 3362 2547 3431 ουιεδτιο
2569 3364 2778 3421 XLvnt
2823 3363 2924 3439 [αι.
2953 3366 3187 3443 XLVII].

2034 3458 2175 3525 Quot
2196 3470 2318 3513 sunt
2347 3475 2465 3529 qua
2492 3458 2773 3514 Dominum
2798 3472 3064 3533 unguento
3084 3467 3382 3523 unxerunt!

1482 3594 1621 3647 wn
1640 3609 1669 3645 a
1706 3593 1852 3656 Maio,
1874 3596 1909 3645 l.
1931 3606 1996 3656 (κ,
2031 3609 2080 3659 p.
2106 3594 2271 3644 4045.

300 3709 441 3780 οὑκὶ
463 3708 564 3781 τὴν
588 3708 759 3781 αὑτὴν
785 3709 1025 3780 εὑρίσκω
1067 3709 1365 3781 προϊοῦσαν
1385 3709 1547 3777 “inv
1574 3709 1706 3782 παρ’
1734 3702 1808 3775 οἷς

1990 3706 2106 3763 Non
2159 3707 2407 3763 eamdem
2475 3708 2689 3779 reperio
2740 3708 3124 3779 procedentem
3180 3711 3497 3781 Opinionem

225 3802 409 3856 ταῦτα
458 3802 834 3874 διερευνᾶσθαι
881 3805 1104 3873 γέγονεν
1128 3807 1162 3874 ἠ
1206 3802 1432 3873 σπουδή.
1468 3803 1533 3858 οι
1576 3802 1678 3873 μὲν
1709 3802 1815 3875 γὰρ

229 3896 611 3967 ἁπλούστερον
634 3896 733 3950 καὶ
778 3895 1245 3967 ἐπιπολαιότερον,
1274 3895 1363 3950 ίνα
1392 3895 1467 3967 μὴ
1511 3895 1816 3965 ἀμαθέστε-

230 4009 329 4065 ρον
367 3990 530 4054 εῖπώ,
560 3992 627 4061 τῇ
675 3989 920 4060 διαφόρῳ
951 3989 1142 4061 κλήσει
1187 3988 1297 4043 τῶν
1337 3972 1814 4059 ἀναγραψαμένων

226 4082 331 4152 τὴν
363 4081 608 4153 ἱστορίαν
652 4081 858 4152 ταύτην
901 4082 996 4136 καὶ
1025 4081 1096 4135 τά
1131 4079 1238 4134 τῶν
1264 4078 1545 4149 γυναικῶν
1575 4080 1814 4135 συνδιαι-

230 4173 393 4243 ροῦσι
436 4172 725 4242 π’ρόσωπα.
774 4172 886 4226 Καὶ
923 4172 1193 4242 τέσσαρας
1236 4169 1441 4234 ταύτας
1478 4164 1621 4223 εἷναί
1658 4188 1813 4241 φασι,

228 4268 374 4340 πρὸς
400 4268 575 4334 οὑδλν,
591 4262 769 4339 οἶμαι,
799 4265 1096 4338 βαθύτερον
1120 4266 1379 4337 λογισμὸν
1395 4267 1810 4338 έπιστήσαντες,

224 4362 260 4430 ῆ
293 4358 435 4430 πρὸς
479 4357 649 4429 μόνην
690 4357 790 4428 τὴν
819 4357 927 4411 τῶν
962 4356 1473 4425 εὐαγγελισαμένων
1516 4356 1809 4427 ποσότητα.

224 4452 361 4512 Τοῖς
405 4449 463 4502 δὲ
489 4450 570 4512 είς
592 4447 685 4501 δύο
735 4448 1070 4518 περιεστάλη
1117 4448 1185 4500 τὰ
1234 4446 1538 4517 πρόσωπα*
1585 4448 1681 4499 καὶ
1715 4446 1813 4517 τὴν

227 4541 336 4610 μέν
369 4555 512 4609 φασι
543 4538 748 4608 σεμνὴν
774 4532 918 4590 εῐναι
938 4535 1034 4589 καὶ
1061 4534 1312 4606 σώφρονα
1339 4534 1434 4588 καὶ
1460 4533 1699 4605 ἀδελφὴν
1716 4535 1811 4587 τού

225 4629 492 4699 Λαζάρου
517 4629 611 4681 καὶ
640 4628 741 4697 τῆς
769 4627 1004 4697 Μάρθας
1023 4641 1037 4654 ·
1065 4624 1165 4695 τὴν
1190 4623 1248 4678 δι
1275 4624 1533 4695 διαφόρου
1561 4623 1661 4695 μὲν
1689 4624 1813 4678 ἀνα·

226 4719 457 4789 γραφῆς
486 4720 690 4787 τυχεῖν,
719 4715 850 4785 μίαν
883 4714 941 4768 δὲ
969 4710 1109 4767 εῖναι
1142 4713 1237 4767 καὶ
1256 4712 1465 4783 ταύτην
1491 4711 1551 4777 ἐξ
1573 4713 1809 4782 ἁσέμνου

226 4811 327 4862 καὶ
358 4806 646 4876 πανδήμου
677 4805 795 4877 βίου
827 4805 1193 4876 παρθενικοίκ
1221 4803 1443 4873 ἀγῶνας
1478 4804 1537 4870 ἐξ
1574 4803 1811 4875 ἀκαθαρ-

227 4904 357 4964 σίας
394 4898 793 4971 μετελθοῦσαν⁶
824 4897 954 4967 περὶ
995 4896 1197 4967 ταύτης
1230 4896 1288 4949 δὲ
1327 4896 1421 4950 τόν
1444 4912 1503 4950 τε
1531 4896 1811 4950 Ματθαίον

225 4995 326 5047 καί
358 4992 604 5061 Μάρκον,
630 4990 765 5043 ἀλλὰ
790 4990 886 5043 καὶ.
917 4989 1008 5043 τὸν
1034 4989 1251 5043 Λουκᾶν
1278 4987 1569 5043 διαλαϐεῖν⁹
1594 4988 1688 5042 καὶ
1709 4988 1810 5059 τὴν

1921 3799 2063 3871 apud
2082 3815 2179 3856 eos
2195 3802 2287 3871 qui
2324 3802 2438 3855 haec
2462 3800 2739 3871 inquirere
2768 3801 3121 3859 studuerunt.
3150 3805 3253 3860 Alii
3276 3807 3498 3876 quidem

1922 3892 2254 3963 indigentius
2299 3901 2354 3947 et
2394 3890 2694 3962 vulgarius,
2727 3907 2795 3948 ne
2818 3894 2998 3949 dicam
3039 3894 3338 3962 indoctius,
3389 3913 3498 3954 non

1920 3985 2107 4039 eadem
2138 3994 2354 4039 utentes
2384 3983 2747 4053 appellatione
2777 3998 2843 4040 ac
2890 3985 2987 4056 qui
3034 3984 3176 4042 hanc
3211 3987 3499 4043 historiam

1921 4074 2264 4145 scripserunt
2318 4084 2374 4130 et
2428 4075 2719 4131 mulierum
2771 4091 3037 4147 personas
3085 4079 3353 4137 dividunt.
3433 4080 3501 4137 Et

1919 4165 2112 4220 dicunt
2158 4180 2252 4220 eas
2302 4180 2423 4221 esse
2479 4181 2708 4221 numero
2752 4176 3027 4237 quatuor,
3080 4171 3250 4235 nullo,
3306 4172 3499 4236 credo,

1920 4245 2112 4308 altiore
2135 4264 2462 4325 argumento
2492 4256 2725 4311 nitentes
2751 4256 2855 4313 nisi
2895 4260 3011 4313 sola
3039 4262 3499 4332 evangelistarum

1918 4346 2239 4415 quantitate.
2287 4346 2393 4401 Alii
2426 4346 2494 4401 ad
2523 4347 2660 4403 duas
2687 4363 2949 4418 personas
2986 4361 3300 4422 coarctant;
3333 4363 3391 4412 et
3418 4355 3500 4410 al-

1919 4446 2092 4492 teram
2155 4440 2511 4494 veneratione
2572 4440 2789 4511 dignam
2839 4457 2961 4497 esse
3010 4452 3063 4498 ct
3124 4446 3422 4514 sapientem
3444 4457 3501 4503 et

1917 4529 2109 4584 Lauri
2147 4528 2450 4585 etllartha:
2482 4546 2760 4598 sororem;
2816 4534 3042 4588 alteram
3094 4548 3277 4591 autem
3335 4538 3499 4593 dissi-

1920 4620 2099 4673 milem
2150 4619 2578 4691 descriptionem
2634 4624 2843 4689 sortiri,
2892 4640 3058 4679 unam
3083 4636 3264 4682 tamen
3286 4644 3407 4684 esse
3442 4639 3499 4685 et

1915 4724 2035 4764 eam
2066 4724 2133 4763 ex
2158 4710 2425 4780 probrosa
2451 4718 2505 4764 et
2521 4710 2730 4781 plebeia
2758 4714 2867 4767 vita
2898 4715 3141 4785 virginea
3198 4717 3496 4773 certamina

1918 4812 2037 4872 post
2063 4804 2333 4859 luxuriam
2364 4804 2616 4871 inivisse;
2674 4806 2741 4862 de
2780 4822 2844 4861 ea
2887 4817 3066 4862 autem
3101 4818 3154 4863 et
3184 4807 3495 4865 Matthwum

1916 4903 1970 4949 et
2006 4893 2269 4961 Humum,
2324 4895 2419 4950 sed
2450 4904 2505 4949 et
2532 4893 2736 4950 Lucam
2777 4897 3083 4965 disserere;
3141 4907 3195 4953 et
3246 4900 3495 4954 eamdem

1918 4988 2202 5043 historiam
2257 4988 2633 5045 diﬂerentibus
2700 4990 2883 5047 verbis
2937 5002 3224 5047 narrantes
3286 4993 3497 5049 descri-

224 5086 405 5156 αὑτὴν
468 5083 707 5154 ἱστορίαν
765 5081 1043 5150 διαφόροις
1107 5084 1347 5153 ῥήμασιν
1387 5079 1808 5151 ἀπηγγελκότας

1917 5079 2112 5150 psisse.
2131 5080 2236 5135 Alii
2262 5096 2391 5136 vero
2409 5090 2462 5136 et
2490 5082 2557 5137 ad
2582 5097 2743 5137 unam
2761 5098 2953 5139 omnes
2981 5084 3268 5149 reducunt,
3289 5086 3496 5142 nullam

226 5169 687 5241 ἀναγράψασθαι.
730 5170 795 5221 Ol
845 5168 903 5221 δὲ
947 5170 1045 5221 καὶ
1076 5169 1213 5240 πρὸς
1258 5169 1389 5236 μίαν
1442 5169 1625 5232 πάσας
1689 5186 1816 5221 συν-

224 5266 485 5329 άγουσιν,
497 5261 755 5330 οὐδεμίαν
768 5263 834 5331 τῇ
853 5259 980 5333 δόξῃ
1001 5260 1298 5329 ἀσφάλειαν
1315 5258 1683 5330 περιθέμενοι·
1701 5260 1817 5313 ἀλλ’

223 5356 345 5410 οὐδ’
368 5354 481 5407 ἀπὸ
503 5354 603 5423 τῆς
625 5352 731 5406 τῶν
772 5353 1082 5423 προσώπων
1114 5351 1399 5422 ποιότητος
1430 5352 1531 5422 τῆς
1562 5353 1819 5424 τοιαύτης

225 5446 586 5517 ὑπολήψεως,
606 5445 1007 5517 ιπιφερομένης
1026 5445 1088 5497 τὺ
1102 5443 1401 5515 αἰδέσιμον.
1434 5444 1811 5517 Ἀπολινάριος

223 5543 345 5611 7&9
386 5538 485 5591 καὶ
529 5539 559 5591 ό
602 5538 977 5607 Μοψουεστίας
1020 5538 1293 5607 Θεόδωρος
1327 5535 1531 5600 ταύτης
1574 5539 1714 5591 εἰσὶν
1762 5540 1812 5591 οἱ

223 5634 592 5703 γεννήτορες·
625 5630 727 5701 lla}
757 5630 813 5683 δι
840 5630 962 5684 οὑδὲ
987 5630 1081 5684 δύο
1113 5629 1317 5692 ταύτας
1341 5629 1693 5699 ἐπιτρέπουσι
1723 5630 1816 5682 λέ-

225 5742 384 5793 γειν,
418 5722 545 5777 οὑτε
576 5721 670 5776 τοῦ
690 5722 944 5793 Σωτῆρος
981 5724 1028 5776 oi
1055 5722 1227 5790 λόγοι,
1255 5721 1378 5775 οὑτε
1406 5722 1512 5775 τῶν
1552 5721 1816 5791 φιλοθέων

229 5816 523 5885 γυναικῶν
552 5816 608 5868 αἱ
652 5813 898 5885 πράξεις,
929 5814 1052 5868 οὑτε
1080 5816 1142 5867 τὸ
1178 5815 1433 5885 διάφορον
1475 5815 1567 5867 τοῦ
1597 5815 1815 5885 καιροῦ.

226 5912 356 5966 ἀλλ’
384 5910 505 5964 οὑδὲ
527 5909 647 5964 ’τῶν
678 5908 884 5964 θεατῶν
921 5909 1014 5962 καὶ
1056 5907 1341 5978 ἀκροατῶν
1379 5909 1413 5977 ἡ
1451 5908 1541 5960 ἐπὶ
1573 5907 1649 5976 τῷ
1679 5923 1818 5975 πρα-

1917 5172 2161 5242 opinioni
2193 5172 2505 5229 ﬁrmitatem
2532 5175 2926 5241 conciliantes;
2979 5176 3074 5230 sed
3105 5191 3282 5246 neque
3310 5191 3340 5231 a
3369 5194 3496 5247 per-

1918 5278 2176 5318 sonarum
2214 5264 2482 5333 dignitate
2537 5265 2660 5322 talis
2706 5265 2893 5335 Opinio
2938 5268 3043 5321 sibi
3084 5269 3495 5324 venerationem

1920 5355 2198 5411 conciliat.
2228 5356 2598 5426 Apollinarius
2621 5356 2767 5411 enim
2796 5344 2850 5412 et
2883 5356 3204 5413 Theodorus
3241 5357 3497 5428 Mopsue-

1922 5449 2059 5503 stins
2104 5463 2224 5502 eam
2278 5448 2439 5517 primi
2479 5448 2533 5502 in
2567 5448 2744 5503 lucem
2777 5448 3138 5518 protulerunt.
3185 5448 3267 5504 Me
3310 5460 3494 5505 autem

1918 5557 2013 5597 eas
2035 5556 2154 5596 esse
2199 5542 2336 5596 duas
2386 5556 2561 5612 neque
2597 5540 2894 5596 Salvatoris
2948 5546 3109 5596 Vt‘l‘ba
3139 5543 3493 5609 convincunt,

1923 5648 2099 5702 neque
2123 5632 2445 5688 dilectarum
2474 5648 2505 5686 a
2534 5633 2645 5687 Deo
2684 5634 2997 5695 mulierum,
3036 5649 3209 5704 neque
3246 5638 3497 5691 occasio-

1921 5724 2008 5777 nis
2033 5722 2360 5788 diﬂ'erentia,
2386 5724 2478 5778 sed
2512 5738 2689 5792 neque
2709 5726 3070 5791 spectantium
3089 5726 3497 5779 etaudientium

1922 5814 1987 5869 de
2043 5813 2187 5868 facto
2246 5814 2536 5869 sententia.
2600 5814 2719 5868 Alia
2741 5828 2871 5869 vero
2896 5816 2963 5869 iis
2997 5830 3106 5868 non
3141 5816 3353 5870 minora
3391 5829 3499 5870 tres

1925 5919 2017 5959 eas
2048 5919 2169 5962 esse
2198 5905 2553 5973 convincunt,
2585 5906 2680 5961 sed
2713 5920 2888 5977 neque
2914 5907 3089 5964 tribus
3123 5906 3498 5977 pluresncquo
