4186 6444
753 442 862 511 359
1911 447 2170 507 ΡΗΟῚἸΙ
2195 448 2337 506 ΡΑΤ

2438 447 2700 508 ARCﬂ/E
2733 448 2840 507 CP.

761 557 1044 627 pauciores
1078 569 1199 608 esse
1225 555 1474 610 cdocmt.
1514 556 1697 609 Primo
1751 557 1912 637 igitur
1949 568 2033 612 est
2059 575 2120 612 ea
2153 574 2313 628 quam

2438 560 2597 628 [θέντι
2644 562 2858 631 γνώμη,
2909 562 2999 615 καὶ
3038 562 3171 615 ἄλλα
3214 562 3269 615 δὲ
3319 563 3523 624 τούτων
3566 563 3665 615 οῦκ
3711 562 3990 625 ἐλάττονα,

754 651 928 703 Lucas
974 647 1280 715 descripsit,
1353 662 1474 715 qua:
1531 657 1657 701 ante
1715 650 1914 704 multos
1951 649 2079 704 Jesu
2108 650 2313 705 Christi

2438 653 2566 721 τρεῖς
2617 648 2757 706 εἶναι
2779 652 3011 716 ταύταςσ
3063 655 3176 705 ἀλλ’
3228 655 3350 707 οὔτε
3391 655 3610 717 πλείους
3663 655 3776 708 τῶν
3827 654 3995 725 τριιῖιν

751 755 902 796 actus
929 749 983 795 et
1005 739 1286 794 doctrina;
1313 738 1365 792 in
1393 738 1677 794 historiam
1701 743 2020 798 assumitur.
2044 742 2173 798 Post
2204 745 2318 799 haec

2438 742 2538 797 ιῦτε
2578 743 2834 808 ἐλάττους
2885 744 3212 799 ἐκδιδάσκει.
3262 747 3458 816 Πρώτη
3507 748 3603 817 μὲν
3646 741 3738 801 οὖν
3783 748 3994 817 ἐστινὴ

751 835 895 890 cnim
956 845 1010 893 et
1059 834 1127 887 ad
1180 833 1622 902 praedicationem
1682 835 1977 903 discipulos
2028 836 2215 900 mittit,
2267 847 2320 892 et

2438 838 2571 908 ταρὰ
2597 836 2677 906 τῷ
2711 837 2895 907 Δουκᾷ
2933 839 3423 908 ἀναγεγραμμένη,
3454 839 3575 908 ἥτις
3601 838 3692 892 καὶ
3721 838 3834 907 πρὸ
3867 838 3996 890 πολ-

753 925 1155 984 multitudinem
1199 926 1528 980 miraculose
1579 927 1822 995 quinque
1859 927 2095 996 panibus
2123 929 2316 992 nutrit,

752 1029 806 1073 et
856 1019 923 1072 ab
950 1016 1215 1087 apostolis
1238 1017 1425 1087 Opinio
1477 1017 1544 1072 de
1577 1017 1804 1073 Domi-to
1825 1019 2111 1088 quaeritur,
2155 1029 2208 1074 et
2236 1020 2321 1075 di-

753 1110 914 1164 vinus
956 1108 1453 1175 transfigurationis
1471 1119 1632 1166 actus
1655 1125 1817 1181 supra
1833 1124 2065 1165 mentem
2083 1121 2136 1166 et
2156 1114 2320 1167 ratio-

756 1215 876 1252 nem
932 1198 1184 1254 eﬂicitur.
1250 1197 1448 1253 «Facti
1489 1210 1636 1266 sunt,
1711 1202 1888 1272 inquit
1955 1202 2132 1268 enim,
2199 1213 2324 1273 post

757 1304 1038 1344 sermones
1087 1291 1219 1344 istos
1251 1289 1367 1344 dies
1398 1300 1543 1357 octo,
1599 1302 1654 1346 et
1700 1309 1986 1349 assumens
2027 1294 2241 1348 Petrum
2273 1304 2326 1350 et

758 1380 1019 1435 Joannem
1047 1390 1101 1435 et
1121 1379 1407 1446 Jacobum,
1438 1384 1751 1437 ascenditin
1779 1393 2012 1440 montem
2053 1400 2234 1450 orare,
2273 1395 2326 1440 et

757 1470 888 1525 dum
927 1483 1130 1539 oraret,
1185 1471 1324 1528 facta
1379 1482 1460 1528 est
1512 1473 1681 1530 facies
1735 1478 1914 1532 vultus
1962 1478 2081 1546 ejus
2134 1477 2237 1531 alia
2274 1488 2328 1532 et

761 1564 1082 1618 vestimenta
1117 1564 1235 1633 ejus
1283 1564 1401 1618 alba
1442 1575 1496 1618 et
1528 1567 1862 1634 splendentia
1892 1571 1954 1634 ετ,
1988 1589 2006 1621 ι
2055 1579 2160 1625 etc.
2223 1570 2328 1626 Sed

759 1655 906 1708 enim
927 1663 980 1708 et
1003 1655 1338 1725 septuaginta
1365 1656 1613 1726 discipuli
1646 1669 1769 1727 post
1803 1661 1915 1715 haec
1946 1661 2327 1732 designantur,

760 1753 814 1800 et
840 1747 1111 1814 parabolte
1140 1746 1540 1802 hortatiouibus
1556 1759 1940 1806 contexuntur.
1977 1752 2126 1807 Patet
2151 1764 2329 1807 autem

759 1837 1066 1906 passionem
1153 1839 1391 1891 nondum
1449 1840 1684 1906 instare;
1781 1858 1955 1907 neque
2013 1845 2329 1900 carnificum

2420 930 2525 983 λῶν
2566 928 2818 1000 πράξεων
2850 931 2943 982 καὶ
2984 929 3344 983 διδασκαλιῶν
3380 929 3473 982 τοῦ
3513 930 3689 1000 Ἰησοῦ
3735 932 3821 992 εἰς
3856 931 3995 981 ἱστοο

2423 1024 2544 1096 ρίαγ
2595 1025 2820 1094 μνήμης
2864 1023 3218 1094 παρελήφθη·
3266 1023 3405 1093 μετά
3453 1022 3627 1077 ταῦτα
3675 1023 3783 1093 γάρ
3818 1025 3899 1086 είς
3941 1022 3999 1076 τδ

2424 1118 2685 1186 κήρυγμα
2716 1116 2809 1169 καὶ
2836 1117 2963 1178 τοὺς
2999 1115 3246 1185 μαθητάς
3295 1115 3634 1179 ἀποστέλλει,
3667 1116 3768 1166 καὶ
3801 1115 3863 1166 τὸ
3898 1113 3999 1166 τῶν

2425 1208 2583 1260 πέντε
2613 1209 2795 1262 ἀοτων
2826 1206 3320 1277 θαυματουργεὴαι
3357 1205 3592 1274 πλῆθος,
3639 1205 3734 1258 καὶ
3783 1204 3819 1274 ή
3876 1205 3999 1270 περὶ

2423 1298 2518 1350 τοῦ
2545 1297 2870 1352 διδασκάλου
2895 1299 3003 1352 τῶν
3033 1297 3293 1368 μαθητῶν
3317 1299 3587 1368 ὑπόληψις
3611 1296 3997 1365 λογοθετεῖται,

2427 1393 2522 1445 καὶ
2555 1394 2588 1462 ἡ
2615 1392 2715 1461 τῆς
2742 1389 3218 1460 μεταμορφώσεως
3244 1391 3381 1461 ὑπὲρ
3405 1390 3530 1442 νοῦν
3559 1389 3651 1443 καὶ
3679 1390 3838 1455 λόγον
3868 1389 4003 1457 πρᾶ-

2429 1483 2509 1549 ξις
2521 1481 2880 1551 θεουργεῖται.
2900 1500 2918 1532 ι
2944 1479 3187 1549 Ἐγένετο
3208 1481 3340 1550 γὰρ,
3353 1481 3509 1550 φησι,
3528 1481 3666 1550 μετά
3676 1480 4004 1547 τοὺςλόγους

2428 1571 2650 1632 τούτους
2689 1569 2821 1624 ὡσεὶ
2857 1571 3060 1641 ἡμέραι
3090 1569 3254 1636 ὀκτὼ,
3302 1571 3395 1623 καὶ
3427 1569 3758 1641 παραλαϐὼν
3803 1570 4002 1640 Πέτρον

2431 1666 2526 1717 καὶ
2565 1664 2818 1732 Ἰωάννην
2863 1662 2958 1716 καὶ
2999 1662 3253 1715 Ἰάκωϐον
3281 1660 3450 1732 ἀνέϐη
3483 1663 3562 1725 είς
3590 1663 3651 1714 τὸ
3674 1662 3803 1732 ϐρος
3828 1679 4001 1732 προσ⁶

2433 1755 2692 1822 εύξασθαι
2717 1771 2732 1788 '
2780 1756 2874 1809 καὶ
2933 1755 3149 1821 ἐγένετο
3174 1756 3233 1808 ἐν
3270 1753 3348 1824 τῷ
3391 1755 3793 1824 προσεύχεσθαι
3823 1755 4001 1817 αὑτὸν,

2432 1849 2494 1901 τὸ
2521 1845 2659 1910 εἶδος
2705 1846 2797 1901 τοῦ
2849 1846 3142 1918 προσώπου
3182 1845 3345 1898 αὐτοῦ
3387 1846 3595 1917 ἐτερον,
3634 1846 3730 1898 καὶ
3761 1848 3793 1899 ό
3840 1847 4005 1914 ἱμειτι⁴

760 1928 1071 1981 Judaeorum
1101 1928 1326 1983 consilia
1364 1944 1457 1997 per
1489 1930 1816 1987 voluntatem
1843 1943 1896 1988 et
1915 1934 2327 2003 meditationem

2439 1941 2571 2010 σμὸς
2599 1938 2764 1993 αὑτοῦ
2803 1916 2992 2001 λευκὸς
3021 1937 3443 2008 ἐξαστράπτων,
3534 1938 3627 1989 καὶ
3659 1937 3809 2006 ἑξῆς.
3854 1935 4007 1988 Ἀλλά

760 2021 869 2073 vim
917 2029 1254 2088 acceperant.

2438 2027 2544 2097 γὰρ
2572 2027 2665 2079 καὶ
2690 2026 2738 2077 ol
2771 2024 3140 2095 ἐϐδομήκοντα
3172 2026 3413 2096 μαθηταὶ
3439 2026 3579 2095 μετὰ
3609 2024 3784 2078 ταῦτα
3803 2023 4009 2077 ἀναδεί·

761 2129 984 2165 κνυνται
1023 2111 1117 2164 xal.
1146 2110 1454 2183 παραϐολαὶ
1499 2115 1618 2176 ταῖς
1659 2114 1963 2180 νουθεσίαις
2012 2120 2428 2186 συνυφσίνονται
2449 2138 2462 2152 ·
2502 2118 2658 2188 δῆλον
2681 2117 2737 2170 δὲ
2766 2119 2840 2180 ὡς
2881 2117 2999 2169 οὐδέ
3026 2117 3086 2169 τὸ
3119 2115 3288 2180 πάθος
3320 2116 3471 2170 οὔπω
3497 2118 3778 2187 ἐνεστήκει
3798 2131 3817 2149 ο
3845 2116 3951 2169 οὐδ’
3973 2116 4006 2186 ή

762 2207 870 2260 τῶν
913 2207 1210 2276 μιαιφόνων
1249 2208 1518 2262 Ἰουδαίων
1562 2210 1818 2282 ἐπιϐουλὴ
1869 2212 1956 2266 διὰ
1996 2213 2191 2284 βουλῆς
2238 2216 2331 2268 καὶ
2373 2215 2602 2285 μελέτης
2625 2213 2687 2266 τὸ
2720 2211 2885 2282 κῦρος
2917 2210 3240 2281 ἐλάμϐανεν.

836 2301 910 2355 Ex
957 2302 1370 2356 circumstantia
1417 2304 1636 2372 quidem
1687 2307 1992 2362 differentia
2042 2311 2184 2364 inter
2215 2326 2330 2364 eam

765 2409 886 2464 quae
927 2396 1070 2464 apud
1110 2392 1316 2447 Lucam
1369 2403 1453 2448 est
1497 2397 1776 2450 mulierem
1828 2408 1881 2452 et
1922 2402 2059 2455 inter
2089 2402 2224 2456 alias
2255 2403 2335 2456 sic

765 2486 1041 2540 evidenter
1062 2497 1112 2540 et
1147 2485 1519 2540 indubitanter
1544 2488 1855 2545 volentibus
1876 2490 2000 2546 licet
2029 2494 2332 2562 concipere.

766 2577 981 2632 Etenim
1031 2577 1258 2631 aliarum
1314 2578 1761 2649 uniuscujusque,
1830 2580 2168 2638 Dominicam
2207 2598 2330 2651 pas-

767 2668 977 2722 sionem
1033 2665 1233 2721 Judaeis
1296 2667 1650 2725 meditatione
1709 2672 1818 2740 jam
1873 2674 2334 2737 machinantibus,

771 2757 1010 2812 historiae
1059 2756 1376 2811 memoriam
1435 2758 1699 2815 inducunt
1745 2762 2017 2818 :alterius
2075 2763 2220 2818 enim
2282 2766 2339 2817 tit

772 2850 978 2906 mentio
1003 2859 1128 2904 ante
1154 2866 1246 2905 sex
1282 2851 1396 2906 dies
1440 2851 1697 2918 Paschre;
1757 2853 1982 2911 alterius
2030 2870 2159 2910 vero
2213 2865 2339 2910 ante

769 2943 908 2998 duos
961 2941 1254 3013 passionis.
1317 2941 1380 2996 Et
1427 2943 1652 2999 alterius
1699 2946 1966 3001 actionem
2013 2947 2244 3003 dilectus
2288 2958 2341 3002 et

769 3034 922 3104 virgo
970 3034 1266 3104 discipulus
1319 3034 1598 3101 describit,
1647 3051 1765 3105 qua
1801 3036 1993 3091 Lazari
2038 3047 2092 3093 et
2121 3037 2341 3093 Martha:

774 3140 930 3181 soror
946 3134 1081 3189 erat,
1112 3134 1166 3179 et
1195 3140 1316 3194 quac
1343 3139 1407 3179 ex
1428 3123 1640 3180 dilectis
1669 3143 1699 3180 ιι
1723 3127 1946 3183 Domino
1974 3127 2102 3184 Jesu
2126 3128 2342 3184 Christo

773 3234 897 3275 esse
929 3218 1277 3282 noscebatur,
1306 3225 1502 3270 etcum
1531 3216 1638 3272 illis
1656 3218 2067 3273 admirationem
2091 3220 2344 3275 movebat

775 3313 832 3367 in
866 3312 932 3370 iis
956 3327 1076 3382 qua:
1095 3312 1160 3366 ad
1194 3312 1313 3367 vita:
1331 3311 1728 3366 venerationem
1773 3320 1919 3365 sunt.
1975 3311 2108 3377 Qua:
2137 3322 2190 3366 et
2217 3321 2342 3366 ante

776 3420 871 3460 sex
942 3405 1058 3458 dies
1121 3402 1344 3459 Pascha:
1383 3395 1558 3458 'sacra
1622 3403 1711 3457 illa
1768 3403 2048 3458 celebrans
2089 3407 2342 3473 mysteria

776 3497 994 3551 domum
1029 3511 1182 3550 suam
1245 3509 1454 3549 sacram
1511 3505 1564 3549 et
1611 3494 1867 3548 mundam
1936 3493 2083 3552 fecit.
2145 3495 2346 3550 Praeter

2518 2310 2651 2362 ’Λπὸ
2685 2310 2783 2379 μὲν
2842 2307 2936 2362 τοῦ
2992 2307 3186 2378 καιροῦ
3215 2308 3277 2360 τὸ
3309 2307 3565 2379 διάφορον
3598 2309 3699 2376 τῆς
3724 2309 3879 2380 παρά
3936 2310 4010 2382 τῷ

2436 2403 2620 2471 Λουκᾷ
2647 2399 2908 2467 γυναικὸς
2935 2400 3074 2470 πρὸς
3109 2401 3206 2463 τάς
3231 2400 3397 2464 ἀλλας
3426 2399 3571 2453 οῦτω
3619 2401 3872 2471 φανερῶς
3921 2402 4010 2456 καὶ

2437 2494 2823 2564 ἀναμφιϐόλως
2861 2492 3069 2558 ἔξεστιν
3093 2493 3293 2546 ἐννοεῖν
3312 2496 3423 2556 τοῖς
3453 2493 3801 2563 βουλομένοις
3838 2510 3853 2547 τ
3919 2496 4009 2548 καὶ

2438 2584 2545 2653 γὰρ
2575 2585 2682 2636 τῶν
2707 2583 2881 2636 ἄλλων
2904 2584 3169 2654 ἑκατέρας
3199 2584 3300 2654 ἤδη
3330 2583 3423 2636 τοῦ
3451 2584 3786 2637 Δεσποτικοῦ
3811 2585 4009 2647 πάθους

2439 2676 2558 2736 ταῖς
2588 2674 2696 2726 τῶν
2735 2673 3002 2727 Ἰουδαίων
3032 2675 3285 2744 μελέταις
3315 2675 3710 2746 ἐνεργουμένου
3755 2677 3814 2728 αί
3872 2677 4010 2728 ιστο-

2443 2765 2556 2835 ρίαι
2582 2763 2679 2835 τὴν
2712 2765 2934 2834 μνήμην
2963 2763 3243 2831 εἰσάγουσι
3273 2780 3287 2793 ·
3339 2763 3436 2832 τὴν
3488 2763 3586 2832 μὲν
3646 2765 3753 2832 πρὸ
3787 2763 3846 2828 ἒξ
3883 2766 4013 2833 ἠμε-

2445 2856 2552 2924 ρῶν
2574 2855 2666 2908 τοῦ
2702 2855 2911 2924 Πάσχα,
2943 2853 3042 2924 τὴν
3066 2853 3123 2907 δὲ
3147 2852 3255 2924 πρὸ
3281 2838 3376 2906 δύο
3402 2854 3497 2906 τοῦ
3521 2853 3726 2916 πάθους
3755 2870 3771 2886 ο
3805 2857 3900 2906 καὶ
3923 2854 4014 2923 τῆς

2443 2945 2542 3012 μὲν
2570 2945 2670 3014 τὴν
2705 2942 2902 3013 πρᾶξιν
2929 2945 2957 2995 ό
2985 2942 3345 3012 ἠγαπημένος
3388 2942 3485 2996 καὶ
3523 2942 3793 3011 παρθένος
3843 2945 4013 3013 μαθη-

2440 3036 2542 3102 τὴς
2578 3035 2905 3103 ἀναγράφει,
2948 3033 3070 3104 ἦτις
3122 3035 3216 3086 καὶ
3267 3033 3471 3105 ἀδελφὴ
3523 3034 3619 3087 τοῦ
3655 3051 3718 3087 τε
3762 3036 4012 3105 Λαζάρου

2444 3127 2535 3176 καὶ
2556 3124 2655 3193 τῆς
2691 3123 2922 3195 Μάρθας
2953 3123 3313 3195 ἐχρημάτιζε,
3356 3125 3452 3177 καὶ
3479 3123 3587 3177 τῶν
3631 3126 4013 3196 ἀγαπωμένων

2444 3217 2771 3286 ἐγνωριζετο
2829 3215 2924 3270 τοῦ
2977 3216 3185 3284 Κυρίου
3231 3217 3406 3287 Ἰησοῦ
3461 3217 3719 3287 Χριστοῦ,
3771 3217 3868 3270 καὶ
3914 3217 4018 3270 τῶν

2445 3305 2898 3376 θαυμαζομένων,
2929 3307 3030 3360 ὅσα
3052 3323 3116 3375 γε
3140 3308 3234 3361 ἐπὶ
3262 3310 3328 3378 τῇ
3379 3307 3474 3361 τοῦ
3515 3309 3629 3378 βίου
3662 3309 3967 3378 σεμνότητι
3997 3325 4010 3339 ο

2443 3396 2565 3465 ἥτις
2613 3395 2708 3448 καὶ
2735 3395 2843 3466 πρὸ
2874 3396 2935 3460 ἐξ
2963 3396 3188 3467 ἡμερῶν
3209 3397 3302 3450 τοῦ
3330 3397 3521 3467 Πάσχα
3548 3397 3647 3468 τὴν
3688 3398 3841 3469 ίεράν
3877 3399 4017 3452 ἐκεί-

2446 3503 2542 3556 νην
2586 3487 2992 3556 ίερουργήσασα
3046 3486 3290 3558 τελετὴν,
3341 3490 3432 3540 τὸν
3492 3484 3640 3542 οἶκον
3679 3490 3847 3560 αὐτῆς
3881 3488 4018 3559 ἱερὸν

781 3589 879 3641 llas
923 3588 1079 3640 tertia
1126 3595 1177 3640 et
1225 3585 1415 3640 ultima
1456 3602 1577 3653 quae
1609 3595 1734 3640 ante
1766 3586 1903 3639 duos
1930 3587 2045 3641 dies
2074 3587 2337 3656 passionis

2451 3578 2757 3647 ἀνάκτορον
2777 3578 3152 3649 ἀπειργάσατο
3180 3595 3195 3609 ο
3222 3581 3313 3633 ἐπὶ
3343 3580 3568 3643 ταύταις
3595 3584 3629 3650 ἡ
3664 3581 3824 3651 τρίτη
3861 3583 3955 3633 καὶ
3987 3583 4018 3650 ἡ

780 3677 1068 3731 Dominum
1124 3676 1299 3738 unxit,
1362 3677 1428 3730 de
1494 3691 1600 3746 qua
1651 3675 1935 3731 Mattbaeus
1998 3687 2052 3731 et
2125 3677 2339 3733 Marcus

783 3768 1150 3823 narrationem
1200 3766 1592 3822 ordinaverunt
1636 3767 1842 3837 :igitur
1888 3784 2070 3824 sermo
2093 3769 2212 3826 illas
2240 3779 2348 3826 tres

780 3860 974 3914 merito
997 3860 1320 3930 proclamat.

850 4031 918 4085 Et
956 4045 1018 4084 ex
1048 4030 1150 4082 hac
1181 4036 1333 4098 parte
1360 4027 1581 4096 insuper
1619 4028 1926 4082 considera.
1992 4027 2104 4083 Una
2127 4027 2347 4098 quidem

783 4122 1099 4191 sunplicitcr
1142 4120 1357 4174 malitim
1401 4121 1620 4174 nomine
1672 4122 1940 4188 peccatrix
2001 4128 2246 4182 vocatur,
2297 4127 2350 4172 et

784 4214 835 4266 in
891 4213 1052 4266 domo
1098 4210 1390 4272 Pharisaei,
1451 4227 1557 4262 non
1608 4221 1785 4263 autem
1835 4209 2074 4264 Simonis
2127 4211 2347 4280 leprosi,

782 4303 968 4358 Jesum
998 4303 1162 4365 videt,
1214 4301 1306 4370 qui
1338 4300 1646 4354 convivium
1675 4301 2002 4355 celebrantis
2034 4302 2351 4354 invitatione

784 4397 924 4446 area:
957 4401 1009 4445 et
1055 4405 1253 4443 mensae
1290 4389 1561 4457 particeps
1617 4388 1988 4441 accumbebat.
2052 4385 2169 4457 Ipsa
2222 4398 2347 4443 ante

786 4490 1116 4552 unguentum
1198 4477 1424 4533 effundit
1501 4478 1798 4548 lacrytnas;
1889 4487 1943 4532 et
1991 4479 2153 4548 pedes
2219 4479 2348 4533 Jesu

788 4576 974 4645 irrigat
1029 4584 1081 4626 et
1129 4573 1340 4640 capillis
1390 4571 1582 4639 capitis
1641 4573 1822 4639 tergit,
1861 4579 1915 4625 et
1964 4571 2178 4624 amandi
2213 4572 2353 4640 capit

787 4665 1039 4718 fiduciam
1088 4673 1140 4716 et
1187 4663 1308 4714 dein
1379 4660 1544 4714 libere
1599 4662 1703 4729 agit
1771 4670 1823 4713 et
1876 4672 2152 4730 unguento
2192 4661 2352 4730 pedes

787 4757 973 4825 ungit;
1037 4770 1146 4824 quo
1194 4755 1356 4816 facto,
1426 4761 1602 4807 tacent
1667 4752 1884 4821 quidem
1945 4753 2037 4821 qui
2070 4754 2267 4807 adsunt
2299 4763 2354 4806 et

787 4844 945 4903 neuio
1004 4846 1170 4900 ullam
1234 4843 1705 4912 exprobrationem
1761 4844 2096 4898 muliercula:
2156 4844 2344 4912 injicit.

786 4939 1092 4993 Pharismus
1125 4946 1306 4991 autent
1334 4935 1484 4989 solus
1505 4943 1557 4988 ct
1581 4943 1708 4989 tunc
1728 4935 1780 4987 in
1811 4951 1866 4988 se
1893 4950 1957 4989 eo
1984 4945 2104 4990 actu
2128 4949 2352 4989 vexatus

2450 3667 2752 3734 τελευταία,
2788 3670 2823 3738 ή
2854 3667 2960 3736 πρὸ
2988 3667 3082 3720 δύο
3108 3669 3330 3741 ἡμερῶν
3377 3671 3649 3740 ἀλείψασα
3680 3669 3772 3722 τοῦ
3817 3671 4018 3732 πάθους

2449 3761 2537 3814 τὸν
2570 3759 2822 3830 Σωτῆρα,
2861 3759 2992 3830 περὶ
3014 3754 3083 3832 ἦς
3108 3761 3387 3824 Ματθαῑός
3436 3779 3497 3815 τε
3529 3764 3621 3815 καὶ
3653 3762 3883 3832 Μάρκος
3925 3763 4020 3833 τὴν

2447 3851 2698 3920 διήγησιν
2744 3850 3072 3914 ἀνετάξαντο
3107 3867 3119 3880 ·
3151 3850 3349 3905 οὐκοῦν
3390 3855 3418 3904 ὁ
3445 3853 3602 3921 λόγος
3642 3854 3886 3923 εὐλόγως
3929 3854 4016 3907 αὐ·

2447 3940 2545 4004 τὰς
2572 3944 2718 4010 τρεῖς
2745 3939 3124 4011 ἀνακηρύττει.

2524 4034 2630 4084 Καὶ
2649 4033 2750 4091 ὅρα
2780 4033 3112 4086 κάντεῦθεν·
3163 4035 3258 4087 καὶ
3305 4036 3337 4104 ὴ
3396 4035 3496 4105 μὲν
3550 4036 3736 4101 ἁπλῶς
3777 4039 3878 4109 ,τῷ
3927 4038 4021 4106 τῆς

2453 4121 2648 4185 κακίας
2709 4123 2930 4192 ὀνόματι
2964 4162 2980 4188 ,
3041 4125 3360 4195 ἁμαρτωλὸς
3430 4108 3787 4195 ὀνομάζεται,
3826 4108 3919 4182 καὶ
3948 4132 4020 4190 είς

2449 4216 2547 4282 τὴν
2616 4214 2793 4265 οἰκίαν
2839 4214 2930 4266 τοῦ
2981 4215 3313 4286 Φαρισαίου,
3363 4217 3483 4286 οὐχὶ
3533 4218 3589 4270 δὲ
3635 4220 3729 4271 τοῦ
3783 4221 4022 4291 Σίμωνςς

2452 4306 2545 4358 τοῦ
2619 4307 2858 4377 λεπροῦ,
2934 4309 3025 4360 τὸν
3092 4309 3297 4378 Ἰησοῦν
3349 4311 3490 4380 ὁρᾷ,
3547 4315 3611 4379 τῇ
3682 4314 4022 4384 παρακλήσει

2451 4398 2542 4450 τοῦ
2629 4399 2913 4460 ἐστιῶντος
2976 4398 3121 4450 ἀλῶν
3199 4401 3293 4452 καὶ
3359 4401 3636 4471 τραπέζης
3696 4403 4022 4472 κοινωνῆσαι

2454 4489 2913 4557 κατακεκλιμένον
2959 4503 2973 4516 ·
3047 4487 3183 4558 αὕτη
3238 4491 3330 4543 καὶ
3401 4491 3492 4542 τοῦ
3560 4491 3729 4562 μύρου
3807 4497 4022 4563 προχέει

2453 4580 2518 4632 τὰ
2580 4580 2812 4648 δάκρυα,
2882 4583 2975 4634 καὶ
3032 4583 3158 4644 τοὺς
3217 4582 3383 4645 πόδας
3438 4583 3622 4652 βρέχει
3673 4583 3764 4636 τοῦ
3831 4586 4019 4655 Ἰησοῦ,

2453 4672 2543 4723 καὶ
2580 4675 2692 4734 ταῖς
2718 4671 2862 4741 θριξὶ
2883 4673 2982 4738 τῆς
3021 4673 3259 4742 κεφαλῆς
3315 4675 3601 4742 ἐκμάσσει,
3662 4677 3755 4727 καὶ
3793 4694 4024 4742 καταφι-

2453 4763 2559 4814 λεῖν
2590 4763 2855 4832 λαμϐάνει
2880 4763 3098 4832 θάρσος,
3141 4765 3392 4818 κάκεῖθεν
3423 4767 3884 4838 παρρησιάζεται,
3937 4770 4023 4822 καὶ

2452 4857 2530 4926 τῷ
2566 4857 2721 4926 μύρῳ
2759 4856 2882 4919 τοὺς
2941 4857 3108 4918 πόδας
3182 4857 3434 4924 ἀλείφει·
3488 4860 3580 4910 καὶ
3633 4859 3882 4912 σιωπῶσι
3930 4861 4022 4926 μὲν

2454 4949 2544 5001 ἐπὶ
2567 4951 2630 5018 τῇ
2664 4948 2859 5017 πράξει
2893 4949 3091 5012 πάντες
3122 4950 3169 5017 οἱ
3201 4950 3486 5019 παρόντες,
3537 4951 3628 5002 καὶ
3653 4951 3829 5013 οὐδεὶς
3883 4953 4022 5004 οὐδε-

789 5028 1004 5097 aguitus
1035 5034 1139 5082 est.
1173 5024 1354 5094 lnquit
1378 5025 1522 5078 enim
1560 5042 1573 5076 :
1625 5041 1642 5072 ι
1667 5022 1765 5077 llic
1795 5025 1838 5077 si
1883 5025 2144 5093 pmpheta
2187 5033 2337 5077 esset.

2462 5039 2589 5109 μίαν
2619 5040 2934 5109 ἐπιτίμησιν
2963 5040 3156 5107 ἐπάγει
3213 5041 3289 5109 τῷ
3319 5042 3541 5110 γυναίῳ”
3565 5045 3594 5094 ό
3631 5043 3686 5093 δὲ
3736 5043 4022 5112 Φαρισαῖος

786 5123 948 5176 sciret
1005 5121 1190 5190 utique
1252 5131 1502 5187 quaenam
1563 5125 1616 5170 et
1668 5116 1842 5186 qualis
1882 5116 1947 5168 sit
1993 5116 2183 5168 mulier
2231 5132 2351 5185 qua:

786 5230 907 5267 eum
940 5215 1131 5281 tangit,
1176 5218 1230 5265 et
1269 5225 1387 5264 eam
1448 5209 1803 5277 peccatricem
1841 5192 2044 5262 esse“.
2070 5227 2088 5260 ι
2154 5208 2352 5262 Deinde

785 5305 944 5359 Jesus
966 5305 1112 5357 illum
1137 5301 1372 5372 propriis
1400 5300 1579 5354 verbis
1603 5310 1815 5354 coercet
1849 5315 2018 5367 osque
2041 5299 2087 5353 ei
2127 5299 2350 5364 claudit,

789 5391 1031 5444 mulieris
1067 5401 1244 5444 autem
1305 5397 1484 5442 actum
1538 5388 1749 5441 extollit
1805 5396 1858 5441 et
1909 5388 2353 5442 convenientibus

787 5482 973 5551 elogiis
1015 5491 1325 5539 veneratur,
1379 5487 1431 5531 et
1487 5478 1787 5530 mercedem
1830 5484 1983 5530 actus
2019 5475 2065 5528 ei
2095 5490 2349 5543 magnum

791 5590 988 5627 munus
1014 5574 1208 5634 reddit,
1244 5574 1589 5641 peccatorum
1633 5569 2042 5633 remissionem;
2089 5577 2141 5622 et
2182 5583 2355 5636 neque

791 5668 888 5718 hor.
924 5667 995 5718 illi
1026 5665 1254 5728 sufllcit,
1297 5663 1388 5716 sed
1421 5671 1473 5716 et
1513 5661 1739 5716 salutem
1787 5661 1837 5712 in
1866 5658 1984 5726 ejus
2033 5660 2353 5713 sententiam

833 5851 870 5880 ‘”
898 5847 1086 5901 1.ldattli.
1123 5861 1252 5909 xvu,
1289 5846 1306 5895 1
1349 5861 1497 5915 seqq.
1541 5843 1582 5875 ⁵⁸
1607 5842 1737 5899 Luc.
1763 5859 1862 5905 vu,
1899 5843 1988 5896 59.

2462 5132 2620 5200 μόνος
2639 5131 2731 5182 καὶ
2757 5130 2878 5182 τότε
2896 5132 2953 5182 ἐν
2971 5129 3148 5200 ἐαυτῷ
3168 5135 3232 5202 τῇ
3255 5132 3449 5202 πράξει
3471 5133 3839 5203 δυσχεραίνων
3862 5134 4020 5201 ἐγνώ-

2461 5224 2558 5290 σθη
2595 5240 2608 5253 ⁸
2647 5225 2779 5292 φησὶ
2810 5223 2917 5292 γάρ
2948 5239 2963 5252 ⁸
3000 5241 3017 5273 ι
3059 5220 3224 5286 Οὗτος
3248 5226 3296 5275 εί
3326 5220 3393 5292 ἦν
3417 5226 3701 5294 προεξήτης
3730 5226 4022 5291 ἐγίνωσκεν

2462 5315 2528 5368 ἂν
2560 5315 2640 5376 τίς
2661 5316 2756 5366 καὶ
2799 5315 3015 5383 ποταπὴ
3044 5315 3077 5382 ή
3103 5314 3239 5385 γυνὴ
3273 5315 3394 5384 ἥτις
3445 5316 3678 5368 ἅπτεται
3726 5315 3917 5379 αὑτοῦ,
3946 5315 4021 5367 ὅτι

2460 5407 2787 5478 ἁμαρτωλός
2839 5409 3021 5459 ἐστιν·
3063 5426 3081 5460 ι
3117 5404 3234 5460 εἶτα
3275 5411 3302 5460 ὁ
3336 5407 3539 5476 Ἰησοῦς
3567 5411 3771 5460 ἐκεῖνον
3804 5410 3907 5477 μὲν
3963 5409 4022 5458 ἐκ

2462 5499 2571 5550 τῶν
2591 5499 2808 5552 οἰκείων
2866 5498 3037 5565 λόγων
3087 5500 3404 5568 συμποδίζει
3433 5517 3488 5553 τε
3544 5501 3635 5553 καὶ
3662 5501 4017 5570 ἐπιστομίζει.

2462 5594 2559 5660 τῆς
2613 5593 2669 5644 δὲ
2729 5593 2987 5659 γυναικὸς
3013 5593 3108 5662 τὴν
3158 5593 3356 5663 πρᾶξιν
3406 5594 3622 5662 ἐπαίρει
3659 5611 3736 5656 τε,
3787 5596 3884 5644 καὶ
3919 5595 4021 5652 τοῖς

2467 5684 2769 5752 πρέπουσιν
2798 5685 3092 5754 ἐγκωμίοις
3122 5684 3506 5754 ἀποσεμνύνει,
3536 5684 3626 5737 καὶ
3663 5683 3856 5750 μισθὸν
3891 5685 4020 5751 αὑτῇ
