4186 6444
211 370 313 435 861

1128 379 1229 438 ΑΙ.)
1258 377 1852 441 AMPHILOCHIUM
1883 378 2228 452 ΟυιΕΞΤΙΟ
2258 381 2462 440 XLVII
2480 378 2522 440 τι

3374 373 3483 438 362

213 482 312 551 τῆς
343 482 593 550 πράξεως
625 483 964 539 ἀντιδίδωσιν
991 486 1051 539 τὸ
1075 487 1218 556 μέγα
1249 488 1445 560 δῶρον.
1468 489 1577 543 τῶν
1607 490 1791 560 ἀμαρ-

1913 489 2158 546 |dducit:
2228 506 2247 541 ι
2275 489 2431 545 Fides
2479 499 2597 555 tua,
2650 489 2849 558 inquit,
2898 497 2950 543 te
2980 488 3187 542 salvam
3233 485 3473 542 fecit".t

213 574 476 640 τημάτων
507 576 608 646 τὴν
639 577 835 645 ἀφεσιν
864 593 879 607 ’
927 577 1022 630 καὶ
1045 577 1167 631 οὐδὲ
1203 580 1368 651 μέχρι
1420 582 1612 635 τούτου
1648 582 1802 634 ῖστα-

214 677 331 727 ται,
365 665 498 732 ἀλλά
556 668 654 722 καὶ
716 667 819 739 τὴν
894 667 997 739 τῆς
1057 672 1319 738 γυναικὸς
1376 673 1656 743 σωτηρίαν
1718 674 1800 737 είς

1909 582 1985 637 Ea
2031 584 2219 654 igitur
2285 599 2407 651 quae
2468 581 2609 651 apud
2677 580 2880 636 Lucam
2952 579 3228 636 invenitur
3282 578 3482 633 talibus

1904 671 2225 730 differentiis
2250 674 2320 729 ab
2352 672 2476 727 aliis
2505 671 2857 727 discernitur.

213 756 318 827 τὴν
346 757 515 829 αὐτῆς
544 758 735 828 ἀνάγει
763 760 1014 831 γνώμην.
1052 779 1072 813 ι
1096 761 1165 816 Ἥ
1192 762 1372 827 πίστις
1403 780 1496 818 σου
1521 764 1652 837 γὰρ,
1683 764 1840 835 φησὶ.
1883 764 2101 819 σέσωκέ
2130 782 2211 820 σε.
2244 783 2263 817 ι
2307 763 2456 834 Αὕτη
2486 765 2583 834 μὶν
2624 760 2718 818 οὖν
2756 765 2790 834 η
2815 763 2969 833 παρά
3015 763 3094 833 τῷ
3145 762 3331 831 Δουκᾷ
3391 766 3482 815 καὶ

214 850 507 910 τοσαύταις
578 852 711 923 πρὸς

312 946 377 999 Ἦ
430 947 489 1000 δι
559 950 711 1020 παρά
774 950 854 1022 τῷ
907 952 1251 1023 ἠγαπημένῳ
1298 953 1512 1025 μαθητῇ
1561 955 1796 1026 ἔμφανε-

220 1036 424 1105 στάτην
476 1036 576 1106 μὶν
637 1039 750 1108 ἔχει
811 1040 910 1112 τὴν
964 1041 1251 1111 διαφορὰν,
1303 1042 1385 1096 δτι
1453 1044 1550 1096 καὶ
1611 1044 1799 1112 γένους

219 1126 475 1197 λαμπροῦ
530 1131 626 1184 καὶ
682 1130 861 1194 οἰκίας
905 1130 1180 1201 ἐπισήμου
1238 1131 1335 1187 καὶ
1383 1130 1801 1204 θαυμαζομένου

219 1214 362 1283 βίου,
395 1218 489 1270 καὶ
540 1217 633 1271 τὸν
688 1219 921 1288 ἀδελφὸν
985 1220 1261 1275 ἀπέλαϐεν
1300 1223 1429 1293 ἀρτι
1479 1223 1591 1277 τῶν
1620 1224 1803 1278 πυλῶν

215 1305 583 1362 ἀναδεδυκότα
634 1308 727 1364 τοῦ
759 1310 887 1382 ᾅδου
914 1327 927 1340 ·
972 1311 1049 1375 ὡς
1092 1314 1186 1366 κα)⁵
1225 1315 1572 1368 συνανέκειτο
1614 1316 1671 1368 εν
1725 1315 1804 1386 τῷ

215 1395 421 1469 δείπνῳ
464 1399 559 1453 τοῦ
623 1402 821 1471 Ἰησοῦ,
875 1402 977 1474 τῆς
1030 1405 1250 1473 Μαρίας
1301 1406 1471 1477 αὐτῆς
1521 1407 1802 1460 διακονού-

220 1503 347 1552 σης,
390 1488 553 1557 ἡνίκα
582 1490 677 1546 καὶ
712 1493 978 1561 προσάγει
1033 1494 1095 1549 τὸ
1148 1495 1340 1567 μῦρον,
1401 1498 1496 1550 καὶ
1533 1500 1800 1569 ἐκμάσσει

792 857 911 919 ταῖς
984 855 1172 921 ἄλλαις
1226 858 1549 929 ἀφορίζεται
1609 859 1912 930 διαφοραῖς.

1969 954 2103 1021 Quae
2132 969 2263 1009 vero
2282 963 2363 1008 est
2388 952 2529 1022 apud
2564 950 2823 1006 dilectum
2841 948 3171 1019 discipulum
3195 945 3485 1002 manifesta

1898 1045 2117 1115 quidem
2151 1053 2370 1098 notatur
2402 1042 2729 1106 dim-rentia,
2778 1039 2926 1110 quod
2960 1053 3156 1109 nempe
3190 1047 3244 1094 et
3285 1052 3485 1107 genere

1901 1137 2099 1192 illustri
2128 1144 2182 1191 et
2210 1135 2409 1192 celebri
2436 1136 2598 1190 domo
2627 1144 2683 1189 et
2715 1131 2949 1187 mirabili
2982 1131 3091 1186 vita
3126 1141 3245 1193 est;
3280 1139 3334 1185 et
3376 1131 3485 1182 fra-

1903 1238 2037 1282 trem
2069 1228 2273 1297 recepit
2298 1241 2488 1281 recens
2518 1242 2548 1280 a
2598 1226 2768 1294 portis
2802 1223 2962 1278 inferi
3016 1231 3352 1283 retractum;
3393 1221 3482 1290 qui

1910 1317 2159 1373 recubuit
2187 1318 2413 1372 incmna
2445 1330 2567 1371 cum
2591 1314 2739 1381 Jesu,
2775 1313 2942 1369 Maria
2969 1313 3087 1383 ipsa
3121 1313 3484 1374 ministranse,

1909 1405 2128 1473 quando
2151 1411 2212 1459 'et
2263 1413 2537 1475 unguenta
2584 1401 2815 1457 effundit
2866 1410 2922 1455 et
2960 1401 3123 1469 tergit
3164 1410 3220 1455 et
3253 1400 3365 1471 ipsa
3396 1416 3487 1455 ca-

1912 1496 2229 1564 pillis,non
2267 1497 2332 1549 ad
2384 1494 2877 1551 remunerationem
2930 1493 3169 1563 aliquam
3239 1493 3483 1547 divinum

219 1580 317 1632 καὶ
348 1581 487 1652 αύτὴ
527 1586 647 1647 ταῖς
683 1582 885 1667 θριξὶν,
915 1588 978 1640 οὐ
1009 1586 1146 1657 πρὸς
1196 1588 1526 1657 ἀντάμειψίν
1569 1606 1693 1643 τινα
1742 1591 1804 1643 τὸ

1913 1589 2013 1643 hoc
2051 1603 2190 1657 opus
2214 1602 2447 1658 ponens,
2485 1588 2578 1644 sed
2612 1587 2792 1658 potius
2826 1585 3175 1657 gratitudinis
3213 1584 3483 1655 piaculum

222 1668 533 1741 θεοπρεπὲς
573 1673 737 1744 ἔργον
797 1676 1277 1748 καταϐαλλομένη,
1310 1677 1427 1732 ἀλλ’
1455 1680 1806 1751 είχαριστίας

222 1756 430 1824 μᾶλλον
463 1758 564 1829 τῆς
590 1764 966 1833 γεγενημένης
987 1767 1117 1837 περὶ
1150 1766 1242 1820 τὸν
1267 1768 1492 1838 ἀδελφὸν
1522 1763 1807 1841 θεουργίας

215 1848 518 1918 ἀφοσίωσίν
566 1869 684 1906 τινα
712 1855 1022 1929 επινοοῦσα.
1058 1858 1357 1914 Κάνταῦθα
1406 1860 1505 1929 μὲν
1533 1861 1583 1913 οἱ
1634 1860 1808 1928 μαθη-

215 1939 313 1990 ταὶ
350 1941 569 2005 πάντες,
601 1947 728 2015 σιγῇ
747 1945 845 2014 τὴν
870 1945 1069 2013 πρᾶξιν
1086 1948 1413 2016 ἠσπάζοντοο
1444 1952 1540 2003 καὶ
1563 1950 1653 2004 τοῦ
1679 1950 1809 2021 περὶ

215 2028 314 2080 τὸν
348 2030 598 2114 Λάζαρον
628 2032 905 2105 θαύματος
937 2038 1067 2101 ίσως
1099 2038 1197 2109 τὴν
1247 2040 1553 2112 ὑπερϐολὴν
1596 2042 1807 2096 ἐννοού-

221 2132 381 2185 μενοι
409 2118 501 2170 καὶ
550 2120 649 2191 τῆς
684 2122 948 2184 γυναικὸς
1002 2124 1101 2194 τὴν
1155 2126 1445 2183 εὐλάϐειαν
1499 2128 1566 2182 δι’
1627 2127 1808 2191 αἰδοῦς

222 2206 490 2277 φέροντες
516 2226 531 2241 ’
593 2211 755 2280 μόνος
787 2213 844 2267 δὲ
876 2216 974 2284 τῆς
1001 2216 1365 2288 φιλαργυρίας
1420 2219 1483 2273 τὸ
1538 2220 1807 2290 ἀνδράπο-

214 2300 334 2361 δον,
366 2299 466 2370 τῆς
528 2301 816 2373 προδοσίας
868 2307 896 2358 ό
954 2305 1197 2378 κάπηλος
1249 2309 1650 2379 καταγογγύζει
1709 2315 1807 2382 τῆς

218 2389 477 2461 πράξεως
506 2409 519 2424 ο
548 2393 643 2446 καὶ
668 2394 697 2447 ό
727 2395 936 2465 Ἰησοῦς
961 2398 1060 2468 τὴν
1090 2400 1250 2453 νόσον
1278 2400 1368 2471 ὑφ’
1410 2420 1477 2475 ης
1531 2419 1805 2475 κεκρατη-

220 2481 389 2551 μένος
426 2482 599 2539 ταῦτα
631 2483 900 2554 ἔπραττεν
956 2489 1037 2552 είς
1096 2490 1263 2559 μέσον
1306 2492 1479 2561 ἄγων,
1525 2489 1681 2549 εἶπεν
1709 2498 1807 2550 αὐ-

215 2573 324 2644 τῷ·
362 2591 383 2626 ι
416 2574 592 2645 Ἄφες
617 2577 813 2649 αὐτὴν,
848 2579 927 2642 είς
960 2580 1059 2651 τὴν
1082 2582 1296 2652 ἡμέραν
1317 2584 1412 2639 τοῦ
1434 2588 1805 2658 ένταφιασμοῦ

222 2683 335 2737 μου
366 2667 671 2738 τετήρηκεν
692 2668 844 2723 αύτό.
878 2689 896 2719 ι
939 2670 1084 2725 Ἀντὶ
1108 2672 1223 2735 τοῦ.
1257 2674 1332 2727 Σὺ
1382 2675 1483 2745 μιν
1537 2676 1629 2732 τδν
1672 2677 1804 2749 ἑμδν

220 2757 549 2823 σπουδάζεις
573 2758 827 2825 θάνατον,
845 2760 935 2813 διὰ
952 2760 1109 2816 τοῦτό
1133 2778 1214 2817 σοι
1240 2764 1333 2819 καὶ
1356 2766 1389 2837 ἠ
1416 2764 1510 2821 τοῦ
1542 2766 1714 2837 μύρου
1727 2784 1805 2821 τι·

221 2849 304 2919 μὴ
335 2849 828 2917 περισπούδαστον·
862 2852 1070 2923 αὖτηδέ
1094 2870 1187 2909 σου
1201 2855 1578 2928 τὴνεκθεσμον
1604 2858 1802 2929 πρᾶξιν

220 2940 321 2993 καὶ
342 2939 408 2992 δι’
433 2932 510 2994 ὧν
542 2941 838 3012 εἰργάσατο
868 2943 1189 3013 στηλιτεύειο
1224 2946 1319 3000 καὶ
1335 2946 1577 3002 διδάσκει
1601 2949 1704 3002 κᾶν
1732 2949 1807 3020 μὴ

222 3030 426 3100 μαθεῖν
460 3032 779 3104 ὲπωρὼθης,
812 3036 895 3089 ὅτι
927 3035 1098 3107 όνπερ
1125 3037 1191 3091 σὺ
1232 3038 1526 3108 προδοῦναι
1572 3040 1809 3094 σπουδάο

219 3119 367 3185 ζεις,
396 3120 537 3192 αὕτη
559 3121 678 3194 Θεῷ
704 3124 794 3178 τσα
822 3122 1070 3189 θυσιάξει
1104 3125 1199 3179 καὶ
1223 3127 1437 3182 σέϐεται
1462 3142 1480 3159 ·
1527 3129 1663 3183 ἀλλά
1695 3147 1808 3184 τοι-

220 3213 373 3284 αύτη
406 3213 506 3284 μὶν
546 3214 638 3267 καὶ
670 3215 704 3287 ἡ
744 3214 840 3270 τοῦ
884 3216 1141 3288 Λαζάρου
1170 3218 1400 3290 ἀδελφή.
1442 3218 1507 3273 Ἦ
1559 3219 1617 3274 δι
1644 3220 1804 3290 λοιπὴ

215 3305 385 3376 τρίτη
415 3306 525 3359 τῶν
552 3307 930 3378 έπιχεαμένων
957 3309 1035 3381 τῷ
1079 3310 1325 3380 Δεσπότῃ
1353 3311 1414 3363 τὸ
1445 3311 1637 3383 μύρον,
1680 3315 1810 3385 περὶ

220 3389 294 3467 ἧς
325 3395 555 3466 Μάρκος
583 3396 679 3450 καὶ
717 3398 995 3462 Ματθαῖος
1047 3400 1423 3471 ἱστορήκασιν,
1464 3402 1574 3456 ἀπὸ
1600 3403 1658 3457 δὲ
1713 3405 1808 3459 τοῦ

219 3486 332 3557 τῆς
362 3488 621 3557 πορνείας
654 3487 818 3554 ἄγους
852 3489 1277 3559 ἐπονομάζεται,
1308 3492 1366 3544 ὲν
1419 3495 1484 3562 τῇ
1517 3493 1665 3564 οἰκίᾳ
1713 3496 1811 3563 μὲν

220 3582 595 3652 παραγίνεται
625 3582 867 3652 Σίμωνος
899 3583 993 3637 τοῦ
1026 3584 1253 3655 λεπροῦ,
1288 3586 1348 3638 ού
1402 3584 1524 3639 τότε
1570 3586 1813 3657 λεπρῶν-

219 3690 343 3738 τος.,
369 3672 504 3726 ἀλλὰ
540 3672 704 3727 πάλαι
735 3674 833 3744 μὲν
865 3674 942 3745 τῷ
976 3675 1142 3730 πάθει
1174 3676 1561 3747 κατεχομένου,
1606 3677 1723 3729 τότε
1756 3677 1813 3731 δὲ

220 3766 295 3834 τῇ
328 3763 427 3817 τοῦ
502 3762 675 3833 Ἰησοῦ
699 3765 1081 3837 φιλανθρωπία
1113 3766 1553 3838 κεκαθαρμένου,
1613 3767 1672 3821 δν
1717 3768 1813 3821 καὶ

217 3856 260 3920 ἠ
315 3853 491 3922 πόρνη
533 3855 971 3923 συνεπισταμένη
1045 3856 1139 3909 καὶ
1185 3855 1245 3920 ὲξ
1290 3856 1403 3909 οἴου
1444 3856 1811 3927 βδελύγματος

219 3948 313 4007 είς
342 3944 463 3997 οἷαν
510 3944 633 4014 ὄψιν
682 3933 1027 4016 ἀποκατέστη
1066 3948 1159 3999 τὸν
1199 3947 1402 4016 χρῶτα,
1466 3948 1685 4009 ἐλπίδας
1752 3966 1809 4001 τε

217 4036 575 4104 ἀνελάμϐανε
607 4037 847 4108 χρηστὰς
878 4038 1262 4107 ἀπαλλαγῆναι
1293 4038 1388 4091 τοῦ
1432 4038 1667 4109 ψυχικοῦ
1704 4040 1806 4109 μύ-

224 4148 383 4191 σπους,
416 4131 511 4183 καὶ
531 4132 843 4202 παρρησίας
890 4131 1099 4199 ἐγίνετο
1158 4116 1475 4199 προσελθεῖν
1500 4130 1578 4201 τῷ
1610 4130 1807 4203 Ἰησοῦ,

214 4224 327 4275 καὶ
358 4221 424 4291 δὴ
453 4220 824 4292 προσελθοῦσα
848 4220 947 4290 οὐχ
969 4221 1197 4275 ἅπτεται
1235 4222 1335 4290 μὲν
1383 4224 1449 4292 τῇ
1486 4222 1651 4294 χειρὶ,
1684 4221 1805 4275 οὐδὲ

212 4313 353 4376 ταῖς
380 4310 557 4381 θριξὶν
605 4312 872 4381 ὲκμάσσει
926 4328 940 4342 ’
967 4310 1086 4364 οὐδὲ
1121 4311 1229 4379 γάρ
1266 4310 1447 4364 οὐδενὶ
1502 4310 1650 4380 μέλει
1716 4309 1810 4363 τοῦ

214 4403 492 4473 σώματος
537 4400 739 4471 ψαῦσαι
775 4401 867 4455 τοῦ
917 4401 1165 4469 Σωτῆρος
1216 4399 1523 4470 ἀτόλμητον
1559 4401 1813 4463 ἐποιεῖτο,

209 4496 352 4551 ἀλλ’
383 4495 661 4564 ἄψαυστον
710 4494 842 4548 αὐτὸ
892 4491 988 4547 τοῦ
1014 4491 1406 4565 έρρυπωμένου
1451 4491 1658 4562 χρωτὸς
1687 4509 1815 4545 συν-

206 4588 505 4659 τηροῦσα,
540 4587 763 4640 κλέπτει
789 4586 891 4655 τὴν
918 4585 1007 4639 διά
1030 4585 1125 4638 τοῦ
1161 4584 1338 4656 μύρου
1374 4583 1539 4653 τιμὴν
1586 4584 1679 4637 καὶ
1726 4583 1817 4636 θυο

210 4683 362 4735 σίαν
381 4698 397 4713 ο
432 4680 528 4734 καὶ
554 4679 615 4731 τὸ
638 4678 977 4749 ἀλάϐαστρον
1008 4677 1366 4748 συντρίψασα,
1398 4676 1594 4745 ἀθρόον
1620 4676 1683 4730 τὸ
1710 4678 1815 4746 μύ-

208 4789 331 4841 ρον
352 4771 451 4839 τῆς
473 4769 716 4838 κεφαλῆς
740 4769 947 4839 έπιχέει
967 4785 982 4801 ο
1014 4776 1105 4821 και
1124 4769 1489 4838 ἀγανακτοῦσι
1517 4767 1818 4836 τηνικαῦτα

197 4863 332 4931 οὐχ
366 4860 396 4912 ό
437 4860 755 4929 ⁴Ιιαρισαῖος,
784 4859 907 4913 οὐδὲ
952 4859 1113 4929 μόνος
1158 4861 1187 4912 ὁ
1216 4858 1498 4930 προδότης,
1540 4859 1677 4913 ἀλλά
1711 4859 1818 4913 τῶν

202 4950 500 5025 μαθητῶν
557 4950 656 5004 οῦκ
704 4950 897 5019 ὀλίγοι.
937 4948 1001 5004 Ἠ
1050 4950 1105 5003 δὲ
1161 4949 1499 5021 γεγενημένη
1546 4950 1819 5019 διαφόρως

197 5043 613 5119 ἀγανάκτησις
646 5043 748 5096 ούκ
777 5044 887 5096 ἀπὸ
909 5042 1009 5113 τῆς
1038 5043 1209 5113 αὐτῆς
1253 5042 1637 5115 ἀνερριπίζετο
1679 5042 1818 5111 γνὼ-

198 5153 370 5208 μης,
399 5133 541 5189 ἀλλά
586 5134 681 5187 τοῦ
722 5136 822 5205 μὲν
856 5136 1095 5205 Σίμωνος
1146 5135 1221 5199 ὡς
1264 5135 1416 5189 οὐδὲν
1454 5134 1655 5206 ὑψηλὸν
1689 5136 1818 5205 περὶ

192 5228 324 5280 τὸν
359 5222 702 5295 θεραπευτὴν
743 5224 840 5278 καὶ
886 5226 1116 5295 Σωτῆρα
1152 5224 1584 5295 φανταζομένου,
1625 5223 1720 5277 τοῦ
1761 5225 1817 5277 δὲ

194 5315 413 5375 Ἰούδα
441 5314 518 5379 ὡς
546 5314 626 5386 τῷ
657 5314 755 5386 τῆς
793 5316 1158 5387 φιλαργυρίας
1186 5316 1348 5370 πάθει
1383 5316 1813 5387 κεκρατημένου,

191 5409 350 5465 τῶν
383 5406 442 5460 δὲ
484 5406 741 5476 μαθητῶν
774 5406 849 5469 ὡς
876 5406 1009 5474 ἐλέῳ
1041 5407 1149 5460 τῶν
1180 5406 1493 5476 πενομένων
1536 5407 1816 5476 ἐκνενικη-

198 5501 423 5575 μινων
444 5513 459 5529 ·
494 5499 592 5567 οὐχ
621 5498 763 5552 ὥστε
804 5498 866 5550 τὸ
896 5498 1224 5553 Δεσποτικὸν
1258 5496 1477 5570 φίλτρον
1525 5498 1617 5551 καὶ
1653 5496 1816 5561 σέϐας

194 5591 721 5661 ινδευτερωθῆναι,
765 5589 881 5643 ἀλλ’
911 5590 993 5644 ὅτι
1027 5591 1279 5645 κάκεῖνον
1302 5590 1522 5661 ᾔδεισαν
1547 5590 1641 5644 τὸν
1669 5591 1816 5644 ἔλεον

196 5686 327 5743 καὶ
368 5681 535 5752 αὐτῆς
566 5683 922 5753 προκρίνοντα
938 5682 1038 5753 τῆς
1061 5681 1268 5745 θυσίας·
1302 5681 1488 5739 Ἕλεον
1507 5682 1637 5757 γὰρ,
1661 5684 1814 5753 φησὶ,

246 5804 309 5836 θ’
346 5796 485 5852 Luc.
521 5813 616 5856 vn.
656 5797 743 5852 50.
820 5798 863 5828 ⁷⁸
905 5795 1059 5851 Joan.
1089 5810 1178 5859 xu,
1207 5796 1260 5849 ’1.

1909 1690 2128 1751 propter
2154 1679 2357 1735 factum
2396 1681 2449 1735 in
2485 1679 2707 1736 fratrem
2748 1677 3072 1733 miraculum
3122 1678 3388 1748 cogitans.
3425 1676 3488 1729 [it

1909 1780 2039 1825 tunc
2077 1769 2330 1839 discipuli
2393 1784 2587 1825 omnes
2642 1770 2861 1824 silentio
2904 1768 3174 1824 actionem
3222 1766 3480 1838 probave-

1910 1871 2077 1928 runt;
2120 1869 2175 1917 et
2216 1862 2465 1918 miraculi
2505 1862 2557 1915 in
2593 1860 2859 1916 Lazarum
2907 1859 3045 1916 forte
3082 1863 3368 1914 excessum
3403 1860 3485 1912 in»

1910 1953 2235 2025 telligenles,
2282 1962 2338 2008 et
2405 1954 2621 2008 femina:
2676 1951 3100 2007 sollicitudinem
3150 1949 3487 2004 venerationi

1911 2046 2189 2103 habentes.
2240 2045 2403 2102 Solus
2437 2047 2676 2100 avaritia:
2716 2060 2908 2101 servus
2946 2041 3275 2115 proditionis
3308 2056 3486 2111 caupo

1910 2147 2094 2195 actum
2127 2139 2417 2209 vituperat.
2475 2146 2531 2193 et
2554 2135 2713 2193 Jesus
2772 2136 3023 2191 morbum
3080 2149 3190 2203 quo
3235 2134 3489 2188 laborans

1911 2230 2013 2286 hoc
2036 2231 2249 2301 agebat,
2277 2231 2331 2285 in
2374 2230 2612 2286 medium
2637 2227 2943 2300 proferens,
2966 2226 3145 2297 inquit
3172 2226 3280 2280 illi:
3315 2244 3332 2277 ι
3360 2223 3491 2279 Sine

1909 2322 2090 2388 illam;
2123 2322 2175 2377 in
2203 2322 2344 2379 diem
2380 2321 2525 2378 enim
2567 2321 2858 2391 sepultum
2914 2333 3049 2374 mea:
3103 2317 3206 2372 hoc
3237 2316 3492 2371 observa-

1908 2412 1983 2467 vit
2004 2412 2085 2473 ⁷⁶;
2126 2431 2144 2464 ο
2173 2412 2225 2467 id
2247 2420 2331 2467 est
2359 2428 2371 2466 :
2402 2421 2456 2466 tu
2478 2411 2700 2482 quidem
2724 2425 2857 2466 meae
2878 2408 3039 2463 morti
3069 2409 3338 2473 studes,et
3369 2406 3492 2461 ideo

1908 2504 2002 2559 tibi
2033 2505 2200 2574 hujus
2236 2505 2500 2576 unguenti
2536 2503 2772 2574 pretium
2817 2500 3238 2557 dilectissimum
3265 2508 3366 2555 est.
3395 2498 3488 2553 Illa

1908 2605 2086 2652 autem
2118 2608 2265 2652 tuam
2296 2597 2537 2668 exlegem
2592 2594 2863 2651 actionem
2892 2608 2988 2664 per
3011 2607 3073 2645 ea
3108 2607 3230 2662 qua:
3268 2598 3488 2661 operata

1904 2697 1988 2740 est
2016 2685 2292 2751 inscribit;
2331 2698 2385 2742 et
2412 2685 2590 2749 docet,
2623 2683 2724 2739 etsi
2749 2681 2959 2736 discere
2985 2694 3093 2748 prae
3115 2677 3303 2734 divitia
3327 2677 3491 2741 nolis,

1904 2791 1965 2833 se
1990 2778 2038 2833 ci
2065 2790 2226 2847 quem
2253 2777 2411 2847 cupis
2433 2774 2665 2846 prodere
2692 2782 2752 2830 ut
2773 2771 2881 2827 Deo
2909 2770 3240 2828 sacriﬁcium
3268 2769 3490 2839 offerre,

1908 2875 1962 2921 et
1981 2882 2106 2922 eum
2135 2876 2192 2921 ut
2222 2865 2388 2921 Deum
2416 2866 2686 2922 venerari.
2718 2862 2822 2919 Sed
2852 2878 2915 2917 ca
2950 2870 3069 2917 erat
3093 2859 3283 2915 Lauri
3312 2874 3490 2917 soror.

1914 2957 2141 3028 Reliqua
2174 2973 2303 3013 vero
2347 2958 2504 3011 tertia
2532 2972 2717 3010 carum
2748 2970 2869 3026 quae
2898 2951 3128 3007 Domino
3154 2961 3493 3023 unguentum

1913 3050 2253 3111 eﬂ'uderunt.
2292 3048 2451 3118 cujus
2496 3046 2710 3102 Marcus
2738 3058 2793 3102 et
2846 3043 3136 3099 Mattltzeus
3189 3040 3483 3097 historiam

1915 3140 2187 3205 scribunt,
2223 3154 2286 3194 ex
2340 3138 2721 3194 fornicationis
2774 3136 2981 3192 scelere
3033 3132 3492 3204 cognominatur;

1914 3232 1969 3285 in
2000 3230 2166 3285 domo
2198 3229 2419 3299 quidem
2472 3228 2716 3284 Simonis
2765 3226 2962 3296 leprosi
3011 3223 3189 3287 adest,
3242 3237 3353 3277 non
3380 3220 3493 3291 jam

1914 3323 2063 3392 lepra
2093 3322 2419 3387 laborantis,
2457 3321 2552 3377 sed
2586 3320 2718 3373 olim
2755 3318 2859 3372 hoc
2892 3316 3085 3372 morbo
3129 3315 3328 3386 operti,
3366 3324 3495 3371 tunc

1915 3428 2045 3469 vero
2076 3411 2206 3468 Jeau
2260 3411 2632 3468 misericordia
2687 3409 2970 3475 mundati;
3022 3423 3183 3476 quem
3219 3408 3491 3477 peccatrix

1914 3519 2252 3573 cognoscens
2281 3512 2337 3559 et
2359 3505 2538 3560 sciens
2562 3517 2625 3558 ex
2683 3518 2787 3572 qua
2814 3501 2968 3573 pellis
2994 3499 3397 3555 abominatione
3428 3500 3493 3552 ad

1915 3611 2078 3665 quem
2109 3605 2388 3663 aspectum
2417 3610 2715 3651 conversus
2753 3594 2859 3656 sit,
2914 3607 3175 3662 spemque
3240 3592 3492 3660 concepit

1916 3686 2115 3741 bonam
2143 3685 2257 3742 fore
2290 3696 2425 3741 utet
2466 3686 2580 3755 ipsa
2614 3700 2641 3737 a
2678 3682 2951 3754 spirituali
2991 3682 3196 3738 scelere
3232 3682 3488 3737 liberare-

1916 3784 2025 3837 tur.
2044 3774 2385 3832 etlicentiam
2410 3774 2599 3829 babuit
2621 3771 2806 3829 Jesum
2835 3771 3095 3833 adeundi,
3129 3780 3182 3827 et
3205 3784 3492 3840 postquam

1882 3870 2171 3930 'accessit,
2205 3883 2312 3922 non
2346 3866 2519 3936 tangit
2544 3880 2669 3921 eum
2704 3881 2889 3925 manu,
2920 3879 3100 3933 neque
3143 3862 3353 3931 capillis
3388 3872 3494 3915 ter-

1916 3957 2026 4028 git;
2060 3955 2333 4010 noncnim
2380 3954 2490 4008 ullo
2517 3953 2765 4007 membro
2804 3950 3104 4005 Salvatoris
3148 3965 3350 4019 corpus
3377 3961 3497 4004 tan-

1914 4059 2037 4117 gere
2059 4058 2190 4098 ausa
2214 4051 2378 4103 esset.
2412 4041 2505 4096 sed
2534 4042 2796 4095 intactum
2823 4038 3004 4108 ipsum
3030 4052 3059 4091 a
3094 4036 3297 4107 polluta
3328 4052 3494 4091 carne

1915 4136 2238 4198 observans,
2278 4133 2543 4186 honorem
2575 4146 2672 4201 per
2698 4138 3035 4201 unguentum
3067 4137 3119 4183 et
3164 4128 3493 4184 sacriﬁcium

1915 4224 2087 4288 celat;
2150 4232 2206 4278 et
2258 4222 2591 4278 alabastrum
2620 4230 2911 4291 postquam
2959 4218 3226 4288 fregisset,
3265 4218 3495 4272 multum

1926 4324 2262 4385 unguentum
2299 4315 2353 4369 in
2379 4321 2541 4384 caput
2574 4312 2693 4379 ejus
2737 4311 2988 4366 effundit.
3031 4309 3096 4364 Et
3148 4309 3499 4379 indignantur

1924 4417 2056 4460 tunc
2091 4405 2417 4469 Pbariszeus,
2450 4417 2625 4473 neque
2656 4402 2808 4457 solus
2836 4400 3101 4469 proditor,
3127 4400 3221 4455 sed
3252 4400 3499 4468 discipu—

1926 4497 2101 4550 lorum
2131 4510 2243 4549 non
2266 4494 2447 4564 pauci.
2480 4492 2740 4548 Dissimili
2768 4502 2949 4546 autem
2993 4490 3153 4545 modo
3187 4490 3322 4545 facta
3358 4493 3497 4544 imii-

1924 4586 2107 4657 gnatio
2140 4600 2248 4641 non
2300 4585 2367 4639 ab
2399 4582 2586 4639 eadem
2636 4582 2858 4637 emicuit
2906 4592 3122 4643 mente;
3164 4581 3255 4636 sed
3310 4580 3496 4639 Simon

1924 4679 2142 4747 quidem
2180 4676 2315 4731 nihil
2360 4676 2453 4730 alti
2512 4688 2691 4745 neque
2734 4672 2801 4727 de
2846 4670 3181 4736 famulante,
3217 4686 3389 4740 neque
3434 4676 3499 4725 de

1926 4768 2159 4823 Domino
2188 4765 2623 4837 imaginabatur;
2658 4763 2829 4819 Judas
2853 4770 3035 4817 autem
3075 4763 3315 4817 avaritiae
3348 4765 3475 4831 cupi

1924 4860 2092 4915 ditate
2120 4859 2440 4923 tenebatur;
2470 4855 2700 4924 apostoli
2722 4869 2850 4909 vero
2884 4854 3260 4909 misericordia
3288 4852 3338 4906 in
3366 4868 3499 4921 pau—

1924 4966 2081 5022 peres
2103 4948 2485 5015 vincebantur,
2514 4963 2619 5003 non
2663 4958 2722 5001 ut
2744 4945 2953 5000 Domini
2983 4959 3221 4999 amorem
3256 4945 3499 4999 secundo

1924 5043 2047 5099 loco
2088 5049 2372 5112 ponerent,
2405 5038 2499 5094 sed
2523 5049 2578 5093 et
2605 5036 3019 5095 sciebantillum
3066 5035 3496 5091 misericordiam

1923 5142 1977 5190 et
2007 5133 2106 5204 ipsi
2147 5130 2402 5201 praeferre
2428 5129 2718 5185 sacrificio.
2776 5126 3013 5182 Aliunde
3066 5137 3119 5181 ct
3149 5125 3363 5199 Domini
3414 5126 3496 5180 sui

1924 5222 2289 5287 veneratione,
2341 5217 2671 5273 horrendum
2701 5217 2999 5293 censebant
3036 5216 3180 5286 quod
3215 5215 3412 5270 mulier
3446 5216 3497 5268 in

1923 5314 2233 5385 caputeius
2257 5321 2590 5383 unguentum
2622 5310 2918 5367 effudisset.
2971 5308 3122 5364 Unde
3146 5318 3199 5363 et
3232 5306 3392 5364 Jesus
3430 5323 3497 5361 ex

1924 5405 2026 5460 liae
2052 5405 2104 5459 in
2132 5419 2252 5458 eam
2282 5403 2653 5473 indignatione
2674 5401 2971 5470 discipulos
2992 5400 3277 5454 reducens.
3304 5417 3322 5449 ι
3354 5398 3497 5452 Nihil

1924 5495 2073 5560 mali,
2102 5494 2299 5563 inquit,
2349 5493 2474 5548 fecit
2510 5493 2629 5554 illa;
2683 5492 2774 5546 sed
2821 5491 3025 5546 bonum
3081 5503 3217 5556 opus
3277 5495 3498 5554 operata

1921 5596 2024 5643 est.
2052 5607 2069 5639 ι
2116 5584 2179 5639 Et
2218 5586 2318 5641 hoc
2340 5586 2555 5654 quidem
2591 5583 2658 5637 ad
2687 5598 2779 5639 eos
2810 5584 2901 5653 qui
2929 5597 2991 5636 ex
3024 5578 3307 5649 discipulis
3357 5578 3497 5631 bona

1926 5679 2280 5735 movebantur
2298 5678 2592 5732 voluntate.
2615 5674 2765 5731 Judze
2786 5691 2932 5736 vero,
2959 5675 3011 5728 in
3044 5672 3279 5728 medium
3307 5684 3499 5723 rursus
