4186 6444
733 391 840 454 363

1883 395 2140 455 ΡΠΟΤΙῙ
2175 393 2674 456 ΡΑΤΒΙΔΒΟΠᾹΞ
2711 397 2800 456 CP

3863 389 3974 457 354

735 503 1093 574 proditionem
1125 503 1411 576 mnigmate
1463 503 1671 562 ducens
1721 521 1886 576 quam
1919 509 2299 572 meditabatur,

2423 509 2545 563 ιέλω
2584 510 2680 564 καὶ
2723 509 2785 563 ού
2817 507 3006 563 θυσίαν
3032 525 3045 538 ·
3091 507 3265 571 ἄλλως
3294 524 3351 561 τε
3389 506 3447 561 δὲ
3479 506 3574 562 καὶ
3604 505 3684 578 τῷ
3714 507 3843 579 περὶ
3880 509 3976 562 τὸν

730 596 905 666 inquit
933 613 949 651 :
983 615 1001 648 ι
1024 594 1240 652 ﬂittens
1285 607 1620 668 unguentum
1672 598 1778 656 hoc
1808 599 1863 654 in
1894 614 2097 671 corpus
2117 615 2299 655 meum

729 688 795 742 ad
825 687 1192 757 sepeliendum
1216 703 1304 742 me
1331 685 1489 756 fecit;
1524 707 1543 740 ι
1569 689 1888 759 indignaris,
1905 690 2179 760 inquit,de
2203 707 2304 746 un-

734 792 933 855 guento
960 782 1014 838 in
1046 799 1245 838 vanum
1274 785 1481 850 ell'uso;
1528 796 1732 856 quanta
1785 787 2154 860 indignatione
2219 790 2304 846 di-

735 890 901 945 gnum
915 877 1169 931 convenit
1189 875 1437 945 judicare
1455 892 1580 933 eum
1604 879 1695 944 qui
1718 879 1775 933 in
1804 879 2088 934 Dominum
2106 888 2162 936 et
2181 897 2268 936 ma
2283 912 2302 926 -

727 964 955 1034 gistrum
986 964 1346 1034 proditionem
1375 974 1430 1020 et
1456 975 1686 1023 mortem
1721 976 1776 1023 et
1818 969 2128 1039 sepulcrum
2182 984 2300 1024 me—

730 1055 979 1110 ditatur?
1043 1055 1118 1112 De
1184 1058 1520 1128 pauperibus
1568 1059 1663 1115 tibi
1708 1070 1790 1115 est
1835 1060 2185 1117 sollicitudo?
2234 1061 2301 1116 Et

729 1149 1006 1217 quomodo
1035 1149 1155 1218 ejus
1184 1150 1281 1220 qui
1321 1165 1421 1204 nec
1454 1150 1617 1205 habet
1655 1161 1857 1207 tectum
1890 1168 1990 1209 nec
2023 1153 2112 1208 ubi
2135 1161 2301 1224 caput

730 1239 1203 1304 reclinet,.caedem
1237 1240 1429 1310 cupis?
1469 1239 1599 1311 Ejus
1644 1242 1697 1296 iu
1728 1258 1890 1312 quem
1941 1244 2076 1298 nihil
2106 1260 2297 1300 eorum

729 1343 854 1398 quae
884 1337 977 1383 tua
1022 1338 1148 1383 sunt
1176 1329 1492 1398 profundis,
1527 1346 1746 1402 gravem
1797 1343 1853 1388 et
1895 1334 2298 1390 intolerabilem

730 1420 1043 1479 sneietatem
1077 1422 1278 1491 putas?
1305 1421 1364 1478 ιιι
1397 1422 1600 1492 quibus
1636 1433 1845 1495 oportet
1873 1434 1926 1480 te
1968 1438 2023 1481 et
2049 1428 2299 1497 proprio-

731 1527 852 1570 rum
881 1513 1050 1568 multa
1077 1511 1373 1584 deponere,
1399 1527 1458 1569 ut
1491 1514 1862 1572 misericordia
1895 1533 2194 1588 pauperum
2218 1519 2301 1572 in~

730 1603 1029 1673 digentiam
1068 1607 1348 1675 suppleas,
1388 1608 1662 1677 quomodo
1695 1623 1802 1662 non
1853 1609 2080 1665 moleste
2109 1620 2164 1666 et
2199 1611 2299 1666 hu-

733 1696 967 1754 maniter
993 1712 1182 1752 eorum
1215 1699 1557 1754 consortium
1591 1697 1772 1754 feres?

2400 601 2718 655 διδάσκαλον
2744 601 3071 670 σεδάσματι,
3103 599 3331 671 φρικτὸν
3353 599 3583 669 ἡγοῦντο
3607 599 3706 671 τὴν
3737 601 3978 668 γυναῖκα

2400 695 2541 749 κατά
2571 694 2675 764 τῆς
2708 693 2951 765 κεφαλῆς
3004 693 3064 746 τὸ
3107 691 3278 763 μύρον
3320 692 3573 762 επιχέαι⁶
3619 691 3772 746 ενθεν
3815 695 3911 746 καὶ
3946 693 3979 743 δ

2412 786 2618 858 Ἰησοῦς
2647 787 2736 841 διὰ
2775 787 2876 856 τῆς
2910 786 3031 840 κατ’
3061 785 3232 857 αὐτὴν
3271 785 3699 855 ἀγανακτήσεως
3744 785 3982 853 ἀπάγων

2396 880 2522 942 τοὺς
2553 878 2851 948 μαθητὰς,ι
2878 878 3043 932 οὐδὲν
3057 876 3351 949 τολμηρὸν,
3374 878 3561 948 φησὶν,
3579 876 3837 948 ἔπραξεν,
3863 876 3982 930 ἀλλ’

2398 970 2559 1041 ἔργον
2589 970 2795 1038 ἀγαθὸν
2821 970 3135 1040 εἰργάσατο.
3159 987 3178 1021 ι
3222 969 3332 1023 Καὶ
3359 970 3497 1040 πρὸς
3531 969 3633 1039 μὶν
3660 970 3768 1023 τῶν
3803 968 3985 1038 μαθηο

2396 1062 2504 1114 τῶν
2537 1062 2665 1138 τοὺς
2709 1059 3060 1129 εὐγνώμονας
3106 1057 3281 1112 ταῦτα
3306 1074 3321 1089 ο
3368 1058 3504 1129 πρὸς
3543 1059 3601 1112 δὶ
3641 1058 3733 1112 τὸν
3773 1058 3986 1113 Ἰούδαν

2396 1148 2668 1212 πάλινέίς
2701 1150 2864 1222 μέσον
2881 1150 3033 1219 ἄγων
3059 1149 3138 1220 τῷ
3170 1150 3452 1220 αἰνίγματι
3484 1151 3585 1220 τὴν
3619 1149 3985 1222 [με]μελετη-

2399 1242 2568 1314 μένην
2589 1240 2878 1312 προδοσίαν
2905 1239 3038 1311 φησί
3069 1258 3082 1270 ·
3115 1238 3356 1293 Βαλοῦσα
3388 1239 3448 1292 τὸ
3492 1239 3669 1310 μύρον
3698 1239 3857 1292 τοῦτο
3891 1239 3987 1291 επὶ

2404 1331 2499 1386 τοῦ
2529 1331 2779 1403 σώματός
2812 1349 2937 1403 μου,
2980 1333 3117 1404 πρὸς
3153 1332 3215 1384 τδ
3262 1331 3582 1401 ενταφιάσαι
3640 1347 3708 1402 με
3754 1330 3990 1402 πεποίη-

2407 1438 2521 1476 κεν.
2539 1442 2557 1474 ι
2587 1421 2962 1490 Ἀγανακτεῖς,
2995 1423 3150 1494 φησι,
3170 1421 3265 1477 τοῦ
3283 1423 3455 1494 μύρου
3488 1425 3836 1492 κενουμένου·
3890 1422 3991 1475 πό-

2409 1533 2507 1587 σης
2539 1516 2963 1586 ἀγανακτήσεως
2989 1515 3140 1580 ἄξιον
3173 1532 3189 1578 ;
3215 1516 3415 1570 ταυτὸν
3457 1515 3737 1587 προσῆκεν
3766 1515 3990 1586 ἠγετθαι

2407 1616 2549 1660 κατα
2594 1606 2691 1660 τοῦ
2745 1607 3016 1661 Δεσπότου
3065 1606 3162 1660 καὶ
3209 1606 3527 1661 διδασκάλω
3571 1606 3866 1678 προδοσίαν
3896 1609 3994 1660 καὶ

2406 1701 2637 1754 θάνατον
2692 1699 2787 1751 καὶ
2827 1699 2996 1766 τάφον
3049 1697 3271 1768 διαμελε
3288 1697 3473 1752 τῶντα
3495 1715 3511 1730 ο
3579 1698 3811 1769 πτωχῶν
3870 1698 3991 1752 ἐστι

734 1804 816 1845 σοι
849 1789 1108 1861 φροντίς;
1181 1791 1276 1844 καὶ
1355 1791 1474 1855 πῶς
1526 1791 1621 1845 τοῦ
1692 1792 1948 1862 ἀστέγου,
2000 1795 2136 1866 μηδὲ
2176 1794 2277 1866 τὴν
2321 1794 2564 1865 κεφαλὴν
2613 1790 2825 1863 ἔχοντος
2876 1790 3004 1844 ἔνθα
3064 1790 3256 1853 κλινεῖ,
3305 1789 3406 1860 τὴν
3458 1789 3676 1860 σφαγὴν
3751 1789 3996 1844 σπουδά-

734 1883 883 1948 ζειςς
942 1883 1029 1951 ιφο
1072 1876 1117 1952 ᾧ
1171 1885 1340 1956 μηδὲν
1391 1883 1501 1938 τῶν
1557 1884 1702 1938 ίδίων
1759 1885 2068 1952 άπακενοίς,
2118 1887 2310 1942 τούτου
2346 1887 2486 1958 βαρὺ
2551 1887 2646 1941 καὶ
2703 1885 2977 1956 ἀφόρητον
3003 1882 3104 1953 τὴν
3139 1881 3424 1936 συνουσίαν
3453 1882 3734 1952 νομίζειςς
3783 1882 3875 1935 Ἐν
3910 1877 3997 1946 οἷς

744 1984 804 2024 σε
837 1970 920 2023 δεῖ
945 1971 1176 2026 καὶτῶν
1206 1973 1424 2028 οἰκείων
1453 1973 1624 2027 πολλὰ
1654 1976 2030 2040 καταϐάλλειν,
2058 1976 2194 2048 ἐλέῳ
2250 1977 2350 2050 τὴν
2384 1977 2592 2033 ἔνδειαν
2640 1977 2749 2032 τῶν
2798 1975 3114 2045 πενομένων
3173 1973 3589 2044 ἀναπληροῦντα
3608 2013 3625 2040 ,
3684 1972 3804 2036 πῶς
3877 1973 3974 2026 ἀνα

737 2061 988 2130 επαχθῶς
1018 2063 1112 2116 καὶ
1132 2063 1530 2136 φιλανθρώπως
1563 2067 1770 2121 τούτων
1799 2067 1897 2138 τὴν
1928 2068 2310 2140 συνδιατριϐὴν
2342 2066 2549 2136 οῐσεις;

808 2154 975 2226 Igitur
1011 2157 1220 2229 absque
1254 2161 1364 2215 ulla
1399 2163 1821 2233 praesumptione
1842 2171 1896 2217 et
1927 2162 2124 2218 all‘ectu
2159 2179 2313 2219 resu-
2342 2171 2386 2226 Β

737 2248 1014 2304 mentibus
1049 2249 1173 2306 licet
1203 2251 1504 2322 intelligere
1547 2262 1602 2308 et
1627 2254 1891 2309 veraciter
1923 2253 2104 2310 dicere
2142 2270 2312 2309 unam

738 2340 954 2409 quidem
980 2357 1168 2398 earum
1207 2361 1330 2414 quae
1366 2344 1652 2401 Dominum
1693 2356 1969 2417 unguento
2015 2356 2314 2412 unxerunt,

741 2432 913 2488 multo
942 2433 1234 2489 intervallo
1260 2436 1398 2491 alias
1446 2439 1796 2506 prmvenisse.
1847 2437 1933 2494 Ea:
1961 2450 2141 2495 autem
2172 2442 2316 2497 circa

740 2522 1010 2592 passionis
1051 2533 1266 2593 tempus
1294 2540 1513 2580 sacrum
1553 2527 1654 2582 hoc
1704 2528 2068 2584 ministerium
2115 2526 2171 2582 in
2200 2531 2318 2585 ani-

741 2626 889 2670 mum
923 2613 1225 2680 inducunt;
1248 2623 1303 2668 et
1330 2629 1518 2670 earum
1547 2618 1766 2686 quidem
1799 2634 1903 2672 una
1929 2630 2052 2674 ante
2080 2635 2176 2674 sex
2203 2620 2318 2677 dies

741 2702 986 2768 Pascha,
1016 2704 1189 2765 altera
1217 2722 1346 2763 vero
1371 2718 1498 2764 ante
1519 2709 1657 2766 duos
1680 2709 1797 2766 dies
1815 2711 2107 2779 passionis.
2129 2712 2193 2767 Et
2211 2727 2318 2766 una

743 2794 960 2868 quidem
995 2798 1285 2865 peccatrix,
1316 2799 1422 2858 alia
1444 2815 1573 2855 vero
1601 2799 1866 2864 adultera.
1904 2801 2018 2856 suis
2056 2802 2320 2870 cupidita-

745 2883 888 2942 tibus
924 2885 1098 2955 magis
1122 2903 1283 2955 quam
1325 2887 1538 2943 Domini
1581 2889 1942 2960 appellatione
1995 2899 2160 2947 natm.
2194 2889 2318 2945 Alia

745 2973 964 3033 demum
993 2991 1024 3031 a
1055 2975 1220 3031 fratre
1247 2994 1551 3049 cognomen
1577 2980 1756 3046 ducit;
1785 2989 1840 3035 et
1867 2982 2036 3036 altera
2064 2982 2118 3035 in
2155 2982 2320 3036 domo

745 3063 1006 3126 Pharisaei
1036 3066 1350 3125 Dominiros
1399 3072 1562 3140 pedes
1611 3081 1884 3143 unguento
1938 3075 2109 3144 ungit,
2139 3082 2195 3128 et
2237 3073 2319 3128 la-

746 3157 954 3228 ciymis
991 3157 1159 3228 rigat;
1183 3160 1353 3215 altera
1387 3177 1518 3216 vero
1538 3162 1593 3217 in
1624 3165 1840 3233 propria
1867 3163 2031 3218 domo
2061 3173 2115 3220 et
2146 3166 2322 3234 laery-

749 3262 964 3306 tuarum
1022 3259 1237 3320 tempus
1286 3267 1393 3306 non
1452 3253 1631 3320 novit;
1704 3254 1894 3309 invitat
1952 3270 2084 3310 vero
2151 3257 2322 3327 magis

750 3353 941 3397 mensa
971 3348 1022 3394 et
1051 3339 1237 3395 laetitia
1269 3340 1559 3412 ipsumque
1587 3340 1771 3397 Jesum
1817 3351 1871 3397 et
1897 3359 2022 3397 eum
2050 3343 2210 3412 cujus
2244 3359 2325 3398 se-

751 3428 1002 3499 pulcrum
1033 3431 1290 3486 salutaris
1313 3448 1416 3487 vox
1443 3433 1714 3488 ollicinam
1747 3435 2047 3490 nativitatis
2081 3436 2323 3490 ostendit

751 3495 806 3572 et
854 3521 1272 3579 resurrectionis
1322 3521 1526 3578 locum.
1559 3521 1766 3579 Vaeuat
1807 3533 1986 3578 autem
2041 3533 2098 3579 ct
2153 3540 2217 3580 ea
2265 3495 2390 3578 inC

753 3623 923 3684 puros
948 3610 1112 3680 pedes
1152 3623 1488 3681 unguentum
1527 3621 1582 3667 et
1609 3614 1819 3684 capillis
1853 3615 2030 3684 tergit.
2100 3615 2326 3685 lieliqua

753 3714 886 3754 vero
911 3703 1067 3757 tertia
1108 3701 1162 3756 in
1202 3703 1366 3758 domo
1395 3719 1518 3759 cum
1569 3705 1782 3773 lcproso
1830 3706 2077 3772 advenit;
2118 3706 2325 3776 pretio-

756 3806 881 3851 sum
924 3801 979 3847 et
1009 3793 1100 3846 illa
1129 3803 1468 3862 unguentum
1519 3793 1737 3860 ferens,
1790 3796 2016 3850 minime
2069 3796 2330 3852 membris

757 3882 1048 3940 Dominum
1090 3888 1285 3957 tangit,
1311 3887 1406 3942 sed
1454 3889 1637 3943 statim
1688 3888 2022 3942 alabastrum
2073 3889 2331 3959 frangens

758 3977 816 4034 in
848 3988 1012 4048 caput
1043 3991 1384 4050 unguentum
1424 3981 1672 4044 eﬂundit,
1704 3989 1820 4036 arte
1846 3991 1899 4035 et
1921 3981 2038 4038 zelo
2063 3997 2159 4036 eos
2191 3997 2330 4052 prte-

756 4068 984 4124 venieus
1003 4069 1096 4139 qui
1137 4086 1204 4124 ne
1232 4085 1372 4140 opus
1401 4078 1679 4140 perageret
1735 4069 1995 4140 impedire
2018 4069 2233 4125 vellent.
2267 4069 2333 4124 Et

760 4174 870 4217 una
901 4159 1120 4228 quidem
1153 4159 1343 4215 urbem
1371 4161 1533 4214 habet
1557 4160 1988 4231 intemperantiae
2012 4171 2246 4227 testem;
2277 4161 2331 4214 in

759 4250 897 4309 urbe
924 4251 1068 4306 enim
1089 4253 1360 4320 peccatrix
1387 4253 1713 4319 vocabatur;
1737 4253 1824 4307 illa
1850 4267 1980 4307 vero
2001 4269 2223 4324 pagunt,
2242 4253 2333 4308 illa

760 4341 981 4397 demum
1013 4343 1296 4412 sapientia:
1338 4353 1392 4397 et
1430 4345 1682 4412 puritatis
1728 4346 1926 4414 palatia
1972 4345 2244 4400 servabat.
2271 4343 2334 4398 Et

761 4439 952 4487 contra
979 4432 1211 4501 primam
1239 4433 1460 4503 quidem
1491 4433 1800 4490 Pharisaeus
1831 4435 2172 4505 indignatur;
2206 4451 2337 4491 con-

763 4532 847 4578 tra
877 4539 1120 4580 sororem
1150 4523 1342 4580 Lazari
1371 4527 1524 4582 solus
1548 4525 1751 4595 Judas;
1784 4537 1977 4583 contra
2003 4529 2253 4584 ultimam
2283 4539 2338 4584 et

761 4613 856 4670 alii
882 4613 1158 4685 discipuli,
1189 4627 1239 4670 et
1269 4617 1512 4672 avaritia:
1543 4619 1744 4685 prada,
1778 4619 1870 4689 qui
1903 4635 2097 4674 rursus
2129 4628 2184 4675 et
2208 4636 2336 4690 pro-

762 4705 909 4760 ditor
935 4704 1056 4764 luit.
1108 4705 1174 4762 Et
1204 4706 1396 4763 Lazari
1428 4709 1648 4779 quidem
1699 4711 1878 4765 sorori
1926 4711 2073 4766 nulla
2125 4726 2337 4768 merces

2496 2162 2879 2226 ’Λναλαδόντες
2935 2156 3030 2216 οὗν
3083 2160 3256 2232 χωρίς
3306 2177 3450 2223 τινος
3504 2148 3828 2230 προλήψεως
3900 2158 4002 2213 καὶ

2418 2255 2792 2326 προπαθείας
2844 2255 3018 2309 ἔνεστι
3066 2252 3293 2307 συνιδεῖν
3315 2251 3409 2306 καὶ
3449 2250 3761 2321 φιλαλήθως
3794 2249 4000 2308 είπεῖν.

2417 2349 2491 2414 ῶς
2521 2350 2554 2421 ἡ
2584 2349 2684 2419 μὲν
2709 2348 2821 2402 τῶν
2851 2346 3228 2418 ἀλειψαμένων
3255 2344 3411 2415 μύρῳ
3439 2344 3531 2398 τὸν
3556 2343 3781 2415 Κύριον,
3811 2341 4002 2413 πολλῷ

2417 2438 2528 2492 τῶν
2557 2438 2732 2492 ἄλλων
2757 2438 2836 2508 τῷ
2863 2436 3014 2507 μέσῳ
3042 2434 3366 2506 προέλαϐεν·
3399 2434 3456 2486 al
3489 2433 3546 2486 δὲ
3582 2433 3710 2503 περὶ
3731 2432 3793 2484 τὸ
3819 2430 4000 2489 πάθος

2416 2531 2516 2603 τὴν
2544 2530 2854 2603 ἱερουργίαν
2881 2529 3087 2599 ταύτην
3105 2527 3201 2580 ἐπὶ
3224 2524 3349 2578 νοῦν
3377 2524 3660 2594 βάλλονται
3688 2537 3700 2554 ⁸
3737 2526 3834 2578 καὶ
3868 2523 4004 2576 m6-

2418 2640 2525 2676 των
2553 2623 2585 2694 ή
2619 2621 2719 2693 μὲν
2750 2620 2856 2690 πρὸ
2879 2619 2938 2684 ἓξ
2968 2619 3190 2690 ἡμερῶν
3235 2617 3330 2671 τοῦ
3374 2618 3589 2686 Πάσχα,
3620 2617 3655 2686 ἡ
3678 2614 3736 2669 δὲ
3769 2614 3878 2685 πρὸ
3903 2613 4004 2667 δύο

2420 2712 2514 2767 τοῦ
2530 2712 2755 2777 πάθους
2781 2713 2875 2766 καὶ
2896 2713 2930 2782 ἡ
2952 2711 3051 2778 μὲν
3073 2709 3415 2781 ἁμαρτωλὸς,
3438 2710 3468 2773 ἡ
3489 2708 3544 2761 δὲ
3561 2707 3731 2778 πόρνη
3761 2705 3871 2760 ἀπὸ
3885 2705 4004 2757 τῶν

2421 2802 2610 2858 παθῶν
2664 2802 2864 2874 μᾶλλον
2892 2802 2925 2873 ἢ
2962 2802 3069 2855 ἀπὸ
3094 2801 3202 2854 τῶν
3258 2799 3466 2870 κυρίων
3499 2799 3600 2870 τῆς
3631 2799 3883 2868 κλήσεως
3916 2813 4002 2865 γι-

2422 2895 2781 2964 νωσκόμεναι,
2808 2895 2842 2964 ἡ
2874 2891 2931 2945 δὲ
2956 2892 3063 2946 ἀπὸ
3116 2891 3212 2945 τοῦ
3268 2889 3500 2959 ἀδελφοῦ
3523 2890 3677 2960 φέρει
3701 2889 3762 2941 τὸ
3783 2885 4005 2941 ἐπώνυ-

2424 3000 2555 3052 μον³
2589 2987 2684 3038 καὶ
2715 2986 2749 3054 ἡ
2791 2984 2892 3056 μὲν
2937 2985 2997 3038 ιν
3055 2986 3122 3054 τῇ
3172 2983 3319 3053 οἰκίᾳ
3367 2980 3462 3035 τοῦ
3518 2979 3812 3051 Φαρισαίου
3873 2978 4005 3040 τοὺς

2421 3076 2779 3140 Δεσποτικοὺς
2807 3075 2973 3139 πόδας
2995 3074 3204 3143 ἀλείφει
3229 3073 3308 3145 τῷ
3322 3073 3480 3144 μύρῳ
3496 3073 3591 3127 καὶ
3614 3073 3727 3133 τοῖς
3742 3070 4005 3139 δακρύοις

2423 3168 2855 3240 προαποπλύνει,
2891 3170 2925 3238 ἡ
2954 3167 3009 3220 δὲ
3043 3169 3102 3221 εν
3129 3169 3195 3236 τῇ
3223 3166 3370 3238 οἰκίᾳ
3405 3168 3471 3236 τῇ
3500 3164 3606 3234 ίδίᾳ
3631 3163 3726 3218 καὶ
3746 3161 4007 3232 δακρύων

2423 3258 2614 3329 καιρὸν
2656 3259 2718 3311 ού
2759 3256 3049 3325 γινώσκειο
3096 3257 3364 3322 δεξιοῦται
3395 3255 3453 3309 δὲ
3485 3254 3686 3325 μᾶλλον
3744 3253 4006 3322 τραπέζῃ

2425 3353 2518 3404 καὶ
2553 3349 2859 3421 εὐφροσύνῃ
2905 3349 3070 3404 αὐτόν
3097 3366 3154 3402 τε
3188 3350 3278 3402 τὸν
3312 3347 3539 3420 Ἰησοῦν,
3571 3347 3663 3401 καὶ
3690 3341 3750 3401 οὗ
3786 3347 3883 3399 τὸν
3907 3346 4010 3398 τά·

2425 3461 2522 3512 φἰν
2547 3445 2579 3514 ὴ
2611 3445 2877 3513 σωτήριος
2903 3440 3055 3511 φωνὴ
3081 3442 3347 3509 γενέσεως
3383 3438 3583 3505 ἔδειξεν
3613 3439 4010 3508 ἐργαστήριον,

2427 3536 2521 3588 καὶ
2577 3532 2774 3604 χωρίον
2832 3531 3217 3596 ἀναδιώσεως“
3273 3534 3419 3586 κενοί
3461 3531 3520 3585 δὲ
3558 3532 3654 3584 καὶ
3684 3529 3826 3600 αὕτη
3861 3531 4010 3583 κατ-ὲ

2427 3627 2535 3680 τῶν
2586 3625 2869 3697 ἁχράντων
2922 3624 3100 3677 ποδῶν
3161 3624 3223 3675 τὸ
3280 3623 3451 3694 μύρον
3500 3623 3596 3675 καὶ
3659 3624 3781 3683 ταῖς
3825 3621 4014 3692 θριξὶν

2427 3718 2737 3786 ἀπομάσσει
2763 3733 2776 3746 ⁸
2807 3717 2840 3786 ἡ
2869 3717 2924 3768 δὲ
2961 3715 3124 3786 λοιπὴ
3175 3715 3331 3784 τρίτη
3360 3713 3420 3765 ὲν
3441 3715 3507 3785 τῇ
3538 3712 3686 3783 οἰκίᾳ
3735 3713 3880 3782 μετὰ
3912 3710 4012 3764 τοῦ

2429 3807 2631 3880 λεπροῦ
2688 3809 3050 3878 παραγίνεται
3108 3806 3440 3876 πολύτιμον·
3493 3806 3588 3860 καὶ
3643 3804 3784 3874 αὑτὴ
3835 3803 4018 3874 μύρον

2432 3899 2693 3968 φέρουσα,
2717 3897 2966 3966 οὐδαμῶς
2993 3895 3049 3949 δὲ
3076 3898 3190 3958 τοῖς
3215 3894 3401 3965 μέλεσι
3422 3892 3517 3946 τοῦ
3546 3893 3796 3960 Σωτῆρος
3819 3890 4017 3959 ψαύει,

2432 3987 2546 4042 ἀλλ’
2608 3988 2763 4057 ἄφνω
2786 3987 2848 4040 τὸ
2879 3985 3224 4056 ἀλάϐαστρον
3291 3981 3653 4054 συντρίψασα,
3723 3979 3868 4032 κατά
3909 3979 4017 4048 τῆς

2434 4079 2674 4149 κεφαλῆς
2693 4079 2754 4131 τὸ
2783 4077 2954 4149 μῦρον
3014 4077 3242 4146 ὲπιχέει,
3293 4074 3456 4146 τέχνῃ
3500 4072 3892 4144 προφθάνουσα
3923 4071 4021 4122 καὶ

2435 4170 2638 4242 σπουδῇ
2695 4169 2818 4232 τοὺς
2857 4169 2910 4222 εί
2935 4184 3081 4231 τινες
3131 4168 3431 4238 ἐπιχειρεῖν
3494 4165 3852 4235 ueneﬁcum
3913 4161 4019 4233 τὴν

2435 4260 2634 4333 πρᾶξιν
2659 4258 2910 4313 κωλύειν·
2940 4259 3033 4311 καὶ
3054 4258 3088 4327 ἡ
3126 4257 3224 4326 μὲν
3243 4256 3344 4326 τὴν
3376 4254 3531 4309 πόλιν
3563 4252 3718 4322 φέρει
3749 4252 4019 4327 μάρτυρα

2433 4356 2532 4424 τῆς
2554 4351 2868 4413 ἀκολασίαςο
2891 4351 2948 4402 ιν
2970 4352 3038 4420 τῇ
3069 4349 3220 4402 πόλει
3249 4347 3358 4419 γὰρ
3385 4345 3706 4418 ἁμαρτωλὸς
3724 4344 4019 4415 ὠνομάζε-

2434 4460 2496 4496 το
2515 4459 2529 4475 ·
2559 4443 2592 4511 ἡ
2620 4442 2676 4495 δὲ
2705 4442 2805 4512 τὴν
2832 4439 3048 4510 κὼμηνο
3087 4440 3121 4510 ἠ
3162 4439 3220 4492 δὲ
3253 4441 3364 4500 τοῖς
3393 4439 3495 4504 τῆς
3527 4436 3888 4508 σωφροσύνης
3927 4437 4028 4488 καὶ

2437 4533 2805 4603 καθαρότητος
2862 4532 3180 4601 ἀνακτόροις
3217 4529 3605 4600 ἐθαλαμεύετοο
3659 4529 3758 4581 καὶ
3787 4528 3882 4581 επὶ
3921 4527 4028 4597 μὲν

2435 4628 2534 4695 τῆς
2582 4624 2806 4694 πρώτης
2833 4625 3174 4694 δΦαρισαίος
3236 4622 3396 4692 μόνος
3441 4622 3767 4690 ἀγανακτεῖ,
3823 4620 3925 4673 ἐπὶ
3969 4621 4029 4673 δὲ

2437 4712 2530 4767 τοῦ
2557 4712 2810 4785 Λαζάρου
2844 4713 3004 4783 μόνος
3031 4713 3307 4775 δἸούδαςο
3343 4712 3434 4764 ἐπὶ
3465 4711 3522 4765 δι
3559 4712 3656 4781 τῆς
3690 4711 4031 4774 τελευταίας

763 4816 864 4870 pro
895 4809 1177 4872 unguento
1207 4802 1409 4857 donata
1444 4805 1831 4869 auuuntiatur;
1881 4804 1976 4859 sed
2009 4805 2151 4874 quod
2178 4805 2249 4859 ab
2272 4820 2327 4858 ea

2440 4805 2589 4860 ἄλλοι
2641 4821 2700 4858 τε
2746 4805 2857 4858 τῶν
2908 4803 3167 4874 μαθητῶν
3192 4843 3207 4867 ,
3254 4803 3348 4856 καὶ⁵
3398 4802 3460 4855 τὸ
3509 4802 3609 4871 τῆς
3651 4801 4035 4873 φιλαργυρίας

766 4892 1064 4963 perlectum
1095 4904 1199 4961 est,
1229 4911 1328 4965 pro
1357 4905 1483 4951 ante
1516 4897 1715 4951 collato
1746 4915 1908 4968 supra
1947 4900 2212 4954 rationem
2242 4901 2339 4955 be-

766 4981 961 5036 neﬂcio
991 4993 1045 5037 et
1074 4999 1302 5039 munere
1329 4987 1625 5054 gratiarum
1674 4990 1815 5042 actio
1854 4997 1990 5043 erat.
2028 4989 2159 5045 Sola
2204 5006 2337 5045 vero

764 5077 820 5122 et
852 5074 984 5122 tunc
1020 5065 1173 5124 ιυιιω
1206 5073 1439 5139 proditio
1476 5082 1532 5128 et
1561 5075 1858 5143 petulantia
1893 5078 2135 5133 noscitur
2163 5089 2217 5132 et
2248 5095 2336 5134 re-

766 5158 1071 5228 darguitur.
1127 5162 1192 5214 Et
1229 5178 1336 5216 una
1364 5165 1585 5233 quidem
1617 5167 1760 5235 apud
1812 5169 2011 5222 Lucam
2063 5171 2338 5227 remissio-

770 5266 893 5306 nem
920 5248 1266 5319 pecctitorum
1305 5255 1545 5324 invenit,
1576 5268 1629 5311 et
1672 5273 1768 5326 pro
1801 5269 2080 5329 unguento
2138 5270 2193 5316 et
2246 5277 2344 5330 pro

771 5344 875 5416 lide
908 5348 1235 5402 mercedem.
1268 5348 1348 5402 Illi
1383 5364 1511 5404 vero
1537 5366 1660 5420 quae
1707 5353 1850 5421 apud
1896 5353 2208 5409 Mattha‘um
2261 5364 2347 5410 est

771 5447 824 5491 et
868 5435 1110 5492 Marcum
1144 5442 1407 5496 memoria
1442 5459 1536 5512 per
1569 5445 1768 5498 saecula
1808 5446 1861 5498 in
1893 5461 2110 5501 omnem
2142 5456 2342 5502 terram

771 5530 1156 5600 proclamanda
1178 5534 1556 5588 ammntiatur.
1580 5534 1868 5592 Dissimilis
1895 5536 2114 5606 quidem
2133 5553 2346 5594 merces

2443 4897 2706 4969 λάφυρον,
2742 4895 2903 4951 πάλιν
2931 4897 2960 4949 ὁ
2983 4896 3266 4966 προδότης·
3300 4895 3395 4948 καὶ
3421 4898 3486 4966 τῇ
3515 4895 3614 4966 μὲν
3636 4894 3732 4948 τοῦ
3763 4895 4033 4964 Λαζάρου

2442 4991 2665 5061 ἀδελφῇ,
2720 4990 2894 5053 οὐδεὶς
2941 4988 3129 5059 μισθὸς
3188 4987 3289 5057 τῆς
3345 4987 3442 5040 τοῦ
3507 4987 3679 5058 μύρου
3738 4985 4039 5048 κενώσεως

2443 5081 2878 5152 ἐπαγγέλλεται·
2942 5078 3491 5152 προκαταὸληθείσης
3529 5078 3639 5147 γὰρ
3694 5077 3838 5146 ὑπὲρ
3867 5076 4040 5145 λόγον

2442 5171 2763 5240 εὐεργεσίας
2820 5170 2913 5223 καὶ
2964 5168 3194 5240 δωρεᾶς,
3223 5167 3284 5220 τὸ
3316 5166 3449 5237 παρ’
3483 5165 3654 5232 αὐτῆς
3695 5162 4041 5232 τελούμενον

2445 5263 2656 5334 ὑπῆρχε
2691 5255 3062 5333 χαριστήριον⁹
3092 5259 3225 5328 μόνη
3259 5258 3318 5310 δὲ
3348 5255 3627 5310 κάνταῦθα
3657 5256 3692 5324 ἡ
3717 5253 3816 5307 τοῦ
3855 5254 4042 5307 Ἰούδα

2445 5355 2703 5428 προδοσία
2720 5355 2813 5408 καὶ
2827 5352 3121 5425 προπέτεια
3137 5349 3464 5421 γνωρίζεται
3483 5365 3539 5401 τε
3559 5349 3648 5400 καὶ
3661 5347 4040 5417 διελέγχεται.

2448 5443 2567 5503 Kal?
2584 5449 2618 5518 ἡ
2642 5447 2741 5518 μὲν
2761 5445 2913 5516 παρὰ
2931 5445 3009 5515 τῷ
3031 5445 3214 5513 Λουκᾷ
3234 5443 3425 5512 ἄφεσιν
3443 5439 3731 5510 ἁμαρτιῶν
3756 5438 4040 5507 εὑρίσκει,

2447 5540 2548 5608 τὴν
2576 5535 2999 5606 μισθαποδοσίαν
3025 5531 3237 5588 καὶτοῦ
3268 5533 3442 5602 μύρου
3477 5531 3571 5584 καὶ
3610 5530 3712 5595 τῆς
3765 5529 4039 5592 tristem,"

773 5625 991 5693 utrique
1022 5623 1348 5681 feminarum
1374 5628 1764 5694 annuntiatur;
1797 5645 1905 5683 non
1928 5641 2104 5685 tamen
2139 5647 2327 5687 merce:

2454 5633 2520 5700 τῇ
2563 5629 2618 5681 δὲ
2653 5628 2804 5699 παρὰ
2847 5626 3108 5697 Ματθαίῳ
3166 5626 3260 5678 καὶ
3307 5624 3554 5694 Μάρκῳ,
3585 5621 3647 5674 τὸ
3680 5619 4042 5691 μνημόσυνον

775 5715 941 5773 unius
965 5715 1190 5772 alteram
1230 5719 1350 5775 sine
1385 5723 1635 5776 mercede
1679 5722 1952 5792 relinquit.
1993 5723 2167 5777 Ambo
2198 5723 2327 5777 cuin

2451 5721 2848 5790 ἐπαγγέλλεται
2875 5721 2942 5774 δι’
2971 5719 3166 5781 αίῶνος
3215 5718 3294 5780 είς
3332 5718 3430 5786 τὴν
3456 5713 3787 5784 οίκουμὲνην
3811 5713 4037 5783 κηρύτ-

778 5815 1124 5885 peccatorum
1162 5810 1540 5866 remissionem
1581 5811 1928 5876 invenerunt,
1962 5812 2122 5866 ambo
2164 5821 2327 5868 auten“

2449 5813 2656 5864 τεσθαι·
2692 5810 2946 5881 διάφορος
2993 5808 3146 5880 μὲνὴ
3195 5803 3591 5878 μισθαποδοσία
3647 5801 3896 5883 ἑκατέρᾳ
3927 5803 4042 5856 τῶν
