  <div class='ocr_page' id='page_1' title='image "/cluster/home/n/w/nwhite01/storage/ocr_20150623/101/nnc1.0046980164/206.png"; bbox 0 0 4186 6444; ppageno 0'>
   <div class='ocr_carea' id='block_1_1' title="bbox 173 448 286 510">
    <p class='ocr_par' dir='ltr' id='par_1_1' title="bbox 173 448 286 510">
     <span class='ocr_line' id='line_1_1' title="bbox 173 448 286 510; baseline 0 0"><span class='ocrx_word' id='word_1_1' title='bbox 173 448 286 510; x_wconf 79' lang='lat'><strong>365</strong></span> 
     </span>
    </p>
   </div>
   <div class='ocr_carea' id='block_1_2' title="bbox 1067 452 2516 527">
    <p class='ocr_par' dir='ltr' id='par_1_2' title="bbox 1067 452 2516 527">
     <span class='ocr_line' id='line_1_2' title="bbox 1067 452 2516 527; baseline 0.003 -16"><span class='ocrx_word' id='word_1_2' title='bbox 1067 452 1168 511; x_wconf 92' lang='lat' dir='ltr'><strong>AD</strong></span> <span class='ocrx_word' id='word_1_3' title='bbox 1206 452 1803 517; x_wconf 67' lang='lat' dir='ltr'><strong>AMPHILOCHIUM</strong></span> <span class='ocrx_word' id='word_1_4' title='bbox 1852 456 2204 527; x_wconf 64' lang='lat' dir='ltr'><strong>QUIESTIO</strong></span> <span class='ocrx_word' id='word_1_5' title='bbox 2243 458 2516 520; x_wconf 80' lang='lat' dir='ltr'><strong>XLVIII.</strong></span> 
     </span>
    </p>
   </div>
   <div class='ocr_carea' id='block_1_3' title="bbox 3346 458 3454 525">
    <p class='ocr_par' dir='ltr' id='par_1_3' title="bbox 3346 458 3454 525">
     <span class='ocr_line' id='line_1_3' title="bbox 3346 458 3454 525; baseline 0 0"><span class='ocrx_word' id='word_1_6' title='bbox 3346 458 3454 525; x_wconf 77' lang='lat'><strong><em>366</em></strong></span> 
     </span>
    </p>
   </div>
   <div class='ocr_carea' id='block_1_4' title="bbox 176 555 1787 633">
    <p class='ocr_par' dir='ltr' id='par_1_4' title="bbox 176 555 1764 633">
     <span class='ocr_line' id='line_1_4' title="bbox 176 555 1764 633; baseline 0.006 -26"><span class='ocrx_word' id='word_1_7' title='bbox 176 556 421 624; x_wconf 76' lang='grc' dir='ltr'><strong>γυναίων</strong></span> <span class='ocrx_word' id='word_1_8' title='bbox 452 555 872 626; x_wconf 71' lang='grc' dir='ltr'><strong>έπαγγέλλεταιο</strong></span> <span class='ocrx_word' id='word_1_9' title='bbox 907 557 968 610; x_wconf 90' lang='grc' dir='ltr'><strong>ού</strong></span> <span class='ocrx_word' id='word_1_10' title='bbox 998 556 1183 628; x_wconf 87' lang='grc' dir='ltr'><strong>μέντοι</strong></span> <span class='ocrx_word' id='word_1_11' title='bbox 1215 560 1452 631; x_wconf 83' lang='grc' dir='ltr'><strong>θατέρας</strong></span> <span class='ocrx_word' id='word_1_12' title='bbox 1482 561 1512 615; x_wconf 98' lang='lat'><strong>6</strong></span> <span class='ocrx_word' id='word_1_13' title='bbox 1548 562 1764 633; x_wconf 80' lang='grc' dir='ltr'><strong>μισθὸς,</strong></span> 
     </span>
    </p>
   </div>
   <div class='ocr_carea' id='block_1_5' title="bbox 1888 555 3455 633">
    <p class='ocr_par' dir='ltr' id='par_1_5' title="bbox 1888 566 3455 623">
     <span class='ocr_line' id='line_1_5' title="bbox 1888 566 3455 623; baseline 0.004 -6"><span class='ocrx_word' id='word_1_14' title='bbox 1888 577 1967 617; x_wconf 79' lang='lat' dir='ltr'><strong>&gt;er</strong></span> <span class='ocrx_word' id='word_1_15' title='bbox 1998 578 2213 619; x_wconf 86' lang='lat' dir='ltr'><strong>sacram</strong></span> <span class='ocrx_word' id='word_1_16' title='bbox 2258 566 2406 621; x_wconf 81' lang='lat' dir='ltr'><strong>illam</strong></span> <span class='ocrx_word' id='word_1_17' title='bbox 2464 566 2781 622; x_wconf 75' lang='lat' dir='ltr'><strong>unctionem</strong></span> <span class='ocrx_word' id='word_1_18' title='bbox 2835 569 2888 621; x_wconf 91' lang='lat' dir='ltr'><strong>in</strong></span> <span class='ocrx_word' id='word_1_19' title='bbox 2939 568 3196 623; x_wconf 80' lang='lat' dir='ltr'><strong>universo</strong></span> <span class='ocrx_word' id='word_1_20' title='bbox 3252 570 3455 623; x_wconf 83' lang='lat' dir='ltr'><strong>mundo</strong></span> 
     </span>
    </p>
   </div>
   <div class='ocr_carea' id='block_1_6' title="bbox 175 649 1761 725">
    <p class='ocr_par' dir='ltr' id='par_1_6' title="bbox 175 649 1761 725">
     <span class='ocr_line' id='line_1_6' title="bbox 175 649 1761 725; baseline 0.002 -24"><span class='ocrx_word' id='word_1_21' title='bbox 175 650 280 719; x_wconf 82' lang='grc' dir='ltr'><strong>τὴν</strong></span> <span class='ocrx_word' id='word_1_22' title='bbox 320 650 514 721; x_wconf 78' lang='grc' dir='ltr'><strong>έτέραν</strong></span> <span class='ocrx_word' id='word_1_23' title='bbox 567 649 873 719; x_wconf 89' lang='grc' dir='ltr'><strong>ἀγέραστον</strong></span> <span class='ocrx_word' id='word_1_24' title='bbox 922 650 1263 707; x_wconf 87' lang='grc' dir='ltr'><strong>καταλείπει.</strong></span> <span class='ocrx_word' id='word_1_25' title='bbox 1304 653 1418 706; x_wconf 80' lang='grc' dir='ltr'><strong>Καὶ</strong></span> <span class='ocrx_word' id='word_1_26' title='bbox 1450 653 1559 725; x_wconf 86' lang='grc' dir='ltr'><strong>γάρ</strong></span> <span class='ocrx_word' id='word_1_27' title='bbox 1592 652 1761 722; x_wconf 85' lang='grc' dir='ltr'><strong>ἀμφω</strong></span> 
     </span>
    </p>
   </div>
   <div class='ocr_carea' id='block_1_7' title="bbox 183 739 1762 813">
    <p class='ocr_par' dir='ltr' id='par_1_7' title="bbox 183 739 1762 813">
     <span class='ocr_line' id='line_1_7' title="bbox 183 739 1762 813; baseline 0.002 -21"><span class='ocrx_word' id='word_1_28' title='bbox 183 740 284 809; x_wconf 69' lang='grc' dir='ltr'><strong>μιν</strong></span> <span class='ocrx_word' id='word_1_29' title='bbox 313 740 420 793; x_wconf 83' lang='grc' dir='ltr'><strong>τῶν</strong></span> <span class='ocrx_word' id='word_1_30' title='bbox 443 740 858 812; x_wconf 80' lang='grc' dir='ltr'><strong>ἁμαρτημάτων</strong></span> <span class='ocrx_word' id='word_1_31' title='bbox 874 739 974 811; x_wconf 83' lang='grc' dir='ltr'><strong>τήν</strong></span> <span class='ocrx_word' id='word_1_32' title='bbox 999 739 1196 810; x_wconf 75' lang='grc' dir='ltr'><strong>ἄφεσιν</strong></span> <span class='ocrx_word' id='word_1_33' title='bbox 1216 740 1477 813; x_wconf 78' lang='grc' dir='ltr'><strong>εὕραντο,</strong></span> <span class='ocrx_word' id='word_1_34' title='bbox 1505 743 1681 813; x_wconf 83' lang='grc' dir='ltr'><strong>ἀμφω</strong></span> <span class='ocrx_word' id='word_1_35' title='bbox 1705 743 1762 795; x_wconf 74' lang='grc' dir='ltr'><strong>δὲ</strong></span> 
     </span>
    </p>
   </div>
   <div class='ocr_carea' id='block_1_8' title="bbox 1868 654 3450 732">
    <p class='ocr_par' dir='ltr' id='par_1_8' title="bbox 1868 654 3450 732">
     <span class='ocr_line' id='line_1_8' title="bbox 1868 654 3450 732; baseline 0.005 -25"><span class='ocrx_word' id='word_1_36' title='bbox 1868 654 2300 723; x_wconf 86' lang='lat' dir='ltr'><strong>proclamantur,</strong></span> <span class='ocrx_word' id='word_1_37' title='bbox 2335 667 2389 711; x_wconf 91' lang='lat' dir='ltr'><strong>et</strong></span> <span class='ocrx_word' id='word_1_38' title='bbox 2438 658 2644 713; x_wconf 68' lang='lat' dir='ltr'><strong>merita:</strong></span> <span class='ocrx_word' id='word_1_39' title='bbox 2674 668 2801 712; x_wconf 90' lang='lat' dir='ltr'><strong>sunt</strong></span> <span class='ocrx_word' id='word_1_40' title='bbox 2832 668 2890 713; x_wconf 90' lang='lat' dir='ltr'><strong>ut</strong></span> <span class='ocrx_word' id='word_1_41' title='bbox 2935 676 3027 729; x_wconf 90' lang='lat' dir='ltr'><strong>per</strong></span> <span class='ocrx_word' id='word_1_42' title='bbox 3072 662 3269 717; x_wconf 61' lang='lat' dir='ltr'><strong>saecula</strong></span> <span class='ocrx_word' id='word_1_43' title='bbox 3306 663 3450 732; x_wconf 89' lang='lat' dir='ltr'><strong>ipsa-</strong></span> 
     </span>
    </p>
   </div>
   <div class='ocr_carea' id='block_1_9' title="bbox 1873 749 3133 811">
    <p class='ocr_par' dir='ltr' id='par_1_9' title="bbox 1873 749 3133 811">
     <span class='ocr_line' id='line_1_9' title="bbox 1873 749 3133 811; baseline 0.009 -12"><span class='ocrx_word' id='word_1_44' title='bbox 1873 762 1993 800; x_wconf 90' lang='lat' dir='ltr'><strong>rum</strong></span> <span class='ocrx_word' id='word_1_45' title='bbox 2025 750 2290 803; x_wconf 83' lang='lat' dir='ltr'><strong>memoria</strong></span> <span class='ocrx_word' id='word_1_46' title='bbox 2324 749 2579 806; x_wconf 90' lang='lat' dir='ltr'><strong>laudibus</strong></span> <span class='ocrx_word' id='word_1_47' title='bbox 2606 764 2864 807; x_wconf 90' lang='lat' dir='ltr'><strong>coronata</strong></span> <span class='ocrx_word' id='word_1_48' title='bbox 2906 751 3133 811; x_wconf 90' lang='lat' dir='ltr'><strong>feratur.</strong></span> 
     </span>
    </p>
   </div>
   <div class='ocr_carea' id='block_1_10' title="bbox 176 829 3455 918">
    <p class='ocr_par' dir='ltr' id='par_1_10' title="bbox 176 829 3455 918">
     <span class='ocr_line' id='line_1_10' title="bbox 176 829 3455 918; baseline 0.004 -36"><span class='ocrx_word' id='word_1_49' title='bbox 176 829 271 883; x_wconf 85' lang='grc' dir='ltr'><strong>διά</strong></span> <span class='ocrx_word' id='word_1_50' title='bbox 297 830 395 899; x_wconf 81' lang='grc' dir='ltr'><strong>τῆς</strong></span> <span class='ocrx_word' id='word_1_51' title='bbox 419 831 571 901; x_wconf 80' lang='grc' dir='ltr'><strong>ίεράς</strong></span> <span class='ocrx_word' id='word_1_52' title='bbox 596 830 801 902; x_wconf 81' lang='grc' dir='ltr'><strong>ταύτης</strong></span> <span class='ocrx_word' id='word_1_53' title='bbox 833 830 1087 903; x_wconf 81' lang='grc' dir='ltr'><strong>πράξεως</strong></span> <span class='ocrx_word' id='word_1_54' title='bbox 1133 833 1190 886; x_wconf 73' lang='grc' dir='ltr'><strong>εν</strong></span> <span class='ocrx_word' id='word_1_55' title='bbox 1223 832 1331 905; x_wconf 80' lang='grc' dir='ltr'><strong>ὅλῳ</strong></span> <span class='ocrx_word' id='word_1_56' title='bbox 1358 833 1441 904; x_wconf 85' lang='grc' dir='ltr'>τῷ</span> <span class='ocrx_word' id='word_1_57' title='bbox 1469 834 1661 906; x_wconf 81' lang='grc' dir='ltr'><strong>κόσμῳ</strong></span> <span class='ocrx_word' id='word_1_58' title='bbox 1681 834 2069 905; x_wconf 87' lang='grc' dir='ltr'><strong>κηρύσσονται,</strong></span> <span class='ocrx_word' id='word_1_59' title='bbox 2124 842 2221 895; x_wconf 84' lang='grc' dir='ltr'><strong>καὶ</strong></span> <span class='ocrx_word' id='word_1_60' title='bbox 2258 842 2324 895; x_wconf 81' lang='grc' dir='ltr'><strong>δι’</strong></span> <span class='ocrx_word' id='word_1_61' title='bbox 2356 843 2980 915; x_wconf 55' lang='grc' dir='ltr'><strong>αίῶνοςςικληρὼσαντο</strong></span> <span class='ocrx_word' id='word_1_62' title='bbox 3025 846 3087 899; x_wconf 83' lang='grc' dir='ltr'><strong>τὸ</strong></span> <span class='ocrx_word' id='word_1_63' title='bbox 3109 846 3455 918; x_wconf 88' lang='grc' dir='ltr'><strong>μνημόσυνον</strong></span> 
     </span>
    </p>
   </div>
   <div class='ocr_carea' id='block_1_11' title="bbox 179 922 1271 996">
    <p class='ocr_par' dir='ltr' id='par_1_11' title="bbox 179 922 1271 996">
     <span class='ocr_line' id='line_1_11' title="bbox 179 922 1271 996; baseline 0.005 -22"><span class='ocrx_word' id='word_1_64' title='bbox 179 922 373 991; x_wconf 72' lang='grc' dir='ltr'><strong>φέρειν</strong></span> <span class='ocrx_word' id='word_1_65' title='bbox 398 924 510 985; x_wconf 74' lang='grc' dir='ltr'><strong>τοῖς</strong></span> <span class='ocrx_word' id='word_1_66' title='bbox 537 922 781 987; x_wconf 75' lang='grc' dir='ltr'><strong>επαίνοις</strong></span> <span class='ocrx_word' id='word_1_67' title='bbox 814 925 1271 996; x_wconf 89' lang='grc' dir='ltr'><strong>στεφανούμενον.</strong></span> 
     </span>
    </p>
   </div>
   <div class='ocr_carea' id='block_1_12' title="bbox 266 1012 1766 1090">
    <p class='ocr_par' dir='ltr' id='par_1_12' title="bbox 266 1012 1766 1090">
     <span class='ocr_line' id='line_1_12' title="bbox 266 1012 1766 1090; baseline 0.005 -24"><span class='ocrx_word' id='word_1_68' title='bbox 266 1013 411 1066; x_wconf 82' lang='grc' dir='ltr'><strong>Ἀλλ’</strong></span> <span class='ocrx_word' id='word_1_69' title='bbox 440 1012 471 1066; x_wconf 87' lang='lat'><strong>6</strong></span> <span class='ocrx_word' id='word_1_70' title='bbox 501 1014 601 1083; x_wconf 66' lang='grc' dir='ltr'><strong>μιν</strong></span> <span class='ocrx_word' id='word_1_71' title='bbox 650 1014 894 1085; x_wconf 77' lang='grc' dir='ltr'><strong>ήρμοζεν</strong></span> <span class='ocrx_word' id='word_1_72' title='bbox 942 1016 1183 1089; x_wconf 75' lang='grc' dir='ltr'><strong>ικατέρᾳ</strong></span> <span class='ocrx_word' id='word_1_73' title='bbox 1220 1016 1355 1089; x_wconf 75' lang='grc' dir='ltr'><strong>πρὸς</strong></span> <span class='ocrx_word' id='word_1_74' title='bbox 1403 1018 1766 1090; x_wconf 77' lang='grc' dir='ltr'><strong>παραμυθίαν</strong></span> 
     </span>
    </p>
   </div>
   <div class='ocr_carea' id='block_1_13' title="bbox 182 1104 1770 1178">
    <p class='ocr_par' dir='ltr' id='par_1_13' title="bbox 182 1104 1770 1178">
     <span class='ocr_line' id='line_1_13' title="bbox 182 1104 1770 1178; baseline 0.004 -20"><span class='ocrx_word' id='word_1_75' title='bbox 182 1106 284 1158; x_wconf 74' lang='grc' dir='ltr'><strong>καὶ</strong></span> <span class='ocrx_word' id='word_1_76' title='bbox 332 1104 605 1176; x_wconf 76' lang='grc' dir='ltr'><strong>ἀποδοχὴν</strong></span> <span class='ocrx_word' id='word_1_77' title='bbox 660 1109 763 1178; x_wconf 76' lang='grc' dir='ltr'><strong>τῆς</strong></span> <span class='ocrx_word' id='word_1_78' title='bbox 815 1106 1078 1177; x_wconf 74' lang='grc' dir='ltr'><strong>ιργασίας</strong></span> <span class='ocrx_word' id='word_1_79' title='bbox 1110 1108 1571 1177; x_wconf 73' lang='grc' dir='ltr'><strong>ὶπαγγέλλεσθαι,</strong></span> <span class='ocrx_word' id='word_1_80' title='bbox 1610 1112 1770 1165; x_wconf 81' lang='grc' dir='ltr'><strong>τοῦτο</strong></span> 
     </span>
    </p>
   </div>
   <div class='ocr_carea' id='block_1_14' title="bbox 183 1198 1774 1272">
    <p class='ocr_par' dir='ltr' id='par_1_14' title="bbox 183 1198 1774 1272">
     <span class='ocr_line' id='line_1_14' title="bbox 183 1198 1774 1272; baseline 0.004 -23"><span class='ocrx_word' id='word_1_81' title='bbox 183 1198 426 1268; x_wconf 74' lang='grc' dir='ltr'><strong>εἴρηται·</strong></span> <span class='ocrx_word' id='word_1_82' title='bbox 481 1198 578 1251; x_wconf 82' lang='grc' dir='ltr'><strong>καὶ</strong></span> <span class='ocrx_word' id='word_1_83' title='bbox 629 1198 741 1269; x_wconf 86' lang='grc' dir='ltr'><strong>γάρ</strong></span> <span class='ocrx_word' id='word_1_84' title='bbox 784 1198 885 1269; x_wconf 78' lang='grc' dir='ltr'><strong>τὴν</strong></span> <span class='ocrx_word' id='word_1_85' title='bbox 938 1200 1039 1269; x_wconf 71' lang='grc' dir='ltr'><strong>μὶν</strong></span> <span class='ocrx_word' id='word_1_86' title='bbox 1082 1201 1359 1272; x_wconf 65' lang='grc' dir='ltr'><strong>ἀπετίμων</strong></span> <span class='ocrx_word' id='word_1_87' title='bbox 1387 1200 1437 1256; x_wconf 89' lang='grc' dir='ltr'><strong>οί</strong></span> <span class='ocrx_word' id='word_1_88' title='bbox 1480 1202 1774 1258; x_wconf 77' lang='grc' dir='ltr'><strong>ἀπόστολοι</strong></span> 
     </span>
    </p>
   </div>
   <div class='ocr_carea' id='block_1_15' title="bbox 180 1286 1777 1363">
    <p class='ocr_par' dir='ltr' id='par_1_15' title="bbox 180 1286 1777 1363">
     <span class='ocr_line' id='line_1_15' title="bbox 180 1286 1777 1363; baseline 0.006 -24"><span class='ocrx_word' id='word_1_89' title='bbox 180 1286 263 1351; x_wconf 77' lang='grc' dir='ltr'><strong>ὡς</strong></span> <span class='ocrx_word' id='word_1_90' title='bbox 292 1288 741 1360; x_wconf 75' lang='grc' dir='ltr'><strong>παραχρωμένην</strong></span> <span class='ocrx_word' id='word_1_91' title='bbox 767 1288 847 1361; x_wconf 79' lang='grc' dir='ltr'><strong>τῷ</strong></span> <span class='ocrx_word' id='word_1_92' title='bbox 878 1290 1038 1362; x_wconf 81' lang='grc' dir='ltr'><strong>μύρῳ</strong></span> <span class='ocrx_word' id='word_1_93' title='bbox 1058 1292 1154 1344; x_wconf 73' lang='grc' dir='ltr'><strong>καὶ</strong></span> <span class='ocrx_word' id='word_1_94' title='bbox 1179 1292 1359 1363; x_wconf 90' lang='grc' dir='ltr'><strong>μάτην</strong></span> <span class='ocrx_word' id='word_1_95' title='bbox 1383 1294 1777 1348; x_wconf 75' lang='grc' dir='ltr'><strong>ικδαπανῶσαν</strong></span> 
     </span>
    </p>
   </div>
   <div class='ocr_carea' id='block_1_16' title="bbox 160 1378 1775 1456">
    <p class='ocr_par' dir='ltr' id='par_1_16' title="bbox 160 1378 1775 1456">
     <span class='ocr_line' id='line_1_16' title="bbox 160 1378 1775 1456; baseline 0.005 -25"><span class='ocrx_word' id='word_1_96' title='bbox 160 1378 324 1432; x_wconf 71' lang='grc' dir='ltr'><strong>ἀὐτὸ</strong></span> <span class='ocrx_word' id='word_1_97' title='bbox 345 1379 442 1431; x_wconf 77' lang='grc' dir='ltr'><strong>καὶ</strong></span> <span class='ocrx_word' id='word_1_98' title='bbox 466 1378 978 1435; x_wconf 77' lang='grc' dir='ltr'><strong>καταναλίσκουσαν</strong></span> <span class='ocrx_word' id='word_1_99' title='bbox 995 1397 1012 1413; x_wconf 75' lang='grc' dir='ltr'><strong>ο</strong></span> <span class='ocrx_word' id='word_1_100' title='bbox 1044 1382 1172 1453; x_wconf 75' lang='grc' dir='ltr'><strong>περὶ</strong></span> <span class='ocrx_word' id='word_1_101' title='bbox 1192 1382 1251 1437; x_wconf 78' lang='grc' dir='ltr'><strong>δι</strong></span> <span class='ocrx_word' id='word_1_102' title='bbox 1270 1382 1369 1455; x_wconf 79' lang='grc' dir='ltr'><strong>τῆς</strong></span> <span class='ocrx_word' id='word_1_103' title='bbox 1395 1384 1589 1456; x_wconf 81' lang='grc' dir='ltr'><strong>λοιπῆς</strong></span> <span class='ocrx_word' id='word_1_104' title='bbox 1613 1385 1643 1437; x_wconf 90' lang='grc' dir='ltr'><strong>ό</strong></span> <span class='ocrx_word' id='word_1_105' title='bbox 1666 1386 1775 1439; x_wconf 61' lang='grc' dir='ltr'><strong>θα-</strong></span> 
     </span>
    </p>
   </div>
   <div class='ocr_carea' id='block_1_17' title="bbox 186 1470 1777 1545">
    <p class='ocr_par' dir='ltr' id='par_1_17' title="bbox 186 1470 1777 1545">
     <span class='ocr_line' id='line_1_17' title="bbox 186 1470 1777 1545; baseline 0.003 -21"><span class='ocrx_word' id='word_1_106' title='bbox 186 1474 406 1542; x_wconf 81' lang='grc' dir='ltr'><strong>ρισαῐος</strong></span> <span class='ocrx_word' id='word_1_107' title='bbox 438 1472 809 1542; x_wconf 87' lang='grc' dir='ltr'><strong>διεγόγγυζεν,</strong></span> <span class='ocrx_word' id='word_1_108' title='bbox 866 1474 950 1527; x_wconf 82' lang='grc' dir='ltr'><strong>ὅτι</strong></span> <span class='ocrx_word' id='word_1_109' title='bbox 993 1473 1319 1545; x_wconf 76' lang='grc' dir='ltr'><strong>ἁμαρτωλὸς</strong></span> <span class='ocrx_word' id='word_1_110' title='bbox 1349 1470 1487 1531; x_wconf 78' lang='grc' dir='ltr'><strong>οὖσα</strong></span> <span class='ocrx_word' id='word_1_111' title='bbox 1512 1477 1605 1530; x_wconf 76' lang='grc' dir='ltr'><strong>καὶ</strong></span> <span class='ocrx_word' id='word_1_112' title='bbox 1649 1494 1777 1530; x_wconf 87' lang='grc' dir='ltr'><strong>κατ-</strong></span> 
     </span>
    </p>
   </div>
   <div class='ocr_carea' id='block_1_18' title="bbox 184 1564 1773 1639">
    <p class='ocr_par' dir='ltr' id='par_1_18' title="bbox 184 1564 1773 1639">
     <span class='ocr_line' id='line_1_18' title="bbox 184 1564 1773 1639; baseline 0.004 -22"><span class='ocrx_word' id='word_1_113' title='bbox 184 1564 512 1634; x_wconf 84' lang='grc' dir='ltr'><strong>εγνωσμένη</strong></span> <span class='ocrx_word' id='word_1_114' title='bbox 542 1564 771 1619; x_wconf 81' lang='grc' dir='ltr'><strong>τοιαῦτα</strong></span> <span class='ocrx_word' id='word_1_115' title='bbox 796 1566 1057 1638; x_wconf 88' lang='grc' dir='ltr'><strong>πράττειν</strong></span> <span class='ocrx_word' id='word_1_116' title='bbox 1073 1568 1168 1621; x_wconf 67' lang='grc' dir='ltr'><strong>ἰπὶ</strong></span> <span class='ocrx_word' id='word_1_117' title='bbox 1195 1567 1321 1624; x_wconf 78' lang='grc' dir='ltr'><strong>νοῦν</strong></span> <span class='ocrx_word' id='word_1_118' title='bbox 1348 1570 1498 1639; x_wconf 84' lang='grc' dir='ltr'><strong>ὅμως</strong></span> <span class='ocrx_word' id='word_1_119' title='bbox 1539 1570 1773 1624; x_wconf 70' lang='grc' dir='ltr'><strong>ἐπεσάλ-</strong></span> 
     </span>
    </p>
   </div>
   <div class='ocr_carea' id='block_1_19' title="bbox 186 1654 1773 1729">
    <p class='ocr_par' dir='ltr' id='par_1_19' title="bbox 186 1654 1773 1729">
     <span class='ocr_line' id='line_1_19' title="bbox 186 1654 1773 1729; baseline 0.004 -21"><span class='ocrx_word' id='word_1_120' title='bbox 186 1655 334 1709; x_wconf 80' lang='grc' dir='ltr'><strong>λετο·</strong></span> <span class='ocrx_word' id='word_1_121' title='bbox 363 1656 459 1709; x_wconf 83' lang='grc' dir='ltr'><strong>καὶ</strong></span> <span class='ocrx_word' id='word_1_122' title='bbox 504 1654 785 1710; x_wconf 78' lang='grc' dir='ltr'><strong>λανθάνειν</strong></span> <span class='ocrx_word' id='word_1_123' title='bbox 844 1658 1059 1729; x_wconf 70' lang='grc' dir='ltr'><strong>ενόμιζε</strong></span> <span class='ocrx_word' id='word_1_124' title='bbox 1084 1658 1177 1713; x_wconf 84' lang='grc' dir='ltr'><strong>τδν</strong></span> <span class='ocrx_word' id='word_1_125' title='bbox 1224 1658 1545 1714; x_wconf 90' lang='grc' dir='ltr'><strong>διδάσκαλον</strong></span> <span class='ocrx_word' id='word_1_126' title='bbox 1571 1660 1631 1726; x_wconf 74' lang='grc' dir='ltr'><strong>ἐξ</strong></span> <span class='ocrx_word' id='word_1_127' title='bbox 1660 1661 1773 1715; x_wconf 79' lang='grc' dir='ltr'><strong>οἴου</strong></span> 
     </span>
    </p>
   </div>
   <div class='ocr_carea' id='block_1_20' title="bbox 187 1746 1773 1825">
    <p class='ocr_par' dir='ltr' id='par_1_20' title="bbox 187 1746 1773 1825">
     <span class='ocr_line' id='line_1_20' title="bbox 187 1746 1773 1825; baseline 0.006 -26"><span class='ocrx_word' id='word_1_128' title='bbox 187 1746 315 1815; x_wconf 80' lang='grc' dir='ltr'><strong>βίου</strong></span> <span class='ocrx_word' id='word_1_129' title='bbox 359 1747 456 1801; x_wconf 76' lang='grc' dir='ltr'><strong>καὶ</strong></span> <span class='ocrx_word' id='word_1_130' title='bbox 484 1747 761 1812; x_wconf 77' lang='grc' dir='ltr'><strong>πολιτείας</strong></span> <span class='ocrx_word' id='word_1_131' title='bbox 783 1750 846 1803; x_wconf 79' lang='grc' dir='ltr'><strong>τὸ</strong></span> <span class='ocrx_word' id='word_1_132' title='bbox 867 1749 1089 1819; x_wconf 92' lang='grc' dir='ltr'><strong>γύναιον</strong></span> <span class='ocrx_word' id='word_1_133' title='bbox 1118 1752 1465 1823; x_wconf 71' lang='grc' dir='ltr'><strong>ιγνωρίζετο.</strong></span> <span class='ocrx_word' id='word_1_134' title='bbox 1493 1753 1585 1806; x_wconf 87' lang='grc' dir='ltr'><strong>Διδ</strong></span> <span class='ocrx_word' id='word_1_135' title='bbox 1603 1753 1773 1825; x_wconf 81' lang='grc' dir='ltr'><strong>ταύτῃ</strong></span> 
     </span>
    </p>
   </div>
   <div class='ocr_carea' id='block_1_21' title="bbox 1944 1016 3455 1091">
    <p class='ocr_par' dir='ltr' id='par_1_21' title="bbox 1944 1016 3455 1091">
     <span class='ocr_line' id='line_1_21' title="bbox 1944 1016 3455 1091; baseline 0.005 -20"><span class='ocrx_word' id='word_1_136' title='bbox 1944 1016 2049 1073; x_wconf 88' lang='lat' dir='ltr'><strong>Sed</strong></span> <span class='ocrx_word' id='word_1_137' title='bbox 2078 1018 2222 1086; x_wconf 90' lang='lat' dir='ltr'><strong>quod</strong></span> <span class='ocrx_word' id='word_1_138' title='bbox 2258 1034 2705 1091; x_wconf 79' lang='lat' dir='ltr'><strong>unamquamque</strong></span> <span class='ocrx_word' id='word_1_139' title='bbox 2732 1022 2920 1079; x_wconf 90' lang='lat' dir='ltr'><strong>decuit</strong></span> <span class='ocrx_word' id='word_1_140' title='bbox 2959 1032 3019 1076; x_wconf 90' lang='lat' dir='ltr'><strong>ut</strong></span> <span class='ocrx_word' id='word_1_141' title='bbox 3064 1024 3370 1079; x_wconf 75' lang='lat' dir='ltr'><strong>consolatio</strong></span> <span class='ocrx_word' id='word_1_142' title='bbox 3400 1028 3455 1078; x_wconf 68' lang='lat' dir='ltr'><strong>et</strong></span> 
     </span>
    </p>
   </div>
   <div class='ocr_carea' id='block_1_22' title="bbox 1872 1108 3453 1179">
    <p class='ocr_par' dir='ltr' id='par_1_22' title="bbox 1872 1108 3453 1179">
     <span class='ocr_line' id='line_1_22' title="bbox 1872 1108 3453 1179; baseline 0.003 -14"><span class='ocrx_word' id='word_1_143' title='bbox 1872 1108 2121 1165; x_wconf 85' lang='lat' dir='ltr'><strong>beneficii</strong></span> <span class='ocrx_word' id='word_1_144' title='bbox 2150 1112 2456 1179; x_wconf 88' lang='lat' dir='ltr'><strong>acceptatio</strong></span> <span class='ocrx_word' id='word_1_145' title='bbox 2502 1114 2891 1179; x_wconf 90' lang='lat' dir='ltr'><strong>annuntietur,</strong></span> <span class='ocrx_word' id='word_1_146' title='bbox 2951 1114 3056 1168; x_wconf 85' lang='lat' dir='ltr'><strong>hoc</strong></span> <span class='ocrx_word' id='word_1_147' title='bbox 3102 1114 3308 1169; x_wconf 90' lang='lat' dir='ltr'><strong>dictum</strong></span> <span class='ocrx_word' id='word_1_148' title='bbox 3347 1126 3453 1171; x_wconf 86' lang='lat' dir='ltr'><strong>est.</strong></span> 
     </span>
    </p>
   </div>
   <div class='ocr_carea' id='block_1_23' title="bbox 1882 1198 3462 1271">
    <p class='ocr_par' dir='ltr' id='par_1_23' title="bbox 1882 1198 3462 1271">
     <span class='ocr_line' id='line_1_23' title="bbox 1882 1198 3462 1271; baseline 0 -16"><span class='ocrx_word' id='word_1_149' title='bbox 1882 1198 2096 1255; x_wconf 83' lang='lat' dir='ltr'><strong>Etenim</strong></span> <span class='ocrx_word' id='word_1_150' title='bbox 2134 1214 2299 1253; x_wconf 87' lang='lat' dir='ltr'><strong>unam</strong></span> <span class='ocrx_word' id='word_1_151' title='bbox 2344 1200 2566 1269; x_wconf 80' lang='lat' dir='ltr'><strong>quidem</strong></span> <span class='ocrx_word' id='word_1_152' title='bbox 2628 1202 2864 1271; x_wconf 75' lang='lat' dir='ltr'><strong>apostoli</strong></span> <span class='ocrx_word' id='word_1_153' title='bbox 2918 1203 3371 1271; x_wconf 87' lang='lat' dir='ltr'><strong>vituperaverunt</strong></span> <span class='ocrx_word' id='word_1_154' title='bbox 3406 1213 3462 1257; x_wconf 90' lang='lat' dir='ltr'><strong>et</strong></span> 
     </span>
    </p>
   </div>
   <div class='ocr_carea' id='block_1_24' title="bbox 1882 1288 3459 1363">
    <p class='ocr_par' dir='ltr' id='par_1_24' title="bbox 1882 1288 3459 1363">
     <span class='ocr_line' id='line_1_24' title="bbox 1882 1288 3459 1363; baseline 0.003 -20"><span class='ocrx_word' id='word_1_155' title='bbox 1882 1297 2167 1359; x_wconf 87' lang='lat' dir='ltr'><strong>unguento</strong></span> <span class='ocrx_word' id='word_1_156' title='bbox 2202 1288 2520 1345; x_wconf 87' lang='lat' dir='ltr'><strong>abutentem</strong></span> <span class='ocrx_word' id='word_1_157' title='bbox 2545 1300 2601 1346; x_wconf 92' lang='lat' dir='ltr'><strong>et</strong></span> <span class='ocrx_word' id='word_1_158' title='bbox 2626 1292 2758 1347; x_wconf 90' lang='lat' dir='ltr'><strong>illud</strong></span> <span class='ocrx_word' id='word_1_159' title='bbox 2787 1291 2996 1347; x_wconf 91' lang='lat' dir='ltr'><strong>frustra</strong></span> <span class='ocrx_word' id='word_1_160' title='bbox 3054 1294 3459 1363; x_wconf 83' lang='lat' dir='ltr'><strong>impendentem</strong></span> 
     </span>
    </p>
   </div>
   <div class='ocr_carea' id='block_1_25' title="bbox 1881 1380 3460 1451">
    <p class='ocr_par' dir='ltr' id='par_1_25' title="bbox 1881 1380 3460 1451">
     <span class='ocr_line' id='line_1_25' title="bbox 1881 1380 3460 1451; baseline 0.001 -16"><span class='ocrx_word' id='word_1_161' title='bbox 1881 1389 1936 1435; x_wconf 92' lang='lat' dir='ltr'><strong>et</strong></span> <span class='ocrx_word' id='word_1_162' title='bbox 1955 1380 2406 1451; x_wconf 64' lang='lat' dir='ltr'><strong>dispensantem;</strong></span> <span class='ocrx_word' id='word_1_163' title='bbox 2439 1383 2672 1438; x_wconf 78' lang='lat' dir='ltr'><strong>alteram</strong></span> <span class='ocrx_word' id='word_1_164' title='bbox 2724 1399 2859 1439; x_wconf 89' lang='lat' dir='ltr'><strong>vero</strong></span> <span class='ocrx_word' id='word_1_165' title='bbox 2888 1383 3204 1440; x_wconf 68' lang='lat' dir='ltr'><strong>Pltarisaeus</strong></span> <span class='ocrx_word' id='word_1_166' title='bbox 3228 1384 3460 1439; x_wconf 65' lang='lat' dir='ltr'><strong>cavilla.</strong></span> 
     </span>
    </p>
   </div>
   <div class='ocr_carea' id='block_1_26' title="bbox 1883 1474 3461 1546">
    <p class='ocr_par' dir='ltr' id='par_1_26' title="bbox 1883 1474 3461 1546">
     <span class='ocr_line' id='line_1_26' title="bbox 1883 1474 3461 1546; baseline 0 -18"><span class='ocrx_word' id='word_1_167' title='bbox 1883 1482 1974 1529; x_wconf 85' lang='lat' dir='ltr'><strong>tus</strong></span> <span class='ocrx_word' id='word_1_168' title='bbox 1997 1484 2107 1539; x_wconf 85' lang='lat' dir='ltr'><strong>est,</strong></span> <span class='ocrx_word' id='word_1_169' title='bbox 2146 1474 2315 1543; x_wconf 90' lang='lat' dir='ltr'><strong>quod,</strong></span> <span class='ocrx_word' id='word_1_170' title='bbox 2350 1490 2473 1529; x_wconf 87' lang='lat' dir='ltr'><strong>cum</strong></span> <span class='ocrx_word' id='word_1_171' title='bbox 2496 1485 2643 1531; x_wconf 86' lang='lat' dir='ltr'><strong>esset</strong></span> <span class='ocrx_word' id='word_1_172' title='bbox 2683 1477 2962 1546; x_wconf 80' lang='lat' dir='ltr'><strong>peccatrix</strong></span> <span class='ocrx_word' id='word_1_173' title='bbox 3000 1486 3054 1532; x_wconf 89' lang='lat' dir='ltr'><strong>et</strong></span> <span class='ocrx_word' id='word_1_174' title='bbox 3086 1486 3147 1531; x_wconf 92' lang='lat' dir='ltr'><strong>ut</strong></span> <span class='ocrx_word' id='word_1_175' title='bbox 3186 1476 3312 1531; x_wconf 89' lang='lat' dir='ltr'><strong>talis</strong></span> <span class='ocrx_word' id='word_1_176' title='bbox 3362 1493 3461 1529; x_wconf 80' lang='lat' dir='ltr'><strong>no-</strong></span> 
     </span>
    </p>
   </div>
   <div class='ocr_carea' id='block_1_27' title="bbox 1885 1566 3463 1637">
    <p class='ocr_par' dir='ltr' id='par_1_27' title="bbox 1885 1566 3463 1637">
     <span class='ocr_line' id='line_1_27' title="bbox 1885 1566 3463 1637; baseline 0.001 -17"><span class='ocrx_word' id='word_1_177' title='bbox 1885 1573 2154 1629; x_wconf 87' lang='lat' dir='ltr'><strong>sceretur,</strong></span> <span class='ocrx_word' id='word_1_178' title='bbox 2190 1579 2255 1620; x_wconf 89' lang='lat' dir='ltr'><strong>ea</strong></span> <span class='ocrx_word' id='word_1_179' title='bbox 2288 1575 2466 1621; x_wconf 91' lang='lat' dir='ltr'><strong>tamen</strong></span> <span class='ocrx_word' id='word_1_180' title='bbox 2501 1567 2693 1637; x_wconf 78' lang='lat' dir='ltr'><strong>agendi</strong></span> <span class='ocrx_word' id='word_1_181' title='bbox 2734 1576 2973 1623; x_wconf 91' lang='lat' dir='ltr'><strong>mentem</strong></span> <span class='ocrx_word' id='word_1_182' title='bbox 3004 1568 3229 1636; x_wconf 89' lang='lat' dir='ltr'><strong>ceperit,</strong></span> <span class='ocrx_word' id='word_1_183' title='bbox 3274 1578 3326 1622; x_wconf 90' lang='lat' dir='ltr'><strong>et</strong></span> <span class='ocrx_word' id='word_1_184' title='bbox 3347 1566 3463 1621; x_wconf 79' lang='lat' dir='ltr'><strong>Ila-</strong></span> 
     </span>
    </p>
   </div>
   <div class='ocr_carea' id='block_1_28' title="bbox 1880 1657 3463 1729">
    <p class='ocr_par' dir='ltr' id='par_1_28' title="bbox 1880 1657 3463 1729">
     <span class='ocr_line' id='line_1_28' title="bbox 1880 1657 3463 1729; baseline 0.001 -19"><span class='ocrx_word' id='word_1_185' title='bbox 1880 1657 2115 1729; x_wconf 85' lang='lat' dir='ltr'><strong>gistrum</strong></span> <span class='ocrx_word' id='word_1_186' title='bbox 2168 1657 2340 1713; x_wconf 84' lang='lat' dir='ltr'><strong>latere</strong></span> <span class='ocrx_word' id='word_1_187' title='bbox 2399 1658 2657 1713; x_wconf 83' lang='lat' dir='ltr'><strong>credebat</strong></span> <span class='ocrx_word' id='word_1_188' title='bbox 2685 1674 2793 1729; x_wconf 91' lang='lat' dir='ltr'><strong>qua</strong></span> <span class='ocrx_word' id='word_1_189' title='bbox 2821 1658 2932 1713; x_wconf 83' lang='lat' dir='ltr'><strong>vita</strong></span> <span class='ocrx_word' id='word_1_190' title='bbox 2976 1668 3031 1714; x_wconf 91' lang='lat' dir='ltr'><strong>et</strong></span> <span class='ocrx_word' id='word_1_191' title='bbox 3063 1658 3317 1713; x_wconf 88' lang='lat' dir='ltr'><strong>instituto</strong></span> <span class='ocrx_word' id='word_1_192' title='bbox 3348 1675 3463 1713; x_wconf 83' lang='lat' dir='ltr'><strong>mu-</strong></span> 
     </span>
    </p>
   </div>
   <div class='ocr_carea' id='block_1_29' title="bbox 1881 1745 3461 1820">
    <p class='ocr_par' dir='ltr' id='par_1_29' title="bbox 1881 1745 3461 1820">
     <span class='ocr_line' id='line_1_29' title="bbox 1881 1745 3461 1820; baseline 0.004 -21"><span class='ocrx_word' id='word_1_193' title='bbox 1881 1745 1984 1801; x_wconf 91' lang='lat' dir='ltr'><strong>lier</strong></span> <span class='ocrx_word' id='word_1_194' title='bbox 2044 1759 2385 1803; x_wconf 87' lang='lat' dir='ltr'><strong>nosceretur.</strong></span> <span class='ocrx_word' id='word_1_195' title='bbox 2422 1748 2769 1820; x_wconf 87' lang='lat' dir='ltr'><strong>Quapropter</strong></span> <span class='ocrx_word' id='word_1_196' title='bbox 2816 1750 2948 1807; x_wconf 90' lang='lat' dir='ltr'><strong>buic</strong></span> <span class='ocrx_word' id='word_1_197' title='bbox 2992 1766 3203 1806; x_wconf 87' lang='lat' dir='ltr'><strong>merces</strong></span> <span class='ocrx_word' id='word_1_198' title='bbox 3245 1767 3461 1805; x_wconf 87' lang='lat' dir='ltr'><strong>annun-</strong></span> 
     </span>
    </p>
   </div>
   <div class='ocr_carea' id='block_1_30' title="bbox 190 1831 1787 1917">
    <p class='ocr_par' dir='ltr' id='par_1_30' title="bbox 190 1838 1772 1917">
     <span class='ocr_line' id='line_1_30' title="bbox 190 1838 1772 1917; baseline 0.004 -25"><span class='ocrx_word' id='word_1_199' title='bbox 190 1838 297 1905; x_wconf 65' lang='grc' dir='ltr'><strong>μιν</strong></span> <span class='ocrx_word' id='word_1_200' title='bbox 325 1840 353 1892; x_wconf 90' lang='lat'><strong>6</strong></span> <span class='ocrx_word' id='word_1_201' title='bbox 390 1838 579 1909; x_wconf 74' lang='grc' dir='ltr'><strong>μισθὸς</strong></span> <span class='ocrx_word' id='word_1_202' title='bbox 611 1841 890 1913; x_wconf 81' lang='grc' dir='ltr'><strong>ἀνεῤῥήθη</strong></span> <span class='ocrx_word' id='word_1_203' title='bbox 916 1841 1027 1896; x_wconf 82' lang='grc' dir='ltr'><strong>τῶν</strong></span> <span class='ocrx_word' id='word_1_204' title='bbox 1052 1843 1466 1915; x_wconf 77' lang='grc' dir='ltr'><strong>ἁμαρτημάτων</strong></span> <span class='ocrx_word' id='word_1_205' title='bbox 1496 1847 1529 1917; x_wconf 85' lang='grc' dir='ltr'><strong>ή</strong></span> <span class='ocrx_word' id='word_1_206' title='bbox 1557 1846 1772 1914; x_wconf 77' lang='grc' dir='ltr'><strong>ἀφεσιςο</strong></span> 
     </span>
    </p>
   </div>
   <div class='ocr_carea' id='block_1_31' title="bbox 1888 1831 3462 1917">
    <p class='ocr_par' dir='ltr' id='par_1_31' title="bbox 1888 1838 3462 1911">
     <span class='ocr_line' id='line_1_31' title="bbox 1888 1838 3462 1911; baseline 0.004 -19"><span class='ocrx_word' id='word_1_207' title='bbox 1888 1838 2011 1893; x_wconf 81' lang='lat' dir='ltr'><strong>liata</strong></span> <span class='ocrx_word' id='word_1_208' title='bbox 2042 1848 2125 1894; x_wconf 87' lang='lat' dir='ltr'><strong>est</strong></span> <span class='ocrx_word' id='word_1_209' title='bbox 2148 1848 2501 1909; x_wconf 90' lang='lat' dir='ltr'><strong>peccatorum</strong></span> <span class='ocrx_word' id='word_1_210' title='bbox 2537 1843 2826 1911; x_wconf 84' lang='lat' dir='ltr'><strong>remissio;</strong></span> <span class='ocrx_word' id='word_1_211' title='bbox 2873 1844 2956 1899; x_wconf 90' lang='lat' dir='ltr'><strong>illi</strong></span> <span class='ocrx_word' id='word_1_212' title='bbox 2992 1860 3122 1900; x_wconf 75' lang='lat' dir='ltr'><strong>vero</strong></span> <span class='ocrx_word' id='word_1_213' title='bbox 3158 1846 3224 1899; x_wconf 91' lang='lat' dir='ltr'><strong>ad</strong></span> <span class='ocrx_word' id='word_1_214' title='bbox 3266 1859 3462 1899; x_wconf 87' lang='lat' dir='ltr'><strong>omnes</strong></span> 
     </span>
    </p>
   </div>
   <div class='ocr_carea' id='block_1_32' title="bbox 187 1931 1778 2009">
    <p class='ocr_par' dir='ltr' id='par_1_32' title="bbox 187 1931 1778 2009">
     <span class='ocr_line' id='line_1_32' title="bbox 187 1931 1778 2009; baseline 0.004 -24"><span class='ocrx_word' id='word_1_215' title='bbox 187 1931 383 2005; x_wconf 73' lang='grc' dir='ltr'><strong>ἐκείνῃ</strong></span> <span class='ocrx_word' id='word_1_216' title='bbox 414 1931 472 1984; x_wconf 80' lang='grc' dir='ltr'><strong>δι</strong></span> <span class='ocrx_word' id='word_1_217' title='bbox 498 1932 561 1986; x_wconf 80' lang='grc' dir='ltr'><strong>τὺ</strong></span> <span class='ocrx_word' id='word_1_218' title='bbox 607 1934 689 1998; x_wconf 85' lang='grc' dir='ltr'><strong>είς</strong></span> <span class='ocrx_word' id='word_1_219' title='bbox 727 1933 938 1999; x_wconf 81' lang='grc' dir='ltr'><strong>πάντας</strong></span> <span class='ocrx_word' id='word_1_220' title='bbox 968 1936 1375 2007; x_wconf 79' lang='grc' dir='ltr'><strong>περιηχηθῆναι</strong></span> <span class='ocrx_word' id='word_1_221' title='bbox 1417 1936 1518 2008; x_wconf 78' lang='grc' dir='ltr'><strong>τὴν</strong></span> <span class='ocrx_word' id='word_1_222' title='bbox 1577 1937 1778 2009; x_wconf 79' lang='grc' dir='ltr'><strong>πρᾶξιν</strong></span> 
     </span>
    </p>
   </div>
   <div class='ocr_carea' id='block_1_33' title="bbox 183 2021 1780 2099">
    <p class='ocr_par' dir='ltr' id='par_1_33' title="bbox 183 2021 1780 2099">
     <span class='ocr_line' id='line_1_33' title="bbox 183 2021 1780 2099; baseline 0.004 -25"><span class='ocrx_word' id='word_1_223' title='bbox 183 2021 565 2094; x_wconf 81' lang='grc' dir='ltr'><strong>ἀνεκηρύχθη,</strong></span> <span class='ocrx_word' id='word_1_224' title='bbox 588 2024 681 2079; x_wconf 78' lang='grc' dir='ltr'><strong>καὶ</strong></span> <span class='ocrx_word' id='word_1_225' title='bbox 702 2026 853 2095; x_wconf 85' lang='grc' dir='ltr'><strong>παρά</strong></span> <span class='ocrx_word' id='word_1_226' title='bbox 878 2026 1096 2082; x_wconf 81' lang='grc' dir='ltr'><strong>πάντων</strong></span> <span class='ocrx_word' id='word_1_227' title='bbox 1130 2026 1549 2099; x_wconf 68' lang='grc' dir='ltr'><strong>μακαρίζεσθαι*</strong></span> <span class='ocrx_word' id='word_1_228' title='bbox 1567 2032 1634 2099; x_wconf 70' lang='grc' dir='ltr'><strong>τῇ</strong></span> <span class='ocrx_word' id='word_1_229' title='bbox 1654 2028 1780 2098; x_wconf 77' lang='grc' dir='ltr'><strong>μέν·</strong></span> 
     </span>
    </p>
   </div>
   <div class='ocr_carea' id='block_1_34' title="bbox 184 2114 1776 2190">
    <p class='ocr_par' dir='ltr' id='par_1_34' title="bbox 184 2114 1776 2190">
     <span class='ocr_line' id='line_1_34' title="bbox 184 2114 1776 2190; baseline 0.004 -22"><span class='ocrx_word' id='word_1_230' title='bbox 184 2132 315 2168; x_wconf 82' lang='grc' dir='ltr'><strong>ατοι</strong></span> <span class='ocrx_word' id='word_1_231' title='bbox 346 2130 410 2182; x_wconf 87' lang='grc' dir='ltr'><strong>γε</strong></span> <span class='ocrx_word' id='word_1_232' title='bbox 439 2114 643 2187; x_wconf 72' lang='grc' dir='ltr'><strong>ἀδελφῇ</strong></span> <span class='ocrx_word' id='word_1_233' title='bbox 673 2115 764 2169; x_wconf 83' lang='grc' dir='ltr'><strong>τοῦ</strong></span> <span class='ocrx_word' id='word_1_234' title='bbox 804 2115 1059 2188; x_wconf 80' lang='grc' dir='ltr'><strong>Λαζάρου</strong></span> <span class='ocrx_word' id='word_1_235' title='bbox 1091 2117 1374 2190; x_wconf 80' lang='grc' dir='ltr'><strong>οὐδέτερον</strong></span> <span class='ocrx_word' id='word_1_236' title='bbox 1404 2120 1611 2173; x_wconf 89' lang='grc' dir='ltr'><strong>τούτων</strong></span> <span class='ocrx_word' id='word_1_237' title='bbox 1647 2121 1776 2175; x_wconf 85' lang='grc' dir='ltr'><strong>ἀντ-</strong></span> 
     </span>
    </p>
   </div>
   <div class='ocr_carea' id='block_1_35' title="bbox 187 2208 1780 2285">
    <p class='ocr_par' dir='ltr' id='par_1_35' title="bbox 187 2208 1780 2285">
     <span class='ocr_line' id='line_1_35' title="bbox 187 2208 1780 2285; baseline 0.001 -23"><span class='ocrx_word' id='word_1_238' title='bbox 187 2208 528 2262; x_wconf 76' lang='grc' dir='ltr'><strong>αττοδίδοται·</strong></span> <span class='ocrx_word' id='word_1_239' title='bbox 552 2208 744 2279; x_wconf 73' lang='grc' dir='ltr'><strong>ιπειδῆ</strong></span> <span class='ocrx_word' id='word_1_240' title='bbox 765 2208 890 2263; x_wconf 69' lang='grc' dir='ltr'><strong>ούδὶ</strong></span> <span class='ocrx_word' id='word_1_241' title='bbox 918 2210 1103 2281; x_wconf 71' lang='grc' dir='ltr'><strong>εκείνη</strong></span> <span class='ocrx_word' id='word_1_242' title='bbox 1135 2211 1597 2283; x_wconf 70' lang='grc' dir='ltr'><strong>προσδοκωμένης</strong></span> <span class='ocrx_word' id='word_1_243' title='bbox 1622 2212 1780 2285; x_wconf 82' lang='grc' dir='ltr'><strong>εὐερ-</strong></span> 
     </span>
    </p>
   </div>
   <div class='ocr_carea' id='block_1_36' title="bbox 186 2302 1777 2377">
    <p class='ocr_par' dir='ltr' id='par_1_36' title="bbox 186 2302 1777 2377">
     <span class='ocr_line' id='line_1_36' title="bbox 186 2302 1777 2377; baseline 0.001 -24"><span class='ocrx_word' id='word_1_244' title='bbox 186 2303 390 2369; x_wconf 85' lang='grc' dir='ltr'><strong>γεσίας</strong></span> <span class='ocrx_word' id='word_1_245' title='bbox 437 2302 532 2356; x_wconf 83' lang='grc' dir='ltr'><strong>καὶ</strong></span> <span class='ocrx_word' id='word_1_246' title='bbox 580 2302 803 2373; x_wconf 82' lang='grc' dir='ltr'><strong>χάριτος</strong></span> <span class='ocrx_word' id='word_1_247' title='bbox 856 2303 1158 2377; x_wconf 71' lang='grc' dir='ltr'><strong>ἀρραϐῶνα</strong></span> <span class='ocrx_word' id='word_1_248' title='bbox 1221 2302 1626 2357; x_wconf 74' lang='grc' dir='ltr'><strong>κατεϐάλλετο·</strong></span> <span class='ocrx_word' id='word_1_249' title='bbox 1659 2303 1777 2358; x_wconf 86' lang='grc' dir='ltr'><strong>ἀλλ’</strong></span> 
     </span>
    </p>
   </div>
   <div class='ocr_carea' id='block_1_37' title="bbox 190 2386 1778 2464">
    <p class='ocr_par' dir='ltr' id='par_1_37' title="bbox 190 2386 1778 2464">
     <span class='ocr_line' id='line_1_37' title="bbox 190 2386 1778 2464; baseline 0.002 -18"><span class='ocrx_word' id='word_1_250' title='bbox 190 2393 341 2463; x_wconf 68' lang='grc' dir='ltr'><strong>ὑπὲρ</strong></span> <span class='ocrx_word' id='word_1_251' title='bbox 369 2386 448 2447; x_wconf 78' lang='grc' dir='ltr'><strong>ὧν</strong></span> <span class='ocrx_word' id='word_1_252' title='bbox 476 2392 795 2464; x_wconf 84' lang='grc' dir='ltr'><strong>ἀπήλαυσεν</strong></span> <span class='ocrx_word' id='word_1_253' title='bbox 849 2394 991 2463; x_wconf 73' lang='grc' dir='ltr'><strong>ὑπὲρ</strong></span> <span class='ocrx_word' id='word_1_254' title='bbox 1042 2394 1199 2463; x_wconf 90' lang='grc' dir='ltr'><strong>λόγον</strong></span> <span class='ocrx_word' id='word_1_255' title='bbox 1254 2394 1346 2447; x_wconf 80' lang='grc' dir='ltr'><strong>τὸν</strong></span> <span class='ocrx_word' id='word_1_256' title='bbox 1393 2394 1624 2463; x_wconf 76' lang='grc' dir='ltr'><strong>ἀδελφὸν</strong></span> <span class='ocrx_word' id='word_1_257' title='bbox 1658 2396 1778 2449; x_wconf 79' lang='grc' dir='ltr'><strong>ἀντὶ</strong></span> 
     </span>
    </p>
   </div>
   <div class='ocr_carea' id='block_1_38' title="bbox 189 2485 1779 2561">
    <p class='ocr_par' dir='ltr' id='par_1_38' title="bbox 189 2485 1779 2561">
     <span class='ocr_line' id='line_1_38' title="bbox 189 2485 1779 2561; baseline 0.001 -21"><span class='ocrx_word' id='word_1_258' title='bbox 189 2485 397 2558; x_wconf 79' lang='grc' dir='ltr'><strong>νεκροῦ</strong></span> <span class='ocrx_word' id='word_1_259' title='bbox 449 2486 741 2558; x_wconf 81' lang='grc' dir='ltr'><strong>καινοτέρᾳ</strong></span> <span class='ocrx_word' id='word_1_260' title='bbox 794 2486 907 2559; x_wconf 77' lang='grc' dir='ltr'><strong>ζωῇ</strong></span> <span class='ocrx_word' id='word_1_261' title='bbox 962 2488 1063 2557; x_wconf 83' lang='grc' dir='ltr'><strong>τὴν</strong></span> <span class='ocrx_word' id='word_1_262' title='bbox 1097 2486 1193 2541; x_wconf 81' lang='grc' dir='ltr'><strong>τοῦ</strong></span> <span class='ocrx_word' id='word_1_263' title='bbox 1251 2487 1485 2541; x_wconf 89' lang='grc' dir='ltr'><strong>θανάτου</strong></span> <span class='ocrx_word' id='word_1_264' title='bbox 1510 2487 1779 2561; x_wconf 81' lang='grc' dir='ltr'><strong>νέκρωσιν</strong></span> 
     </span>
    </p>
   </div>
   <div class='ocr_carea' id='block_1_39' title="bbox 191 2576 1781 2649">
    <p class='ocr_par' dir='ltr' id='par_1_39' title="bbox 191 2576 1781 2649">
     <span class='ocr_line' id='line_1_39' title="bbox 191 2576 1781 2649; baseline 0.001 -20"><span class='ocrx_word' id='word_1_265' title='bbox 191 2576 703 2648; x_wconf 82' lang='grc' dir='ltr'><strong>προοιμιασάμενον</strong></span> <span class='ocrx_word' id='word_1_266' title='bbox 775 2576 1161 2641; x_wconf 76' lang='grc' dir='ltr'><strong>ἀπολαϐοῦσα,</strong></span> <span class='ocrx_word' id='word_1_267' title='bbox 1217 2577 1308 2630; x_wconf 76' lang='grc' dir='ltr'><strong>τὸν</strong></span> <span class='ocrx_word' id='word_1_268' title='bbox 1365 2578 1661 2649; x_wconf 81' lang='grc' dir='ltr'><strong>εὐεργέτην</strong></span> <span class='ocrx_word' id='word_1_269' title='bbox 1708 2577 1781 2631; x_wconf 81' lang='grc' dir='ltr'><strong>δι’</strong></span> 
     </span>
    </p>
   </div>
   <div class='ocr_carea' id='block_1_40' title="bbox 192 2665 1777 2741">
    <p class='ocr_par' dir='ltr' id='par_1_40' title="bbox 192 2665 1777 2741">
     <span class='ocr_line' id='line_1_40' title="bbox 192 2665 1777 2741; baseline 0.002 -20"><span class='ocrx_word' id='word_1_270' title='bbox 192 2669 552 2739; x_wconf 76' lang='grc' dir='ltr'><strong>εὐχαριστίας</strong></span> <span class='ocrx_word' id='word_1_271' title='bbox 592 2665 696 2739; x_wconf 76' lang='grc' dir='ltr'><strong>ἦγε</strong></span> <span class='ocrx_word' id='word_1_272' title='bbox 722 2686 733 2698; x_wconf 89' lang='grc'><strong>·</strong></span> <span class='ocrx_word' id='word_1_273' title='bbox 768 2670 863 2722; x_wconf 77' lang='grc' dir='ltr'><strong>καὶ</strong></span> <span class='ocrx_word' id='word_1_274' title='bbox 890 2670 1033 2724; x_wconf 79' lang='grc' dir='ltr'><strong>κατά</strong></span> <span class='ocrx_word' id='word_1_275' title='bbox 1055 2686 1117 2739; x_wconf 86' lang='grc' dir='ltr'><strong>γε</strong></span> <span class='ocrx_word' id='word_1_276' title='bbox 1140 2669 1372 2740; x_wconf 82' lang='grc' dir='ltr'><strong>γνώμην</strong></span> <span class='ocrx_word' id='word_1_277' title='bbox 1400 2672 1496 2724; x_wconf 81' lang='grc' dir='ltr'><strong>καὶ</strong></span> <span class='ocrx_word' id='word_1_278' title='bbox 1526 2670 1777 2741; x_wconf 90' lang='grc' dir='ltr'><strong>δύναμιν,</strong></span> 
     </span>
    </p>
   </div>
   <div class='ocr_carea' id='block_1_41' title="bbox 191 2757 1781 2831">
    <p class='ocr_par' dir='ltr' id='par_1_41' title="bbox 191 2757 1781 2831">
     <span class='ocr_line' id='line_1_41' title="bbox 191 2757 1781 2831; baseline -0.001 -18"><span class='ocrx_word' id='word_1_279' title='bbox 191 2760 259 2812; x_wconf 78' lang='grc' dir='ltr'><strong>τὸ</strong></span> <span class='ocrx_word' id='word_1_280' title='bbox 284 2760 458 2831; x_wconf 87' lang='grc' dir='ltr'><strong>γέρας</strong></span> <span class='ocrx_word' id='word_1_281' title='bbox 510 2758 805 2829; x_wconf 86' lang='grc' dir='ltr'><strong>ἀπένεμεν.</strong></span> <span class='ocrx_word' id='word_1_282' title='bbox 867 2758 1076 2821; x_wconf 82' lang='grc' dir='ltr'><strong>Ἀλλως</strong></span> <span class='ocrx_word' id='word_1_283' title='bbox 1113 2775 1173 2811; x_wconf 89' lang='grc' dir='ltr'><strong>τε</strong></span> <span class='ocrx_word' id='word_1_284' title='bbox 1201 2759 1257 2811; x_wconf 73' lang='grc' dir='ltr'><strong>δὲ</strong></span> <span class='ocrx_word' id='word_1_285' title='bbox 1314 2760 1370 2811; x_wconf 76' lang='grc' dir='ltr'><strong>αι</strong></span> <span class='ocrx_word' id='word_1_286' title='bbox 1418 2757 1517 2828; x_wconf 65' lang='grc' dir='ltr'><strong>μὲν</strong></span> <span class='ocrx_word' id='word_1_287' title='bbox 1569 2758 1781 2821; x_wconf 81' lang='grc' dir='ltr'><strong>ἀτελεῖς</strong></span> 
     </span>
    </p>
   </div>
   <div class='ocr_carea' id='block_1_42' title="bbox 191 2846 1781 2923">
    <p class='ocr_par' dir='ltr' id='par_1_42' title="bbox 191 2846 1781 2923">
     <span class='ocr_line' id='line_1_42' title="bbox 191 2846 1781 2923; baseline -0.001 -19"><span class='ocrx_word' id='word_1_288' title='bbox 191 2846 367 2923; x_wconf 77' lang='grc' dir='ltr'><strong>ἦσαν,</strong></span> <span class='ocrx_word' id='word_1_289' title='bbox 429 2850 526 2904; x_wconf 80' lang='grc' dir='ltr'><strong>καὶ</strong></span> <span class='ocrx_word' id='word_1_290' title='bbox 554 2850 621 2921; x_wconf 76' lang='grc' dir='ltr'><strong>δὴ</strong></span> <span class='ocrx_word' id='word_1_291' title='bbox 654 2851 749 2905; x_wconf 76' lang='grc' dir='ltr'><strong>καὶ</strong></span> <span class='ocrx_word' id='word_1_292' title='bbox 807 2850 884 2921; x_wconf 83' lang='grc' dir='ltr'><strong>τῷ</strong></span> <span class='ocrx_word' id='word_1_293' title='bbox 936 2847 1141 2921; x_wconf 78' lang='grc' dir='ltr'><strong>φορτίῳ</strong></span> <span class='ocrx_word' id='word_1_294' title='bbox 1193 2848 1306 2903; x_wconf 84' lang='grc' dir='ltr'><strong>τῶν</strong></span> <span class='ocrx_word' id='word_1_295' title='bbox 1362 2849 1781 2921; x_wconf 81' lang='grc' dir='ltr'><strong>ἁμαρτημάτων</strong></span> 
     </span>
    </p>
   </div>
   <div class='ocr_carea' id='block_1_43' title="bbox 194 2940 1783 3014">
    <p class='ocr_par' dir='ltr' id='par_1_43' title="bbox 194 2940 1783 3014">
     <span class='ocr_line' id='line_1_43' title="bbox 194 2940 1783 3014; baseline -0.003 -17"><span class='ocrx_word' id='word_1_296' title='bbox 194 2942 529 3014; x_wconf 70' lang='grc' dir='ltr'><strong>ἀόαρύνοντο</strong></span> <span class='ocrx_word' id='word_1_297' title='bbox 552 2959 565 2973; x_wconf 88' lang='grc'><strong>·</strong></span> <span class='ocrx_word' id='word_1_298' title='bbox 595 2942 809 2997; x_wconf 65' lang='grc' dir='ltr'><strong>ἐδέοντο</strong></span> <span class='ocrx_word' id='word_1_299' title='bbox 859 2943 1040 2996; x_wconf 87' lang='grc' dir='ltr'><strong>τοίνυν</strong></span> <span class='ocrx_word' id='word_1_300' title='bbox 1056 2940 1471 3014; x_wconf 81' lang='grc' dir='ltr'><strong>,παρακλήσεώς</strong></span> <span class='ocrx_word' id='word_1_301' title='bbox 1518 2958 1662 3005; x_wconf 90' lang='grc' dir='ltr'><strong>τινος</strong></span> <span class='ocrx_word' id='word_1_302' title='bbox 1690 2942 1783 2993; x_wconf 61' lang='grc' dir='ltr'><strong>καὶ⁵</strong></span> 
     </span>
    </p>
   </div>
   <div class='ocr_carea' id='block_1_44' title="bbox 196 3029 1781 3102">
    <p class='ocr_par' dir='ltr' id='par_1_44' title="bbox 196 3029 1781 3102">
     <span class='ocr_line' id='line_1_44' title="bbox 196 3029 1781 3102; baseline -0.001 -17"><span class='ocrx_word' id='word_1_303' title='bbox 196 3030 582 3102; x_wconf 81' lang='grc' dir='ltr'><strong>πληροφορίας</strong></span> <span class='ocrx_word' id='word_1_304' title='bbox 615 3031 746 3101; x_wconf 85' lang='grc' dir='ltr'><strong>ὠςή</strong></span> <span class='ocrx_word' id='word_1_305' title='bbox 780 3032 977 3102; x_wconf 79' lang='grc' dir='ltr'><strong>πρᾶξις</strong></span> <span class='ocrx_word' id='word_1_306' title='bbox 1002 3029 1182 3084; x_wconf 81' lang='grc' dir='ltr'><strong>αὐτῶν</strong></span> <span class='ocrx_word' id='word_1_307' title='bbox 1211 3030 1509 3101; x_wconf 77' lang='grc' dir='ltr'><strong>ἀπεδέχθη,</strong></span> <span class='ocrx_word' id='word_1_308' title='bbox 1541 3032 1635 3084; x_wconf 69' lang='grc' dir='ltr'><strong>καὶ</strong></span> <span class='ocrx_word' id='word_1_309' title='bbox 1674 3029 1781 3084; x_wconf 80' lang='grc' dir='ltr'><strong>τῶν</strong></span> 
     </span>
    </p>
   </div>
   <div class='ocr_carea' id='block_1_45' title="bbox 1876 1932 3464 2006">
    <p class='ocr_par' dir='ltr' id='par_1_45' title="bbox 1876 1932 3464 2006">
     <span class='ocr_line' id='line_1_45' title="bbox 1876 1932 3464 2006; baseline 0.003 -21"><span class='ocrx_word' id='word_1_310' title='bbox 1876 1932 2271 1987; x_wconf 86' lang='lat' dir='ltr'><strong>annuntiatum</strong></span> <span class='ocrx_word' id='word_1_311' title='bbox 2334 1933 2400 1989; x_wconf 89' lang='lat' dir='ltr'><strong>irl</strong></span> <span class='ocrx_word' id='word_1_312' title='bbox 2446 1934 2622 2004; x_wconf 85' lang='lat' dir='ltr'><strong>ipsius</strong></span> <span class='ocrx_word' id='word_1_313' title='bbox 2680 1936 2959 1990; x_wconf 87' lang='lat' dir='ltr'><strong>actionem</strong></span> <span class='ocrx_word' id='word_1_314' title='bbox 3010 1936 3334 2006; x_wconf 66' lang='lat' dir='ltr'><strong>praedictum</strong></span> <span class='ocrx_word' id='word_1_315' title='bbox 3380 1944 3464 1990; x_wconf 86' lang='lat' dir='ltr'><strong>est</strong></span> 
     </span>
    </p>
   </div>
   <div class='ocr_carea' id='block_1_46' title="bbox 1877 2019 3463 2080">
    <p class='ocr_par' dir='ltr' id='par_1_46' title="bbox 1877 2019 3463 2080">
     <span class='ocr_line' id='line_1_46' title="bbox 1877 2019 3463 2080; baseline 0.003 -6"><span class='ocrx_word' id='word_1_316' title='bbox 1877 2029 1931 2075; x_wconf 90' lang='lat' dir='ltr'><strong>et</strong></span> <span class='ocrx_word' id='word_1_317' title='bbox 1961 2019 2032 2075; x_wconf 92' lang='lat' dir='ltr'><strong>ab</strong></span> <span class='ocrx_word' id='word_1_318' title='bbox 2051 2020 2312 2076; x_wconf 81' lang='lat' dir='ltr'><strong>omnibus</strong></span> <span class='ocrx_word' id='word_1_319' title='bbox 2334 2021 2549 2077; x_wconf 81' lang='lat' dir='ltr'><strong>beatam</strong></span> <span class='ocrx_word' id='word_1_320' title='bbox 2582 2023 2789 2078; x_wconf 87' lang='lat' dir='ltr'><strong>dictum</strong></span> <span class='ocrx_word' id='word_1_321' title='bbox 2817 2023 2905 2078; x_wconf 90' lang='lat' dir='ltr'><strong>iri.</strong></span> <span class='ocrx_word' id='word_1_322' title='bbox 2944 2023 3131 2079; x_wconf 88' lang='lat' dir='ltr'><strong>Sorori</strong></span> <span class='ocrx_word' id='word_1_323' title='bbox 3179 2040 3311 2080; x_wconf 90' lang='lat' dir='ltr'><strong>sane</strong></span> <span class='ocrx_word' id='word_1_324' title='bbox 3356 2022 3463 2079; x_wconf 84' lang='lat' dir='ltr'><strong>La-</strong></span> 
     </span>
    </p>
   </div>
   <div class='ocr_carea' id='block_1_47' title="bbox 1878 2114 3463 2172">
    <p class='ocr_par' dir='ltr' id='par_1_47' title="bbox 1878 2114 3463 2172">
     <span class='ocr_line' id='line_1_47' title="bbox 1878 2114 3463 2172; baseline 0.003 -5"><span class='ocrx_word' id='word_1_325' title='bbox 1878 2114 1993 2167; x_wconf 76' lang='lat' dir='ltr'><strong>zari</strong></span> <span class='ocrx_word' id='word_1_326' title='bbox 2030 2114 2240 2167; x_wconf 90' lang='lat' dir='ltr'><strong>nullum</strong></span> <span class='ocrx_word' id='word_1_327' title='bbox 2272 2129 2339 2169; x_wconf 76' lang='lat' dir='ltr'><strong>ex</strong></span> <span class='ocrx_word' id='word_1_328' title='bbox 2392 2115 2479 2168; x_wconf 82' lang='lat' dir='ltr'><strong>liis</strong></span> <span class='ocrx_word' id='word_1_329' title='bbox 2529 2116 2803 2171; x_wconf 83' lang='lat' dir='ltr'><strong>mercedis</strong></span> <span class='ocrx_word' id='word_1_330' title='bbox 2836 2115 2997 2171; x_wconf 89' lang='lat' dir='ltr'><strong>titulo</strong></span> <span class='ocrx_word' id='word_1_331' title='bbox 3029 2118 3296 2172; x_wconf 88' lang='lat' dir='ltr'><strong>redditur.</strong></span> <span class='ocrx_word' id='word_1_332' title='bbox 3342 2115 3463 2172; x_wconf 83' lang='lat' dir='ltr'><strong>Non</strong></span> 
     </span>
    </p>
   </div>
   <div class='ocr_carea' id='block_1_48' title="bbox 1877 2203 3461 2280">
    <p class='ocr_par' dir='ltr' id='par_1_48' title="bbox 1877 2203 3461 2280">
     <span class='ocr_line' id='line_1_48' title="bbox 1877 2203 3461 2280; baseline 0.004 -23"><span class='ocrx_word' id='word_1_333' title='bbox 1877 2203 2023 2257; x_wconf 91' lang='lat' dir='ltr'><strong>enim</strong></span> <span class='ocrx_word' id='word_1_334' title='bbox 2050 2204 2140 2258; x_wconf 87' lang='lat' dir='ltr'><strong>illa</strong></span> <span class='ocrx_word' id='word_1_335' title='bbox 2174 2206 2376 2274; x_wconf 90' lang='lat' dir='ltr'><strong>sperati</strong></span> <span class='ocrx_word' id='word_1_336' title='bbox 2408 2205 2660 2263; x_wconf 85' lang='lat' dir='ltr'><strong>beneficii</strong></span> <span class='ocrx_word' id='word_1_337' title='bbox 2682 2216 2738 2263; x_wconf 92' lang='lat' dir='ltr'><strong>et</strong></span> <span class='ocrx_word' id='word_1_338' title='bbox 2764 2208 2956 2278; x_wconf 66' lang='lat' dir='ltr'><strong>gratis</strong></span> <span class='ocrx_word' id='word_1_339' title='bbox 2982 2208 3174 2264; x_wconf 82' lang='lat' dir='ltr'><strong>arrhas</strong></span> <span class='ocrx_word' id='word_1_340' title='bbox 3198 2208 3461 2280; x_wconf 87' lang='lat' dir='ltr'><strong>jaciebat,</strong></span> 
     </span>
    </p>
   </div>
   <div class='ocr_carea' id='block_1_49' title="bbox 1878 2295 3463 2372">
    <p class='ocr_par' dir='ltr' id='par_1_49' title="bbox 1878 2295 3463 2372">
     <span class='ocr_line' id='line_1_49' title="bbox 1878 2295 3463 2372; baseline 0.003 -21"><span class='ocrx_word' id='word_1_341' title='bbox 1878 2295 1975 2351; x_wconf 88' lang='lat' dir='ltr'><strong>sed</strong></span> <span class='ocrx_word' id='word_1_342' title='bbox 1998 2306 2281 2367; x_wconf 88' lang='lat' dir='ltr'><strong>propterea</strong></span> <span class='ocrx_word' id='word_1_343' title='bbox 2316 2300 2463 2369; x_wconf 81' lang='lat' dir='ltr'><strong>quod</strong></span> <span class='ocrx_word' id='word_1_344' title='bbox 2494 2301 2681 2371; x_wconf 88' lang='lat' dir='ltr'><strong>gavisa</strong></span> <span class='ocrx_word' id='word_1_345' title='bbox 2709 2310 2814 2369; x_wconf 90' lang='lat' dir='ltr'><strong>est,</strong></span> <span class='ocrx_word' id='word_1_346' title='bbox 2836 2304 3113 2372; x_wconf 87' lang='lat' dir='ltr'><strong>accipiens</strong></span> <span class='ocrx_word' id='word_1_347' title='bbox 3135 2302 3463 2357; x_wconf 77' lang='lat' dir='ltr'><strong>mirabiliter</strong></span> 
     </span>
    </p>
   </div>
   <div class='ocr_carea' id='block_1_50' title="bbox 1877 2390 3461 2451">
    <p class='ocr_par' dir='ltr' id='par_1_50' title="bbox 1877 2390 3461 2451">
     <span class='ocr_line' id='line_1_50' title="bbox 1877 2390 3461 2451; baseline 0.002 -5"><span class='ocrx_word' id='word_1_348' title='bbox 1877 2390 2106 2447; x_wconf 78' lang='lat' dir='ltr'><strong>fratrem</strong></span> <span class='ocrx_word' id='word_1_349' title='bbox 2136 2408 2205 2447; x_wconf 77' lang='lat' dir='ltr'><strong>ex</strong></span> <span class='ocrx_word' id='word_1_350' title='bbox 2230 2402 2447 2449; x_wconf 91' lang='lat' dir='ltr'><strong>mortuo</strong></span> <span class='ocrx_word' id='word_1_351' title='bbox 2481 2409 2622 2449; x_wconf 87' lang='lat' dir='ltr'><strong>nova</strong></span> <span class='ocrx_word' id='word_1_352' title='bbox 2671 2395 2783 2451; x_wconf 80' lang='lat' dir='ltr'><strong>vita</strong></span> <span class='ocrx_word' id='word_1_353' title='bbox 2816 2395 3013 2451; x_wconf 83' lang='lat' dir='ltr'><strong>mortis</strong></span> <span class='ocrx_word' id='word_1_354' title='bbox 3048 2396 3461 2451; x_wconf 84' lang='lat' dir='ltr'><strong>mortificationi</strong></span> 
     </span>
    </p>
   </div>
   <div class='ocr_carea' id='block_1_51' title="bbox 1880 2484 3459 2558">
    <p class='ocr_par' dir='ltr' id='par_1_51' title="bbox 1880 2484 3459 2558">
     <span class='ocr_line' id='line_1_51' title="bbox 1880 2484 3459 2558; baseline 0.001 -17"><span class='ocrx_word' id='word_1_355' title='bbox 1880 2484 2295 2555; x_wconf 71' lang='lat' dir='ltr'><strong>pmludentem,</strong></span> <span class='ocrx_word' id='word_1_356' title='bbox 2327 2495 2486 2558; x_wconf 87' lang='lat' dir='ltr'><strong>grato</strong></span> <span class='ocrx_word' id='word_1_357' title='bbox 2514 2488 2703 2543; x_wconf 89' lang='lat' dir='ltr'><strong>animo</strong></span> <span class='ocrx_word' id='word_1_358' title='bbox 2759 2488 3169 2545; x_wconf 84' lang='lat' dir='ltr'><strong>benefactorem</strong></span> <span class='ocrx_word' id='word_1_359' title='bbox 3223 2489 3413 2544; x_wconf 83' lang='lat' dir='ltr'><strong>habuit</strong></span> <span class='ocrx_word' id='word_1_360' title='bbox 3445 2506 3459 2553; x_wconf 91' lang='lat'><strong>;</strong></span> 
     </span>
    </p>
   </div>
   <div class='ocr_carea' id='block_1_52' title="bbox 1877 2579 3463 2651">
    <p class='ocr_par' dir='ltr' id='par_1_52' title="bbox 1877 2579 3463 2651">
     <span class='ocr_line' id='line_1_52' title="bbox 1877 2579 3463 2651; baseline -0.001 -16"><span class='ocrx_word' id='word_1_361' title='bbox 1877 2587 1933 2635; x_wconf 90' lang='lat' dir='ltr'><strong>et</strong></span> <span class='ocrx_word' id='word_1_362' title='bbox 1967 2594 2066 2648; x_wconf 92' lang='lat' dir='ltr'><strong>pro</strong></span> <span class='ocrx_word' id='word_1_363' title='bbox 2102 2579 2387 2635; x_wconf 78' lang='lat' dir='ltr'><strong>voluntate</strong></span> <span class='ocrx_word' id='word_1_364' title='bbox 2435 2589 2491 2635; x_wconf 93' lang='lat' dir='ltr'><strong>et</strong></span> <span class='ocrx_word' id='word_1_365' title='bbox 2538 2581 2783 2651; x_wconf 89' lang='lat' dir='ltr'><strong>potentia</strong></span> <span class='ocrx_word' id='word_1_366' title='bbox 2856 2581 3162 2637; x_wconf 90' lang='lat' dir='ltr'><strong>mercedem</strong></span> <span class='ocrx_word' id='word_1_367' title='bbox 3204 2582 3251 2637; x_wconf 89' lang='lat' dir='ltr'><strong>ei</strong></span> <span class='ocrx_word' id='word_1_368' title='bbox 3304 2580 3463 2635; x_wconf 73' lang='lat' dir='ltr'><strong>exhi-</strong></span> 
     </span>
    </p>
   </div>
   <div class='ocr_carea' id='block_1_53' title="bbox 1878 2672 3465 2746">
    <p class='ocr_par' dir='ltr' id='par_1_53' title="bbox 1878 2672 3465 2746">
     <span class='ocr_line' id='line_1_53' title="bbox 1878 2672 3465 2746; baseline 0 -18"><span class='ocrx_word' id='word_1_369' title='bbox 1878 2672 2017 2729; x_wconf 87' lang='lat' dir='ltr'><strong>buit.</strong></span> <span class='ocrx_word' id='word_1_370' title='bbox 2053 2673 2291 2729; x_wconf 81' lang='lat' dir='ltr'><strong>Aliunde</strong></span> <span class='ocrx_word' id='word_1_371' title='bbox 2343 2683 2397 2728; x_wconf 90' lang='lat' dir='ltr'><strong>et</strong></span> <span class='ocrx_word' id='word_1_372' title='bbox 2443 2674 2567 2729; x_wconf 65' lang='lat' dir='ltr'><strong>alia:</strong></span> <span class='ocrx_word' id='word_1_373' title='bbox 2603 2674 2935 2746; x_wconf 72' lang='lat' dir='ltr'><strong>imperfecta:</strong></span> <span class='ocrx_word' id='word_1_374' title='bbox 2980 2686 3159 2742; x_wconf 80' lang='lat' dir='ltr'><strong>erant,</strong></span> <span class='ocrx_word' id='word_1_375' title='bbox 3213 2686 3268 2731; x_wconf 86' lang='lat' dir='ltr'><strong>et</strong></span> <span class='ocrx_word' id='word_1_376' title='bbox 3330 2689 3465 2729; x_wconf 88' lang='lat' dir='ltr'><strong>sane</strong></span> 
     </span>
    </p>
   </div>
   <div class='ocr_carea' id='block_1_54' title="bbox 1879 2765 3467 2837">
    <p class='ocr_par' dir='ltr' id='par_1_54' title="bbox 1879 2765 3467 2837">
     <span class='ocr_line' id='line_1_54' title="bbox 1879 2765 3467 2837; baseline 0 -18"><span class='ocrx_word' id='word_1_377' title='bbox 1879 2765 2103 2835; x_wconf 86' lang='lat' dir='ltr'><strong>quidem</strong></span> <span class='ocrx_word' id='word_1_378' title='bbox 2129 2776 2479 2835; x_wconf 83' lang='lat' dir='ltr'><strong>peccatorum</strong></span> <span class='ocrx_word' id='word_1_379' title='bbox 2501 2768 2744 2837; x_wconf 86' lang='lat' dir='ltr'><strong>pondere</strong></span> <span class='ocrx_word' id='word_1_380' title='bbox 2762 2768 3153 2836; x_wconf 89' lang='lat' dir='ltr'><strong>premebantur</strong></span> <span class='ocrx_word' id='word_1_381' title='bbox 3184 2784 3198 2832; x_wconf 89' lang='lat'><strong>;</strong></span> <span class='ocrx_word' id='word_1_382' title='bbox 3230 2766 3467 2837; x_wconf 75' lang='lat' dir='ltr'><strong>egebant</strong></span> 
     </span>
    </p>
   </div>
   <div class='ocr_carea' id='block_1_55' title="bbox 1879 2854 3464 2928">
    <p class='ocr_par' dir='ltr' id='par_1_55' title="bbox 1879 2854 3464 2928">
     <span class='ocr_line' id='line_1_55' title="bbox 1879 2854 3464 2928; baseline -0.002 -17"><span class='ocrx_word' id='word_1_383' title='bbox 1879 2871 2010 2926; x_wconf 88' lang='lat' dir='ltr'><strong>ergo</strong></span> <span class='ocrx_word' id='word_1_384' title='bbox 2058 2856 2443 2912; x_wconf 87' lang='lat' dir='ltr'><strong>consolatione</strong></span> <span class='ocrx_word' id='word_1_385' title='bbox 2486 2858 2723 2927; x_wconf 75' lang='lat' dir='ltr'><strong>quadam</strong></span> <span class='ocrx_word' id='word_1_386' title='bbox 2776 2867 2832 2913; x_wconf 90' lang='lat' dir='ltr'><strong>et</strong></span> <span class='ocrx_word' id='word_1_387' title='bbox 2889 2856 3257 2928; x_wconf 87' lang='lat' dir='ltr'><strong>persuasione</strong></span> <span class='ocrx_word' id='word_1_388' title='bbox 3315 2854 3464 2924; x_wconf 89' lang='lat' dir='ltr'><strong>quod</strong></span> 
     </span>
    </p>
   </div>
   <div class='ocr_carea' id='block_1_56' title="bbox 1880 2945 3465 3017">
    <p class='ocr_par' dir='ltr' id='par_1_56' title="bbox 1880 2945 3465 3017">
     <span class='ocr_line' id='line_1_56' title="bbox 1880 2945 3465 3017; baseline -0.003 -16"><span class='ocrx_word' id='word_1_389' title='bbox 1880 2946 2121 3015; x_wconf 88' lang='lat' dir='ltr'><strong>ipsarum</strong></span> <span class='ocrx_word' id='word_1_390' title='bbox 2164 2946 2309 3001; x_wconf 90' lang='lat' dir='ltr'><strong>actio</strong></span> <span class='ocrx_word' id='word_1_391' title='bbox 2340 2955 2566 3017; x_wconf 90' lang='lat' dir='ltr'><strong>accepta</strong></span> <span class='ocrx_word' id='word_1_392' title='bbox 2595 2958 2761 3012; x_wconf 88' lang='lat' dir='ltr'><strong>esset,</strong></span> <span class='ocrx_word' id='word_1_393' title='bbox 2796 2955 2851 3003; x_wconf 93' lang='lat' dir='ltr'><strong>et</strong></span> <span class='ocrx_word' id='word_1_394' title='bbox 2881 2962 2978 3017; x_wconf 90' lang='lat' dir='ltr'><strong>spe</strong></span> <span class='ocrx_word' id='word_1_395' title='bbox 3016 2963 3115 3002; x_wconf 87' lang='lat' dir='ltr'><strong>sua</strong></span> <span class='ocrx_word' id='word_1_396' title='bbox 3145 2960 3255 3001; x_wconf 91' lang='lat' dir='ltr'><strong>non</strong></span> <span class='ocrx_word' id='word_1_397' title='bbox 3298 2945 3465 2999; x_wconf 93' lang='lat' dir='ltr'><strong>deci-</strong></span> 
     </span>
    </p>
   </div>
   <div class='ocr_carea' id='block_1_57' title="bbox 1884 3031 3466 3106">
    <p class='ocr_par' dir='ltr' id='par_1_57' title="bbox 1884 3031 3466 3106">
     <span class='ocr_line' id='line_1_57' title="bbox 1884 3031 3466 3106; baseline -0.001 -18"><span class='ocrx_word' id='word_1_398' title='bbox 1884 3035 2120 3105; x_wconf 89' lang='lat' dir='ltr'><strong>pientur.</strong></span> <span class='ocrx_word' id='word_1_399' title='bbox 2174 3035 2386 3090; x_wconf 86' lang='lat' dir='ltr'><strong>Idcirco</strong></span> <span class='ocrx_word' id='word_1_400' title='bbox 2445 3037 2663 3106; x_wconf 86' lang='lat' dir='ltr'><strong>generis</strong></span> <span class='ocrx_word' id='word_1_401' title='bbox 2720 3036 2896 3091; x_wconf 86' lang='lat' dir='ltr'><strong>nostri</strong></span> <span class='ocrx_word' id='word_1_402' title='bbox 2929 3034 3183 3090; x_wconf 88' lang='lat' dir='ltr'><strong>Salvator</strong></span> <span class='ocrx_word' id='word_1_403' title='bbox 3233 3031 3466 3104; x_wconf 81' lang='lat' dir='ltr'><strong>singulis</strong></span> 
     </span>
    </p>
   </div>
   <div class='ocr_carea' id='block_1_58' title="bbox 195 3120 1787 3221">
    <p class='ocr_par' dir='ltr' id='par_1_58' title="bbox 195 3120 1782 3191">
     <span class='ocr_line' id='line_1_58' title="bbox 195 3120 1782 3191; baseline -0.001 -16"><span class='ocrx_word' id='word_1_404' title='bbox 195 3121 438 3175; x_wconf 72' lang='grc' dir='ltr'><strong>ιλπίδων</strong></span> <span class='ocrx_word' id='word_1_405' title='bbox 463 3120 525 3174; x_wconf 83' lang='grc' dir='ltr'><strong>οὐ</strong></span> <span class='ocrx_word' id='word_1_406' title='bbox 550 3120 965 3191; x_wconf 78' lang='grc' dir='ltr'><strong>ψευσθήσονται·</strong></span> <span class='ocrx_word' id='word_1_407' title='bbox 1019 3121 1099 3174; x_wconf 86' lang='grc' dir='ltr'><strong>διὸ</strong></span> <span class='ocrx_word' id='word_1_408' title='bbox 1127 3121 1221 3175; x_wconf 77' lang='grc' dir='ltr'><strong>καὶ</strong></span> <span class='ocrx_word' id='word_1_409' title='bbox 1284 3120 1376 3174; x_wconf 78' lang='grc' dir='ltr'><strong>τοῦ</strong></span> <span class='ocrx_word' id='word_1_410' title='bbox 1410 3121 1599 3189; x_wconf 84' lang='grc' dir='ltr'><strong>γένους</strong></span> <span class='ocrx_word' id='word_1_411' title='bbox 1626 3120 1782 3191; x_wconf 78' lang='grc' dir='ltr'><strong>ἡμῶν</strong></span> 
     </span>
    </p>
   </div>
   <div class='ocr_carea' id='block_1_59' title="bbox 1888 3120 3467 3221">
    <p class='ocr_par' dir='ltr' id='par_1_59' title="bbox 1888 3128 3467 3199">
     <span class='ocr_line' id='line_1_59' title="bbox 1888 3128 3467 3199; baseline -0.003 -15"><span class='ocrx_word' id='word_1_412' title='bbox 1888 3138 1939 3184; x_wconf 90' lang='lat' dir='ltr'><strong>et</strong></span> <span class='ocrx_word' id='word_1_413' title='bbox 1962 3129 2179 3198; x_wconf 90' lang='lat' dir='ltr'><strong>proprie</strong></span> <span class='ocrx_word' id='word_1_414' title='bbox 2209 3129 2609 3199; x_wconf 86' lang='lat' dir='ltr'><strong>promissiones</strong></span> <span class='ocrx_word' id='word_1_415' title='bbox 2624 3130 2935 3185; x_wconf 87' lang='lat' dir='ltr'><strong>distribuit.</strong></span> <span class='ocrx_word' id='word_1_416' title='bbox 2964 3128 3097 3195; x_wconf 72' lang='lat' dir='ltr'><strong>Qua:</strong></span> <span class='ocrx_word' id='word_1_417' title='bbox 3136 3136 3319 3183; x_wconf 89' lang='lat' dir='ltr'><strong>autem</strong></span> <span class='ocrx_word' id='word_1_418' title='bbox 3347 3135 3467 3181; x_wconf 92' lang='lat' dir='ltr'><strong>erat</strong></span> 
     </span>
    </p>
   </div>
   <div class='ocr_carea' id='block_1_60' title="bbox 197 3210 1783 3287">
    <p class='ocr_par' dir='ltr' id='par_1_60' title="bbox 197 3210 1783 3287">
     <span class='ocr_line' id='line_1_60' title="bbox 197 3210 1783 3287; baseline -0.002 -21"><span class='ocrx_word' id='word_1_419' title='bbox 197 3214 231 3266; x_wconf 90' lang='lat'><strong>6</strong></span> <span class='ocrx_word' id='word_1_420' title='bbox 265 3212 461 3287; x_wconf 70' lang='grc' dir='ltr'><strong>Σωτὴρ</strong></span> <span class='ocrx_word' id='word_1_421' title='bbox 479 3211 827 3283; x_wconf 75' lang='grc' dir='ltr'><strong>καταλλήλως</strong></span> <span class='ocrx_word' id='word_1_422' title='bbox 848 3212 1037 3276; x_wconf 82' lang='grc' dir='ltr'><strong>αὑταῖς</strong></span> <span class='ocrx_word' id='word_1_423' title='bbox 1061 3211 1157 3265; x_wconf 69' lang='grc' dir='ltr'><strong>καὶ</strong></span> <span class='ocrx_word' id='word_1_424' title='bbox 1174 3210 1390 3275; x_wconf 78' lang='grc' dir='ltr'><strong>οἰκείως</strong></span> <span class='ocrx_word' id='word_1_425' title='bbox 1420 3211 1519 3273; x_wconf 70' lang='grc' dir='ltr'><strong>τὰς</strong></span> <span class='ocrx_word' id='word_1_426' title='bbox 1541 3212 1783 3279; x_wconf 67' lang='grc' dir='ltr'><strong>ἀπαγγε-</strong></span> 
     </span>
    </p>
   </div>
   <div class='ocr_carea' id='block_1_61' title="bbox 197 3302 1789 3374">
    <p class='ocr_par' dir='ltr' id='par_1_61' title="bbox 197 3302 1789 3374">
     <span class='ocr_line' id='line_1_61' title="bbox 197 3302 1789 3374; baseline -0.001 -18"><span class='ocrx_word' id='word_1_427' title='bbox 197 3304 332 3367; x_wconf 82' lang='grc' dir='ltr'><strong>λίας</strong></span> <span class='ocrx_word' id='word_1_428' title='bbox 392 3303 800 3374; x_wconf 82' lang='grc' dir='ltr'><strong>διενείματο·-ή</strong></span> <span class='ocrx_word' id='word_1_429' title='bbox 830 3302 887 3356; x_wconf 73' lang='grc' dir='ltr'><strong>δὲ</strong></span> <span class='ocrx_word' id='word_1_430' title='bbox 934 3302 1247 3373; x_wconf 80' lang='grc' dir='ltr'><strong>τελειοτέρα</strong></span> <span class='ocrx_word' id='word_1_431' title='bbox 1296 3320 1355 3355; x_wconf 90' lang='grc' dir='ltr'><strong>τε</strong></span> <span class='ocrx_word' id='word_1_432' title='bbox 1408 3302 1645 3373; x_wconf 80' lang='grc' dir='ltr'><strong>ὑπῆρχε,</strong></span> <span class='ocrx_word' id='word_1_433' title='bbox 1693 3304 1789 3357; x_wconf 77' lang='grc' dir='ltr'><strong>καὶ</strong></span> 
     </span>
    </p>
   </div>
   <div class='ocr_carea' id='block_1_62' title="bbox 198 3393 1789 3466">
    <p class='ocr_par' dir='ltr' id='par_1_62' title="bbox 198 3393 1789 3466">
     <span class='ocr_line' id='line_1_62' title="bbox 198 3393 1789 3466; baseline -0.002 -16"><span class='ocrx_word' id='word_1_434' title='bbox 198 3395 307 3450; x_wconf 78' lang='grc' dir='ltr'><strong>τοῦ</strong></span> <span class='ocrx_word' id='word_1_435' title='bbox 368 3394 676 3465; x_wconf 73' lang='grc' dir='ltr'><strong>παραδόξου</strong></span> <span class='ocrx_word' id='word_1_436' title='bbox 734 3394 1009 3466; x_wconf 79' lang='grc' dir='ltr'><strong>θεάματος</strong></span> <span class='ocrx_word' id='word_1_437' title='bbox 1068 3393 1149 3447; x_wconf 67' lang='grc' dir='ltr'><strong>ἔτι</strong></span> <span class='ocrx_word' id='word_1_438' title='bbox 1210 3394 1301 3449; x_wconf 79' lang='grc' dir='ltr'><strong>διά</strong></span> <span class='ocrx_word' id='word_1_439' title='bbox 1362 3394 1469 3447; x_wconf 81' lang='grc' dir='ltr'><strong>τῶν</strong></span> <span class='ocrx_word' id='word_1_440' title='bbox 1521 3394 1789 3465; x_wconf 64' lang='grc' dir='ltr'><strong>ὀμμάτων</strong></span> 
     </span>
    </p>
   </div>
   <div class='ocr_carea' id='block_1_63' title="bbox 200 3486 1785 3558">
    <p class='ocr_par' dir='ltr' id='par_1_63' title="bbox 200 3486 1785 3558">
     <span class='ocr_line' id='line_1_63' title="bbox 200 3486 1785 3558; baseline -0.001 -16"><span class='ocrx_word' id='word_1_441' title='bbox 200 3488 487 3558; x_wconf 84' lang='grc' dir='ltr'><strong>ἀπήλαυε,</strong></span> <span class='ocrx_word' id='word_1_442' title='bbox 510 3486 603 3541; x_wconf 69' lang='grc' dir='ltr'><strong>καὶ</strong></span> <span class='ocrx_word' id='word_1_443' title='bbox 625 3488 728 3541; x_wconf 83' lang='grc' dir='ltr'><strong>οὐκ</strong></span> <span class='ocrx_word' id='word_1_444' title='bbox 755 3488 924 3542; x_wconf 73' lang='grc' dir='ltr'><strong>εδείτο</strong></span> <span class='ocrx_word' id='word_1_445' title='bbox 945 3487 1079 3551; x_wconf 90' lang='grc' dir='ltr'><strong>τέως</strong></span> <span class='ocrx_word' id='word_1_446' title='bbox 1115 3487 1466 3558; x_wconf 80' lang='grc' dir='ltr'><strong>ὑποσχέσεων</strong></span> <span class='ocrx_word' id='word_1_447' title='bbox 1498 3487 1785 3557; x_wconf 67' lang='grc' dir='ltr'><strong>μειζόνων*</strong></span> 
     </span>
    </p>
   </div>
   <div class='ocr_carea' id='block_1_64' title="bbox 202 3577 1789 3650">
    <p class='ocr_par' dir='ltr' id='par_1_64' title="bbox 202 3577 1789 3650">
     <span class='ocr_line' id='line_1_64' title="bbox 202 3577 1789 3650; baseline -0.001 -19"><span class='ocrx_word' id='word_1_448' title='bbox 202 3579 439 3648; x_wconf 71' lang='grc' dir='ltr'><strong>ἠρκεῖτο</strong></span> <span class='ocrx_word' id='word_1_449' title='bbox 471 3577 530 3631; x_wconf 74' lang='grc' dir='ltr'><strong>δδ</strong></span> <span class='ocrx_word' id='word_1_450' title='bbox 566 3578 645 3647; x_wconf 83' lang='grc' dir='ltr'><strong>τῷ</strong></span> <span class='ocrx_word' id='word_1_451' title='bbox 678 3595 740 3632; x_wconf 88' lang='grc' dir='ltr'><strong>τε</strong></span> <span class='ocrx_word' id='word_1_452' title='bbox 787 3578 1076 3650; x_wconf 74' lang='grc' dir='ltr'><strong>παραδόξῳ</strong></span> <span class='ocrx_word' id='word_1_453' title='bbox 1135 3577 1369 3649; x_wconf 85' lang='grc' dir='ltr'><strong>θεάματι</strong></span> <span class='ocrx_word' id='word_1_454' title='bbox 1420 3578 1517 3631; x_wconf 79' lang='grc' dir='ltr'><strong>καὶ</strong></span> <span class='ocrx_word' id='word_1_455' title='bbox 1540 3581 1608 3650; x_wconf 83' lang='grc' dir='ltr'><strong>τῇ</strong></span> <span class='ocrx_word' id='word_1_456' title='bbox 1635 3581 1789 3649; x_wconf 71' lang='grc' dir='ltr'><strong>κοινῇ</strong></span> 
     </span>
    </p>
   </div>
   <div class='ocr_carea' id='block_1_65' title="bbox 207 3671 1791 3744">
    <p class='ocr_par' dir='ltr' id='par_1_65' title="bbox 207 3671 1791 3744">
     <span class='ocr_line' id='line_1_65' title="bbox 207 3671 1791 3744; baseline 0.002 -20"><span class='ocrx_word' id='word_1_457' title='bbox 207 3673 356 3742; x_wconf 77' lang='grc' dir='ltr'><strong>πρὸς</strong></span> <span class='ocrx_word' id='word_1_458' title='bbox 412 3672 621 3736; x_wconf 78' lang='grc' dir='ltr'><strong>πάντας</strong></span> <span class='ocrx_word' id='word_1_459' title='bbox 676 3672 803 3737; x_wconf 76' lang='grc' dir='ltr'><strong>τοὺς</strong></span> <span class='ocrx_word' id='word_1_460' title='bbox 852 3672 1291 3736; x_wconf 84' lang='grc' dir='ltr'><strong>πεπιστευκότας</strong></span> <span class='ocrx_word' id='word_1_461' title='bbox 1338 3671 1644 3744; x_wconf 63' lang='grc' dir='ltr'><strong>ἐπαγγελίᾳ</strong></span> <span class='ocrx_word' id='word_1_462' title='bbox 1695 3673 1791 3727; x_wconf 76' lang='grc' dir='ltr'><strong>τοῦ</strong></span> 
     </span>
    </p>
   </div>
   <div class='ocr_carea' id='block_1_66' title="bbox 207 3763 1791 3835">
    <p class='ocr_par' dir='ltr' id='par_1_66' title="bbox 207 3763 1791 3835">
     <span class='ocr_line' id='line_1_66' title="bbox 207 3763 1791 3835; baseline 0 -18"><span class='ocrx_word' id='word_1_463' title='bbox 207 3764 512 3829; x_wconf 79' lang='grc' dir='ltr'><strong>Δεσπότου,</strong></span> <span class='ocrx_word' id='word_1_464' title='bbox 568 3764 650 3817; x_wconf 79' lang='grc' dir='ltr'><strong>ὃτι</strong></span> <span class='ocrx_word' id='word_1_465' title='bbox 680 3765 708 3817; x_wconf 90' lang='lat'><strong>6</strong></span> <span class='ocrx_word' id='word_1_466' title='bbox 736 3764 1008 3817; x_wconf 89' lang='grc' dir='ltr'><strong>πιστεύων</strong></span> <span class='ocrx_word' id='word_1_467' title='bbox 1058 3765 1138 3828; x_wconf 86' lang='grc' dir='ltr'><strong>εἰς</strong></span> <span class='ocrx_word' id='word_1_468' title='bbox 1201 3763 1387 3829; x_wconf 75' lang='grc' dir='ltr'><strong>αὑτὸν,</strong></span> <span class='ocrx_word' id='word_1_469' title='bbox 1426 3763 1529 3835; x_wconf 82' lang='grc' dir='ltr'><strong>τῆς</strong></span> <span class='ocrx_word' id='word_1_470' title='bbox 1568 3765 1791 3818; x_wconf 76' lang='grc' dir='ltr'><strong>αἰωνίου</strong></span> 
     </span>
    </p>
   </div>
   <div class='ocr_carea' id='block_1_67' title="bbox 208 3854 1299 3928">
    <p class='ocr_par' dir='ltr' id='par_1_67' title="bbox 208 3854 1299 3928">
     <span class='ocr_line' id='line_1_67' title="bbox 208 3854 1299 3928; baseline -0.001 -17"><span class='ocrx_word' id='word_1_471' title='bbox 208 3855 365 3926; x_wconf 82' lang='grc' dir='ltr'><strong>ζωῆς</strong></span> <span class='ocrx_word' id='word_1_472' title='bbox 415 3856 509 3909; x_wconf 79' lang='grc' dir='ltr'><strong>τὸν</strong></span> <span class='ocrx_word' id='word_1_473' title='bbox 546 3855 748 3926; x_wconf 82' lang='grc' dir='ltr'><strong>κλῆρον</strong></span> <span class='ocrx_word' id='word_1_474' title='bbox 778 3856 1140 3928; x_wconf 88' lang='grc' dir='ltr'><strong>ἀναφαίρετον</strong></span> <span class='ocrx_word' id='word_1_475' title='bbox 1164 3854 1299 3922; x_wconf 66' lang='lat' dir='ltr'><strong>65st.-</strong></span> 
     </span>
    </p>
   </div>
   <div class='ocr_carea' id='block_1_68' title="bbox 282 3944 1795 4019">
    <p class='ocr_par' dir='ltr' id='par_1_68' title="bbox 282 3944 1795 4019">
     <span class='ocr_line' id='line_1_68' title="bbox 282 3944 1795 4019; baseline 0.002 -20"><span class='ocrx_word' id='word_1_476' title='bbox 282 3946 386 4001; x_wconf 76' lang='grc' dir='ltr'><strong>Διά</strong></span> <span class='ocrx_word' id='word_1_477' title='bbox 414 3944 469 3999; x_wconf 88' lang='grc' dir='ltr'><strong>τί</strong></span> <span class='ocrx_word' id='word_1_478' title='bbox 498 3946 555 3999; x_wconf 74' lang='grc' dir='ltr'><strong>δδ</strong></span> <span class='ocrx_word' id='word_1_479' title='bbox 585 3947 677 4000; x_wconf 69' lang='grc' dir='ltr'><strong>επὶ</strong></span> <span class='ocrx_word' id='word_1_480' title='bbox 713 3947 812 4016; x_wconf 73' lang='grc' dir='ltr'><strong>μὶν</strong></span> <span class='ocrx_word' id='word_1_481' title='bbox 835 3945 935 4017; x_wconf 82' lang='grc' dir='ltr'><strong>τῆς</strong></span> <span class='ocrx_word' id='word_1_482' title='bbox 987 3947 1143 4018; x_wconf 82' lang='grc' dir='ltr'><strong>παρά</strong></span> <span class='ocrx_word' id='word_1_483' title='bbox 1189 3946 1270 4019; x_wconf 81' lang='grc' dir='ltr'><strong>τῷ</strong></span> <span class='ocrx_word' id='word_1_484' title='bbox 1300 3947 1484 4018; x_wconf 77' lang='grc' dir='ltr'><strong>Λουκᾷ</strong></span> <span class='ocrx_word' id='word_1_485' title='bbox 1528 3948 1795 4016; x_wconf 78' lang='grc' dir='ltr'><strong>γυναικὸς</strong></span> 
     </span>
    </p>
   </div>
   <div class='ocr_carea' id='block_1_69' title="bbox 205 4038 1796 4111">
    <p class='ocr_par' dir='ltr' id='par_1_69' title="bbox 205 4038 1796 4111">
     <span class='ocr_line' id='line_1_69' title="bbox 205 4038 1796 4111; baseline 0.002 -19"><span class='ocrx_word' id='word_1_486' title='bbox 205 4039 390 4103; x_wconf 71' lang='grc' dir='ltr'><strong>οὐδεὶς</strong></span> <span class='ocrx_word' id='word_1_487' title='bbox 434 4038 543 4093; x_wconf 83' lang='grc' dir='ltr'><strong>τῶν</strong></span> <span class='ocrx_word' id='word_1_488' title='bbox 595 4039 851 4109; x_wconf 80' lang='grc' dir='ltr'><strong>μαθητῶν</strong></span> <span class='ocrx_word' id='word_1_489' title='bbox 900 4039 1023 4094; x_wconf 75' lang='grc' dir='ltr'><strong>ούδὶ</strong></span> <span class='ocrx_word' id='word_1_490' title='bbox 1045 4041 1073 4093; x_wconf 92' lang='lat'><strong>6</strong></span> <span class='ocrx_word' id='word_1_491' title='bbox 1115 4039 1319 4104; x_wconf 78' lang='grc' dir='ltr'><strong>Ἰούδας</strong></span> <span class='ocrx_word' id='word_1_492' title='bbox 1352 4042 1671 4111; x_wconf 78' lang='grc' dir='ltr'><strong>ἀγανακτεῖ,</strong></span> <span class='ocrx_word' id='word_1_493' title='bbox 1704 4043 1796 4095; x_wconf 71' lang='grc' dir='ltr'><strong>ἐπὶ</strong></span> 
     </span>
    </p>
   </div>
   <div class='ocr_carea' id='block_1_70' title="bbox 209 4114 1796 4203">
    <p class='ocr_par' dir='ltr' id='par_1_70' title="bbox 209 4114 1796 4203">
     <span class='ocr_line' id='line_1_70' title="bbox 209 4114 1796 4203; baseline 0.012 -22"><span class='ocrx_word' id='word_1_494' title='bbox 209 4130 315 4197; x_wconf 82' lang='grc' dir='ltr'><strong>τῆς</strong></span> <span class='ocrx_word' id='word_1_495' title='bbox 367 4127 464 4182; x_wconf 82' lang='grc' dir='ltr'><strong>τοῦ</strong></span> <span class='ocrx_word' id='word_1_496' title='bbox 522 4114 777 4199; x_wconf 87' lang='grc' dir='ltr'><strong>Λαζάρου</strong></span> <span class='ocrx_word' id='word_1_497' title='bbox 817 4129 980 4200; x_wconf 86' lang='grc' dir='ltr'><strong>μόνος</strong></span> <span class='ocrx_word' id='word_1_498' title='bbox 1022 4132 1051 4184; x_wconf 90' lang='lat'><strong>6</strong></span> <span class='ocrx_word' id='word_1_499' title='bbox 1092 4130 1394 4203; x_wconf 72' lang='grc' dir='ltr'><strong>προδότηςς</strong></span> <span class='ocrx_word' id='word_1_500' title='bbox 1450 4132 1543 4185; x_wconf 62' lang='grc' dir='ltr'><strong>ἐπὶ</strong></span> <span class='ocrx_word' id='word_1_501' title='bbox 1586 4133 1643 4186; x_wconf 59' lang='grc' dir='ltr'><strong>δὲ</strong></span> <span class='ocrx_word' id='word_1_502' title='bbox 1694 4132 1796 4202; x_wconf 70' lang='grc' dir='ltr'><strong>τῆς</strong></span> 
     </span>
    </p>
   </div>
   <div class='ocr_carea' id='block_1_71' title="bbox 208 4217 1797 4291">
    <p class='ocr_par' dir='ltr' id='par_1_71' title="bbox 208 4217 1797 4291">
     <span class='ocr_line' id='line_1_71' title="bbox 208 4217 1797 4291; baseline 0 -18"><span class='ocrx_word' id='word_1_503' title='bbox 208 4219 445 4291; x_wconf 65' lang='grc' dir='ltr'><strong>⁴ιιιυόρνης,</strong></span> <span class='ocrx_word' id='word_1_504' title='bbox 477 4217 589 4272; x_wconf 84' lang='grc' dir='ltr'><strong>τῶν</strong></span> <span class='ocrx_word' id='word_1_505' title='bbox 620 4218 878 4289; x_wconf 81' lang='grc' dir='ltr'><strong>μαθητῶν</strong></span> <span class='ocrx_word' id='word_1_506' title='bbox 919 4220 1017 4272; x_wconf 80' lang='grc' dir='ltr'><strong>οὐκ</strong></span> <span class='ocrx_word' id='word_1_507' title='bbox 1050 4218 1260 4286; x_wconf 71' lang='grc' dir='ltr'><strong>ὀλίγοις</strong></span> <span class='ocrx_word' id='word_1_508' title='bbox 1296 4220 1329 4291; x_wconf 76' lang='grc' dir='ltr'>ἢ</span> <span class='ocrx_word' id='word_1_509' title='bbox 1356 4220 1443 4275; x_wconf 88' lang='grc' dir='ltr'><strong>διά</strong></span> <span class='ocrx_word' id='word_1_510' title='bbox 1502 4220 1659 4275; x_wconf 80' lang='grc' dir='ltr'><strong>τοῦτο</strong></span> <span class='ocrx_word' id='word_1_511' title='bbox 1687 4222 1797 4274; x_wconf 86' lang='grc' dir='ltr'><strong>τῶν</strong></span> 
     </span>
    </p>
   </div>
   <div class='ocr_carea' id='block_1_72' title="bbox 211 4307 1797 4383">
    <p class='ocr_par' dir='ltr' id='par_1_72' title="bbox 211 4307 1797 4383">
     <span class='ocr_line' id='line_1_72' title="bbox 211 4307 1797 4383; baseline 0.001 -20"><span class='ocrx_word' id='word_1_512' title='bbox 211 4309 481 4380; x_wconf 82' lang='grc' dir='ltr'><strong>μαθητῶν</strong></span> <span class='ocrx_word' id='word_1_513' title='bbox 522 4309 696 4373; x_wconf 75' lang='grc' dir='ltr'><strong>οὐδεὶς</strong></span> <span class='ocrx_word' id='word_1_514' title='bbox 745 4310 836 4363; x_wconf 70' lang='grc' dir='ltr'><strong>επὶ</strong></span> <span class='ocrx_word' id='word_1_515' title='bbox 876 4312 941 4381; x_wconf 75' lang='grc' dir='ltr'><strong>τῇ</strong></span> <span class='ocrx_word' id='word_1_516' title='bbox 1005 4307 1235 4382; x_wconf 79' lang='grc' dir='ltr'><strong>πρώτη,</strong></span> <span class='ocrx_word' id='word_1_517' title='bbox 1290 4310 1413 4364; x_wconf 67' lang='grc' dir='ltr'><strong>οὐδὲ</strong></span> <span class='ocrx_word' id='word_1_518' title='bbox 1462 4313 1491 4364; x_wconf 89' lang='lat'><strong>6</strong></span> <span class='ocrx_word' id='word_1_519' title='bbox 1534 4312 1797 4383; x_wconf 85' lang='grc' dir='ltr'><strong>προδότης</strong></span> 
     </span>
    </p>
   </div>
   <div class='ocr_carea' id='block_1_73' title="bbox 207 4398 1793 4472">
    <p class='ocr_par' dir='ltr' id='par_1_73' title="bbox 207 4398 1793 4472">
     <span class='ocr_line' id='line_1_73' title="bbox 207 4398 1793 4472; baseline 0.001 -17"><span class='ocrx_word' id='word_1_520' title='bbox 207 4401 539 4467; x_wconf 79' lang='grc' dir='ltr'><strong>ἀγανακτεῖ,</strong></span> <span class='ocrx_word' id='word_1_521' title='bbox 594 4399 729 4453; x_wconf 93' lang='grc' dir='ltr'><strong>διότι</strong></span> <span class='ocrx_word' id='word_1_522' title='bbox 761 4400 789 4453; x_wconf 95' lang='lat'><strong>6</strong></span> <span class='ocrx_word' id='word_1_523' title='bbox 823 4401 919 4471; x_wconf 70' lang='grc' dir='ltr'><strong>μιν</strong></span> <span class='ocrx_word' id='word_1_524' title='bbox 965 4400 1167 4464; x_wconf 84' lang='grc' dir='ltr'><strong>Ἰούδας</strong></span> <span class='ocrx_word' id='word_1_525' title='bbox 1196 4400 1351 4455; x_wconf 78' lang='grc' dir='ltr'><strong>οὔπω</strong></span> <span class='ocrx_word' id='word_1_526' title='bbox 1371 4398 1439 4472; x_wconf 76' lang='grc' dir='ltr'><strong>ἦν</strong></span> <span class='ocrx_word' id='word_1_527' title='bbox 1472 4402 1614 4456; x_wconf 87' lang='grc' dir='ltr'><strong>κατά</strong></span> <span class='ocrx_word' id='word_1_528' title='bbox 1653 4404 1793 4472; x_wconf 88' lang='grc' dir='ltr'><strong>κρά-</strong></span> 
     </span>
    </p>
   </div>
   <div class='ocr_carea' id='block_1_74' title="bbox 1890 3216 3467 3291">
    <p class='ocr_par' dir='ltr' id='par_1_74' title="bbox 1890 3216 3467 3291">
     <span class='ocr_line' id='line_1_74' title="bbox 1890 3216 3467 3291; baseline -0.001 -18"><span class='ocrx_word' id='word_1_529' title='bbox 1890 3217 2188 3291; x_wconf 90' lang='lat' dir='ltr'><strong>perfectior</strong></span> <span class='ocrx_word' id='word_1_530' title='bbox 2221 3227 2275 3274; x_wconf 89' lang='lat' dir='ltr'><strong>et</strong></span> <span class='ocrx_word' id='word_1_531' title='bbox 2296 3220 2531 3274; x_wconf 89' lang='lat' dir='ltr'><strong>mirabili</strong></span> <span class='ocrx_word' id='word_1_532' title='bbox 2569 3220 2884 3288; x_wconf 84' lang='lat' dir='ltr'><strong>spectaculo</strong></span> <span class='ocrx_word' id='word_1_533' title='bbox 2910 3219 3089 3273; x_wconf 90' lang='lat' dir='ltr'><strong>adhuc</strong></span> <span class='ocrx_word' id='word_1_534' title='bbox 3111 3217 3284 3273; x_wconf 80' lang='lat' dir='ltr'><strong>oculis</strong></span> <span class='ocrx_word' id='word_1_535' title='bbox 3302 3216 3467 3271; x_wconf 80' lang='lat' dir='ltr'><strong>fruita</strong></span> 
     </span>
    </p>
   </div>
   <div class='ocr_carea' id='block_1_75' title="bbox 1889 3304 3470 3378">
    <p class='ocr_par' dir='ltr' id='par_1_75' title="bbox 1889 3304 3470 3378">
     <span class='ocr_line' id='line_1_75' title="bbox 1889 3304 3470 3378; baseline -0.003 -15"><span class='ocrx_word' id='word_1_536' title='bbox 1889 3315 2029 3373; x_wconf 88' lang='lat' dir='ltr'><strong>erat,</strong></span> <span class='ocrx_word' id='word_1_537' title='bbox 2066 3323 2166 3363; x_wconf 90' lang='lat' dir='ltr'><strong>nec</strong></span> <span class='ocrx_word' id='word_1_538' title='bbox 2220 3308 2522 3377; x_wconf 81' lang='lat' dir='ltr'><strong>majoribus</strong></span> <span class='ocrx_word' id='word_1_539' title='bbox 2569 3309 3031 3378; x_wconf 87' lang='lat' dir='ltr'><strong>promissiouibus</strong></span> <span class='ocrx_word' id='word_1_540' title='bbox 3084 3308 3323 3378; x_wconf 86' lang='lat' dir='ltr'><strong>egebat;</strong></span> <span class='ocrx_word' id='word_1_541' title='bbox 3365 3304 3470 3359; x_wconf 91' lang='lat' dir='ltr'><strong>mi-</strong></span> 
     </span>
    </p>
   </div>
   <div class='ocr_carea' id='block_1_76' title="bbox 1891 3398 3470 3470">
    <p class='ocr_par' dir='ltr' id='par_1_76' title="bbox 1891 3398 3470 3470">
     <span class='ocr_line' id='line_1_76' title="bbox 1891 3398 3470 3470; baseline -0.003 -15"><span class='ocrx_word' id='word_1_542' title='bbox 1891 3400 2049 3455; x_wconf 88' lang='lat' dir='ltr'><strong>rabili</strong></span> <span class='ocrx_word' id='word_1_543' title='bbox 2081 3408 2265 3455; x_wconf 89' lang='lat' dir='ltr'><strong>autem</strong></span> <span class='ocrx_word' id='word_1_544' title='bbox 2303 3400 2409 3454; x_wconf 83' lang='lat' dir='ltr'><strong>hoc</strong></span> <span class='ocrx_word' id='word_1_545' title='bbox 2435 3401 2748 3470; x_wconf 90' lang='lat' dir='ltr'><strong>spectaculo</strong></span> <span class='ocrx_word' id='word_1_546' title='bbox 2788 3408 2843 3455; x_wconf 90' lang='lat' dir='ltr'><strong>et</strong></span> <span class='ocrx_word' id='word_1_547' title='bbox 2873 3400 3155 3454; x_wconf 89' lang='lat' dir='ltr'><strong>communi</strong></span> <span class='ocrx_word' id='word_1_548' title='bbox 3176 3398 3242 3451; x_wconf 87' lang='lat' dir='ltr'><strong>ad</strong></span> <span class='ocrx_word' id='word_1_549' title='bbox 3273 3411 3470 3452; x_wconf 90' lang='lat' dir='ltr'><strong>omnes</strong></span> 
     </span>
    </p>
   </div>
   <div class='ocr_carea' id='block_1_77' title="bbox 1892 3488 3473 3559">
    <p class='ocr_par' dir='ltr' id='par_1_77' title="bbox 1892 3488 3473 3559">
     <span class='ocr_line' id='line_1_77' title="bbox 1892 3488 3473 3559; baseline -0.003 -14"><span class='ocrx_word' id='word_1_550' title='bbox 1892 3489 2081 3546; x_wconf 85' lang='lat' dir='ltr'><strong>fideles</strong></span> <span class='ocrx_word' id='word_1_551' title='bbox 2120 3488 2341 3544; x_wconf 80' lang='lat' dir='ltr'><strong>Domini</strong></span> <span class='ocrx_word' id='word_1_552' title='bbox 2370 3490 2741 3559; x_wconf 88' lang='lat' dir='ltr'><strong>promissione</strong></span> <span class='ocrx_word' id='word_1_553' title='bbox 2780 3499 3038 3546; x_wconf 89' lang='lat' dir='ltr'><strong>contenta</strong></span> <span class='ocrx_word' id='word_1_554' title='bbox 3092 3496 3233 3551; x_wconf 89' lang='lat' dir='ltr'><strong>erat,</strong></span> <span class='ocrx_word' id='word_1_555' title='bbox 3276 3501 3473 3554; x_wconf 81' lang='lat' dir='ltr'><strong>nempe</strong></span> 
     </span>
    </p>
   </div>
   <div class='ocr_carea' id='block_1_78' title="bbox 1892 3578 3469 3652">
    <p class='ocr_par' dir='ltr' id='par_1_78' title="bbox 1892 3578 3469 3652">
     <span class='ocr_line' id='line_1_78' title="bbox 1892 3578 3469 3652; baseline -0.003 -14"><span class='ocrx_word' id='word_1_556' title='bbox 1892 3597 2015 3639; x_wconf 91' lang='lat' dir='ltr'><strong>eum</strong></span> <span class='ocrx_word' id='word_1_557' title='bbox 2044 3582 2137 3652; x_wconf 93' lang='lat' dir='ltr'><strong>qui</strong></span> <span class='ocrx_word' id='word_1_558' title='bbox 2175 3582 2353 3637; x_wconf 92' lang='lat' dir='ltr'><strong>credit</strong></span> <span class='ocrx_word' id='word_1_559' title='bbox 2378 3583 2433 3635; x_wconf 93' lang='lat' dir='ltr'><strong>in</strong></span> <span class='ocrx_word' id='word_1_560' title='bbox 2460 3582 2663 3652; x_wconf 87' lang='lat' dir='ltr'><strong>ipsum,</strong></span> <span class='ocrx_word' id='word_1_561' title='bbox 2693 3582 2819 3637; x_wconf 71' lang='lat' dir='ltr'><strong>vita:</strong></span> <span class='ocrx_word' id='word_1_562' title='bbox 2848 3592 3070 3638; x_wconf 70' lang='lat' dir='ltr'><strong>aeterna:</strong></span> <span class='ocrx_word' id='word_1_563' title='bbox 3088 3578 3469 3637; x_wconf 69' lang='lat' dir='ltr'><strong>haereditatem</strong></span> 
     </span>
    </p>
   </div>
   <div class='ocr_carea' id='block_1_79' title="bbox 1894 3674 2899 3730">
    <p class='ocr_par' dir='ltr' id='par_1_79' title="bbox 1894 3674 2899 3730">
     <span class='ocr_line' id='line_1_79' title="bbox 1894 3674 2899 3730; baseline -0.001 -1"><span class='ocrx_word' id='word_1_564' title='bbox 1894 3690 2002 3730; x_wconf 91' lang='lat' dir='ltr'><strong>non</strong></span> <span class='ocrx_word' id='word_1_565' title='bbox 2021 3674 2370 3730; x_wconf 79' lang='lat' dir='ltr'><strong>auferiliilem</strong></span> <span class='ocrx_word' id='word_1_566' title='bbox 2410 3674 2732 3730; x_wconf 84' lang='lat' dir='ltr'><strong>habiturum</strong></span> <span class='ocrx_word' id='word_1_567' title='bbox 2756 3690 2899 3730; x_wconf 89' lang='lat' dir='ltr'><strong>esse.</strong></span> 
     </span>
    </p>
   </div>
   <div class='ocr_carea' id='block_1_80' title="bbox 1966 3938 3471 4010">
    <p class='ocr_par' dir='ltr' id='par_1_80' title="bbox 1966 3938 3471 4010">
     <span class='ocr_line' id='line_1_80' title="bbox 1966 3938 3471 4010; baseline 0.001 -16"><span class='ocrx_word' id='word_1_568' title='bbox 1966 3939 2149 4007; x_wconf 84' lang='lat' dir='ltr'><strong>Quare</strong></span> <span class='ocrx_word' id='word_1_569' title='bbox 2180 3948 2360 3995; x_wconf 89' lang='lat' dir='ltr'><strong>autem</strong></span> <span class='ocrx_word' id='word_1_570' title='bbox 2389 3948 2583 3995; x_wconf 89' lang='lat' dir='ltr'><strong>contra</strong></span> <span class='ocrx_word' id='word_1_571' title='bbox 2606 3953 2725 3995; x_wconf 90' lang='lat' dir='ltr'><strong>eam</strong></span> <span class='ocrx_word' id='word_1_572' title='bbox 2747 3954 2868 4009; x_wconf 76' lang='lat' dir='ltr'><strong>quae</strong></span> <span class='ocrx_word' id='word_1_573' title='bbox 2890 3939 3032 4010; x_wconf 88' lang='lat' dir='ltr'><strong>apud</strong></span> <span class='ocrx_word' id='word_1_574' title='bbox 3060 3938 3260 3996; x_wconf 89' lang='lat' dir='ltr'><strong>Lucam</strong></span> <span class='ocrx_word' id='word_1_575' title='bbox 3280 3948 3366 3995; x_wconf 90' lang='lat' dir='ltr'><strong>est</strong></span> <span class='ocrx_word' id='word_1_576' title='bbox 3396 3938 3471 3996; x_wconf 90' lang='lat' dir='ltr'><strong>fe-</strong></span> 
     </span>
    </p>
   </div>
   <div class='ocr_carea' id='block_1_81' title="bbox 1898 4031 3473 4103">
    <p class='ocr_par' dir='ltr' id='par_1_81' title="bbox 1898 4031 3473 4103">
     <span class='ocr_line' id='line_1_81' title="bbox 1898 4031 3473 4103; baseline -0.001 -17"><span class='ocrx_word' id='word_1_577' title='bbox 1898 4033 2102 4087; x_wconf 92' lang='lat' dir='ltr'><strong>minam</strong></span> <span class='ocrx_word' id='word_1_578' title='bbox 2139 4032 2327 4087; x_wconf 90' lang='lat' dir='ltr'><strong>uullus</strong></span> <span class='ocrx_word' id='word_1_579' title='bbox 2359 4032 2758 4102; x_wconf 88' lang='lat' dir='ltr'><strong>discipulorum</strong></span> <span class='ocrx_word' id='word_1_580' title='bbox 2804 4047 2979 4102; x_wconf 87' lang='lat' dir='ltr'><strong>neque</strong></span> <span class='ocrx_word' id='word_1_581' title='bbox 3031 4032 3148 4103; x_wconf 90' lang='lat' dir='ltr'><strong>ipse</strong></span> <span class='ocrx_word' id='word_1_582' title='bbox 3181 4031 3353 4087; x_wconf 81' lang='lat' dir='ltr'><strong>Judas</strong></span> <span class='ocrx_word' id='word_1_583' title='bbox 3387 4032 3473 4085; x_wconf 88' lang='lat' dir='ltr'><strong>in-</strong></span> 
     </span>
    </p>
   </div>
   <div class='ocr_carea' id='block_1_82' title="bbox 1898 4123 3476 4196">
    <p class='ocr_par' dir='ltr' id='par_1_82' title="bbox 1898 4123 3476 4196">
     <span class='ocr_line' id='line_1_82' title="bbox 1898 4123 3476 4196; baseline -0.003 -16"><span class='ocrx_word' id='word_1_584' title='bbox 1898 4126 2176 4196; x_wconf 82' lang='lat' dir='ltr'><strong>dignatur,</strong></span> <span class='ocrx_word' id='word_1_585' title='bbox 2212 4134 2400 4180; x_wconf 91' lang='lat' dir='ltr'><strong>contra</strong></span> <span class='ocrx_word' id='word_1_586' title='bbox 2432 4140 2682 4180; x_wconf 86' lang='lat' dir='ltr'><strong>sororem</strong></span> <span class='ocrx_word' id='word_1_587' title='bbox 2730 4123 2923 4178; x_wconf 86' lang='lat' dir='ltr'><strong>Lazari</strong></span> <span class='ocrx_word' id='word_1_588' title='bbox 2965 4124 3115 4180; x_wconf 86' lang='lat' dir='ltr'><strong>solus</strong></span> <span class='ocrx_word' id='word_1_589' title='bbox 3184 4124 3476 4194; x_wconf 84' lang='lat' dir='ltr'><strong>proditor?</strong></span> 
     </span>
    </p>
   </div>
   <div class='ocr_carea' id='block_1_83' title="bbox 1898 4214 3476 4287">
    <p class='ocr_par' dir='ltr' id='par_1_83' title="bbox 1898 4214 3476 4287">
     <span class='ocr_line' id='line_1_83' title="bbox 1898 4214 3476 4287; baseline -0.002 -16"><span class='ocrx_word' id='word_1_590' title='bbox 1898 4216 2101 4271; x_wconf 88' lang='lat' dir='ltr'><strong>Contra</strong></span> <span class='ocrx_word' id='word_1_591' title='bbox 2128 4216 2438 4271; x_wconf 86' lang='lat' dir='ltr'><strong>adulteram</strong></span> <span class='ocrx_word' id='word_1_592' title='bbox 2472 4215 2873 4286; x_wconf 88' lang='lat' dir='ltr'><strong>discipulorum</strong></span> <span class='ocrx_word' id='word_1_593' title='bbox 2916 4231 3025 4271; x_wconf 90' lang='lat' dir='ltr'><strong>non</strong></span> <span class='ocrx_word' id='word_1_594' title='bbox 3060 4216 3218 4287; x_wconf 90' lang='lat' dir='ltr'><strong>pauci</strong></span> <span class='ocrx_word' id='word_1_595' title='bbox 3249 4217 3261 4269; x_wconf 80' lang='grc' dir='ltr'><strong>ί</strong></span> <span class='ocrx_word' id='word_1_596' title='bbox 3299 4214 3476 4270; x_wconf 82' lang='lat' dir='ltr'><strong>Disci-</strong></span> 
     </span>
    </p>
   </div>
   <div class='ocr_carea' id='block_1_84' title="bbox 1898 4305 3477 4379">
    <p class='ocr_par' dir='ltr' id='par_1_84' title="bbox 1898 4305 3477 4379">
     <span class='ocr_line' id='line_1_84' title="bbox 1898 4305 3477 4379; baseline -0.003 -15"><span class='ocrx_word' id='word_1_597' title='bbox 1898 4309 2150 4379; x_wconf 90' lang='lat' dir='ltr'><strong>pulorum</strong></span> <span class='ocrx_word' id='word_1_598' title='bbox 2176 4308 2359 4365; x_wconf 89' lang='lat' dir='ltr'><strong>nullus</strong></span> <span class='ocrx_word' id='word_1_599' title='bbox 2383 4318 2576 4363; x_wconf 92' lang='lat' dir='ltr'><strong>contra</strong></span> <span class='ocrx_word' id='word_1_600' title='bbox 2607 4310 2863 4379; x_wconf 86' lang='lat' dir='ltr'><strong>primam,</strong></span> <span class='ocrx_word' id='word_1_601' title='bbox 2891 4322 3071 4378; x_wconf 90' lang='lat' dir='ltr'><strong>neque</strong></span> <span class='ocrx_word' id='word_1_602' title='bbox 3096 4309 3209 4377; x_wconf 89' lang='lat' dir='ltr'><strong>ipse</strong></span> <span class='ocrx_word' id='word_1_603' title='bbox 3231 4305 3477 4377; x_wconf 91' lang='lat' dir='ltr'><strong>proditor</strong></span> 
     </span>
    </p>
   </div>
   <div class='ocr_carea' id='block_1_85' title="bbox 1901 4398 3478 4471">
    <p class='ocr_par' dir='ltr' id='par_1_85' title="bbox 1901 4398 3478 4471">
     <span class='ocr_line' id='line_1_85' title="bbox 1901 4398 3478 4471; baseline -0.003 -16"><span class='ocrx_word' id='word_1_604' title='bbox 1901 4399 2237 4471; x_wconf 90' lang='lat' dir='ltr'><strong>indignatur,</strong></span> <span class='ocrx_word' id='word_1_605' title='bbox 2280 4402 2409 4470; x_wconf 91' lang='lat' dir='ltr'><strong>quia</strong></span> <span class='ocrx_word' id='word_1_606' title='bbox 2449 4398 2620 4456; x_wconf 80' lang='lat' dir='ltr'><strong>Judas</strong></span> <span class='ocrx_word' id='word_1_607' title='bbox 2663 4400 2885 4471; x_wconf 88' lang='lat' dir='ltr'><strong>quidem</strong></span> <span class='ocrx_word' id='word_1_608' title='bbox 2917 4414 3026 4453; x_wconf 92' lang='lat' dir='ltr'><strong>nou</strong></span> <span class='ocrx_word' id='word_1_609' title='bbox 3063 4399 3330 4455; x_wconf 90' lang='lat' dir='ltr'><strong>violenter</strong></span> <span class='ocrx_word' id='word_1_610' title='bbox 3358 4404 3478 4451; x_wconf 88' lang='lat' dir='ltr'><strong>erat</strong></span> 
     </span>
    </p>
   </div>
   <div class='ocr_carea' id='block_1_86' title="bbox 207 4486 1787 4570">
    <p class='ocr_par' dir='ltr' id='par_1_86' title="bbox 207 4489 1787 4565">
     <span class='ocr_line' id='line_1_86' title="bbox 207 4489 1787 4565; baseline 0.002 -21"><span class='ocrx_word' id='word_1_611' title='bbox 207 4507 305 4554; x_wconf 88' lang='grc' dir='ltr'><strong>τος</strong></span> <span class='ocrx_word' id='word_1_612' title='bbox 350 4489 517 4553; x_wconf 72' lang='grc' dir='ltr'><strong>ἀλοὺς</strong></span> <span class='ocrx_word' id='word_1_613' title='bbox 552 4489 750 4560; x_wconf 83' lang='grc' dir='ltr'><strong>τῷτῆς</strong></span> <span class='ocrx_word' id='word_1_614' title='bbox 811 4490 1181 4563; x_wconf 81' lang='grc' dir='ltr'><strong>φιλαργυρίας</strong></span> <span class='ocrx_word' id='word_1_615' title='bbox 1224 4493 1519 4563; x_wconf 85' lang='grc' dir='ltr'><strong>νοσήματι,</strong></span> <span class='ocrx_word' id='word_1_616' title='bbox 1551 4494 1671 4547; x_wconf 64' lang='grc' dir='ltr'><strong>οὐδὲ</strong></span> <span class='ocrx_word' id='word_1_617' title='bbox 1697 4495 1787 4565; x_wconf 82' lang='grc' dir='ltr'><strong>τῆς</strong></span> 
     </span>
    </p>
   </div>
   <div class='ocr_carea' id='block_1_87' title="bbox 1888 4486 3477 4570">
    <p class='ocr_par' dir='ltr' id='par_1_87' title="bbox 1900 4486 3477 4563">
     <span class='ocr_line' id='line_1_87' title="bbox 1900 4486 3477 4563; baseline -0.004 -13"><span class='ocrx_word' id='word_1_618' title='bbox 1900 4495 2145 4550; x_wconf 62' lang='lat' dir='ltr'><strong>avaritia</strong></span> <span class='ocrx_word' id='word_1_619' title='bbox 2174 4494 2369 4550; x_wconf 92' lang='lat' dir='ltr'><strong>morbo</strong></span> <span class='ocrx_word' id='word_1_620' title='bbox 2400 4501 2615 4563; x_wconf 89' lang='lat' dir='ltr'><strong>captus,</strong></span> <span class='ocrx_word' id='word_1_621' title='bbox 2646 4508 2822 4561; x_wconf 82' lang='lat' dir='ltr'><strong>neque</strong></span> <span class='ocrx_word' id='word_1_622' title='bbox 2850 4490 3082 4547; x_wconf 85' lang='lat' dir='ltr'><strong>Satanas</strong></span> <span class='ocrx_word' id='word_1_623' title='bbox 3127 4490 3309 4546; x_wconf 85' lang='lat' dir='ltr'><strong>adhuc</strong></span> <span class='ocrx_word' id='word_1_624' title='bbox 3355 4486 3477 4558; x_wconf 84' lang='lat' dir='ltr'><strong>ejus</strong></span> 
     </span>
    </p>
   </div>
   <div class='ocr_carea' id='block_1_88' title="bbox 210 4580 1799 4657">
    <p class='ocr_par' dir='ltr' id='par_1_88' title="bbox 210 4580 1799 4657">
     <span class='ocr_line' id='line_1_88' title="bbox 210 4580 1799 4657; baseline 0.004 -22"><span class='ocrx_word' id='word_1_625' title='bbox 210 4581 831 4651; x_wconf 75' lang='grc' dir='ltr'><strong>προδοσίαςόΣατανᾶς</strong></span> <span class='ocrx_word' id='word_1_626' title='bbox 874 4582 1026 4636; x_wconf 80' lang='grc' dir='ltr'><strong>οῦπω</strong></span> <span class='ocrx_word' id='word_1_627' title='bbox 1073 4580 1141 4654; x_wconf 79' lang='grc' dir='ltr'><strong>ἦν</strong></span> <span class='ocrx_word' id='word_1_628' title='bbox 1194 4585 1361 4639; x_wconf 81' lang='grc' dir='ltr'><strong>αὑτοῦ</strong></span> <span class='ocrx_word' id='word_1_629' title='bbox 1420 4586 1520 4657; x_wconf 77' lang='grc' dir='ltr'><strong>τὴν</strong></span> <span class='ocrx_word' id='word_1_630' title='bbox 1572 4586 1799 4657; x_wconf 88' lang='grc' dir='ltr'><strong>καρδίαν</strong></span> 
     </span>
    </p>
   </div>
   <div class='ocr_carea' id='block_1_89' title="bbox 211 4676 1799 4748">
    <p class='ocr_par' dir='ltr' id='par_1_89' title="bbox 211 4676 1799 4748">
     <span class='ocr_line' id='line_1_89' title="bbox 211 4676 1799 4748; baseline 0.003 -21"><span class='ocrx_word' id='word_1_631' title='bbox 211 4676 777 4746; x_wconf 84' lang='grc' dir='ltr'><strong>κατασκευασάμενος</strong></span> <span class='ocrx_word' id='word_1_632' title='bbox 826 4677 1132 4747; x_wconf 67' lang='grc' dir='ltr'><strong>ἐπιτήδειον</strong></span> <span class='ocrx_word' id='word_1_633' title='bbox 1176 4677 1407 4748; x_wconf 85' lang='grc' dir='ltr'><strong>δργανον</strong></span> <span class='ocrx_word' id='word_1_634' title='bbox 1431 4695 1443 4708; x_wconf 77' lang='grc' dir='ltr'><strong>ο</strong></span> <span class='ocrx_word' id='word_1_635' title='bbox 1474 4680 1523 4733; x_wconf 86' lang='grc' dir='ltr'><strong>οί</strong></span> <span class='ocrx_word' id='word_1_636' title='bbox 1549 4680 1605 4732; x_wconf 80' lang='grc' dir='ltr'><strong>δὲ</strong></span> <span class='ocrx_word' id='word_1_637' title='bbox 1650 4680 1799 4735; x_wconf 80' lang='grc' dir='ltr'><strong>ἄλλοι</strong></span> 
     </span>
    </p>
   </div>
   <div class='ocr_carea' id='block_1_90' title="bbox 212 4767 1800 4842">
    <p class='ocr_par' dir='ltr' id='par_1_90' title="bbox 212 4767 1800 4842">
     <span class='ocr_line' id='line_1_90' title="bbox 212 4767 1800 4842; baseline 0.003 -23"><span class='ocrx_word' id='word_1_638' title='bbox 212 4767 468 4839; x_wconf 73' lang='grc' dir='ltr'><strong>μαθηταὶ</strong></span> <span class='ocrx_word' id='word_1_639' title='bbox 520 4767 609 4821; x_wconf 75' lang='grc' dir='ltr'><strong>διὰ</strong></span> <span class='ocrx_word' id='word_1_640' title='bbox 668 4767 824 4825; x_wconf 80' lang='grc' dir='ltr'><strong>τοῦτο</strong></span> <span class='ocrx_word' id='word_1_641' title='bbox 900 4769 1036 4839; x_wconf 83' lang='grc' dir='ltr'><strong>πρὸς</strong></span> <span class='ocrx_word' id='word_1_642' title='bbox 1094 4768 1194 4837; x_wconf 78' lang='grc' dir='ltr'><strong>τήν</strong></span> <span class='ocrx_word' id='word_1_643' title='bbox 1270 4770 1646 4841; x_wconf 85' lang='grc' dir='ltr'><strong>ἀγανάκτησιν</strong></span> <span class='ocrx_word' id='word_1_644' title='bbox 1702 4771 1800 4842; x_wconf 82' lang='grc' dir='ltr'><strong>οὐχ</strong></span> 
     </span>
    </p>
   </div>
   <div class='ocr_carea' id='block_1_91' title="bbox 210 4858 1798 4930">
    <p class='ocr_par' dir='ltr' id='par_1_91' title="bbox 210 4858 1798 4930">
     <span class='ocr_line' id='line_1_91' title="bbox 210 4858 1798 4930; baseline 0.002 -18"><span class='ocrx_word' id='word_1_645' title='bbox 210 4859 519 4930; x_wconf 76' lang='grc' dir='ltr'><strong>ὑπήγοντο,</strong></span> <span class='ocrx_word' id='word_1_646' title='bbox 548 4858 683 4911; x_wconf 83' lang='grc' dir='ltr'><strong>διότι</strong></span> <span class='ocrx_word' id='word_1_647' title='bbox 730 4860 857 4922; x_wconf 77' lang='grc' dir='ltr'><strong>τοὺς</strong></span> <span class='ocrx_word' id='word_1_648' title='bbox 886 4859 982 4928; x_wconf 84' lang='grc' dir='ltr'><strong>τῆς</strong></span> <span class='ocrx_word' id='word_1_649' title='bbox 1012 4858 1384 4929; x_wconf 68' lang='grc' dir='ltr'><strong>ἑλεημοσύνης</strong></span> <span class='ocrx_word' id='word_1_650' title='bbox 1412 4858 1505 4913; x_wconf 78' lang='grc' dir='ltr'><strong>τοῦ</strong></span> <span class='ocrx_word' id='word_1_651' title='bbox 1536 4860 1798 4915; x_wconf 86' lang='grc' dir='ltr'><strong>Διδασκά-</strong></span> 
     </span>
    </p>
   </div>
   <div class='ocr_carea' id='block_1_92' title="bbox 210 4943 1801 5022">
    <p class='ocr_par' dir='ltr' id='par_1_92' title="bbox 210 4943 1801 5022">
     <span class='ocr_line' id='line_1_92' title="bbox 210 4943 1801 5022; baseline 0.003 -21"><span class='ocrx_word' id='word_1_652' title='bbox 210 4949 315 5001; x_wconf 85' lang='grc' dir='ltr'><strong>λου</strong></span> <span class='ocrx_word' id='word_1_653' title='bbox 348 4948 541 5014; x_wconf 88' lang='grc' dir='ltr'><strong>λόγους</strong></span> <span class='ocrx_word' id='word_1_654' title='bbox 568 4943 876 5019; x_wconf 77' lang='grc' dir='ltr'><strong>οῠπωῆσαν</strong></span> <span class='ocrx_word' id='word_1_655' title='bbox 895 4948 1105 5019; x_wconf 79' lang='grc' dir='ltr'><strong>σφόδρα</strong></span> <span class='ocrx_word' id='word_1_656' title='bbox 1124 4950 1515 5020; x_wconf 69' lang='grc' dir='ltr'><strong>ἐμπεπηγότας</strong></span> <span class='ocrx_word' id='word_1_657' title='bbox 1542 4953 1801 5022; x_wconf 85' lang='grc' dir='ltr'><strong>φέροντες</strong></span> 
     </span>
    </p>
   </div>
   <div class='ocr_carea' id='block_1_93' title="bbox 210 5038 1800 5115">
    <p class='ocr_par' dir='ltr' id='par_1_93' title="bbox 210 5038 1800 5115">
     <span class='ocr_line' id='line_1_93' title="bbox 210 5038 1800 5115; baseline 0.005 -24"><span class='ocrx_word' id='word_1_658' title='bbox 210 5042 291 5110; x_wconf 74' lang='grc' dir='ltr'><strong>τῇ</strong></span> <span class='ocrx_word' id='word_1_659' title='bbox 310 5040 460 5110; x_wconf 74' lang='grc' dir='ltr'><strong>ψυχῇ</strong></span> <span class='ocrx_word' id='word_1_660' title='bbox 488 5054 501 5065; x_wconf 91' lang='grc'><strong>·</strong></span> <span class='ocrx_word' id='word_1_661' title='bbox 536 5038 647 5093; x_wconf 82' lang='grc' dir='ltr'><strong>ούδ⁹</strong></span> <span class='ocrx_word' id='word_1_662' title='bbox 683 5040 853 5104; x_wconf 79' lang='grc' dir='ltr'><strong>οὕτως</strong></span> <span class='ocrx_word' id='word_1_663' title='bbox 893 5042 1091 5104; x_wconf 78' lang='grc' dir='ltr'><strong>αὐτοὺς</strong></span> <span class='ocrx_word' id='word_1_664' title='bbox 1119 5042 1152 5112; x_wconf 81' lang='grc' dir='ltr'><strong>ή</strong></span> <span class='ocrx_word' id='word_1_665' title='bbox 1182 5042 1291 5094; x_wconf 83' lang='grc' dir='ltr'><strong>τῶν</strong></span> <span class='ocrx_word' id='word_1_666' title='bbox 1323 5045 1572 5115; x_wconf 84' lang='grc' dir='ltr'><strong>πενήτων</strong></span> <span class='ocrx_word' id='word_1_667' title='bbox 1600 5047 1800 5115; x_wconf 76' lang='grc' dir='ltr'><strong>ᾑρήκει</strong></span> 
     </span>
    </p>
   </div>
   <div class='ocr_carea' id='block_1_94' title="bbox 210 5131 1800 5210">
    <p class='ocr_par' dir='ltr' id='par_1_94' title="bbox 210 5131 1800 5210">
     <span class='ocr_line' id='line_1_94' title="bbox 210 5131 1800 5210; baseline 0.005 -27"><span class='ocrx_word' id='word_1_668' title='bbox 210 5131 469 5201; x_wconf 78' lang='grc' dir='ltr'><strong>φροντίς.</strong></span> <span class='ocrx_word' id='word_1_669' title='bbox 508 5132 631 5185; x_wconf 84' lang='grc' dir='ltr'><strong>Ἐτι</strong></span> <span class='ocrx_word' id='word_1_670' title='bbox 668 5132 723 5185; x_wconf 66' lang='grc' dir='ltr'><strong>δὲ</strong></span> <span class='ocrx_word' id='word_1_671' title='bbox 757 5133 853 5193; x_wconf 79' lang='grc' dir='ltr'><strong>καὶ</strong></span> <span class='ocrx_word' id='word_1_672' title='bbox 871 5134 972 5204; x_wconf 80' lang='grc' dir='ltr'><strong>τήν</strong></span> <span class='ocrx_word' id='word_1_673' title='bbox 1010 5135 1242 5201; x_wconf 83' lang='grc' dir='ltr'><strong>γυναῖκα</strong></span> <span class='ocrx_word' id='word_1_674' title='bbox 1273 5134 1565 5191; x_wconf 78' lang='grc' dir='ltr'><strong>κλαίουσαν</strong></span> <span class='ocrx_word' id='word_1_675' title='bbox 1588 5136 1800 5210; x_wconf 77' lang='grc' dir='ltr'><strong>ἑώρων,</strong></span> 
     </span>
    </p>
   </div>
   <div class='ocr_carea' id='block_1_95' title="bbox 210 5221 1803 5298">
    <p class='ocr_par' dir='ltr' id='par_1_95' title="bbox 210 5221 1803 5298">
     <span class='ocr_line' id='line_1_95' title="bbox 210 5221 1803 5298; baseline 0.003 -22"><span class='ocrx_word' id='word_1_676' title='bbox 210 5223 321 5285; x_wconf 73' lang='grc' dir='ltr'><strong>καὶ</strong></span> <span class='ocrx_word' id='word_1_677' title='bbox 366 5221 490 5277; x_wconf 72' lang='grc' dir='ltr'><strong>ούδι</strong></span> <span class='ocrx_word' id='word_1_678' title='bbox 518 5222 618 5293; x_wconf 86' lang='grc' dir='ltr'><strong>τῆς</strong></span> <span class='ocrx_word' id='word_1_679' title='bbox 669 5223 914 5293; x_wconf 84' lang='grc' dir='ltr'><strong>κεφαλῆς</strong></span> <span class='ocrx_word' id='word_1_680' title='bbox 945 5224 1323 5294; x_wconf 80' lang='grc' dir='ltr'><strong>καταχέουσαν</strong></span> <span class='ocrx_word' id='word_1_681' title='bbox 1358 5224 1418 5278; x_wconf 76' lang='grc' dir='ltr'><strong>τὸ</strong></span> <span class='ocrx_word' id='word_1_682' title='bbox 1445 5226 1639 5298; x_wconf 89' lang='grc' dir='ltr'><strong>μύρον,</strong></span> <span class='ocrx_word' id='word_1_683' title='bbox 1667 5227 1803 5281; x_wconf 84' lang='grc' dir='ltr'><strong>ἀλλά</strong></span> 
     </span>
    </p>
   </div>
   <div class='ocr_carea' id='block_1_96' title="bbox 206 5312 1801 5385">
    <p class='ocr_par' dir='ltr' id='par_1_96' title="bbox 206 5312 1801 5385">
     <span class='ocr_line' id='line_1_96' title="bbox 206 5312 1801 5385; baseline 0.003 -18"><span class='ocrx_word' id='word_1_684' title='bbox 206 5315 349 5375; x_wconf 69' lang='grc' dir='ltr'><strong>τοὺς</strong></span> <span class='ocrx_word' id='word_1_685' title='bbox 398 5312 570 5375; x_wconf 71' lang='grc' dir='ltr'><strong>πόδας</strong></span> <span class='ocrx_word' id='word_1_686' title='bbox 619 5312 987 5383; x_wconf 81' lang='grc' dir='ltr'><strong>ἀλείφουσαν’</strong></span> <span class='ocrx_word' id='word_1_687' title='bbox 1042 5315 1136 5368; x_wconf 83' lang='grc' dir='ltr'><strong>καὶ</strong></span> <span class='ocrx_word' id='word_1_688' title='bbox 1177 5314 1238 5368; x_wconf 78' lang='grc' dir='ltr'><strong>τὸ</strong></span> <span class='ocrx_word' id='word_1_689' title='bbox 1272 5314 1443 5377; x_wconf 81' lang='grc' dir='ltr'><strong>πάθος</strong></span> <span class='ocrx_word' id='word_1_690' title='bbox 1500 5317 1801 5385; x_wconf 80' lang='grc' dir='ltr'><strong>ἀφεστάναι</strong></span> 
     </span>
    </p>
   </div>
   <div class='ocr_carea' id='block_1_97' title="bbox 206 5405 1805 5475">
    <p class='ocr_par' dir='ltr' id='par_1_97' title="bbox 206 5405 1805 5475">
     <span class='ocr_line' id='line_1_97' title="bbox 206 5405 1805 5475; baseline 0.003 -16"><span class='ocrx_word' id='word_1_691' title='bbox 206 5406 379 5475; x_wconf 76' lang='grc' dir='ltr'><strong>τεαρά</strong></span> <span class='ocrx_word' id='word_1_692' title='bbox 402 5405 497 5458; x_wconf 80' lang='grc' dir='ltr'><strong>τοῦ</strong></span> <span class='ocrx_word' id='word_1_693' title='bbox 527 5406 778 5475; x_wconf 77' lang='grc' dir='ltr'><strong>Σωτῆρος</strong></span> <span class='ocrx_word' id='word_1_694' title='bbox 805 5405 957 5459; x_wconf 74' lang='grc' dir='ltr'><strong>οὔπω</strong></span> <span class='ocrx_word' id='word_1_695' title='bbox 985 5406 1344 5461; x_wconf 68' lang='grc' dir='ltr'><strong>ἐδιδάσκοντο⁹</strong></span> <span class='ocrx_word' id='word_1_696' title='bbox 1374 5406 1409 5461; x_wconf 79' lang='grc' dir='ltr'><strong>ἃ</strong></span> <span class='ocrx_word' id='word_1_697' title='bbox 1441 5409 1618 5464; x_wconf 82' lang='grc' dir='ltr'><strong>πάντα</strong></span> <span class='ocrx_word' id='word_1_698' title='bbox 1646 5411 1805 5465; x_wconf 87' lang='grc' dir='ltr'><strong>ἱκανά</strong></span> 
     </span>
    </p>
   </div>
   <div class='ocr_carea' id='block_1_98' title="bbox 206 5493 1805 5569">
    <p class='ocr_par' dir='ltr' id='par_1_98' title="bbox 206 5493 1805 5569">
     <span class='ocr_line' id='line_1_98' title="bbox 206 5493 1805 5569; baseline 0.006 -21"><span class='ocrx_word' id='word_1_699' title='bbox 206 5493 293 5569; x_wconf 79' lang='grc' dir='ltr'><strong>ἦν</strong></span> <span class='ocrx_word' id='word_1_700' title='bbox 318 5496 417 5568; x_wconf 80' lang='grc' dir='ltr'><strong>τῆς</strong></span> <span class='ocrx_word' id='word_1_701' title='bbox 444 5498 873 5568; x_wconf 81' lang='grc' dir='ltr'><strong>ἀγανακτήσεως</strong></span> <span class='ocrx_word' id='word_1_702' title='bbox 902 5499 1147 5567; x_wconf 80' lang='grc' dir='ltr'><strong>ἀπάγειν</strong></span> <span class='ocrx_word' id='word_1_703' title='bbox 1168 5499 1385 5563; x_wconf 83' lang='grc' dir='ltr'><strong>αὐτούς.</strong></span> <span class='ocrx_word' id='word_1_704' title='bbox 1424 5502 1629 5565; x_wconf 84' lang='grc' dir='ltr'><strong>Ἀλλως</strong></span> <span class='ocrx_word' id='word_1_705' title='bbox 1656 5520 1713 5555; x_wconf 82' lang='grc' dir='ltr'><strong>τε</strong></span> <span class='ocrx_word' id='word_1_706' title='bbox 1744 5504 1805 5557; x_wconf 78' lang='grc' dir='ltr'><strong>δὲ</strong></span> 
     </span>
    </p>
   </div>
   <div class='ocr_carea' id='block_1_99' title="bbox 209 5587 1804 5664">
    <p class='ocr_par' dir='ltr' id='par_1_99' title="bbox 209 5587 1804 5664">
     <span class='ocr_line' id='line_1_99' title="bbox 209 5587 1804 5664; baseline 0.003 -22"><span class='ocrx_word' id='word_1_707' title='bbox 209 5588 322 5642; x_wconf 73' lang='grc' dir='ltr'><strong>καὶ</strong></span> <span class='ocrx_word' id='word_1_708' title='bbox 366 5587 596 5658; x_wconf 78' lang='grc' dir='ltr'><strong>μηδενὸς</strong></span> <span class='ocrx_word' id='word_1_709' title='bbox 653 5590 764 5643; x_wconf 87' lang='grc' dir='ltr'><strong>τῶν</strong></span> <span class='ocrx_word' id='word_1_710' title='bbox 817 5591 1123 5664; x_wconf 80' lang='grc' dir='ltr'><strong>είρημένων</strong></span> <span class='ocrx_word' id='word_1_711' title='bbox 1159 5593 1447 5660; x_wconf 85' lang='grc' dir='ltr'><strong>παρόντος,</strong></span> <span class='ocrx_word' id='word_1_712' title='bbox 1488 5595 1538 5646; x_wconf 79' lang='grc' dir='ltr'><strong>εἰ</strong></span> <span class='ocrx_word' id='word_1_713' title='bbox 1562 5612 1667 5648; x_wconf 89' lang='grc' dir='ltr'><strong>τινι</strong></span> <span class='ocrx_word' id='word_1_714' title='bbox 1698 5597 1804 5649; x_wconf 81' lang='grc' dir='ltr'><strong>τῶν</strong></span> 
     </span>
    </p>
   </div>
   <div class='ocr_carea' id='block_1_100' title="bbox 214 5679 1805 5757">
    <p class='ocr_par' dir='ltr' id='par_1_100' title="bbox 214 5679 1805 5757">
     <span class='ocr_line' id='line_1_100' title="bbox 214 5679 1805 5757; baseline 0.006 -25"><span class='ocrx_word' id='word_1_715' title='bbox 214 5679 490 5752; x_wconf 72' lang='grc' dir='ltr'><strong>μαθητῶν</strong></span> <span class='ocrx_word' id='word_1_716' title='bbox 530 5680 904 5753; x_wconf 86' lang='grc' dir='ltr'><strong>ἀγανάκτησις</strong></span> <span class='ocrx_word' id='word_1_717' title='bbox 944 5684 1234 5753; x_wconf 83' lang='grc' dir='ltr'><strong>ύπεφύετο,</strong></span> <span class='ocrx_word' id='word_1_718' title='bbox 1272 5688 1350 5749; x_wconf 86' lang='grc' dir='ltr'><strong>είς</strong></span> <span class='ocrx_word' id='word_1_719' title='bbox 1383 5686 1443 5739; x_wconf 85' lang='grc' dir='ltr'><strong>τὸ</strong></span> <span class='ocrx_word' id='word_1_720' title='bbox 1472 5689 1710 5757; x_wconf 80' lang='grc' dir='ltr'><strong>φανερὸν</strong></span> <span class='ocrx_word' id='word_1_721' title='bbox 1738 5688 1805 5741; x_wconf 81' lang='grc' dir='ltr'><strong>ἂν</strong></span> 
     </span>
    </p>
   </div>
   <div class='ocr_carea' id='block_1_101' title="bbox 210 5772 1797 5847">
    <p class='ocr_par' dir='ltr' id='par_1_101' title="bbox 210 5772 1797 5847">
     <span class='ocr_line' id='line_1_101' title="bbox 210 5772 1797 5847; baseline 0.003 -22"><span class='ocrx_word' id='word_1_722' title='bbox 210 5772 500 5841; x_wconf 66' lang='grc' dir='ltr'><strong>ἐπεσχέθη</strong></span> <span class='ocrx_word' id='word_1_723' title='bbox 521 5772 825 5844; x_wconf 77' lang='grc' dir='ltr'><strong>προελθεῖν.</strong></span> <span class='ocrx_word' id='word_1_724' title='bbox 860 5774 1152 5844; x_wconf 56' lang='grc' dir='ltr'><strong>Προλαᾶυν</strong></span> <span class='ocrx_word' id='word_1_725' title='bbox 1174 5778 1280 5847; x_wconf 74' lang='grc' dir='ltr'><strong>γὰρ</strong></span> <span class='ocrx_word' id='word_1_726' title='bbox 1303 5780 1330 5830; x_wconf 88' lang='lat'><strong>6</strong></span> <span class='ocrx_word' id='word_1_727' title='bbox 1348 5779 1666 5847; x_wconf 74' lang='grc' dir='ltr'><strong>Φαρισαὲος,</strong></span> <span class='ocrx_word' id='word_1_728' title='bbox 1700 5779 1797 5845; x_wconf 77' lang='grc' dir='ltr'><strong>τῆς</strong></span> 
     </span>
    </p>
   </div>
   <div class='ocr_carea' id='block_1_102' title="bbox 212 5863 1798 5937">
    <p class='ocr_par' dir='ltr' id='par_1_102' title="bbox 212 5863 1798 5937">
     <span class='ocr_line' id='line_1_102' title="bbox 212 5863 1798 5937; baseline 0.001 -20"><span class='ocrx_word' id='word_1_729' title='bbox 212 5863 603 5932; x_wconf 71' lang='grc' dir='ltr'><strong>ἐπιτιμήσεως</strong></span> <span class='ocrx_word' id='word_1_730' title='bbox 659 5863 858 5932; x_wconf 76' lang='grc' dir='ltr'><strong>ὑπέσχε</strong></span> <span class='ocrx_word' id='word_1_731' title='bbox 915 5864 1004 5917; x_wconf 70' lang='grc' dir='ltr'><strong>τὸν</strong></span> <span class='ocrx_word' id='word_1_732' title='bbox 1062 5865 1299 5937; x_wconf 54' lang='grc' dir='ltr'><strong>ἔλεγχον</strong></span> <span class='ocrx_word' id='word_1_733' title='bbox 1340 5868 1431 5921; x_wconf 70' lang='grc' dir='ltr'><strong>καὶ</strong></span> <span class='ocrx_word' id='word_1_734' title='bbox 1462 5868 1554 5937; x_wconf 77' lang='grc' dir='ltr'><strong>τῆς</strong></span> <span class='ocrx_word' id='word_1_735' title='bbox 1592 5870 1798 5937; x_wconf 78' lang='grc' dir='ltr'><strong>σιωπῆς</strong></span> 
     </span>
    </p>
   </div>
   <div class='ocr_carea' id='block_1_103' title="bbox 1902 4581 3477 4659">
    <p class='ocr_par' dir='ltr' id='par_1_103' title="bbox 1902 4581 3477 4659">
     <span class='ocr_line' id='line_1_103' title="bbox 1902 4581 3477 4659; baseline -0.006 -17"><span class='ocrx_word' id='word_1_736' title='bbox 1902 4595 2093 4659; x_wconf 85' lang='lat' dir='ltr'><strong>pectus</strong></span> <span class='ocrx_word' id='word_1_737' title='bbox 2132 4586 2239 4641; x_wconf 90' lang='lat' dir='ltr'><strong>sibi</strong></span> <span class='ocrx_word' id='word_1_738' title='bbox 2279 4592 2571 4655; x_wconf 88' lang='lat' dir='ltr'><strong>paraverat</strong></span> <span class='ocrx_word' id='word_1_739' title='bbox 2610 4584 2943 4655; x_wconf 90' lang='lat' dir='ltr'><strong>proditionis</strong></span> <span class='ocrx_word' id='word_1_740' title='bbox 2982 4581 3331 4637; x_wconf 89' lang='lat' dir='ltr'><strong>commodum</strong></span> <span class='ocrx_word' id='word_1_741' title='bbox 3385 4594 3477 4633; x_wconf 91' lang='lat' dir='ltr'><strong>or-</strong></span> 
     </span>
    </p>
   </div>
   <div class='ocr_carea' id='block_1_104' title="bbox 1901 4673 3476 4747">
    <p class='ocr_par' dir='ltr' id='par_1_104' title="bbox 1901 4673 3476 4747">
     <span class='ocr_line' id='line_1_104' title="bbox 1901 4673 3476 4747; baseline -0.005 -15"><span class='ocrx_word' id='word_1_742' title='bbox 1901 4693 2126 4747; x_wconf 84' lang='lat' dir='ltr'><strong>ganum.</strong></span> <span class='ocrx_word' id='word_1_743' title='bbox 2161 4676 2268 4731; x_wconf 91' lang='lat' dir='ltr'><strong>Alii</strong></span> <span class='ocrx_word' id='word_1_744' title='bbox 2295 4686 2477 4731; x_wconf 89' lang='lat' dir='ltr'><strong>autem</strong></span> <span class='ocrx_word' id='word_1_745' title='bbox 2512 4675 2768 4746; x_wconf 89' lang='lat' dir='ltr'><strong>discipuli</strong></span> <span class='ocrx_word' id='word_1_746' title='bbox 2798 4675 2866 4729; x_wconf 88' lang='lat' dir='ltr'><strong>ad</strong></span> <span class='ocrx_word' id='word_1_747' title='bbox 2902 4673 3333 4743; x_wconf 89' lang='lat' dir='ltr'><strong>indignationem</strong></span> <span class='ocrx_word' id='word_1_748' title='bbox 3365 4686 3476 4725; x_wconf 93' lang='lat' dir='ltr'><strong>non</strong></span> 
     </span>
    </p>
   </div>
   <div class='ocr_carea' id='block_1_105' title="bbox 1902 4766 3477 4839">
    <p class='ocr_par' dir='ltr' id='par_1_105' title="bbox 1902 4766 3477 4839">
     <span class='ocr_line' id='line_1_105' title="bbox 1902 4766 3477 4839; baseline -0.005 -15"><span class='ocrx_word' id='word_1_749' title='bbox 1902 4768 2125 4824; x_wconf 87' lang='lat' dir='ltr'><strong>adducti</strong></span> <span class='ocrx_word' id='word_1_750' title='bbox 2171 4777 2320 4834; x_wconf 84' lang='lat' dir='ltr'><strong>sunt,</strong></span> <span class='ocrx_word' id='word_1_751' title='bbox 2365 4768 2491 4838; x_wconf 86' lang='lat' dir='ltr'><strong>quia</strong></span> <span class='ocrx_word' id='word_1_752' title='bbox 2531 4767 2779 4839; x_wconf 82' lang='lat' dir='ltr'><strong>Magistri</strong></span> <span class='ocrx_word' id='word_1_753' title='bbox 2834 4767 2902 4823; x_wconf 91' lang='lat' dir='ltr'><strong>dc</strong></span> <span class='ocrx_word' id='word_1_754' title='bbox 2957 4766 3299 4835; x_wconf 87' lang='lat' dir='ltr'><strong>eleemosyna</strong></span> <span class='ocrx_word' id='word_1_755' title='bbox 3363 4778 3477 4817; x_wconf 85' lang='lat' dir='ltr'><strong>ser-</strong></span> 
     </span>
    </p>
   </div>
   <div class='ocr_carea' id='block_1_106' title="bbox 1902 4853 3477 4927">
    <p class='ocr_par' dir='ltr' id='par_1_106' title="bbox 1902 4853 3477 4927">
     <span class='ocr_line' id='line_1_106' title="bbox 1902 4853 3477 4927; baseline -0.003 -14"><span class='ocrx_word' id='word_1_756' title='bbox 1902 4874 2093 4915; x_wconf 87' lang='lat' dir='ltr'><strong>mones</strong></span> <span class='ocrx_word' id='word_1_757' title='bbox 2120 4858 2364 4913; x_wconf 87' lang='lat' dir='ltr'><strong>nondum</strong></span> <span class='ocrx_word' id='word_1_758' title='bbox 2418 4860 2471 4913; x_wconf 93' lang='lat' dir='ltr'><strong>in</strong></span> <span class='ocrx_word' id='word_1_759' title='bbox 2508 4868 2689 4914; x_wconf 90' lang='lat' dir='ltr'><strong>mente</strong></span> <span class='ocrx_word' id='word_1_760' title='bbox 2722 4857 2913 4912; x_wconf 87' lang='lat' dir='ltr'><strong>vivide</strong></span> <span class='ocrx_word' id='word_1_761' title='bbox 2972 4857 3272 4927; x_wconf 88' lang='lat' dir='ltr'><strong>impressos</strong></span> <span class='ocrx_word' id='word_1_762' title='bbox 3333 4853 3477 4909; x_wconf 86' lang='lat' dir='ltr'><strong>fere-</strong></span> 
     </span>
    </p>
   </div>
   <div class='ocr_carea' id='block_1_107' title="bbox 1902 4944 3478 5019">
    <p class='ocr_par' dir='ltr' id='par_1_107' title="bbox 1902 4944 3478 5019">
     <span class='ocr_line' id='line_1_107' title="bbox 1902 4944 3478 5019; baseline -0.003 -16"><span class='ocrx_word' id='word_1_763' title='bbox 1902 4948 2056 5013; x_wconf 88' lang='lat' dir='ltr'><strong>bant,</strong></span> <span class='ocrx_word' id='word_1_764' title='bbox 2092 4962 2270 5013; x_wconf 80' lang='lat' dir='ltr'><strong>ueque</strong></span> <span class='ocrx_word' id='word_1_765' title='bbox 2296 4946 2430 5001; x_wconf 91' lang='lat' dir='ltr'><strong>adeo</strong></span> <span class='ocrx_word' id='word_1_766' title='bbox 2480 4961 2577 5002; x_wconf 90' lang='lat' dir='ltr'><strong>eos</strong></span> <span class='ocrx_word' id='word_1_767' title='bbox 2616 4946 2982 5019; x_wconf 87' lang='lat' dir='ltr'><strong>indigentium</strong></span> <span class='ocrx_word' id='word_1_768' title='bbox 3018 4956 3238 5016; x_wconf 88' lang='lat' dir='ltr'><strong>ceperat</strong></span> <span class='ocrx_word' id='word_1_769' title='bbox 3280 4944 3478 4999; x_wconf 85' lang='lat' dir='ltr'><strong>solliei-</strong></span> 
     </span>
    </p>
   </div>
   <div class='ocr_carea' id='block_1_108' title="bbox 1904 5038 3479 5095">
    <p class='ocr_par' dir='ltr' id='par_1_108' title="bbox 1904 5038 3479 5095">
     <span class='ocr_line' id='line_1_108' title="bbox 1904 5038 3479 5095; baseline -0.003 0"><span class='ocrx_word' id='word_1_770' title='bbox 1904 5039 2058 5095; x_wconf 86' lang='lat' dir='ltr'><strong>tudo.</strong></span> <span class='ocrx_word' id='word_1_771' title='bbox 2085 5040 2277 5095; x_wconf 83' lang='lat' dir='ltr'><strong>Adhuc</strong></span> <span class='ocrx_word' id='word_1_772' title='bbox 2307 5050 2487 5093; x_wconf 88' lang='lat' dir='ltr'><strong>autem</strong></span> <span class='ocrx_word' id='word_1_773' title='bbox 2532 5040 2817 5095; x_wconf 88' lang='lat' dir='ltr'><strong>mulierem</strong></span> <span class='ocrx_word' id='word_1_774' title='bbox 2856 5039 3076 5095; x_wconf 81' lang='lat' dir='ltr'><strong>flentem</strong></span> <span class='ocrx_word' id='word_1_775' title='bbox 3125 5038 3384 5094; x_wconf 85' lang='lat' dir='ltr'><strong>videbant</strong></span> <span class='ocrx_word' id='word_1_776' title='bbox 3424 5047 3479 5093; x_wconf 90' lang='lat' dir='ltr'><strong>et</strong></span> 
     </span>
    </p>
   </div>
   <div class='ocr_carea' id='block_1_109' title="bbox 1905 5130 3479 5202">
    <p class='ocr_par' dir='ltr' id='par_1_109' title="bbox 1905 5130 3479 5202">
     <span class='ocr_line' id='line_1_109' title="bbox 1905 5130 3479 5202; baseline -0.003 -14"><span class='ocrx_word' id='word_1_777' title='bbox 1905 5147 2012 5188; x_wconf 89' lang='lat' dir='ltr'><strong>non</strong></span> <span class='ocrx_word' id='word_1_778' title='bbox 2041 5140 2378 5202; x_wconf 88' lang='lat' dir='ltr'><strong>unguentum</strong></span> <span class='ocrx_word' id='word_1_779' title='bbox 2421 5131 2474 5184; x_wconf 91' lang='lat' dir='ltr'><strong>in</strong></span> <span class='ocrx_word' id='word_1_780' title='bbox 2519 5141 2685 5201; x_wconf 87' lang='lat' dir='ltr'><strong>caput</strong></span> <span class='ocrx_word' id='word_1_781' title='bbox 2723 5132 3120 5195; x_wconf 69' lang='lat' dir='ltr'><strong>effundentem,</strong></span> <span class='ocrx_word' id='word_1_782' title='bbox 3162 5131 3257 5187; x_wconf 84' lang='lat' dir='ltr'><strong>sed</strong></span> <span class='ocrx_word' id='word_1_783' title='bbox 3311 5130 3479 5199; x_wconf 86' lang='lat' dir='ltr'><strong>pedes</strong></span> 
     </span>
    </p>
   </div>
   <div class='ocr_carea' id='block_1_110' title="bbox 1905 5222 3477 5293">
    <p class='ocr_par' dir='ltr' id='par_1_110' title="bbox 1905 5222 3477 5293">
     <span class='ocr_line' id='line_1_110' title="bbox 1905 5222 3477 5293; baseline -0.001 -16"><span class='ocrx_word' id='word_1_784' title='bbox 1905 5231 2232 5293; x_wconf 87' lang='lat' dir='ltr'><strong>ungentem;</strong></span> <span class='ocrx_word' id='word_1_785' title='bbox 2263 5231 2317 5277; x_wconf 92' lang='lat' dir='ltr'><strong>et</strong></span> <span class='ocrx_word' id='word_1_786' title='bbox 2349 5222 2661 5293; x_wconf 84' lang='lat' dir='ltr'><strong>passionem</strong></span> <span class='ocrx_word' id='word_1_787' title='bbox 2686 5223 2939 5279; x_wconf 87' lang='lat' dir='ltr'><strong>instarea</strong></span> <span class='ocrx_word' id='word_1_788' title='bbox 2975 5223 3206 5279; x_wconf 87' lang='lat' dir='ltr'><strong>Domino</strong></span> <span class='ocrx_word' id='word_1_789' title='bbox 3237 5223 3477 5278; x_wconf 88' lang='lat' dir='ltr'><strong>nondum</strong></span> 
     </span>
    </p>
   </div>
   <div class='ocr_carea' id='block_1_111' title="bbox 1905 5313 3480 5385">
    <p class='ocr_par' dir='ltr' id='par_1_111' title="bbox 1905 5313 3480 5385">
     <span class='ocr_line' id='line_1_111' title="bbox 1905 5313 3480 5385; baseline -0.002 -16"><span class='ocrx_word' id='word_1_790' title='bbox 1905 5313 2251 5380; x_wconf 89' lang='lat' dir='ltr'><strong>didicerant;</strong></span> <span class='ocrx_word' id='word_1_791' title='bbox 2284 5329 2405 5385; x_wconf 69' lang='lat' dir='ltr'><strong>qua:</strong></span> <span class='ocrx_word' id='word_1_792' title='bbox 2436 5316 2621 5369; x_wconf 90' lang='lat' dir='ltr'><strong>omnia</strong></span> <span class='ocrx_word' id='word_1_793' title='bbox 2657 5330 2753 5370; x_wconf 88' lang='lat' dir='ltr'><strong>eos</strong></span> <span class='ocrx_word' id='word_1_794' title='bbox 2789 5315 2856 5368; x_wconf 91' lang='lat' dir='ltr'><strong>ab</strong></span> <span class='ocrx_word' id='word_1_795' title='bbox 2893 5315 3267 5385; x_wconf 89' lang='lat' dir='ltr'><strong>indignatione</strong></span> <span class='ocrx_word' id='word_1_796' title='bbox 3306 5323 3480 5368; x_wconf 86' lang='lat' dir='ltr'><strong>retra-</strong></span> 
     </span>
    </p>
   </div>
   <div class='ocr_carea' id='block_1_112' title="bbox 1906 5407 3473 5467">
    <p class='ocr_par' dir='ltr' id='par_1_112' title="bbox 1906 5407 3473 5467">
     <span class='ocr_line' id='line_1_112' title="bbox 1906 5407 3473 5467; baseline -0.002 -5"><span class='ocrx_word' id='word_1_797' title='bbox 1906 5409 2036 5463; x_wconf 84' lang='lat' dir='ltr'><strong>ltere</strong></span> <span class='ocrx_word' id='word_1_798' title='bbox 2076 5408 2351 5462; x_wconf 88' lang='lat' dir='ltr'><strong>valebant.</strong></span> <span class='ocrx_word' id='word_1_799' title='bbox 2395 5407 2629 5463; x_wconf 85' lang='lat' dir='ltr'><strong>Aliunde</strong></span> <span class='ocrx_word' id='word_1_800' title='bbox 2662 5408 2707 5463; x_wconf 92' lang='lat' dir='ltr'><strong>si</strong></span> <span class='ocrx_word' id='word_1_801' title='bbox 2742 5408 2951 5461; x_wconf 92' lang='lat' dir='ltr'><strong>nullum</strong></span> <span class='ocrx_word' id='word_1_802' title='bbox 2984 5423 3049 5461; x_wconf 80' lang='lat' dir='ltr'><strong>ex</strong></span> <span class='ocrx_word' id='word_1_803' title='bbox 3097 5407 3185 5461; x_wconf 88' lang='lat' dir='ltr'><strong>bis</strong></span> <span class='ocrx_word' id='word_1_804' title='bbox 3230 5407 3473 5467; x_wconf 87' lang='lat' dir='ltr'><strong>adesset,</strong></span> 
     </span>
    </p>
   </div>
   <div class='ocr_carea' id='block_1_113' title="bbox 1906 5496 3479 5570">
    <p class='ocr_par' dir='ltr' id='par_1_113' title="bbox 1906 5496 3479 5570">
     <span class='ocr_line' id='line_1_113' title="bbox 1906 5496 3479 5570; baseline -0.004 -15"><span class='ocrx_word' id='word_1_805' title='bbox 1906 5501 1951 5555; x_wconf 88' lang='lat' dir='ltr'><strong>si</strong></span> <span class='ocrx_word' id='word_1_806' title='bbox 1984 5500 2147 5555; x_wconf 85' lang='lat' dir='ltr'><strong>alicui</strong></span> <span class='ocrx_word' id='word_1_807' title='bbox 2169 5498 2568 5569; x_wconf 89' lang='lat' dir='ltr'><strong>discipulorum</strong></span> <span class='ocrx_word' id='word_1_808' title='bbox 2604 5512 2730 5555; x_wconf 90' lang='lat' dir='ltr'><strong>nata</strong></span> <span class='ocrx_word' id='word_1_809' title='bbox 2764 5509 2907 5555; x_wconf 90' lang='lat' dir='ltr'><strong>esset</strong></span> <span class='ocrx_word' id='word_1_810' title='bbox 2942 5499 3260 5570; x_wconf 74' lang='lat' dir='ltr'><strong>indignatio,</strong></span> <span class='ocrx_word' id='word_1_811' title='bbox 3292 5496 3359 5550; x_wconf 90' lang='lat' dir='ltr'><strong>ad</strong></span> <span class='ocrx_word' id='word_1_812' title='bbox 3394 5499 3479 5550; x_wconf 90' lang='lat' dir='ltr'><strong>lu-</strong></span> 
     </span>
    </p>
   </div>
   <div class='ocr_carea' id='block_1_114' title="bbox 1906 5588 3481 5663">
    <p class='ocr_par' dir='ltr' id='par_1_114' title="bbox 1906 5588 3481 5663">
     <span class='ocr_line' id='line_1_114' title="bbox 1906 5588 3481 5663; baseline -0.005 -15"><span class='ocrx_word' id='word_1_813' title='bbox 1906 5607 2024 5648; x_wconf 85' lang='lat' dir='ltr'><strong>cem</strong></span> <span class='ocrx_word' id='word_1_814' title='bbox 2058 5592 2276 5663; x_wconf 89' lang='lat' dir='ltr'><strong>prodire</strong></span> <span class='ocrx_word' id='word_1_815' title='bbox 2306 5592 2532 5647; x_wconf 87' lang='lat' dir='ltr'><strong>inhibita</strong></span> <span class='ocrx_word' id='word_1_816' title='bbox 2571 5604 2734 5647; x_wconf 90' lang='lat' dir='ltr'><strong>esset.</strong></span> <span class='ocrx_word' id='word_1_817' title='bbox 2774 5592 3125 5647; x_wconf 70' lang='lat' dir='ltr'><strong>Praveniens</strong></span> <span class='ocrx_word' id='word_1_818' title='bbox 3164 5590 3310 5645; x_wconf 90' lang='lat' dir='ltr'><strong>enim</strong></span> <span class='ocrx_word' id='word_1_819' title='bbox 3342 5588 3481 5641; x_wconf 79' lang='lat' dir='ltr'><strong>Pba-</strong></span> 
     </span>
    </p>
   </div>
   <div class='ocr_carea' id='block_1_115' title="bbox 1908 5679 3475 5753">
    <p class='ocr_par' dir='ltr' id='par_1_115' title="bbox 1908 5679 3475 5753">
     <span class='ocr_line' id='line_1_115' title="bbox 1908 5679 3475 5753; baseline -0.003 -15"><span class='ocrx_word' id='word_1_820' title='bbox 1908 5685 2122 5745; x_wconf 68' lang='lat' dir='ltr'><strong>risazus,</strong></span> <span class='ocrx_word' id='word_1_821' title='bbox 2158 5683 2595 5753; x_wconf 84' lang='lat' dir='ltr'><strong>reprehensionis</strong></span> <span class='ocrx_word' id='word_1_822' title='bbox 2627 5683 3035 5738; x_wconf 87' lang='lat' dir='ltr'><strong>accusationem</strong></span> <span class='ocrx_word' id='word_1_823' title='bbox 3070 5682 3267 5746; x_wconf 89' lang='lat' dir='ltr'><strong>subiit;</strong></span> <span class='ocrx_word' id='word_1_824' title='bbox 3305 5687 3359 5734; x_wconf 83' lang='lat' dir='ltr'><strong>et</strong></span> <span class='ocrx_word' id='word_1_825' title='bbox 3396 5679 3475 5734; x_wconf 88' lang='lat' dir='ltr'><strong>sic</strong></span> 
     </span>
    </p>
   </div>
   <div class='ocr_carea' id='block_1_116' title="bbox 1907 5775 3475 5830">
    <p class='ocr_par' dir='ltr' id='par_1_116' title="bbox 1907 5775 3475 5830">
     <span class='ocr_line' id='line_1_116' title="bbox 1907 5775 3475 5830; baseline -0.003 -2"><span class='ocrx_word' id='word_1_826' title='bbox 1907 5776 2137 5828; x_wconf 89' lang='lat' dir='ltr'><strong>aliorum</strong></span> <span class='ocrx_word' id='word_1_827' title='bbox 2165 5775 2369 5828; x_wconf 89' lang='lat' dir='ltr'><strong>silentii</strong></span> <span class='ocrx_word' id='word_1_828' title='bbox 2424 5775 2587 5829; x_wconf 79' lang='lat' dir='ltr'><strong>visus</strong></span> <span class='ocrx_word' id='word_1_829' title='bbox 2628 5785 2774 5830; x_wconf 87' lang='lat' dir='ltr'><strong>esset</strong></span> <span class='ocrx_word' id='word_1_830' title='bbox 2833 5775 3135 5830; x_wconf 80' lang='lat' dir='ltr'><strong>admonitio</strong></span> <span class='ocrx_word' id='word_1_831' title='bbox 3186 5784 3239 5827; x_wconf 85' lang='lat' dir='ltr'><strong>et</strong></span> <span class='ocrx_word' id='word_1_832' title='bbox 3288 5785 3475 5826; x_wconf 76' lang='lat' dir='ltr'><strong>causa.</strong></span> 
     </span>
    </p>
   </div>
   <div class='ocr_carea' id='block_1_117' title="bbox 1911 5866 3474 5936">
    <p class='ocr_par' dir='ltr' id='par_1_117' title="bbox 1911 5866 3474 5936">
     <span class='ocr_line' id='line_1_117' title="bbox 1911 5866 3474 5936; baseline -0.004 -14"><span class='ocrx_word' id='word_1_833' title='bbox 1911 5870 2109 5922; x_wconf 77' lang='lat' dir='ltr'><strong>Contra</strong></span> <span class='ocrx_word' id='word_1_834' title='bbox 2144 5882 2269 5922; x_wconf 72' lang='lat' dir='ltr'><strong>vero</strong></span> <span class='ocrx_word' id='word_1_835' title='bbox 2317 5866 2505 5921; x_wconf 79' lang='lat' dir='ltr'><strong>Lazat&#39;i</strong></span> <span class='ocrx_word' id='word_1_836' title='bbox 2568 5883 2815 5923; x_wconf 78' lang='lat' dir='ltr'><strong>sororem</strong></span> <span class='ocrx_word' id='word_1_837' title='bbox 2869 5884 2975 5922; x_wconf 80' lang='lat' dir='ltr'><strong>non</strong></span> <span class='ocrx_word' id='word_1_838' title='bbox 3030 5870 3383 5936; x_wconf 78' lang='lat' dir='ltr'><strong>indignantur</strong></span> <span class='ocrx_word' id='word_1_839' title='bbox 3412 5879 3474 5918; x_wconf 79' lang='lat' dir='ltr'><strong>ex</strong></span> 
     </span>
    </p>
   </div>
  </div>
