4186 6444
744 387 846 455 96⁵1

1897 391 2156 453 ΡΗΟΤΙΙ
2186 391 2694 453 ΡΑΤΒΙΑΚΕΗΕ
2727 392 2839 451 CP.

3898 396 4007 457 368

743 498 1032 568 discipulis
1067 498 1103 554 ii
1135 500 1228 570 qui
1271 501 1410 554 bona
1440 501 1721 556 voluntate
1763 513 1945 566 erant,
1984 514 2039 560 et
2068 505 2320 560 mulieris
2350 527 2363 568 Α

2432 504 2530 558 τῶν
2560 504 2756 570 ἄλλων,
2789 503 3168 575 σωφρονισμδς
3223 505 3378 578 ὤφθη
3415 507 3508 560 καὶ
3551 508 3838 578 παραίτιος
3867 524 3881 539 ·
3916 510 4013 562 ἐπὶ

746 593 1100 648 veneratione
1134 591 1350 646 inhibiti
1375 603 1428 648 ct
1467 596 1720 664 praesenti
1751 595 2015 649 miraculo
2039 597 2320 666 correpti;

743 692 798 744 ct
826 684 955 750 quia
992 697 1100 738 non
1122 683 1212 738 illa
1241 685 1294 738 in
1327 695 1492 754 caput
1521 685 1714 741 effudit
1752 699 2116 756 unguentum,
2153 688 2324 743 sedet

744 774 930 850 pedes,
967 774 1192 829 omnino
1223 787 1533 831 reverenter
1563 778 1812 843 inunxit;
1853 779 2005 834 solus
2034 779 2200 850 igitur
2227 778 2324 834 Ju-

743 868 842 928 das
873 865 1142 937 incipiens
1181 869 1291 936 jam
1361 871 1590 924 avaritia
1626 871 1820 927 ardere
1862 881 1916 926 et
1985 871 2320 942 proditionis

744 959 981 1015 obsideri
1022 960 1491 1029 meditationibus,
1518 964 1835 1035 indignatus
1860 972 1966 1022 est.

2420 595 2480 650 δὲ
2524 597 2622 665 τῆς
2670 595 2926 666 Λαζάρου
2975 595 3210 664 ἀδελφῆς
3266 597 3368 649 οὐκ
3412 599 3783 666 ἀγανακτοῦσι
3832 600 3934 669 μὲν
3960 600 4013 652 οἱ

2419 689 2762 758 εὐγνώμονες
2800 687 2910 742 τῶν
2965 688 3247 758 μαθητῶν,
3311 689 3412 758 ⁸τῆς
3433 707 3492 743 τε
3519 691 3781 758 γυναικὸς
3806 693 3873 762 τῇ
3915 692 4013 744 s6-

2418 779 2614 850 λαϐείᾳ.
2685 779 3010 849 ὲπεχόμενοι
3085 781 3180 832 καὶ
3239 779 3315 848 τῷ
3379 783 3694 852 ἐνεστηκότι
3767 783 4016 853 θαύματι

2419 869 2834 940 συστελλόμενοι
2869 887 2884 902 ο
2945 870 3040 924 καὶ
3094 870 3176 923 ὅτι
3235 871 3347 924 οὐδ’
3414 871 3552 942 αὑτὴ
3606 871 3746 924 κατά
3787 873 3885 940 τῆς
3922 889 4015 930 κε-

2417 962 2595 1031 φαλῆς
2622 962 2819 1016 ὲκένου
2856 961 2920 1015 τὸ
2953 961 3148 1032 μύρον,
3180 961 3318 1015 ἀλλά
3351 963 3444 1016 καὶ
3472 963 3601 1026 τοὺς
3655 961 3825 1024 πόδας
3879 979 4018 1014 παν·

743 1052 988 1115 ευλαδῶς
1059 1053 1246 1123 ἤλειφε
1279 1067 1292 1082 ⁸
1366 1055 1530 1125 μόνος
1579 1057 1677 1127 μέν
1702 1074 1786 1111 τοι
1815 1074 1878 1126 γε
1948 1058 1977 1110 ό
2031 1055 2234 1118 Ἰούδας
2287 1053 2623 1123 ἀγανακτεῖ,
2689 1053 2990 1126 ἀρχόμενος
3035 1054 3139 1125 ήδη
3200 1055 3266 1126 τῇ
3329 1052 3665 1124 φιλαργυρία
3737 1051 4018 1122 φλεγμαί-

744 1164 888 1209 νειν,
943 1145 1036 1197 καὶ
1097 1147 1207 1210 τοῖς
1257 1146 1381 1217 τῆςο
1426 1149 1715 1218 προδοσίας
1767 1148 2173 1220 πολιορκεῖσθαι
2228 1146 2529 1215 λογισμοῖς.

814 1239 1056 1299 Tertiam
1079 1254 1282 1309 tamen,
1326 1254 1385 1299 ut
1435 1246 1642 1301 dictum
1671 1256 1777 1310 est,
1833 1247 1935 1302 etsi
1976 1262 2041 1300 ex
2101 1245 2319 1299 diversa

743 1344 944 1400 mente,
984 1345 1036 1390 et
1065 1337 1156 1392 alii
1189 1339 1443 1409 discipuli
1479 1349 1533 1394 et
1574 1338 1744 1396 ludas
1794 1338 2092 1409 praesertim
2149 1336 2320 1392 cavil-

743 1425 944 1488 lantur.
978 1443 1119 1482 unus
1163 1440 1224 1483 ut
1248 1429 1358 1498 jam
1387 1431 1741 1485 vehementer
1771 1430 2075 1499 proditione
2103 1439 2318 1499 captus,

747 1527 800 1570 et
841 1519 1082 1574 avaritia:
1118 1520 1391 1576 ﬂammam
1431 1537 1536 1576 non
1559 1522 1672 1591 jam
1723 1523 1868 1577 ferre
1901 1522 2089 1577 valens
2133 1521 2318 1600 omnia

748 1609 896 1666 intus
923 1611 1045 1685 igne
1069 1622 1390 1680 vastantem,
1419 1624 1474 1669 et
1506 1615 1794 1685 indignans
1827 1615 1972 1684 quod
2013 1630 2111 1685 per
2150 1630 2317 1670 vene-

747 1701 1014 1756 rationem
1056 1713 1111 1758 et
1149 1704 1411 1761 honorem
1444 1707 1513 1761 ab
1542 1708 1664 1763 aliis
1719 1705 1974 1775 Magister
2029 1707 2314 1763 habeatur.

746 1790 849 1846 Alii
881 1808 1014 1848 vero
1044 1795 1318 1865 discipuli,
1356 1813 1480 1853 cum
1512 1799 1626 1866 jam
1667 1799 1836 1854 multa
1881 1799 1950 1853 de
1975 1799 2316 1870 elecmosyna

745 1891 799 1938 et
831 1899 1125 1954 pauperum
1158 1889 1635 1944 commiseratione
1668 1890 1993 1956 audiissent,
2018 1906 2048 1945 a
2074 1889 2319 1960 Magistri

747 1979 1012 2031 sententia
1041 1971 1175 2032 nihil
1209 1980 1470 2050 putabant
1500 1997 1558 2038 se.
1589 1981 1828 2038 dilicrre.
1871 1981 1988 2037 Non
2043 1982 2188 2036 enim
2234 1982 2319 2036 iu-

745 2065 1004 2122 decorum
1037 2083 1158 2124 esse
1191 2070 1502 2136 credebant,
1529 2074 1573 2128 si
1615 2089 1720 2128 non
1763 2083 2079 2144 paterentur
2128 2073 2323 2128 mulie-

747 2171 861 2210 rem
889 2157 1188 2214 adulteram
1219 2161 1272 2214 in
1302 2163 1566 2218 mundum
1592 2174 1752 2234 caput
1787 2176 2124 2236 unguentum
2148 2165 2324 2221 edun-

746 2247 895 2304 dere.
934 2250 1169 2306 Aliunde
1190 2261 1244 2307 et
1289 2251 1578 2309 Dominum
1616 2257 1864 2313 videntes
1912 2259 2096 2313 omnia
2153 2257 2324 2329 negli-

2505 1240 2631 1295 Ἐπὶ
2686 1241 2870 1310 μέντοι
2903 1239 3006 1310 τῆς
3054 1239 3267 1309 τρίτης,
3297 1238 3374 1304 ώς
3407 1242 3646 1311 εἴρηται,
3681 1239 3788 1294 κᾶν
3815 1240 3882 1293 ἐκ
3905 1239 4019 1293 διαο

2427 1332 2593 1404 φόρου
2649 1333 2873 1402 γνώμης
2903 1333 2956 1386 οἵ
3003 1339 3091 1395 ‘t‘,
3109 1331 3260 1385 ἄλλοι
3324 1331 3564 1402 μαθηταὶ
3614 1332 3711 1385 καὶ
3745 1333 3776 1384 ὁ
3815 1331 4022 1394 Ἰούδας

2421 1424 2658 1492 μάλιστα
2715 1422 3091 1493 διαγογγύζιι,
3123 1426 3152 1477 ό
3199 1425 3299 1493 μὲν
3324 1423 3401 1488 ὡς
3460 1425 3560 1494 ἥδη
3611 1423 3754 1477 κατά
3813 1423 4024 1493 κράτος

2419 1515 2579 1579 ἁλοὺς
2597 1517 2663 1586 τῇ
2695 1515 2980 1587 προδοσία,
3053 1517 3148 1570 καὶ
3180 1517 3372 1585 φέρειν
3416 1517 3516 1586 οὐχ
3564 1510 3687 1578 οἷός
3712 1533 3775 1568 τε
3819 1515 3900 1568 ὣν
3937 1515 4022 1568 ἔτι

2422 1609 2522 1678 τῆς
2575 1606 2941 1679 φιλαργυρίας
2988 1606 3090 1679 τὴν
3113 1608 3310 1677 φλόγα,
3333 1608 3402 1661 τά
3433 1607 3583 1662 ἔνδον
3614 1607 3848 1662 ἅπαντα
3871 1623 4021 1677 πυρα

2420 1698 2728 1753 πολοῦσαν⁶
2761 1699 2856 1753 καὶ
2881 1698 2972 1754 διὰ
3001 1698 3350 1770 σεϐάσματος
3377 1701 3510 1772 όρᾷν
3541 1699 3638 1753 καὶ
3664 1701 3832 1770 ¹ιιμῆς
3862 1700 4022 1767 παρά

2420 1793 2533 1853 τοῖς
2588 1791 2774 1856 ἄλλοις
2819 1791 3089 1862 ἀγόμενον
3147 1791 3241 1845 τὸν
3297 1791 3635 1846 Διδάσκαλον
3657 1807 3674 1823 ο
3704 1791 3755 1844 ot
3791 1790 3836 1844 δ’
3864 1789 4023 1845 ἄλλοι

2431 1883 2672 1954 μαθηταὶ
2728 1883 3104 1955 ἐλεημοσύνης
3160 1901 3221 1937 τε
3251 1924 3267 1948 ,
3329 1882 3408 1948 ὡς
3452 1884 3720 1948 πολλάκις
3765 1885 4022 1955 εἴρηται,

2425 1975 2594 2029 πολὺν
2648 1974 2750 2047 ἤδη
2777 1975 2934 2043 λόγον
2959 1974 3178 2045 ἔχοντες
3210 1975 3306 2030 καὶ
3347 1975 3724 2046 φιλοπτωχίας
3759 1973 4024 2042 καὶπρὸς

2421 2066 2522 2136 τὴν
2553 2065 2883 2126 Διδασκάλου
2913 2063 3142 2134 γνώμην
3167 2065 3319 2118 οὐδὲν
3354 2065 3592 2130 οἰόμενοι
3625 2064 4014 2134 διαφίρεσθαι·

2425 2157 2486 2209 οὐ
2519 2157 2628 2228 γάρ
2659 2156 2886 2226 ἀπεικὸς
2933 2155 3184 2228 ἐνόμιζον
3213 2157 3288 2227 μὴ
3310 2156 3424 2210 δεῖν
3459 2155 3752 2227 ἀνέχεσθαι
3775 2158 4019 2224 γυναῖκα

2425 2245 2633 2316 πόρνην
2693 2246 2836 2300 κατά
2895 2247 2995 2318 τῆς
3052 2246 3328 2317 ἀχράντου
3388 2246 3632 2317 κεφαλῆς
3682 2245 3905 2316 ικιίνης
3955 2246 4020 2298 τὸ

749 2349 964 2412 gentem
994 2351 1048 2398 et
1074 2343 1140 2398 ad
1182 2359 1399 2400 crucem
1435 2357 1490 2403 et
1512 2359 1742 2404 mortem
1793 2352 2112 2420 propulsum
2145 2368 2160 2417 ;
2196 2366 2320 2407 nam

2432 2337 2599 2408 μύρον
2655 2338 2886 2409 ἑκχέειν.
2943 2337 3151 2401 Ἄλλως
3191 2355 3249 2391 τε
3295 2339 3354 2392 δὲ
3390 2339 3486 2392 καὶ
3533 2338 3626 2392 τὸν
3680 2335 4020 2394 Διδάσκαλον

749 2445 1013 2504 perpetuo
1060 2437 1372 2507 passionem
1409 2441 1491 2494 eis
1533 2440 1646 2509 jam
1685 2443 2033 2510 praedicebat.
2071 2442 2129 2498 Si
2175 2444 2321 2498 enim

2432 2430 2662 2500 ὁρῶντες
2689 2431 2910 2484 πάντων
2943 2430 3043 2500 μὲν
3068 2429 3460 2501 ὀλιγωροῦντα,
3496 2431 3635 2500 πρὸς
3657 2429 3713 2487 ει
3742 2430 3833 2484 σὺν
3855 2447 4021 2484 σταυ-

752 2522 1012 2593 Magister
1041 2536 1228 2580 noster
1272 2527 1354 2596 (ut
1407 2529 1782 2585 verisimilitcr
1833 2532 2324 2602 ratiocinabantnr)

2432 2522 2521 2592 ρὸν
2550 2521 2648 2574 καὶ
2677 2519 2768 2574 τὸν
2818 2521 3049 2575 θάνατον
3082 2521 3466 2592 ἐπειγόμενον
3512 2521 3608 2574 καὶ
3637 2522 3748 2592 γὰρ
3773 2521 4021 2592 συνεχῶς

751 2615 819 2677 ad
868 2626 1099 2671 mortem
1149 2617 1508 2683 convertitur,
1546 2618 1677 2690 quid
1709 2618 1947 2687 prodest,
2006 2635 2040 2674 o
2101 2621 2320 2680 mulier.

2432 2615 2486 2667 τὸ
2515 2614 2686 2675 πάθος
2720 2613 2903 2677 αὐτοῖς
2932 2614 3032 2685 ἤδη
3062 2613 3380 2683 προέλεγενο
3409 2614 3458 2666 εἰ
3485 2612 3666 2666 τοίνυν
3690 2611 3719 2668 6
3747 2613 4020 2668 Διδάσκα-

750 2706 1015 2776 unguenti
1073 2707 1235 2777 hujus
1264 2707 1504 2762 ell‘usio?
1553 2707 1726 2773 Quam
1782 2709 2065 2764 utilitatem
2121 2726 2186 2765 ex
2235 2713 2329 2767 illo

2432 2705 2518 2769 λος
2553 2703 2740 2776 ἡμῶν,
2809 2703 2956 2767 εἰκὸς
2995 2699 3064 2774 ἦν
3099 2703 3282 2766 αὐτοῖς
3349 2703 3685 2772 λογίζεσθαι,
3729 2703 3870 2774 πρὸς
3929 2703 4022 2757 τὸν

751 2797 1034 2866 percipiet,
1067 2813 1227 2866 quem
1259 2799 1460 2866 injusta
1481 2815 1627 2855 mors
1659 2800 1819 2869 paulo
1866 2810 1989 2871 post
2017 2803 2330 2872 exspectat?

2432 2798 2663 2852 θάνατον
2715 2795 3278 2867 εύτρεπίζεται,“ιίτὸ
3307 2795 3489 2866 κῶρος
3533 2795 3725 2866 κέρδος
3770 2795 3874 2864 τῆς
3919 2794 4020 2848 τοῦ

753 2887 1095 2959 Quapropter
1126 2891 1392 2957 Salvator,
1439 2907 1630 2948 eorum
1675 2897 1998 2949 sententiain
2046 2911 2144 2964 per
2198 2910 2330 2951 con-

2435 2887 2608 2958 μύρου
2668 2887 2949 2950 κενώσεως
2976 2903 2992 2951 ;
3051 2887 3197 2951 τίνος
3229 2887 3274 2939 δ’
3304 2886 3363 2952 ἑξ
3396 2887 3560 2941 αὑτοῦ
3613 2886 3709 2957 τῆς
3740 2885 4022 2954 ὠφελείας

757 2981 920 3036 traria
957 2982 1271 3049 corrigens:
1299 2981 1356 3035 ln
1396 2999 1568 3037 meam
1601 2985 1956 3052 sepulturam,
1990 2985 2187 3056 inquit,
2226 2986 2330 3042 hoc

2435 2978 2677 3048 μεθέξει,
2699 2978 2759 3031 δν
2790 2977 3120 3047 κακούργων
3148 2977 3288 3048 μετά
3338 2977 3515 3048 βραχὺ
3544 2977 3774 3040 θάνατος
3797 2978 4022 3046 ικδέχε-

757 3070 923 3137 fecit;
962 3072 1118 3141 quasi
1177 3071 1290 3127 fere
1326 3072 1574 3128 diceret:
1614 3085 1834 3144 propter
1884 3076 2027 3146 quod
2072 3091 2171 3130 vos
2230 3093 2333 3132 un-

2432 3087 2523 3122 ται
2550 3086 2564 3134 ;
2621 3068 2703 3122 διὸ
2747 3068 2845 3122 καὶ
2875 3069 2903 3122 ὁ
2926 3069 3120 3138 Σωτὴρ
3143 3067 3255 3139 τὴν,
3295 3068 3474 3122 αὐτῶν
3493 3068 3583 3122 διὰ
3617 3067 3725 3123 τῶν
3754 3070 4024 3125 ἐναντίων

758 3173 1014 3235 guentum
1045 3179 1150 3217 non
1181 3163 1381 3217 effundi
1415 3174 1666 3232 oportere
1694 3166 2010 3236 opinamini,
2042 3169 2199 3237 quasi
2219 3169 2332 3239 ipse
2359 3201 2363 3233 ι

2435 3158 2815 3230 διορθούμενος
2889 3159 3151 3224 διάνοιαν,
3208 3160 3303 3223 El;
3332 3159 3425 3213 τὸν
3473 3160 3857 3229 ἐνταφιασμόν
3897 3178 4021 3230 μου,

759 3252 941 3306 omnia
971 3251 1308 3321 despicerem
1337 3253 1605 3323 meipsum
1635 3253 1700 3307 ad
1729 3266 1954 3309 mortem
2002 3258 2115 3327 jam
2145 3259 2330 3327 dispo-

2435 3253 2590 3321 φησὶ,
2621 3251 2779 3305 τοῦτο
2801 3253 3086 3322 πεποίηκε’
3116 3255 3401 3322 μονονουχὶ
3427 3252 3620 3320 λέγων·
3656 3252 3730 3305 Δι’
3759 3244 3837 3308 ὧν
3865 3253 4025 3323 ὑμεῖς

759 3356 917 3408 nens,
951 3355 1017 3395 eo
1069 3341 1186 3411 ipso
1215 3343 1466 3398 mulieris
1497 3359 1632 3414 opus
1679 3333 1850 3415 magis
1917 3349 2193 3403 mentione
2252 3350 2335 3403 di-

2433 3348 2494 3400 τὸ
2523 3345 2697 3418 μύρον
2729 3345 2804 3416 μὴ
2833 3346 2944 3400 δεῖν
3001 3347 3304 3415 κενωθῆναι
3361 3345 3755 3414 διαλογίζεσθε.
3789 3344 3894 3399 ὃ.
3959 3345 4024 3415 δὴ

761 3447 926 3499 gnum
974 3431 1186 3488 videtur
1236 3435 1591 3502 processisse.
1627 3434 1680 3489 In
1718 3452 1892 3491 meam
1944 3440 2089 3493 enim
2149 3441 2332 3509 sepul-

764 3534 940 3578 turam
976 3525 1078 3580 hoc
1124 3524 1270 3582 fecit.
1309 3525 1372 3579 Et
1407 3527 1471 3581 ad
1517 3544 1613 3584 eos
1650 3530 1868 3598 quidem
1917 3547 1980 3585 ex
2050 3532 2334 3600 discipulis

762 3616 856 3680 qui
889 3621 1026 3671 bona
1058 3626 1237 3672 mente
1274 3628 1431 3673 erant
1465 3619 1616 3689 juxta
1650 3620 1796 3675 hunc
1828 3637 2049 3676 sensum
2089 3623 2335 3692 apprime

765 3704 1089 3763 Dominicus
1119 3722 1306 3763 sermo
1357 3707 1632 3792 dirigitur.
1675 3710 1754 3764 Ad
1807 3708 2004 3764 ludam
2068 3727 2220 3775 vero,
2275 3721 2336 3767 ut

764 3797 966 3852 dictum
1002 3807 1105 3854 est.
1146 3798 1358 3855 Etenim
1394 3816 1494 3870 pro
1532 3802 1805 3856 rationum
1853 3803 2156 3857 dilferentia
2209 3805 2334 3873 qui-

766 3888 868 3945 bus
915 3889 1262 3946 scindebatur
1300 3891 1697 3962 indignantium
1752 3894 1906 3958 ordo,
1943 3894 2170 3949 decebat
2233 3895 2338 3950 Do-

766 3981 976 4042 minum
1040 3982 1268 4054 singulis
1329 3983 1601 4040 mentibus
1656 3999 1964 4047 sermonem
2026 4002 2336 4056 congruum

766 4072 1029 4147 proferre,
1059 4072 1335 4136 auditores
1386 4081 1567 4130 autem
1620 4073 1687 4129 ad
1736 4076 2008 4145 propriam
2065 4093 2340 4146 quemque

767 4164 1162 4222 conscientiam
1188 4164 1398 4219 Domini
1435 4179 1755 4236 responsum
1779 4169 2213 4222 accommodare.
2233 4167 2339 4223 Sed

768 4257 915 4312 enim
947 4255 1015 4310 de
1040 4257 1362 4315 mulieribus
1389 4272 1512 4327 quas
1541 4259 1718 4329 dignae
1749 4260 1877 4314 visa:
1906 4269 2034 4314 sunt
2060 4270 2120 4314 ut
2153 4260 2340 4315 Domi-

772 4362 903 4402 num
938 4357 1211 4417 unguento
1234 4358 1515 4417 ungerent,
1549 4364 1643 4405 eas
1677 4365 1784 4404 non
1808 4365 1930 4405 esse
1954 4367 2131 4420 neque
2152 4351 2338 4422 plures

769 4429 944 4494 tribus
1003 4455 1176 4508 neque
1222 4440 1529 4510 pauciores,
1583 4440 1904 4498 sullicicntia
1949 4442 2144 4510 opinor
2194 4443 2339 4499 dicta

2438 3440 2658 3493 πάντων
2687 3435 3079 3509 ὀλιγωροῦντος
3125 3437 3283 3507 ἐμοῦ.
3326 3437 3423 3492 καὶ
3457 3436 4027 3508 παρασκευαζομένου

2436 3530 2576 3598 πρὸς
2605 3529 2699 3582 τὸν
2725 3527 2978 3590 θάνατον,
3010 3527 3098 3581 διὰ
3127 3528 3332 3581 τούτων
3381 3525 3585 3597 μᾶλλον
3627 3528 3726 3597 τῆς
3760 3527 4025 3595 γυναικὸς

2435 3620 2494 3672 τὸ
2526 3618 2685 3690 ἔργον
2713 3617 3008 3686 ἀξιολόγως
3058 3619 3312 3687 φαίνεται
3340 3617 3635 3689 προελθόνο
3673 3618 3768 3681 Εἰς
3796 3618 3911 3688 γὰρ
3936 3617 4029 3670 τὸν

2439 3711 2812 3782 ἐνταφιασμόν
2835 3727 2934 3781 μου
2956 3711 3119 3764 τοῦτο
3143 3710 3438 3782 πεποίηκε’
3473 3711 3571 3764 καὶ
3604 3711 3740 3781 πρὸς
3769 3711 3875 3780 μὲν
3898 3711 4027 3773 τοὺς

2441 3803 2796 3874 εὐγνώμονας
2815 3821 2925 3857 των
2957 3802 3218 3873 μαθητῶν
3243 3801 3385 3856 κατά
3418 3802 3626 3871 ταύτην
3647 3801 3747 3872 τὴν
3783 3803 4030 3858 διάνοιαν

2437 3895 2468 3946 ό
2525 3894 2854 3957 Δεσποτικὺς
2909 3893 3066 3963 λόγος
3121 3893 3418 3964 ἀρμόσειεν
3457 3895 3524 3949 ἂν
3557 3913 3571 3926 ·
3640 3892 3778 3964 πρὸς
3831 3892 3892 3944 δὲ
3939 3893 4031 3944 τὸν

2453 3981 2657 4035 Ἰούδαν
2704 3981 2780 4045 ὡς
2824 3980 3169 4053 προείρηταιο
3198 3986 3296 4034 καὶ
3336 3978 3446 4052 γὰρ
3487 3981 3625 4052 πρὸς
3655 3981 3752 4050 τὴν
3806 3982 3922 4034 τῶν
3937 3982 4026 4033 λο-

2442 4070 2658 4141 γισμῶν
2711 4071 2977 4143 διαφορὰν
2996 4065 3078 4135 οἷς
3109 4071 3397 4143 ἐμερίζετο
3424 4071 3532 4124 τῶν
3562 4069 4029 4138 ἀγανακτούντων

2440 4162 2502 4216 τδ
2529 4161 2836 4233 σύνταγμα,
2891 4163 3034 4226 είκδς
3058 4158 3125 4233 ἦν
3145 4164 3239 4217 καὶ
3283 4163 3374 4217 τὸν
3430 4163 3711 4233 Δεσπότην
3733 4163 4030 4234 ἑκατέραις

2445 4252 2694 4325 γνώμαις
2726 4256 3082 4326 προενεγκεῖν
3111 4256 3203 4309 τὸν
3244 4255 3402 4324 λόγον
3428 4254 3744 4327 ἁρμόζοντα
3776 4256 3874 4307 καὶ
3899 4254 4032 4315 τοὺς

2446 4344 2725 4414 ἀκροατὰς
2779 4344 2916 4416 πρὸς
2981 4345 3043 4398 τδ
3097 4347 3298 4398 οἰκεῖον
3353 4345 3587 4410 ἕκαστος
3630 4345 3874 4408 συνειδὸς
3932 4346 4034 4412 τὴν

2447 4436 2724 4504 ἀπόφασιν
2755 4435 3163 4502 οίκειώσασθαι,
3211 4436 3374 4491 Ἀλλά
3401 4438 3511 4507 γάρ
3541 4439 3671 4508 περὶ
3699 4437 3812 4490 τῶν
3837 4454 4036 4506 γυναι-

768 4545 892 4592 esse
949 4541 1009 4586 ut
1068 4532 1304 4588 solidum
1374 4543 1430 4587 et
1491 4533 1879 4588 inconcussum
1948 4543 2333 4605 argumentum

2445 4525 2556 4578 κῶν
2567 4525 2623 4579 αῖ
2643 4525 2722 4598 τῷ
2751 4525 2910 4596 μύρῳ
2931 4527 3024 4580 τὸν
3039 4527 3320 4597 Δεσπότην
3343 4527 3563 4597 ἀλεῖψαι
3578 4525 4030 4596 κατηξιώθησαν.

770 4633 1026 4704 praestent
1053 4624 1118 4680 iis
1141 4625 1232 4692 qui
1261 4625 1490 4679 credunt
1525 4641 1631 4678 non
1666 4640 1787 4680 esse
1815 4626 2133 4685 accuratius
2167 4634 2221 4682 et
2245 4626 2345 4682 ho-

769 4715 1016 4775 noratius
1043 4731 1285 4788 pugnare
1313 4732 1478 4788 quam
1503 4717 1734 4774 discere.

1073 4978 1400 5047 onmno
1431 4978 1596 5035 xux
1622 4979 1722 5052 [αί.
1751 4979 2008 5054 xovm].

773 5073 1048 5137 Quomodo
1083 5074 1686 5141 intcrpretandumillud
1706 5089 1724 5126 :
1753 5092 1770 5125 ι
1803 5073 1967 5127 Omne
1994 5085 2268 5143 peccatum
2298 5083 2347 5127 et

2451 5064 2587 5143 Πῶς
2612 5066 2864 5143 modo?
2890 5068 2976 5134 τὸ,
3020 5086 3038 5120 ι
3075 5067 3251 5143 Πᾷσα

846 5145 1016 5196 omnis
1051 5143 1375 5210 blasphemia
1406 5144 1701 5196 hominibus
1728 5145 2103 5206 remittentur;
2144 5146 2190 5197 ei
2230 5160 2348 5197 vero

843 5215 932 5282 qui
945 5213 1377 5282 blasphemaoerit
1392 5215 1445 5268 in
1460 5213 1712 5281 Spiritum
1728 5225 1990 5276 sanctum,
2005 5231 2106 5268 non
2123 5215 2348 5268 remitte-

853 5293 941 5338 tur
975 5300 1135 5352 neque
1165 5285 1218 5346 in
1241 5285 1487 5352 prwsenti
1512 5283 1728 5348 sa’culo,
1758 5300 1917 5354 neque
1944 5286 1997 5337 in
2016 5286 2198 5354 futuro
2216 5286 2261 5317 ⁷⁸
2282 5322 2296 5336 .
2320 5302 2340 5334 ι

2443 4613 2526 4668 ὅτι
2576 4615 2716 4683 μήτε
2749 4614 2967 4679 πλείους
3005 4609 3148 4684 ἦσαν
3187 4617 3295 4669 τῶν
3338 4615 3526 4685 τριῶν,
3561 4617 3701 4686 μήτε
3746 4615 4033 4677 ἐλάττους,

2447 4703 2608 4756 ικανά
2658 4699 2810 4774 οἶμαι
2838 4707 3142 4775 παρασχεῖν
3169 4706 3237 4759 τά
3267 4705 3502 4776 ρηθέντα
3547 4704 3607 4758 τὸ
3655 4704 3872 4774 βέβαιον
3939 4704 4036 4757 καὶ

2444 4795 2772 4850 ἁδίστακτον
2787 4799 2899 4860 τοῖς
2934 4796 3008 4866 μὴ
3040 4797 3101 4850 τὸ
3128 4796 3454 4865 φιλονεικεῖν
3479 4798 3608 4860 τοὺς
3638 4797 3833 4868 μαθεῖν
3853 4813 4036 4850 σπου-

2446 4886 2724 4957 δαιότερον
2746 4889 2839 4942 καὶ
2864 4887 3190 4958 τιμιώτερον
3209 4887 3456 4955 ἄγουσιν.

2993 4979 3330 5033 ΕΡΩΤΗΣΙΣ
3364 4978 3501 5033 ΜΘ¹.

3307 5068 3560 5138 ἁμαρτία
3599 5065 3699 5138 x0}
3738 5066 4035 5138 βλασφηο

2520 5138 2627 5205 μία
2661 5136 3024 5210 ᾀφεθήσεται
3051 5137 3183 5210 τοῖς
3226 5135 3588 5210 ἀνθρώποις,
3616 5137 3695 5202 τῷ
3730 5135 3804 5210 es
3823 5138 4037 5210 βλασ-

2521 5206 2872 5274 φημήσαντι
2891 5209 2979 5271 είς
3001 5206 3082 5278 td,
3093 5209 3345 5278 Πνεῦμα
3361 5210 3428 5262 τὸ
3450 5206 3644 5277 ἅγιον,
3677 5209 3791 5260 οὐκ
3801 5206 4034 5278 99980??-

2518 5292 2691 5400 Setat
2752 5279 2892 5332 οὔτε
2913 5278 2986 5331 ἐν
3015 5277 3096 5342 τῷ
3120 5279 3236 5334 νῦν
3248 5273 3445 5346 αἰῶνι,
3495 5273 3634 5333 οὔτε
3657 5277 3730 5332 ἐν
3754 5273 3858 5340 τῷ“
3884 5277 4038 5347 μέλ-

2561 5363 2707 5400 om.
2732 5365 2753 5399 ι

2561 5363 2707 5400 οντι.
2732 5365 2753 5399 ι

1547 5459 1690 5511 Edita
1710 5471 1737 5507 a
1768 5455 1909 5519 Maio,
1938 5457 1973 5507 l.
1995 5470 2062 5517 α,
2086 5471 2136 5522 p.
2163 5457 2330 5508 ιδ-δο.
2348 5457 2424 5512 De
2448 5463 2649 5521 peccato
2673 5456 2722 5508 in
2743 5456 2983 5522 Spiritum
3005 5467 3245 5511 sanctum.

851 5564 1002 5631 Dicta
1031 5576 1159 5623 sunt
1184 5583 1213 5621 a
1247 5569 1424 5626 beatis
1455 5569 1662 5625 nostris
1689 5565 1945 5623 Patribus
1968 5581 2031 5621 ea
2057 5579 2182 5635 qua:
2207 5579 2343 5620 sane

777 5657 882 5726 dici
913 5673 1013 5728 pro
1058 5675 1249 5719 eorum
1283 5662 1622 5734 temporibus
1669 5656 2072 5731 conveniebat;
2105 5667 2162 5713 ct
2195 5655 2343 5722 nulla

850 5802 893 5850 li
928 5801 1122 5860 Matth.
1155 5819 1251 5871 xu,
1278 5804 1369 5872 3|,
1407 5805 1496 5861 5:3.

2519 5565 2748 5634 Εἴρηται
2805 5565 2904 5636 μὲν
2955 5566 3068 5630 τοῖς
3109 5565 3402 5637 μακαρίοις
3433 5565 3714 5636 Πατράαιν
3741 5564 3909 5635 ἡμῶν
3940 5567 4037 5622 ἅτε

2448 5657 2512 5728 δὴ
2540 5657 2772 5730 ῥηθῆναι
2819 5660 2960 5713 κατά
2989 5660 3116 5724 τοὺς
3150 5659 3331 5715 αὐτῶν
3357 5659 3600 5732 ἥρμοττε
3631 5658 3862 5732 καιρούς
3886 5677 3902 5692 ·
3942 5661 4037 5714 καὶ
