4186 6444
232 474 347 536 369

1196 476 1297 537 AD
1319 468 1918 535 AMPHILOCHIUM
1943 468 2294 541 OU/ESTIO
2318 469 2529 532 XLIX.

3388 467 3494 531 370

230 584 470 655 οὐδεμία
525 586 682 657 κηλὶς
742 588 1125 658 αίρετιζούσης
1169 586 1329 656 δόξης
1359 626 1376 652 ,
1416 588 1486 641 τά
1544 586 1815 656 είρημένα

1927 586 2128 639 macula
2159 586 2428 639 haeretica:
2455 582 2733 653 opinionis
2762 597 2952 637 eorum
2981 583 3121 637 dicta
3152 584 3365 652 polluit,
3393 599 3494 637 nec

226 676 557 739 καταστίξει
627 677 886 746 οὐδεμίαν
941 678 1217 749 πρόφασιν
1264 679 1459 733 ιλαϐεν
1487 694 1499 707 ’
1534 678 1815 748 εἰρήσεται

228 765 290 819 δὲ
344 765 437 819 νῦν
473 766 509 820 ἃ.
549 768 651 837 τῆς
699 769 795 838 μὲν
850 768 1125 838 προτέρας
1166 770 1348 831 αίτίας
1397 766 1499 821 of»:
1548 766 1815 820 ἐλάττονα

232 858 601 929 προϐάλλεται
654 859 753 928 τὴν
808 860 982 930 ἰσχὺν,
1033 861 1134 929 τὴν
1180 861 1239 915 δὲ
1292 859 1556 929 δευτέραν
1612 858 1816 927 μᾶλλον

232 950 360 1004 ἐστὶ
406 949 740 1020 πεφευγότα.
772 951 886 1004 Οὐκ
915 951 1131 1021 ἀφίεται
1163 950 1458 1018 τοιγαροῦν
1486 952 1599 1012 τοῖς
1629 950 1707 1013 είς
1755 948 1817 1001 τὸ

232 1040 464 1111 Πνεῦμα
502 1041 564 1095 τὺ
619 1041 777 1109 ἁγιον
822 1041 1279 1113 βλασφημήσασιν
1313 1043 1347 1113 ὴ
1383 1040 1650 1112 ἁμαρτία,
1682 1041 1817 1094 διότι

234 1132 366 1203 μηδ’
410 1131 762 1186 ὑπελείποντο
806 1134 1046 1197 ἑαυτοῖς,
1069 1131 1136 1186 δι’
1155 1125 1216 1187 οῦ
1237 1132 1337 1203 τῆς
1364 1132 1615 1200 ἀφέσεως
1658 1128 1819 1195 ἀξιω-

231 1222 495 1292 θήσονται
516 1239 533 1257 ο
557 1222 653 1275 mi.
689 1224 798 1293 γάρ
835 1224 868 1294 ἠ
898 1222 1008 1275 τῶν
1041 1224 1459 1295 ἁμαρτημάτων
1489 1223 1708 1291 ἄφεσις.
1731 1222 1820 1276 διὰ

231 1313 337 1367 τοῦ
391 1313 705 1384 Πνεύματος
738 1314 970 1369 δίδοται·
996 1314 1073 1377 ὥς
1106 1330 1209 1369 που
1252 1315 1347 1367 καὶ
1372 1316 1402 1368 ό
1429 1314 1618 1384 Σωτὴρ
1652 1316 1821 1383 ὲμαρ·

232 1405 478 1479 τύρησεν
510 1404 710 1460 εἰπών·
762 1424 780 1456 ι
818 1405 1028 1459 Λάϐετε
1077 1404 1300 1476 Πνεῦμα
1354 1404 1543 1475 ἁγιον·
1578 1397 1820 1459 ὧντινων

232 1494 431 1562 ἀφίετε
478 1493 577 1556 τὰς
609 1492 908 1564 ἁμαρτίας,
937 1494 1220 1563 ἀφίενταιο
1250 1485 1327 1548 ὧν
1346 1493 1392 1548 δ’
1424 1493 1494 1548 ἀν
1555 1494 1818 1565 κρατῆτε,

232 1587 631 1656 κεκράτηνται·
664 1604 684 1637 ι
722 1585 822 1657 τὴν
851 1586 1047 1654 ἁφεσιν
1074 1585 1182 1640 τῶν
1211 1587 1501 1658 ἁμαρτιῶν
1530 1590 1625 1657 καὶ
1647 1586 1819 1641 κατά-

230 1693 422 1746 κρισιν
459 1676 702 1745 δηλονότι
752 1677 855 1747 τῆς
900 1677 997 1733 τοῦ
1051 1677 1371 1750 Πνεύματος
1414 1678 1665 1745 ἐξουσίας
1724 1679 1821 1731 καὶ

230 1767 521 1837 δυνάμεως
559 1762 699 1820 εἶναι
750 1767 1024 1822 διδάσκει·
1066 1768 1154 1823 διὰ
1208 1767 1301 1821 τοῦ
1355 1769 1680 1837 Πνεύματος
1725 1764 1821 1821 οὖν

233 1857 604 1927 ίερουργεϊται
646 1856 756 1911 τῶν
806 1858 1226 1929 ἁμαρτημάτων
1277 1860 1311 1927 ἡ
1367 1858 1662 1929 κάθαρσις,
1723 1858 1821 1911 καὶ

1921 668 2089 731 ullum
2156 677 2346 731 haeresi
2417 676 2551 730 dant
2603 684 2947 746 praetextum.
3007 673 3267 730 Dicentur
3313 687 3493 730 autem

1919 781 2066 821 nunc
2092 773 2510 837 quaeetcontra
2566 767 2717 835 prius
2764 765 2972 822 crimen
3020 782 3131 821 non
3182 767 3367 823 minus
3408 785 3497 822 ro—

1920 856 2071 912 boris
2101 867 2395 927 opponunt,
2454 866 2511 912 et
2562 872 2684 928 qua)
2742 858 3044 913 secundum
3096 861 3270 927 magis
3317 862 3497 917 adhuc

1920 946 2153 1017 fugiunt.
2187 945 2305 1001 Non
2334 947 2635 1001 remittitur
2683 962 2848 1016 porro
2890 957 3177 1017 peccatum
3211 949 3280 1004 iis
3318 951 3411 1020 qui
3442 950 3496 1004 in

1921 1037 2185 1107 Spiritum
2208 1046 2453 1093 sanctum
2482 1038 2883 1109 blasphemant,
2912 1040 3039 1108 quia
3096 1040 3201 1095 sibi
3221 1055 3342 1100 non
3373 1043 3501 1095 reli-

1920 1138 2158 1201 querunt
2205 1130 2351 1185 unde
2408 1130 2735 1185 remissione
2794 1130 2946 1201 digni
2998 1132 3343 1201 iudicentur.
3389 1133 3496 1187 Rc-

1922 1220 2111 1275 missio
2168 1220 2313 1275 enim
2350 1231 2698 1290 peccatorum
2738 1236 2833 1290 per
2888 1220 3157 1291 Spiritum
3208 1221 3403 1289 datur;
3442 1232 3502 1277 ut

1923 1313 1977 1367 in
2015 1311 2251 1383 quodam
2284 1310 2405 1367 loco
2458 1311 2709 1367 Salvator
2747 1312 3078 1369 testificatus
3127 1322 3213 1369 est
3259 1312 3452 1369 dicens
3486 1357 3498 1368 .

1928 1421 1948 1456 ι
1978 1403 2218 1474 Accipite
2260 1401 2526 1475 Spiritum
2583 1414 2858 1468 sanctum,
2889 1418 3121 1473 quorum
3178 1403 3504 1459 retuiseritis

1921 1502 2177 1565 peccata,
2208 1494 2590 1560 remittemur;
2619 1507 2856 1564 quorum
2893 1501 3074 1547 autem
3143 1492 3502 1557 retinueritis,

1922 1592 2127 1638 retenta
2168 1591 2298 1638 sunt
2322 1583 2391 1637 ".
2419 1600 2438 1632 ι
2492 1580 2895 1638 “emissionem
2943 1588 3039 1635 aut
3095 1578 3503 1635 damnationem

1923 1675 2210 1731 manifeste
2256 1688 2325 1729 ex
2381 1673 2583 1728 virtute
2624 1682 2681 1729 et
2717 1672 2957 1743 potentia
3016 1670 3256 1741 Spiritus
3316 1672 3494 1725 sancti

1920 1782 2041 1822 esse
2066 1767 2261 1832 docet;
2292 1779 2386 1837 per
2405 1764 2669 1836 Spiritum
2699 1766 2865 1836 igitur
2893 1764 2952 1818 lit
2976 1771 3327 1834 peccatorum
3353 1762 3507 1832 puri-

1924 1861 2103 1916 ﬁcatio
2132 1868 2186 1915 et
2224 1859 2518 1917 absolutio.
2559 1855 2665 1925 Qui
2694 1867 2876 1912 autem
2904 1856 3057 1911 illum
3084 1854 3426 1925 blasphen‘at
3450 1861 3507 1908 et

230 1947 518 2013 ἀθὼωσις·
541 1949 570 2002 ό
629 1948 687 2003 δὲ
736 1947 1077 2022 βλασφημῶν
1122 1950 1301 2004 ικεϊνο
1348 1949 1444 2004 καὶ
1504 1948 1606 2018 τῆς
1650 1947 1817 2003 αὑτοῦ

1927 1968 1980 2008 se
2010 1952 2156 2007 illius
2180 1951 2405 2006 salutari
2458 1950 2647 2022 gratia:
2687 1947 2983 2012 subtrahit,
3035 1945 3256 2018 quando
3291 1945 3363 2001 ab
3412 1944 3507 1999 illo

232 2040 516 2111 σωτηρίας
573 2040 1111 2113 ἁποσκευαζόμενος,
1160 2042 1281 2107 πῶς
1331 2040 1399 2097 ἃν
1435 2041 1521 2113 εἴη
1549 2041 1618 2095 δι’
1647 2040 1815 2095 αὑτοῦ

230 2132 658 2203 καθαιρόμενος,
683 2133 716 2204 ἧ
753 2132 855 2203 τῆς
885 2133 1339 2205 χρεωστουμίνης
1372 2133 1523 2204 αύτῷ
1548 2133 1820 2204 τιμωρίας

232 2225 335 2277 καὶ
390 2226 504 2277 τῶν
556 2225 895 2296 είσπράξεων
948 2225 1334 2296 ἁθωούμενος;
1397 2226 1510 2282 Καὶ
1562 2226 1822 2297 οὐδεμίαν

230 2310 390 2383 οἶμαι
421 2314 646 2386 ζήτησιν
676 2316 757 2370 ἔτι
780 2318 1043 2388 παρέχειν
1072 2318 1185 2381 τοῖς
1211 2316 1456 2389 ἀκριϐῶς
1494 2316 1822 2371 ἐπισκοποῦ-

235 2424 326 2459 σιν
352 2406 499 2469 ὅπως
538 2406 648 2461 τῶν
700 2410 1116 2481 ἁμαρτημάτων
1144 2412 1173 2464 ό
1198 2410 1340 2464 κατά
1364 2408 1459 2463 τοῦ
1501 2409 1821 2479 Πνεύματος

236 2497 582 2569 βλασφημῶν
637 2498 736 2570 οὐχ
790 2500 1013 2574 εὑρήσει
1066 2501 1165 2572 τὴν
1205 2500 1422 2572 ἄφεσιν.
1474 2502 1624 2555 Είδὲ
1650 2503 1740 2555 καὶ
1761 2501 1823 2555 τὸ

232 2586 469 2659 λουτρὸν
510 2588 612 2660 τῆς
665 2590 1083 2659 παλιγγενεσίας
1111 2591 1199 2645 διά
1222 2591 1317 2645 τοῦ
1358 2590 1679 2662 Πνεύματος
1704 2592 1822 2664 lap-

235 2682 545 2749 ουργεῐται,
592 2682 693 2734 καὶ
754 2681 815 2735 τδ
853 2682 1027 2753 δῶρον
1074 2683 1285 2738 ἐκεῖθεν
1344 2685 1520 2755 βρύει,
1583 2686 1676 2738 καὶ
1724 2688 1825 2753 τῆς

237 2770 458 2824 ἐκεῖθεν
487 2772 726 2840 πηγάζει
765 2771 1013 2844 χάρίτος,
1044 2776 1170 2846 οί-δὲ
1201 2776 1361 2830 τοῦτο
1384 2777 1700 2845 διασύρουσι
1730 2776 1827 2829 καὶ

238 2861 658 2933 βλασφημοῦσιν
675 2864 750 2929 ὡς
777 2866 927 2920 οὐδὲν
946 2870 1253 2939 παρασχεῖν
1277 2868 1470 2939 ὄφελος
1494 2870 1614 2923 οὐδὲ
1635 2870 1826 2940 κέρδος

236 2952 569 3023 δυνάμενον·
600 2956 654 3009 τί
686 2958 795 3027 γὰρ
828 2956 971 3029 ὕδωρ
1026 2961 1119 3013 καὶ
1168 2960 1356 3015 ἔλαιον
1403 2961 1675 3033 ἐπιψαῦον
1728 2962 1823 3015 τοῦ

240 3046 475 3115 σαρκίου
510 3047 621 3102 τῶν
652 3050 739 3103 διὰ
762 3049 959 3120 βάθους
990 3053 1326 3107 ὲντακέντων
1387 3054 1491 3124 τῆς
1548 3055 1827 3126 ἁμαρτίας

240 3137 565 3206 στιγμάτων
585 3140 680 3192 καὶ
706 3141 816 3193 τῶν
858 3142 1109 3212 ψυχικῶν
1125 3145 1469 3217 παθημάτων
1503 3148 1828 3220 ἀπαλλαγὴν

1922 2044 2299 2108 mundaretur,
2338 2042 2423 2097 vel
2469 2042 2650 2097 debita
2676 2040 2781 2096 sibi
2816 2054 2978 2110 paena
3012 2047 3067 2093 et
3105 2036 3503 2093 olfensionibus

1920 2135 2315 2192 absolveretur.
2350 2133 2413 2189 Et
2440 2134 2533 2205 qui
2593 2132 2643 2187 id
2697 2140 2951 2188 accurate
2992 2130 3360 2192 considerant,
3394 2142 3505 2183 non

1918 2228 2029 2297 jam
2089 2226 2255 2290 ultra,
2308 2224 2523 2295 opinor,
2580 2225 2859 2293 inquirere
2950 2222 3169 2288 debent,
3226 2219 3507 2290 quomodo

1923 2328 2267 2387 peccatorum
2346 2316 2725 2372 remissionem
2804 2314 2899 2386 qui
2958 2323 3151 2367 contra
3230 2311 3505 2381 Spiritum

1925 2412 2286 2479 blasphemat,
2327 2425 2436 2465 non
2491 2410 2816 2463 inventurus
2869 2406 2960 2461 sit.
3018 2404 3076 2459 Si
3120 2413 3302 2460 autem
3360 2404 3508 2460 lava-

1924 2520 2080 2559 crum
2134 2502 2567 2574 regenerationis
2602 2516 2698 2571 per
2731 2500 2998 2570 Spiritum
3047 2507 3298 2554 sanctum
3340 2496 3511 2552 elliei-

1926 2607 2033 2661 tur,
2064 2607 2117 2651 et
2143 2596 2347 2651 donum
2378 2594 2505 2650 inde
2541 2592 2742 2663 prodit,
2778 2599 2833 2646 et
2872 2606 2939 2647 ex
2976 2591 3081 2645 hoc
3112 2589 3302 2659 gratia:
3356 2589 3509 2643 fonte

1925 2686 2174 2750 scaturit,
2225 2685 2315 2741 isti
2353 2698 2483 2740 vero
2530 2684 2659 2738 illud
2688 2682 2954 2737 irrideant
3008 2689 3064 2736 et
3107 2681 3508 2751 blasphement,

1929 2791 2185 2848 tanquam
2266 2777 2480 2832 nullum
2534 2776 2711 2847 possit
2770 2773 3119 2831 commodum
3188 2782 3243 2827 et
3290 2772 3510 2827 lucrum

1929 2880 2219 2941 praestare;
2252 2870 2527 2941 quomodo
2556 2869 2702 2923 enim
2753 2882 2897 2937 aqua
2942 2874 2999 2920 et
3047 2868 3229 2920 oleum
3283 2878 3506 2920 carnem

1931 2963 2206 3033 tangentia
2244 2963 2351 3018 alte
2383 2962 2780 3031 impressarum
2837 2960 3046 3030 peccati
3084 2958 3428 3012 macularum
3456 2963 3513 3010 et

1929 3055 2292 3123 spiritualium
2327 3054 2685 3122 cupiditatum
2720 3060 2775 3107 et
2846 3052 3171 3106 solutionem
3237 3047 3511 3115 produce-

1931 3150 2092 3205 rentl
2124 3148 2226 3215 Qui
2261 3149 2426 3219 igitur
2472 3147 2621 3201 illam
2664 3144 3065 3217 blasphemiam
3101 3154 3293 3198 contra
3348 3141 3514 3212 spiri-

239 3226 586 3342 ἐργάσασθαι
616 3229 874 3287 δύνανται
895 3250 909 3298 ;
930 3233 987 3287 Ὀ
1008 3233 1100 3288 οὖν
1115 3235 1321 3307 ταύτην
1347 3237 1447 3306 τὴν
1472 3236 1824 3308 βλασφημίαν

1936 3243 2137 3297 tualem
2168 3240 2639 3311 regenerationem
2668 3248 2721 3295 et
2769 3240 2972 3293 donum
3022 3236 3165 3291 haud
3208 3234 3512 3303 pulcherri-

241 3317 393 3371 κατὰ
450 3323 829 3391 πνευματικῆς
880 3326 1314 3399 ἀναγεννήσεως,
1339 3329 1435 3383 καὶ
1470 3329 1567 3384 τοῦ
1598 3331 1824 3400 μηδενὸς

1933 3334 2036 3388 uiis
2060 3333 2234 3403 impar
2264 3334 2317 3387 in
2352 3330 2634 3387 emittendi
2684 3328 3020 3386 dementiam
3048 3326 3323 3397 impulsus
3386 3326 3512 3389 erit,

240 3408 357 3462 τῶν
413 3411 713 3468 καλλίστων
768 3414 957 3487 δώρων
1000 3418 1826 3491 ὲνδεεστέρου,κατασκεδάζειν

240 3501 508 3572 ἐπαρθεὶς
560 3506 641 3568 είς
693 3506 973 3575 ἀπόνοιαν,
1023 3511 1117 3564 καὶ
1160 3509 1254 3566 διὰ
1274 3512 1434 3566 τοῦτο
1485 3513 1825 3567 τελειοῦσθαι

240 3592 328 3663 τῷ
375 3598 732 3667 πνευματικῷ
784 3601 1083 3671 χαρίσματι
1144 3602 1219 3673 μὴ
1271 3602 1598 3673 ἀνεχόμενος
1626 3644 1641 3665 .
1692 3604 1828 3657 ἀλλὰ

240 3682 521 3754 διασύρων
547 3687 678 3740 αύτδ
715 3690 808 3743 καὶ
838 3689 1039 3761 χλεύην
1062 3690 1404 3761 ποιούμενος,
1437 3686 1594 3757 οὗτος
1615 3693 1701 3763 δὴ,
1734 3688 1793 3748 οἶ»
1814 3725 1826 3731 -

240 3791 342 3839 τος
372 3777 466 3830 καὶ
490 3778 558 3831 δι’
582 3780 721 3833 ὅσων
754 3781 931 3835 ἄλλων
970 3781 1127 3852 ἕρπει
1148 3781 1208 3836 τὸ
1236 3782 1580 3853 βλάσφημον,
1624 3783 1747 3838 οὔτε
1770 3786 1829 3839 ἒν

239 3865 329 3936 τῷ
354 3866 449 3921 νῦν
470 3869 627 3924 αίῶνι
665 3870 791 3926 οὔτε
811 3876 867 3927 ὲν
884 3872 963 3943 τῷ
994 3873 1265 3943 μέλλοντι,
1287 3875 1389 3945 τὴν
1430 3875 1529 3944 τῆς
1588 3876 1831 3948 βλασφη-

246 3957 384 4027 μίας
439 3960 662 4032 εὑρήσει
704 3962 919 4033 ἁφεσιν·
973 3966 1068 4019 καὶ
1096 3967 1205 4037 γὰρ
1222 3967 1363 4019 καὶὸ
1412 3966 1602 4039 Σωτὴρ
1646 3968 1827 4023 διαϐε-

244 4050 577 4123 ϐαιούμενος
600 4054 812 4122 ἔλεγενο
837 4077 856 4109 ι
878 4056 1074 4128 Ἀμὴν,
1098 4058 1245 4127 ἀμὴν
1278 4057 1420 4126 λέγω
1447 4059 1596 4129 ὑμῖν·
1626 4060 1725 4114 eam
1751 4064 1827 4133 μή

242 4158 336 4207 τις
394 4146 735 4218 ἀναγεννηθῇ
766 4148 833 4201 δι’
870 4147 1062 4213 ὕδατος
1090 4150 1185 4204 καὶ
1216 4152 1555 4223 Πνεύματος,
1581 4153 1681 4206 οὐκ
1709 4156 1827 4206 ele-

242 4235 531 4292 ελεύσεται
559 4240 636 4302 είς
652 4238 750 4310 τὴν
780 4240 1060 4308 βασιλείαν
1084 4240 1194 4294 τῶν
1217 4241 1485 4312 οὐρανῶν.
1512 4264 1530 4295 a
1565 4245 1626 4296 El
1653 4244 1709 4296 δὲ
1735 4244 1831 4297 καὶ

242 4328 479 4399 Πνεῦμα
522 4332 583 4382 ού
646 4330 805 4400 μόνον
838 4332 1126 4404 ίδιαίτερον
1184 4332 1244 4387 τὸ
1283 4335 1552 4403 πανάγιον
1608 4335 1832 4407 Πνεῦμα

242 4420 493 4487 λέγεται,
530 4422 667 4475 ἀλλά
688 4424 779 4476 καὶ
799 4425 1103 4496 κοινότερον
1130 4427 1163 4495 η
1186 4426 1319 4495 ἁγία
1342 4426 1511 4498 Τριάς
1531 4432 1575 4497 (ι
1609 4428 1833 4499 Πνεῦμα

242 4507 361 4578 γὰρ
383 4509 583 4573 όΘεὸς,
608 4511 702 4564 καὶ
730 4513 858 4577 τοὺς
886 4513 1327 4584 προσκυνοῦντας
1355 4516 1517 4570 αὐτὸν
1548 4519 1606 4570 ὲν
1670 4518 1833 4571 πνεύ-

1928 3437 1982 3481 et
2006 3426 2125 3481 ideo
2163 3424 2431 3495 spirituali
2464 3424 2636 3495 gratia
2661 3422 2846 3494 perlici
2878 3436 2987 3476 non
3022 3418 3368 3482 sustinuerit,
3402 3417 3497 3471 sed

1932 3517 2065 3570 illud
2096 3515 2327 3571 irriserit
2382 3523 2436 3570 et
2458 3515 2756 3570 ludibrium
2785 3513 2997 3575 lecerit,
3042 3512 3131 3565 ille
3167 3524 3300 3565 sane
3357 3517 3412 3563 et
3437 3508 3513 3562 illi

1930 3624 2121 3666 omnes
2149 3624 2244 3678 per
2276 3623 2416 3678 quos
2448 3610 2617 3678 serpit
2647 3605 3007 3676 blasphemia,
3046 3618 3222 3673 neque
3263 3603 3317 3656 in
3372 3616 3512 3671 prae-

1931 3701 2070 3755 senti
2125 3702 2347 3767 szeculo,
2380 3716 2555 3771 neque
2585 3703 2638 3755 in
2697 3700 2903 3764 futuro,
2934 3698 3179 3753 inveniet
3229 3694 3516 3751 remissio-

1932 3811 2076 3852 nem.
2110 3794 2318 3852 Etenim
2337 3794 2586 3851 Salvator
2603 3796 2651 3851 id
2670 3794 3003 3851 conllrmans
3017 3790 3231 3847 dicebat
3250 3808 3263 3845 :
3290 3809 3308 3841 ι
3321 3789 3515 3853 Amen,

1933 3904 2089 3944 amen
2122 3889 2249 3944 dico
2305 3889 2464 3944 vobis
2491 3907 2505 3944 :
2538 3887 2642 3942 nisi
2667 3887 2791 3957 quis
2822 3894 3047 3941 renatus
3076 3882 3240 3938 fuerit
3276 3896 3343 3937 ex
3371 3895 3514 3949 aqua

1934 3991 1990 4035 et
2033 3980 2240 4051 Spiritu
2276 3990 2490 4043 sancto,
2524 3995 2631 4034 non
2696 3978 2920 4034 intrabit
2968 3979 3022 4032 in
3065 3990 3297 4045 regnum
3340 3974 3513 4027 ctelu-

1935 4088 2056 4127 rum
2094 4072 2159 4126 ⁷³.
2189 4092 2207 4124 ι
2240 4073 2355 4129 Etsi
2385 4081 2567 4126 autem
2614 4070 2897 4141 propriore
2929 4070 3094 4125 modo
3124 4068 3362 4139 Spiritus
3414 4081 3514 4120 vo-

1935 4173 2110 4229 catur,
2137 4165 2519 4220 sanctissimus
2590 4162 2851 4231 Spiritus,
2899 4162 2996 4217 sed
3041 4161 3202 4215 etiam
3263 4174 3514 4215 commu-

1936 4257 2076 4311 niori
2107 4264 2295 4312 sancta
2326 4253 2607 4321 Trinitas;
2660 4274 2677 4307 ι
2712 4253 2951 4324 Spiritus
3000 4252 3145 4308 enim
3196 4250 3342 4307 Deus
3378 4258 3434 4306 et
3464 4251 3511 4304 si

1934 4354 2145 4416 oportet
2168 4362 2263 4401 eos
2290 4346 2384 4417 qui
2430 4346 2582 4401 illum
2619 4346 2874 4410 adorant,
2928 4344 2981 4398 in
3021 4343 3216 4413 spiritu
3271 4351 3326 4395 et
3369 4339 3513 4396 veri-

1936 4443 2046 4491 tate
2074 4435 2224 4490 illum
2272 4428 2590 4502 adorare",
2626 4453 2646 4486 ›
2693 4432 2982 4489 manifeste
3017 4433 3111 4503 qui
3158 4433 3211 4486 in
3246 4430 3511 4500 Spiritum

1939 4526 2298 4597 blasphemat,
2355 4527 2408 4582 id
2433 4535 2517 4583 est
2566 4526 2661 4597 qui
2694 4535 2884 4581 contra
2921 4540 3083 4580 unam
3138 4533 3347 4579 tantum
3395 4523 3513 4579 exi-

245 4616 385 4668 ματι
424 4601 520 4653 καὶ
568 4600 795 4673 ἀληθείᾳ
836 4602 919 4657 δεῖ
954 4607 1364 4675 προσκυνεϊνι),
1393 4606 1638 4677 δηλονότι
1664 4610 1692 4661 ό
1741 4611 1820 4672 είς

1940 4621 2173 4675 miarum
2200 4631 2253 4676 et
2304 4620 2852 4676 consubstantialium
2900 4633 3282 4689 personarum,
3330 4616 3512 4687 reipsa

245 4692 480 4763 Πνεῦμα
534 4693 890 4764 βλασφημῶν,
939 4697 1220 4750 τουτέστιν
1248 4696 1444 4751 όκατά
1508 4701 1637 4769 μιᾶς
1681 4717 1832 4764 τινος

243 4785 363 4837 τῶν
403 4784 699 4855 ὑπερφυῶν
720 4784 814 4839 καὶ
849 4787 1151 4857 όμοουσίων
1179 4789 1537 4844 ὑποστάσεων
1567 4792 1667 4861 τῆς
1695 4810 1834 4845 παν-

241 4879 653 4949 τοκρατορικῆς
706 4878 803 4933 καὶ
851 4880 1177 4953 ὑπερουσίου
1230 4881 1483 4952 θεότητος
1506 4883 1829 4955 βλάσφημον

243 4970 507 5037 γλῶσσαν
536 4970 739 5039 ἀφιεὶς,
783 4972 888 5025 κᾶν
915 4972 1045 5043 δοκῇ
1073 4972 1176 5043 τῆς
1210 4973 1340 5045 περὶ
1368 4975 1466 5037 τὰς
1502 4974 1705 5045 ἀρετὰς
1736 4976 1831 5027 καὶ

242 5061 348 5113 τὸν
406 5060 519 5130 βίον
575 5061 782 5131 ὕϐρεως
841 5062 937 5117 καὶ
988 5063 1301 5133 δυσφημίας
1349 5064 1638 5127 ἀνεύθυνος
1668 5058 1828 5126 εἶναι,

1936 4712 1989 4766 in
2016 4713 2439 4781 omnipotentem
2480 4723 2535 4767 et
2572 4711 3091 4767 consubstantialem
3124 4709 3493 4771 divinitatem,

1938 4797 2314 4867 blasphemam
2348 4798 2593 4868 linguam
2629 4799 2850 4865 emittit,
2895 4799 3149 4869 quamvis
3204 4797 3511 4858 insolentia:

1934 4895 1989 4941 et
2019 4886 2231 4955 injuria
2271 4895 2460 4943 contra
2522 4890 2749 4944 virtutes
2795 4898 2848 4943 et
2907 4889 3071 4942 vitam
3106 4886 3365 4942 immunis
3390 4900 3513 4940 esse

1937 4976 2205 5045 videatur,
2237 4978 2333 5035 sed
2367 4987 2547 5035 tamen
2594 4979 2765 5033 multo
2796 4979 3001 5049 majore
3044 4978 3288 5033 irretitus
3318 4986 3371 5031 et
3411 4976 3515 5029 im-

1939 5068 2170 5139 plicatus
2200 5077 2442 5139 peccato,
2474 5069 2623 5124 nullo
2675 5070 2833 5124 modo
2864 5068 3242 5124 remissionem
3274 5066 3512 5123 inveniet

243 5154 371 5208 ἀλλ’
421 5150 515 5206 οὖν
576 5153 653 5223 τῷ
711 5153 890 5224 πολλῷ
947 5154 1152 5224 μείζονι
1206 5154 1565 5225 συνεχόμενός
1622 5174 1682 5209 τε
1740 5156 1824 5209 xui

1940 5179 2117 5235 neque
2143 5164 2197 5220 in
2219 5164 2468 5237 praesenti
2494 5163 2711 5229 saeculo,
2742 5178 2914 5235 neque
2942 5163 2996 5218 in
3024 5161 3228 5216 futuro.

242 5249 578 5317 ὲταζόμενος
622 5247 1001 5318 ἁμαρτήματι,
1052 5247 1305 5319 οὐδαμῶς
1353 5242 1573 5319 εὑρήσει
1597 5248 1694 5317 τὴν
1729 5248 1833 5316 ἄφ-

241 5355 391 5403 εσιν,
446 5337 654 5391 οῦτεὲν
682 5338 760 5409 τῷ
816 5337 911 5391 νῦν
938 5337 1119 5400 αίῶνι,
1163 5337 1286 5391 οὔτε
1340 5339 1397 5390 ὲν
1448 5338 1525 5408 τῷ
1564 5339 1830 5408 μέλλοντι.

325 5429 545 5499 Ὀραδὲ
586 5428 914 5483 κάντεῦθεν·
943 5429 1070 5493 Υἱὸς
1100 5430 1389 5502 ἀνθρώπου
1424 5430 1641 5499 λέγεται
1676 5434 1702 5484 ό
1726 5433 1833 5484 Σω-

2008 5432 2304 5490 Considera
2329 5444 2383 5489 et
2410 5433 2741 5489 indezFilius
2759 5431 2993 5488 hominis
3023 5429 3268 5485 Salvator
3284 5428 3506 5496 dicitur,

237 5521 381 5589 τὴρ,
420 5519 652 5589 ἐπείπερ
703 5519 921 5590 ἀληθῶς
976 5520 1347 5591 ἐχρημάτισεν
1400 5520 1687 5592 ἄνθρωπος
1740 5523 1824 5574 xei

1937 5526 2195 5597 quoniam
2236 5542 2361 5582 vere
2381 5527 2481 5582 fuit
2510 5528 2668 5582 homo
2688 5536 2742 5582 et
2770 5524 3025 5581 humanis
3044 5522 3349 5577 voluntarie
3379 5522 3509 5577 sub-

239 5611 619 5682 ἀνθρωπίνοις
642 5610 783 5665 ἑκὼν
812 5612 1088 5682 ὑποκύψαι
1111 5612 1330 5682 λέγεται
1349 5612 1576 5665 πάθεσιν
1606 5629 1622 5645 -
1660 5615 1717 5664 ἐν
1753 5610 1824 5678 οἷς

1931 5617 2112 5689 jectus
2149 5633 2272 5674 esse
2334 5618 2737 5674 inﬁrmitatibus
2768 5619 2985 5681 dicitur,
3050 5617 3102 5670 in
3154 5614 3351 5685 quibus
3406 5614 3507 5667 hu-

239 5705 278 5773 ἡ
352 5702 663 5773 ἀνθρωπίνη
709 5701 873 5772 φύσις
922 5702 1198 5775 ὁρωμένη,
1256 5704 1317 5757 τὸ
1371 5704 1696 5776 ἀδιάϐλητον
1739 5708 1824 5759 καὶ

1942 5725 2101 5767 mana
2158 5720 2350 5768 natura
2424 5712 2539 5771 visa
2594 5712 2737 5783 quod
2776 5706 3252 5783 irreprchensibile
3302 5716 3353 5763 et
3405 5706 3505 5762 im-

328 5904 377 5935 "
403 5901 563 5960 Joan.
590 5921 680 5972 xx,
708 5905 799 5973 22,
826 5907 913 5962 25.

1026 5910 1071 5940 ⁷³
1103 5906 1257 5965 Joan.
1304 5926 1384 5973 ιιι.
1418 5912 1469 5964 ὁ.
1609 5924 1617 5940 ³
1658 5910 1816 5967 Joau.
1854 5928 1925 5981 ιν,
1958 5912 2047 5976 Eli.
