4186 6444
751 471 850 534 371

1908 464 2168 529 PHOTII
2205 464 2713 533 PATRIARCHB
2751 471 2862 531 CP.

3915 458 4022 522 πε

749 580 1027 656 peccabile
1049 589 1134 638 est
1173 579 1366 637 sortita
1398 589 1504 636 est.
1541 579 1682 636 Dicit
1703 582 1851 638 enim
1898 580 2336 653 praecedentibus

2460 587 2828 656 ινεπιτίμητον
2857 580 3211 653 ἐκληρώσατο
3227 597 3244 614 ·
3270 577 3421 648 λέγει
3440 579 3621 633 τοίνυν
3643 577 3730 631 διὰ
3755 576 3863 631 τιῖιν
3885 593 4023 647 προ-

750 674 933 730 verbis
983 673 1236 729 Salvator
1276 687 1404 728 eum
1461 673 1555 742 qui
1607 674 1789 744 ipsum
1823 689 1888 729 ex
1925 672 2330 743 irreprehensi-

753 767 957 822 bilibus
989 764 1405 820 infirmitatibus
1429 765 1772 835 blasphemat
1802 777 1856 820 et
1882 765 2074 820 irridet
2105 781 2118 830 ;
2166 781 2215 818 v.
2248 780 2330 836 gr.

753 858 897 931 quod
927 858 1144 922 esuriit,
1199 857 1393 923 sitivit,
1446 858 1762 926 passionem
1796 857 2191 921 refortnidavit,
2244 874 2338 912 su-

754 949 920 1004 dores
949 947 1101 1001 illum
1153 944 1555 1014 irroraverunt,
1608 949 1766 1001 valde
1819 947 2032 1004 tristem
2075 961 2135 1003 se
2174 945 2334 1012 dixit,

757 1041 951 1096 mortis
986 1041 1180 1095 timore
1234 1039 1503 1094 exhibens
1559 1041 1892 1104 molestiam.
1941 1039 2089 1110 quod
2137 1039 2336 1103 oravit,

759 1133 904 1203 quod
951 1132 1324 1202 deprecatuus
1355 1142 1441 1187 est
1485 1132 1733 1196 calicem,
1777 1133 1864 1186 his
1911 1133 2165 1187 humanis
2217 1147 2342 1202 pro-

762 1224 1085 1296 prietatibus
1117 1223 1208 1294 qui
1245 1223 1676 1279 scandalizatum
1707 1222 1872 1276 fuerit
1907 1231 1962 1277 ct
1999 1239 2102 1276 una
2142 1222 2209 1276 iis
2246 1237 2342 1291 per

745 1332 884 1387 qua:
920 1314 1172 1370 Salvator
1205 1329 1266 1370 se
1298 1329 1421 1370 vere
1462 1312 1661 1369 Filium
1690 1311 2342 1382 hotuinisessecognosei

763 1406 1015 1477 praebuit,
1048 1406 1097 1460 is
1132 1404 1293 1461 facile
1354 1405 1678 1461 scandalum
1721 1413 1901 1474 potest
1949 1404 2238 1475 projicere,
2289 1411 2344 1459 et

764 1497 1162 1568 blasphemiam
1207 1496 1414 1566 fugere,
1444 1505 1500 1552 et
1548 1497 1754 1567 peccati
1794 1496 2173 1552 remissionem
2200 1496 2346 1573 acci-

766 1602 922 1657 pere,
955 1602 1231 1642 caecorum
1256 1587 1446 1642 videns
1470 1587 1661 1642 oculos
1687 1589 1852 1642 verbo
1876 1595 2170 1652 recreatos,
2204 1588 2348 1641 clau-

766 1680 870 1735 dos
897 1694 1064 1734 cursu
1135 1676 1383 1733 dolorem
1438 1679 1857 1749 redarguentes,
1917 1679 2345 1750 quatriduanum

769 1778 1044 1825 mortuum
1080 1769 1273 1825 mortis
1293 1770 1592 1839 potentiam
1621 1768 1910 1836 ridentem,
1972 1779 2028 1825 et
2085 1785 2348 1841 quaecun-

767 1877 876 1932 que
900 1863 1004 1918 alia
1035 1861 1218 1917 divina
1260 1861 1462 1917 virtute
1516 1862 1755 1918 eﬂiciens
1786 1873 2042 1918 ostensus
2091 1872 2178 1917 est
2225 1861 2349 1918 Sal-

767 1920 942 2008 vator.
983 1952 1190 2009 Eorum
1218 1954 1364 2009 enim
1399 1953 1830 2025 unumquodque
1888 1955 1998 2008 vim
2048 1953 2210 2008 habet
2261 1954 2347 2008 iit-'-
2383 1920 2425 1975 Β

768 2043 990 2108 victam,
1043 2045 1476 2100 scandalizatum
1528 2047 1572 2100 si
1623 2046 1820 2101 saltem
1870 2062 1977 2100 non
2040 2046 2219 2101 malus
2271 2047 2344 2102 sit

767 2135 945 2191 libens
983 2144 1037 2191 et
1086 2135 1299 2201 volens,
1327 2136 1396 2190 ab
1421 2151 1609 2192 errore
1671 2145 1728 2192 et
1749 2152 1778 2190 a
1811 2137 2126 2207 hlasphcma
2158 2138 2348 2208 dispo-

769 2225 969 2281 sitione
993 2224 1284 2281 liberandi.
1325 2225 1392 2279 Et
1429 2226 1475 2280 si
1508 2227 1697 2280 omnia
1731 2228 2062 2298 cogitatione
2093 2237 2350 2284 accurate

770 2319 1064 2375 meditatus
1087 2329 1193 2383 est,
1218 2319 1495 2388 quomodo
1531 2334 1637 2373 non
1671 2320 1977 2390 promptius
2020 2321 2172 2376 illum
2218 2337 2353 2378 con-

769 2417 982 2464 vertent
1006 2411 1100 2481 qui
1134 2409 1437 2466 humilibus
1458 2419 1512 2465 et
1552 2410 1811 2469 humanis
1857 2413 1914 2468 in
1956 2413 2352 2485 blasphemiam

772 2505 1087 2560 subtractus
1121 2501 1339 2559 fuerit?
1392 2503 1498 2570 Qui
1529 2512 1715 2559 autem
1761 2523 1828 2560 ex
1855 2506 1965 2562 illis
1994 2522 2114 2579 quae
2165 2507 2352 2563 divina

770 2604 827 2648 ct
861 2593 1062 2648 eximia
1092 2602 1222 2648 sunt
1250 2595 1508 2664 operibus
1531 2596 1868 2668 blasphemia
1890 2599 2031 2653 male
2078 2601 2267 2670 egerit,
2302 2611 2356 2655 et

771 2699 1023 2755 querens
1046 2685 1324 2756 quomodo
1352 2702 1446 2758 per
1461 2689 1664 2744 bonum
1693 2701 2019 2760 operaturus
2035 2693 2107 2747 sit
2131 2694 2354 2758 bonum,

771 2786 825 2831 et
866 2792 1011 2832 nunc
1032 2777 1250 2849 quidem
1274 2776 1462 2834 dicens
1496 2795 1621 2835 cum
1657 2780 1846 2836 Jesum
1879 2783 2026 2838 videt
2077 2785 2357 2840 daemones

770 2869 1080 2938 ejicientem
1107 2887 1122 2924 :
1156 2888 1175 2922 ι
1205 2868 1542 2926 Βαειιιοιιίιιιιι
1580 2875 1738 2929 habet
1766 2877 1813 2908 ”
1841 2894 1856 2942 ;
1885 2877 2074 2943 ijnunc
2124 2887 2304 2932 autem
2340 2895 2354 2932 :

781 2978 800 3012 ι
831 2961 889 3015 In
927 2961 1575 3032 principedaemoniorum
1600 2965 1749 3033 ejieit
1775 2968 2040 3022 daemonia
2064 2967 2108 3000 ⁷⁸
2140 2985 2189 3035 ;ι
2215 2984 2359 3023 nunc

774 3061 980 3118 autem,
1003 3069 1130 3108 cum
1153 3053 1202 3108 ei
1233 3069 1398 3134 quem
1423 3056 1541 3110 visu
1564 3058 1821 3114 nativitas
1847 3060 2136 3114 orhaverat
2168 3060 2358 3115 oculos

775 3143 1151 3209 reformasset,
1181 3160 1308 3200 eum
1336 3147 1634 3215 opprobrio
1662 3163 2002 3220 persequens
2027 3161 2080 3206 et
2121 3153 2362 3210 miracu-

2437 681 2705 747 κειμένων
2736 675 2998 748 βημάτων
3028 675 3058 726 ὁ
3077 671 3287 743 Σωτὴρ,
3300 674 3382 726 ὅτι
3395 671 3502 725 ἀπὸ
3528 669 3634 724 τῶν
3664 668 4022 737 ἀνθρωπίνων

2436 769 2691 841 πράξεων
2722 768 2817 820 τοῦ
2858 765 2991 820 Υίοῦ
3012 765 3106 820 τοῦ
3122 765 3434 836 ἀνθρώπου,
3465 761 3749 816 τουτέστιν
3768 760 3880 813 ἀπὸ
3911 758 4026 811 τῶν

2436 860 2776 930 ἀδιαὸλήτων
2804 858 2993 914 παθῶν
3015 857 3354 927 βλασφημῶν
3397 855 3562 908 αὐτδν
3591 854 3685 907 καὶ
3721 853 4026 923 διασύρων,

2440 949 2554 1007 οἷον
2589 953 2671 1006 ὅτι
2694 951 3004 1016 ἰπείνασεν,
3031 947 3308 1017 ἐδίψησεν,
3327 947 3409 1000 ὅτι
3431 947 3490 998 τὸ
3507 945 3677 1008 πάθος
3691 944 4026 1015 ἠγωνίασεν,

2441 1046 2522 1099 ὅτι
2551 1044 2776 1118 ἱδρῶτες
2810 1042 2975 1098 αὐτὸν
3002 1039 3384 1111 περιέσταζον,
3411 1039 3493 1091 ὃτι
3523 1037 3818 1108 περίλυπον
3834 1033 4031 1088 ἑαυτὸν

2443 1134 2597 1203 ἔλεγε
2619 1133 2696 1204 τῷ
2728 1131 2823 1186 τοῦ
2858 1132 3091 1186 θανάτου
3120 1130 3271 1200 φόὁῳ
3308 1127 3708 1198 διοχλούμενος,
3728 1127 3811 1178 ὅτι
3859 1139 4031 1194 προσ-

2445 1225 2663 1296 ηὐχετο,
2691 1224 2773 1277 ὅτι
2803 1225 3103 1295 παρῃτεῖτο
3129 1221 3191 1274 τδ
3220 1221 3484 1292 ποτήριον
3504 1233 3516 1244 ·
3543 1220 3608 1270 ὲκ
3635 1214 3844 1268 τούτων
3871 1210 3972 1266 οὖν
4006 1215 4034 1265 δ

2445 1312 2930 1384 σκανδαλιζόμενος
2961 1313 3071 1367 τῶν
3093 1310 3479 1382 ἁνθρωπίνωνς
3527 1308 3622 1361 καὶ
3649 1307 3716 1359 δι’
3749 1299 3826 1358 ῶν
3858 1307 3888 1357 6
3915 1304 4032 1356 Σω-

2445 1405 2550 1475 τὴρ
2585 1405 2710 1468 Υἱὸς
2737 1403 2953 1474 ἀληθῶς
3004 1402 3316 1473 ἀνθρώπου.
3360 1402 3626 1471 παρεῖχεν
3670 1395 4036 1462 ἐπιγινώσκε-

2449 1497 2594 1562 σθαι,
2623 1491 2777 1561 οὗτος
2813 1497 2941 1566 ῥᾷον
2970 1493 3194 1548 δύναται
3218 1493 3373 1564 ῥίψαι
3399 1493 3460 1545 τὸ
3490 1489 3787 1545 σκάνδαλον
3816 1487 3914 1540 καὶ
3937 1485 4035 1556 τὴν

2450 1589 2801 1661 βλασφημίαν
2833 1588 3152 1658 διαφυγεῖν,
3211 1587 3307 1640 καὶ
3351 1586 3452 1654 τῆς
3513 1584 3788 1654 ἁμαρτίας
3846 1579 4035 1634 λαϐεῖν

2449 1683 2672 1751 ἄφεσιν·
2733 1679 2969 1749 τυφλοὺς
3007 1677 3151 1750 δρῶν
3190 1676 3332 1747 λόγῳ
3378 1672 3926 1746 δημιουργουμένους
3969 1669 4038 1721 τὰ

2449 1771 2694 1842 ὄμματα,
2715 1769 2921 1840 χωλοὺς
2943 1769 3000 1821 δὲ
3014 1767 3092 1840 τῷ
3112 1767 3298 1839 δρόμῳ
3315 1767 3375 1819 τὸ
3389 1765 3559 1828 πάθος
3581 1763 3930 1832 ἐλέγχοντας,
3949 1759 4038 1813 τδν

2453 1866 2511 1918 ὲν
2557 1865 2773 1932 νεκροῖς
2821 1862 3136 1932 τεταρταῖον
3200 1857 3296 1912 τοῦ
3349 1858 3581 1912 θανάτου
3645 1851 4040 1920 καταγελῶντα

2453 1955 2551 2026 τὴν
2577 1954 2832 2024 δύναμιν,
2861 1954 2956 2008 καὶ
2984 1954 3085 2006 ὅσα
3110 1951 3248 2006 ἄλλα
3298 1947 3576 2019 θεουργῶν
3613 1947 3643 1998 ὁ
3679 1943 3872 2013 Σωτὴρ
3908 1941 4039 1994 tosi-

2450 2065 2644 2102 κνυτο·
2674 2046 2995 2101 καὶτούτων
3026 2045 3126 2116 μὲν
3156 2045 3265 2114 γὰρ
3280 2042 3512 2096 ἕκαστον
3551 2038 3765 2108 ἄμαχον
3790 2036 3907 2104 ἔχει
3943 2031 4040 2102 τήν

2452 2140 2627 2209 ἰσχὺν,
2673 2138 2764 2191 τὸν
2803 2136 3309 2206 σκανδαλιζδμενον,
3360 2133 3427 2187 ἂν
3477 2131 3586 2200 ἄρα
3629 2129 3704 2199 μή
3727 2125 3871 2180 ἑκὼν
3905 2140 4039 2176 κακ-

2450 2233 2643 2301 ουργῇ,
2701 2227 3013 2292 ἀπαλλάξαι
3041 2227 3141 2298 τῆς
3168 2225 3374 2294 πλάνης
3391 2222 3594 2290 καὶτῆς
3612 2216 4040 2291 βλασφημούσης

2450 2321 2750 2384 διαθέσεως
2771 2336 2785 2350 ·
2832 2319 2970 2389 ὁμοῦ
3010 2318 3068 2372 δὲ
3118 2317 3297 2370 πάντα
3325 2317 3444 2376 ταῖς
3473 2310 3736 2372 διανοίαις
3765 2305 4042 2377 ἐπιμελῶς

2456 2413 2830 2487 μελετώμενα,
2859 2410 2976 2475 πῶς
3002 2411 3065 2464 οὐ
3100 2409 3296 2464 θᾶττον
3325 2405 3656 2479 μεταστήσει
3693 2401 3833 2472 πρὸς
3866 2399 4043 2452 θεολοο

2455 2506 2580 2576 γίαν
2626 2505 2716 2557 τὸν
2776 2503 2884 2557 ἀπὸ
2933 2501 3044 2555 τῶν
3093 2499 3369 2554 ταπεινῶν
3413 2499 3511 2550 καὶ
3566 2490 3928 2564 ἀνθρωπίνων
3967 2489 4044 2548 είς

2458 2595 2811 2669 βλασφημίαν
2871 2591 3314 2662 ὑποσυρόμενον;
3357 2589 3416 2642 '0
3457 2587 3515 2641 δὶ
3559 2585 3668 2641 ἀπὸ
3703 2583 3917 2637 τούτων
3939 2579 4045 2632 τῶν

2458 2686 2780 2758 θεοπρεπῶν
2809 2699 2870 2738 τε
2899 2682 2997 2736 καὶ
3027 2679 3325 2752 ὑπερφυῶν
3365 2677 3544 2749 ἔργων
3577 2677 3656 2737 εἰς
3691 2669 4048 2744 βλασφημίαν

2459 2778 2805 2851 κακουργῶν,
2830 2775 2925 2830 καὶ
2959 2773 3276 2837 σπουδάζων
3327 2771 3476 2833 ὅπως
3501 2767 3588 2820 διὰ
3612 2765 3706 2820 τοῦ
3737 2761 3952 2832 ἀγαθοῦ
3989 2761 4048 2813 τὸ

2459 2870 2663 2940 φαῦλον
2691 2867 3119 2939 δημιουργήσειε
3139 2879 3153 2894 ·
3186 2861 3282 2916 καὶ
3302 2859 3398 2914 νῦν
3425 2859 3523 2928 μὲν
3552 2857 3752 2925 λέγων,
3783 2853 4050 2920 δαίμονας

2458 2966 2600 3038 ὁρῶν
2619 2959 3236 3031 διώκοντα,‹Δαιμόνιον
3258 2955 3390 3025 ἔχει·
3419 2975 3436 3007 ι
3467 2953 3563 3008 νῦν
3585 2953 3670 3014 δὲ,
3703 2951 3786 3004 ὅτι
3813 2946 3944 3001 «Ἐν
3975 2945 4049 3015 τῷ

2459 3057 2682 3128 ἄρχοντι
2712 3054 2817 3108 τῶν
2845 3051 3136 3122 δαιμονίων
3161 3046 3413 3102 ικόἀλλει
3443 3044 3512 3098 τὰ
3559 3042 3816 3113 δαιμόνια
3845 3055 3859 3068 ·
3902 3058 3922 3092 ι
3957 3038 4052 3092 νῦν

2460 3147 2517 3201 δὲ
2541 3142 2602 3202 οὐ
2630 3149 2726 3210 τὰς
2760 3143 2912 3215 ὑψεις
2936 3145 2971 3214 ή
3000 3141 3218 3208 γένεσις
3259 3135 3630 3207 ἀπεστέρησε,
3657 3135 3853 3186 τούτου
3882 3128 4053 3199 ,πηλῷ

777 3237 888 3290 lum
918 3237 972 3291 in
1012 3237 1250 3307 injurias
1294 3240 1522 3295 trahens
1574 3251 1631 3295 et
1669 3242 1894 3298 dicens:
1956 3263 1974 3295 ι
2003 3243 2117 3298 Non
2154 3256 2240 3300 est
2272 3247 2358 3303 hic

2461 3241 2555 3296 καὶ
2583 3239 2728 3309 λόγῳ
2780 3238 2909 3301 τοὺς
2952 3233 3275 3305 ὀφθαλμοὺς
3326 3228 3882 3299 πλαστουργήσαντα,
3919 3239 4052 3292 προ-

777 3342 810 3382 a
834 3326 944 3381 Deo
963 3329 1030 3384 ".
1051 3328 1194 3399 iﬂui
1225 3329 1390 3400 igitur
1418 3329 1621 3386 divinis
1647 3333 1756 3388 illis
1781 3343 1835 3390 et
1854 3335 2072 3392 eximiis
2098 3337 2357 3407 Operibus

779 3434 887 3472 non
916 3419 1109 3475 melior
1146 3420 1399 3490 efﬁcitur,
1427 3421 1523 3478 sed
1551 3424 1735 3494 potius
1759 3427 1824 3480 ad
1854 3428 2011 3497 pejus
2045 3427 2288 3485 defertur
2304 3440 2357 3486 et

777 3509 844 3564 ad
871 3511 1202 3567 dementiam
1236 3515 1544 3579 excitatur;
1583 3523 1639 3570 et
1671 3531 1740 3572 ex
1768 3517 1973 3587 quibus
2015 3519 2274 3575 admirari
2303 3532 2359 3578 et

778 3601 1059 3656 celebrare
1091 3602 1495 3660 benefactorem
1520 3607 1825 3678 oportebat,
1856 3609 2009 3664 illum
2051 3611 2276 3682 injuriis
2305 3623 2359 3668 et

779 3691 1133 3762 blasphemiis
1161 3710 1513 3767 persequens,
1549 3700 1752 3768 quibus
1768 3701 1892 3757 aliis
1923 3713 2354 3774 converteretur,

778 3793 833 3838 et
876 3786 1206 3855 palinodiam
1260 3797 1484 3845 caneret
1526 3799 1582 3846 et
1614 3791 1682 3846 ad
1726 3794 2102 3863 prenitentiam
2163 3798 2361 3853 confu-

780 3886 932 3947 grret
960 3885 1131 3950 atque
1166 3879 1466 3950 impietatis
1503 3897 1568 3938 ac
1623 3881 1680 3937 in
1722 3883 1894 3939 Deum
1931 3902 2128 3957 pugnze
2170 3877 2360 3948 remis-

779 3970 988 4028 sionem
1018 3973 1339 4043 acciperet?
1362 3972 1652 4032 Manifeste
1675 3978 1824 4032 nulla
1852 3978 1960 4037 alia
1991 3995 2070 4037 re.

2462 3331 2779 3403 πηλακίζων
2829 3345 2889 3381 τε
2924 3327 3020 3382 καὶ
3074 3327 3135 3379 τὸ
3186 3324 3374 3395 θαῦμα
3411 3323 3492 3386 είς
3523 3319 3681 3390 ὕϐριν
3717 3317 3922 3381 ἕλκων,
3963 3315 4056 3367 καὶ

2460 3425 2656 3494 λέγων,
2690 3423 2765 3486 ώς
2794 3439 2813 3474 ι
2839 3421 2953 3476 Οὐκ
2968 3420 3114 3472 εστιν
3138 3408 3294 3480 οὗτος
3319 3414 3470 3486 παρὰ
3489 3411 3583 3465 τοῦ
3612 3409 3804 3465 Θεοῦη
3823 3411 3854 3461 ο
3873 3405 4056 3460 τοίνυν

2458 3519 2547 3572 διὰ
2569 3517 2677 3571 τῶν
2706 3515 2993 3585 θειοτέρων
3013 3529 3074 3566 τε
3091 3503 3192 3564 ’καὶ
3218 3508 3516 3580 ὑπερφυῶν
3537 3505 3713 3576 ἔργων
3754 3500 3915 3555 οὐδὲν
3938 3498 4059 3569 βελ-

2457 3611 2763 3681 τιούμενος,
2787 3606 2926 3661 ἀλλὰ
2961 3604 3161 3677 μᾶλλον
3207 3603 3300 3655 ἐπὶ
3327 3601 3389 3654 τὸ
3410 3603 3590 3671 χεῖρον
3619 3597 3947 3667 φερόμενος,
3965 3590 4060 3644 καὶ

2461 3704 2600 3776 πρὸς
2625 3702 2886 3756 ἀπόνοιαν
2911 3695 3194 3766 ἀνοιστροὺ
3204 3711 3363 3766 μενος
3382 3709 3402 3730 ·-
3416 3694 3509 3746 καὶ
3522 3689 3588 3744 δι’
3618 3682 3696 3743 ὧν
3711 3687 3817 3740 εδει
3840 3683 4059 3754 θαυμα-

2464 3798 2581 3863 ζειν
2605 3794 2697 3850 καὶ
2717 3794 2974 3864 ἀνυμνεῖν
2989 3789 3079 3844 τὸν
3097 3785 3396 3856 εὐεργέτην
3420 3783 3488 3837 δι’
3511 3781 3738 3836 ὲκείνων
3754 3777 4066 3844 ἔνυδρίζων.

2461 3907 2521 3943 τε
2555 3888 2649 3941 καὶ
2707 3880 3071 3957 βλασφημῶν,
3101 3879 3191 3932 διὰ
3241 3877 3405 3931 τίνων
3433 3872 3608 3928 ἄλλων
3641 3869 3708 3924 ἂν
3737 3865 4061 3936 ὶπιστραφῇ

2461 3987 2555 4041 καὶ
2589 3976 2919 4047 παλινῳδίαν
2950 3973 3082 4044 ᾄσῃ,
3123 3974 3218 4025 καὶ
3238 3969 3376 4038 πρὸς
3414 3965 3515 4033 τὴν
3560 3961 3851 4034 μετάνοιαν
3884 3971 4064 4010 κατα·

780 4063 1061 4132 φεύξεται,
1103 4065 1199 4120 καὶ
1237 4064 1341 4136 τῆς
1396 4066 1718 4132 δυσσεϐείας
1769 4088 1833 4124 τε
1897 4073 1992 4128 καὶ
2053 4073 2353 4150 θεομαχίας
2424 4084 2523 4154 τὴν
2569 4079 2762 4144 ἄφεσιν
2805 4066 3057 4140 λήψεταιι
3107 4062 3141 4134 ἢ
3178 4060 3421 4132 δηλονότι
3450 4056 3517 4154 δ(
3568 4055 3757 4154 hi?”
3801 4049 4064 4154 οξδξενόςδ

850 4160 952 4226 Qui
987 4160 1155 4230 igitur
1193 4162 1246 4215 in
1280 4160 1544 4231 Spiritum
1579 4173 1854 4232 sanctum,
1901 4167 1954 4223 id
2017 4181 2100 4225 est
2168 4173 2224 4229 in
2276 4177 2371 4233 Dei

780 4254 936 4324 signa
967 4253 1446 4324 blasphemaverit,
1479 4270 1580 4309 nec
1609 4271 1707 4325 per
1733 4273 1795 4312 ea
1842 4260 2076 4330 priorem
2107 4264 2372 4338 blasphe-

781 4346 946 4399 miam
982 4345 1262 4414 abjecerit,
1300 4344 1436 4399 nihil
1460 4345 1609 4400 aliud
1640 4347 1791 4403 illum
1823 4351 2030 4421 eriget;
2086 4371 2196 4410 non
2251 4374 2374 4414 cor-

783 4446 989 4494 rectum
1022 4447 1202 4493 autem
1232 4439 1374 4494 unde
1401 4439 1654 4494 remissio
1687 4443 1896 4509 peccati
1921 4449 2222 4514 sequetur?
2250 4448 2375 4506 Ideo

2541 4173 2646 4226 Τδν
2665 4162 3142 4239 βλασφημήσαντα
3167 4156 3346 4210 τοίνυν
3362 4156 3440 4218 είς
3461 4152 3522 4206 τδ
3541 4149 3767 4220 Πνεῦμα
3793 4149 3858 4202 τὸ
3879 4149 4066 4216 am,

2470 4263 2752 4320 τουτέστιν
2791 4259 2870 4319 είς
2920 4253 3017 4315 τὰς
3071 4247 3421 4319 θεοσημείας,
3464 4244 3558 4298 καὶ
3598 4242 3734 4313 μηδὲ
3765 4241 3833 4294 δι’
3883 4241 4070 4294 αὐτῶν

2468 4359 2569 4426 τὴν
2597 4350 2872 4426 προτέραν
2926 4337 3240 4413 δυσφημίαν
3278 4334 3835 4426 ἀποσκευασάμενον,
3869 4330 4071 4426 τοῦτον

2471 4424 2652 4503 οὐδὲν⁷
2679 4445 2870 4515 ἕτερον
2931 4434 3324 4508 διορθώσεται·
3384 4427 3460 4499 μὴ
3516 4424 3907 4502 διορθούμενον
3966 4424 4069 4515 δε,

783 4530 1178 4586 rationabiliter
1200 4541 1253 4586 et
1285 4540 1342 4584 ut
1386 4531 1553 4585 Deum
1604 4532 1780 4598 decet,
1837 4512 2078 4593 salutare
2136 4539 2358 4596 Verbum

2477 4540 2643 4594 πόθεν
2672 4538 2706 4605 ή
2734 4512 2928 4604 ἄφεσις
2955 4523 3316 4592 ἀκολουθήσει
3349 4517 3446 4573 τοῦ
3487 4517 3891 4588 ἁμαρτήματος
3915 4532 3932 4580 ;
3959 4512 4072 4566 διός

781 4638 909 4678 cum
937 4624 1033 4694 qui
1074 4623 1166 4678 Dei
1203 4639 1368 4693 Opera
1403 4623 1456 4678 in
1486 4624 1881 4694 blasphemiam
1906 4639 2117 4685 vertere
2143 4641 2370 4688 conten-

782 4713 942 4780 derit,
972 4715 1121 4771 omni
1155 4714 1307 4768 venia
1343 4713 1628 4785 indignum
1674 4717 1800 4773 fons
1846 4721 2188 4778 remissionis
2239 4739 2374 4795 pro-

784 4805 1075 4861 nuntiavit.
1107 4804 1329 4860 Nullum
1381 4805 1529 4862 enim
1575 4817 1897 4878 praetextum
1945 4811 2048 4866 sibi
2097 4813 2355 4884 reliquit;

786 4907 887 4948 nec
915 4891 1240 4961 injuriarum
1273 4902 1330 4948 et
1367 4893 1830 4964 blasphemiarum
1886 4901 2226 4957 correctione
2283 4919 2377 4960 nc-

786 5001 913 5054 que,
947 4994 1157 5039 tantum
1191 4985 1370 5051 abest,
1409 4987 1735 5044 remissione
1782 4990 1982 5061 dignus
2009 4993 2368 5062 judicabitur.

785 5075 1171 5131 Cornedentcm
1199 5086 1254 5131 et
1280 5075 1553 5133 bibentem
1585 5078 1784 5146 vidisti,
1816 5093 1862 5136 et
1895 5083 2017 5138 ideo
2038 5100 2160 5139 eum
2196 5102 2376 5142 come-

789 5167 987 5221 donem
1016 5175 1069 5224 et
1101 5166 1214 5223 vini
1240 5174 1487 5238 potorem
1520 5184 1717 5236 vocas;
1751 5184 2067 5242 peccatores
2107 5185 2162 5230 et
2192 5177 2375 5247 publi-

790 5273 960 5315 canos
990 5259 1372 5330 accipientem,
1397 5267 1452 5315 et
1473 5260 1526 5314 id
1559 5271 1608 5316 te
1636 5262 1853 5334 impulit
1894 5278 1952 5320 ut
1977 5267 2027 5322 ei
2063 5268 2378 5337 publicano-

791 5365 916 5406 rum
974 5361 1030 5406 et
1081 5360 1429 5422 peccatorum
1477 5353 1776 5410 amicitiam
1827 5358 2221 5427 exprobrares?
2274 5359 2379 5416 Sed

793 5442 895 5498 tibi
925 5441 1141 5498 excelsa
1170 5443 1559 5514 relinquuntur
1591 5459 1686 5514 per
1711 5462 1834 5516 qua:
1878 5459 1932 5502 et
1957 5449 2026 5502 ab
2053 5449 2121 5504 iis
2155 5449 2374 5519 injuriis

795 5533 1056 5590 recedens
1086 5543 1142 5590 et
1175 5535 1242 5589 ad
1279 5535 1657 5605 paenitentiam
1699 5537 2041 5608 confugiens,
2093 5541 2378 5595 remissio-

803 5641 926 5680 nem
964 5625 1234 5692 invenies,
1271 5626 1399 5696 quia
1423 5641 1548 5682 cum
1582 5628 1809 5684 muliere
1838 5640 1890 5685 et
1912 5630 2002 5684 illa
2027 5629 2374 5687 Samaritana

798 5716 1016 5776 locutus
1043 5727 1128 5776 est
1151 5729 1204 5776 et
1236 5719 1306 5775 ab
1321 5735 1385 5775 ea
1427 5734 1624 5792 aquam
1675 5721 1862 5778 bibere
1903 5724 2216 5794 postulavit,
2252 5725 2364 5778 hu-

879 5905 924 5938 "
955 5902 1146 5962 Matth.
1200 5919 1274 5970 XI,
1319 5905 1397 5960 l8.

1481 5906 1521 5936 "‘
1557 5903 1746 5961 Matth.
1785 5921 1862 5973 ix,
1898 5905 1985 5963 3!.
2138 5906 2290 5971 least.

2476 4649 2582 4703 περ
2610 4627 2848 4694 εὐλόγως
2889 4638 2951 4676 τε
3005 4619 3100 4672 καὶ
3157 4610 3479 4684 θεοπρεπῶς
3605 4609 3874 4676 σωτήριος
3913 4605 4078 4703 λδγος

2474 4697 2564 4777 τὸν
2611 4721 2711 4782 τὰς
2785 4713 3076 4785 θεουργίας
3125 4710 3205 4772 εἰς
3279 4701 3630 4776 βλασφημίαν
3689 4697 4077 4770 μεταστρέψαι

2478 4811 2960 4885 φιλονεικήσαντα,
2989 4803 3171 4870 πάσης
3220 4794 3558 4866 συγγνώμης
3601 4791 3886 4885 αναξιονή

2476 4880 2576 4977 τῆς
2601 4903 2847 4972 ἀφέσεως
2871 4896 3194 4966 ἀπεφήνατο
3217 4907 3230 4921 ·
3282 4886 3542 4979 οὐδεμίαν
3573 4883 3680 4954 γὰρ
3702 4881 3900 4979 Δἑαυτῷ
3927 4880 4079 4979 ιπρὸῐ

2480 4972 2648 5066 φασιν
2679 4987 3052 5049 ὐπελελοιπὼς
3103 4983 3229 5037 οὐτε
3283 4978 3624 5051 διορθώσεως
3658 4975 3770 5035 τῶν
3798 4972 3954 5026 κατὰ
3983 4972 4078 5024 τοῦ

2479 5062 2794 5157 Πνεύματος
2822 5080 3038 5153 ὕϐρεων
3061 5077 3155 5131 καὶ
3182 5070 3565 5144 βλασφημιῶν,
3601 5066 3726 5120 οὐδὲ
3758 5062 3967 5157 πολλοῦ
4002 5063 4083 5114 δεῖ

2479 5183 2578 5249 τῆς
2632 5155 2886 5246 ἀφέσεως
2948 5169 3346 5240 ἀξιωθήσεται·
3405 5161 3657 5217 ἐσθίοντα
3714 5159 3812 5210 καὶ
3842 5155 4082 5208 πίνοντα

2481 5267 2642 5334 εἶδες,
2697 5267 2790 5322 καὶ
2821 5265 2912 5320 διὰ
2972 5262 3130 5318 τοῦτο
3181 5259 3356 5330 φάγον
3383 5257 3570 5318 καλεῖς
3598 5253 3694 5307 καὶ
3738 5249 4080 5319 οίνοπότηνς

2485 5360 2844 5432 ἁμαρτωλοὺς
2895 5357 2991 5410 καὶ
3033 5351 3273 5415 τελώνας
3312 5345 3768 5432 προσδεχόμενον,
3795 5337 4083 5432 καὶτοῦτο

2483 5430 2541 5505 σε
2566 5430 2812 5503 τελωνῶν
2837 5445 3116 5500 ἐπικαλεῖν
3137 5441 3320 5510 φιλίαν
3337 5438 3433 5493 καὶ
3446 5431 3796 5506 ἁμαρτωλῶν
3820 5430 4049 5502 ἐπῆρεν
4064 5471 4081 5494 ,

2483 5542 2599 5595 ἀλλ’
2628 5537 2981 5593 ὑπολείπεταί
3014 5554 3096 5591 σοι
3113 5534 3182 5588 τὰ
3200 5531 3401 5604 ὑψηλὰ,
3419 5531 3488 5585 δι’
3518 5523 3594 5584 ὧν
3614 5527 3710 5581 καὶ
3736 5522 3958 5578 τούτων
3973 5522 4083 5577 τῶν

2485 5633 2696 5706 ὕϐρεων
2733 5632 2977 5694 ἀποστὰς
2994 5628 3243 5699 καὶπρὸς
3269 5625 3561 5698 μετάνοιαν
3580 5617 3952 5688 καταφυγὼν,
3983 5616 4084 5686 τήν

2475 5728 2667 5795 ἄφεσιν
2690 5725 2965 5794 εὑρήσεις·
2993 5722 3075 5776 ὄτι
3093 5719 3232 5791 μετὰ
3249 5715 3508 5787 γυναικὸς
3535 5714 3631 5768 καὶ
3649 5711 3764 5765 τότε
3790 5707 4084 5780 Sumpsi.

2328 5924 2403 5968 ix.
2455 5907 2533 5961 lii.
