4186 6444
222 413 334 479 3’73

1180 418 1280 479 AD
1309 417 1907 482 AMPHILOCHIUM
1933 421 2282 494 QUIESTIO
2316 427 2529 491 XLIX.

3389 438 3497 501 374

222 524 371 588 τιδος
398 522 578 579 ἐλάλει
614 524 706 579 καὶ
734 526 878 579 πιεῖν
910 525 1041 598 παρ’
1072 525 1243 597 αὐτῆς
1279 527 1426 599 ὕδωρ
1451 525 1815 598 ἐπεζήτει,τά

1922 529 2069 583 milia
2100 532 2367 602 impulsus
2392 543 2475 590 est
2506 542 2567 589 ut
2591 532 2659 589 dc
2714 534 2807 589 illo
2857 536 3162 607 cogitares?
3193 540 3495 612 Quomodo,

221 618 454 671 ταπεινά
474 617 776 689 συνηλάθης
800 617 1109 687 λογίζεσθαι
1124 617 1255 689 περὶ
1272 618 1462 681 αὐτούς
1488 620 1603 682 πῶς
1618 618 1809 690 ῶσπερ

1922 622 2372 687 quemadmodum
2426 623 2828 679 Samaritanam
2861 626 3168 685 humilioris
3216 633 3500 701 opinionis

224 709 421 773 ελαδες
440 711 538 779 τὴν
556 710 907 780 Σαμαρεῖτιν,
921 712 1193 780 πρόφασιν
1207 712 1599 780 ταπεινοτέρας
1611 712 1811 780 ὑπολή-

223 801 377 871 ψεως
396 803 489 854 καὶ
507 800 689 871 δόξης,
707 800 879 865 οὕτως
898 802 960 855 ού
977 801 1284 873 παρέλαϐες
1304 803 1476 873 αὐτὴν
1491 801 1811 856 διδάσκαλον

223 894 438 966 καὶτῆς
457 894 795 965 ὑψηλοτέρας
815 911 831 959 ;
858 912 876 945 ι
902 894 1067 948 Δεῦτε
1083 893 1213 966 γάρ,
1240 893 1424 964 φησὶν,
1442 893 1580 947 ῐδετε
1596 892 1809 962 ἀνθρω-

224 1002 384 1049 πον,ι
426 986 580 1039 πόλιν
611 984 739 1057 δλην
768 986 1173 1057 ἐπιστρέφουσα
1192 986 1399 1051 ἐκάλει,
1435 1004 1455 1039 ε
1482 986 1540 1050 ὃς
1564 979 1688 1039 εῐπέ
1722 1002 1811 1056 μοι

225 1081 408 1135 πάντα
443 1081 545 1135 ὅσα
567 1081 817 1152 ἐποίησαο
832 1099 852 1134 ι
878 1080 999 1134 οὐδέ
1019 1079 1195 1135 ταῦτά
1213 1097 1273 1134 σε
1291 1080 1494 1155 θεωρδν
1518 1081 1813 1151 ἐργάζεται

224 1175 340 1228 τῶν
365 1175 656 1248 θειοτέρων
682 1192 744 1230 τε
763 1176 875 1231 -καὶ
896 1174 1284 1247 ὑψηλοτέρωνς
1336 1174 1455 1229 ἀλλ’
1484 1175 1566 1228 ὃτι
1600 1175 1809 1229 πυνθά-

222 1284 380 1321 νεται
407 1268 516 1321 τῶν
548 1268 829 1339 μαθητῶν,
866 1285 886 1321 ε
914 1268 1050 1323 Τίνα
1085 1284 1153 1339 με
1172 1267 1427 1337 λέγουσιν
1461 1268 1509 1320 oi
1534 1266 1815 1338 ἀνθρωττοι

223 1351 402 1422 sivest;
439 1375 459 1410 ι
488 1356 673 1422 ἀνοίας
696 1356 966 1429 ἅρπαγμα
986 1356 1084 1427 τὴν
1100 1358 1370 1428 ἐρώτησιν
1412 1360 1809 1428 ποιησάμενος,

223 1447 329 1502 ενα
354 1449 461 1502 τῶν
493 1448 706 1503 πολλῶν
732 1449 974 1519 νομίζεις
995 1468 1009 1515 ;
1033 1452 1130 1503 καὶ
1155 1448 1271 1512 πῶς
1283 1451 1343 1502 οὐ
1360 1448 1495 1520 πρδς
1526 1448 1814 1519 θεοπρεπῆ

223 1538 394 1604 δόξαν
420 1538 755 1604 ἀναϐαίνεις,
807 1540 1023 1594 ἀκούων
1047 1541 1301 1610 λέγοντος
1344 1540 1425 1612 τῷ
1453 1541 1554 1611 τὴν
1582 1540 1819 1612 ἀπόκρι-

226 1646 316 1682 σιν
334 1631 749 1703 παρεσχημένῳ,
775 1650 794 1683 ι
814 1633 887 1685 Σὺ
909 1628 960 1686 εἴ
974 1633 1003 1685 ὁ
1023 1633 1150 1697 Υίδς
1166 1633 1261 1687 τοῦ
1276 1633 1413 1687 θεοῦ
1431 1632 1526 1687 τοῦ
1543 1632 1768 1699 ζῶντος;
1791 1652 1809 1685 ι

233 1740 253 1773 ε
280 1723 408 1776 Ὅτι
436 1724 679 1795 σὰρξκαὶ
699 1719 836 1790 αἷμα
860 1726 961 1780 οὐκ
983 1725 1304 1793 ἀπεκάλυψέ
1322 1743 1426 1789 σοι,
1450 1726 1565 1780 ἀλλ’
1580 1727 1610 1781 ό
1627 1728 1817 1798 Πατήρ

227 1831 338 1884 μου
358 1816 386 1867 ό
408 1817 467 1869 ἐν
484 1818 598 1879 τοῖς
623 1817 901 1888 ούρανοῖς;
932 1837 949 1870 ι
972 1820 1103 1883 Καὶ,
1134 1836 1152 1871 t
1190 1818 1262 1872 Σὺ
1288 1815 1338 1872 εἶ
1361 1819 1586 1891 Πέτρος,
1614 1821 1707 1873 καὶ
1723 1818 1818 1873 ἐπὶ

220 1908 406 1981 ταύτῃ
416 1911 482 1977 τῇ
498 1910 672 1982 πέτρᾳ
682 1912 1019 1984 οἰκοδομήσω
1036 1930 1137 1982 μου
1152 1912 1248 1983 τὴν
1260 1912 1711 1985 Ἐκκλησίαν,καὶ
1725 1914 1819 1967 πύ-

221 2002 315 2057 λαι
332 2001 464 2075 ᾅδου
477 2003 540 2058 ού
556 2004 976 2075 κατισχύσουσιν
990 2006 1159 2075 αὐτῆς
1179 2023 1194 2070 ;
1222 2024 1240 2056 ι
1261 2006 1603 2077 Ἀνθρὼπινα
1620 2007 1814 2070 ταῦτα,

217 2097 257 2166 ἢ
284 2095 463 2167 μόνης
501 2096 601 2167 τῆς
652 2097 1063 2166 παντοδυνάμου
1089 2101 1356 2172 Θεότητος
1394 2101 1491 2156 καὶ
1516 2099 1819 2171 φιλανθρώ-

223 2203 371 2253 πους
429 2187 567 2242 ἀλλά
619 2189 841 2259 ῥήματα
878 2189 1052 2244 ταῦτά
1092 2191 1229 2256 ἐστι,
1264 2192 1357 2244 καὶ
1384 2192 1486 2262 τὴν
1512 2191 1638 2261 ὄψιν
1662 2190 1817 2245 ούπω

220 2278 542 2349 προσέλαϐε
599 2279 896 2349 μάρτυρα;
947 2279 1068 2333 οὐδὲ
1118 2281 1227 2334 τῶν
1278 2282 1619 2352 πραγμάτων
1654 2282 1818 2346 εὐθὺς

222 2370 527 2440 ἐνέστηκεν
554 2371 587 2440 ή
612 2371 902 2441 ἐνέργειας
929 2372 1166 2439 τυφλοὺς
1211 2372 1354 2443 ὁρῶν
1379 2374 1516 2441 μετὰ
1561 2374 1815 2444 γέννησιν

221 2456 331 2528 τὴν
364 2457 474 2512 τῶν
506 2457 771 2527 ὀμμάτων
814 2457 1173 2529 ἑορτάζοντας
1211 2460 1592 2531 άναγέννησιν,
1623 2465 1716 2516 καὶ
1745 2466 1813 2535 τῇ

222 2549 496 2622 ἐναργείᾳ
548 2550 655 2603 τῶν
702 2550 876 2620 ὄψεων
921 2552 983 2604 τὸ
1016 2554 1080 2605 ἐκ
1112 2552 1379 2621 γενέσεως
1409 2555 1579 2616 πάθος
1615 2555 1816 2609 ἀπελά-

226 2656 461 2705 σαντας.
513 2644 727 2709 κωφοὺς
782 2642 1101 2708 ἀκούοντας,
1152 2646 1244 2699 καὶ
1272 2647 1460 2716 χωλῶν
1503 2649 1603 2711 τὰς
1628 2648 1815 2719 βάσεις

221 2733 397 2802 ὄρθου
405 2734 567 2805 μένας
580 2737 805 2805 ῥήματι,
819 2738 913 2789 καὶ
933 2738 1158 2806 νεκροὺς
1178 2739 1592 2809 ἀνισταμένους,
1612 2742 1704 2795 καὶ
1722 2743 1817 2795 πέ-

224 2842 375 2898 τρας
404 2824 483 2896 τῷ
513 2825 673 2880 πάθει
700 2826 776 2896 τῷ
799 2828 1116 2898 Δεσποτικῷ
1148 2830 1513 2900 ῥηγνυμένας,
1541 2833 1632 2885 καὶ
1664 2833 1815 2903 ἥλιον

226 2914 726 2984 σκυθρωπάζοντα,
748 2917 842 2968 καὶ
860 2918 1049 2980 σκότος
1079 2918 1201 2970 ἀντὶ
1212 2918 1320 2971 τῶν
1349 2920 1585 2973 ἀκτίνων
1600 2922 1693 2974 καὶ
1712 2923 1815 2991 τῆς

224 3004 440 3075 πολλῆς
481 3006 861 3078 λαμπρότητος
915 3007 1405 3078 περιϐαλλόμενον,
1448 3014 1546 3065 καὶ
1608 3012 1814 3082 τάφους

224 3096 620 3167 κενουμένους,
643 3099 971 3167 καὶνεκρους
990 3099 1129 3168 μετά
1144 3100 1253 3152 τῶν
1274 3100 1493 3163 ζώντων
1510 3102 1606 3174 τὴν
1628 3106 1814 3177 κοινὴν

224 3188 538 3243 ἀνάστασιν
575 3189 1079 3260 προδιατυποῦντας
1107 3191 1203 3245 καὶ
1229 3194 1706 3263 συνεορτάζοντας.

302 3278 493 3333 Ταῦτα
539 3280 702 3350 ὀρῶν,
770 3282 887 3346 πῶς
939 3283 999 3335 οὐ
1069 3282 1288 3337 πάντων
1331 3285 1575 3355 ἀπέστης
1613 3287 1682 3340 δι’
1743 3281 1818 3340 ὧν

224 3369 458 3440 σεαυτῷ
493 3374 748 3442 ’συνῆγες
806 3373 873 3425 τά
936 3372 1228 3438 σκάνδαλα,
1283 3376 1376 3429 καὶ
1421 3375 1513 3430 τὸν
1562 3378 1817 3449 γνώμονα

228 3463 661 3532 ἑτραυμάτιζες,
705 3468 799 3519 καὶ
857 3465 1024 3536 πολλῇ
1081 3468 1284 3537 σπουδῇ
1319 3469 1415 3521 καὶ
1436 3469 1621 3541 δρόμῳ
1651 3488 1818 3525 κατα⁴

228 3552 431 3620 φυγὼν
466 3554 601 3625 πρὸς
635 3556 922 3625 μετάνοιαν
955 3557 1214 3622 ἐπεδείξω
1237 3562 1334 3627 τὴν
1364 3559 1651 3630 διόρθωσιν
1680 3602 1695 3626 ,
1730 3563 1817 3615 ἴνα

222 3644 305 3697 δι’
329 3643 504 3714 αὐτῆς
529 3646 623 3698 καὶ
651 3647 844 3715 ἀφεσιν
864 3649 971 3703 τῶν
1009 3649 1296 3718 ἁμαρτιῶν
1335 3651 1671 3722 ἐκέρδησας;
1701 3654 1816 3707 ἀλλ’

226 3734 363 3789 οὐδὲ
412 3735 628 3799 τούτοις
692 3739 1210 3809 καταμαλάττεσθαι
1277 3740 1377 3811 τὴν
1443 3741 1547 3812 τῆς
1594 3744 1818 3812 καρδίας

228 3824 493 3895 πύρωσιν
524 3826 691 3896 ἀνέχῃ
713 3841 724 3855 ·
755 3828 837 3880 ἔτι
862 3827 919 3881 δέ
945 3828 1146 3897 μᾶλλον
1192 3829 1516 3896 φιλονεικεῖς
1549 3832 1649 3903 τὴν
1683 3835 1818 3887 ἀπό⁴

225 3935 393 3972 νοιαν
428 3918 604 3972 καὶτὸ
629 3918 897 3989 θεόμαχον
919 3921 1207 3991 κρατύνειν
1230 3940 1244 3954 ·
1275 3924 1370 3976 καὶ
1406 3924 1501 3976 νῦν
1533 3925 1633 3993 μέν
1658 3927 1716 3979 ἐν
1749 3930 1814 3999 τῇ

224 4008 334 4064 τοῦ
383 4010 663 4065 Σαδδάτου
716 4014 1112 4086 περιεργοτέρα
1144 4016 1238 4068 καὶ
1264 4016 1455 4087 καιρὸν
1484 4018 1585 4071 ούκ
1616 4020 1819 4095 ἐχούσῃ

226 4103 547 4175 φιλοτιμίᾳ,
579 4104 675 4168 τάς
702 4105 841 4176 ὑπὲρ
860 4106 920 4159 τὸ
953 4107 1235 4161 Σάδδατον
1260 4110 1589 4181 θεοσημείας
1624 4113 1818 4181 φαυλί-

225 4195 390 4259 ζεις*
416 4194 511 4248 νῦν
534 4195 590 4248 δὶ
615 4197 675 4248 τὸ
707 4196 984 4252 Σάϐϐατον
1022 4198 1123 4253 ούκ
1158 4200 1298 4268 ἔχων
1336 4201 1686 4273 ἀναχώρησιν
1720 4203 1819 4272 τῆς

226 4287 612 4358 βλασφημίας,
644 4288 785 4359 ὀρῶν
808 4290 1090 4360 δαιμονίας
1110 4291 1326 4367 πληγῆς
1341 4293 1819 4363 άπαλλαττόμενον

221 4380 302 4432 τὸ
328 4379 505 4448 γένος,
544 4381 634 4434 ἐπὶ
686 4381 777 4434 τὸν
821 4382 1149 4447 Βεελζεδοὺλ
1198 4382 1595 4453 καταφεύγεις*
1640 4386 1734 4440 νῦν
1760 4387 1817 4439 δέ

224 4472 339 4525 καὶ
369 4470 578 4539 ταύτην
634 4473 732 4542 τὴν
795 4472 1069 4542 πρόφασιν
1124 4474 1488 4529 ἀναπλάττειν
1538 4476 1817 4541 παντελῶς

1850 1867 1892 1923 Β

1845 3203 1889 3261 ο

1910 721 1965 767 ct
2002 710 2161 767 fama:
2185 714 2529 770 occasionem
2555 716 2861 785 abripuisti,
2893 719 2975 772 sic
3005 734 3112 773 non
3151 721 3298 775 illam
3321 724 3502 778 excel-

1914 803 2077 860 sioris
2122 806 2440 875 magistram
2485 806 2765 863 habuisti?
2803 828 2821 861 ι
2858 807 3070 875 Venite,
3116 812 3291 882 inquit
3327 816 3495 878 enim,

1914 895 2091 951 videte
2125 896 2401 951 hominem
2440 898 2775 968 (universam
2804 901 2992 955 urbem
3025 913 3359 959 convertens
3405 921 3496 959 vo-

1914 988 2115 1059 cabat),
2143 988 2237 1058 qui
2277 988 2414 1043 dixit
2437 990 2569 1044 mihi
2590 992 2774 1046 omnia
2819 1008 3160 1065 quaecunque
3224 995 3324 1051 feci
3371 998 3437 1049 ’⁸.
3476 1017 3495 1050 ι

1920 1079 2115 1135 Nonne
2154 1080 2270 1136 haec
2299 1089 2351 1135 te
2374 1080 2689 1137 divinorum
2720 1094 2774 1138 et
2802 1084 3166 1140 excelsiorum
3224 1096 3497 1157 spectato-

1915 1190 2029 1228 rem
2081 1172 2352 1229 faciunt?
2419 1172 2524 1228 Sed
2579 1176 2707 1245 quia
2769 1177 3068 1245 discipulos
3131 1178 3432 1246 interrogat
3486 1198 3497 1227 τ

1922 1284 1940 1317 ε
1983 1266 2157 1332 Quem
2192 1280 2280 1320 me
2319 1265 2571 1321 homines
2618 1281 2739 1321 esse
2773 1268 2961 1323 dicunt
2986 1269 3067 1322 πῖ
3101 1287 3120 1321 ι
3156 1275 3407 1325 amentize
3428 1273 3502 1327 εἰς

1918 1372 2081 1427 gnum
2099 1356 2342 1412 oblatum
2373 1356 2580 1413 faciens
2620 1357 2761 1413 hanc
2793 1360 3301 1431 interrogationem,
3330 1378 3500 1417 unum

1916 1465 1983 1504 ex
2016 1450 2201 1505 multis
2236 1449 2388 1504 illum
2414 1460 2595 1519 putas.
2621 1448 2686 1505 Et
2722 1453 2999 1521 quomodo
3031 1468 3139 1508 non
3164 1454 3231 1509 ad
3262 1455 3500 1509 divinam

1919 1539 2171 1594 ascendis
2196 1537 2507 1608 Opinionem
2541 1537 2769 1593 audiens
2829 1539 3098 1594 dicentem
3159 1542 3208 1595 ei
3258 1540 3351 1609 qui
3418 1556 3502 1594 τον

1918 1646 2177 1701 sponsum
2206 1631 2299 1685 dat
2331 1648 2343 1684 :
2384 1648 2402 1682 ι
2444 1628 2524 1683 Tu
2564 1645 2624 1686 es
2664 1629 2834 1686 Filius
2860 1631 2951 1686 Dei
2982 1632 3109 1697 vivi,
3146 1650 3165 1685 ι
3203 1662 3271 1671 -—
3306 1652 3323 1681 ι
3363 1630 3502 1698 Quia

1919 1734 2050 1775 caro
2075 1729 2129 1775 et
2163 1718 2388 1788 sanguis
2419 1734 2523 1773 non
2553 1720 2813 1773 revelavit
2845 1719 2977 1782 tibi,
3012 1721 3107 1774 sed
3154 1718 3314 1775 Pater
3348 1734 3503 1774 meus

1920 1812 2013 1882 qui
2048 1813 2102 1867 in
2132 1812 2289 1867 ctelis
2314 1812 2437 1867 est?
2467 1810 2552 1876 Et,
2578 1811 2661 1867 Tu
2698 1828 2758 1867 es
2804 1811 3019 1877 Petrus,
3061 1822 3114 1866 et
3166 1827 3330 1881 super
3366 1813 3505 1867 hanc

1921 1912 2129 1973 petram
2155 1901 2439 1957 ardiiicabo
2466 1902 2767 1957 Ecclesiam
2804 1918 3001 1966 meam,
3042 1912 3096 1957 et
3137 1913 3309 1972 portae
3343 1903 3503 1957 inferi

1922 2009 2028 2049 non
2065 1993 2435 2064 praevalebunt
2491 1994 2755 2049 adversus
2814 2009 2934 2048 eam
2962 1994 3044 2048 ὀἳ
3102 2013 3120 2046 ι
3180 1993 3504 2048 llumanane

1922 2087 2036 2142 haec
2066 2096 2215 2150 sunt.
2248 2102 2317 2141 an
2359 2086 2532 2142 solius
2568 2086 2961 2156 omnipotentis
3015 2094 3069 2140 et
3126 2086 3501 2141 misericordis

1920 2178 2261 2233 Divinitatisi
2295 2178 2400 2232 Sed
2425 2179 2539 2233 haec
2565 2178 2727 2233 Verba
2771 2187 2922 2241 sunt,
2955 2187 3009 2233 et
3045 2178 3289 2231 nondum
3322 2178 3500 2231 visum

1921 2281 2109 2327 testem
2139 2286 2419 2339 accepere,
2465 2269 2658 2325 Nonne
2714 2271 2897 2325 statim
2959 2285 3139 2324 rerum
3186 2270 3266 2324 vis
3312 2285 3503 2324 assur—

1919 2362 2089 2417 rexit?
2121 2361 2305 2417 Ctecos
2334 2375 2363 2413 a
2397 2359 2681 2415 nativitate
2705 2359 2989 2415 oculorum
3030 2359 3370 2413 celebrantes
3418 2374 3503 2412 rc-

1919 2452 2324 2526 generationem
2354 2452 2543 2507 videns
2574 2461 2630 2506 et
2661 2452 2809 2507 visus
2864 2451 3113 2505 claritate
3165 2466 3233 2503 ex
3275 2465 3504 2519 genera-

1919 2546 2063 2600 tione
2088 2544 2331 2599 dolorem
2356 2544 2700 2614 repellentes,
2729 2542 2927 2597 sut'dos
2968 2542 3254 2595 audientes
3277 2550 3330 2595 et
3349 2540 3503 2594 clau-

1915 2640 2109 2695 dorum
2138 2640 2299 2695 bases
2326 2648 2505 2694 rectas
2535 2638 2700 2691 verbo
2731 2636 2925 2699 factas,
2960 2644 3014 2689 et
3046 2645 3293 2689 mortuos
3324 2634 3505 2690 susci-

1918 2742 2083 2796 talos,
2109 2742 2163 2786 et
2189 2745 2355 2801 rupes
2396 2729 2678 2785 Dominica
2746 2728 3003 2797 passione
3069 2725 3391 2796 perfractas,
3451 2736 3506 2780 et

1915 2825 2085 2878 solem
2117 2824 2551 2886 contristantem,
2585 2830 2637 2875 et
2664 2820 2919 2874 tenebras
2946 2834 3040 2887 pro
3076 2818 3245 2873 radiis
3272 2827 3325 2872 et
3351 2826 3506 2871 tanto

1917 2914 2201 2985 splendore
2251 2914 2701 2982 circumsparsas,
2736 2911 3051 2979 etsepulcra
3085 2908 3418 2973 vacuefacta,
3452 2920 3506 2963 et

1917 3016 2164 3063 mortuos
2203 3021 2326 3061 cum
2365 3004 2674 3059 viventibus
2732 3017 3077 3057 communem
3147 3000 3507 3056 resurrectio-

1918 3109 2040 3150 nem
2072 3093 2461 3164 prcevenientes
2487 3107 2724 3163 eamque
2750 3090 3217 3148 concclebrantes.

1998 3280 2120 3337 lltec
2150 3295 2379 3336 cernens
2398 3278 2677 3349 quomodo
2710 3293 2816 3334 non
2846 3278 2915 3333 ab
2941 3277 3196 3333 omnibus
3228 3277 3503 3332 recessisti

1926 3389 2022 3443 per
2058 3388 2179 3443 qua:
2211 3372 2310 3427 tibi
2336 3372 2437 3442 ipsi
2466 3370 2723 3427 scandala
2795 3371 3112 3426 contluxisti
3163 3380 3217 3425 et
3265 3371 3503 3439 judicent

1926 3463 2248 3527 vulnerasti,
2289 3471 2343 3515 et
2374 3462 2545 3515 multa
2582 3475 2719 3516 cura
2752 3461 3051 3531 rapidoque
3080 3476 3245 3516 cursu
3282 3461 3347 3515 ad
3384 3477 3503 3531 pa:-

1926 3555 2207 3611 nitentiam
2238 3552 2510 3625 refugiens
2535 3553 2930 3609 correctionem
2990 3569 3097 3608 non
3163 3552 3452 3609 ostendisti
3484 3555 3507 3606 ?

1929 3646 1999 3703 Ut
2035 3663 2131 3719 per
2154 3663 2274 3702 eam
2309 3655 2364 3701 et
2400 3647 2781 3702 remissionem
2844 3655 3190 3716 peccatorum
3250 3644 3502 3700 tuereris.

1928 3741 2033 3796 Sed
2071 3755 2245 3811 neque
2295 3739 2403 3794 illis
2438 3739 2623 3795 cordis
2673 3740 2753 3795 tui
2801 3741 2980 3810 ignem
3020 3738 3218 3793 molliri
3258 3739 3503 3808 pateris;

1926 3832 2106 3888 adhuc
2135 3842 2313 3886 autem
2347 3830 2522 3901 magis
2572 3831 2855 3887 contendis
2900 3829 3299 3885 contumaciam
3350 3839 3402 3883 et
3449 3830 3503 3884 in

1926 3924 2095 3980 Deum
2125 3938 2361 3994 pugnam
2394 3924 2687 3991 roborare,
2740 3932 2795 3977 ct
2848 3938 2994 3977 nunc
3040 3923 3257 4003 quidem
3306 3922 3506 3977 curio-

1926 4014 2072 4071 siore
2101 4029 2201 4069 nec
2230 4015 2693 4084 opportunitatem
2749 4014 2983 4068 habente
3014 4011 3237 4068 Sabbati
3296 4015 3499 4077 studio,

1925 4105 2103 4161 divina
2129 4121 2292 4175 supra
2317 4104 2612 4161 Sabbatum
2641 4106 2796 4177 signa
2813 4105 3125 4176 vilipendis;
3149 4121 3295 4160 nunc
3316 4114 3523 4178 autent,

1926 4211 2034 4252 non
2052 4196 2257 4252 habens
2273 4196 2616 4251 occasionem
2636 4197 2985 4266 blasphemia
3007 4195 3306 4251 Sabbatum
3331 4209 3507 4265 genus

1926 4288 2613 4344 adaimoniacoliberatum
2639 4289 2863 4343 vulnere
2888 4288 3096 4354 videns,
3119 4287 3184 4342 ad
3204 4286 3504 4342 Beelzebub

1926 4381 2210 4451 confugis;
2250 4395 2397 4437 nunc
2426 4390 2606 4437 autem
2643 4396 2769 4436 cum
2802 4382 2945 4435 hunc
2991 4388 3313 4449 praetextum
3357 4378 3507 4432 enin-

1926 4489 2050 4545 gere
2082 4469 2345 4545 nequeas,
2376 4474 2615 4530 statuisti
2635 4482 2866 4529 mortem
2894 4474 2988 4528 tibi
3023 4484 3078 4528 et
3117 4472 3319 4528 caedem
3352 4472 3505 4525 auxi-

220 4560 618 4633 ἀφῃρημένος,
645 4563 735 4616 τὸν
768 4562 995 4617 θάνατον
1025 4564 1196 4632 ἐγνως
1242 4564 1338 4620 καὶ
1370 4566 1471 4637 τὴν
1504 4568 1817 4635 μιαιφονίαν

1925 4567 2187 4623 liatricetn
2221 4577 2275 4620 et
2305 4566 2513 4621 sociam
2550 4565 2767 4633 facere;
2822 4574 2877 4620 et
2928 4580 3088 4635 quem
3147 4563 3236 4618 illa
3298 4564 3508 4633 quatri-

222 4653 439 4724 βοηθδν
462 4653 557 4706 καὶ
591 4653 879 4725 σύμμαχον
919 4656 1226 4709 ποιεῖσθαι·
1271 4656 1365 4712 καὶ
1396 4657 1456 4710 δν
1496 4658 1703 4719 ἐκεῖνος
1735 4675 1822 4711 τε·

216 4746 502 4815 ταρταῖον
529 4744 628 4799 ούκ
681 4745 897 4816 ἴσχυσεν
946 4746 1026 4800 ἐτι
1083 4747 1336 4817 κατέχειν
1389 4748 1603 4820 νεκρὸν,
1634 4747 1825 4802 τοῦτον

220 4835 411 4890 πάλιν
428 4837 791 4907 ὑποστρέφειν
807 4839 943 4909 πρὸς
967 4840 1151 4903 αὐτὸν,
1190 4840 1290 4904 τὰς
1308 4840 1654 4911 παλαμναίας
1687 4840 1827 4905 γνώ-

220 4946 352 5001 μις
367 4929 465 4984 καὶ
480 4930 665 4999 χεῖρας
682 4932 963 4994 ἐκτείναις
986 4951 1004 4984 ε
1027 4933 1281 5003 Ἐζήτουν
1291 4934 1420 5004 γὰρ,
1433 4932 1618 5001 φησὶν,
1632 4933 1680 4985 οἱ
1697 4935 1830 4986 Ἰου-

215 5022 381 5074 δαῖοι
408 5020 495 5073 ἶνα
518 5021 612 5073 καὶ
634 5022 725 5074 τὸν
774 5022 1019 5093 Λάζαρον
1037 5024 1422 5078 ἀποκτείνωσιο
1458 5044 1477 5078 ι
1526 5026 1622 5077 καὶ
1647 5026 1706 5077 τὸ
1732 5042 1823 5077 τε·

214 5113 513 5175 λευταίον,
543 5112 633 5164 τὸν
656 5112 828 5165 ταῦτα
860 5115 1450 5185 θαυματουργήσαντα,
1486 5116 1704 5187 σταυρῷ
1731 5116 1826 5169 καὶ

214 5199 462 5268 θανάτῳ
490 5200 871 5265 καταδικάζεις
895 5217 910 5233 ο
946 5204 1040 5255 καὶ
1093 5204 1427 5257 κουστωδίαν
1469 5203 1650 5275 ζητεῖς
1677 5222 1691 5237 ο
1733 5205 1826 5258 καὶ

218 5292 555 5360 σφραγῖδας
598 5277 911 5358 ἐπιδάλλεῖς
940 5293 1018 5363 τῷ
1072 5295 1253 5366 νεκρῷ
1278 5297 1372 5349 καὶ
1396 5294 1473 5365 τῷ
1509 5297 1694 5367 τάφῳ·
1731 5297 1824 5350 καὶ

213 5385 295 5439 τὺ
331 5383 815 5453 ἀναισχυντότατον
840 5389 937 5441 καὶ
971 5389 1157 5442 πᾶσαν
1187 5388 1528 5457 ὑπερϐάλλον
1558 5389 1827 5460 ἀθεότητα

219 5479 345 5532 καὶ
394 5478 730 5550 συγγνώμην
794 5481 1049 5552 οὐδεμίαν
1104 5482 1357 5552 οὐδαμῶς
1404 5483 1830 5553 ὑπολειπόμενον

217 5570 350 5637 τῆς
374 5567 583 5645 κλοπῆς
608 5568 687 5639 τῷ
709 5571 990 5641 πλάσματι
1034 5573 1132 5643 τὴν
1180 5573 1478 5627 ἀνάστασιν
1532 5574 1787 5639 κλέπτεις
1811 5593 1828 5609 ο

222 5659 391 5733 μσςδέ
411 5658 487 5731 τῷ
512 5660 625 5715 τῶν
652 5662 710 5728 ἐξ
731 5664 927 5727 αἰῶνος
953 5664 1208 5719 ἀπάντων
1240 5666 1621 5738 ύπερκειμένῳ
1662 5686 1833 5739 παρα-

316 5844 373 5885 η
389 5845 523 5901 Juan
559 5861 629 5907 tv.
665 5846 754 5901 59.

1920 4660 2161 4716 duanutn
2191 4676 2301 4716 non
2335 4662 2504 4715 valuit
2537 4661 2715 4716 adhuc
2752 4669 3025 4716 mortuum
3059 4659 3311 4723 retinere,
3343 4658 3504 4711 morti

1927 4764 1984 4809 ut
2030 4768 2156 4808 eum
2218 4768 2409 4808 rursus
2458 4754 2650 4808 credas
2704 4752 3021 4808 sceleratam
3072 4751 3401 4805 voluntatem
3453 4760 3506 4804 et

1926 4861 2147 4900 manum
2205 4846 2451 4900 extendis
2485 4864 2498 4900 :
2544 4862 2563 4896 ε
2600 4844 2949 4910 Qttterebant,
2990 4845 3164 4913 inquit
3198 4843 3365 4903 enim,
3406 4841 3505 4896 Ju-

1930 4937 2031 4991 daei
2060 4945 2121 4991 ut
2140 4945 2197 4990 et
2227 4934 2492 4990 Lazarum
2524 4936 2976 4991 interﬁcerent”.
3008 4953 3027 4985 ι
3060 4934 3126 4988 Et
3146 4933 3365 4989 demum
3380 4948 3504 4986 eum

1928 5022 2021 5098 qui
2049 5029 2100 5082 id
2132 5029 2461 5084 miraculose
2509 5027 2714 5092 elfccit,
2765 5027 2831 5082 ad
2882 5040 3100 5081 crucem
3155 5035 3209 5081 et
3270 5032 3501 5079 mortem

1928 5122 2193 5187 damnas;
2226 5130 2278 5175 et
2304 5121 2609 5175 custodiam
2640 5120 2873 5189 quaeris;
2906 5129 2959 5175 et
3010 5118 3224 5187 vigilem
3272 5116 3505 5184 imponis

1928 5214 2176 5269 cadaveri
2225 5221 2280 5268 et
2326 5216 2611 5283 sepulcro;
2673 5225 2727 5268 et
2781 5213 2928 5283 quod
2981 5210 3358 5281 turpissimum
3423 5217 3507 5263 est

1927 5322 2257 5377 omnemque
2325 5308 2655 5377 impietatem
2726 5305 3122 5374 transgreditur
3181 5313 3235 5357 et
3300 5302 3502 5355 nullam

1929 5394 2153 5450 omnino
2180 5395 2393 5448 veniam
2422 5393 2699 5463 relinquit,
2730 5392 2933 5447 furtum
2972 5391 3182 5445 invenis
3234 5400 3291 5443 ut
3326 5403 3506 5443 resur-

1929 5486 2221 5541 rectionem
2257 5485 2486 5539 fnrerisl
2532 5484 2719 5555 Neque
2755 5486 3000 5539 omnium
3049 5486 3115 5536 ali
3154 5490 3357 5536 aeterno
3401 5479 3504 5531 mi-

1930 5578 2233 5632 raculorum
2268 5576 2507 5631 maximo
2531 5577 2773 5632 suffusus
2823 5575 3027 5646 pudore
3078 5583 3133 5629 et
3183 5585 3502 5632 conversus,

1939 5681 2131 5725 contra
2165 5670 2294 5724 illud
2320 5685 2386 5725 eo
2418 5670 2593 5739 magis
2633 5671 2928 5726 meditatus
2962 5686 3021 5726 es
3049 5670 3140 5740 qui
3177 5665 3347 5737 magis
3371 5678 3506 5735 pmv

831 5849 876 5881 ’⁷⁸
910 5846 1097 5902 Matth.
1131 5864 1239 5911 xvi,
1285 5848 1367 5908 l3.
1447 5847 1491 5879 ⁸ο
1534 5848 1664 5905 ibid.
1726 5849 1895 5906 H-l8.
1978 5850 2018 5881 ⁸⁸
2052 5848 2207 5905 Joau.
2238 5865 2288 5904 xl
