4186 6444
757 432 863 498 315

1911 433 2169 496 ΡΗΟΤΙΙ
2207 433 2715 494 PATRIARCH/E
2753 435 2863 495 ΟΡ.

3921 437 4022 502 376

754 541 955 597 stantia
977 555 1076 598 sua
1105 549 1300 596 catera
1323 539 1598 596 vincebat.
1629 540 1734 609 Qui
1759 540 1926 614 igitur
1947 559 2016 599 ex
2047 545 2196 600 nulla
2219 555 2330 599 tam

2449 543 2600 608 ἰόξων
2624 546 2722 598 καὶ
2751 545 3050 616 ὑπερφυῶν
3082 545 3262 616 ἔργων
3282 545 3626 616 δυσωπηθείς
3648 562 3709 598 τε
3736 547 3828 599 καὶ
3850 563 4020 616 μετα-

753 631 1035 701 splendide
1057 631 1377 702 dignitatem
1407 629 1721 688 Divinitatis
1773 642 1829 689 et
1885 635 2009 705 eius
2073 635 2331 692 invictam

752 723 864 778 vim
890 722 1204 780 teatanlium
1233 724 1614 792 operationum
1657 733 1823 796 atque
1871 726 2150 784 actionum
2195 743 2333 782 con-

753 816 1061 872 versionem
1087 821 1141 869 et
1175 815 1549 885 pmnitentiam
1582 818 1851 882 cohibuit,
1876 834 2002 874 cum
2021 835 2082 876 se
2108 834 2205 891 per
2231 820 2334 874 hu-

754 921 916 961 mana
955 907 1112 962 malis
1127 915 1182 962 et
1206 907 1448 962 animam
1475 912 1957 981 corrumpentibus
1980 911 2336 981 opinionibus

756 997 1011 1053 imbuerit
1043 1007 1099 1054 et
1143 998 1490 1064 distraxerit;
1521 1002 1615 1057 sed
1653 1011 1711 1057 et
1747 1003 1930 1058 divina
1971 1003 2260 1059 dementia:
2282 1015 2338 1058 et

756 1087 937 1156 impia
965 1104 1160 1159 pugnae
1185 1100 1538 1161 augmentum
1574 1092 1726 1160 fecit,
1773 1093 1998 1150 evidens
2037 1105 2123 1149 est
2173 1101 2340 1166 atque

757 1181 1266 1238 manifestissimum
1316 1184 1460 1239 hunc
1525 1184 1662 1239 nihil
1721 1185 1826 1242 sibi
1880 1187 2192 1254 relinquere
2225 1199 2339 1256 quo

759 1273 955 1330 melius
984 1275 1130 1329 malo
1161 1275 1414 1345 praferat
1447 1291 1512 1332 ac
1529 1278 1709 1334 vivida
1739 1289 1798 1335 et
1851 1280 1964 1336 acri
2014 1279 2337 1350 poenitentia

758 1365 1184 1435 praecedentium
1207 1367 1390 1424 debita
1432 1368 1669 1439 expellat
1686 1376 1743 1424 et
1766 1369 2088 1426 remissione
2109 1367 2336 1423 omnino

759 1455 960 1527 dignus
977 1456 1256 1528 iudicetur
1275 1473 1455 1529 neque
1474 1459 1530 1514 in
1563 1461 1820 1530 praesenti
1856 1459 2061 1516 saeculo
2086 1459 2334 1529 nequein

761 1545 968 1604 futuro.

2440 640 2660 709 ϐληθεὶς
2691 640 2954 710 θαύματι,
2987 641 3126 695 ἀλλὰ
3155 641 3276 696 κατ’
3303 641 3511 695 ἐκείνου
3559 640 3758 709 μᾶλλον
3791 640 3853 692 τὺ
3885 658 4022 692 κακ-

2438 726 2640 796 οῦργον
2709 728 3040 800 μελετήσας,
3069 731 3181 800 δσῳ
3204 731 3298 784 καὶ
3330 733 3396 801 τῇ
3428 731 3671 800 ὑπεροχῇ
3705 729 3816 782 τῶν
3846 727 4026 783 ἄλλων

2438 819 2712 892 διέφερεν.
2757 822 2820 875 '0
2855 821 2991 890 γοῦν
3049 825 3127 877 ἐκ·
3149 823 3374 894 μηδενὸς
3420 839 3532 876 των
3573 822 3842 892 λαμπρῶς
3881 823 4027 876 ἀπα-

2443 913 2826 980 στραπτὸντων
2880 915 2944 969 τὺ
2993 915 3213 985 ἀξίωμά
3260 932 3320 969 τε
3371 916 3467 970 καὶ
3497 915 3596 986 τήν
3615 917 3832 986 ἄμαχον
3875 917 4030 986 ῐσχύν

2440 1003 2540 1072 τῆς
2566 1004 2821 1076 θεότητος
2851 1007 2970 1078 ήτοι
3030 1008 3142 1061 τῶν
3209 1008 3598 1078 πνευματικῶν
3631 1025 3691 1061 τε
3733 1009 4032 1078 ἐνεργειῶν

2444 1099 2538 1146 καὶ
2563 1094 2820 1165 πράξεων
2883 1099 3160 1171 μηδεμίαν
3195 1099 3515 1170 μεταϐολὴν,
3550 1101 3686 1171 μηδὲ
3735 1101 4033 1171 μετάνοιαν

2440 1176 2872 1260 ἐπιδειξάμενος,
2903 1185 2985 1254 οἷς
3014 1192 3209 1245 ἑαυτὸν
3236 1192 3328 1245 διὰ
3367 1192 3480 1246 τῶν
3506 1191 3869 1263 ἀνθρωπίνων
3893 1191 4032 1260 φαύ-

2441 1275 2554 1342 λοις
2581 1281 2675 1333 καὶ
2699 1281 3075 1354 ψυχοφθόροις
3124 1283 3456 1356 κατῃκίσατό
3495 1300 3556 1337 τε
3586 1285 3682 1337 καὶ
3705 1283 4035 1348 κατέστιξεν

2441 1368 2772 1440 ὑπολήψεσιν
2787 1390 2800 1405 ·
2825 1374 2962 1428 ἀλλὰ
2982 1375 3079 1430 καὶ
3097 1375 3297 1429 τὰθεία
3320 1375 3641 1446 προσθήκην
3658 1375 3923 1437 ἀπονοίας
3941 1376 4034 1428 διαὶ

2442 1460 2741 1533 θεομαχίας
2778 1465 3024 1534 μείζονος
3053 1468 3169 1530 τοῖς
3188 1467 3614 1536 τετολμημένοις
3635 1465 4034 1535 ποιησάμενος.

2447 1553 2750 1624 κατάδηλόν
2779 1573 2840 1609 τε
2866 1559 2962 1611 καὶ
3019 1556 3450 1627 ἐμφανέστατον,
3483 1556 3557 1620 ὡς
3583 1559 3613 1611 6
3642 1556 3892 1616 τοιοῦτος
3931 1572 4036 1622 pr,-

759 1641 850 1695 δέν
873 1643 1051 1715 ἐαυτῷ
1072 1641 1691 1719 ύπολειπόμενος,δι“οῦ
1720 1646 1784 1700 τὸ
1808 1647 2060 1717 κρεῖττον
2124 1641 2220 1695 τοῦ
2272 1637 2483 1709 φαύλου
2552 1648 2859 1716 προέλοιτο,
2902 1652 2999 1704 καὶ
3064 1650 3244 1721 θερμῇ
3282 1651 3378 1703 καὶ
3421 1647 3575 1718 ὀξείᾳ
3619 1647 3890 1719 μετανοίᾳ
3920 1645 4041 1698 διαο

762 1735 913 1789 λύσει
940 1736 1050 1792 τῶν
1075 1738 1399 1808 φθασάντων
1418 1739 1487 1794 τὰ
1512 1739 1830 1811 ὀφλήματα,
1854 1737 1976 1793 οὐδε
1995 1737 2099 1808 τῆς
2164 1732 2405 1795 ἀνέσεως
2441 1735 2579 1803 ὅλως
2618 1741 2982 1812 ἀξιωθήσεται
3031 1741 3156 1796 οὐτε
3209 1744 3267 1797 ἐν
3292 1741 3372 1813 τῷ
3414 1741 3508 1796 νῦν
3531 1741 3691 1796 αίῶνι
3714 1739 3842 1794 οῦτε
3879 1741 3941 1792 ἐν
3963 1740 4041 1808 τῷ

767 1826 1035 1894 μέλλοντι.

835 1920 976 1976 Sunt
998 1930 1178 1978 autem
1217 1925 1422 1994 quibus
1450 1925 1581 1979 illud
1611 1942 1632 1975 ι
1671 1939 1848 1994 neque
1875 1924 1931 1980 ln
1958 1923 2214 1996 presenti
2248 1934 2346 1976 sae-

2525 1914 2646 1968 Είσὶ
2677 1916 2759 1979 δὲ,
2789 1912 2870 1980 οἷς
2907 1918 2969 1971 τδ
2999 1937 3019 1970 ι
3049 1917 3174 1972 οὔτε
3215 1919 3275 1972 ἐν
3307 1917 3387 1988 τῷ
3419 1916 3514 1970 νῦν
3545 1916 3700 1970 αίῶνι
3723 1916 3850 1970 οὐτε
3881 1916 4042 1986 ἐντῷ

767 2013 895 2068 culo
924 2027 1099 2084 neque
1125 2015 1178 2069 in
1211 2015 1398 2070 futuro
1425 2036 1443 2066 ι
1477 2016 1588 2071 alio
1615 2016 1778 2072 modo
1793 2016 2064 2086 accipitur
2082 2033 2097 2080 ;
2118 2023 2175 2070 et
2198 2013 2340 2069 ditii-

766 2107 987 2163 cultatis
1016 2108 1220 2164 solutio
1269 2111 1578 2179 simplicius
1622 2121 1676 2166 et
1735 2113 1984 2182 paratius
2023 2110 2339 2164 adducitur.

764 2196 995 2252 Ilosaicn
1033 2199 1434 2270 lex,iuquiuut,
1461 2213 1636 2256 morte
1666 2205 1824 2271 punit
1877 2218 2002 2257 eum
2041 2203 2135 2271 qui
2176 2201 2231 2255 in
2261 2199 2345 2256 di-

765 2289 951 2344 vinum
983 2290 1402 2360 blasphemavit,
1433 2308 1612 2361 neque
1645 2295 1859 2348 veniam
1907 2309 2088 2363 neque
2138 2293 2338 2348 remis-

764 2382 973 2437 sionem
1008 2384 1056 2437 ei
1081 2386 1406 2440 concedens.
1447 2383 1513 2440 Et
1546 2386 1651 2443 hoc
1702 2386 1946 2441 Ostendit
1999 2386 2157 2446 illud.
2209 2386 2340 2440 hla-

765 2473 1070 2542 sphemanti
1101 2491 1209 2529 non
1236 2476 1289 2528 in
1331 2477 1583 2545 praesenti
1612 2477 1812 2532 saeculo
1844 2477 2070 2533 remitti.
2107 2475 2232 2531 Ideo
2259 2476 2344 2531 di-

765 2574 897 2619 cunt
933 2566 1258 2622 rationabile
1305 2583 1429 2624 esse
1471 2569 1713 2639 cogitare
1767 2568 2229 2637 blasphemantem
2287 2568 2341 2623 in

767 2657 1028 2727 Spiritum
1059 2669 1336 2725 sanctum,
1374 2675 1404 2714 a
1450 2661 1563 2715 Deo
1621 2669 1677 2716 et
1743 2662 2042 2717 secundum
2100 2662 2342 2717 futurum

765 2751 1022 2806 saeculum
1052 2751 1354 2820 iudicatum
1382 2752 1450 2807 iri
1479 2761 1536 2808 et
1554 2752 1907 2820 blasphemiae
1931 2767 2122 2822 pinnas
2150 2754 2218 2808 ab
2250 2753 2344 2808 illo

766 2852 1016 2897 exactum
1064 2842 1169 2908 iri;
1201 2844 1296 2899 sed
1358 2843 1414 2899 in
1462 2847 1718 2913 praesenti
1768 2844 2028 2900 vindictis
2082 2844 2344 2899 extremis

768 2933 1168 2999 subjiciendum
1199 2949 1346 2999 esse,
1368 2934 1607 2990 losaiea
1637 2936 1756 3007 lege
1785 2936 1840 2991 in
1863 2951 1989 2992 eum
2015 2935 2347 3004 imprecante

765 3024 856 3092 qui
888 3024 1128 3095 linguam
1159 3026 1214 3079 iu
1245 3026 1413 3080 Deum
1446 3027 1715 3090 emiserit,
1759 3027 1810 3081 id
1868 3036 1954 3082 est
1993 3026 2346 3096 blasphemiis

771 3116 936 3169 Deum
971 3116 1285 3185 impetierit,
1324 3115 1484 3183 cujus
1519 3117 1840 3172 substantiae
1867 3125 1922 3171 et
1955 3117 2346 3172 dominationis

763 3217 869 3271 est,
900 3215 956 3260 et
985 3206 1192 3277 Spiritu
1221 3211 1522 3272 sanciente,
1553 3209 1667 3263 imo
1703 3225 1827 3264 eum
1857 3210 2128 3280 lapidibus
2159 3210 2343 3278 oppri—

771 3295 1024 3352 mendum
1045 3312 1167 3353 esse
1194 3306 1249 3353 et
1279 3297 1390 3353 vita
1413 3298 1764 3368 privandum;
1815 3299 1888 3354 ita
1935 3309 1997 3353 ut
2046 3298 2188 3355 Deus
2223 3298 2348 3368 Spi-

770 3389 926 3451 ritus,
957 3387 1060 3444 etsi
1092 3387 1274 3458 impiis
1304 3405 1412 3443 non
1453 3389 1728 3450 videntur,
1775 3389 1972 3445 illustri
2018 3389 2180 3443 modo
2221 3405 2350 3458 pro-

769 3483 1055 3545 clamctur,
1086 3481 1140 3534 in
1180 3495 1292 3550 quo
1316 3491 1371 3534 et
1400 3496 1563 3550 supra
1596 3491 1848 3534 naturam
1911 3496 2078 3549 opera
2122 3481 2350 3535 Crealor

773 3585 979 3627 natura:
1006 3571 1189 3626 divine
1221 3569 1484 3625 ellieiebat
1515 3584 1530 3622 :
1576 3589 1594 3620 ε
1637 3571 1694 3625 In
1727 3569 1897 3640 digito
1919 3569 2036 3634 Dei,
2077 3589 2095 3622 ι
2135 3570 2348 3634 dicens,

778 3683 798 3713 ε
842 3677 943 3731 ego
973 3661 1239 3716 daemonia
1266 3659 1430 3728 ejicio
1461 3659 1546 3723 ";
1602 3679 1622 3710 ι
1670 3659 1898 3729 digitum
1945 3659 2038 3713 Dei
2091 3675 2187 3729 per
2224 3661 2351 3714 sub-

773 3755 985 3810 stantia:
1009 3755 1272 3808 unitatem
1293 3760 1348 3807 et
1377 3752 1716 3820 operationis
1755 3753 2064 3808 absolutam
2110 3759 2352 3820 potesta-

772 3856 879 3901 tem
943 3843 1206 3914 Spiritum
1239 3844 1553 3900 nominans.
1593 3861 1613 3894 ι
1645 3843 1704 3897 ln
1762 3843 1968 3914 Spiritu
2014 3854 2224 3906 sancto,
2273 3843 2354 3896 in-

773 3935 913 4003 quit,
950 3933 1100 4003 ejicit
1133 3931 1439 3999 daemonia;
1486 3950 1506 3983 ι
1541 3947 1649 3986 non
1683 3931 1811 4002 quia
1834 3932 1950 4002 ipse
1978 3946 2077 4002 per
2110 3933 2352 4002 seipsum

775 4041 883 4078 non
914 4033 1158 4093 poterat;
1201 4022 1296 4078 sed
1322 4023 1376 4077 in
1395 4023 1655 4078 omnibus
1684 4022 1801 4079 suis
1849 4023 2052 4080 divinis
2090 4021 2354 4093 operibus

774 4113 950 4168 Patris
978 4122 1032 4167 et
1053 4111 1296 4181 Spiritus
1330 4121 1388 4166 ut
1418 4111 1683 4167 similium
1712 4115 2150 4169 subslantiarum
2180 4122 2236 4168 et
2253 4128 2356 4167 na-

775 4217 1018 4260 turarum
1059 4213 1114 4260 et
1137 4204 1203 4258 ad
1237 4220 1405 4257 unum
1433 4214 1486 4258 et
1511 4205 1651 4258 idem
1681 4205 1818 4259 velle
1841 4204 2222 4259 inclinantium
2248 4219 2355 4258 una

776 4298 965 4352 adesse
985 4297 1211 4352 docens.
1243 4294 1368 4350 Ideo
1393 4296 1542 4351 enim
1566 4295 1821 4352 dicebat:
1854 4315 1873 4348 ε
1896 4297 2060 4352 Pater
2087 4311 2244 4352 meus
2265 4311 2357 4352 us-

774 4404 881 4460 que
944 4387 1108 4442 modo
1151 4401 1412 4457 operatur
1462 4397 1518 4442 et
1571 4402 1673 4458 ego
1725 4402 1922 4457 operor
1944 4388 2015 4455 ⁸³,
2057 4406 2076 4440 ι
2110 4395 2164 4443 et
2200 4403 2216 4441 :
2251 4404 2270 4439 ι
2312 4388 2358 4442 Α

776 4481 986 4551 meipso
1015 4494 1125 4534 non
1159 4480 1353 4548 loquor
1385 4479 1458 4532 ".
1500 4498 1520 4531 ι
1554 4478 1617 4532 Et
1643 4479 1774 4532 illud
1812 4497 1827 4533 :
1873 4496 1894 4530 ε
1949 4479 2009 4535 ln
2049 4478 2222 4549 digito
2262 4479 2355 4533 Dei

2447 2008 2693 2078 μέλλοντι
2716 2028 2734 2061 ι
2768 2009 2976 2082 τρόπον
2999 2012 3188 2080 ἕτερον
3205 2009 3631 2079 ἐπιλαμϐάνεται,
3655 2010 3749 2063 καὶ
3772 2011 3877 2080 τῆς
3899 2009 4042 2062 ἀπο-

2446 2099 2568 2167 ρίας
2590 2099 2624 2150 ή
2649 2098 2801 2159 λύσις
2847 2099 3222 2171 ἁπλούστερόν
3265 2116 3327 2153 τε
3363 2099 3457 2152 καὶ
3508 2099 3861 2168 ἑτοιμότερον
3898 2115 4039 2168 προ-

2445 2189 2637 2256 άγεται
2661 2206 2675 2221 ·
2699 2190 2728 2241 6
2763 2190 3074 2252 Μωσαῖκδς,
3103 2189 3257 2257 φασὶ,
3304 2189 3470 2258 νόμος
3516 2187 3612 2241 τὸν
3649 2188 3729 2250 είς
3763 2187 3828 2240 τὸ
3877 2187 4044 2241 Θεῐον

2447 2279 2940 2350 βλασφημήσαντα,
2999 2281 3217 2350 θανάτῳ
3281 2282 3489 2352 ζημιοῖ,
3581 2281 3644 2332 οὑ
3715 2277 4043 2349 μεταδιδοὺς

2445 2371 2593 2439 αὐτῷ
2642 2373 2977 2443 συγγνώμης
2997 2373 3256 2441 οὐδεμιᾶς
3283 2370 3395 2426 οὐδ’
3431 2369 3714 2439 ἀφέσεως·
3754 2371 3852 2423 καὶ
3878 2368 4046 2422 τοῦτο

2444 2463 2598 2530 δηλοῖ
2618 2464 2682 2516 τὸ
2709 2465 2784 2536 μή
2814 2465 3066 2533 ἀφίεσθαι
3093 2465 3187 2518 τὸν
3204 2465 3674 2536 βλασφημήσαντα
3703 2463 3854 2534 ἐντῷ
3896 2481 4045 2534 παρ-

2446 2557 2558 2610 όντι
2585 2557 2743 2611 αίῶνι
2770 2558 2880 2612 ’διό
2908 2575 3076 2626 φασιν
3100 2557 3320 2625 εὔλογον
3349 2555 3678 2610 διανοεῖσθαι
3710 2556 3788 2618 ὡς
3811 2557 3842 2608 6
3881 2553 4045 2623 βλασ-

2447 2649 2648 2721 φημῶν
2682 2652 2760 2713 είς
2799 2650 2862 2705 τὸ
2889 2650 3117 2721 Πνεῦμα
3167 2650 3229 2703 τὸ
3256 2649 3414 2719 ἅγιον
3446 2649 3634 2703 θεόθεν
3656 2649 3753 2702 καὶ
3776 2647 3930 2700 κατὰ
3951 2647 4045 2700 τὸν

2450 2750 2710 2820 μέλλοντα
2727 2749 2902 2804 αἰῶνα
2923 2749 3088 2804 δώσει
3110 2748 3210 2819 τὴν
3231 2747 3390 2818 δίκην
3422 2747 3519 2800 καὶ
3545 2745 3646 2810 τὰς
3666 2744 3769 2814 τῆς
3792 2743 4046 2815 plausu-

2450 2843 2576 2912 μίας
2598 2842 2786 2904 ποινὰς
2806 2842 3293 2912 είσπραχθήσεται,
3325 2838 3462 2894 ἀλλὰ
3488 2837 3581 2894 καὶ
3610 2836 3752 2892 κατὰ
3786 2836 3882 2888 τὸν
3903 2852 4046 2900 παρ·

2444 2935 2571 2988 όντα
2584 2933 2878 3004 τιμωρίαις
2901 2933 3161 3003 ἐσχάταις
3179 2930 3572 2992 ὑποϐάλλεται,
3600 2928 3693 2983 τοῦ
3730 2925 4044 2982 Μωσαῖιιοῦ

2446 3028 2615 3093 νόμου
2633 3032 2735 3097 τὴν
2754 3025 3158 3097 καταρωμένην
3172 3023 3424 3093 γλῶσσαν
3441 3021 3750 3090 ἐπαφιόντα
3791 3018 4045 3073 κατὰτοῦ

2446 3113 2964 3176 Θεοῦ,τουτέστιτδν
2976 3113 3347 3185 βλασφημίαις
3389 3111 3745 3182 ἐνυδριζοντα
3774 3109 3837 3162 τδ
3862 3109 4043 3170 Θεῐον,

2447 3201 2508 3264 οῦ
2539 3211 2637 3280 τῆς
2650 3209 2837 3273 οὐσίας
2857 3209 2952 3263 καὶ
2972 3207 3075 3278 τῆς
3091 3211 3410 3280 κυριότητος
3429 3206 3664 3277 ὑπάρχει
3681 3206 3777 3260 καὶ
3797 3204 3860 3258 τὸ
3876 3201 4047 3258 Πνεῦ-

2453 3321 2546 3372 μα,
2564 3302 2734 3364 λίθοις
2754 3301 3216 3373 νομοθετήσαντος
3237 3297 3626 3353 λιθοϐολεῖσθαι
3642 3297 3736 3351 καὶ
3759 3295 3866 3365 τῆς
3895 3293 4048 3362 ζωῆς

2449 3393 2871 3448 ἀπελαύνεσθαι·
2923 3393 3066 3446 ὥστε
3092 3391 3224 3456 Θεὸς
3276 3389 3337 3444 τὸ
3365 3389 3612 3460 Πνεῦμα,
3643 3388 3754 3443 κᾶν
3780 3389 3896 3451 τοῖς
3923 3387 4047 3441 θεε-

2452 3486 2721 3555 μαχοῦσιν
2775 3484 2837 3538 οὑ
2865 3485 3020 3555 δοκῇ.
3047 3483 3364 3554 περιφανῶς
3409 3480 3881 3551 ἀνακηρύττεται·
3923 3472 4049 3547 ἐνῷ

2451 3577 2545 3629 καὶ
2581 3576 2649 3628 τὰ
2682 3575 2824 3644 ὑπὲρ
2860 3574 3018 3643 λόγον
3068 3571 3204 3645 ἔργα
3263 3575 3292 3627 6
3326 3570 3666 3643 Δημιουργδς
3689 3569 3793 3656 τῆς
3825 3568 4048 3637 φύσεως

2452 3667 2749 3737 ἐθεούργει,
2774 3684 2793 3718 ε
2817 3667 2904 3720 Ἐν
2938 3661 3186 3736 δακτύλῳ
3209 3661 3369 3730 Θεοῦ,
3416 3665 3612 3732 λέγων,
3643 3662 3756 3730 ἐγὼ
3785 3661 4049 3732 δαιμόνια

2431 3762 2442 3771 ”
2455 3759 2705 3813 ἐκϐάλλω
2720 3778 2734 3790 ·
2749 3779 2768 3812 ι
2795 3759 3060 3813 δάκτυλον
3076 3756 3212 3811 Θεοῦ
3228 3757 3316 3810 διὰ
3331 3757 3390 3809 τδ
3415 3756 3518 3822 τῆς
3539 3755 3726 3818 οὐσίας
3746 3754 4048 3822 ἀδιάφορον

2455 3852 2548 3905 καὶ
2571 3852 2670 3920 τῆς
2716 3849 2996 3919 ἐνεργείας
3017 3850 3077 3902 τὸ
3104 3849 3499 3902 αὑτοδέσποτον
3557 3842 3930 3915 ἐπονομάζων
3988 3846 4052 3897 τὸ

2454 3940 2699 4010 Πνεῦμα·
2721 3940 2840 3993 «Ἑν
2865 3938 3048 4009 μέντοι
3086 3937 3163 4009 τῷ
3180 3938 3320 4008 ἁγίῳ
3335 3939 3635 4008 Πνεύματι,
3656 3936 3818 4005 φησί,
3842 3934 4054 3988 εκοω.-

2452 4031 2536 4083 λει
2555 4030 2624 4083 τὰ
2652 4031 2956 4100 δαιμόνια,ι
2978 4029 3074 4099 οὐχ
3092 4027 3352 4090 ὅτιαύτδς
3375 4028 3433 4091 ἐξ
3463 4025 3654 4079 ἑαυτοῦ
3681 4026 3757 4095 μὴ
3785 4025 4049 4093 ἠδύνατο,

2455 4121 2568 4176 ἀλλ’
2593 4122 2652 4174 ἐν
2679 4122 2843 4174 πᾶσιν
2868 4119 3033 4174 αὐτοῦ
3092 4120 3207 4183 τοῖς
3243 4118 3609 4187 θεοπρεπέσιν
3663 4117 3875 4187 εργοις,
3950 4119 4053 4185 τὴν

2454 4213 2550 4266 τοῦ
2574 4213 2787 4282 Πατρὸς
2807 4212 2905 4264 καὶ
2954 4210 3272 4280 Πνεὺματος
3321 4210 3607 4280 ἐνέργειαν
3635 4209 3710 4269 ὡς
3735 4209 4052 4278 δμοουσίων

2458 4307 2554 4361 καὶ
2586 4305 2843 4375 ὁμοφυῶν
2864 4306 2962 4358 καὶ
3016 4303 3153 4379 ⁶πρὸς
3170 4301 3228 4356 ἓν
3263 4302 3357 4356 καὶ
3380 4302 3440 4354 τὸ
3466 4300 3602 4354 αὐτύ
3628 4299 3845 4370 θέλημα
3863 4301 4054 4352 νευόν-

2456 4416 2564 4453 των
2613 4400 2978 4468 συμπαρεῖναι
3028 4395 3303 4480 διδάςκων
3325 4410 3338 4423 ·
3365 4394 3452 4446 διὰ
3477 4392 3637 4446 τοῦτο
3666 4391 3773 4461 γὰρ
3808 4393 3909 4480 καὶ
3937 4390 4056 4444 ελε-

2461 4509 2579 4559 γεν,
2610 4509 2628 4543 ι
2653 4490 2712 4543 ’0
2729 4489 2925 4559 Πατήρ
2949 4504 3054 4559 μου
3079 4479 3193 4548 ἕως
3207 4484 3334 4556 ἄρτι
3365 4483 3677 4554 ἐργάζεται,
3698 4479 3860 4548 κάγὼ
3874 4481 4054 4551 ἐργά-

772 4589 875 4646 ego
899 4571 1165 4629 daemonia
1191 4573 1392 4642 ejicio;
1435 4590 1456 4625 ι
1484 4580 1539 4626 et
1569 4587 1916 4642 quaecunque
1948 4573 2054 4626 alia
2098 4589 2346 4627 commu-

2454 4584 2638 4653 ζομαι·
2662 4600 2681 4633 ι
2702 4581 2819 4647 καὶ,
2846 4600 2864 4632 ι
2880 4579 2999 4650 Ἀφ’
3023 4577 3216 4632 ἐαυτοῦ
3237 4576 3298 4630 οὐ
3327 4575 3488 4630 λαλῶ·
3513 4594 3529 4625 ι
3549 4576 3644 4627 καὶ
3666 4575 3746 4638 τὸ,
3783 4593 3802 4623 ι
3832 4574 3930 4627 Ἐν
3962 4575 4059 4630 δα-

774 4681 898 4722 nem
936 4673 1189 4721 naturam
1211 4671 1266 4718 et
1290 4672 1614 4734 potestatem
1655 4673 1708 4720 et
1750 4664 2003 4719 ellicacire
2026 4677 2079 4721 et
2104 4666 2355 4721 volunta-

774 4758 844 4813 tis
869 4757 1132 4813 unitatem
1163 4771 1321 4813 sacre
1347 4757 1653 4827 loquuntur
1676 4766 1732 4812 et
1753 4758 2042 4814 addoceut.
2078 4757 2208 4813 Scio
2247 4775 2315 4812 au
2338 4790 2351 4798 -

772 4859 879 4906 tem
907 4849 1175 4920 quosdam
1202 4849 1385 4904 dicere
1413 4859 1530 4904 tum
1574 4864 1700 4903 cum
1730 4848 2013 4906 Dominica
2061 4852 2353 4920 responsio

771 4940 1136 5013 proferretur,
1167 4950 1223 4996 et
1251 4940 1361 4996 vim
1407 4955 1528 4996 eam
1561 4941 1818 4998 habuisse
1855 4943 2351 5014 circumscriptam.

775 5031 991 5085 Etenim
1015 5040 1147 5086 tunc
1191 5030 1603 5086 resurrectione
1634 5032 1874 5086 nondum
1906 5031 2049 5087 facta
2083 5048 2262 5101 neque
2293 5034 2348 5088 in

770 5124 940 5180 cce-los
965 5125 1290 5180 ascensione
1315 5133 1614 5179 monstrata
1645 5139 1824 5193 neque
1873 5124 2084 5193 Spiritu
2131 5135 2352 5195 sponta-

773 5231 909 5271 neos
930 5225 986 5271 et
1016 5231 1339 5271 communes
1370 5216 1520 5270 orbis
1537 5225 1808 5271 terrarum
1838 5226 2086 5272 oratores
2113 5217 2354 5286 discipu-

772 5307 860 5364 los
882 5307 1165 5370 clliciente.
1198 5309 1440 5363 nondum
1466 5309 1722 5365 omnibus
1745 5310 1833 5365 his
1854 5310 2074 5366 eximiis
2088 5310 2356 5364 exsisten-

774 5397 945 5465 tibus,
981 5397 1075 5468 qui
1105 5399 1158 5453 in
1195 5397 1399 5453 Filium
1437 5398 1678 5454 hominis
1716 5399 2060 5471 hlaspbemat
2091 5410 2145 5454 et
2178 5400 2357 5454 homi-

777 5488 937 5543 nibus
975 5488 1248 5559 impingit,
1303 5490 1686 5546 remissionem
1725 5493 1984 5548 inveniet.
2041 5492 2349 5546 Adumbra-

778 5582 936 5634 hatur
963 5581 1109 5636 enim
1142 5582 1210 5636 iis
1258 5597 1423 5638 carne
1469 5583 1730 5653 dignitas.
1788 5585 1846 5640 Ei
1907 5595 2088 5640 autem
2143 5589 2235 5655 qui
2301 5587 2352 5641 in

778 5672 1040 5743 Spiritum
1079 5684 1330 5731 sanctum
1359 5676 1725 5746 blasphemat,
1772 5693 1948 5738 neque
1996 5682 2050 5734 iu
2103 5681 2356 5750 praesenti

849 5854 893 5884 ⁸³
923 5853 1110 5907 Matth.
1152 5870 1248 5913 \n,
1281 5855 1369 5909 23.
1446 5857 1489 5886 ⁵³
1525 5854 1678 5910 .lmu.
1714 5873 1764 5916 ν,
1809 5857 1893 5911 l7.

2457 4671 2643 4741 κτύλῳ
2655 4668 2792 4722 Θεοῦ
2813 4669 2924 4738 ἐγὼ
2956 4665 3207 4721 ἐκϐάλλω
3226 4665 3295 4718 τὰ
3322 4663 3624 4734 δαιμόνιαοι
3655 4662 3754 4716 καὶ
3781 4664 3890 4718 ὅσα
3915 4664 4058 4718 ἄλλα

2455 4764 2516 4817 τὸ
2533 4763 2770 4833 όμοφυὲς
2789 4761 2884 4815 καὶ
2909 4759 3252 4829 ὁμοδὺναμον
3272 4758 3369 4810 καὶ
3388 4757 3484 4826 τῆς
3503 4755 3790 4826 ἐνεργείας
3821 4757 3925 4809 καὶ
3955 4755 4054 4809 τοῦ

2457 4853 2758 4923 θελήματος
2780 4850 2842 4903 τὸ
2862 4851 3062 4903 ἐνιαίον
3089 4845 3424 4918 ίερολογοῦσι
3458 4844 3552 4898 καὶ
3590 4842 4053 4897 ἐκδιδάσκουσιν·

2455 4940 2572 4999 οἶδα
2593 4944 2650 4997 δέ
2674 4959 2826 5004 τινας
2881 4940 3166 5002 εἰπόντας,
3223 4939 3306 4992 ὅτι
3352 4935 3473 4991 κατ’
3497 4938 3674 4989 ἐκεῖνο
3694 4937 3901 5008 καιροῦ
3932 4938 4058 4992 καθ’

2455 5041 2514 5094 ὃν
2534 5040 2569 5109 ή
2595 5034 2895 5106 Δεσποτικὴ
2918 5033 3192 5103 ἀπόφασις
3219 5029 3487 5100 προήχθη,
3511 5031 3604 5082 καὶ
3627 5029 3689 5083 1:6
3709 5029 3928 5100 κράτος
3941 5027 4058 5101 εἶχε

2461 5128 2953 5201 περιγραφόμενον·
2983 5124 3080 5178 καὶ
3117 5121 3226 5192 γὰρ
3249 5118 3552 5190 τηνικαῦτα
3577 5118 3736 5173 οὑπω
3763 5121 3874 5189 τῆς
3917 5123 4062 5176 ἀνα.

2462 5223 2704 5283 στάσεως
2732 5216 3053 5288 ἐπιστάσης,
3069 5214 3191 5269 οὐδὲ
3212 5213 3309 5285 τῆς
3325 5213 3406 5276 είς
3429 5211 3693 5283 οὐρανοὺς
3720 5211 4060 5282 ἀναλήψεως

2460 5313 2925 5385 ὲπιδεδειγμίνης,
2981 5308 3105 5364 οὑδέ
3155 5306 3250 5362 τοῦ
3296 5304 3616 5375 Πνεύματος
3662 5303 4062 5374 αὐτοσχεδίους

2454 5408 2551 5463 καὶ
2579 5407 2794 5469 κοινοὺς
2824 5405 2926 5475 τῆς
2960 5399 3290 5470 οίκουμινης
3343 5398 3582 5468 ῥήτορας
3608 5395 3739 5458 τοὺς
3791 5396 4061 5468 μαθητὰς

2455 5499 2836 5568 τελεσαμένου.
2874 5492 3028 5547 οὔπω
3055 5491 3262 5546 τούτων
3284 5487 3394 5541 τῶν
3422 5484 3903 5557 ὑπερφυεστάτων
3935 5488 4058 5539 ἐπι-

2458 5588 2719 5649 στάντων,
2763 5584 2792 5638 δ
2811 5582 2903 5637 τὸν
2935 5582 3067 5636 Υίὸν
3091 5579 3188 5633 τοῦ
3216 5575 3507 5650 ἀνθρώπου
3539 5573 3921 5643 βλασφημῶν,
3965 5577 4058 5628 καὶ

2458 5680 2568 5741 τοῖς
2599 5674 2906 5748 ἀνθρώποις
2948 5669 3324 5744 προσπταίων,
3395 5665 3619 5736 εὑρήσει
3685 5662 3926 5730 ἄφεσιν·
3959 5665 4059 5715 ἐπ-

2001 5862 2016 5887 ’·
2060 5855 2208 5911 .loau.
2249 5875 2357 5912 xw.
2395 5857 2477 5911 l0.
