4186 6444
144 467 247 531 377

1170 461 1267 520 AD
1302 456 1895 520 AMPIIILOCIIIUM
1945 454 2289 522 OU/ESTIO
2335 456 2395 517 l..

3308 451 3416 516 378

142 580 431 641 εσκιάζετο
457 577 566 648 γὰρ
596 578 780 640 αὐτοῖς
802 576 882 629 ἔτι
902 575 1022 629 τότε
1055 574 1134 645 τῷ
1164 575 1452 644 σαρκίῳτὸ
1483 574 1695 642 ἀξίωμα
1719 591 1730 601 ·

1838 580 2079 638 ιιειιιριιιο
2111 586 2287 639 neque
2323 570 2375 622 in
2404 568 2588 621 buturo
2618 566 2819 620 saeculo
2847 565 3195 636 blasphemia:
3219 568 3417 621 remis-

141 668 215 737 τῷ
248 668 312 720 δὲ
337 669 417 729 είς
444 668 503 719 τδ
556 668 778 735 Πνεῦμα
838 665 1277 735 βλασφημοῦντι,
1303 664 1426 717 οὔτε
1480 664 1620 716 κατὰ
1640 663 1731 714 τὸν

144 762 338 831 καιρὸν
365 763 589 823 ἐκεῖνον,
638 759 759 811 οὒτε
813 760 871 812 ἑν
918 758 993 827 τῷ
1042 758 1289 828 μέλλοντι
1346 756 1501 809 αίῶνι
1550 758 1583 825 ή
1633 755 1731 823 τῆς

147 852 497 921 βλασφημίας
509 851 793 921 δοθήσεται
820 851 1012 918 ἄφεσις
1027 866 1041 879 ·
1061 849 1214 901 οὐδὲν
1244 849 1353 917 γὰρ
1370 846 1731 917 ἐπιπροσθοῦν

144 940 294 1012 εἶχον
337 939 485 997 οὗτοι
550 943 688 1013 πρὸς
731 942 791 993 τὸ
836 942 909 1011 μὴ
936 941 1173 1009 καθορᾷν
1204 941 1423 1013 Δαὐτοὺς
1453 939 1551 1007 τὴν
1586 939 1725 1006 ὑπὲρ

146 1036 310 1101 λόγον
343 1036 626 1104 ἐνέργειαν
663 1032 874 1095 καὶτὰς
911 1032 977 1084 δι’
1029 1010 1728 1099 αὑτῆξάπαστραπτούσας

144 1126 240 1196 τῆς
270 1126 519 1194 θεότητος
540 1124 978 1188 άκτῖνας.¹ῗΑλλοι
999 1123 1055 1175 δὲ
1075 1122 1211 1192 πρὸς
1224 1122 1477 1192 τοιαύτην
1494 1124 1733 1175 διάνοιαν

143 1218 227 1270 διὰ
257 1217 369 1269 τῶν
405 1216 779 1286 προκειμένων
808 1216 1072 1277 ἕλκοντας
1106 1214 1387 1284 ῥημάτων·
1415 1215 1573 1267 ποίαν
1600 1215 1732 1265 ταύ-

143 1323 281 1377 την;
313 1308 406 1360 τοῦ
447 1306 703 1377 λουτροῦ,
739 1308 893 1375 φασὶ,
922 1306 1019 1373 τῆς
1052 1306 1297 1373 ἀφέσεως
1349 1305 1442 1356 τοῦ
1465 1308 1522 1357 ὲν
1575 1308 1738 1358 παντὶ

148 1402 295 1470 ἁγίῳ
327 1401 422 1452 καὶ
443 1401 580 1469 πυρὶ
631 1398 1184 1469 τελεσιουργουμένου
1229 1399 1396 1468 μήπω
1428 1399 1739 1466 παρρησια-

146 1494 381 1562 ζομένου
410 1493 509 1544 οὐκ
537 1487 604 1562 ἦν
630 1493 811 1561 εὑρεῖν
841 1491 919 1559 τῷ
943 1492 1023 1551 είς
1048 1492 1107 1542 τὸ
1129 1489 1270 1541 θεῖον
1300 1488 1524 1557 Πνεῦμα
1560 1488 1735 1557 βλασο

146 1586 470 1653 φημήσαντι
572 1584 672 1653 τὴν
722 1584 954 1651 ἄφεσινο
1022 1583 1103 1634 ὅτι
1162 1582 1297 1651 μηδὲ
1339 1582 1401 1633 τὸ
1448 1585 1739 1651 μετασχεῖν

147 1678 278 1746 ἐνῆν
301 1678 405 1745 τῆς
448 1677 884 1744 παλιγγενεσίας
915 1676 1008 1728 καὶ
1033 1675 1125 1742 τῆς
1139 1674 1350 1726 ἐκεῖθεν
1384 1673 1701 1743 καθάρσεως
1723 1691 1735 1704 ·

1831 670 1913 722 sio
1943 668 2181 720 dabitur.
2218 666 2361 718 Nihil
2388 667 2530 719 enim
2556 666 2810 718 obstabat
2841 665 2971 732 quin
3008 664 3264 716 viderem
3309 664 3417 714 vim

1829 778 1989 831 Supra
2029 774 2277 815 naturam
2308 769 2357 814 ct
2391 776 2481 828 per
2536 775 2653 813 eam
2711 759 3064 827 Splendentes
3115 756 3420 810 divinitatis

1830 856 2035 910 radios.
2078 854 2178 907 Alii
2216 863 2397 907 autem
2432 851 2495 904 ad
2524 853 2665 903 hunc
2696 864 2915 903 sensum
2948 864 3043 917 per
3090 848 3251 900 verba
3280 862 3420 915 prae-

1828 947 2073 1003 cedentia
2113 949 2429 1000 trahuntur.
2479 945 2557 996 Ad
2609 958 2767 1011 quem
2828 940 3038 1010 igitur?
3093 940 3417 1002 Lavacrum,

1839 1044 2015 1096 aiunt.
2051 1040 2432 1092 remissionum
2470 1039 2522 1089 iu
2548 1052 2613 1089 eo
2639 1035 2730 1104 qui
2764 1042 2910 1087 totus
2959 1044 3181 1086 sanctus
3231 1042 3314 1085 est
3368 1043 3421 1084 et

1839 1137 1960 1200 igne
1987 1132 2297 1201 perﬁciens,
2350 1129 2476 1181 dum
2528 1127 2784 1188 nondum
2829 1126 2997 1178 libere
3048 1123 3260 1191 agebat,
3313 1137 3420 1173 non

1837 1231 1953 1273 erat
1981 1222 2233 1290 possibile
2258 1221 2304 1272 ei
2331 1219 2420 1288 qni
2455 1218 2508 1270 in
2551 1217 2792 1270 divinum
2848 1214 3114 1283 Spiritum
3177 1213 3424 1280 blasphe-

1841 1323 1970 1379 mat,
1998 1312 2373 1367 remissionem
2428 1311 2692 1370 invenire,
2753 1310 2847 1378 qui
2904 1308 3029 1360 inde
3077 1307 3422 1375 procedentis

1838 1405 2266 1474 regenerationis
2290 1414 2342 1457 et
2382 1401 2779 1472 purillcationis
2805 1401 3123 1469 participem
3151 1399 3265 1453 tieri
3316 1399 3419 1450 im-

1839 1497 2093 1565 possibile
2122 1506 2257 1549 erat.
2293 1497 2482 1565 Itaque
2510 1495 2703 1547 merito
2745 1494 2838 1559 qui
2888 1493 2941 1543 in
3002 1491 3266 1559 Spiritum
3298 1506 3415 1543 San-

1838 1602 1985 1643 ctum
2011 1592 2421 1660 blasphemavit.
2443 1603 2617 1657 neque
2647 1587 2698 1639 in
2728 1585 2979 1655 praesenti
3010 1585 3211 1639 smculo
3234 1591 3284 1635 et
3306 1584 3424 1634 ideo

1840 1694 2015 1747 neque
2037 1682 2089 1732 in
2126 1680 2308 1731 futuro
2341 1678 2488 1731 nullo
2512 1677 2673 1729 modo
2715 1675 3094 1729 remissionem
3121 1675 3349 1727 obtinet.

145 1772 225 1822 διὸ
269 1772 496 1832 είκότως
521 1772 549 1822 ὁ
581 1774 659 1833 είς
683 1772 744 1823 τὸ
773 1770 996 1838 Πνεῦμα
1025 1770 1085 1822 τὸ
1116 1770 1268 1837 ἆγιον
1317 1768 1735 1841 βλασφημήσας,
1772 1772 1894 1826 οὗτε
1922 1777 1978 1827 ἐν
2022 1776 2097 1845 τῷ
2129 1776 2220 1828 νῦν
2248 1775 2423 1837 αἰῶνι,
2460 1776 2553 1827 καὶ
2590 1774 2680 1825 διὰ
2744 1771 2902 1824 τοῦτο
2933 1772 3062 1824 οὐδὲ
3116 1772 3172 1823 ἐν
3199 1769 3273 1838 τῷ
3299 1770 3423 1838 μέλ-

146 1862 317 1927 λοντι,
348 1861 598 1930 οὐδαμῶς
620 1863 874 1931 τυγχάνει
896 1862 994 1930 τῆς
1020 1861 1289 1927 ἀφέσεως.

727 1952 1066 2005 ΕΡΩΤΗΣΙΣ
1111 1953 1189 2005 N'.

152 2045 266 2100 Τοῦ
286 2045 585 2113 μακαρίου
607 2043 848 2111 Μάρκου
868 2044 965 2097 καὶ
984 2043 1417 2111 εὐαγγελιστοῦ
1446 2044 1741 2112 γεγραφό-

220 2133 327 2180 τος
348 2132 361 2144 ·
401 2134 419 2165 ι
446 2113 745 2181 Ἐξῆλθον
758 2117 813 2168 οι
847 2114 982 2181 παρ’
998 2113 1184 2166 αὐτοῦ
1200 2113 1497 2179 κρατῆσαι
1532 2116 1739 2167 αὐτόν’

217 2186 437 2253 ἔλεγον
454 2185 565 2252 γὰρ
628 2184 718 2235 ὅτι
775 2183 993 2250 ἐξέστη
1011 2202 1023 2214 ·
1036 2203 1066 2253 μ»
1095 2184 1237 2247 ποίᾳ
1247 2184 1478 2253 διανοίᾳ
1495 2185 1606 2247 τὴν
1624 2183 1741 2237 τῶν

212 2251 503 2323 ῥημάτων
532 2254 850 2321 συνθήκην
869 2251 1251 2323 άρμόζοττες,
1276 2255 1386 2305 οὐκ
1418 2252 1493 2306 ἂν
1516 2254 1683 2321 εἷημε
1700 2270 1737 2306 ν

219 2320 424 2390 saepe
476 2323 581 2375 τοῦ
632 2321 1024 2390 είιαγγελικοῦ
1083 2320 1446 2390 διηγήματος
1516 2320 1736 2390 παρεν-

219 2408 573 2461 ηνεγμενοω

1136 2506 1277 2558 Edita
1300 2522 1326 2557 a
1353 2508 1496 2567 Maio,
1524 2509 1559 2558 l.
1603 2523 1668 2567 c.,
1695 2522 1745 2567 p.

219 2621 514 2690 Διαφόροις
548 2619 924 2689 κατελάϐομεν
957 2617 1019 2672 τὸ
1069 2619 1235 2690 ῥητὸν
1289 2620 1731 2690 ὑποϐαλλόμενον

152 2711 476 2781 ἑρμηνείαις
501 2725 514 2738 ·
552 2708 645 2763 καὶ
672 2711 777 2778 γὰρ
817 2709 992 2760 ἔνεστι
1022 2707 1207 2762 λαϐεῖν
1237 2708 1320 2773 τδ,
1366 2708 1619 2776 «Ἔλεγον
1655 2708 1736 2759 ὅτι

150 2804 374 2871 ἐξέστη,
415 2819 433 2853 ι
465 2800 561 2853 τὸν
595 2799 985 2869 εὐαγγελιστήν
1012 2800 1183 2851 εἰπεῖν
1201 2796 1447 2861 άντὶτοῦ,
1514 2795 1743 2864 Ἔλεγον

145 2894 229 2946 ὅτι
259 2892 564 2962 ἀποστῆναι
590 2892 766 2944 αὐτῶν
787 2891 1057 2961 βούλεται,
1075 2889 1394 2945 καταλιπεῖν
1415 2889 1609 2950 αὐτοὺς
1629 2887 1743 2939 δια-

147 2987 381 3050 νοεῖται,
423 2982 559 3053 πρὸς
590 2982 807 3053 ἑτέρους
833 2981 1243 3053 μεταχωρῆσαυ
1264 2984 1355 3037 καὶ
1380 2980 1581 3051 ταύτης
1617 2996 1744 3031 συν-

147 3079 357 3149 ήγορον
401 3075 501 3147 τῆς
549 3076 755 3138 ἑννοίας
807 3075 857 3127 oi.
929 3074 1136 3142 ταύτης
1190 3073 1589 3142 προεστηκότες
1654 3071 1744 3122 τὸν

151 3170 306 3238 ἱερὸν
359 3167 667 3239 παράγουσι
720 3168 967 3221 Λουκᾶν·
1030 3165 1128 3236 τὴν
1182 3165 1291 3236 γὰρ
1346 3165 1517 3234 αὐτήν
1569 3179 1737 3231 φασιν

151 3259 405 3329 ἱστορίαν
426 3258 785 3328 παραδιδόντα
802 3258 1011 3326 λέγειν’
1040 3276 1058 3309 ι
1087 3257 1255 3310 Καὶοί
1276 3255 1419 3327 δχλοι
1448 3254 1742 3325 ἐπεζήτουν

150 3348 350 3410 αὑτὸν,
384 3347 478 3398 καὶ
495 3341 658 3416 ἦλθον
678 3348 779 3408 ἕως
813 3345 1000 3413 αὑτοῦ,
1035 3347 1129 3399 καὶ
1163 3347 1411 3415 κατεῖχον
1450 3344 1612 3398 αὑτὸν
1645 3343 1739 3396 τοῦ

2250 1951 2576 2018 QU/ESTIO
2618 1950 2658 2004 L
2700 1951 2807 2022 [αι.
2852 1949 3012 2002 xux
3036 1949 3071 2020 1.

1847 2044 1998 2098 Beati
2028 2043 2200 2097 Marci
2233 2055 2279 2098 et
2312 2044 2660 2114 Evangelist
2695 2046 2784 2110 qui
2815 2044 3027 2111 scripsit
3055 2060 3071 2096 :
3106 2062 3123 2093 ι
3164 2041 3423 2095 Exierunt

1912 2118 2002 2184 qui
2024 2116 2183 2182 juxta
2206 2131 2320 2167 eum
2354 2125 2410 2167 nt
2436 2126 2661 2168 tenerent
2695 2116 2849 2167 illum
2886 2130 2903 2175 ;
2975 2114 3213 2166 dicebant
3239 2116 3373 2167 enim
3403 2130 3420 2165 .'

1913 2186 2162 2253 quoniam
2229 2186 2283 2237 in
2342 2186 2574 2253 furorem
2619 2202 2795 2238 versus
2818 2193 2971 2245 est“
3003 2200 3229 2253 quonam
3268 2200 3421 2236 sensu

1912 2255 2187 2308 verborum
2209 2266 2512 2308 contextum
2536 2265 2800 2322 aptantes,
2837 2270 2939 2307 non
2972 2270 3199 2308 essemus
3239 2254 3422 2322 procul

1909 2326 1974 2378 ab
2008 2324 2309 2393 euangelica
2336 2327 2646 2379 narratione
2673 2326 2929 2377 abducti?

1780 2504 1945 2556 51-65.
1972 2503 2030 2555 In
2054 2503 2201 2555 Marc.
2230 2517 2301 2564 ιιι,
2321 2502 2400 2553 21.

1907 2615 2148 2671 Diversis
2191 2614 2649 2685 deprehendimus
2682 2611 2812 2667 illud
2852 2612 3059 2665 dictum
3112 2611 3418 2669 subit-ctum

1837 2710 2378 2777 interpretationibus
2432 2726 2446 2762 :
2502 2710 2699 2762 etenim
2756 2708 2880 2760 licet
2930 2706 3179 2772 accipere
3240 2705 3414 2755 illud:

1846 2819 1862 2851 ι
1894 2800 2169 2864 Dicebant,
2198 2800 2457 2869 quoniam
2480 2800 2531 2852 in
2554 2797 2791 2853 furorem
2812 2812 3003 2850 versus
3020 2803 3140 2850 est»
3160 2794 3227 2847 ab
3255 2807 3423 2847 evan-

1843 2895 2031 2964 gelista
2062 2895 2267 2947 dictum
2320 2908 2417 2963 pro
2455 2912 2469 2948 :
2509 2893 2773 2947 Dicebant
2806 2911 2825 2943 ι
2856 2891 3114 2961 quoniam
3137 2889 3422 2944 discedere

1844 2985 2045 3039 abillis
2093 2985 2229 3046 vult,
2264 2986 2574 3053 relinquere
2601 2998 2696 3039 eos
2742 2982 3039 3037 meditatur
3076 2988 3135 3035 ut
3181 2980 3248 3034 ad
3284 2979 3421 3033 alios

1842 3070 2219 3145 transinigret;
2274 3087 2327 3131 et
2358 3076 2521 3144 hujus
2571 3085 2862 3145 patronum
2908 3088 3105 3130 sensus
3152 3075 3245 3142 qui
3294 3087 3418 3126 eum

1839 3166 1961 3221 tuiti
2013 3175 2143 3221 sunt
2198 3176 2447 3221 sanctum
2506 3167 2790 3222 adducunt
2851 3167 3054 3221 Lucam
3103 3183 3116 3218 :
3174 3165 3418 3218 eamdem

1836 3256 1979 3309 enim
2006 3258 2196 3311 dicunt
2226 3257 2510 3311 historiam
2554 3258 2857 3313 tradentem
2893 3255 2995 3311 fari
3036 3273 3048 3308 :
3092 3274 3109 3305 ι
3152 3256 3216 3309 Ει
3246 3256 3419 3309 turba:

1837 3347 2187 3415 requirebant
2214 3363 2363 3411 eum,
2397 3356 2452 3401 et
2485 3357 2753 3403 venerunt
2794 3348 2861 3401 ad
2887 3363 3011 3401 eum
3041 3355 3096 3402 et
3126 3355 3419 3402 tenuerunt

149 3440 231 3510 μὴ
257 3436 585 3509 πορεύεσθαι
612 3438 705 3490 ἀπ’
726 3437 923 3491 αὐτῶνθ
956 3456 974 3488 ι
1013 3437 1062 3489 οἱ
1082 3436 1137 3489 δὲ
1169 3438 1262 3490 καὶ
1320 3437 1571 3506 διάφορον
1608 3437 1732 3488 ἁπο-

1842 3454 1964 3494 eum
1983 3455 2074 3498 .nc
2100 3440 2405 3495 discederet
2434 3440 2502 3494 ab
2532 3440 2612 3494 eis
2643 3441 2723 3505 ⁸⁸;
2765 3458 2782 3489 ι
2820 3441 2913 3508 qui
2946 3450 3124 3493 autem
3155 3453 3207 3492 et
3238 3439 3417 3492 diver-

150 3531 445 3597 φαίνοντες
495 3529 593 3601 τὴν
643 3529 885 3599 ἱστορίαν
922 3529 1041 3598 ήνδ
1074 3527 1365 3590 Θεσπέσιος
1431 3528 1738 3599 ἀναγράφει

150 3623 380 3683 Aonii;
443 3621 574 3691 πρὸς
630 3622 696 3690 ἢν
759 3625 787 3674 ὁ
822 3622 965 3683 θεῖος
1016 3620 1349 3689 ἀπαγγέλλει
1390 3606 1633 3689 Μάρκος,
1662 3623 1740 3683 εἰς

151 3712 351 3777 ἑτέρας
379 3711 913 3781 σαφηνείαςζήτησιν
942 3709 1223 3781 μετῆλθον·
1254 3715 1347 3762 καὶ
1378 3711 1485 3781 γάρ
1546 3726 1735 3779 φασιν

152 3800 432 3855 Ἐνταῦθα
468 3801 566 3871 μὲν
615 3803 671 3853 ὲν
699 3802 845 3871 οἰκία
869 3818 927 3853 τε
970 3797 1038 3871 ἦν
1064 3802 1091 3852 ὁ
1142 3799 1368 3869 Ἰησοῦς,
1403 3801 1495 3853 καὶ
1525 3802 1683 3863 αὐτὸς
1713 3803 1741 3854 ὁ

155 3892 453 3962 μανθάνων
519 3892 589 3946 τὰ
652 3892 770 3946 θεία
810 3892 903 3945 καὶ
935 3892 1368 3963 θεραπευόμενος
1424 3891 1597 3961 ὂχλος,
1646 3894 1739 3944 καὶ

151 3985 279 4038 οὐδὲ
310 3986 505 4053 φαγεῖν
534 3986 699 4055 ἄρτον
734 3987 798 4055 τῇ
830 3985 1080 4054 συνεχείᾳ
1116 3985 1216 4050 τῆς
1249 3984 1518 4054 ὀχλήσεως
1550 3984 1741 4054 παρεί-

151 4092 318 4145 χοντο
344 4074 566 4145 καιρόν·
606 4076 699 4127 καὶ
744 4074 795 4126 οι
858 4074 986 4144 παρ’
1020 4072 1183 4125 αὑτοῦ
1231 4073 1453 4142 ἐξῆλθον
1473 4076 1737 4143 κρατῆσαι

152 4168 346 4227 αὑτὸν,
375 4166 468 4219 καὶ
494 4166 735 4228 ἐλθόντες
753 4165 855 4229 ἕως
876 4162 1065 4227 αὑτοῦ,
1086 4166 1336 4233 κατεῖχον
1364 4164 1526 4216 αὐτὴν
1542 4163 1634 4216 τοῦ
1664 4165 1738 4232 μὴ

155 4257 494 4328 πορεύεσθαι
514 4258 606 4310 ἀπ’
630 4257 807 4309 αὐτῶν
832 4273 843 4285 ·
875 4257 971 4324 τῆς
987 4252 1079 4308 οῦν
1117 4256 1356 4324 ἱστορίας
1389 4258 1521 4323 φασὶ
1542 4256 1601 4308 τὸ
1621 4255 1737 4307 διά·

154 4366 330 4418 φορον
348 4348 545 4417 ὲχούση
558 4348 716 4410 ς,πῶς
730 4348 794 4400 ἂν
813 4349 894 4417 εἴη
909 4348 1086 4414 λέγειν
1104 4347 1341 4417 περὶτῆς
1355 4348 1523 4414 αὐτῆς
1543 4347 1736 4399 ὑποθέ-

155 4457 301 4503 σεως
316 4438 995 4506 ὲκάτερονηδισλαμϐάνειη
1014 4438 1128 4489 ἀλλ’
1142 4438 1287 4490 ἔστιν
1302 4440 1475 4490 εἰπεῖν
1494 4439 1629 4509 πρὸς
1646 4440 1739 4491 αύ-

153 4532 309 4594 τοὺς,
331 4532 409 4592 ὼς
431 4530 587 4581 sirit
600 4518 852 4598 διάφορος
874 4531 905 4597 ἡ
933 4530 1162 4598 ἱστορία,
1194 4529 1310 4582 ἀλλ’
1339 4529 1736 4582 ὲκκαλύπτεται

153 4625 257 4674 καὶ
272 4620 704 4691 ἀνακαθαίρεται
721 4624 851 4691 πρὸς
864 4622 1075 4692 εὐκρίνε
1087 4640 1168 4675 ιαν
1181 4623 1265 4675 διὰ
1282 4624 1737 4693 τῆςδμολογουμέ-

152 4730 259 4780 νης
279 4714 313 4781 ή
339 4711 637 4780 ἀμφίϐολος
663 4729 675 4742 ’
700 4713 963 4782 δηλούσης
986 4715 1199 4783 ἐκείνης
1215 4714 1276 4765 τὸ
1298 4715 1619 4784 κατέχεσθαι
1643 4720 1733 4768 καὶ

1840 3547 1955 3585 sam
1982 3531 2339 3601 pronuntiant
2384 3532 2666 3600 historiam
2701 3546 2863 3601 quam
2891 3530 3153 3585 divinitus
3184 3532 3414 3600 loquens

1839 3623 2097 3677 describit
2148 3622 2328 3678 Lucas
2382 3623 2451 3678 ab
2506 3638 2569 3676 ea
2621 3638 2782 3693 quam
2844 3622 3065 3676 divinus
3130 3624 3417 3675 annuntiat

1840 3713 2090 3781 Marcus,
2148 3715 2202 3769 in
2261 3715 2486 3771 alterius
2553 3715 2936 3769 elucidationis
3002 3716 3411 3787 inquisitionem

1842 3808 2194 3861 transierunt.
2232 3807 2445 3861 Etenim
2497 3808 2687 3863 dicunt
2724 3828 2736 3863 :
2768 3810 2867 3863 Hic
2902 3808 3122 3876 quidem
3159 3809 3209 3861 in
3250 3808 3417 3863 domo

1838 3908 1956 3953 erat
1979 3896 2162 3962 Jesus,
2194 3908 2247 3953 et
2300 3901 2414 3969 ipse
2445 3900 2661 3955 discens
2690 3901 2873 3954 divina
2914 3910 2967 3954 et
3002 3911 3189 3953 curata
3235 3901 3413 3964 turba,

1841 3997 1889 4043 et
1923 4004 2101 4060 neque
2131 3992 2491 4046 manducandi
2530 4007 2724 4060 panem
2757 4007 2865 4061 prae
2892 3992 3254 4046 continuitate
3298 4008 3414 4047 nio-

1843 4078 2009 4133 lestia:
2067 4080 2380 4149 praebebant
2422 4081 2885 4149 opportunitatem
2948 4097 2960 4131 :
3015 4090 3069 4133 ct
3118 4083 3208 4148 qui
3260 4081 3414 4148 juxta

1842 4171 1990 4223 illmn
2023 4173 2275 4224 exierunt
2309 4182 2367 4225 ut
2413 4181 2658 4225 tenerent
2686 4187 2834 4234 eum,
2877 4183 2931 4225 et
2981 4188 3104 4225 rum
3140 4175 3415 4225 wnissent

1842 4278 2015 4331 usque
2067 4264 2131 4316 ad
2179 4278 2326 4328 eum,
2360 4264 2675 4318 detinebant
2708 4264 2856 4317 illum
2890 4280 2959 4319 ne
3007 4266 3309 4318 discederet
3347 4268 3414 4318 ab

1842 4352 1974 4420 ipsis
2009 4370 2022 4404 :
2061 4354 2378 4407 narratione
2412 4353 2596 4423 igitur,
2626 4354 2801 4417 aiunt,
2836 4354 3129 4409 discrimen
3162 4355 3411 4417 habente,

1840 4444 2115 4514 quomodo
2174 4446 2369 4513 poterit
2398 4445 2502 4498 dici
2546 4444 2611 4497 de
2641 4445 2829 4498 eadem
2866 4445 3091 4498 materia
3126 4455 3415 4514 utrumque

1840 4536 2026 4606 agere?
2049 4535 2151 4588 Sed
2175 4534 2471 4603 potestdici
2503 4534 2569 4588 ad
2594 4537 2759 4604 ipsos,
2790 4537 2893 4589 etsi
2923 4537 3134 4589 diversa
3160 4536 3410 4598 historia,

1841 4637 2018 4680 tamen
2073 4628 2300 4680 revelari
2341 4635 2393 4679 et
2434 4626 2699 4680 declarari
2741 4626 2807 4681 ad
2848 4626 3059 4681 facilem
3112 4628 3413 4697 intelligen-

1840 4719 1966 4772 tiam
2006 4734 2099 4786 per
2123 4717 2465 4771 manifeSIam
2498 4732 2619 4772 eam
2652 4733 2772 4787 qua:
2799 4719 3055 4787 ambigua
3088 4720 3194 4771 sit:
3230 4731 3411 4773 osten-

151 4802 483 4873 κρατείσθαι
527 4803 611 4871 ἐφ’
647 4797 689 4870 ᾧ
729 4822 784 4857 τε
820 4806 1043 4873 ἐγίνετο,
1078 4807 1167 4858 καὶ
1198 4808 1276 4859 ὅτι
1299 4808 1375 4877 μή
1405 4808 1734 4875 ἀφίστασθαι

1840 4807 2000 4861 dente
2038 4808 2127 4860 illa
2180 4807 2408 4861 detineri
2439 4816 2493 4860 et
2539 4807 2707 4862 teneri
2749 4807 2799 4859 in
2841 4822 2949 4876 quo
2983 4818 3097 4861 erat
3134 4806 3325 4878 [loco],
3360 4820 3412 4862 et

150 4893 343 4945 αὐτῶν
396 4892 489 4944 καὶ
532 4893 861 4963 ἀποχωρεῖν,
905 4895 994 4947 καὶ
1025 4894 1105 4946 ὅτι
1133 4894 1421 4958 ποθοῦντες
1452 4896 1617 4948 αὑτοῦ
1636 4899 1733 4969 τὴν

147 4983 481 5036 διδάσκαλον
519 4983 756 5054 ὁμιλίαν,
781 4987 873 5038 καὶ
906 4988 972 5055 τῇ
1018 4986 1125 5038 τῶν
1177 4986 1492 5056 θαυμασίων
1558 4987 1733 5056 ἔργων

152 5062 538 5143 ἐντρυφῶντες
593 5075 909 5137 ἀπολαύσει,
962 5078 1214 5129 ἐπενόουν
1240 5078 1337 5147 τὴν
1362 5079 1689 5147 κατάσχεσιν
1714 5097 1727 5111 ι

151 5168 256 5218 καὶ
295 5166 408 5235 γὰρ
438 5164 699 5228 πολλάκις
754 5167 1125 5235 κατελίμπανε
1171 5167 1319 5218 τόνδε
1372 5167 1462 5217 τὸν
1514 5169 1735 5238 χῶρονὸ

153 5257 546 5326 ᾳιλάνθρωπος
585 5256 814 5325 Ἰησοῦς,
849 5260 938 5309 καὶ
972 5260 1096 5320 τοὺς
1122 5257 1465 5327 διοχλοῦντας
1489 5262 1545 5311 ἐν
1590 5263 1739 5332 αὐτῷ

149 5348 269 5399 τῶν
284 5348 462 5418 δχλων
488 5351 565 5410 είς
591 5348 809 5417 ἑτέρους
826 5350 921 5420 τὴν
933 5350 1039 5402 ἀπὸ
1060 5350 1405 5414 διδασκαλίας
1434 5356 1526 5404 καί⁵
1549 5352 1740 5425 θεουρ-

150 5442 287 5506 γίας
308 5440 561 5508 μετάγων
595 5441 865 5509 σωτηρίαν
888 5457 901 5469 '
932 5442 1069 5509 πλὴν
1086 5436 1229 5495 οὗτοι
1250 5444 1311 5493 τὸ
1341 5445 1437 5512 μὲν
1465 5445 1738 5512 κρατῆσαι

151 5534 346 5596 αὑτὸν,
370 5535 451 5593 εἰς
478 5532 537 5584 τὸ
573 5551 590 5581 ι
624 5535 868 5603 ἐπισχεῖν
911 5534 1071 5586 αὑτὸν
1113 5536 1204 5585 τοῦ
1229 5536 1405 5601 λέγειν
1442 5537 1533 5587 καὶ
1596 5536 1739 5588 διδά-

152 5638 314 5674 σκειν
328 5641 346 5671 ι
367 5620 891 5689 μεταλαμϐάνουσιν*
908 5623 966 5672 τὸ
979 5622 1028 5672 δὲ
1042 5662 1054 5683 ,
1078 5643 1093 5672 ι
1106 5621 1318 5689 ἐξέστη,
1334 5643 1349 5672 ι
1376 5623 1506 5692 πρὸς
1525 5624 1619 5692 τὴν
1634 5624 1739 5676 τῶν

149 5713 412 5782 φυσικῶν
470 5712 747 5782 δυνάμεων
806 5717 897 5768 καὶ
928 5714 1025 5782 τῆς
1051 5714 1397 5782 xor-0:326:31};
1425 5715 1732 5776 διαθέσεως,

240 5870 287 5895 "‘
332 5870 465 5922 Luc.
526 5886 594 5929 Ir,
631 5870 718 5921 42.

1843 4912 1907 4950 ne
1936 4897 2220 4951 desisteret
2261 4897 2326 4949 ab
2355 4896 2435 4950 eis
2468 4908 2519 4949 et
2546 4896 2847 4959 recederet,
2887 4907 2941 4950 et
2966 4897 3411 4965 concupiscentes

1841 4986 2015 5053 ipsius
2066 4986 2384 5054 magistram
2431 4986 2926 5049 conversationem,
2978 5000 3031 5039 et
3082 4988 3410 5040 mirabilinm

1840 5094 2059 5147 Operum
2114 5078 2441 5131 delectantes
2489 5076 2746 5132 fruitione
2783 5078 2925 5150 [eos]
2965 5079 3252 5132 meditatos
3290 5096 3411 5132 esse

1838 5168 2002 5239 [ejus]
2050 5170 2415 5223 detentionem
2446 5188 2455 5221 :
2484 5170 2685 5223 etenim
2716 5184 2859 5239 saepe
2891 5171 3229 5239 relinquebat
3268 5172 3409 5223 hunc

1837 5261 2011 5314 locmn
2065 5270 2274 5314 amator
2324 5260 2603 5313 hominum
2644 5259 2805 5315 Jesus
2854 5268 2908 5315 et
2941 5263 3166 5322 moleste
3199 5262 3408 5314 incum-

1839 5351 2025 5404 bentes
2087 5352 2138 5403 in
2174 5366 2237 5404 eo
2270 5352 2337 5405 de
2381 5352 2578 5415 turbis,
2616 5353 2665 5404 in
2699 5354 2834 5406 alios
2864 5367 2983 5406 eam
3018 5350 3186 5424 [quin]
3229 5369 3255 5404 ει
3306 5354 3407 5405 (1οο

1837 5445 2008 5497 ctrina
2064 5454 2116 5498 et
2154 5445 2331 5497 divina
2385 5446 2698 5511 operatione
2744 5444 2902 5516 [erat]
2952 5445 3286 5499 transferens
3320 5462 3406 5498 sa-

1841 5535 2002 5589 lutem
2041 5555 2053 5589 :
2087 5547 2321 5589 attamen
2376 5538 2427 5589 hi
2487 5539 2612 5591 illud
2650 5558 2664 5586 ι
2708 5548 2764 5588 ut
2801 5548 3045 5590 tenerent
3092 5552 3212 5590 eum
3254 5556 3268 5584 ι
3310 5552 3404 5603 pro

1844 5647 1860 5677 ι
1900 5630 2147 5680 robibere
2175 5645 2297 5680 eum
2334 5648 2359 5679 ει
2386 5630 2615 5682 dicendo
2671 5640 2724 5681 et
2775 5630 3019 5683 docendo
3072 5651 3089 5680 ›
3138 5639 3350 5681 vertunt
3391 5669 3397 5675 .

1840 5718 1967 5769 illud
2021 5728 2197 5770 autem
2237 5738 2251 5767 ι
2300 5719 2351 5770 in
2403 5717 2640 5770 furorem
2675 5734 2861 5770 Vt‘l'slls
2906 5728 2986 5771 est
3036 5740 3045 5755 ι
3092 5720 3151 5769 .id
3187 5729 3401 5769 mtura-
