4186 6444
769 459 874 521 379

1910 456 2172 518 PIIOTH
2201 455 2704 515 PATRIARCILE
2740 458 2850 518 CP.

772 569 900 621 lium
950 569 1144 622 virium
1175 576 1229 622 et
1254 567 1586 623 dcmitteutis
1617 585 1676 624 se
1719 570 2111 641 dispositionis,
2158 585 2320 640 quam
2357 574 2404 633 Α

2449 569 2501 639 ἣν
2519 572 2566 623 οἱ
2598 570 2756 624 κόποι
2789 571 3068 642 προξενεῖν
3118 570 3370 625 εἰώθασιν
3425 572 3705 636 ἔκστασιν,
3740 573 3999 644 τοιαύτην

773 660 983 714 labmes
1007 657 1200 714 alferre
1225 656 1404 714 solent
1437 661 1723 726 esstasim,
1756 660 1894 716 hanc
1931 661 2334 734 interpretatio-

774 765 894 804 nem
948 747 1224 803 adducunt
1269 766 1283 802 :
1327 748 1681 804 diuturnitate
1717 754 1867 806 aiunt
1897 758 1952 806 et
1979 753 2335 809 continuitate

771 839 1031 894 doctrinae
1079 839 1338 908 putabant
1367 839 1461 910 qui
1483 839 1640 909 juxta
1671 841 1846 911 ipsum
1895 841 2096 916 [erant]
2145 844 2199 898 in
2233 845 2334 899 im-

773 944 1020 985 mensum
1071 929 1363 986 offendisse
1412 931 1674 997 laborem,
1729 931 1828 1004 [et]
1887 934 2064 989 vitalis
2115 935 2228 989 toni
2279 943 2335 991 et

776 1021 1027 1092 ingenita:
1058 1022 1276 1076 virtutis
1322 1022 1374 1076 id
1405 1024 1663 1079 exstasim
1701 1034 1755 1080 et
1795 1025 2165 1082 inlirmitatcm
2199 1027 2334 1082 inci-

769 1111 916 1166 disse
951 1128 966 1165 :
994 1110 1138 1180 quod
1160 1110 1307 1166 enim
1341 1109 1416 1165 illi
1468 1112 1676 1182 experti
1713 1112 1852 1166 forte
1879 1123 2034 1168 erant
2080 1127 2333 1183 perseve-

772 1202 942 1255 rantia
993 1213 1047 1254 et
1075 1201 1296 1269 perenni
1327 1201 1623 1264 auditionis
1667 1218 1731 1256 ac
1775 1201 2142 1256 multitudinis
2186 1215 2334 1256 com-

771 1291 1050 1358 pressione
1065 1298 1116 1344 et
1133 1291 1389 1354 tumultu,
1421 1289 1474 1344 id
1491 1301 1769 1357 expertum
1799 1307 1919 1346 esse
1934 1298 1990 1344 et
2015 1291 2330 1358 magistrum

771 1383 1187 1450 suspicabantur
1235 1397 1250 1433 :
1307 1381 1430 1438 ideo
1476 1391 1530 1437 et
1575 1384 1669 1452 qui
1713 1383 1864 1453 juxta
1913 1383 2060 1437 illum
2107 1379 2332 1451 [erant].

771 1476 943 1538 aiunt,
984 1476 1035 1530 id
1084 1484 1189 1540 est,
1226 1476 1317 1546 qui
1365 1476 1431 1529 ad
1487 1476 1664 1546 ipsum
1721 1475 2038 1530 familiarius
2079 1473 2330 1544 dispositi

773 1566 994 1640 [erant],
1021 1569 1273 1627 exierunt
1299 1578 1360 1623 ut
1403 1569 1706 1624 detinerent
1749 1584 1873 1623 eum
1903 1571 2057 1639 quasi
2104 1569 2328 1624 multam

772 1659 891 1727 ejus
944 1675 1130 1715 curam
1177 1669 1399 1732 agentes
1445 1670 1504 1716 ut
1559 1662 1948 1730 providentiam
1997 1661 2334 1716 remissionis

772 1749 892 1817 ejus
919 1759 973 1803 et
1012 1748 1256 1803 laborum
1306 1748 1744 1812 intermissionis,
1804 1755 1865 1802 ut
1915 1763 1944 1801 a
1995 1746 2333 1800 multitudine

775 1841 1034 1909 magistro
1061 1839 1257 1904 diviso,
1309 1840 1490 1895 cibum
1546 1850 1600 1893 ct
1644 1841 1745 1894 alia
1802 1838 2108 1893 necessaria
2135 1838 2333 1908 quibus

772 1944 971 2000 00'1"”
1010 1944 1039 1982 ³
1088 1929 1363 1984 laboribus
1407 1929 1654 1997 solvitur,
1703 1929 2047 2000 pra-berem:
2090 1927 2334 1983 exierunt
2367 1910 2404 1963 1³

779 2032 958 2076 autem
997 2019 1134 2076 forte
1158 2035 1189 2076 e
1220 2021 1454 2092 quodam
1484 2032 1609 2091 apto
1629 2021 1695 2076 ad
1721 2021 1956 2090 quietem
1982 2029 2037 2078 et
2063 2018 2336 2088 tranquil-

780 2112 978 2166 litatem
1005 2111 1146 2178 loco,
1179 2113 1246 2166 ad
1279 2126 1440 2181 quem
1492 2111 1701 2166 iwrant
1733 2114 1942 2178 seipsos
1986 2107 2281 2164 recreatnri
2317 2121 2330 2159 :

776 2204 912 2258 alter
952 2203 1115 2272 igitur
1144 2218 1324 2258 sermo
1356 2218 1387 2256 a
1419 2202 1598 2273 priore
1635 2219 1742 2258 non
1776 2203 1985 2274 positus
2015 2200 2094 2257 sic
2127 2201 2334 2256 discer-

778 2296 856 2349 nit
891 2294 1263 2364 evangelicum
1294 2294 1597 2349 oraculum.

849 2469 990 2525 Sunt
1033 2483 1160 2524 vero
1197 2469 1289 2539 qui
1342 2468 1407 2522 ad
1441 2467 1746 2523 Iudaeorum
1782 2468 2100 2537 pravitatem
2138 2476 2190 2522 ct
2221 2465 2338 2522 bla-

776 2560 1062 2630 sphemum
1086 2571 1138 2614 et
1163 2557 1617 2628 indisciplinatum
1653 2559 1942 2631 [habitum]
1967 2560 2335 2629 respicientes.

780 2647 935 2712 illud,
969 2666 987 2699 ι
1013 2649 1064 2701 in
1095 2647 1330 2702 furorem
1355 2662 1544 2702 versus
1563 2658 1665 2711 est,
1682 2667 1699 2699 ι
1721 2647 1872 2716 juxta
1887 2649 2217 2718 propositum
2237 2664 2337 2702 au-

777 2739 966 2801 diunt,
1018 2739 1067 2792 id
1125 2747 1243 2800 est,
1318 2739 1517 2791 mentis
1573 2752 1856 2791 excessum
1917 2737 2101 2791 habuit
2145 2747 2198 2790 et
2244 2737 2339 2790 de-

779 2826 900 2880 vius
944 2840 974 2878 a
1007 2824 1302 2879 constituto
1347 2822 1519 2878 factus
1555 2834 1634 2878 est
1673 2841 1688 2877 :
1723 2823 1920 2876 etenim
1981 2826 2086 2878 tale
2123 2823 2337 2878 .lndmo-

782 2932 902 2971 rum
956 2915 1137 2970 odium
1189 2917 1242 2970 in
1299 2915 1616 2978 Christum,
1670 2923 1729 2967 ut
1781 2929 1972 2968 omnes
2020 2914 2248 2984 injurias
2289 2923 2336 2967 et

782 3004 1083 3061 calumnias
1122 3004 1326 3074 lingere
1369 3011 1560 3058 contra
1613 3005 1948 3056 Salvatorem
1993 3018 2100 3057 non
2155 3004 2339 3059 horre-

784 3105 903 3151 rent
933 3113 947 3150 :
979 3095 1176 3148 etenim
1208 3092 1410 3148 invidia
1443 3096 1663 3148 omnino
1695 3105 1744 3148 ct
1777 3094 1893 3147 zelo
1919 3093 2171 3147 furentes
2193 3105 2246 3148 et
2272 3095 2342 3148 ab

2432 657 2726 726 ἑρμηνείαν
2747 656 3099 728 προσάγουσι.
3122 654 3212 726 Τῷ
3235 653 3436 726 χρόνῳ,
3456 657 3613 726 φασὶ,
3649 659 3741 711 καὶ
3767 659 3835 728 τῇ
3871 675 3999 711 συν-

2433 748 2582 817 εχείᾳ
2616 749 2714 816 τῆς
2786 743 3136 813 διδασκαλίας
3201 747 3453 818 ἐνόμιζον
3513 747 3561 803 oi
3628 748 3761 821 παρ’
3829 749 4000 804 αὐτοῦ

2432 839 2512 901 εἰς
2578 839 2817 909 ἀμετρον
2895 839 3306 910 καταντήσαντα
3375 837 3584 904 κόπον,
3674 834 3770 893 τοῦ
3819 839 4005 903 ζωτι-

2432 927 2530 981 κοῦ
2583 927 2741 982 τόνου
2801 929 2894 982 καὶ
2953 924 3055 998 τῆς
3103 928 3348 999 ἐμφύτου
3425 925 3710 1001 δυνάμεως
3764 933 3846 994 είς
3917 931 4006 985 ικρ

2434 1016 2622 1072 στασίν
2673 1033 2734 1072 τε
2814 1016 2909 1073 καὶ
2985 1020 3270 1074 ἀσθένειαν
3319 1021 3613 1091 ἐμπεσεῖν·
3695 1023 3836 1094 ὅπερ
3897 1023 4006 1094 γάρ

2433 1109 2630 1162 ἐκεῖνοι
2695 1110 3021 1174 πεπονθότες
3081 1111 3211 1174 ίσως
3284 1109 3582 1180 ἐτύγχανον
3641 1115 3708 1184 τῇ
3761 1114 4002 1184 ἐπιμονῇ

2433 1199 2528 1253 καὶ
2579 1199 2659 1270 τῷ
2704 1200 2914 1270 άεννάῳ
2956 1201 3055 1270 τῆς
3108 1202 3424 1271 ἀκροάσεως
3477 1202 3571 1256 καὶ
3617 1205 3682 1273 τῇ
3728 1201 3822 1256 τοῦ
3872 1202 4011 1272 πλὴο

2435 1289 2559 1353 θους
2628 1291 2927 1360 συνωθήσει
2977 1292 3071 1344 καὶ
3115 1291 3194 1360 τῷ
3243 1292 3477 1361 θορύϐῳ,
3512 1290 3671 1345 τοῦτο
3697 1292 3892 1345 παθεῖν
3919 1291 4017 1346 καὶ

2433 1381 2523 1434 τδν
2549 1379 2865 1435 διδάσκαλον
2911 1381 3282 1444 ὕπετόπαζονο
3323 1382 3516 1435 διὸκαὶ
3563 1384 3612 1434 oi
3672 1382 3804 1452 παρ’
3841 1381 4014 1435 αὑτοῦ

2433 1487 2618 1539 φασιν,
2659 1471 2935 1524 τουτέστιν
2983 1472 3033 1524 oi
3076 1472 3211 1542 πρὸς
3234 1472 3398 1525 αὑτὸν
3421 1471 3750 1540 οἰκειότερον
3800 1471 4016 1526 διακεί-

2436 1572 2618 1627 μενοιο
2657 1557 2910 1627 Ἑξῆλθον
2953 1561 3246 1629 κατασχεῖν
3271 1559 3433 1614 αὑτὸν
3470 1560 3544 1623 ὼς
3606 1560 3807 1629 πολλὴν
3845 1558 4017 1613 αὐτοῦ

2432 1647 2529 1720 τὴν
2571 1649 2893 1720 κηδεμονίαν
2944 1650 3156 1719 ἔχοντες
3188 1653 3278 1705 καὶ
3305 1651 3560 1721 πρόνοιαν
3616 1652 3712 1719 τῆς
3773 1649 4020 1713 ἀνέσεως

2432 1736 2595 1792 αὐτοῦ
2635 1739 2729 1792 καὶ
2775 1739 2874 1808 τῆς
2937 1738 3044 1792 τῶν
3099 1739 3282 1792 κῦπων
3315 1741 3635 1804 διαλύσεως,
3671 1741 3749 1804 ὡς
3795 1741 3866 1794 ἂν
3923 1737 4017 1792 τοῦ

2436 1825 2670 1896 πλήθους
2698 1827 2789 1881 τὸν
2816 1828 3133 1882 διδάσκαλον
3163 1829 3574 1900 διαστήσαντες,
3599 1831 3808 1902 τροφῆς
3822 1845 3890 1884 τε
3926 1829 4020 1882 καὶ

2436 1917 2532 1987 τῆς
2582 1917 2748 1988 άλλης
2807 1920 3150 1991 ἐπιμελείας,
3179 1921 3248 1974 δι’
3295 1916 3371 1976 ὦν
3417 1922 3480 1975 τὸ
3533 1923 3691 1992 σῶμα
3749 1923 4022 1991 καμάτων

2441 2008 2840 2063 ἀπαλλάττεται
2863 2047 2878 2071 ,
2927 2010 3329 2080 μεταδώσουσιν
3349 2028 3363 2042 υ
3396 2012 3620 2082 ἐξῆλθον
3665 2012 3720 2065 δέ
3751 2012 3890 2074 ῖσως
3915 2011 4022 2063 ἀπό

2439 2114 2582 2161 τινος
2598 2099 2900 2167 ἐπιτηδείου
2919 2100 3054 2170 πρδς
3071 2090 3486 2156 ἀνάπαυσινῗιαὶ
3501 2103 3729 2172 ἡσυχίαν
3747 2102 3944 2164 τόπου,
3966 2105 4022 2155 ἐν

2441 2183 2485 2258 ᾧ
2530 2191 2773 2260 ἀπῆλθον
2817 2192 3043 2256 ἐαυτοῦς
3066 2194 3506 2266 ἀνακτήσασθαι·
3537 2196 3566 2248 ό
3589 2196 3688 2266 μέν
3714 2192 3812 2249 οῦν
3834 2195 4024 2248 δεύτε-

2444 2301 2534 2353 ρος
2566 2283 2721 2352 λόγος
2747 2284 2826 2354 τῷ
2849 2286 3102 2357 προτέρῳ
3149 2287 3226 2360 μὴ
3255 2286 3557 2358 τιθέμενος,
3601 2285 3745 2341 οὕτω
3765 2284 4024 2358 βούλεται

2441 2374 2763 2447 διευκρινεῖν
2781 2377 2841 2430 τὸ
2869 2379 3221 2448 εύαγγελικδν
3252 2379 3452 2447 λόγιον.

2514 2468 2634 2520 Elei
2658 2468 2716 2521 δέ
2737 2469 2790 2521 οῖ
2811 2468 2947 2538 πρὸς
2961 2471 3059 2539 τὴν
3087 2469 3194 2523 τῶν
3209 2471 3477 2524 Ἰουδαίων
3503 2471 3806 2542 μοχθηρίαν
3828 2472 3929 2526 καὶ
3960 2472 4025 2526 τὸ

2447 2558 2766 2629 βλάσφημόν
2815 2577 2874 2612 τε
2935 2561 3028 2613 καὶ
3085 2561 3415 2631 κακόσχολον
3472 2563 3882 2633 ἀποϐλέψαντες
3937 2563 4022 2628 τὸ,

2454 2669 2472 2702 ι
2501 2651 2712 2723 ἐξέστη,
2745 2671 2762 2702 ι
2787 2653 2926 2706 κατὰ
2952 2652 3020 2726 τὸ.
3037 2653 3324 2726 πρόχειρον
3370 2653 3706 2718 ἐξακούουσι,
3748 2653 4023 2719 τουτέστι,

2446 2742 2554 2796 τῶν
2587 2719 2796 2814 φρενῶν
2819 2719 3348 2814 ἔκστασιν-ισχε-καὶ
3375 2745 3690 2818 παράτρορος
3743 2743 3841 2798 τοῦ
3896 2745 4028 2799 καθ·

2446 2833 2677 2896 εστῶτος
2705 2833 2918 2901 ἐγένετο
2936 2847 2950 2865 ³
2981 2835 3066 2888 καὶ
3100 2837 3208 2905 γάρ
3228 2835 3465 2889 τοιοῦτον
3512 2835 3618 2889 τῶν
3661 2835 3935 2890 Ἰουδαίων
3961 2836 4026 2888 τὸ

2450 2923 2816 2993 μισόχριττον,
2869 2924 3045 2986 πάσας
3066 2923 3248 2995 ῦδρεις
3272 2927 3363 2977 καὶ
3384 2925 3636 2988 διαϐολάς
3653 2924 4028 2979 ἀναπλάττειν

2447 3013 2587 3065 κατά
2623 3012 2712 3065 τοῦ
2739 3013 2988 3084 Σωτῆρος
3015 3014 3074 3066 ού
3105 3016 3416 3085 φρίττοντες
3434 3028 3449 3044 ⁸
3487 3015 3565 3085 τῷ
3590 3017 3699 3085 γὶρ
3727 3013 3913 3085 φθόνῳ
3935 3014 4030 3067 διὰ

2449 3104 2648 3167 παντὸς
2669 3104 2762 3156 καὶ
2781 3108 2847 3175 τῇ
2879 3104 3147 3175 βασκανίᾳ
3177 3105 3638 3175 ἀνοιστρούμενοι,
3690 3104 3787 3157 καὶ
3844 3119 4031 3173 μεμη⁶

787 3186 1181 3242 insanientibus
1213 3184 1349 3239 nihil
1372 3184 1766 3254 discrepantes,
1793 3192 1846 3238 et
1871 3199 1929 3237 re
1954 3198 2076 3238 vera
2117 3182 2342 3252 ingeniti
2380 3255 2404 3268 Α

2450 3195 2619 3249 νότων
2662 3196 2817 3250 οὐδέν
2866 3197 3235 3266 διαφέροντες,
3280 3196 3377 3250 καὶ
3419 3196 3494 3259 ὡς
3547 3194 3764 3268 ἀληθῶς
3806 3195 3904 3249 τοῦ
3929 3196 4034 3265 ἐμο

781 3277 972 3350 judicii
1005 3291 1274 3332 summam
1323 3275 1472 3346 passi
1501 3277 1782 3336 exstasim,
1831 3276 2105 3345 propriam
2135 3275 2349 3345 passio~
2374 3255 2404 3312 (ἶ

2452 3284 2620 3355 φύτου
2651 3287 2933 3358 κριτηρίου
3081 3255 3319 3356 ἐσχάτην
3365 3255 3697 3347 ὑποστάντες
3740 3255 4030 3349 ἐκπασίν,

785 3384 909 3423 nem
953 3365 1342 3439 [alfectionem]
1391 3366 1448 3420 in
1500 3379 1626 3420 eum
1672 3367 1766 3436 qui
1827 3367 2028 3423 multos
2073 3381 2104 3420 a
2152 3366 2350 3422 talibus

787 3459 992 3513 morbis
1053 3457 1394 3522 liberaverat,
1428 3455 1743 3525 rejiciehant
1774 3472 1789 3508 :
1823 3457 1921 3525 ipsi
1966 3458 2136 3520 enim,
2167 3457 2350 3512 divina

787 3549 1056 3620 operanti,
1091 3563 1211 3618 quae
1245 3563 1409 3618 super
1441 3563 1750 3604 sermonem
1778 3558 1831 3602 et
1861 3550 2266 3616 cogitationem,
2297 3548 2351 3604 id

789 3643 935 3712 quod
971 3656 1163 3696 contra
1194 3639 1359 3695 Deum
1391 3649 1475 3696 est
1502 3639 1851 3711 imputantes,
1882 3639 2024 3708 quod
2052 3637 2350 3695 Sabbalum

790 3735 933 3790 diem
985 3734 1180 3788 salutis
1226 3743 1282 3788 et
1315 3733 1706 3788 miraculorum
1765 3734 1958 3790 festum
2007 3733 2355 3790 demonstra-

791 3835 894 3889 ret,
933 3835 988 3882 et
1031 3825 1335 3880 daemonum
1373 3826 1541 3879 verbo
1576 3825 1888 3896 figmentum
1922 3826 2168 3880 videntes
2200 3824 2353 3880 aufe-

791 3930 1023 3982 rentem,
1075 3919 1129 3973 in
1169 3918 1412 3988 principe
1464 3917 1859 3973 daemoniorum
1917 3918 2354 3987 blasphemanles

793 4009 971 4079 ipsum
1002 4009 1200 4077 ejicere
1243 4007 1534 4072 demonia,
1575 4023 1684 4063 non
1722 4008 2111 4063 continentiam
2163 4015 2219 4062 et
2258 4022 2356 4077 pa-

796 4099 1039 4154 tientiam
1065 4098 1312 4154 docentis
1337 4106 1392 4153 et
1423 4099 1669 4153 curantis
1696 4099 1885 4155 turbas
1919 4114 2025 4154 non
2051 4098 2218 4154 modo
2247 4113 2354 4152 non

796 4188 1063 4244 ducebant
1087 4187 1264 4243 audax
1289 4188 1488 4244 mentis
1514 4189 1774 4246 exstasim
1815 4188 2126 4242 insimulare
2163 4196 2216 4242 et
2243 4187 2359 4242 bla-

797 4281 1144 4351 spbemorum
1195 4279 1488 4335 verborum
1538 4289 1700 4336 testes
1725 4279 1939 4346 facere,
1985 4279 2250 4335 violentas
2299 4279 2355 4334 in

796 4386 919 4426 eum
947 4380 1003 4426 et
1034 4373 1270 4425 audaces
1294 4369 1636 4425 intendentes
1671 4385 1866 4424 manus
1899 4388 1912 4424 :
1947 4379 2002 4423 at
2027 4370 2099 4423 ita
2137 4371 2354 4439 quidem

797 4461 886 4515 isti
907 4459 1095 4514 dicunt
1115 4459 1249 4513 nihil
1274 4458 1556 4515 sententia:
1575 4457 1814 4528 ipsorum
1835 4472 2157 4526 repugnare,
2183 4471 2359 4527 neque

2449 3375 2510 3430 τὸ
2532 3378 2730 3430 οίκεῖον
2751 3375 2922 3438 πάθος
2958 3377 3038 3440 είς
3060 3376 3152 3430 τὸν
3191 3375 3419 3438 πολλοὺς
3446 3374 3555 3428 τῶν
3577 3373 3836 3427 τοιούτων
3865 3390 4033 3443 νοση-

2453 3466 2638 3536 μάτων
2685 3464 3092 3528 ἀπαλλάξαντα,
3122 3464 3524 3536 ἐναπὲῥριπτον
3545 3479 3560 3496 ·
3593 3464 3643 3516 oi
3691 3462 3802 3534 γάρ
3834 3462 4033 3535 θεουρο

2451 3552 2635 3621 γοῦντι
2658 3552 2727 3605 τά
2773 3552 2914 3624 ύπέρ
2945 3552 3102 3620 λόγον
3134 3551 3231 3605 καὶ
3281 3553 3486 3605 ἔννοιαν
3525 3551 3588 3605 τὸ
3613 3550 3866 3606 ἀντίθεον
3907 3553 4035 3606 ἐπι-

2452 3644 2802 3716 φημίζοντες,
2828 3645 2963 3699 διότι
2989 3645 3050 3698 τὸ
3069 3643 3350 3698 Σάδδατον
3379 3645 3597 3714 ἡμέραν
3625 3642 3911 3714 σωτηρίας
3935 3643 4036 3698 καὶ

2454 3735 2748 3808 θαυμάτων
2802 3733 2994 3806 ἐορτὴν
3021 3735 3387 3800 ἐπεδείκνυτο,
3426 3733 3518 3788 καὶ
3555 3732 3830 3803 δαιμόνων
3884 3733 4034 3804 λόγῳ

2453 3830 2514 3884 τὸ
2543 3829 2766 3901 πλάσμα
2813 3827 3099 3899 βλέποντες
3139 3825 3571 3890 άπαλλάττοντα,
3602 3825 3662 3877 ἐν
3691 3823 3772 3894 τῷ
3801 3824 4033 3896 ἄρχοντι

2455 3921 2565 3976 τῶν
2614 3921 2907 3992 δαιμονίων
2948 3919 3390 3992 βλασφημοῦντες
3436 3918 3600 3973 αύτδν
3636 3915 3930 3971 ἐκϐάλλειν
3965 3916 4036 3969 τά

2453 4013 2720 4083 δαιμόνια,
2757 4012 2879 4066 οῠδέ
2915 4013 3015 4083 τὴν
3042 4012 3339 4082 καρτερίαν
3376 4009 3473 4063 καὶ
3507 4009 3604 4080 τὴν
3646 4007 3936 4078 ὑπομονὴν
3965 4007 4037 4060 δι-

2453 4103 2740 4165 δάσκοντος
2772 4105 2868 4157 καὶ
2922 4101 3312 4173 θεραπεύοντος
3352 4102 3477 4165 τοὺς
3525 4100 3738 4172 δχλους,
3763 4098 4037 4170 οὐμενοῦν

2454 4194 2553 4265 οὐχ
2601 4191 2829 4265 ἡγοῦντο
2855 4192 3126 4264 τολμηρὸν
3155 4192 3369 4264 φρενῶν
3397 4193 3656 4246 ἔκστασιν
3673 4191 4034 4262 κατηγορεῖν,

2457 4286 2549 4337 καὶ
2573 4283 2683 4336 τῶν
2713 4283 3050 4356 βλασφήμων
3097 4285 3362 4355 ῥημάτων
3392 4284 3674 4354 μάρτυρας
3707 4283 3914 4348 ⁴ποιεῖν,
3935 4280 4035 4344 τάς

2457 4374 2778 4445 ὑϐριστικάς
2805 4373 2953 4443 αὐτῴ
2982 4375 3077 4427 καὶ
3114 4373 3376 4443 θρασείας
3405 4371 3887 4440 ἐπανατεινόμενοι
3917 4373 4034 4441 χεῖ-

2461 4481 2586 4534 ραςο
2623 4465 2738 4517 ἀλλ’
2769 4463 2913 4516 οὕτω
2945 4463 3041 4530 μέν
3069 4457 3216 4515 οὗτοί
3242 4478 3376 4530 φασι
3405 4459 3568 4531 μηδέν
3591 4462 3658 4530 τῇ
3687 4458 3814 4529 δόξῃ
3849 4458 4035 4512 αὐτῶν

796 4552 947 4615 illud,
996 4551 1248 4606 exierunt
1271 4550 1365 4620 qui
1395 4550 1551 4620 juxta
1599 4550 1747 4603 illum
1778 4548 1978 4621 [erant]
2005 4558 2062 4603 ut
2115 4557 2404 4636 tenerentl

2457 4552 2841 4624 διαμάχεσθαι,
2885 4553 3017 4623 μηδέ
3044 4555 3125 4617 τι),
3162 4551 3411 4623 Ἐξῆλθον
3463 4552 3513 4604 οἱ
3553 4549 3684 4622 παρ’
3700 4549 3870 4604 αὑτοῦ
3899 4567 4035 4619 κραο

793 4656 918 4697 eum
952 4658 968 4695 :
999 4641 1200 4696 etenim
1255 4656 1431 4710 neque
1471 4639 1704 4711 putatitii
1749 4640 1941 4696 fratres
1977 4641 2193 4709 ipsimet
2227 4654 2354 4710 erga

794 4745 920 4788 cum
965 4730 1304 4787 familiariter
1332 4740 1389 4786 et
1415 4732 1504 4799 pio
1531 4745 1694 4785 sensu
1739 4729 1985 4799 dispositi
2017 4739 2176 4784 erant
2212 4747 2228 4784 :
2264 4731 2358 4784 sed

796 4833 852 4878 et
898 4823 975 4877 illi
1039 4821 1576 4885 scandalizabantur,
1625 4821 1906 4874 Judaicam
1963 4821 2236 4874 vesaniam
2292 4835 2356 4874 ex

798 4913 1012 4969 illorum
1037 4915 1453 4970 conversatione
1473 4923 1526 4968 et
1555 4914 1806 4966 convictu
1839 4927 1946 4965 non
1975 4923 2356 4982 eapurgantes,

799 5007 1000 5062 multas
1045 5007 1245 5076 saepius
1295 5007 1349 5062 in
1378 5005 1645 5074 principio
1683 5005 1982 5073 praebentes
2027 5019 2190 5059 ansas
2232 5019 2359 5071 erga

800 5113 924 5154 eum
973 5097 1281 5154 diﬂidentic
1311 5115 1326 5154 :
1357 5106 1415 5152 et
1443 5097 1614 5150 nihilo
1652 5111 1761 5166 pra:
1792 5096 1915 5150 aliis
1943 5095 2143 5151 Judzeis
2170 5096 2363 5151 melio-

803 5204 914 5242 rem
942 5189 1355 5258 dispositionem
1384 5189 1778 5252 demonstrare,
1804 5186 1908 5241 etsi
1931 5195 2051 5254 post
2073 5187 2188 5242 hac
2221 5203 2364 5240 mar-

803 5281 927 5352 tyrii
984 5281 1376 5335 certaminibus
1424 5280 1635 5348 seipsos
1675 5279 2040 5346 recuperarint
2087 5298 2102 5334 :
2138 5289 2193 5333 et
2234 5278 2363 5333 Iesu

803 5369 1140 5424 divinitatem
1170 5384 1334 5439 quam
1377 5369 1528 5436 prius
1572 5382 1746 5437 neque
1777 5368 1956 5436 lingua
1987 5368 2362 5431 admittebant,

806 5461 1069 5530 Sanguine
1095 5470 1148 5514 et
1187 5458 1648 5534 immolationibus
1681 5459 2009 5513 omnimodis
2037 5460 2366 5528 praedicave-

807 5553 935 5605 rint.
979 5551 1094 5618 Ego
1121 5568 1246 5605 vero
1279 5551 1638 5606 scandalizari
1667 5550 1882 5620 quidem
1931 5552 2211 5619 putatitios
2258 5551 2363 5605 fra-

808 5653 917 5697 tres
943 5644 997 5696 in
1030 5643 1312 5697 Salv-atare
1354 5651 1408 5696 et
1436 5657 1542 5695 non
1575 5639 1686 5694 Deo
1703 5641 1919 5709 dignam
1954 5641 2263 5709 opinionem
2315 5645 2366 5694 in

809 5733 1079 5803 principio
1115 5733 1312 5788 habere
1347 5735 1412 5787 de
1447 5732 1559 5796 illo,
1592 5739 1812 5801 propter
1842 5730 2217 5785 indumentum
2244 5746 2367 5785 car-

809 5829 894 5882 nis
923 5837 977 5882 ct
1011 5844 1173 5899 supra
1203 5842 1425 5884 sensum
1476 5824 2018 5883 condescendcntiam
2049 5823 2208 5882 Verbi
2242 5840 2366 5882 cum

2459 4645 2619 4713 τῆσαι
2652 4643 2813 4696 αὐτόν
2835 4659 2849 4674 ·
2905 4643 2998 4696 καὶ
3051 4644 3161 4714 γὰρ
3187 4642 3296 4695 οὐδ’
3340 4641 3389 4694 οι
3429 4640 3775 4710 νομιζόμενοι
3809 4639 4036 4706 ἀδελφοὶ

2458 4736 2566 4790 οὐδ’
2590 4735 2743 4789 αὐτοὶ
2775 4735 2910 4806 πρὸς
2939 4735 3102 4788 αὑτὸν
3120 4734 3336 4796 οίκείως
3371 4734 3465 4786 καὶ
3492 4731 3903 4801 εύσεδοφρόνως
3954 4730 4034 4782 δι-

2461 4826 2669 4879 έκειντο
2691 4841 2705 4856 ο
2759 4826 2893 4879 ἀλλά
2930 4827 3175 4879 κάκεῖνοι
3208 4822 3673 4888 ἐσκανδαλίζοντο,
3725 4819 4036 4888 Ἰουδαϊκῆς

2459 4917 2851 4988 ἀγνωμοσύνης
2900 4919 2964 4971 ἐκ
3007 4916 3104 4985 τῆς
3152 4914 3286 4985 πρὸς
3318 4914 3514 4976 αὐτοὺς
3555 4910 3903 4982 ἀναστροφῆς
3939 4911 4037 4962 καὶ

2461 5009 2672 5078 διαίτης
2736 5008 2796 5061 οὐ
2862 5006 3280 5077 καθαρεύοντες,
3341 5002 3541 5065 πολλάς
3597 5000 3860 5060 ⁴ιιπολλάιιις
3911 4997 4037 5051 κατ’

2462 5101 2636 5171 ἀρχάς
2666 5101 3039 5170 παρασχόντες
3099 5096 3272 5159 λαδάς
3298 5094 3399 5162 τῆς
3428 5096 3508 5157 είς
3541 5093 3702 5148 αὐτὸν
3729 5090 4034 5152 ἀπιστίαςῖ

2463 5189 2557 5243 καὶ
2589 5189 2756 5258 μηδὲν
2788 5189 2897 5256 τῶν
2923 5187 3093 5242 ἀλλων
3136 5185 3400 5238 Ἰουδαίων
3427 5185 3645 5253 ἄμεινον
3675 5181 3773 5251 τὴν
3791 5179 4040 5235 διάθεσιν

2465 5278 2887 5343 ἐπιδείκνυσθαι,
2907 5279 2956 5330 εί
2986 5281 3079 5330 καὶ
3112 5274 3250 5343 μετά
3271 5274 3440 5328 ταῦτα
3461 5271 3820 5344 μαρτυρικοῖς
3849 5269 4041 5330 ἄθλοις

2465 5369 2688 5430 ἐαυτοὺς
2711 5368 3106 5421 ἀνεκαλέσαντο
3129 5377 3144 5395 ⁶
3175 5367 3271 5420 καὶ
3299 5366 3399 5438 τὴν
3453 5361 3630 5433 Ἰησοῦ
3682 5361 3920 5430 θεότητα
3972 5361 4040 5429 ἡν

2466 5459 2728 5528 πρότερον
2755 5459 2873 5511 ούδέ
2901 5457 3120 5528 γλώσσῃ
3146 5456 3522 5527 παρεδέχοντο,
3566 5453 3759 5521 αἵματι
3773 5450 3872 5505 καὶ
3903 5467 4042 5518 equ-

2466 5554 2589 5618 γαῖς
2617 5552 2780 5603 πᾶσιν
2799 5549 3161 5619 ἀνεκήρυξαν.
3209 5546 3348 5616 Ἐγὼ
3369 5547 3426 5600 δέ
3459 5541 3908 5607 σκανδαλίζεσθαι
3939 5541 4041 5610 μέν

2467 5643 2595 5705 τοὺς
2623 5641 2974 5711 νομισθέντας
3016 5641 3274 5708 ἀδελφοὺς
3333 5639 3482 5711 παρά
3507 5637 3601 5690 τοῦ
3621 5634 3898 5706 Σωτῆρος,
3947 5633 4038 5685 καὶ

2472 5734 2547 5806 μη
2600 5732 2880 5803 θεοπρεπῆ
2938 5732 3036 5802 τὴν
3069 5729 3335 5799 ὑπόληψιν
3367 5728 3487 5782 κατ’
3518 5727 3691 5798 ἀρχάς
3728 5725 3878 5794 [χιν
3909 5723 4038 5791 περὶ

2470 5823 2656 5889 αὑτοῦ,
2713 5824 2800 5879 διά
2840 5839 2897 5876 τε
2960 5823 3017 5876 τὺ
3057 5820 3346 5890 πρόϐλημα
3406 5820 3502 5887 τῆς
3556 5816 3754 5887 σαρκδς
3802 5815 3904 5868 καὶ
3940 5815 4036 5883 τῆς
