4186 6444
146 373 241 440 381
1131 393 1231 454 AD
1294 396 1893 466 AMPHIIDCHIUM
1944 406 2290 477 QUIESTIO
2334 410 2431 471 LI.
3303 410 3417 481 382

146 494 285 567 ὑπὲρ
352 497 479 550 νοῦν
531 502 988 570 συγκαταϐἀσεως
1047 508 1143 561 τοῦ
1207 510 1389 579 λόγου,
1445 515 1527 584 τῷ
1556 532 1698 587 παρα

1806 561 1816 580 λ
1841 524 2275 579 extraordinario
2300 534 2354 580 et
2382 525 2753 597 magnitudine
2777 541 2887 582 non
2915 541 3081 599 posse
3123 528 3286 586 simul
3322 542 3412 586 ιιι-

142 586 276 655 δόξῳ
321 587 413 640 καὶ
482 592 704 659 μεγέθει
770 594 846 665 μὴ
910 595 1169 652 δύνασθαι
1228 604 1579 673 συνεπαίρειν
1638 586 1698 660 κο

1831 613 2022 668 tollere
2051 623 2109 669 et
2150 617 2435 673 sublevare
2472 586 2890 691 cogitationem,
2946 622 3271 679 venerandis
3321 638 3412 681 me

145 675 476 745 συνανυψοῦν
548 681 649 751 τὴν
718 681 1001 748 διάνοιαν,
1060 686 1170 745 τῶν
1249 689 1567 761 σεϐασμίων
1657 711 1698 765 μ

1832 702 1939 757 hoc
1972 706 2209 762 oraculis
2240 675 2584 773 donantibus:
2629 725 2738 764 non
2789 704 3016 781 ignarus
3043 728 3164 768 sum
3209 730 3224 768 :
3258 715 3411 786 quod

142 765 299 819 τοῦτο
328 769 542 837 Λογίων
571 773 950 839 διδασκόντων,
988 778 1088 831 οὐκ
1120 780 1339 851 ἀμαθής
1361 785 1477 854 ειμι
1500 801 1515 816 ·
1544 786 1628 839 ὅτι
1655 786 1698 839 δὲ

1829 802 2010 847 autem
2037 809 2208 862 usque
2232 811 2298 850 eo
2325 765 2595 868 progressi
2629 798 2739 852 sint
2768 765 3222 869 ηέηιιίιὶκίυιηοι
3234 765 3411 859 aid;

145 859 305 931 μέχρι
336 863 528 916 τούτου
554 865 823 936 προῆλθον
886 869 1209 941 μοχθηρίας,
1240 872 1315 937 ὼς
1340 874 1436 928 καὶ
1464 875 1696 947 δαιμονᾷ

1829 897 1991 937 mone
2039 859 2134 954 agi
2179 894 2237 941 et
2284 859 2339 941 in
2386 859 2624 942 iuvrorem
2677 859 2894 942 versum
2936 904 3061 945 esse
3089 898 3145 945 et
3194 901 3407 948 mentes

142 951 230 1003 ul.
249 951 534 1016 ὲξεστᾶναι
565 955 661 1009 καὶ
696 957 908 1027 φρενῶν
932 961 1244 1031 ἀρρωστίαν
1286 964 1453 1019 αὑτοῦ
1488 982 1698 1038 κατηγο

1831 951 2110 1029 inﬁrmum
2153 990 2279 1031 eum
2309 992 2431 1033 esse
2474 978 2862 1046 iusimularint,
2912 994 3022 1038 non
3066 980 3270 1052 pariter
3306 997 3408 1053 po-

144 1044 275 1111 ρείν,
312 1044 411 1114 οὐχ
477 1045 675 1117 ὁμοίως
716 1048 962 1105 τίθεσθαι
1021 1053 1147 1106 οὐδὲ
1170 1060 1473 1128 συγχωρεῖν
1510 1054 1623 1122 οἶός
1659 1075 1698 1112 τι

1833 1078 1967 1121 nere
1994 1082 2097 1123 nec
2126 1070 2423 1125 concedere
2442 1085 2543 1141 par
2568 1085 2711 1126 sum.

142 1135 273 1200 είμι.

707 1232 1039 1288 ΕΡΩΤΗΣΙΣ
1069 1236 1195 1290 NA'.

141 1293 294 1371 ἀωτί
322 1319 437 1401 τρες
448 1322 816 1401 παράδεισον
850 1325 1189 1401 ἐφύτευσεν
1210 1332 1247 1401 ό
1273 1332 1436 1401 Θεὸς,
1464 1334 1714 1401 μέλλων

307 1391 489 1457 εὐθὺς
518 1392 837 1448 ἐκϐάλλειν
860 1391 967 1449 τὸν
1019 1398 1198 1468 Ἀδὰμ
1225 1400 1294 1465 ἐξ
1324 1391 1549 1468 adeat);

2237 1274 2251 1289 .
2274 1244 2603 1311 0111155110
2630 1246 2697 1301 LI
2735 1247 2834 1320 [σι.
2873 1248 2963 1321 1.).

1866 1333 2044 1397 Quare
2075 1337 2389 1403 paradisum
2414 1337 2675 1405 plantavit
2707 1339 2871 1398 Deus.
2891 1338 3161 1393 Adamnan
3188 1341 3372 1395 statim

2370 1408 2490 1462 inde
2524 1409 2838 1477 expulsurus
2855 1411 2882 1464 2

1359 1537 1505 1588 Edita
1543 1553 1571 1588 a
1594 1539 1737 1600 Maio,
1774 1540 1807 1589 l.
1832 1552 1899 1600 c.,
1925 1553 1974 1602 ρ.
1995 1541 2161 1591 55-55.

200 1595 328 1684 'l‘ti'w
376 1634 476 1702 μὲν
519 1636 847 1709 ἀπορρήτων
868 1642 963 1696 καὶ
1016 1646 1343 1714 κρειττόνων
1372 1648 1407 1719 ἦ
1434 1652 1698 1720 ζητεῖσθαι

1883 1648 2242 1709 Ιηείῐαὺίιίιιω
2284 1653 2505 1724 quidem
2552 1665 2608 1713 et
2647 1657 3095 1717 escellentiornm
3137 1675 3305 1731 quam
3341 1669 3404 1718 ut

134 1722 229 1774 καὶ
283 1725 818 1796 καταλαμϐάνεσθαι,
877 1732 1074 1805 Παύλῳ
1117 1737 1215 1805 μὲν
1262 1739 1358 1792 καὶ
1411 1745 1523 1805 τοῖς
1570 1743 1713 1798 κατά

132 1810 346 1865 Παῦλον
373 1815 508 1884 πρὸς
531 1818 631 1888 τὴν
654 1818 888 1891 θεωρίαν
914 1824 1321 1882 ἀνατείνεσθαιο
1359 1828 1481 1884 οὔτε
1510 1833 1711 1888 ἀδύνα-

130 1919 219 1956 τον
244 1904 469 1972 γέγονεν
496 1907 620 1964 οὕτε
665 1912 931 1986 σφαλερόν
950 1933 965 1950 ο
994 1918 1107 1971 ὅσοι
1138 1919 1196 1973 δὲ
1261 1921 1343 1992 τῷ
1386 1925 1597 1995 σαρκίῳ
1619 1926 1714 1980 καὶ

128 1992 237 2045 τῶν
283 1994 449 2049 αὐτοῦ
496 1998 815 2070 θελημάτων
853 2003 931 2075 τῷ
970 2005 1127 2078 βάρει
1187 1992 1710 2086 συγκαθελκόμεθα,

128 2083 237 2138 οὐδ’
259 2087 436 2140 ἄλλων
468 2091 602 2159 ἡμῖν
634 2096 792 2164 χεῖρα
821 2097 1205 2169 φιλάνθρωπον
1234 2104 1327 2155 καὶ
1365 2083 1707 2175 χειραγωγὸν

128 2178 546 2246 προτεινόντων,
568 2185 788 2257 ἀσφαλῆ
817 2187 1094 2259 δυνάμεθα
1122 2193 1223 2264 τὴν
1250 2194 1487 2262 ἄγουσαν
1524 2198 1711 2269 τρίϐον

126 2266 262 2335 πρὸς
278 2285 329 2319 τι
347 2267 674 2340 ὑψηλότερον
693 2277 785 2325 καὶ
807 2274 947 2347 ὑπὲρ
969 2278 1117 2347 ἡμᾶς
1138 2281 1490 2349 ποιήσασθαι.
1520 2266 1705 2358 ταύτῃ

123 2373 203 2409 τοι
230 2360 329 2413 καὶ
363 2361 397 2430 ή
438 2363 779 2431 παραίνεσις,
808 2385 826 2418 ι
870 2368 1241 2436 Χαλεπὼτερά
1273 2389 1367 2426 σου
1416 2375 1491 2445 μὴ
1525 2375 1704 2446 ζήτει,

120 2452 282 2520 φησὶ,
319 2454 414 2507 καὶ
441 2454 780 2528 ίσχυρώτερά
804 2475 897 2512 σου
930 2461 1004 2531 μὴ
1035 2462 1253 2529 tam:
1274 2480 1289 2496 ο
1336 2484 1355 2517 ι
1389 2466 1530 2537 πλὴν
1558 2469 1706 2522 ἐπεί-

121 2555 231 2607 περ
266 2544 300 2612 ή
336 2545 486 2615 πηγὴ
516 2544 619 2613 τῆς
639 2549 830 2616 σοφίας
868 2553 963 2604 καὶ⁵
987 2553 1085 2621 τῆς
1124 2554 1478 2625 ἀγαθότητος,
1515 2560 1703 2627 φιλαν·

119 2630 370 2701 θρώποις
421 2636 567 2705 ἡμᾶς
615 2638 944 2708 ὑποσχέσεσι
996 2641 1313 2716 δεξιουμένη
1348 2687 1363 2709 ,
1399 2667 1417 2699 ι
1467 2650 1702 2713 Αἰτεῖτε,

119 2724 589 2792 παρεκελεύσατο,
644 2728 740 2781 καὶ
767 2730 1046 2800 δοθήσεται
1109 2736 1271 2805 ὑμῖν·
1311 2740 1573 2807 κρούετε,
1609 2744 1703 2797 καὶ

117 2813 495 2883 ἀνοιγήσεται,
517 2836 535 2868 ι
567 2820 736 2891 ταύτῃ
764 2824 834 2892 τῇ
867 2823 1167 2896 ἐπαγγελία
1201 2829 1297 2898 τῆς
1332 2832 1699 2887 ὲνυποστάτου

116 2902 386 2971 ἀληθείας
415 2907 729 2970 πεποιθότες
757 2911 850 2962 καὶ
875 2912 1208 2982 κρούσαντες
1232 2918 1327 2970 καὶ
1352 2919 1696 2989 αἰτήσαντες,

115 2993 163 3043 εἰ
191 2992 253 3044 δὲ
285 2993 489 3047 δέδοται
531 2998 623 3049 καὶ
656 2998 949 3069 ἡνέῳκται,
984 3004 1215 3075 δηλώσει
1246 3010 1272 3061 ό
1307 3010 1482 3091 λόγος.
1518 3015 1702 3084 Φαμὲν
1730 2994 1773 3052 c

111 3082 191 3145 ὡς
218 3085 249 3135 ό
279 3084 414 3147 Θεὸς
464 3087 726 3154 ἐφύτευσε
775 3094 868 3145 τὸν
908 3097 1252 3165 παράδεισον,
1295 3103 1356 3153 ού
1403 3082 1493 3157 τὸν
1534 3082 1707 3178 Ἀδὰμ

114 3176 336 3227 ἐκεῖθεν
363 3177 524 3241 εὐθὺς
556 3181 762 3249 μέλλων
790 3183 1035 3240 ἐλαύνειν
1081 3204 1095 3218 ·
1126 3191 1247 3244 οὐδὲ
1277 3194 1385 3265 γάρ
1413 3197 1520 3249 οὐδ’
1544 3176 1702 3269 ἐμελ-

110 3264 206 3317 λεν
248 3268 361 3319 οὐδ’
397 3268 546 3323 ἔθετο
602 3273 803 3327 σκοπόν
834 3278 988 3346 χερσί
1017 3264 1363 3337 διαπλάττων
1385 3288 1476 3339 τὸν
1507 3264 1700 3359 ’Δδάμ,

113 3355 215 3404 καὶ
251 3357 581 3423 παράδεισον
620 3366 962 3433 φυτουργιῶν
991 3366 1279 3441 ὑπερόριον
1303 3375 1463 3440 εὐθὺς
1495 3379 1703 3435 ἐκεῖθεν

108 3448 319 3507 ποιεῖν,
349 3448 443 3499 καὶ
470 3449 568 3516 τῆς
598 3452 989 3527 ἀφορισθείσης
1009 3458 1157 3531 αὐτῷ
1192 3467 1470 3536 μακαρίας
1502 3471 1705 3539 διαγω-

107 3536 242 3605 γῆς·
276 3536 396 3588 ἀλλ’
436 3538 637 3603 ἐκεῖνος
660 3542 751 3595 τὸν
779 3546 942 3614 νόμον
968 3548 1067 3619 τῆς
1089 3552 1308 3625 ἐντολῆς
1325 3557 1406 3620 είς
1445 3536 1702 3630 ἀθέτησιν

103 3624 316 3688 λύσας,
354 3630 446 3681 καὶ
489 3631 588 3698 τὴν
654 3633 821 3704 ἄλλην
873 3638 1213 3713 εὐφροσύνην
1250 3624 1331 3709 είς
1360 3646 1538 3720 λύπην
1573 3624 1701 3722 μετ-

104 3715 374 3785 ήνεγκεν,
401 3720 604 3774 καὶτοῦ
624 3725 951 3793 παραδείσου
970 3729 1071 3800 τὴν
1092 3732 1320 3806 ἐκϐολήν
1347 3715 1698 3812 συνεισήνεγ-

100 3822 232 3856 κεν·
276 3805 405 3858 ἐπεὶ
453 3807 641 3880 ὥσπερ
673 3811 901 3868 θάνατον
930 3816 959 3868 ό
990 3816 1123 3882 Θεὸς
1148 3820 1247 3875 οὐκ
1280 3805 1564 3895 εποίησεν,⁷
1580 3805 1697 3884 ἀλλ’

102 3896 163 3947 ὲν
185 3897 481 3967 ἀρῤαϐὦνι
505 3900 603 3971 τῆς
620 3901 916 3969 ἀθανασίας
936 3907 1025 3961 τὸν
1052 3909 1338 3980 ἄνθρωπον
1353 3917 1694 3991 ὲπλαστούρ-

98 4002 308 4055 γησεν,
337 3986 510 4052 οὕτως
545 3991 668 4044 οὐδὲ
702 3992 796 4046 τοῦ
847 3996 993 4063 ίεροῦ
1046 4000 1268 4071 χωρίου,
1292 4005 1410 4057 οὐδὲ
1448 4009 1547 4079 τῆς
1584 3986 1691 4079 μα-

97 4077 317 4145 καρίας
350 4077 512 4132 αὑτὸν
542 4084 753 4153 τρυφῆς
808 4084 1167 4157 ύπερώρισεν·
1205 4091 1319 4145 ἀλλ’
1348 4077 1515 4161 αὐτὸς
1550 4077 1691 4153 ότοῦ

97 4166 459 4232 παραδείσου
528 4172 743 4239 πρῶτος
807 4176 1069 4246 πολίτης,
1135 4183 1203 4252 τῇ
1266 4184 1542 4259 συμϐουλῇ
1600 4191 1690 4244 τοῦ

94 4256 316 4325 ὄφεως,
370 4259 470 4329 τῆς
522 4262 739 4334 ἐντολῆς
800 4271 1143 4341 προτιμήσας
1191 4274 1291 4344 τήν
1348 4256 1687 4349 παράϐασιν,

92 4345 300 4417 ἑαυτῷ
330 4350 429 4402 καὶ
457 4350 549 4404 τὸν
583 4352 812 4409 θάνατον
849 4359 945 4411 καὶ
993 4361 1093 4431 τὴν
1125 4363 1353 4437 ἐκϐολήν
1381 4345 1474 4422 τοῦ
1506 4388 1689 4443 παρα-

89 4440 297 4493 δείσου
324 4445 745 4514 κατειργάσατο.

173 4530 454 4603 Δεύτερον
490 4535 544 4587 δὲ
578 4536 683 4589 οὐδ’
712 4538 870 4593 εἴωθε
898 4543 959 4595 τὺ
982 4544 1135 4599 Θείον
1171 4547 1240 4600 τά
1262 4550 1368 4603 τῶν
1390 4553 1692 4624 ἀνθρώπων

88 4623 365 4691 παρορᾷν
392 4621 857 4697 πλημμελήματα,
892 4633 981 4686 τὸν
1010 4637 1087 4699 εἰς
1111 4637 1309 4703 αὐτοὺς
1341 4644 1438 4711 τῆς
1476 4621 1688 4716 εὐεργε-

89 4712 227 4772 σίας
267 4710 503 4765 πλοῦτον
542 4716 636 4767 καὶ
667 4716 765 4780 τὰς
789 4719 998 4791 δωρεὰς
1029 4710 1401 4782 ἀναστέλλεινογ
1431 4733 1539 4785 οὐδ’
1569 4710 1689 4788 ἀθέ-

82 4802 171 4853 λει
206 4802 328 4854 τῶν
363 4802 851 4876 πλημμελημάτων
883 4811 1183 4883 λαμϐάνειν
1204 4819 1304 4889 τὴν
1328 4820 1506 4891 δίκην,
1536 4823 1688 4880 οὔπω

78 4890 185 4943 τοῦ
230 4892 592 4961 τολμήματος
634 4899 713 4961 είς
755 4898 914 4970 ἔργον
950 4907 1396 4975 προεληλυθότος·
1426 4890 1568 4969 οὕτω
1594 4917 1686 4970 καὶ

70 5181 182 5217 σαν
226 5164 395 5235 αύτῷ
426 5166 617 5236 μερίδα
643 5169 795 5240 ὅμως
846 5177 1184 5248 προήνεγκεν
1238 5181 1555 5257 ἀγαθότητι,
1591 5188 1685 5243 καὶ

66 5254 433 5327 δημιουργεῖ
461 5258 562 5329 μὲν
600 5261 674 5323 ὡς
704 5264 982 5337 ἑωσφόρον
1012 5271 1103 5323 τὸν
1140 5254 1476 5347 ἀποστάτην,
1506 5280 1683 5350 μηδα-

64 5348 200 5415 μῶς
242 5348 354 5417 μιν
395 5348 456 5414 ἐξ
484 5344 560 5406 ὧν
589 5351 811 5424 ὓστερον
856 5357 950 5413 τὸν
974 5362 1071 5432 τῆς
1093 5344 1481 5439 ἀγνωμοσύνης
1507 5344 1678 5426 ύπέόυ

62 5438 283 5507 ζόφον,
322 5440 470 5509 μήτε
526 5443 623 5514 τῆς
659 5445 1019 5519 δημιουργίας
1076 5438 1484 5528 ἀποστερήσας,
1540 5464 1677 5533 μήτε

53 5531 168 5599 τῆς
239 5529 660 5629 λαμπρότητος·
701 5540 1011 5599 ἀποστάντα
1050 5545 1107 5600 δὲ
1162 5551 1255 5603 καὶ
1278 5551 1354 5615 ὠς
1390 5529 1676 5629 ἀστραπὴν

53 5620 159 5673 τοῦ
190 5621 449 5691 οὐρανοῦ
480 5628 718 5684 πεσόντα
746 5630 892 5699 ἰδὼν,
928 5635 1029 5705 τὴν
1078 5636 1233 5708 δίκην
1282 5620 1511 5715 ἀφῆκεν⁷
1555 5620 1667 5701 εισ-

125 5782 183 5813 ⁸⁶
228 5779 435 5839 Matth.
470 5800 568 5854 vn,
616 5792 666 5844 7.
747 5794 790 5824 "
829 5795 996 5851 Eccli.
1036 5814 1116 5865 ut,
1145 5798 1235 5855 22.

1821 1741 2171 1813 inquirantur
2200 1757 2253 1801 et
2278 1749 2835 1819 comprehendantur,
2855 1752 3027 1809 Paulo
3058 1764 3115 1810 et
3131 1756 3404 1813 similibus

1829 1831 1985 1889 Pauli
2019 1836 2087 1891 ad
2116 1839 2627 1908 contemplationem
2661 1843 2859 1910 attolli,
2894 1858 3007 1900 non
3057 1845 3399 1917 impossibile

1823 1926 1927 1981 fuit
1965 1943 2143 1998 neque
2183 1930 2451 1988 lubricum
2498 1951 2513 1987 :
2554 1935 2867 2006 quicunque
2904 1946 3088 1995 autem
3133 1954 3302 1998 carne
3342 1951 3401 1998 et

1822 2017 1945 2087 ejus
1975 2018 2316 2077 voluntatum
2351 2025 2589 2095 pondere
2625 2028 2788 2083 simul
2812 2029 3071 2087 deorsum
3101 2034 3393 2099 trahimur,

1831 2126 1900 2166 ne
1945 2112 2068 2167 aliis
2096 2113 2313 2184 quidem
2357 2117 2514 2173 nobis
2543 2134 2765 2175 manum
2814 2121 3129 2178 benevolam
3185 2134 3243 2180 et
3290 2127 3395 2181 du-

1816 2204 2037 2260 ctricem
2066 2209 2536 2276 protendentibus,
2586 2227 2836 2271 securam
2865 2231 3163 2287 possumus
3191 2219 3396 2275 docen-

1808 2303 1917 2351 tem
1951 2298 2199 2353 semitam
2233 2300 2299 2354 ad
2328 2300 2530 2372 aliquid
2574 2305 2868 2364 sublimius
2920 2317 2976 2363 et
3028 2310 3173 2380 quod
3218 2325 3385 2381 supra

1808 2402 1911 2444 nos
1946 2389 2019 2444 sit
2039 2388 2236 2446 facere.
2258 2392 2438 2459 Quare
2457 2404 2604 2452 certe
2622 2407 2678 2452 et
2697 2399 3020 2467 admonitio,
3044 2419 3065 2454 ι
3088 2402 3389 2460 didiciliora

1807 2486 1860 2533 te
1910 2494 1977 2535 ne
2021 2483 2319 2549 quaesieris,
2355 2485 2434 2539 ait
2478 2484 2832 2560 [Scriptura],
2864 2500 2918 2546 et
2956 2491 3183 2550 fortiora
3236 2502 3289 2550 te
3319 2511 3389 2552 ne

1806 2570 2008 2639 vestiga
2025 2572 2105 2627 ’σε
2136 2591 2156 2626 ι
2184 2576 2276 2629 sed
2298 2578 2555 2646 quoniam
2580 2577 2704 2636 fons
2734 2582 3013 2652 sapientia:
3031 2595 3087 2641 et
3104 2585 3387 2652 bonitatis,

1804 2660 2054 2733 benignis
2084 2680 2184 2719 nos
2240 2668 2698 2736 promissionibus
2744 2672 2948 2745 [quasi]
3002 2676 3193 2733 dextra
3236 2679 3388 2736 esci-

1804 2752 1977 2821 piens,
2008 2772 2027 2806 ι
2054 2757 2234 2821 petite,
2263 2776 2280 2810 ι
2305 2758 2552 2816 hortatus
2574 2772 2679 2827 est,
2706 2781 2729 2815 ι
2753 2774 2809 2821 et
2829 2766 3048 2823 dabitur
3065 2770 3243 2834 vobis,
3261 2774 3387 2842 pul-

1804 2852 1941 2906 sate,
1992 2853 2046 2899 et
2089 2848 2358 2915 aperietur
2382 2850 2461 2915 ⁸⁷,
2500 2872 2518 2904 ι
2554 2852 2657 2909 hac
2703 2856 3121 2916 annuntiatione
3176 2862 3377 2919 insubo

1806 2935 2077 2992 stantiatae
2120 2939 2363 2995 veritatis
2409 2943 2602 3000 couﬂsi
2646 2955 2698 3002 et
2739 2947 3083 3017 pulsavimus
3135 2962 3189 3007 et
3218 2955 3375 3023 petii-

1809 3040 1951 3089 mus,
1991 3042 2119 3081 num
2145 3044 2274 3083 vero
2295 3030 2478 3086 datum
2507 3042 2559 3088 et
2590 3047 2833 3105 apertum
2867 3040 2957 3106 sit,
2986 3041 3385 3101 demonstrabit

1807 3130 2007 3170 sermo.
2041 3117 2283 3175 Dicimus
2317 3136 2347 3174 a
2387 3122 2496 3177 Deo
2534 3126 2829 3193 plantatnm
2880 3146 3001 3187 esse
3042 3137 3380 3203 paradisum,

1807 3221 1913 3259 non
1954 3208 2124 3262 Adam
2178 3210 2303 3266 inde
2348 3216 2531 3269 statim
2562 3218 2845 3286 ejecturo;
2884 3238 2994 3278 non
3021 3226 3166 3279 enim
3193 3228 3382 3283 debuit

1806 3312 1904 3352 nec
1961 3301 2135 3367 potuit
2183 3317 2411 3372 scopum
2468 3309 2716 3363 manibus
2771 3311 3030 3383 efﬁngens
3085 3316 3260 3373 Adam
3326 3329 3382 3376 et

1805 3390 2113 3455 paradisum
2152 3393 2402 3462 plantans
2451 3408 2723 3455 extorrem
2770 3404 2951 3458 statim
3008 3406 3133 3462 inde
3176 3407 3378 3478 facere,

1802 3486 1856 3531 ct
1896 3494 1926 3532 a
1968 3480 2237 3538 destinata
2265 3486 2338 3540 illi
2368 3489 2521 3543 beata
2566 3494 2979 3552 conversatione
3012 3515 3026 3550 :
3056 3508 3114 3553 at
3141 3499 3230 3554 ille
3260 3501 3380 3572 lege

1801 3573 2050 3640 praecepti
2085 3574 2137 3627 in
2161 3575 2569 3636 destitutionem
2594 3583 2792 3651 soluta,
2816 3596 2870 3641 et
2906 3588 3173 3659 reliquam
3217 3595 3376 3650 volu-

1802 3669 1999 3727 ptatem
2032 3663 2085 3717 in
2136 3667 2411 3724 tristitiam
2438 3674 2707 3728 transtulit
2727 3685 2779 3730 et
2805 3692 2835 3730 e
2864 3681 3121 3748 paradiso
3149 3684 3375 3753 ejectio-

1800 3766 1923 3805 nem
1958 3752 2121 3809 simul
2144 3757 2465 3825 introduxit,
2494 3764 2622 3832 quia
2652 3765 2792 3821 sicut
2818 3780 3050 3825 mortem
3087 3752 3237 3830 Deus
3260 3793 3373 3832 non

1798 3840 1943 3907 fecit,
1979 3845 2072 3899 sed
2123 3845 2178 3901 in
2212 3849 2374 3903 arrha
2406 3850 2833 3910 immortalitatis
2871 3858 3148 3915 hominem
3182 3865 3367 3930 tinxit,

1797 3933 1878 3987 sic
1928 3948 2028 3988 nec
2059 3952 2090 3989 θ
2122 3951 2280 3993 sacro
2330 3939 2471 4006 loco,
2508 3956 2606 3997 nec
2639 3958 2705 3997 ex
2729 3944 2901 4001 beatis
2949 3948 3126 4018 ipsum
3156 3951 3370 4011 deliciis

1795 4024 2177 4079 exterminavit
2212 4042 2225 4078 :
2262 4028 2355 4083 sed
2388 4029 2501 4099 ipse
2530 4032 2762 4099 paradisi
2795 4035 3005 4102 primus
3043 4038 3201 4102 civis.
3235 4056 3369 4096 con-

1795 4111 1917 4166 silio
1947 4117 2238 4184 serpentis,
2285 4129 2555 4189 praecepto
2603 4125 2905 4192 anteposita
2934 4132 3367 4198 transgressione

1794 4202 1897 4256 sibi
1943 4214 2000 4258 et
2045 4216 2274 4263 mortem
2320 4219 2375 4264 et
2420 4209 2742 4281 ejcctionem
2792 4231 2822 4270 e
2872 4219 3126 4286 paradiso
3172 4236 3366 4292 opera-

1726 4321 1767 4374 D
1797 4301 1887 4351 tus
1914 4304 2020 4352 est.

1869 4555 2119 4612 Secundo
2152 4573 2328 4616 autem
2360 4579 2466 4617 non
2498 4567 2633 4621 solet
2679 4568 2919 4625 divinum
2954 4571 3212 4649 [Numen]
3261 4578 3361 4635 ho-

1791 4644 2001 4699 minum
2055 4648 2333 4719 despicere
2358 4654 2734 4724 negligentias,
2784 4659 2837 4714 in
2867 4676 2963 4717 eos
2988 4644 3359 4727 beneﬁcentia:

1791 4737 2009 4795 divitias
2039 4752 2091 4796 et
2138 4743 2278 4799 dona
2309 4745 2593 4815 inhibere;
2624 4766 2721 4806 nec
2755 4754 2969 4810 volebat
3001 4761 3357 4833 negligentia-

1788 4844 1909 4883 rum
1946 4847 2163 4891 sumere
2192 4852 2426 4905 poenam,
2454 4842 2693 4898 nondum
2724 4861 2860 4902 ausu
2907 4848 2961 4903 in
3004 4850 3203 4910 factum
3225 4872 3356 4927 pro—

1787 4938 1975 4992 gresso
2014 4944 2028 4978 :
2072 4928 2145 4983 ita
2176 4930 2323 4985 etab
2369 4932 2788 5003 incorporalium
2817 4940 3017 4999 virtute
3051 4956 3353 5016 apostatam

1789 5010 1962 5081 ipsius
2017 5018 2370 5085 providentiae
2417 5032 2470 5077 et
2506 5024 2767 5084 bonitatis
2801 5032 3004 5098 sciens,
3033 5010 3352 5110 et‘compli-

1786 5118 1903 5158 cem
1933 5106 2052 5175 ejus
2078 5113 2365 5179 apostasia:
2396 5126 2605 5185 partem
2631 5128 2811 5177 tamen
2845 5128 3071 5194 protulit
3098 5144 3164 5185 ex
3198 5106 3355 5188 boni-

1787 5200 1914 5255 tate,
1943 5203 1997 5249 et
2025 5207 2175 5251 creat
2203 5200 2419 5268 quidem
2445 5211 2506 5257 ut
2532 5204 2818 5265 luciferum
2844 5224 3169 5285 apostatam,
3200 5222 3352 5277 nullo

1784 5283 1947 5339 modo
1969 5300 2033 5341 eo
2060 5290 2205 5357 quod
2225 5291 2476 5363 deinceps
2502 5296 2557 5352 in
2587 5298 2782 5368 ingrati
2811 5305 2980 5360 animi
3014 5283 3175 5365 irruit
3198 5321 3348 5369 tene-

1783 5374 1953 5441 bras,
2007 5395 2183 5451 neque
2231 5386 2505 5444 creatione
2561 5393 2803 5461 privans,
2859 5412 3035 5468 neque
3087 5400 3342 5472 fulgore:

1779 5476 2081 5536 apostatam
2127 5484 2308 5530 autem
2354 5487 2409 5533 et
2454 5483 2611 5549 quasi
2666 5485 2845 5557 fulgur
2892 5492 3015 5545 caeli
3062 5494 3343 5554 cadentem

1779 5559 1988 5629 videns,
2044 5578 2261 5633 poenam
2307 5568 2515 5629 dimisit
2565 5576 2793 5647 irrogari
2851 5583 3179 5641 extollentia
3226 5606 3241 5644 :
3278 5605 3342 5647 ea

1777 5649 2049 5714 Creatoris
2091 5657 2235 5715 circa
2286 5671 2565 5723 creaturas
2610 5673 2913 5729 meonomia
2956 5682 3012 5731 et
3057 5675 3338 5738 discretio.
