4186 6444
1891 436 2159 499 ΡΗΟἸἸΙ
2189 433 2699 498 PATRIARCHB
2723 433 2834 497 ΕΡ.

3885 423 3993 490 τοι

725 541 853 598 ideo
883 540 986 596 etsi
1017 547 1345 613 peccaturus
1379 548 1501 596 erat
1544 541 1718 597 Adam
1747 551 1798 598 et
1824 544 2181 613 expellendus
2212 560 2311 615 pa.

2429 543 2750 616 πράττεσθαι
2784 541 2885 612 τῆς
2915 541 3223 613 ἱπάρσεως·
3260 539 3488 609 τοιαύτη
3519 535 3616 590 τοῦ
3644 533 3994 606 Δημιουργοῦ

726 630 934 696 radiso,
967 632 1333 689 nibilominus
1358 632 1592 688 decebat
1612 633 1893 691 Creatoris
1920 637 2221 691 bonitatem
2252 645 2308 691 et

728 721 996 778 rationale
1023 723 1228 776 animal
1277 723 1616 779 constituere
1649 725 1948 791 hominem,
1997 735 2055 780 et
2094 727 2311 795 paradi-

727 827 850 868 sum
886 814 943 868 in
969 827 1082 882 quo
1111 828 1446 868 conversam
1469 813 1661 870 beatus
1676 825 1819 881 erat,
1845 824 1900 869 at
1920 832 2027 870 non
2057 817 2314 886 pulcher-

729 903 929 958 rimum
954 913 1298 960 terrenorum
1332 919 1560 974 operum
1603 907 1852 962 inhibere
1878 917 2100 978 propter
2131 909 2306 964 Adam

731 993 1250 1062 transgressionem,
1283 1001 1340 1046 et
1401 994 1862 1064 transgressionis
1900 995 2197 1053 ellectum:
2232 1007 2315 1052 et-

728 1082 873 1138 eaim
923 1098 1141 1154 semper
1167 1082 1413 1138 divinum
1453 1083 1737 1157 [Numen|,
1783 1087 1931 1158 quod
1961 1089 2134 1159 ipsius
2159 1088 2313 1162 [est],

729 1173 862 1229 facit
919 1176 1231 1245 perenniter
1281 1163 1551 1232 scaturire
1601 1176 1806 1234 iluenta
1864 1179 2212 1250 indulgentiae
2261 1191 2318 1236 et

733 1265 992 1321 bonitatis
1020 1307 1035 1331 ,
1098 1270 1307 1335 peccati
1369 1283 1500 1323 vero
1561 1271 1790 1326 audacis
1859 1272 2156 1327 vindictam
2221 1273 2320 1328 ad-

732 1357 883 1412 ducit
928 1375 944 1412 :
995 1359 1358 1416 insanabilem
1399 1376 1432 1417 a
1475 1362 1679 1420 delicto
1732 1366 1949 1436 plagam
1992 1376 2050 1422 et
2091 1367 2316 1423 vulnera

736 1461 959 1501 manere
997 1459 1052 1503 et
1087 1448 1367 1504 hominem
1411 1465 1522 1505 non
1564 1452 1753 1508 sinens
1793 1455 2010 1509 absumi
2043 1471 2058 1508 :
2089 1465 2146 1510 et
2169 1472 2318 1511 nunc

733 1538 966 1607 pravisa
1025 1551 1111 1593 est
1149 1539 1371 1611 quidem
1413 1544 1798 1613 transgressio,
1849 1545 2079 1614 pravisa
2131 1555 2217 1602 est
2263 1556 2320 1602 et

734 1628 931 1697 eiectio
965 1645 979 1680 :
1008 1629 1440 1697 pulcherrimum
1481 1646 1613 1687 vero
1655 1643 1996 1690 terrenorum
2023 1637 2316 1702 artiﬁcium

733 1733 960 1788 operum
1025 1719 1312 1789 paradisus
1365 1721 1435 1776 ad
1483 1722 1955 1778 insubsisteutiam
2007 1741 2105 1795 per
2147 1726 2318 1782 Adam

738 1823 850 1864 non
893 1809 1187 1865 remissum
1219 1819 1304 1866 est
1331 1829 1346 1864 :
1373 1811 1579 1867 idcirco
1612 1822 1668 1866 et
1703 1814 1960 1883 producit
1985 1815 2128 1872 hunc
2153 1815 2319 1882 Deus,

2410 637 2446 705 ή
2476 634 2702 705 περὶᾼτά
2728 633 3190 704 δημιουργήματα
3231 632 3516 700 οἰκονομία
3567 632 3662 683 καὶ
3699 633 3993 697 διάκρισις.

2409 698 2504 778 se
2533 698 2636 778 ἄν
2666 698 2896 794 nuit"
2927 698 3170 792 suae
3218 698 3556 792 ἁμαρτάνειν
3599 721 3701 776 ιιι
3741 722 4001 773 taceam-

2415 820 2540 872 σθαι
2569 817 2666 872 τοῦ
2695 816 3047 887 παραδείσου,
3076 816 3234 868 οὐδὲν
3255 811 3420 887 ἦττον
3449 814 3732 882 ἱπρεπετῇ
3762 812 3860 864 τοῦ
3894 816 4003 881 Δη-

2415 909 2678 982 μιουργοῦ
2706 907 3007 977 ἀγαθότητι
3030 907 3126 959 καὶ
3146 905 3367 973 λογικὸν
3400 904 3539 968 ζῶον
3570 903 3884 972 ὑποστῆσαι
3907 903 4001 953 τὸν

2413 1001 2722 1073 ἀνθρωων,
2752 1001 2848 1053 καὶ
2860 998 2954 1053 τδν
2970 997 3299 1070 παράδεισον
3325 998 3386 1050 έν
3466 994 3832 1063 διαιτώμενος
3864 995 4004 1061 ἐμα-

2415 1091 2693 1164 κάριζετο,
2724 1090 2864 1146 ἀλλά
2886 1089 2963 1162 μὴ
2990 1090 3051 1142 τὸ
3076 1089 3364 1144 κάλλιστον
3384 1087 3497 1139 τῶν
3529 1088 3791 1154 ἐπιγείων
3820 1085 4009 1154 ἔργων

2416 1184 2660 1252 ἐπισχεῖν
2677 1181 2768 1236 διὰ
2786 1182 2885 1252 τὴν
2913 1181 3007 1234 τοῦ
3043 1180 3216 1250 ’Δδὰμ
3237 1178 3622 1250 παράϐασξντε
3649 1179 3747 1230 καὶ
3772 1180 3880 1248 τῆς
3902 1193 4010 1228 u-

2419 1276 2704 1348 ραὸάσεως
2733 1276 3040 1347 εἴσπραξιν
3071 1275 3167 1328 καὶ
3190 1273 3301 1342 γάρ
3335 1275 3426 1326 ἀεὶ
3447 1271 3510 1324 τδ
3537 1271 3695 1324 Θείον
3716 1271 3780 1322 τὸ
3809 1268 4011 1321 ἑαυτοῦ

2419 1369 2565 1420 ποιεῖ
2591 1367 2832 1430 ἀεννάως
2859 1366 2960 1436 μὲν
2982 1365 3169 1437 βρύειν
3191 1364 3263 1418 τά
3282 1365 3496 1434 νάματα
3518 1361 3616 1432 τῆς
3641 1360 4015 1433 χρηστότητος

2420 1459 2516 1513 καὶ
2539 1459 2640 1528 τῆς
2654 1457 3012 1526 ἀγαοότητος.
3034 1459 3131 1528 τῆς
3151 1455 3512 1526 ἁμαρτιαςδὲ
3528 1452 3896 1522 τολμωμένοις
3914 1450 4016 1519 τὴν

2417 1547 2690 1620 τιμωρίαν
2703 1548 2922 1614 ιτιεάγει⁸
2943 1547 3160 1600 ἀνίατον
3169 1545 3268 1616 τὴν
3287 1545 3398 1598 ἀπὸ
3419 1544 3515 1598 τού
3537 1545 3645 1613 πλη
3653 1542 3838 1613 μειελή
3845 1557 4016 1611 ματος

2420 1642 2637 1712 πληγὴν
2669 1642 2765 1694 καὶ
2791 1641 2860 1693 τα
2885 1639 3180 1710 τραύματα
3225 1636 3502 1706 διαμένειν
3529 1636 3625 1688 καὶ
3671 1634 3766 1686 τὸν
3795 1631 4014 1700 ἀνθρω-

2421 1745 2524 1784 πον
2553 1731 2655 1782 οὐκ
2687 1730 3016 1799 ἀνεχόμενον
3073 1724 3501 1795 κατανέμεσθαιο
3542 1726 3640 1777 καί
3670 1723 3768 1776 νύν
3793 1739 4018 1792 apocu-

2427 1820 2561 1892 ρᾶτο
2592 1821 2690 1890 μὲν
2720 1820 2754 1888 ή
2801 1817 3137 1889 παράϐασις,
3185 1813 3590 1885 προιωρᾶτοδὲ
3614 1815 3648 1883 ή
3688 1811 3924 1881 ἐκϐολήο
3954 1813 4017 1862 τὸ

736 1910 792 1954 et
831 1897 1004 1954 Adam
1035 1901 1090 1954 in
1134 1901 1435 1970 jucundam
1465 1904 1707 1960 restituit
1744 1915 1974 1966 sortem.
2016 1915 2323 1978 transgres-

2429 1908 2480 1962 δὲ
2522 1907 2806 1961 κάλλιστον
2861 1907 2973 1961 τῶν
3028 1904 3289 1974 επιγιίων
3337 1903 3709 1974 φιλοτέχνημα
3753 1901 3941 1972 ἔργων
3992 1900 4021 1952 ἀ

737 2003 860 2046 sum
926 2006 1056 2048 vero
1108 2008 1332 2050 manere
1381 1993 1563 2051 adhuc
1609 2005 1667 2051 et
1714 1997 1926 2054 deliciis
1972 1998 2076 2053 frui
2122 2001 2324 2069 quibus

740 2081 940 2137 frnitus
985 2091 1136 2140 esset
1171 2085 1344 2155 legem
1391 2101 1640 2150 servans.
1677 2088 1910 2157 justiti:
1935 2106 2043 2145 non
2075 2093 2326 2161 permisit

738 2175 1100 2244 ineorruptio.
1155 2175 1341 2232 Tertio
1369 2191 1498 2231 vero
1539 2179 1643 2234 etsi
1679 2180 2010 2249 plasmatum
2059 2183 2234 2237 Adam
2266 2182 2322 2237 in

739 2265 996 2336 paradiso
1016 2268 1238 2333 locavit,
1261 2282 1372 2324 non
1393 2277 1576 2325 tamen
1596 2270 1745 2326 hunc
1763 2271 1988 2342 quidem
2012 2273 2194 2328 solum
2218 2274 2326 2329 tale

739 2372 804 2412 ac
836 2365 1045 2413 tantum
1078 2359 1272 2415 statuit
1298 2360 1620 2426 artiﬁcium,
1662 2378 1761 2433 per
1807 2379 2002 2420 omnes
2031 2379 2162 2421 vero
2189 2365 2327 2421 nihil

739 2449 942 2514 minus,
981 2449 1030 2506 si
1063 2463 1175 2504 non
1206 2459 1262 2506 et
1306 2453 1486 2522 magis
1522 2453 1620 2522 qui
1662 2469 1730 2509 ex
1757 2455 1934 2509 Adam
1959 2494 1977 2521 ,
2012 2456 2328 2526 quicunque

740 2550 1196 2611 supervenustutn
1225 2550 1284 2597 et
1331 2544 1647 2614 speciosum
1691 2545 2012 2616 ﬁgmentum
2052 2545 2227 2602 Adam
2272 2557 2330 2602 et

739 2633 941 2688 divina
967 2632 1226 2702 imaginis
1257 2633 1642 2690 intemeratum
1671 2649 1728 2692 et
1755 2637 2054 2692 indeletum
2085 2635 2325 2709 [typum]

739 2733 1098 2780 servaverunt
1130 2741 1146 2777 :
1177 2725 1458 2794 quomodo
1477 2740 1612 2796 ergo
1639 2737 1764 2781 erat
1793 2727 2020 2793 bonum,
2047 2727 2328 2796 quomodo

742 2814 965 2884 sapiens
1001 2824 1223 2885 propter
1249 2831 1422 2870 unum
1454 2824 1887 2888 transgressum,
1917 2828 1973 2873 et
1999 2827 2115 2872 tum
2149 2833 2330 2888 neque

745 2903 923 2973 ipsum
948 2907 1183 2974 posteris
1213 2907 1555 2976 temporibus
1581 2913 1862 2964 communi
1891 2909 2161 2980 privatum
2193 2909 2331 2964 frui-

745 2993 937 3061 tione,
1005 3003 1214 3050 tantam
1282 2994 1692 3053 multitudinem
1753 3000 1971 3069 privare
2031 2999 2327 3069 paradiso.

742 3095 998 3142 sanctum
1047 3087 1200 3142 illum
1247 3087 1434 3143 locum
1480 3103 1591 3144 non
1641 3099 1917 3146 creantem
1973 3105 2153 3161 neque
2197 3088 2327 3162 [illi]

742 3174 1124 3244 praesidentem
1137 3177 1162 3230 τ

2427 1999 2756 2070 παράδεισος
2801 1998 2940 2069 πρὸς
2986 1995 3332 2066 ἀνυπαρξίαν
3356 1994 3446 2048 διά
3471 1995 3565 2047 τὸν
3594 1992 3768 2062 ’Δδάμ
3790 1993 3898 2045 οὐκ
3922 1991 4021 2044 ἀν-

2425 2088 2728 2142 εστέλλετο·
2776 2088 2859 2140 διδ
2888 2087 2986 2142 καὶ
3037 2086 3271 2156 προάγει
3291 2084 3482 2138 τοῦτον
3528 2083 3560 2136 δ
3606 2082 3763 2147 Θεὸς,
3794 2081 3897 2136 καὶ
3930 2082 4023 2133 τὸν

2437 2180 2610 2250 Ἀδάμ
2647 2182 2728 2243 τίς
2769 2179 3009 2249 τερπνὴν
3035 2175 3443 2246 ἀποκαθίστησι
3493 2173 3730 2239 δίαιταν,
3765 2171 4019 2242 παραϐε-

2427 2265 2636 2342 ϐηκότα
2659 2271 2718 2324 δι
2751 2272 2938 2341 μένειν
2965 2270 3048 2323 ιτι
3085 2270 3182 2323 καὶ
3227 2270 3438 2340 τρυφῆς
3467 2265 3767 2322 ἀπολαύειν
3801 2258 3876 2335 ἧς
3911 2265 4022 2318 ἀπα

2428 2363 2628 2434 ήλαυεν
2668 2361 2735 2416 ἂν
2804 2359 3224 2432 νομοφυλακῶν,
3259 2358 3363 2428 τῆς
3392 2356 3738 2426 δικαιοσύνης
3777 2358 3885 2409 ούκ
3921 2356 4023 2407 tt:-

2428 2456 2628 2526 ἐτρεπε
2651 2453 2716 2508 τὺ
2731 2453 3048 2508 ἀδέκαστον.
3069 2451 3265 2521 τρίτον
3291 2450 3350 2504 δι
3371 2452 3421 2502 εί
3447 2452 3547 2503 καὶ
3566 2448 4026 2518 πλαστουργήσας

2427 2549 2519 2600 τὸν
2560 2545 2733 2616 ’Λδάμ
2760 2545 2839 2615 τῷ
2875 2545 3188 2616 παραδείσῳ
3213 2541 3545 2611 κατῴκισεν,
3582 2539 3712 2594 ἀλλ’
3744 2539 3858 2591 ούδ⁹
3879 2537 4026 2590 Exsi-

2430 2655 2519 2690 νον
2581 2635 2682 2706 μιν
2717 2636 2877 2706 μόνον
2906 2633 2968 2688 τὸ
3009 2631 3252 2687 τοιοῦτον
3280 2633 3377 2685 καὶ
3417 2628 3738 2700 τηλικοῦτον
3780 2628 4026 2697 ὑπεστή-

2433 2744 2566 2781 σατο
2603 2726 2994 2797 φιλοτέχνημα,
3029 2725 3119 2779 διά
3150 2725 3357 2787 πάντας
3407 2724 3466 2778 δι
3503 2721 3626 2776 οὐδὶ
3677 2721 3927 2783 ἔλαττον,
3974 2719 4025 2770 ει

2435 2819 2511 2889 μὴ
2555 2818 2652 2870 καὶ
2678 2817 2880 2887 μᾶλλον
2931 2818 3057 2878 τοὺς
3087 2815 3150 2879 ἐξ
3185 2815 3378 2883 Ἀδάμ,
3410 2814 3524 2867 ὅσοι
3552 2812 3653 2884 τὴν
3702 2809 4027 2882 ύπερκαλλῆ

2431 2911 2528 2963 καὶ
2545 2910 2756 2978 ὡραίαν
2775 2907 3064 2962 διάπλασιν
3085 2905 3180 2960 τοῦ
3205 2905 3380 2975 ’Δδάμ
3397 2906 3494 2958 καὶ
3515 2905 3616 2974 τῆς
3641 2903 3793 2967 θείας
3812 2903 4027 2964 εἰκόνος

2430 2999 2494 3052 τὸ
2543 2998 2870 3070 ἀνύδριστόν
2897 3013 2958 3050 τε
3011 2999 3107 3050 καὶ
3149 2997 3616 3068 ἀπαραχέρακτον
3639 2995 3995 3048 διεσώσαντοο

2431 3088 2538 3143 ποῦ
2579 3089 2758 3142 τοίνυν
2780 3084 2852 3160 ἦν
2878 3089 3044 3143 καλόν
3072 3106 3090 3156 ;
3119 3088 3225 3141 ποῦ
3249 3087 3306 3141 δδ
3351 3086 3516 3155 σοφὸν
3534 3085 3606 3141 δι’
3652 3085 3751 3138 ενα
3775 3083 4027 3155 παραϐε-

2431 3180 2665 3252 ϐηκότα,
2699 3180 2798 3234 καὶ
2843 3181 2967 3234 τότε
3005 3180 3142 3251 μηδ’
3191 3179 3356 3234 αὑτὸν
3403 3178 3650 3249 ὑστέροις
3671 3175 3888 3247 χρόνοις
3921 3175 4022 3244 τῆς

743 3273 934 3345 κοινῆς
950 3272 1426 3346 ἀποστερούμενον
1448 3275 1826 3339 ἀπολαύσεως,
1843 3276 2100 3330 τοσοῦτον
2129 3273 2334 3346 πλῆθος
2397 3276 2725 3347 ἀποστερεῖν
2761 3273 2858 3329 τοῦ
2923 3273 3274 3346 παραδείσου,
3323 3275 3388 3328 τὸ
3423 3273 3570 3346 ίερδν
3593 3275 3770 3327 έκεῖνο
3820 3271 4024 3343 χωρίον

747 3368 828 3440 μὴ
851 3367 1291 3441 δημιουργοῢπα
1314 3369 1454 3439 turrit
1480 3369 1830 3441 προάγοντας

816 3464 899 3518 Ad
932 3467 1048 3520 hac
1079 3473 1263 3519 autem
1289 3479 1466 3533 neque
1496 3465 1640 3520 istud
1669 3466 2030 3522 omittendum
2069 3483 2086 3521 :
2115 3474 2325 3537 oporle«

2510 3463 2655 3536 ῐιρδς
2685 3463 2896 3526 τούτοις
2923 3461 2981 3515 δι
3027 3461 3165 3533 μηδὲ
3215 3461 3375 3515 τοῦτο
3412 3461 3742 3532 παροπτέον⁶
3769 3460 3882 3514 εδει
3928 3461 4025 3514 τὸν

748 3557 844 3612 bat
875 3555 1051 3608 Adam
1079 3553 1321 3609 actionis
1342 3553 1636 3622 cujusdam
1667 3564 1722 3609 et
1749 3555 2084 3624 operationis
2137 3565 2331 3627 proto-

749 3649 963 3719 piasten
1012 3661 1124 3701 non
1157 3646 1359 3717 injuria
1410 3645 1696 3702 allicientis
1743 3661 1935 3702 curam
1985 3647 2209 3711 habere.
2258 3662 2330 3703 ne

750 3740 966 3808 pigrum
985 3735 1194 3791 foretet
1223 3735 1597 3806 inintelligens
1617 3738 1887 3792 rationale
1913 3739 2119 3793 animal
2142 3739 2331 3792 homo.

752 3829 907 3884 lianc
937 3837 1121 3884 autem
1163 3828 1298 3882 bene
1342 3828 1669 3898 dirigentem
1707 3843 1947 3884 coronas
1987 3840 2043 3885 et
2077 3830 2334 3900 gloriam,

753 3921 1114 3992 negligentem
1143 3933 1276 3975 vero
1303 3933 1523 3990 pmnam
1555 3927 1613 3975 et
1635 3920 1990 3992 ignominiam
2017 3923 2279 3992 consequi
2317 3940 2333 3977 :

754 4012 1082 4068 inclinatum
1113 4019 1300 4067 autem
1339 4011 1408 4066 ad
1442 4011 1616 4067 levius
1640 4027 1801 4082 poma
1842 4021 2031 4068 secuta
2061 4022 2149 4068 est
2177 4027 2193 4064 :
2224 4029 2338 4069 non

754 4103 922 4175 igitur
970 4102 1194 4158 eosdem
1249 4101 1377 4172 quis
1422 4100 1696 4171 proferret
1739 4116 2045 4170 sermones,
2092 4117 2235 4173 quos
2284 4111 2341 4158 et

753 4197 824 4252 de
864 4197 1123 4267 paradiso
1144 4205 1200 4250 et
1223 4197 1290 4250 de
1318 4195 1589 4265 ejectione
1617 4215 1630 4250 :
1666 4205 1723 4251 et
1756 4197 1917 4265 cujus
1946 4197 2120 4266 gratia
2155 4197 2338 4266 inqui-

753 4297 841 4344 ret
865 4297 920 4343 et
942 4287 1202 4358 litigabit,
1241 4301 1459 4341 coronae
1490 4287 1866 4356 plectebantur
1890 4296 1946 4342 et
1975 4287 2339 4357 parabantur:

753 4378 800 4434 si
837 4393 967 4434 vero
1005 4381 1108 4433 lioc
1151 4377 1394 4433 nondum
1429 4378 1740 4446 paradisus,
1786 4386 1841 4432 et
1882 4378 2055 4432 Adam
2082 4380 2344 4434 et’ester-

754 4471 985 4525 minium
1031 4471 1296 4525 rationem
1347 4469 1603 4540 exigitur.
1651 4468 1757 4525 Sed
1805 4470 1873 4525 de
1917 4472 2174 4527 omnibus
2204 4489 2344 4542 quo-

757 4576 880 4616 rum
921 4569 1243 4629 proventum
1293 4561 1529 4631 benigna
1561 4571 1614 4616 et
1643 4563 1879 4618 creatrix
1909 4563 2124 4619 bonitas
2157 4565 2346 4633 elegis-

2444 3559 2618 3630 Ἀδὰμ
2644 3557 2905 3629 πράξεώς
2941 3573 3087 3621 τινος
3112 3557 3211 3611 καὶ
3237 3557 3518 3628 ἐνεργείας
3569 3555 3661 3611 τδν
3686 3557 4023 3626 «metu-

2433 3665 2558 3702 στον
2598 3649 2700 3718 ούχ
2755 3647 3084 3718 ύσριζούσης
3134 3646 3455 3715 ἀπιμέλειαν
3496 3645 3774 3716 ἔχειν,ίνα
3819 3645 3898 3717 μὴ
3928 3648 4028 3716 ἀρ-

2431 3739 2528 3807 γὸν
2577 3739 2662 3809 είη
2700 3739 2797 3792 καὶ
2823 3737 3140 3808 ἀδιανόητον
3167 3736 3230 3789 τὸ
3261 3736 3478 3804 λογικὸν
3495 3735 3634 3801 ζῶον
3657 3739 3686 3789 ὁ
3707 3735 4026 3806 ἄνθρωπος.

2435 3831 2652 3901 Ταύτην
2682 3830 2740 3884 at
2765 3829 3116 3901 κατορθοῦντι
3151 3819 3450 3896 στεφάνους
3482 3829 3579 3883 καὶ
3621 3827 3804 3894 δόξαν,
3851 3845 4028 3880 κατα-

2440 3919 2696 3992 μελούντι
2723 3919 2782 3972 δὲ
2811 3919 3084 3989 τιμωρίαν
3112 3917 3210 3972 καὶ
3239 3916 3458 3983 ἀδοξίαν
3493 3916 3750 3971 ῐπεσθαιο
3779 3917 4029 3988 ῥέψαντα

2439 4013 2497 4065 δδ
2533 4011 2671 4082 πρὸς
2722 4009 2784 4064 τὸ
2817 4010 3015 4080 ῥᾷστον
3043 4011 3078 4080 ή
3122 4008 3346 4071 κόλασις
3382 4007 3772 4078 ἠκολούθησεν·
3824 4006 4028 4066 οὐκοῦν

2439 4107 2569 4169 τοὺς
2611 4105 2812 4168 αὐτοὺς
2867 4104 2936 4159 ἄν
2998 4121 3085 4167 τις
3113 4103 3475 4175 προσάλλσιτο
3515 4103 3728 4173 λόγως,
3783 4101 3882 4167 οὓς
3934 4103 4030 4156 καὶ

2440 4196 2691 4267 περὶτοῦ
2721 4195 3051 4266 παραδείσου
3077 4197 3176 4249 καὶ
3207 4195 3341 4265 rupi.
3375 4195 3474 4266 τῆς
3501 4195 3754 4263 διισολῆς⁸
3794 4195 3895 4248 καὶ
3944 4196 4028 4248 τί·

2442 4306 2535 4352 νος
2561 4288 2721 4358 χάριν
2765 4285 3088 4357 ἐπιζητήσει
3129 4286 3225 4340 καὶ
3252 4285 3661 4358 ζυγομαχήσει,
3688 4286 3740 4339 οί
3767 4287 4030 4356 στέφανοι

2443 4381 2734 4445 ἐπλέκοντό
2767 4397 2826 4434 τε
2858 4381 2953 4434 καὶ
2979 4379 3392 4450 ηὐτρεπίζοντοο
3422 4382 3472 4432 εί
3521 4379 3580 4432 δὲ
3609 4377 3767 4432 τοῦτο
3817 4380 3921 4432 ούκ
3947 4379 4029 4432 ἔτι

2445 4473 2798 4543 παράδεισος,
2842 4472 2940 4524 καὶ
2979 4472 3152 4542 ’Δδάμ
3199 4471 3295 4524 καὶ
3338 4471 3604 4542 ύπερορία
3639 4469 4028 4539 λογοθετείται.

2457 4563 2617 4617 Ἀλλά
2673 4565 2814 4616 κατά
2877 4562 3079 4624 παντὸς
3134 4554 3307 4632 οὗπερ
3327 4559 3395 4615 ἀν
3449 4561 3552 4632 τήν
3601 4561 3937 4632 προαγωγὴν
3993 4563 4028 4630 ή

756 4663 842 4708 set
868 4653 1210 4723 promittere,
1231 4653 1448 4718 iisdem,
1466 4654 1570 4708 etsi
1593 4669 1702 4709 non
1730 4654 2005 4711 fateantur
2016 4657 2110 4726 qui
2128 4656 2325 4712 iliorun

2446 4655 2830 4726 φιλάνθρωπος
2867 4655 2962 4708 καὶ
3010 4651 3384 4724 δημιουργική
3420 4653 3695 4723 ἀγαθός-ης
3745 4653 4031 4722 προείλετο

755 4745 1022 4799 rationem
1053 4745 1299 4813 exigunt,
1336 4744 1677 4814 subjicerent
1731 4747 2129 4814 quaestionibus
2172 4747 2325 4802 (ἔτεος

2447 4747 2881 4817 ὑποστήσασθαι,
2935 4748 3057 4809 ταῖς
3110 4746 3300 4807 αὐταῖς
3329 4743 3436 4798 κάν
3468 4745 3546 4816 μή
3601 4743 3943 4815 ὁμολογῶσιν
3981 4743 4030 4796 oi

756 4838 898 4891 toris
931 4852 1043 4892 non
1071 4837 1317 4891 contenti
1349 4813 1641 4907 sapientia.
1687 4813 1955 4907 Inspicere
1997 4847 2179 4892 autem
2215 4839 2325 4893 licel

2446 4840 2628 4892 ἐκεῖνα
2645 4813 2656 4817 ν
2677 4836 3088 4906 λογοοετοῦντες
3109 4877 3127 4903 ,
3183 4813 3485 4890 ὑπέϐαλλον
3533 4813 3613 4890 ⁷ἀν
3639 4813 4034 4906 πολυπραγμιι

752 4937 810 4984 et
831 4926 976 4984 istud
1005 4945 1019 4982 :
1049 4925 1300 4994 Quanam
1322 4937 1471 4984 certe
1491 4928 1661 4983 Adam
1692 4931 2044 5000 cognovisset
2075 4941 2196 5000 post
2218 4946 2325 5000 pce

2451 4930 2639 4994 σύναις
2685 4931 2752 5000 τῇ
2781 4929 2876 4981 τού
2921 4929 3432 4998 δημιουργήσαντος
3463 4928 3539 4998 μὴ
3575 4930 4031 4998 συναρεσκόμινοι

752 5029 942 5075 catum
992 5034 1159 5076 sensu
1206 5019 1446 5075 discreta
1490 5019 1751 5077 fruitioue
1794 5037 1854 5077 se
1902 5023 2194 5092 privatum,
2227 5040 2325 5078 non

2447 5025 2634 5093 σοφίαι
2672 5021 3019 5074 Ἐπισκοπεῐν
3038 5021 3288 5086 δ’ἱξεστι
3320 5021 3414 5074 καὶ
3447 5018 3624 5073 τοῦτο.
3649 5018 3806 5081 Τίνος
3828 5020 3938 5087 γάρ
3969 5019 4034 5070 av

753 5112 994 5184 paradisi
1023 5112 1443 5168 conversatione
1484 5115 1720 5169 extorris
1760 5113 1976 5169 factus?
2024 5114 2127 5170 hac
2153 5125 2325 5170 autem

2444 5114 2474 5167 ὁ
2519 5113 2692 5183 Ἀδὰμ
2720 5111 2862 5180 ιγνω
2891 5111 3028 5182 μετά
3055 5111 3154 5181 τὴν
3179 5111 3458 5181 ἁμαρτίαν
3484 5109 3738 5180 αίσθήσει
3772 5109 4031 5179 κρινομέ-

754 5202 1033 5273 agnitione
1099 5203 1444 5268 destitutum,
1518 5204 1795 5273 quomodo
1850 5221 1975 5260 eum
2041 5209 2322 5262 tenuissen

2450 5223 2548 5277 νης
2584 5203 2956 5266 ἀπολαύσεως.
2989 5203 3375 5273 ἐστερημένος,
3406 5201 3482 5273 μὴ
3518 5201 3616 5268 τῆς
3650 5199 3745 5254 τοῦ
3778 5199 4032 5271 παραδείο

757 5309 1026 5352 maerores
1056 5309 1121 5350 ac
1152 5295 1410 5350 dolores?
1446 5296 1591 5350 nulla
1647 5305 1827 5351 autem
1866 5309 2118 5367 tangente
2147 5307 2202 5354 et
2227 5314 2325 5369 pre

2452 5315 2546 5351 σου
2603 5296 2881 5365 διαγωγῆς
2939 5296 3230 5367 ὑπερόριος
3279 5293 3644 5364 γεγενημένος
3673 5309 3690 5359 ;
3719 5291 3928 5360 ταύτην
3977 5290 4033 5342 δὲ

757 5398 940 5443 mente
969 5403 1158 5444 earnm
1185 5403 1370 5443 rerum
1401 5405 1523 5458 (ιιιαι
1547 5391 1866 5445 incestitiam
1892 5391 2147 5458 ail’erunt,
2176 5393 2325 5447 unde

2451 5390 2552 5459 τὴν
2588 5391 2886 5458 ἐπίγνωσιν
2917 5389 3306 5458 ἐστερημένος,
3335 5387 3453 5450 πῶς
3483 5386 3551 5440 ἂν
3584 5384 3750 5438 αὐτὸν
3775 5382 4034 5452 συνέσχον

757 5495 884 5534 nam
935 5480 1280 5549 cognovisset
1329 5481 1756 5549 magnitudinem
1799 5483 2026 5536 delicti?
2069 5486 2325 5554 quomodt

2448 5477 2618 5531 λύπαι
2650 5479 2745 5532 καὶ
2774 5477 2997 5543 ὀδύναις
3032 5477 3261 5547 μηδενὸς
3317 5476 3376 5529 δὲ
3404 5475 3731 5545 πλήττοντος
3778 5474 3878 5526 καὶ
3911 5489 4035 5525 συν⁹

759 5587 890 5627 vero
926 5573 1198 5642 paenitens
1238 5572 1418 5627 lactus
1455 5581 1600 5628 esset
1635 5582 1690 5628 ct
1737 5576 1979 5630 divinam
2015 5576 2325 5632 benevolen-

2447 5569 2720 5633 01160veo;
2749 5570 2858 5623 τῶν
2887 5568 3376 5641 παραλυπούντων,
3425 5565 3590 5620 πόθεν
3637 5567 3704 5620 ἀν
3733 5564 3950 5634 ἀπέγνω
3975 5562 4033 5614 τὸ

759 5665 888 5720 tiam
946 5669 1269 5733 deprecatus
1321 5676 1491 5729 esset,
1545 5678 1604 5721 ut
1639 5684 1705 5721 ne
1746 5669 1899 5724 venia
1934 5677 1986 5725 et
2025 5671 2325 5726 remissioni

2452 5661 2680 5730 μέγεθος
2712 5661 2804 5713 τοῦ
2837 5659 3248 5730 ἁμαρτηθέντος
3271 5677 3286 5724 ;
3308 5659 3424 5720 πῶς
3452 5659 3497 5712 δ’
3526 5657 3593 5711 ἂν
3616 5657 3716 5726 τῆς
3749 5654 4032 5726 μετανοίας

760 5755 986 5808 omnino
1018 5764 1070 5809 et
1098 5755 1150 5809 in
1182 5772 1356 5810 mvunt
1383 5757 1812 5814 destitueretur?

2449 5754 2685 5820 ἐγένετο,
2725 5755 2817 5806 καὶ
2843 5754 2941 5822 τὴν
2993 5752 3144 5806 Θείαν
3169 5752 3457 5820 εὐμένειαν
3497 5748 3871 5818 ἐδυσώπησεν.
3895 5747 4032 5798 ὥστε

2453 5845 2528 5914 μὴ
2548 5847 2645 5914 τῆς
2682 5845 3013 5913 συγγνώμης
3043 5843 3193 5912 αύτῷ
3219 5845 3313 5896 καὶ
3339 5843 3439 5909 τῆς
3460 5842 3707 5910 ἀφέσεως
3721 5841 3873 5904 είςτδ
3898 5855 4031 5890 παν-

2449 5936 2600 6000 τελὲς
2635 5935 2728 5989 καὶ
2750 5935 2815 5989 δι’
2845 5934 3041 5990 αίῦνος
3089 5931 3527 6005 ἀποστερηθῆναι
3553 5951 3570 5998 ;
