4186 6444
692 439 795 502 387
1652 492 1654 494 ,
1850 429 2111 492 ΡΙΙΟΤΙΙ
2138 429 2280 490 ΡΑΤ

2384 422 2644 490 ΑΒΟΗΑΞ
2685 422 2794 490 CP.
3851 434 3959 500 333

690 551 1032 607 vastantibus
1057 549 1234 620 pinnis
1262 561 1386 618 qua:
1412 545 1727 603 destruendi
1758 545 2063 616 subjectum
2093 545 2272 616 impo-

2384 549 2482 608 τοίς
2513 545 2742 617 ἄνθραξι
2764 547 2877 609 τοῖς
2899 545 3216 618 ἑρημικοτς,
3253 566 3273 600 ι
3315 546 3562 604 τουτίστι
3595 551 3716 615 ταῖς
3763 553 3964 621 ἀφανι-

691 653 895 702 tentent
926 645 1125 701 habent
1158 642 1266 696 vim
1303 659 1315 694 :
1351 650 1406 695 et
1438 640 1491 694 in
1522 641 1648 694 aliis
1680 641 1869 694 multis
1910 650 1995 694 est
2024 640 2267 708 reperire

2384 637 2576 698 ιτικαῖς
2607 651 2668 687 τε
2721 634 2820 687 καὶ
2869 636 3225 705 ⁴ἐρημοποιοῖς
3270 637 3583 709 τιμωρίαις,
3630 638 3688 692 αἶ
3753 658 3960 695 καταν-

690 738 915 797 ultrices
942 735 1170 790 virtutes
1199 742 1419 789 vocatas
1450 733 1738 789 carbones.
1763 730 1924 785 Juxta
1961 731 2264 787 secundum

2384 724 2614 778 ιλίσκειν
2645 725 2738 780 τὸν
2786 725 3087 780 ὑπεύθυνον
3124 728 3406 800 ἀμήχανον
3434 731 3617 800 ἐχουσι
3645 731 3746 801 τὴν
3771 732 3926 801 ίσχύν
3945 749 3960 764 ο

691 827 860 900 igitur
910 825 1278 896 signiﬁcatum
1309 823 1577 905 carbones
1607 823 1941 890 castigantes
1979 819 2170 889 plagas
2211 826 2268 874 et

2384 823 2462 874 ιαὶ
2492 823 2552 874 ὲν
2581 820 2761 884 ἄλλοις
2785 822 2844 875 δέ
2892 822 3102 886 πολλοῖς
3145 823 3294 877 ἐστιν
3321 825 3502 897 εὑρεῖν
3531 826 3629 890 τὰς
3656 845 3965 898 τιμωρητι-

691 920 1042 975 immissuras
1076 925 1257 978 vocat,
1288 930 1318 968 a
1346 913 1680 968 carbonibus
1707 911 1799 980 qui
1830 909 2112 966 sensibilis
2139 916 2269 963 sunt

2384 914 2471 978 ιάς
2507 914 2767 984 δυνάμεις
2792 914 3132 985 καλουμένας
3157 916 3456 986 ἄνθρακας.
3506 917 3662 971 Κατὰ
3695 919 3759 970 τὸ
3785 919 3968 971 δεύτε-

688 1020 744 1066 et
781 1008 1154 1064 eonsumentis
1195 1007 1686 1060 circumterrenam
1717 1002 2002 1057 materiam
2035 999 2268 1055 ﬂammae

2384 1021 2471 1075 ρον
2496 1001 2590 1060 οὖν
2641 1007 3042 1075 σημαινόμενον
3103 1007 3381 1076 ἄνθρακας
3432 1009 3532 1072 τὰς
3583 1011 3967 1079 τιμωρητικὰς

682 1100 1179 1164 excandescentia,
1211 1096 1546 1152 transferens
1569 1104 1624 1152 et
1649 1095 2011 1150 transvehens
2037 1092 2273 1163 appella-

682 1197 918 1252 tionem.
967 1192 1229 1248 Hortatur
1274 1191 1437 1261 igitur
1501 1190 1832 1245 esurientem
1890 1186 2110 1256 quidem
2167 1184 2272 1238 ini-

690 1289 892 1343 micum
922 1286 1126 1349 cibare,
1161 1284 1440 1340 sitientem
1475 1296 1605 1336 vero
1653 1289 1840 1350 potare
1875 1296 1888 1331 :
1919 1278 1972 1332 id
2010 1287 2096 1332 est
2123 1277 2268 1330 mulv

689 1380 912 1434 timodis
971 1375 1294 1432 benefacere
1343 1383 1401 1428 et
1466 1371 1757 1441 benignum
1825 1382 1946 1423 esse
2013 1384 2027 1422 :
2090 1364 2273 1420 cibare

690 1485 925 1541 namque
977 1479 1032 1524 et
1089 1477 1310 1538 potare,
1363 1464 1730 1520 beneﬁcentiae
1783 1459 2190 1515 universitatem
2237 1472 2268 1510 a

689 1574 844 1634 parte
885 1561 1191 1616 describit:
1225 1557 1424 1614 deinde
1455 1553 1806 1612 benefaciens
1838 1553 1917 1607 ait
1959 1549 2185 1606 inimico
2215 1557 2270 1604 et

689 1654 1006 1709 humaniter
1029 1667 1158 1722 erga
1202 1665 1328 1706 eum
1359 1647 1681 1718 dispositus,
1713 1644 1981 1701 carbones
2009 1655 2271 1712 congeri-5

688 1761 858 1815 super
883 1755 1049 1815 caput
1080 1745 1223 1813 ejus.

2374 1090 2590 1166 πληγὰς
2617 1098 2712 1150 καὶ
2760 1096 3077 1168 εἰσπράξεις
3112 1098 3536 1170 προσαγορεύει,
3568 1100 3677 1152 ἀπὸ
3700 1101 3812 1152 τῶν
3865 1101 3967 1152 ἀν·

2377 1185 2594 1256 θράκων
2613 1187 2664 1274 οἱ
2694 1185 2796 1256 τῆς
2814 1187 3075 1259 αίσθητῆς
3104 1190 3213 1242 είσι
3246 1190 3338 1242 καὶ
3375 1189 3702 1258 δαπανώσης
3730 1191 3832 1261 τὴν
3869 1207 3970 1242 πε-

2376 1276 2744 1348 ρίγειον-ὖλην
2797 1279 2994 1347 φλογὸς
3049 1281 3469 1349 ὑπεκκαύματα,
3517 1280 3846 1352 μεταφέρων
3905 1297 3968 1335 τε

2374 1367 2470 1420 καὶ
2502 1367 2882 1438 μεταϐιϐάζων
2911 1370 3010 1440 τὴν
3060 1369 3275 1438 κλῆσιν.
3311 1371 3576 1442 Παριινεῖ
3629 1370 3815 1424 τοίνυν
3840 1388 3967 1424 πει-

2375 1453 2556 1510 νῶντα
2585 1459 2685 1525 μὲν
2708 1457 2800 1512 τὸν
2825 1458 3018 1530 ἐχθρὸν
3045 1458 3586 1531 ψωμίζειν,διψῶντα
3612 1461 3670 1514 δέ
3697 1463 3967 1526 ποτίζειν·

2377 1547 2625 1601 τουτέστι
2657 1549 3012 1622 πολυτρόπως
3038 1552 3349 1622 εὐεργετεῖν
3390 1571 3452 1607 τε
3497 1555 3591 1607 καὶ
3635 1554 3932 1622 ἅγαθύνειν
3953 1571 3966 1583 ·

2378 1637 2440 1690 τδ
2490 1639 2601 1711 γὰρ
2648 1640 2918 1710 ψωμίζειν
2952 1645 3048 1698 καὶ
3108 1642 3373 1708 ποτίζειν,
3402 1644 3466 1697 τδ
3507 1645 3605 1714 τῆς
3645 1644 3972 1717 εὐεργεσίας

2379 1728 2674 1802 ὀλόκληρον
2703 1732 2811 1785 ἀπὸ
2835 1733 2930 1787 τοῦ
2967 1737 3165 1806 μέρους
3187 1736 3527 1806 ὑπογράφει·
3552 1733 3694 1802 εἶτα,
3725 1737 3972 1808 Εὐεργε-

687 1844 820 1908 τῶν,
852 1843 1008 1912 φησὶ,
1031 1838 1122 1891 τὸν
1137 1837 1329 1908 ἐχθρὸν
1355 1835 1449 1889 καὶ
1471 1831 1864 1905 φιλανθρώπως
1889 1828 2026 1900 πρὸς
2055 1823 2217 1880 αὐτὸν
2249 1821 2609 1894 διακείμενος,
2637 1825 2912 1896 ἄνθρακας
2940 1828 3237 1900 σωρεύσεις
3265 1831 3359 1884 ἐπὶ
3385 1832 3487 1900 τῆς
3501 1832 3744 1902 κεφαλῆς
3776 1831 3970 1887 αὐτοῦ.

761 1939 820 1996 In
841 1937 1115 2006 duplicem
1147 1935 1310 2005 igitur
1345 1947 1568 1987 sensum
1604 1928 1735 1983 illud
1776 1945 1788 1980 :
1819 1925 2082 1996 Congcres
2113 1919 2278 1992 parti—

2453 1919 2547 1982 Είς
2572 1921 2765 1992 διπλῆν
2798 1920 2892 1977 οὖν
2914 1924 3192 1995 σημασίαν
3219 1927 3280 1980 τὸ
3302 1927 3632 1995 Σωρεύσεις
3667 1929 3972 2000 μεριζόμε-

695 2042 833 2094 tum,
869 2028 1145 2098 duplicem
1182 2023 1429 2094 proferre
1467 2035 1518 2077 et
1549 2021 1886 2076 intellectum
1917 2007 2270 2087 supponitur.

695 2123 879 2179 Unum
906 2119 1150 2190 quidem,
1182 2129 1469 2184 congeres,
1509 2110 1886 2168 manifestaret
1927 2107 2084 2169 illud,
2111 2105 2273 2160 desu-

694 2231 792 2287 per
834 2227 1016 2282 c0ges,
1052 2225 1148 2279 per
1192 2208 1337 2280 quod
1393 2216 1445 2261 et
1487 2203 1770 2274 sequentia
1815 2196 2278 2268 interpretationis

694 2307 997 2376 dirigetur;
1045 2319 1112 2356 ex
1143 2310 1298 2371 parte
1323 2298 1488 2360 enim,
1528 2297 1623 2362 ait,
1651 2303 1704 2349 et
1753 2303 1998 2361 tempore
2028 2302 2280 2358 compre»

697 2398 936 2452 hensura
990 2391 1292 2447 inimicitize
1344 2389 1644 2443 tentamina
1674 2384 1958 2439 inimicum
1997 2401 2010 2436 :
2045 2391 2103 2435 tu
2134 2377 2279 2449 quod

696 2487 902 2541 malum
948 2498 1047 2554 pro
1087 2483 1231 2536 malo
1281 2494 1391 2534 non
1442 2476 1759 2532 redditurus
1802 2487 2034 2542 surgas.
2083 2469 2176 2525 sed
2226 2475 2281 2520 et

698 2577 1016 2639 beneﬁciis,
1054 2588 1177 2643 quae
1235 2572 1420 2626 divino
1475 2566 1740 2641 [Nummi]
1785 2581 1881 2619 nos
1916 2564 2126 2619 similes
2167 2560 2281 2616 elﬁ-

697 2671 873 2734 ciunt,
889 2667 1166 2734 excipiens
1183 2664 1527 2733 amigentem,
1547 2663 1753 2732 justum
1777 2657 2011 2728 judicem
2043 2662 2098 2710 et
2118 2667 2280 2725 quem

703 2763 836 2817 nihil
868 2763 997 2816 latet
1049 2773 1324 2830 praeparans
1354 2756 1515 2811 simul
1568 2767 1760 2808 omnes
1809 2763 2140 2821 congregare
2169 2747 2286 2800 vin-

701 2855 874 2913 dictas
903 2861 956 2907 et
985 2866 1176 2920 poenas
1206 2858 1393 2904 contra
1425 2847 1712 2915 impudens
1742 2842 1873 2896 illud
1893 2850 1947 2897 et
1967 2839 2286 2910 imprudens

703 2954 901 3015 caput:
924 2965 941 2995 ι
965 2942 1092 2996 Mihi
1117 2942 1263 2996 enim
1284 2938 1541 3002 vindicta,
1559 2952 1657 3006 ego
1675 2934 1994 2998 retribuam,
2014 2934 2089 2984 ait
2108 2928 2288 2983 Domi-

705 3051 809 3092 nus
823 3037 892 3069 “‘
919 3054 937 3086 ι
964 3053 975 3088 :
998 3034 1274 3104 quomodo
1292 3031 1453 3100 igitur
1472 3033 1743 3083 humanus
1763 3027 1786 3080 ’ί
1805 3023 2080 3096 quomodo
2103 3032 2286 3076 autem

705 3123 1080 3196 compatiens?
1109 3122 1385 3192 quomodo
1433 3120 1707 3173 beneﬁcus
1757 3116 1883 3170 talia
1929 3115 1996 3169 de
2039 3111 2288 3166 hostibus

706 3217 968 3273 ordinans
996 3224 1050 3268 et
1070 3213 1340 3266 meditans
1359 3220 1414 3265 et
1444 3209 1591 3263 illius
1619 3219 1959 3277 prosequens
1987 3203 2282 3256 vindictam

706 3319 765 3364 et
793 3303 1246 3376 castigationem?
1273 3310 1420 3356 certe
1456 3301 1581 3372 quia
1620 3314 1726 3354 non
1781 3299 1898 3367 ipse
1948 3295 2062 3350 ba-c
2117 3308 2277 3363 p0po-

709 3399 838 3462 scit,
876 3398 972 3452 sed
1001 3396 1118 3466 ipse
1155 3394 1374 3464 quidem
1409 3393 1523 3447 haec
1553 3389 1804 3454 iaciebat,
1837 3389 1902 3442 ad
1953 3385 2283 3443 servandum

708 3490 957 3546 divinum
987 3487 1304 3542 mandatum
1338 3494 1391 3538 ct
1418 3482 1641 3536 inimico
1671 3481 1931 3535 beneﬁcia
1989 3476 2288 3546 rependen-

709 3583 842 3637 dum
879 3600 892 3635 :
925 3581 973 3636 si
1011 3591 1140 3632 vero
1165 3577 1294 3630 hesa
1321 3575 1532 3644 justitia
1556 3570 1902 3627 exacerbavit
1943 3570 1995 3622 in
2028 3569 2285 3622 ultionem

707 3673 971 3746 j'u'ﬁicem,
1003 3671 1114 3741 jam
1148 3683 1257 3722 non
1291 3675 1430 3720 esset
1464 3663 1787 3732 excipientis
1829 3658 2175 3729 providentiae
2199 3661 2290 3726 ju-

711 3766 855 3823 dicia
900 3777 1030 3832 erga
1077 3761 1340 3815 ultionem
1381 3755 1788 3811 dissimulanter
1830 3767 1889 3806 se
1942 3749 2189 3805 habentis
2239 3758 2293 3803 et

711 3871 825 3912 non
854 3852 1124 3922 stupentis
1155 3865 1218 3904 ac
1256 3847 1531 3902 laudantis
1572 3843 1774 3914 jndicis
1805 3841 2287 3909 incorruptionem.

711 3949 860 4004 Bene
917 3946 1093 4001 facere
1128 3942 1383 4013 equidem
1443 3948 1498 3994 et
1537 3949 1778 4007 quaerere
1811 3933 1974 3988 simul
2008 3931 2198 3985 ulcisci
2227 3929 2294 3984 de

712 4041 961 4103 inimico,
1015 4033 1424 4106 incompatibile
1474 4039 1529 4086 et
1585 4029 1782 4083 mentis
1843 4024 2086 4080 confusae
2132 4032 2186 4078 et
2224 4022 2292 4077 ad

714 4145 1012 4204 atrumque
1065 4127 1477 4186 contrariorum
1528 4123 1787 4177 inclinate
1846 4133 1904 4173 se
1944 4116 2193 4172 habentis
2242 4124 2296 4169 et

714 4230 776 4286 in
829 4228 1129 4282 vanitatem
1163 4219 1427 4278 solventis
1463 4218 1672 4272 lucrum
1706 4222 1851 4268 recte
1897 4209 2024 4264 facti
2078 4227 2089 4261 :
2125 4208 2294 4261 liene-

715 4322 925 4379 factum
950 4332 1081 4373 vero
1115 4312 1430 4370 immemori
1479 4309 1693 4378 injuria:
1722 4318 1916 4360 sensus
1953 4312 2007 4357 et
2041 4313 2297 4368 compas-

2379 2028 2487 2077 νον,
2513 2012 2706 2084 διπλῆν
2733 2014 2999 2086 προάγειν
3062 2017 3156 2071 καὶ
3183 2017 3284 2089 τὴν
3341 2018 3581 2072 διάνοιαν
3628 2019 3968 2075 ὑποτίθεται.

2383 2105 2478 2157 Ἐν
2509 2106 2607 2176 μὲν
2639 2108 2720 2168 τὸ.
2746 2108 3066 2180 σωρεύσεις,
3089 2109 3380 2180 δηλώσειεν
3399 2109 3464 2164 ἂν
3480 2112 3561 2174 τὸ,
3595 2111 3970 2178 ἐπισυνάξεις,

2376 2197 2443 2250 δι’
2469 2193 2530 2250 οὗ
2554 2200 2650 2252 καὶ
2674 2199 2734 2252 τὸ
2760 2200 3104 2271 ἐπαγόμενον
3157 2199 3255 2272 τῆς
3285 2202 3582 2273 ἑρμηνείας
3631 2202 3971 2256 κατευθύνε-

2377 2306 2467 2341 ται
2487 2305 2501 2318 ·
2526 2289 2595 2343 τὰ
2621 2291 2761 2344 κατὰ
2798 2292 2966 2362 μέρος
3021 2292 3130 2363 γάρ
3160 2309 3291 2362 φησι
3321 2294 3416 2346 καλ⁵
3473 2293 3648 2363 χρόνῳ
3703 2293 3973 2362 μέλλοντα

2381 2381 2819 2449 καταλαμϐάνειν
2851 2383 2953 2452 τῆς
2988 2383 3283 2454 ἀπεχθείας
3317 2384 3571 2454 ἐπίχειρα
3607 2385 3700 2437 τὸν
3735 2383 3971 2454 ἐχθρόν’

2380 2471 2452 2523 Σὺ
2473 2471 2542 2523 δι’
2575 2465 2653 2525 ὧν
2704 2472 2874 2526 κακὸν
2905 2473 3028 2528 ἀντὶ
3084 2473 3252 2526 κακοῦ
3289 2473 3678 2527 ἀνταποδοῦναι
3712 2472 3790 2544 μὴ
3820 2473 3973 2527 διαν-

2380 2564 2562 2633 έστης,
2586 2564 2720 2619 ἀλλὰ
2749 2566 2842 2619 καὶ⁵
2866 2566 3203 2636 εὐεργεσίας,
3240 2567 3296 2620 αἶ
3332 2566 3467 2636 πρὸς
3520 2567 3580 2619 τὸ
3625 2567 3782 2619 Θεῖον
3821 2567 3974 2636 ἡμᾶς

2381 2653 2726 2723 άφομοιοῦσι,
2741 2654 3138 2726 δεξιωσάμενος
3157 2656 3248 2709 τὸν
3273 2655 3637 2726 λελυπηκότα,
3657 2654 3745 2708 τὸν
3762 2654 3976 2707 δίκαιον

2382 2743 2576 2816 κριτὴν
2599 2749 2694 2797 καὶ
2727 2745 2996 2817 άλάθητον
3022 2747 3465 2818 παρασκευάζεις
3497 2745 3615 2814 ἅμα
3644 2745 3826 2808 πάσας
3853 2746 3979 2796 ἐπι-

2387 2835 2656 2905 σωρεῦσαι
2687 2836 2785 2899 τὰς
2809 2837 3074 2908 τιμωρίας
3109 2838 3198 2889 καὶ
3219 2837 3409 2900 ποινάς
3435 2835 3576 2889 κατὰ
3599 2835 3697 2905 τῆς
3715 2834 3978 2898 ἀλαζόνος

2386 2926 2601 2997 ἐκείνης
2632 2930 2724 2980 καὶ
2776 2928 3092 2998 ἀγνώμονος
3128 2927 3369 2997 κεφαλῆς
3389 2943 3403 2957 ⁸
3443 2947 3462 2978 ι
3508 2927 3662 2996 Ἐμοὶ
3691 2927 3802 2996 γὰρ
3825 2925 3979 2979 ἐκδίο

2386 3032 2566 3084 κησις,
2599 3013 2709 3083 ἐγὼ
2735 3015 3126 3078 ἀνταποδώσω,
3180 3016 3330 3084 λέγει
3371 3016 3608 3086 Κύριοςο
3652 3033 3671 3066 ι
3730 3015 3851 3078 πῶς
3883 3012 3980 3069 οῦν

2388 3103 2799 3174 φιλάνθρωποςς
2834 3103 2950 3168 πῶς
2976 3105 3034 3157 δὲ
3074 3106 3400 3174 συμπαθήςς
3435 3105 3552 3170 πῶς
3588 3105 3645 3157 δὲ
3675 3104 3980 3176 εὐεργέτης

2388 3197 2417 3248 ό
2445 3195 2617 3250 ταῦτα
2656 3198 2784 3267 περὶ
2813 3197 2923 3250 τῶν
2969 3197 3178 3267 ἐχθρῶν
3231 3197 3536 3267 μεθοδεύων
3585 3200 3677 3251 καὶ
3715 3213 3983 3268 πραγμα-

2388 3289 2674 3358 τευόμενος
2713 3288 2808 3342 καὶ
2861 3288 2958 3359 τὴν
2998 3289 3209 3342 ἐκείνου
3252 3288 3839 3359 φιλανθρωπευόμενος
3898 3304 3983 3341 τι-

2390 3380 2604 3449 μωρίαν
2627 3380 2721 3433 καὶ
2743 3379 2966 3433 κόλασιν
2987 3396 3000 3444 ;
3031 3380 3064 3449 ἢ
3100 3383 3182 3434 ὃτι
3208 3382 3306 3434 οὐκ
3330 3381 3494 3439 αὐτὸς
3520 3380 3691 3434 ταῦτα
3711 3381 3982 3450 ᾐτήσατο,

2386 3469 2500 3522 ἀλλ’
2535 3471 2698 3532 αὐτὸς
2731 3471 2830 3541 μὲν
2881 3471 3054 3524 ταῦτα
3105 3473 3392 3543 ἔπραττεν,
3445 3471 3589 3524 ὥστε
3640 3470 3984 3541 συπηρῆσαι

2387 3561 2486 3633 τὴν
2508 3561 2658 3614 θείαν
2696 3562 2918 3632 ἐντολὴν
2962 3565 3058 3615 καὶ
3102 3563 3192 3616 τὸν
3219 3563 3415 3634 ἐχθρὸν
3443 3563 3787 3634 εὐεργεσίαις
3816 3562 3982 3634 ἀμεί-

2389 3651 2594 3721 ψασθαι
2616 3670 2628 3682 ·
2659 3654 2708 3705 εἰ
2737 3653 2794 3705 δὲ
2815 3652 2877 3705 τὸ
2911 3653 3260 3724 ὑϐριζόμενον
3295 3655 3506 3708 δίκαιον
3533 3655 3852 3724 παρώξυνεν
3903 3657 3988 3719 είς

2392 3743 2670 3815 ἐκδίκησιν
2704 3743 2796 3796 τὸν
2825 3747 3042 3814 κριτὴν,
3082 3746 3183 3798 οὐκ
3232 3746 3310 3798 ἔτι
3339 3745 3405 3798 ἂν
3458 3746 3542 3817 εἴη
3579 3746 3985 3814 ἀποδεχομένου

2392 3839 2490 3908 τῆς
2525 3839 2781 3907 προνοίας
2831 3839 2900 3891 τά
2938 3838 3182 3908 κρίματα
3237 3838 3331 3891 τοῦ
3381 3838 3517 3909 πρὸς
3552 3838 3650 3906 τὴν
3697 3837 3988 3906 ἐκδίκησιν

2396 3931 2760 4000 ἁκκιζομένου
2793 3931 2884 3983 καὶ
2926 3930 3001 4000 μὴ
3027 3930 3327 3999 τεθηπότος
3361 3946 3420 3982 τε
3479 3930 3574 3982 καὶ
3615 3927 3988 3997 ἀνυμνοῦντος

2399 4019 2491 4074 τοῦ
2517 4019 2703 4091 κριτοῦ
2737 4021 2798 4073 τὸ
2824 4020 3145 4073 ἀδέκαστον.
3176 4020 3248 4072 Τὸ
3289 4019 3389 4088 μὲν
3415 4019 3722 4089 εὐεργετεῖν
3758 4019 3860 4072 καὶ
3885 4018 3986 4086 ζη-

2398 4115 2512 4165 τεῖν
2543 4113 2659 4181 ἅμα
2683 4111 2955 4182 τιμωρίαν
2977 4110 3164 4165 λαϐεῖν
3194 4109 3346 4181 παρὰ
3365 4109 3462 4164 τοῦ
3491 4109 3707 4180 ἐχθροῦ,
3733 4109 3990 4178 ἀσύμϐα-

2397 4204 2488 4257 τόν
2513 4221 2573 4255 τε
2610 4203 2701 4256 καὶ
2731 4203 2923 4274 φρενὸς
2959 4204 3371 4274 συγκεχυμένης
3420 4205 3514 4254 καὶ
3546 4201 3682 4270 πρὸς
3720 4202 3990 4272 ἐκάτερον

2398 4297 2506 4351 τῶν
2530 4297 2787 4350 ἐναντίων
2812 4295 3126 4368 ὲπιρρεπῶς
3155 4295 3404 4364 ἐχούσης,
3441 4295 3534 4346 καὶ
3585 4293 3721 4364 πρὸς
3759 4295 3990 4364 ματαιό-

716 4415 876 4473 sione
906 4425 1033 4481 erga
1076 4406 1322 4478 ejusdem
1355 4403 1571 4473 generis
1622 4394 1935 4454 hominem?
1981 4392 2044 4447 Et
2080 4399 2282 4481 proptel

2401 4404 2538 4458 τητα
2564 4387 2884 4456 διαλυούσης
2907 4386 2966 4440 τὸ
3002 4385 3190 4456 κέρδος
3219 4384 3313 4437 τοῦ
3346 4385 3774 4455 κατορθώματος
3798 4399 3812 4413 °
3843 4385 3904 4437 τὸ
3931 4383 3989 4436 δέ

715 4474 1048 4573 praeceptum
1078 4474 1130 4550 et
1158 4502 1375 4563 propter
1396 4483 1771 4542 similitudinis
1800 4483 1972 4536 zelum
1994 4493 2119 4534 cum
2142 4475 2282 4529 Patri

2401 4477 2499 4546 τὴν
2523 4477 2840 4546 εὐεργεσίαν
2869 4474 2949 4546 τῷ
2972 4475 3342 4546 ἀμνησικάκῳν
3361 4476 3457 4544 τῆς
3510 4475 3734 4544 γνώμης
3789 4475 3884 4528 καὶ
3920 4478 3988 4546 τῇ

718 4563 914 4648 homo
937 4589 1030 4658 qui
1060 4587 1114 4640 in
1148 4584 1302 4640 caalis
1325 4579 1477 4653 [est],
1504 4575 1772 4633 tendentis
1804 4583 1887 4629 est
1919 4571 1984 4626 ad
2004 4567 2282 4640 perfectio-

2404 4568 2718 4638 συμπαθείᾳ
2757 4565 2852 4620 τοῦ
2893 4566 3201 4637 όμοφυοῦς,
3247 4570 3341 4619 καὶ
3389 4565 3476 4618 διὰ
3512 4565 3609 4636 τὴν
3641 4563 3864 4634 ἐντολὴν
3894 4565 3990 4618 καὶ

718 4700 845 4742 nem
869 4655 1087 4736 virtutis
1109 4697 1121 4732 :
1141 4689 1194 4732 et
1224 4691 1328 4730 non
1353 4675 1454 4728 iste
1479 4671 1709 4726 libenter
1730 4664 2138 4734 castigationem
2161 4673 2282 4713 con-

2400 4661 2487 4713 διὰ
2513 4660 2573 4713 τὸ
2599 4658 2934 4729 ὁμοιωθῆναι
2976 4657 3056 4725 τῷ
3087 4659 3260 4727 "arpi.
3289 4657 3446 4725 ἡμῶν
3468 4657 3546 4726 τῷ
3585 4657 3642 4708 ἐν
3675 4656 3792 4716 τοῖς
3818 4655 3987 4723 οὐρα-

719 4776 1017 4844 templatus
1035 4778 1181 4825 esset
1203 4764 1432 4828 inimici,
1451 4762 1653 4817 nedum
1677 4758 1805 4829 quid
1831 4768 2047 4810 sumere
2063 4758 2282 4822 quaerat;

2402 4755 2534 4817 νοῖς,
2567 4749 2661 4804 τοῦ
2686 4749 2986 4819 φθάσαντός
3018 4751 3166 4800 ἐστιν
3200 4750 3277 4811 είς
3302 4747 3364 4800 τὸ
3401 4748 3602 4800 τέλειον
3635 4746 3738 4815 τῆς
3758 4748 3986 4816 ἀρετῆς·

722 4829 1040 4922 Deo-autem
1060 4860 1347 4931 judicante
1367 4864 1420 4910 et
1459 4853 1702 4908 rationes
1737 4848 1983 4916 exigente
2017 4844 2084 4898 ab
2105 4857 2171 4898 eo
2199 4840 2282 4910 qui

2401 4843 2498 4896 καὶ
2559 4843 2659 4894 οὐκ
2697 4842 2763 4894 ἂν
2817 4836 2973 4901 οὗτος
3029 4840 3198 4910 ἡδέως
3251 4840 3522 4908 τιμωρίαν
3581 4829 3837 4891 θεάσαιτο
3891 4837 3988 4888 τοῦ

720 4959 979 5029 injuriam
1003 4956 1208 5018 intulit,
1229 4951 1475 5022 ejusdem
1497 4955 1642 5003 esset
1661 4954 1714 5000 et
1729 4957 1858 5013 erga
1878 4941 2039 4994 Deum
2072 4932 2282 5006 pietatis

2401 4930 2619 5002 ἐχθροῦ,
2657 4932 2731 5001 μή
2751 4947 2802 4983 τι
2832 4946 2896 4998 γε
2923 4929 3108 4982 λαϐεῖν
3141 4929 3462 4997 ἐπιζητήσει
3481 4942 3496 4956 ο
3523 4924 3659 4978 Θεοῦ
3690 4926 3749 4977 δέ
3778 4924 3991 4996 κρίνον-

722 5066 835 5108 non
882 5050 1121 5104 rationes
1154 5045 1378 5115 exigere
1413 5057 1444 5096 a
1487 5040 1689 5111 judice,
1731 5049 1832 5090 nec
1863 5046 1988 5101 erga
2021 5025 2282 5099 judicium

2401 5041 2491 5087 τος
2515 5022 2610 5076 καὶ
2638 5021 2738 5084 τὰς
2772 5019 3005 5082 εὐθύνας
3033 5017 3390 5079 ἀπαιτοῦντος
3420 5017 3512 5070 τὸν
3539 5015 3859 5085 ἠδικηκότα,
3887 5015 3988 5084 τῆς

2395 5117 2564 5186 αὐτῆς
2620 5115 2686 5168 ἂν
2719 5114 2806 5184 εἴη
2854 5113 3048 5184 φρενὸς
3087 5113 3180 5164 καὶ
3217 5109 3528 5172 θεοσεϐείας
3569 5109 3644 5178 μὴ
3685 5107 3990 5175 λογοθετείν

2398 5211 2489 5261 τὸν
2513 5207 2727 5278 κριτὴν,
2759 5205 2892 5276 μηδὲ
2919 5203 3054 5275 πρὸς
3085 5202 3184 5272 τὴν
3209 5201 3389 5271 κρίσιν
3421 5198 3819 5269 δυσχεραίνειν.

797 5318 1043 5371 Alterum
1100 5315 1267 5384 igitur
1317 5311 1483 5375 illius,
1514 5320 1781 5376 congeras,
1825 5301 2183 5372 signiﬁcatum
2237 5314 2282 5353 at

2471 5300 2545 5352 Τὸ
2575 5299 2672 5368 μὲν
2703 5294 2794 5350 οὖν
2822 5295 3011 5366 ἕτερον
3042 5293 3159 5358 τοῦ,
3201 5293 3551 5360 Σωρεύσεις,
3586 5289 3991 5360 σημαινόμενον

730 5410 891 5465 talem
915 5422 1014 5462 nos
1040 5406 1306 5460 tbeoriam
1339 5399 1689 5456 transmittit:
1721 5395 1987 5464 reliquum
2010 5407 2137 5446 vero
2157 5405 2282 5460 quo:

2403 5393 2541 5463 πρὸς
2571 5390 2827 5459 τοιαύτην
2854 5389 3000 5458 ἡμᾶς
3029 5385 3263 5455 θεωρίαν
3285 5383 3649 5453 παραπέμπει
3670 5395 3683 5409 ⁸
3723 5380 3785 5432 τὸ
3805 5378 3857 5432 δέ
3874 5377 3988 5430 λοι-

729 5503 1018 5573 signiﬁcat,
1052 5518 1318 5571 congeras,
1354 5507 1407 5552 et
1457 5497 1722 5558 detrahas,
1752 5501 1806 5547 et
1836 5490 2079 5544 liberabis
2119 5505 2151 5539 a
2178 5503 2282 5540 car-

2402 5485 2504 5537 πὸν
2527 5483 2555 5535 δ
2582 5481 2857 5552 σημαίνει,
2879 5479 2961 5545 τὸ,
2989 5475 3397 5539 ἐπισυνάξεις,
3429 5474 3522 5526 καὶ
3547 5474 3860 5539 περιέλοις,
3894 5469 3989 5521 καὶ

733 5593 950 5648 bonibus
992 5593 1215 5645 odientis
1258 5600 1440 5658 caput,
1472 5587 1630 5640 talem
1664 5585 1951 5638 verborum
1985 5580 2093 5632 vim
2119 5586 2282 5631 osten‘

2407 5573 2778 5636 ἀπαλλάξεις
2833 5570 2954 5624 τῶν
3003 5568 3318 5636 ἀνθράκων
3365 5564 3479 5633 τὴν
3516 5565 3621 5618 τοῦ
3652 5562 3987 5632 μισοῦντος

730 5687 872 5742 derit
926 5686 1099 5749 forte;
1134 5681 1498 5745 benefaciens,
1560 5679 1653 5742 ait,
1698 5687 1750 5729 et
1797 5677 1937 5728 bona
2004 5671 2282 5726 retribuen

2409 5666 2705 5734 κεφαλὴν,
2741 5663 2994 5732 τοιαύτην
3039 5661 3104 5712 ἂν
3149 5660 3247 5728 τὴν
3277 5659 3387 5711 τῶν
3445 5656 3708 5727 ῥημάτων
3758 5653 3988 5721 δύναμιν

734 5777 1342 5846 inimico,dcpasccntes
1368 5775 1632 5830 carbones
1657 5779 1708 5825 et
1739 5768 1901 5822 citius
1923 5765 2278 5831 absumpturo

2415 5757 2771 5826 ὑποδηλώσῃο
2799 5755 3111 5821 Εὐεογετῶν
3141 5792 3155 5818 ,
3203 5750 3332 5819 φησὶ
3414 5751 3507 5802 καὶ
3564 5747 3846 5815 ἀγαθύνων
3897 5745 3987 5797 τὸν

804 5893 871 5924 ’²”
907 5890 1066 5945 Rom.
1109 5907 1208 5957 xu,
1248 5890 1325 5942 l9.

725 5142 1078 5203 stomachari,
