4186 6444
162 452 278 522 389

1154 453 1253 516 AD
1282 452 1874 517 AMPHILOCIIIUM
1914 454 2261 527 QUESTIO
2296 454 2457 517 LIII.

3332 457 3442 522 390

166 566 385 643 ἐχθρὸν,
415 569 542 633 τούς
570 568 1049 639 κατανεμομένους
1076 569 1357 641 ἄνθρακας
1406 572 1501 625 καὶ
1558 572 1752 627 θᾶττον

1877 570 1997 661 'jus,
2022 580 2207 641 caput,
2246 573 2350 627 nisi
2399 572 2526 641 quis
2547 570 2616 626 ab
2637 586 2705 627 eo
2744 570 3031 629 abstulerit
3077 581 3133 629 et
3164 572 3441 630 liberatio—

167 664 241 717 ἂν
264 660 687 731 διαφθεροῦντας
730 660 896 715 αὐτοῦ
929 659 1027 731 τὴν
1050 661 1313 733 κεφαλήν,
1340 663 1406 717 ἂν
1438 664 1512 734 μή
1549 680 1632 727 τις
1659 664 1757 716 αὐ-

167 754 269 808 τοῦ
300 755 673 823 ἀφαιρήσηται
690 754 786 807 καὶ
809 754 908 824 τὴν
928 753 1250 825 ἀπαλλαγήν
1273 754 1593 826 μεθοδεύσῃ,
1615 755 1758 824 μέγα

170 848 236 900 τὸ
261 847 457 917 κέρδος
494 847 588 899 καὶ
616 845 855 917 ψυχικῆς
903 847 1180 917 σωτηρίας
1214 848 1473 917 πρόξενον
1510 847 1751 925 εὑρήσει.

188 935 652 1003 Ἀνακαλούμενος
696 936 807 1005 γάρ
838 934 930 988 τδν
991 936 1219 1004 πλησίον
1282 938 1382 1006 τῆς
1440 936 1758 1005 σωματικῆς

174 1032 272 1083 καὶ
312 1028 513 1097 μᾶλλον
563 1025 944 1096 διαϐαινούσης
972 1027 1052 1088 είς
1080 1027 1178 1096 τὴν
1206 1027 1383 1097 ψυχὴν
1415 1025 1621 1097 βλάϐης
1668 1026 1762 1078 καὶ

172 1120 454 1182 ἀπωλείας
494 1117 628 1187 πρὸς
681 1118 782 1186 τὴν
823 1117 920 1171 τοῦ
949 1118 1221 1170 Δεσπότου
1279 1116 1514 1197 μίμησίν
1552 1133 1613 1170 τε
1668 1118 1761 1169 καὶ

172 1211 438 1280 ὁμοίωσιν
470 1208 785 1280 ἀνατρέχει·
824 1209 1003 1280 ψυχὴν
1029 1210 1139 1279 γάρ
1159 1212 1187 1263 6
1221 1209 1433 1275 σώζων,
1464 1210 1650 1279 φησὶν,
1687 1209 1763 1271 ὡς

171 1305 205 1355 6
234 1302 428 1365 κτίσας
468 1302 660 1373 αὐτήν,
690 1301 811 1364 Πῶς
853 1298 908 1355 δὲ
931 1301 1019 1354 διά
1043 1300 1142 1370 τῆς
1166 1302 1485 1373 εὐεργεσίας
1508 1301 1765 1368 συνάγονο

174 1379 268 1446 ται
306 1394 400 1445 καὶ
426 1390 791 1462 ἀποσύρονται
829 1393 928 1463 τῆς
963 1391 1442 1462 φιλαπεχθήμονος
1475 1390 1524 1443 ol
1560 1388 1763 1461 ἀνθρα-

175 1501 273 1549 κες
306 1485 581 1554 κεφαλῆςς
611 1483 754 1536 Διύτι
784 1486 957 1555 τροφῇ
988 1483 1082 1536 καὶ
1107 1482 1256 1551 ποτῷ
1289 1479 1628 1551 δεξιούμενος
1667 1478 1764 1533 καὶ⁸

176 1577 367 1640 ἀπλῶς
413 1576 868 1647 εὐεργετούμενος
909 1578 938 1628 6
966 1574 1181 1646 ἐχθρὸς,
1217 1574 1264 1627 εί
1294 1574 1391 1627 καὶ
1419 1571 1496 1643 μὴ
1526 1572 1594 1625 δι’
1632 1570 1766 1625 αὐτὸ

174 1668 239 1720 τὸ
300 1667 482 1731 καλὸν,
532 1666 668 1721 ἀλλά
730 1682 792 1733 γε
830 1666 919 1719 διά
955 1667 1056 1733 τήν
1089 1664 1296 1718 οἰκείαν
1329 1664 1627 1718 εὐπάθειαν
1674 1663 1766 1715 καὶ

176 1760 486 1813 ἀπόλαυσιν
543 1759 651 1811 τῶν
708 1759 965 1827 ἀγαθῶν,
1016 1759 1250 1812 παύεται
1296 1756 1397 1827 μὲν
1448 1748 1605 1819 οὗτος
1667 1754 1766 1825 τῆς

176 1851 408 1921 ἔχθρας.
449 1849 725 1916 ἱξίσταται
763 1849 821 1902 δὲ
849 1850 949 1919 τῆς
986 1849 1315 1919 επιϐουλῆς·
1349 1850 1442 1902 καὶ
1466 1848 1606 1902 κατά
1673 1864 1766 1917 μιο

1867 678 1992 717 nem
2021 664 2313 732 paraverit,
2342 678 2600 733 magnum
2616 664 3039 720 emolumentum
3062 675 3115 721 et
3142 667 3339 721 anima:
3355 683 3442 722 sao

1865 758 2034 814 lutem
2068 774 2371 829 procurans
2410 760 2671 818 inveniet.
2723 760 3010 817 “evocans
3058 763 3205 817 enim
3258 764 3446 833 proxio

1866 863 2017 904 mum
2047 863 2077 902 a
2103 864 2371 919 corporeo
2418 857 2474 903 et
2517 850 2689 920 magis
2745 849 3189 921 transgrediente
3235 852 3290 905 in
3320 851 3445 905 ani-

1867 952 2014 993 mam
2050 938 2250 992 damno
2289 945 2344 992 et
2371 936 2693 1007 perditione,
2726 938 2792 991 ad
2824 938 3040 995 Domini
3082 942 3443 998 imitationem

1866 1039 1920 1086 et
1949 1028 2365 1085 similitudinem
2401 1029 2669 1095 recurrit;
2701 1032 2938 1085 animam
2990 1033 3134 1087 enim
3193 1035 3444 1098 salvans,

1868 1121 1963 1183 ait,
1987 1121 2127 1175 sicut
2146 1119 2240 1189 qui
2270 1120 2479 1175 creavit
2499 1119 2670 1174 illam.
2702 1119 2993 1185 Quomodo
3016 1131 3197 1175 autem
3225 1138 3321 1192 per
3353 1124 3449 1178 be-

1872 1209 2217 1265 neticentiam
2237 1218 2634 1279 congregantur
2687 1219 2739 1265 et
2774 1210 3173 1266 abstrahuntur
3226 1214 3294 1267 ab
3342 1214 3448 1268 ini-

1872 1300 2018 1356 mico
2070 1303 2342 1355 carbones
2375 1300 2593 1370 capite?
2625 1298 2761 1367 Quia
2801 1301 2927 1355 cibo
2968 1311 3022 1357 et
3052 1312 3180 1372 potu
3212 1304 3451 1360 donatus

1870 1400 1925 1445 et
1955 1389 2276 1458 simpliciter
2313 1390 2577 1446 beneficio
2624 1390 2851 1446 allectus
2886 1392 3159 1456 inimicus,
3194 1404 3247 1449 et
3268 1396 3311 1449 si
3339 1410 3447 1450 non

1872 1495 1966 1550 per
1991 1478 2168 1549 ipsum
2210 1482 2436 1545 bonum,
2467 1488 2523 1534 at
2556 1482 2749 1536 saltem
2791 1492 3012 1550 propter
3050 1486 3320 1553 propriam
3356 1485 3451 1541 be-

1873 1571 2049 1627 neficii
2077 1573 2468 1642 experientiam
2503 1582 2557 1629 et
2592 1572 2905 1629 fruitionem
2961 1577 3252 1641 bonorum,
3303 1579 3451 1634 desi-

1871 1662 1955 1717 uit
2009 1663 2231 1733 quidem
2264 1663 2367 1719 iste
2410 1664 2477 1718 ab
2511 1663 2823 1730 inimicitia,
2850 1672 2905 1718 et
2960 1664 3175 1720 desistit
3214 1666 3282 1720 ab
3319 1667 3454 1722 iusi-

1872 1754 2016 1818 diis;
2050 1762 2109 1810 et
2138 1754 2344 1810 sensim
2379 1754 2708 1823 resipiscens
2739 1754 2810 1809 ab
2831 1754 3049 1814 aﬂ'eclu.
3077 1766 3131 1810 et
3161 1772 3280 1812 eam
3329 1774 3454 1829 qua:

1873 1854 1957 1901 est
1988 1846 2041 1899 in
2077 1846 2497 1915 cogitationibus
2552 1860 2648 1917 per
2690 1846 3033 1902 inimicitiam
3066 1848 3456 1906 inﬂammatio-

177 1941 314 2012 κρὸν
350 1941 642 2010 ἀνανήφων
675 1939 767 1993 τοῦ
804 1942 1014 2004 πάθους
1039 1978 1055 2002 ,
1093 1944 1188 1993 καὶ
1229 1940 1331 2012 τήν
1369 1940 1427 1991 έν
1464 1941 1576 2002 τοῖς
1623 1938 1769 2006 λογιο

1877 1951 1995 1991 nem
2034 1946 2089 1991 et
2117 1935 2624 1991 excandescentiam
2675 1937 2978 2008 deponens,
3008 1939 3074 1993 ad
3106 1955 3351 1997 amorem
3400 1953 3455 1997 et

179 2035 340 2103 σμοῖς
370 2032 459 2085 διά
489 2034 585 2102 τῆς
602 2030 800 2102 ῐχθρας
830 2032 1075 2103 πύρωσίν
1101 2049 1161 2086 τε
1189 2032 1280 2085 καὶ
1306 2031 1616 2103 φλεγμονὴν
1639 2030 1773 2084 ἀπο-

1880 2028 2229 2084 dilectionem
2259 2036 2316 2084 et
2361 2030 2696 2101 agnitionem
2758 2029 3129 2086 benefactoris
3165 2034 3373 2099 veniet;
3401 2044 3457 2089 et

177 2124 487 2193 τιθέμενος,
520 2124 614 2175 ἐπὶ
653 2123 713 2175 τδ
745 2123 919 2191 φιλεῖν
948 2124 1044 2178 καὶ
1074 2124 1325 2196 στέργειν
1348 2123 1659 2177 καὶείδέναι
1681 2122 1773 2175 τὸν

180 2218 482 2286 εὐεργέτην
516 2216 827 2269 ἐλεύσεται·
870 2218 1128 2270 κάκεῖθεν
1184 2215 1329 2270 κατά
1377 2215 1571 2287 μικρὸν
1600 2214 1774 2269 ένεθι-

182 2308 335 2371 σθεὶς
369 2307 625 2376 γλῶσσαν
678 2307 899 2377 φεύγειν
930 2308 1198 2372 διάϐολον,
1240 2308 1331 2361 καὶ
1371 2303 1450 2371 οἷς
1480 2309 1508 2361 6
1546 2305 1772 2377 πλησίον

180 2401 369 2472 ἔργοις
412 2400 619 2472 βλάϐην
648 2402 962 2470 ὑφίσταται,
1005 2400 1105 2471 τῆς
1136 2401 1339 2472 ἀρετῆς
1376 2399 1613 2471 ιραστὴς
1639 2401 1774 2453 άπο·

181 2492 536 2546 καθίσταται.
572 2493 680 2545 Καὶ
708 2495 792 2555 τίς
844 2494 910 2546 ἂν
965 2492 1317 2563 έπιζητήσειε
1353 2490 1448 2545 τοῦ
1503 2491 1775 2562 ψωμίζειν

182 2588 278 2637 καὶ
315 2584 556 2648 ποτίζειν
593 2586 683 2638 τὸν
722 2586 949 2657 ἐχθρὸν,
1002 2584 1352 2655 ἀντιμισθίαν
1388 2583 1594 2655 ταύτης
1655 2585 1773 2653 μεί-

182 2678 354 2741 ζονας
395 2678 447 2729 τί
493 2677 550 2731 δὲ
604 2678 808 2745 ταύτης
868 2676 1350 2747 ὲπικερδέστερονς
1395 2676 1457 2729 Et
1520 2674 1579 2729 δὶ
1636 2674 1775 2745 μετά

181 2766 457 2837 τοσαύτην
495 2768 842 2838 εὐεργεσίαν,
883 2767 982 2836 τῆς
1025 2766 1326 2837 μοχθηρίας
1375 2767 1469 2819 καὶ
1507 2766 1775 2835 φαιολότη⁴

181 2875 275 2921 τος
303 2859 332 2908 6
359 2859 816 2929 εὐεργετούμενος
838 2859 940 2913 οὐκ
976 2858 1151 2912 εθέλει
1175 2856 1558 2927 μεθίστασθαι,
1588 2857 1777 2927 θηρίον

185 2948 292 3019 μὶν
324 2950 392 3001 ἂν
421 2948 507 3018 εἴη
535 2952 564 3003 6
596 2951 856 3012 τοιοῦτος,
912 2950 1033 3004 ἀντὶ
1072 2949 1169 3003 τοῦ
1210 2950 1461 3019 μετέχειν
1497 2947 1777 3020 ἀνθρωπί-

183 3058 288 3111 νης
328 3042 562 3110 φύσεως.
605 3043 676 3093 Σὺ
723 3042 778 3094 δὲ
809 3042 960 3094 οὐδὲν
998 3043 1146 3109 ὅμως
1196 3043 1418 3095 ἔλαττον
1455 3043 1580 3104 τοὺς
1607 3057 1777 3095 κατα-

183 3132 552 3200 ϐοσκομένους
595 3132 763 3185 αὐτοῦ
787 3132 885 3202 τήν
903 3132 1141 3202 κεφαλὴν
1161 3134 1439 3204 ἄνθρακας
1466 3134 1534 3203 τῇ
1554 3148 1615 3185 τε
1639 3130 1777 3199 γνῶ⁹

188 3243 267 3294 μῃ
310 3227 405 3278 καὶ
454 3228 522 3295 τῇ
564 3224 766 3293 σπουδῇ
824 3224 1250 3293 ἀπιισιὶιρειισας⁸
1294 3225 1389 3278 καὶ
1426 3222 1776 3293 ἀντιμισθίαν

187 3316 344 3367 οὐδὲν
377 3315 595 3368 ἔλαττον
646 3314 832 3385 ἔσχες·
875 3315 996 3368 οὐδὲ
1028 3315 1119 3367 τὸν
1151 3314 1476 3385 χαρακτῆρα
1517 3313 1650 3383 παρ’
1681 3312 1775 3365 οὐ·

185 3408 277 3459 δὲν
306 3404 720 3477 παρεχάραξας,
750 3405 808 3468 ὃς
841 3405 939 3476 τὴν
970 3404 1103 3475 πρὸς
1149 3404 1210 3457 τὺ
1234 3402 1385 3456 Θείόν
1408 3420 1467 3457 σε
1509 3403 1779 3473 συνῆπτεν

187 3497 489 3564 ὁμοίωσινο
532 3498 738 3558 ἐκεῖνος
771 3495 828 3548 δὲ
881 3496 1063 3563 φέρων
1086 3495 1206 3548 ὅλον
1244 3493 1458 3558 ἑαυτὸν,
1510 3493 1586 3562 τῷ
1621 3492 1781 3545 κολαο

190 3587 405 3657 στηρίῳ
444 3588 535 3640 καὶ
574 3587 821 3655 ἀσϐέστῳ
870 3588 1003 3656 πυρὶ
1047 3585 1432 3657 ἑναπέρριψεν.
1477 3582 1781 3655 Ἀνθρακες

192 3680 295 3748 μέν
323 3694 409 3729 τοι
445 3694 509 3745 γε
564 3678 674 3730 τισὶ
724 3677 1156 3749 παρελήφθησαν
1204 3678 1260 3729 αί
1297 3672 1648 3745 ζωπυροῦσαι
1685 3673 1779 3726 καὶ

190 3769 602 3825 άναθάλπουσαι
631 3767 693 3822 τδ
723 3769 1050 3839 ἡγεμονικὸν
1082 3769 1336 3840 ἐργασίαι
1358 3785 1414 3820 τε
1456 3768 1549 3820 καὶ
1579 3781 1776 3835 παραίσ-

190 3862 395 3923 νέσεις,
427 3858 521 3913 καὶ
543 3859 636 3911 τὸν
664 3862 828 3912 πολὺν
852 3861 954 3928 τῆς
988 3859 1187 3929 ἔχθρας
1218 3858 1459 3928 χειμῶνα
1506 3856 1588 3919 εἰς
1627 3856 1777 3924 εἰρη-

190 3951 353 4021 νικὴν
376 3952 618 4021 γαλήνην
652 3950 1162 4021 μεταϐάλλουσαίτε
1197 3950 1292 4004 καὶ
1311 3948 1642 4003 διαλύουσαι·
1677 3946 1771 4011 οὖς

194 4058 364 4107 φασιν
405 4038 758 4110 έπισωρεύων
808 4044 837 4093 ὁ
890 4040 1196 4111 εὐεργετῶν
1240 4042 1306 4110 τῇ
1342 4038 1433 4091 τοῦ
1472 4035 1773 4107 δυσμενοῦς

192 4132 434 4203 κεφαλῇ,
475 4136 570 4186 καὶ
620 4135 721 4203 τὴν
762 4134 1080 4206 νεκροποιὸν
1148 4133 1216 4186 δι’

1874 2120 2001 2175 inde
2060 2120 2263 2176 sensim
2319 2119 2663 2177 assuefactus
2724 2122 2965 2193 linguam
3020 2122 3207 2191 fugere
3264 2128 3457 2180 convi-

1872 2213 2106 2267 cianteni
2130 2222 2185 2267 et
2204 2212 2404 2283 quibus
2422 2214 2701 2281 proximus
2723 2215 2883 2271 factis
2906 2217 3168 2272 damnum
3197 2219 3454 2283 sustinet,

1872 2304 2089 2359 virtutis
2135 2313 2351 2359 amator
2403 2307 2779 2362 constituitur.
2831 2306 2896 2362 Et
2940 2309 3197 2378 quisnam
3241 2322 3455 2382 quaerat

1874 2396 2091 2452 cibandi
2124 2405 2178 2452 et
2211 2398 2435 2468 potandi
2482 2398 2764 2454 inimicum
2814 2403 3307 2458 remunerationem
3350 2405 3451 2461 ista

1874 2487 2177 2557 majorem?
2196 2488 2306 2543 Aut
2328 2489 2456 2559 quid
2476 2505 2538 2543 ea
2563 2489 2788 2545 utilius?
2810 2490 2867 2545 Si
2887 2502 3068 2548 autem
3094 2506 3216 2565 post
3240 2505 3450 2552 tantum

1875 2577 2221 2644 beneficium,
2246 2581 2313 2635 ab
2351 2580 2765 2649 importunitate
2780 2592 2835 2636 et
2859 2582 3061 2639 vilitate
3082 2585 3345 2643 beneﬁcio
3373 2592 3455 2643 af-

1877 2667 2053 2725 fectus
2079 2685 2186 2724 non
2222 2670 2638 2736 vultdesistere,
2661 2672 2839 2729 bellua
2871 2690 3005 2731 sane
3025 2687 3171 2733 esset
3201 2679 3343 2742 talis,
3368 2696 3457 2736 ne~

1876 2760 2003 2815 dum
2028 2762 2296 2832 particeps
2328 2774 2471 2818 esset
2494 2768 2746 2823 humana:
2766 2778 3010 2835 natura;
3045 2778 3102 2825 tu
3127 2786 3258 2827 vero
3287 2772 3456 2829 nihilo

1877 2860 2061 2907 tamen
2098 2854 2282 2909 minus
2312 2855 2667 2926 depascentes
2687 2860 2809 2929 ejus
2830 2869 2993 2930 caput
3027 2863 3294 2920 carbones
3322 2881 3454 2936 pru-

1876 2940 2057 2996 dentia
2074 2949 2127 2995 ct
2148 2942 2263 2997 zelo
2277 2949 2634 3012 exacervasti,
2648 2957 2704 3003 et
2732 2952 3229 3009 remunerationem
3258 2955 3457 3011 nihilo-

1876 3031 2059 3087 minus
2103 3033 2571 3108 baberes;neque
2596 3040 2968 3096 characterem
3006 3044 3115 3097 ullo
3161 3046 3323 3100 modo
3365 3046 3459 3101 de-

1878 3124 2055 3180 levisti
2085 3125 2179 3195 qui
2213 3126 2278 3179 ad
2334 3124 2587 3184 Numinis
2613 3140 2665 3186 te
2696 3132 2971 3203 iolligavit
3001 3135 3456 3204 similitudinem;

1884 3214 2173 3270 illeautem
2196 3214 2374 3271 ferens
2420 3227 2592 3274 totum
2636 3223 2875 3292 seipsqu
2929 3226 2983 3279 in
3031 3227 3361 3297 supplicium
3407 3240 3463 3285 et

1892 3308 2393 3377 inexstinguibilem
2422 3313 2597 3382 ignem
2622 3313 2827 3383 injecit.
2858 3314 3135 3374 Carbones
3152 3329 3331 3375 tamen
3357 3322 3460 3376 ali-

1884 3399 2083 3468 quibus
2126 3401 2331 3470 accepti
2367 3414 2495 3457 sunt
2528 3404 2888 3462 accendentes
2921 3418 2975 3463 et
3016 3412 3316 3467 excitantes
3344 3415 3465 3469 ani-

1886 3504 2028 3543 mam
2053 3491 2395 3560 operationcs
2417 3502 2471 3547 et
2494 3495 2919 3564 admonitiones,
2945 3510 2999 3556 ct
3024 3504 3247 3557 multam
3281 3506 3463 3561 inimi-

1884 3580 2025 3634 uitiae
2048 3581 2337 3650 procellam
2364 3584 2417 3637 in
2458 3585 2737 3655 pacilicam
2783 3591 3020 3660 quietem
3070 3594 3465 3653 transferentes

1882 3680 1937 3723 ct
1966 3670 2324 3728 dissolventes
2345 3689 2358 3737 ;
2382 3691 2539 3744 quos,
2554 3678 2723 3743 aiunt,
2744 3696 3049 3752 congcrens
3066 3684 3382 3744 bencfactor
3408 3691 3465 3746 in

1884 3762 2195 3818 exacerbati
2234 3776 2417 3834 caput,
2447 3777 2502 3822 et
2529 3770 2853 3826 mortilicam
2888 3775 2960 3828 ita
2987 3778 3263 3845 expellens
3283 3780 3466 3836 inimi-

1885 3852 2095 3919 citiam,
2129 3865 2181 3909 et
2207 3859 2574 3916 corroborans
2598 3861 2651 3916 in
2682 3864 3025 3923 dilectionem
3053 3884 3177 3925 eum
3206 3873 3301 3940 qui
3326 3876 3469 3945 pati-

1885 3956 1992 4009 tur,
2011 3946 2155 4002 hunc
2170 3950 2386 4018 quidem
2419 3968 2615 4024 magno
2642 3964 2697 4011 et
2718 3958 2926 4015 exitiali
2953 3962 3145 4018 morbo
3170 3965 3441 4031 liberavit,

1881 4040 1983 4094 sibi
2009 4056 2139 4095 vero
2168 4058 2287 4098 eam
2306 4061 2428 4114 qua:
2450 4047 2648 4103 exinde
2670 4059 2756 4105 est
2784 4051 3099 4110 felicitatem
3127 4062 3465 4125 procuravit.

1320 4133 1482 4186 αὐτὸν
1537 4133 1777 4187 ἐλαύνων
1825 4133 2053 4225 ἔχθρτεν,
2105 4138 2200 4189 καὶ
2246 4140 2598 4210 άναρῤωννὺς
2644 4146 2724 4209 είς
2765 4146 2989 4216 ἀγάπην
3041 4151 3134 4204 τὸν
3165 4153 3464 4225 πάσχοντα.

192 4224 409 4277 ἐκεῖνον
461 4238 520 4274 τε
562 4223 808 4294 μεγάλης
857 4226 951 4277 καὶ
999 4224 1250 4295 ὀλεθρίας
1281 4226 1436 4278 νόσου
1464 4223 1798 4293 ἀπήλλαξε-ι,
1835 4221 2013 4294 έαυτῷ
2045 4241 2106 4278 τε
2144 4226 2246 4295 τὴν
2274 4228 2486 4283 ἐκεῖθεν
2517 4234 2901 4307 μακαριότητα
2940 4221 3326 4313 προεξένησεν.

734 4315 1068 4369 ΕΡΩΤΗΣΙΣ
1107 4316 1230 4369 Nl".

194 4404 328 4470 Πῶς
380 4404 635 4471 νοητέον
659 4404 723 4456 τὸ
758 4405 1073 4472 εἰρημένον
1135 4407 1294 4473 παρὰ
1332 4408 1437 4462 τοῦ
1491 4408 1637 4461 Θεοῦ
1699 4407 1777 4471 τῷ

340 4475 564 4538 Μωσεῖ,
606 4492 626 4526 ι
650 4473 804 4528 Ἰδοὺ
835 4473 1065 4527 δέδωκά
1089 4492 1162 4528 σε
1181 4476 1321 4530 θεὸν
1344 4479 1587 4546 Φαραώ;
1610 4495 1628 4527 ι

2271 4321 2597 4389 ΩυίΕΞΤΙΟ
2632 4325 2743 4382 Llll
2780 4327 2894 4400 [aL
2940 4332 3087 4407 Lll].

1886 4414 2158 4481 Quomodo
2182 4416 2583 4499 intelligendum
2608 4421 2811 4499 dictum
2842 4441 2875 4477 α
2910 4425 3015 4479 Dea
3046 4428 3215 4499 Moysi
3237 4449 3253 4483 ς
3279 4451 3297 4485 ι
3332 4434 3466 4489 Ecce

2258 4485 2381 4540 dedi
2422 4497 2469 4542 te
2516 4489 2670 4544 deum
2702 4489 2977 4550 Pharaoni
3002 4502 3027 4552 .9
3067 4519 3083 4550 ι

1092 4591 1233 4641 Edita
1266 4605 1292 4640 a
1313 4591 1455 4654 Maio,
1481 4595 1515 4643 l.
1539 4608 1604 4654 (κ,
1627 4609 1677 4657 p.
1704 4596 1781 4645 58.
1814 4596 1869 4645 In
1905 4600 2051 4650 verba
2074 4602 2228 4653 Exod.
2266 4617 2349 4663 vn,
2373 4606 2394 4654 1
2421 4618 2563 4669 seqq.

277 4672 379 4726 Ἐκ
408 4672 518 4724 τῶν
559 4673 700 4724 κατά
743 4672 907 4733 πόδας
939 4673 1198 4742 ῥημάτων
1233 4676 1267 4744 ή
1299 4674 1395 4728 τοῦ
1447 4675 1773 4747 ζητουμένου

1958 4686 2030 4739 Ex
2053 4685 2317 4754 subjectis
2346 4691 2527 4746 verbis
2555 4693 2769 4761 qumsiti
2800 4695 3174 4767 interpretatio
3199 4701 3415 4774 [infert]

194 4764 493 4835 ἑρμηνεία·
518 4764 715 4829 ἐπάγει
746 4764 856 4833 γάρ
877 4778 889 4791 ⁸
937 4782 955 4814 ι
988 4764 1099 4825 Καὶ
1147 4765 1356 4836 Ἀαρὼν
1379 4767 1408 4819 6
1439 4768 1667 4837 ἀδελφός
1683 4787 1777 4824 σου

192 4860 350 4910 ἔσται
393 4872 475 4908 σοι
508 4858 791 4927 προφήτης
814 4872 828 4886 ο
861 4873 925 4910 συ
951 4857 1008 4910 δι
1050 4857 1305 4928 λαλήσεις
1335 4860 1513 4915 πάντα
1563 4864 1662 4917 ὅσα
1692 4867 1779 4915 tv-

191 4944 457 5013 τέλλομαί
489 4958 571 4996 σοι
592 4960 605 4973 ·
638 4944 667 4996 6
690 4943 746 4996 δὲ
792 4945 999 5015 ’Δαρὼν
1020 4948 1246 5016 ἀδελφός
1279 4967 1372 5003 σου
1394 4950 1619 5023 λαλήσει
1643 4954 1779 5024 πρὸς

192 5033 419 5104 drepani).
446 5052 465 5084 ι
512 5032 601 5095 Ὦς
626 5028 721 5087 οὖν
747 5035 1018 5106 ἐχρήσατο
1039 5038 1116 5109 τῷ
1144 5039 1334 5093 Μωσεῖ
1353 5041 1383 5093 6
1406 5041 1540 5106 Θεὸς
1571 5043 1777 5113 ὑπηρε-

191 5130 360 5198 τήσαι
388 5129 511 5188 ταῖς
540 5126 681 5178 κατὰ
708 5127 908 5196 Φαραὼ
933 5130 1028 5183 καὶ
1052 5131 1367 5198 Αἰγυπτίων
1402 5133 1656 5204 πληγαῖς,
1687 5135 1777 5189 οὖ-

193 5234 297 5279 τως
339 5218 612 5287 ἐχρήσατο
641 5219 845 5289 Μωσῆς
873 5221 951 5291 τῷ
993 5220 1203 5292 Ἀαρών
1230 5238 1243 5252 ·
1270 5223 1436 5287 αὐτὸς
1486 5224 1585 5294 μὶν
1616 5242 1785 5295 προσ-

193 5307 417 5361 τάσσων
476 5311 503 5361 6
539 5310 690 5381 παρά
724 5312 861 5365 Θεοῦ
903 5315 1408 5384 προστασσόμενος·
1452 5318 1701 5390 ὑπηρέτῃ
1728 5318 1787 5372 δὲ

193 5399 480 5469 χρώμενος
507 5401 643 5470 πρὸς
676 5403 766 5456 τὸν
800 5403 1002 5475 Φαραὼ
1030 5404 1108 5474 τῷ
1126 5404 1361 5477 ἀδελφῷ.
1393 5407 1503 5459 Καὶ
1528 5407 1785 5473 διέσωζεν

195 5494 226 5558 ή
252 5492 457 5559 πρᾶξις
484 5493 541 5543 ὲν
570 5494 646 5562 τῷ
686 5496 935 5565 ἀναλόγῳ
958 5497 1019 5548 τὸ
1060 5496 1485 5566 ἀπαράλλακτον
1506 5515 1519 5529 ·
1560 5499 1637 5563 ὡς
1675 5503 1783 5572 γὰρ

194 5584 326 5647 Θεὸς
366 5584 503 5653 πρὸς
535 5586 736 5656 Φαραὼ
775 5587 864 5641 διά
907 5589 1074 5658 μέσου
1101 5589 1341 5653 Μωσέως
1378 5590 1551 5655 οὕτως
1576 5592 1784 5663 Μωσῆς

196 5676 335 5743 πρὸς
368 5676 572 5747 Φαραὼ
598 5677 685 5731 διὰ
717 5679 885 5747 μέσου
929 5678 1139 5751 ’Δαρὼν
1195 5682 1292 5745 τάς
1323 5681 1650 5754 θεοσημείας
1681 5684 1777 5738 έπ-

196 5769 387 5822 ετέλει.
438 5768 765 5824 Ἐπέτασσεν
810 5773 868 5825 έν
908 5774 979 5840 τῇ
1012 5772 1204 5845 ιρήμῳ
1241 5775 1444 5846 Χωρὴϐ
1485 5777 1562 5848 τῷ
1589 5778 1779 5832 Μωσεῖ

199 5862 351 5931 ῥίψαι
384 5863 484 5932 τὴν
520 5862 716 5935 ῥάϐδον
752 5866 780 5915 ὁ
811 5864 963 5930 Θεὸς,
991 5866 1084 5919 καὶ
1127 5868 1484 5935 μετεϐάλλετο
1507 5872 1587 5933 είς
1616 5870 1771 5939 δφινῖ

1884 4775 2223 4833 ailditenim:
2250 4795 2268 4828 ι
2290 4778 2356 4833 Et
2382 4784 2563 4835 Aaron
2587 4782 2752 4839 frater
2771 4795 2898 4842 tuus
2912 4749 3017 4843 erit
3035 4789 3129 4845 tibi
3153 4749 3416 4863 propheta

1885 4876 1942 4921 tu
1977 4882 2105 4922 vero
2144 4869 2387 4938 loqueris
2424 4874 2604 4929 omnia
2655 4892 2998 4949 quaecunque
3036 4885 3292 4955 praecipio
3344 4888 3464 4944 tibi.

1883 4960 2063 5014 Aaron
2145 4972 2324 5017 autem
2376 4964 2544 5022 frater
2598 4978 2726 5023 tuus
2804 4971 3057 5042 loquetur
3104 4978 3169 5031 ad
3218 4977 3466 5036 Pharao-

1885 5063 2011 5104 nem'
2047 5070 2057 5103 :
2101 5069 2118 5101 ι
2160 5052 2315 5108 Sicut
2346 5055 2512 5125 igitur
2553 5074 2683 5115 usus
2736 5070 2821 5116 cst
2879 5062 3062 5135 Moyse
3098 5066 3239 5123 Deus
3267 5079 3329 5123 ut
3363 5073 3462 5126 mi-

1884 5140 2140 5195 nistraret
2165 5152 2355 5198 contra
2389 5142 2727 5203 Pharaonem
2759 5159 2813 5205 et
2842 5150 3126 5223 1Egyptios
3153 5158 3358 5231 plagas,
3390 5163 3463 5216 ita

1888 5246 2017 5285 usus
2049 5240 2133 5285 est
2157 5230 2369 5303 Moyses
2399 5234 2616 5290 Aarone
2644 5254 2656 5301 ;
2688 5240 2801 5308 ipse
2827 5240 3024 5309 jnbens
3048 5259 3076 5298 a
3101 5230 3417 5317 Dcojussus
3444 5272 3459 5315 ;

1886 5322 2139 5377 ministro
2161 5332 2343 5377 autem
2373 5335 2531 5380 utens
2561 5329 2626 5380 ad
2659 5329 3001 5387 Pharaonem
3035 5334 3221 5392 fratre.
3259 5338 3324 5392 Et
3345 5356 3462 5397 sero

1881 5413 2026 5467 vavit
2056 5424 2210 5469 actus
2242 5415 2296 5469 in
2327 5416 2557 5487 analogo
2584 5420 2953 5479 omnimodam
3001 5426 3413 5489 similitudinem
3444 5455 3460 5499 ε

1883 5514 1941 5559 ut
1975 5507 2121 5559 enim
2157 5505 2300 5561 Dens
2338 5505 2611 5563 Pharaoni
2642 5526 2737 5579 per
2783 5513 3170 5575 intermedium
3211 5521 3456 5595 Moysen,

1883 5597 1954 5650 ita
1995 5596 2205 5666 Moyses
2234 5596 2502 5653 Pharaoni
2533 5616 2629 5669 per
2650 5602 3037 5663 intermedium
3066 5611 3246 5668 Aaron
3272 5616 3456 5671 divina

1884 5697 2131 5758 portenta
2197 5691 2495 5745 mandavit.
2555 5691 2818 5766 Precepit
2887 5699 2939 5753 in
3004 5701 3221 5758 deserto
3277 5708 3459 5763 Horeh

1885 5781 2053 5854 Moysi
2085 5793 2144 5838 ut
2177 5787 2468 5853 projicerct
2504 5787 2707 5858 virgam
2770 5789 2938 5856 Deus,
2988 5806 3041 5849 et
3077 5798 3129 5851 in
3161 5800 3457 5857 draconem

1883 5877 2084 5944 lignum
2140 5876 2431 5933 formatum
2465 5890 2546 5936 cst
2650 5891 2699 5935 ct
2742 5883 3061 5955 simpliciter
3119 5908 3457 5971 quaecunque
