4186 6444
687 426 789 490 391
1834 424 2098 486 ΡΠΟΤΙῙ
2137 423 2306 484 ΡΑΤΙ

2410 423 2642 484 ΒΕΗΑΞ
2677 424 2785 484 CP.
3863 423 3970 486 392

690 537 903 610 Moyses
961 535 1255 606 jubebatur
1304 534 1459 605 signa
1519 534 1771 603 operari,
1819 536 2001 589 omnia
2045 533 2306 604 Moyses;

2410 535 2668 588 τέτασσεν
2707 533 2874 587 πάλιν
2916 533 3056 586 κατὰ
3077 532 3368 604 πρόσωπον
3405 532 3604 604 ⁴ίιαραὼ
3631 531 3712 603 τῷ
3755 531 3970 602 Ἀαρὼν

689 643 1002 700 proponens
1041 636 1096 680 et
1135 627 1188 680 in
1238 641 1460 680 manum
1509 626 1728 680 mittens
1765 624 1942 692 fratri,
1984 640 2083 696 per
2122 627 2268 680 hunc

2440 624 2646 692 Μωσῆς
2688 623 2840 695 ῥίψαι
2865 623 2964 695 τὴν
2995 624 3216 694 ῥάϐδον,
3238 624 3335 678 καὶ
3378 628 3458 688 είς
3485 624 3758 692 δράκοντα
3786 623 3850 678 τὺ
3880 623 3959 689 ξύ-

691 721 842 790 jussa
883 718 1208 774 mirabiliter
1251 733 1488 786 operans
1532 716 1872 787 perficiebat.
1919 716 1994 771 lta
2030 715 2267 773 manife-

2410 732 2464 769 ον
2517 714 2984 779 ἐζωοπλαστεῖτο·
3036 716 3132 768 καὶ
3161 715 3352 778 ἁπλῶς
3383 717 3482 770 ὅσα
3512 717 3705 770 Mum!
3742 733 3974 769 κατεπι-

695 822 840 866 stum
861 821 947 867 est
968 812 1097 880 quid
1128 812 1399 882 significet
1417 810 1586 866 illud:
1619 827 1637 862 ι
1673 809 1812 865 Ecce
1834 807 1957 864 dedi
2007 820 2059 864 te
2104 809 2266 866 deum

2413 807 2599 861 τεύετο
2651 809 3063 878 τερατουργεῖν,
3099 807 3279 860 πάντα
3327 809 3533 878 Μωσῆς
3585 807 3973 879 παραθέμενος

691 899 986 958 Pharaoni.
1030 921 1048 950 ο
2374 900 2469 951 καὶ
2503 898 2816 968 ἐγχειρίσας
2877 899 2953 969 τῷ
3009 899 3262 972 ἀδελφῷ,
3302 899 3370 953 δι’
3408 900 3618 954 ἐκείνου
3675 901 3748 953 τά
3800 914 3963 967 προσο

689 995 998 1064 τεταγμένα
1038 993 1474 1065 θαυματουργῶν
1512 993 1848 1066 διεπέραινεν
1871 1011 1886 1026 ·
1923 993 2067 1049 ὥστε
2107 991 2340 1062 φανερὸν
2362 991 2552 1060 γέγονε
2574 991 2628 1046 τί
2665 1008 2796 1045 ποτε
2825 991 3077 1062 βούλεται
3107 992 3304 1064 δηλοῦν
3335 994 3417 1060 τὸ,
3452 1013 3472 1046 r
3520 994 3652 1048 Ἰδοὺ
3675 993 3890 1048 διδωκά
3916 1009 3973 1046 σε

698 1085 821 1140 θεὸν
856 1083 1076 1156 Φαραώ.
1123 1105 1143 1138 ι

1085 1192 1418 1262 QUAESTIO
1449 1192 1561 1248 Ltv
1590 1193 1690 1267 [αι.
1731 1193 1893 1267 un].

693 1283 965 1350 Quomodo
1019 1286 1418 1354 intelligendum
1458 1285 1811 1351 apostolicum
1865 1286 2117 1339 dictum:
2151 1305 2169 1339 ι
2217 1285 2273 1341 Si

761 1357 980 1409 invicem
1013 1355 1264 1410 mordetis
1297 1363 1346 1409 et
1379 1357 1650 1409 comeditis
1671 1397 1686 1420 ,
1716 1356 1879 1409 videte
1909 1372 1970 1411 ne
2018 1357 2083 1410 ab
2134 1357 2266 1410 invi-

760 1441 868 1478 cem
899 1427 1310 1487 consumamini,
1354 1444 1373 1476 ›
1409 1435 1457 1479 et
1493 1426 1615 1479 huic
1645 1441 1882 1479 connexa
1905 1426 1930 1478 1’

2915 1190 3254 1244 ΕΡΩἸῊΣΙΣ
3286 1188 3409 1243 NA'.

2383 1280 2788 1358 ndica-antege-
2813 1282 2881 1336 τὸ
2911 1284 3326 1358 ἀποστολικὸν
3343 1282 3564 1358 ῥητὸν,
3607 1299 3631 1358 ε
3656 1284 3727 1358 Et
3774 1280 3849 1358 ea
3873 1281 3982 1358 «ita

2449 1352 2967 1442 {n.‘lqvf‘géxrscs
3020 1353 3141 1442 ira!“
3156 1352 3858 1442 fat80018‘t8.Lﬂ.lézéte
3892 1352 3980 1420 μὴ

2453 1421 2873 1545 ὑπἰἒίλλήλων
2899 1422 3302 1490 ἀναλωθῆτεμ
3355 1423 3458 1477 καὶ
3500 1422 3571 1477 τὰ
3607 1423 3799 1488 τούτῳ
3829 1437 3982 1474 συν-

2450 1509 2552 1562 ημι
2611 1508 2703 1545 ra.

1709 1599 1903 1651 Editaa
1927 1600 2072 1660 Ilaio,
2109 1601 2143 1650 l.
2187 1615 2250 1662 c.,
2277 1615 2326 1663 p.
2357 1601 2526 1651 58-60.
2563 1603 2617 1651 ln
2666 1602 2772 1652 Gal.
2801 1614 2847 1659 v,
2884 1601 2957 1651 15.

767 1704 909 1758 Sunt
949 1703 1052 1759 viri
1092 1705 1236 1760 sacri
1281 1705 1706 1773 apostolicorum
1736 1704 2006 1760 dictorum
2044 1705 2100 1759 in
2151 1720 2272 1776 pro-

2454 1707 2607 1760 Είσὶν
2645 1706 2837 1775 ἀνδρες
2876 1707 3014 1777 ίεροὶ
3053 1704 3159 1756 τῶν
3187 1705 3561 1757 ἀποστολικῶν
3587 1705 3856 1775 ῥημάτων
3882 1707 3988 1777 τὴν

698 1795 872 1850 fitntlo
904 1795 1244 1852 reconditum
1299 1810 1522 1851 sensum
1573 1796 1805 1867 gratiam
1835 1796 2100 1853 habentes
2120 1813 2275 1852 reve-

2410 1814 2433 1848 ν
2472 1794 2550 1866 τῷ
2588 1794 2745 1865 βάθει
2776 1795 3290 1866 τεθησαυρισμένην
3317 1795 3580 1859 διάνοιαν,
3627 1797 3791 1867 χάριν
3830 1797 3990 1867 ἔχον·-

699 1885 867 1949 landi,
894 1886 1093 1956 quibus
1111 1887 1454 1958 propositum
1483 1889 1726 1957 aperitur
1751 1888 1958 1943 dictum
1988 1907 2002 1943 :
2036 1903 2274 1960 quorum

2410 1906 2476 1952 τες
2514 1881 3056 1953 ἀνακαλύπτειν,νοῖς
3080 1887 3140 1939 τὸ
3179 1887 3536 1958 προκείμενον
3577 1887 3990 1942 άναπτύσσεται

701 1977 969 2032 theoriam
1004 1977 1334 2046 accipientes
1361 1989 1414 2033 et
1446 1988 1504 2032 ut
1533 1994 1588 2033 tu
1622 1979 1886 2050 intelligas
1948 1989 2102 2035 tuum
2133 1980 2277 2034 circa

2410 1981 2545 2050 ιητόν
2569 1995 2582 2008 ·
2613 1973 2687 2033 ὧν
2726 1980 2826 2049 τὴν
2846 1978 3081 2048 θεωρίαν
3099 1978 3489 2047 ἀποδεχόμενοι
3524 1980 3619 2032 καὶ
3650 1980 3707 2032 σὲ
3742 1982 3989 2034 συνεῖναι

700 2071 814 2122 hazc
841 2067 1082 2122 studium
1140 2068 1473 2123 laboriosum
1533 2069 1690 2124 nobis
1749 2071 2280 2141 suadet(curare);

2410 2071 2442 2124 τὸ
2482 2072 2612 2142 περὶ
2651 2071 2825 2124 ταῦτά
2865 2087 2958 2124 σου
2991 2071 3280 2138 φιλόπονον
3326 2071 3472 2141 ἡμᾶς
3511 2069 3797 2124 ἀναπείθει
3820 2087 3838 2103 ο
3873 2072 3990 2125 οὐδ’

702 2179 880 2234 neque
909 2163 957 2219 si
989 2162 1119 2232 quid
1152 2163 1298 2217 aliud
1332 2165 1559 2218 scaturit
1611 2164 1760 2218 Pauli
1791 2165 2060 2220 dictorum
2114 2164 2283 2234 negli-

2416 2167 2437 2219 ῐ
2471 2165 2677 2219 τιᾶλλο
2708 2166 2946 2235 πηγάζει
2982 2165 3092 2218 τῶν
3120 2165 3214 2217 τοῦ
3249 2165 3460 2217 Παύλου
3510 2163 3775 2235 ῥημάτων
3814 2167 3994 2236 ὑπερ-

700 2269 888 2324 gemus
941 2253 1208 2308 derivare.
1238 2253 1373 2307 Cum
1438 2256 1581 2310 enim
1625 2256 1855 2310 dixisset
1907 2256 2060 2324 cujus
2103 2255 2286 2325 lingua

2410 2257 2631 2328 ᾠόμεθα
2658 2257 3096 2330 ἀπορρύσασθαι.
3121 2257 3301 2310 Εἰπὼν
3327 2257 3456 2327 γάρ,
3478 2252 3539 2312 οὗ
3579 2260 3613 2328 ὴ
3644 2257 3867 2323 γλῶσσα
3892 2257 3992 2311 τοῦ

709 2344 1046 2400 sanctissimi
1082 2344 1320 2413 Spiritus
1359 2361 1621 2415 organum
1657 2364 1669 2398 :
1706 2366 1724 2397 ι
1763 2344 1870 2401 Vos
1897 2345 1948 2398 in
1983 2346 2288 2400 libertatem

2410 2349 2666 2414 ταναγίου
2703 2347 3022 2415 Πνεύματος
3049 2346 3299 2416 δργανον,
3330 2366 3347 2397 ι
3373 2346 3562 2416 Ὑμεῖς
3589 2346 3675 2398 ἐπ’
3698 2346 3993 2418 ἐλευθερία

703 2434 886 2490 vocati
943 2434 1097 2500 estis,
1135 2434 1352 2500 fratres,
1393 2455 1413 2487 ι
1445 2446 1496 2490 et
1556 2438 1830 2492 docuisset
1863 2452 1970 2491 non
2006 2436 2292 2508 subjacere

2410 2439 2681 2510 ικλήθητε,
2723 2439 2962 2506 ἀδελφοὶ,
3003 2457 3022 2490 r
3062 2439 3158 2491 καὶ
3196 2437 3410 2505 διδάξας
3467 2437 3543 2502 ὡς
3579 2438 3677 2507 οὐχ
3699 2440 3995 2491 ὑπόκειται

702 2525 950 2579 servituti
1013 2525 1450 2581 circutncisionis
1503 2528 1687 2597 gratize
1742 2527 1900 2593 filios,
1936 2543 2110 2596 neque
2139 2528 2293 2583 valde

2410 2530 2603 2601 Ξουλείᾳ
2629 2530 2932 2600 περιτομῆς
2968 2528 3038 2582 τὰ
3073 2529 3174 2598 τῆς
3233 2529 3457 2598 χάριτος
3508 2529 3695 2593 τέκνα,
3736 2530 3858 2582 οὐδὲ
3913 2529 3995 2599 τῷ

717 2615 867 2684 gravi
895 2626 948 2670 et
976 2614 1178 2669 difﬁcili
1211 2616 1276 2670 ad
1305 2617 1771 2687 portandumjugu
1789 2618 1920 2688 legis
1934 2620 2212 2673 continere
2243 2628 2296 2673 et

2410 2620 2727 2691 πολυμόχθῳ
2761 2621 2856 2674 καὶ
2894 2619 3273 2690 δυσεξανύστῳ
3308 2619 3461 2692 ζυγῷ
3510 2620 3604 2674 τοῦ
3647 2621 3813 2690 νόμου
3861 2638 3997 2674 συν-

708 2704 871 2774 affligi
905 2705 1122 2771 debere,
1167 2720 1230 2758 ne
1262 2706 1564 2761 libertatem
1611 2709 1715 2761 sibi
1785 2724 2005 2778 quoque
2063 2710 2296 2763 aliorum

2410 2711 2616 2780 ἔχεσθαι
2668 2712 2762 2763 καὶ
2799 2710 3267 2782 ταλαιπωρεῖσθαι
3320 2712 3756 2784 κεχρεὼστηκεν,
3798 2712 3889 2765 ἴνα
3916 2712 3998 2782 μὴ

712 2811 835 2866 qua:
868 2811 976 2851 non
1006 2807 1220 2866 oportet
1244 2812 1405 2866 agere
1434 2798 1624 2852 donari
1661 2807 1933 2869 putarent,
1966 2811 2019 2856 et
2051 2803 2300 2856 occasio-

2410 2801 2498 2870 τὴν
2558 2801 2871 2870 ἐλευθερίαν
2925 2803 3109 2864 αὐτοῖς
3148 2804 3244 2855 καὶ
3291 2802 3400 2855 τῶν
3439 2803 3614 2856 ἄλλων
3651 2805 3746 2855 ὃσα
3785 2803 3863 2873 μὴ
3912 2803 4003 2855 δεῖ

708 2903 833 2942 nem
891 2887 1158 2942 libertatis
1190 2888 1448 2956 injuriam
1509 2889 1750 2944 facerent
1808 2891 2074 2946 libertatis
2105 2893 2297 2947 subse-

2404 2892 2664 2961 πράττειν
2702 2891 3020 2962 χαρίζεσθαι
3058 2893 3329 2962 νομιοῦσι,
3356 2896 3451 2946 καὶ
3490 2893 3588 2963 τὴν
3617 2894 3876 2963 ἀφορμὴν
3895 2894 4002 2960 τῆς

708 2988 895 3034 cantes
939 2981 1090 3033 carni
1125 2989 1178 3034 et
1205 2981 1553 3050 passiouihus
1583 2996 1922 3050 quaecunque
1967 2982 2150 3036 carnis
2181 2999 2305 3053 ger-

2410 2984 2719 3054 ἐλευθερίας
2757 2985 2916 3056 ὓϐριν
2956 2987 3290 3058 ποιήσωνται
3325 2986 3425 3056 τῆς
3475 2986 3785 3056 ἐλευθερίας
3855 2986 4001 3038 ὑπο-

711 3071 924 3123 minant
969 3078 1022 3124 et
1073 3047 1397 3124 nascuntur.
1454 3047 1744 3139 Propterea
1793 3047 2043 3140 adjunxit
2080 3089 2094 3125 :
2138 3091 2156 3123 ι
2183 3047 2301 3126 ξεό

2410 3073 2698 3137 κόπτοντες
2739 3076 2901 3145 σαρκὶ
2940 3075 3032 3128 καὶ
3063 3076 3315 3135 πάθεσιν.
3371 3079 3474 3130 ὅσα
3501 3080 3596 3146 τῆς
3619 3080 3818 3148 σαρκὸς
3857 3080 4003 3131 ἀπο-

710 3175 808 3229 per
830 3161 1155 3215 eharitatem
1191 3161 1390 3217 servile
1436 3162 1688 3226 invicem,
1735 3181 1753 3215 ι
1783 3166 1938 3233 quasi
1967 3163 2251 3234 (diceret)
2287 3182 2299 3217 :

713 3249 970 3306 ReVucati
1031 3252 1167 3307 estis
1193 3267 1224 3304 a
1257 3253 1518 3307 servitute
1557 3252 1696 3306 dura
1748 3254 1800 3307 in
1831 3254 2226 3324 inexpectatam
2251 3264 2305 3309 et

719 3344 936 3399 beatam
970 3343 1297 3408 libertatem,
1331 3344 1499 3415 fugite
1532 3346 1711 3400 carnis
1741 3345 2166 3401 dominationem
2211 3363 2304 3416 per

711 3450 876 3504 quam
901 3436 1054 3490 vobis
1071 3444 1396 3506 aggravatur
1425 3436 1685 3502 servitus,
1712 3451 1887 3504 neque
1913 3438 2029 3505 ejus
2059 3437 2306 3504 subjacet

714 3524 943 3594 legibus.
992 3523 1189 3579 Carnis
1221 3540 1350 3577 vero
1409 3527 1725 3580 servitutem
1776 3526 2126 3581 manifestum
2165 3526 2305 3580 mul-

717 3625 896 3670 tarum
942 3629 1164 3685 quoque
1187 3617 1420 3670 aliarum
1460 3618 1777 3685 passionum
1808 3627 1863 3672 et
1897 3618 2114 3671 malitiae
2152 3634 2304 3673 crea-

717 3709 905 3762 tricem
928 3714 981 3761 et
1019 3708 1279 3762 artificem
1301 3708 1544 3779 [essejet
1574 3710 1918 3762 machinatur
1953 3721 2165 3764 vastare
2197 3709 2305 3762 vir-

718 3799 854 3855 tutis
873 3810 926 3854 et
945 3800 1211 3855 libertatis
1237 3800 1516 3854 decorem.
1541 3797 1675 3871 [Sed
1704 3799 1781 3870 et]
1801 3816 2047 3856 amorem
2072 3813 2304 3856 conatur

719 3891 978 3945 humanis
1022 3891 1298 3945 mentibus
1333 3891 1624 3961 expellere.
1655 3893 1719 3946 Ut
1743 3891 1927 3961 igitur,
1951 3893 2046 3957 ait,
2069 3895 2304 3961 reliquas

721 3997 898 4053 usque
917 3983 1177 4050 nequitia:
1201 3984 1625 4037 insurrectiones
1647 3992 1986 4051 prwtereatu,
2015 4000 2136 4053 qua:
2152 3985 2306 4054 geni-

722 4074 871 4127 mina
897 4075 1082 4128 carnis
1107 4083 1165 4127 et
1188 4074 1429 4128 carnalis
1450 4085 1579 4127 sunt
1601 4089 1818 4135 sensus.
1840 4075 1924 4127 his
1941 4075 2066 4130 inde
2085 4077 2304 4129 venien-

723 4167 870 4221 tibus
893 4165 1110 4219 insidiis
1137 4175 1190 4219 et
1207 4165 1379 4234 plagis
1396 4173 1585 4219 contra
1604 4179 1724 4226 vos.
1758 4163 2041 4230 mortifico,
2062 4167 2304 4234 inquam,

726 4260 925 4323 amori,
955 4258 1169 4311 fortiter
1204 4267 1527 4327 repugnate,
1558 4272 1733 4326 neque
1772 4268 1829 4310 ut
1851 4261 2136 4313 transitum
2154 4274 2306 4328 repe-

2408 3164 2695 3219 ϐλαστάνει
2736 3167 2828 3219 καὶ
2858 3166 3072 3235 φύεται.
3098 3167 3198 3219 Διά
3234 3167 3392 3220 τοῦτο
3414 3169 3690 3239 ἐπήγαγεν
3715 3186 3726 3197 ·
3769 3189 3788 3220 ι
3833 3169 4002 3222 Ἀλλά

2404 3255 2490 3308 διά
2530 3257 2630 3326 τῆς
2666 3257 2885 3328 ἀγάπης
2923 3256 3204 3311 δουλεύετε
3263 3258 3513 3330 ἀλλήλοις
3555 3275 3568 3288 ·
3619 3279 3637 3311 ι
3696 3255 3832 3324 οἷον,
3875 3262 4000 3312 ’Δν-

2406 3347 2667 3418 εκλήθητε
2684 3349 2931 3411 δουλείας
2957 3348 3203 3418 χαλεπῆς
3234 3349 3313 3410 εἰς
3333 3349 3740 3419 ἀπροσδόκητον
3764 3351 3858 3402 καὶ
3893 3368 4003 3420 μα-

2407 3439 2605 3508 καρίαν
2634 3439 2966 3508 ἐλευθερίαν,
2997 3439 3226 3508 φεύγετε
3251 3439 3347 3506 τῆς
3389 3440 3590 3507 σαρκὸς
3622 3440 3722 3507 τὴν
3761 3440 4003 3510 ἐπικρά-

2405 3544 2576 3592 τειαν,
2612 3526 2679 3580 δι’
2709 3523 2778 3597 ἧς
2817 3529 2945 3596 ύμῖν
3001 3526 3292 3598 βαρύνεται
3319 3531 3351 3597 ἡ
3389 3528 3639 3580 δουλεία·
3703 3528 3842 3599 μηδὲ
3886 3534 4003 3591 τοῖς

2405 3619 2619 3689 ἐκείνης
2658 3619 3050 3672 κατακλίνεσθε
3084 3621 3285 3688 νόμοις.
3331 3621 3394 3671 'fl
3426 3620 3481 3672 δὲ
3516 3621 3614 3689 τῆς
3645 3623 3852 3690 σαρκὸς
3879 3621 4006 3674 δου-

2407 3710 2526 3761 λεία
2555 3710 2708 3780 δῆλον
2741 3710 2816 3773 ὡς
2834 3711 3045 3763 πολλῶν
3074 3711 3171 3780 μὲν
3210 3711 3304 3762 καὶ
3329 3710 3502 3764 ἄλλων
3541 3712 3660 3764 ἐστὶ
3690 3713 3884 3766 παθῶν
3907 3718 4006 3767 καὶ

2407 3803 2605 3864 κακίας
2661 3804 2992 3874 δημιουργὲς
3035 3804 3127 3855 καὶ
3167 3806 3420 3872 τεχνῖτις.
3458 3806 3553 3855 καί
3590 3803 4004 3873 διαμηχανᾶται

2406 3890 2761 3959 λυμαίνεσθαι
2789 3893 2886 3958 τῆς
2928 3894 3128 3962 ἀρετῆς
3159 3895 3250 3944 καὶ
3308 3893 3404 3962 τῆς
3432 3894 3748 3963 ἐλευθερίας
3781 3897 3844 3948 τὸ
3874 3899 4008 3950 κά).-

2405 3982 2522 4044 λος·
2552 3983 2691 4053 ἀτάρ
2729 3984 2792 4052 δὴ
2833 3985 2928 4035 καὶ
2948 3985 3047 4052 τὴν
3087 3985 3306 4054 ἀγάπην
3346 3987 3617 4054 ἐπιχειρεῖ
3645 3985 3762 4038 τῶν
3788 3987 4008 4056 ἀνθρω-

2409 4073 2578 4125 πίνων
2615 4073 2801 4143 ψυχῶν
2841 4073 3190 4129 ἀπελαύνειν.
3237 4077 3350 4128 Ἰνα
3373 4079 3573 4140 τοίνυν,
3603 4080 3758 4148 φησὶ,
3787 4082 3884 4142 τὰς
3909 4083 4008 4134 ά)-

2407 4166 2500 4228 λας
2534 4166 2672 4228 τέως
2699 4165 2797 4232 τῆς
2827 4167 3026 4229 κακίας
3057 4167 3460 4230 ἐπαναστάσεις
3499 4169 3665 4234 ἐάσω,
3722 4170 3780 4222 αἳ
3808 4176 4008 4240 γεννή-

2411 4274 2556 4326 ματα
2585 4259 2682 4328 τῆς
2720 4260 2918 4328 σαρκὸς
2988 4260 3080 4312 καὶ
3139 4253 3232 4312 τοῦ
3291 4261 3558 4330 σαρκικοῦ
3623 4260 4008 4334 καθεστήκασι

729 4349 834 4401 riat
876 4349 931 4401 in
979 4347 1137 4402 vobis
1195 4345 1438 4400 animam
1476 4344 1745 4397 occidenti
1780 4345 1905 4398 huic
1935 4347 2139 4413 peccati
2198 4347 2304 4401 telo

2410 4351 2777 4419 φρονήματος.
2806 4351 2941 4419 πρὸς
2962 4351 3164 4418 ταύτην
3195 4351 3292 4420 τὴν
3318 4351 3528 4403 ἐκεῖθεν
3549 4351 3852 4422 ἐρχομένην
3880 4355 4008 4404 ἐπι-

731 4446 1053 4507 praatextum
1097 4437 1334 4498 aliquem
1394 4435 1656 4504 praebete.
1687 4433 1801 4489 lloc
1836 4445 2011 4490 autem
2035 4439 2139 4492 erit
2168 4438 2306 4494 forte

2419 4441 2616 4512 ϐουλὴν
2652 4442 2745 4495 καὶ
2797 4441 3012 4512 πληγὴν
3053 4441 3174 4493 καθ’
3203 4441 3379 4510 ὑμῶν,
3437 4442 3536 4513 τὴν
3573 4443 4010 4513 νεκροποιοῦσαν

730 4543 838 4582 non
862 4542 1154 4596 Operosum
1180 4541 1356 4594 neque
1381 4524 1595 4578 dillicile
1618 4524 1880 4593 perfectn,
1902 4528 1994 4580 sed
2016 4536 2068 4580 et
2093 4527 2248 4582 facile
2263 4540 2306 4583 et

2417 4534 2558 4601 λέγω
2588 4533 2686 4602 τὴν
2754 4533 2997 4603 ἀγάπην,
3027 4535 3291 4601 γενναίως
3346 4532 3810 4599 ἀνταγωνίσασθε,
3867 4535 4011 4603 μηδὲ

731 4617 1073 4682 salvificum;
1105 4617 1152 4669 si
1186 4618 1332 4668 enim
1368 4630 1462 4683 per
1496 4617 1814 4669 charitatem
1837 4618 2311 4684 servitisinvicem,

730 4725 893 4763 omne
951 4709 1116 4763 telum
1177 4707 1432 4776 nequitia:
1483 4715 1669 4759 contra
1696 4722 1787 4760 vos
1822 4706 2024 4774 jactum
2075 4709 2315 4763 inellicax

730 4801 835 4856 erit
857 4817 874 4866 ;
895 4801 948 4852 in
973 4807 1191 4853 scutum
1210 4799 1355 4852 enim
1375 4797 1660 4852 offendens
1679 4799 1922 4867 ejusdem
1941 4814 2064 4868 erga
2085 4801 2312 4856 invicem

734 4907 933 4947 sensus
956 4901 1011 4945 et
1037 4891 1314 4954 amicitiae,
1346 4899 1399 4943 et
1425 4901 1623 4944 tortum
1661 4889 1928 4960 frangitur
1957 4901 2010 4946 et
2038 4893 2313 4962 repulsum

734 4987 787 5037 in
819 4981 1089 5036 imbellem
1142 4981 1356 5034 decidet
1390 4981 1581 5045 ictum,
1609 4994 1672 5033 ac
1704 4980 1864 5033 simul
1913 4982 2200 5049 jacieutem
2252 4999 2315 5037 eo

733 5090 844 5144 quo
863 5089 958 5141 par
976 5082 1060 5126 νει
1080 5073 1287 5140 pudore
1308 5071 1492 5138 implet
1511 5087 1526 5135 ;
1545 5071 1669 5139 quia
1688 5086 1811 5139 erga
1834 5071 2060 5126 invicem
2079 5089 2172 5141 per
2188 5075 2316 5127 cha-

737 5171 951 5221 ritatcm
975 5168 1209 5218 servitus
1230 5165 1359 5217 illud
1386 5167 1752 5231 quaedcsuper
1771 5175 2147 5220 estassecurat
2163 5170 2312 5221 auxi-

741 5259 870 5310 limn
901 5266 956 5309 et
981 5271 1170 5324 puram
1202 5265 1255 5309 et
1295 5255 1505 5308 beatam
1561 5266 1816 5322 operatur
1863 5256 2166 5312 libertatem
2218 5275 2311 5328 per

739 5363 860 5403 eam
902 5363 1025 5416 qua:
1081 5349 1132 5399 in
1191 5347 1422 5399 invicem
1457 5357 1539 5401 est
1593 5362 1800 5414 pacem,
1832 5358 1886 5401 et
1930 5349 2314 5404 insuhsmutin-

743 5449 854 5491 tam
896 5451 1084 5506 pacem
1142 5436 1431 5488 Dominum
1484 5445 1729 5489 nostrum
1789 5435 1972 5491 Jcsum
2033 5441 2309 5494 Christum

742 5527 940 5581 vestris
998 5527 1302 5580 inhabitare
1339 5526 1542 5581 faciens
1575 5529 1853 5584 cordibus.

2419 4625 2652 4695 πάροδον
2691 4626 2869 4693 εὑρεῖν
2905 4628 2962 4677 ἐν
3021 4625 3149 4694 ὑμῖν
3179 4625 3259 4694 τῷ
3324 4625 3649 4695 ψυχοφθόρῳ
3692 4624 3868 4694 τούτῳ
3904 4626 4012 4694 τῆς

2421 4714 2693 4782 ἁμαρτίας
2723 4713 2864 4781 βέλει,
2899 4712 3169 4782 πρόφασίν
3201 4731 3321 4767 τινα
3358 4712 3695 4780 παράσχητε.
3751 4710 3926 4763 Τοῦτο
3951 4715 4012 4763 δε

2424 4803 2575 4855 ἔσται
2601 4818 2716 4862 πως
2750 4803 2849 4852 οὐκ
2870 4802 3107 4870 ἐργιῖιόες
3147 4802 3265 4855 οὐδὲ
3290 4801 3524 4871 χαλεπὸν
3583 4801 3778 4852 ἀνύσαι
3804 4840 3819 4863 ,
3867 4800 4013 4853 ἀλλὰ

2415 4892 2506 4945 καὶ
2547 4891 2728 4962 ῥᾴδιον
2791 4894 2883 4942 καὶ
2923 4893 3221 4961 σωτήριονο
3272 4893 3323 4943 εἰ
3360 4892 3467 4959 γάρ
3512 4889 3602 4942 διά
3651 4891 3749 4958 τῆς
3781 4889 4014 4957 ἀγάπης

2412 4985 2691 5038 δουλεύετε
2721 4985 2969 5055 ἀλλήλοις
3011 4988 3156 5037 ἆπαν
3185 4984 3346 5036 ὅπλον
3392 4984 3656 5054 πονηρίας
3691 4983 3816 5037 καθ’
3847 4983 4014 5052 ὑμῶν

2417 5076 2741 5147 βαλλόμενον
2768 5077 3146 5148 ἀπρακτήσει·
3180 5077 3255 5145 τῷ
3278 5076 3455 5146 θυρεῷ
3479 5080 3585 5146 γὰρ
3607 5076 3882 5145 ἐμπίπτον
3907 5076 4014 5143 τῆς

2415 5168 2517 5240 [ἐν]
2539 5169 2784 5238 ἀλλήλοις
2799 5171 3050 5237 ὁμονοίας
3069 5187 3124 5221 τε
3149 5168 3291 5240 [καὶ]
3309 5170 3512 5237 φιλίας,
3529 5170 3621 5220 καὶ
3639 5168 3830 5220 θᾶττον
3845 5183 4015 5235 περι-

2415 5260 2698 5329 θραύεται,
2758 5263 2850 5313 καὶ
2885 5262 3325 5331 ἀποκρουόμενον
3363 5263 3441 5322 εἰς
3483 5262 3673 5331 κωφὴν
3716 5261 4012 5314 διαπίπτει

2417 5349 2616 5417 βολίδα,
2663 5352 2798 5417 μετᾶ
2837 5350 2928 5402 τοῦ
2961 5355 3054 5402 καὶ
3114 5353 3205 5403 τὴν
3246 5351 3514 5420 βάλλοντα
3560 5353 3658 5419 τῆς
3694 5353 4018 5420 προσηκού-

2419 5458 2519 5511 σης
2543 5441 2804 5511 αἰσχύνης
2835 5443 3149 5514 ἀναπλῆσαι
3169 5459 3180 5472 ’
3215 5443 3447 5512 ἐπείπερ
3479 5444 3513 5513 ή
3571 5444 3708 5513 πρὸς
3741 5442 4019 5512 ἀλλήλους

2417 5531 2506 5582 διὰ
2535 5530 2634 5599 τῆς
2655 5533 2876 5603 ἀγάπης
2906 5533 3140 5597 δουλεία,
3165 5537 3264 5605 τὴν
3311 5534 3517 5588 ἀνωθεν
3571 5533 4018 5604 ἀρραόωνίζεται

746 5618 1088 5691 συμμαχίαν,
1116 5618 1211 5670 καὶ
1259 5619 1356 5687 τὴν
1413 5612 1659 5690 κᾶθαράν
1721 5624 1813 5674 καὶ
1882 5626 2155 5694 μακαρίαν
2226 5627 2665 5695 καταπράττεται
2724 5625 3040 5695 ἐλευθερίαν
3075 5627 3162 5679 διὰ
3190 5629 3288 5697 τῆς
3341 5627 3398 5679 ἐν
3439 5624 3687 5694 ἀλλήλοις
3753 5623 4017 5705 εἰρήνης’

747 5713 841 5763 καὶ
871 5713 969 5780 τὴν
991 5712 1352 5763 ἐνυπὸστατον
1385 5712 1606 5782 εἰρήνην
1650 5713 1740 5764 τὸν
1765 5713 1966 5784 Κύριον
1990 5717 2144 5785 ἡμῶν
2205 5718 2409 5787 Ἰηςοῦν
2441 5718 2672 5787 Χριστὸν
2701 5719 2817 5779 ταῖς
2843 5717 2996 5787 ὑμῶν
3035 5719 3490 5786 ἐγκατοικίζουσα
3523 5716 3782 5788 καρδίαις.

820 5806 1025 5863 Deinde
1054 5807 1237 5876 adjicit
1268 5818 1317 5861 ct
1344 5808 1474 5876 legis
1496 5823 1764 5863 summam
1789 5824 1910 5866 esse
1929 5811 2151 5880 diligere
2177 5811 2319 5867 sicut

2500 5807 2626 5864 Εἶτα
2668 5812 3024 5882 προστίθησιν
3063 5814 3142 5866 ὅτι
3167 5815 3259 5865 καὶ
3285 5814 3448 5882 νόμου
3495 5809 3780 5878 κεφάλαιόν
3803 5811 3934 5860 ἐστι
3958 5811 4021 5860 τὸ
