4186 6444
729 411 836 474 395

1879 413 2146 476 ΡΗΟΤΙῙ
2177 409 2341 480 ΙΡΑΤ
2349 412 2714 474 ΒῙΑΗΟΗΕ
2751 413 2841 474 CP

3895 411 3997 476 390

723 534 998 585 noscens,
1039 519 1171 589 quid
1205 517 1431 591 impedit
1477 521 1658 592 ipsum
1706 520 2017 594 Evangelia,
2047 538 2170 594 qua
2192 532 2315 594 post

2419 521 2582 584 αὑτός
2607 520 2756 574 ίστιν
2802 523 2832 572 ὀ
2881 517 3068 587 σαφῶς
3099 517 3277 583 εἰδως,
3306 519 3359 573 τί
3390 518 3591 574 κωλύει
3625 520 3788 574 αὐτὸν
3820 521 3996 590 Εὔαγ-

722 629 833 670 non
887 614 1123 669 multum
1204 624 1421 686 tempus
1499 625 1554 671 et
1607 613 1946 686 Scripturam
2011 625 2308 686 exceptura

720 705 919 759 erant?
945 702 1180 760 Ubinam
1213 705 1400 775 itaque
1439 706 1709 763 inveniam
1743 708 1924 762 locum
1967 707 2308 764 incoharen-

721 809 813 852 tiae
841 797 896 850 in
922 798 1125 867 quibus
1152 798 1358 853 dictum
1386 806 1548 854 “Lit
1582 796 1902 867 Ubicunque
1961 798 2310 868 pradicatum

724 887 888 942 [inerit
910 888 1262 958 Evangelium
1285 888 1412 953 hoc,
1439 888 1654 943 dicetur
1672 898 1726 944 et
1759 888 1904 959 quod
1935 889 2051 944 hac
2078 887 2252 944 fecit?
2284 906 2304 940 ι

724 974 785 1031 Si
816 992 946 1033 vero
977 976 1328 1048 Evangelium
1357 977 1532 1047 ipsam
1563 980 1704 1048 piam
1750 979 2020 1034 actionem
2049 979 2175 1050 quis
2205 995 2309 1049 pu-

725 1069 921 1120 taverit
955 1067 1224 1132 mulieris,
1285 1081 1465 1136 neque
1517 1067 1599 1122 sio
1647 1067 1783 1136 ipsis
1827 1067 1938 1123 ullo
1977 1067 2142 1122 modo
2168 1069 2307 1124 insi-

724 1158 942 1227 pientiaa
993 1157 1290 1213 adhaerebit
1338 1158 1576 1214 macula.
1621 1157 1739 1214 Non
1788 1161 1935 1215 enim
1986 1159 2308 1230 simpliciter

722 1250 863 1303 dixit
894 1264 907 1300 :
947 1266 965 1299 ι
1001 1246 1325 1319 Ubicunque
1350 1248 1704 1318 pmdicatum
1729 1250 2191 1318 fuerit,dieetur,i
2211 1252 2306 1308 sed

729 1359 748 1391 ι
790 1337 1113 1410 Ubicunque
1147 1340 1499 1410 praedicatum
1533 1341 1717 1409 fuerit,
1765 1342 1821 1396 in
1842 1343 2162 1397 memoriam
2186 1343 2307 1412 ejus

723 1431 1004 1496 diceturp
1025 1432 1074 1486 id
1104 1441 1187 1486 est
1217 1432 1443 1502 gloriam
1469 1433 1643 1502 ipsius
1672 1449 1964 1502 perennem
1996 1435 2304 1500 suscitabit,

723 1529 778 1575 et
810 1521 1014 1591 ubique
1059 1522 1387 1578 admiratum
1435 1524 1866 1579 circumsonabit
1896 1526 2099 1581 amoris
2132 1526 2304 1581 divini

725 1611 1123 1667 testimonium.
1152 1611 1470 1668 Memoriam
1497 1615 1645 1669 enim
1681 1630 1838 1670 sacra
1871 1614 2097 1686 Eloquia
2127 1617 2308 1672 solent

725 1703 975 1774 accipere
1001 1720 1100 1773 pro
1129 1705 1380 1762 laudibus
1408 1708 1686 1776 praeclare,
1723 1721 1776 1764 et
1804 1710 2030 1780 gloriam
2053 1709 2305 1766 subindi-

726 1811 853 1850 care
871 1795 1152 1851 ﬂorentem
1181 1805 1238 1851 et
1265 1812 1389 1852 cum
1417 1802 1676 1869 temporis
1704 1816 1872 1856 cursu
1907 1803 2197 1872 vigentem.
2233 1800 2304 1858 Ut

2415 613 2592 680 γελια,
2623 611 2660 665 ἀ
2686 612 2805 680 μετ’
2827 609 2890 662 οὑ
2920 608 3088 662 πολὺν
3119 609 3311 679 χρόνον
3343 610 3438 662 καὶ
3465 611 3565 681 τὴν
3587 609 3810 681 Γραφην
3833 611 3996 681 ἐμελ-

2408 703 2500 757 λεν
2525 700 2917 768 ἀναδίξασθαις
2958 700 3122 753 Ὥστε
3157 699 3260 753 ποῦ
3319 701 3387 754 ἂν
3409 701 3559 770 εὖροι
3587 703 3688 771 μιν
3720 702 3906 774 χώραν
3925 705 4001 772 {es

2409 792 2786 863 ἀσυνάρτητον
2808 794 2866 844 ἐν
2891 786 2973 853 οἷς
3001 789 3245 862 εἴρηται·
3283 809 3301 842 ι
3333 790 3508 844 Ὅπου
3525 793 3622 846 ἐὰν
3655 794 3911 864 κηρυχθῇ
3940 795 4004 847 το

2409 883 2740 953 Εὐαγγέλιον
2753 880 2932 946 τοῦτο,
2950 881 3316 952 λαληθήσεται
3333 884 3426 936 καὶ
3449 883 3477 936 δ
3497 884 3755 954 ἐποίησεν
3772 883 3950 954 aiam;
3977 903 3999 935 ι

2408 975 2471 1029 Εἰ
2497 976 2554 1029 δὲ
2581 975 2643 1028 τὸ
2674 974 3006 1045 Εὐαγγέλιον
3053 972 3224 1046 αὐτὴν
3281 975 3613 1030 εὐσεδοῦσαν
3659 975 3862 1047 πρᾶξίν
3905 994 3993 1040 τις

2413 1068 2662 1138 ἐννοησει
2694 1066 2794 1136 τῆς
2821 1065 3101 1135 γυναικὸς,
3133 1065 3241 1118 οὐδ’
3263 1064 3438 1129 οὕτως
3472 1067 3657 1129 αὐτοῖς
3687 1066 3948 1137 οὐδαμῶς
3974 1070 4005 1120 ό

2404 1157 2508 1227 τῆς
2544 1156 2861 1227 ἀδολεσχίας
2893 1155 3235 1227 προσάψαιτο
3273 1156 3484 1226 μῶμος.
3530 1158 3606 1210 Οὐ
3653 1158 3764 1228 γὰρ
3807 1158 4008 1220 ἀπλῶς

2406 1247 2547 1318 εφη,
2612 1266 2634 1300 ι
2687 1249 2863 1302 Ὅπου
2915 1250 3012 1302 ἐὰν
3079 1248 3366 1320 κηρυχθῇ,
3423 1250 3829 1320 λαληθήσεται,
3887 1252 4004 1304 ἀλλ’

2413 1358 2435 1393 ε
2473 1340 2650 1394 Ὅπου
2697 1341 2792 1394 ἐὰν
2826 1341 3109 1412 κηρυχθῇ,
3135 1343 3218 1404 εἰς
3247 1342 3592 1412 μνημόσυνον
3618 1341 3790 1411 αὐτῆς
3831 1343 4005 1412 λαλη-

2407 1430 2669 1500 θήσεται·
2718 1449 2738 1482 ι
2788 1430 3034 1482 τουτέστι
3085 1429 3243 1496 δόξαν
3293 1429 3479 1490 αὐτοῖς
3513 1430 3596 1492 είς
3654 1431 4008 1500 μνημόσυνον

2405 1521 2584 1592 αὐτῆς
2638 1522 2968 1594 ἀείμνηστον
3023 1523 3359 1590 ἀναστήσει,
3407 1521 3503 1575 καὶ
3539 1522 3816 1592 πανταχοῦ
3868 1523 4004 1575 θαυ-

2410 1613 2715 1684 μαζόμενον
2758 1613 3071 1686 περιηχήσῃ
3105 1611 3167 1666 τδ
3204 1612 3471 1680 φιλόθεον.
3516 1614 3590 1666 Τὸ
3635 1614 3747 1685 γὰρ
3795 1615 4009 1686 μνημό-

2409 1722 2567 1758 συνον
2622 1705 2694 1758 τὰ
2747 1706 2866 1776 ίερά
2925 1706 3096 1772 Λόγια
3163 1702 3322 1757 εἴωθε
3379 1703 3839 1775 παραλαμδάνειν
3908 1705 4008 1758 ἐπὶ

2408 1799 2702 1869 ἐγκωμίων
2731 1799 3035 1870 λαμπρῶς,
3070 1801 3166 1854 καὶ
3197 1799 3356 1865 δόξαν
3396 1796 3696 1867 ὑπώηλοῦν
3734 1796 4011 1850 ἀνθοῦσαν

726 1887 859 1943 illud
879 1905 923 1942 τι
953 1887 1012 1942 ln
1046 1891 1367 1944 memoriam
1399 1904 1661 1947 κιαι-ηοω
1691 1894 1798 1949 erit
1810 1893 1994 1962 justus
2019 1895 2088 1949 ".
2122 1913 2143 1947 ι
2181 1892 2249 1949 Ει
2282 1911 2298 1950 :

2417 1891 2506 1946 καὶ
2519 1891 2598 1962 τῷ
2610 1891 2707 1945 τοῦ
2728 1892 2922 1961 χρόνου
2943 1892 3128 1963 δρόμῳ
3154 1889 3630 1959 ωνακμάζουσανο
3657 1889 3738 1951 ὡς
3756 1888 3842 1941 τό·
3863 1905 3884 1939 ι
3913 1887 4010 1951 Εἰς

732 1995 752 2030 ι
789 1976 961 2033 Periit
1003 1981 1265 2035 memoria
1315 1996 1508 2036 eorum
1537 1998 1662 2038 cum
1707 1985 1892 2040 sonitu
1919 1986 2004 2050 υς
2041 2005 2062 2038 ι
2087 1995 2143 2042 et
2171 1988 2299 2042 talia

727 2069 923 2124 multa.
954 2068 1122 2126 Recte
1155 2087 1288 2125 vero
1330 2073 1562 2142 gloriam
1613 2073 1844 2143 inducit,
1899 2076 2146 2133 mulieris
2176 2093 2307 2133 san-

725 2168 877 2214 ctum
901 2159 1103 2214 factum
1136 2161 1473 2230 proclamat;
1501 2179 1624 2217 cum
1647 2166 1791 2220 enim
1841 2166 1920 2220 illi
1975 2167 2308 2237 vituperium

727 2261 785 2305 et
816 2252 1087 2306 maculam
1140 2251 1519 2320 imprimerent
1570 2253 1739 2310 Deum
1786 2257 1992 2312 amanti
2044 2256 2190 2315 facto
2217 2274 2311 2315 sa-

728 2340 932 2412 pientis
962 2343 1271 2399 meretricis
1298 2353 1354 2398 et
1383 2360 1478 2413 per
1511 2346 1938 2416 increpationem
1972 2349 2146 2417 ipsam
2177 2364 2307 2419 age-

732 2441 876 2500 rent,
906 2447 972 2488 ea
1001 2434 1070 2488 de
1106 2449 1277 2490 causa
1311 2435 1568 2490 Salvator
1606 2437 1729 2494 aliis
1766 2439 2150 2508 praetermissis
2187 2455 2312 2510 qua

729 2529 1074 2597 propositum
1101 2539 1402 2584 consecuta
1433 2539 1562 2584 sunt
1588 2530 1818 2596 factum,
1854 2531 2068 2588 laudem
2095 2535 2310 2603 ι)αωί-

733 2619 806 2672 sit
834 2626 889 2672 et
919 2620 1170 2688 gloriam,
1197 2621 1564 2675 celebritatem
1602 2622 1731 2676 facti
1766 2623 1970 2693 ubique
1990 2626 2310 2697 pervulgan-

731 2711 877 2766 dam.
900 2710 1196 2780 Oportebat
1221 2713 1368 2767 enim
1396 2727 1586 2768 eorum
1615 2715 1818 2785 quibus
1849 2716 1926 2770 illi
1952 2717 2147 2771 acerba
2190 2718 2314 2773 huic

734 2805 1111 2874 partiebantur
1142 2808 1488 2875 increpantes
1516 2816 1573 2860 et
1604 2809 1842 2862 animam
1888 2808 2310 2872 eonfundebant,

735 2894 1024 2949 contrariis
1054 2895 1262 2951 hortari
1289 2905 1346 2950 et
1375 2911 1640 2964 recreare,
1670 2911 1722 2954 et
1756 2914 1979 2954 sensum
2021 2900 2202 2954 laetum
2236 2901 2313 2955 illi

734 2994 792 3039 et
814 2985 1182 3040 exsultantem
1211 2986 1520 3051 restituere,
1566 2988 1730 3042 simul
1748 3005 1878 3044 vero
1915 2999 1970 3044 et
2009 2991 2316 3060 praecipita-

738 3077 943 3128 tionem
968 3076 1348 3130 accusantium
1374 3074 1608 3131 lrenare.
1640 3079 1808 3143 Quasi
1841 3096 1858 3132 :
1886 3079 2046 3149 Apud
2081 3096 2183 3137 vos
2205 3081 2317 3135 cri-

737 3164 1134 3218 minationibus
1162 3165 1470 3234 subjectum
1511 3167 1714 3221 lactum
1739 3168 2087 3238 proclamans
2123 3169 2317 3225 Salva-

738 3256 875 3308 toris
926 3269 1130 3320 sermo,
1160 3270 1266 3309 non
1320 3265 1533 3310 tantum
1585 3266 1670 3313 est
1714 3259 1996 3315 absolutus
2049 3262 2118 3314 ab
2164 3263 2315 3317 omni

737 3348 993 3409 crimine,
1030 3349 1124 3402 sed
1153 3356 1210 3403 et
1235 3347 1439 3414 ubique
1461 3348 1865 3418 przedicabilur,
1898 3366 1966 3405 ex
1992 3353 2320 3408 meretriciis

739 3439 1079 3510 germinibus
1109 3438 1296 3494 ﬂorem
1322 3440 1611 3509 prudentia
1644 3442 1896 3496 eliciente
1925 3443 2242 3512 speciosum
2264 3454 2321 3498 et

739 3531 1275 3591 immarcescibilem,
1303 3541 1360 3585 et
1407 3530 1788 3586 admirabilem
1841 3547 2064 3587 sensum
2101 3534 2322 3588 demon~

740 3623 960 3687 strabit,
986 3632 1041 3678 et
1063 3622 1434 3678 sublimiorem
1477 3637 1638 3692 quam
1663 3638 1761 3692 pro
1796 3623 2000 3678 femina
2032 3624 2322 3694 cogitatio-

739 3730 868 3769 nem
921 3715 1219 3783 accepisse,
1256 3712 1423 3768 Deum
1466 3715 1686 3770 novisse
1716 3721 1772 3768 et
1804 3714 2090 3770 sacriﬁciis
2137 3714 2322 3770 divino

743 3805 1009 3861 instinctu
1064 3805 1324 3870 coluisse,
1381 3821 1543 3876 quem
1604 3805 1840 3860 humana
1884 3805 2061 3861 forma
2086 3806 2324 3862 circum-

745 3896 977 3965 tegebat.
1005 3893 1130 3950 Ideo
1158 3907 1213 3949 et
1236 3895 1372 3950 lines
1397 3903 1558 3950 terra:
1578 3895 1907 3950 videbuntur
1931 3896 2322 3951 beatitudinem

743 3989 822 4045 illi
851 3989 1060 4044 donare
1086 3995 1146 4044 et
1176 3987 1388 4044 laudes.

1125 4251 1453 4320 ρυιεδτιο
1491 4252 1607 4309 va
1653 4255 1753 4328 pa.
1787 4255 1928 4328 LV].

747 4345 1042 4428 Quemnam
1066 4360 1277 4428 sensim}
1308 4355 1410 4428 es}.
1435 4362 1752 4428 consequens
1791 4345 2329 4428 ct__irreprehensibil¢

819 4417 1209 4497 investigare“
1241 4416 1532 4497 intelligere
1553 4433 1645 4484 per
1676 4417 1936 4470 Desidia:
1967 4416 2122 4471 verba
2149 4418 2329 4498 dicen-

818 4493 898 4555 tia
929 4502 948 4538 :
979 4503 998 4534 ι
1034 4483 1269 4540 Tibisoli
1294 4501 1503 4554 peccem
1521 4496 1572 4539 et
1602 4487 1804 4540 malum
1838 4503 2019 4540 coram
2041 4499 2090 4540 te
2118 4488 2240 4555 fect,
2269 4495 2327 4538 ut

818 4554 1125 4635 iustiﬁcam
1159 4556 1213 4609 in
1237 4546 1565 4610 sermonibus
1610 4558 1714 4610 luis
1746 4567 1796 4612 ct
1821 4557 2001 4610 vincas
2034 4546 2156 4610 cum
2180 4546 2315 4626 jildi-

2492 4546 2859 4635 ὶὸᾎτοηιρρν

821 4626 957 4678 caris
981 4625 1007 4678 .’
1042 4643 1063 4676 ι

2414 1983 2759 2054 μνημόσυνον
2776 1982 2992 2037 αἰώνιον
3017 1983 3168 2036 ἐσται
3183 1982 3410 2044 δίκαιος·
3434 1999 3454 2033 ι
3473 1980 3590 2032 καίο
3611 1996 3630 2030 ι
3655 1978 3938 2031 ’Δπώλετο
3948 1978 4013 2031 τὸ

2412 2073 2755 2144 μνημόσυνον
2800 2075 2968 2129 αὑτοῦ
3006 2075 3126 2145 μετ’
3155 2075 3311 2144 ῆχουο
3350 2091 3370 2124 ι
3404 2073 3497 2126 καὶ
3532 2069 3708 2124 πολλά
3752 2069 4006 2123 τοιαῦτα.

2409 2161 2649 2224 Εἰκότως
2668 2163 2727 2217 δὲ
2751 2162 2912 2230 δόξαν
2935 2163 3153 2232 ἐπάγει,
3170 2162 3272 2233 τὴν
3293 2160 3391 2232 τῆς
3406 2161 3665 2230 γυναικὸς
3685 2158 4014 2230 ἱερουργίαν

2408 2255 2777 2323 προαγορεύει
2799 2270 2816 2286 ·
2856 2255 2982 2307 ἐπεὶ
3029 2253 3138 2324 γὰρ
3187 2253 3388 2306 ἐκείνοι
3446 2251 3620 2321 ψόγον
3663 2250 3761 2303 καὶ
3808 2248 4012 2318 μῶμον

2409 2345 2699 2416 ἐπέτριδον
2723 2347 2793 2416 τῇ
2821 2344 3052 2415 φιλοθέῳ
3083 2343 3282 2414 πράξει
3333 2343 3436 2412 τῆς
3486 2343 3766 2412 σώφρονος
3793 2339 4010 2410 πόρνης

2411 2435 2507 2490 καὶ
2529 2436 2600 2490 δι’
2629 2436 3004 2506 ἐπιτιμήσεως
3035 2434 3206 2503 αὐτὴν
3234 2429 3390 2504 ἦγον,
3425 2434 3622 2488 τοῠτου
3654 2433 3819 2503 χάριν
3840 2434 3872 2485 δ
3905 2432 4012 2484 Σω-

2410 2525 2514 2596 τὴρ
2536 2525 2606 2579 τὰ
2634 2525 2770 2579 ἀλλα
2797 2527 2994 2598 παρεὶς
3016 2525 3054 2579 ἃ
3078 2528 3146 2596 τῇ
3172 2527 3516 2598 προκειμένη
3547 2525 3838 2579 συνείπετο
3861 2527 4011 2596 πρά-

2413 2616 2516 2682 ξει,
2542 2615 2641 2669 τὸν
2682 2615 2907 2670 ἔπαινον
2954 2615 3219 2687 ἀντέθηκε
3255 2617 3350 2670 καὶ
3383 2618 3484 2685 τὴν
3511 2616 3693 2680 δόξαν,
3728 2617 3793 2670 τὸ
3845 2634 4009 2688 περι-

2411 2705 2630 2777 ώνυμον
2649 2707 2750 2774 τῆς
2780 2708 3045 2776 ἐργασίας
3095 2707 3373 2778 πανταχοῦ
3415 2707 3809 2778 διαπλωθῆναι.
3856 2709 4010 2762 Ἔδει

2413 2796 2523 2866 γὰρ
2575 2793 2658 2859 οἷς
2702 2798 2901 2850 ἐκεῖνοι
2957 2799 3021 2850 τὸ
3049 2798 3375 2868 σκυθρωπὸν
3415 2801 3557 2871 αὐτῇ
3603 2799 4011 2864 κατεσκέδαζον

2414 2887 2780 2957 ἐπιτιμῶντες
2839 2888 2935 2940 καὶ
2979 2889 3078 2959 τὴν
3115 2890 3295 2958 ψυχὴν
3345 2889 3619 2960 συνέχεον,
3643 2891 3856 2944 τούτων
3895 2893 4013 2954 τοῖς

2415 2975 2681 3038 ἐναντίοις
2727 2977 3088 3046 παρακαλεῖν,
3125 2980 3223 3032 καὶ
3259 2979 3623 3044 ἀνακτῶιθαι,
3657 2981 3754 3034 καὶ
3781 2981 3847 3034 τὸ
3885 2983 4011 3050 φρό-

2415 3080 2564 3133 νημα
2587 3066 2778 3134 χαῖρον
2803 3066 2941 3137 αὐτῇ
2967 3068 3063 3120 καὶ
3085 3068 3495 3139 ἀγαλλιῶμενον
3518 3069 4010 3135 ἀποκαθιστάνειν,

2417 3154 2534 3226 ἅμα
2556 3157 2613 3209 δέ
2635 3159 2731 3210 καὶ
2773 3159 2875 3229 την
2910 3161 3244 3230 προπέτειαν
3274 3160 3386 3215 τῶν
3433 3163 3846 3232 αἰτιασαμένων
3875 3165 4014 3218 ἀνα-

2419 3246 2723 3315 χαιτίξειν·
2755 3250 3042 3319 μονονουχὶ
3075 3251 3139 3304 τὸ
3184 3251 3318 3322 παρ’
3342 3251 3498 3321 ὑμῶν
3529 3253 3734 3316 αἰτίαις
3767 3254 4010 3307 ὑποϐαλο

2419 3339 2647 3409 λόμενον
2694 3340 2858 3410 ἔργον
2904 3343 3152 3397 ἀναϐοῶν
3195 3345 3225 3397 δ
3281 3347 3553 3416 σωτήριος
3581 3347 3741 3415 λόγος
3771 3365 3783 3376 ·
3835 3347 3914 3410 ὡς
3947 3348 4012 3401 οὐ

2423 3433 2585 3501 μόνον
2636 3433 2785 3487 ἐστὶν
2827 3436 3232 3505 ἀπολελυμένος
3276 3438 3462 3506 πάσης
3501 3439 3682 3501 αἰτίας
3723 3439 3865 3492 ἀλλά
3913 3441 4015 3493 καὶ

2422 3521 2702 3592 πανταχοῦ
2734 3523 3164 3594 κηρυχθήσεται,
3223 3527 3325 3595 τῆς
3368 3528 3433 3578 ἐκ
3462 3526 3739 3598 πορνικῶν
3773 3527 4016 3598 βλαστη-

2425 3612 2613 3683 μάτων
2634 3614 2794 3677 ἄνθος
2829 3614 3185 3685 σωφροσύνης
3218 3616 3562 3686 ἀνασχούσης
3578 3618 3787 3689 ὡραῖόν
3813 3635 3876 3671 τε
3911 3619 4016 3673 καὶ

2421 3704 2765 3776 ἀμάραντον,
2818 3707 2911 3759 καὶ
2969 3704 3283 3775 θαυμασίαν
3320 3707 3420 3777 τὴν
3471 3709 3698 3778 γνώμην
3722 3709 4012 3776 ἐπιδείξει,

2423 3796 2519 3848 καὶ
2545 3795 2888 3866 ὑψηλοτέραν
2912 3797 2946 3867 ἢ
2965 3797 3107 3851 κατά
3130 3799 3369 3864 γυναῖκα
3384 3799 3641 3869 φρόνημα
3663 3799 3854 3854 λαϐεῖν
3874 3800 4017 3854 Θεὸν

2424 3887 2722 3954 ἐπιγνῶναι
2742 3887 2839 3940 καὶ
2858 3887 3072 3950 θυσίαις
3088 3887 3324 3950 θειάσαι,
3340 3886 3400 3942 δν
3421 3889 3454 3960 ἡ
3482 3889 3796 3961 ἀνθρωπίνη
3823 3890 4016 3960 μορφὴ

2425 3979 2822 4050 περιέστελλεο
2865 3979 2946 4034 διδ
2995 3981 3096 4034 καὶ
3141 3982 3212 4034 τὰ
3260 3982 3477 4051 πέρατα
3525 3982 3626 4051 τῆς
3675 3982 4017 4051 οἰκουμένης

2425 4071 2726 4142 ὀφθήσεται
2763 4070 2857 4124 τὸν
2910 4071 3262 4142 μακαρισμὸν
3293 4073 3435 4143 αὐτῇ
3464 4071 3886 4143 δωροφοροῦντα
3911 4072 4016 4126 καὶ

2426 4164 2494 4220 τὰ
2524 4162 2797 4233 ἐγκώμια.

2966 4254 3304 4308 sparum:
3326 4253 3473 4321 Νςο.

2432 4345 2574 4400 Τίνα
2612 4345 2764 4399 νοῦν
2813 4345 2984 4398 ἐστιν
3031 4345 3375 4399 ἀκόλουθον
3424 4343 3522 4398 καί
3565 4341 4019 4412 ἀδυσφήμητρν

2498 4415 2854 4483 ἀνιχνεῦσαι
2879 4415 2976 4467 καί
3008 4412 3380 4481 κατανοῆσαι
3413 4414 3511 4468 διὰ
3541 4413 3660 4468 τῶν
3671 4411 4019 4483 Δαυτδικῶν

2491 4481 3142 4553 ῥημάτωνλεγύντων,
3178 4502 3195 4535 ι
3238 4484 3339 4536 Σοί
3376 4486 3543 4552 μόνῳ
3582 4484 3854 4553 ἥμαρτον
3910 4481 4020 4553 τοι

3052 4555 3144 4606 ιόν
3170 4569 3287 4607 σου
3314 4549 3593 4618 ἐάοίησα,
3610 4549 3788 4616 "diu;
3821 4549 3900 4606 ἂν
3920 4551 4019 4605 δι-

2503 4621 2763 4690 καιωθῇς
2792 4623 2864 4676 ἐν
2885 4623 3011 4690 τοῖς
3039 4625 3243 4692 λόγοις
3265 4637 3383 4676 σου
3415 4623 3514 4676 καί
3544 4622 3806 4689 νικήσῃς
3829 4622 3902 4675 ἐν
3927 4621 4022 4686 τῷ

2504 4693 2816 4762 κρίνεσθαί
2839 4707 2914 4746 σε
2937 4710 2958 4758 ;

1772 4828 1961 4880 Edilaa
1984 4828 2127 4888 Iaio,
2155 4833 2191 4879 ι.
2218 4843 2285 4891 e.,
2306 4842 2354 4892 p.
2373 4829 2426 4878 61
2449 4829 2540 4879 65.
2576 4829 2633 4879 In
2658 4827 2788 4879 Psal.
2815 4842 2863 4887 ι,
2895 4826 2947 4877 6.

824 4940 1051 5011 Propria
1079 4939 1301 5010 quidem
1329 4938 1662 4995 dilIicultatis
1697 4941 1898 4996 solutio
1924 4950 1980 4996 et
2005 4941 2074 4996 ad
2105 4940 2322 4996 Davidi-

755 5048 875 5087 cam
902 5032 1227 5101 sapientiam
1279 5040 1474 5100 aptans
1527 5030 1581 5084 id
1625 5032 1771 5100 quod
1810 5032 2024 5087 videtur
2051 5032 2332 5088 declarare

754 5123 1050 5177 verborum
1084 5122 1168 5175 vel
1189 5121 1256 5173 ad
1284 5120 1681 5175 dissonantiam
1712 5122 2130 5190 propensionem
2157 5122 2329 5192 majo-

755 5229 895 5278 rem,
925 5212 1089 5267 talis:
1122 5209 1237 5267 Non
1269 5219 1351 5264 est
1393 5212 1678 5280 responsio
1702 5212 1770 5265 ad
1801 5212 1933 5267 illud
1965 5227 1978 5261 :
2015 5229 2036 5264 ι
2072 5211 2195 5267 Tibi
2225 5213 2329 5268 soli

757 5304 1014 5372 peccavi;
1049 5321 1067 5355 ι
1108 5302 1238 5356 illud
1271 5319 1286 5354 :
1326 5321 1343 5352 ο
1381 5299 1451 5356 Ut
1495 5303 1811 5371 justiﬁceris
1859 5305 1914 5358 in
1981 5305 2329 5361 sermonibus

760 5396 892 5462 tuis,
930 5415 949 5447 ι
980 5397 1081 5452 etsi
1113 5395 1293 5449 locum
1331 5397 1654 5462 praecedenti
1696 5399 2143 5469 propinquiorem
2183 5399 2330 5454 obti-

759 5489 974 5554 nuerit;
1007 5489 1326 5543 redderetur
1357 5499 1536 5542 autem
1567 5493 1741 5561 magis
1773 5492 1993 5561 proprie
2029 5501 2086 5547 et
2109 5492 2333 5561 sapien-

763 5582 891 5644 tius,
924 5579 969 5635 sl
993 5587 1138 5634 certe
1166 5579 1234 5633 ad
1277 5594 1341 5632 ea
1376 5593 1497 5648 quae
1525 5579 1597 5635 ab
1635 5581 1793 5635 initio
1833 5582 2163 5651 precednnt,
2188 5582 2332 5637 rela-

761 5676 965 5729 '.ionem
993 5682 1339 5731 sumerentur
1371 5670 1656 5730 habentia.
1682 5673 1854 5742 Quale
1881 5684 1966 5734 est
1998 5694 2042 5730 τι
2074 5674 2333 5733 Miserere

837 5855 881 5888 ν’
913 5851 1034 5909 Psai
1086 5866 1174 5920 cx,
1215 5852 1259 5908 ί.
1366 5854 1384 5883 ³
1421 5851 1562 5909 i‘sal.
1597 5871 1670 5922 Ix,
1707 5855 1755 5908 7.

2514 4936 2813 5000 Ἰδιάζουσα
2835 4935 2937 5007 μὲν
2953 4933 3048 4988 τοῦ
3064 4935 3296 5005 διαπορή
3306 4950 3473 5003 ματος
3503 4933 3746 4995 ίπίλυσις
3763 4933 3857 4986 καὶ
3875 4929 4027 5000 πρὸς

2431 5031 2532 5103 τὴν
2571 5029 2863 5100 Δαυῑδικὴν
2921 5026 3113 5096 σοφίαν
3158 5025 3678 5099 καταρρυθμίζουσα
3719 5025 3780 5077 τὸ
3819 5021 4029 5076 δοκοῦν

2430 5121 2798 5191 ἀπεμφαίνειν
2816 5119 2924 5172 τῶν
2952 5118 3212 5190 ῥημάτων
3245 5118 3339 5170 καὶ
3362 5116 3497 5187 πρὸς
3527 5113 3826 5182 διαφωνίαν
3848 5110 4028 5183 ἐπιρ-

2432 5215 2785 5284 ρεπέστερον,
2809 5209 3030 5279 τοιαύτη
3054 5209 3156 5262 οὐκ
3171 5208 3316 5262 ἐστιν
3340 5207 3695 5268 ἀνταπόδοσις
3717 5203 3833 5269 τοῦ,
3869 5222 3888 5254 ι
3920 5204 4030 5257 Σοὶ

2436 5307 2586 5378 μόνῳ
2608 5306 2878 5376 ἥμαρτον,
2906 5303 2986 5365 τὸ,
3015 5322 3032 5354 ι
3062 5303 3258 5367 Ὀπως
3293 5301 3359 5355 ἂν
3381 5298 3674 5367 δικαιωθῇς
3699 5299 3756 5350 ἐν
3788 5298 3898 5358 τοῖς
3927 5295 4031 5349 λό-

2433 5417 2553 5469 γοις
2580 5415 2697 5463 σου,
2734 5415 2754 5448 ι
2786 5398 2835 5450 εί
2866 5397 2961 5449 καὶ
2996 5397 3095 5465 τὴν
3129 5393 3284 5458 τάξιν
3320 5391 3413 5446 τοῦ
3465 5385 3877 5459 προηγουιηνου
3915 5388 4027 5454 ἐγο

2434 5490 2674 5563 γυτέραν
2703 5489 2894 5560 ἔλαχεν
2914 5505 2928 5532 '-
2957 5485 3247 5555 ἀποδοθείη
3279 5485 3324 5538 δ’
3358 5484 3424 5537 ἂν
3453 5481 3783 5552 οἰκειότερόν
3817 5495 3872 5533 τε
3912 5479 4032 5534 καὶ

2435 5583 2766 5655 σοφώτερον,
2800 5582 2856 5635 εί
2889 5599 2953 5649 γε
2978 5581 3064 5651 ’τῷ
3119 5581 3216 5633 ἀπ’
3244 5576 3419 5648 ἀρχῆς
3471 5573 3864 5649 προηγουμένῳ
3913 5571 4036 5644 τὴν

2435 5675 2715 5746 ἀναφορὰν
2747 5671 3130 5745 παραληφθείη
3161 5667 3534 5740 παρεχόμενον
3558 5682 3573 5697 °
3600 5661 3730 5732 οἷον,
3759 5681 3778 5717 ι
3819 5660 4036 5735 Ἐλέη-
