4186 6444
188 425 291 486 3!?

1183 416 1279 475 AD
1312 413 1905 474 AMPHILOGHIUM
1934 408 2283 483 QUESTIO
2321 409 2406 467 LV
2421 408 2466 467 ί.

3347 403 3454 466 398

193 530 284 584 σόν
306 546 394 599 με,
423 531 451 581 ὁ
477 528 633 589 Θεὸς,
664 526 803 579 κατὰ
850 527 992 595 μέγα
1022 524 1171 589 ῑλεός
1203 542 1322 590 σου,
1370 526 1464 579 καὶ
1507 526 1651 580 κατὰ
1703 524 1764 577 τὸ
1795 566 1803 585 Α

1907 524 2006 587 nei.
2032 522 2197 589 Deus,
2222 522 2523 578 secundum
2547 532 2800 590 magnam
2819 519 3255 576 misericordiam
3283 530 3451 582 tuam,

190 620 392 688 πλῆθος
408 619 515 671 τῶν
536 617 836 686 οἰκτιρμῶν
856 634 950 670 σου
972 617 1254 687 ἐξάλειψον
1276 618 1339 671 τδ
1356 619 1533 688 άνόμη
1540 618 1617 687 μά
1640 636 1765 688 μου,

192 710 340 770 ὅπως
360 708 425 761 ἂν
452 708 741 777 δικαιωθῇς
773 709 830 760 ἐν
854 710 963 767 τοῖς
992 707 1172 775 λόγοις
1198 724 1294 760 σου
1326 708 1421 760 καὶ
1452 709 1682 778 νικήσῃς
1720 710 1777 759 ἐν

195 796 275 869 τῷ
300 797 576 867 κρίνεσθαί
604 814 663 850 σε
685 814 698 827 ο
730 815 751 848 υ
775 796 844 849 τὰ
856 796 913 849 δέ
928 796 1062 851 άλλα
1082 797 1475 866 μεταξυλογίας
1488 796 1699 868 ἔχοντα,
1719 802 1779 851 οὐ

198 890 485 960 περικόψει
498 890 589 942 τδν
609 890 795 958 είρμδν
812 888 937 943 οὔτε
958 888 1055 957 τῆς
1070 889 1309 953 διανοίας
1319 887 1442 942 οὔτε
1466 892 1565 959 τῆς
1584 890 1780 943 συντά-

201 981 358 1044 ξεως.
378 982 525 1035 Ποῐοι
544 980 591 1033 δ’
611 980 675 1032 ἂν
692 976 802 1033 εἷεν
824 980 972 1047 λόγοι
996 980 1065 1033 δι’
1083 974 1159 1033 ὧν
1179 981 1208 1033 ὁ
1223 980 1356 1042 Θεὸς
1370 980 1537 1034 ἐλεῶν
1551 980 1779 1035 δικαιοῦ-

203 1088 325 1135 ταις
366 1090 384 1123 ι
418 1073 485 1124 Ἣ
508 1072 632 1138 λέγε
663 1073 727 1125 σὺ
754 1071 968 1142 πρῶτος
999 1072 1100 1134 τάς
1129 1072 1408 1143 ἁμαρτίας
1431 1090 1524 1125 σου
1542 1074 1691 1136 ὅπως
1709 1073 1781 1126 δι-

202 1161 447 1230 καιωθῇς
469 1179 485 1194 ·
512 1180 530 1210 ι
558 1162 672 1223 καὶ,
697 1162 780 1214 ὅτι
809 1179 829 1213 ι
858 1160 951 1231 Μὴ
975 1161 1192 1230 θελήσει
1215 1162 1427 1233 θελήσω
1446 1162 1538 1215 τὸν
1557 1162 1786 1216 θάνατον

202 1252 298 1304 τοῦ
347 1250 693 1321 ἀμαρτωλοῦ,
741 1252 817 1315 ώς
859 1253 920 1306 τὸ
968 1252 1323 1323 ἐπιστρέφειν
1348 1254 1513 1307 αὐτὸν
1557 1254 1664 1309 ἀπὸ
1686 1255 1787 1321 τῆς

202 1340 328 1395 ὁδοῦ
357 1342 523 1396 αὑτοῦ
545 1343 644 1411 τῆς
676 1344 921 1414 πονηρᾶς
946 1343 1041 1397 καὶ
1070 1343 1172 1415 ζῇν
1197 1360 1213 1376 ο
1257 1364 1274 1396 ι
1310 1345 1408 1398 καὶ
1433 1345 1618 1401 πάλιν.
1657 1364 1677 1397 ι
1711 1347 1785 1399 Οὐ

204 1432 353 1486 θέλω
374 1433 465 1487 τὸν
493 1432 588 1487 τοῦ
610 1433 1049 1505 ἀποθνήσκοντος
1091 1435 1343 1500 θάνατον,
1377 1437 1496 1490 ἀλλ’
1528 1437 1786 1507 ἐπιστρέ-

203 1525 348 1591 ψατε
380 1526 474 1580 καὶ
523 1524 778 1597 ζήσεσθε.
816 1546 835 1579 ι
872 1520 1033 1582 Οὗτοι
1073 1528 1182 1599 γὰρ
1230 1529 1281 1582 oi
1327 1528 1478 1598 λόγοι
1519 1529 1789 1586 δικαισῦσι

209 1616 301 1669 τὸν
333 1616 490 1678 Θεὸν,
514 1616 697 1687 ῑργοις
721 1617 1129 1687 φιλανθρώποις
1159 1618 1510 1689 βεϐαιοῦντος
1524 1623 1621 1673 καὶ
1648 1638 1786 1689 συμε-

209 1706 449 1772 παθείας
474 1710 780 1781 οίκτιρμοῖς
804 1710 1211 1782 ἐκπληροῦντος
1227 1712 1447 1777 αὐτούς.
1480 1712 1542 1767 Εἰ
1565 1714 1675 1787 γὰρ
1693 1715 1791 1786 τῆς

210 1799 508 1871 Δαυϊδικῆς
576 1801 851 1870 ἁμαρτίας
907 1802 1003 1856 καὶ
1074 1804 1438 1873 μεταμελείας
1491 1806 1569 1878 τῷ
1615 1807 1791 1878 χρόνῳ

208 1890 644 1961 δευτερεύουσιν,
677 1891 792 1945 ἀλλ’
820 1888 915 1946 οῦν
942 1892 1043 1963 τῆς
1074 1896 1133 1947 ἐν
1156 1892 1233 1962 τῷ
1261 1894 1424 1949 Δαυῖδ
1450 1898 1791 1969 προφητικῆς

209 1983 274 2034 οὐ
316 1982 728 2052 δευτερεύουσιν
766 1983 1038 2051 γνώσεως.
1086 1985 1240 2038 Ἐπεὶ
1286 1987 1384 2040 καὶ
1413 1987 1576 2051 αὐτὸς
1602 1990 1629 2040 ὁ
1656 1989 1792 2056 ψαλ-

213 2073 319 2143 μὸς
345 2074 446 2126 οὐκ
474 2074 693 2127 ἔλαττον
720 2075 820 2145 τὴν
862 2075 957 2128 τοῦ
998 2076 1163 2130 Δαυϊδ
1210 2078 1583 2148 στηλογραφεϊ
1626 2078 1793 2148 μετά·

211 2182 370 2219 νοιαν
404 2168 500 2219 καὶ
528 2166 936 2237 ἐξομολόγησιν,
981 2169 1075 2222 καὶ
1105 2168 1195 2221 τὸν
1226 2171 1316 2222 ἐπὶ
1348 2172 1463 2233 τοῖς
1492 2173 1794 2240 παραπτώ-

216 2272 388 2325 μασιν
434 2257 583 2310 ἔλεον
626 2258 658 2327 ἢ
707 2259 809 2329 τὴν
844 2259 1092 2329 ὑστέροις
1151 2262 1366 2330 χρόνοις
1420 2263 1800 2332 αἰχμαλωσίαν

210 2348 313 2401 τοῦ
378 2347 596 2419 Ἰσραὴλ
658 2350 1057 2420 προαγγέλλεν
1108 2351 1204 2405 καὶ
1264 2353 1447 2417 ἐλέους
1502 2354 1800 2426 ἀξιωθῆναι

216 2440 445 2504 τούτους
474 2441 566 2494 καὶ
591 2442 1002 2511 φιλανθρωπίας
1029 2445 1086 2497 ἐν
1112 2444 1446 2499 διατυπώσει
1472 2463 1530 2498 τε
1553 2448 1645 2499 καὶ
1672 2465 1802 2517 σχη-

218 2532 484 2602 ματισμῷ
522 2532 778 2603 δεομένου
808 2535 1189 2604 προθεσπίζει,
1215 2538 1708 2608 ἁκουτισθήσεσθαί
1741 2556 1801 2591 τε

214 2624 545 2691 ὰγαλλίασιν
571 2625 665 2678 καὶ
688 2625 1029 2696 εὐφροσύνην
1078 2629 1393 2697 προφητικῇ
1432 2628 1805 2698 χρησμολογεϊ

214 2715 539 2784 διαγνώσει,
581 2716 1011 2785 άγαλλιάσεσθαί
1052 2734 1111 2770 τε
1153 2716 1318 2770 ὀστέα
1353 2718 1807 2788 ταταπεινωμένα

217 2811 321 2861 καὶ
348 2810 621 2878 πνεύματι
676 2808 989 2879 ἡγεμονικῷ
1037 2809 1419 2880 στηριχθῆναι,
1452 2810 1547 2863 καὶ
1572 2812 1808 2879 άγαθυν-

223 2899 393 2968 θῆναι
416 2898 538 2969 θείᾳ
565 2899 781 2969 εὐδοκία
809 2898 909 2970 τὴν
930 2899 1089 2963 Σιὼν,
1124 2900 1613 2970 άνοικοδομηθῆναί
1654 2919 1712 2954 τε
1740 2904 1808 2957 τά

222 2987 626 3059 πεπορθημένα
652 2988 806 3058 τείχη
852 2991 945 3041 καὶ
979 2988 1446 3058 κατηρειπωμένα
1471 2991 1569 3058 τῆς
1614 2988 1808 3058 ἰερουο

224 3080 368 3149 σαλή
377 3098 435 3150 μ.
470 3079 591 3133 Τῶν
613 3079 915 3133 Δαυῖδικῶν
936 3078 1115 3132 τοίνυν
1134 3081 1201 3150 ρη
1210 3078 1396 3148 μάτων
1422 3078 1545 3131 ἀντὶ
1561 3078 1655 3133 τοῦ
1675 3095 1809 3149 σχη-

1880 625 1935 671 et
1971 614 2273 672 secundum
2306 612 2711 669 multitudinem
2753 612 3164 668 miserationum
3214 618 3454 672 tuarum,

1882 709 2002 765 dele
2032 708 2372 777 iniquitatem
2405 721 2604 769 meam,
2644 715 2703 759 ut
2734 703 3055 775 iustiﬁceris
3087 705 3141 758 in
3184 702 3457 760 sermoni-

1887 802 1985 855 bus
2014 800 2120 855 tuis
2147 807 2202 855 et
2226 798 2413 852 vincas
2458 812 2582 852 cum
2622 795 2886 866 iudicaris
2914 798 2983 848 “.
3025 813 3045 848 ι
3079 794 3285 850 Caetera
3331 808 3462 848 vero

1887 893 2119 953 medium
2154 891 2410 956 tenentia,
2438 906 2542 945 non
2575 890 2827 945 scindent
2861 903 3061 943 nexum
3112 902 3289 958 neque
3334 902 3459 941 sen-

1885 999 1981 1040 sus
2010 997 2185 1053 neque
2227 981 2457 1037 ordinis.
2492 981 2727 1047 Quinam
2765 987 2946 1033 autem
2970 985 3156 1033 essent
3181 989 3461 1031 sermones

1886 1076 2088 1145 quibus
2128 1074 2271 1129 Deus
2328 1074 2595 1128 miserans
2650 1070 3019 1141 justilicatur?
3059 1089 3076 1122 ι
3113 1070 3221 1124 Aut
3266 1068 3357 1123 dic
3410 1077 3467 1121 tu

1890 1168 2098 1237 primus
2128 1174 2348 1237 peccata
2374 1175 2465 1219 tua
2504 1174 2563 1218 ut
2602 1162 2922 1233 iustiﬁceris
2956 1162 3034 1221 ";
3074 1181 3088 1212 ι
3138 1172 3229 1215 et:
3269 1180 3285 1210 ι
3332 1159 3468 1215 Nolo

1890 1266 2122 1314 mortem
2162 1257 2487 1328 peccatoris,
2512 1256 2606 1311 sed
2639 1255 2881 1310 converti
2940 1254 3116 1323 ipsum
3151 1269 3183 1308 a
3238 1255 3324 1307 via
3370 1268 3469 1308 sua

1890 1350 2029 1405 mala
2060 1357 2115 1405 et
2158 1352 2340 1403 vivere
2370 1348 2439 1401 ".
2478 1366 2496 1399 ι
2525 1345 2590 1400 Ει
2643 1360 2840 1401 rursus
2875 1364 2887 1397 :
2924 1362 2943 1395 ι
2987 1341 3125 1398 Nolo
3186 1343 3469 1399 morientis

1892 1450 2145 1505 mortem,
2208 1440 2303 1495 sed
2352 1438 2685 1494 revertimini
2733 1445 2788 1491 et
2857 1437 3024 1491 vivite
3051 1436 3119 1489 θ’.
3160 1453 3178 1486 ι
3215 1432 3279 1488 Hi
3327 1434 3472 1487 enim

1892 1546 2173 1588 sermones
2207 1532 2510 1602 justillcant
2541 1528 2737 1594 Deum,
2781 1527 2940 1583 factis
2968 1525 3223 1581 humanis
3250 1523 3475 1579 ﬁrman-

1894 1634 2002 1680 tem
2056 1633 2113 1680 et
2169 1621 2569 1693 compassionis
2632 1620 3086 1675 miserationibus
3160 1616 3475 1687 implentem

1894 1718 2036 1772 illos.
2066 1714 2122 1770 Si
2160 1715 2305 1771 enim
2338 1713 2596 1768 Davidico
2626 1719 2853 1783 peccato
2888 1722 2942 1765 et
2967 1710 3282 1782 pamitentia
3335 1718 3477 1764 tem-

1896 1824 2023 1879 pore
2051 1810 2383 1879 posteriores
2414 1816 2563 1871 sunt,
2599 1814 2655 1860 at
2682 1816 2864 1861 tamen
2891 1807 2946 1858 in
2972 1803 3143 1858 David
3164 1800 3479 1873 prophetica

1896 1917 2003 1958 non
2036 1909 2166 1956 sunt
2193 1898 2524 1970 posteriores
2550 1897 2799 1953 scientia.
2830 1893 2974 1961 Quia
3006 1904 3061 1948 et
3088 1895 3204 1964 ipse
3234 1891 3481 1962 psalmus

1897 2006 2005 2047 non
2055 1990 2237 2046 minus
2273 1988 2494 2043 Davidis
2535 1988 2794 2055 insculpit
2842 1985 3221 2056 paenitentiam
3263 1992 3318 2039 et
3346 1999 3483 2040 con-

1900 2081 2191 2137 fessionem
2250 2089 2303 2135 et
2336 2092 2501 2148 super
2534 2076 2779 2147 lapsibus
2835 2072 3269 2129 misericordiam
3315 2084 3481 2141 quam

1900 2170 2293 2241 posterioribus
2325 2168 2663 2238 temporibus
2708 2164 3085 2235 captivitatem
3143 2161 3305 2217 lsrael
3343 2175 3482 2230 pra:-

1903 2263 2135 2324 nuntiat,
2161 2270 2215 2316 et
2247 2259 2625 2316 misericordia
2668 2258 2920 2326 dignatas
2946 2269 3068 2310 esse
3093 2254 3191 2309 bos
3214 2262 3270 2308 ct
3290 2252 3485 2306 buma-

1904 2354 2067 2408 nitate
2098 2352 2152 2405 in
2184 2352 2326 2421 typis
2359 2358 2412 2403 et
2444 2350 2615 2419 ligura
2652 2348 2940 2417 implorata
2980 2345 3243 2398 divinitus
3290 2342 3481 2412 praedi-

1904 2444 2013 2507 cit,
2068 2442 2392 2495 audiendam
2446 2454 2568 2495 esse
2631 2440 3049 2493 exsultationem
3130 2444 3183 2489 et
3242 2432 3481 2489 laetitiam

1904 2532 2217 2603 prophetica
2273 2530 2594 2599 pronuntiat
2644 2527 2977 2597 cognitione,
3036 2524 3489 2595 exsultaturaque

1906 2638 2031 2679 ossa
2062 2621 2339 2676 bumiliata
2372 2629 2426 2675 et
2458 2621 2652 2691 spiritu
2687 2617 2974 2688 principali
3017 2616 3393 2673 conlirmanda
3436 2624 3492 2670 et

1909 2714 2067 2770 bouis
2118 2714 2458 2768 adiciendam
2503 2711 2689 2766 divino
2722 2710 3066 2779 bcneplacito
3097 2709 3252 2773 Sion,
3302 2708 3493 2762 resedi-

1910 2804 2229 2872 licentiaque
2276 2803 2457 2856 diruta
2518 2806 2717 2856 moenia
2770 2811 2823 2856 et
2877 2816 3070 2854 eversa
3159 2797 3487 2852 Jerusalem.

1911 2895 2183 2950 Davidicis
2232 2894 2395 2965 igitur
2440 2896 2661 2958 verbis,
2724 2893 2923 2948 nedum
2974 2894 3251 2963 (iugantur
3310 2900 3494 2946 trans-

1912 3003 2129 3057 gresso,
2160 2986 2330 3057 tropis
2372 2996 2518 3042 recta
2575 2986 2808 3040 iuvucem
2866 2984 3293 3050 cohaerentibus,
3333 2981 3491 3047 nihil,

1913 3086 1973 3132 ut
1993 3078 2199 3133 dictum
2253 3085 2355 3141 est,
2406 3076 2695 3132 discedens
2756 3092 2783 3130 a
2842 3075 3169 3130 rectitudine
3212 3083 3265 3128 et
3329 3086 3499 3129 sensu

228 3171 560 3241 ματίζεσθαι
593 3169 671 3240 τῷ
721 3170 1143 3241 ὑπερϐεϐηκότι,
1186 3169 1296 3223 τῶν
1346 3170 1564 3241 τρόπων
1598 3170 1683 3223 ἐπ’
1714 3170 1803 3222 εὐ-

1918 3169 2359 3241 propheticorum
2402 3183 2719 3224 sermonum
2759 3167 3036 3231 occurrit;
3070 3166 3324 3220 invocant
3351 3164 3498 3219 enim

230 3264 387 3325 θείας
406 3262 655 3331 ἀλλήλοις
669 3261 1112 3331 συναπτομένων,
1130 3261 1303 3324 οὐδὲν,
1328 3260 1403 3323 ώς
1425 3260 1662 3331 εἴρηται,
1680 3278 1803 3314 στα-

1922 3262 2263 3332 superiorem
2316 3261 2749 3319 misericordiam
2795 3269 2849 3315 et
2904 3257 3360 3322 benevolentiam,
3405 3271 3502 3327 per

228 3355 424 3418 σιάζον
457 3354 593 3424 πρὸς
624 3353 725 3423 τὴν
744 3352 1011 3422 ὀρθότητα
1052 3352 1145 3405 καὶ
1196 3351 1413 3403 σύνεσιν
1455 3351 1564 3403 τῶν
1598 3368 1803 3421 προφη-

1912 3369 2049 3423 quas
2092 3355 2264 3425 magis
2306 3354 2519 3424 justitia
2545 3354 2725 3409 elucet
2781 3352 2874 3408 Dei
2914 3362 2969 3409 et
3008 3354 3230 3409 veritas.
3264 3351 3340 3407 Ita
3373 3364 3505 3420 ergo

226 3449 405 3500 τικῶν
460 3446 631 3513 λόγων
685 3446 901 3515 ἀπαντᾷ
932 3460 942 3472 ·
977 3442 1334 3497 ἐκκαλοῦνται
1374 3442 1480 3511 γάρ
1508 3440 1567 3493 τὸ
1611 3440 1803 3494 ἄνωθει

1915 3444 2071 3500 facile
2104 3456 2187 3500 est
2217 3455 2269 3500 et
2292 3446 2433 3500 haud
2470 3444 2773 3501 infaustum
2798 3446 3120 3515 conspicere
3147 3444 3426 3515 quomodo
3450 3450 3508 3497 et

227 3540 386 3600 ἕλεος
441 3538 535 3590 καὶ
591 3534 689 3606 τὴν
739 3535 1048 3605 εὐμένειαν,
1099 3535 1167 3587 δι’
1196 3527 1272 3588 ὧν
1309 3533 1509 3602 μᾶλλον
1556 3532 1803 3601 ἡδικαια

1918 3540 2232 3609 ambiguum
2275 3553 2371 3608 per
2395 3535 2608 3593 atlinem
2648 3547 2857 3593 textum
2899 3553 3118 3594 sacrum
3179 3535 3505 3592 mandatum

233 3630 376 3699 σύνη
405 3628 701 3697 διαλάμπει
737 3627 830 3679 τοῦ
877 3626 1011 3679 Θεοῦ
1044 3625 1139 3679 καὶ
1164 3628 1198 3695 ἡ
1237 3624 1484 3694 ἀλήθεια.
1518 3623 1674 3677 Οὕτω
1720 3624 1803 3694 μὲι

1920 3630 1990 3686 sit
2041 3640 2095 3685 et
2146 3630 2420 3700 prophetae
2469 3630 2711 3684 divinam
2764 3630 3089 3700 sapientiam
3143 3638 3197 3684 et
3245 3629 3503 3683 virtutem

230 3717 332 3773 οὖν
369 3719 498 3791 ῥᾷόν
533 3721 649 3773 ἐστι
682 3722 776 3771 καὶ
809 3717 1189 3788 ἀταλαίπωρον
1215 3717 1469 3786 συνορᾷν,
1496 3716 1642 3779 ὅπως
1668 3732 1725 3767 τε
1754 3715 1803 3767 τί

1925 3738 2030 3777 non
2082 3723 2424 3786 adulterarit,
2483 3737 2659 3791 neque
2699 3722 2939 3792 aliquem
2994 3720 3510 3777 ratiocinationibus

233 3808 761 3880 ἀμφισϐητούμενον
786 3809 872 3863 διά
914 3809 1011 3878 τῆς
1041 3810 1336 3876 συγγενοῦς
1378 3807 1680 3877 ίερολογίας
1725 3809 1803 3861 ἀν-

1929 3810 2138 3880 injiciat
2169 3812 2532 3868 turbationem
2563 3826 2686 3882 quae
2735 3827 2765 3867 a
2786 3813 2959 3868 Deum
3001 3812 3212 3868 decenti
3238 3812 3415 3867 aliena
3439 3808 3514 3865 sit

236 3901 532 3972 εκαθάρθη
555 3901 651 3956 καὶ
677 3901 778 3969 τὴν
810 3902 1155 3973 προφητικὴν
1178 3900 1467 3969 θεοσοφίαν
1492 3899 1589 3953 καὶ
1618 3899 1819 3972 ἀρετὴν
1930 3905 2232 3975 proposito.

237 3996 345 4048 οὐκ
403 3995 706 4057 ἐνόθευσεν,
761 3993 883 4046 οὐδέ
939 4010 1060 4046 τινα
1114 3996 1391 4062 λογισμοῖς
1445 3992 1703 4062 ἐμϐάλλει
1758 3994 2060 4068 δισταγμὸν
2124 4000 2217 4053 καὶ
2267 3999 2371 4070 τῆς
2413 3998 2756 4069 θεοπρεποῦς
2813 4000 3095 4071 ἀλλότριον
3156 3999 3509 4068 ὑπολήψεως.

329 4090 486 4143 Ἐπεὶ
544 4090 602 4142 δέ
646 4089 703 4141 τὸ
758 4088 858 4157 μὲν
914 4087 1193 4139 Δαυϊοικὸν
1241 4085 1405 4156 ῥητὸν
1436 4085 1705 4152 ἰδιάζοντα
1731 4085 1803 4140 τδε

2004 4090 2141 4145 Cum
2173 4106 2301 4147 vero
2350 4091 2664 4147 Davidicum
2715 4090 2937 4162 quidem
2989 4091 3194 4146 dictum
3229 4090 3510 4161 propriam

243 4180 623 4252 καταρτισμὸν
673 4180 915 4247 εὑρίσκει
963 4178 1058 4231 καὶ
1102 4179 1202 4250 τὴν
1239 4179 1564 4250 εὐμάρειαν,
1609 4180 1716 4231 εἰσὶ
1767 4178 1803 4231 δὲ

1934 4182 2328 4238 οοηηειὶοηειη
2383 4182 2622 4238 inveniat
2663 4192 2718 4238 et
2745 4184 2943 4238 bonam
3005 4183 3375 4252 partitionem,
3407 4182 3516 4238 sint

239 4276 343 4330 καὶ
374 4273 511 4326 ἄλλα
542 4269 714 4324 πολλά
745 4269 853 4322 τῶν
888 4270 1085 4334 λογίων
1117 4269 1214 4339 τὴν
1262 4269 1432 4337 αὐτὴν
1470 4270 1569 4338 μὲν
1600 4269 1803 4340 ζήτησιτ

1932 4283 1987 4329 et
2012 4274 2115 4328 alia
2148 4273 2320 4329 multa
2356 4273 2570 4343 eloquia
2610 4276 2861 4329 eamdem
2910 4275 3322 4344 inquisitionem
3359 4274 3508 4329 exci-

239 4366 639 4434 ἁναδεχόμενα,
676 4363 735 4415 οὐ
769 4363 862 4416 διὰ
902 4362 998 4431 τῆς
1049 4362 1220 4431 αὐτῆς
1251 4361 1309 4414 δὲ
1352 4360 1572 4431 μεθόδου
1606 4361 1803 4415 ἐπιλυό·

1931 4366 2157 4435 pieutia,
2188 4380 2297 4422 non
2332 4375 2512 4422 autem
2553 4381 2649 4437 per
2677 4367 2925 4421 eamdem
2958 4365 3276 4421 methodum
3310 4365 3509 4428 soluta,

242 4474 412 4528 μενα,
439 4456 661 4526 άμεινον
690 4455 783 4507 ἐπὶ
826 4455 925 4523 τὴν
975 4453 1408 4524 καθολικώτερον
1431 4453 1605 4509 ταῦτα
1637 4454 1795 4525 θεουρ

1933 4458 2132 4515 melius
2173 4468 2258 4515 est
2290 4460 2357 4514 ad
2388 4460 2562 4530 magis
2607 4459 2876 4515 eatbolice
2914 4460 3029 4514 haec
3071 4457 3334 4513 divinitus
3378 4472 3512 4528 ope-

241 4546 456 4615 γοῦσαν
509 4546 603 4598 καὶ
673 4541 1110 4605 διευθετίζουσαν
1170 4542 1503 4613 ἀναδραμεῖν
1565 4543 1798 4612 θεωρίαν

1930 4557 2145 4605 rantem
2178 4558 2233 4604 et
2260 4549 2397 4605 bene
2426 4558 2757 4605 statuentem
2798 4565 3083 4606 recurrere
3138 4549 3427 4610 theoriam,
3461 4558 3516 4601 et

242 4635 511 4690 κάκεῖθεν
527 4634 633 4687 άπὸ
654 4634 753 4702 τῆς
780 4633 961 4702 κοινῆς
986 4636 1202 4687 πάντων
1217 4633 1545 4701 διακρίσεως
1578 4635 1677 4704 τὴν
1698 4634 1829 4687 άκόο

252 4725 453 4780 λουθον
482 4725 577 4778 καὶ
614 4725 915 4795 ἱεροπρεπῆ
945 4722 1179 4777 διάνοιαν
1212 4724 1286 4786 ὡς
1309 4717 1421 4778 οἷόν
1451 4725 1511 4778 τέ
1555 4727 1702 4779 ἐστιν
1729 4727 1828 4796 ἐμ-

246 4820 398 4888 φανῆ
427 4817 793 4885 καταστῆσαι.
831 4817 986 4869 Ἐστι
1014 4816 1058 4869 δ’
1089 4815 1182 4869 οῦν
1212 4814 1249 4869 ά
1284 4815 1378 4869 τὸν
1426 4816 1588 4869 αὑτὸν
1611 4834 1827 4889 σχημα-

247 4910 449 4978 τισμὸν
482 4906 846 4960 ὑποϐάλλεται
870 4907 969 4976 τῆς
995 4905 1296 4968 συνθέσεως
1316 4905 1412 4959 καὶ
1440 4904 1577 4977 πρὸς
1613 4907 1712 4977 τὴν
1730 4907 1828 4960 αὐ..

246 5004 351 5071 τὴν
378 5000 475 5053 τοῦ
500 5001 657 5067 λόγου
685 5000 857 5052 δεῖται
877 4998 1114 5068 φυσικὴν
1134 4997 1524 5067 άναπλωθῆναι
1545 4999 1637 5052 καὶ
1661 5000 1829 5069 ἀσχη-

249 5097 521 5167 μάτιστον
556 5092 810 5160 ίδιότητα,
849 5092 923 5155 ώς
968 5092 1032 5143 ὲκ
1074 5089 1284 5143 πολλῶν
1313 5090 1469 5158 ὀλίγα
1501 5090 1825 5160 παραθεῖναι

245 5188 461 5242 ταῦτα’
503 5203 521 5237 ι
568 5181 871 5235 ’Δποστελῶ
921 5180 1018 5251 τὴν
1042 5183 1201 5251 χεῖρά
1249 5200 1350 5251 μου
1385 5182 1622 5247 πατάξαι
1648 5198 1707 5234 σε
1736 5183 1829 5234 καὶ

242 5282 340 5333 τὸν
385 5278 519 5330 λαόν
569 5292 685 5339 σου,
732 5276 828 5327 καὶ
866 5273 1171 5345 ἐκτριῦήσῃ
1210 5273 1319 5326 ἀπὸ
1348 5274 1448 5343 τῆς
1478 5274 1603 5341 γῆς,
1643 5291 1661 5325 ι
1692 5275 1827 5342 πρὸς

238 5374 335 5425 τὸν
353 5367 563 5439 Φαραὼ
604 5369 750 5435 λέγει
780 5366 867 5419 διά
900 5366 1139 5429 Μωσέως
1176 5366 1411 5434 Κύριος·
1446 5366 1573 5419 καί’
1613 5386 1630 5416 ι
1673 5366 1830 5417 Ἕνε-

239 5482 344 5518 κεν
383 5461 576 5515 τούτου
620 5456 944 5528 διετηρήθης
995 5457 1081 5510 ἵνα
1129 5457 1448 5527 ἐνῗείεωμαι
1496 5460 1554 5510 ἐν
1616 5459 1697 5509 σοὶ
1729 5459 1827 5527 τὴν

244 5553 412 5626 ισχύν
446 5568 572 5620 μου,
605 5551 702 5605 καὶ
730 5550 878 5611 ὅπως
920 5548 1180 5617 διαγγελῇ
1215 5549 1276 5601 το
1302 5549 1473 5617 δνομά
1502 5567 1603 5617 μου
1636 5551 1695 5602 ἐν
1722 5550 1827 5602 πά-

241 5663 318 5719 σῃ
350 5648 421 5715 τῇ
452 5646 524 5714 γῇ
550 5662 565 5676 ο
596 5661 614 5696 ι
654 5643 747 5696 καὶ
768 5640 929 5696 πάλιν
953 5659 965 5671 ο
998 5659 1016 5691 ι
1060 5638 1201 5708 Ἐγὼ
1219 5640 1458 5711 ἐϐάρυνα
1479 5643 1578 5712 τὴν
1600 5642 1825 5711 καρδίαν

240 5737 421 5794 αὑτοῦ
444 5737 541 5790 καὶ⁸
567 5734 677 5788 τῶν
696 5734 1038 5804 θεραπόντων
1068 5731 1255 5795 αὐτοῦ,
1284 5734 1369 5786 ίνα
1403 5733 1602 5804 ἐπέλθῃ
1626 5736 1692 5786 τὰ
1724 5751 1820 5801 ση-

322 5853 366 5886 "
402 5847 620 5914 Psalt,
656 5846 776 5911 l,‘2.
831 5846 874 5876 "
906 5843 1010 5898 lsa.
1034 5843 1290 5911 xuu,‘36.
1368 5846 1410 5875 ³⁵
1442 5841 1807 5907 Ει·;ςὲι.κιίιι,
1836 5842 1926 5896 53.
1984 5836 2239 5893 "Ezccb.
2274 5849 2460 5899 xxxiii,
2491 5833 2569 5886 ll.
2631 5833 2672 5865 ’⁸
2707 5829 2879 5885 Exod.
2918 5844 2988 5893 ut,
3032 5828 3091 5880 lii

1927 4640 2053 4695 inde
2080 4656 2113 4696 tt
2145 4642 2423 4696 communi
2450 4641 2697 4696 omnium
2723 4641 3510 4708 discretione-consequentein

1927 4744 1984 4788 et
2010 4732 2181 4787 sacris
2214 4732 2376 4787 rebus
2411 4733 2637 4801 dignum
2675 4747 2897 4787 sensum
2931 4746 3027 4801 pro
3053 4731 3264 4785 viribus
3287 4730 3512 4784 eviden-

1928 4833 2035 4879 tem
2068 4832 2327 4879 statuere.
2359 4822 2497 4877 Sunt
2533 4838 2665 4892 ergo
2694 4838 2818 4892 quae
2856 4821 3103 4877 eamdem
3152 4819 3384 4875 formam
3431 4820 3513 4871 iu-

1927 4916 2105 4971 duunt
2158 4924 2444 4972 contextus
2493 4926 2546 4971 et
2610 4915 2677 4969 ad
2728 4914 2975 4970 eamdem
3042 4912 3312 4968 sermonis
3372 4926 3512 4980 opus

1938 5005 2140 5065 habent
2174 5009 2477 5064 naturalem
2511 5007 2832 5077 simpliciter
2859 5006 3031 5077 aptari
3080 5014 3133 5059 et
3163 5005 3509 5073 inﬁguratam

1933 5101 2354 5171 proprietatem,
2408 5109 2466 5154 ut
2519 5114 2585 5155 ex
2642 5099 2828 5154 multis
2914 5112 3086 5168 pauca
3160 5096 3513 5166 proponimus

1934 5195 2049 5249 haec
2097 5211 2111 5247 :
2170 5212 2189 5245 ι
2235 5191 2441 5247 Mittam
2500 5206 2719 5245 manum
2782 5206 2958 5245 meam
3011 5199 3065 5245 ut
3112 5188 3409 5258 percutiam
3461 5198 3510 5239 te

1932 5293 1989 5340 et
2037 5284 2295 5355 populum
2360 5294 2509 5337 tuum
2536 5323 2549 5346 ,
2592 5292 2648 5335 et
2697 5280 2931 5335 delearis
2970 5280 3038 5334 de
3094 5289 3236 5334 terra
3274 5276 3341 5341 ”,
3393 5295 3411 5328 ι
3444 5279 3511 5329 ad

1935 5375 2274 5430 Pharaonem
2298 5375 2373 5429 ait
2402 5390 2494 5443 per
2520 5372 2739 5443 Moysen
2772 5371 3037 5426 Dominus
3076 5386 3089 5422 :
3127 5391 3144 5421 ι
3171 5369 3234 5423 Et
3262 5380 3509 5439 propter-

1934 5485 1996 5523 ea
2055 5476 2304 5527 servatus
2370 5480 2430 5521 es
2488 5475 2546 5520 ut
2610 5464 2896 5520 ostendam
2964 5465 3019 5518 in
3082 5472 3133 5518 te
3215 5461 3511 5531 potentiam

1935 5578 2143 5627 meam,
2201 5574 2253 5615 et
2304 5571 2361 5614 ut
2425 5560 2685 5629 praedices
2751 5571 2951 5612 nomen
3032 5570 3212 5610 meum
3282 5555 3335 5607 in
3398 5562 3507 5606 tota

1934 5664 2073 5710 terra
2101 5655 2165 5707 ”.
2226 5672 2244 5704 ι
2288 5654 2352 5705 Ει
2405 5653 2645 5705 iterum:
2697 5666 2716 5699 ι
2774 5647 2888 5718 Ego
2943 5646 3185 5700 induravi
3244 5659 3338 5699 cor
3390 5643 3510 5709 ejus

1929 5757 1982 5802 et
2006 5760 2285 5802 servorum
2330 5744 2473 5813 ejus.
2519 5752 2577 5796 ut
2621 5741 2841 5794 veniant
2895 5739 3051 5808 signa
3086 5751 3249 5805 super
3292 5751 3405 5795 ros,
3449 5746 3506 5785 ut

3191 5831 3231 5849 ’⁸⁸
3269 5824 3396 5879 ibi-I.
3433 5824 3511 5874 lti.
