4186 6444
697 380 804 443 399

1849 385 2110 446 PHOTII
2143 387 2644 448 PATRIARCHE
2683 388 2792 450 ΟΡ.

3847 383 3953 451 406

695 491 1059 562 praedicentur
1104 491 1259 560 signa
1304 504 1424 545 mea
1456 491 1510 545 in
1559 505 1722 547 aures
1774 493 2007 548 ﬁliorum
2063 507 2276 550 vestro-

2387 498 2511 565 μεῖά
2551 514 2656 564 μου
2710 497 2796 547 ἐπ’
2827 497 3049 558 αὐτοὺς.
3088 496 3236 558 ὅπως
3285 496 3615 565 διηγήσηται
3654 491 3722 545 τὰ
3756 496 3959 562 σημεῖά

697 599 818 636 rum
849 584 886 636 ’.
923 600 942 634 ι
980 579 1217 635 Deinde:
1253 599 1271 633 ι
1309 582 1376 636 Et
1407 596 1515 636 non
1563 583 1749 638 audiet
1794 600 1892 640 vos
1929 584 2163 652 Pharao,
2217 595 2275 640 ut

695 673 948 740 impleam
981 671 1135 740 signa
1168 687 1284 726 mea
1316 681 1368 726 et
1394 673 1640 743 prodigia
1678 690 1794 728 mea
1826 675 1879 728 in
1934 673 2078 730 terra
2126 678 2272 745 ipso-

695 781 816 820 rum
849 768 892 822 ¹.
932 784 950 816 ›
987 763 1193 820 Horum
1235 767 1377 818 enim
1412 769 1850 836 unumquodque
1907 780 1962 822 et
2016 785 2277 837 quaecuno

691 872 800 927 que
833 857 938 910 alia
971 871 1065 925 per
1093 857 1299 912 similes
1330 857 1685 927 proferuntur
1718 875 1878 913 voces
1913 859 2069 928 juxta
2119 862 2275 915 retio-

695 949 926 1019 logicum
947 949 1152 1002 reddita
1179 949 1394 1017 phrasis
1423 950 1686 1013 habitum,
1708 953 2036 1020 proprietate
2059 953 2274 1018 quidem

693 1040 1092 1094 aununtiantur
1119 1055 1289 1093 sacrae
1337 1050 1540 1094 nostra:
1563 1041 1879 1109 Scriptum.
1915 1041 1999 1096 Ad
2051 1052 2276 1095 natura-

694 1132 799 1186 lem
841 1140 1022 1185 autem
1075 1133 1347 1186 sermonis
1409 1143 1633 1202 aecepla
1707 1135 1964 1196 formam,
2022 1133 2276 1201 pietatem

693 1221 946 1292 aperiunt
977 1231 1031 1275 et
1055 1222 1118 1274 ad
1151 1223 1492 1291 theosophize
1527 1233 1728 1278 nostra:
1775 1223 1988 1276 aﬁinem
2022 1232 2280 1292 aptantur

695 1328 940 1368 sensum.
998 1311 1210 1366 Etenim
1265 1329 1418 1368 more
1475 1314 1724 1369 ﬁrmatur
1776 1316 2001 1383 antiquo
2047 1331 2110 1369 ea
2159 1330 2280 1383 quae

694 1403 920 1457 omnino
946 1414 1207 1459 eventura
1235 1413 1364 1460 sunt
1402 1414 1456 1460 et
1485 1421 1605 1475 qua:
1647 1421 1754 1460 non
1789 1417 2018 1476 possunt
2066 1416 2283 1474 propter

697 1490 1168 1560 imperfectionem
1226 1494 1408 1548 exitus
1453 1496 1771 1550 circumcidi
1828 1497 2025 1564 saepius
2072 1497 2125 1548 in
2181 1496 2284 1550 hoc

696 1581 981 1650 divulgare
1023 1582 1346 1648 schismate;
1379 1583 1508 1652 quia
1561 1592 1616 1639 et
1669 1599 2012 1653 quaecunque
2058 1585 2279 1653 phrasin

697 1683 897 1723 causas
931 1668 1260 1724 indicantem
1316 1672 1507 1724 sortita
1562 1681 1709 1730 sunt,
1773 1672 2025 1726 ordinem
2081 1671 2282 1725 habent

698 1772 891 1811 eorum
922 1772 1045 1826 qua:
1068 1773 1387 1812 concessam
1425 1759 1625 1813 habent
1651 1759 2038 1812 substantiam.

769 1937 874 1992 Sed
902 1938 1047 1991 enim
1087 1939 1392 2007 proprietas
1428 1941 1551 1996 talis
1582 1940 1897 2010 Scriptum,
1947 1940 2106 2010 quale
2153 1950 2276 1996 est:

707 2049 723 2079 ι
766 2028 1085 2086 lncredulus
1134 2030 1235 2085 fuit
1267 2033 1480 2087 Pharao
1510 2042 1565 2086 et
1596 2033 1880 2088 induratus
1924 2041 2009 2087 est
2037 2033 2078 2097 ⁸,
2121 2052 2138 2083 ι
2178 2033 2282 2085 nti-

701 2121 867 2176 riﬁcae
897 2123 1066 2191 plaga:
1111 2133 1165 2177 et
1193 2124 1420 2180 verbera
1462 2125 1664 2179 inﬂicta
1696 2125 2077 2180 inobedicntia:
2101 2126 2280 2193 ipsum

700 2222 758 2268 et
793 2213 1008 2267 duritiae
1055 2223 1243 2268 secuta
1293 2224 1441 2268 sunt.
1487 2215 1609 2270 Haec
1638 2224 1817 2270 autem
1870 2216 2282 2270 circumsonue—

703 2312 848 2366 runt,
872 2313 927 2357 et
945 2318 1042 2374 per
1068 2319 1284 2358 omnem
1314 2314 1512 2361 terram
1547 2307 1821 2377 divulgata
1864 2317 2011 2372 sunt,
2049 2306 2141 2361 Dei
2184 2321 2282 2376 po-

702 2392 927 2447 tentiam
984 2394 1489 2449 circumclamantia
1535 2407 1589 2451 ct
1646 2397 1992 2452 admirationi
2043 2412 2165 2453 esse
2227 2407 2282 2451 et

701 2485 911 2554 διαροτὶ
935 2485 1167 2540 validam
1192 2503 1415 2540 manum
1444 2486 1535 2542 Dei
1556 2489 1913 2556 praeparantia
1938 2507 1953 2555 ;
1979 2489 2082 2543 hoc
2118 2489 2282 2558 igitur

701 2575 925 2630 omnino
961 2591 1028 2630 ex
1053 2577 1197 2632 illius
1223 2575 1426 2632 duritie
1471 2588 1790 2634 eventurum
1832 2580 1885 2632 in
1925 2581 2279 2648 :etiologicam

701 2664 936 2721 formam
1001 2667 1285 2738 Scriptura
1352 2669 1562 2739 ﬁngens
1623 2669 1850 2739 protulit
1905 2671 2280 2740 praenuntiam;

705 2767 864 2828 tropo
889 2758 1067 2814 exitus
1095 2759 1379 2814 immotam
1412 2761 1764 2826 firmitatem;
1808 2761 2010 2816 etenim
2055 2761 2282 2816 omnino

703 2863 768 2903 ea
796 2864 1032 2918 quorum
1072 2864 1240 2904 causa
1291 2852 1522 2921 allegata
1564 2861 1646 2906 est
1685 2868 1752 2906 ex
1803 2852 2099 2907 stabilitate
2153 2866 2280 2920 pro-

703 2938 880 2994 dromi
929 2941 1060 3011 tingi
1128 2942 1307 2996 solent
1352 2952 1406 2996 et
1446 2942 1728 3010 explicari.
1777 2942 2087 3013 Castigatur
2120 2943 2283 3012 igitur

703 3031 938 3097 Pharao,
984 3049 1092 3088 non
1147 3043 1206 3090 ut
1261 3035 1591 3103 gloriﬁcetur
1651 3034 1815 3098 Deus,
1876 3035 1978 3089 etsi
2025 3036 2174 3090 vocis
2228 3044 2282 3089 et

2383 605 2484 655 μου
2518 587 2598 647 εἰς
2626 587 2694 637 τά
2709 579 2824 637 ὦτα
2863 586 2971 635 τῶν
2992 585 3198 637 τέκνων
3224 583 3378 653 ὑμῶν
3403 597 3451 633 ἰ
3484 578 3604 634 εἶτα
3634 597 3678 632 ἰ
3717 583 3826 634 Καὶ
3859 583 3962 634 οὐκ

2381 677 2759 730 είσακούσεται
2788 675 2941 744 ὑμῶν
2974 674 3196 742 Φαραὼ,
3235 675 3322 726 ἴνα
3356 671 3610 742 πληθύνω
3646 670 3712 723 τὰ
3754 671 3961 738 σημεῐᾶ

2382 783 2482 835 μου
2512 767 2606 817 καὶ
2633 767 2700 817 τὰ
2730 765 2933 834 τέρατά
2977 782 3075 832 μου
3119 765 3176 815 ἐν
3213 766 3278 832 τῇ
3315 766 3385 832 γῇ
3445 760 3646 816 αύτῶν.
3688 778 3706 812 ι
3739 758 3960 811 Τούτων

2381 859 2488 928 γὰρ
2519 858 2748 910 ἕκαστον
2794 857 2887 909 καὶ
2933 857 3034 909 ὅσα
3062 855 3198 910 ἄλλα
3230 855 3316 906 διὰ
3347 853 3454 906 τῶν
3482 851 3682 922 ὁμοίων
3715 851 3958 919 προάγε-

2381 968 2471 1003 ται
2496 949 2690 1017 φωνῶν
2736 947 2875 1000 κατὰ
2914 947 3000 999 τὸν
3054 946 3417 1013 αἰτιολογικὸν
3461 941 3822 1009 ἀποδιδόμενα
3861 941 3962 1008 τῆς

2383 1043 2633 1112 φράσεως
2668 1039 3075 1109 σχηματισμὸν,
3122 1036 3374 1106 ἰδιώματι
3423 1036 3520 1104 μὲν
3551 1032 3965 1098 ἀπαγγέλλεται

2380 1137 2479 1203 τῆς
2511 1135 2660 1202 ίερᾶς
2687 1132 2846 1201 ἡμῶν
2876 1132 3096 1201 Γρασῆς
3121 1146 3135 1160 ο
3159 1130 3298 1198 πρὸς
3326 1128 3387 1180 τὸ
3409 1125 3634 1194 φύσικδν
3657 1126 3713 1176 δὲ
3745 1123 3842 1176 τοῦ
3869 1122 3966 1174 λό-

2381 1244 2478 1294 γου
2509 1222 3036 1294 μεταλαμϐανόμενα
3066 1216 3225 1285 εἶδος,
3257 1218 3316 1270 τὸ
3352 1218 3570 1279 εὐσεϐὲς
3601 1214 3965 1273 ἀναπτύσσει,

2385 1322 2477 1372 καὶ
2507 1315 2644 1386 πρὸς
2673 1315 2735 1368 τὸ
2757 1316 2858 1383 τῆς
2904 1315 3192 1383 θεοσοφίας
3221 1313 3376 1381 ἡμῶν
3412 1309 3670 1377 συγγενὲς
3702 1306 3971 1375 καταρτί-

2385 1410 2467 1474 (si.
2500 1408 2560 1460 τὸ
2584 1407 2858 1476 φρόνημα.
2889 1407 2997 1458 Καὶ
3023 1407 3131 1472 γὰρ
3166 1402 3276 1454 ἔθει
3311 1401 3635 1470 κρατύνεται
3657 1396 3878 1464 παλαιῷ
3900 1394 3972 1447 τὰ

2385 1500 2602 1558 πάντως
2629 1495 3020 1564 ἀποϐησόμενα
3044 1495 3136 1545 καὶ
3170 1492 3245 1561 μὴ
3289 1485 3380 1543 οἷά
3412 1506 3471 1541 τε
3501 1489 3630 1541 ὄντα
3659 1487 3740 1556 τῷ
3775 1484 3967 1538 ἀτελεῖ

2382 1590 2480 1657 τῆς
2527 1587 2805 1650 ἐκϐάσεως
2866 1584 3297 1657 περικόπτεσθαι
3356 1581 3618 1641 πολλάκις
3676 1579 3736 1630 ἐν
3790 1577 3973 1645 τούτῳ

2387 1679 2804 1750 περιαγγέλλειν
2830 1678 2909 1748 τῷ
2953 1677 3216 1747 σχίσματι
3239 1691 3254 1706 ⁶
3291 1674 3416 1728 ἐπεὶ
3445 1673 3538 1725 καὶ
3565 1673 3665 1724 ὅσα
3688 1668 3790 1739 τὴν
3826 1668 3972 1735 φράο

2387 1791 2470 1826 σιν
2496 1773 2778 1839 αίτολογου
2788 1772 2953 1840 μένην
2976 1769 3158 1838 ἔλαχε,
3188 1763 3287 1838 τὴν
3310 1765 3462 1831 τάξιν
3485 1763 3675 1833 ἐπέχει
3705 1761 3818 1814 τῶν
3842 1764 3974 1830 λιμο-

2385 1864 2722 1933 λογουμένην
2758 1863 2991 1932 ἐχόντων
3021 1860 3122 1929 τὴν
3151 1856 3407 1928 ὓπαρξιν.

2467 1954 2628 2008 Ἀλλά
2669 1953 2778 2023 γὰρ
2822 1953 2882 2005 τὸ
2915 1951 3013 2021 μὲν
3064 1950 3262 2020 ῑδίωμα
3291 1946 3534 2001 τοιοῦτον
3573 1946 3670 2014 τῆς
3714 1941 3969 2013 Γραφῖνςο

2384 2041 2514 2110 οἷον,
2541 2065 2558 2096 ι
2601 2043 2846 2097 Ἢπείθει
2866 2041 3064 2113 Φαραὼ
3092 2043 3184 2093 καὶ⁸
3243 2035 3626 2108 ἐσκληρὺνετο,
3656 2055 3674 2085 ι
3704 2037 3758 2086 αί
3784 2032 3971 2101 παρά-

2383 2138 2522 2203 δοξοι
2547 2135 2751 2204 πληγαὶ
2778 2136 2870 2187 καὶ
2893 2133 3156 2202 μάστιγες
3182 2129 3640 2199 εἰσπραττόμεναι
3670 2125 3771 2190 τῆς
3809 2125 3971 2175 ἀπει-

2385 2227 2505 2289 θίας
2530 2226 2690 2278 αὐτὸν
2710 2224 2803 2276 καὶ
2828 2224 3193 2292 σκληρότητος
3218 2222 3451 2273 εἵποντο.
3479 2217 3666 2272 Ταῦτα
3691 2217 3747 2268 δέ
3779 2215 3844 2268 τὸ
3869 2231 3970 2267 πμ

2388 2319 2638 2389 ριϐόητον
2665 2312 2802 2386 εἶχε,
2837 2315 2930 2367 καὶ
2976 2314 3083 2367 ἀνά
3127 2315 3307 2366 πᾶσαν
3353 2311 3451 2380 τὴν
3484 2310 3588 2378 γῆν
3625 2307 3842 2376 ἐφοίτα,
3871 2307 3972 2372 τὴν

2386 2409 2478 2462 τοῦ
2516 2408 2651 2460 Θεοῦ
2696 2405 3014 2460 δυναστείαν
3075 2418 3484 2474 περιηχουμενα
3524 2399 3619 2453 καὶ
3663 2397 3971 2467 θαυμάζειν

2387 2500 2475 2552 καὶ
2502 2494 3047 2566 ὑπερεκπλήττεσθαι
3078 2495 3176 2562 τὴν
3208 2491 3479 2563 κραταιὰν
3509 2491 3668 2559 χεῖρα
3708 2486 3804 2538 τοῦ
3831 2483 3970 2538 Θεοῦ

2384 2587 2872 2658 παρασκευάζοντα
2897 2601 2909 2615 ⁸
2938 2585 3097 2639 τοῦτο
3123 2580 3214 2636 οῦν
3239 2583 3299 2637 τὸ
3344 2583 3563 2642 πάντως
3592 2582 3654 2630 ἐκ
3686 2579 3785 2646 τῆς
3824 2575 3970 2629 ἐκεί-

2383 2698 2474 2732 νου
2501 2680 2868 2749 σκληρότητος
2899 2677 3286 2746 ἐκϐησόμενον,
3322 2678 3402 2737 εἰς
3432 2671 3799 2738 αἰτιολογικὸν
3828 2664 3970 2730 εἶδος

2384 2773 2417 2840 ἡ
2450 2771 2641 2841 Γραφὴ
2680 2769 3060 2838 σχηματίσασα
3107 2769 3436 2839 προενήνοχε
3503 2761 3972 2835 προκηρύττουσα

2384 2859 2461 2927 τῷ
2493 2860 2678 2930 τρόπῳ
2710 2860 2771 2912 τὸ
2803 2859 2900 2928 τῆς
2936 2859 3214 2920 ἐκϐάσεως
3235 2857 3573 2928 ἀμετάθετον
3600 2871 3615 2886 ⁸
3641 2856 3734 2908 καὶ
3759 2852 3872 2922 γὰρ
3892 2851 3974 2913 ὡς

2385 2948 2586 2999 ἐπίπαν
2633 2949 2728 3001 καὶ
2782 2950 2849 3001 τά
2893 2949 3340 3018 αίτιολογούμενα
3380 2947 3459 3016 τῷ
3501 2945 3844 3015 άπαραϐάτῳ
3869 2945 3972 3010 τῆς

2388 3039 2616 3109 προόδου
2639 3039 3019 3093 είδοποιεῖσθαι
3043 3039 3187 3091 θέλει
3205 3040 3298 3091 καὶ
3329 3035 3753 3107 ἑρμηνεύεσθαι.
3795 3033 3973 3084 Κολά-

705 3133 994 3181 contextus
1031 3124 1205 3181 forma
1257 3127 1415 3179 talem
1475 3128 1710 3194 speciem
1751 3125 1960 3190 subeat,
2003 3125 2097 3179 sed
2157 3125 2283 3195 quia

2390 3129 2539 3191 ξεται
2561 3127 2738 3181 τοίνυν
2763 3131 2979 3198 Φαραὼ,
3005 3130 3102 3198 οὐχ
3133 3129 3220 3180 ῐνα
3244 3126 3478 3192 δοξασθῇ
3517 3127 3542 3175 ὀ
3588 3122 3720 3176 Θεὸς
3781 3114 3835 3168 ει
3879 3119 3971 3168 καὶ

707 3233 818 3272 non
845 3217 1088 3271 obedivit
1116 3225 1171 3271 et
1192 3216 1574 3270 inobedientia:
1603 3217 1707 3284 ipsi
1760 3215 2050 3285 oportebat
2097 3231 2285 3285 poenas

705 3307 961 3377 irrogari,
991 3306 1103 3363 Etsi
1135 3322 1266 3362 vero
1298 3323 1408 3361 non
1458 3308 1524 3362 ad
1558 3308 1660 3361 hoc
1691 3307 2057 3376 respiciebant
2090 3323 2284 3377 pretia,

708 3412 780 3452 ne
833 3398 986 3451 ﬁeret
1029 3396 1146 3463 ipse
1191 3397 1568 3451 inobedientiae
1615 3398 1986 3466 mancipium,
2047 3408 2285 3453 attamen

708 3487 839 3555 quia
883 3486 1065 3541 statim
1119 3499 1321 3541 secutae
1363 3499 1491 3542 sunt
1534 3487 1760 3556 impium
1795 3488 2157 3556 castigantes,
2206 3488 2288 3542 his

709 3585 889 3630 autem
918 3576 1204 3630 verberum
1235 3586 1289 3631 et
1323 3577 1601 3647 plagarum
1636 3578 1918 3646 stupendis
1940 3578 2136 3631 divinis
2163 3593 2289 3646 por-

710 3668 876 3723 tentis
897 3675 958 3722 ut
982 3667 1187 3722 dictum
1222 3676 1305 3722 est
1335 3669 1510 3723 virtus
1538 3679 1591 3722 et
1618 3669 1786 3737 gloria
1817 3667 1910 3723 Dei
1937 3668 2100 3723 simul
2130 3677 2288 3722 aucta

707 3768 792 3817 est
821 3769 877 3814 et
899 3759 1158 3823 eiﬂoruit,
1201 3774 1308 3814 non
1355 3762 1563 3831 absque
1607 3762 1815 3815 ratione
1859 3776 1922 3814 ea
1966 3776 2087 3830 quae
2138 3760 2290 3829 juxta

709 3852 1035 3919 :etiologiam
1060 3861 1144 3906 est
1168 3853 1470 3908 narrationi
1499 3852 1673 3908 forma
1707 3863 1760 3907 et
1781 3862 2033 3921 aspectus
2052 3853 2290 3908 circum-

709 3943 955 4012 ponitur,
981 3953 1304 3999 eventurum
1329 3944 1573 4007 omnino,
1597 3953 1651 3998 et
1677 3953 1968 4012 antequam
1992 3943 2286 4007 evenisset,

708 4035 1036 4090 testilicante
1061 4042 1115 4087 et
1144 4034 1499 4089 annuntiante
1535 4036 1882 4088 oraculorum
1935 4033 2289 4104 [divinorum]

708 4123 1366 4196 prmcognitioneﬁadem
1399 4128 1480 4180 via
1512 4135 1566 4180 et
1592 4125 1974 4179 Davidicorum
2005 4126 2289 4180 verborum

708 4230 831 4283 quae
873 4224 1035 4268 antea
1073 4215 1348 4283 propriam
1390 4214 1580 4269 sortita
1625 4225 1753 4270 sunt
1790 4214 2208 4270 elucidationem
2238 4224 2292 4270 et

709 4306 1155 4360 constitutionem
1192 4306 1244 4357 in
1268 4306 1514 4360 eamdem
1537 4316 1590 4360 et
1617 4307 1848 4360 similem
1878 4306 2035 4361 dictis
2052 4307 2290 4376 coaptari

709 4405 937 4466 possent
959 4394 1346 4465 perfectionem
1373 4415 1386 4460 ;
1435 4396 1674 4465 peccavit
1694 4396 1857 4450 David
1875 4406 1928 4450 et
1948 4405 2288 4466 peccatorum

2388 3222 2483 3289 τῆς
2513 3218 2697 3289 φωνῆς
2740 3219 2966 3288 καὶτῆς
3025 3218 3328 3271 συνθέσεως
3375 3218 3435 3269 τὸ
3477 3217 3660 3284 σχῆμα
3707 3224 3972 3276 τοιαύτην

2389 3311 2694 3380 φαντασίαν
2723 3307 3045 3379 ὑπέρχεται,
3078 3304 3189 3358 ἀλλ’
3211 3308 3291 3359 ὅτι
3310 3305 3530 3375 ὴπείυει
3567 3304 3662 3358 καὶ
3685 3304 3786 3370 τῆς
3808 3304 3971 3351 ἀπει-

2390 3404 2538 3463 θείας
2567 3400 2728 3455 αύτδν
2754 3401 2861 3453 ἔδει
2888 3399 2985 3461 τὰς
3008 3397 3162 3458 δίκας
3194 3391 3638 3461 εισπράττεσθαι.
3674 3393 3736 3444 Εἰ
3782 3391 3838 3443 δὲ
3867 3387 3974 3440 κᾶν

2393 3494 2467 3561 μὴ
2509 3491 2643 3560 πρὸς
2686 3488 2844 3542 τοῦτο
2891 3487 3090 3557 ἐώρων.
3129 3487 3186 3538 αί
3232 3485 3514 3552 τιμωρίαι,
3556 3483 3690 3552 μηδέ
3730 3481 3871 3551 πρὸς
3910 3479 3973 3529 τὸ

2392 3582 2647 3648 γενέσθαι
2677 3580 2839 3632 αὐτὸν
2884 3581 2985 3645 τῆς
3029 3575 3312 3635 ἀπειθείας
3341 3571 3696 3640 ἀνδράποδον,
3733 3568 3850 3619 ἀλλ’
3874 3562 3974 3619 οῦν

2392 3674 2619 3740 ἐπείπερ
2643 3670 2782 3723 κατά
2819 3668 2985 3730 πόδας
3025 3665 3396 3734 ἠκολούθησαν
3445 3661 3535 3714 τὸν
3585 3661 3865 3729 ἀλιτήριον
3889 3674 3977 3710 τι·

2395 3763 2767 3832 μωρούμεναι,
2799 3759 3028 3819 ταύταις
3053 3756 3107 3808 δὲ
3131 3758 3251 3817 ταῖς
3276 3755 3385 3806 τῶν
3417 3752 3691 3823 μαστίγων
3713 3749 3812 3802 καὶ
3839 3747 3952 3817 πλη

2392 3853 2503 3921 γῶν
2534 3851 2859 3921 παραδόξοις
2890 3847 3261 3916 θεοσημείαις,
3279 3845 3353 3907 ὼς
3381 3845 3617 3914 εἴρηται,
3639 3843 3672 3909 ή
3696 3843 3849 3909 ίσχὺς
3876 3839 3979 3890 καὶ

2392 3947 2425 4013 ἡ
2473 3941 2600 4006 δόξα
2631 3941 2724 3993 τοῦ
2767 3937 2903 3992 Θεοῦ
2958 3936 3266 4006 συνηυξήθη
3313 3935 3406 3988 καὶ
3445 3931 3975 3991 συνανεϐλάστανεν,

2391 4035 2489 4086 οὐκ
2516 4032 2816 4092 ἀπεικότως
2846 4031 2878 4099 ὴ
2908 4029 3049 4081 κατά
3081 4029 3180 4096 τὴν
3207 4026 3534 4092 αἰτιολογίαν
3558 4023 3634 4092 τῷ
3662 4023 3825 4091 διηγή
3837 4037 3977 4089 ματι

2397 4126 2576 4196 μορφὴ
2604 4125 2696 4176 καί⁷
2726 4122 2840 4173 ίδέα
2873 4118 3238 4188 περιτίθεται,
3266 4116 3325 4168 τὸ
3356 4114 3725 4184 ἐκϐησόμενον
3750 4111 3978 4172 πάντως

2395 4215 2489 4265 καὶ
2524 4211 2630 4281 πρὸ
2657 4209 2749 4262 τοῦ
2776 4207 3134 4276 ἐκϐεϐηκέναι
3173 4201 3691 4273 διαμαρτυρομένης
3739 4199 3836 4252 καὶ
3862 4199 3984 4250 ἀπ-

2392 4300 2763 4372 αγγελλούσης
2799 4300 2900 4368 τῆς
2946 4297 3052 4351 τῶν
3082 4297 3291 4364 Λογίων
3335 4294 3718 4364 προγνώσεως.
3744 4292 3843 4342 Διά
3872 4290 3982 4355 τῆς

2393 4397 2558 4464 αὐτῆς
2581 4394 2623 4446 δ’
2654 4393 2718 4446 ἂν
2754 4391 2944 4460 ἐφόδου
3000 4388 3094 4440 κα)⁵
3138 4388 3247 4440 τῶν
3297 4385 3595 4438 Δαυῖδικῶν
3637 4383 3900 4452 ῥημάτων
3940 4379 3982 4432 ἃ

709 4487 983 4552 maximis,
1002 4501 1107 4539 non
1127 4496 1184 4540 ut
1204 4488 1342 4540 Deus
1370 4486 1731 4552 justiﬁcetur;
1767 4502 1872 4541 non
1896 4497 1979 4541 est
1998 4488 2283 4554 enim,non

2395 4485 2658 4556 πρότερον
2695 4479 3000 4548 ίδιαζούσης
3025 4478 3183 4546 ἔτυχε
3219 4477 3521 4545 σαφηνείας
3552 4473 3648 4526 καὶ
3691 4473 3978 4525 καταστά-

706 4579 971 4633 estiullius
988 4586 1270 4647 peccatum
1291 4577 1401 4632 Deo
1413 4579 1679 4644 justitiam
1697 4579 2164 4637 circumfundens.
2183 4581 2290 4635 Sed

709 4681 996 4739 postquam
1016 4668 1516 4738 peccavitquidem,
1540 4684 1645 4722 non
1680 4672 1831 4724 auxit
1858 4686 2034 4741 neque
2051 4674 2292 4728 caecitate

711 4775 888 4828 neque
918 4759 1206 4813 inscientia
1257 4768 1568 4828 peccatum,
1639 4761 1883 4831 confugit
1937 4777 2069 4818 vero
2114 4764 2289 4832 magis

709 4853 775 4906 ad
802 4852 1178 4922 penitentiam
1216 4859 1271 4906 et
1303 4852 1594 4922 lacrymas,
1629 4854 1984 4923 semetipsum
2018 4853 2286 4909 festinans

711 4945 934 4998 abluere
967 4952 1217 5012 peccato.
1251 4943 1348 4996 Dat
1375 4954 1560 4998 autem
1597 4945 1740 4999 Deus
1780 4945 1997 4999 veniam
2039 4947 2092 5000 in
2129 4946 2285 5001 beni-

709 5035 937 5103 gnitate,
970 5033 1242 5103 propriam
1272 5033 1542 5102 justitiam
1564 5044 1618 5090 et
1644 5034 1909 5105 majorem
1940 5051 2103 5105 quam
2127 5035 2284 5105 juxta

710 5125 1007 5179 humanum
1031 5139 1255 5179 sensum
1292 5125 1627 5193 splendidam
1648 5126 1904 5181 omnibus
1938 5126 2204 5181 exhibens
2232 5137 2286 5182 et

708 5210 1296 5280 circumspectabilem.
1330 5213 1457 5266 ldeo
1485 5227 1610 5266 cum
1640 5213 1867 5268 dixisset
1894 5213 2063 5266 David
2085 5229 2130 5264 ει
2162 5212 2282 5269 Tibi

709 5302 812 5356 soli
843 5302 1090 5370 peccavi,
1129 5302 1541 5368 utjustiﬁceris,
1580 5322 1598 5356 ι
1632 5303 1901 5375 adjunxit,
1937 5322 1957 5356 ι
1995 5306 2048 5359 in
2081 5319 2286 5360 sermo-

707 5393 872 5449 nibus
901 5393 1033 5458 tuis,
1073 5413 1092 5445 ›
1132 5394 1477 5464 iniquitatem
1509 5398 1730 5465 quidem
1774 5397 2098 5466 pmnitentia
2131 5396 2281 5451 exci-

706 5484 906 5552 piente,
941 5484 1321 5554 pmnitentiam
1352 5499 1482 5539 vero
1509 5485 1842 5555 benignitate
1871 5502 2034 5554 supra
2057 5501 2274 5542 omnem

705 5588 1041 5640 sermonem,
1080 5577 1130 5630 iu
1167 5575 1497 5647 benignitate
1539 5594 1666 5632 vero
1684 5579 1738 5633 in
1763 5578 2113 5634 sermonibus
2166 5580 2280 5634 elu-

777 5749 994 5809 ‘Exod.
1026 5767 1082 5819 ι,
1116 5753 1164 5806 l.
1240 5753 1258 5783 ’
1289 5751 1458 5812 Exod.
1495 5772 1592 5823 vn,
1627 5756 1678 5812 4.
1760 5757 1936 5814 ’ibid.
1965 5757 2050 5813 l5.

2393 4592 2530 4636 σεως
2553 4574 2630 4634 εἰς
2657 4571 2753 4643 τὴν
2778 4573 2898 4639 ἴσην
2926 4569 3019 4620 καὶ
3042 4569 3230 4638 ὁμοίαν
3273 4569 3384 4629 τοῖς
3437 4566 3748 4634 είρημένοις
3791 4566 3985 4632 ἀπαρ-

2389 4665 2599 4732 τισθείη
2625 4661 2937 4729 τελειότητα
2965 4675 2977 4687 ⁸
3007 4660 3256 4728 ἥμαρτεν
3287 4656 3315 4706 ό
3345 4655 3510 4708 Δαυῖδ
3542 4657 3637 4708 καὶ
3656 4655 3764 4706 τὼν
3787 4655 3984 4722 ἀμαρ-

2391 4757 2648 4826 τημάτων
2694 4753 2765 4803 τὰ
2815 4750 3082 4820 μέγισται
3123 4749 3221 4817 οὐχ
3267 4748 3352 4799 ἴνα
3386 4747 3518 4804 Θεὸς
3565 4744 3868 4813 δικαιωθῇο
3912 4745 3981 4795 ού

2394 4849 2502 4917 γάρ
2531 4847 2697 4904 ἐστιν,
2726 4841 2826 4894 οὐκ
2856 4840 3004 4892 ἐστιν
3040 4839 3252 4900 οὐδενὸς
3277 4836 3519 4906 ἁμαρτία
3549 4834 3668 4905 Θεῷ
3691 4835 3982 4887 δικαιοσύ-

2395 4955 2491 5007 νην
2552 4935 2960 5004 περιάπτουσα·
2997 4930 3112 4983 ἀλλ’
3149 4929 3376 4998 ἐπείπερ
3437 4927 3656 4995 ἥμαρτε
3717 4925 3837 4992 μὲν,
3867 4925 3984 4974 οὐκ

2391 5031 2596 5101 ηὔξησε
2636 5026 2692 5080 δὲ
2725 5025 2849 5078 οὔτε
2882 5027 2949 5094 τῇ
2986 5022 3242 5092 πωρώσει
3277 5019 3400 5072 οὕτε
3435 5021 3500 5087 τῇ
3529 5015 3838 5086 προγνώσει
3869 5018 3984 5082 τὴν

2392 5121 2689 5191 ἁμαρτίαν,
2722 5116 3058 5185 καταφεύγει
3085 5114 3141 5167 δὲ
3169 5113 3370 5181 μᾶλλον
3391 5111 3527 5181 πρὸς
3547 5108 3648 5178 τὴν
3676 5108 3985 5176 μετάνοιαν

2389 5217 2483 5267 καὶ
2541 5215 2606 5266 τὰ
2661 5213 2890 5281 δάκρυα,
2917 5209 3110 5261 ἑαυτὸν
3163 5204 3480 5267 σπουδάζων
3509 5201 3840 5256 ἀποπλύνειν
3870 5200 3981 5251 τοῦ

2389 5303 2800 5373 ἁμαρτήματος.
2820 5299 3010 5351 Δίδωσι
3033 5297 3091 5352 δὲ
3117 5296 3250 5357 Θεὸς
3295 5293 3627 5363 συγγνώμην
3661 5295 3717 5344 ἐν
3744 5292 3810 5359 τῇ
3838 5289 3981 5356 φιλ-

2388 5395 2693 5464 ανθρωπία,
2727 5391 2788 5443 τὸ
2809 5391 3008 5442 οἰκεῖον
3045 5388 3257 5441 δίκαιον
3304 5387 3396 5439 καὶ
3420 5385 3604 5455 μεῖζον
3627 5383 3662 5453 ἢ
3698 5381 3835 5434 κατά
3865 5382 3985 5432 ἀν-

2388 5487 2662 5557 θρωπίνην
2691 5484 2955 5547 διάνοιαν,
2997 5479 3250 5548 λαμπρὸν
3295 5479 3467 5531 ἆπασι
3525 5474 3830 5535 ἐπιδεικνὺς
3870 5473 3983 5525 καὶ

2389 5578 2772 5644 περίϐλεπτον.
2814 5575 2907 5626 Διὰ
2943 5571 3102 5625 τοῦτο
3128 5568 3297 5625 εἰπὼν
3327 5572 3356 5623 ό
3386 5570 3570 5634 Δαυῖδ,
3608 5586 3626 5620 ι
3668 5569 3754 5620 Σοὶ
3777 5566 3982 5636 ἦμαρ-
