4186 6444
207 423 309 489 401

1196 418 1294 477 AD
1327 414 1917 477 AMPHILOCHIUM
1953 411 2301 488 QUESTIO
2328 410 2474 473 LVI.

3347 405 3456 468 402

203 556 319 603 τον,
342 538 492 599 ὅπως
523 534 589 589 ἀν
619 532 934 603 δικαιωθῇς,
971 550 991 583 ι
1023 530 1377 601 ἐπισυνῆψεν,
1413 550 1432 583 ι
1469 535 1528 584 εν
1558 534 1669 596 τοῖς
1690 532 1777 584 λό‹

1888 537 2040 596 ιειιιεΔ
2059 528 2269 598 justitia
2298 535 2353 580 et
2375 523 2556 578 omnis
2586 519 3085 577 commiserationis
3112 528 3165 575 et
3196 520 3457 575 bonitatis

205 648 322 699 γνις
355 645 480 681 σουο
518 646 538 679 ι
572 626 669 697 τὴν
702 627 801 694 μέν
841 625 1071 692 ἀνομίαν
1117 624 1218 693 τῆς
1265 624 1557 691 μετανοίας
1603 624 1779 676 διαδε-

210 718 449 788 ξαμένης
467 736 479 748 -
496 719 593 787 τὴν
622 716 915 785 μετάνοιαν
934 716 990 768 δέ
1017 715 1116 784 τῆς
1137 714 1279 785 ὐπέρ
1299 715 1456 783 λόγον
1479 716 1779 786 φιλανθρω-

207 808 339 869 πίας
359 823 375 836 °
404 808 461 859 ἐν
486 808 540 858 δὲ
566 807 632 875 τῇ
680 804 1067 874 φιλανθρωπίᾳ
1096 802 1191 855 τοῦ
1227 806 1283 857 ἐν
1328 808 1441 867 τοῖς
1483 804 1662 872 λόγοις
1692 804 1779 868 ἐξ-

207 898 611 968 αστράπτοντος
663 896 873 948 δικαίου
930 898 1024 949 καὶ
1085 897 1269 966 πάσης
1312 897 1655 966 συμπαθείας
1687 896 1780 949 καὶ

207 989 546 1056 ἀγαθότητος
580 988 829 1053 ἀφιέντος
859 988 1104 1050 ἀκτῖνας.
1131 989 1241 1040 Καὶ
1276 989 1424 1055 λόγοι
1460 989 1525 1041 ἀν
1546 987 1782 1041 ἐνταῦθα

208 1077 455 1148 νοηθείεν
481 1078 577 1130 τοῦ
606 1076 764 1140 Θεοῦ,
796 1080 862 1148 τῇ
892 1078 1210 1150 ἀνθρωπίνῃ
1257 1080 1781 1147 συγκαταϐαίνοντος

210 1168 472 1237 ἀσθενείᾳ
496 1169 589 1220 καὶ
620 1170 701 1231 είς
743 1169 935 1236 λόγους
987 1170 1081 1222 καὶ
1127 1172 1311 1240 κρίσιν
1358 1171 1779 1239 καθισταμένου.

210 1260 321 1311 Καὶ
346 1260 457 1329 γάρ
492 1276 623 1328 φησι
647 1277 660 1291 ·
696 1278 713 1310 ι
759 1260 919 1312 Δεῦτε
945 1263 1039 1313 καὶ
1064 1261 1450 1331 διελεχθῶμεν,
1487 1262 1635 1330 λέγει
1671 1262 1783 1313 Κύ-

210 1367 350 1425 ριος.
384 1370 404 1402 ι
456 1350 883 1417 ’Δντεξετάσεως
918 1352 975 1405 δέ
1019 1354 1416 1423 συνισταμένης
1450 1347 1527 1406 ὧν
1569 1354 1785 1423 δωρεῶν

209 1440 502 1509 ἀπήλαυσε
534 1442 627 1495 καὶ
647 1442 977 1510 εὐεργεσιῶν
1004 1446 1032 1496 6
1060 1444 1225 1497 Δαυτδ
1276 1446 1413 1515 πρὸς
1446 1444 1511 1507 ἀς
1547 1445 1783 1497 κατωλί-

212 1532 415 1602 σθησεν
438 1532 714 1601 ἀθέσμους
744 1534 973 1604 πράξεις
993 1550 1008 1565 ο
1042 1537 1150 1587 ἀπὺ
1174 1534 1417 1606 γλώττης
1458 1535 1785 1604 καλαμίνης,

209 1626 306 1675 καὶ
340 1625 530 1677 αὐλεῖν
557 1625 765 1692 ἀλόγως
808 1628 1003 1696 τέχνην
1049 1630 1409 1696 ποιουμένης,
1442 1628 1661 1696 γλῶσσα
1689 1627 1784 1681 τοῦ

210 1712 558 1780 Πνεύματος,
589 1715 683 1766 καὶ
710 1716 807 1784 τῆς
835 1716 975 1785 ὐπέρ
997 1716 1153 1784 λόγον
1186 1718 1376 1784 σοφίας
1416 1720 1507 1770 καὶ
1532 1717 1785 1784 γνώσεως

208 1802 450 1873 δργανον
478 1820 492 1835 ⁸
524 1806 587 1856 ἐκ
620 1806 904 1877 μειρακίου
950 1807 1452 1878 μυκτηριζομένου,
1481 1810 1784 1878 στρατηγὸς

210 1894 562 1963 αὐτοσχέδιος
594 1894 689 1947 τοῦ
722 1897 959 1966 πολέμου
1001 1901 1093 1953 καὶ
1123 1900 1221 1967 τῆς
1261 1900 1389 1969 ὅλης
1431 1903 1786 1972 παρατάξεως
1820 1881 1861 1935 Β

210 1988 309 2038 καὶ
345 1987 509 2055 μόνος
541 1990 636 2039 καὶ
663 1988 831 2057 χωρὶς
862 1988 1033 2057 βελῶν
1084 1992 1180 2044 καὶ
1215 1992 1394 2045 ὅπλων
1442 1993 1535 2046 καὶ
1569 1994 1662 2062 τῆς
1694 1994 1782 2048 ἀλα

209 2077 313 2147 λης
342 2080 702 2149 παρασκευῆς
750 2082 841 2134 καὶ
890 2083 1181 2154 ἐμπειρίας
1232 2085 1327 2137 τοῦ
1378 2087 1786 2155 ἀγωνίσματος,

208 2169 633 2240 τροπαιοφορῶν
686 2170 785 2239 τὴν
829 2170 1009 2242 νίκην,
1052 2174 1148 2227 καὶ
1182 2176 1283 2242 τὴν
1320 2174 1530 2243 ἐχθρῶν
1564 2173 1789 2228 ἀναδού-

212 2276 383 2326 μενος
402 2261 786 2330 ἐπικράτειανο
824 2263 883 2327 ἐξ
932 2265 1197 2334 ὑπαίθρου
1231 2266 1628 2336 ταλαιπωρίας,
1660 2266 1789 2320 διωο

212 2349 400 2417 φόρων
429 2352 523 2403 καὶ
559 2354 880 2421 τριωρόφων
912 2355 1075 2407 οἴκων
1116 2356 1497 2427 λαμπρότητες
1525 2359 1617 2411 καὶ
1646 2360 1787 2427 λαμ-

210 2440 482 2509 πρότεραι
534 2443 834 2512 διαγωγαὶ,
882 2448 975 2501 καὶ
1015 2447 1327 2516 ὑπωρόφιος
1388 2450 1483 2501 καὶ
1526 2450 1787 2519 τρυφῶσα

209 2528 401 2583 δίαιτα
420 2548 434 2561 ο
467 2532 561 2585 καί⁵
599 2535 806 2588 πολλῶν
836 2537 1042 2590 πόλεων
1061 2539 1089 2589 6
1111 2542 1390 2608 κωμήτης,
1420 2541 1635 2611 κύριος·
1666 2543 1788 2595 ἀντὶ

212 2624 537 2692 ποιμενικοῦ
555 2627 809 2680 καδίσκου
826 2631 915 2681 καὶ
940 2631 1137 2699 πήρας,
1165 2632 1437 2702 σκῆπτρον
1454 2634 1511 2684 ἐν
1538 2635 1599 2701 τῇ
1624 2634 1785 2701 χειρὶ,

212 2716 311 2765 καὶ
340 2715 467 2785 περὶ
494 2716 588 2786 τὴν
612 2720 852 2791 κεφαλὴν
893 2722 1141 2791 στροφίον
1176 2722 1449 2791 βασιλείας
1469 2742 1481 2754 ·
1508 2725 1567 2788 ἐξ
1586 2724 1789 2792 ἀγέλης

213 2801 585 2873 βοσκημάτων
614 2809 707 2859 καὶ
741 2810 995 2878 σύριγγος
1023 2814 1114 2865 καὶ
1164 2814 1236 2879 τῷ
1264 2814 1379 2882 ἤχῳ
1412 2814 1782 2883 κατακηλοῦν·

209 2912 307 2957 τος
336 2897 521 2949 αὐτῶν
548 2899 618 2951 τά
650 2895 788 2965 ὦτα,
823 2904 1198 2971 χρησμολόγος
1218 2905 1327 2957 τῶν
1354 2906 1493 2974 ὑπὲρ
1516 2906 1670 2971 λόγον
1697 2904 1787 2975 ἐρ-

208 3004 329 3055 γων
373 2991 469 3042 καὶ⁵
521 2994 855 3061 προφητείας
906 2994 1082 3063 βρύων
1126 2996 1479 3063 χαρίσματα·
1511 2996 1569 3058 ἐξ
1609 2996 1787 3049 αὐλῶν

1878 624 2159 677 emittente
2192 618 2402 673 radios.
2426 616 2492 670 Et
2526 629 2807 669 sermones
2849 614 2939 667 hic
2963 612 3194 681 intelligi
3221 622 3460 680 possent

1878 717 1971 770 Dei
2006 716 2257 768 humanae
2292 706 2779 765 condescendentis
2828 704 3133 757 inﬁrmitati
3181 712 3236 758 et
3283 704 3335 756 in
3373 720 3460 755 ra-

1888 810 2067 863 tiones
2098 816 2150 860 et
2174 805 2439 874 judicium
2466 817 2524 855 se
2549 802 2858 853 statuentis.
2892 797 3133 859 Etenim,
3159 797 3270 849 ait:
3299 815 3316 846 ι
3356 795 3461 849 Ve-

1888 903 2003 956 nite
2029 910 2082 955 et
2110 896 2506 954 contendamus
2535 892 2722 951 simul,
2747 891 2824 942 ait
2860 889 3123 943 Dominus
3150 888 3193 942 ⁶.
3226 907 3244 939 ι
3280 888 3462 956 Inqui-

1883 993 2081 1048 sitione
2118 998 2299 1043 autem
2344 987 2485 1041 facta
2516 1001 2582 1038 ex
2633 984 2886 1051 opposito
2924 982 2992 1035 de
3038 981 3201 1035 donis
3256 981 3460 1049 quibus

1884 1084 2085 1138 fruitus
2118 1089 2201 1135 est
2248 1086 2301 1133 et
2348 1074 2625 1131 beneﬁciis
2680 1073 2848 1126 David
2895 1082 2949 1125 et
2992 1071 3058 1124 de
3097 1071 3163 1125 iis
3201 1072 3267 1123 ad
3321 1087 3462 1139 quos

1884 1174 2071 1241 lapsus
2098 1180 2181 1224 est
2206 1170 2514 1238 illcgitimos
2544 1178 2699 1219 actus
2739 1181 2752 1216 :
2804 1179 2833 1216 a
2870 1164 3051 1231 lingua
3082 1163 3280 1217 calami
3310 1173 3365 1216 et
3399 1163 3466 1216 ti-

1886 1270 2001 1322 bias
2032 1266 2225 1321 inﬂare
2261 1264 2457 1318 inscite
2482 1271 2653 1315 artem
2684 1260 2787 1313 sibi
2823 1259 3077 1327 lingente,
3118 1259 3303 1329 lingua
3359 1260 3467 1328 spi-

1886 1363 2023 1415 ritus
2046 1370 2100 1414 et
2130 1358 2408 1426 sapientia:
2438 1370 2603 1424 supra
2632 1363 2850 1421 captum
2882 1352 3112 1406 rationis
3138 1362 3193 1405 et
3222 1353 3467 1405 scientiae

1885 1464 2193 1521 organum;
2235 1464 2302 1501 ea
2334 1444 2744 1500 adolescentulo
2797 1442 3021 1495 irrisore
3057 1442 3167 1494 dux
3212 1440 3467 1500 fortuitus

1886 1543 2012 1596 belli
2043 1550 2098 1595 et
2128 1543 2292 1594 totius
2314 1538 2475 1597 aciei.
2506 1546 2562 1591 et
2606 1536 2758 1589 solus
2786 1544 2841 1587 et
2881 1535 3089 1602 absque
3126 1535 3247 1587 telis
3276 1546 3329 1587 et
3374 1550 3465 1587 ar-

1886 1636 1990 1688 mis
2012 1643 2065 1686 et
2115 1632 2325 1700 reliquo
2360 1637 2624 1698 apparatu
2656 1636 2709 1680 et
2737 1625 3075 1694 experientia
3125 1624 3465 1688 certaminis,

1888 1733 2174 1793 reportans
2205 1719 2496 1775 victoriam
2541 1726 2593 1770 et
2628 1716 2869 1769 hostium
2908 1713 3167 1781 frangens
3215 1714 3467 1767 domina-

1889 1820 2110 1879 tionem,
2142 1829 2209 1868 ex
2232 1828 2295 1867 ea
2321 1825 2444 1881 quae
2465 1818 2549 1863 est
2576 1810 2675 1862 sub
2729 1806 2821 1859 dio
2856 1805 3097 1867 miseria,
3155 1804 3469 1873 duplicibus

1887 1916 1941 1959 et
1971 1903 2276 1974 triplicibus
2308 1902 2466 1955 tectis
2502 1900 2795 1953 domorum
2835 1896 3154 1965 splendores
3194 1903 3248 1948 et
3279 1896 3465 1963 splen-

1888 1993 2100 2049 didiora
2134 1990 2461 2054 habitacula,
2490 1998 2543 2043 et
2574 1988 2675 2043 sub
2710 1994 2854 2041 tecto
2900 1994 2953 2039 et
2986 1986 3199 2040 deliciis
3237 1985 3468 2041 aﬂluens

1893 2087 2093 2149 victus,
2124 2092 2177 2136 et
2204 2085 2492 2136 multarum
2532 2080 2747 2133 urbium
2787 2094 2848 2132 ex
2898 2094 3033 2147 pago
3056 2079 3344 2143 oriundus,
3378 2080 3467 2131 do-

1889 2176 2108 2241 minus;
2140 2190 2241 2244 pro
2269 2174 2525 2242 pastorali
2560 2172 2767 2225 doliolo
2797 2184 2850 2225 et
2886 2187 3040 2240 pera,
3077 2180 3354 2239 seeptrum
3412 2172 3465 2225 in

1888 2282 2073 2328 manu,
2123 2274 2177 2320 et
2232 2266 2438 2319 circum
2496 2272 2659 2329 caput
2703 2263 2953 2317 diadema
3016 2263 3201 2333 regni;
3233 2278 3264 2316 e
3310 2279 3470 2331 grege

1893 2358 2057 2413 boum
2073 2366 2129 2411 et
2149 2357 2277 2410 tibia
2304 2368 2359 2410 et
2375 2356 2560 2409 sonitu
2587 2355 2856 2409 mulcente
2889 2369 3078 2408 eorum
3113 2370 3294 2417 aures,
3320 2367 3467 2407 vates

1892 2465 2081 2505 eorum
2110 2464 2233 2518 qua:
2271 2464 2435 2517 supra
2470 2462 2780 2502 sermonem
2807 2456 2935 2501 sunt
2968 2462 3193 2515 operum
3242 2458 3293 2499 Cl
3347 2463 3468 2515 ριόσ

1894 2536 2087 2607 phetia:
2119 2535 2336 2589 emuere
2372 2535 2580 2589 faciens
2609 2537 2981 2601 charismata;
3023 2553 3087 2589 ea
3119 2538 3343 2590 sedibus
3381 2537 3467 2588 in-

1894 2630 2058 2683 certis
2078 2637 2133 2683 et
2162 2643 2292 2683 cura
2316 2643 2580 2697 agnorum
2613 2637 2665 2681 et
2695 2628 2834 2697 pelle
2854 2627 3058 2681 ferente
3081 2629 3466 2698 corpusculum

1895 2722 2079 2774 labore
2135 2729 2438 2789 gravatum,
2495 2721 2721 2773 thronus
2779 2722 2960 2789 regius
3018 2731 3071 2773 et
3123 2736 3363 2789 purpura
3414 2728 3469 2773 et

1896 2813 2121 2867 hastarii
2155 2821 2209 2865 et
2243 2826 2477 2874 corona;
2520 2819 2578 2864 ut
2610 2812 2777 2864 verbo
2798 2812 2999 2873 dicam,
3030 2826 3095 2864 ex
3132 2811 3297 2865 idiota
3339 2826 3469 2879 pro-

1896 2905 2052 2973 pheta
2082 2912 2134 2957 et
2168 2918 2260 2956 rex
2285 2918 2349 2956 ex
2381 2903 2606 2971 fugitivo
2638 2910 2693 2955 et
2714 2910 2903 2956 contra
2953 2911 3139 2956 hostes
3182 2903 3469 2956 victoriam

1896 3007 2222 3050 consecutus
2244 2996 2451 3065 absque
2482 3012 2684 3065 pugna.

208 3083 466 3149 νομὰἱων
493 3084 585 3135 καὶ
616 3084 909 3152 θεραπείας
935 3084 1267 3155 θρεμμάτων
1292 3090 1387 3139 καὶ
1422 3089 1691 3155 σκυτάλης
1740 3088 2037 3157 ἀνεχούσης
2077 3088 2136 3139 τὸ
2167 3087 2442 3155 σωμάτιον
2493 3088 2648 3157 κόπῳ
2706 3085 3092 3156 βαρυνόμενον,
3135 3084 3322 3151 θρόνος
3375 3084 3470 3152 βα-

210 3175 419 3238 σίλεεος
467 3177 560 3229 καὶ
606 3177 860 3247 πορφύρα
908 3183 999 3235 καὶ
1041 3184 1333 3256 δορυφόροι
1366 3184 1458 3236 καὶ
1494 3183 1753 3251 στέφανος
1780 3196 1795 3211 ⁸
1837 3180 2107 3234 συνελόντι
2173 3182 2360 3248 φάναι,
2388 3180 2448 3245 ἐξ
2510 3180 2721 3233 ίδιώτου
2758 3180 3067 3249 προφήτης,
3094 3179 3186 3231 καὶ
3222 3170 3474 3246 βασιλεὺς

208 3270 277 3322 δκ
314 3270 574 3338 φυγάδος,
605 3272 701 3323 καὶ
730 3273 788 3325 τὸ
824 3274 944 3327 κατ’
973 3276 1183 3345 ἐχθρῶν
1218 3278 1417 3347 κράτος
1471 3275 1991 3345 συγκληρωσάμενος
2023 3272 2254 3340 ἄμαχον.

286 3449 369 3502 Τά
407 3449 506 3517 μὲν
531 3448 625 3502 οὖν
657 3450 776 3504 θεῖα
816 3454 944 3523 περὶ
982 3454 1073 3507 τὸν
1116 3455 1298 3519 Δασὶδ,
1323 3455 1516 3519 ταῦτα,
1550 3455 1642 3508 καὶ
1668 3454 1785 3507 πολ-

1969 3454 2137 3524 lgitur
2166 3452 2347 3506 divina
2380 3452 2524 3507 circa
2572 3452 2759 3515 David,
2798 3453 2944 3515 talia,
2969 3460 3022 3506 et
3061 3451 3231 3507 multo
3264 3450 3473 3519 majora

210 3544 291 3613 λῴ
322 3543 548 3595 πλείονα
577 3544 643 3596 τὰ
668 3544 985 3615 λειπόμενα.
1012 3547 1092 3599 Τά
1117 3547 1172 3599 δὲ
1205 3548 1303 3616 τῆς
1334 3549 1475 3617 ἐμῆς
1511 3547 1788 3608 ἀσθενείας

212 3634 313 3686 καὶ
342 3632 439 3685 τοῦ
480 3634 662 3696 Δασὶδ,
698 3637 950 3703 γυναικὸς
1009 3640 1229 3708 ἡττᾶτο,
1275 3637 1367 3691 τοῦ
1421 3638 1657 3705 πολέμου
1694 3624 1789 3690 λὰ-

210 3725 324 3778 εὼν
356 3728 650 3795 ἐπίκουρον
698 3730 906 3801 ἔρωτα·
940 3733 1156 3802 μοιχεία
1201 3734 1295 3786 καὶ
1346 3734 1503 3801 φόνος
1528 3736 1666 3787 κατά
1694 3734 1787 3787 τοῦ

214 3824 493 3898 μεγέθους
522 3822 777 3895 ἐχόρευον
804 3824 913 3877 τῶν
949 3824 1256 3893 εὐεργετῶν
1280 3841 1293 3854 ·
1330 3824 1550 3894 ὐδριζεν
1581 3828 1611 3895 ἡ
1653 3826 1789 3895 σὰρξ

208 3920 271 3975 τὸ
307 3916 555 3986 πνεῦμα,
588 3915 683 3969 καὶ
714 3916 977 3985 ἐπιθυμία
1009 3917 1247 3986 ἀθεσμος
1288 3920 1399 3981 τοῖς
1433 3920 1541 3970 τῶν
1573 3919 1789 3988 δωρεῶν

209 4013 553 4080 χαρίσμασιν
610 4008 957 4075 ἐπεκώμαζε,
1004 4014 1098 4062 καὶ
1141 4010 1285 4063 πόσα
1308 4010 1561 4063 τοιαῦται
1598 4014 1625 4063 6
1659 4029 1790 4081 προς

208 4102 395 4170 φήτης
430 4100 524 4152 καὶ
555 4099 826 4167 βασιλεὺς,
858 4099 1121 4169 κάπηλος,
1174 4102 1272 4154 οὐκ
1311 4097 1454 4154 οἶνον
1498 4102 1650 4155 ὕδατι
1694 4121 1785 4157 κε-

212 4189 438 4259 ραννὺς,
468 4187 603 4239 ἀλλὰ
623 4188 722 4249 τάς
744 4188 883 4259 ὑπὲρ
904 4188 1057 4255 λόγον
1077 4189 1283 4257 δωρεὰς
1307 4194 1669 4260 καταμιγνὺς,
1695 4193 1788 4245 καὶ

208 4278 553 4347 κιϐδηλεύων
583 4280 693 4340 τοῖς
720 4279 818 4348 τῆς
845 4281 1048 4349 σαρκὸς
1066 4281 1261 4333 πάθεσι
1285 4284 1376 4334 καὶ
1400 4286 1785 4353 σκιρτήμασιν.

222 4368 313 4419 Ἐν
336 4365 550 4429 τούτοις
585 4369 677 4420 καί
709 4370 823 4430 τοῖς
859 4369 1122 4433 τοιούτοις
1166 4370 1344 4438 λόγοις
1373 4375 1400 4425 6
1425 4373 1561 4436 Θεὸς
1607 4376 1788 4441 κρινό-

209 4453 379 4521 μενός
402 4469 462 4504 τε
495 4452 590 4504 καὶ
615 4452 1115 4524 δικαιολογούμενος
1146 4459 1278 4527 πρὸς
1326 4460 1419 4512 τὸν
1461 4462 1623 4513 Δαϐὶδ
1648 4505 1660 4527 ,
1700 4459 1787 4530 ἆρ’

204 4544 362 4595 ἔστιν
390 4545 566 4596 είπεῖν
589 4546 667 4607 εἰς
706 4546 831 4600 ὅσον
872 4547 949 4617 τῷ
971 4548 1161 4619 δικαίῳ
1206 4552 1529 4622 ὐπερὲὀαλε,
1573 4556 1667 4607 καὶ
1691 4558 1785 4622 τῆς

204 4634 380 4687 αὐτοῦ
414 4637 757 4704 παρέστησεν
786 4638 1120 4709 ἀγαθότητος
1144 4643 1203 4694 τὸ
1231 4644 1658 4715 ἀνυπέρϐλητον,
1690 4650 1785 4717 μά·

202 4725 371 4779 λιστα
400 4726 457 4777 δὲ
486 4728 620 4795 μηδὲ
650 4730 943 4798 τιμωρίαις
985 4732 1209 4800 ὑπάγων
1240 4735 1329 4787 τὸν
1358 4738 1481 4790 ἀντὶ
1516 4739 1782 4791 τοσούτων

199 4816 435 4880 ἀγαθῶν
500 4821 688 4879 κακοῖς
735 4820 1139 4891 ἀμειψάμενονς
1184 4826 1517 4896 ὑπετέμνετο
1560 4830 1667 4900 γὰρ
1717 4832 1783 4884 ἂν

198 4906 384 4969 οὕτως
413 4906 475 4958 τὸ
504 4909 709 4973 ἄφατον
739 4911 885 4975 ἔλεος
906 4914 997 4965 τοῦ
1028 4916 1162 4969 Θεοῦ
1188 4918 1280 4969 καὶ
1310 4919 1370 4970 τὸ
1392 4922 1449 4971 ὲν
1474 4922 1620 4991 αὐτῷ
1648 4922 1784 4992 λαμ-

198 4995 349 5062 πρὸν
400 4996 496 5047 καὶ
540 5000 639 5050 οὐκ
681 4999 802 5069 ἔχον
841 5002 1208 5071 ἀπαγγέλλειν
1239 5008 1396 5074 λόγον
1422 5010 1483 5061 τὸ
1512 5012 1740 5080 μέγεθος
1762 5030 1777 5045 ο

194 5090 450 5159 τιμωρίᾳ
482 5090 592 5160 γάρ
627 5093 719 5144 καὶ
744 5094 963 5148 κολάσει
992 5098 1020 5149 6
1050 5098 1375 5169 ἠδικημένος
1413 5103 1778 5172 ζημιούμενος

194 5178 276 5229 ti
307 5180 481 5232 πολλά
512 5182 621 5235 τῶν
662 5184 995 5255 ὀφλημάτων
1042 5191 1166 5258 ἀγει
1212 5194 1347 5263 πρὸς
1393 5195 1653 5250 διάλυσιν.
1702 5201 1782 5251 Ta

190 5274 388 5327 τοίνυν
422 5274 682 5330 Δαυῖδικά
709 5277 809 5348 τῆς
864 5284 1150 5349 μετανοίας
1202 5288 1295 5338 καὶ
1345 5288 1781 5359 ἐξομολογήσεως

196 5366 433 5435 ῥήματα
468 5370 563 5423 καὶ
590 5369 698 5421 τῶν
737 5375 1130 5443 παραπλησίων
1161 5379 1387 5432 ἕκαστον
1415 5382 1446 5449 ἡ
1484 5382 1590 5433 τῶν
1620 5383 1780 5451 ἱερῶν

188 5459 417 5523 Λογιων
452 5460 708 5531 συνήθεια
759 5464 819 5516 τὸ
866 5468 1080 5531 πάντως
1110 5470 1519 5540 ἀποὸησόμενον
1565 5490 1779 5545 προμη-

190 5552 430 5614 νύουσα,
485 5553 861 5621 αἰτιολογικῶς
908 5559 1263 5626 ἀπαγγέλλει.
1324 5564 1417 5615 καὶ
1445 5564 1776 5619 διατυποῦσα

185 5638 284 5709 τῷ
312 5640 554 5711 σχήματι
582 5644 643 5697 τὺ
677 5649 937 5715 συγγενὲς
966 5650 1060 5704 τοῦ
1084 5652 1379 5717 ἀκωλύτως
1404 5655 1775 5730 ἐκόησομὲνου

267 5824 293 5852 ⁸
324 5819 425 5878 lsa.
466 5821 614 5886 1,13.

1810 4784 1862 4842 D

1890 3544 2273 3613 praetermissa.
2309 3542 2439 3608 Qua:
2464 3539 2643 3597 autem
2672 3559 2806 3597 mea:
2830 3544 3165 3596 inﬁrmitatis
3191 3550 3243 3595 et
3280 3542 3471 3609 David,

1890 3650 1919 3687 a
1946 3634 2172 3688 muliere
2202 3635 2378 3688 victus
2418 3642 2520 3697 est,
2553 3634 2674 3687 belli
2707 3644 2991 3702 assumpto
3044 3634 3192 3686 socio
3224 3648 3407 3686 amore
3450 3652 3463 3686 :

1890 3723 2213 3778 adulterium
2267 3732 2320 3778 et
2365 3725 2719 3778 homicidium
2780 3734 2971 3778 contra
3028 3724 3465 3791 magnitudinem

1891 3816 2226 3869 incesserunt
2260 3816 2394 3869 bene
2432 3815 2722 3870 factorum.
2758 3815 2962 3884 lnjuria
2988 3815 3167 3869 aﬂ‘ecit
3200 3831 3329 3870 caro
3354 3818 3473 3883 spi-

1891 3906 2074 3969 ritum,
2111 3915 2164 3959 et
2189 3906 2628 3973 concupiscentia
2661 3906 2938 3976 illegitima
2995 3907 3259 3959 donorum
3290 3908 3469 3961 chari-

1891 3998 2157 4053 smatibus
2187 3999 2377 4061 illusit,
2405 4009 2460 4053 et
2490 4016 2737 4069 quaenam
2788 4002 2920 4055 illa?
2964 4002 3227 4071 Propheta
3271 4012 3323 4055 et
3354 4018 3468 4062 rex,

1890 4104 2080 4158 caupo,
2110 4105 2215 4143 non
2240 4090 2423 4143 vinum
2456 4106 2610 4160 aqua:
2645 4093 2904 4157 miscens,
2934 4093 3027 4147 sed
3060 4109 3120 4145 ea
3156 4108 3274 4161 quae
3297 4107 3464 4160 supra

1890 4196 2194 4236 sermonem
2228 4191 2356 4235 sunt
2395 4182 2534 4235 dona
2566 4184 2804 4236 miscens
2828 4192 2881 4236 et
2928 4183 3241 4237 adulterans
3280 4184 3466 4237 carnis

1890 4275 2236 4343 passionibus
2267 4283 2321 4328 et
2360 4276 2679 4331 assultibus.
2713 4276 2767 4329 In
2798 4276 2882 4329 liis
2914 4284 2967 4330 et
3004 4278 3203 4331 talibus
3250 4293 3463 4331 sermo-

1890 4368 2050 4423 nibus
2078 4367 2221 4422 Deus
2252 4366 2525 4435 judicatus
2574 4378 2628 4423 et
2671 4369 3004 4437 justifieatus
3047 4370 3222 4435 quoad
3270 4370 3456 4423 David.

1889 4459 2044 4512 Certe
2096 4466 2181 4511 est
2240 4458 2418 4511 dicere
2473 4458 2525 4510 in
2600 4467 2865 4527 quantum
2951 4460 3163 4529 justitia
3234 4475 3459 4520 supera—

1888 4552 2071 4616 verit,
2160 4560 2214 4605 et
2302 4566 2415 4603 sua:
2505 4551 2805 4604 ostenderit
2924 4551 3180 4605 bonitatis
3287 4552 3463 4604 extre!-

1886 4642 2148 4707 lentiam,
2203 4642 2499 4709 praesertim
2556 4656 2662 4694 non
2712 4642 2963 4696 vindictae
3004 4643 3299 4711 subjiciens
3335 4658 3461 4698 eum

1888 4735 1981 4804 qui
2032 4749 2132 4802 pro
2183 4734 2349 4787 tantis
2413 4732 2568 4786 bonis
2636 4733 2773 4785 mala
2828 4734 3090 4802 rependit.
3158 4735 3249 4788 Sic
3317 4736 3459 4788 enim

1892 4825 2139 4878 subsecta
2181 4824 2371 4877 fuisset
2397 4822 2683 4877 ineﬂabilis
2708 4825 3083 4879 misericordia
3118 4826 3207 4879 Dei
3237 4838 3285 4881 et
3312 4829 3459 4895 quod

1890 4917 1942 4971 in
1977 4930 2037 4968 ea
2065 4916 2352 4984 splendens
2397 4929 2571 4983 neque
2590 4930 2896 4969 sermonem
2944 4917 3149 4971 habens
3196 4919 3261 4971 ad
3301 4934 3461 4972 enar-

1887 5007 2113 5062 randam
2157 5009 2276 5077 ejus
2332 5007 2755 5079 magnitudinem
2782 5025 2797 5074 ;
2824 5007 3063 5063 vindicta
3098 5010 3239 5063 enim
3280 5020 3332 5065 et
3367 5027 3461 5065 ca-

1884 5102 2172 5171 stigatione
2204 5101 2251 5154 is
2275 5101 2366 5171 qui
2397 5102 2593 5169 injuste
2616 5102 2816 5155 damno
2842 5101 3068 5157 allectus
3098 5112 3179 5157 est
3202 5102 3460 5171 pleraque

1884 5194 2201 5247 delictorum
2231 5193 2495 5248 dissolvit.
2533 5192 2787 5245 Davidir'a
2835 5193 3000 5263 igitur
3044 5194 3375 5262 paenitentiae
3402 5204 3457 5249 et

1883 5282 2244 5337 confessionis
2296 5284 2458 5335 verba
2501 5292 2554 5336 et
2590 5283 2851 5335 similium
2899 5284 3129 5351 quodvis
3174 5298 3453 5337 sacrorum

1883 5373 2235 5443 Eloquiorum
2276 5390 2398 5429 mos
2449 5377 2675 5428 omnino
2705 5384 3029 5431 eventurum
3068 5375 3450 5445 prmindicans,

1881 5469 2177 5539 etiologice
2236 5470 2482 5522 enuntiat
2529 5479 2580 5522 et
2627 5468 2886 5537 ellingens
2947 5468 3131 5521 habitu
3192 5466 3242 5519 id
3305 5467 3450 5534 quod

1882 5561 2134 5619 aﬂineest
2176 5562 2293 5630 eius
2347 5561 2493 5631 quod
2546 5560 2965 5616 ineluctabiliter
3004 5569 3320 5614 eventurum
3366 5572 3453 5609 eo-

1884 5671 1996 5712 ram
2050 5659 2211 5715 sistit.
2272 5656 2376 5722 Qui
2446 5654 2609 5729 igitur
2677 5652 3027 5723 Eloquiorum
3077 5646 3448 5723 [sacrorum]
