4186 6444
200 437 310 503 4θά

1000 437 1100 497 AD
1131 434 1725 499 AMPHlLOCHIUM
1757 434 2103 508 ΟὉΑΞΞΤῙΟ
2139 436 2482 500 LVII-LIX.

3346 438 3452 505 ιοε

200 554 313 609 τῶν
342 554 628 626 προϐάτων
658 551 1061 624 πολυπληθείης
1086 571 1144 607 τε
1170 555 1267 607 καὶ
1294 550 1571 623 εὗθηνῖας,
1599 554 1769 607 πολὺν

1881 554 2055 608 ovium
2102 567 2300 621 magno
2350 566 2578 607 numero
2623 557 2679 606 et
2708 550 3096 620 prosperitate,
3152 551 3333 621 magni
3373 550 3455 607 fa-

200 645 361 713 λόγον
387 640 532 715 εἶχον
556 644 663 699 τῶν
689 645 884 715 πηγῶν
904 645 996 699 καὶ
1015 644 1266 716 φρεάτων
1290 662 1305 675 ο
1333 643 1429 698 tu
1450 645 1513 714 δὴ
1536 647 1637 715 τῆς
1654 662 1777 715 τρο·

202 735 316 805 φῆς
345 736 406 789 ού
430 736 565 789 πολὺ
590 736 812 790 ἔλαττον
836 736 957 789 οὐδὲ
986 735 1081 788 τοῦ
1117 736 1362 805 πόματος
1390 735 1776 788 καταπιαίνον-

203 843 300 889 τος
328 827 424 879 καὶ
449 827 777 891 διατιθέντος
832 828 925 880 ἐπὶ
958 826 1018 877 τὸ
1064 827 1287 894 ἄμεινον
1324 824 1393 876 τά
1421 824 1767 893 βοσκήματα.

202 918 366 971 Οὕτω
387 918 451 989 δὴ
484 920 731 987 φαίνεται
762 918 856 971 καὶ
883 921 911 971 ό
951 918 1203 987 Ἀϐρααμ
1234 916 1329 969 καὶ⁸
1344 913 1512 985 ἄλλης
1538 912 1779 967 ἀπολαύο

202 1028 305 1073 σας
332 1012 485 1081 παρὰ
512 1010 606 1063 τοῦ
653 1010 943 1080 ’Δϐιμὲλεχ
966 1008 1284 1079 θεραπείας,
1319 1007 1419 1060 οὐκ
1450 1005 1778 1075 ἀγνωμοσύ-

201 1119 303 1170 νην
357 1101 647 1171 ἡγούμενος
698 1099 995 1169 διελέγχειν
1044 1099 1204 1152 αὑτὸν
1244 1099 1372 1168 περὶ
1403 1096 1514 1165 ,τῆς
1547 1094 1780 1165 ἀφαιρέ-

203 1207 346 1253 σεως
386 1183 462 1242 ὧν
504 1189 665 1251 αὐτὸς
713 1188 1029 1257 ἀνωρύξατο
1086 1188 1339 1258 φρεάτων
1364 1203 1380 1220 ο
1416 1186 1523 1239 οὐδ’
1570 1187 1779 1249 ἐκεῖνος

199 1281 297 1333 τδν
326 1280 549 1348 ἔλεγχον
579 1279 906 1350 μυκτηρίζει
929 1295 943 1309 ·
966 1280 1181 1347 ἀγνοεῖν
1201 1278 1257 1331 δὲ
1283 1278 1383 1349 τὴν
1403 1275 1605 1347 πρᾶξιν
1631 1276 1781 1345 παρά

199 1372 311 1426 τῶν
340 1372 507 1426 αὐτοῦ
539 1372 887 1441 θεραπόντων
920 1370 1287 1441 τολμηθεῖσαν
1314 1370 1667 1437 ὑποκρίνεται
1689 1369 1781 1419 καὶ

201 1462 549 1524 σπουδάζειὸ
588 1461 842 1531 ’Δϐραάμ
892 1460 979 1514 διὰ
1026 1460 1135 1513 τῶν
1193 1458 1336 1512 έπτά
1384 1457 1641 1527 ἀμνάδων
1681 1455 1781 1525 τὴν

199 1553 297 1606 τοῦ
346 1552 638 1621 Ἀϐιμέλεχ
665 1552 955 1621 ὁμολογίαν
985 1550 1061 1613 ὼς
1091 1550 1177 1619 εἴη
1209 1551 1272 1602 τὸ
1301 1550 1477 1620 φρέαρ
1504 1548 1663 1618 ἔργον
1686 1549 1779 1599 καὶ

200 1644 366 1704 πόνος
382 1642 475 1694 τοῦ
504 1642 754 1710 Ἁϐραάμ
777 1640 1180 1710 βεϐαιώσασθαι
1206 1656 1220 1670 ·
1245 1640 1338 1691 καὶ
1361 1640 1519 1708 ὅρκος
1543 1643 1638 1691 καὶ
1658 1653 1783 1688 συν-

200 1734 374 1802 θῆκαι
425 1732 777 1802 προϐαίνουσι
800 1748 811 1761 ’
846 1732 942 1784 καὶ
967 1732 1001 1800 ἡ
1033 1730 1185 1799 πηγὴ
1222 1729 1488 1798 λαμϐάνει
1543 1729 1643 1798 τὴν
1674 1729 1775 1779 ἐπι

196 1824 454 1892 ωνυμίαν
482 1824 589 1876 ἀπὸ
616 1824 713 1892 τῆς
737 1822 988 1891 πράξεως
1038 1820 1213 1891 φρέαρ
1270 1818 1568 1889 Ὀρκισμοῦ
1595 1821 1782 1871 ἐπονο-

200 1914 513 1984 μασθεῖσασ
542 1915 633 1967 καὶ
665 1917 714 1967 οί
748 1915 1063 1983 Φυλιστιεὶμ
1100 1912 1159 1965 δὲ
1205 1912 1381 1982 χρόνῳ
1416 1910 1642 1981 ὕστερον
1679 1910 1780 1979 τῆς
1814 1898 1853 1952 Β

200 2006 349 2071 ιδίας
381 2007 565 2076 χώρας
598 2000 712 2080 ὲνῇ
739 2006 988 2076 παρῴκει
1023 2007 1051 2058 ὁ
1098 2004 1283 2057 Ἰσαὰκ
1335 2005 1552 2073 φεύγων
1599 2001 1693 2056 τὸν
1724 2003 1783 2053 έν

195 2098 547 2169 τῇοπατρίδι
592 2098 772 2166 λιμὸν,
822 2096 1093 2150 ἀπελάσαι
1134 2095 1315 2166 φθόνῳ
1364 2093 1781 2164 μελετήσαντες,

198 2192 579 2261 ἐμφράττουσι
610 2191 678 2244 τὰ
702 2191 919 2262 φρέατα
951 2189 1045 2241 τοῦ
1068 2189 1273 2260 πατρὸς
1303 2186 1490 2248 αὑτοῦ,
1516 2187 1641 2248 τοὺς
1665 2203 1786 2239 ποι-

200 2281 380 2351 μένας
412 2282 611 2346 ειδότες
643 2280 1005 2353 μὴδύνασθαι
1058 2280 1179 2351 ζῇν,
1218 2279 1318 2349 τῆς
1371 2278 1480 2331 τῶν
1532 2279 1784 2350 φρεάτων

195 2374 712 2443 ἀποστερουμένους
739 2374 986 2443 χρήσεως
1003 2388 1015 2403 ο
1046 2373 1140 2424 καὶ
1176 2369 1383 2437 Μωσῆς
1406 2371 1489 2423 ὅτι
1511 2372 1635 2434 τοὺς
1662 2386 1777 2438 χει-

198 2464 317 2535 ρῶν
355 2466 558 2519 ἀδίκων
588 2465 863 2535 ἄρξαντας
916 2464 1180 2533 ποιμένας
1222 2462 1588 2532 ἀπωσάμενος
1640 2479 1783 2533 παρ-

192 2560 328 2629 έσχε
358 2560 479 2621 ταῖς
502 2558 808 2628 θυγατράσι
856 2556 950 2609 τοῦ
998 2555 1167 2625 Ἱοθὸρ
1195 2554 1392 2608 θᾶττον
1423 2555 1455 2627 ἢ
1486 2556 1632 2608 κατά
1681 2556 1781 2618 τὰς

190 2648 366 2711 ἄλλας
418 2650 635 2719 ἡμέρας
683 2648 903 2701 ποτίσαι
928 2647 994 2700 τὰ
1036 2646 1334 2717 θρέμματα
1376 2644 1457 2713 τῷ
1481 2646 1650 2715 πατρὶ
1680 2663 1783 2715 κη-

189 2737 367 2804 δεύει,
400 2740 497 2792 καὶ
522 2738 710 2809 κύριος
750 2738 928 2802 οἰκίας
973 2739 1094 2791 ἀντὶ
1143 2736 1486 2807 προσηλύτου
1525 2736 1773 2805 γίνεται·

190 2834 298 2885 sui.
347 2833 521 2902 μυρία
561 2831 697 2885 ἀλλα
744 2832 859 2885 εστι
888 2830 1074 2885 λαϐεῖν
1101 2830 1168 2883 δι’
1198 2823 1274 2883 ὧν
1308 2829 1776 2899 περισπούδαστον

190 2925 295 2977 καὶ
330 2925 473 2991 μέγα
507 2924 691 2993 κτῆμα
723 2926 835 2985 τοῖς
857 2924 916 2989 ἐξ
958 2922 1207 2992 Ἀϐραὰμ
1253 2920 1325 2973 τὰ
1354 2921 1564 2990 φρέατα
1596 2922 1778 2991 ἐνομί-

190 3014 351 3079 ζετο·
386 3014 415 3066 ὃ
445 3014 510 3083 δὴ
541 3014 635 3067 καλ⁵
662 3012 1061 3083 ἀταλαιπώρως
1093 3009 1269 3082 εὑρὼν
1299 3012 1328 3061 ό
1353 3012 1519 3063 Αίνᾶν
1560 3010 1592 3081 ἢ
1629 3014 1657 3063 ὁ
1695 3012 1778 3065 Ὠ-

192 3109 301 3162 νὶν
345 3110 639 3180 (ἑκατέρας
668 3109 779 3181 γάρ
803 3109 906 3177 τῆς
932 3108 1115 3177 φωνῆς
1156 3108 1525 3181 ὀνομάζεται),
1568 3106 1809 3176 ἱστορίας

1878 645 2095 701 ciebant
2128 643 2304 701 fontes
2346 654 2401 700 et
2442 653 2661 713 puteos,
2693 643 2852 713 quasi
2882 643 3103 712 pascuis
3147 659 3253 697 non
3296 643 3454 699 valde

1881 736 2064 787 minus
2091 734 2165 788 ita
2188 742 2244 788 et
2266 745 2396 803 potu
2425 735 2708 803 saginante
2732 740 2786 787 et
2817 733 3146 803 disponente
3173 735 3226 789 in
3255 736 3456 791 melius

1878 832 2147 879 armenta.
2192 824 2284 878 Sic
2316 832 2463 877 certe
2503 823 2716 876 videtur
2755 830 2810 876 et
2840 822 3114 877 Abraham
3158 835 3211 879 et
3243 826 3455 893 reliqua

1877 914 2078 971 fruitus
2130 914 2273 984 apud
2323 913 2637 967 Abimelech
2697 929 2851 977 cura,
2911 929 3019 968 non
3078 916 3453 985 insipientiam

1880 1006 2091 1061 ducens
2136 1006 2534 1074 reprehendere
2588 1007 2768 1074 ipsum
2814 1006 2881 1061 de
2931 1006 3210 1061 ablatione
3257 1023 3452 1063 eorum

1878 1111 2018 1166 quos
2047 1097 2161 1166 ipse
2200 1095 2412 1152 foderet
2447 1106 2770 1167 puteorum;
2808 1113 2986 1168 neque
3029 1099 3122 1153 ille
3158 1102 3458 1167 reprelien-

1880 1191 2091 1245 sionem
2138 1189 2369 1253 irridet,
2424 1190 2678 1259 ignorare
2733 1204 2861 1244 vero
2919 1190 3194 1245 actionem
3254 1207 3284 1246 a
3340 1193 3459 1247 suis

1880 1282 2054 1338 servis
2102 1297 2293 1337 ansam
2334 1282 2624 1351 respondet
2674 1290 2729 1335 et
2765 1282 2992 1337 festinat
3035 1283 3320 1337 Abraham
3358 1298 3458 1352 per

1878 1382 2083 1442 septem
2108 1388 2279 1443 agnos
2303 1373 2614 1427 Abimeleeh
2638 1372 3059 1437 confessionem,
3082 1388 3206 1429 esse
3230 1385 3456 1443 puteum

1879 1480 2017 1534 opus
2048 1474 2104 1520 et
2133 1464 2371 1519 laborem
2401 1465 2654 1529 Abraba,
2687 1464 2957 1520 stabilire.
2990 1464 3054 1519 Et
3074 1466 3455 1532 juramentum

1878 1570 1933 1614 et
1957 1559 2343 1614 conventiones
2372 1558 2692 1626 procedunt,
2724 1568 2776 1612 et
2796 1558 2918 1612 fons
2941 1558 3113 1612 sumit
3144 1572 3457 1624 cognomen

1879 1654 1947 1706 ab
1981 1661 2129 1714 actn,
2162 1659 2357 1719 puteus
2393 1650 2692 1717 juramenti
2724 1650 3172 1719 cognominatus.
3222 1650 3290 1704 Et
3322 1648 3460 1703 Phi-

1880 1738 2067 1793 listiim
2094 1746 2337 1804 tempore
2367 1735 2717 1805 subsequenti
2746 1736 2966 1804 propria
3000 1737 3225 1805 regione
3258 1737 3312 1789 in
3346 1752 3459 1806 qua

1884 1828 2332 1899 peregrinabatur
2391 1827 2546 1882 Isaae
2591 1826 2811 1897 fugiens
2869 1828 2923 1881 in
2976 1828 3155 1896 patria
3212 1826 3455 1894 famem,

1881 1919 2153 1990 erpellere
2191 1918 2393 1974 invidia
2440 1933 2564 1974 eum
2610 1919 2856 1973 meditati
2906 1929 3114 1983 essent,
3156 1920 3461 1975 obstruunt

1881 2019 2076 2082 puteos
2116 2009 2288 2080 patris
2335 2009 2477 2078 ejus,
2532 2017 2779 2078 pastores
2830 2011 3070 2066 scientes
3122 2026 3233 2065 non
3296 2026 3457 2080 posse

1882 2103 2095 2169 vivere,
2153 2110 2438 2172 puteorum
2494 2100 2786 2156 destitutos
2838 2101 3098 2155 utilitate.
3165 2100 3229 2154 Et
3280 2100 3463 2157 Moses

1880 2195 2027 2266 quod
2088 2191 2342 2247 manibus
2411 2191 2611 2260 iniquis
2665 2191 2875 2261 patrari
2928 2200 3111 2260 coepta
3170 2202 3456 2260 pastorum

1883 2286 2138 2343 amolitus
2163 2285 2486 2356 prasbuisset
2505 2283 2717 2339 filiabus
2743 2281 2931 2338 Jetlrro
2953 2284 3112 2338 ocius
3135 2298 3301 2353 quam
3332 2284 3458 2338 aliis

1882 2380 2074 2435 diebus
2116 2373 2625 2450 [opportunitatem]
2673 2374 2985 2444 adaquandi
3022 2389 3258 2444 greges,
3311 2376 3454 2444 patri

1881 2470 2093 2539 placet,
2154 2476 2209 2521 et
2258 2467 2513 2521 dominus
2573 2464 2770 2520 domus
2833 2480 2932 2534 pro
2987 2464 3197 2520 advena
3256 2465 3341 2520 fit.
3393 2463 3462 2519 Et

1882 2571 2139 2618 sexcenta
2172 2561 2279 2615 alia
2320 2574 2539 2614 sumere
2568 2567 2652 2613 est
2687 2573 2781 2627 per
2814 2572 2935 2626 qua!
2970 2558 3358 2613 desiderabilis
3404 2567 3463 2613 et

1883 2668 2079 2722 magna
2101 2652 2375 2722 possessio
2403 2650 2631 2720 posteris
2651 2648 2885 2703 Abrahae
2914 2649 3061 2718 putei
3095 2650 3457 2718 putabantur.

1886 2741 2040 2807 Quod
2075 2755 2209 2795 sane
2252 2748 2307 2794 et
2351 2739 2582 2794 feliciter
2630 2752 2754 2792 cum
2792 2736 3091 2793 invenisset
3126 2739 3303 2793 Ainsn
3358 2754 3459 2794 seu

1885 2830 2082 2898 Onan,
2136 2841 2370 2900 utraque
2419 2830 2563 2883 enim
2614 2841 2747 2882 voce
2792 2828 3153 2894 nominatur,
3216 2828 3465 2884 historia

1887 2921 2119 2991 prabuit
2167 2920 2453 2975 materiam
2500 2919 2591 2973 Dei
2641 2922 2968 2991 speculatori
3023 2920 3193 2989 Moysi
3248 2921 3342 2988 qui
3395 2919 3466 2974 de

1886 3014 2237 3083 cosmogonia
2269 3012 2411 3067 etde
2434 3011 2574 3067 Esau
2613 3011 2820 3067 familia
2854 3013 3232 3083 genealogiam
3263 3013 3463 3072 texuit.

1874 3108 2146 3177 παρέσχεν
2189 3107 2442 3160 ὑπόθεσιν
2486 3106 2563 3177 τῷ
2607 3104 2809 3177 θεόπτῃ
2836 3108 3025 3160 Μωσεῖ
3068 3107 3212 3161 κατά
3259 3125 3323 3176 γε
3362 3107 3465 3178 τὴν

192 3200 599 3267 κοσμογένειαν
627 3200 720 3251 καὶ
748 3197 847 3267 τὴν
870 3198 967 3249 τοῦ
1011 3196 1183 3250 Ἢσαῦ
1231 3199 1404 3268 φυλὴν
1452 3196 1931 3265 γενεαλογήσαντι.

738 3286 1073 3341 ΕΡΩΤΗΣΙΣ
1120 3288 1247 3343 ΝΘ.

202 3379 271 3434 Τί
290 3377 476 3445 δηλοῖ
492 3378 557 3448 τό
577 3374 646 3431 ἐν
667 3380 1101 3446 Δευτερονομίῳ
1119 3381 1527 3448 γεγραμμένον
1547 3396 1561 3410 ο
1590 3398 1607 3430 ε
1645 3378 1785 3432 Ἐὰν

272 3448 345 3501 δὲ
398 3446 804 3515 οὶκοδομήσῃς
854 3450 1052 3501 οὶκίαν
1102 3446 1471 3515 και⁷νὴν“καὶ
1520 3448 1778 3515 ποιήσῃς

272 3514 607 3584 στεφάνην
647 3514 725 3586 τῷ
771 3516 1042 3586 δωματίῳ
1074 3534 1212 3581 σου,
1247 3518 1347 3571 καί
1387 3520 1460 3572 οὑ
1505 3514 1783 3581 ποιήσεις

271 3589 471 3658 φόνον
500 3587 571 3640 ἐν
598 3585 669 3655 τῇ
709 3588 865 3655 οίκίᾳ
891 3599 1009 3641 σου
1038 3603 1051 3617 ’
1092 3605 1111 3639 ι

2216 3284 2541 3352 ovass'no
2579 3284 2691 3339 ιιι(
2748 3283 2843 3357 [αι.
2880 3283 3088 3356 Lvnu.

1895 3376 2327 3447 Quidsigniﬁcat
2356 3379 2493 3447 quod
2529 3380 2581 3430 in
2616 3378 3017 3433 Deutsronomio
3048 3380 3304 3446 scriptum
3342 3388 3420 3432 est
3444 3395 3463 3432 :

1974 3466 1993 3499 ε
2023 3445 2082 3500 Si
2117 3445 2595 3516 aediﬁces‘domum
2632 3465 2837 3515 novam,
2876 3450 3038 3518 facies
3080 3460 3129 3501 et
3160 3445 3463 3502 Coronidem

1962 3518 2143 3571 domui
2172 3527 2297 3585 tua,
2330 3534 2420 3571 nec
2450 3518 2611 3586 [acies
2634 3518 2979 3573 homicidium
3009 3520 3064 3573 in
3091 3519 3247 3573 domo
3273 3522 3407 3574 tua?
3436 3537 3455 3569 ι

1100 3721 1243 3773 Edita
1267 3735 1294 3771 a
1328 3720 1472 3781 Maio,
1505 3722 1539 3771 l.
1562 3735 1628 3780 c.,
1653 3735 1701 3784 p.
1725 3719 1889 3770 67-69.
1913 3718 1967 3767 in
1989 3718 2345 3769 Deuteronom.
2374 3732 2496 3779 un,
2514 3719 2562 3769 8.

277 3828 513 3896 Εῖρηται
545 3825 645 3895 μὲν
670 3827 784 3889 τοῖς
816 3826 922 3897 πρὸ
948 3825 1109 3897 ἡμῶν
1151 3828 1279 3895 περὶ
1321 3828 1526 3897 ταύτης
1550 3827 1648 3895 τῆς
1683 3828 1782 3897 pf]-

200 3936 349 3982 σεως
376 3916 502 3970 οὕτε
531 3918 629 3988 τῆς
676 3915 975 3987 σαφηνείας
1001 3916 1153 3970 οὐδὲν
1201 3916 1327 3970 οὔτε
1367 3920 1466 3989 τῆς
1494 3918 1782 3987 ὀρθότητος

198 4008 569 4078 ινδεέστερον.
614 4006 760 4078 Πλὴν
792 4007 1023 4079 ἐπείπερ
1066 4024 1148 4060 σοι
1190 4008 1343 4077 φίλον
1391 4011 1484 4061 καὶ
1527 4008 1563 4063 ἀ
1601 4009 1781 4081 ρᾴδιόν

198 4103 324 4155 ἐστι
354 4098 483 4168 παρ’
512 4096 712 4166 ἑτέρων
751 4099 966 4168 μαθεῖν,
992 4098 1162 4153 ταῦτα
1189 4103 1320 4168 παρ’
1348 4099 1507 4171 ἡμῶν
1533 4101 1779 4166 ἀκούειν,

199 4193 523 4263 συνᾴδοντες
542 4191 636 4245 καὶ
658 4192 818 4262 ἡμεῖς
839 4192 1089 4256 εκείνοις,
1112 4194 1205 4245 καὶ
1231 4194 1465 4261 μάλιστα
1496 4189 1576 4256 οἷς
1596 4212 1649 4246 τι
1673 4194 1783 4247 τῶν

195 4284 384 4338 ἀλλων
434 4283 527 4335 επὶ
557 4283 620 4335 τὸ
668 4283 891 4351 ἀμεινον
935 4282 1295 4354 τεθεώρηται,
1337 4287 1435 4338 καὶ
1492 4286 1783 4355 σύμφωνον

197 4375 523 4445 ποιούμενοι
563 4376 661 4445 τὴν
694 4374 1014 4440 ἀνάπτυξιν,
1046 4377 1260 4445 πρῶτον
1310 4377 1411 4446 μὲν
1438 4378 1639 4431 είδέναι
1674 4396 1781 4447 φα-

204 4467 311 4534 μὲν
341 4466 473 4531 δεῖν,
514 4466 588 4527 ὡς
628 4468 654 4518 ό
681 4466 780 4519 καί
816 4466 1076 4527 πολλάκις
1125 4467 1419 4536 σύνδεσμος
1452 4467 1640 4540 ὥσπερ
1685 4472 1779 4523 καὶ

1960 3823 2179 3878 Dictum
2216 3834 2299 3880 est
2342 3826 2560 3893 quidem
2609 3840 2639 3881 a
2677 3826 2978 3896 majoribus
3010 3827 3215 3881 nostris
3247 3826 3317 3881 de
3356 3825 3461 3884 hac

1886 3916 2163 3971 locutione
2214 3916 2359 3985 quod
2410 3933 2584 3987 neque
2636 3918 3004 3973 illustrations
3052 3932 3231 3987 neque
3284 3932 3463 3971 corre-

1885 4008 2068 4061 ctione
2106 4007 2327 4076 indiget.
2361 4010 2609 4063 Attamen
2644 4009 2773 4078 quia
2805 4010 2900 4063 tibi
2936 4010 3202 4080 placitum
3238 4020 3294 4064 et
3336 4023 3461 4076 qua:

1886 4096 2047 4152 facile
2070 4107 2156 4153 est
2186 4097 2255 4151 ab
2277 4098 2399 4153 aliis
2422 4100 2655 4166 discere,
2685 4100 2801 4154 haec
2829 4114 2859 4152 a
2889 4101 3048 4155 nobis
3075 4100 3288 4165 audire,
3322 4114 3459 4155 con-

1886 4189 2133 4243 cinentes
2176 4196 2231 4242 et
2273 4204 2370 4244 nos
2412 4190 2538 4256 illis,
2574 4199 2627 4244 et
2660 4192 2961 4260 praesertim
2993 4192 3195 4261 quibus
3250 4191 3457 4259 aliquid

1885 4281 2116 4334 aliorum
2162 4278 2215 4333 in
2254 4282 2448 4337 melius
2499 4283 2838 4353 speculatum
2887 4291 2992 4346 est,
3048 4292 3103 4338 et
3149 4298 3453 4337 consonam

1889 4367 2153 4423 facientes
2214 4371 2665 4439 replit-ationem,
2723 4372 2957 4441 primum
3007 4372 3232 4442 quidem
3293 4386 3459 4427 nosse

1883 4458 2116 4512 dicimus
2165 4470 2431 4531 oportere,
2485 4460 2630 4529 quod
2686 4475 2828 4528 saepe
2876 4462 3216 4530 conjunctio,
3265 4473 3339 4527 et,
3378 4462 3457 4517 si-

195 4556 365 4611 ἄλλαι
399 4557 590 4610 πολλαὶ
615 4557 722 4610 τῶν
750 4557 945 4623 λέξεων
988 4559 1139 4628 παρά
1174 4561 1285 4622 τοῖς
1323 4559 1637 4625 Μωσαῖκοῖς
1667 4561 1780 4614 δια-

1888 4562 1982 4608 cut
2007 4563 2063 4608 et
2094 4554 2212 4607 alia:
2260 4552 2441 4607 multae
2478 4566 2543 4605 ex
2606 4551 2936 4606 dictionibus
2978 4551 3030 4605 in
3075 4551 3329 4608 Mosaicis
3372 4568 3459 4607 or-

201 4654 463 4719 τάγμασι
506 4649 867 4720 παρέλκοντος
912 4651 1097 4720 ἐπέχει
1129 4649 1312 4721 χώραν
1338 4666 1352 4680 ’
1389 4652 1470 4704 διὸ
1515 4652 1607 4705 καὶ
1641 4653 1778 4723 πρὸς

198 4740 264 4793 τδ
294 4738 586 4811 εὐθύτερον
605 4739 977 4809 άναγνωσθείη
1004 4740 1069 4792 ἂν
1092 4740 1150 4792 τὸ
1167 4741 1352 4810 ῥητὸν,
1388 4743 1481 4794 τοῦ
1514 4741 1657 4794 κατᾶ
1679 4744 1778 4812 τὴν

200 4827 387 4898 ἀρχὴν
428 4828 727 4896 συνδέσμου
776 4827 1248 4899 περιαιρεθέντοςο
1298 4828 1509 4892 διπλαῖς
1557 4829 1615 4881 δὲ
1657 4828 1778 4883 δια-

196 4919 380 4981 νοίαις
428 4918 461 4987 ἡ
502 4918 765 4987 ἑρμηνεία
798 4919 1102 4989 μερίζεται.
1145 4919 1207 4970 ἸΙ
1254 4920 1352 4988 μὲν
1400 4920 1508 4990 γὰρ
1544 4918 1678 4989 πρὸς
1719 4919 1779 4972 τὸ

195 5010 445 5079 γράμμα
486 5008 750 5062 διαϐαίνει
779 5010 874 5062 καὶ
903 5010 989 5063 διὰ
1024 5011 1131 5064 τῶν
1171 5010 1445 5082 αίσθητῶν
1475 5011 1777 5066 ἀπευθύνε-

193 5118 315 5166 ται,
351 5100 465 5170 ἡδὶ
510 5101 646 5171 πρὸς
681 5101 913 5172 θεωρίαν
963 5103 1105 5156 θέλει
1156 5103 1353 5172 μᾶλλον
1386 5104 1776 5175 ἀνάγεσθαι·ή

198 5190 308 5260 μὲν
336 5184 431 5242 οὖν
458 5188 558 5259 τὴν
592 5189 816 5259 πρόοδον
848 5190 915 5243 δι’
943 5183 1017 5244 ὧν
1047 5194 1080 5263 ή
1106 5191 1250 5256 λέξις
1275 5193 1477 5262 μᾶλλον
1511 5194 1603 5245 καὶ
1630 5196 1662 5261 ή
1697 5195 1779 5247 αῖ-

198 5281 401 5351 σθησις
435 5284 742 5352 ἐπικρατεῖ,
770 5285 1091 5355 ποιουμένη,
1118 5278 1223 5337 ὧδέ
1249 5303 1324 5355 πη
1354 5287 1416 5338 τὸ
1447 5285 1775 5356 δηλούμενον

195 5372 563 5427 ἀναπτύσσει.
594 5374 785 5428 Οἰκίαν
818 5376 926 5446 γάρ
960 5394 1065 5441 σοι,
1088 5376 1272 5446 φησὶν,
1308 5376 1626 5446 προθεμένῳ
1654 5393 1777 5430 σκο-

195 5463 304 5515 πὸν
336 5464 773 5537 ἀνοικοδομῆσαι,
798 5468 891 5520 καὶ
915 5469 1102 5538 τάφον,
1132 5469 1207 5532 ὼς
1234 5469 1399 5535 είκδς,
1435 5470 1775 5541 κρηπιδῶσαι

196 5553 303 5606 καὶ
350 5554 677 5609 καταϐαλεῖν
727 5557 794 5611 τὰ
844 5557 1067 5627 θεμέλια
1116 5559 1521 5629 ἀνορυξαμένῳ,
1559 5561 1620 5611 οὐ
1669 5560 1773 5629 χρὴ

194 5643 529 5698 καταλιπεῖν
572 5648 640 5699 τὰ
673 5647 1019 5719 βοθρεύματα
1070 5650 1196 5721 πρὶν
1216 5652 1317 5711 ἐίς
1364 5650 1513 5711 τέλος
1544 5650 1773 5717 ἀγαγεῖν

194 5736 260 5787 τὸ
291 5732 455 5803 ἔργον
485 5737 648 5807 χωρὶς
670 5737 770 5805 τῆς
800 5738 1145 5811 ἁρμοζούσης
1166 5740 1456 5811 περιϐολῆς
1482 5738 1573 5792 καὶ
1599 5740 1772 5809 ἀσφα⁹

192 5824 383 5889 λείας·
419 5826 506 5882 ἴνα
535 5827 609 5900 μὴ
640 5828 716 5902 τῷ
745 5830 841 5901 τὴν
875 5830 973 5902 σὴν
994 5832 1321 5903 άγνοήσαντι
1354 5830 1567 5902 πρᾶξιν,
1598 5832 1769 5897 αἴτιος

1880 4643 2271 4711 dinationibus,
2342 4642 2701 4698 redundantis
2784 4644 2935 4698 vocis
3001 4644 3166 4697 habet
3246 4645 3451 4699 locum.

1879 4735 2003 4789 ldeo
2062 4745 2117 4791 et
2175 4736 2375 4791 rectius
2430 4735 2696 4804 legeretur
2765 4734 2989 4797 dictum,
3056 4749 3121 4788 ea
3202 4750 3323 4804 qua:
3384 4735 3455 4788 ab

1879 4825 2035 4879 initio
2089 4836 2171 4882 est
2225 4826 2607 4895 conjunctione
2645 4826 2899 4889 sublata;
2962 4826 3272 4894 duplicibus
3322 4841 3455 4881 vero

1894 4917 2261 4971 intellectibus
2305 4916 2683 4986 interpretatio
2726 4916 3006 4970 dividitur.
3040 4916 3165 4971 Hac
3195 4916 3343 4970 enim
3383 4917 3453 4972 ad

1880 5012 2114 5067 litteram
2142 5012 2336 5067 transit
2370 5020 2424 5065 et
2444 5025 2537 5081 per
2567 5010 2843 5065 sensibilia
2877 5011 3156 5079 dirigitur,
3196 5011 3286 5064 illa
3318 5027 3451 5066 vero

1879 5104 1944 5157 ad
1998 5102 2263 5158 tbeoriam
2313 5102 2426 5156 vult
2473 5105 2645 5172 magis
2692 5117 2908 5157 sursum
2962 5104 3068 5171 agi.
3127 5102 3222 5156 Illa
3274 5104 3443 5173 igitur

1879 5194 2137 5263 praevium
2192 5194 2312 5259 iter,
2369 5206 2464 5261 per
2509 5208 2631 5261 qua:
2687 5192 2855 5247 dictio
2918 5193 3093 5261 magis
3143 5202 3197 5246 et
3251 5208 3450 5248 sensus

1878 5288 2106 5351 obtinet,
2140 5286 2243 5341 sibi
2275 5284 2505 5351 faciens,
2546 5287 2625 5341 sic
2656 5286 2794 5338 forte
2829 5284 3194 5355 signiﬁcatum
3227 5286 3443 5354 aperit:

1879 5378 2106 5431 Domum
2132 5377 2276 5431 enim
2313 5377 2428 5442 tibi,
2472 5378 2567 5441 ait,
2594 5392 2717 5431 eum
2744 5377 2991 5446 posueris
3022 5391 3248 5446 scopum
3279 5377 3444 5430 aedifi-

1878 5483 2022 5532 care,
2063 5477 2118 5522 et
2141 5468 2351 5523 foveam
2402 5480 2460 5520 ut
2489 5468 2642 5521 decet
2675 5466 2903 5522 fundare
2946 5475 3001 5521 et
3032 5468 3215 5535 jacere
3242 5466 3442 5521 funda-

1880 5566 2060 5610 menta
2091 5573 2214 5611 eum
2252 5557 2475 5622 foderis,
2511 5572 2618 5611 non
2651 5567 2863 5627 oportet
2902 5559 3211 5628 relinquere
3242 5558 3440 5613 fossio-

1877 5664 1975 5703 tres
2013 5658 2303 5719 antequam
2347 5651 2414 5705 ad
2459 5651 2619 5706 tinem
2650 5652 2971 5722 perduxeris
3017 5666 3180 5721 opus,
3232 5652 3440 5721 absque

1874 5740 2213 5796 convenienti
2266 5742 2521 5797 cinctura
2559 5751 2614 5797 et
2659 5743 2998 5808 munimine,
3052 5752 3112 5797 ut
3164 5757 3235 5799 ne
3285 5752 3433 5797 tuam

1876 5831 2143 5901 ignoranti
2196 5832 2485 5901 actionem,
2532 5849 2693 5889 causa
2725 5832 2958 5892 videaris
2992 5832 3293 5899 homicidii,
3341 5826 3436 5886 illo
