4186 6444
777 441 884 504 407

1937 439 2199 502 ΡΗΟΤΙΙ
2229 438 2737 504 PATRIARCHIB
2773 443 2884 507 (ΞΡ.

777 549 1001 622 quidem
1037 552 1190 620 lapso
1214 550 1268 606 in
1306 549 1661 622 profundum,
1688 561 1876 622 utpote
1912 554 2050 608 nihil
2081 567 2352 608 novorum

2471 553 2780 626 ὶναφανησῃ
2813 553 2996 623 φόνου,
3041 553 3144 610 τοὺ
3171 555 3272 624 μεν
3323 555 3655 625 ἐμπεσόντος
3686 555 3765 624 τῷ
3806 555 4038 628 Misy,

779 659 1008 714 operum
1054 653 1212 699 antea
1255 644 1483 708 sciente,
1533 652 1586 699 te
1617 660 1752 700 vero
1789 645 1997 701 nullam
2045 660 2239 700 curam
2289 660 2358 702 ne

779 734 909 805 quid
944 734 1158 790 accidat
1192 736 1321 800 tale,
1365 735 1680 790 adhibente.
1719 738 1935 792 Etenim
1981 744 2038 791 et
2074 737 2247 791 multa
2289 751 2359 791 es

782 826 1198 882 irrationalibus
1238 842 1344 880 non
1375 827 1489 881 veri
1524 828 1777 885 absimile
1810 839 1895 884 est
1915 845 2107 885 casura
2146 830 2201 884 in
2232 845 2360 900 pro-

784 917 1012 974 fundum
1059 927 1115 972 et
1159 918 1484 983 interitura;
1546 919 1641 972 sed
1700 930 1755 974 et
1811 920 2095 974 hominum
2141 921 2360 989 aliquos

782 1025 925 1079 quos
952 1010 1102 1079 prior
1138 1009 1380 1064 locorum
1410 1010 1610 1079 positio
1642 1021 1696 1064 et
1718 1011 2059 1066 consuetudo
2091 1010 2360 1066 transitus

783 1111 838 1154 et
881 1100 1044 1155 breve
1092 1108 1215 1170 post
1264 1115 1463 1154 novam
1511 1109 1848 1156 structuram
1893 1113 2107 1170 tempus
2160 1103 2362 1156 obum-

785 1191 998 1244 brantia
1029 1205 1092 1244 ea
1117 1204 1239 1260 qua
1277 1191 1492 1244 naviter
1535 1189 1679 1245 facta
1709 1203 1858 1258 sunt,
1882 1203 1936 1247 et
1970 1192 2108 1246 nihil
2157 1207 2359 1247 novum

785 1298 963 1350 neque
995 1282 1201 1337 dictum
1235 1282 1494 1336 damnum
1524 1298 1593 1337 ne
1635 1286 2054 1353 suspicarentur
2088 1285 2363 1354 decipien-

784 1372 887 1435 tia,
923 1373 1287 1441 perditionem
1331 1372 1580 1428 invenire
1621 1389 1721 1443 pro
1751 1375 2080 1442 praecedenti
2128 1377 2362 1432 utilitate

785 1472 1110 1535 coegerunt.
1142 1463 1374 1533 Oportet
1399 1463 1567 1534 igitur
1596 1476 1820 1536 propter
1861 1469 1975 1521 haec
2012 1468 2198 1522 omnia
2234 1468 2363 1522 nul-

788 1557 894 1612 lam
921 1556 1194 1619 omittere,
1235 1556 1290 1610 in
1324 1557 1392 1612 iis
1420 1573 1544 1627 quae
1587 1560 1821 1627 agimus,
1863 1561 2237 1626 securitatem,
2265 1576 2365 1631 per

787 1663 950 1716 quam
996 1663 1327 1720 congeneres
1373 1657 1431 1704 et
1475 1652 1818 1706 contribules
1863 1654 2012 1706 omni
2047 1653 2258 1708 laesioni
2311 1663 2366 1709 et

786 1741 992 1793 damno
1035 1738 1333 1810 impervios
1374 1754 1789 1797 conservemus.
1829 1742 2179 1813 lllegitimum
2213 1746 2364 1799 enim

787 1839 844 1884 et
873 1830 1094 1886 crudele
1131 1847 1162 1886 a
1196 1834 1397 1901 quibus
1443 1849 1546 1888 nos
1571 1835 1840 1890 utilitates
1883 1836 2182 1906 carpimus,
2214 1838 2364 1906 ejus-

788 1921 912 1976 dem
962 1925 1181 1991 generis
1235 1935 1292 1980 et
1343 1925 1590 1995 ejusdem
1648 1925 1820 1982 tribus
1870 1927 2122 1984 homines
2181 1930 2365 1984 sinere
2396 1906 2438 1961 Β

788 2017 1209 2084 perpessionum
1246 2027 1302 2075 et
1326 2021 1580 2074 dolorum
1608 2022 1884 2076 sustinere
1917 2022 2134 2077 ultima.
2169 2022 2362 2079 Debita

790 2113 971 2158 autem
1011 2105 1352 2172 providentia
1391 2106 1660 2172 adhibita,
1705 2118 1760 2162 et
1809 2108 1938 2164 inde
1964 2124 2184 2179 quoque
2215 2111 2367 2165 nullo

791 2198 1195 2251 transeuntium
1229 2199 1285 2252 in
1306 2199 1580 2256 fossiones
1615 2201 1865 2270 abrupto,
1890 2217 2000 2257 non
2030 2203 2134 2256 erit
2157 2204 2368 2259 occisio

791 2287 900 2342 ulla
945 2288 1001 2342 in
1055 2291 1269 2346 noviter
1307 2293 1578 2347 editicata
1632 2294 1834 2361 domo;
1873 2303 1929 2349 et
1959 2297 2106 2351 circa
2135 2296 2362 2351 domum

789 2389 1084 2447 conspecta
1124 2382 1372 2442 cinctura
1401 2394 1456 2437 et
1506 2384 1726 2440 coronis
1765 2393 1823 2440 et
1863 2385 2162 2439 homicidio
2208 2403 2368 2440 mun-

789 2467 914 2522 dam
963 2467 1188 2522 domum
1235 2470 1537 2524 declaravit
1584 2480 1641 2524 et
1676 2487 1804 2539 erga
1841 2473 2150 2540 proximum
2188 2473 2370 2540 provi-

789 2559 1032 2614 dentiam
1060 2562 1209 2616 clare
1246 2563 1503 2617 omnibus
1549 2564 1936 2627 manifestans,
1985 2566 2282 2619 multarum
2313 2574 2369 2620 et

791 2650 1086 2718 insignium
1131 2653 1356 2708 laudum
1405 2670 1576 2711 causa
1622 2656 1853 2726 provido
1913 2655 2123 2710 auctori
2173 2656 2267 2724 fit;
2315 2667 2371 2713 et

792 2741 916 2798 talis
937 2758 1084 2798 cura:
1111 2743 1426 2800 fruitionem
1458 2747 1512 2800 in
1541 2747 1814 2802 similibus
1854 2747 2115 2816 operibus
2145 2756 2201 2801 et
2225 2763 2367 2817 prat-

791 2835 1117 2905 scriptiones
1147 2836 1196 2890 ei
1230 2837 1326 2907 qui
1357 2839 1506 2907 prior
1530 2838 1652 2894 illas
1677 2840 1988 2900 constituit.
2021 2839 2368 2894 thesauriza-

794 2923 892 2978 vit.
947 2922 1015 2977 Et
1074 2926 1176 2980 hoc
1229 2925 1454 2996 quidem
1516 2928 1663 2998 quod
1713 2926 1824 2982 Deo
1871 2928 2248 2997 gratissimum
2285 2940 2372 2985 est

793 3014 1153 3081 legislationis
1200 3017 1487 3081 stabilivit,
1535 3027 1594 3073 et
1629 3027 1823 3088 potens
1867 3027 1925 3073 et
1966 3019 2271 3074 salviﬁeum
2314 3029 2370 3075 et

792 3106 1172 3160 reverendam.
1217 3104 1380 3161 Juxta
1429 3107 1650 3177 quidem
1708 3108 1859 3178 quod
1920 3109 2184 3164 sensibile
2249 3120 2368 3173 est,

794 3198 952 3250 talem
1006 3207 1093 3252 est
1133 3199 1380 3265 accipere
1421 3206 1476 3254 et
1524 3201 1791 3272 propositi
1840 3202 2112 3261 sermonis
2165 3201 2437 3295 intelli-C

791 3289 1051 3360 gentiam.

861 3385 993 3453 Quae
1023 3401 1154 3442 vero
1199 3385 1267 3442 ad
1310 3387 1578 3442 tlteoriam
1618 3387 1794 3457 magis
1847 3389 2100 3459 spiritum
2143 3389 2367 3452 attollit,

790 3479 908 3534 lnec
950 3488 1006 3534 et
1034 3481 1192 3536 vellet
1224 3480 1521 3534 hortatioui
1565 3481 1838 3534 actionem
1882 3489 2228 3535 connectere.
2261 3479 2370 3546 Qui

789 3571 1132 3640 philosophia
1168 3571 1456 3626 recentiori
1487 3579 1540 3625 et
1584 3586 1745 3640 supra
1790 3581 2007 3640 captum
2057 3572 2369 3626 multitudi-

791 3662 879 3716 tris
927 3661 1101 3730 posita
1157 3669 1410 3726 utuntur,
1463 3669 1522 3716 et
1559 3661 1725 3714 vitam
1783 3662 2009 3716 liberam
2075 3678 2106 3715 a
2159 3663 2369 3731 vulgari

790 3753 1207 3807 conversatione
1237 3762 1452 3818 curant,
1483 3768 1590 3808 non
1619 3753 1816 3808 debent
1845 3754 1884 3808 ii
1913 3767 2114 3809 novum
2146 3754 2368 3824 quidem

789 3841 1207 3898 fundamentum
1255 3841 1438 3913 figere,
1485 3857 1682 3897 novam
1735 3857 1863 3898 vero
1910 3857 2105 3914 parare
2160 3851 2370 3901 tentare

790 3936 1036 4001 domum,
1076 3950 1177 3991 nec
1222 3935 1278 3988 in
1322 3935 1432 3989 ullo
1473 3935 1540 3989 ad
1581 3935 1986 3991 multitudinem
2029 3935 2368 4003 inclinatam,

791 4039 971 4094 neque
1002 4037 1032 4077 a
1067 4034 1334 4078 consueta
1377 4024 1796 4080 conversatione
1839 4025 1906 4080 ad
1958 4024 2182 4097 vestigia
2218 4025 2370 4081 deei-

791 4112 1047 4178 deuntem;
1096 4113 1148 4168 in
1203 4113 1338 4183 ipsis
1394 4122 1578 4168 autem
1629 4115 1825 4170 mediis
1887 4115 2148 4186 operibus
2203 4115 2367 4182 facti,

792 4202 1156 4256 intensionetn
1225 4202 1585 4258 luctaminum
1642 4203 1961 4271 remittere,
2002 4214 2060 4260 et
2109 4204 2372 4261 facilitate

789 4295 1052 4348 similium
1088 4294 1339 4348 laborum
1394 4295 1674 4364 putridum
1719 4306 1774 4350 et
1819 4296 2087 4350 caducum
2129 4298 2182 4351 id
2225 4298 2372 4367 quod

791 4384 931 4440 bene
962 4393 1203 4453 emptum
1247 4396 1332 4440 est
1360 4385 1636 4440 aediﬁcare
1667 4388 1899 4456 egregiae
1926 4388 2063 4442 artis
2110 4403 2284 4457 opus;
2317 4399 2372 4446 et

791 4475 1014 4530 domum
1068 4491 1165 4545 per
1216 4490 1380 4545 quam
1447 4475 1645 4530 licebat
1695 4486 1749 4531 et
1800 4477 2114 4532 decidentes
2167 4477 2371 4536 imbres

2457 643 2555 696 ᾶτε
2588 644 2759 712 μηδὲν
2790 645 2901 696 τῶν
2936 644 3445 715 καινουργηθέντων
3489 646 3821 717 προειδότος,
3855 647 3955 701 σοῦ
3986 650 4041 704 ἃ

2461 733 2732 802 μηδεμίαν
2753 733 3072 803 έπιμέλειαν
3096 735 3228 803 περὶ
3251 734 3344 788 τοῦ
3369 734 3535 804 μηδὲν
3556 736 3834 806 συμϐῆναι
3857 737 4037 791 una.

2456 842 2551 877 τον
2579 826 3050 896 εἰσηγησαμένου.
3085 828 3194 882 Καὶ
3223 827 3333 896 γάρ
3366 829 3463 880 καὶ
3496 829 3667 882 πολλά
3692 829 3800 882 τῶν
3828 831 4042 898 ἀλόγων

2459 917 2610 969 οὐδὲν
2643 919 2874 982 ἀπεικὸς
2924 919 3338 988 παρεμπίπτειν
3378 920 3455 988 τῷ
3484 920 3690 988 βοθύνῳ
3735 924 3832 974 καῖ
3875 924 4041 974 ἀπόλ-

2459 1011 2654 1066 λυσθαι
2678 1029 2692 1041 °
2729 1011 2869 1066 ἀλλά
2897 1029 2963 1080 γε
2991 1013 3101 1064 τῶν
3145 1011 3449 1081 ἀνθρώπων
3491 1013 3665 1074 ἐνίους
3700 1013 3795 1074 οὓς
3825 1017 3860 1082 ἡ
3909 1031 4040 1083 προ-

2459 1103 2594 1172 τέρα
2622 1102 2732 1154 τῶν
2772 1104 2986 1172 χωρίων
3015 1102 3164 1164 θέσις
3193 1104 3288 1156 καὶ
3323 1103 3384 1156 τὸ
3407 1104 3528 1166 ἔθος
3557 1105 3657 1172 τῆς
3692 1105 3865 1157 διόδου
3898 1107 3992 1158 καὶ
4016 1107 4041 1158 ὁ

2463 1195 2672 1264 βραχὺς
2713 1194 2856 1264 μετά
2885 1193 2986 1263 τὴν
3020 1194 3373 1262 καινοτομίαν
3422 1194 3610 1262 χρόνος
3652 1195 4040 1258 ἑπισκιάζσντα

2459 1290 2528 1338 τά
2553 1285 2956 1354 νεοχμωθέντα,
3008 1285 3103 1338 καὶ
3138 1284 3306 1355 μηδὲν
3343 1284 3530 1337 καινὸν
3565 1285 3699 1354 μηδὲ
3727 1287 4040 1355 πρόσφατον

2465 1376 2672 1446 βλάϐην
2719 1375 3030 1446 ὑφορᾶσθαι
3077 1375 3539 1439 συνεξαπατῶντα
3589 1377 3813 1445 ὁλεθρον
3868 1379 4043 1446 εὑρεῖν

2461 1469 2583 1521 ἀντὶ
2611 1469 2710 1538 τῆς
2745 1467 3121 1538 προκειμένης
3166 1467 3355 1538 χρείας
3402 1467 3735 1536 συνὼθησεν.
3767 1470 3861 1520 Δεῖ
3883 1468 3930 1520 δ’
3958 1464 4044 1520 οὖν

2463 1560 2552 1613 διά
2589 1560 2763 1612 ταῦτα
2804 1561 2983 1612 πάντα
3029 1559 3304 1630 μηδεμίαν
3356 1559 3805 1627 παραλιμπάνειν
3853 1558 3939 1626 ἔφ’
3969 1552 4044 1622 ei;

2464 1652 2798 1722 πράττομεν,
2841 1651 3172 1719 ἀσφάλειαν·
3203 1651 3271 1704 δι’
3301 1646 3371 1724 ἦς
3399 1651 3461 1704 τὺ
3504 1651 3764 1720 ὁμογενὲς
3794 1652 3894 1703 καὶ
3922 1650 4044 1720 ὁμὸ-

2465 1745 2632 1811 φυλον
2654 1743 2838 1812 πάσης
2881 1742 3088 1812 βλάϐης
3127 1743 3222 1794 καὶ
3251 1742 3462 1812 ζημίας
3510 1743 3809 1810 ἀπείρατον
3855 1755 4044 1809 συντη-

2468 1837 2708 1906 ρήσομεν
2731 1851 2744 1863 ·
2780 1834 3049 1905 έκθεσμον
3082 1834 3193 1905 γάρ
3223 1834 3320 1886 καὶ
3349 1833 3635 1904 ὠμότητος
3662 1833 3747 1901 ἐφ’
3777 1827 3865 1896 οἷς
3892 1834 4045 1902 ἡμεῖς

2466 1927 2562 1988 τὰς
2592 1925 2859 1994 ὠφελείας
2881 1925 3214 1997 δρεπόμεθα,
3241 1926 3370 1987 τοὺς
3409 1926 3696 1994 ὁμογενεῖς
3725 1925 3824 1978 καὶ
3843 1924 4045 1994 ὁμο-,τύ-

2467 2018 2592 2080 λους
2622 2019 2884 2088 περιορᾷν
2908 2016 2977 2070 τά
2997 2016 3105 2070 τῶν
3135 2015 3474 2086 παθημάτων
3501 2016 3597 2069 καὶ
3630 2014 3905 2083 ἀλγεινῶν
3956 2016 4047 2082 ὑφ·

2471 2110 2721 2164 ίστασθαι
2754 2109 2959 2178 ἔσχατα
2985 2126 2999 2140 ·
3049 2109 3148 2178 τῆς
3184 2109 3368 2178 μέντοι
3408 2108 3874 2179 χρεωστουμένης
3917 2125 4045 2175 προσ

2467 2203 2615 2265 νοίας
2659 2202 2942 2256 κάνταῦθα
2992 2207 3088 2254 καὶ
3145 2202 3312 2270 μηδὲν
3353 2201 3464 2252 τῶν
3509 2201 4047 2271 παραπορευομένη-η

2465 2297 2579 2358 τοῖς
2607 2294 2849 2365 βοθύνοις
2881 2294 3330 2364 ὑποφερομένων,
3361 2293 3464 2346 οὑκ
3497 2293 3650 2345 ἔσται
3683 2293 3847 2360 φόνος
3875 2293 4048 2351 οὐδεὶς

2469 2390 2529 2440 έν
2567 2391 2633 2458 τῇ
2683 2387 3083 2458 νεουργουμένῃ
3113 2387 3297 2456 οίκίᾳο
3345 2387 3440 2439 καὶ
3471 2386 3504 2454 ἡ
3561 2385 3692 2453 περὶ
3738 2385 3833 2437 τὸν
3861 2384 4048 2454 βόθρον

2469 2480 2855 2548 περινοηθεῖσα
2885 2478 3152 2548 περιϐολὴ
3175 2477 3271 2530 καὶ
3294 2477 3538 2545 στεφάνη
3568 2477 3663 2529 καὶ
3685 2477 3854 2544 φόνου
3884 2477 4050 2529 καθαο

2471 2571 2571 2642 ράν
2598 2571 2699 2641 τὴν
2729 2569 2907 2623 οἰκίαν
2933 2570 3216 2640 ἀπέφηνεν
3253 2570 3347 2622 καὶ
3383 2571 3486 2636 τὴν
3518 2567 3613 2620 τοῦ
3650 2567 3887 2638 πλησίον
3921 2567 4046 2636 πρὸ·

2469 2680 2620 2716 νοιαν
2673 2662 2942 2735 λαμπρῶς
2986 2663 3154 2715 πᾶσιν
3208 2659 3624 2732 ἐμφανίζουσα,
3686 2659 3905 2712 πολλῶν
3960 2660 4052 2712 καὶ

2470 2756 2654 2809 καλῶν
2682 2755 2922 2807 ἐπαίνων
2950 2753 3210 2823 πρόξενος
3241 2752 3320 2822 τῷ
3346 2753 3779 2822 προνοησαμένῳ
3802 2753 4013 2820 γίνεται
4035 2769 4047 2781 ·

2469 2848 2566 2900 καὶ
2623 2847 2723 2915 τῆς
2767 2845 3022 2914 τοιαύτης
3077 2844 3409 2914 κηδεμονίας
3471 2844 3568 2913 τὴν
3636 2845 3940 2896 ἀπόλαυσιν
3997 2844 4050 2894 ἐν

2468 2936 2673 3005 ὁμοίοις
2693 2935 2876 3004 ἔργοις
2909 2934 3005 2987 καὶ
3033 2935 3439 3004 συγκυρήματα
3468 2933 3547 3002 τῷ
3580 2931 4047 3001 προκαταϐαλὸντι

2469 3028 2878 3098 ἀπεθηααύρισε
2903 3043 2917 3055 ·
2945 3027 3041 3080 καὶ
3069 3027 3197 3094 τόγε
3238 3025 3653 3094 θεοφιλέστατον
3686 3025 3785 3095 τῆς
3831 3023 4052 3094 νομοθεο

2473 3123 2593 3185 σίας
2619 3120 2942 3181 ἐϐεϐαίωσε,
2971 3118 3036 3172 τὸ
3065 3135 3124 3171 τε
3158 3117 3383 3170 δυνατὸν
3413 3119 3508 3170 καὶ
3537 3119 3806 3186 σωτήριον
3847 3115 3946 3168 καὶ
3969 3117 4050 3168 αῖ·

2470 3207 2690 3276 δέσιμον
2713 3223 2727 3238 ο
2759 3207 2895 3260 ἀλλά
2921 3207 3062 3259 κατά
3104 3205 3204 3275 μὲν
3245 3205 3306 3258 τὸ
3339 3205 3617 3275 αἰσθητὸν,
3649 3205 3912 3275 τοιαύτην
3943 3204 4051 3257 εστι

2476 3299 2662 3352 ὶαόεἴν
2689 3298 2784 3350 καὶ
2820 3297 2918 3367 τὴν
2967 3295 3061 3350 τοῦ
3104 3297 3468 3367 προκειμένου
3515 3297 3676 3364 λόγου
3724 3297 4049 3366 εὑκρίνειαν.

2560 3389 2620 3442 Ἦ
2652 3389 2709 3442 δὲ
2736 3388 2872 3459 πρὸς
2903 3387 3137 3457 θεωρίαν
3161 3387 3363 3456 μᾶλλον
3391 3387 3484 3440 τὸν
3512 3387 3638 3440 νοῦν
3681 3388 4051 3457 ἀναφέρουσα,

2475 3480 2698 3533 τοιαῦτα
2727 3481 2793 3532 ἂν
2819 3481 2904 3543 εῖη
2935 3480 3028 3532 καὶ
3055 3478 3354 3548 βουλομένη
3387 3482 3476 3532 καὶ
3512 3483 3576 3547 τῇ
3604 3480 3930 3550 παραινέσει
3962 3479 4056 3548 τὴν

2476 3572 2676 3642 πρᾶξιν
2728 3570 3128 3638 συσφίγγουσα.
3158 3571 3220 3622 Oi
3275 3569 3564 3641 φιλοσοφίᾳ
3622 3571 3918 3641 καινοτὲρᾳ
3966 3571 4055 3622 καί

2475 3660 2586 3714 τῶν
2620 3659 2829 3713 πολλῶν
2850 3659 3108 3729 ὑπεράνω
3135 3659 3364 3728 κειμένη
3406 3657 3678 3727 χρώμενοι
3707 3657 3803 3710 καὶ
3826 3658 3917 3710 τὸν
3948 3656 4055 3725 βίον

2476 3752 2815 3822 ἐξῃρημένον
2834 3751 2936 3821 τῆς
2974 3749 3255 3819 δημώδους
3295 3750 3575 3812 πολιτείας
3618 3749 4054 3816 ἐπιτηδεύοντες,

2476 3841 2576 3894 οὑκ
2603 3841 2912 3910 ὀφείλουσιν
2941 3833 3088 3893 οὑτοι
3113 3839 3297 3892 καινὸν
3325 3839 3424 3907 μὲν
3449 3838 3540 3890 τὸν
3562 3837 3819 3907 θεμέλιον
3847 3836 4056 3909 πηγνύο

2475 3950 2586 3995 ναι,
2628 3932 2818 4004 καινὴν
2846 3932 2904 3985 δὲ
2936 3928 3376 3994 κατασκευάζειν
3407 3931 3708 4000 ἐπιχειρεῖν
3749 3930 3854 4000 τὴν
3882 3929 4057 3982 οἰκίαν

2477 4027 2572 4079 καὶ
2609 4025 2775 4095 μηδὲν
2805 4023 2942 4093 προς
2977 4024 3036 4076 τὸ
3067 4021 3270 4092 πλῆθος
3301 4021 3727 4091 συμφερομένην
3747 4037 3762 4052 ⁸
3797 4021 3941 4091 μήτε
3963 4020 4058 4089 τῆς

2477 4117 2666 4186 ἑθίμου
2715 4115 2993 4184 διαγωγῆς
3019 4114 3156 4183 πρὸς
3200 4113 3270 4169 τά
3312 4115 3434 4185 ῖχνη
3471 4111 3970 4167 καταπίπτουσαν·
4007 4115 4057 4165 ὲν

2477 4208 2663 4270 αὑτοῖς
2709 4205 2766 4259 δὲ
2817 4205 3002 4276 μέσοις
3044 4207 3154 4267 τοῖς
3201 4205 3385 4276 ἔργοις
3437 4204 3744 4272 γενόμενοι,
3781 4203 3875 4256 τὸν
3908 4204 4059 4257 τόνον

2477 4298 2585 4351 τῶν
2617 4296 3019 4367 ἀγωνισμάτων
3066 4296 3364 4366 ὑποχαλᾷν,
3415 4295 3509 4348 καὶ
3551 4297 3618 4365 τῇ
3657 4293 3916 4364 ῥαστώνῃ
3957 4293 4058 4346 τῶν

2475 4391 2678 4459 ὁμοίων
2733 4388 2914 4442 πὸνων
2962 4385 3161 4456 σαθρὸν
3212 4386 3306 4438 καὶ
3357 4385 3732 4439 εὑδιάπτωτον
3765 4385 3829 4439 τὸ
3879 4385 4058 4448 καλῶς

2477 4482 2786 4554 ἀρξάμενον
2835 4478 3236 4548 οἰκοδομεῖσθαι
3268 4478 3670 4548 φιλοτέχνημα·
3721 4480 3817 4530 καὶ
3857 4479 3960 4548 τὴν
3983 4479 4057 4530 οἱ-

795 4565 1156 4620 tentationum
1194 4565 1464 4634 procellas
1497 4565 1710 4619 fortiter
1746 4567 2005 4636 repellere
2051 4576 2106 4622 et
2151 4569 2370 4624 intlam-

2476 4574 2602 4628 κίαν
2624 4574 2691 4626 δι’
2715 4569 2784 4644 ἧς
2812 4572 2938 4639 ἐνῆν
2966 4573 3060 4624 καὶ
3107 4570 3662 4641 καταρῤηγνυμένους
3691 4569 3940 4640 ὁμϐρους
3967 4569 4059 4631 τάς

794 4668 1002 4712 tnatum
1034 4657 1247 4712 radium
1279 4659 1597 4727 passionum
1630 4659 1810 4727 sopire
1834 4671 1889 4714 et
1920 4659 2178 4714 cohibere
2211 4661 2373 4716 ardo-

794 4766 945 4817 mn;
985 4750 1130 4804 hanc
1175 4765 1303 4804 vero
1346 4749 1570 4804 domum
1608 4749 1894 4820 splendide
1923 4760 2162 4820 emptam
2201 4752 2374 4807 azdili-

793 4843 932 4904 cari,
985 4842 1060 4896 ita
1109 4857 1242 4896 vero
1298 4842 1365 4895 ad
1411 4841 1833 4896 admirationem
1876 4856 2101 4896 suavem
2153 4859 2376 4913 progre-

794 4937 1033 4990 dientem
1062 4949 1170 4988 non
1202 4941 1417 5002 Oportet
1441 4932 1766 4993 remissione
1804 4933 2088 4989 sententia:
2110 4935 2375 5006 deinceps

797 5027 980 5084 sinere
1033 5026 1086 5080 in
1118 5027 1288 5081 rism
1324 5025 1595 5091 decidere,
1619 5034 1674 5080 et
1703 5027 1757 5080 in
1788 5027 1974 5081 odium
2004 5035 2060 5082 et
2104 5029 2160 5082 in
2189 5038 2377 5085 contu-

796 5119 1016 5176 meliam
1065 5118 1302 5189 priorem
1362 5119 1558 5172 bonam
1601 5116 1801 5172 famam
1852 5120 2225 5184 commutari;
2280 5119 2374 5174 sed

798 5221 1010 5282 oportet
1035 5213 1176 5267 hanc
1205 5210 1420 5265 nov-iter
1443 5220 1678 5279 ereptam
1701 5208 1981 5277 aediﬁcari,
2014 5210 2068 5264 in
2106 5210 2378 5268 similibus

799 5318 1020 5362 servare
1055 5318 1395 5368 successum,
1438 5311 1492 5357 et
1535 5302 1849 5357 coronidem
1873 5303 2131 5373 jucunda:
2163 5303 2293 5359 huic
2323 5312 2379 5358 et

802 5395 1030 5467 egregie
1082 5394 1404 5450 habitationi
1458 5395 1827 5462 circumdare,
1872 5396 1924 5450 id
1969 5403 2056 5450 est
2103 5409 2279 5464 usque
2321 5395 2376 5449 in

803 5489 966 5543 linem
998 5489 1064 5540 all
1096 5502 1330 5543 coronas
1350 5489 1641 5542 ducentem
1673 5488 2078 5543 accurationem
2101 5496 2157 5542 et
2183 5501 2376 5542 curam

803 5595 1032 5650 [eat-are;
1069 5579 1311 5650 legitime
1355 5578 1503 5634 enim
1544 5589 1599 5636 et
1637 5581 1702 5634 ad
1736 5581 1899 5634 linem
1929 5595 2104 5650 usque
2135 5594 2382 5651 pugnan-

806 5671 945 5726 tium
973 5687 1211 5726 corona.
1251 5690 1270 5723 ι
1298 5670 1470 5728 Nemo
1503 5670 1673 5734 enim,
1713 5691 1732 5724 ο
1783 5671 1860 5726 ait
1888 5671 2148 5727 Ecclesia:
2177 5686 2380 5740 praeco,

816 5786 833 5815 ι
867 5773 1184 5830 coronatur,
1209 5763 1316 5820 nisi
1335 5763 1576 5836 legitime
1603 5763 1945 5820 certaverit'.
1973 5779 1992 5816 ι
2023 5761 2179 5819 Novit
2201 5773 2381 5819 autem

878 5881 896 5912 '
923 5879 966 5935 ll
1009 5879 1153 5935 Tim.
1184 5896 1248 5944 tt.
1278 5879 1330 5935 5.

2474 4667 2584 4720 τῶν
2616 4664 2940 4737 πειρασμῶν
2965 4663 3194 4732 νιφάδας
3233 4661 3476 4732 στερῤὦς
3504 4661 3940 4733 ἀποκρούεσθαι,
3973 4663 4060 4714 καὶ

2476 4757 2840 4824 φλογίζουσαν
2883 4755 3082 4808 ἀκτῖνα
3110 4754 3232 4824 ἢτοι
3269 4753 3379 4806 τῶν
3408 4753 3601 4808 παθῶν
3637 4756 3968 4823 ἀποστέγειν
4003 4770 4059 4808 τε

2477 4849 2569 4904 καί
2597 4847 2945 4903 ἀναστέλλειν
2982 4846 3082 4917 τὴν
3107 4845 3355 4916 πύρωσιν
3374 4863 3389 4876 ο
3417 4845 3622 4916 ταύτην
3650 4847 3716 4918 δὴ
3752 4847 3857 4916 τὴν
3884 4847 4058 4900 οἰκίαν

2475 4942 2618 4996 οὓτω
2649 4943 2750 5011 μὲν
2784 4939 3052 5010 λαμπρῶς
3091 4938 3410 5009 ἀρξαμένην
3445 4938 3872 5010 οἰκοδομεῖσθαι,
3919 4938 4059 4993 οὕτω

2476 5033 2532 5086 δὲ
2560 5031 2698 5103 πρὸς
2719 5031 2901 5100 θαῦμα
2917 5031 3089 5098 γλυκὺ
3114 5029 3410 5100 προϊοῦσαν
3435 5031 3494 5084 οὑ
3520 5030 3626 5101 χρὴ
3656 5030 3906 5102 ῥᾳθυμίᾳ
3925 5031 4059 5100 γνώ-

2482 5141 2589 5194 μης
2619 5123 2847 5192 ὕστερον
2884 5123 2981 5192 ἑᾷν
3034 5118 3116 5182 ea;
3159 5120 3374 5189 γέλωτα
3421 5121 3806 5183 καταπίπτειν,
3855 5122 3958 5175 καὶ
4002 5120 4060 5174 τὺ

2482 5215 2808 5287 σκυθρωπὸν
2852 5217 2948 5269 καὶ
2983 5214 3442 5285 περιυϐρισμένον
3484 5215 3583 5284 τῆς
3630 5216 3762 5283 πρὶν
3805 5214 4060 5276 εὐκλείας

2480 5307 2970 5362 ἀνταλλάττεσθαι⁶
2994 5305 3131 5362 ἀλλά
3171 5306 3254 5358 δεῖ
3277 5306 3481 5375 ταύτην
3510 5306 3712 5369 καινῶς
3741 5305 4058 5375 ἀρξαμένην

2479 5398 2901 5468 οἰκοδομεῖσθαι,
2927 5399 2985 5450 ὲν
3009 5399 3123 5461 τοῖς
3146 5399 3352 5464 ὁμοίοις
3377 5400 3663 5468 συντηρεῖν
3683 5398 4021 5469 κατόρθωμα
4043 5413 4056 5427 ·

2482 5492 2575 5544 καὶ
2605 5490 2874 5560 στεφάνην
2907 5489 2985 5558 τῷ
3011 5487 3227 5559 τερπνῷ
3268 5490 3444 5559 τούτῳ
3483 5490 3572 5542 καὶ
3610 5490 3938 5557 περικαλλεῖ
3959 5491 4059 5543 δωι

2485 5585 2662 5656 ματίῳ
2699 5585 3024 5655 περιθεῖναι,
3073 5583 3321 5634 τουτέστι
3358 5582 3520 5652 μέχρι
3559 5582 3746 5644 τέλους
3775 5583 3880 5651 τὴν
3927 5582 4058 5651 πρὸς

2481 5679 2608 5742 τοὺς
2643 5677 2940 5746 στεφάνους
2970 5674 3209 5743 ἄγουσαν
3230 5673 3515 5743 ἀκρίϐειάν
3541 5691 3594 5728 τε
3620 5675 3714 5727 καὶ
3740 5673 4059 5743 ἐπιμέλειαν

2487 5769 2828 5840 ἐπιτηδεύειν
2846 5785 2860 5801 ο
2891 5769 2997 5823 τῶν
3025 5769 3132 5837 γὰρ
3161 5765 3406 5836 νομίμως
3427 5766 3524 5819 καὶ
3547 5765 3656 5818 τῶν
3689 5764 3851 5836 μέχρι
3877 5765 4058 5827 τέλους
