4186 6444
778 427 874 494 (ll

1930 426 2129 488 ΡΠοΤ
2147 428 2198 486 ll
2244 426 2746 488 PATRIARCH/E
2769 429 2879 489 (ΣΡ.

3927 418 4044 488 412

777 541 986 596 minum
1036 537 1296 592 divinitus
1345 536 1676 605 operabatur
1718 535 1973 598 salutem,
2015 536 2265 591 homines
2311 535 2364 589 in

2470 535 2627 605 ήτοῦ
2668 537 2857 590 δούλου
2912 536 3194 608 παρρησία
3244 536 3465 607 ἠρεμεῖ,
3508 539 3588 608 τῷ
3635 537 3940 607 δεσποτικῷ
3985 538 4044 592 δι

778 630 847 686 iis
900 630 1197 682 educantes
1263 628 1407 696 leges
1447 626 1746 690 tacebant;
1798 626 1991 682 melius
2035 627 2181 680 enim
2234 641 2356 680 esse

778 723 951 779 multo
985 720 1204 789 propria
1232 720 1550 788 pzedagogia
1577 718 1758 787 ipsum
1789 732 1928 788 opus
1965 718 2159 772 salutis
2195 716 2351 771 intel-

780 813 1042 882 ligebant.
1084 809 1140 864 In
1169 811 1370 878 quibus
1403 821 1584 864 autem
1617 826 1721 862 non
1754 817 1872 865 erat
1891 809 2072 876 legum
2105 808 2355 862 custodia

777 902 1108 960 mirabilium
1136 903 1509 971 operationem
1546 916 1941 970 superponens.
1964 915 2135 968 neque
2177 898 2354 952 homi-

779 1011 901 1050 nem
929 994 1159 1048 salutem
1187 989 1519 1062 despiciens,
1549 1001 1680 1046 tunc
1709 1002 1764 1044 et
1796 991 1926 1060 ipsa:
1957 990 2231 1058 prOpr-iam
2265 987 2356 1056 ju-

779 1083 1161 1140 stillcationem
1199 1081 1585 1151 agnoscebant.
1621 1078 1792 1147 Magis
1821 1093 1949 1130 vero
1981 1077 2112 1144 ipsis
2143 1089 2357 1144 semper

778 1185 1051 1230 servatum
1079 1172 1331 1227 exstabat
1368 1188 1432 1226 ex
1473 1173 1540 1225 iis
1571 1188 1693 1241 qua:
1719 1170 1968 1224 Salvator
2009 1169 2354 1238 operabatur.

778 1266 988 1320 Etenim
1022 1266 1198 1334 legum
1233 1264 1403 1316 illatio
1436 1279 1561 1317 curn
1593 1273 1648 1316 et
1683 1262 1852 1330 magis
1904 1262 2144 1328 vigentes
2209 1258 2358 1310 vidc-

779 1365 991 1416 rentur,
1018 1355 1222 1424 lignum
1248 1352 1457 1407 cadere
1480 1361 1535 1405 et
1558 1353 1736 1422 ignem
1759 1351 2054 1405 accendere
2077 1355 2131 1402 et
2162 1363 2358 1400 carnes

778 1447 942 1502 dividi
969 1461 999 1498 a
1031 1444 1409 1501 sacerdotibus
1443 1459 1552 1498 non
1599 1442 1852 1511 injuriam
1888 1441 2163 1494 ducebant
2192 1447 2246 1491 et
2277 1439 2359 1506 ip-

778 1556 966 1595 sarum
1004 1538 1223 1595 roboris
1265 1536 1694 1593 destructionem
1732 1534 1825 1590 sed
1877 1541 1931 1588 et
1971 1532 2223 1587 decorem
2253 1529 2356 1585 sibi

777 1631 1051 1686 faciebant
1081 1639 1136 1685 et
1173 1629 1493 1698 dignitatem
1530 1626 1762 1680 tolerare
1807 1623 1912 1678 illis
1941 1623 2272 1694 posteriora;
2306 1627 2361 1674 et

777 1724 973 1779 bovem
1002 1734 1056 1776 et
1081 1722 1302 1777 asinum
1331 1719 1546 1775 solvere
1577 1733 1607 1772 a
1642 1716 1890 1786 praesepi,
1928 1723 1980 1768 et
2008 1713 2274 1768 abducere
2303 1720 2362 1765 ut

780 1823 942 1884 potus
969 1811 1265 1883 participes
1295 1820 1478 1866 essent
1523 1808 1760 1878 prepriae
1793 1804 2168 1875 temperantia:
2202 1802 2356 1856 inﬁr-

783 1878 1078 1959 inationem
1112 1878 1220 1954 non
1242 1900 1525 1969 putabant,
1569 1914 1667 1951 nec
1696 1896 1894 1951 solutio
1914 1895 2048 1964 ipsis
2079 1893 2360 1946 videbatur
2393 1878 2433 1935 Β

780 1995 924 2063 quod
959 2007 1057 2044 nec
1087 1990 1177 2044 illa
1204 1990 1470 2043 servirent
1495 1996 1784 2056 praerepto.
1810 1984 1950 2050 Quid
1983 1993 2163 2038 autem
2198 1997 2359 2049 opor-

783 2091 858 2136 tet
885 2077 1033 2148 loqui
1061 2092 1216 2131 ovem
1245 2091 1274 2130 e
1307 2073 1458 2129 fovea
1485 2083 1788 2128 extractam
1815 2083 1868 2125 et
1898 2071 2089 2124 bovem
2110 2076 2167 2122 et
2191 2067 2358 2121 lilium

786 2170 1025 2225 hominis
1057 2185 1088 2222 e
1130 2167 1305 2236 puteis
1346 2165 1474 2218 laris
1519 2172 1821 2218 extractum
1849 2205 1863 2228 ,
1911 2173 1964 2215 et
2015 2173 2361 2230 quacunque

785 2262 912 2316 talia
941 2261 1077 2325 alia;
1103 2271 1340 2328 quorum
1370 2254 1588 2308 Sabbati
1616 2254 1761 2323 leges
1783 2254 1887 2306 vim
1918 2261 2247 2312 reverentes,
2269 2249 2362 2318 ju-

784 2356 1055 2409 vabantur
1082 2349 1260 2417 magis
1298 2357 1354 2401 et
1377 2347 1758 2400 exaltabantur
1781 2361 1796 2410 ;
1822 2344 2019 2414 quibus
2048 2357 2077 2395 a
2095 2341 2362 2412 principio

788 2447 1022 2508 illatum,
1067 2441 1359 2494 multorum
1405 2437 1636 2490 aliorum
1693 2450 1919 2505 operum
1965 2436 2248 2504 complexu
2307 2442 2361 2486 ct

788 2536 1131 2591 exhibitione
1164 2545 1352 2587 earum
1375 2545 1498 2599 quae
1530 2528 1584 2582 in
1617 2527 1752 2596 ipsis
1772 2528 2161 2597 separabantur
2193 2526 2360 2580 actio-

791 2645 943 2684 num.

869 2973 991 3027 Haec
1020 2972 1218 3040 quippe
1237 2978 1290 3023 ct
1325 2969 1474 3031 talia,
1500 2969 1992 3038 transgressionem
2013 2965 2232 3019 Sabbati
2266 2964 2361 3016 im-

795 3063 1158 3133 prudentibus
1194 3059 1397 3114 .Iudaeis
1447 3059 1777 3112 mirabilium
1828 3055 2171 3126 operationes
2197 3062 2250 3106 et
2279 3055 2364 3105 in-

797 3156 1127 3212 saualrilium
1162 3153 1480 3207 morborum
1529 3151 1867 3204 curationem
1916 3145 2364 3204 inclamantibus,

2460 629 2786 698 περιάγεται
2831 627 3081 697 νεύματι.
3132 626 3290 681 Ἀλλά
3318 627 3428 698 γὰρ
3455 623 3621 690 ὲνλοίς
3665 627 3763 695 τὴν
3801 627 3912 680 τῶν
3944 629 4043 680 ἀν-

2460 718 2695 790 θρώπων
2748 719 3028 791 ἐθεούργει
3085 719 3395 787 σωτηρίαν,
3446 722 3494 772 οἱ
3543 721 3667 781 τοὺς
3717 718 4046 788 ἀνθρώπους

2459 812 2932 880 παιδαγωγοῦντες
2960 812 3114 881 νόμοι
3136 809 3410 882 ἡσύχαζον
3437 829 3450 841 ·
3481 815 3734 879 κρεῖσσον
3768 812 3879 880 γὰρ
3902 805 4046 864 εἶναι

2459 905 2642 974 πολλῷ
2671 907 2768 975 τῆς
2799 904 2936 967 ίδίας
2956 902 3350 971 παιδαγωγίας,
3378 903 3508 955 αὐτὸ
3536 904 3593 954 τὸ
3627 901 3782 970 ἔργον
3809 901 3908 968 τῆς
3939 917 4048 953 σω·

2458 996 2652 1066 τηρίας
2681 995 2957 1048 συνίεσαν.
2999 995 3088 1048 Ἐν
3114 989 3194 1057 οἷς
3227 992 3273 1046 δ’
3305 992 3404 1045 οὐκ
3433 986 3501 1061 ἦν
3534 991 3642 1043 τῶν
3673 990 3856 1057 νόμων
3881 991 3917 1058 ἠ
3947 1007 4050 1056 quo

2459 1086 2598 1155 λαισὴ
2620 1085 2719 1154 τὴν
2739 1083 3185 1154 θαυματουργίαν
3208 1080 3634 1152 ὑπερτιθεμένη,
3661 1080 3780 1132 οὐδὲ
3807 1079 3907 1147 τῆς
3938 1078 4049 1130 τῶν

2459 1176 2762 1248 ἀνθρώπων
2801 1175 3074 1246 σωτηρίας
3107 1169 3573 1242 κατολιγωροῦσα,
3611 1169 3915 1240 τηνικαῦτα
3953 1170 4050 1223 καὶ

2461 1271 2618 1323 αὐτοὶ
2645 1269 2706 1322 τὸ
2729 1271 2931 1322 οἰκεῖον
2968 1267 3248 1333 δικαίωμα
3294 1267 3700 1335 ἐπεγίνωσκον·
3757 1261 3965 1332 μᾶλλον
4002 1262 4048 1314 δ’

2460 1361 2645 1423 αὐτοῖς
2677 1361 2765 1413 ἀεὶ
2788 1357 3293 1428 συνδιασωζόμενον
3323 1357 3571 1428 ὑπῆρχεν
3604 1353 3664 1420 ἐξ
3685 1351 3760 1409 ὧν
3791 1358 3821 1409 ό
3852 1358 4048 1426 Σωτὴρ

2459 1454 2831 1522 διεπράττετο.
2877 1452 2988 1506 Καὶ
3016 1452 3126 1520 γάρ
3152 1453 3184 1521 ὴ
3213 1451 3319 1502 τῶν
3361 1451 3539 1518 νόμων
3570 1448 3800 1517 εἰσφορά
3827 1449 3922 1501 ὅτε
3954 1448 4050 1499 καὶ

2464 1544 2664 1614 μᾶλλον
2711 1541 2999 1604 ἀνθοῦντες
3025 1542 3328 1608 ἐφαίνοντο,
3361 1540 3424 1592 τὸ
3463 1539 3784 1603 ξυλοκοπεῖν
3813 1540 3912 1593 καὶ
3939 1537 4051 1608 πῦρ

2461 1636 2724 1689 ἀνάπτειν
2779 1635 2873 1688 καὶ
2925 1634 3252 1703 κρεανομεῖν
3305 1630 3434 1694 τοὺς
3496 1632 3660 1701 ίερετς
3732 1631 3833 1698 οὐκ
3888 1629 4051 1695 ὕϐριν

2463 1726 2694 1795 ἡγοῦντο
2722 1724 2844 1778 οὐδὲ
2867 1724 2966 1791 τῆς
2988 1721 3170 1777 αὐτῶν
3197 1720 3378 1791 ἰσχύος
3403 1719 3720 1790 καθαίρεσιν
3741 1734 3755 1748 ο
3783 1717 3927 1773 ἀλλά
3955 1719 4051 1770 καὶ

2463 1818 2668 1886 κόσμον
2695 1813 2980 1869 ἐποιοῦντο
3028 1812 3124 1867 καὶ
3159 1810 3543 1881 σεμνολόγημα
3585 1807 3770 1878 φέρειν
3817 1805 4050 1859 ἐκείνων

2461 1908 2531 1962 τὰ
2559 1907 2789 1977 δεύτερα
2812 1923 2826 1937 ο
2857 1907 2952 1959 καὶ
2976 1904 3102 1974 βοῦν
3126 1903 3184 1956 δὲ
3216 1900 3312 1956 καὶ
3339 1902 3461 1955 δνον
3493 1899 3642 1953 λύειν
3662 1899 3761 1966 τῆς
3802 1898 4046 1967 φάτνηςο

2461 2000 2556 2054 καὶ
2589 1999 2830 2066 ἀπάγειν
2860 1996 3028 2050 ποτοῦ
3071 1998 3363 2064 μετασχεῖν
3383 1996 3480 2061 τῆς
3513 1992 3648 2055 ἰδίας
3682 1989 4050 2059 ἐπικρατείας

2461 2088 2744 2142 ἀσθένειαν
2774 2089 2876 2140 οὐκ
2911 2087 3172 2149 ἐτίθεντο,
3195 2085 3314 2138 οὐδὲ
3354 2084 3507 2144 λύσις
3543 2083 3727 2143 αὐτοῖς
3759 2079 4052 2151 ἐνομίζετο

2461 2182 2523 2234 τὸ
2559 2179 2633 2250 μὴ
2673 2179 2768 2234 καὶ
2795 2178 2967 2232 ταῦτα
3004 2177 3280 2230 δουλεύειν
3304 2175 3382 2246 τῷ
3411 2173 3861 2245 παραγγέλματι.
3895 2171 3967 2224 Τί
3991 2172 4051 2224 δι

2461 2272 2543 2324 δεῖ
2569 2270 2753 2338 λέγειν
2779 2269 3053 2341 πρόὸατον
3085 2267 3311 2339 βοθύνου
3353 2265 3751 2336 ἀνασπιὶιμενον
3784 2266 3883 2318 καὶ
3919 2263 4050 2333 βοῦν

2463 2368 2558 2419 καὶ
2590 2366 2703 2419 υἱὸν
2741 2363 3033 2433 ἀνθρώπου
3072 2363 3183 2416 τῶν
3229 2349 3497 2432 φρεάτων
3524 2358 3873 2430 ἀνιμώμενον
3895 2375 3912 2390 ο
3951 2359 4051 2412 καὶ

2464 2458 2605 2512 πόσα
2635 2455 2861 2510 τοιαῦτα
2913 2456 3112 2526 ἓτερας
3141 2448 3216 2508 ὧν
3247 2452 3298 2507 ol
3330 2454 3426 2508 τοῦ
3466 2452 3746 2506 Σαϐϐάτου
3787 2450 3953 2521 νόμοι
3989 2453 4051 2504 τδ

2464 2550 2664 2620 κράτος
2684 2548 2970 2601 διευλαϐού
2979 2565 3150 2616 μενοι,
3175 2546 3444 2616 ἠρκοῦντο
3470 2547 3673 2615 μᾶλλον
3695 2544 3788 2596 καὶ
3814 2542 4052 2610 ἐσεμνύο

2465 2654 2649 2692 νοντο·
2694 2635 2776 2701 οἷς
2810 2637 2904 2690 ἀπ’
2948 2636 3121 2706 ἀρχῆς
3169 2634 3578 2702 εἰσφερόμενον,
3612 2629 3825 2684 πολλῶν
3870 2626 4052 2681 ἄλλων

2467 2731 2642 2800 ἔργων
2665 2731 2894 2799 περιοχῇ
2915 2736 3011 2781 καὶ
3033 2731 3099 2798 τῇ
3125 2725 3460 2781 διατυπώσει
3484 2724 3592 2777 τῶν
3630 2724 3686 2777 ὲν
3715 2722 3906 2784 αὐτοῖς
3948 2721 4054 2789 hoc

2467 2840 2510 2874 ω
2516 2821 2728 2891 ρίζοντο
2761 2819 3034 2890 πράξεων.

2540 2971 2726 3023 Ταῦτα
2769 2970 3059 3041 τοιγαροῦν
3102 2971 3194 3022 καὶ
3227 2969 3296 3022 τὰ
3341 2970 3564 3023 τοιαῦτα
3605 2967 3923 3038 παράϐασιν
3956 2965 4052 3018 τοῦ

2468 3061 2747 3115 Σαϐϐάτου
2777 3061 2884 3113 τῶν
2914 3061 3247 3130 ἀγνωμόνων
3279 3061 3544 3114 Ἰουδαίων
3577 3061 3673 3121 τὰς
3700 3058 4054 3127 θαυματουρ-

2471 3153 2598 3220 γίας
2625 3171 2685 3206 τε
2713 3154 2807 3206 καὶ
2852 3152 2950 3222 τὴν
2978 3153 3085 3205 τῶν
3107 3153 3344 3205 ἀνιάτων
3392 3152 3562 3204 νόσων
3598 3149 3904 3219 θεραπείαν
3931 3151 4053 3202 επι-

800 3249 1051 3306 Salvator
1078 3247 1130 3300 in
1169 3245 1403 3300 medium
1430 3243 1675 3311 protulit.
1705 3256 1987 3310 opponens
2031 3253 2092 3292 ea
2129 3253 2249 3306 qua:
2275 3253 2365 3290 su-

2473 3217 2783 3312 δοωμένων,
2809 3245 2838 3294 ὁ
2862 3217 3053 3313 Σωτὴρ
3075 3245 3155 3307 είς
3184 3242 3348 3311 μέσον
3379 3217 3720 3312 προήνεγκεν
3748 3243 4058 3310 ἀντιπαρα-

797 3355 894 3410 per
924 3351 1232 3392 sermonem
1259 3342 1388 3389 sunt
1411 3349 1575 3403 opera
1605 3331 1932 3387 niatiufactis
1957 3329 2288 3391 actionibus,
2321 3337 2376 3382 et

797 3431 1094 3486 ostendens
1131 3439 1396 3497 quantum
1430 3435 1792 3492 utrorumque
1824 3423 2139 3477 discrimen.
2171 3419 2238 3472 Et
2267 3435 2371 3472 uol

796 3531 916 3577 erat
956 3536 1056 3574 nec
1096 3517 1502 3587 impudentibus
1551 3530 1748 3583 negare
1787 3512 1989 3567 Iudaeis
2039 3513 2207 3565 nmlto
2241 3518 2375 3563 ‘nia-

797 3614 936 3684 joris
969 3613 1128 3681 pretii
1168 3624 1292 3664 esse
1320 3619 1376 3663 et
1431 3607 1795 3673 mirabiliores
1822 3605 2092 3660 salvil‘mas
2134 3603 2374 3656 actiones

800 3718 963 3773 quam
995 3703 1269 3771 lignorum
1299 3697 1462 3752 caesio
1485 3707 1539 3750 et
1582 3697 1827 3750 carniutn
1861 3693 2058 3748 divisio
2086 3701 2142 3747 et
2167 3709 2197 3745 e
2220 3691 2374 3745 fovea

801 3802 856 3846 et
880 3802 1042 3862 puteo
1075 3791 1194 3845 ovis
1227 3799 1281 3843 et
1329 3788 1485 3842 bovis
1521 3788 1807 3848 extractio,
1841 3794 1894 3839 et
1922 3797 2263 3854 quaecunque
2289 3781 2372 3835 bis

802 3884 1023 3946 similia,
1048 3883 1150 3937 etsi
1195 3881 1264 3936 ab
1308 3881 1476 3940 impio
1517 3893 1682 3932 sensu
1716 3886 1770 3930 et
1817 3875 1982 3930 Deum
2023 3873 2374 3942 impugnante

803 3993 911 4031 non
929 3977 1276 4030 desisterent.
1308 3971 1443 4027 Vide
1481 3982 1663 4026 autem
1689 3981 1745 4024 tu
1770 3966 2372 4038 incomprelreusibilern

806 4069 900 4124 Dei
937 4069 1258 4141 sapientiam
1291 4074 1345 4120 et
1380 4063 1711 4118 ineﬂabilem
1756 4061 2193 4130 providentiam,
2235 4073 2375 4126 quo-

802 4162 966 4217 modo
1011 4161 1156 4230 quod
1187 4157 1416 4213 debebat
1447 4156 1844 4227 posterioribus
1881 4153 2217 4221 temporibus
2257 4165 2376 4203 om-

804 4255 935 4309 nino
964 4253 1101 4307 solvi
1134 4251 1319 4320 gratiae
1350 4250 1637 4311 abolitum,
1681 4248 1851 4318 legem
1906 4246 2031 4300 dico
2056 4287 2069 4309 ,
2104 4246 2151 4297 vi
2184 4257 2236 4299 et
2278 4243 2376 4294 do-

805 4355 1006 4416 gmate,
1028 4345 1078 4397 id
1103 4360 1133 4396 a
1161 4343 1426 4411 principio
1454 4342 1730 4395 inductum
1749 4351 1802 4393 et
1819 4341 2014 4394 victum
2045 4342 2376 4408 constringe-

806 4452 976 4502 retur,
1029 4448 1090 4492 ut
1138 4436 1450 4490 omnimoda
1489 4437 1700 4488 instans
1749 4433 1948 4489 solutio
1991 4447 2110 4486 eam
2152 4447 2274 4500 qua:
2307 4448 2372 4486 ex

806 4541 957 4600 parte
974 4538 1027 4583 ct
1052 4544 1175 4582 cum
1201 4543 1306 4595 qua
1332 4540 1617 4594 progressa
1635 4534 1720 4578 est
1744 4524 1824 4577 lex
1849 4538 2177 4593 proponens.
2198 4537 2372 4590 neque
2407 4558 2447 4612 9

805 4636 1006 4677 novum
1046 4635 1217 4688 neque
1232 4619 1566 4686 paradoxum
1603 4615 1830 4669 allatum
1853 4615 2016 4670 simul
2037 4615 2368 4677 ostenderet,

805 4710 899 4765 sed
929 4717 985 4762 et
1008 4705 1321 4760 Iudaeorum
1354 4703 1714 4758 confunderet
1738 4708 1790 4754 et
1814 4702 2094 4755 obturaret
2125 4699 2373 4754 incredu-

805 4803 1106 4862 litatem,et
1121 4809 1310 4854 contra
1344 4797 1513 4865 legem
1539 4809 1648 4847 non
1679 4794 1992 4863 intempore
2019 4792 2134 4846 zelo
2159 4793 2373 4854 initam,

809 4895 966 4966 quasi
1003 4905 1110 4945 non
1145 4905 1288 4943 nunc
1319 4888 1434 4955 lege
1454 4885 1520 4938 ad
1558 4884 1882 4939 solutionem
1916 4892 2190 4954 vergente,
2223 4885 2316 4940 sed
2346 4901 2373 4936 a

807 4981 1073 5056 principio
1098 4995 1222 5035 cum
1259 4977 1528 5034 solutione
1554 4990 1832 5044 progressa
1859 4985 1913 5028 et
1935 4989 2058 5027 cum
2108 4975 2377 5029 solutione

808 5076 1163 5134 consistente,
1209 5066 1584 5124 insolubilitati
1616 5081 1744 5119 vero
1765 5081 1864 5120 nec
1891 5081 1920 5120 a
1955 5067 2220 5134 principio
2246 5067 2377 5119 sub-

804 5168 971 5237 jecta.
1003 5162 1068 5217 Et
1095 5177 1202 5215 non
1235 5159 1413 5230 quoad
1454 5158 1569 5212 sola
1601 5157 1832 5210 Sabbata
1870 5158 2260 5225 legislationem
2291 5173 2379 5212 so»

811 5254 945 5308 lutio
982 5253 1036 5308 in
1073 5252 1192 5307 suis
1243 5250 1412 5318 ipsius
1453 5247 1719 5301 limitibus
1761 5247 2018 5311 servavit,
2055 5247 2147 5300 sed
2181 5255 2236 5299 et
2283 5262 2379 5314 pro

812 5343 1192 5412 adimpletione
1259 5340 1532 5410 paschalis
1580 5338 1862 5393 deﬁnitum
1918 5349 2131 5408 tempus
2191 5339 2378 5393 distri-

814 5437 1010 5496 buens,
1042 5442 1095 5488 et
1134 5434 1187 5485 in
1219 5447 1282 5486 ea
1320 5446 1442 5500 quae
1483 5445 1576 5499 per
1610 5441 1790 5498 partes
1815 5439 1899 5485 est
1948 5431 2381 5500 superpositione

813 5525 1048 5581 actionis
1083 5522 1492 5578 universitatem
1535 5521 1818 5592 colligens.
1849 5519 2008 5575 Certe
2040 5531 2093 5575 et
2120 5523 2380 5591 templum

816 5631 985 5671 unum
1017 5630 1116 5684 pro
1155 5613 1442 5670 sacriﬁciis
1504 5624 1814 5682 separatqu
1861 5613 2062 5682 ubique
2103 5621 2260 5668 terra:
2299 5613 2385 5666 di-

817 5705 1021 5776 spersis
1041 5705 1241 5760 Judteis
1264 5705 1541 5759 victimam
1575 5703 1717 5758 baud
1741 5704 2075 5758 irurnolatam
2105 5715 2157 5758 et
2197 5707 2381 5774 ingra-

817 5806 928 5852 tam
964 5797 1276 5852 omnimodo
1298 5796 1678 5866 przenuntiavit
1711 5795 1987 5861 futuram;
2023 5799 2122 5854 hoc
2163 5799 2381 5868 quidem

2473 3334 2641 3398 τιθεὶς
2656 3336 2722 3387 τὰ
2744 3334 2885 3404 ὑπὲρ
2901 3334 3058 3402 λόγον
3078 3335 3216 3405 ἔργα
3234 3337 3354 3396 ταῖς
3381 3335 3767 3403 χειροκμήτοις
3788 3331 4051 3402 πράξεσι,

2474 3429 2571 3481 καὶ
2614 3428 2825 3490 δεικνὺς
2856 3430 2981 3482 ὅσον
3025 3430 3303 3498 ἑκατέρων
3350 3428 3410 3481 τὸ
3444 3429 3645 3497 μέσον·
3695 3429 3790 3479 καὶ
3839 3428 3946 3480 οὐκ
3989 3423 4057 3495 ἦν

2474 3517 2595 3569 οὐδὲ
2656 3521 2770 3576 τοῖς
2817 3517 3194 3586 ἀναισχύντοις
3250 3518 3596 3587 ἐξαρνεῖτθαι
3650 3517 3929 3580 Ἰουδαίοις
3982 3518 4057 3586 μὴ

2473 3610 2596 3679 οὐχὶ
2626 3609 2806 3678 πολλῷ
2828 3609 3163 3679 τιμιωτέρας
3187 3605 3328 3662 εἶναι
3356 3613 3448 3662 καὶ
3474 3609 3936 3680 θαυμασιωτέρας
3959 3609 4057 3671 τὰς

2478 3700 2778 3770 σωτηρίους
2825 3701 3052 3771 πράξεις
3102 3699 3425 3764 ξυλοκοπίας
3475 3717 3532 3752 τε
3575 3699 3668 3753 καὶ
3720 3701 4059 3770 κρεανομίας

2477 3792 2571 3844 καὶ
2600 3789 2796 3859 βόθρου
2827 3791 2920 3841 καὶ
2946 3792 3181 3860 φρέατος
3203 3791 3473 3861 πρόϐατον
3499 3791 3593 3842 καὶ
3624 3789 3752 3858 βοῦν
3777 3793 4056 3861 ἀνασπᾷν,

2476 3879 2570 3931 καὶ
2612 3881 2713 3932 ὅσα
2741 3879 2953 3942 τούτοις
2995 3879 3278 3949 ἐνάμιλλα,
3309 3880 3410 3932 κᾶν
3439 3879 3538 3949 τῆς
3575 3880 3884 3950 ἀσεϐούσης
3913 3882 4057 3949 γνώο

2479 3988 2588 4040 μης
2629 3972 2723 4022 κα)⁵
2769 3971 3142 4041 θεομαχούσης
3197 3972 3258 4023 ού
3315 3972 3654 4039 μεθίσταντο.
3701 3975 3848 4041 Ὅρα
3878 3975 3939 4026 δὲ
3991 3978 4055 4026 σὺ

2477 4064 2576 4131 τὴν
2620 4064 3003 4130 ἀκατάληπτον
3037 4063 3130 4115 τοῦ
3179 4064 3313 4116 Θεοῦ
3356 4066 3549 4132 σοφίαν
3603 4066 3692 4119 καὶ
3738 4067 4058 4138 ἀπόρρητον

2479 4157 2733 4227 πρόνοιαν
2755 4174 2768 4186 ·
2802 4159 2950 4219 ὅπως
2997 4159 3136 4227 ὅπερ
3183 4159 3415 4229 ῆμελλεν
3449 4159 3693 4228 ὑστέροις
3730 4161 3946 4228 χρόνοις
3976 4163 4056 4222 εἰς

2476 4248 2536 4300 τὸ
2567 4247 2844 4309 παντελῶς
2872 4246 3125 4301 λελύσθαι
3153 4249 3231 4320 τῷ
3260 4249 3357 4316 τῆς
3384 4250 3600 4319 χάριτος
3624 4250 4056 4319 ύπεξιστάμενον

2477 4339 2525 4407 (ὀ
2555 4340 2715 4409 νόμος
2740 4340 2904 4408 λέγω)
2935 4342 3125 4409 κράτει
3146 4342 3240 4403 καὶ
3271 4342 3522 4412 δόγματι,
3547 4342 3707 4395 τοῦτο
3730 4346 3852 4396 κατ’
3880 4346 4054 4414 ἀρχὰς

2477 4434 2832 4501 εἰσαγόμενον
2872 4433 2966 4485 καὶ
2991 4435 3388 4504 κρατυνόμενον
3429 4436 3846 4503 συνεσφίγγετο,
3884 4437 3959 4500 ὡς
3987 4437 4055 4489 ἂν

2479 4527 2510 4592 ὴ
2539 4523 2808 4590 παντελὴς
2845 4525 3116 4576 ἐπιστᾶσα
3146 4523 3299 4586 λύσις
3332 4523 3427 4594 τὴν
3455 4525 3547 4576 ἐπὶ
3582 4525 3780 4593 μέρους
3809 4527 3906 4578 καὶ
3933 4527 4054 4595 μεθ’

2475 4608 2543 4684 ἦς
2573 4611 2843 4682 προῆλθεν
2885 4615 2914 4666 ὁ
2958 4615 3120 4682 νόμος
3173 4613 3606 4683 προϐαλλομένη,
3655 4613 3810 4667 οὐδὲν
3869 4617 4056 4668 καινὴν

2473 4703 2596 4758 οὐδὲ
2625 4702 2927 4774 παράδοξον
2949 4705 3010 4756 τὸ
3039 4704 3354 4772 συνενεχθὲν
3410 4705 3726 4769 ἐπιδείξειεν
3754 4723 3767 4736 '
3794 4707 3934 4760 ἀλλά
3956 4708 4055 4761 καὶ

2475 4795 2582 4847 τῶν
2623 4795 2888 4848 Ἰουδαίων
2931 4794 3263 4865 καταισχύνῃ
3312 4798 3402 4847 καὶ
3445 4795 3773 4868 ἐπιστομίσῃ
3800 4799 3866 4850 τὸ
3897 4800 4055 4852 ἀπει-

2477 4887 2590 4950 θὲς,
2621 4887 2716 4939 καὶ
2749 4887 2895 4953 παρά
2920 4886 3010 4938 τὸν
3050 4890 3212 4955 νόμον
3235 4888 3334 4940 οὐκ
3371 4891 3428 4940 ὲν
3478 4887 3652 4958 διαιρῷ
3682 4889 4052 4958 περισπούδα-

2477 4995 2622 5041 στον,
2669 4977 2742 5040 ὡς
2780 4979 2842 5030 ού
2886 4977 2978 5030 νῦν
3003 4979 3095 5032 τοῦ
3142 4981 3307 5049 νόμου
3359 4980 3494 5048 πρὸς
3537 4979 3688 5032 λύσιν
3723 4981 4052 5051 χωροῦντος.

2477 5067 2591 5121 ἀλλ’
2617 5068 2711 5122 ἀπ’
2736 5069 2910 5138 ἀρχῆς
2947 5071 3085 5138 μετά
3118 5070 3322 5133 λύσεως
3355 5071 3804 5141 προεληλυθότος,
3834 5074 3927 5126 καὶ
3955 5074 4051 5126 λύε

2479 5177 2560 5213 σει
2603 5161 2700 5229 μὲν
2730 5162 3141 5230 συνισταμένου,
3171 5161 3246 5230 τῷ
3275 5163 3455 5232 ἀλύτῳ
3479 5163 3535 5216 δὲ
3572 5164 3707 5232 μηδὲ
3744 5166 3846 5232 τὴν
3876 5166 4053 5234 ἀρχὴν

2479 5252 2847 5321 ὑφισταμένου
2871 5270 2885 5284 ο
2919 5253 3009 5305 καὶ
3038 5254 3137 5306 οὐκ
3169 5254 3260 5306 ὲπὶ
3290 5255 3468 5324 μόνων
3494 5254 3602 5308 τῶν
3631 5255 3926 5310 Σαδδάτων
3952 5261 4053 5326 τὴν

2480 5343 2798 5412 νομοθεσίαν
2829 5347 2861 5414 ἡ
2889 5344 3038 5408 λύσις
3073 5347 3131 5397 ὲν
3159 5350 3268 5409 τοῖς
3299 5347 3495 5415 ἑαυτῆς
3516 5347 3660 5417 ὅροις
3693 5349 4053 5419 περιέσωζεν,

2479 5435 2614 5488 ἀλλά
2651 5437 2744 5488 καὶ
2770 5437 2862 5489 ἐπὶ
2892 5437 2989 5505 τῆς
3015 5439 3234 5506 τελετῆς
3262 5437 3572 5508 τοῦ-πάσχα
3607 5438 3699 5490 τὸν
3745 5439 4055 5508 ὡρισμένον

2480 5530 2670 5598 καιρὸν
2723 5529 3138 5600 ἑπιμερίζουσα,
3173 5531 3268 5585 καὶ
3301 5533 3358 5583 ἐν
3409 5535 3474 5600 τῇ
3507 5533 3648 5586 κατὰ
3683 5532 3846 5603 μέρος
3881 5533 4057 5604 ὑπερ.

2482 5617 2626 5671 θέσει
2656 5618 2752 5688 τὴν
2789 5620 2885 5688 τῆς
2936 5621 3186 5691 πράξεως
3214 5622 3534 5694 ὁλοκληρίαν
3579 5624 3903 5689 συνάγουσα.
3943 5624 4056 5678 Ναὶ

2482 5709 2546 5779 δὴ
2575 5712 2669 5762 καὶ
2699 5712 2822 5776 ναδς
2860 5706 2939 5774 εἷς
2991 5714 3082 5765 ἐπὶ
3118 5717 3236 5777 ταῖς
3269 5715 3481 5779 θυσίαις
3515 5716 3903 5788 ἀφοριζόμενος
3942 5720 4056 5779 τοῖς

2486 5802 2789 5870 πανταχόσε
2824 5803 2926 5873 γῆς
2959 5802 3379 5876 διεσπαρμένοις
3420 5807 3692 5872 Ἰουδαίοις
3736 5810 3831 5881 τὴν
3860 5808 4058 5864 θυσίαν
