4186 6444
168 419 275 482 413

1158 427 1254 486 ΑΙ)
1278 422 1875 486 AMPHILOCHIUM
1905 422 2249 496 QUBSTIO
2287 427 2407 489 LX.

3306 438 3413 503 ιιι

163 530 363 585 ἀθυτον
391 531 484 585 καὶ
508 530 897 605 ἀκαλλιέρητον
932 534 1097 587 παντὶ
1133 533 1320 606 τρόπῳ
1347 534 1721 605 προεθέσπιζετ

1844 546 1970 588 cum
2019 549 2127 611 non
2162 547 2384 607 possent
2423 536 2667 610 undique
2690 554 2882 599 omnes
2911 544 2965 599 in
2989 544 3129 601 idem
3150 548 3411 618 templum

164 622 413 677 ισεσθαν
449 622 606 675 τοῦτο
638 625 737 693 μιν
775 623 852 694 μὴ
887 623 1198 695 δυναμένων
1236 623 1577 694 πανταχόθεν
1608 624 1741 676 πάν-

164 730 276 767 των
319 716 403 775 είς
443 713 535 778 τὸν
569 713 732 765 αὑτὸν
784 713 921 765 νεὼν
948 712 1016 766 δι’
1068 712 1221 777 ετους
1269 713 1738 785 συναθροίζεσθαι,

162 806 324 859 τοῦτο
348 805 404 858 δὶ
443 807 537 859 καὶ
568 804 662 856 τοῦ
696 803 825 858 ναοῦ
860 804 920 856 οὐ
954 804 1093 873 μετά
1130 806 1298 857 πολὺν
1341 805 1532 876 χρόνον
1580 804 1740 857 πολε-

166 903 323 969 μίαις
362 899 545 968 χερσὶν
578 896 979 967 ἀνατρέπεσθαι
1024 896 1308 967 μέλλοντος
1331 914 1345 929 ⁸
1390 898 1483 950 καὶ
1514 897 1607 949 ἰπὶ
1636 915 1741 967 μυ-

165 994 301 1062 ρίων
326 991 503 1045 ἄλλων
538 989 616 1051 ὡς
646 988 983 1059 πανταχόθεν
1025 990 1125 1059 τὴν
1155 989 1393 1043 παλαιάν
1423 986 1740 1060 νομοθεσίαν

160 1084 305 1143 εἶναι
332 1087 563 1141 συνιδεῖν
604 1088 682 1148 είς
706 1086 859 1150 τέλος
889 1083 1395 1154 παλαιωθήσεσθαι,
1414 1085 1508 1138 ἀτε
1542 1085 1608 1155 δὴ
1634 1083 1739 1137 τῶν

162 1178 542 1232 συνιστώντων
582 1175 752 1243 αὐτὴν
801 1173 1085 1242 συμϐόλων
1119 1171 1278 1225 τοῦτο
1319 1188 1739 1242 προανακηρυτ·

158 1270 364 1322 τόντων
414 1267 507 1320 καὶ
550 1262 1160 1335 προκαταγγελλόντων,
1206 1262 1266 1315 οὑ
1313 1261 1493 1329 λόγοις
1538 1260 1739 1331 μᾶλλον

158 1361 277 1415 ἀλλ’
300 1360 494 1421 αὐταῖς
536 1355 821 1427 ἑργασίαις
858 1354 953 1407 καὶ
984 1352 1243 1424 πράξεσι·
1277 1354 1371 1405 καὶ
1396 1352 1460 1422 δὴ
1500 1352 1595 1405 καὶ
1622 1352 1737 1405 ἑτέ-

160 1470 263 1524 ρας
305 1449 585 1511 πολιτείας
614 1446 954 1517 ὑψηλοτέρας
990 1461 1051 1498 τε
1093 1444 1188 1497 καὶ
1223 1443 1501 1513 θειοτέρας
1515 1443 1621 1512 διαὶ
1648 1443 1740 1496 λύ-

160 1562 251 1599 σιν
281 1544 386 1597 οὐκ
409 1540 799 1610 έπιδεχομένης
830 1536 1115 1605 προοίμιον
1142 1534 1238 1589 ἀπ’
1275 1535 1451 1604 ἀρχῆς
1482 1533 1577 1589 καὶ
1600 1551 1735 1604 προ-

152 1637 462 1707 γύμνασμα
504 1628 836 1701 γεγενῆσθαι
864 1627 1089 1699 ταύτην,
1124 1626 1192 1680 δι’
1216 1625 1283 1678 ἣν
1323 1625 1459 1689 ὅλως
1500 1626 1596 1679 καὶ
1635 1626 1735 1698 τῆς

145 1728 451 1796 ὑπικαίρου
488 1725 715 1795 μετέσχε
748 1722 1037 1791 γενέσεως.

235 1822 299 1875 ’0
328 1821 386 1874 δέ
415 1817 606 1887 Σωτὴρ
626 1813 781 1885 ἡμῶν
800 1812 889 1867 διά
917 1829 976 1865 τε
996 1810 1170 1863 ταῦτα
1192 1809 1303 1879 ἀφῇ
1328 1808 1619 1879 θεραπεύει
1644 1808 1735 1862 τὸν

1842 638 1941 694 ρει·
1984 641 2188 682 annum
2215 631 2591 701 ,congregari;
2640 632 2733 687 illo
2788 649 2922 689 vero
2960 639 3106 707 quod
3153 642 3411 710 templum

1842 726 1948 766 non
1974 724 2098 784 post
2127 717 2357 771 multum
2386 728 2599 790 tempus
2643 722 2935 779 bostilibus
2978 728 3229 782 manibus
3262 744 3416 782 ever-

1844 800 2065 855 tendum
2120 810 2286 857 esSct.
2340 803 2407 859 Et
2449 805 2504 858 in
2548 808 2820 863 sexcentis
2867 811 2991 865 aliis
3053 812 3413 884 nndequaquc

1840 898 2076 946 veterem
2111 893 2508 963 legislationem
2539 911 2662 953 esse
2688 902 3011 969 conspicere
3042 902 3098 956 in
3134 903 3241 957 line
3278 906 3412 958 anti-

1840 983 2137 1052 quandam,
2161 992 2347 1054 utpote
2379 989 2833 1057 componentibus
2861 992 3035 1059 ipsam
3067 996 3332 1063 symbolis
3359 994 3411 1047 id

1840 1076 2259 1144 pmdicantibus
2274 1090 2327 1131 et
2342 1083 2854 1148 prauuutiantibus,
2878 1098 2985 1137 non
3010 1086 3188 1139 verbis
3208 1089 3408 1155 potius,

1840 1165 1933 1218 sed
1962 1165 2094 1234 ipsis
2146 1167 2405 1234 Operibus
2440 1176 2496 1222 et
2537 1172 2868 1235 actionibus,
2903 1184 2957 1226 et
2999 1184 3147 1227 certe
3186 1175 3413 1230 alterius

1840 1250 2075 1307 instituti
2100 1255 2437 1311 sublimioris
2472 1267 2525 1311 et
2556 1259 2847 1314 divinioris
2874 1270 2928 1314 et
2947 1262 3276 1318 solutionem
3303 1282 3410 1319 non

1840 1342 2173 1399 adniittentis
2201 1352 2525 1414 prommium
2552 1364 2583 1403 a
2612 1350 2883 1421 principio
2912 1360 2967 1407 et
2987 1368 3411 1424 progymnasma

1839 1432 2011 1490 fuisse
2043 1435 2223 1501 istam,
2261 1447 2483 1506 propter
2532 1454 2696 1509 quem
2740 1442 2967 1497 omnino
3003 1451 3060 1497 et
3098 1446 3411 1514 temporalis

1838 1525 2107 1597 particeps
2124 1526 2225 1581 fuit
2248 1529 2566 1585 nativitatis.

1909 1792 2163 1848 Salvator
2191 1809 2321 1850 vero
2361 1806 2547 1851 noster
2572 1807 2628 1852 et
2672 1810 2894 1870 propter
2925 1802 3041 1858 bac
3077 1812 3222 1859 tactu
3254 1819 3409 1861 sanat

151 1912 359 1983 λεπρδν
408 1907 506 1963 καὶ
535 1880 811 1973 ῖνανδείξῃ
859 1903 940 1955 ὃτι
976 1900 1181 1972 Κύριος
1222 1901 1382 1962 αὐτὸς
1418 1895 1507 1970 ἦν,
1547 1899 1721 1969 ὦσπει

1837 1880 2111 1952 leprosum
2146 1894 2200 1938 et
2232 1893 2290 1938 ut
2319 1887 2569 1940 ostendat
2590 1901 2651 1941 se
2675 1887 2965 1944 Dominum
2988 1906 3129 1958 esse,
3160 1904 3219 1948 ut
3243 1893 3411 1950 intro-

150 2006 249 2062 τοῦ
273 2001 608 2070 εἰσενεγκεῖν
647 1997 738 2050 τὸν
770 1996 957 2065 νόμον,
987 1992 1131 2047 οὕτω
1165 1992 1259 2046 καὶ
1277 1994 1352 2062 μὴ
1377 1993 1729 2060 εἰσενεγκεῖν·

151 2100 349 2168 ῶσπερ
375 2096 433 2149 δι
469 2091 544 2164 μὴ
574 2089 925 2156 εἰσενεγκεῖν,
961 2085 1102 2139 οὕτω
1134 2087 1227 2138 καὶ
1251 2087 1585 2154 εἰσενεγκεῖν
1612 2084 1730 2138 ἑτέ-

154 2206 293 2261 ροις,
325 2185 443 2240 ἀλλ’
488 2182 589 2252 οὐχ
629 2178 808 2247 ἑαυτῷ
853 2178 1213 2243 εἰσενεγκεῖν·
1267 2175 1403 2245 μηδὲ
1444 2175 1553 2247 γὰρ
1609 2176 1730 2247 μηδ,

151 2279 479 2335 ὑποκεῖσθαι
515 2276 607 2328 τὸν
645 2272 942 2342 νομοθέτην
977 2269 1394 2339 νομοφυλακεῖν.
1431 2262 1507 2323 ὧν
1549 2269 1582 2339 ή
1626 2287 1729 2338 φυ-

149 2373 295 2441 λακὴ
323 2373 435 2431 τοῖς
477 2363 954 2436 νομοθετουμένοις
1005 2359 1232 2432 ἁρμόζει
1283 2360 1485 2430 μόνοις.
1518 2361 1727 2429 Ὠσπερ

149 2464 263 2534 γάρ
286 2458 595 2530 νομοθετῶν
620 2454 869 2525 βασιλεὺς
893 2451 1045 2506 πόλει
1069 2452 1162 2505 καὶ
1188 2450 1505 2514 πολιτείαις,
1528 2452 1625 2522 οὐχ
1646 2446 1725 2515 οἷς

148 2554 458 2625 ἁρμόζεται
487 2549 583 2601 καὶ
621 2546 853 2612 καθιστᾷ
887 2543 987 2612 τὴν
1027 2541 1324 2605 πολιτείαν,
1353 2540 1561 2604 τούτοις
1599 2543 1726 2594 έαυ-

148 2647 248 2700 τὸν
281 2643 505 2711 ὑπάγει,
538 2639 635 2693 καὶ
661 2638 771 2690 τῶν
812 2633 1129 2706 ἀρχομένων
1174 2632 1333 2685 ἕνεκα
1367 2632 1726 2701 καταγγέλλει

147 2739 250 2793 καὶ
296 2729 695 2804 παραπλησίως
740 2726 968 2787 ἐκείνοις
1006 2722 1298 2792 τεθηπὲναι
1341 2721 1431 2773 τὸν
1470 2723 1594 2793 ὅρον
1631 2724 1723 2776 τοῦ

145 2828 503 2898 ψηφίσματος
523 2815 965 2888 παρασκευάζει·
997 2814 1112 2867 ἀλλ’
1142 2813 1303 2875 αὐτὸς
1330 2813 1429 2881 μὲν
1447 2814 1559 2866 ἀνω
1588 2814 1723 2867 κάθ-

144 2936 280 2991 ηται
325 2916 422 2985 τῆς
464 2911 746 2979 πολιτικῆς
799 2909 1005 2972 τάξεως
1049 2905 1143 2958 καὶ
1188 2902 1488 2972 ὑπηρεσίας
1514 2919 1528 2935 ο
1576 2904 1637 2956 τὸ
1667 2904 1723 2957 δὲ

145 3009 459 3076 πολίτευμα
488 3005 603 3065 τοῖς
625 2999 788 3055 αὑτοῦ
820 2998 1029 3067 συνέχει
1064 2995 1157 3048 καὶ
1192 2993 1544 3057 συνδιασώζει
1578 3011 1721 3064 παρ-

146 3101 523 3169 αγγέλμασιν
570 3092 744 3157 οὕτως
778 3092 875 3146 καὶ
917 3092 946 3144 ό
991 3088 1086 3143 τοῦ
1130 3088 1333 3156 κόσμου
1381 3087 1721 3160 Δημιουργός

140 3212 208 3249 τε
238 3194 337 3247 καὶ
377 3186 772 3260 ⁸[1αμ6ασιλεῑ.›ς
806 3184 1001 3252 νόμους
1046 3186 1286 3253 παρέσχε
1331 3179 1474 3231 κατά
1497 3197 1720 3249 καιρους

1837 1971 2116 2029 ductionis
2141 1973 2297 2045 legis,
2342 1975 2413 2029 ita
2436 1988 2485 2030 et
2517 1992 2624 2032 non
2651 1979 3111 2048 iutroductionis;
3153 1998 3409 2056 quemad-

1839 2065 2059 2119 modum
2083 2075 2262 2122 autem
2289 2082 2410 2122 eam
2449 2080 2660 2138 poterat
2694 2086 2802 2125 non
2842 2072 3213 2142 introducere,
3251 2079 3324 2132 ita
3356 2088 3411 2133 et

1837 2154 2209 2212 introduxisse
2251 2156 2393 2221 aliis,
2446 2171 2501 2213 at
2540 2174 2646 2213 non
2693 2162 2796 2214 sibi
2851 2162 3253 2231 introduxisse;
3298 2182 3406 2221 non

1834 2240 1978 2295 enim
2008 2242 2293 2311 subiacere
2315 2243 2681 2311 legislatorem
2714 2247 2848 2315 legis
2879 2250 3270 2317 observationi,
3310 2268 3409 2307 cu-

1829 2333 1921 2403 jus
1951 2335 2195 2389 custodia
2218 2335 2287 2390 iis
2316 2350 2416 2407 pro
2442 2338 2642 2406 quibus
2676 2338 2819 2409 leges
2849 2340 3100 2396 feruntur
3155 2346 3407 2400 convenit

1834 2426 1986 2480 solis.
2022 2423 2090 2479 Ut
2116 2427 2263 2481 enim
2319 2428 2465 2498 leges
2496 2437 2745 2483 statuens
2777 2446 2873 2485 rex
2921 2433 3125 2486 civitati
3152 2444 3206 2488 et
3237 2438 3406 2490 admi-

1833 2519 2267 2585 nistrationibus,
2300 2537 2408 2575 non
2439 2524 2640 2592 quibus
2666 2533 2815 2593 aptat
2842 2536 2897 2580 et
2928 2530 3213 2584 constituit
3263 2532 3405 2602 regi-

1833 2623 1978 2674 men,
2014 2611 2098 2666 bis
2124 2612 2363 2681 seipsum
2401 2614 2606 2677 subdit,
2638 2624 2691 2667 et
2719 2616 3091 2684 subjectorum
3122 2635 3251 2689 ergo
3278 2638 3406 2692 pro-

1831 2702 2031 2757 clamat
2074 2711 2127 2757 et
2171 2708 2418 2773 proxime
2461 2706 2592 2774 ipsis
2646 2710 2894 2774 posuisse
2947 2710 3169 2765 limitem
3205 2715 3403 2768 decreti

1831 2794 2028 2847 astruit
2057 2812 2071 2848 :
2100 2805 2154 2847 at
2187 2795 2301 2863 ipse
2331 2795 2544 2864 quidem
2576 2799 2628 2851 in
2656 2800 2766 2852 alto
2789 2800 2943 2855 sedet
2970 2802 3171 2871 politici
3196 2806 3404 2861 ordinis

1829 2896 1882 2939 et
1917 2887 2233 2953 ministerii;
2273 2889 2515 2958 regimen
2554 2899 2736 2944 autem
2768 2894 2884 2947 suis
2912 2898 3155 2949 continet
3186 2908 3240 2952 et
3269 2914 3400 2952 con-

1829 2986 2010 3029 servat
2038 2980 2351 3048 prarceptis;
2387 2982 2466 3035 sic
2487 2990 2540 3034 et
2570 2985 2757 3036 mundi
2791 2985 3015 3039 Greater
3046 2997 3098 3039 et
3124 2990 3405 3043 universo-

1829 3083 1949 3123 rum
1989 3084 2083 3125 rex
2130 3070 2278 3140 leges
2339 3075 2559 3127 tradidit
2603 3076 2756 3143 juxta
2795 3083 3044 3145 tempora
3092 3078 3159 3132 iis
3197 3083 3287 3148 qui
3346 3081 3401 3135 in

1829 3161 2034 3214 mundo
2089 3170 2240 3229 sunt,
2296 3177 2394 3232 per
2446 3178 2582 3234 quas
2629 3164 2828 3218 licebat
2880 3168 3120 3235 ipsorum
3180 3171 3398 3239 quidem

141 3244 349 3348 τοῖςλν
478 3244 692 3348 κόσμῳ,
717 3244 782 3328 δι’
817 3244 892 3328 ὧν
923 3272 990 3344 ἦν
1014 3244 1192 3327 αὑτῶν
1229 3244 1334 3337 μὲν
1364 3275 1463 3342 τὴν
1494 3271 1721 3341 γνώμην

1829 3260 2059 3307 mentem
2093 3254 2159 3307 ad
2196 3254 2388 3309 melius
2417 3258 2669 3310 ordinare
2703 3267 2756 3310 et
2784 3258 3089 3324 instituere,
3128 3260 3243 3328 ipse
3272 3277 3399 3316 vero

143 3377 243 3431 hri.
263 3374 329 3427 τδ
353 3374 574 3442 ἄμεινον
617 3368 981 3436 μετακοσμεῖν
1030 3381 1081 3417 τε
1112 3366 1206 3419 καὶ
1234 3363 1718 3436 μεταρῤυθμίζειν,

138 3467 312 3528 αὐτὸς
358 3463 415 3517 δὲ
444 3462 541 3529 τῆς
579 3458 835 3527 τοιαύτης
867 3454 1125 3526 προνοίας
1177 3454 1481 3526 ἀπροσδεὴς
1513 3448 1581 3523 ἧν
1630 3454 1725 3505 καὶ

141 3559 438 3630 κρείττων,
471 3546 552 3615 οἷς
582 3547 1033 3619 φιλοτιμούμενος
1061 3546 1346 3610 έπλούτιζε
1390 3546 1450 3597 τὸ
1484 3546 1722 3612 ὑπήκοον

138 3647 353 3702 τούτων
372 3640 723 3711 ἀναδέχεσθαι
747 3638 844 3707 τὴν
870 3636 1079 3708 χρείαν.
1108 3636 1245 3689 Οὐδὲ
1268 3638 1374 3704 γάρ
1402 3635 1512 3687 οὐδ’
1536 3634 1683 3687 ῶσπε
1692 3652 1723 3703 ρ

137 3742 238 3795 ἐπὶ
262 3739 375 3792 τῶν
406 3736 582 3791 ἄλλων
612 3732 918 3803 νομοθετῶν
947 3732 995 3784 οῖ
1026 3730 1235 3783 πολλῶν
1259 3730 1463 3800 ἑτέρων
1496 3745 1716 3781 συνεπι-

135 3836 443 3908 ιρινόντων
472 3849 532 3885 τε
560 3832 653 3884 καὶ
696 3828 1001 3898 συμψήφων
1040 3828 1105 3895 τῇ
1137 3825 1330 3894 γνώμη
1374 3823 1706 3891 καθισταμέ-

132 3944 246 3981 νων
277 3927 407 3987 τοὺς
430 3922 625 3993 νόμους
670 3918 931 3982 τιθέασιν,
963 3916 1106 3970 οὕτω
1133 3918 1227 3969 καὶ
1262 3918 1289 3968 ό
1324 3914 1512 3985 Σωτὴρ
1561 3913 1715 3982 ἡμῶν

131 4016 236 4087 τὴν
263 4011 587 4081 νομοθεσίαν
632 4007 936 4077 εἰσέφερεν,
967 4003 1082 4059 ἀλλ’
1105 4003 1181 4066 ῶς
1219 4001 1347 4063 Θεὸς
1392 4002 1484 4054 καὶ
1510 3999 1713 4069 Κύριος

132 4108 363 4161 πάντων
393 4101 485 4156 καὶ
514 4101 612 4169 τῆς
648 4099 776 4167 ὅλης
817 4095 1140 4165 νομοθεσίας
1169 4093 1332 4155 αὐτὸς
1365 4090 1714 4162 ἐπανῃρημέ-

127 4214 228 4261 νος
264 4196 329 4249 τδ
351 4192 574 4264 κράτος.
615 4189 815 4257 Διόπερ
863 4187 1075 4256 ἀνάγκη
1114 4185 1242 4245 τοὺς
1291 4183 1389 4252 μὲν
1415 4184 1527 4243 τοῖς
1559 4197 1720 4249 νομο-

1823 3340 1945 3395 talis
1997 3343 2354 3411 providentia
2404 3358 2513 3398 non
2548 3346 2796 3416 indigens
2833 3357 2953 3401 erat
3011 3357 3067 3402 et
3095 3352 3286 3404 melior
3336 3352 3399 3405 iis

1823 3445 1907 3488 est
1942 3434 2140 3503 quibus
2174 3436 2405 3505 benigne
2444 3438 2738 3505 providens
2774 3440 2973 3494 ditavit
3003 3442 3394 3512 subjectionem

1826 3534 1884 3577 ut
1910 3525 2122 3579 illarum
2148 3529 2467 3597 exciperent
2498 3530 2789 3584 utilitatem
2827 3551 2841 3587 :
2899 3547 3006 3586 non
3036 3535 3181 3588 enim
3213 3545 3271 3588 ut
3306 3538 3395 3590 alii

1826 3616 2164 3686 legislatures
2217 3618 2313 3686 qui
2351 3620 2537 3675 multis
2595 3621 2720 3677 aliis
2771 3637 2877 3676 una
2932 3623 3306 3693 judicantibus
3342 3639 3396 3682 et

1819 3712 2291 3766 consentientibus
2320 3714 2655 3769 stabilientes
2689 3715 2835 3784 leges
2860 3715 3063 3782 lerunt,
3094 3721 3173 3774 sic
3197 3731 3251 3774 et
3277 3722 3398 3777 Sal-

1822 3810 1973 3853 vator
2021 3810 2203 3854 noster
2240 3802 2634 3871 legislationem
2676 3806 2902 3871 invexit,
2943 3810 3033 3862 sed
3063 3819 3121 3863 ut
3163 3811 3304 3866 Deus
3340 3825 3394 3869 et

1818 3891 2080 3947 Dominus
2103 3893 2348 3946 omnium
2378 3903 2432 3947 et
2456 3904 2563 3948 tota
2610 3898 2949 3967 legislatione
2981 3900 3097 3969 ipse
3128 3906 3394 3962 exCelsior

1813 3998 2099 4062 potestate.
2118 3988 2240 4044 ldeo
2264 4005 2485 4046 necesse
2512 4001 2595 4045 est
2628 3991 2733 4047 boc
2756 3996 2975 4062 quidem
3001 3996 3115 4065 lege
3137 3999 3391 4055 stabilitis

1824 4082 2130 4152 subjacere,
2164 4081 2309 4137 hunc
2344 4092 2521 4137 autem
2553 4086 2694 4139 ratio
2715 4087 2894 4140 omnis
2918 4088 3107 4143 eximit
3134 4092 3277 4159 quod
3308 4108 3392 4147 re-

1824 4172 1994 4241 liquis
2028 4170 2283 4225 omnibus
2309 4171 2361 4224 in
2392 4173 2720 4227 immensum
2749 4177 3168 4242 superemineat.

128 4284 837 4363 θετηθεῖσινὺποτετάχθαι,
850 4281 1004 4334 τδνδὲ
1020 4280 1176 4348 λόγος
1195 4279 1339 4340 ἄπας
1359 4276 1565 4347 ἐξαίρει
1592 4278 1665 4346 μὴ
1679 4272 1798 4342 οὐχὶ
1812 4267 2110 4376 τῶνᾶλλων
2125 4266 2380 4376 ἁπάντων
2401 4266 2848 4376 καθῇὑπερόολην
2868 4270 3387 4376 ὑπερανεστηκέναι,

221 4384 390 4438 ’Δλλά
418 4398 508 4452 μοι
540 4380 699 4449 δεῦρο
731 4377 825 4430 καὶ
863 4375 979 4428 τόδε
1021 4373 1408 4427 συνεπισκόπει
1431 4388 1445 4403 ο
1482 4373 1509 4423 ὁ
1554 4370 1719 4439 νόμος

1895 4364 1999 4419 Sed
2032 4380 2244 4419 mecum
2282 4365 2369 4419 bic
2402 4377 2454 4419 et
2488 4366 2615 4419 illud
2649 4368 2935 4421 considera
2966 4385 2978 4420 :
3026 4370 3108 4423 lex
3138 4386 3259 4425 eum
3293 4377 3386 4443 qui

128 4478 226 4532 τὸν
251 4474 560 4541 ἀπτόμενον
588 4466 812 4539 λεπροῦ,
832 4465 1141 4535 ἀκάθαρτον
1157 4462 1432 4532 ὀνομάζει,
1454 4461 1516 4513 οὐ
1523 4480 1554 4531 χ
1575 4461 1632 4513 ὃν
1654 4461 1717 4513 ὲκ

124 4571 232 4640 τῆς
261 4566 410 4635 ἁφῆς
434 4563 547 4633 ᾔδει
560 4563 659 4631 τῆς
676 4560 879 4630 λέπρας
910 4554 1346 4625 ἀποκαθαίροντα
1373 4553 1465 4605 τὸν
1488 4551 1708 4640 συνεχό-

128 4639 301 4729 μενον
336 4653 413 4723 τῷ
440 4650 601 4705 πάθει
632 4650 713 4719 (ού
740 4649 848 4717 γὰρ
887 4642 1028 4716 ἦσαν
1059 4643 1271 4705 ὲλπίδες
1300 4640 1452 4694 οὖπω
1480 4642 1581 4711 τῆς
1605 4639 1708 4708 χά-

126 4764 284 4820 ριτος
335 4741 654 4812 ἐπιστάσης,
696 4737 812 4792 ἀλλ’
861 4736 982 4789 οὐδὲ
1009 4734 1115 4788 τῶν
1149 4732 1353 4803 ταύτης
1383 4732 1703 4802 προοιμίων,

122 4842 185 4893 αῖ
205 4839 301 4891 τὸν
323 4836 606 4906 ἄνθρωπον
627 4829 920 4898 ὑπέφαινον
947 4823 1332 4895 θεουργοῡντα,
1354 4822 1451 4875 καὶ
1477 4822 1710 4892 κρείττω

122 4932 366 4991 πάθους,
430 4922 662 4995 μάλιστά
688 4937 752 4990 γε
811 4917 907 4971 τοῦ
951 4916 1049 4986 τὴν
1082 4913 1379 4985 θεραπείαν
1422 4911 1709 4982 ζητοῦντος

124 5021 356 5093 ἀμφανῆ
396 5011 772 5093 καθιστῶσαι),
814 5008 926 5062 ἀλλ’
960 5007 1017 5068 ὃς
1058 5005 1212 5058 οὐδὲν
1253 5004 1330 5073 τῷ
1376 5000 1709 5093 λεπρωθεντι

306 5090 581 5176 κάθαρσιν
601 5100 927 5165 συνεισάγει,
960 5096 1055 5148 καὶ
1082 5094 1140 5147 ὃν
1185 5091 1707 5184 μετασχεῖν-μᾶλλον

119 5182 221 5258 τοῦ
257 5200 467 5261 πάθους
500 5196 534 5265 ἢ
583 5194 680 5264 τῆς
719 5189 1060 5259 ἀκαθαρσίας
1104 5183 1410 5247 ἀπαλλάξαι
1456 5182 1548 5234 τὸν
1604 5198 1706 5233 πα·

123 5292 412 5368 ρασχόντα
464 5284 731 5356 συνεώρα.
774 5283 832 5335 '0
869 5281 925 5334 δὲ
971 5278 1079 5368 τῶν
1107 5274 1293 5368 ψυχῶν
1326 5274 1422 5368 καῖ
1459 5272 1565 5368 ¹τῶν
1600 5290 1707 5368 σω-

123 5362 322 5455 μάτων
376 5375 561 5447 ίατρὸς
593 5373 824 5443 Χριστὸς
866 5374 893 5423 ὁ
928 5367 1118 5437 Σωτὴρ
1157 5363 1315 5435 ἡμῶν
1360 5362 1567 5455 αύτίκαῗ
1600 5363 1696 5455 μεν

118 5452 220 5548 τῆς
256 5474 466 5538 λέπρας
492 5468 580 5522 ὃιά
608 5468 705 5536 τῆς
733 5465 875 5532 ἀφῇς
898 5457 1279 5548 ἀποκαθαίρει,
1301 5454 1496 5548 αὐτίκα
1513 5453 1585 5548 se
1606 5452 1702 5522 τὴν

118 5540 284 5622 νόσον
316 5563 480 5629 λόγου
504 5560 747 5630 κρεῖττον
776 5549 1090 5622 φυγαδεύει.
1115 5545 1239 5608 Πῶς
1269 5540 1360 5598 οὖν
1385 5544 1484 5597 οὐκ
1504 5545 1700 5597 ἄτοπον

116 5651 532 5712 διευλαῦεῖσθαι
580 5648 677 5718 τὴν
728 5645 871 5715 ἁφὴν
920 5642 994 5704 ὡς
1034 5635 1373 5705 ἀκαθαρσίας
1420 5634 1698 5703 πρόξενον,

1826 4456 1994 4525 tangit
2018 4455 2317 4524 leprosum,
2351 4456 2622 4525 impurum
2688 4459 2953 4523 nominat,
2988 4475 3092 4513 non
3121 4476 3279 4531 quem
3319 4480 3385 4519 ex

1823 4555 1965 4600 tactu
1994 4547 2201 4601 sciebat
2228 4562 2257 4600 a
2285 4547 2429 4616 lepra
2460 4548 2811 4601 mundantem
2844 4564 2967 4601 eum
2994 4552 3084 4618 qui
3116 4554 3386 4609 detinetur

1814 4637 1988 4700 malo;
2021 4652 2127 4689 non
2159 4637 2302 4690 enim
2340 4646 2456 4691 erat
2488 4652 2611 4707 spes
2638 4639 2878 4692 nondum
2918 4643 3091 4709 gratia
3124 4642 3381 4709 instante,

1811 4725 1905 4779 sed
1935 4740 2112 4795 neque
2150 4725 2313 4795 bujus
2345 4728 2652 4796 prooemiis,
2681 4744 2803 4797 qua
2851 4730 3125 4785 hominem
3160 4733 3383 4788 demou-

1810 4813 2245 4868 strarentdivina
2287 4825 2625 4884 operantem,
2649 4828 2703 4872 et
2734 4817 3013 4873 fortiorem
3045 4823 3210 4887 malo,
3244 4840 3379 4894 prac-

1810 4905 1995 4959 sertim
2028 4920 2153 4960 vero
2172 4920 2237 4959 eo
2257 4906 2400 4975 quod
2429 4909 2769 4963 curationem
2807 4911 3084 4978 quaerebat
3118 4915 3380 4969 manifes-

1810 5003 1919 5048 tam
1952 4996 2165 5051 sistere.
2196 4995 2299 5051 Sed
2318 5000 2411 5066 qui
2444 4999 2576 5052 nihil
2606 4999 2822 5069 leproso
2847 5001 2912 5054 ad
2936 5004 3376 5059 einnndationem

1808 5085 2082 5148 conducit,
2116 5094 2169 5139 et
2196 5101 2354 5155 quem
2379 5088 2695 5157 participem
2718 5103 2840 5143 esse
2858 5092 3030 5159 magis
3055 5093 3181 5145 mali
3210 5111 3373 5162 quam

1808 5176 2148 5230 immunditia
2169 5176 2397 5232 liberare
2413 5179 2703 5246 patientem
2742 5183 3047 5250 conspexit.
3070 5184 3138 5235 At
3160 5199 3372 5238 aninm-

1806 5281 1924 5319 rum
1950 5275 2003 5319 et
2027 5280 2317 5334 corporum
2347 5268 2587 5321 medicus
2621 5267 2871 5323 Christus
2916 5269 3162 5324 Salvator
3191 5284 3374 5329 noster

1805 5353 1988 5407 statim
2020 5353 2237 5420 quidem
2275 5368 2303 5405 a
2327 5352 2476 5422 lepra
2502 5369 2597 5424 per
2629 5364 2833 5410 tactum
2871 5360 3120 5423 mundat,
3152 5363 3371 5414 statim-

1805 5460 1910 5514 que
1936 5446 2184 5499 morbum
2223 5446 2415 5499 melius
2458 5462 2621 5516 quam
2652 5448 2760 5502 dici
2794 5451 2967 5517 possit
3020 5451 3190 5521 fugat.
3222 5455 3369 5519 Quo-

1803 5537 1965 5592 modo
1984 5538 2145 5607 igitur
2168 5552 2273 5593 non
2299 5539 2561 5593 insulsum
2584 5542 2755 5595 vereri
2779 5550 2979 5596 tactum
3002 5552 3059 5597 ut
3082 5544 3371 5601 immundi-

1808 5629 1899 5684 tias
1926 5643 2169 5695 causam,
2199 5644 2321 5683 eum
2350 5631 2441 5700 qui
2471 5632 2619 5685 novit
2645 5647 2736 5700 per
2761 5633 2905 5687 hunc
2929 5635 3244 5688 mundatum
3269 5636 3365 5691 dc-

116 5753 212 5801 τδν
249 5745 433 5798 ειδότα
466 5741 553 5794 διὰ
581 5737 784 5806 ταύτης
830 5728 1239 5800 κεκαθαρμένον
1289 5726 1561 5789 ἀναδεῖξαι
1610 5726 1698 5776 τὸν

1829 5730 2105 5776 monstrare
2155 5721 2303 5791 lepra
2342 5722 2649 5778 alllictum?
2692 5725 2980 5789 Quomodo
3026 5735 3207 5781 autem
3255 5742 3361 5782 non

114 5843 183 5903 τῇ
214 5838 401 5905 λέπρα
434 5831 786 5899 πιεζόμενον;
820 5823 933 5887 πῶς
968 5822 1011 5874 δ’
1046 5820 1106 5873 οὐ
1138 5818 1444 5885 παράλογον
1476 5817 1565 5868 τὸν
1598 5816 1695 5885 μὲν

1833 5812 2065 5868 bsouum
2106 5810 2375 5883 leprosum
2404 5815 2516 5885 jam
2552 5830 2659 5871 non
2692 5816 2961 5885 leprosum
2994 5833 3093 5875 nec
3129 5818 3367 5874 immun~
