4186 6444
763 435 870 511 415

1921 430 2184 494 PHOTII
2224 429 2728 494 PATRIARCH/E
2766 436 2853 497 CP

3922 443 4026 514 416

757 551 887 607 dum
921 562 1058 612 esse,
1082 546 1397 600 mundatunt
1431 560 1558 598 vero
1574 545 1626 598 et
1657 558 1850 598 sanum
1877 558 1973 614 per
1995 541 2337 596 Dominicnm

2462 544 2641 614 ιεπρὸν
2664 546 2846 600 οὐκέτι
2877 547 3078 619 λεπρὸν
3097 551 3206 604 οὐδ’
3222 553 3533 622 ἀκάθαρτον
3560 550 3719 609 εἶναι.
3745 559 4023 626 κεκαθαρ-

760 650 964 698 tactum
984 647 1037 692 et
1058 636 1296 707 reputari
1323 636 1393 690 ab
1429 635 1682 689 omnibus
1715 644 1772 689 et
1807 633 2188 696 ostendi,eum
2212 645 2342 684 vero

759 731 852 801 qui
880 727 1322 782 emundationem
1379 727 1482 795 ipsi
1519 726 1754 795 benigne
1796 736 1848 780 et
1877 725 2220 780 abundanter
2242 725 2341 777 do-

759 821 930 883 navit,
960 815 1317 870 immunditiae
1361 815 1680 884 participem
1727 826 1999 884 reputare,
2034 829 2196 884 quam
2243 829 2342 870 nec

761 913 817 966 in
847 912 955 965 alio
992 924 1221 977 corpore
1247 908 1526 962 concessit
1573 909 1829 962 manere?
1859 908 2030 978 Igitur
2067 924 2176 963 non
2215 925 2339 962 enm

759 1005 851 1074 qui
884 1018 978 1073 per
1018 1012 1220 1055 tactum
1247 1001 1451 1054 malum
1492 1001 1739 1070 corporis
1769 1003 1992 1066 abrasit,
2034 1003 2180 1056 hunc
2208 1002 2339 1073 quin

760 1101 1009 1164 tangeret
1047 1093 1131 1145 lex
1165 1091 1468 1162 prohibuit.
1510 1090 1926 1162 Misanthropia‘.
1954 1093 2098 1147 cnim
2130 1108 2236 1144 non
2269 1091 2342 1144 ef-

761 1188 990 1258 fugisset
1019 1187 1251 1249 crimen,
1295 1185 1387 1239 scd
1421 1200 1516 1240 eos
1543 1185 1637 1254 qui
1667 1188 1718 1238 in
1755 1186 2024 1255 tangendo
2057 1186 2188 1238 nihil
2221 1186 2343 1254 qui-

717 1301 719 1303 '
761 1284 880 1336 dem
913 1280 1268 1333 immunditiae
1318 1276 1662 1342 auferebam,
1702 1288 1983 1347 tangentes
2013 1287 2194 1331 tamen
2246 1293 2342 1332 eos

689 1373 692 1375 Α
761 1374 1051 1443 qniadhnc
1083 1372 1235 1439 plaga
1263 1370 1643 1424 detinebantur
1681 1380 1736 1424 et
1780 1371 2015 1441 amigere
2060 1370 2346 1424 transmis-

764 1463 921 1516 sione
949 1460 1130 1530 potius
1159 1469 1431 1529 poterant,
1455 1476 1618 1530 quam
1639 1463 1981 1516 curationem
2012 1477 2104 1529 per
2127 1461 2341 1515 illorum

765 1568 984 1606 manum
1019 1552 1250 1615 lucrari;
1299 1552 1441 1604 unde
1471 1551 1599 1621 quia
1657 1559 1712 1604 et
1745 1553 2000 1607 dominus
2030 1564 2148 1607 erat
2176 1552 2345 1607 Filius

765 1643 1002 1698 hominis
1025 1652 1080 1696 et
1109 1643 1341 1712 ponendi
1374 1653 1426 1697 ct
1452 1660 1559 1697 non
1586 1643 1818 1712 ponendi
1851 1645 2045 1713 legem,
2069 1660 2177 1698 non
2197 1647 2341 1699 enim

766 1732 950 1787 carnis
979 1734 1280 1800 assumptio
1303 1735 1601 1801 potentiam
1631 1735 1857 1789 abstulit
1884 1735 2208 1799 divinitatis,
2243 1736 2335 1789 sed

765 1833 1083 1894 assumptus
1113 1824 1279 1878 homo
1334 1826 1627 1894 potentiam
1659 1828 1778 1897 ejus
1809 1829 1899 1897 qui
1925 1829 2219 1898 assumpsit
2242 1829 2341 1882 sibi

2451 635 2612 702 μένον
2643 636 2699 688 δὲ
2732 638 2826 690 καὶ
2867 637 2995 706 ὑγιᾶ
3025 639 3112 692 διὰ
3141 641 3239 709 τῆς
3269 643 3605 712 Δεσποτικῆς
3633 643 3779 711 ἁφῆς
3815 645 3912 696 καὶ
3942 662 4026 697 νο-

2450 727 2706 796 μίζεσθαι
2733 731 2865 783 πᾶσι
2890 730 2985 783 καὶ
3014 731 3446 797 ἐπιδείκνυσθαι,
3483 735 3574 786 τὶν
3609 735 3664 788 δὲ
3690 735 3790 805 τὴν
3823 735 4029 804 κάθαρ-

2450 837 2534 871 σιν
2560 821 2708 888 αὑτῷ
2757 822 3157 893 φιλανθρώπως
3197 824 3292 877 καὶ
3324 826 3619 895 ὑπερφυῶς
3663 827 4026 897 δωρούμενον,

2447 913 2790 984 ἀκαθαρσίας
2822 918 3114 985 μετασχεῖν
3134 918 3398 987 νομίζειν,
3420 921 3486 988 ἡν
3509 920 3618 972 οὐδ’
3643 921 3701 971 ὲν
3723 920 3904 987 ἑτέρῳ
3933 917 4028 970 σώ-

2454 1023 2580 1073 ματι
2612 1007 2992 1078 συνεχώρησεν
3045 1009 3257 1077 μένειν;
3294 1011 3508 1063 Οὐκοῦν
3548 1008 3670 1077 οὑχλ⁵
3696 1008 3790 1061 τὸν
3819 1007 3911 1060 διὰ
3936 1008 4029 1075 τῆς

2449 1078 2595 1164 ἁφῆς
2628 1098 2686 1146 τὸ
2733 1099 2902 1161 πάθος
2950 1098 3045 1151 τοῦ
3095 1099 3300 1168 χρωτὸς
3352 1099 3678 1164 ἀποξύοντα,
3729 1096 3926 1150 τοῦτον
3962 1097 4030 1166 μὴ

2450 1189 2716 1241 ἅπτεσθαι
2746 1189 2773 1240 ό
2799 1190 2959 1258 νόμος
2994 1190 3199 1242 ἐκώλυε
3226 1190 3664 1259 (μισανθρωπίας
3695 1189 3805 1259 γὰρ
3835 1189 3938 1241 οὑκ
3967 1187 4026 1241 ἂν

2451 1279 2622 1347 ἔφυγε
2665 1279 2865 1350 δίκην),
2897 1281 3034 1332 ἀλλὰ
3058 1283 3182 1342 τοὺς
3217 1282 3274 1332 ὲν
3312 1279 3390 1350 τῷ
3421 1279 3690 1332 ἅπτεσθαι
3729 1278 3903 1349 μηδὲν
3939 1278 4030 1346 μὲν

2450 1370 2548 1437 τῆς
2575 1370 2922 1439 ἀκαθαρσίας
2947 1371 3405 1440 ἀφαιρουμένους,
3438 1372 3780 1440 ἁπτομένους
3811 1371 3857 1423 δ’
3889 1371 4031 1440 ὅμως

2450 1461 2560 1513 τῶν
2587 1461 2670 1514 ἔτι
2715 1465 2780 1531 τῇ
2812 1463 3080 1532 διαφθορᾷ
3110 1464 3487 1531 συνεχομένων
3527 1463 3622 1515 καὶ⁵
3669 1461 4027 1529 λυμαίνεσθαι

2452 1556 2518 1623 τῇ
2571 1555 2854 1624 μεταδόσει
2900 1555 3100 1624 μᾶλλον
3141 1555 3545 1626 δυναμένων,ἢ
3595 1555 3691 1624 τὴν
3735 1554 4031 1624 θεραπείαν

2452 1642 2541 1697 διὰ
2567 1643 2667 1712 τῆς
2701 1645 2926 1697 ἐκείνων
2951 1646 3134 1716 χειρὸς
3156 1645 3659 1715 ἀποκερδαινόντων
3682 1663 3693 1674 ·
3732 1644 3878 1698 ὥστε
3904 1643 4031 1697 διότι

2452 1753 2511 1788 τε
2556 1736 2758 1806 Κύριος
2790 1733 2857 1805 ἦν
2889 1739 2917 1789 6
2961 1737 3092 1800 Υἱὸς
3137 1737 3231 1790 τοῦ
3265 1736 3556 1807 ἀνθρώπου
3589 1739 3682 1788 καὶ
3723 1735 3902 1788 θεῖναι
3947 1736 4034 1790 καὶ

2383 1877 2424 1933 Β
2459 1825 2532 1897 μὴ
2572 1827 2740 1880 θεῖναι
2777 1829 2865 1880 τὸν
2916 1828 3074 1894 νόμον
3114 1826 3197 1898 (οὑ
3227 1828 3334 1896 γὰρ
3361 1829 3394 1896 ἡ
3442 1826 3540 1896 τῆς
3571 1825 3771 1894 σαρκὸς
3801 1824 4036 1894 πρόσλη-

767 1919 1044 1989 propriam
1074 1917 1237 1982 fecit;
1283 1927 1338 1971 et
1373 1919 1500 1987 quia
1532 1921 1625 1987 qui
1661 1920 2039 1989 principaliter
2067 1930 2122 1974 et
2171 1923 2345 1990 origi-

2462 1919 2542 1987 Ῐκις
2573 1919 2670 1987 τὴν
2698 1916 2946 1981 ἐξουσίαν
2977 1919 3216 1990 περιεῖλε
3238 1918 3338 1987 τῆς
3361 1917 3632 1988 θεότητος,
3660 1917 3799 1970 ἀλλά
3819 1918 3848 1968 6
3873 1933 4036 1984 προσ·

768 2010 966 2065 naliter
988 2019 1071 2063 est
1100 2009 1382 2079 legislator
1397 2025 1492 2064 eos
1527 2013 1620 2080 qui
1660 2013 1762 2066 sub
1789 2028 1950 2066 manu
1980 2022 2106 2067 sunt
2129 2013 2348 2081 subiicit

2462 2007 2682 2077 ληφθεὶς
2756 2009 3042 2078 ἄνθρωπος
3100 2010 3163 2062 τὸ
3221 2009 3424 2077 κράτος
3492 2007 3586 2062 τοῦ
3642 2007 4038 2076 προσλαϐόντος

767 2101 1118 2172 legislationi.
1158 2116 1265 2154 non
1297 2102 1457 2155 simul
1483 2102 1770 2171 subjicitur
1799 2118 1897 2158 nec
1927 2104 2088 2158 simul
2117 2104 2352 2158 circum-

2462 2100 2818 2172 ᾠκειώσατο),
2849 2101 2942 2153 καὶ
2981 2100 3116 2153 διότι
3149 2101 3178 2150 6
3211 2100 3415 2168 κυρίως
3457 2100 3548 2152 καὶ
3581 2099 3796 2152 οἴκοθεν
3819 2100 4038 2167 ωμοίιέο

771 2195 952 2263 agitur
984 2208 1107 2246 cum
1147 2193 1251 2262 legi
1283 2191 1569 2261 subjectis.
1613 2192 1678 2247 Et
1699 2196 1828 2265 quia
1880 2210 1972 2263 per
2021 2197 2350 2251 solutionem

771 2293 928 2338 vetus
970 2284 1052 2337 lex
1103 2284 1370 2351 originem
1423 2285 1613 2339 habuit
1669 2297 1722 2340 et
1757 2297 2170 2341 concurrentem
2225 2303 2348 2341 cum

773 2375 1046 2430 solutione
1073 2375 1423 2430 securitatem
1464 2377 1738 2445 promisit,
1775 2392 1883 2431 non
1928 2379 2101 2432 altero
2123 2378 2352 2432 alterum

775 2465 1078 2527 auferente,
1112 2481 1204 2535 per
1233 2475 1528 2535 utrumque
1575 2482 1704 2520 vero
1736 2468 2149 2521 subsistentiam
2195 2468 2353 2537 legis-

776 2558 978 2611 latione
996 2557 1332 2626 accipiente;
1365 2566 1417 2610 et
1443 2557 1573 2626 quia
1600 2573 1704 2610 non
1731 2573 1826 2628 per
1859 2566 2064 2612 tactum
2088 2559 2173 2613 lex
2197 2574 2358 2612 mun-

775 2648 969 2702 dantes
1001 2649 1070 2702 ab
1121 2647 1466 2703 immunditia
1500 2649 1778 2703 hominem
1818 2659 2036 2721 tangere
2085 2651 2357 2720 prohibet,

777 2740 871 2792 sed
894 2753 990 2793 eos
1019 2739 1111 2808 qni
1150 2754 1324 2806 neque
1353 2754 1516 2808 quam
1550 2740 1744 2794 melius
1790 2739 2083 2810 disponere
2131 2750 2361 2810 possunt

778 2833 980 2902 injuria
1011 2831 1263 2885 all‘ectum
1303 2847 1397 2900 per
1428 2832 1865 2897 immunditiam;
1917 2841 1971 2887 et
2008 2833 2137 2904 quia
2165 2848 2263 2902 per
2295 2847 2359 2886 ea

2456 2211 2552 2262 της
2598 2194 2724 2254 τοὺς
2753 2194 2856 2246 ὑπὸ
2881 2195 3036 2263 χεῖρα
3069 2192 3167 2261 μὲν
3211 2192 3498 2244 ὑποτάττει
3531 2193 3594 2260 τῇ
3632 2189 3949 2259 νομοθεσίᾳ,
3983 2189 4036 2240 ιὺ

2457 2287 2828 2352 συνυπάγεται
2861 2285 2918 2337 δὲ
2946 2285 3065 2337 οὐδὲ
3097 2285 3533 2354 συμπεριάγεται
3561 2285 3673 2346 τοῖς
3718 2282 4033 2351 νομοθετου-

2460 2380 2670 2449 μένοις·
2708 2380 2801 2431 κα“ι
2832 2378 2914 2430 ὅτι
2947 2376 3035 2429 διὰ
3079 2375 3284 2437 λύσεως
3314 2379 3342 2428 ὁ
3369 2375 3601 2437 παλαιὸς
3635 2373 3803 2443 νόμος
3832 2375 3933 2443 τὴν
3959 2373 4039 2439 γέ·

2456 2487 2604 2522 νεσιν
2629 2469 2786 2538 ἔσχεν
2822 2469 2919 2522 καὶ
2968 2467 3266 2537 σύνδρομον
3296 2469 3360 2534 τῇ
3414 2466 3564 2519 λύσει
3612 2465 3712 2536 τὴν
3740 2466 4042 2533 ἀσφάλειαν

2461 2561 2689 2632 ὑπέστη,
2722 2561 2782 2612 οὑ
2817 2559 3049 2630 θατέρου
3092 2559 3152 2612 τὸ
3190 2559 3377 2628 ἕτερον
3426 2557 3802 2628 ἀναιροῦντος,
3843 2558 3912 2608 δι’
3943 2559 4043 2624 ἁμ-

2462 2657 2581 2721 φοῖν
2609 2653 2664 2705 δὲ
2692 2652 2792 2723 τὴν
2827 2652 3087 2704 σύστασιν
3124 2651 3226 2719 τῆς
3260 2647 3582 2719 νομοθεσίας
3623 2647 4008 2718 λαμϐανούσης
4029 2660 4041 2674 ·

2462 2746 2556 2798 καὶ
2583 2746 2666 2795 ὅτι
2701 2744 2821 2811 οὐχὶ
2859 2744 2981 2805 τοὺς
3011 2741 3078 2795 δι’
3110 2742 3256 2811 ἁφῆς
3291 2743 3320 2794 6
3348 2741 3512 2810 νόμος
3558 2739 3926 2808 καθαίροντας
3952 2737 4046 2804 τῆς

2462 2834 2800 2903 ἀκαθαρσίας
2855 2833 2945 2885 τὸν
2993 2832 3280 2902 ἄνθρωπον
3318 2829 3585 2884 ἅπτεσθαι
3641 2829 3879 2882 κωλύει·
3917 2829 4048 2882 ἀλλά

780 2939 903 2993 quae
934 2923 1183 2977 Salvator
1213 2923 1364 2982 fecit.
1399 2923 1797 2991 legislationem
1830 2924 2001 2993 magis
2053 2923 2353 2978 honorabat

2465 2929 2590 2990 τοὺς
2625 2926 2789 2996 μηδὲν
2819 2926 3041 2994 ἄμεινον
3065 2922 3329 2976 διαθεῖναι
3355 2921 3686 2992 δυναμένους
3711 2921 3803 2973 τὸν
3833 2921 4050 2991 ἐξυϐρι-

781 3030 891 3069 non
922 3015 1143 3068 obstare
1172 3028 1290 3068 eam
1313 3013 1516 3067 divinis
1548 3015 1718 3083 signis
1747 3014 2100 3077 convincens,
2133 3015 2188 3068 in
2230 3030 2353 3069 con-

2468 3019 2663 3089 σμένον
2693 3020 2758 3086 τῇ
2785 3016 3097 3086 ἀκαθαρσία
3117 3031 3129 3044 ·
3155 3014 3250 3066 καὶ
3273 3016 3354 3066 ὅτι
3380 3013 3448 3066 δι’
3479 3007 3598 3068 ὅ)νό
3621 3014 3814 3084 Σωτὴρ
3845 3014 4049 3082 ἐπρατ-

782 3120 1008 3161 eursum
1040 3119 1168 3159 vero
1203 3105 1378 3174 magis
1397 3105 1785 3160 demonstrans
1815 3112 2171 3174 assumptam.
2195 3102 2353 3173 Prop-

2466 3127 2580 3171 τεν,
2614 3112 2712 3179 τὴν
2747 3107 3071 3178 νομοθεσίαν
3109 3105 3309 3175 μᾶλλον
3332 3106 3497 3174 ἐτίμα
3517 3107 3620 3157 οὑκ
3639 3104 4050 3174 ἀνθισταμένην

783 3205 866 3250 ter
894 3197 1009 3250 btec
1045 3196 1210 3265 igitur
1270 3197 1477 3257 omnia,
1538 3205 1802 3266 quantum
1857 3195 2028 3250 inme
2059 3197 2205 3250 scire
2260 3204 2353 3258 est1

2469 3203 2588 3262 ταῖς
2637 3198 2986 3266 θεοσημείαις
3031 3195 3343 3264 διελέγχων,
3388 3194 3689 3265 σύνδρομον
3733 3192 3793 3245 δὲ
3851 3193 4051 3262 μᾶλλον

787 3287 1040 3341 Salvator
1071 3295 1255 3342 noster
1294 3299 1342 3341 et
1379 3283 1520 3342 Deus
1563 3288 1838 3356 leprosum
1875 3301 2075 3342 curans
2114 3294 2169 3342 et
2202 3286 2353 3340 verbt

2467 3290 2775 3351 ἐπιδεικνὺς
2829 3286 3423 3357 παραλαμϐανομένην.
3482 3286 3581 3339 Διά
3630 3285 3817 3338 τοίνυν
3878 3283 4051 3337 ταῦτα

789 3390 989 3433 tactum
1015 3379 1353 3450 conjungens
1381 3393 1546 3448 supra
1579 3393 1888 3434 sermonem
1932 3378 2174 3432 ostendit
2206 3392 2353 3431 mun-

2464 3383 2661 3443 πάντα,
2692 3380 2791 3432 ὅσα
2819 3395 2884 3446 γε
2938 3379 3036 3448 ἐμὲ
3067 3376 3285 3436 εἰδέναι,
3320 3377 3348 3427 6
3379 3375 3572 3446 Σωτὴρ
3600 3375 3760 3445 ἡμῶν
3795 3373 3897 3428 καὶ
3927 3374 4053 3434 Θεὸς

787 3475 998 3526 datum.

1185 3674 1506 3740 QUAESTIO
1555 3673 1669 3729 LXI
1706 3674 1801 3746 [aL
1857 3672 1993 3747 LX].

791 3767 932 3830 Quid
986 3765 1258 3836 signiﬁcat
1309 3765 1443 3818 illud
1480 3780 1499 3817 :
1549 3783 1568 3816 ι
1609 3763 1717 3836 Est
1738 3781 1852 3833 spes
1902 3781 2084 3836 canem
2120 3769 2368 3822 viventem

1161 3836 1440 3889 meliorem"
1462 3850 1574 3889 esse
1597 3835 1740 3887 leone
1770 3846 1976 3888 mortuo
1993 3835 2021 3887 Ρ

2465 3473 2553 3525 τὸν
2579 3472 2778 3542 λεπρδν
2806 3468 3124 3540 θεραπεύων
3151 3469 3246 3520 καὶ
3279 3467 3423 3536 λόγῳ
3451 3467 3549 3535 τὴν
3581 3466 3723 3537 ἁφὴν
3758 3467 4053 3520 συνάπτων

2464 3563 2603 3632 ὑπὲρ
2631 3563 2789 3630 λόγον
2821 3560 2987 3624 ἔδειξε
3019 3557 3452 3629 κεκαθαρμένον.

3014 3668 3351 3721 ΕΡΩΤΗΣΙΣ
3385 3667 3507 3721 ΞΝ.

2482 3765 2543 3818 Τί
2572 3762 2754 3829 δηλοῖ
2778 3764 2868 3824 τὸ,
2893 3780 2910 3810 ι
2946 3761 3159 3813 Ἔστιν
3186 3759 3364 3829 ἐλπὶς
3392 3759 3477 3812 ὅτι
3505 3763 3536 3813 ό
3558 3761 3770 3815 κύωνό
3801 3761 4056 3822 ζῶν-,αὐ-

2545 3828 2646 3918 τρς
2672 3833 2892 3901 ἁγαθός
2924 3831 3097 3883 ἐστιν
3129 3828 3281 3896 ὑπὲρ
3312 3830 3419 3881 τὸν
3446 3830 3664 3882 λέοντα
3703 3831 3816 3883 τὸν
3849 3834 4056 3894 rte-Oni—

2544 3919 2691 3958 κοτα
2714 3918 2731 3964 ;
2767 3920 2786 3953 ι

1814 4034 1955 4086 Edita
1979 4049 2004 4084 a
2031 4035 2172 4096 Maio,
2197 4037 2234 4086 l.
2257 4051 2321 4098 c.,
2348 4053 2396 4101 ρ.
2421 4039 2579 4089 72—75.
2604 4040 2652 4087 ln
2678 4037 2846 4086 Eccle.
2880 4049 2949 4094 ix,
2975 4035 3022 4085 ι.

863 4121 1174 4178 Secundum
1208 4121 1446 4175 litteram
1481 4118 1724 4187 quidem,
1750 4119 1804 4173 in
1847 4125 2131 4190 propatulo
2165 4139 2360 4178 sensus

790 4225 902 4277 est;
939 4214 1005 4266 ad
1042 4212 1177 4265 nihil
1207 4218 1390 4265 autem
1414 4209 1633 4263 videtur
1665 4209 1881 4265 utilium
1908 4225 2090 4280 neque
2119 4225 2368 4267 necessa-

792 4307 1000 4359 riorum
1051 4302 1321 4366 tendere;
1378 4303 1581 4356 etenim
1632 4304 1888 4360 omnibus
1959 4313 2014 4357 et
2063 4304 2364 4374 cognitum,

793 4411 903 4451 non
929 4394 1105 4448 solum
1141 4407 1332 4447 canem
1382 4391 1567 4445 vivum
1614 4403 1831 4446 mortuo
1874 4394 2031 4447 leone
2067 4392 2364 4457 meliorem,

2529 4125 2699 4176 ’Κατά
2733 4124 2832 4192 μὲν
2857 4121 2918 4174 τδ
2943 4121 3197 4190 γράμμα,
3219 4120 3280 4173 τὸ
3301 4120 3589 4190 πρόχειρον
3615 4121 3648 4190 ὴ
3679 4119 3901 4176 διάνοια
3924 4122 4055 4192 ἔχει·

2473 4216 2608 4286 πρδς
2659 4213 2812 4267 οὐδὲν
2868 4213 2924 4266 δὲ
2976 4212 3122 4265 δοκεῖ
3169 4210 3280 4266 τῶν
3335 4211 3756 4265 λυσιτελούντων
3791 4213 3920 4266 οὑδὲ
3955 4214 4060 4266 τῶν

2472 4304 2786 4373 ἀναγκαίων
2837 4301 3167 4355 συντείνειν·
3209 4301 3305 4354 καὶ
3348 4301 3458 4370 γὰρ
3490 4300 3658 4353 πᾶσιν
3687 4301 3842 4356 ἔστιν
3887 4305 4059 4369 ἐγνωο

2474 4399 2689 4468 σμένον.
2717 4397 2791 4460 ὡς
2827 4395 2888 4449 οὑ
2936 4395 3095 4463 μόνον
3137 4396 3165 4447 6
3200 4392 3346 4446 κύων
3375 4394 3404 4444 6
3435 4391 3544 4456 ζῶν
3591 4391 3682 4444 τοῦ
3727 4391 4062 4460 τεθνηκότος

793 4485 890 4541 sed
917 4492 971 4538 et
1000 4498 1162 4538 omne
1196 4484 1281 4538 cui
1313 4484 1465 4537 adest
1488 4484 1611 4536 vita:
1639 4483 1927 4554 vestigium
1960 4497 2025 4536 eo
2049 4483 2193 4551 quod
2227 4483 2353 4536 ham

2473 4490 2685 4550 λέοντος
2710 4488 2970 4556 ἀμείνων,
3006 4485 3140 4539 ἀλλὰ
3161 4485 3254 4538 καὶ
3282 4486 3389 4538 πᾶν
3415 4476 3459 4552 ᾧ
3484 4484 3704 4551 μέτεστι
3733 4485 3888 4553 ζωῆς
3921 4488 4061 4554 ἴχνος

795 4576 1017 4646 abiecit,
1046 4583 1100 4628 et
1127 4576 1172 4628 si
1201 4574 1286 4626 leo
1321 4574 1410 4636 sit,
1441 4573 1548 4626 etsi
1585 4572 1802 4627 leonum
1829 4582 2037 4626 natura:
2078 4581 2132 4625 et
2157 4572 2353 4626 robori:

2473 4581 2565 4634 τοῦ
2601 4580 2807 4648 ταύτην
2837 4576 3280 4646 ἀποϐεϐληκότος
3305 4574 3407 4628 κάν
3431 4574 3568 4626 λέων
3597 4570 3653 4646 ᾗ,
3688 4574 3794 4627 κᾶν
3815 4575 3928 4645 τῆς
3959 4576 4063 4628 τῶν

796 4669 851 4721 in
894 4668 1219 4721 immensum
1276 4665 1530 4719 sortitum
1569 4665 1639 4718 sit
1690 4665 2150 4734 superioritatem,
2197 4664 2366 4718 multo

794 4758 1040 4813 melioris
1068 4757 1275 4810 ordinis
1304 4757 1480 4809 vivum
1525 4765 1740 4811 mortuo
1767 4757 2024 4826 iudicari.
2058 4756 2228 4825 Igitur
2261 4771 2368 4811 me-

796 4851 903 4904 lius
926 4861 1008 4904 est
1041 4865 1070 4903 a
1102 4850 1277 4902 littera
1312 4849 1376 4901 ad
1430 4848 1681 4918 spiritum
1717 4848 1970 4911 transire,
2011 4857 2064 4900 et
2103 4847 2168 4900 ad
2208 4845 2368 4899 intel-

794 4944 1107 5000 lectualium
1132 4956 1346 4995 sursum
1365 4939 1493 4994 ferri
1515 4939 2048 5008 contemplationem.
2068 4937 2366 4991 Didicimus

795 5035 962 5107 igitur
995 5050 1057 5088 ex
1083 5034 1256 5088 sacris
1293 5031 1542 5102 Eloquiis
1576 5046 1744 5086 canes
1787 5029 2005 5099 quidem
2040 5043 2134 5084 eos
2163 5028 2254 5096 qui
2300 5043 2364 5080 ex

795 5126 1049 5198 gentibus
1094 5125 1412 5194 appellatos,
1470 5125 1682 5195 regium
1747 5139 1874 5178 vero
1923 5133 1976 5177 et
2015 5122 2363 5177 excellentem

794 5233 958 5290 quem
1006 5225 1419 5284 repraesentaret
1457 5216 1560 5275 leo,
1599 5215 1872 5285 jndaicum
1926 5214 2364 5283 cognominatum

797 5309 1078 5380 populum.
1131 5307 1270 5361 Dicit
1326 5307 1510 5376 itaque
1559 5307 1914 5362 Ecclesiastes
1962 5324 1975 5360 :
2013 5323 2031 5356 ι
2068 5305 2279 5360 Etenim
2315 5305 2364 5357 id

798 5400 1084 5477 sapientiae
1115 5407 1169 5451 et
1199 5397 1265 5451 ad
1305 5399 1581 5466 praeterita
1604 5408 1657 5451 et
1689 5397 1754 5451 ad
1794 5396 1978 5451 futura
2025 5394 2366 5464 explananda

798 5503 855 5548 et
871 5491 1199 5548 conferenda
1217 5490 1477 5544 divinitus
1499 5493 1683 5544 datum
1706 5499 1812 5553 est;
1843 5508 1862 5541 ι
1887 5491 2021 5544 dicit
2057 5489 2241 5556 itaque
2271 5501 2364 5540 ca-

798 5600 947 5650 nem,
981 5587 1033 5640 id
1067 5595 1152 5640 est
1179 5599 1246 5637 ex
1280 5584 1531 5653 gentibus
1584 5584 1885 5646 hominem,
1923 5580 2002 5635 sic
2049 5579 2195 5634 enim
2242 5594 2367 5632 eum

797 5678 985 5734 vocari
1004 5692 1099 5748 per
1119 5677 1482 5731 Chananmam
1509 5677 1791 5736 docemur,
1811 5675 1855 5728 si
1884 5673 2036 5728 illum
2068 5670 2367 5726 secundum

801 5773 1030 5825 virtutes
1061 5771 1168 5825 vita
1203 5785 1312 5825 non
1345 5770 1571 5823 omnino
1599 5766 1969 5838 dereliquerit,
2003 5780 2152 5836 spem
2179 5762 2371 5835 prahi-

803 5874 988 5916 turum
1013 5877 1134 5918 esse
1161 5861 1335 5932 magis
1364 5875 1422 5915 se
1453 5875 1517 5914 ex
1551 5861 1793 5916 bonitate
1823 5875 1930 5916 non
1961 5872 2219 5915 casurum
2246 5870 2367 5912 esse

2473 4670 2699 4722 λεόντων
2748 4667 2964 4733 φύσεως
3007 4667 3102 4718 καὶ
3149 4664 3340 4734 ῥώμης
3372 4662 3495 4716 καθ’
3541 4663 3854 4734 ὑπερϐολὴν
3899 4666 4063 4732 ἐκλη-

2477 4761 2687 4821 ρώσατο
2718 4760 2784 4812 τὸ
2825 4757 3110 4827 ὑπερέχον,
3157 4755 3338 4823 πολλῷ
3384 4754 3693 4824 κρείττονος
3739 4755 3964 4825 λήξεως
4007 4757 4066 4809 τδ

2475 4852 2583 4914 ζῶν
2626 4851 2720 4902 τοῦ
2753 4849 3072 4918 τεθνηκότος
3103 4845 3378 4914 ἀξιοῦται·
3429 4844 3623 4898 οὐκοῦν
3668 4845 3910 4913 ἄμεινον
3964 4848 4064 4901 ἀπὸ

2472 4941 2566 4996 τοῦ
2593 4941 2918 5011 γράμματος
2956 4939 3048 4992 ἐπὶ
3077 4939 3136 4991 τὸ
3164 4936 3381 5006 πνεῦμα
3404 4939 3623 5006 χωρεῖν,
3660 4938 3758 4989 καὶ
3793 4938 3946 5009 πρὸς
3971 4940 4065 5008 τὴν

2473 5034 2579 5087 τῶν
2612 5031 2816 5100 νοητῶν
2867 5029 3234 5099 ἀναφέρεσθαι
3281 5027 3535 5097 θεωρίαν.
3585 5026 3915 5096 Ἐμάθομεν
3957 5030 4065 5081 τοξ-

2476 5146 2567 5181 νυν
2599 5126 2705 5179 ἀπὸ
2731 5124 2837 5176 τῶν
2866 5122 3026 5192 ἱερῶν
3059 5121 3270 5188 Λογίων
3293 5117 3459 5181 κύνας
3498 5117 3598 5186 μὲν
3631 5120 3758 5180 τοὺς
3788 5119 3859 5184 ἐξ
3894 5119 4064 5173 ἐθνῶν

2475 5217 2859 5286 καλουμένους.
2896 5213 3171 5284 βασιλικὸν
3215 5212 3271 5264 δὲ
3307 5211 3394 5263 καὶ
3429 5209 3741 5279 περιούσιον
3768 5210 3835 5262 ὃν
3876 5211 3950 5264 ἂν
3989 5213 4065 5264 εί-

2476 5311 2740 5364 κονίσειεν
2762 5310 2790 5360 6
2812 5307 2967 5367 λέων,
2985 5303 3073 5357 τὸν
3106 5302 3394 5356 Ίουδαῖκὶν
3413 5300 3901 5368 ἐπονομαζόμενον
3918 5301 4065 5356 λαόν.

2475 5403 2637 5470 Λέγει
2667 5400 2795 5467 γοῦν
2819 5399 2846 5451 6
2877 5395 3309 5466 Ἑκκλησιαστής
3331 5410 3386 5465 ’γι
3413 5393 3521 5446 Καὶ
3544 5392 3654 5461 γὰρ
3685 5393 3849 5465 αὑτῷ
3877 5395 3946 5448 τὸ
3973 5397 4067 5464 τῆς

2479 5491 2668 5560 σοφίας
2714 5492 2958 5561 χάρισμα
3000 5487 3132 5557 πρὸς
3188 5488 3256 5539 τὰ
3287 5485 3529 5554 παρόντα
3571 5486 3663 5536 καὶ
3708 5484 3775 5555 δὴ
3808 5486 3886 5540 τὰ
3934 5486 4067 5557 φθά-

2478 5599 2648 5636 σαντα
2694 5583 2788 5634 καὶ⁵
2821 5580 2958 5652 πρός
2999 5596 3062 5649 γε
3113 5577 3182 5630 τὰ
3233 5577 3493 5647 μέλλοντα
3553 5576 3938 5633 πλατύνεσθαι
3974 5583 4064 5633 καὶ

2479 5672 3015 5744 συμπαρατείνεσθαι
3036 5670 3217 5723 θεόθεν
3244 5667 3514 5738 ἐδωρήθη.
3541 5687 3560 5719 ι
3586 5667 3750 5735 Λέγει
3779 5672 3974 5724 τοίνυν
3994 5671 4064 5733 ὡς

2476 5765 2503 5816 6
2532 5763 2695 5825 κύων,
2735 5759 3010 5814 τουτέστιν
3047 5761 3076 5812 6
3109 5758 3166 5824 ἐξ
3205 5757 3371 5810 ἐθνῶν
3402 5756 3686 5826 ἄνθρωπος
3731 5757 3932 5820 (to-Tito
3961 5763 4062 5828 γὰρ

2478 5853 2642 5906 αὑτὸν
2669 5851 2945 5905 καλεῖσθαι
2966 5850 3052 5904 διὰ
3068 5851 3164 5916 τῆς
3189 5847 3498 5910 Χαναναίας
3521 5845 3955 5921 διδασκόμεθα),
3977 5853 4064 5903 liv
