4186 6444
162 458 267 523 417

1051 454 1150 513 AD
1181 449 1773 512 AMPHILOCHIUM
1811 449 2159 523 QUESTIG
2194 453 2348 527 LXI,
2392 457 2577 521 LXII.

3315 458 3422 522 418

162 574 326 629 αὐτὸν
355 574 389 644 ἢ
420 569 562 626 κατά
588 569 685 633 τὰς
732 568 935 639 ἀρετὰς
962 567 1076 638 ζωὴ
1107 568 1183 637 μὴ
1209 564 1490 628 παντελῶς
1514 564 1738 618 καταλί-

1850 581 2007 647 quam
2047 582 2175 622 eum
2206 571 2298 639 qui
2332 585 2396 624 ex
2424 572 2573 642 regio
2596 568 2811 640 quidem
2833 577 2888 624 et
2905 568 3069 625 nobili
3090 585 3290 641 genere
3323 571 3419 625 Ju-

163 685 280 729 ποι,
309 660 463 729 οὗτος
496 664 562 718 ἄν
609 662 827 723 ἐλπίδας
862 660 950 730 εἴη
999 660 1252 730 παρέχων
1300 657 1498 729 μᾶλλον
1526 656 1602 719 ὡς
1642 657 1742 725 τῆς

161 757 500 828 ἀγαθότητος
523 754 623 809 οὐκ
648 756 986 814 ἐκπεσεῖται,
1018 752 1053 821 ἢ
1073 754 1101 805 6
1123 754 1188 805 ἐκ
1209 750 1304 805 τοῦ
1338 748 1619 821 βασιλικοῦ
1647 750 1745 820 μὲν

164 852 263 904 καὶ
295 848 505 917 γαύρου
548 846 741 915 γένους
793 844 904 898 τῶν
947 844 1242 909 Ἰουδαίων,
1288 841 1481 912 νεκρὸς
1526 841 1583 895 δὲ
1630 843 1745 905 τοῖς

164 937 554 1011 κατορθώμασι
597 937 871 1007 κείμενος.
916 934 977 988 '0
1023 935 1123 1004 μέν
1166 934 1276 1005 γάρ
1312 932 1414 1003 τῆς
1462 932 1746 1003 ἀμείνονος

166 1032 412 1101 μετέχων
447 1029 592 1099 ζωῆς
642 1027 865 1090 ἐλπίδας
897 1026 1169 1080 ὑποτείνει
1205 1025 1299 1079 καὶ
1339 1024 1476 1096 πρὸς
1525 1022 1624 1094 τὴν
1654 1039 1746 1076 τε-

164 1124 419 1192 λειότητα
442 1123 550 1176 τῶν
570 1120 1013 1191 κατορθωμάτων
1030 1119 1364 1191 ἀναδραμεῖν
1380 1132 1392 1146 ·
1417 1118 1447 1183 6
1467 1116 1524 1170 δέ
1546 1116 1749 1188 νεκράν

166 1211 353 1278 φόρων
381 1210 441 1262 ἐν
471 1207 649 1276 ἐαυτῷ
690 1208 800 1261 τῶν
832 1206 1045 1279 ἀρετῶν
1067 1206 1166 1279 τὴν
1204 1206 1508 1278 ἐνέργειαν,
1540 1209 1637 1261 καὶ
1655 1207 1748 1262 διὰ

164 1300 329 1355 τοῦτο
355 1304 573 1372 νεκροῖς
604 1299 680 1354 ῶν
727 1299 1043 1371 ἐναρίθμιος
1073 1300 1249 1371 μάτην
1288 1301 1381 1353 τὸν
1423 1298 1615 1353 λέοντα
1648 1315 1747 1369 με·-

164 1373 453 1461 γαλαυχεῐ,
498 1390 598 1460 τῆς
628 1388 896 1458 ἀληθινῆς
924 1388 1069 1458 ζωῆς
1116 1390 1261 1459 ίχνος
1298 1388 1452 1442 aestv
1490 1388 1750 1459 ἐπιφερό-

166 1500 353 1556 μενος.
385 1484 494 1537 Ναὶ
519 1483 628 1553 μὴν
652 1483 747 1535 καὶ
765 1482 796 1533 6
827 1480 1181 1551 νομιζόμενος
1206 1478 1512 1549 ἀκάθαρτος
1540 1479 1749 1550 ἀνθρω-

162 1594 291 1641 mc,
319 1577 415 1631 ἀτε
442 1575 507 1645 δὴ
538 1576 658 1637 ταῖς
692 1572 989 1644 ἁμαρτίαις
1034 1570 1243 1642 ῥυπῶν,
1280 1571 1371 1624 καὶ
1399 1562 1495 1639 τῆς
1519 1571 1608 1625 διὰ
1639 1572 1747 1624 τῶν

162 1669 384 1742 ἀρετῶν
436 1667 881 1738 ἀπεστερημένος
930 1664 1325 1735 καθαρότητος,
1379 1659 1532 1729 οὗτος
1558 1664 1622 1735 δὴ
1651 1665 1747 1718 δάο

162 1779 336 1836 κρυσι
366 1762 462 1816 καὶ
493 1760 830 1832 μεταμελείᾳ
857 1759 966 1813 τῶν
992 1758 1182 1812 παθῶν
1207 1760 1299 1812 τὸν
1330 1758 1591 1831 βόρϐορον
1613 1761 1748 1814 ἀπο-

165 1854 536 1924 πλυνάμενος,
564 1851 661 1907 τοῦ
693 1852 1015 1923 φαινομένου
1062 1852 1299 1923 μεγάλου
1330 1853 1425 1906 καὶ
1462 1855 1581 1916 ταῖς
1612 1855 1747 1925 ἀρε-ο

1842 659 2108 723 dasorum.
2162 672 2415 718 mortuus
2476 673 2659 719 autem
2713 663 3012 719 virtutibus
3046 664 3262 733 jacens.
3325 665 3421 720 Illo

1841 754 1986 809 enim
2019 756 2261 810 melioris
2294 758 2568 827 particeps
2599 759 2723 813 vita:
2760 772 2911 825 spem
2944 757 3224 827 protendit
3269 772 3330 813 se
3370 769 3426 812 et

1844 848 1910 902 ad
1946 849 2334 918 perfectionem
2364 851 2624 905 virtutum
2653 865 2982 915 cursurum;
3011 850 3100 905 hic
3116 865 3247 905 vero
3272 866 3426 905 mor-

1845 950 1993 997 tuam
2028 943 2212 998 ferens
2242 942 2295 997 in
2337 944 2638 1013 semetipoo
2696 945 2960 997 virtutum
3002 942 3136 1006 vim.
3178 949 3234 996 et
3297 957 3428 1013 pro-

1845 1040 1968 1103 pter
2010 1032 2115 1087 hoc
2145 1041 2393 1087 mortuos
2419 1033 2562 1086 inter
2600 1041 2953 1102 computatus
2978 1029 3185 1086 frustra
3212 1032 3427 1087 leonem

1846 1123 2080 1194 superbe
2117 1124 2249 1191 agit,
2285 1138 2428 1179 verae
2452 1125 2573 1178 vita:
2595 1123 2886 1194 vestigium
2924 1122 3135 1177 nullum
3167 1122 3425 1179 alerens.

1847 1214 1992 1270 Sane
2040 1216 2296 1285 equidem
2336 1226 2391 1269 et
2430 1225 2778 1286 respoctatus
2825 1216 3075 1285 impurus
3102 1216 3290 1280 homo,
3339 1226 3430 1271 ut-

1846 1316 1971 1377 pote
2000 1307 2238 1376 peccatis
2274 1306 2618 1376 inquinatus,
2647 1316 2702 1359 et
2731 1322 2793 1360 ea
2822 1322 2946 1377 quc
2968 1322 3065 1377 per
3090 1307 3323 1363 virtutes
3344 1316 3429 1364 est

1845 1400 2144 1456 destitutus
2198 1400 2490 1464 munditie,
2548 1400 2638 1455 hic
2692 1398 2954 1472 lacrymis
3009 1408 3066 1453 et
3109 1400 3429 1470 poenitentia

1848 1493 2167 1561 passionum
2213 1492 2388 1547 lutum
2442 1508 2572 1547 cum
2628 1492 2885 1555 abluerit.
2928 1506 2997 1549 co
3062 1493 3155 1563 qui
3204 1493 3422 1547 videtur

1849 1600 2080 1654 magnus
2108 1594 2163 1638 et
2191 1594 2410 1653 propter
2438 1587 2668 1639 virtutes
2690 1583 2963 1654 gloriosus
2998 1586 3204 1641 sentire
3232 1584 3419 1656 gravia

1848 1681 1903 1725 et
1954 1672 2100 1741 regia
2132 1687 2274 1741 saape
2324 1673 2579 1727 inventus
2614 1681 2698 1727 est
2738 1671 2953 1737 melior,
2995 1680 3051 1727 et
3079 1671 3196 1742 ipse
3229 1672 3423 1727 sordes

1849 1774 2195 1835 peccatorum
2235 1766 2599 1820 continuitate
2628 1764 2935 1820 curationis
2969 1763 3271 1820 abstersus.
3324 1763 3428 1831 Qui

1850 1866 2033 1911 autem
2071 1854 2197 1910 fuco
2243 1855 2507 1911 virtutum
2566 1856 2618 1909 in
2652 1856 2864 1911 leonem
2914 1855 3094 1926 pictus
3134 1864 3238 1921 est,
3287 1870 3432 1925 sape

162 1947 287 2009 ταις
336 1943 649 2015 ἐπηρμένου
709 1946 925 2015 φρονεῖν
970 1945 1280 2013 ὑπέρογκον
1327 1946 1422 1998 καὶ
1470 1944 1749 2015 βασιλικὸν

1854 1947 2082 2002 insanus
2116 1946 2294 2001 factus
2325 1946 2602 2001 inﬂatione
2656 1946 2905 2014 spiritus,
2954 1946 3197 2016 deiectus
3227 1954 3315 2003 est
3358 1949 3430 2001 ab

162 2037 435 2101 πολλάκις
489 2035 690 2107 εὑρέθη
751 2037 1038 2108 κρείττων,
1073 2040 1170 2090 καὶ
1219 2036 1382 2100 αὐτὸς
1441 2036 1540 2101 τὰς
1588 2038 1752 2102 ούλάς

162 2129 282 2183 τῶν
320 2129 735 2199 ἁμαρτημάτων
757 2130 821 2198 τῇ
859 2128 1114 2199 συνεχείᾳ
1141 2126 1243 2198 τῆς
1272 2127 1571 2199 θεραπείας
1605 2129 1751 2183 ἀπα-

162 2225 519 2296 λειψάμενος.
563 2223 621 2278 '0
651 2224 711 2278 δέ
751 2240 815 2292 γε
850 2223 928 2293 τῷ
978 2220 1231 2293 χρώματι
1275 2222 1383 2275 τῶν
1429 2222 1641 2293 ἀρετῶν
1671 2223 1753 2286 είς

164 2320 363 2373 λέοντα
395 2315 876 2389 ζωγραφούμενος,
922 2314 1183 2378 πολλάκις
1218 2313 1518 2385 χαυνωθεὶς
1547 2313 1625 2383 τῷ
1653 2332 1753 2384 φυ-

168 2411 380 2481 σήματι
397 2407 493 2461 τοῦ
519 2408 885 2478 φρονήματος,
912 2406 1228 2479 κατερράγη
1255 2423 1314 2459 τε
1337 2404 1432 2459 τοῦ
1453 2406 1748 2477 φρυάγμα-

164 2520 264 2567 τος
299 2501 398 2556 καὶ
422 2500 612 2573 νεκρὸς
647 2501 885 2568 ἐγένετο,
916 2501 1012 2569 τῆς
1042 2498 1322 2570 ἁμαρτίας
1351 2498 1514 2553 αὐτὸν
1554 2498 1748 2552 ὑποδε-

165 2594 421 2665 ξαμένης
465 2593 579 2658 τας
625 2593 966 2664 νεκροποιοίς
1023 2590 1195 2661 αὐτῆς
1247 2591 1341 2644 καὶ
1399 2590 1750 2662 νεκροφόροις

171 2685 554 2758 σκηνώμασιν.
585 2684 648 2738 Εἰ
676 2683 855 2753 βούλει
884 2682 943 2737 δὶ
972 2684 1066 2736 καὶ
1088 2684 1118 2736 ό
1140 2682 1229 2737 διὰ
1256 2682 1349 2737 τοῦ
1378 2682 1753 2753 βαπτίσματος

169 2780 259 2840 είς
286 2777 387 2849 τὴν
428 2776 569 2831 κατά
618 2776 853 2847 Χριστὸν
885 2772 1033 2843 ζωὴν
1078 2776 1603 2844 ἀναγεγεννημένος,
1648 2775 1751 2829 κᾶν

170 2870 340 2932 κυνὸς
363 2868 663 2938 διεμόρφου
693 2867 959 2937 πρότερον
990 2865 1151 2919 αὐτὸν
1184 2866 1447 2930 ἀναίδεια,
1479 2866 1583 2919 κάν
1615 2866 1752 2935 πρὸς

170 2962 306 3017 ἀλλο
335 2978 388 3014 τι
418 2960 529 3013 τῶν
561 2959 770 3028 ἀλόγων
797 2956 1115 3012 διετυποῦτο
1160 2957 1379 3027 ἰδίωμα.
1411 2958 1629 3020 ἐλπίδας
1659 2952 1752 3011 οὗ-

171 3071 269 3117 τος
300 3054 451 3123 ὅμως
481 3050 779 3122 παρέχεται
813 3050 948 3121 πρὸς
975 3049 1287 3119 ἀγαθότητα
1315 3050 1753 3120 μεταμορφωθῆ-

171 3162 289 3203 ναι,
325 3145 420 3197 καὶ
446 3141 649 3209 ἀγαθὸς
686 3138 1051 3211 χρηματίσαι’
1091 3141 1120 3191 6
1142 3140 1199 3193 δὲ
1238 3139 1442 3209 ταύτης
1474 3140 1574 3209 τῆς
1616 3142 1745 3193 ἀνα-

1849 2039 1960 2093 alto
1980 2048 2035 2094 et
2062 2047 2311 2093 mortuus
2336 2037 2513 2094 factus
2527 2045 2632 2098 est.
2654 2048 2880 2107 peccato
2906 2038 3085 2108 ipsum
3113 2029 3432 2105 excipiente

1851 2132 1905 2186 iu
1948 2132 2216 2187 mortifica
2247 2147 2345 2187 sua
2378 2140 2432 2186 et
2471 2128 2754 2185 mortifera
2784 2130 3118 2186 habitacula.
3150 2129 3208 2185 Si
3244 2140 3428 2185 autem

1850 2226 1955 2288 vis,
1986 2234 2042 2279 et
2068 2224 2161 2293 qui
2188 2240 2281 2293 per
2303 2224 2634 2292 baptismum
2669 2224 2721 2275 in
2748 2223 2911 2276 vitam
2937 2221 3241 2276 secundum
3266 2221 3429 2277 Citri-

1851 2328 1993 2371 stum
2021 2326 2107 2370 est
2131 2324 2517 2385 regeneratus;
2541 2314 2643 2368 etsi
2668 2314 2824 2369 canis
2854 2313 3249 2368 deformaverit
3276 2313 3429 2382 prius

1846 2408 2024 2477 ipsum
2057 2407 2418 2476 impudentia,
2461 2406 2564 2461 etsi
2598 2405 2663 2459 ad
2711 2406 2858 2459 aliud
2889 2405 3164 2475 quoddam
3214 2407 3431 2460 irratio-

1849 2500 2113 2556 nabilium
2150 2499 2447 2569 ﬁngeretur
2492 2499 2771 2569 proprium
2805 2500 3105 2568 exemplar,
3144 2515 3294 2569 spem
3328 2500 3431 2556 istc

1850 2602 2031 2646 tamen
2072 2592 2276 2661 praebet
2308 2592 2374 2645 ad
2409 2591 2710 2645 bonitatem
2765 2591 3214 2647 transformatum
3260 2608 3320 2648 se
3362 2592 3427 2646 iri

1850 2692 1906 2740 et
1935 2683 2135 2738 bonum
2182 2687 2466 2750 futurum;
2500 2683 2594 2753 qui
2635 2695 2819 2737 autem
2869 2684 2971 2739 hac
3016 2684 3429 2755 rcgenerationo

1855 2774 2060 2829 excidit
2089 2784 2144 2828 et
2175 2773 2301 2829 inde
2330 2775 2686 2845 proveniente
2714 2774 3012 2830 destitutus
3053 2785 3138 2830 est
3162 2776 3291 2838 vita,
3325 2776 3427 2829 etsi

1856 2864 2185 2935 quibusdam
2214 2865 2514 2921 virtutibus
2537 2866 2793 2922 decorari
2841 2866 3089 2921 videatur
3119 2876 3174 2921 et
3206 2868 3428 2937 gloriari

1858 2958 2195 3011 sublimitate
2272 2958 2745 3023 conversationis,
2802 2958 3161 3014 nihilominus
3248 2972 3432 3013 manet

1862 3062 2132 3114 mortuus,
2160 3061 2214 3106 et
2253 3052 2425 3105 multo
2466 3052 2623 3121 pejus
2668 3068 2803 3107 cane
2831 3052 3055 3122 quidem
3080 3053 3211 3106 olim
3262 3051 3429 3115 facto.

1851 3143 1944 3212 qui
1972 3153 2153 3197 autem
2176 3144 2340 3198 vitam
2385 3142 2646 3197 ferentem
2677 3158 2782 3197 non
2814 3143 2998 3198 amisit
3026 3143 3278 3212 gratiam.

172 3235 492 3305 γεννήσεως
532 3231 783 3286 ἐκπεσὼν
819 3231 1037 3301 καὶτῆς
1073 3230 1282 3285 ἐκεῖθεν
1313 3232 1759 3302 ἀπεστερημένος
1794 3232 1960 3305 ζωῆς,
1988 3238 2037 3287 εί
2069 3235 2162 3287 καί
2230 3252 2342 3289 τισι
2402 3236 2509 3288 τῶν
2550 3236 2761 3305 ἀρετῶν
2804 3236 3261 3306 ἐπισεμνύνεσθαι
3287 3234 3431 3299 δόξει

172 3330 279 3382 καὶ
305 3327 635 3395 ἐπιγαυριᾷν
679 3326 974 3395 ἐπηρμένῳ
1014 3322 1107 3377 τοῦ
1150 3322 1565 3394 πολιτεύματος,
1607 3325 1762 3379 οὐδὲν
1797 3322 1959 3398 ἧττον
2008 3327 2253 3396 διαμένει
2321 3328 2533 3398 νεκρὸς,
2572 3329 2666 3381 καὶ
2699 3327 2877 3398 πολλῷ
2904 3330 3087 3400 χεῖρον
3116 3326 3210 3381 τοῦ
3274 3327 3433 3389 κυνὸς

185 3422 293 3492 μέν
320 3421 488 3475 πάλαι
518 3418 820 3488 γεγονότος,
862 3417 960 3487 τῆς
992 3416 1281 3487 ζωηφόρου
1309 3416 1368 3470 δέ
1418 3416 1495 3487 μὴ
1532 3417 1935 3490 ἀμοιρήσαντος
1967 3420 2209 3491 χάριτος.

744 3530 1076 3584 ΕΡΩἹἩΣΙΣ
1099 3529 1218 3583 38'.

179 3649 247 3704 τί
300 3646 590 3712 βούλεται
647 3642 878 3710 δηλοῦν
932 3642 997 3695 τὸ
1054 3643 1214 3708 παρὰ
1269 3640 1350 3705 τῷ
1406 3642 1755 3712 Ἐκκλησια-

249 3710 375 3783 στῇ
421 3714 609 3783 ῥηθέν
652 3730 665 3743 ·
720 3730 740 3764 ε
786 3714 1178 3783 ’ᾼπόσεειλοτ
1242 3712 1353 3783 τὸν
1398 3710 1583 3783 ἄρτον
1634 3729 1753 3783 σου

249 3780 698 3864 ἐπίίρόονωπον
729 3782 835 3837 τοῦ
867 3782 1105 3864 {idcirco
1136 3780 1228 3835 ὅτι
1262 3781 1333 3834 ἐν
1368 3781 1585 3847 πλήθει
1637 3780 1757 3835 τῶν·

249 3854 491 3927 ἡμερῶν
507 3854 793 3919 εὑρήσεις
824 3854 1033 3907 αὐτόν.
1061 3869 1078 3903 I

1779 3517 1828 3578 C

2228 3531 2561 3600 00.455110
2598 3531 2731 3587 LXll
2762 3532 2859 3606 [aL
2896 3532 3058 3604 LXI].

1860 3646 1999 3711 Quid
2026 3650 2131 3699 vult
2165 3647 2462 3718 signiﬁcare
2484 3646 2622 3716 quod
2653 3646 2793 3716 apud
2828 3645 3183 3718 Ecclesiasten
3226 3646 3425 3701 dictum

1928 3726 2005 3769 est
2030 3733 2049 3771 :
2083 3735 2101 3767 ι
2118 3786 2124 3788 ἓ
2142 3716 2291 3769 Mitte
2317 3733 2502 3788 pauent
2534 3728 2679 3769 ticum
2705 3733 2858 3782 super
2885 3717 3077 3788 [aciem
3104 3732 3276 3788 aquw,
3300 3720 3428 3788 quia

1930 3788 1985 3839 in
2018 3786 2353 3840 multitudine
2380 3787 2583 3839 dierum
2608 3788 2834 3840 inieuics
2869 3786 3045 3841 illum.
3082 3804 3103 3839 ε

1194 3964 1335 4015 Edita
1365 3980 1394 4015 a
1424 3962 1566 4022 Iaio.
1590 3964 1623 4014 l.
1652 3976 1694 4013 c.
1722 3977 1770 4025 ρ.
1796 3964 1960 4015 73-75.
1997 3965 2049 4015 In
2072 3964 2229 4016 Eccle.
2261 3979 2328 4024 ιι,
2356 3964 2396 4012 l.

248 4076 330 4129 Τδ
369 4074 471 4145 τῆς
533 4072 903 4143 ἐλεημοσύνης
952 4070 1143 4141 χρῆμα
1181 4071 1271 4126 διά
1328 4069 1537 4124 πολλῶν
1594 4068 1752 4124 εῐωθε

174 4165 583 4240 παραδηλοῦνή
611 4163 823 4235 Γραφη.
871 4162 1217 4232 μάλιστα,δέ
1254 4165 1320 4232 τῇ
1371 4160 1604 4234 χορηγία
1662 4162 1757 4215 καὶ

176 4259 477 4333 μεταδόσει
504 4258 596 4312 τοῦ
627 4257 793 4326 ἀρτου
812 4275 825 4287 ·
858 4255 953 4308 καὶ
1000 4254 1109 4325 γὰρ
1170 4254 1264 4309 καὶ
1292 4254 1327 4322 ἡ
1350 4253 1542 4336 τούτου
1586 4252 1750 4323 χρεία

170 4354 278 4423 τὴν
344 4351 691 4421 ἀνθρωπίνην
731 4348 874 4418 ζωὴν
909 4347 1110 4416 μᾶλλον
1147 4347 1381 4415 συνέχει.
1416 4347 1618 4413 Διόπερ
1647 4344 1756 4398 ἀπὸ

171 4444 275 4498 τοῦ
315 4441 786 4509 συνεκτικωτέρου
851 4439 1052 4510 μέρους
1078 4437 1171 4490 τοῦ
1192 4438 1384 4507 ἀρτου,
1411 4435 1531 4490 δλον
1566 4437 1628 4490 τὸ
1652 4436 1754 4505 τῆς

170 4530 558 4601 ἐλεημοσύνης
608 4528 940 4600 κατόρθωμα
1005 4526 1383 4596 διαλαμϐάνει.

258 4622 578 4691 Γόγραπται
606 4618 700 4674 οὖν
732 4636 745 4649 ·
784 4639 801 4671 ι
848 4618 1159 4689 Διάθρυπτε
1208 4616 1434 4671 πεινῶσι
1475 4618 1566 4671 τὸν
1590 4618 1755 4687 ἄρτον

172 4732 276 4767 σου
291 4729 308 4744 ⁸
324 4732 343 4763 ε
364 4712 458 4765 καὶ
487 4710 579 4761 νῦν
593 4710 649 4761 δὲ
679 4710 707 4760 ό
724 4708 997 4779 Σολομὼν,
1024 4727 1043 4759 ε
1066 4707 1430 4771 Ἀπόστειλον,
1451 4706 1646 4775 λέγων,
1664 4705 1755 4759 τὸν

171 4806 349 4872 ἄρτον
380 4819 471 4855 σου
491 4802 585 4854 ἐπὶ
624 4801 915 4871 πρόσωπον
940 4799 1034 4852 τοῦ
1058 4797 1304 4864 ὓδατος,ε
1329 4798 1427 4869 τὴν
1457 4798 1756 4868 ἐλεημοσύ-

1924 4070 2287 4141 Eleemosyua
2316 4072 2517 4125 bonum
2556 4069 2743 4123 multis
2776 4068 2915 4123 solet
2948 4067 3238 4123 ostendere
3278 4066 3433 4122 Scri-

1853 4171 2033 4233 ptura.
2058 4161 2358 4232 presertim
2389 4175 2516 4216 vero
2542 4160 2829 4230 largitione
2853 4171 2906 4215 et
2931 4161 3425 4215 communicatione

1854 4250 2045 4321 panis;
2072 4249 2271 4305 etenim
2297 4259 2350 4303 et
2373 4249 2535 4318 hujus
2564 4264 2698 4304 usus
2736 4249 3031 4304 humanam
3059 4249 3224 4303 vitam
3256 4250 3431 4319 magis

1853 4343 2115 4396 continet.
2146 4338 2271 4396 Ideo
2302 4357 2333 4395 a
2368 4341 2542 4411 magis
2566 4351 2828 4396 consueta
2873 4348 3027 4411 parte
3066 4342 3222 4411 panis
3252 4350 3427 4396 totum

1852 4434 2211 4504 eleemosynae
2252 4434 2453 4486 bonum
2489 4432 2754 4486 desumit.

1929 4610 2206 4681 Scriptum
2237 4618 2323 4665 est
2356 4609 2521 4680 igitur
2552 4627 2565 4661 :
2607 4629 2624 4661 ‹
2677 4608 2892 4680 Frange
2931 4610 3304 4665 esurientibus
3330 4625 3429 4681 pa—

1857 4720 1980 4759 nem
2019 4715 2172 4757 tuum
2208 4705 2261 4769 ';
2311 4723 2327 4755 ι
2374 4712 2427 4757 et
2464 4718 2608 4757 nunc
2644 4703 2867 4759 Salomo
2898 4721 2911 4757 :
2951 4722 2970 4755 ι
3007 4702 3179 4766 Mitte,
3217 4704 3428 4769 dicens,

1857 4814 2051 4868 panem
2081 4807 2231 4853 tuum
2262 4813 2426 4866 super
2452 4796 2643 4851 faciem
2674 4812 2883 4866 aqua,»
2917 4798 3316 4869 eleemosynam
3350 4799 3431 4852 si-

169 4914 277 4966 νην
293 4894 584 4965 ἐδήλωσεν,
600 4889 663 4965 ἦς
689 4894 770 4947 δεῖ
784 4890 1016 4962 χορηγὸν
1034 4886 1173 4945 είναι
1202 4892 1315 4954 τοῖς
1332 4893 1389 4944 ἐν
1411 4890 1587 4961 ἐνδείᾳ
1619 4890 1750 4943 καθ-

1856 4890 2152 4960 gniﬁcavit,
2182 4890 2341 4959 cujus
2394 4898 2611 4958 oportet
2657 4890 3041 4944 administrum
3075 4904 3197 4944 esse
3238 4890 3305 4944 iis
3333 4892 3428 4959 qui

166 4986 404 5047 εστῶσι,
434 4988 531 5035 καὶ
556 4983 693 5052 πρὸς
747 4984 908 5052 χεῖρα
941 4981 1101 5049 μόνον
1130 4980 1512 5049 φιλάνθρωπον
1540 4982 1751 5051 ἀφορᾷν

167 5080 279 5147 τὴν
302 5077 497 5131 ἐλπίδα
522 5074 614 5128 τοῦ
635 5074 750 5142 βίου
780 5074 1148 5143 κεκτημένην.
1176 5074 1393 5141 Ταύτην
1410 5074 1467 5126 δέ
1500 5091 1632 5143 φησι
1655 5073 1754 5143 τὴν

167 5166 559 5238 ἐλεημοσύνην
586 5169 650 5218 ὲκ
676 5166 966 5227 διαθέσεως
1015 5167 1259 5235 προσῆκε
1312 5164 1497 5236 φέρειν
1530 5182 1751 5233 συμπα-

168 5258 306 5319 θοῦς
340 5259 435 5309 καὶ
469 5255 554 5308 διά
588 5255 837 5326 δακρύων
863 5254 1177 5324 προῖούσης·
1214 5255 1289 5323 μὴ
1331 5255 1512 5323 μέντοι
1566 5269 1627 5319 γε
1657 5254 1755 5323 τὴν

167 5351 274 5406 τοῦ
301 5348 534 5419 πλησίον
564 5348 851 5417 συμφορὰν
869 5387 882 5407 ,
916 5344 1226 5409 ἐπιδείξεως
1260 5345 1353 5397 καὶ
1382 5344 1752 5413 μεγαλαυχίας

166 5442 453 5516 ἀρπάζειν
480 5439 755 5497 ὑπόθεσιν.
794 5438 854 5492 Ὀ
881 5437 989 5507 γὰρ
1016 5436 1253 5499 ¹τοιοῦτος
1278 5436 1377 5488 οὐκ
1438 5435 1529 5487 ἐπὶ
1585 5436 1754 5506 πρόσ-

164 5551 333 5587 ωπον
354 5530 450 5584 τοῦ
484 5528 675 5592 ὕδατος
701 5531 794 5581 τὸν
825 5530 988 5598 ἀρτον
1016 5528 1248 5597 ἀφῆκεν,
1279 5527 1392 5579 ἀλλ’
1425 5526 1751 5598 ἐξυϐρισμέ-

176 5644 268 5682 δον
297 5628 368 5696 τῇ
400 5623 742 5693 μεγαλαυχία
797 5623 891 5674 καὶ
948 5620 1350 5690 λελυμασμένον
1373 5621 1437 5689 τῇ
1465 5619 1752 5690 δοξοκοπία

173 5717 569 5795 προσέρριψεν.
636 5716 825 5776 Ἔλεος
873 5714 980 5782 γὰρ
1010 5714 1076 5766 δι’
1102 5714 1270 5781 ὄγκου
1322 5714 1417 5766 καὶ
1466 5712 1753 5781 φιλαυτίας

245 5860 267 5888 ⁷
308 5856 416 5909 lsa.
449 5869 602 5916 LVIII,
637 5852 702 5915 7;
742 5850 930 5905 Matth.
968 5867 1093 5910 xxv,
1122 5852 1174 5900 ῖὶ.

465 5946 733 6004 ΓΑτ-ῐιοι.
772 5946 885 6003 Gn.
922 5944 1014 6003 Cl.

1862 4982 1914 5035 in
1945 4988 2184 5050 egestate
2211 4979 2497 5034 constituti
2532 4988 2683 5043 sunt,
2715 4988 2769 5035 et
2803 4980 2856 5033 in
2896 4995 3058 5033 manu
3094 4988 3304 5033 tantum
3335 4979 3434 5033 bc-

1859 5074 2019 5144 nigna
2047 5072 2291 5142 aspicere
2315 5087 2465 5141 spem
2497 5072 2619 5125 vita:
2648 5072 2848 5137 sitam;
2878 5072 3020 5127 hanc
3038 5080 3245 5135 autem,
3267 5072 3424 5135 dicit,

1856 5166 2253 5236 eleemosynam
2291 5181 2355 5217 ex
2396 5164 2759 5234 dispositione
2803 5163 3057 5219 convenit
3096 5149 3238 5217 'ferre
3271 5178 3429 5218 com~

1857 5256 2097 5326 patiente
2146 5265 2198 5308 et
2251 5270 2345 5321 per
2398 5256 2668 5326 laci-ymas
2718 5254 3019 5324 prodiente.
3077 5269 3185 5307 non
3244 5263 3426 5307 tamen

1858 5343 2089 5413 proximi
2140 5342 2503 5397 calamitatem
2570 5344 2955 5397 ostentationis
2984 5351 3038 5395 et
3084 5341 3429 5413 gloriationis

1856 5434 2097 5503 arripere
2128 5442 2465 5503 pmtextum.
2496 5432 2643 5487 Talis
2684 5434 2830 5489 enim
2880 5450 2987 5489 non
3021 5448 3185 5501 super
3229 5433 3425 5489 faciem

1856 5542 2009 5596 aqua:
2045 5543 2236 5597 panem
2276 5528 2443 5589 misit,
2476 5528 2569 5581 sed
2605 5527 2804 5595 injuria
2838 5526 3087 5581 ail'ectum
3114 5527 3185 5580 ob
3210 5526 3426 5595 jactan-

1856 5621 1983 5672 liam
2023 5630 2076 5673 et
2106 5621 2516 5688 pessumdatum
2562 5619 2749 5687 gloriae
2798 5620 3127 5689 appetitione
3174 5618 3423 5690 projecit.

1857 5709 2229 5764 Misericordia
2258 5712 2403 5765 enim
2441 5726 2534 5779 per
2562 5710 2763 5764 fastum
2794 5722 2847 5766 et
2872 5726 3116 5765 amorem
3143 5712 3423 5780 proprium

2997 5937 3067 5993 1's
