4186 6444
741 420 844 484 419

1896 413 2154 477 ΡΗΟΤῙΙ
2195 408 2696 474 PATRIARCIUE
2717 409 2827 469 (ΖΡ.

3876 410 3974 474 420

740 542 793 587 σοι
815 531 1227 588 ostentationem
1269 529 1480 594 elfusa,
1529 530 1580 583 in
1626 529 1878 598 iniuriam
1927 528 2100 599 magis
2144 526 2378 596 quamA

2416 522 2506 574 καὶ
2562 520 2874 586 ἐπιδείξεως
2926 521 3314 589 προχεόμενον,
3371 523 3451 584 εἰς
3508 521 3666 592 ὓϐριν
3723 522 3974 594 μᾶλλονή

740 627 794 678 in
824 621 1161 692 refrigerium
1185 620 1446 691 indigenti
1477 620 1918 676 circumsistitur.
1949 621 2161 675 Etenim
2190 634 2296 673 non

740 716 1015 784 despicere
1043 713 1266 768 fratrem
1307 721 1546 784 egestate
1572 722 1981 782 consumptum,
2010 725 2078 769 et
2120 711 2299 782 inopia

741 815 1073 875 pereuntem,
1103 805 1348 858 debitum
1374 805 1593 874 quidem
1617 815 1672 860 et
1702 805 1942 859 debitum
1978 804 2300 873 indepreca-

741 895 846 951 bile
878 907 1128 950 sensatus
1153 895 1444 965 judieabit,
1495 906 1550 952 et
1581 897 1853 951 festinabit
1874 898 2155 952 exsolvere
2200 911 2298 951 nec

742 987 854 1041 fieri
881 987 990 1041 ullo
1018 987 1179 1042 modo
1226 991 1671 1058 procrastinator.
1720 989 1945 1059 gloriam
1991 997 2172 1043 autem
2203 1003 2299 1043 ve-

742 1079 857 1133 nari
890 1089 942 1133 et
973 1079 1197 1135 beneﬁci
1225 1095 1324 1150 per
1359 1081 1522 1135 talem
1558 1083 1826 1135 actionem
1873 1079 1976 1134 sibi
2016 1093 2298 1135 assumere

740 1169 978 1230 titulum,
1017 1169 1421 1225 insensatorum
1452 1183 1618 1237 esset,
1643 1183 1696 1226 et
1726 1174 1928 1226 bonum
1961 1171 2104 1225 male
2130 1173 2301 1225 scien-

740 1261 873 1316 tium
920 1263 1198 1330 prosequi.
1250 1263 1374 1317 Ideo
1425 1264 1515 1317 ille
1567 1263 1784 1332 quidem
1841 1264 1894 1316 in
1951 1263 2300 1317 multitudine

737 1351 968 1412 dierum,
1018 1352 1068 1405 id
1111 1363 1194 1406 est
1221 1354 1273 1406 in
1329 1353 1513 1407 futuro
1551 1355 1789 1416 saeculo,
1817 1368 2008 1421 panem
2062 1353 2301 1407 inveniet

736 1441 1113 1509 cleemosynaa,
1147 1443 1262 1495 vice
1288 1442 1553 1509 recipiens
1581 1441 2028 1504 misericordiam,
2063 1442 2149 1496 hic
2172 1456 2300 1495 vero

739 1549 844 1584 non
876 1532 1130 1596 inveniet,
1163 1533 1346 1602 gloriae
1374 1534 1519 1587 enim
1544 1533 1825 1587 venatione
1843 1546 1897 1586 et
1914 1530 2300 1588 ostentationis

740 1632 1043 1675 mercatura
1073 1622 1127 1674 in
1161 1631 1506 1676 antecessum
1540 1622 1854 1676 destructus
1886 1632 1992 1676 est.

809 1711 1004 1766 Posses
1055 1721 1233 1766 autem
1284 1728 1379 1782 per
1431 1715 1684 1781 przedicta
1746 1715 1904 1768 verba
1957 1723 2011 1767 et
2041 1714 2107 1768 ad
2133 1715 2299 1768 alium

738 1805 971 1858 transire
999 1818 1217 1857 sensum
1253 1823 1266 1857 :
1305 1805 1519 1872 qualem
1563 1807 1748 1860 hunc?
1775 1804 2066 1860 Hominum
2113 1807 2296 1862 multi-

2407 609 2735 679 παραψυχὴν
2777 608 2856 676 τῷ
2903 609 3146 677 δεομένῳ
3206 610 3578 679 περιΐσταται.
3621 611 3694 663 Τὸ
3743 613 3851 682 γάρ
3904 615 3975 682 μή

2408 700 2656 770 παριδεῖν
2684 699 2777 752 τὸν
2811 697 3039 766 ἀδελφὸν
3074 699 3252 770 ἐνδείᾳ.
3281 701 3604 768 τηκόμενον,
3652 703 3745 753 καὶ
3779 703 3976 772 ἀπορία

2409 790 2873 860 συνδιολλύμενον,
2911 791 3071 859 χρέος
3103 790 3203 860 μὲν
3228 792 3322 842 καὶ
3359 792 3535 860 χρεῶν
3569 791 3632 844 τὸ
3669 793 3977 865 ἀπαραίτη-

2405 896 2496 932 τον
2514 880 2856 950 ὁεὺγνώμων
2892 882 3183 951 ήγήσεται,
3210 887 3304 934 καὶ
3327 883 3622 936 σπουδάσει
3652 884 3976 936 καταλαϐεῖν

2406 972 2501 1025 καὶ
2559 973 2635 1042 μή
2667 973 2920 1041 γενέσθαι
2979 972 3245 1041 μηδαμῶς
3303 973 3679 1042 ὑπερήμεροςο
3735 973 3897 1038 δόξαν
3923 975 3978 1027 δὲ

2408 1060 2652 1146 θηρφσαι
2692 1063 2788 1115 καὶ
2854 1064 3146 1133 εὐεργέτου
3175 1063 3264 1116 διὰ
3305 1064 3402 1132 τῆς
3428 1064 3687 1133 τοιαύτης
3723 1064 3976 1136 πράξεως

2406 1151 2796 1222 περιϐαλέσθαι
2857 1152 3098 1222 ἀξίωμα,
3133 1154 3244 1206 τῶν
3286 1155 3622 1221 ἀγνωμόνων
3658 1155 3724 1207 ἀν
3753 1155 3862 1226 εἴη,
3885 1157 3976 1208 καὶ

2405 1244 2468 1295 τὸ
2505 1243 2671 1297 καλὸν
2706 1243 2893 1305 κακῶς
2923 1244 3144 1297 είδότων
3172 1245 3558 1316 μετέρχεσθαι.
3600 1246 3801 1315 Διόπερ
3822 1248 3852 1298 6
3881 1249 3976 1315 μὲν

2407 1336 2466 1388 ἐν
2497 1333 2574 1403 τῷ
2601 1325 2797 1404 πλήθει
2822 1335 2930 1386 τῶν
2950 1336 3198 1406 ἡμερῶν,
3227 1339 3510 1389 τουτέστιν
3533 1339 3589 1388 ἐν
3614 1337 3696 1406 τῷ
3728 1336 3976 1406 μέλλοντι

2406 1423 2582 1485 αίῶνι,
2611 1423 2699 1476 τὸν
2723 1424 2884 1491 ἀρτον
2908 1423 3132 1493 εὑρήσει
3153 1426 3252 1492 τῆς
3280 1424 3677 1494 ἐλεημοσύνης,
3713 1427 3979 1495 ἀντιλαμ-

2408 1510 2586 1564 ϐἀνων
2638 1511 2730 1562 τὸν
2774 1511 2921 1564 ἔλεον
2941 1530 2955 1544 ο
2986 1515 3014 1565 6
3039 1513 3095 1566 δὲ
3125 1515 3221 1583 οὑχ
3251 1516 3476 1583 εὑρήσει
3497 1531 3510 1545 ο
3541 1513 3833 1584 δοξοκοπίᾳ
3877 1518 3983 1586 γὰρ

2409 1601 2504 1652 καὶ
2524 1603 2591 1672 τῇ
2616 1601 2717 1668 τῆς
2740 1600 3051 1664 ἐπιδείξεως
3078 1603 3322 1672 ἐμπορία
3352 1604 3872 1672 προωτηνάλωται.

2478 1692 2675 1745 Δύναιο
2696 1691 2741 1743 δ’
2771 1695 2839 1745 ἂν
2857 1692 2947 1746 διά
2997 1693 3104 1744 τῶν
3144 1694 3559 1762 προειρημένων
3598 1695 3864 1763 ῥημάτων
3891 1696 3982 1747 καὶ

2408 1783 2544 1853 πρὸς
2610 1783 2805 1852 ἑτέραν
2861 1785 3137 1853 μετελθεῖν
3166 1784 3425 1836 διάνοιαν.
3453 1782 3620 1838 Ποίαν
3644 1784 3886 1863 eadem;
3913 1786 3982 1836 Τὸ

738 1897 1004 1957 tudinem,
1028 1910 1191 1962 quam
1227 1870 1374 1947 amat
1408 1895 1684 1964 Scriptura
1716 1896 2073 1951 denominare
2099 1912 2292 1967 aquas.
2326 1870 2369 1924 Β

2416 1871 2503 1924 τῶν
2519 1871 2822 1942 ἀνθρώπων
2863 1871 3086 1942 πλῆθος,
3142 1871 3293 1940 φίλον
3338 1875 3405 1942 τῇ
3440 1873 3478 1924 Γ
3484 1877 3628 1945 ραφῇ
3679 1876 3984 1944 κατονομά-

744 2003 762 2036 ι
805 1985 963 2052 Eripe
1007 1986 1153 2037 enim
1187 1999 1290 2045 me.
1330 2001 1349 2034 ι
1399 1985 1476 2037 ait
1516 1985 1568 2037 in
1614 1984 1822 2054 Spiritu
1874 1985 2133 2054 psallens,
2179 2004 2199 2037 ε
2237 1986 2304 2041 de

738 2078 896 2145 aquis
949 2075 1173 2136 multis,
1226 2075 1294 2129 de
1343 2090 1506 2130 manu
1558 2077 1790 2130 liliorum
1840 2077 2142 2132 alienorum
2181 2078 2227 2132 ⁸.
2279 2097 2297 2130 ι

739 2167 905 2236 Igitur
934 2181 1212 2221 sacrarum
1243 2167 1595 2221 scientiarum
1624 2168 1880 2238 magister
1915 2184 2040 2223 eum
2079 2170 2175 2239 qui
2203 2187 2305 2224 nu-

739 2256 832 2309 trit
854 2255 1092 2309 animam
1125 2270 1319 2324 panem
1347 2271 1507 2325 quem
1530 2273 1559 2310 a
1593 2256 1702 2311 Deo
1728 2257 2082 2312 commissum
2119 2259 2303 2318 habet.

739 2348 896 2402 debet
925 2347 1233 2401 auditorum
1272 2348 1604 2403 multitudini
1638 2349 1842 2419 absque
1891 2363 2040 2403 mora
2075 2349 2223 2403 omni
2251 2359 2305 2404 et

739 2441 1088 2493 cunctatione
1119 2438 1417 2508 dispertiri,
1439 2450 1493 2494 et
1515 2456 1789 2510 nunquam
1822 2441 2109 2511 largitione
2141 2445 2307 2497 desti-

741 2538 890 2582 tuere
939 2529 990 2582 in
1038 2529 1331 2599 indigentia
1383 2531 1502 2600 ejus
1546 2535 1891 2587 constitutos.
1943 2529 2010 2586 Et
2055 2547 2304 2602 quanam

744 2635 950 2673 merces
997 2621 1211 2688 benigni
1267 2621 1433 2689 hujus
1491 2622 1716 2691 operis?
1769 2621 2054 2677 Manifeste
2102 2624 2196 2693 qui
2249 2625 2305 2677 in

743 2709 1090 2766 multitudine
1125 2712 1341 2767 dierum
1373 2715 1645 2768 retribuit.
1682 2715 1951 2779 Quoniam
1997 2731 2129 2769 vero
2165 2731 2303 2784 aqua

742 2805 988 2859 diversas
1037 2819 1214 2857 rerum
1264 2807 1520 2860 materias
1577 2807 1884 2877 significare
1935 2815 2134 2875 potest,
2195 2821 2303 2860 non

741 2905 885 2949 esset
929 2893 1069 2948 forte
1113 2895 1553 2950 irrationabiliter
1619 2899 1954 2966 propositum
1998 2912 2305 2952 sermonem

744 2987 1030 3055 speculans
1091 2987 1184 3055 qui
1246 2989 1643 3058 eleemosynam
1705 2989 1835 3042 dicit
1882 2989 2072 3043 decere
2129 2989 2308 3043 facere

746 3094 979 3145 semper,
1004 3079 1069 3130 ad
1095 3093 1359 3146 perennes
1382 3094 1645 3147 aquarum
1672 3080 2000 3134 attendendo
2049 3081 2226 3135 fontes
2253 3089 2306 3134 et

748 3171 942 3222 borum
983 3169 1212 3223 activam
1259 3172 1368 3223 vim
1415 3171 1481 3223 ad
1530 3171 1957 3226 misericordiam
2005 3173 2378 3263 imitationeC

746 3257 1061 3325 transferre,
1087 3268 1142 3312 et
1159 3274 1266 3312 non
1286 3259 1578 3329 aliquando
1611 3261 1827 3330 quidem
1857 3261 2187 3330 profundere
2209 3264 2311 3316 mi-

747 3349 1094 3410 serationem,
1124 3348 1417 3419 aliquando
1446 3366 1574 3405 vero
1622 3354 1966 3415 contrahere,
1997 3355 2089 3408 sed
2129 3353 2309 3408 conti-

750 3454 855 3492 nua
894 3440 1103 3492 linenda
1141 3449 1196 3494 et
1226 3457 1332 3495 non
1362 3441 1656 3512 intercepta
1679 3445 1866 3513 egenis
1906 3445 2136 3513 aperire.
2176 3443 2311 3499 Tota

748 3529 892 3581 enim
923 3530 1010 3583 die
1045 3530 1331 3585 miseretur
1366 3541 1420 3585 et
1463 3534 1776 3587 commodat
1826 3532 2107 3596 Dominus,
2145 3533 2312 3588 David

747 3625 830 3670 est
883 3618 1073 3670 audire
1121 3620 1478 3686 psallentem;
1508 3628 1561 3673 et
1603 3621 1648 3673 si
1699 3624 1984 3673 miseretur
2031 3621 2312 3690 pauperis,

752 3711 1022 3763 feneratur
1101 3709 1238 3774 Deo,
1291 3713 1566 3781 quomodo
1611 3714 1734 3782 quis
1800 3715 1964 3768 Deum
2014 3729 2208 3768 amans
2261 3722 2316 3766 et

749 3803 869 3871 ejus
899 3803 963 3856 ad
999 3803 1410 3857 similitudinem
1445 3820 1671 3860 servans
1704 3806 2062 3869 nobilitatem,
2112 3808 2316 3859 tolera-

753 3897 857 3947 bile
883 3895 1045 3948 ducat
1073 3911 1178 3948 non
1215 3911 1428 3964 semper
1453 3896 1556 3949 sibi
1579 3912 1767 3965 parare
1803 3897 2098 3952 debitorem
2126 3897 2315 3963 Deum,

753 3986 846 4040 sed
910 3987 1202 4055 praecidere
1256 3997 1307 4040 et
1360 3988 1554 4041 orbare
1609 3989 1848 4056 seipsum
1910 3988 2033 4043 talis
2076 4004 2142 4043 ac
2183 3989 2317 4043 tanti

753 4077 888 4131 lucri
919 4078 1274 4131 collectione?
1306 4076 1650 4133 Manifestum
1682 4087 1863 4133 autem
1905 4079 2070 4134 talem
2100 4094 2318 4150 semper

753 4170 995 4238 quidem,
1028 4171 1327 4240 pmsertim
1357 4187 1485 4224 vero
1537 4171 1588 4222 in
1620 4171 1965 4224 multitudine
1994 4171 2206 4226 dierum
2238 4173 2320 4227 in-

755 4272 1071 4324 venturum,
1123 4277 1286 4331 quam
1337 4263 1493 4330 panis
1538 4260 1961 4316 communicatio
2003 4263 2318 4320 continuam

757 4355 1166 4409 retributionem
1191 4355 1578 4409 tliesaurizavit
1606 4355 1731 4424 ipsi.

829 4559 987 4612 Mittit
1009 4566 1154 4613 certe
1178 4572 1369 4626 panem
1410 4559 1986 4627 supersubstantialem
2025 4573 2078 4616 et
2127 4563 2312 4634 mysti-
2350 4545 2396 4600 Ῑ)

757 4665 881 4706 cum
909 4659 963 4704 ct
993 4654 1381 4720 mysteriorum
1419 4650 1662 4704 initiator
1689 4667 1852 4719 super
1881 4652 2076 4707 faciem
2106 4669 2323 4724 regene-

761 4743 988 4797 rationis
1035 4757 1189 4812 aqua:
1230 4743 1297 4796 iis
1329 4741 1421 4809 qui
1471 4743 1744 4811 mysteriis
1793 4745 2076 4800 initiantur
2121 4755 2176 4800 et
2226 4747 2321 4816 qui

762 4835 1126 4904 indigentibus
1173 4833 1379 4888 caelesti
1417 4842 1472 4886 et
1521 4835 1760 4887 animam
1812 4836 2166 4891 eonﬁrmaute
2201 4837 2325 4892 cibo

760 4927 962 4996 praebet
993 4927 1192 4995 ipsum.
1213 4926 1426 4981 Etenim
1459 4935 1578 4996 post
1600 4941 1754 4994 aqua!
1775 4926 2011 4980 divinam
2040 4944 2326 4998 regenera-

764 5020 965 5073 tionem
992 5020 1234 5074 cmlestis
1258 5028 1311 5074 et
1337 5019 1580 5072 viviﬁcus
1616 5019 1768 5087 panis
1815 5021 2146 5088 regeneratis
2187 5036 2326 5090 prae-

764 5118 939 5175 betur,
973 5121 1027 5165 et
1059 5110 1153 5178 qui
1187 5111 1332 5164 hunc
1367 5109 1419 5162 in
1455 5110 1718 5179 sapientia
1749 5110 2047 5172 distribuit,
2075 5121 2132 5166 et
2170 5111 2324 5181 juxta

762 5203 1078 5274 dignitatem
1110 5203 1411 5271 dispensat,
1460 5204 1664 5256 invenit
1702 5217 1893 5270 panem
1941 5219 2068 5257 vere
2118 5206 2210 5273 qui
2257 5204 2325 5258 de

763 5295 906 5350 coelo
933 5294 1232 5358 descendit,
1265 5306 1318 5348 et
1355 5294 1524 5347 vitam
1569 5295 1772 5347 mundo
1797 5295 1909 5358 dat,
1962 5310 2174 5364 semper
2203 5297 2326 5365 qui-

763 5386 884 5439 dem
931 5385 1210 5440 vivilicans
1260 5386 1436 5455 ipsum
1488 5395 1543 5440 et
1585 5385 1915 5440 confirmans
1959 5398 2011 5439 et
2055 5390 2324 5453 nutriens,

765 5478 1060 5546 praesertim
1090 5492 1219 5532 vero
1251 5479 1304 5532 in
1337 5486 1579 5548 tempore
1604 5480 1714 5532 vita
1749 5479 2060 5533 functorum
2101 5482 2329 5535 retribu-

765 5567 948 5622 tionis.
998 5567 1136 5621 Sunt
1187 5576 1368 5622 tamen
1397 5568 1619 5637 quidam
1651 5569 1744 5634 qui
1791 5576 1845 5622 et
1897 5571 2055 5622 talem
2105 5587 2324 5625 sensum

765 5660 911 5714 dicto
939 5661 1222 5728 subiacere
1267 5671 1503 5730 putant:
1541 5677 1648 5715 non
1694 5669 1906 5730 oportet
1943 5664 2089 5715 euris
2134 5663 2324 5732 agitari

841 5796 861 5824 "
895 5794 1033 5847 Psal.
1064 5809 1250 5849 exuri.
1288 5795 1338 5846 7.

2406 1962 2520 2026 ζειν
2572 1962 2777 2017 ὑδατα’
2825 1982 2843 2013 ‹
2879 1963 3071 2017 Ῥὖσαι
3119 1965 3228 2033 γάρ
3288 1981 3424 2033 με.»
3480 1965 3651 2034 φησὶν
3701 1967 3732 2018 6
3791 1967 3852 2019 ἐν
3907 1968 3981 2035 τῷ

2406 2053 2684 2122 Πνεύματι
2741 2055 2960 2122 ψάλλων
2983 2095 2999 2118 ,
3036 2074 3054 2106 ι
3080 2057 3138 2121 ἐξ
3172 2057 3380 2108 ὑδάτων
3437 2057 3671 2121 πολλῶν,
3701 2059 3768 2112 ἐκ
3805 2061 3983 2131 χειρὸς

2404 2143 2537 2197 υἱῶν
2571 2146 2889 2217 ἀλλοτρίων.
2915 2166 2932 2195 ι
2974 2147 3033 2199 '0
3060 2147 3240 2198 τοίνυν
3289 2147 3395 2200 τῶν
3422 2147 3584 2217 ίερῶν
3641 2149 3983 2220 μαθημάτων

2403 2232 2718 2296 διδάσκαλος
2741 2236 2832 2287 τὸν
2863 2235 3132 2306 τρέφοντα
3158 2237 3259 2306 τὴν
3289 2236 3468 2309 ψυχὴν
3509 2239 3674 2310 ἄρτον
3695 2241 3756 2292 6v
3792 2241 3978 2295 θεόθεν

2405 2325 2805 2395 κατεπιστεύθη
2830 2363 2846 2388 ,
2903 2326 3092 2379 τοῦτον
3149 2329 3354 2403 ὀφείλει
3409 2329 3485 2400 τῷ
3530 2330 3641 2384 τῶν
3692 2333 3979 2403 ἀκροατῶν

2406 2411 2602 2482 πλήθει
2658 2417 2828 2483 χωρὶς
2886 2415 3158 2486 ἀναϐολῆς
3223 2402 3405 2489 πάσης
3465 2421 3559 2473 καὶ
3636 2402 3984 2494 ὑπερθέσεως

2404 2503 2704 2572 διανέμειν,
2745 2505 2838 2558 καὶ
2894 2507 3163 2576 μηδέποτε
3195 2510 3295 2579 τῆς
3343 2512 3608 2580 χορηγίας
3657 2516 3986 2586 ἀποστερεῖν

2405 2595 2532 2656 τοὺς
2575 2596 2633 2646 ἐν
2671 2595 2831 2665 χρείᾳ
2893 2596 3096 2665 ταύτης
3143 2599 3594 2670 καθισταμένους.
3665 2604 3773 2657 Καὶ
3835 2607 3920 2669 τίς
3956 2610 3986 2659 6

2409 2680 2600 2751 μισθὸς
2627 2683 2725 2751 τῆς
2755 2684 3137 2753 φιλανθρώπου
3166 2687 3369 2756 ταύτης
3418 2691 3719 2759 ἐργασίας;
3760 2693 3792 2763 ἢ
3827 2694 3988 2764 δῆλον

2405 2773 2436 2824 6
2463 2774 2522 2823 ἐν
2552 2772 2629 2841 τῷ
2657 2773 2854 2843 πλήθει
2893 2777 3000 2827 τῶν
3028 2777 3256 2848 ήμερῶν
3285 2781 3794 2852 ἀνταποδιδόμενος.
3833 2787 3986 2838 Ἐπει

2406 2860 2464 2913 δὲ
2498 2862 2560 2914 τὸ
2614 2861 2757 2934 ὕδωρ
2805 2865 3097 2936 διαφόρους
3147 2869 3488 2938 πραγμάτων
3542 2873 3825 2938 ὑποθέσεις
3899 2877 3989 2928 al-

2409 2955 2747 3022 νιγματίζειν
2783 2956 3026 3022 δύναται,
3072 2959 3158 3028 εἴη
3190 2958 3256 3011 ἂν
3279 2960 3378 3011 οὑκ
3406 2961 3616 3030 ἀλόγως
3642 2963 3734 3016 τὸν
3760 2966 3990 3035 προκεί-

2409 3059 2572 3110 μενον
2636 3041 2792 3109 λόγον
2859 3044 3082 3115 θεωρῶν
3135 3048 3163 3099 6
3209 3047 3308 3118 τὴν
3368 3051 3741 3121 ἐλεημοσύνην
3801 3052 3980 3121 λέγων

2411 3137 2710 3204 προσήκειν
2739 3136 3070 3206 ἐργάζεσθαι
3092 3138 3182 3191 διὰ
3209 3138 3410 3203 παντὸς
3432 3142 3568 3211 πρὸς
3590 3143 3688 3206 τὰς
3724 3144 3989 3209 ἀεννάους

2415 3223 2523 3276 τῶν
2565 3224 2772 3277 ὑδάτων
2830 3227 3152 3290 ἐνατενίζων
3204 3231 3408 3299 πηγὰς,
3467 3232 3562 3284 καὶ
3613 3235 3711 3302 τὴν
3758 3235 3992 3288 ἐκείνων

2417 3315 2698 3386 ἐνέργειαν
2718 3317 2814 3369 ἐπὶ
2839 3317 2932 3370 τὸν
2966 3318 3113 3371 έλεον
3132 3321 3198 3390 τῇ
3231 3326 3462 3391 μιμήσει
3494 3322 3826 3393 μεταφέρειν
3847 3341 3862 3354 ·
3900 3326 3996 3378 καὶ

2421 3405 2498 3472 μὴ
2531 3405 2662 3457 ποτέ
2691 3405 2792 3474 μὲν
2822 3406 3074 3477 προχέειν
3088 3407 3179 3460 τὸν
3205 3407 3378 3474 έλεον,
3397 3410 3530 3463 ποτέ
3547 3411 3602 3464 δὲ
3617 3413 3996 3479 ἀναστέλλειν,

2418 3493 2556 3548 ἀλλά
2584 3494 2805 3565 διηνεκῆ
2840 3497 2909 3548 τά
2936 3497 3141 3568 ῥεῖθρα,
3157 3499 3249 3552 καὶ
3268 3499 3526 3571 ἀδιάδοχα
3547 3503 3660 3565 τοῖς
3687 3504 3992 3574 χρῄζουσιν

2418 3585 2761 3650 ἀναϐλύζειν.
2792 3587 2959 3658 Ὅλην
2987 3588 3099 3660 γάρ
3155 3590 3254 3660 τὴν
3277 3592 3496 3661 ἡμέραν
3532 3593 3674 3646 ἐλεεῖ
3697 3597 3793 3648 καὶ
3816 3595 4000 3649 δανεί-

2420 3674 2546 3739 ζειὸ
2569 3675 2795 3746 Κύριος,
2824 3677 2920 3731 τοῦ
2973 3679 3136 3733 Δαυϊδ
3189 3680 3336 3733 ἐστιν
3369 3681 3591 3736 ἀκούειν
3647 3684 3952 3754 ψάλλοντος
3982 3703 3999 3718 ο

2421 3767 2516 3817 καὶ
2539 3768 2589 3818 εί
2613 3767 2643 3818 6
2672 3766 2839 3820 ἐλεῶν
2897 3770 3138 3839 πτωχὸν,
3181 3770 3415 3834 δανείζει
3463 3771 3603 3842 Θεῷ,
3667 3775 3785 3838 πῶς
3809 3775 3881 3829 ἀν
3917 3793 4003 3837 τις

2423 3855 2666 3924 φιλόθεος
2683 3857 2759 3910 ὣν
2787 3860 2883 3910 καὶ
2929 3861 3021 3912 τοῦ
3061 3862 3180 3913 κατ’
3214 3861 3400 3914 εἰκόνα
3435 3862 3622 3927 σώζων
3652 3865 3712 3917 τὸ
3743 3866 4003 3934 εὐγενὲς,

2422 3948 2648 4001 ἀνεκτὸν
2673 3949 2938 4018 ἡγήσαιτο
2969 3953 3043 4020 μη
3071 3951 3160 4003 διά
3196 3952 3396 4015 παντὸς
3423 3954 3600 4022 ἐαυτῷ
3634 3960 4002 4026 παρασκευά-

2424 4036 2537 4100 ζειν
2582 4037 2862 4109 χρεώστην
2920 4041 3010 4092 τὸν
3058 4040 3194 4093 Θεὸν
3226 4082 3241 4103 ,
3297 4041 3434 4095 ἀλλά
3492 4045 3853 4112 περικόπτειν
3907 4050 4004 4100 καὶ⁵

2424 4129 2747 4199 ἀποστερεῖν
2800 4131 2994 4183 ἐαυτὸν
3041 4131 3135 4183 τοῦ
3202 4132 3523 4200 τηλικούτου
3573 4135 3688 4208 καί
3737 4138 4006 4192 τοσούτου

2425 4217 2649 4288 κέρδους
2670 4218 2769 4288 τήν
2800 4220 3194 4290 συνεισφοράν;
3231 4223 3399 4292 Δῆλον
3420 4223 3477 4276 δέ
3496 4224 3572 4288 ὡς
3591 4227 3620 4278 6
3641 4227 3897 4292 τοιοῦτος
3909 4231 4006 4283 ἀεὶ

2429 4307 2548 4376 μὲν,
2573 4309 2883 4377 μάλισταδὶ
2910 4312 2967 4362 ἐν
2997 4311 3192 4382 πλήθει
3242 4313 3350 4366 τῶν
3385 4315 3607 4385 ήμερῶν
3639 4316 3893 4389 εὑρήσει,
3939 4323 4005 4391 ήν

2427 4400 2461 4468 ή
2485 4397 2580 4452 τοῦ
2600 4399 2765 4466 ἄρτου
2792 4400 3077 4469 μετάδοσις
3104 4401 3329 4473 διηνεκῆ
3352 4403 3779 4473 μισθαποδοσίαν
3794 4409 4005 4479 ἀπεθη-

2429 4486 2687 4558 σαύρισεν
2706 4488 2875 4559 αὐτῷ.

2507 4578 2847 4631 ’Ᾱποστέλλει
2893 4580 3075 4650 μέντοι
3129 4596 3188 4648 γε
3231 4579 3323 4634 τὸν
3365 4580 3532 4652 ἀρτον
3583 4581 3676 4636 τὸν
3719 4585 4006 4641 ἐπιούσιον

2425 4668 2518 4720 καὶ
2575 4668 2836 4736 μυστικὸν
2868 4671 2962 4722 καὶ
2986 4671 3015 4721 6
3050 4669 3410 4737 μυσταγωγὸς
3441 4671 3535 4723 ἐπὶ
3580 4672 3885 4741 πρόσωπον
3912 4677 4005 4729 τοῦ

2425 4759 2526 4828 τῆς
2579 4758 2996 4828 παλιγγενεσίας
3045 4758 3236 4822 ὕδατος
3281 4762 3394 4822 τοῖς
3444 4769 4007 4834 μυσταγωγουμένοις

2425 4852 2522 4905 καὶ
2547 4851 2823 4921 δεομένοις
2854 4852 3108 4920 οὐρανίου
3143 4851 3237 4904 καὶ
3257 4852 3433 4921 ψυχήν
3466 4855 3836 4925 στηριζούσης
3867 4875 3998 4927 τρο-

2427 4942 2534 5009 φῆς
2563 4941 2818 5012 παρέχων
2867 4943 3048 4995 αὐτόν.
3096 4942 3206 4995 Καὶ
3245 4942 3350 5015 γὰρ
3379 4944 3518 5012 μετά
3542 4945 3641 5014 τὴν
3677 4945 3775 4998 τοῦ
3810 4947 4010 5010 ὓδατος

2429 5032 2581 5086 θείαν
2639 5032 2999 5103 ἀναγέννησιν
3021 5033 3051 5084 6
3083 5032 3332 5103 οὐράνιος
3393 5032 3488 5087 καὶ
3544 5033 3810 5100 ζωοποιδς
3838 5039 4008 5107 ἄρτος

2428 5125 2540 5184 τοῖς
2597 5121 3008 5193 ἀναγεννηθεῖσι
3055 5121 3423 5194 προσφέρεται
3445 5140 3460 5155 ο
3521 5127 3668 5178 καὶὸ
3703 5144 3769 5195 γε
3815 5128 4008 5182 τοῦτον

2427 5216 2485 5266 ἐν
2506 5213 2666 5285 σοφίᾳ
2713 5214 2981 5284 διανέμων
3008 5214 3103 5267 καὶ
3144 5215 3264 5268 κατ’
3298 5215 3456 5280 ἀξίαν
3485 5217 3809 5285 οίκονομῶν,
3875 5213 4007 5289 εὗρε

2426 5306 2520 5358 τὸν
2562 5306 2725 5376 ἀρτον
2753 5306 2827 5370 ὡς
2853 5307 3071 5376 ἀληθῶς
3101 5308 3191 5359 τὸν
3212 5309 3276 5360 ἐκ
3306 5308 3397 5360 τοῦ
3428 5310 3656 5379 ούρανοῦ
3687 5311 4004 5379 καταϐεϐη-

2430 5398 2586 5463 κότα,
2622 5399 2718 5451 καὶ
2763 5397 2906 5469 ζωήν
2937 5397 3015 5468 τῷ
3036 5398 3226 5471 κόσμῳ
3258 5398 3486 5465 διδόντα,
3515 5401 3601 5452 ἀεὶ
3636 5400 3736 5469 μέν
3769 5403 4006 5465 ζωοποι-

2429 5487 2595 5540 οὖντα
2622 5487 2785 5541 αὑτὸν
2832 5488 2927 5540 καὶ
2976 5485 3300 5557 στηρίζοντα
3322 5490 3417 5541 καὶ
3440 5488 3732 5558 τρέφοντα,
3759 5490 4003 5559 μάλιστα

2429 5580 2486 5632 δὲ
2532 5581 2589 5632 ἐν
2629 5577 2805 5650 καιρῷ
2850 5583 2951 5650 τῆς
3007 5579 3114 5633 τῶν
3176 5581 3522 5650 βεϐιωμένων
3571 5581 4002 5640 ἀνταποδόσεως.

2433 5670 2552 5724 Elei
2612 5671 2795 5740 μέντοι
2862 5688 2924 5738 γε
2957 5671 3100 5733 τινὲς
3157 5672 3205 5724 οἳ
3249 5672 3338 5725 καὶ
3389 5670 3644 5739 τοιαύτην
3700 5673 3911 5725 ἔννοιαν
3941 5672 4005 5723 τὸ
