4186 6444
743 403 848 470 423

1071 515 1400 584 QUES’I‘IO
1434 515 1594 572 LXIV
1627 516 1725 590 [ιιι.
1759 515 1962 590 LXIII].

747 608 1017 676 Quomodo
1045 609 1442 679 inteiligeudum
1467 611 1606 679 quod
1631 610 1886 677 scriptum
1922 620 1998 663 est
2023 611 2091 663 ab
2120 609 2300 664 Eccle-

811 682 975 749 siaste
1008 693 1028 731 :
1070 697 1089 730 ι
1138 678 1392 733 Sciudeus
1437 678 1585 749 ligna
1622 679 1957 749 periclitatur
1983 680 2039 732 in
2084 680 2216 744 illis,
2257 682 2305 735 si

810 747 1062 804 exciderit
1089 749 1324 818 ferrum;
1356 759 1406 802 et
1437 747 1549 818 ipse
1583 747 1810 819 ﬁgurant
1847 747 2080 819 turbavit?
2110 760 2161 804 et
2194 751 2305 805 vir-

812 830 947 873 tum
997 819 1264 872 roborabit
1309 827 1358 873 et
1405 818 1894 889 superabundautia
1956 818 2166 872 cordati
2218 837 2307 876 εα-

806 890 1024 958 pientia.
1057 908 1076 941 ι

1882 400 2111 462 PHOTI
2117 401 2143 461 Ι
2182 396 2684 462 ΡΔΤΒΙΛΪῙΟΗΒ
2728 401 2836 463 CP.

3880 400 3984 465 ω

2976 514 3310 570 ΕΡΩΤΗΣΙΣ
3337 515 3452 569 ΞΔ’.

2957 609 3280 677 τέτραπται
3339 606 3420 670 τῷ
3490 605 3942 677 Ἔκκιιησιαστνῇ
3966 623 3981 640 ·

2485 696 2504 728 ι
2531 675 2756 746 Σχίᾰυν
2798 675 2975 741 ξύλα
3011 675 3347 731 κινδυνεύει
3377 677 3447 746 ἐν
3474 675 3696 740 αὐτοῖς.
3745 677 3859 730 ἐὰν
3885 676 3983 728 tuo

2481 745 2639 814 πέσῃ
2661 746 2728 801 τὸ
2785 745 3063 813 σιδήριον
3092 761 3108 777 ο
3138 748 3237 799 καί
3262 745 3446 810 αὐτὸς
3494 746 3824 812 πρόσωπον
3851 746 3982 798 trd-

2483 817 2636 884 ραεε
2667 814 2764 870 καί
2789 817 3076 885 δυνάμεις
3131 815 3487 885 δυναμώσειο
3523 814 3624 869 καί
3665 816 3982 883 περισσεία

2480 885 2588 940 τοῦ
2619 885 2897 955 ἀνδρείου
2923 885 3164 955 σοφία.»

2409 607 2540 674 Πῶς
2587 607 2839 676 νοητέον
2874 607 2906 660 ὃ

1712 1003 1852 1056 Edita
1874 1019 1899 1056 a
1924 963 2065 1066 Baio,
2085 1007 2124 1056 ι.
2144 1020 2214 1067 ο.,
2236 1021 2286 1070 p.
2306 1007 2468 1058 76-77.
2495 1006 2562 1069 In
2576 1007 2746 1058 Eccle.
2776 1020 2830 1066 ε,
2858 1004 3009 1066 9,10.

814 1108 1166 1164 Ecclesiastes
1193 1121 1435 1178 presens
1464 1107 1600 1162 liber
1626 1119 1685 1164 ut
1709 1106 1932 1163 Cantica
1972 1110 2311 1165 canticorum

743 1196 1074 1270 praecipuum
1101 1195 1302 1250 habent
1331 1209 1560 1267 scopum
1593 1195 2012 1268 intelligibilium
2042 1204 2311 1252 eteorum

742 1303 864 1358 qua:
890 1302 1052 1358 super
1089 1302 1310 1341 sensum
1345 1276 1476 1344 sunt
1522 1286 2051 1358 contemplationem,
2087 1296 2144 1343 et
2175 1287 2312 1345 Pro-

742 1380 926 1434 verbia
953 1378 1236 1433 hominum
1270 1392 1446 1434 mores
1468 1379 1742 1443 ordinare,
1789 1379 1862 1432 ita
1905 1387 1960 1433 et
1993 1378 2094 1433 iste
2117 1379 2186 1434 de
2202 1395 2312 1456 vna-

2499 1108 2555 1164 '0
2593 1109 3026 1181 Ἐκκλησιαστὴς
3079 1107 3141 1162 τὸ
3186 1107 3359 1178 παρὸν
3414 1105 3616 1176 βιϐλίον
3666 1105 3862 1174 ὥσπερ
3919 1105 3983 1157 τὰ

2413 1200 2668 1273 ’ᾼσματα
2715 1200 2825 1252 τῶν
2883 1199 3144 1271 ᾀσμάτων
3195 1196 3606 1270 προηγούμενον
3636 1198 3752 1268 εχει
3779 1196 3984 1249 σκοπὸν

2407 1293 2508 1363 τὴν
2559 1291 2670 1345 τῶν
2721 1290 2927 1362 νοητῶν
2967 1291 3064 1344 καὶ
3119 1291 3258 1360 ὑπὲρ
3297 1291 3396 1360 τὴν
3427 1289 3683 1358 αἴσθησιν
3723 1287 3982 1356 θεωρίαν,

2410 1384 2502 1438 καὶ
2521 1385 2576 1437 αί
2613 1383 2908 1454 Παροιμίαι
2930 1382 3000 1436 τά
3019 1382 3128 1435 τῶν
3179 1379 3482 1453 ἀνθρώπων
3539 1380 3644 1450 ἢθη
3677 1376 3980 1450 ῥυθμίζειν

741 1470 1009 1526 turalibus
1045 1470 1194 1524 addit
1234 1469 1524 1535 disserere,
1564 1467 1896 1539 propositum
1932 1468 2031 1522 sibi
2062 1477 2311 1524 statuens

2420 1475 2555 1530 οὕτω
2590 1477 2685 1530 καὶ
2711 1470 2866 1538 οὗτος
2887 1475 3017 1544 περὶ
3044 1475 3153 1528 τῶν
3179 1474 3425 1544 φυσικῶν
3451 1472 3730 1526 ἐπιϐάλλει
3756 1470 3983 1539 διαλαμ-

743 1563 1020 1618 auditores
1068 1562 1136 1616 ad
1187 1569 1397 1616 naturae
1459 1560 1824 1615 manuducere
1869 1561 2310 1628 comprehensio-

2420 1568 2597 1621 ϐἀνειν
2632 1607 2649 1633 ,
2699 1567 2954 1622 ὑπόθεσιν
3009 1566 3457 1638 προστησάμενος
3515 1565 3642 1628 τούς
3703 1562 3979 1634 ἀκροατὰς

747 1667 892 1706 nem.
946 1649 1164 1705 Nullum
1213 1651 1434 1722 quidem
1486 1652 1650 1706 trium
1699 1665 1924 1722 operum
1961 1652 2030 1705 ab
2071 1652 2304 1706 aliorum

2420 1659 2551 1730 πρὸς
2578 1659 2677 1728 τὴν
2709 1660 2808 1727 τῆς
2855 1659 3070 1729 φύσεως
3105 1658 3468 1728 χειραγωγεῖν
3514 1654 3871 1723 κατανόησιν.
3907 1654 3977 1704 υύ

746 1738 1086 1810 philosophia
1117 1740 1334 1808 penitus
1363 1739 1600 1792 alienum
1640 1747 1756 1804 est,
1790 1740 1884 1793 sed
1928 1747 2014 1794 est
2057 1740 2306 1794 invenire

2420 1751 2510 1822 μέν
2537 1751 2761 1822 οὐδεμία
2797 1751 2906 1803 τῶν
2927 1750 3095 1820 τριῶν
3116 1745 3508 1819 πραγματειῶν
3536 1745 3637 1815 τῆς
3669 1745 3780 1798 τῶν
3810 1743 3982 1798 ἄλλων

744 1839 800 1886 et
829 1829 883 1884 In
916 1829 1216 1886 moralibus
1246 1845 1344 1900 pro
1377 1831 1583 1884 minori
1622 1830 1839 1899 quidem
1871 1839 2024 1900 parte
2050 1839 2233 1886 tamen
2261 1839 2318 1886 et

748 1920 1076 1976 naturalium
1109 1932 1164 1974 et
1207 1904 1538 1976 diviniorum
1586 1923 2108 1990 contemplationum
2143 1923 2314 1976 tradi-

745 2010 972 2066 tionem.
1025 2009 1212 2065 Itidem
1260 2020 1318 2065 et
1373 2010 1427 2064 in
1473 2011 1816 2082 philosOphia
1859 2012 1924 2066 de
1953 2011 2316 2069 diviniorihus

746 2098 962 2156 morum
1008 2101 1448 2154 informationem
1502 2101 1743 2155 invenire
1784 2109 1868 2154 est
1925 2101 2228 2169 inspersam
2262 2109 2318 2157 et

747 2192 911 2247 etiam
943 2202 1155 2246 natura:
1183 2191 1628 2262 intelligentiam;
1664 2192 1757 2247 sed
1792 2202 1848 2246 et
1878 2192 1934 2246 in
1973 2209 2081 2261 quo
2109 2202 2318 2248 natura:

747 2295 834 2339 est
891 2283 1164 2352 speculari
1223 2283 1618 2338 eonnexionem
1671 2294 1723 2338 et
1770 2283 2144 2348 harmoniam,
2211 2301 2316 2340 non

749 2391 920 2448 pauca
951 2376 1360 2444 deprehendere
1391 2383 1476 2430 est
1520 2388 1710 2428 eorum
1755 2390 1876 2443 quae
1926 2389 2020 2444 per
2065 2377 2319 2431 exhorta-

750 2468 953 2523 tionem
1003 2466 1322 2536 anagogiam
1370 2480 1583 2518 tuorum
1630 2463 1887 2533 dirigunt.
1928 2463 2051 2517 Ideo
2080 2472 2135 2517 et
2174 2478 2318 2517 nunc

751 2559 1100 2629 proclamans
1150 2555 1482 2611 naturalium
1515 2552 1866 2610 Ecclesiastes
1894 2571 1989 2624 per
2013 2556 2318 2626 exemplum

753 2652 809 2705 iu
847 2649 1214 2703 hortationem
1258 2663 1354 2717 per
1393 2662 1558 2716 quam
1592 2656 1676 2702 est
1720 2648 1967 2718 progredi
2001 2657 2318 2716 praesentem

754 2740 920 2795 vitam
954 2750 1102 2809 peste
1156 2740 1380 2794 liberam
1412 2747 1466 2793 et
1487 2739 1552 2794 ad
1584 2748 1787 2793 rectum
1842 2753 2061 2793 cursum
2101 2753 2322 2793 conser-

754 2831 868 2885 vari
890 2831 1186 2884 auditorem
1211 2828 1475 2893 immittit,
1494 2838 1548 2884 et
1573 2830 1647 2883 ait
1673 2845 1686 2882 ε
1719 2847 1738 2880 ι
1763 2827 1868 2893 Qui
1897 2828 2096 2881 scindit
2132 2828 2272 2896 ligna
2297 2846 2316 2878 ι

757 2931 812 2976 et
832 2919 1000 2974 vitam
1027 2920 1215 2973 talium
1240 2919 1342 2974 sibi
1381 2918 1508 2974 facit
1551 2929 1746 2982 artem,
1770 2919 1816 2973 si
1837 2919 2098 2972 exciderit
2118 2918 2320 2973 l‘rrrum

755 3025 867 3081 quo
907 3011 1239 3065 scinduntur
1277 3009 1445 3078 ligna,
1487 3019 1580 3063 aut
1618 3026 1725 3062 non
1770 3018 1890 3079 post
1921 3009 2150 3078 primam
2183 3011 2322 3064 scis-

2417 1842 2729 1914 φιλοσοφίας
2782 1842 2954 1895 διόλου
3017 1839 3390 1910 ἀπήλλακταιο
3441 1837 3554 1890 ἀλλ’
3595 1837 3745 1888 ἔστιν
3801 1835 3982 1904 εὑρεῖν

2418 1933 2518 1986 κάν
2556 1934 2668 1992 τοίς
2724 1931 2932 2000 ⁴Ιῖοικοῖς
2954 1931 3038 1983 tu‘
3069 1929 3289 1982 ιλαττον
3329 1929 3427 1995 μὲν
3451 1929 3599 1995 ὅμως
3621 1927 3714 1978 καὶ
3741 1924 3985 1992 φυσικῶν

2418 2022 2511 2077 καὶ
2565 2021 2851 2094 θειοτέρων
2897 2020 3268 2091 θεωρημάτων
3321 2018 3617 2088 παράδοσιν
3655 2033 3668 2044 ·
3721 2014 3981 2073 ὡσαύτως

2414 2113 2471 2166 δὲ
2495 2114 2596 2166 κάν
2628 2115 2695 2184 τῇ
2733 2113 2862 2182 περὶ
2903 2110 3014 2164 τῶν
3065 2109 3350 2179 θειοτέρων
3401 2106 3691 2176 φιλοσοφίᾳ
3739 2103 3894 2172 ἠθῶν
3926 2119 3981 2154 τε

2415 2202 2773 2272 διακόσμησιν
2821 2202 2999 2272 εὑρεῖν
3050 2199 3225 2252 ἔνεστι
3284 2193 3892 2266 κατεσπαρμένην,καὶ
3920 2193 3982 2260 δη

2418 2296 2513 2348 καὶ
2561 2293 2775 2362 φύσεως
2824 2292 3149 2362 κατανόησιί
3189 2305 3204 2319 °
3261 2288 3398 2342 ἀλλά
3445 2305 3507 2356 γε
3551 2287 3615 2358 δὴ
3665 2288 3755 2339 καὶ
3792 2278 3841 2352 ᾧ
3889 2285 3984 2351 τῆς

2421 2381 2632 2451 φύσεως
2691 2383 2838 2434 ἐστὶν
2879 2381 3210 2449 ἀναθεωρεῖν
3260 2379 3359 2448 τὴν
3414 2374 3736 2430 ἀκολουθίαν
3787 2374 3884 2426 καὶ
3925 2374 3985 2424 τὸ

2419 2470 2774 2542 ἐναρμόνιον,
2830 2471 2930 2522 οὐκ
2978 2469 3133 2537 ὀλίγα
3180 2467 3365 2520 λαϐεῖν
3429 2466 3544 2518 ἔστι
3594 2464 3702 2517 τῶν
3745 2463 3838 2516 διά
3887 2463 3984 2531 τῆς

2419 2561 2788 2632 παραινέσεως
2803 2562 2898 2631 τὴν
2920 2559 3231 2628 ἀναγωγίαν
3249 2557 3341 2612 τοῦ
3359 2557 3520 2630 ἤθους
3544 2556 3708 2626 ἀνορθ
3726 2575 3773 2607 ,υ
3783 2556 3981 2624 μένων.

2421 2652 2511 2704 Διὸ
2571 2653 2664 2705 καὶ
2711 2651 2805 2704 νῦν
2835 2651 3191 2720 ἀπαγγέλλων
3233 2649 3343 2702 τῶν
3399 2648 3642 2718 φυσικῶν
3685 2649 3714 2700 δ
3752 2646 3986 2714 Ἐκκληο

2423 2745 2644 2813 σιαστὴς
2698 2743 2784 2795 διά
2810 2742 2903 2795 τοῦ
2935 2741 3372 2812 παραδείγματος
3409 2742 3489 2802 εἰς
3517 2741 3616 2811 τὴν
3659 2740 3986 2808 παραίνεσιν

2421 2834 2487 2886 δι’
2539 2829 2608 2906 ἧς
2662 2835 2777 2886 έστι
2843 2833 3165 2904 πορεύεσθαι
3212 2835 3302 2886 τὸν
3353 2834 3598 2903 παρόντα
3645 2831 3761 2900 βίον
3808 2831 3986 2898 λύμης

2423 2925 2706 2996 ἐλεύθερον
2782 2926 2876 2979 καὶ
2939 2925 3073 2994 πρὸς
3138 2924 3355 2996 εὔροιαν
3429 2924 3814 2994 συντηρτῖσθαι
3894 2923 3984 2974 τὸν

2424 3016 2698 3086 ἀκροατὴν
2724 3016 3104 3085 παραπέμπει,
3136 3017 3229 3068 καὶ
3247 3016 3428 3086 φησίνσ
3457 3034 3475 3066 ι
3498 3017 3556 3068 ’0
3583 3015 3778 3083 σχίζων
3799 3013 3931 3078 ξύλα
3965 3030 3982 3061 ι

755 3101 966 3155 sionem
1004 3100 1178 3168 magis
1221 3111 1439 3167 separat
1484 3099 1551 3152 ah
1587 3101 1839 3162 invicem,
1889 3107 1943 3152 et
1986 3099 2040 3152 in
2086 3097 2318 3152 circum-

2423 3107 2515 3158 καὶ
2535 3105 2647 3174 βίον
2663 3105 2758 3176 τὴν
2798 3106 3002 3157 τούτων
3026 3103 3344 3172 ποιούμενος
3357 3105 3569 3173 τέχνην,
3594 3101 3990 3172 savitudo-9:16

758 3185 1109 3257 scriptionem
1155 3187 1319 3240 struit
1357 3186 1654 3256 prapriam,
1675 3205 1694 3237 ι
1722 3187 2058 3256 periclitatur
2087 3187 2313 3252 inillis,»

757 3277 883 3332 Inde
927 3277 1180 3332 videlicet
1222 3276 1516 3332 destitutus
1565 3279 1836 3343 utilitate;
1880 3288 1936 3333 et
1976 3279 2323 3333 conturbabit

759 3369 988 3429 vultum.
1015 3382 1114 3438 pro
1143 3368 1445 3439 splendenti
1492 3369 1546 3422 in
1575 3369 1866 3434 hilaritate,
1898 3379 2154 3424 moestum
2179 3372 2321 3424 acci-

758 3463 950 3533 piens;
977 3469 1031 3516 et
1062 3463 1293 3516 virtutes
1319 3462 1599 3516 roborahit
1625 3476 1746 3530 quae
1772 3459 2115 3515 fascinahant
2145 3462 2320 3525 illum,

757 3556 875 3627 ejus
903 3555 1280 3625 impotentiam
1303 3565 1357 3610 et
1385 3556 1647 3626 inopiam,
1677 3557 1784 3610 vim
1819 3557 2090 3625 propriam
2122 3555 2325 3609 inhibi-

757 3655 892 3713 tam,
914 3647 1049 3702 nihil
1073 3662 1137 3702 ea
1167 3661 1291 3718 quae
1319 3646 1374 3701 in
1407 3646 1666 3701 virilitate
1703 3646 1823 3716 ejus
1860 3646 2108 3716 juvante,
2138 3646 2232 3700 sed
2267 3646 2320 3700 in

763 3753 960 3791 vanum
992 3747 1045 3792 et
1073 3737 1264 3792 inutile
1289 3748 1511 3808 promer
1535 3737 1780 3806 elapsum
1809 3737 2008 3791 ferrum
2034 3738 2322 3792 dissoluta.

765 3827 832 3884 Ut
845 3829 1009 3899 igitur
1026 3827 1363 3883 scindentem
1380 3830 1546 3899 ligna,
1565 3829 1611 3881 si
1629 3827 1887 3882 exciderit
1917 3827 2142 3894 ferrum,
2163 3839 2322 3882 tanta:

760 3931 1066 3993 sequuntur
1083 3923 1420 3977 calamitates
1447 3931 1502 3976 et
1517 3922 1978 3991 comprehendunt
1997 3938 2120 3976 eum
2147 3922 2236 3992 qui
2257 3937 2322 3975 ex

761 4013 890 4083 ligni
924 4012 1191 4068 divisione
1216 4022 1270 4066 et
1297 4011 1529 4067 artiﬁcio
1559 4012 1610 4066 in
1661 4010 1977 4066 sumcientia
2009 4021 2187 4080 potest
2240 4012 2320 4064 vi-

763 4120 888 4160 vere
921 4122 936 4158 :
962 4105 1042 4159 sic
1065 4113 1114 4158 et
1141 4104 1231 4175 qui
1260 4119 1511 4159 sermone
1556 4103 1722 4157 utitur
1751 4101 2036 4158 doctrinali
2065 4113 2324 4173 tanquam

760 4196 993 4267 quodam
1010 4194 1155 4249 ferro
1177 4206 1232 4249 et
1256 4194 1894 4249 iustrumentodivisorio
1913 4209 2006 4263 per
2023 4195 2168 4263 quod
2189 4195 2326 4249 divi-

764 4301 956 4341 narum
993 4284 1398 4355 Scripturarum
1442 4298 1507 4337 ex
1544 4282 1878 4337 obscuritate
1928 4293 2240 4338 contextum
2273 4295 2327 4339 et

2422 3195 2660 3265 σιδήριον
2681 3187 2830 3261 ᾧτινι
2851 3193 3090 3264 σχίζεται
3117 3199 3183 3247 τὰ
3206 3193 3358 3258 ξύλα,
3380 3195 3412 3265 ἦ
3438 3195 3482 3246 δ’
3497 3195 3557 3246 οὐ
3573 3194 3709 3262 μετά
3726 3193 3829 3263 τὴν
3852 3193 3992 3260 πρώ-

2419 3300 2519 3352 την
2553 3286 2729 3353 σχίσιν
2757 3285 2849 3336 έπὶ
2893 3283 3056 3336 πλέον
3089 3283 3355 3337 διϊσταται
3384 3285 3477 3336 ἀπ’
3501 3283 3764 3353 ἀλλήλω),
3800 3285 3892 3336 καὶ
3915 3285 3991 3342 είς

2423 3374 2765 3444 περιγραφὴν
2816 3372 3178 3442 ἀπαρτίζεται
3241 3373 3396 3438 ἰδίαν,
3435 3392 3453 3424 ι
3483 3372 3782 3426 κινδυνεύει
3814 3373 3874 3425 έν
3899 3373 3992 3424 αὐ-

2422 3467 2551 3526 τοῖς,
2577 3483 2596 3514 ι
2624 3464 2720 3533 τῆς
2745 3463 2954 3517 ἐκεῖθεν
2979 3463 3222 3531 δηλονότι
3263 3462 3666 3532 ἀφαιρούμενος
3697 3462 3987 3531 ὠφελείας*

2423 3555 2517 3608 καὶ
2549 3554 2866 3625 συνταράξει
2894 3555 2954 3608 τὺ
2985 3555 3296 3626 πρόσωπον,
3346 3555 3467 3607 ἀντὶ
3499 3553 3593 3608 τοῦ
3627 3554 3992 3625 φαιδρυνομέ-

2423 3663 2514 3698 νου
2565 3648 2622 3698 ὲν
2659 3644 2954 3715 ἱλαρότητι,
3027 3644 3348 3715 σκυθρωπὸν
3390 3645 3813 3716 ἀναδεδεγμένος
3840 3661 3856 3676 ⁶
3902 3645 3994 3700 καὶ

2417 3731 2677 3801 δυνάμεις
2727 3732 3034 3800 δυναμώσει
3084 3733 3205 3787 ὅσαι
3257 3733 3634 3789 διεϐἀσκαινον
3678 3736 3866 3799 αὐτὸν,
3897 3736 3993 3803 τὴν

2425 3823 2588 3876 αὐτοῦ
2640 3823 2926 3877 ἀσθένειαν
2959 3824 3052 3877 καὶ
3081 3824 3338 3894 ἀπορίαν,
3360 3826 3514 3896 ίσχύν
3557 3827 3695 3880 ίδίαν
3728 3829 3989 3899 περίϐαλε

2424 3914 2676 3984 λομένην,
2734 3915 2889 3968 οὐδέν
2922 3915 3022 3984 τῆς
3046 3917 3103 3968 ὲν
3131 3919 3196 3986 τῇ
3236 3917 3454 3988 ἀνδρείᾳ
3481 3918 3646 3971 αὐτοῦ
3669 3936 3990 3990 συνεπαμυ-

2427 4006 2644 4075 νούσης,
2696 4006 2810 4058 ἀλλ’
2843 4008 2920 4069 εἰς
2959 4007 3020 4058 τὸ
3050 4008 3302 4075 περιττὸν
3345 4011 3438 4061 καὶ
3493 4011 3765 4080 ἄχρηστον
3785 4012 3874 4066 διὰ
3897 4013 3994 4083 τὴν

2425 4097 2697 4151 ἔκπτωσιν
2747 4097 2839 4150 τοῦ
2865 4098 3084 4170 σιδήρου
3119 4098 3503 4170 διαλυομένης.
3537 4103 3751 4173 Ὠσπερ
3785 4103 3881 4157 οὐν
3903 4105 3994 4158 ἐπὶ

2425 4187 2520 4241 τοῦ
2567 4188 2841 4258 σχίζοντος
2889 4189 2958 4243 ca
3003 4189 3153 4255 ξύλα,
3204 4191 3299 4243 ὲάν
3359 4192 3566 4263 ἐκπέσῃ
3621 4193 3681 4246 τὸ
3729 4194 3992 4267 σιδήριον,

2427 4277 2684 4332 τοσαῦται
2724 4279 3190 4350 παρακολουθοῦσι
3217 4283 3495 4354 συμφοραὶ
3523 4285 3615 4336 καὶ
3637 4285 3996 4357 καταλαμϐά-

763 4373 1157 4427 connexionem
1203 4372 1271 4425 ad
1297 4373 1525 4426 invicem
1567 4381 1621 4425 et
1642 4380 1765 4440 apte
1785 4380 1840 4425 et
1861 4381 1917 4425 ut
1946 4372 2182 4441 Spiritus
2210 4373 2318 4426 vult

2430 4388 2579 4425 νουσι
2608 4372 2706 4441 τὴν
2733 4375 2797 4425 εκ
2830 4372 2928 4441 τῆς
2958 4371 3053 4426 τοῦ
3080 4373 3237 4438 ξύλου
3269 4374 3585 4444 διαιρέσεως
3615 4379 3712 4431 καὶ
3743 4383 3996 4451 innup-

762 4464 932 4535 gratia
952 4461 1183 4532 explicat
1201 4471 1254 4517 et
1269 4477 1362 4530 per
1382 4474 1566 4531 partes
1595 4463 1889 4518 subdividit
1915 4478 2010 4532 per
2033 4465 2318 4519 animabus

2432 4464 2554 4532 γίας
2575 4465 2634 4516 έν
2660 4465 2961 4536 αὐταρκείᾳ
3007 4465 3303 4534 δυνάμενον
3343 4464 3492 4534 βιοῦν
3518 4482 3531 4496 ·
3580 4465 3725 4519 οὕτω
3749 4468 3844 4521 καὶ
3876 4472 3904 4522 δ
3925 4469 3999 4538 τῷ

764 4555 946 4611 utilem
979 4553 1482 4624 interpretationem
1511 4554 1615 4609 sibi
1641 4555 1676 4623 ί,
1698 4555 1744 4609 si
1795 4555 2132 4624 spiritualein
2162 4555 2324 4610 vitam

761 4652 1066 4706 conservat.
1093 4644 1372 4699 auditores
1401 4644 1468 4697 ad
1495 4643 1635 4698 hanc
1670 4645 1876 4699 ducens
1897 4654 1952 4698 et
1973 4645 2220 4699 hortans.

2432 4555 2574 4624 λόγῳ
2608 4553 2886 4624 χρώμενος
2914 4555 2992 4625 τῷ
3008 4553 3370 4626 διδασκαλικῷ
3394 4555 3646 4628 καθάπερ
3664 4561 3768 4611 τινὶ
3797 4559 4001 4630 σιδήρῳ

2435 4650 2526 4700 καὶ
2575 4649 2790 4717 δργάνῳ
2839 4647 3156 4716 διαιρετικῷ
3185 4647 3252 4699 δι’
3295 4643 3356 4702 οὗ
3395 4649 3496 4718 τὴν
3549 4652 3706 4703 θείων
3765 4651 4002 4722 Γραφῶν

761 4737 850 4794 διὰ
903 4739 1002 4810 τῆς
1053 4735 1320 4803 ἀσαφείας
1383 4732 1659 4804 σύμφυσιν
1696 4751 1754 4788 τε
1806 4735 1901 4789 καὶ
1934 4737 2243 4807 συναίρεσιν
2311 4739 2657 4809 καταλλήλως
2697 4757 2756 4792 τε
2786 4741 2880 4792 κα)⁸
2930 4739 3226 4810 προσφυῶς
3260 4741 3354 4793 καὶ
3377 4740 3453 4804 ὡς
3485 4742 3516 4811 ἡ
3551 4740 3645 4796 τοῦ
3687 4743 4001 4814 Πνεύματος

765 4833 1010 4906 βούλεται
1057 4830 1216 4900 χάρις
1280 4828 1617 4882 ἀναπτύσσει
1676 4845 1738 4882 τε
1801 4831 1896 4882 καὶ
1959 4831 2064 4884 ἀνά
2108 4831 2271 4901 μέρος
2337 4833 2632 4904 συνδιαιρεῖ
2686 4832 2773 4886 διὰ
2814 4835 2911 4902 τῆς
2951 4831 3304 4901 ψυχωφελοῦς
3363 4832 3658 4903 ἑρμηνείας
3682 4834 3864 4905 έαυτῷ
3910 4835 4003 4906 τὴν

767 4923 1141 4999 πνευματικὴν
1187 4923 1334 4993 ζωὴν
1389 4923 1678 4992 συντηρεῖ,
1735 4922 1861 4983 τοὺς
1915 4922 2184 4992 ἀκροατὰς
2226 4923 2318 4976 επὶ
2354 4923 2558 4992 ταύτην
2581 4922 2789 4991 ὁδηγῶν
2814 4940 2872 4975 τε
2902 4924 2995 4975 καὶ
3017 4921 3368 4991 παρακαλῶν.

837 5018 896 5074 Si
925 5032 1053 5072 vero
1085 5015 1348 5072 doctrina:
1375 5015 1728 5070 accuratione
1756 5025 1811 5068 et
1837 5013 1904 5067 ad
1931 5017 2182 5084 pietatem
2215 5015 2330 5070 sin-

766 5111 995 5168 ceritate
1051 5119 1106 5164 et
1155 5108 1410 5162 acumine
1463 5108 1668 5162 latente
1722 5107 1899 5177 ipsum
1946 5108 2327 5163 discretionem

768 5203 1098 5273 scriptorum
1131 5208 1188 5255 et
1214 5199 1635 5269 explicationem
1673 5197 1998 5268 protulerit,
2033 5214 2212 5269 neque
2238 5214 2329 5254 or-

679 5306 687 5315 °
769 5291 1020 5347 thodoxis
1053 5290 1481 5345 thenrematibus
1511 5304 1734 5344 sensum
1779 5289 2199 5357 interpretetur,
2240 5291 2331 5344 sed

769 5383 834 5436 ad
869 5382 1100 5436 haeresin
1131 5380 1430 5450 quamdam
1461 5389 1516 5433 et
1545 5379 1821 5448 opinionis
1845 5379 2108 5433 vilitatem
2136 5379 2334 5434 salvin-

770 5487 891 5526 cum
916 5473 1139 5527 verbum
1161 5471 1412 5527 decidere
1437 5471 1600 5535 sinat,
1629 5472 1682 5525 is
1711 5485 1838 5524 vere
1865 5478 1919 5525 et
1943 5471 2151 5525 vultum
2170 5486 2330 5540 quem

770 5579 800 5616 a
835 5563 1103 5634 principio
1145 5564 1400 5617 induebat
1442 5563 1732 5616 orthodoxi
1765 5563 2063 5632 magisterii
2094 5562 2332 5617 confun-

771 5656 850 5707 ilit
895 5665 949 5708 et
1001 5654 1223 5717 turbat,
1276 5664 1329 5708 et
1383 5655 1698 5707 auditorum
1751 5653 1964 5708 animas
2013 5669 2113 5722 pro
2161 5654 2335 5708 salute

773 5745 973 5798 damno
1003 5745 1221 5812 implet:
1261 5755 1312 5798 et
1347 5744 1572 5797 virtutes
1611 5742 1829 5812 quidem
1863 5743 2142 5797 roboravit
2167 5784 2181 5806 ,
2215 5759 2336 5813 quae

2513 5017 2636 5068 Ἐὰν
2665 5016 2721 5068 δὲ
2747 5017 2807 5068 τὸ
2839 5016 2936 5085 τῆς
2965 5014 3311 5077 διδασκαλίας
3338 5014 3566 5084 ἀκριϐὲς
3615 5017 3709 5067 καὶ
3738 5017 3882 5085 πρὸς
3903 5017 4001 5088 τὴν

2431 5106 2710 5160 εὐσέϐειαν
2733 5105 3018 5175 είλικρινες
3045 5106 3138 5159 καὶ
3161 5106 3495 5175 ἠκονημένον
3527 5103 3684 5160 λαθὸν
3712 5107 3880 5161 αὐτὸν
3907 5110 4001 5178 τὴν

2431 5197 2692 5263 διαίρεσιν
2714 5196 2822 5249 τῶν
2864 5196 3264 5268 γεγραμμένων
3296 5197 3390 5250 καὶ
3421 5198 3716 5266 σαφήνειαν
3744 5199 4003 5269 προενέγο

2435 5304 2526 5359 κῃ,
2561 5289 2685 5358 μηδ’
2723 5288 3021 5358 δρθοδόξοις
3039 5288 3356 5357 θεωρήμασι
3391 5287 3489 5356 τὴν
3511 5286 3751 5341 διάνοιαν
3779 5289 4002 5360 διερμη-

2436 5380 2585 5452 νεύῃ,
2618 5380 2753 5434 ἀλλά
2783 5381 2918 5450 πρὸς
2945 5379 3156 5450 αἵρεσίν
3200 5396 3322 5432 τινα
3359 5381 3453 5433 καὶ
3487 5379 3644 5448 δόξης
3697 5379 4004 5448 φαυλότητα

2435 5473 2525 5524 τὸν
2551 5473 2817 5543 σωτήριον
2847 5473 3004 5540 λόγον
3030 5472 3307 5525 διαπεσεῖν
3325 5471 3480 5544 ἐάσῃ,
3506 5466 3660 5535 οὗτος
3685 5471 3763 5534 ῶς
3795 5471 4006 5541 ἀληθῶς

2441 5563 2532 5612 καὶ
2554 5562 2614 5612 τὸ
2645 5575 2934 5630 προσωπον
2963 5563 3098 5631 οπερ
3131 5561 3189 5626 έξ
3220 5562 3395 5631 ἀρχῆς
3425 5561 3707 5632 περιέθετο
3735 5562 3830 5630 τῆς
3857 5561 4004 5631 δρθοο

2439 5649 2695 5720 δοξούσης
2729 5651 3077 5714 διδασκαλίας
3111 5654 3300 5719 συγχεί
3332 5651 3425 5703 καὶ
3455 5649 3742 5720 ταράσσει,
3783 5652 3882 5704 καὶ
3913 5652 4004 5710 τὰς

2443 5743 2550 5796 τῶν
2575 5741 2856 5812 ἀκροατῶν
2897 5741 3074 5811 ψυχὰς
3125 5742 3243 5793 ἀντὶ
3305 5741 3575 5810 σωτηρίας
3624 5740 3834 5810 βλάϐης
3882 5742 4003 5794 ἀνι-
