4186 6444
201 463 312 526 ιεδ

1045 464 1143 522 ΑΙ)
1181 460 1770 523 AMPHILOCHIUM
1820 457 2166 533 QUIESTIO
2190 444 2194 446 Ὗ
2220 456 2424 530 LXIV,
2462 455 2631 517 LXV.

3354 457 3464 524 £26

201 574 433 643 ¹ετλήσσει
460 588 475 603 ⁸
506 574 602 627 καὶ
640 573 893 643 δυνάμεις
932 574 1032 643 μὲν
1054 575 1458 645 ὲνεδυνάμωσεν
1491 616 1507 641 ,
1543 574 1599 629 αἳ
1671 573 1787 626 δια-

1888 571 2192 626 invidentes
2218 569 2269 625 ei
2298 576 2443 623 recte
2466 563 2767 621 ambulanti
2794 564 2944 634 prius
2965 565 3281 635 quarebant
3328 567 3463 623 insi-

202 664 565 734 φθονούμεναι
588 665 749 719 αὐτὸν
762 665 1113 736 εὐοδούμενον
1137 667 1398 737 πρότερον
1419 667 1644 736 ιξήτουν
1664 667 1784 719 επι-

201 754 491 809 δουλεῦσαι
526 756 623 809 καὶ
643 757 1026 825 ἀντιπράττειν
1056 757 1425 825 ἐφιλονείκουν
1445 772 1459 786 ο
1496 757 1697 818 taurbe
1725 756 1783 809 δι

201 846 404 915 ἀσθενῆ
434 848 528 899 καὶ
549 847 1021 919 κατασεσλημένον
1068 850 1258 916 ἔδειξε,
1294 850 1390 903 καὶ
1412 848 1509 919 τὴν
1533 845 1779 920 ἐμπροσ-

202 935 297 987 θεν
330 936 753 1008 θαυμαζομένην
785 938 952 993 αὑτοῦ
978 938 1172 1007 σοφίαν
1217 942 1296 1002 είς
1318 940 1378 993 τὸ
1404 940 1660 1009 περιττὸν
1685 940 1781 992 καὶ

205 1027 436 1095 μάταιον
486 1030 959 1101 κατενηνεγμένην
1008 1030 1315 1100 διήλεγξεν.
1357 1031 1415 1086 '0
1466 1032 1647 1103 μέντοι
1695 1031 1783 1084 τὸν

200 1114 329 1168 νοῦν
356 1116 614 1187 ἀνδρεῖος,
650 1117 744 1171 καὶ
782 1120 906 1182 τοὺς
946 1119 1291 1190 ἐπηρμένους
1339 1119 1445 1181 τῶν
1494 1119 1786 1190 αἱρετικων

201 1205 497 1276 λογισμοὺς
513 1206 823 1279 πολιορκεῖν
846 1209 1009 1288 αὑτοῦ
1049 1208 1147 1279 τὴν
1174 1209 1341 1280 ὀρθὴν
1367 1209 1524 1273 δόξαν
1555 1208 1783 1263 διωθούο

205 1313 389 1366 μενος.
415 1298 508 1351 καὶ
532 1297 611 1368 τῷ
641 1298 894 1369 τμητικῷ
931 1299 1029 1353 τοῦ
1061 1298 1378 1370 ῐινεύματος
1424 1300 1588 1371 λόγῳ,
1639 1301 1781 1354 ὲκεί-

205 1406 314 1440 νων
344 1388 443 1457 μὶν
460 1391 584 1453 τοὺς
601 1390 1152 1460 παρεμϐαλλομένους
1194 1390 1380 1455 λοξοὺς
1438 1392 1652 1455 καὶτὰς
1689 1408 1782 1444 συο

204 1481 446 1550 στροφὰς
473 1481 582 1533 τῶν
597 1484 950 1551 σοφισμάτων
991 1482 1291 1553 ἐκτέμνων,
1316 1482 1413 1552 τὴν
1440 1482 1484 1536 δ’
1528 1482 1784 1554 ἀληθινὴν

1886 660 2025 716 diari
2065 669 2121 715 et
2149 669 2337 714 contra
2372 672 2495 713 eum
2522 669 2682 726 agere
2703 652 3054 722 nitebantur;
3089 656 3330 727 seipsum
3364 670 3465 710 au-

1886 762 1993 807 tem
2029 752 2305 806 inﬁrmum
2340 757 2396 804 et
2424 748 2699 818 deiectum
2724 746 2986 805 ostendit.
3020 755 3075 803 et
3103 757 3261 802 antea
3294 747 3467 803 admi-

1886 843 2087 899 rationi
2132 842 2373 897 hahitam
2417 854 2576 895 suam
2612 838 2940 908 sapientiam
2978 838 3034 892 in
3066 853 3463 908 supervacuum

1884 948 1939 993 et
1967 950 2166 989 vanum
2195 933 2429 988 delatam
2455 930 2726 1003 coarguit.
2749 929 2853 996 Qui
2879 938 3060 985 tamen
3083 940 3265 985 mente
3290 930 3467 985 virilis

1883 1039 1939 1083 et
1988 1029 2160 1081 elatas
2224 1025 2608 1092 hereticorum
2664 1021 2909 1076 rationes
2963 1020 3031 1075 ad
3089 1020 3466 1075 debellandam

1885 1116 2057 1188 ipsius
2089 1122 2296 1171 rectam
2332 1114 2493 1169 ﬁdem
2533 1112 2802 1182 repellens
2824 1151 2839 1177 ,
2880 1120 2936 1166 et
2967 1111 3195 1167 incisivo
3230 1110 3469 1181 Spiritus

1884 1210 2093 1273 verbo,
2153 1208 2370 1263 illorum
2423 1204 2641 1275 quidem
2692 1202 3070 1258 immissiones
3118 1203 3371 1273 obliquas
3414 1210 3472 1257 et

1883 1315 2141 1370 perversa
2190 1298 2531 1369 sophismata
2574 1294 2902 1352 exscindens
2927 1333 2943 1357 ,
2982 1308 3170 1349 veram
3214 1294 3374 1349 (idem
3417 1302 3472 1349 et

1886 1391 2055 1446 Deum
2104 1390 2465 1446 bonorantem
2506 1397 2561 1443 et
2599 1386 2797 1441 virtuti
2834 1384 3201 1441 adhaerentem
3241 1384 3473 1440 mundat

1883 1492 1939 1537 et
1963 1482 2031 1536 ab
2057 1480 2520 1536 obumbrantibus
2550 1486 2604 1533 et
2627 1484 2844 1547 separat
2863 1517 2879 1540 .
2913 1476 2959 1532 si
2990 1476 3122 1546 quid
3155 1475 3241 1531 his
3270 1475 3341 1531 ab
3368 1490 3468 1530 ex-

198 1568 365 1635 ὃόξαν
420 1570 514 1623 καὶ
542 1571 677 1624 Θεὸν
728 1572 977 1642 τιμῶσαν
1018 1574 1115 1627 καὶ
1168 1573 1373 1650 ἀρετῆς
1420 1576 1786 1644 ἀπεχομένην

1888 1572 2130 1627 trinseco
2170 1581 2225 1626 et
2251 1570 2319 1625 ab
2341 1568 2584 1625 inimicis
2615 1567 2897 1623 allricatur
2928 1566 3269 1637 illegitimum
3291 1606 3307 1631 ,
3343 1564 3473 1620 huic

203 1661 616 1733 περικαθαίρων
641 1679 702 1715 τε
717 1663 826 1717 τῶν
854 1665 1289 1729 ἑπισκιαξόντων
1313 1666 1408 1719 καὶ
1434 1666 1785 1737 ἀποδιαιρού-

1888 1676 2171 1733 nunquam
2224 1659 2430 1715 ferrum
2488 1674 2557 1714 ne
2612 1658 2845 1713 latenter
2895 1657 3114 1727 quidem
3161 1654 3468 1719 exciderit,

204 1767 391 1818 μενος,
436 1751 491 1804 εί
520 1769 572 1805 τι
601 1754 815 1819 τούτοις
838 1755 1039 1822 έξωθεν
1080 1758 1177 1811 καὶ
1225 1756 1377 1827 παρά
1423 1757 1531 1810 τῶν
1578 1758 1788 1828 ὶχθρῶν

1889 1771 2065 1827 neque
2090 1772 2155 1810 ex
2185 1754 2491 1825 proditione
2514 1752 2662 1807 ullus
2689 1750 3129 1821 pessumdantem
3150 1747 3468 1823 convincet;

200 1842 592 1911 προστρίϐεται
634 1844 808 1909 νόθον,
844 1848 1035 1901 τοῦτον
1079 1848 1340 1902 οὐδέποτε
1397 1849 1460 1901 τὸ
1519 1848 1781 1921 σιδήριον.

1892 1848 1987 1904 sed
2015 1857 2068 1903 et
2108 1863 2139 1901 a
2181 1843 2449 1915 principio
2495 1844 2703 1898 vultum
2746 1840 3144 1897 immutabilem
3188 1848 3244 1894 et
3281 1838 3471 1894 turba-

198 1902 329 1984 ούτε
365 1902 526 1986 λαθὸν
554 1902 807 2008 διαπέσῃ,
836 1938 957 1990 οὐδε
996 1939 1063 1992 ὲκ
1102 1939 1392 2008 προδοσίας
1447 1902 1789 2005 οὐδεὶς.Ιάπᾷ

1896 1941 2041 1997 tione
2074 1902 2224 1996 omni
2264 1902 2589 1995 mundatum
2625 1935 3009 1998 conservabit;
3056 1941 3111 1989 et
3136 1948 3231 1989 eas
3258 1948 3381 2002 qua
3414 1931 3467 1986 in

197 2020 437 2076 λέσαντα
464 2023 725 2093 διελέγξει
754 2044 772 2059 ο
807 2026 945 2081 ἀλλά
980 2026 1154 2081 καὶτὸ
1182 2028 1241 2093 ἐξ
1272 2028 1447 2098 ἀρχῆς
1500 2029 1789 2099 πρόσωπον

1895 2051 1954 2090 se
1997 2043 2128 2089 sunt
2174 2032 2455 2088 naturales
2506 2031 2652 2086 vires
2700 2027 2978 2083 additioue
3027 2041 3217 2082 earum
3271 2040 3395 2094 qua:
3438 2039 3468 2078 a

198 2113 561 2169 ἀναλλοίωτον
592 2117 685 2170 καὶ
714 2121 963 2189 ταραχῆς
993 2122 1213 2191 ἀπάσης
1271 2120 1786 2192 ἀνακεκαθαρμένον

1893 2125 2065 2196 gratia
2116 2132 2244 2179 sunt
2298 2122 2611 2187 roborabit,
2641 2121 2936 2177 ostendens
2988 2134 3172 2173 revera
3201 2125 3468 2187 quantum

200 2207 534 2277 συντηρήσει
561 2223 577 2238 ·
609 2209 705 2263 καὶ
730 2212 831 2275 τάς
862 2214 921 2265 εν
951 2212 1101 2283 αύτῷ
1158 2213 1396 2281 φυσικάς
1426 2211 1685 2281 δυνάμεις
1714 2215 1780 2284 τῇ

1888 2224 2104 2286 superet
2132 2214 2232 2269 viri
2266 2214 2476 2270 cordati
2510 2212 2777 2282 sapientia
2809 2210 2983 2264 timidi
3012 2210 3284 2279 ignaviam
3312 2218 3365 2262 et
3392 2205 3471 2262 fa-

198 2293 489 2365 προσθήκῃ
507 2296 617 2350 τῶν
641 2298 748 2353 ἀπὸ
775 2301 875 2371 τῆς
895 2302 1117 2372 χάριτος
1138 2304 1472 2372 δυναμώσει.
1498 2301 1679 2367 δείξας
1705 2302 1781 2366 ὼς

196 2382 416 2454 ἀληθῶς
463 2385 586 2440 ὅσον
626 2392 941 2459 περισσεύει
982 2391 1075 2446 τοῦ
1134 2393 1380 2464 ἀνδρείου
1411 2394 1444 2465 ἡ
1474 2392 1638 2461 σοφία
1683 2394 1783 2464 τῆς

194 2473 294 2525 τοῦ
321 2473 499 2529 δειλοῦ
530 2479 797 2550 ῥᾳθυμίας
845 2485 940 2536 καὶ
968 2484 1154 2554 ῥᾳδίου
1188 2487 1303 2548 τοῖς
1333 2484 1515 2555 ἔργοις
1571 2484 1778 2538 ἁλῶναι

200 2564 411 2635 πολλὴν
438 2566 498 2637 εχ
532 2587 653 2634 ντος
684 2571 782 2640 τὴν
813 2574 1171 2643 ἀναλγησίαν.

743 2686 1078 2739 ΕΡΩΤΗΣΙΣ
1108 2688 1229 2743 ΞΕ’.

197 2771 357 2837 Πρικς
412 2774 545 2827 τινα
579 2777 815 2829 σκοπὸν
860 2778 1189 2832 ἀποϐλέπει
1250 2780 1319 2831 τό
1350 2794 1364 2807 ·
1404 2798 1421 2829 ι
1464 2780 1653 2832 Γενεά
1676 2794 1781 2831 aro-

260 2842 511 2919 p§é€ta£
532 2845 627 2897 καί
672 2848 847 2913 γενεὰ
901 2847 1155 2916 ἔρχεται,
1204 2849 1242 2915 ἠ
1286 2848 1354 2901 δὲ
1398 2846 1477 2917 τῆ
1524 2850 1612 2914 είς
1671 2848 1779 2901 τὸν

264 2911 452 2964 αἰῶνα
479 2911 760 2981 ἔστηκεν.
790 2933 811 2966 s

1884 2305 2006 2359 cilis
2054 2304 2314 2374 operibus
2360 2304 2479 2373 capi
2516 2302 2741 2357 multam
2775 2299 3028 2356 habentis
3076 2295 3468 2352 insensibilita-

1885 2403 2014 2450 tem.

2211 2678 2535 2747 QUAESTIO
2570 2678 2705 2735 va
2754 2678 2863 2753 [αι.
2902 2678 3059 2735 wa
3079 2678 3122 2751 ι.

1891 2774 1969 2827 Ad
2011 2790 2162 2842 quem
2203 2773 2359 2839 liuent
2391 2782 2594 2841 spectat
2634 2772 2770 2826 illud
2807 2787 2826 2825 .'
2864 2791 2883 2822 ι
2916 2771 3197 2826 ϐεηεναιὶο
3235 2771 3471 2839 praeterit

1957 2852 2005 2896 et
2060 2844 2325 2912 generatio
2383 2843 2631 2903 advenit.
2683 2852 2825 2895 terra
2879 2852 3054 2896 autem
3109 2844 3166 2895 in
3215 2855 3471 2898 aeternam

1955 2921 2081 2966 stat.
2121 2930 2139 2962 ι

1242 3075 1383 3126 Edita
1404 3090 1430 3125 a
1451 3075 1591 3137 Maio,
1627 3077 1659 3126 l.
1686 3088 1726 3125 c.
1757 3088 1805 3137 p.
1842 3073 2007 3123 78-80.
2032 3073 2086 3123 In
2120 3072 2283 3122 Eccle.
2311 3084 2345 3133 ι,
2383 3072 2429 3123 ι.

265 3220 451 3275 Εἰπὼν
476 3220 588 3274 τῶν
618 3222 919 3294 ἀνθρώπων
952 3226 980 3278 ὁ
1009 3226 1260 3296 Σολομὼν
1290 3227 1354 3281 τά
1389 3228 1780 3298 σπουδάσματα
1805 3236 1812 3274 4

1951 3222 2086 3278 Cum
2131 3223 2360 3279 dixisset
2389 3222 2685 3278 hominum.
2714 3220 2937 3279 Salomo
2979 3223 3155 3280 studia
3197 3232 3253 3279 et
3292 3224 3472 3281 conti-

191 3314 290 3366 καὶ
334 3314 461 3373 τοὺς
515 3312 780 3382 διηνεκεῖς
834 3314 1032 3379 πόνους
1065 3316 1158 3380 οὓς
1210 3320 1339 3390 περὶ
1376 3320 1478 3390 τὴν
1542 3319 1634 3374 τοῦ
1672 3319 1787 3389 βίου

188 3403 496 3457 ἀπόλαυσιν
546 3403 996 3469 καταϐάλλονται,
1045 3405 1358 3479 διαθαρῤεῖν
1424 3412 1503 3473 είς
1567 3411 1787 3479 ματαιό-

188 3510 354 3564 τητα⁹
400 3494 495 3547 καὶ
542 3494 707 3563 μηδὲν
759 3496 922 3549 πλέον
974 3498 1248 3567 εὑρίσκειν
1300 3500 1491 3571 κέρδος
1525 3501 1615 3555 τὸν
1693 3520 1789 3571 μο-

186 3585 427 3655 χθοῦντα
457 3586 553 3639 καὶ
576 3587 850 3642 κοπιῶντα
885 3587 980 3643 τοῦ
1013 3588 1150 3660 πρὸς
1184 3591 1351 3661 μηδὲν
1416 3593 1620 3646 τούτων
1670 3596 1788 3657 ταῖς

189 3678 493 3745 μερίμναις
521 3676 942 3743 ἀποϐλέποντος,
973 3679 1087 3733 ἀλλ’
1115 3682 1318 3751 ὁμοίως
1368 3682 1467 3752 μεν
1524 3686 1635 3749 τοῖς
1681 3702 1786 3738 σω-

188 3768 452 3836 ματικοῖς
500 3767 723 3822 πάθεσιν
784 3769 1160 3841 ὑποκείμενον,
1205 3774 1265 3828 ἑν
1305 3772 1404 3845 ίσῳ
1439 3774 1495 3828 δὲ
1524 3776 1660 3846 πρὸς
1692 3778 1788 3830 ἀλ-

186 3861 413 3913 λοίωσιν
469 3859 565 3913 καὶ⁵
612 3860 819 3931 φθορὰν
870 3864 1061 3932 ἔχοντα
1108 3863 1167 3916 τδ
1210 3864 1370 3935 σῶμα
1410 3866 1781 3937 διακείμενον,

184 3952 331 4015 πρὸς
373 3952 560 4019 ὅμοιον
603 3952 659 4005 δὲ
712 3952 863 4017 τέλος
906 3954 1157 4007 όδεύοντα
1202 3956 1292 4008 καὶ
1342 3956 1774 4027 καταδυόμενον.

183 4039 380 4093 Ταῦτα
415 4038 591 4096 εἰπὼν,
611 4042 701 4093 καί
725 4041 1129 4113 ἐπιδειξάμενος
1161 4043 1250 4096 διὰ
1276 4044 1368 4097 τοῦ
1396 4045 1571 4099 εἰπεῖν
1596 4062 1609 4076 ο
1638 4065 1657 4098 ι
1688 4048 1783 4110 Τίς

183 4130 482 4199 περισσεία
509 4130 586 4200 τῷ
607 4129 879 4201 ἀνθρώπῳ
904 4133 962 4186 iv
989 4134 1153 4186 παντὶ
1189 4134 1371 4204 μόχθῳ
1396 4135 1557 4189 αὑτοῦ
1604 4130 1648 4203 ᾧ
1680 4155 1779 4207 μου

198 4220 326 4289 χοεῖ
365 4220 474 4273 ύτιδ
499 4220 592 4273 τὸν
615 4220 765 4290 ἥλιον
794 4222 907 4290 είης
940 4242 958 4274 ι
998 4223 1114 4289 (καὶ
1142 4222 1252 4294 γὰρ
1284 4222 1365 4286 τὺ,
1401 4226 1511 4291 τις,
1545 4226 1779 4281 ὲνταῦθα

182 4312 309 4363 ἀντὶ
338 4311 461 4375 τοῦ,
491 4310 757 4381 οὐδεμία,
788 4312 1162 4381 λαμϐάνεται’
1190 4309 1303 4369 οἷον
1328 4316 1557 4385 οὐδεμία
1586 4334 1774 4387 περισ-

188 4401 399 4471 σοτέρα
431 4399 666 4467 ὠφέλεια
709 4401 790 4471 τῷ
833 4401 1107 4474 ἀνθρώπῳ
1156 4404 1496 4475 περιγίνεται
1527 4407 1586 4459 ἐν
1613 4407 1775 4460 παντὶ

1900 3329 2039 3369 nuos
2064 3315 2277 3369 labores
2305 3329 2445 3383 quos
2478 3315 2548 3370 ad
2580 3316 2701 3369 vitae
2744 3312 3060 3370 fruitionem
3112 3314 3468 3386 impendunt.

1897 3405 2089 3459 cedere
2125 3405 2177 3459 in
2214 3406 2506 3460 vanitatem
2532 3444 2547 3469 ,
2578 3414 2634 3459 et
2658 3404 2870 3460 nullum
2903 3406 3079 3475 majus
3113 3406 3357 3463 invenire
3387 3407 3473 3462 lu-

1896 3511 2047 3549 crum
2087 3511 2315 3567 operose
2357 3504 2605 3567 agentem
2656 3504 2713 3551 et
2757 3495 3092 3551 laborantem
3138 3511 3207 3551 eo
3254 3496 3349 3566 qui
3399 3494 3470 3552 ad

1896 3586 2104 3641 nullum
2147 3587 2343 3643 horum
2388 3588 2536 3643 curis
2584 3587 2836 3659 respicit.
2863 3587 2958 3643 sed
2990 3588 3242 3644 similiter
3270 3601 3469 3659 corpo-

1895 3678 2103 3733 ralibus
2131 3678 2415 3734 affectibus
2440 3677 2772 3749 subjectum,
2793 3693 2949 3749 mque
2974 3688 3153 3733 autem
3183 3677 3251 3733 ad
3274 3678 3471 3733 immn-

1895 3769 2156 3823 tationem
2188 3778 2242 3823 et
2279 3769 2685 3840 corruptionem
2733 3769 3017 3826 habentem
3045 3784 3245 3839 corpus
3274 3767 3467 3838 dispo-

1892 3860 2057 3914 situm
2078 3900 2094 3926 ,
2117 3868 2171 3915 et
2202 3859 2268 3915 ad
2303 3860 2557 3916 eumdem
2592 3860 2755 3916 linem
2784 3870 3095 3932 pergentem
3130 3867 3184 3915 et
3210 3858 3469 3915 occiden-

1892 3960 2039 4015 tem;
2073 3950 2185 4006 haec
2215 3966 2339 4005 cum
2373 3951 2601 4007 dixisset
2638 3958 2693 4006 et
2717 3952 3049 4007 ostendisset
3082 3966 3177 4020 per
3206 3950 3321 4006 hac
3347 3964 3468 4006 ver-

1892 4042 1956 4096 ba
1998 4057 2011 4095 :
2068 4062 2085 4093 ι
2118 4042 2257 4109 Quid
2310 4053 2561 4111 superest
2610 4043 2815 4097 homini
2863 4043 2916 4097 in
2955 4046 3102 4097 omni
3147 4043 3331 4097 labore
3354 4058 3466 4112 quo

1890 4134 2101 4189 laborat
2146 4134 2248 4190 sub
2291 4134 2441 4189 sole?
2481 4152 2498 4186 ι
2539 4133 2808 4203 (Etenim,
2854 4134 3002 4205 quid,
3027 4135 3136 4188 illic
3170 4149 3266 4204 pro
3299 4133 3464 4201 nihil,

1887 4225 2125 4281 sumitur
2151 4242 2165 4290 ;
2201 4227 2362 4293 quale
2390 4235 2473 4280 est
2502 4244 2513 4279 :
2556 4226 2699 4279 nulla
2729 4226 3095 4280 abundantior
3132 4225 3339 4282 utilitas
3366 4226 3466 4282 hoc

1888 4314 2018 4369 mini
2052 4316 2235 4384 prodit
2264 4314 2319 4368 in
2352 4316 2502 4369 omni
2536 4316 2721 4371 labore
2758 4331 2860 4371 suo
2900 4316 3002 4371 sub
3040 4316 3152 4371 sole
3173 4358 3188 4382 ,
3221 4332 3384 4385 quam
3415 4317 3462 4370 si

1886 4406 1953 4461 ad
2000 4406 2137 4461 nihil
2191 4407 2389 4461 horum
2443 4408 2787 4462 atterebatur
2828 4418 2883 4462 et
2932 4408 3204 4463 tendebat.
3247 4406 3461 4462 Etenim

189 4491 384 4562 μόχθῳ
417 4491 585 4545 αὑτοῦ
609 4492 713 4546 ὑπὸ
734 4494 824 4546 τὸν
848 4494 1019 4564 ἥλιον,
1057 4494 1089 4565 ἢ
1125 4496 1175 4548 εί
1208 4497 1345 4565 πρὸς
1376 4497 1543 4567 μηδὲν
1566 4498 1772 4554 τούτων

1888 4513 1993 4552 non
2030 4497 2204 4553 libero
2234 4512 2264 4552 a
2303 4495 2396 4553 tali
2422 4498 2661 4553 vanitate
2695 4498 2893 4554 melius
2924 4499 2979 4553 in
3012 4497 3199 4566 aliquo
3226 4497 3462 4567 disposi-

183 4583 549 4654 κατετρίὸετό
594 4602 653 4637 τε
686 4587 780 4639 καὶ
826 4586 1203 4641 κατετείνετοσ
1229 4588 1291 4641 οὐ
1324 4588 1430 4659 μὴν
1464 4590 1585 4643 οὐδὲ
1630 4593 1768 4663 πρὸς
1804 4572 1812 4626 ¹

1888 4601 1968 4648 tus
1991 4592 2339 4658 ostenditur),
2362 4593 2627 4648 absistere
2646 4593 2807 4662 igitur
2831 4609 2863 4649 a
2892 4593 3074 4649 studio
3098 4595 3241 4649 circa
3265 4593 3382 4649 haec
3405 4600 3462 4648 et

180 4676 280 4727 τὸν
313 4673 735 4744 ἀπηλλαγμένον
765 4677 1022 4748 τοιαύτης
1057 4680 1417 4748 ματαιότητος
1449 4681 1670 4751 ἄμεινόν
1714 4700 1768 4737 τι

1888 4683 2117 4737 vanitate
2172 4681 2383 4737 inducit
2425 4682 2888 4738 exhortationem.
2942 4680 3057 4739 Sub
3114 4682 3229 4738 sole
3277 4692 3455 4737 autem

181 4764 538 4833 διακείμενος
580 4765 923 4833 δείκνυταιο)
968 4770 1267 4836 ἀφεστᾶναι
1308 4770 1398 4825 διά
1450 4772 1609 4826 τοῦτο
1670 4773 1769 4844 τῆς

1888 4770 2149 4842 appellare
2173 4772 2312 4828 solet
2361 4787 2703 4843 qumcunque
2734 4774 2910 4845 magis
2938 4773 3304 4845 generationis
3330 4780 3461 4829 sunt

182 4854 323 4924 περὶ
353 4852 530 4907 ταῦτα
563 4855 798 4925 σπουδῆς
834 4855 928 4909 καὶ
971 4858 1333 4928 ματαιότητος
1378 4860 1590 4928 είσάγει
1637 4878 1770 4933 παρ-

1888 4862 2180 4919 ministeria
2226 4875 2280 4919 et
2310 4866 2716 4933 corruptionis;
2772 4873 2957 4935 utpote
3000 4864 3143 4920 illius
3184 4864 3456 4919 discrimi-

180 4948 427 4999 αἰνεσιν.
463 4945 599 4998 Ὑπὸ
623 4945 716 4998 τδν
744 4946 892 5014 ἥλιον
914 4948 973 5001 δι
1009 4948 1194 5002 καλεῖν
1222 4949 1412 5004 εῖωθεν
1440 4952 1540 5006 ὅσα
1571 4954 1771 5022 μᾶλλον

1888 4955 1993 5009 nari
2021 4955 2375 5025 corruptione
2397 4954 2670 5011 Creatoris
2699 4955 2867 5012 verbo
2893 4956 3182 5012 ordinante
3208 4963 3452 5011 mstateni

182 5033 464 5104 γενέσεώς
492 5039 641 5091 ἐστιν
672 5038 1070 5110 ὑπηρετήματα
1086 5042 1193 5120 ,καὶ
1221 5041 1426 5113 φθορᾶς
1447 5060 1460 5074 ·
1496 5044 1590 5098 ἀτε
1615 5046 1679 5116 δὴ
1701 5048 1768 5117 τῇ

1888 5059 1925 5104 ιι
1956 5047 2210 5111 hiemem,
2228 5057 2282 5101 et
2310 5062 2433 5117 quae
2458 5050 2597 5102 inter
2622 5049 2735 5103 haec
2752 5055 2880 5103 sunt
2908 5063 3001 5103 ver
3027 5055 3080 5103 et
3107 5056 3451 5102 autumnum.

180 5126 409 5181 ἐκείνου
469 5126 918 5199 συνδιαφίρεσθαι
991 5131 1169 5204 φθορᾷ
1224 5133 1320 5187 τοῦ
1375 5135 1767 5209 δημιουργικοῦ

1888 5138 2011 5207 Quia
2039 5138 2204 5209 igitur
2227 5152 2476 5209 magnam
2510 5148 2717 5207 partem
2746 5137 3000 5193 conducit
3030 5136 3162 5191 solis
3192 5136 3257 5190 ad
3299 5136 3453 5190 hora-

182 5220 355 5285 λόγου
385 5216 648 5283 τάξαντος
680 5218 836 5289 θέρος
870 5223 965 5275 καὶ
990 5222 1257 5292 χειμῶνα,
1304 5226 1401 5279 καὶ
1442 5227 1512 5280 τά
1559 5230 1763 5298 μεταξὺ

1888 5246 1996 5284 rum
2046 5230 2426 5300 generationes
2464 5244 2664 5285 cursus
2688 5267 2703 5293 ,
2742 5230 2825 5284 hae
2863 5236 3044 5284 autem
3077 5224 3453 5296 corporalibus

176 5310 400 5363 τούτων
460 5310 560 5379 ιαρ
616 5327 678 5363 τε
733 5312 827 5364 καὶ
883 5314 1220 5385 μετόπωρον.
1287 5317 1441 5371 Ἐπεὶ
1486 5314 1578 5373 οὖν
1620 5321 1763 5391 μέγα

1888 5333 1923 5378 :t
1964 5323 2219 5377 humanis
2272 5321 2328 5376 in
2379 5321 2533 5391 pejus
2581 5329 2677 5376 aut
2725 5320 2923 5377 melius
2966 5319 3361 5375 mutationibus
3390 5324 3447 5372 et

180 5400 357 5469 μέρος
386 5400 699 5468 συνεισάγει
730 5404 761 5456 ό
787 5401 883 5457 τοῦ
928 5404 1084 5473 ἡλίου
1134 5405 1269 5477 πρὸς
1312 5408 1413 5471 τάς
1464 5408 1572 5463 τῶν
1600 5411 1760 5482 ὡρῶν

1888 5414 2325 5469 ,ηιιειαιὶοιιὶὺιιε
2372 5413 2568 5467 inultas
2611 5412 2934 5468 occasiones
2974 5412 3273 5475 inducunt,
3311 5410 3449 5465 bene

176 5495 434 5563 γενέσεις
467 5496 688 5567 δρόμος,
717 5501 770 5552 αί
797 5499 853 5553 δε
882 5503 1001 5565 ταῖς
1046 5506 1388 5570 σωματικαῖς
1426 5507 1520 5559 καὶ
1549 5507 1760 5580 ἀνθρω-

1888 5507 2021 5561 circa
2049 5506 2164 5561 haec
2188 5504 2428 5560 studium
2460 5513 2513 5559 et
2538 5519 2726 5559 curam
2762 5503 3080 5560 denominat
3115 5504 3354 5561 laborem
3393 5511 3449 5560 et

177 5590 377 5651 πίναις
414 5589 509 5641 ἐπὶ
537 5588 597 5642 τὸ
624 5592 804 5660 χεῖρον
843 5591 877 5663 ἢ
926 5592 988 5645 τὸ
1025 5595 1274 5650 κρεῖττον
1320 5596 1640 5653 ἀλλοιώσεσι
1671 5604 1766 5656 καὶ

1888 5599 2176 5655 molestiam
2233 5598 2336 5653 sub
2385 5597 2535 5662 sole,
2585 5597 2639 5652 in
2676 5611 2878 5652 vanum
2951 5597 3227 5654 studiosos
3258 5611 3445 5653 eorum

181 5676 519 5746 μεταϐολαῖς
544 5678 746 5742 πολλὰς
772 5680 1028 5753 ἀφορμὰς
1054 5684 1493 5753 συνεισάγουσιν,
1537 5690 1761 5756 εἰκότως

1888 5694 2169 5751 estiticans
2194 5694 2370 5765 atteri.

175 5770 279 5840 τὴν
299 5768 432 5837 περὶ
453 5766 523 5859 τὰ
543 5767 765 5823 τοιαῦτα
791 5772 1026 5842 σπουδὴν
1050 5776 1142 5827 καὶ
1166 5776 1421 5845 φροντίδα
1445 5783 1805 5851 κατονομάζει
1868 5786 2037 5841 κόπον
2078 5789 2171 5841 καὶ
2202 5785 2403 5856 μόχθον
2431 5785 2535 5839 ὑπὸ
2567 5784 2658 5839 τὸν
2684 5784 2858 5855 ἣλιον,
2913 5787 2994 5851 είς
3061 5788 3238 5859 μάνην
3310 5788 3429 5853 τοὺς

176 5858 527 5924 σπουδαστὰς
588 5858 769 5916 αὐτῶν
828 5866 1238 5937 μαρτυρόμενος
1290 5871 1735 5938 κατατρίϐεσθαι.
