4186 6444
723 404 828 470 627

725 630 869 670 nunc
890 615 1159 669 dicit-non
1191 614 1368 668 solum
1397 628 1844 683 unumquemque
1870 629 2060 669 eorum
2089 619 2291 672 nullum

723 702 1070 761 rommodum
1107 702 1392 772 percipere
1436 717 1501 756 ex
1550 702 1824 756 continuis
1862 703 2293 764 distensionihus

724 808 779 851 et
802 795 1081 851 laboribus
1107 834 1124 858 ,
1154 801 1340 863 utpote
1368 809 1464 863 per
1493 795 1895 864 generationem
1923 806 1977 848 et
2011 796 2290 853 interitum

725 888 1038 951 ﬂuentibus,
1069 886 1310 941 studium
1343 886 1667 941 incessabile
1692 894 1748 940 et
1771 900 1960 940 curam
1990 889 2289 958 exciperet,

725 980 820 1035 sed
857 989 910 1034 et
944 993 1108 1048 super
1137 977 1542 1048 generationem
1578 987 1746 1032 totam
1775 978 1954 1032 simile
1988 979 2152 1035 inane
2179 990 2295 1035 stu-

723 1073 876 1126 dium
906 1070 1040 1125 nihil
1076 1071 1257 1124 minus
1285 1070 1468 1124 videre
1505 1085 1629 1126 esse
1661 1071 2152 1139 supervenientem.
2184 1073 2294 1128 Ge-

727 1162 1069 1219 nerationum
1115 1161 1265 1216 enim
1310 1177 1415 1216 una
1445 1162 1664 1231 quidem
1714 1162 1920 1231 optimo
1951 1163 2190 1219 adhaeret
2237 1173 2294 1218 et

727 1255 836 1308 alia
866 1253 1082 1324 quidem
1106 1253 1172 1308 ad
1199 1253 1328 1307 vilia
1350 1266 1573 1324 quoque
1603 1251 1831 1306 inclinat
1857 1271 1874 1318 ;
1925 1254 2012 1307 illa
2047 1255 2151 1309 sub
2179 1255 2302 1310 sole-

729 1344 1102 1399 laborantibus
1132 1344 1323 1400 abiens
1361 1344 1572 1399 tristem
1604 1342 1810 1396 invenit
1839 1355 1891 1396 et
1920 1345 2153 1399 miseriae
2179 1346 2293 1415 ple-

730 1451 859 1490 num
884 1450 1159 1492 recessum
1183 1477 1200 1501 ,
1224 1444 1281 1491 et
1310 1435 1534 1489 veniens
1569 1436 1637 1488 ad
1672 1434 1806 1487 nihil
1833 1435 1965 1488 utile
1993 1435 2133 1487 viam
2167 1450 2294 1503 per.

729 1528 861 1581 licit.
891 1525 995 1580 Sed
1028 1541 1059 1581 e
1089 1525 1366 1580 contrario
1394 1527 1658 1580 molestiae
1687 1533 1742 1580 et
1765 1525 1975 1579 labores
2005 1526 2148 1578 hanc
2181 1541 2296 1594 pre-

729 1627 958 1683 mentes,
991 1633 1094 1687 pro
1111 1633 1177 1671 eo
1202 1627 1260 1671 ut
1281 1616 1556 1684 praebeant
1583 1615 1898 1676 utilitatem,
1923 1617 2148 1670 irrident
2173 1631 2292 1671 eam

1869 407 2132 470 ΡΗΟἸἮ
2157 409 2660 473 PATRIARCH/E
2697 414 2807 474 (ΖΡ.

795 523 901 579 Sed
929 523 1046 578 haec
1063 523 1132 577 de
1152 521 1382 595 singulis
1400 521 1712 577 hominibus
1738 535 1861 576 cum
1897 527 2252 593 pramisisset
2269 564 2292 590 ,
2324 531 2367 588 Α

2483 529 2641 582 Ἀλλά
2672 531 2779 599 γὰρ
2819 527 2992 582 ταῦτα
3027 529 3160 596 περὶ
3191 529 3300 582 τῶν
3328 529 3645 586 καθέκαστα
3676 535 3972 603 προδιαλα-

2403 619 2514 674 σὼν
2537 621 2863 692 ἀνθρώπιον,
2885 620 2979 675 νῦν
3012 639 3177 692 φησιν
3204 620 3279 684 ὡς
3308 623 3371 676 οὔ
3412 623 3576 692 μόνον
3601 625 3832 690 ῐκαστος
3871 630 3940 682 αὑ

2399 711 2509 766 τῶν
2536 712 2689 765 οὐδὲν
2740 713 2930 783 κέρδος
2971 713 3382 783 προσλαμϐάνει
3425 715 3518 768 διά
3573 717 3684 769 τῶν
3728 720 3975 790 συνεχῶς

2401 803 2800 874 περισπασμῶν
2820 803 2916 858 καὶ
2945 802 3054 855 τῶν
3083 803 3283 864 πόνων,
3310 797 3424 857 οἷον
3452 805 3565 860 τῶν
3585 806 3673 860 διά
3701 808 3972 874 γενέσεως

2402 897 2494 950 καὶ
2515 895 2724 965 φθορᾶς
2753 896 3004 960 ῥεόντων,
3029 895 3131 967 τὴν
3156 899 3397 968 σπουδὴν
3419 898 3697 953 ἄπαυστον
3722 899 3819 952 καὶ
3848 900 3973 952 tm-

2403 985 2624 1060 μέλειαν
2652 986 3023 1056 ἀναδέχονται,
3073 987 3211 1041 ἀλλά
3245 989 3339 1042 καὶ
3380 988 3476 1041 ἐπὶ
3509 991 3699 1056 γενεᾶς
3717 989 3852 1060 ὅλης
3876 989 3974 1058 τὴν

2401 1051 2592 1144 όμοίαίν
2615 1051 3015 1130 κενοσπουδίαν
3037 1077 3193 1129 οὐδὲν
3224 1077 3452 1130 ἔλαττον
3502 1051 3635 1148 δρᾷν
3666 1078 3785 1132 εστι
3805 1051 3816 1060 ’
3837 1051 3978 1148 eruis-

2403 1165 2716 1220 ϐαίνουσαν.
2748 1165 2871 1218 Τῶν
2893 1166 3005 1236 γὰρ
3035 1167 3238 1238 γενεῶν
3268 1169 3303 1236 ἢ
3331 1184 3391 1222 τε
3416 1168 3511 1221 τοῦ
3534 1167 3847 1238 κρείττονος
3879 1170 3977 1221 ἀν-

2399 1256 2665 1326 τεχομένη
2702 1257 2797 1309 καὶ
2821 1258 2886 1327 δὴ
2911 1259 3007 1310 καὶ
3031 1261 3065 1327 η
3092 1259 3228 1329 προς
3262 1261 3324 1312 τὸ
3357 1259 3561 1328 φαῦλον
3580 1261 3974 1322 ἀποκλίνουσα,

2400 1348 2434 1416 ἡ
2460 1348 2558 1415 μὲν
2590 1347 2694 1399 ὑπὸ
2719 1349 2811 1400 τὸν
2833 1349 2990 1418 ἥλιον
3015 1349 3322 1419 μοχθήσασι
3351 1353 3703 1422 ἀπερχομένη
3727 1351 3977 1423 σκυθρω-

2401 1435 2502 1488 πὸν
2528 1435 2771 1506 εὑρίσκει
2807 1440 2902 1490 καὶ
2933 1437 3250 1507 ἀθλιότητος
3279 1439 3457 1510 πλήρη
3487 1441 3585 1511 τὴν
3599 1439 3974 1512 ἀναχώρησιν,

2399 1528 2494 1579 καὶ
2540 1528 2810 1598 ἐρχομένη
2853 1531 2990 1597 πρὸς
3011 1530 3164 1583 οὐδὲν
3206 1531 3316 1584 τῶν
3366 1531 3652 1602 χρησίμων
3707 1533 3809 1602 τὴν
3859 1533 3979 1585 ὁδὸν

2398 1616 2550 1669 ἀνύει
2577 1633 2590 1647 ·
2626 1618 2762 1672 ἀλλά
2815 1619 3128 1674 τούναντίον
3184 1621 3371 1691 μόχθοι
3420 1621 3516 1674 καὶ
3569 1622 3729 1676 κόποι
3770 1623 3980 1691 ταύτην

726 1713 794 1766 de
823 1711 1091 1775 vanitate;
1125 1710 1238 1764 haec
1271 1723 1400 1764 vero
1432 1724 1497 1763 ea
1529 1723 1653 1778 qua:
1691 1709 1741 1760 in
1771 1707 2123 1778 generatione
2151 1717 2205 1760 et
2240 1708 2292 1761 in

2408 1707 2790 1774 συνθλίϐοντες,
2821 1711 2945 1765 ἀντὶ
2961 1711 3054 1763 τοῦ
3091 1711 3354 1782 παρέχειν
3390 1712 3611 1780 ὄφελος,
3654 1713 3981 1780 ιπιγελῶσιν

727 1802 1110 1870 corruptione,
1137 1799 1190 1854 id
1219 1811 1304 1853 est
1340 1798 1445 1852 sub
1469 1797 1585 1852 sole
1615 1806 1786 1861 sunt,
1834 1797 2089 1866 prudenti
2127 1813 2289 1852 sensu

2408 1797 2569 1867 αὐτὴν
2598 1799 2695 1868 τῆς
2721 1800 3083 1869 ματαιότητος
3107 1817 3121 1829 ο
3149 1802 3182 1869 η
3204 1800 3264 1854 δλ
3281 1800 3352 1853 τὰ
3383 1803 3445 1853 ὲν
3476 1802 3692 1870 γενέσει
3716 1803 3816 1854 καὶ
3846 1799 3979 1869 φθο-

727 1893 1028 1961 ahjiciens,
1071 1900 1126 1945 et
1182 1891 1448 1945 rationem
1489 1905 1677 1944 eorum
1713 1905 2052 1960 quaecunque
2090 1900 2294 1944 natura:

2408 1891 2767 1958 ρᾷ,τουτέστιν
2791 1891 2858 1942 τά
2889 1891 2994 1944 ὑπὸ
3019 1890 3107 1943 τὸν
3134 1891 3547 1962 ἧλιον,σῶφρονι
3571 1891 3818 1961 λογισμῷ
3839 1909 3984 1962 παρ-

728 1982 1003 2036 vinculum
1061 1979 1542 2049 indeprecabiliter
1591 1995 1698 2034 non
1751 1979 2044 2048 exigebat,
2096 1979 2299 2034 nullam

2408 1981 2681 2052 ωσαμένη,
2703 1983 2799 2035 καὶ
2819 1981 2977 2051 λόγον
3013 1984 3192 2036 αὐτῶν
3217 1985 3317 2038 ὅσα
3359 1985 3436 2054 μὴ
3465 1984 3610 2055 ὁτῆς
3642 1984 3860 2053 φύσεως
3899 1985 3984 2036 δε-

730 2077 961 2140 habens,
984 2073 1081 2128 sed
1129 2087 1253 2143 qua:
1297 2087 1460 2141 supra
1499 2073 1674 2127 solem
1699 2111 1714 2134 ,
1757 2072 1807 2124 id
1843 2080 1928 2125 est
1964 2087 2304 2143 quacunque

2408 2074 2542 2143 σμὸς
2569 2076 2954 2146 ἀπαραιτήτως
2975 2076 3196 2146 ἀπῄτει,
3230 2076 3436 2145 μηδένα
3461 2075 3662 2147 θεμένη
3688 2093 3704 2107 ·
3747 2075 3890 2129 ἀλλά
3917 2074 3982 2128 τὰ

728 2165 952 2221 meliora
981 2172 1226 2219 sunt.....
1254 2165 1322 2218 iis
1353 2179 1477 2232 qua:
1505 2163 1559 2217 in
1594 2166 1942 2233 generatione
1969 2171 2024 2217 et
2057 2165 2300 2231 interitu,

725 2258 1022 2326 exquirens
1047 2263 1102 2309 et
1132 2255 1528 2324 philosophans
1554 2294 1571 2318 ,
1603 2256 1800 2308 anima:
1831 2257 2120 2323 puritatem
2147 2297 2164 2321 ,
2203 2257 2301 2311 mi-

728 2345 1091 2402 sericordiam
1124 2345 1357 2414 proximi
1392 2346 1616 2399 hilarem
1644 2345 1934 2400 iacientem
1965 2353 2019 2398 et
2047 2348 2299 2418 mitigan-

727 2453 964 2494 tern.r-as
993 2455 1115 2508 qua:
1149 2448 1278 2494 sunt
1322 2454 1353 2491 a
1395 2446 1712 2507 paupertate
1747 2437 1968 2506 plagas;
2003 2438 2048 2492 si
2075 2453 2206 2492 vero
2249 2449 2304 2493 et

725 2532 950 2587 omnino
979 2547 1010 2584 a
1039 2531 1358 2585 vulneribus
1403 2529 1688 2584 liherantia
1717 2538 1772 2582 et
1802 2529 1946 2597 quod
1980 2532 2148 2584 totius
2185 2530 2288 2585 dis-

728 2623 1016 2692 positionis
1042 2620 1422 2676 lelieissimum
1449 2630 1503 2673 et
1533 2618 1641 2673 Deo
1673 2619 2013 2674 simillimum
2044 2630 2148 2683 est,
2175 2636 2303 2689 pru-

726 2715 926 2770 dentia:
948 2727 1134 2766 amore
1152 2710 1627 2780 intemperantiam
1650 2711 2070 2764 exterminantia
2094 2717 2148 2763 et
2171 2711 2302 2764 clio-

727 2824 792 2862 ro
833 2807 1064 2860 aliarum
1096 2805 1357 2858 virtutum
1387 2803 1768 2857 consonantia.
1834 2801 1982 2855 llanc
2017 2803 2182 2871 igitur
2211 2817 2304 2870 ge-

728 2901 1063 2954 nerationem
1104 2908 1158 2951 et
1199 2897 1590 2964 complentium
1638 2911 1759 2950 eam
1792 2897 2096 2963 catalogum
2121 2935 2136 2958 ,
2187 2905 2306 2949 tan-

729 3007 891 3059 quam
919 3006 1041 3060 quae
1083 2989 1216 3043 nihil
1262 3003 1454 3042 eorum
1494 3003 1613 3055 qua:
1651 2985 1754 3040 sub
1796 2987 1912 3040 sole
1963 2996 2092 3040 sunt
2123 3001 2306 3056 prose-

729 3092 940 3147 cutum,
963 3095 1141 3150 neque
1160 3095 1284 3134 eum
1317 3079 1382 3131 iis
1406 3094 1530 3147 qua:
1553 3079 1606 3131 in
1637 3079 1985 3149 generatione
2007 3089 2058 3131 et
2081 3079 2302 3132 interitu

731 3173 897 3246 simul
924 3175 1222 3241 abreptam
1251 3180 1304 3224 et
1336 3169 1678 3238 absumptam
1705 3211 1720 3236 ,
1753 3170 2102 3225 manifestum
2131 3171 2305 3224 multo

732 3264 905 3334 magis
977 3262 1100 3317 aliis
1161 3263 1226 3316 ad
1298 3263 1524 3317 meliora
1596 3262 1934 3331 respexisse,
2001 3272 2304 3316 manentem

731 3367 787 3411 et
833 3355 1038 3410 erroris
1095 3363 1373 3424 erpertem
1429 3354 1896 3408 conversationem
1949 3356 2308 3423 amplexatam

735 3461 834 3516 pro
865 3452 1085 3500 errante
1129 3454 1184 3499 et
1221 3443 1493 3499 dimuente
1532 3444 1599 3497 ad
1630 3444 1918 3497 vanitatem
1948 3460 1962 3494 :
2018 3447 2132 3498 hare
2179 3445 2312 3498 aerii-

734 3536 970 3605 gmatico
1009 3543 1068 3589 et
1110 3537 1330 3590 eonciso
1363 3548 1616 3590 sermone
1651 3533 2042 3603 perstringens,
2081 3533 2306 3588 inducit.

812 3645 832 3678 ι
859 3625 1029 3680 Terra
1046 3636 1227 3680 autem
1244 3625 1300 3680 in
1319 3635 1582 3679 aeternum
1601 3633 1710 3680 stat
1731 3640 1777 3688 ;ι
1796 3633 2061 3678 aeternum
2090 3625 2307 3691 quidem

739 3734 948 3774 vet-aus
978 3727 1192 3788 tempus
1227 3719 1280 3772 in
1310 3731 1420 3783 quo
1452 3717 1536 3771 sol
1565 3724 1621 3770 et
1656 3716 1783 3770 luna
1823 3725 1879 3770 et
1909 3716 2150 3770 siderum
2181 3717 2312 3772 eho-

738 3825 834 3862 rus
865 3819 919 3863 et
960 3810 1137 3878 ipsum
1166 3809 1388 3864 sceleste
1411 3807 1597 3877 polum
1623 3810 1676 3861 in
1707 3807 1958 3876 opposito
1981 3821 2149 3862 cursu
2175 3807 2313 3863 bene

738 3902 1052 3955 ordinatum
1083 3909 1139 3954 et
1169 3901 1594 3955 concordantem
1628 3901 1887 3969 impetum
1917 3900 1984 3953 ad
2013 3900 2229 3963 dierum,
2255 3910 2311 3955 et

739 3990 986 4045 noctium
1041 3999 1096 4045 et
1140 3999 1446 4060 temporum
1489 3990 1872 4045 discretionem
1918 4000 1972 4044 et
2003 3993 2311 4046 renovatio-

740 4097 860 4134 nem
911 4081 968 4134 in
1011 4096 1146 4151 gyro
1191 4091 1394 4152 agunt;
1451 4089 1650 4135 terram
1696 4091 1874 4135 autem
1927 4083 2124 4136 iterum
2151 4098 2313 4136 assu-

739 4185 895 4225 mens
953 4184 1053 4240 pro
1105 4172 1492 4240 redargutione
1542 4171 1706 4225 studii
1761 4187 1950 4225 eorum
1987 4173 2077 4240 qui
2131 4181 2314 4226 terunt

739 4277 870 4316 suas
912 4262 1275 4332 cogitationes
1327 4273 1381 4317 et
1421 4263 1734 4332 deprimunt
1787 4265 2121 4333 prepositum
2165 4265 2309 4319 circa

741 4370 904 4418 vana,
958 4370 1056 4424 pro
1098 4371 1165 4409 eo
1211 4366 1270 4408 ut
1311 4355 1570 4409 deberent
1604 4356 1834 4409 libenter
1869 4356 2119 4410 insistere
2145 4358 2312 4411 salvi-

740 4446 860 4499 ticis
890 4453 944 4498 et
964 4447 1161 4498 anima:
1205 4445 1509 4500 allahorare
1537 4445 1704 4500 lucris
1731 4461 1746 4498 :
1776 4454 1982 4500 tantum
2012 4462 2145 4511 non,
2180 4449 2311 4518 quid

2407 2165 2548 2235 ὑπὲρ
2569 2166 2664 2219 ,τδν
2701 2165 2874 2236 ἣλιον,
2902 2166 3181 2220 τουτέστιν
3209 2168 3312 2220 ὅσα
3351 2168 3587 2236 κρείττω
3631 2168 3846 2236 πέφυκε
3872 2167 3982 2220 τῶν

2404 2257 2464 2308 ὲν
2494 2258 2706 2323 γενέσει
2728 2259 2824 2310 καὶ
2851 2259 3030 2329 φθορᾷ
3065 2257 3351 2327 ζητήσασά
3366 2273 3424 2309 τε
3447 2257 3540 2310 καὶ
3564 2256 3981 2326 φλοσοφήσασα,

2400 2348 2580 2418 ψυχῆς
2615 2347 2984 2420 καθαρότητα,
3010 2349 3162 2402 ἔλεον
3193 2348 3290 2401 τοῦ
3315 2347 3542 2418 πλησίον
3572 2346 3899 2416 ἱλαρύνοντά
3921 2363 3982 2398 τε

2405 2440 2502 2491 καὶ
2525 2437 2929 2508 διαπραΰνοντα
2954 2441 3052 2503 τάς
3074 2440 3184 2493 ἀπὸ
3211 2440 3311 2508 τῆς
3342 2440 3534 2501 πενίας
3563 2438 3779 2507 πληγάς
3798 2454 3814 2468 ο
3840 2439 3893 2490 εί
3924 2437 3980 2489 δὲ

2407 2535 2498 2587 καὶ
2530 2533 2806 2597 παντελῶς
2826 2533 2936 2586 τῶν
2962 2532 3292 2604 τραυμάτων
3322 2531 3732 2584 ἀπαλλάττοντα
3761 2531 3857 2584 καὶ
3884 2530 3984 2599 τῆς

2406 2627 2533 2696 ὅλης
2560 2625 2853 2688 διαθέσεως
2897 2622 3317 2694 μακαριώτατόν
3343 2639 3403 2674 τε
3432 2621 3529 2675 καὶ
3555 2621 3982 2690 θεοειδέστερον.

2409 2717 2765 2788 σωφροσύνης
2793 2716 2957 2786 ἔρωτι
2982 2716 3084 2782 τὴν
3110 2714 3406 2769 ἀκολασίαν
3456 2711 3863 2782 ὑπερορίζουσα
3889 2711 3984 2762 καὶ

2405 2808 2484 2877 τῷ
2532 2807 2676 2877 χορῷ
2707 2806 2813 2859 τῶν
2863 2804 3039 2858 ἀλλων
3099 2803 3310 2874 ἀρετῶν
3367 2800 3796 2872 συγχορεύουσα.
3831 2799 3987 2869 Αὕτη

2407 2899 2585 2952 τοίνυν
2607 2900 2640 2967 ἠ
2667 2897 2829 2964 γενεά
2847 2896 3066 2949 καὶτῶν
3095 2894 3562 2965 συμπληρούντων
3575 2891 3744 2962 αὐτὴν
3764 2894 3794 2945 ό
3819 2893 3986 2946 κατά-

2406 2990 2585 3057 λογος,
2615 2989 2692 3050 ὡς
2734 2988 2903 3057 μηδὲν
2952 2987 3060 3040 τῶν
3105 2987 3210 3039 ὑπὸ
3263 2985 3357 3038 τὸν
3400 2986 3550 3056 ἥλιον
3605 2985 3985 3046 σπουδάσασα,

2412 3081 2545 3151 μηδὲ
2570 3081 2683 3143 τοῖς
2743 3083 2803 3132 ἐν
2835 3079 3046 3147 γενέσει
3096 3081 3188 3130 καὶ
3223 3077 3400 3146 φθορᾷ
3453 3075 3986 3146 συμπεριενεχθεϊσα

2412 3173 2507 3224 καὶ
2537 3170 3012 3238 συγκαταδύσασα,
3045 3169 3203 3238 δῆλον
3233 3170 3316 3222 ὅτι
3347 3169 3484 3221 πολὺ
3509 3168 3617 3220 τῶν
3642 3167 3822 3220 ἀλλων
3847 3167 3988 3236 πρὸς

2411 3265 2472 3316 τὸ
2504 3265 2750 3332 κρεῖττον
2800 3260 3102 3328 ἀπέϐλεψε,
3140 3261 3240 3330 τὴν
3301 3261 3566 3330 μένουσαν
3621 3259 3712 3312 καὶ
3764 3258 3990 3328 ἀπλανῆ

2413 3355 2691 3408 πολιτείαν
2719 3353 3148 3422 ἀπαλλαξαμένη
3175 3352 3275 3420 τῆς
3300 3352 3659 3420 πλανωμένης
3690 3351 3787 3404 καὶ
3832 3351 3996 3420 διαρ-

2413 3447 2640 3518 ρεούσης
2671 3448 2807 3516 πρὸς
2847 3445 3216 3516 ματαιότητα·
3248 3443 3423 3496 ταῦτα
3447 3443 3523 3513 τῷ
3551 3444 3994 3512 αἰνιγματίζοντι

2412 3538 2508 3590 καὶ
2536 3537 2963 3607 συντετμημένῳ
2993 3535 3143 3605 λόγῳ
3166 3533 3402 3601 διεξιὼν,
3432 3535 3705 3604 ἐπιφέρει.

2489 3648 2506 3680 ι
2548 3628 2611 3681 Ἦ
2633 3628 2690 3680 δὲ
2727 3628 2799 3697 γῆ
2846 3630 2925 3690 είς
2970 3626 3062 3679 τὸν
3083 3625 3254 3679 αίῶνα
3283 3625 3545 3694 έσειτηκεν⁹
3590 3645 3611 3676 ι
3663 3624 3840 3677 αίῶνα
3892 3625 3998 3694 μὶν

2412 3720 2592 3773 καλῶν
2624 3718 2717 3772 τὸν
2752 3719 2942 3788 χρόνον
2973 3719 3031 3770 ἐν
3065 3709 3220 3787 ᾧπερ
3238 3716 3389 3786 ἣλιος
3425 3715 3574 3786 καὶὴ
3605 3715 3802 3785 σελήνη
3837 3715 3997 3784 καὶὴ

2411 3813 2520 3865 τῶν
2549 3811 2764 3880 ἄστρων
2802 3810 2989 3880 χορεία
3043 3809 3137 3861 καὶ
3184 3807 3345 3862 αὐτὸς
3378 3809 3408 3860 ό
3448 3807 3699 3876 οὐράνιος
3731 3805 3902 3868 πόλος
3937 3807 3996 3857 ἐν

2413 3904 2678 3972 ἀντιθέτῳ
2702 3903 2896 3972 πορείᾳ
2921 3901 3022 3972 τὴν
3053 3897 3314 3953 εῦτακτόν
3343 3915 3404 3951 τε
3428 3900 3524 3951 καὶ
3539 3897 3858 3968 ἐναρμόνιον
3896 3915 3997 3966 φο-

2417 3999 2513 4063 ράν
2555 3996 2690 4066 πρὸς
2713 3994 2935 4065 ἡμερῶν
2965 3994 3060 4047 καὶ
3090 3992 3300 4048 νυκτῶν
3329 3993 3424 4045 καὶ
3469 3991 3676 4060 καιρῶν
3712 3990 3998 4059 διάκρισίν

2412 4105 2471 4142 τε
2503 4088 2596 4140 καὶ
2618 4087 3060 4140 ἀποκατάστασιν
3103 4082 3446 4137 ἀνελίσσουσι
3465 4097 3482 4111 °
3524 4081 3623 4153 τὴν
3654 4081 3760 4150 γῆν
3789 4081 3849 4134 δὲ
3883 4083 3995 4135 πά-

2411 4180 2495 4232 λιν
2529 4177 2856 4248 παραλαϐὼν
2889 4179 2975 4230 ἐπ’
3004 4175 3212 4244 ἐλέγχῳ
3235 4175 3334 4242 τῆς
3389 4173 3621 4242 σπουδῆς
3653 4172 3763 4224 τῶν
3814 4189 3996 4226 κατα-

2412 4267 2716 4338 τριψάντων
2745 4266 2922 4318 αὐτῶν
2943 4266 3066 4326 τοὺς
3095 4263 3388 4330 λογισμοὺς
3425 4263 3520 4314 καὶ
3562 4263 3994 4316 καωναλωσάν-

2412 4377 2519 4412 των
2546 4359 2645 4429 τὴν
2683 4355 3002 4427 προαίρεσιν
3032 4355 3162 4422 περὶ
3192 4353 3262 4405 τὰ
3301 4354 3527 4422 μάταια,
3571 4351 3688 4404 ἀνθ’
3708 4345 3785 4405 ὧν
3819 4352 3995 4421 ῶςσειο

2412 4450 2501 4503 λον
2559 4448 2952 4518 ὲμφιλοχωρεῐν
3017 4447 3129 4507 τοῖς
3178 4443 3546 4512 σωτηριώδεσι
3606 4444 3700 4495 καὶ
3736 4445 3871 4513 περὶ
3927 4445 3995 4496 τὰ

743 4536 890 4590 enim
911 4577 926 4601 ,
955 4549 989 4590 ο
1021 4535 1184 4588 homo
1204 4574 1219 4596 ,
1249 4535 1469 4599 dicens,
1515 4551 1582 4587 ex
1624 4545 1771 4588 tanta
1805 4536 2212 4604 importunitate
2249 4547 2306 4592 et

2409 4543 2614 4613 ψυχικά
2643 4537 3044 4609 φιλοπονεῖσθαι
3074 4534 3260 4605 κέρδη.
3301 4536 3618 4605 Μονονουχὶ,
3646 4534 3713 4586 Τί
3744 4535 3878 4606 τάρ,
3901 4535 3997 4588 ἀν.

745 4625 926 4680 studio
960 4625 1200 4679 lucratus
1248 4624 1351 4678 es?
1406 4623 1600 4678 Nonne
1647 4624 1900 4678 similiter
1934 4627 2165 4678 aliorum
2218 4628 2312 4695 qui

743 4719 946 4774 nullam
980 4719 1138 4772 talem
1168 4717 1534 4771 turbationem
1562 4720 1956 4780 sustinuerunt,
1990 4732 2166 4786 neque
2197 4720 2314 4772 tali-

746 4813 848 4866 bus
881 4811 1146 4865 ﬂuctuum
1187 4809 1439 4880 procellis
1465 4809 1654 4877 jactati
1693 4808 1864 4862 sunt?
1907 4806 2096 4861 Nonne
2124 4824 2315 4878 quem-

747 4902 1041 4958 admodum
1095 4902 1203 4956 illis
1251 4909 1307 4956 et
1347 4903 1575 4956 veniens
1624 4900 1777 4953 venis
1827 4909 1883 4952 et
1922 4901 2041 4954 abis
2085 4900 2317 4954 abiens?

748 4997 980 5064 teipsum
1020 5011 1150 5050 vero
1187 4996 1416 5048 omnino
1465 4993 1664 5046 misere
1720 4991 1962 5062 privabis
2015 4993 2317 5048 felicitate?

745 5087 946 5156 quibus
973 5103 1036 5142 ea
1067 5103 1188 5156 qua:
1217 5101 1380 5155 super
1412 5085 1584 5139 solem
1615 5097 1740 5139 sunt
1770 5094 2075 5154 qumrentes
2104 5095 2159 5138 et
2195 5085 2318 5153 phi-

750 5179 1102 5248 losophantes
1154 5177 1428 5231 fruuntur.
1493 5175 1560 5229 Et
1611 5176 1755 5241 quod
1811 5175 2173 5229 miserrinmm
2234 5183 2318 5227 est

749 5271 926 5338 quoad
968 5272 1261 5323 multorum
1310 5268 1559 5322 laborum
1603 5278 1659 5321 et
1707 5267 2077 5321 molestiarum
2124 5267 2316 5320 discri-

752 5379 873 5416 men
902 5403 914 5426 ,
965 5363 1066 5416 heu
1106 5361 1448 5416 intolerabile
1475 5371 1529 5414 et
1555 5360 1760 5429 absque
1789 5359 1983 5412 solatio
2015 5357 2274 5411 damnum
2300 5359 2314 5411 l

753 5456 805 5507 in
833 5451 989 5522 pejus
1020 5452 1276 5507 invenisti
1308 5462 1358 5506 te
1385 5463 1440 5506 et
1472 5461 1562 5506 tua
1591 5449 1985 5512 detrahentem,
2017 5448 2084 5501 ad
2115 5449 2317 5501 nullam

749 5555 930 5598 autem
982 5545 1269 5598 meliorum
1319 5558 1502 5598 rerum
1551 5541 1949 5598 sustollentem.
1996 5538 2128 5594 Vide
2172 5540 2318 5592 enim

752 5653 926 5706 neque
956 5637 1018 5690 ad
1057 5637 1359 5691 inanimum
1393 5637 1536 5690 istud
1573 5644 1627 5688 et
1666 5635 1952 5688 immotum
1983 5639 2038 5686 et
2071 5647 2322 5686 commu-

754 5733 892 5784 niter
921 5731 1174 5785 munibus
1203 5731 1512 5801 subjectum
1548 5740 1707 5784 terrae
1736 5727 2146 5783 fundamentum
2176 5770 2192 5792 ,
2227 5743 2321 5783 ne-

752 5821 952 5889 quoad
987 5823 1127 5878 istud
1186 5839 1280 5892 per
1345 5824 1572 5879 multum
1619 5821 1749 5878 illud
1814 5819 1973 5876 inane
2042 5819 2316 5886 studium,

2416 4641 2619 4710 θρωπε,
2649 4635 2844 4701 λέγων,
2865 4631 2974 4684 ἀπὸ
2986 4631 3084 4699 τῆς
3100 4628 3369 4697 τοσαύτης
3397 4628 3669 4698 ὀχλήσεως
3701 4627 3800 4681 καὶ
3826 4639 3996 4680 σπου·

2415 4729 2512 4798 δῆς
2549 4724 2846 4793 ἐκέρδησας
2866 4737 2883 4784 ;
2907 4721 3005 4789 οὐχ
3025 4717 3224 4789 ὁμοίως
3237 4718 3334 4787 μὲν
3364 4717 3474 4769 τῶν
3500 4715 3678 4769 ἀλλων
3699 4716 3750 4769 οἳ
3783 4717 3996 4786 μηδένα

2415 4817 2654 4872 τοιοῦτον
2685 4815 2921 4884 τάραχον
2960 4810 3296 4876 ὑπέστησαν,
3333 4807 3468 4877 μηδὲ
3493 4805 3772 4870 τοιαύταις
3794 4824 3996 4877 τρικυ-

2417 4910 2566 4978 μίαις
2593 4904 3037 4975 ὲχειμάσθησαν;
3063 4901 3186 4968 οὐχὶ
3210 4898 3603 4967 παραπλησίως
3652 4896 3867 4960 ⁴ιιούτοις
3901 4899 3997 4950 καὶ

2414 4998 2702 5068 ερχόμενος
2727 4995 2888 5065 ἔρχῃ,
2915 4992 3011 5045 καὶ
3025 4991 3240 5061 ἀπέρχῃ
3265 4989 3673 5059 ἀπερχόμενοςῖ
3708 4989 3910 5041 σαυτὸν
3937 4988 3995 5040 δὲ

2413 5088 2628 5148 πάντως
2656 5083 2853 5145 ἀθλίως
2877 5082 3196 5150 ἀποστερεῖς
3215 5081 3312 5149 τῆς
3348 5080 3784 5150 μακαριότητοςς
3814 5074 3900 5142 οἷς
3927 5079 3995 5132 τὰ

2417 5178 2555 5247 ὑπὲρ
2585 5178 2675 5230 τὸν
2696 5176 2846 5246 ἣλιον
2872 5177 2924 5227 οἱ
2941 5173 3229 5243 ζητοῦντες
3254 5174 3346 5226 καὶ
3367 5173 3829 5242 φιλοσοφήσαντες
3856 5175 3996 5226 ἀπο-

2415 5271 2667 5322 λαύουσι·
2697 5269 2790 5320 καὶ
2817 5269 2879 5319 τό
2908 5285 2970 5332 γε
3028 5265 3408 5335 χαλεπώτατον
3439 5268 3537 5335 τὴν
3569 5267 3677 5318 ἀπὸ
3709 5267 3821 5318 τῶν
3859 5268 3993 5318 πολ·

2416 5361 2522 5412 λῶν
2553 5360 2730 5412 πόνων
2777 5358 2872 5410 καὶ
2897 5359 3080 5410 κόπων
3105 5356 3390 5426 διαφορὰν,
3439 5357 3539 5426 φεῦ
3579 5363 3676 5424 τῆς
3706 5359 3993 5426 ἀφορήτου

2421 5455 2512 5506 καὶ
2549 5452 2936 5520 ἀπαρακλήτου
2953 5449 3175 5520 ζημίας,
3207 5451 3298 5502 ἐπὶ
3337 5449 3396 5501 τὸ
3435 5452 3616 5520 χεῖρον
3643 5443 3800 5518 εὗρες
3829 5449 3891 5501 σέ
3935 5465 3994 5500 τε

2421 5543 2514 5596 καὶ
2533 5542 2600 5594 τά
2633 5542 2699 5594 σὰ
2725 5541 3162 5610 κατασύρουσαν,
3218 5540 3351 5610 πρὸς
3376 5539 3529 5592 οὐδὲν
3575 5540 3632 5592 δὲ
3660 5539 3769 5590 τῶν
3806 5556 3987 5609 κρειτο

2422 5634 2589 5686 τόνων
2625 5634 3018 5703 ἀναφέρουσαν.
3072 5635 3214 5703 Ὅρα
3265 5633 3372 5702 γὰρ
3423 5633 3504 5684 ὅτι
3561 5631 3695 5700 μηδὲ
3753 5631 3890 5699 πρὸς
3928 5629 3988 5680 τὸ

2423 5725 2626 5794 ἄψυχον
2642 5725 2799 5778 τοῦτο
2819 5728 2911 5778 καὶ
2935 5727 3187 5796 ἀκίνητον
3216 5727 3307 5779 καὶ
3338 5727 3486 5794 κοινῇ
3520 5726 3683 5777 πᾶσιν
3697 5722 3982 5790 ὑποκείμε-

2425 5835 2512 5872 νον
2550 5821 2650 5888 γῆς
2689 5819 2916 5888 ἔδαφος,
2969 5819 3088 5873 οὐδὲ
3148 5818 3282 5888 πρὸς
3337 5817 3495 5872 τοῦτο
3535 5816 3623 5870 διά
3650 5817 3749 5885 τῆς
3789 5813 3976 5878 πολλῆς
