4186 6444
201 398 312 461 429
1186 398 1285 460 AD
1320 398 1803 460 AMPHILOCHI'

1903 402 1909 460 ζ
1947 400 2290 474 ΟΗᾸΞΞΤΙΟ
2327 402 2525 465 LXVI.
3351 401 3460 468 430

204 512 421 578 halm;
453 510 858 573 κενοσπουδίας,
888 511 1009 565 οὐδὲ
1048 512 1191 566 κατά
1213 528 1277 585 γε
1312 512 1403 565 τὸν
1433 513 1623 583 χρόνον
1673 529 1777 566 πα-

1903 530 2055 584 ieque
2084 516 2379 572 secundum
2414 526 2625 587 tempus
2661 515 2875 572 extendi
2912 526 2963 573 te
2993 517 3087 573 tibi
3121 516 3413 587 perfecisse
3434 556 3452 582 .

210 601 547 669 ρατείνεσθαι
598 602 782 672 σαυτῷ
830 602 1125 673 διεπράξω,
1182 602 1305 656 ούδέ
1354 620 1476 657 τινα
1511 604 1783 675 πρόφασιν

1903 622 2065 677 neque
2094 609 2330 678 aliquem
2380 620 2691 679 praetextum
2742 610 2909 665 multa
2953 611 3271 666 meditatum
3309 612 3458 666 inve-

206 692 382 745 πολλὰ
408 693 833 764 διανοησάμενος
887 688 1063 764 εὗρες.
1122 694 1284 747 Ἀλλὰ
1310 695 1417 765 γὰρ
1462 696 1528 749 σὺ
1560 696 1657 766 μὲν
1688 714 1790 765 μα-

205 788 509 841 ταιοπονῶν
538 789 715 843 καὶτὰ
737 790 849 843 ἄνω
873 789 1023 843 κάτω
1069 788 1239 843 ποιῶν
1290 789 1485 843 θᾶττον
1539 790 1791 863 παρέρχῃ

207 882 303 933 καὶ
336 880 471 951 πρὸς
497 880 533 934 δ.
568 882 690 951 μηδ’
712 883 848 951 ἀκοῇ
873 880 1058 952 φέρειν
1102 881 1329 934 ἀνεκτὸν
1360 881 1625 950 νομίζειν,
1663 882 1789 949 τρέ-

212 986 334 1038 μων
366 969 462 1022 καὶ
492 969 791 1039 ἀμηχανῶν
842 970 1157 1032 καταδύεις
1208 970 1360 1023 οὐδὲν
1383 971 1427 1024 δ’
1466 972 1560 1023 ἐπὶ
1596 969 1794 1041 βραχύ-

209 1078 377 1113 τατον
413 1060 593 1131 σαυτῷ
620 1062 928 1133 προστιθεὶς
963 1062 1055 1115 τοῦ
1087 1062 1302 1131 χρόνου,
1348 1062 1423 1132 μὴ
1478 1063 1559 1116 ὅτι
1606 1080 1670 1131 γε
1725 1064 1792 1134 τῇ

212 1151 519 1220 παρατάξει
551 1155 1122 1223 συμπαρατεινόμενος
1160 1154 1258 1207 τοῦ
1288 1135 1494 1224 ἀψύχου
1548 1156 1642 1207 καὶ
1674 1156 1797 1209 ἀκι-

212 1243 408 1311 νήτου·
468 1244 600 1298 αὐτὸ
647 1244 704 1297 δὲ
756 1245 818 1298 τὸ
880 1244 1219 1315 πατούμενον
1271 1246 1524 1317 ἔδαφοςὴ
1564 1245 1796 1317 φύσιςή

158 1331 165 1337 ’
213 1335 544 1405 ἀναίσθητος
570 1337 666 1390 καὶ
697 1337 771 1407 μὴ
804 1338 1096 1408 κινουμένη
1147 1338 1382 1408 ἕστηκεν
1418 1341 1513 1392 καὶ
1532 1338 1796 1409 διαμένει,

212 1425 276 1477 οὗ
304 1424 532 1486 πολλοὺς
567 1424 726 1492 μόνον
752 1425 1167 1493 έξαλλάττουσα,
1190 1426 1497 1498 κατηγόρου
1532 1428 1629 1497 μὲν
1647 1427 1801 1493 τάξιν

213 1515 408 1566 λαϐεῖν
434 1516 585 1584 παρὰ
612 1513 705 1566 σοῦ
729 1512 1140 1579 συνελασθεῖσα,
1172 1515 1555 1586 κατηγοροῦσα
1592 1517 1650 1570 δὲ
1699 1518 1798 1586 τῆς

218 1606 321 1673 σῆς
354 1605 736 1669 κενοσπουδίας
788 1607 880 1659 καὶ
903 1607 1012 1661 τῶν
1066 1608 1312 1680 σοϐαρῶν
1340 1608 1688 1679 ὶνθυμήσεως
1712 1610 1799 1663 διά

214 1712 275 1748 τε
297 1695 401 1764 τῆς
433 1696 494 1748 ιὶν
512 1696 748 1765 τοσούτῳ
779 1698 956 1766 χρόνῳ
980 1696 1235 1767 διαμονῆς
1259 1699 1350 1751 καὶ
1368 1700 1760 1769 παραστάσεως
1782 1716 1795 1730 ο

215 1788 314 1840 καὶ
333 1787 465 1840 διότι
491 1787 654 1859 μηδὲν
688 1788 1079 1852 ἑξαλλάττουσα
1102 1790 1255 1859 ὤφθη
1276 1791 1381 1842 τῶν
1409 1791 1512 1843 ὑπὸ
1538 1790 1635 1860 τῆς
1662 1791 1799 1860 Προ-

1893 698 2063 753 nisse.
2097 699 2204 754 Sed
2237 710 2293 755 tu
2322 702 2539 771 quidem
2582 703 2786 757 frustra
2812 702 3068 756 laborans
3094 710 3148 756 et
3174 703 3456 771 superiora

1892 787 2147 843 deorsum
2178 789 2386 846 faciens
2415 792 2576 847 citius
2602 794 2801 847 transis
2822 833 2838 858 ,
2870 802 2923 847 et
2946 792 3009 846 ad
3040 807 3105 847 ea
3134 807 3255 861 qua:
3284 808 3461 860 neque

1893 879 2078 931 auditu
2133 879 2277 935 Ferre
2327 881 2603 935 tolerabile
2647 882 2868 951 putari,
2946 894 3188 936 tremens
3221 890 3273 935 et
3302 882 3461 949 inops

1894 970 2113 1027 consilii
2140 972 2453 1039 descendis;
2486 972 2620 1026 nihil
2651 981 2828 1027 autem
2860 972 2925 1026 ad
2948 971 3328 1027 brevissimum
3362 971 3459 1025 tibi

1900 1065 2160 1134 adjiciens
2201 1064 2481 1133 temporis,
2514 1064 2684 1117 multo
2713 1063 2893 1119 minus
2921 1063 3264 1133 dispositioni
3299 1077 3462 1117 coex-

1898 1167 2093 1212 tensus
2139 1154 2501 1208 inanimarum
2551 1162 2605 1208 et
2653 1154 3001 1208 immotarum
3044 1169 3249 1207 rerum.
3282 1151 3461 1222 Ipsum

1901 1256 2087 1303 autem
2119 1244 2385 1298 calcatum
2408 1243 2581 1298 solum
2609 1283 2624 1309 ,
2679 1253 2871 1298 natura
2904 1244 3234 1299 insensibilis
3272 1252 3326 1297 et
3363 1244 3466 1297 im-

1902 1346 2049 1393 mota
2080 1344 2191 1390 stat
2217 1342 2271 1389 et
2310 1334 2603 1405 perdurat,
2644 1349 2753 1390 non
2792 1336 2989 1389 multos
3019 1345 3227 1388 tantum
3269 1334 3468 1386 immu—

1902 1436 2045 1492 tans,
2086 1423 2422 1478 accusatoris
2464 1422 2681 1491 quidem
2732 1421 2975 1477 ordinem
3020 1437 3236 1477 sumere
3273 1433 3467 1476 contra

1903 1526 1953 1572 te
1999 1517 2269 1572 concitata
2296 1556 2311 1581 ,
2369 1529 2633 1569 accusans
2672 1530 2799 1570 vero
2839 1525 2990 1569 tuum
3031 1516 3191 1569 inane
3227 1514 3466 1569 studium

1900 1622 1953 1664 et
1980 1608 2250 1662 violentia:
2279 1605 2733 1675 concupiscentia
2770 1621 2865 1675 per
2911 1607 3369 1675 perseverantiam
3414 1605 3467 1657 in

1901 1706 2052 1753 tanto
2093 1707 2332 1767 tempore
2367 1707 2419 1751 et
2461 1697 2896 1766 persistentiam;
2955 1706 3010 1751 et
3037 1697 3164 1766 quia
3193 1695 3327 1750 nihil
3365 1695 3470 1749 im-

1902 1800 2121 1845 mutans
2161 1789 2336 1843 visum
2382 1796 2465 1842 est
2496 1802 2682 1842 eorum
2724 1803 2844 1858 quae
2890 1803 2920 1841 a
2966 1786 3310 1842 Providentia
3364 1787 3469 1857 ipsi

215 1881 369 1941 νοίας
393 1878 529 1949 αὐτῇ
570 1879 981 1950 κεχαρισμένων
1006 1895 1020 1909 ·
1057 1881 1149 1934 σού
1175 1880 1266 1934 τοῦ
1297 1881 1443 1951 λόγῳ
1475 1882 1797 1951 τιμηθέντος

1903 1884 2099 1939 donata
2130 1889 2257 1936 sunt
2286 1896 2301 1933 :
2337 1890 2386 1934 te
2418 1894 2511 1949 per
2544 1881 2808 1935 rationem
2838 1880 3105 1934 honorato
3133 1881 3202 1933 ob
3228 1880 3469 1933 studium

214 1969 306 2022 διὰ
333 1971 432 2039 τῆς
469 1972 596 2041 περὶ
640 1971 710 2024 τὰ
770 1973 974 2041 μάταια
1015 1973 1249 2041 σπουδῆς
1298 1975 1391 2026 καὶ
1447 1973 1797 2041 φιλονεικίας,

215 2060 401 2113 πάντα
457 2061 717 2113 τάναντία
767 2060 867 2129 τῆς
916 2062 1315 2132 δημιουργικῆς
1360 2063 1798 2133 διαπραξαμένου

214 2153 547 2221 κηδεμονίας
578 2155 671 2206 καὶ
716 2154 1057 2224 ἀνεπισχέτῳ
1096 2153 1243 2225 ῥύμῃ
1273 2156 1576 2226 φερομένου
1610 2156 1743 2226 πρὸς
1766 2155 1801 2209 ἆ

210 2260 272 2294 τε
310 2244 467 2311 νόμοι
496 2243 627 2296 θεῖοι
651 2242 962 2307 διεκώλυον,
992 2244 1085 2296 καὶ
1113 2243 1306 2313 θεσμοὶ
1346 2244 1562 2313 φύσεως
1596 2245 1801 2299 ἄνωθεν

212 2334 655 2403 καταϐληθέντες
698 2334 1097 2404 ιδυσχέραινον,
1167 2333 1324 2403 ὓϐριν
1378 2336 1652 2407 ἀφόρητον
1701 2336 1801 2408 τὴν

215 2429 321 2495 σὴν
356 2428 741 2480 κενοσπουδίαν
783 2430 876 2481 καὶ
906 2428 968 2480 τὸ
1001 2426 1302 2498 ὀξύρροπον
1334 2428 1464 2499 περὶ
1494 2428 1564 2481 τὰ
1598 2428 1801 2498 μάταια

212 2520 510 2589 φέροντεςο
549 2520 621 2582 ῶς
665 2520 732 2572 δι’
778 2519 956 2573 αὐτῶν
989 2520 1089 2588 τῆς
1131 2518 1386 2587 διαϐολῆς
1427 2535 1800 2590 παραπεμπο-

217 2614 391 2680 μένης
422 2614 502 2674 εἰς
528 2613 619 2664 τὸν
646 2611 935 2678 πανσόφως
964 2629 1023 2664 τι
1048 2613 1143 2665 καὶ
1173 2611 1591 2681 φιλανθρώπως,
1627 2612 1719 2663 καὶ
1742 2605 1800 2663 οὗ

216 2702 296 2769 μή
333 2702 449 2753 ἐστι
476 2702 611 2769 μήτε
642 2700 1153 2770 φιλανθρωπότερον
1198 2701 1336 2770 μήτε
1358 2702 1600 2770 ἄμεινον,
1665 2701 1801 2769 μήτε

211 2794 365 2862 λόγῳ
389 2793 617 2861 φράσαι,
651 2793 790 2863 μήτε
824 2792 1103 2860 λογισμοῖς
1135 2790 1444 2844 ἀναπλάσαι
1472 2790 1804 2859 δημιουργή-

215 2883 391 2936 σαντά
420 2898 479 2934 τε
510 2882 605 2934 καὶ
636 2881 1073 2952 προνοησόμενον
1113 2877 1456 2946 τὰὴμέτερα.
1506 2876 1671 2929 ’Δλλά
1694 2876 1801 2945 γὰρ

216 2974 309 3026 σοὶ
335 2973 432 3042 μὲν
464 2972 593 3035 ἴσως
628 2971 790 3024 ἱκανά
826 2968 1131 3023 καὶταῦτα.
1161 2969 1354 3039 Εὑρεῖν
1373 2967 1417 3020 δ’
1448 2966 1594 3019 ἔστιν
1628 2967 1802 3028 ὲνίους

215 3064 417 3133 γενεὰν
491 3065 589 3135 μὲν
648 3062 1091 3132 ἑκπορευομένην
1144 3060 1238 3112 καὶ
1294 3059 1698 3127 ἐκϐαλλομένην
1742 3057 1803 3109 τὸ

230 3156 506 3210 Ἰουδαίων
531 3155 686 3223 γένος
713 3153 1174 3224 ὲκλαμϐάνοντας,
1202 3150 1395 3219 γενεὰν
1428 3151 1484 3203 δὲ
1502 3149 1802 3219 ἐρχομένην

217 3250 319 3302 καὶ
351 3249 708 3317 διαμένουσαν
730 3247 801 3301 τὰ
838 3246 1001 3299 τέκνα
1046 3246 1142 3312 τῆς
1194 3245 1416 3315 χάριτος
1453 3245 1546 3296 ἆτε
1593 3242 1657 3311 δὴ
1713 3241 1805 3293 τοῦ

215 3340 374 3394 θείου
403 3341 602 3410 σπόρου
637 3340 729 3392 καὶ
754 3339 853 3409 τῆς
899 3339 1039 3391 κατὰ
1072 3337 1306 3405 Χριστὸν
1359 3334 1632 3403 γεωργίας
1681 3334 1813 3385 ἀνα-

234 3433 662 3502 ϐλαστήσανταο
699 3432 800 3499 γῆν
830 3430 887 3483 δὲ
921 3431 1000 3493 τίς
1038 3429 1127 3481 τὴν
1167 3428 1339 3481 αἰῶνα
1376 3429 1597 3479 ἑστᾶναι
1628 3427 1727 3494 τήν
1758 3441 1817 3476 τε

219 3522 477 3577 Παλαιὰν
498 3523 594 3575 καὶ
618 3521 763 3576 Νέαν
788 3521 1030 3593 Γραφήν·
1058 3521 1139 3573 ὅτι
1164 3536 1223 3572 τε
1249 3518 1309 3571 τὺ
1337 3517 1685 3587 καρποφόρον
1708 3514 1815 3567 τῶν

218 3613 443 3685 ἀρετῶν
466 3614 600 3685 ὀρᾷν
628 3612 778 3667 ἐστιν
800 3613 990 3675 αὑταῖς
1040 3611 1325 3683 ὲνευθηνού
1337 3628 1518 3679 μενον,
1550 3610 1646 3662 καὶ
1698 3607 1812 3661 τῶν

220 3705 413 3774 νόμων
443 3703 663 3757 καὶτῶν
704 3701 1049 3771 ἐπαγγελιῶν
1077 3702 1138 3760 τὸ
1185 3701 1252 3754 δι’
1297 3702 1492 3764 αἰῶνος
1519 3700 1771 3771 ἀκίνητον
1794 3715 1808 3729 ·

222 3788 304 3847 ὧν
338 3794 439 3855 τὰς
474 3792 572 3863 μὲν
604 3795 716 3857 τοῖς
742 3793 971 3856 δικαίοις
1003 3792 1390 3862 ἁπενείμαντο,
1422 3793 1542 3854 ταῖς
1580 3790 1638 3844 δι
1687 3790 1813 3854 τοὺς

222 3882 593 3953 ἁμαρτωλοὺς
618 3882 713 3936 καὶ
738 3882 1080 3954 ἁμετανόητα
1105 3881 1601 3953 πλημμελήσαντας
1638 3897 1811 3952 παρα-

222 3974 297 4027 πέ
306 3990 457 4044 μπου
463 3989 565 4027 σιν.

765 4082 1095 4136 ararum
1138 4080 1273 4148 εσυ.

226 4173 381 4228 Τίνα
405 4173 554 4227 γοῦν
578 4173 949 4227 ἀναπτύσσει
969 4172 1035 4224 τό
1053 4189 1067 4202 ·
1110 4189 1129 4222 ι
1163 4173 1329 4223 Ἐστι
1362 4170 1589 4236 δίκαιος
1617 4171 1805 4225 ἀπολ-

305 4244 570 4310 ,ιύμενος
596 4244 665 4294 ἐν
706 4242 912 4304 δικαίῳ
956 4240 1164 4310 αὐτοῦ,
1212 4240 1309 4293 καί
1349 4239 1521 4294 ἔστιν
1575 4240 1804 4306 ἀσεϐὴς

308 4314 513 4380 μένων
539 4314 607 4364 ἐν
638 4312 816 4379 κακίᾳ
836 4309 1019 4364 αὑτοῦ
1039 4326 1057 4375 ;
1080 4329 1099 4362 υ

1904 1976 2049 2030 circa
2090 1990 2228 2027 vana
2262 1984 2315 2028 et
2354 1974 2737 2044 cupiditatem,
2777 1974 2959 2028 omnia
2996 1973 3270 2026 contraria
3317 1987 3474 2025 crea-

1904 2066 2055 2121 tricis
2079 2071 2315 2133 'operato
2340 2081 2481 2119 cura:
2502 2106 2517 2130 ,
2565 2075 2620 2120 et
2649 2064 2977 2119 incoercibili
3010 2064 3213 2132 impetu
3255 2063 3364 2117 lato
3402 2063 3468 2117 ad

1901 2174 1962 2213 ea
1990 2174 2110 2229 quae
2142 2159 2284 2228 leges
2305 2157 2500 2212 divinae
2531 2158 2908 2227 prohibebant,
2938 2166 2992 2210 et
3021 2157 3233 2210 vincula
3262 2164 3471 2210 natura:

1904 2249 2137 2318 desuper
2179 2250 2415 2304 demissa
2443 2249 2863 2319 improbabant,
2909 2248 3163 2317 injuriam
3211 2249 3470 2302 intolera—

1905 2340 2069 2395 bilem
2111 2348 2257 2394 tuam
2303 2354 2565 2393 vanorum
2602 2339 2981 2408 appetitionem
3032 2348 3087 2393 et
3137 2339 3467 2409 praecipitem

1907 2430 2165 2498 impetum
2195 2430 2260 2483 ad
2296 2430 2481 2484 inania
2526 2429 2797 2495 ferentes;
2835 2431 2989 2499 quasi
3022 2446 3116 2500 per
3145 2446 3207 2485 ea
3242 2446 3469 2485 accusa-

1904 2520 2053 2574 tione
2092 2521 2295 2588 perlata
2337 2521 2404 2575 ad
2444 2521 2665 2574 omnino
2708 2521 2980 2590 sapienter
3016 2528 3073 2575 ct
3117 2522 3380 2591 benigne,
3406 2531 3472 2575 et

1906 2626 2011 2665 non
2056 2621 2139 2665 est
2175 2626 2352 2681 neque
2378 2611 2503 2681 quid
2544 2611 2829 2680 benignius
2865 2624 3039 2680 neque
3071 2610 3265 2665 melius
3294 2625 3472 2680 neque

1907 2703 2070 2756 verbo
2098 2702 2246 2757 dictu
2282 2718 2457 2772 neque
2483 2702 2900 2772 cogitationibus
2929 2702 3079 2765 ﬁetu,
3111 2712 3386 2757 creantem
3418 2713 3472 2756 et

1905 2793 2275 2862 providentem
2309 2802 2516 2847 nostra.
2544 2790 2645 2845 Sed
2675 2793 2817 2845 enim
2850 2791 2991 2847 forte
3021 2792 3115 2846 tibi
3147 2792 3469 2846 sullicientia

1904 2894 1957 2936 et
1985 2883 2129 2937 ista:
2182 2883 2421 2951 reperire
2464 2896 2591 2936 vero
2632 2892 2715 2936 est
2751 2882 3014 2952 quosdam
3063 2883 3469 2954 generationem

1904 2987 2187 3028 exeuntem
2221 2984 2275 3027 et
2311 2974 2559 3042 eiectam,
2581 2972 2892 3028 Judaeorum
2927 2990 3097 3044 genus
3124 2975 3472 3045 accipientes,

1904 3064 2308 3135 generationem
2340 3079 2466 3118 vero
2494 3064 2866 3119 advenientem
2892 3076 2944 3119 et
2977 3078 3379 3135 permanentem
3411 3068 3477 3120 li-

1918 3156 2015 3208 lios
2044 3153 2248 3223 gratiae,
2282 3161 2466 3219 utpote
2493 3152 2586 3222 qui
2622 3151 2852 3207 adivino
2881 3153 3091 3208 semine
3129 3164 3183 3208 et
3225 3155 3291 3208 ab
3330 3156 3477 3225 agri-

1917 3247 2124 3301 cultura
2172 3245 2470 3300 secundum
2506 3244 2781 3298 Christum
2818 3259 3033 3299 sursum
3066 3248 3475 3317 germinarunt;

1913 3348 2111 3391 terram
2150 3344 2327 3388 autem
2360 3334 2412 3387 in
2442 3334 2696 3388 sarculum
2730 3345 2875 3388 stare
2910 3332 3161 3389 Veterem
3194 3344 3245 3388 et
3271 3335 3475 3389 Novam

1916 3429 2295 3499 Scripturam;
2331 3428 2472 3496 quod
2513 3436 2692 3480 autem
2737 3425 3055 3495 frugiferum
3097 3435 3181 3482 est
3220 3428 3476 3481 virtutum

1914 3522 2097 3576 videre
2122 3534 2242 3575 esse
2264 3520 2318 3574 in
2350 3519 2481 3589 ipsis
2507 3528 2847 3589 congestum,
2874 3528 2928 3572 et
2954 3518 3133 3590 legum
3164 3528 3217 3573 et
3245 3520 3480 3590 promis-

1917 3612 2130 3665 sionum
2164 3626 2261 3679 per
2287 3611 2545 3665 saaculum
2581 3608 2925 3672 ﬁrmitatem;
2961 3623 3195 3677 quarum
3227 3609 3324 3663 has
3355 3610 3480 3679 qui-

1918 3704 2041 3758 dem
2068 3701 2232 3771 justis
2271 3700 2706 3766 distribuebant,
2746 3701 2810 3754 ad
2853 3700 2972 3754 illas
3006 3709 3187 3754 autem
3228 3710 3479 3769 peccato-

1919 3807 2006 3847 res
2046 3801 2103 3847 et
2133 3791 2281 3847 nulla
2320 3791 2635 3862 poenitentia
2674 3790 2892 3847 functos
2930 3790 3234 3846 remittunt.

2247 4076 2573 4146 QUESTIO
2616 4075 2778 4131 LXVI
2810 4074 2915 4149 [σί.
2948 4074 3142 4147 LXV];

1914 4170 2206 4233 Quemnam
2260 4184 2469 4222 sensum
2516 4168 2683 4235 aperit
2729 4164 2913 4219 illud:
2962 4184 2980 4216 ι
3033 4164 3149 4218 Ετιι
3167 4164 3348 4233 justus
3388 4168 3481 4235 qui

1978 4240 2108 4306 perit
2165 4239 2216 4289 in
2259 4238 2476 4306 justilia
2524 4253 2659 4301 sua,
2710 4245 2758 4289 et
2814 4245 2889 4289 est
2934 4236 3384 4303 impiusmanens
3426 4236 3482 4288 iu

1972 4307 2300 4375 improbitate
2334 4324 2452 4360 sua.
2490 4327 2507 4358 ι

1243 4440 1385 4492 Edita
1403 4456 1431 4491 a
1450 4441 1594 4502 Halo,
1617 4443 1652 4492 l.
1675 4456 1721 4492 c.
1747 4456 1794 4504 p.
1818 4440 1983 4491 80-81.
2011 4441 2063 4491 In
2090 4439 2256 4492 Eccle.
2278 4454 2360 4499 vn,
2384 4439 2459 4490 l6.

307 4567 329 4600 ι
368 4548 584 4609 Δίκαιος
611 4546 707 4616 μὲν
729 4546 803 4609 ὡς
828 4547 1001 4614 φοῖνιξ
1021 4547 1371 4619 άνθήσει,καὶ
1397 4546 1471 4611 ὠς
1499 4550 1532 4619 ἡ
1563 4548 1751 4617 κέδρος
1774 4550 1803 4618 ἡ

1992 4564 2011 4599 ι
2042 4544 2232 4601 Justus
2256 4546 2474 4616 quidem
2500 4556 2556 4599 ut
2578 4546 2751 4615 palma
2778 4544 3078 4607 ﬂorcbit,ct
3107 4544 3249 4598 sicut
3284 4544 3481 4599 cedrus

217 4643 290 4693 ὲν
330 4638 409 4707 τῷ
442 4636 658 4706 Λιϐάνῳ
683 4637 1140 4707 πληθυνθήσεται.
1180 4656 1199 4688 ι
1228 4637 1305 4689 Δι’
1329 4637 1593 4707 ἑκατέρας
1619 4635 1815 4701 λέξεως

214 4734 336 4797 τῆς
363 4729 712 4797 δικαιοσύνης
731 4728 791 4779 τὸ
832 4726 1042 4798 κέρδος,
1078 4726 1172 4780 καὶ
1204 4726 1312 4779 τῶν
1338 4726 1518 4779 καλῶν
1552 4728 1584 4797 ἡ
1617 4726 1813 4796 εὐφθο-

214 4822 324 4875 νια
354 4837 417 4873 τε
444 4820 537 4873 καὶ
560 4818 784 4889 εὐθηνία
804 4817 1202 4886 διαγγέλλεται.
1229 4817 1318 4870 διά
1339 4834 1400 4869 τε
1438 4815 1531 4869 τοῦ
1557 4816 1813 4886 ἀνθήσει

213 4908 708 4981 δηλονότικαὶτοῦ
756 4910 1262 4977 πληθψθήσεται.
1294 4901 1462 4969 Οὗτος
1504 4909 1532 4960 6
1584 4907 1811 4971 δίκαιος,

213 5004 342 5057 κᾶν
376 5002 726 5071 μαστίζηται,
746 5000 848 5052 κᾶν
872 4998 1244 5069 πρεὸλοῦται.
1270 4998 1373 5051 κᾶν
1398 4999 1580 5069 πάσχῃ
1610 4999 1678 5051 τὰ
1712 4999 1809 5051 άλο

210 5093 543 5164 γεινότερα,
564 5091 667 5145 κᾶν
684 5090 819 5160 πρὸς
842 5090 1073 5160 σφαγὴν,
1104 5089 1209 5142 κᾶν
1246 5088 1382 5159 πρὸς
1428 5088 1677 5155 θάνατον,
1704 5090 1810 5142 κᾶν

209 5185 378 5251 πρὸς
402 5181 636 5251 σταυρὸν
670 5180 1139 5251 άπάγηται,ούδὲν
1167 5174 1328 5251 ἦττον
1356 5178 1431 5241 ὡς
1456 5178 1629 5247 φοῖνιξ
1659 5179 1813 5233 ἀνθεῖ

211 5276 333 5333 καὶ
374 5273 509 5324 ὡσεὶ
537 5271 724 5339 κέδρος
754 5269 1209 5341 πληθυνθήσεται,
1270 5268 1651 5322 πολλαπλασίω
1704 5268 1810 5321 τῶν

210 5368 417 5424 πόνων
445 5364 535 5416 καὶ
563 5362 900 5433 παθημάτων
951 5362 1050 5433 τὴν
1075 5362 1372 5416 ἀπόλαυσιν
1397 5361 1697 5429 εὑρίσκων,
1717 5360 1814 5415 καὶ

208 5461 347 5521 τοῖς
368 5456 686 5524 ἁδιηγήτοις
716 5454 941 5522 ἀγαθοῖς
982 5454 1262 5526 ἐντρυφῶν
1286 5471 1344 5506 τε
1366 5456 1460 5507 καὶ
1486 5452 1807 5523 ὲνευθηνού-

1916 4634 2109 4690 Libani
2130 4634 2574 4704 multiplicahitur
2600 4634 2642 4664 ¹¹
2674 4653 2718 4699 ι,
2758 4648 2851 4703 per
2877 4643 3162 4703 utramque
3188 4633 3478 4689 dictionem

1912 4726 2138 4798 iustitiae
2185 4729 2438 4789 lucrum,
2485 4735 2537 4779 et
2579 4724 2845 4779 bonorum
2888 4723 3171 4779 beatitudo
3202 4733 3256 4779 et
3280 4723 3481 4778 divitia:

1916 4826 2265 4886 enarrantur,
2299 4832 2395 4889 per
2424 4817 2555 4873 illud
2585 4816 2789 4885 ﬂorebit
2823 4816 3069 4872 videlicet
3100 4826 3154 4870 et
3180 4817 3310 4871 illud
3342 4821 3482 4869 mul-

1914 4907 2370 4978 tiplicabitnr.llic
2387 4908 2588 4978 justus,
2618 4910 2719 4963 etsi
2743 4906 3063 4977 ﬂagelletur,
3091 4908 3191 4963 etsi
3223 4917 3483 4976 torquea-

1914 5010 2023 5063 tur,
2059 5002 2184 5056 licet
2213 5000 2448 5070 patiatur
2485 5000 2702 5054 duriora
2729 5040 2744 5066 ,
2788 5000 2887 5055 etsi
2932 4999 2996 5052 ad
3034 4998 3342 5061 victimam,
3375 4998 3478 5054 etsi

1913 5091 1980 5145 ad
2014 5101 2266 5154 mortem,
2297 5091 2397 5146 etsi
2431 5092 2496 5144 ad
2524 5105 2739 5145 crucem
2767 5090 3085 5157 abducatur,
3121 5089 3477 5143 nihilominus

1916 5189 1974 5234 ut
1997 5180 2174 5250 palma
2202 5180 2413 5236 ﬂorebit
2452 5190 2505 5235 et
2525 5188 2581 5235 ut
2610 5181 2806 5236 cedrus
2824 5180 3285 5249 multiplicabitur,
3304 5179 3476 5233 multo

1914 5270 2178 5339 majorem
2209 5270 2485 5327 laboribus
2513 5281 2565 5326 et
2597 5272 2942 5342 passionibus
2979 5270 3291 5325 fruitionem
3326 5270 3475 5324 inve-

1914 5360 2093 5423 niens,
2125 5370 2179 5415 et
2202 5361 2661 5417 inenarrabilibus
2684 5362 2843 5417 bonis
2868 5361 3109 5432 gaudens
3138 5371 3190 5417 et
3223 5361 3470 5416 alluens.

1910 5452 2045 5519 Quis
2080 5453 2245 5522 igitur
2280 5462 2362 5509 est
2391 5454 2571 5524 justus
2608 5456 2701 5525 qni
2734 5456 2789 5508 in
2826 5454 3033 5526 iustitia
3071 5471 3165 5508 sua
3198 5454 3333 5523 perit
3358 5493 3373 5515 ,
3416 5463 3473 5507 ct

210 5563 425 5621 μενος.
475 5545 570 5606 Τίς
589 5540 681 5597 οὖν
708 5545 855 5597 ἐστιν
894 5546 923 5598 6
953 5544 1159 5607 δίκαιος
1198 5546 1226 5597 6
1251 5546 1309 5597 ιν
1330 5541 1408 5613 τῷ
1429 5542 1620 5612 δικαίῳ
1644 5541 1803 5595 αὑτοῦ

1906 5540 2180 5610 quomodo
2210 5542 2385 5612 perit?
2422 5541 2683 5599 Videlicet
2708 5545 2800 5614 qui
2826 5544 2958 5613 justi
2992 5545 3210 5615 quidem
3248 5544 3391 5613 rapit
3414 5552 3469 5597 et

205 5631 636 5696 ἀπολλύμενος,
668 5632 764 5685 καὶ
787 5632 909 5687 τίνα
937 5633 1137 5704 τρόπον
1164 5630 1459 5687 ἀπόλλυται
1479 5648 1494 5697 ς
1514 5630 1548 5699 ἢ
1569 5630 1803 5702 δηλονότι

1908 5631 2085 5688 induit
2130 5647 2332 5689 nomen
2382 5641 2437 5691 ct
2485 5635 2727 5701 vultum,
2780 5635 2874 5691 scd
2917 5634 2973 5691 in
3007 5650 3110 5693 sua
3132 5634 3343 5705 juStitia
3373 5631 3467 5688 illo

297 5770 350 5800 ⁵³
392 5764 535 5821 Psal.
572 5779 655 5817 xu
686 5804 701 5831 ,
742 5766 827 5823 15.
