4186 6444
669 400 770 465 431

1845 404 2107 465 ΙἮΟἸΊῘ
2135 407 2637 467 ΡΑΤΠΙΛΒΟΗΕ
2670 408 2780 468 CP.

3839 403 3944 468 £39

662 521 874 592 justum
909 527 970 567 se
1001 511 1158 566 tinxit
1195 523 1351 573 esse,
1395 509 1527 579 justi
1555 508 1762 563 vultum
1799 526 1908 562 non
1943 528 2009 564 rx
2042 512 2112 565 iis
2135 528 2256 581 quae

2357 515 2385 564 ὁ
2403 513 2498 564 τοῦ
2529 514 2736 565 δικαίου
2775 513 2874 582 μὲν
2900 511 3162 581 ἁρπάζων
3192 509 3286 562 καὶ
3324 510 3940 580 κατασχηματιζόμενος

665 608 809 669 erat,
836 602 928 657 sed
960 617 1024 660 ex
1053 601 1120 655 iis
1148 617 1270 670 quae
1299 602 1602 666 ﬁngebatur
1636 600 1889 655 induens.
1913 601 2060 656 Talis
2089 603 2256 672 igitur

663 695 873 766 justus,
905 693 1007 747 etsi
1043 707 1238 748 omnes
1272 694 1422 746 illum
1459 694 1769 755 celebrent,
1801 697 1902 748 etsi
1929 711 2122 749 omnes
2152 695 2256 765 ipsi

663 786 932 854 justitiam
963 785 1226 853 plaudant
1248 825 1265 847 ,
1309 788 1364 838 in
1409 789 1528 853 ipso
1576 786 1762 840 habitu
1797 787 2026 855 justitire
2058 803 2172 842 suae
2200 798 2255 842 et

668 876 893 931 nomine
944 879 1010 929 ad
1057 885 1360 929 extremam
1413 878 1753 946 iniquitatem
1799 889 1854 931 et
1893 880 2254 947 perditionem

669 984 914 1037 praceps
957 967 1151 1022 fertur.
1192 969 1350 1034 Quod
1404 970 1550 1023 enim
1617 971 1794 1038 majus
1840 971 2044 1029 furtum
2091 987 2252 1041 quam

665 1059 798 1128 justi
831 1058 995 1114 furari
1029 1062 1454 1130 appellationem
1485 1062 1629 1115 inter
1657 1061 1906 1135 injustas
1941 1062 2212 1130 iacentem
2233 1062 2259 1116 ἲ

675 1149 816 1211 Quid
867 1162 1049 1203 autem
1109 1153 1485 1221 impudentius
1538 1168 1704 1222 quam
1761 1168 1950 1205 amore
1998 1153 2255 1219 insigniri

671 1239 1146 1295 excellentissima
1187 1244 1449 1296 virtutum
1502 1253 1557 1296 et
1599 1259 1697 1311 per
1731 1259 1922 1297 omnes
1971 1245 2096 1298 illas
2134 1260 2255 1311 per-

673 1333 944 1387 venieutis
971 1343 1025 1387 et
1053 1334 1436 1404 symphoniam
1473 1335 1805 1404 perficientis
1822 1337 2148 1389 concordem
2186 1337 2252 1390 ad

674 1438 840 1490 quam
889 1423 1043 1478 nullo
1082 1425 1397 1493 disponitur
1428 1425 1625 1494 pejus?
1672 1428 1755 1479 An
1797 1427 1963 1495 igitur
1991 1427 2113 1481 talis
2144 1443 2252 1481 non

677 1515 733 1567 in
758 1529 857 1569 sua
881 1513 1096 1584 justitia
1126 1516 1275 1584 juste
1298 1516 1478 1585 perit?
1501 1516 1764 1582 Querens
1804 1533 1925 1586 qua:
1955 1534 2063 1571 non
2092 1510 2254 1572 habet

677 1605 998 1672 ostendere,
1027 1617 1083 1662 et
1110 1619 1336 1678 propter
1357 1625 1483 1678 quae
1510 1609 1815 1663 celebratur
1837 1611 2089 1680 decipere
2118 1612 2256 1667 alios

679 1695 900 1750 tictione
929 1698 1087 1766 quasi
1121 1699 1366 1768 diligeret
1395 1698 1499 1753 ista
1533 1700 1854 1755 macltinans
1873 1740 1887 1763 ,
1912 1711 1966 1755 et
1995 1717 2104 1770 prae
2130 1703 2254 1758 aliis

682 1787 925 1856 seipsutn
958 1789 1131 1842 multo
1155 1790 1315 1862 pejus
1348 1801 1404 1844 et
1434 1790 1726 1844 infelicius.
1768 1789 1978 1845 Etenim
2012 1808 2081 1846 eo
2105 1793 2250 1862 quod

681 1876 979 1948 confugere
1022 1879 1089 1932 ad
1142 1881 1193 1933 id
1227 1881 1374 1949 quod
1421 1882 1632 1951 justum
1671 1890 1758 1937 est
1795 1895 1854 1936 se
1903 1881 2054 1952 tingit
2080 1922 2095 1946 ,
2137 1885 2254 1953 ipse
2288 1877 2329 1931 Β

683 1970 866 2024 sciens
897 1979 950 2024 et
975 1972 1167 2026 nolens
1186 1973 1479 2027 conﬁtetur
1512 1989 1570 2028 se
1600 1975 1759 2043 pejus
1788 1984 2119 2042 anteponere
2146 1991 2259 2028 me-

684 2064 804 2118 tinri
829 2080 849 2130 ;
885 2079 997 2119 non
1030 2066 1177 2119 enim
1206 2077 1474 2135 quaereret
1503 2069 1734 2122 formam
1767 2069 2001 2124 alienam
2032 2070 2260 2125 induere

679 2168 778 2222 per
801 2169 965 2223 quam
994 2157 1264 2226 propriam
1289 2158 1622 2214 abscondere
1649 2161 1842 2227 possit.
1861 2160 2062 2220 Deinde
2087 2177 2103 2212 :
2134 2178 2152 2211 ι
2191 2161 2259 2218 Et

679 2254 764 2300 est
796 2246 996 2316 impius
1039 2265 1269 2304 manens
1316 2251 1370 2304 in
1407 2253 1752 2321 improbitate
1783 2268 1917 2319 sua;
1957 2271 1976 2304 ι
2004 2253 2113 2307 alia
2156 2255 2258 2310 ista

683 2338 1032 2394 ratiocinatio
1061 2351 1117 2395 et
1159 2344 1263 2394 alia
1302 2342 1613 2398 Salomonis
1654 2346 1720 2398 ad
1762 2346 1942 2412 priora
1989 2349 2256 2401 sententia

678 2431 944 2498 opposita.
976 2432 1087 2486 Illic
1116 2434 1259 2486 enim
1295 2443 1571 2502 putantem
1616 2451 1675 2489 se
1712 2437 1923 2504 justum
1953 2453 2095 2503 esse,
2132 2455 2255 2492 cum

680 2536 789 2576 non
821 2524 892 2576 sit
919 2523 974 2577 in
1005 2524 1119 2593 ipsa
1145 2527 1278 2579 dicit
1311 2543 1449 2579 vana
1477 2527 1893 2596 subsumptione
1941 2542 1994 2582 et
2025 2529 2261 2583 artificio

679 2613 897 2680 perire;
933 2613 1021 2668 hic
1050 2630 1179 2669 vero
1207 2616 1261 2670 in
1288 2602 1416 2685 quae.
1443 2619 1601 2672 (lctus
1631 2619 1722 2672 ille
1740 2620 1922 2687 justus
1951 2620 2161 2673 incidit.
2193 2622 2257 2674 Et

682 2704 907 2770 impium
946 2705 1032 2760 his
1058 2706 1289 2761 detineri
1315 2710 1498 2763 sciens
1525 2750 1537 2768 .
1567 2720 1747 2763 tamen
1778 2726 1884 2764 non
1909 2727 1972 2765 ex
2007 2713 2114 2766 illis
2139 2714 2257 2777 ejus

681 2798 860 2865 arguit
887 2798 1188 2865 nequitiam
1219 2809 1274 2852 et
1309 2800 1661 2864 atheismum,
1693 2804 1786 2856 sed
1821 2819 1882 2856 ex
1909 2804 2025 2872 ipsa
2058 2807 2109 2856 in
2147 2806 2254 2857 im-

681 2886 880 2955 pietate
909 2891 1317 2956 perseverantia
1346 2901 1399 2945 et
1435 2893 1774 2947 habitatione
1812 2897 2031 2962 prapria
2059 2913 2079 2958 ;
2129 2912 2258 2965 pro-

682 2989 800 3046 pter
843 2979 985 3046 quod
1043 2989 1097 3034 et
1145 2991 1444 3035 extremam
1499 2985 1757 3037 ultionem
1805 2995 1858 3038 et
1899 2987 2254 3054 perditionem

679 3071 928 3138 protulit.
961 3089 979 3121 ι
1010 3070 1113 3136 Qui
1145 3073 1291 3126 enim
1338 3090 1446 3128 non
1496 3076 1670 3129 credit
1713 3077 1767 3129 in
1815 3076 2011 3130 Filiutn
2066 3079 2196 3144 Dei,
2229 3098 2248 3131 ι

679 3161 1097 3216 insubstantiata
1132 3164 1271 3217 dixit
1312 3164 1525 3220 Veritas
1549 3208 1565 3231 ,
1628 3186 1644 3218 ι
1671 3167 1782 3234 jam
1816 3168 2095 3237 judicatus
2130 3181 2252 3233 est,

676 3254 946 3322 quianon
978 3255 1154 3309 credit
1201 3256 1253 3308 in
1297 3273 1495 3312 nomen
1529 3259 1790 3328 unigeniti
1831 3260 1951 3314 Filii
2003 3262 2091 3314 Dei
2126 3263 2187 3315 ".
2230 3283 2251 3314 ›

677 3347 1022 3403 Manifestum
1042 3367 1170 3404 vero
1195 3351 1247 3404 in
1272 3351 1470 3406 Filium
1493 3355 1924 3409 incredulitatem
1945 3367 1995 3410 et
2014 3360 2256 3425 eiusdem

676 3451 884 3495 natura:
911 3453 965 3497 et
989 3442 1232 3511 ejusdem
1269 3444 1590 3500 substantia:
1623 3445 1804 3501 Patris
1834 3458 1887 3500 et
1911 3449 2150 3513 Spiritus
2178 3451 2255 3504 si-

678 3528 791 3580 mul
830 3527 1090 3584 inducere
1127 3532 1562 3587 incredulitatem
1585 3575 1598 3595 .
1634 3546 1693 3588 ut
1715 3546 1769 3589 et
1800 3538 1959 3591 fidem
1992 3542 2253 3608 consequi

679 3620 822 3673 solet
861 3620 1014 3676 fides.
1064 3623 1206 3677 Dicit
1255 3625 1417 3694 igitur
1468 3627 1715 3682 Salvator
1753 3629 2148 3698 blaspltemanti
2197 3633 2252 3684 in

682 3707 942 3776 Spiritum
978 3720 1253 3777 sanctum,
1281 3713 1330 3766 id
1359 3716 1447 3767 est
1475 3715 1528 3768 in
1566 3731 1728 3768 unam
1759 3717 2254 3782 super-naturalium

679 3809 731 3854 et
767 3805 890 3856 vitae
925 3804 1318 3874 principiorum
1366 3816 1418 3861 et
1464 3807 1707 3874 ejusdem
1752 3817 1962 3862 natura:
1998 3810 2257 3879 liyposta-

680 3891 822 3945 sium
861 3892 1251 3960 omnipotentis
1283 3906 1336 3949 et
1368 3898 1647 3950 crcatricis
1680 3896 1940 3960 Deitatis,
1995 3899 2122 3951 huic
2155 3900 2254 3951 etsi

679 3983 946 4038 virtutum
982 4001 1170 4040 amore
1217 3990 1536 4056 passionum
1566 3991 1816 4043 videatur
1843 4006 1967 4043 esse
2004 3991 2259 4044 immuni-

681 4084 804 4137 tas,
858 4089 967 4127 non
1004 4084 1188 4129 tamen
1229 4078 1614 4131 remittendum
1660 4094 1784 4132 esse
1828 4089 2112 4146 peccatum
2162 4096 2262 4134 nec

679 4180 734 4235 in
787 4166 1047 4232 praesenti.
1075 4166 1302 4231 saeculo,
1340 4183 1440 4221 nec
1475 4168 1529 4220 in
1565 4167 1748 4221 futuro
1782 4169 1847 4221 “.

2354 603 2454 670 τὴν
2493 603 2682 672 κλῆσιν
2707 605 2801 655 καὶ
2835 603 2898 655 τὸ
2921 603 3234 670 πρόσωπον,
3267 602 3325 652 ὲν
3347 603 3484 669 αὐτῇ
3513 601 3570 652 δὲ
3599 602 3666 670 τῇ
3721 603 3941 669 μηχανῇ

2353 697 2517 749 αὑτοῦ
2543 699 2636 749 καὶ
2672 697 2960 766 περιεργίᾳ
2987 694 3356 764 διολλύμενος.
3406 694 3482 746 υὺ
3510 693 3620 763 γάρ
3647 691 3838 755 ἁπλῶς
3862 687 3942 744 εί-

2355 805 2457 839 πεν
2489 791 2549 840 ὲν
2580 789 2654 856 τῷ
2687 788 2939 858 δικαίιρῆ
2971 791 3029 840 ὲν
3053 792 3118 857 τῇ
3178 786 3494 856 δικαιοσύνῃ
3545 785 3942 854 ἀπολλύμενος,

2355 880 2470 933 ἀλλ’
2491 884 2551 932 ἐν
2582 881 2660 951 τῷ
2683 883 2876 951 δικαίῳ
2915 880 3082 934 αὑτοῦ
3110 880 3138 932 ὃ
3181 882 3388 940 ἐκεῖνος
3415 879 3624 931 δίκαιον
3656 879 3940 946 ἐμηχανη-

2356 985 2486 1021 σατο
2525 965 2687 1032 εἶναι,
2710 969 2772 1022 τὸ
2795 969 2888 1022 τοῦ
2925 970 3135 1023 δικαίου
3171 969 3463 1038 πρόσωπον
3503 969 3604 1019 οὑκ
3639 968 3700 1032 ἐξ
3739 961 3817 1018 ὧν
3850 961 3938 1035 ἦν,

2355 1060 2470 1122 Et);
2498 1060 2558 1124 ἐξ
2581 1054 2656 1113 ὧν
2685 1059 3104 1130 ἐσχηματίζετο,
3159 1059 3638 1129 περιϐαλλόμενος.
3677 1058 3736 1110 '0
3768 1055 3941 1109 tet.on

2353 1169 2442 1214 τος
2465 1148 2557 1204 οὖν
2587 1151 2814 1216 δίκαιος,
2844 1150 2947 1205 κάν
2981 1152 3181 1214 πάντες
3211 1151 3374 1204 αὑτὸν
3395 1150 3658 1218 ὑμνῶσιν,
3676 1147 3782 1200 κᾶν
3809 1150 3943 1200 πάν-

2353 1261 2443 1306 τες
2475 1244 2622 1313 αὑτῷ
2646 1245 2705 1296 τὸ
2727 1243 2933 1296 δίκαιον
2953 1242 3333 1313 ὲπικροτῶσιν.
3353 1246 3412 1293 εν
3433 1241 3580 1310 αὑτῷ
3596 1239 3672 1310 τῷ
3699 1242 3942 1309 σχήματι

2352 1337 2453 1404 τῆς
2503 1337 2847 1405 δικαιοσύνης
2901 1336 3064 1388 αὑτοῦ
3101 1337 3196 1387 καὶ
3245 1334 3323 1402 τῷ
3378 1333 3604 1401 ὀνόματι
3652 1333 3790 1403 πρὸς
3843 1332 3942 1401 ⁴τὴν

2354 1427 2589 1497 ἐσχάτην
2623 1428 2835 1480 ἀδικίαν
2863 1428 2956 1479 καὶ
2979 1427 3254 1480 ἀπώλειαν
3283 1426 3669 1494 καταφέρεται.
3707 1423 3804 1485 Τίς
3834 1424 3945 1492 γὰρ

2359 1519 2562 1589 μείζων
2598 1519 2774 1588 κλοπὴ
2836 1518 2934 1589 τὴν
2965 1517 3059 1570 τοῦ
3108 1516 3319 1570 δικαίου
3353 1517 3605 1571 κλέπτειν
3661 1531 3942 1585 προσηγο-

2357 1614 2479 1682 ρίαν
2514 1614 2626 1674 τοίς
2678 1613 2882 1673 ἀδίκοις
2911 1610 3306 1680 ἀνακείμενον;
3353 1609 3418 1661 Τί
3471 1610 3518 1661 δ’
3560 1608 3944 1678 ἀναιδέστερον

2353 1705 2518 1774 ἔρωτι
2552 1704 2911 1774 σεμνύνεσθαι
2938 1704 3036 1772 τῆς
3084 1701 3375 1771 καλλίστης
3407 1700 3520 1754 τῶν
3549 1699 3788 1771 ἀρετῶν,
3847 1702 3944 1753 καὶ

2354 1797 2420 1849 δι’
2455 1797 2686 1850 ἀπασῶν
2706 1796 2888 1848 αὑτῶν
2904 1794 3194 1864 διηκούσης
3228 1794 3320 1845 καὶ
3338 1792 3437 1864 τὴν
3462 1789 3785 1861 συμφωνίαν
3810 1792 3943 1845 ἀπο-

2356 1889 2612 1956 τελούσης
2666 1889 3009 1958 ἐναρμόνιον,
3075 1888 3210 1957 πρὸς
3273 1887 3340 1956 ἢν
3398 1885 3612 1947 οὐδενὸς
3667 1885 3944 1938 διάκειται

2355 1980 2808 2049 δυσμενέστερον;
2838 1976 2963 2049 Ἆρ’
2992 1975 3088 2031 οὖν
3125 1981 3155 2031 ὁ
3187 1978 3428 2040 τοιοῦτος
3446 1977 3546 2030 οὑκ
3570 1977 3632 2029 ὲν
3658 1976 3738 2047 τῷ
3771 1975 3942 2030 αὑτοῦ

2356 2070 2547 2140 δικαίῳ
2569 2069 2791 2130 δικαίως
2829 2069 3165 2132 ἀπύλλυται;
3194 2067 3374 2137 ζητῶν
3401 2065 3440 2120 ἀ
3477 2068 3552 2136 μὴ
3580 2065 3695 2136 ἔχει
3723 2065 3941 2119 δεικνύ-

2358 2181 2468 2228 ναι,
2502 2166 2595 2216 καὶ
2623 2165 2756 2232 πρὸς
2778 2163 2816 2216 ἀ
2839 2161 3189 2227 διαὸέδληται
3230 2162 3447 2230 ἀπατᾷν
3467 2162 3596 2221 τοὺς
3628 2159 3825 2219 ἄλλους
3872 2160 3942 2227 τῇ

2359 2255 2719 2324 προσποιήσει
2750 2255 2832 2305 ὅτι
2862 2254 3082 2322 στέργει
3131 2251 3305 2304 ταῦτα
3361 2249 3794 2320 μηχανώμενος·
3844 2248 3943 2300 καὶ

2358 2347 2584 2415 πρὸτῶν
2621 2345 2818 2408 ἄλλων,
2857 2346 3052 2397 ἑαυτὸν
3101 2343 3283 2413 πολλῷ
3310 2344 3500 2397 κάκιον
3538 2342 3635 2395 καὶ¹
3677 2339 3941 2394 ἀθλιώτε-

2362 2456 2473 2506 ρον.
2495 2439 2606 2490 Καὶ
2632 2439 2741 2507 γὰρ
2769 2439 2827 2503 ἐξ
2855 2431 2931 2488 ὧν
2960 2437 3060 2505 μὲν
3081 2435 3448 2504 καταφεύγειν
3477 2435 3614 2502 πρὸς
3640 2433 3702 2486 τὸ
3730 2433 3946 2486 δίκαιον

2361 2529 2780 2596 σχηματίζεται,
2805 2526 2966 2588 αὑτὸς
2995 2524 3279 2592 γινώσκων
3312 2525 3406 2576 καὶ
3427 2522 3576 2576 ἄκων
3607 2523 3862 2592 ὁμολογεῖ
3879 2521 3946 2573 τὸ

2359 2623 2538 2689 χεῖρον
2571 2617 2894 2688 προελέσθαι
2921 2616 3020 2669 τοῦ
3067 2615 3370 2686 κρείττονος
3391 2629 3408 2642 ·
3440 2615 3502 2667 οὑ
3530 2613 3641 2682 γάρ
3666 2613 3734 2666 ἂν
3757 2611 3944 2681 ἐζήτει

2362 2712 2575 2780 μορφὴν
2601 2710 2888 2780 ἀλλοτρίαν
2914 2707 3234 2775 περιθέσθαι
3253 2706 3322 2758 δι’
3342 2701 3410 2776 ἦς
3445 2706 3545 2776 τὴν
3581 2705 3791 2758 οἰκείαν
3817 2706 3942 2757 επι-

2361 2802 2634 2870 κρύψειεν.
2661 2797 2792 2853 Εἶτα
2821 2816 2834 2830 ’
2868 2820 2888 2851 ι
2925 2800 3034 2851 Καὶ
3063 2798 3177 2850 ἐστι
3209 2797 3415 2868 ἀσεὸὴς
3448 2796 3623 2865 μένων
3651 2797 3712 2848 ὲν
3738 2798 3806 2864 τῇ
3844 2811 3949 2848 καρ

2359 2895 2453 2962 κίᾳ
2473 2892 2662 2944 αὑτοῦ.
2693 2910 2712 2941 ι
2750 2891 2943 2952 Ἀλλος
2982 2884 3138 2950 οὗτος
3167 2889 3424 2957 λογισμὸς
3452 2888 3546 2940 καὶ
3562 2885 3697 2956 ἄλλη
3721 2887 3817 2939 τοῦ
3845 2887 3942 2938 Σο-

2357 2983 2627 3050 λομῶντος
2660 2983 2794 3051 πρὸς
2821 2983 2890 3033 τὰ.
2918 2981 3182 3050 πρότερον
3213 2981 3421 3032 διάνοια
3453 2978 3940 3048 παραλλάσσουσα.

2370 3075 2512 3126 Ἑκεῖ
2543 3074 2641 3142 μὲν
2662 3074 2769 3142 γὰρ
2792 3074 2883 3124 τὸν
2905 3073 3196 3139 νομίζοντα
3226 3071 3416 3122 ἑαυτὸν
3441 3069 3644 3122 δίκαιον
3672 3064 3836 3128 εἶναι,
3866 3069 3946 3137 μὴ

2357 3166 2484 3218 ὂντα
2507 3165 2562 3217 δέ
2585 3180 2597 3194 ·
2635 3166 2694 3216 ὲν
2725 3165 2863 3233 αὑτῇ
2897 3163 3043 3229 λέγει
3072 3166 3140 3232 τῇ
3170 3162 3377 3232 ματαίᾳ
3406 3159 3671 3229 ὑπολήψει
3708 3160 3805 3212 καὶ
3831 3175 3946 3228 μη-

2360 3257 2659 3327 χανουργίᾳ
2687 3255 3030 3308 διόλλυσθαι·
3071 3252 3308 3306 ἐνταῦθα
3361 3252 3442 3316 δὲ,
3489 3245 3571 3313 οἷς
3601 3249 3754 3319 μὶνδ
3813 3266 3944 3302 κατ-

2357 3346 2831 3418 εσχηματισμένος
2864 3347 3071 3404 ἐκεῖνος
3105 3344 3310 3405 δίκαιος
3341 3343 3663 3412 περιέπιπτε
3682 3359 3697 3372 ·
3725 3342 3824 3394 καὶ
3851 3342 3949 3396 τὸν

2354 3440 2527 3508 ἀσεϐῆ
2554 3438 2761 3498 τούτοις
2776 3436 3066 3505 ,ἐνέχεσθαι
3089 3436 3263 3498 εἰδὼς,
3281 3437 3430 3504 ὅμως
3460 3435 3561 3487 οὑκ
3604 3433 3666 3498 ἐξ
3714 3433 3948 3486 ἐκείνων

2352 3531 2518 3584 αὑτοῦ
2565 3531 2828 3599 διελέγχει
2856 3529 2952 3600 τὴν
2976 3530 3243 3599 πονηρίαν
3292 3529 3388 3581 καὶ
3421 3527 3711 3596 ἀθεότητα,
3742 3526 3863 3578 ἀλλ’
3883 3525 3948 3592 ἐξ

2353 3624 2522 3691 αὐτῆς
2553 3625 2651 3689 τῆς
2689 3622 2782 3674 ἐπὶ
2810 3621 2873 3674 τὸ
2897 3621 3113 3675 ἀσεϐεῖν
3150 3621 3412 3690 διαμονῆς
3447 3620 3543 3672 καὶ
3568 3616 3902 3678 οίκειιίισεως
3923 3632 3942 3646 °

2353 3714 2421 3766 δι’
2450 3708 2511 3767 οὗ
2535 3716 2628 3766 καὶ
2646 3713 2745 3782 τὴν
2774 3714 3007 3783 ἐσχάτην
3023 3713 3181 3783 δίκην
3202 3712 3297 3764 καὶ
3324 3710 3600 3764 ἀπώλειαν
3622 3708 3948 3778 ἀπηνέγκα-

2353 3821 2442 3858 τα.
2478 3824 2496 3855 ι
2549 3805 2606 3856 '0
2639 3806 2749 3874 γὰρ
2783 3805 2859 3875 μὴ
2906 3804 3176 3857 πιστεύων
3231 3806 3310 3866 εἰς
3339 3803 3437 3874 τὸν,
3483 3801 3609 3854 Υίδν
3659 3798 3822 3862 Θεοῦ,
3858 3820 3876 3851 ι
3908 3803 3943 3869 ἠ

2354 3896 2718 3958 ὲνυπόστατος
2743 3891 2898 3948 εἶπεν
2938 3895 3214 3964 Ἀλήθεια,
3253 3913 3273 3944 ι
3310 3895 3414 3962 ἢδη
3458 3893 3731 3962 κέκριται,
3755 3891 3842 3943 ὅτι
3866 3892 3945 3958 μὴ

2357 3989 2719 4040 πεπίστευκεν
2758 3991 2836 4050 είς
2881 3987 2943 4039 τὸ
2970 3988 3141 4055 ὄνομα
3164 3989 3259 4039 τοῦ
3318 3983 3640 4054 μονογενοῦς
3682 3982 3816 4034 Υίοῦ
3843 3979 3947 4032 τοῦ

2352 4078 2506 4131 Θεοῦ.
2547 4097 2564 4128 ι
2598 4080 2769 4147 Δῆλον
2801 4080 2856 4131 δὲ
2889 4082 3083 4146 ὅτιπερ
3128 4079 3162 4145 η
3195 4080 3276 4138 είς
3311 4078 3402 4128 τὸν
3436 4077 3560 4128 Υἱὸν
3587 4074 3818 4127 ἀπιστία
3845 4075 3946 4127 καὶ

2353 4169 2454 4238 τὴν
2475 4169 2583 4220 τῶν
2611 4169 2865 4238 ὁμοφυῶν
2892 4170 2987 4221 καὶ
3018 4169 3318 4237 ὁμοουσίων
3367 4165 3580 4234 Πατρδς
3612 4167 3707 4218 καί
3766 4163 3945 4216 Ilvati-

681 4271 849 4324 ματος
929 4260 1236 4325 συνεισάγει
1273 4259 1564 4310 ἀπιστίανο
1609 4258 1795 4329 ῶσπερ
1851 4259 1947 4312 καὶ
2015 4263 2084 4330 τῇ
2136 4258 2318 4311 πίστει
2360 4259 2770 4311 συνακολουθεῖν
2827 4258 3016 4312 εἴωθεν
3051 4261 3085 4328 ἡ
3115 4258 3316 4319 πίστις.
3347 4256 3514 4323 1Ινησὶν
3543 4254 3636 4307 οὖν
3683 4253 3713 4304 6
3745 4250 3946 4321 Σωτὴρ

675 4346 751 4408 ὡς
808 4345 886 4414 τῷ
917 4345 1370 4418 βλασφημήσαντι
1387 4351 1462 4409 εἰς
1491 4350 1552 4400 τὸ
1582 4349 1804 4418 Πνεῦμα
1829 4350 1890 4400 τὸ
1938 4349 2114 4417 ἅγιον,
2145 4351 2423 4402 τουτέστιν
2495 4352 2574 4410 είς
2616 4350 2746 4417 μίαν
2809 4349 2918 4401 τῶν
2965 4347 3260 4417 ὑπερφυῶν
3311 4347 3406 4398 καὶ
3459 4344 3788 4414 ζωαρχικῶν
3844 4353 3942 4404 καὶ

676 4436 931 4506 ὁμοφυῶν
986 4439 1336 4492 ὑποστάσεων
1372 4443 1474 4509 τῆς
1521 4442 2026 4509 παντοκρατορικῆς
2073 4457 2135 4492 τε
2189 4442 2283 4492 καὶ
2319 4441 2653 4509 δημιουργοῦ
2714 4440 3000 4509 Θεότητος,
3065 4438 3242 4506 τούτῳ
3295 4438 3395 4490 κᾶν
3427 4437 3536 4488 τῶν
3605 4434 3824 4505 ἀρετῶν
3861 4433 3946 4504 τῷ

677 4527 840 4597 ἔρωτι
874 4530 983 4582 τῶν
1013 4532 1205 4584 παθῶν
1223 4532 1370 4586 δοκεῖ
1398 4527 1538 4588 εἶναι
1572 4533 1634 4586 τὸ
1666 4532 1981 4596 ἀνεύθυνον,
2001 4532 2266 4604 οὑμενουν
2308 4536 2409 4587 οὑκ
2467 4533 2800 4604 ἀφεθήσεται
2831 4535 2892 4586 τὸ
2924 4532 3228 4604 ἁμάρτημα
3255 4530 3380 4583 οὔτε
3413 4532 3471 4581 ἐν
3499 4528 3578 4597 τῷ
3606 4527 3701 4581 νῦν
3748 4527 3941 4583 αἰνῶνι

679 4615 804 4671 οὕτε
831 4621 893 4672 ὲν
915 4621 992 4690 τῷ
1025 4621 1295 4691 μέλλοντι.

981 4732 1311 4799 ΩυΑΒΒΤΙΟ
1355 4733 1536 4789 LXVII
1574 4735 1669 4808 [aL
1713 4735 1922 4808 LXVI],

679 4827 957 4893 Quomodo
978 4828 1374 4902 intelligendum
1398 4832 1530 4884 illud
1559 4846 1578 4884 :
1609 4850 1626 4881 ι
1653 4830 1713 4884 Si
1751 4841 1928 4884 autem
1989 4833 2247 4902 iniquitas

1016 4913 1201 4954 nostra
1238 4901 1330 4953 Dei
1355 4902 1625 4969 justitiam
1655 4903 1861 4954 statuit.
1887 4921 1906 4951 ι

2905 4737 3235 4791 ειιιιτιιειε
3289 4733 3405 4789 ΞΖ’.

2355 4839 2488 4903 Πῶς
2535 4835 2787 4902 νοητέον
2846 4833 2952 4885 τό·
2985 4851 3002 4880 ι
3035 4831 3103 4881 ει
3145 4829 3214 4880 δὲ
3247 4826 3516 4903 ήιὰδικία
3566 4821 3741 4893 ήμῶν
3785 4823 3942 4876 θεοῦ

2734 4903 3125 4968 δικαιοσύνην
3161 4899 3544 4964 συνίστησιν.
3558 4913 3577 4946 ι

1713 5037 1853 5089 Edita
1874 5051 1903 5086 a
1923 5040 2067 5099 latio,
2102 5043 2136 5090 Ι.
2163 5057 2233 5102 c.,
2256 5059 2304 5106 p.
2330 5044 2496 5092 81-85.
2526 5042 2575 5090 In
2599 5041 2738 5088 Rom.
2761 5052 2832 5096 ιιι,
2852 5040 2899 5086 5.

745 5133 864 5199 Hie,
890 5137 1080 5190 statuit
1107 5181 1123 5201 ,
1142 5138 1325 5194 divina
1352 5139 1585 5209 loquenti
1616 5139 1785 5195 Paulo
1803 5142 2005 5197 dictum
2030 5157 2111 5199 est
2147 5163 2251 5199 non

675 5225 946 5280 stiﬂiciens
994 5243 1194 5293 causa,
1243 5240 1339 5282 aut
1390 5231 1636 5286 absolute
1679 5248 1845 5287 causa
1892 5233 1985 5289 Dei
2025 5236 2254 5303 justitia

675 5330 917 5376 nostram
960 5321 1284 5390 injustitiam
1325 5323 1606 5377 statuenti.
1639 5323 1925 5389 Quomodo
1965 5328 2111 5380 enim
2149 5327 2253 5381 hoc

675 5412 1018 5466 ratiocinatio
1037 5428 1144 5466 non
1177 5412 1436 5468 auferens
1453 5415 1681 5468 libelam
1703 5417 2058 5480 voluntatem,
2074 5432 2250 5485 neque

675 5502 874 5569 injuria
906 5502 1149 5556 alliciens
1168 5504 1308 5572 quod
1339 5503 1497 5571 juxta
1525 5505 1814 5572 imaginem
1839 5514 1944 5566 est.
1969 5506 2036 5559 de
2063 5506 2250 5560 divino

673 5591 843 5646 Paulo
863 5591 1103 5661 cogitare
1135 5593 1346 5660 potest?
1379 5591 1506 5656 Sed,
1541 5596 1755 5657 statuit,
1788 5610 1932 5649 nunc
1962 5611 2091 5664 pro,
2117 5611 2245 5649 con-

673 5680 849 5734 stituit
872 5680 1233 5749 manifestam,
1270 5684 1591 5744 assumitur,
1616 5684 1872 5739 omnibus
1898 5687 2237 5743 innotescere

747 5796 792 5827 η
812 5794 967 5852 .loan.
1001 5814 1093 5863 ιιι,
1127 5799 1211 5856 18.
1290 5800 1333 5830 ¹’⁶
1367 5799 1498 5854 Luc.
1526 5817 1633 5867 xu,
1673 5801 1757 5856 10.

2444 5144 2706 5199 Ἐνταῦθα
2752 5143 2831 5204 τὸ,
2894 5142 3246 5206 συνίστησι,
3284 5137 3364 5207 τῷ
3425 5135 3696 5206 θεσπεσίῳ
3737 5135 3942 5206 Παύλῳ

2358 5237 2571 5306 εἴρηται
2613 5236 2734 5302 οὐχὶ
2765 5231 3242 5303 προκαταρκτικὸν
3280 5231 3470 5283 αἴτιον.
3509 5228 3541 5296 ἢ
3592 5227 3729 5291 ὅλως
3758 5228 3939 5279 αἴτιον

2355 5331 2455 5396 τῆς
2491 5327 2582 5379 τοῦ
2616 5327 2750 5378 Θεοῦ
2774 5325 3118 5393 δικαιοσύνης
3146 5323 3245 5392 τὴν
3286 5320 3444 5390 ἡμῶν
3475 5320 3687 5372 ἀδικίαν
3721 5320 3935 5388 δογμα-

2355 5420 2573 5483 τίζοντι.
2608 5418 2715 5470 Ποῦ
2739 5419 2847 5487 γὰρ
2867 5415 3024 5467 τοῦτο
3057 5406 3314 5482 λογισμὸς
3355 5414 3452 5465 οὑκ
3484 5412 3842 5482 ἀφῃρημένος
3872 5413 3936 5462 τὸ

2354 5510 2716 5572 αὐτεξούσιον.
2765 5509 2888 5559 οὔτε
2943 5506 3401 5577 περιυϐρισμένος
3438 5504 3498 5556 τὸ
3558 5505 3679 5556 κατ’
3723 5503 3932 5566 εἰκόνα,

2358 5605 2483 5672 περὶ
2515 5603 2608 5654 τοῦ
2637 5601 2781 5653 θείου
2807 5600 3016 5654 Παύλου
3034 5599 3351 5666 λογίσασθαι
3374 5598 3624 5662 δύναται;
3654 5597 3821 5650 Ἀλλά
3845 5597 3931 5660 τὺ,

2356 5694 2706 5759 συνίστησι,
2754 5690 2847 5745 νῦν
2904 5692 2986 5743 ὅτι
3018 5690 3138 5744 ἀντὶ
3175 5689 3269 5741 τοῦ
3303 5689 3663 5758 καθίστησιν
3689 5690 3933 5761 ἐμφανῆ
