4186 6444
187 419 293 483 433

1108 418 1208 476 AD
1243 409 1826 474 AMPHILOCHIUM
1858 409 2201 481 QUESTIO
2236 414 2464 473 LXVII.

3320 413 3426 478 434

190 531 584 600 παρείληπται,
625 533 789 583 πᾶσιν
828 526 1281 593 ὲπιγινώσκεσθαι
1307 528 1470 579 ποιεῖ.
1503 525 1633 578 Οὐδὲ
1660 522 1766 589 γὰρ
1794 523 1841 577 Α

1794 520 2032 587 Afacit;
2088 536 2195 573 non
2250 522 2391 574 enim
2443 522 2495 574 in
2549 521 2953 576 sulisistentiam
3011 524 3422 591 productionem

189 626 311 678 οὐδὲ
340 626 438 693 τὴν
471 625 548 679 εἰς
582 621 813 691 ὓπαρξιν
839 620 1167 689 προαγωγὴν
1196 620 1315 672 νυνὶ
1346 619 1407 671 τὸ
1437 620 1533 686 τῆς
1568 617 1765 682 λέξεως

191 714 480 783 σημαίνει’
547 713 667 766 οὐδὲ
698 716 795 780 τῆς
830 712 1044 773 ἀδικίας
1098 712 1254 780 ἡμῶν
1307 710 1515 779 καρπός
1554 711 1699 760 ἐστιν
1733 710 1765 776 ἠ

188 805 284 856 τοῦ
313 804 447 857 Θεοῦ
479 805 787 872 δικαιοσύνη
806 817 819 831 ·
856 804 915 855 οὐ
960 803 1056 871 μὲν
1084 802 1203 855 οὐδὲ
1228 802 1561 872 ὲνιάπορίας.
1598 802 1671 863 ὡς
1702 800 1766 852 ἄν

189 911 302 946 τισι
335 894 524 957 δόξειε,
562 892 898 961 προάγεσθαι
962 893 1200 962 σχήματι
1240 893 1428 963 καιρὸν
1487 892 1764 961 εὑρίσκει·

192 986 333 1054 πρὸς
357 984 552 1053 χλεύην
581 984 688 1053 γὰρ
739 984 832 1037 καὶ
860 984 1003 1035 οὕτω
1046 982 1389 1051 τυπούμενον
1436 982 1731 1051 καταλήγει
1750 995 1764 1010 ο

192 1075 291 1127 καὶ
315 1077 447 1139 πρὸς
476 1074 538 1127 τὺ
576 1074 803 1143 μάταιον
847 1074 1204 1143 ἀποφέρεται.
1265 1073 1521 1142 Καὶ,γὰρ
1558 1074 1651 1125 καὶ
1709 1072 1767 1123 τὸ

194 1165 386 1233 σχῆμα
413 1165 521 1218 τῶν
559 1165 825 1233 ἀποριῶν,
865 1164 933 1217 δι’
991 1164 1216 1233 ἐρεύνης
1268 1163 1424 1215 εἴωθε
1468 1163 1766 1233 βαθυτέρας

130 1314 135 1319 τ
192 1253 292 1305 καὶ
322 1253 379 1304 τὺ
410 1253 771 1323 ἐπιπροσθοῦν
810 1252 1162 1305 ἀποτίθεσθαι
1199 1252 1293 1303 καὶ
1330 1253 1391 1304 τὸ
1435 1254 1602 1319 σαφὲς
1646 1251 1765 1303 δια-

193 1344 441 1397 λύεσθαιο
460 1346 559 1396 ὅσα
590 1344 645 1396 δὲ
679 1344 770 1395 τοῦ
804 1344 1006 1395 ἀτόπου
1037 1342 1128 1395 τὸν
1150 1342 1372 1413 ἔλεγχον
1400 1342 1511 1411 ἔχει
1537 1358 1768 1412 προφαι-

193 1436 443 1503 νόμενον,
480 1436 767 1505 πρόχειρόν
795 1451 854 1486 τε
886 1436 981 1487 καὶ
1028 1435 1434 1503 ἐμφανεστάτην
1464 1433 1560 1505 τὴν
1602 1434 1776 1487 κατά-

193 1543 399 1592 γνωσιν
450 1529 811 1592 συνεπάγεται
830 1544 843 1557 ο
875 1525 1044 1579 ταῦτα
1082 1526 1137 1578 δὲ
1166 1528 1273 1597 ἀρα
1307 1526 1417 1579 οὐδ’
1440 1528 1517 1587 είς
1540 1525 1771 1596 ἀπορίας

191 1615 363 1668 τύπον
396 1614 827 1685 σχηματίζεσθαι
888 1615 1352 1685 παρρησιάζεται,
1408 1614 1670 1685 φλυαρίας
1714 1614 1771 1666 δὲ

194 1706 315 1773 ἄμα
377 1708 472 1757 καὶ
534 1706 914 1775 ματαιολογίας
970 1706 1361 1774 σπουδάσματα
1417 1705 1768 1776 διελέγχεται.

194 1798 321 1850 Ὅτι
348 1798 405 1850 δὲ
434 1796 495 1850 τὸ
520 1798 893 1864 συνίστησιν
921 1798 1044 1851 ἀντὶ
1062 1796 1156 1849 τοῦ
1186 1796 1527 1863 κατάδηλον
1553 1796 1771 1865 emta-

1868 626 2011 664 nunc
2043 612 2155 664 haec
2185 612 2352 665 dictio
2400 611 2700 681 significat;
2752 628 2851 667 nec
2900 613 3178 681 injustitia:
3229 626 3428 669 nostrae

1868 703 2075 757 fruetus
2104 714 2185 757 est
2213 704 2302 759 Dei
2336 705 2565 773 justitia.
2610 703 2795 773 Neque
2850 707 2903 758 in
2956 707 3315 762 dubitationis
3370 718 3427 761 ut

1866 796 2191 864 quibusdam
2229 796 2394 848 videri
2431 805 2609 862 posset
2636 795 2861 864 proferri
2908 797 3080 850 forma
3122 798 3301 850 Iot-ntn
3341 800 3427 852 in-

1867 887 2006 939 venit
2034 904 2047 951 ;
2094 886 2159 939 ad
2202 888 2502 942 irrisioneni
2545 889 2687 941 cnim
2715 897 2768 941 rt
2795 890 2872 941 sic
2899 889 3184 958 figuratum
3225 891 3429 944 desinit

1866 990 1915 1031 et
1947 980 1998 1031 in
2026 995 2222 1031 vanum
2257 980 2559 1033 abducitur.
2602 981 2811 1033 Etenim
2843 989 2896 1033 et
2931 981 3099 1034 forma
3136 982 3429 1035 dubitatior

1871 1080 2015 1121 num.
2053 1080 2147 1131 per
2178 1068 2565 1120 scrutationem
2598 1068 2736 1121 solet
2765 1067 3165 1135 profundiorem
3193 1079 3248 1123 et
3286 1080 3434 1124 ante-

1871 1156 2010 1207 riora
2045 1157 2310 1223 deperiere
2339 1167 2389 1210 et
2424 1161 2567 1211 clara
2610 1159 2848 1219 diluere;
2875 1173 3213 1227 quaecunque
3247 1171 3429 1214 autem

1870 1246 2057 1299 insulsi
2092 1248 2522 1316 redargutionem
2572 1249 2767 1302 habent
2794 1261 3143 1316 apparentem
3170 1291 3186 1315 ,
3232 1250 3318 1304 Itis
3350 1250 3431 1305 fe-

1871 1339 2068 1390 stinam
2103 1348 2157 1391 et
2192 1340 2653 1393 evidentissimam
2696 1343 3206 1396 condemnationem
3233 1358 3428 1409 super-

1870 1428 2016 1481 dneit
2045 1450 2060 1492 ;
2086 1429 2199 1482 haec
2232 1444 2359 1482 vero
2390 1440 2536 1484 certe
2561 1447 2666 1484 non
2705 1433 2757 1485 in
2795 1432 3153 1488 dubitationis
3201 1433 3429 1487 formam

1871 1517 1997 1585 tingi
2026 1517 2359 1571 confidenter
2390 1511 2604 1581 asserit,
2636 1519 3010 1574 blaterationis
3041 1538 3169 1574 vero
3192 1523 3349 1578 simul
3378 1533 3432 1578 et

1872 1622 2021 1659 vanze
2046 1608 2331 1675 loquentia!
2355 1610 2532 1660 studia
2566 1610 2856 1678 redarguit.
2892 1610 3045 1675 Quod
3086 1622 3265 1666 autem
3299 1614 3431 1668 illud

1870 1699 2057 1750 statuit
2091 1714 2187 1767 pro
2212 1700 2414 1752 evidens
2451 1700 2933 1770 facitassnmptnm
2958 1715 3059 1766 est,
3082 1705 3430 1758 manifestum

1872 1790 2073 1857 praebet
2098 1789 2354 1843 omnibus
2390 1792 2607 1858 cognitu
2657 1795 2771 1857 ipse
2827 1795 2911 1846 sui
2975 1795 3127 1851 testis
3189 1799 3431 1852 veritatis

192 1905 290 1941 tat
325 1888 715 1957 παρείληπται,
754 1860 971 1958 ἐμφανῆ
1007 1860 1414 1958 παρασκευάζει
1464 1860 1771 1942 πᾶσιν-ἑπι-
1800 1860 1842 1914 Β

1800 1860 1842 1914 Β
1872 1894 2049 1947 praeco
2064 1889 2117 1932 et
2133 1880 2338 1934 stabilit
2359 1890 2415 1934 et
2442 1882 2744 1935 doctrinam
2777 1886 2932 1938 nobis
2964 1886 3426 1942 evidentissimam

188 1977 580 2045 γινώσκεσθαι,
611 1980 769 2041 αὐτὸς
800 1978 990 2033 ἑαυτοῦ
1035 1981 1244 2049 μάρτυς
1283 1982 1311 2033 6
1357 1980 1458 2049 τῆς
1510 1980 1770 2050 ἀληθείας

191 2067 372 2136 κῆρυξ
404 2064 497 2121 καί⁵
528 2069 862 2138 παρίσταται
893 2072 985 2123 καὶ
1013 2071 1109 2138 τὴν
1138 2072 1483 2125 διδασκαλίαν
1511 2075 1640 2142 ἡμῖν
1666 2074 1769 2143 ιμ-

190 2159 535 2228 φανεστάτην
561 2159 650 2211 διά
677 2160 773 2228 τῆς
811 2162 1119 2229 μαρτυρίας
1166 2162 1485 2231 παρέχεται.
1519 2162 1627 2214 Καὶ
1659 2163 1768 2231 γάρ

202 2245 492 2315 Ῥωμαίοις
547 2250 771 2318 γράφων
832 2250 1000 2319 φησί’
1090 2269 1106 2301 ι
1147 2251 1442 2320 Συνίστημι
1527 2251 1584 2303 δὲ
1640 2253 1767 2321 ὑμῖν

189 2340 391 2409 Φοίϐην
422 2340 518 2408 τὴν
558 2339 791 2410 ἀδελφὴν
837 2341 991 2410 ἡμῶν
1016 2340 1181 2393 οὖσαν
1221 2341 1465 2395 διάκονον
1512 2343 1610 2410 τῆς
1644 2343 1766 2394 Ἑκ-

190 2430 421 2497 κλησίας
448 2430 545 2497 τῆς
567 2433 623 2481 ὲν
653 2431 957 2499 Κεγχρεαῖς
980 2446 993 2460 ·
1028 2450 1047 2479 ι
1085 2431 1240 2500 δῆλον
1280 2432 1385 2502 γάρ
1418 2431 1492 2494 ὡς
1531 2434 1652 2485 ἀντὶ
1672 2433 1764 2485 τοῦ

189 2522 551 2586 παρατίθημι
569 2520 929 2590 παρείληπται
943 2524 1023 2587 τὸ,
1042 2524 1369 2591 συνίστημι
1388 2540 1401 2554 ⁸
1418 2523 1768 2590 ἐπιγινώσκε-

192 2609 320 2661 σθαι
356 2609 648 2679 βούλομαι,
703 2612 1063 2681 γνωρίζεσθαι
1090 2613 1293 2682 ταύτην
1340 2615 1465 2683 ὑμῖν
1499 2615 1762 2685 παραινῶ.

190 2699 296 2751 Διά
327 2700 415 2764 τί;
453 2718 471 2752 ι
515 2702 629 2753 ’Ὶνα
668 2703 835 2772 αὐτὴν
874 2705 1238 2774 προσδέξησθε
1293 2708 1352 2757 ἐν
1386 2707 1574 2775 Κυρίῳ
1603 2707 1767 2771 ἀξίως

189 2792 306 2842 τῶν
356 2793 542 2858 ἀγίων.
584 2810 603 2842 ι
670 2795 874 2863 Ὠσπερ
922 2792 1013 2849 οὖν
1064 2797 1291 2849 ἐνταῦθα
1326 2798 1385 2849 τὸ
1416 2801 1764 2867 συνίστημι,

189 2883 295 2934 οὐκ
320 2885 439 2935 ἀντὶ⁵
462 2882 554 2935 τοῦ
588 2886 936 2951 ὑφεστάναι,
964 2888 1083 2939 οὐδὲ
1116 2888 1264 2954 πρὸς
1303 2890 1559 2956 ὕπαρξιν
1601 2891 1767 2959 ἄγειν

190 2974 699 3043 παραλαμϐάνεται,
729 2977 863 3029 ἀλλά
894 2978 952 3030 τὸ
980 2979 1342 3043 γινώσκεσθαι
1377 2982 1472 3033 καὶ
1508 2983 1765 3049 γνωρίζε-

192 3065 321 3115 σθαι
345 3066 438 3116 καὶ
481 3067 695 3134 ἐμφανῆ
718 3067 1047 3121 καθεστάναι
1077 3073 1187 3130 τοῖς
1207 3072 1264 3120 ὲν
1318 3071 1504 3143 Ῥώμῃ
1532 3074 1628 3141 τὴν
1663 3093 1741 3139 μα

191 3151 393 3221 καρίαν
420 3153 615 3220 Φοίϐην
646 3156 1081 3225 ἐπισημαίνεται,
1131 3157 1270 3209 οὕτω
1310 3162 1607 3217 κάνταῦθα.
1644 3165 1764 3227 Πῶς
1791 3192 1835 3248 C

189 3243 246 3294 δὲ
273 3244 309 3310 ή
349 3243 530 3297 ἀδικία
579 3245 732 3312 ὑμῶν
774 3248 873 3315 τὴν
901 3246 995 3298 τοῦ
1038 3248 1171 3299 Θεοῦ
1226 3249 1571 3322 δικαιοσύνην
1623 3273 1766 3324 παρ-

191 3332 447 3402 ίστησινς
477 3335 549 3396 ῶς
565 3335 643 3403 τῷ
686 3338 822 3403 φωτὶ
855 3340 914 3389 τὸ
949 3342 1138 3401 σκότος
1173 3341 1602 3411 παρατιθέμενον
1636 3346 1769 3411 μᾶλ-

188 3423 283 3472 λον
311 3422 571 3489 αύγάξειν
605 3424 1031 3488 ἀποϐλέποντας,
1066 3427 1141 3489 ὡς
1194 3430 1253 3480 τὸ
1290 3431 1485 3500 πικρὲν
1513 3434 1588 3501 τῷ
1638 3434 1764 3499 γλυ-

188 3512 415 3574 κάζοντι
439 3511 776 3582 γλυκυτέραν
804 3518 1062 3585 ἐμποιοῦν
1088 3521 1152 3587 τῇ
1182 3520 1365 3584 γεύσει
1395 3523 1491 3587 τὴν
1522 3523 1613 3573 τοῦ
1641 3526 1769 3588 γλυ-

186 3603 319 3664 κέος
345 3604 633 3672 ποιότητα·
667 3606 740 3667 ὡς
770 3608 831 3658 τὸ
871 3610 1043 3677 τραχὺ
1082 3612 1176 3661 καὶ
1210 3612 1443 3679 πλῆττον
1475 3612 1573 3680 τὴν
1628 3616 1768 3684 ἁφὴν

190 3694 399 3761 μᾶλλον
427 3697 573 3765 ἡμᾶς
611 3697 911 3765 διατίθησιν
954 3700 1054 3769 τὴν
1099 3702 1191 3753 τοῦ
1238 3703 1379 3755 λείου
1415 3705 1635 3774 ίσότητα
1675 3711 1768 3761 καὶ

184 3782 503 3851 ὁμαλότητα
563 3784 1014 3839 ἐπαισθάνεσθαι·
1061 3789 1135 3849 ὡς
1176 3790 1235 3842 τὸ
1290 3790 1479 3858 ψεῦδος
1529 3795 1766 3863 ἐμφανε-

187 3876 393 3943 στέραν
422 3892 478 3927 τε
512 3878 604 3927 καὶ
642 3878 1021 3948 ποθεινοτέραν
1061 3880 1151 3934 καὶ
1175 3882 1372 3949 μᾶλλον
1402 3886 1768 3956 αἱρετωτέραν

184 3962 481 4029 ἀποφαίνει
511 3967 573 4034 τῇ
603 3967 901 4034 παραθέσει
931 3967 1028 4036 τὴν
1060 3969 1316 4039 ἀλήθειαν
1338 3987 1349 3999 ·
1383 3973 1458 4035 ὠς
1510 3975 1767 4045 ἑκάτερον

182 4055 297 4105 τῶν
331 4054 613 4124 διατοραῖς
644 4058 1122 4126 ἀντιτεταγμέναις
1169 4062 1499 4132 πορρωτέρω
1546 4064 1767 4119 διεστώ-

184 4161 299 4195 των
332 4144 428 4196 ἀπ’
456 4144 717 4211 ἀλλήλων,
768 4147 826 4198 τὸ
868 4147 965 4214 μὲν
1023 4149 1118 4217 τὴν
1159 4151 1463 4221 φαυλότητα
1508 4156 1601 4207 τοῦ
1655 4157 1768 4225 χεί-

190 4250 347 4301 ρονος
375 4234 470 4284 ἐπὶ
502 4232 663 4285 πλέον
698 4234 977 4304 διελέγχει,
1033 4238 1093 4288 τὺ
1122 4238 1175 4290 δὲ
1225 4240 1321 4308 τὴν
1370 4242 1462 4293 τοῦ
1488 4243 1764 4312 κρίνοντος

183 4322 487 4391 ἐμφανίζει
515 4324 844 4393 άγαθότητα.
876 4329 983 4379 Καὶ
1022 4328 1128 4397 γάρ
1154 4330 1245 4395 ἀφ’
1269 4331 1497 4384 ἑκάστου
1536 4334 1643 4387 τῶν
1672 4337 1765 4389 ἀν-

182 4411 516 4479 τικειμένων
558 4413 646 4463 ἐπὶ
699 4412 923 4483 θάτερον
972 4418 1017 4468 οί
1060 4418 1471 4484 μεταϐαίνοντες
1515 4422 1621 4473 ἀπὸ
1666 4424 1764 4491 μὲν

1870 1986 1964 2038 per
2005 1971 2376 2026 testimonium
2418 1973 2593 2027 affert.
2636 1973 2846 2029 Etenim
2884 1977 2947 2029 ad
2981 1976 3257 2035 ltotnanos
3292 1981 3429 2035 scri-

1869 2064 2003 2117 bens
2046 2066 2119 2117 ait
2153 2081 2167 2116 :
2206 2084 2225 2116 ι
2246 2064 2582 2119 Commendo
2608 2074 2791 2121 autem
2829 2068 2979 2122 vobis
3004 2068 3243 2123 Plitnben
3276 2086 3430 2126 soro-

1869 2168 1982 2207 rem
2023 2164 2267 2209 nostram
2315 2171 2435 2224 qua:
2468 2164 2549 2209 est
2603 2156 2655 2209 in
2707 2158 3009 2212 ministerio
3053 2160 3308 2215 Ecclesiae
3372 2162 3425 2215 iti

1867 2244 2128 2300 Cenchris
2174 2247 2254 2311 ¹⁶;
2311 2264 2329 2296 ι
2376 2246 2595 2300 evidens
2650 2248 2793 2300 enim
2838 2264 2937 2316 pro
2988 2247 3303 2304 Pra'untem
3353 2252 3429 2306 si-

1866 2344 1946 2389 sto
1972 2376 1986 2399 ,
2015 2346 2351 2405 assumptum
2382 2346 2465 2391 est
2514 2337 2643 2391 illud
2682 2337 3041 2404 Commendo;
3082 2352 3262 2395 notam
3306 2357 3431 2398 esse

1866 2429 2025 2491 volo,
2079 2443 2373 2497 agnoscere
2428 2431 2563 2482 lianc
2624 2445 2718 2483 vos
2767 2432 2977 2484 hortor.
3044 2429 3265 2495 Quare?
3302 2452 3321 2485 t
3370 2445 3427 2489 ut

1864 2534 1983 2572 eam
2039 2518 2318 2587 excipiatis
2378 2518 2428 2571 in
2504 2519 2729 2572 Domino
2794 2521 2953 2588 digne
3011 2524 3214 2577 sanctis
3262 2525 3341 2578 “.
3402 2542 3420 2575 ι

1868 2607 1937 2663 Ut
1988 2623 2118 2677 ergo
2168 2608 2255 2661 hic
2310 2608 2439 2661 illud
2500 2607 2851 2674 Commendo,
2884 2626 2988 2665 non
3049 2628 3145 2680 pro
3195 2621 3428 2667 statuere

1868 2716 1967 2755 nec
1997 2702 2065 2752 ad
2095 2700 2454 2753 exsistentiam
2496 2700 2752 2753 adducere
2804 2703 3133 2767 assumitur,
3176 2703 3269 2756 sed
3328 2716 3425 2756 co-

1868 2792 2050 2859 gnosci
2102 2799 2155 2843 et
2213 2805 2394 2842 nciam
2456 2793 2631 2843 facere
2669 2800 2723 2843 et
2756 2792 3094 2844 manifestam
3139 2795 3331 2846 sistere
3361 2794 3429 2847 iis

1866 2882 1957 2949 qui
1990 2880 2175 2933 Roma:
2205 2890 2333 2934 sunt
2370 2881 2576 2933 beatam
2614 2880 2849 2934 f‘limben
2896 2883 3161 2952 signilieat
3185 2923 3200 2948 ,
3248 2884 3327 2937 sic
3375 2894 3430 2937 et

1869 2972 1994 3024 illic.
2022 2970 2305 3035 Quomodo
2328 2981 2503 3023 autem
2541 2971 2797 3039 iniquitas
2842 2982 3019 3026 vestra
3047 2974 3137 3026 Dei
3156 2975 3428 3043 justitiam

1866 3063 2088 3115 statuit?
2107 3072 2164 3114 nt
2197 3063 2299 3114 luci
2324 3063 2556 3115 tenebrae
2576 3066 2833 3131 apposita:
2856 3065 2919 3118 ad
2946 3066 3114 3133 magis
3146 3067 3430 3120 illustran-

1868 3154 1993 3206 dum
2030 3152 2371 3220 aspicientes.
2409 3162 2728 3206 atamarum
2764 3154 3092 3209 dulcescenti
3129 3158 3427 3211 dulciorem

1871 3242 2076 3296 faciens
2120 3244 2301 3309 gustui
2343 3243 2518 3296 dulcis
2568 3246 2919 3311 qualitatem;
2965 3256 3024 3300 ut
3073 3264 3329 3315 asperum
3374 3258 3429 3304 et

1870 3337 2180 3403 percutiens
2222 3342 2421 3386 tactum
2457 3338 2629 3404 magis
2661 3353 2760 3389 nos
2790 3338 3031 3405 disponit
3065 3339 3214 3405 politi
3245 3356 3431 3408 aequa-

1872 3425 2074 3481 litatem
2107 3436 2159 3478 et
2197 3425 2456 3479 unitatem
2486 3428 2550 3480 ad
2586 3428 2963 3493 sentiendum;
2999 3440 3055 3481 ut
3091 3431 3286 3482 l'alsmn
3325 3447 3430 3483 ma-

1871 3515 2208 3567 nsfeslioiem
2242 3525 2295 3570 et
2319 3516 2819 3571 desiderabiliorem
2854 3528 2907 3571 et
2937 3520 3106 3587 magis
3134 3519 3427 3589 eligibileni

1868 3606 2106 3658 declarat
2140 3608 2476 3674 appositione
2516 3610 2831 3673 veritatem;
2892 3618 2948 3661 nt
3003 3618 3295 3677 utrumque
3339 3611 3427 3664 di-

1871 3696 2221 3750 versitatiltus
2270 3698 2534 3765 oppositis
2579 3698 2791 3768 longius
2821 3700 3140 3753 distantium
3184 3702 3251 3753 ab
3287 3702 3429 3755 invi-

1869 3802 2007 3852 eunt,
2037 3803 2203 3841 unum
2239 3788 2455 3855 quidem
2486 3790 2748 3844 vilitatem
2798 3792 3001 3860 pejoris
3046 3795 3167 3861 plus
3226 3798 3429 3863 arguit,

1869 3878 2096 3930 alterum
2136 3893 2263 3931 vero
2291 3879 2587 3947 judicantis
2619 3881 2929 3936 manifestat
2956 3884 3274 3938 bonitatem.
3333 3884 3428 3938 Et-

1866 3965 2011 4019 enim
2036 3967 2103 4020 ab
2133 3982 2457 4037 unoquoque
2485 3971 2852 4038 oppositurum
2878 3975 2943 4026 ad
2979 3976 3207 4026 alterum
3242 3983 3426 4029 trans-

1868 4064 2058 4109 euntes
2083 4071 2113 4109 a
2142 4057 2325 4126 pejore
2354 4060 2593 4114 melioris
2623 4065 3057 4130 snperioritatem
3085 4104 3097 4125 ,
3156 4080 3183 4117 a
3216 4066 3427 4119 meliori

1866 4154 2043 4197 autem
2085 4146 2315 4214 oppositi
2347 4147 2642 4213 vilitatem;
2697 4158 2753 4202 ut
2787 4166 2882 4218 per
2932 4167 3151 4206 sensum
3186 4156 3426 4207 sensibi-

1866 4236 1996 4287 lium
2023 4252 2037 4299 ;
2076 4237 2145 4286 ita
2179 4249 2324 4290 certe
2341 4245 2394 4290 et
2417 4240 2595 4291 omnia
2621 4241 2850 4307 sapienti
2870 4240 3059 4306 Paulo,
3092 4246 3191 4297 etsi
3228 4259 3426 4298 secun-

1865 4322 1991 4375 dum
2013 4321 2240 4377 formam
2266 4326 2441 4379 dubia:
2473 4330 2868 4395 suppositionis
2892 4348 2907 4396 ;
2940 4332 3018 4386 sic
3040 4334 3127 4387 Dei
3154 4335 3425 4401 justitiam

1866 4421 2053 4466 nostra
2091 4414 2355 4481 iniustitia
2399 4420 2609 4472 statuit.
2648 4417 2772 4473 ideo
2814 4431 3018 4475 etcum
3046 4426 3427 4490 eoujunxisset

181 4502 283 4554 τοῦ
307 4502 553 4571 χείρονος
588 4505 686 4573 τὴν
723 4506 815 4558 τοῦ
872 4507 1173 4574 κρείττονος
1208 4510 1531 4581 ύπερὸολὴν,
1566 4515 1672 4567 ἀπὸ
1708 4516 1763 4568 δὲ
1790 4525 1834 4583 D

1790 4525 1841 4583 Ι)
1869 4510 2294 4576 praecedentibus
2330 4512 2458 4563 illud
2493 4529 2505 4563 :
2544 4532 2560 4561 ι
2589 4512 2725 4565 Num
2769 4514 3003 4582 injustus
3028 4516 3167 4570 Deus
3202 4519 3293 4585 qui
3346 4521 3428 4571 in-

181 4592 283 4644 τοῦ
344 4595 649 4661 κρείττονος
711 4597 809 4667 τὴν
863 4597 955 4650 τοῦ
1002 4601 1374 4669 ἀντικειμένου
1422 4605 1763 4675 φαυλότηταο

182 4683 381 4752 ὥσπερ
416 4683 484 4736 δι’
510 4686 813 4756 αἰσθήσεως
851 4689 958 4742 τῶν
996 4690 1301 4760 αἰσθητῶνο
1349 4694 1491 4748 οὕτω
1532 4698 1596 4766 δὴ
1626 4698 1765 4751 οὕτω

183 4774 285 4825 καὶ
317 4772 396 4841 τῷ
426 4775 681 4845 πανσόφῳ
718 4776 911 4848 Παύλῳ
940 4780 988 4831 εί
1046 4781 1139 4832 καὶ
1181 4783 1320 4833 κατά
1367 4784 1552 4853 σχῆμα
1573 4787 1761 4840 διαπο-

182 4862 467 4931 ρουμένης
507 4864 812 4929 ὑποθέσεως
832 4883 846 4897 ο
878 4868 951 4930 ὡς
978 4869 1074 4936 τὴν
1102 4870 1192 4921 τοῦ
1227 4871 1361 4923 Θεοῦ
1394 4873 1759 4945 δικαιοσύνην,

177 4952 347 5021 ἡμῶν
371 4954 405 5021 ἡ
435 4954 615 5007 ἀδικία
647 4958 974 5028 συνίστησιν.
998 4960 1086 5012 Διὸ
1115 4962 1211 5013 καὶ
1238 4963 1473 5029 συνάψας
1502 4967 1613 5026 τοῖς
1634 4984 1759 5035 προ-

178 5041 415 5100 λαϐοῦσι
442 5045 533 5096 τό·
574 5064 591 5096 ι
627 5047 717 5118 Μὴ
755 5051 935 5112 ἄδικος
965 5052 992 5102 ὁ
1017 5050 1148 5112 Θεὸς
1176 5053 1202 5103 ὁ
1229 5053 1504 5122 ἐπιφέρων
1543 5054 1640 5121 τὴν
1672 5057 1763 5123 ὀρ-

177 5134 326 5201 γήν;
365 5152 385 5184 δ
424 5135 619 5203 ἐπάγει
646 5139 705 5191 τό
727 5155 740 5169 ·
783 5158 800 5190 ι
820 5140 911 5208 Μὴ
946 5141 1172 5206 γένοιτο.
1204 5160 1220 5191 ι
1248 5141 1399 5193 Διατί
1424 5160 1437 5207 ;
1472 5145 1617 5195 Διοτὶ
1643 5145 1762 5213 οὐχὶ

176 5223 675 5293 εὐγνωμονούντων
726 5231 881 5299 ἡμῶν
915 5232 1005 5282 καὶ
1047 5232 1371 5299 θεραπεύειν
1400 5232 1460 5283 τὸ
1492 5234 1643 5285 Θεῖον
1666 5235 1758 5305 ζη-

174 5313 445 5381 τούντων,
480 5318 510 5385 ὴ
540 5318 719 5371 ἀδικία
758 5320 915 5389 ήμῶν
944 5320 1425 5392 διαμαρτυρομένη
1447 5323 1537 5375 καὶ
1566 5328 1761 5393 κηρύτ-

1866 4599 1966 4653 fert
1998 4601 2133 4653 iram
2169 4601 2207 4631 "
2240 4601 2262 4654 ἲ
2291 4621 2308 4652 ι
2379 4604 2528 4656 addit
2561 4604 2692 4657 illttd
2729 4623 2741 4657 :
2783 4623 2801 4655 ι
2834 4606 2987 4659 Absit
3014 4608 3087 4658 “‘l
3131 4627 3148 4657 ι
3210 4610 3430 4673 Quare?

1864 4689 1998 4758 Quia
2046 4705 2155 4744 non
2190 4694 2485 4760 prudenter
2515 4696 2801 4763 agentibus
2836 4699 2990 4751 nobis
3021 4708 3073 4751 et
3104 4702 3310 4753 servire
3342 4700 3429 4753 Di—

1864 4787 2070 4839 vinitati
2094 4790 2484 4855 quaerentibus,
2521 4790 2783 4855 iniustitia
2840 4806 3022 4846 nostra
3048 4796 3351 4850 testificaris
3372 4806 3429 4851 et

1864 4879 2159 4944 praedicans
2184 4881 2449 4948 justitiam
2472 4886 2589 4951 ejus
2623 4886 2956 4939 manifestam
2991 4887 3135 4951 fecit,
3165 4890 3257 4943 sed
3289 4906 3429 4961 quo-

1867 4969 2025 5022 modo
2052 4970 2255 5025 dictum
2287 4982 2370 5027 est
2401 4973 2694 5029 bonitatem
2730 4992 2824 5046 per
2862 4977 3262 5047 improbitatem
3316 4998 3426 5035 ina-

1869 5056 2203 5114 nifestiorem
2237 5063 2377 5116 sisti.
2418 5064 2550 5129 Quae
2579 5075 2758 5121 autem
2796 5080 3099 5138 sequuntur
3145 5072 3249 5125 lori
3297 5074 3427 5125 ditii-

1862 5149 1984 5201 cilia
2016 5152 2294 5217 speculata
2333 5156 2503 5224 magis
2528 5160 2744 5225 propria
2772 5158 2913 5214 forte
2934 5161 3225 5225 solutione,
3244 5164 3425 5218 divina

1864 5240 2200 5306 providentia
2242 5245 2531 5314 benignius
2577 5263 2677 5301 nos'
2726 5250 3090 5317 inspiciente,
3142 5268 3247 5306 non
3280 5268 3427 5307 carc-

1864 5333 2016 5383 bunt.

174 5420 355 5457 τουσα
390 5408 489 5476 τὴν
543 5408 885 5478 δικαιοσύνην
926 5410 1089 5463 αὐτοῦ
1146 5413 1494 5480 ἐνεφάνισεν,
1554 5416 1668 5467 ἀλλ’
1720 5416 1778 5469 ὃν
1816 5420 2015 5487 τρόπον
2035 5423 2246 5493 εἴρηται
2277 5428 2374 5495 τὴν
2436 5427 2743 5499 ἀγαθότητα
2772 5432 2858 5483 δια
2886 5434 2983 5501 τῆς
3016 5434 3214 5496 κακίας
3245 5436 3427 5503 ἐμφα-

174 5497 450 5565 νεστέραν
473 5499 847 5553 καθίστασθαι.
869 5502 948 5554 Τά
972 5503 1028 5554 δὲ
1044 5503 1169 5571 ἑξῆς
1195 5503 1285 5555 τοῦ
1310 5506 1506 5575 χωρίου
1535 5506 1879 5579 δυσθεώρητα
1921 5513 2210 5585 ίδιαιτέρας
2266 5519 2392 5581 ἴσως
2455 5497 2773 5587 ἐπιλύσεως,
2809 5524 2903 5593 τῆς
2940 5497 2948 5501 ⁷
2979 5526 3127 5591 θείας
3173 5497 3425 5595 προνοίας

174 5587 577 5655 εὔμενέστερον
606 5590 735 5656 ἡμῖν
766 5590 1068 5659 ὲφορὼσης,
1096 5593 1194 5643 οὐκ
1220 5594 1593 5658 ἀποτεύξεται.

257 5766 299 5796 ⁸⁸
340 5764 496 5816 “om.
535 5781 642 5825 xw,
675 5767 724 5815 θ.
808 5768 845 5796 ιδ
884 5768 1008 5819 ibid.

1094 5769 1130 5796 ”
1169 5766 1321 5821 ltum.
1368 5785 1447 5833 ιιι,
1480 5770 1529 5821 ὃ.
1614 5773 1812 5828 "ibid.
1847 5775 1897 5827 6.
