4186 6444
242 404 345 468 43⁸7
1057 408 1154 468 ΑΙ)
1183 409 1770 471 AMPHILOCHIUM
1805 414 1819 473 ί

1926 412 2147 473 ΕΞΤῙΟ
2188 405 2455 485 LXVIII,
2488 413 2693 472 LXIX.

810 519 1139 572 ΕΡΩῚἮΣΙΣ
1164 519 1282 575 ΞΘί.

2237 525 2563 592 ΟυΑΕδΤΙΟ
2593 524 2754 578 LXIX
2786 524 2882 585 [οί.
2916 523 3169 597 LXVIII].

248 611 308 664 ΐί
331 608 671 685 δηλρῖτόο-ε
687 609 832 685 Ζῆιξι
1005 610 1204 685 ἀγαθῷ
1262 614 1357 665 καί
1400 612 1489 667 ws
1521 614 1590 667 ἐν
1625 613 1812 681 ἡμέρᾳ

1926 614 2062 678 Quid
2096 618 2364 685 signiﬁcat
2414 619 2546 669 illud
2580 634 2597 668 :
2637 635 2655 668 ι
2695 614 2812 669 Vive
2856 617 2907 667 in
2936 620 3067 670 bona
3094 629 3141 670 et
3174 619 3287 671 vide
3322 621 3374 671 in
3406 622 3491 671 die

312 680 550 756 κακίας,
617 679 726 756 τδρ.
750 682 960 756 Attiath
1011 682 1188 756 τοῦτο
1224 684 1566 756 σύμφωνον
1600 679 1815 756 τούτῳ

1988 679 2253 756 nequitiae,
2334 689 2467 739 uide.
2539 686 2603 738 Et
2678 689 2775 738 hoc
2850 704 3137 740 consonum
3210 688 3291 740 illi
3373 689 3493 756 {erit

308 750 600 825 {uehitur
738 750 880 825 βοὸς
928 751 1068 825 -περί
1115 751 1334 825 ,ιιιεῖιᾶς
1354 750 1375 813 ,⁷
1411 754 1509 805 ἵνα
1541 754 1626 823 μὴ
1667 753 1809 821 εὕρῃ

1996 750 2132 825 Deus
2166 758 2308 810 circa
2360 756 2619 825 loquelam
2648 796 2663 817 ,
2696 767 2747 808 ut
2779 773 2877 810 non
2916 760 3143 810 inveniat
3199 759 3351 809 homo
3373 750 3493 823 post

310 818 624 887 ὁνθρωπος
651 819 843 871 ὀπίσω
873 821 1061 875 αὐτοῦ
1094 821 1305 891 μηδὲν.
1338 841 1357 872 ι
1541 818 1556 823 ⁷
1618 818 1621 819 ⁷
1734 818 1743 821 ⁷

1994 823 2145 878 illum
2174 818 2479 896 quidquam.
2513 846 2532 876 ι

1222 911 1365 962 Edita
1386 928 1412 962 a
1444 914 1586 972 Maio,
1624 914 1657 961 Ι.
1693 926 1737 962 e.
1760 926 1811 975 p.
1850 910 2015 965 84-85.
2041 915 2095 963 In
2118 914 2282 965 Ecele.
2321 929 2403 976 vn,
2427 917 2503 965 15.

316 992 413 1057 Σὺ,
426 993 582 1061 φησι.
597 991 695 1062 τὴν
720 991 865 1062 ζωὴν
882 993 1017 1066 πρὸς
1031 996 1233 1069 ἀρετὴν
1255 998 1389 1068 δρᾷν
1409 996 1813 1069 παρασκεύαζε,

1984 995 2087 1063 Τιι,
2125 998 2317 1067 inquit,
2352 999 2517 1052 vitam
2558 998 2624 1053 ad
2649 1000 2903 1055 virtutem
2936 1000 3183 1068 aspicere
3221 999 3407 1064 stude,
3435 1010 3495 1055 et

244 1083 341 1135 καὶ
372 1082 506 1152 πρὸς
538 1081 638 1153 τὴν
659 1082 962 1138 ἀπόλαυσιν
988 1086 1096 1138 τῶν
1121 1087 1335 1141 ῖκεῖθεν
1366 1088 1582 1155 ἀγαθῶν
1612 1089 1818 1155 καταρ-

1926 1088 1989 1142 ad
2012 1088 2331 1143 fruitionem
2360 1090 2485 1144 inde
2511 1091 2782 1144 bonorum
2810 1091 3035 1156 ordina;
3067 1092 3148 1146 sic
3166 1101 3347 1145 autem
3367 1107 3492 1145 cum

245 1174 480 1245 ῥύθμιζε
500 1188 513 1202 °
544 1171 687 1227 οὕτω
710 1173 767 1226 δὲ
799 1179 1133 1246 καταρτίσας
1155 1179 1347 1232 ἑαυτὸν
1377 1179 1471 1231 καὶ
1519 1179 1632 1239 τοῖς
1670 1176 1819 1229 εύσε·

1926 1179 2213 1247 perfeceris
2238 1181 2472 1249 teipsum
2501 1191 2555 1234 et
2577 1181 2681 1249 piis
2711 1182 3141 1250 cogitationibus
3163 1182 3355 1251 judicii
3385 1184 3493 1235 vim

245 1270 369 1320 ὁὲσι
396 1267 506 1322 τῶν
534 1265 808 1335 λογισμῶν
834 1269 1124 1339 κριτηρίου
1147 1268 1378 1339 δύναμιν
1408 1270 1499 1320 ea»;
1534 1266 1659 1319 νοῦν
1691 1281 1819 1335 φρε-

1926 1285 2049 1324 cnm
2083 1279 2264 1324 mente
2289 1270 2621 1325 intellexeris
2650 1272 2917 1334 attollere,
2938 1271 3143 1339 poteris
3177 1272 3498 1339 conspicere

245 1362 423 1425 νώσας
454 1362 766 1427 ἀναλαϐεῖν,
814 1364 1017 1433 δυνήσῃ
1059 1362 1289 1414 συνιδεῖν
1331 1360 1391 1411 ού
1449 1356 1694 1427 χαλεπῶς
1728 1356 1819 1407 καὶ

1927 1376 2033 1414 non
2065 1376 2207 1429 aegre
2233 1369 2286 1413 et
2313 1376 2435 1428 quae
2469 1361 2521 1413 in
2552 1361 2641 1415 die
2664 1370 2985 1430 reputantur
3002 1360 3275 1430 nequitiae,
3308 1362 3358 1415 id
3389 1371 3494 1425 est,

244 1454 350 1517 τὰς
382 1456 443 1507 ὲν
479 1456 664 1524 ἡμέρα
737 1453 1096 1522 νομιζομένας
1146 1452 1364 1513 κακίας,
1421 1448 1669 1501 τουτέστι
1720 1448 1818 1505 τὲς

1926 1451 2194 1506 humanas
2223 1450 2561 1507 calamitates
2592 1461 2647 1507 et
2668 1453 2988 1507 afllictiones
3012 1453 3213 1521 quibus
3246 1459 3498 1507 humana:

248 1547 596 1617 ἀνθρωπίνας
626 1546 909 1614 συμφορὰς
949 1546 1041 1598 καὶ
1087 1543 1262 1604 λύπας
1291 1537 1377 1604 αἷς
1408 1543 1440 1611 ή
1482 1542 1582 1609 τῆς
1606 1539 1818 1609 ἀνθρωο

1926 1544 2047 1598 vita:
2068 1544 2182 1599 dies
2205 1545 2404 1614 jactata
2429 1555 2482 1599 et
2504 1545 2715 1599 turbata
2749 1554 2997 1608 vexatur,
3033 1545 3365 1599 conturbans
3401 1561 3497 1599 eos

249 1640 415 1703 πίνης
469 1637 613 1707 ζωῆς
647 1638 824 1705 ἡμέρα
866 1636 1239 1705 κυμαινομένη
1286 1652 1345 1686 τε
1392 1633 1486 1684 καὶ
1517 1646 1819 1700 ουνταρασο

1927 1637 2019 1705 qui
2052 1637 2193 1693 hanc
2221 1638 2590 1692 decurruntet
2617 1638 3023 1691 simulvexans.
3048 1637 3254 1691 Etenim
3286 1649 3337 1691 et
3370 1637 3496 1692 talia

247 1733 455 1802 σομένη
500 1730 812 1793 κακύνεται,
872 1728 1379 1797 συνεκεαράσσουσα
1440 1724 1564 1787 τοὺς
1618 1722 1819 1790 ταύτην

1927 1728 2202 1797 nequitias
2236 1730 2518 1784 nominare
2566 1730 2805 1785 solemus
2831 1729 2989 1795 juxta
3031 1729 3231 1784 dictum
3268 1747 3282 1783 :
3323 1750 3342 1780 ι
3378 1728 3494 1783 Non

255 1821 800 1891 παραπορευομίνους
835 1821 927 1872 καί
973 1818 1407 1886 συγκακύνουσα.
1437 1816 1544 1868 Καὶ
1588 1815 1698 1884 γὰρ
1727 1813 1819 1865 καὶ

1926 1827 2008 1871 est
2037 1820 2087 1871 in
2107 1818 2322 1873 civitate
2351 1821 2551 1873 malum
2576 1820 2718 1889 quod
2740 1819 3001 1873 Dominus
3025 1836 3132 1873 non
3162 1820 3447 1886 fecerit";
3474 1841 3491 1870 ι

244 1916 315 1969 τὰ
347 1913 569 1968 τοιαῦτα
600 1916 798 1975 κακίας
826 1910 1252 1982 προσαγορεύειν
1289 1908 1572 1978 εἰθίσμεθα
1594 1906 1733 1958 κατά
1761 1904 1819 1956 τὸ

1926 1909 2125 1975 poteris
2156 1917 2334 1961 autem
2372 1910 2690 1977 conspicere
2724 1924 2899 1977 neque
2942 1925 3004 1963 ea
3051 1910 3195 1963 circa
3232 1924 3332 1963 nos
3363 1911 3493 1964 abs-

246 2006 592 2077 εἰρημένονί
633 2005 745 2057 Οὐκ
775 2004 924 2057 ἐστιν
954 2005 1010 2055 ὲν
1037 2002 1187 2054 πόλει
1215 2000 1381 2053 κακία
1404 2000 1471 2069 ἢν
1498 1999 1701 2067 Κύριος
1722 1998 1819 2048 οὐκ

1926 2016 2026 2067 que
2090 2000 2371 2053 harmonia
2430 2016 2553 2053 cum
2596 1999 2690 2054 Dei
2750 2003 2990 2055 bonitate
3046 2012 3098 2054 ct
3156 2004 3492 2071 providentia

244 2100 570 2167 ἐποίησεν»
633 2097 837 2165 δυνήσῃ
887 2094 944 2147 δὲ
976 2093 1207 2146 συνιδεῖν
1263 2092 1337 2153 ὡς
1363 2091 1481 2143 οὐδὲ
1514 2083 1672 2141 αὗται
1696 2088 1819 2156 περὶ

1926 2091 2203 2155 accidere;
2250 2092 2351 2145 hoc
2384 2092 2527 2145 enim
2565 2092 2801 2147 ostendit
2842 2093 2969 2145 dum
3005 2093 3136 2146 dicit
3170 2110 3184 2147 :
3224 2111 3243 2143 ι
3283 2091 3413 2145 Vide
3442 2105 3494 2146 et

244 2192 395 2260 ἡμᾶς
426 2186 768 2257 ἀσυμφώνως
789 2189 855 2255 τῇ
881 2184 974 2238 τοῦ
1000 2183 1135 2237 Θεοῦ
1158 2182 1453 2252 ἀγαθότητι
1478 2182 1571 2233 καὶ
1597 2178 1819 2248 προνοίᾳ

1926 2182 2026 2235 hoc
2040 2197 2340 2237 consonum
2358 2182 2486 2247 illi,»
2514 2183 2564 2237 id
2582 2195 2666 2238 est
2690 2195 2876 2253 etquae
2893 2184 3144 2238 videntur
3172 2200 3289 2238 esse
3318 2194 3463 2238 tenta

3385 416 3491 477 438

243 2282 602 2351 συμϐαίνουσι
620 2294 634 2309 ·
662 2276 820 2331 τοῦτο
848 2276 955 2347 γὰρ
988 2276 1220 2345 ἐδήλωσε
1252 2271 1651 2327 διὰτοῦείπεῖνο
1674 2290 1692 2321 ι
1717 2270 1820 2321 Ἴδε

243 2374 338 2427 καί
368 2391 433 2442 γε
461 2372 618 2425 τοῦτο
653 2371 941 2440 σύμφωνον
972 2366 1175 2436 τούτῳο
1214 2384 1233 2415 ι
1267 2364 1516 2417 τουτέστι
1549 2361 1642 2414 καὶ
1664 2362 1712 2413 οἱ
1738 2359 1823 2411 δο·

243 2461 469 2523 κοῦντες
492 2457 630 2513 εἶναι
646 2460 938 2529 πειρασμοί
951 2456 1046 2510 καὶ
1060 2455 1331 2515 κακώσεις
1349 2451 1444 2504 τοῦ
1463 2450 1712 2521 σώματος
1725 2449 1822 2501 ούκ

243 2554 568 2607 ἰκὸἀλλουσι
597 2551 695 2621 τὴν
717 2549 867 2603 θείαν
910 2547 1256 2619 κηδεμονίαν,
1284 2544 1405 2597 οὐδὲ
1445 2541 1812 2595 ἐναντιοῦνται

242 2641 412 2697 αὐτοῦ
446 2644 512 2711 τῇ
540 2642 668 2710 περί
692 2642 836 2709 ἡμᾶς
866 2635 1262 2705 φιλανθρωπίᾳ.
1302 2632 1561 2693 Παιδείας
1596 2631 1702 2699 γὰρ
1731 2626 1822 2679 καὶ

242 2730 580 2803 διορθώσεως
624 2731 694 2783 τά
744 2730 843 2800 μὲν
873 2729 1158 2795 ὲπάγεται,
1181 2725 1247 2779 τά
1271 2725 1328 2777 δὲ
1356 2724 1735 2793 συγχωρεῖται,
1759 2717 1824 2773 δι’

240 2827 454 2892 ἀμφοῖν
484 2822 726 2892 ἀρρήτου
754 2836 813 2871 τε
844 2819 939 2870 καὶ
972 2816 1141 2885 σοφῆς
1167 2814 1474 2881 οἰκονομίας
1523 2813 1599 2879 τῷ
1620 2811 1824 2880 ,ιρίνειν

241 2916 602 2988 χαριτωθέντι
649 2913 716 2965 τά
766 2910 991 2964 τοιαῦτα
1039 2908 1437 2978 θεωρουμένης·
1470 2902 1643 2992 ταῦτα
1671 2902 1727 2954 δὲ
1758 2900 1828 2953 τά

242 3007 611 3077 ωμόαἰνοντα
631 3006 741 3058 τοῖς
769 3002 1075 3072 ἀνθρώποις
1101 3002 1199 3053 οὐκ
1230 3000 1381 3051 ἔθετο
1403 3000 1431 3049 ὁ
1459 2994 1587 3056 Θεὸς
1612 2997 1705 3045 ἐπὶ
1722 2993 1825 3045 πά-

242 3119 343 3170 σης
373 3098 647 3151 λαλεῖσθαι
673 3096 942 3165 γλώσσης,
970 3094 1090 3146 οὐδὲ
1123 3092 1426 3163 προειδέναι
1460 3090 1527 3140 τὰ
1561 3088 1827 3157 ἐρχόμενα

1925 2274 2099 2327 tiones
2118 2285 2172 2327 et
2198 2273 2518 2329 aﬂlictiones
2542 2276 2787 2345 corporis
2810 2290 2914 2328 non
2944 2276 3220 2343 expellunt
3253 2276 3490 2328 divinam

1924 2380 2133 2428 curam,
2179 2381 2354 2434 neque
2396 2367 2754 2421 adversantur
2786 2368 2905 2435 ejus
2939 2368 3083 2420 circa
3116 2382 3213 2422 nos
3247 2367 3493 2437 benigni-

1925 2458 2043 2509 tati.
2085 2457 2423 2512 Ernditionis
2452 2459 2597 2512 enim
2629 2466 2679 2512 et
2712 2459 3073 2513 correctionis
3107 2460 3221 2513 haec
3271 2460 3492 2528 quidem

1925 2548 2278 2612 inducuntur,
2304 2550 2393 2602 illa
2430 2565 2557 2603 vero
2588 2552 2997 2619 permittuntur,
3033 2566 3097 2605 ex
3132 2553 3376 2621 utrisque
3408 2553 3495 2605 in-

1925 2634 2123 2688 etlabili
2166 2646 2219 2689 et
2249 2637 2475 2704 sapienti
2521 2638 2879 2706 dispositione
2916 2640 3044 2693 dum
3084 2642 3376 2695 decernere
3410 2642 3493 2694 ιΙί-

1926 2736 2120 2794 gnatur
2157 2726 2280 2779 talia
2319 2735 2600 2795 spectata;
2643 2729 2756 2782 haec
2800 2740 2980 2782 autem
3039 2730 3342 2784 accidentia
3398 2732 3493 2783 ho.

1928 2818 2166 2871 minibus
2202 2833 2307 2871 non
2362 2821 2540 2886 posuit
2592 2819 2735 2875 Deus
2786 2836 2951 2888 super
2994 2823 3141 2874 omni
3192 2828 3495 2876 enarranda

1929 2910 2131 2977 lingua,
2173 2925 2345 2978 neque
2391 2913 2643 2978 prieseire
2677 2923 2901 2965 ventura
2935 2929 3143 2967 omnes.
3176 2916 3392 2978 Quare?
3420 2915 3499 2969 Ne

1927 3013 2046 3051 cum
2080 3010 2441 3067 praenosceret
2478 3000 2566 3053 illa
2607 3012 2659 3055 et
2703 3003 2852 3070 prius
2889 3002 3156 3057 inveniret
3208 3006 3371 3058 homo
3406 3022 3497 3058 ne-

1929 3087 2219 3155 gligentius
2283 3090 2461 3155 quoad
2529 3089 2786 3143 virtutem
2858 3089 3272 3160 disponeretur;
3356 3110 3499 3146 nunc

241 3197 474 3255 πάντας.
505 3188 808 3255 Διατί;”Ινα
832 3188 904 3258 μὴ
934 3184 1231 3257 προμαθὼν
1257 3182 1395 3235 αύτὰ
1428 3182 1519 3235 καὶ
1547 3176 1819 3251 προευρὼν

1934 3176 2151 3243 quidem
2181 3175 2430 3243 plurimis
2470 3177 2627 3231 malis
2666 3190 2717 3231 et
2752 3180 3002 3235 tristibus
3044 3182 3259 3235 casibus
3286 3198 3312 3235 a
3349 3195 3500 3254 tergo

240 3286 269 3333 ὁ
305 3280 598 3348 ἀνθρωπος
627 3278 991 3347 ἀμελέστερον
1021 3276 1148 3349 περὶ
1164 3276 1261 3345 τὴν
1309 3276 1507 3345 ἀρετὴν
1530 3272 1824 3340 διατεθείη*

242 3367 344 3418 νῦν
376 3369 475 3435 μὲν
515 3366 590 3427 ὠς
627 3364 836 3416 πολλῶν
876 3364 1060 3415 κακῶν
1108 3365 1202 3415 καὶ
1252 3362 1509 3430 λυπηρῶν
1569 3377 1828 3427 συμπτω-

247 3462 441 3529 μάτων
467 3459 691 3512 ὄπισθεν
714 3458 874 3510 αὑτὸν
905 3455 1345 3525 καταλαμϐάνειν
1372 3453 1675 3523 μελλόντων
1697 3467 1708 3479 ’
1745 3450 1827 3514 τίς

245 3552 357 3622 γάρ
391 3568 482 3618 μοι
507 3552 605 3617 τῆς
653 3548 855 3617 ἀρετῆς
884 3546 1041 3613 λόγος
1098 3562 1369 3598 τοσούτων
1397 3560 1583 3595 κακων
1611 3541 1704 3594 καὶ
1727 3558 1826 3609 τη-

242 3641 519 3696 λικούτων
546 3638 1057 3711 προσδοκωμένωνς
1097 3639 1175 3698 είς
1209 3636 1372 3688 τοῦτο
1394 3637 1500 3703 γὰρ
1536 3636 1659 3695 τοὺς
1698 3633 1825 3685 πολ-⁸

244 3735 376 3793 λοὺς
405 3735 440 3803 η
472 3731 782 3798 ἀπόγνωσις
801 3730 956 3781 εἴωθε
986 3726 1267 3779 συνωθεῖν·
1292 3726 1386 3779 νῦν
1414 3726 1469 3777 δὲ
1500 3724 1582 3787 ῶς.
1607 3725 1667 3777 οὐ
1699 3720 1826 3775 πολ-

242 3827 348 3894 λῆς
380 3824 476 3878 καὶ
496 3823 737 3893 μεγάλης
752 3821 1047 3890 ἀλγηδόνος
1075 3818 1369 3888 μελλούσης
1390 3815 1822 3884 ἐπισυμδαίνειν,

244 3916 593 3987 ἑκατέρωθεν
636 3917 727 3967 καὶ
776 3911 1150 3976 ὑποσκελίζειν
1183 3910 1325 3963 οἶδεν
1368 3911 1402 3979 ἡ
1450 3908 1693 3977 σφαλερά
1719 3908 1825 3960 τῶν

243 4007 764 4080 πρακτέωννκρίσις,
790 4007 880 4057 καὶ
912 4005 999 4057 διὰ
1029 4004 1188 4057 τοῦτο
1216 4003 1352 4073 μηδὲ
1385 4003 1587 4072 πολλῆς
1614 4002 1824 4072 νήψεως

246 4103 389 4170 μήτε
419 4099 520 4165 τῆς
552 4096 658 4150 τῶν
689 4096 899 4166 ἀρετῶν
931 4093 1247 4162 ἐπιμελείας
1267 4093 1491 4146 δεῖσθαι.
1553 4092 1649 4143 Διά
1668 4090 1825 4143 τοῦτο

241 4188 341 4244 ὠν
378 4190 557 4251 ὀΘεὸς
592 4190 692 4257 τὴν
739 4188 867 4257 περὶ
909 4186 1016 4238 τῶν
1068 4185 1366 4256 μελλόντων
1420 4184 1611 4237 λαλιὰν
1644 4184 1824 4249 ἄγνω-

245 4298 377 4333 στον
409 4280 633 4348 ἐποίησε
662 4283 774 4341 τοῖς
801 4279 1034 4341 πολλοῖς,
1073 4279 1157 4331 ἵνα
1186 4276 1261 4348 μὴ
1279 4276 1452 4347 εὑρὼν
1484 4278 1511 4329 ὁ
1538 4275 1823 4345 ἄνθρωπος

238 4373 276 4424 ἃ
295 4371 488 4441 μέλλει
507 4372 563 4422 ὲν
589 4372 700 4431 τοῖς
723 4370 943 4421 ὄπισθεν
975 4368 1137 4423 αὑτὸν
1158 4368 1369 4437 χρόνοις
1384 4366 1822 4434 καταλαμϐάνειν

239 4463 509 4531 δυσχερῆ,
550 4460 643 4513 ἐπὶ
680 4460 777 4529 μὲν
808 4461 913 4512 τῶν
944 4460 1167 4528 χαλεπω
1199 4459 1375 4529 τέρων
1419 4458 1701 4528 ἀμηχανίᾳ
1728 4459 1821 4510 καὶ

238 4549 561 4619 ἀπογνώσει
592 4550 821 4619 προδοὺς
855 4547 1065 4610 ἑαυτὸν,
1101 4548 1254 4599 οὐδὲν
1292 4546 1426 4617 πρὸς
1462 4545 1661 4614 ἀρετὴν
1696 4548 1814 4595 ἐπι-

238 4642 567 4714 στρέφοιτο’
602 4641 694 4691 ἐπὶ
715 4639 771 4691 δὲ
792 4638 900 4690 τῶν
946 4636 1179 4706 μετρίως
1236 4637 1467 4705 ἑχόντων
1516 4636 1816 4706 ύπερσῷίαν

233 4732 417 4785 νοσῶν
441 4728 515 4792 ῶς
536 4728 636 4797 τῆς
662 4729 771 4780 τῶν
786 4728 1083 4797 ἐφιεμένων
1108 4726 1460 4788 ἀπολαύσεως
1479 4730 1569 4779 καὶ
1584 4729 1813 4797 τρυφῆς,

232 4825 397 4879 οὐδὲν
432 4822 666 4884 ἐλπίζων
713 4817 1273 4888 ἀντεπενεχθήσεσθαι
1326 4816 1559 4888 κώλυμα
1588 4820 1680 4870 καὶ
1716 4820 1815 4889 τὴν

234 4917 383 4987 πρὸς
410 4916 485 4967 τὰ
513 4910 915 4981 κατορθώματα
956 4908 1189 4976 σπουδὴν
1242 4906 1603 4978 ύπερτίθοιτο·
1639 4906 1814 4969 ἄλλως

228 5027 297 5062 τε
332 5006 528 5061 δὶὸτὺ
584 5006 867 5074 κριτήριον
919 4999 1327 5071 κεκαθαρμένον
1384 4999 1591 5063 πάθους
1632 5001 1813 5071 φέρων

230 5098 339 5152 καὶ
363 5097 658 5150 ἀδέκαστον
683 5096 780 5163 τὴν
813 5093 999 5159 ὑγείαν
1028 5093 1129 5162 ὁρᾷ
1148 5092 1255 5143 καί
1278 5090 1375 5161 τὴν
1406 5091 1559 5143 νόσον
1582 5091 1808 5159 συμφώ-

227 5207 347 5251 νως
369 5189 602 5257 ἔχουσαν
658 5186 784 5255 περὶ
810 5188 907 5254 τὴν
956 5184 1065 5237 τῶν
1108 5183 1407 5253 ἀνθρώπων
1458 5182 1661 5253 βλάϐην
1718 5184 1811 5237 καὶ

225 5278 552 5348 ὠφέλειαν·
607 5276 742 5331 ἁ)λά
795 5276 1009 5328 καὶτὸν
1057 5274 1287 5327 πλοῦτον
1330 5275 1424 5327 καὶ
1470 5275 1566 5344 τὴν
1620 5277 1809 5328 πενίαν

224 5371 525 5432 ὡσαύτως.
554 5369 705 5435 ἰσχύν
760 5385 820 5421 τε
854 5370 1107 5438 σώματος
1174 5367 1269 5419 καὶ
1318 5368 1621 5431 ἀσθένειαν,
1652 5369 1808 5432 δόξαν

1932 3266 2108 3333 ipsum
2147 3267 2645 3333 coluprehensuris.
2694 3268 2829 3334 Quis
2882 3272 3027 3325 enim
3090 3273 3221 3325 mihi
3279 3277 3501 3329 virtutis

1929 3358 2173 3412 calculus
2205 3366 2283 3411 tot
2313 3359 2470 3414 malis
2526 3370 2579 3414 et
2637 3364 2801 3415 tantis
2837 3362 3253 3432 ingruentibus?
3294 3366 3347 3418 in
3399 3367 3500 3420 hoc

1928 3448 2072 3501 enim
2101 3448 2315 3511 turbam
2348 3450 2652 3520 desperatio
2684 3453 2821 3505 solet
2856 3453 3155 3521 impellere.
3186 3454 3340 3508 Nune
3369 3470 3501 3509 vero

1927 3543 2081 3610 quasi
2115 3558 2219 3594 non
2254 3545 2426 3595 multo
2454 3553 2507 3597 et
2535 3559 2731 3614 magno
2757 3545 2944 3599 dolore
2974 3548 3287 3610 ineursuro,
3326 3551 3502 3601 utrin-

1926 3649 2029 3703 que
2058 3642 2113 3687 et
2144 3634 2459 3690 subvertere
2484 3638 2635 3689 novit
2663 3636 2824 3690 fallax
2856 3639 3496 3707 agemlorurnjudicinm,

1926 3732 1979 3777 et
2015 3733 2296 3792 ιιι-ομιττεδ
2334 3740 2510 3794 neque
2538 3725 2707 3779 multa
2732 3726 3008 3795 vigilantia
3040 3743 3215 3796 neque
3239 3728 3497 3781 virtutum

1926 3831 2056 3870 cura
2095 3831 2235 3885 opus
2263 3832 2404 3870 esse.
2446 3816 2569 3871 Ideo
2596 3819 2760 3884 igitur
2798 3819 2938 3873 Deus
2968 3820 3033 3873 de
3078 3819 3276 3873 futuris
3307 3820 3499 3889 loque-

1927 3904 2032 3958 lam
2064 3905 2304 3974 ignotam
2337 3905 2465 3960 fecit
2501 3909 2869 3973 multitudini,
2925 3924 2991 3964 ne
3052 3909 3285 3964 inventis
3335 3912 3499 3965 homo

1925 4011 2045 4059 qua:
2078 3996 2131 4048 in
2164 3998 2558 4063 posterioribus
2584 3999 2759 4067 ipsum
2783 4000 3117 4068 temporibus
3139 4005 3501 4070 comprehen-

1927 4100 2053 4138 sura
2087 4094 2213 4139 sunt
2241 4088 2505 4154 molestis,
2547 4089 2598 4142 in
2639 4090 3033 4147 difﬁcilioribus
3075 4096 3419 4163 negligentiae
3447 4106 3501 4150 et

1927 4175 2288 4243 desperationi
2324 4187 2544 4233 traneus
2574 4180 2957 4249 seipsum,non
2984 4184 3047 4235 ad
3072 4184 3318 4237 virtutem
3360 4200 3498 4240 con-

1925 4274 2262 4330 verteretur;
2319 4265 2371 4318 in
2426 4269 2773 4323 mediocriter
2822 4282 3001 4325 autem
3054 4288 3111 4326 se
3168 4274 3497 4330 habentibus

1924 4356 2333 4425 despicientiam
2370 4360 2680 4413 morborum
2706 4371 2764 4414 ut
2789 4366 3179 4430 permissorum
3216 4366 3495 4421 fruitionis

1923 4459 1975 4503 et
2007 4448 2352 4512 deliciarum,
2388 4450 2593 4503 nullum
2626 4466 2855 4520 sperans
2892 4453 3220 4509 obstiturum
3264 4457 3495 4525 impedi-

1926 4548 2167 4593 mentum
2193 4551 2243 4594 et
2276 4540 2342 4594 ad
2374 4542 2599 4596 virtutes
2622 4544 2860 4597 studium
2886 4558 3296 4614 superponeret.
3325 4549 3495 4603 Aliter

1925 4644 2055 4683 vero
2085 4638 2141 4683 et
2168 4630 2258 4697 qui
2289 4630 2556 4697 judicium
2592 4648 2786 4700 purum
2818 4634 3068 4701 passione
3093 4634 3197 4689 fert
3226 4646 3279 4691 et
3311 4640 3493 4692 incor-

1925 4729 2142 4789 ruptum
2181 4724 2473 4775 sanitatem
2525 4723 2668 4776 videt
2727 4734 2782 4777 et
2828 4727 3080 4779 morbum
3144 4730 3494 4784 concorditer

1921 4830 1981 4869 se
2011 4815 2261 4869 habentia
2284 4816 2461 4883 quoad
2495 4815 2776 4869 hominum
2804 4818 3061 4872 damnum
3096 4830 3149 4874 et
3182 4823 3487 4877 utilitatem.

1922 4904 2027 4959 Sed
2063 4914 2117 4959 et
2142 4906 2360 4959 divitias
2402 4914 2455 4959 et
2491 4918 2862 4976 paupertatem
2917 4912 3189 4977 similiter,
3239 4924 3291 4966 et
3323 4916 3491 4970 robur

1919 4994 2168 5065 corporis
2198 5004 2253 5049 et
2288 4996 2680 5059 infirmitatem,
2715 5000 2942 5068 gloriam
2996 5018 3117 5071 qum
3148 5018 3211 5056 ex
3250 5005 3489 5059 homini-

1919 5092 2020 5146 bus
2044 5101 2097 5145 et
2130 5090 2406 5145 infamiam
2435 5104 2487 5146 et
2510 5109 2629 5161 qum
2653 5094 2734 5149 his
2752 5102 3015 5163 proxima.
3046 5098 3253 5152 Etenim
3278 5103 3485 5156 utrius-

1917 5200 2023 5253 que
2059 5186 2230 5253 partis
2270 5187 2693 5255 unumquodque
2727 5188 3097 5258 philosophari
3135 5192 3358 5257 scienti,
3397 5209 3485 5249 sa.

1918 5276 2045 5328 Iutis
2077 5278 2303 5329 materia
2349 5276 2426 5330 lit.
2461 5275 2520 5330 Ei
2566 5293 2695 5331 vero
2724 5280 2815 5347 qui
2864 5280 2929 5332 ad
2984 5283 3097 5334 sola
3152 5285 3389 5349 jucunda
3430 5298 3484 5341 et

1918 5370 2246 5423 hlandientia
2273 5370 2401 5433 hiat,
2436 5377 2488 5421 et
2512 5369 2753 5438 jucunda
2786 5372 2971 5427 damni
3005 5377 3141 5427 liunt
3165 5388 3481 5449 praeteritus,

221 5467 337 5533 τὴν
398 5464 460 5527 ἐξ
530 5459 832 5529 ἀνθρώπων
895 5460 991 5513 καὶ
1058 5459 1273 5524 ἀδοξίαν
1328 5460 1420 5513 καὶ
1474 5462 1543 5513 τά
1601 5461 1808 5525 τούτοις

222 5553 619 5624 παραπλήσια.
699 5552 808 5605 Καὶ
852 5551 962 5620 γὰρ
1025 5551 1285 5621 ἑκατέρου
1340 5551 1533 5623 μοίρας
1580 5552 1807 5607 ἕκαστον

219 5648 307 5715 τῷ
391 5644 495 5713 μὲν
572 5642 878 5711 φιλοσοφεῖν
935 5643 1138 5708 εἰδότι,
1216 5643 1487 5713 σωτηρίας
1550 5644 1805 5709 ὑπόθεσις

1914 5473 1968 5515 et.
2036 5462 2213 5515 tristia
2269 5461 2337 5514 ad
2372 5461 2507 5514 idem
2542 5461 2785 5516 deﬂuunt
2836 5476 2888 5518 et
2940 5467 3477 5537 trnhuntm‘nmlum,

1916 5571 2022 5609 non
2066 5565 2343 5623 gratanter
2375 5556 2489 5609 haec
2528 5555 2733 5611 ferente
2762 5560 2854 5627 qui
2891 5575 2986 5627 per
3034 5561 3160 5615 talia
3202 5564 3477 5632 puritirari

1914 5648 2134 5717 indiget,
2172 5648 2266 5703 sed
2296 5649 2348 5703 in
2382 5648 2814 5719 desperationem
2848 5652 3021 5721 magis
3063 5662 3115 5707 et
3150 5653 3479 5721 indignatio-

297 5776 348 5808 ³ο
376 5778 548 5831 Amos
582 5790 662 5841 ιιι,
686 5774 736 5829 6.
