4186 6444
739 427 845 492 £30

743 640 907 685 tente.

1885 433 2143 493 ΡΗΟΤΙῙ
2186 434 2685 493 PATRIARCILE
2726 436 2833 496 (ΣΡ.

743 555 864 593 nem
906 554 972 592 ex
1005 538 1203 607 quibus
1237 535 1520 606 oportebat
1552 537 1873 607 prudentem
1918 539 2032 593 ﬁeri
2076 555 2305 592 eonver-
2335 551 2380 602 Α
2412 537 2653 603 γῖνεταιο

3874 437 3978 500 440

2719 539 2796 607 τῷ
2848 539 2904 615 δε
2952 537 3088 608 πρὸς
3161 538 3297 607 μόνα
3359 540 3428 592 τά
3493 541 3621 610 ἡδέα
3691 544 3784 596 καὶ
3843 560 3974 615 γαρ-

2419 629 2708 696 γαλίζοντα
2733 628 3002 699 κεχηνότι,
3035 631 3127 681 καὶ
3163 630 3230 681 τά
3259 629 3520 698 ἡδύνοντα
3569 633 3770 702 βλάϐης
3802 643 3978 702 γίνον-

737 734 826 773 ται
851 721 1139 789 πρόφασις,
1163 717 1255 768 καὶ
1282 719 1348 768 τὰ
1377 717 1649 769 λυποῦντα
1681 717 1814 784 πρὸς
1844 717 1942 787 τὴν
1989 719 2158 786 αὐτὴν
2189 720 2454 789 καταρρεῖ
2484 719 2577 770 καὶ
2601 717 2929 785 ὑποσύρεται
2951 719 3170 778 κακίαν.
3195 721 3296 772 οὐκ
3313 722 3643 791 εὐχαρίστως
3669 724 3840 778 ταῦτα
3878 728 3976 793 φέ-

742 825 924 876 ροντος
958 807 1046 860 τοῦ
1081 807 1166 858 διὰ
1216 806 1322 856 τῶν
1370 805 1630 858 τοιούτων
1671 806 2022 877 καθαίρεσθαι
2069 808 2347 878 δεομένου,
2380 807 2494 859 ἀλλ’
2547 809 2624 868 είς
2656 806 2914 860 ἀπόνοιαν
2938 809 3139 878 μᾶλλον
3169 811 3264 863 καὶ
3287 811 3660 885 ἀγανάκτησιν
3687 815 3747 880 ἐξ
3774 809 3851 871 ὧν
3873 815 3977 868 ἔδει

740 897 1180 969 σωςρρονίζεσθαι,
1209 897 1695 965 περιτρεπομὲνου.

1074 1011 1404 1077 ρυιιςδτιο
1436 1011 1568 1065 Lxx
1629 1010 1726 1081 [ιιι.
1760 1009 1968 1082 LXIX].

744 1104 1015 1169 Quasnam
1059 1114 1258 1170 oportet
1290 1104 1574 1171 intelligere
1603 1104 1846 1169 pellice.»
1887 1112 2089 1154 tunicas
2112 1141 2126 1163 ,
2174 1119 2304 1170 quas

812 1177 1044 1226 Αιιαυιιιε
1086 1181 1134 1224 et
1167 1171 1276 1225 Eva
1302 1186 1414 1240 post
1449 1173 1914 1239 transgressione»:
1951 1172 2252 1224 induerunt.

2961 1013 3297 1066 ΕΡΩΤΗΣΙΣ
3333 1017 3409 1070 0'.

2416 1090 2592 1182 Τίνἰις
2613 1102 2880 1182 εξεὶζοεῖν
2902 1104 3292 1182 δερματίνους
3309 1105 3580 1182 χιτῶνας,
3596 1111 3760 1182 oiled
3795 1113 3978 1182 Ἀδὰμ

2485 1173 2579 1222 καὶ
2619 1175 2651 1239 ἡ
2685 1173 2806 1225 Εὕα
2849 1173 3011 1242 μετά
3046 1177 3160 1242 τὴν
3203 1173 3541 1244 παράϐασιν
3589 1173 3973 1254 ἐγέὸύσαντό,

1757 1282 1899 1333 Edita
1921 1297 1947 1330 a
1968 1284 2108 1342 Baio,
2132 1285 2164 1333 l.
2191 1296 2257 1342 c.,
2284 1299 2329 1345 p.
2356 1283 2517 1331 85.87.
2562 1283 2615 1331 In
2637 1285 2759 1333 Gen.
2784 1298 2856 1346 ιιι,
2877 1286 2957 1335 21.

815 1413 938 1468 Scio
960 1413 1175 1483 quidem
1197 1412 1462 1482 quosdam
1483 1414 1740 1482 pelliceas
1763 1415 1971 1469 tunicas
1988 1431 2124 1484 quas
2141 1415 2308 1468 Adam

741 1515 795 1557 et
849 1504 957 1558 Eva
1019 1513 1141 1573 post
1179 1505 1672 1572 transgressionem
1722 1505 2030 1569 induerunt,
2068 1509 2308 1573 pronun-

746 1594 944 1646 liantes
976 1605 1176 1658 corpus
1225 1606 1290 1644 ex
1335 1604 1445 1658 quo
1501 1591 1764 1644 rationale
1800 1591 2000 1644 animal
2031 1601 2082 1645 et
2115 1590 2310 1643 animae

747 1700 773 1732 ιι
806 1680 1074 1750 principio
1098 1681 1254 1733 lit-tor
1275 1681 1581 1735 subsistuit.
1619 1681 1723 1735 Sed
1757 1682 1843 1735 isti
1878 1679 2308 1749 pra-occupantis

746 1771 898 1837 ipsos
928 1772 1322 1840 suppositiouis
1352 1773 1687 1828 consectaria
1738 1773 1917 1826 dicere
1955 1788 2076 1825 cum
2119 1771 2305 1824 stude-

2489 1407 2616 1465 Οἶδα
2658 1415 2753 1481 μέν
2781 1432 2931 1476 τινας
2961 1415 3313 1486 δερματίνους
3355 1418 3589 1484 χιτῶνας
3619 1418 3710 1483 οὒς
3751 1422 3780 1472 ό
3806 1423 3978 1494 Ἀδὰμ

2416 1503 2508 1553 καὶ
2539 1504 2572 1572 ἡ
2612 1502 2722 1554 Εὕα
2751 1503 2886 1571 μετᾶ
2908 1503 3007 1569 τὴν
3036 1503 3346 1573 πειράσασιν
3379 1506 3692 1560 ινεδύσαντο
3711 1550 3728 1573 ,
3761 1510 3978 1582 ἀποφηο

2409 1591 2671 1659 ναμένους
2713 1591 2774 1642 τὸ
2825 1591 2982 1660 σῶμα
3029 1591 3089 1654 ἐξ
3143 1586 3204 1645 οὗ
3251 1592 3312 1644 τὸ
3343 1593 3560 1659 λογικὸν
3590 1595 3726 1657 ζῶον
3757 1599 3854 1650 καὶ
3879 1600 3978 1667 τῆς

2407 1679 2582 1748 ψυχῆς
2614 1680 2708 1732 ἀπ’
2737 1679 2914 1751 ἀρχῆς
2947 1681 2976 1732 ό
3013 1680 3263 1750 Πλάστης
3306 1684 3397 1734 τὸν
3426 1684 3709 1754 ἄνθρωπον
3734 1687 3976 1758 ὑπεστή-

2412 1787 2560 1823 σατο.
2607 1770 2744 1821 Ἀλλ’
2774 1765 2919 1823 οὗτοι
2960 1770 3056 1838 τῆς
3091 1773 3607 1843 προκαταλαϐούσης
3621 1775 3817 1838 αὐτοὺς
3847 1778 3980 1830 ὐπο-

743 1874 904 1928 rent,
966 1861 1376 1931 inconsequenti
1428 1879 1590 1918 sensu
1640 1873 1694 1917 et
1745 1863 1972 1917 scicntia
2023 1865 2308 1916 destruunt

2409 1861 2620 1930 λήψεως
2666 1862 2937 1918 ἀκόλουθα
2986 1861 3166 1930 λέγειν
3206 1863 3682 1936 φιλονεικὴσαντες
3706 1906 3722 1929 .
3779 1870 3980 1922 ἀνακοο

745 1950 1052 2005 veritatem.
1099 1951 1314 2004 Etenim
1362 1953 1649 2020 paradisus
1701 1952 1833 2022 ipsis
1879 1953 2044 2006 verbo
2089 1953 2308 2021 quidem

745 2042 990 2111 tingitur,
1027 2057 1082 2094 re
1106 2056 1234 2096 vero
1259 2041 1486 2096 tollitur.
1522 2042 1625 2096 Sed
1648 2043 1883 2112 paradisi
1906 2044 2117 2113 plantas
2145 2054 2198 2097 et
2233 2043 2310 2096 ci-

742 2133 838 2187 bos
867 2142 922 2186 ct
953 2148 1047 2202 per
1073 2143 1282 2188 costam
1305 2132 1426 2186 Eva!
1454 2135 1870 2204 productionem
1897 2143 1951 2188 et
1989 2134 2310 2203 simpliciter

737 2239 925 2277 eorum
963 2239 1086 2292 quae
1137 2234 1265 2278 sunt
1294 2226 1627 2279 creationem
1657 2236 1823 2278 totam
1858 2235 1912 2280 et
1944 2226 2306 2294 proditionem

739 2323 792 2366 ιι
833 2313 1026 2367 divinae
1061 2329 1207 2367 cura:
1255 2315 1402 2368 circa
1437 2315 1710 2369 hominem
1733 2315 1880 2379 quod
1903 2325 1987 2370 est
2013 2315 2306 2387 benignum

737 2413 792 2456 et
824 2404 1073 2456 mirabile
1105 2412 1157 2457 et
1181 2401 1500 2473 excipiendo
1523 2421 1787 2475 geneseos
1818 2407 2108 2475 principia,
2139 2407 2195 2470 iu
2227 2407 2311 2460 iu-

739 2494 1045 2549 tellectuale
1079 2496 1349 2564 quoddam
1402 2497 1811 2552 tabernaculum
1846 2499 2178 2560 attollentes.
2203 2513 2304 2553 ne-

738 2601 844 2652 que
893 2585 1171 2653 prOpriam
1220 2584 1633 2640 subslstentiam
1680 2597 1734 2641 et
1799 2588 2304 2642 substantiationem

741 2673 843 2726 visi
871 2681 1000 2728 sunt
1025 2674 1284 2728 revereri.
1306 2673 1436 2728 Inde
1460 2691 1585 2730 vere
1608 2677 1925 2746 tragmdiam
1959 2686 2126 2731 totam
2153 2678 2306 2745 juxta

747 2764 1023 2832 proprium
1059 2764 1397 2833 propositum
1432 2766 1613 2833 partiti
1642 2778 1698 2820 et
1728 2767 1987 2837 [ingentes
2016 2777 2068 2822 et
2096 2767 2148 2821 in
2173 2783 2308 2837 quas

741 2853 960 2906 uulnere
995 2851 1200 2906 formas
1235 2864 1288 2906 et
1309 2869 1504 2909 sensus
1535 2866 1944 2924 componentes,
1983 2872 2107 2910 vere
2135 2856 2308 2910 iacto-

740 2958 861 2996 rum
875 2952 928 2996 et
957 2943 1371 2998 subsistentium
1394 2946 1846 3015 consequentiam
1881 2957 1934 3000 et
1964 2963 2138 3016 usque
2165 2964 2309 3003 nunc

742 3036 914 3087 \isam
946 3044 1000 3088 et
1028 3036 1300 3106 cognitam
1322 3036 1922 3104 destruuntejurantes,
1947 3034 2308 3090 mulcentibus

742 3124 965 3194 quidem
1017 3135 1070 3178 et
1125 3125 1512 3182 inducentibus
1562 3126 1910 3181 sermonibus
1947 3126 2308 3180 multitudinis

2410 1950 2582 2020 λούθῳ
2608 1951 2801 2023 γνώμῃ
2829 1952 2925 2004 καὶ
2947 1951 3146 2019 γνώσει
3179 1952 3528 2022 λυμαίνονται
3557 1955 3656 2024 τὴν
3691 1957 3975 2026 ἀλήθειαν⁹

2411 2045 2638 2113 καὶγὰρ
2678 2045 2707 2097 ό
2738 2044 3062 2112 παράδεισος
3103 2045 3286 2105 αὐτοῖς
3318 2046 3462 2118 λόγῳ
3513 2048 3612 2117 μὲν
3656 2048 3977 2114 πλάττεται,

2411 2134 2554 2201 ἔργῳ
2575 2133 2631 2184 δὲ
2658 2133 3022 2187 διαϐάλλεται.
3053 2133 3217 2189 Ἀλλά
3246 2135 3315 2187 τά
3341 2135 3435 2188 τοῦ
3473 2136 3801 2207 παραδείσου
3831 2143 3978 2205 φυτά

2409 2222 2504 2274 καὶ
2534 2223 2566 2291 ἡ
2595 2220 2798 2290 βρῶσις
2831 2223 2928 2275 καὶ
2952 2223 2984 2291 ή
3012 2220 3100 2273 διά
3124 2222 3219 2292 τῆς
3258 2222 3500 2294 πλευρᾶς
3533 2225 3632 2292 τῆς
3662 2223 3804 2288 Εῠας
3836 2241 3978 2293 προ-

2408 2315 2600 2384 αγωγὴ
2624 2352 2638 2375 ,
2681 2315 2776 2365 καὶ
2805 2312 2992 2376 ἁπλῶς
3021 2316 3055 2384 ἠ
3091 2312 3201 2366 τῶν
3236 2314 3408 2366 ὄντων
3460 2315 3790 2383 δημιουργία
3821 2318 3978 2372 πᾶσα

2410 2406 2504 2456 καὶ
2533 2403 2758 2472 πρόοδος
2793 2403 2890 2455 καὶ
2927 2403 2988 2454 τὸ
3014 2402 3114 2471 τῆς
3150 2394 3304 2465 θείας
3346 2402 3670 2473 κηδεμονίας
3719 2405 3854 2474 περὶ
3881 2407 3977 2458 τὸν

2408 2492 2696 2558 ἄνθρωπον
2743 2490 3122 2560 φιλάνθρωπόν
3169 2507 3230 2543 τε
3269 2491 3366 2543 καὶ
3411 2490 3716 2560 θαυμάσιον
3755 2493 3850 2546 καὶ
3877 2494 3979 2558 τὰς

2410 2581 2549 2634 κατὰ
2581 2582 2829 2652 διαδοχὴν
2873 2581 2932 2635 δι
2980 2582 3078 2650 τῆς
3117 2582 3384 2648 γενέσεως
3428 2582 3621 2653 ἀρχὰς.
3671 2585 3750 2646 είς
3777 2589 3978 2654 νοητήν

2407 2690 2530 2726 τινα⁵
2568 2673 2771 2741 σκηνὴν
2819 2672 3212 2743 ἀναφέροντες,
3239 2672 3360 2725 οὐδὲ
3405 2673 3504 2742 τὴν
3560 2674 3694 2727 ίδίαν
3739 2671 3978 2745 ὕπαρξιν

2409 2765 2501 2817 καὶ
2528 2763 2780 2818 οὖσίωσιν
2801 2762 3064 2834 ὤφθησαν
3093 2763 3323 2817 εὐλαὸού
3334 2781 3502 2833 μενοι.
3534 2764 3777 2818 Ἐκεῖθεν
3796 2765 3854 2819 δὶ
3876 2768 3979 2837 τὴν

2407 2857 2713 2927 τραγῳδίαν
2758 2856 2886 2926 ὃλην
2939 2855 3080 2907 κατά
3124 2855 3226 2925 τὴν
3263 2854 3401 2908 ἰδίαν
3442 2855 3697 2922 πρόθεσιν
3727 2874 3978 2928 καταμε-

2413 2946 2657 3015 ρίσαντές
2705 2961 2765 2998 τε
2797 2945 2891 2998 καὶ
2936 2945 3360 3015 ὑποκρινάμενοι
3394 2945 3489 2997 καὶ
3514 2947 3593 3007 είς
3623 2947 3742 3009 οτας
3780 2946 3850 3000 ἀν
3883 2950 3980 3001 καὶ

2411 3035 2681 3103 βούλοιντο
2713 3036 2925 3106 μορφὰς
2957 3035 3050 3087 καὶ
3083 3035 3325 3096 ἐπινοίας
3369 3034 3814 3102 διαπλάττοντες,
3866 3037 3978 3089 τῶν

2411 3125 2485 3187 ὼς
2529 3125 2741 3194 ἀληθῶς
2784 3125 3089 3193 γεγονότων
3135 3124 3233 3177 καὶ
3265 3124 3623 3194 ὑπαρξάντων
3649 3125 3712 3178 τδ
3747 3125 3979 3180 ἀκόλου-

744 3232 905 3271 aures
935 3217 1288 3272 incantando.
1342 3218 1532 3273 Solent
1570 3219 1714 3272 enim
1751 3218 2018 3287 pleraeque
2061 3218 2308 3273 lictioues

2413 3217 2504 3269 θον
2554 3189 2648 3268 καὶ
2677 3189 2838 3284 μέχρι
2864 3189 2962 3268 νῦν
3003 3215 3280 3285 ὁρώμενόν
3326 3189 3393 3268 τε
3431 3189 3536 3269 καὶ
3580 3217 3979 3286 γνωριζόμενον

744 3309 809 3361 ad
847 3319 1038 3363 nutum
1079 3318 1134 3363 et
1168 3309 1234 3362 ad
1263 3309 1660 3378 jucunditatetn
1718 3310 2058 3363 concinnata:
2108 3308 2311 3364 illicere

745 3399 962 3468 quidem
995 3398 1304 3454 auditorum
1335 3415 1496 3454 aures
1545 3410 1597 3453 et
1656 3400 1722 3453 ad
1780 3401 2070 3468 voluptatis
2120 3414 2312 3467 parare

744 3488 1128 3555 dimisionem,
1163 3497 1217 3542 at
1265 3504 1442 3558 neque
1477 3489 1581 3542 sibi
1633 3488 1766 3557 ipsis
1813 3489 1976 3542 ullam
2025 3488 2309 3541 utilitatem

747 3588 923 3643 neque
957 3575 1236 3643 persuasis
1275 3575 1466 3629 talium
1507 3576 1789 3631 architecti
1842 3590 2135 3646 procurare
2185 3591 2312 3644 pos-

744 3671 892 3716 sunt.
940 3662 1043 3717 Sed
1105 3663 1206 3717 hos
1257 3663 1477 3733 quidem
1548 3664 1808 3733 Origenes
1848 3673 1902 3717 et
1949 3663 2310 3734 Origenianus

746 3752 940 3806 habeat
969 3755 1202 3818 chorus;
1237 3763 1422 3808 uoster
1452 3768 1580 3807 vero
1611 3753 1905 3821 Gregorius
1951 3769 2111 3823 quem
2157 3753 2310 3807 theo-

744 3841 919 3909 logica
946 3850 1000 3894 et
1029 3840 1291 3896 divinitus
1333 3841 1433 3910 ipsi
1463 3841 1590 3896 data
1626 3845 1768 3897 circa
1800 3843 2051 3911 spiritum
2084 3843 2307 3898 scientia

744 3932 1060 4003 theologum
1085 3933 1465 4002 proclamavit,
1491 3934 1580 3988 hic
1604 3935 1857 4004 pelliceas
1882 3944 2040 3988 vocat
2073 3935 2306 3997 tunicas,

743 4037 852 4074 nun
885 4036 1020 4090 quas
1043 4019 1370 4090 Origeniana
1405 4020 1585 4075 fabula
1621 4022 1794 4076 tinxit.
1826 4023 1930 4076 Sed
1963 4035 2149 4077 contra
2184 4020 2308 4076 Ori-

741 4115 1029 4182 genianam
1063 4114 1379 4182 Opinionem
1429 4113 1677 4169 homines
1729 4125 2040 4169 convertere
2089 4115 2308 4184 quidem

739 4205 1035 4273 plurimum
1061 4206 1325 4260 adhibens
1349 4206 1588 4260 studium
1611 4224 1626 4274 ;
1654 4207 1924 4275 sapienter
1952 4222 2081 4262 vero
2113 4214 2168 4262 et
2199 4207 2312 4261 dis-

742 4311 947 4365 ponere
979 4297 1159 4351 sciens
1191 4297 1243 4349 iu
1270 4296 1478 4366 judicio
1503 4312 1786 4353 sermones
1815 4311 1945 4351 suos
1976 4297 2030 4350 in
2077 4297 2307 4350 vicinam

738 4388 962 4458 quidem
1009 4389 1436 4458 speculationem
1493 4390 1691 4458 satagit
1738 4389 2073 4451 transferre.
2122 4398 2309 4443 contra

741 4482 883 4534 illam
925 4495 1057 4535 vero
1103 4481 1438 4534 laboriosam
1480 4481 1806 4535 sententiam
1837 4491 2054 4534 auctum
2087 4491 2142 4534 et
2184 4494 2309 4549 pra-

736 4570 935 4624 iticum
981 4572 1318 4624 emittentem
1381 4570 1589 4635 melos,
1649 4569 1901 4638 pelliceas
1956 4570 2168 4623 tunicas
2200 4583 2306 4622 non

735 4676 938 4730 corpus
967 4660 1120 4729 juxta
1154 4675 1277 4729 qua:
1309 4670 1362 4714 et
1396 4661 1650 4731 superius
1685 4661 1826 4714 dicta
1858 4670 1983 4714 sunt
2008 4669 2182 4720 vocat.
2212 4660 2309 4712 ab-

738 4753 841 4803 sit!
899 4749 1015 4806 Non
1068 4752 1214 4804 enim
1263 4751 1411 4804 visus
1459 4761 1541 4804 est
1593 4750 1753 4804 talem
1798 4750 2086 4818 quamdam
2121 4763 2303 4803 vocem

734 4843 1010 4904 emittens,
1048 4843 1139 4897 sed
1172 4844 1420 4911 corporis
1451 4842 1866 4896 crassitudinem
1916 4853 1970 4894 et
2005 4840 2308 4894 mortalita-

738 4944 842 4985 tem
873 4941 926 4984 et
956 4933 1155 5000 prioris
1186 4929 1358 4984 felicis
1394 4930 1703 4999 antitypum
1734 4938 1788 4982 et
1838 4928 2140 4996 oppositam
2195 4927 2308 4982 dis-

738 5020 1053 5087 positionis;
1096 5020 1296 5072 etenim
1346 5035 1470 5071 \ere
1512 5027 1634 5087 post
1673 5019 2157 5087 transgressionem
2209 5032 2305 5085 pro

737 5113 1058 5180 impossibili
1091 5121 1144 5164 et
1179 5126 1283 5164 nou
1317 5111 1561 5179 subjecto
1587 5121 1642 5164 et
1675 5125 1779 5164 non
1825 5119 2048 5179 gravato
2077 5125 2305 5178 corpore

735 5213 788 5255 et
816 5203 1146 5256 mortalitate
1174 5217 1437 5270 corpore,
1488 5201 1582 5255 sed
1617 5201 1797 5256 carnis
1831 5201 2069 5255 motibus
2098 5209 2154 5253 et
2188 5199 2302 5253 ille-

735 5293 916 5348 cebris
961 5292 1261 5346 constituto
1307 5290 1656 5361 potentiore,
1724 5289 1994 5344 contraria
2047 5290 2134 5344 his
2183 5300 2305 5358 post

734 5383 1230 5454 transgressionem
1258 5381 1502 5436 Adamus
1552 5381 1732 5450 qualia
1762 5390 1907 5435 certe
1946 5381 2187 5434 tunicam
2227 5380 2306 5434 di-

734 5475 837 5530 ttis
859 5488 1114 5544 punctam
1148 5474 1494 5544 passionibus
1517 5484 1570 5528 et
1591 5473 2012 5528 contaminatam
2041 5473 2302 5526 mutando

739 5567 953 5632 induit;
1007 5570 1101 5622 sed
1141 5577 1366 5622 sanctus
1418 5566 1640 5635 quidem
1691 5569 1791 5619 iste
1843 5565 1922 5616 vir
1977 5579 2042 5618 ex
2073 5562 2303 5632 Origene

738 5672 959 5712 sursum
990 5658 1358 5726 germinantes
1384 5659 1458 5712 ita
1491 5657 1720 5712 dulciter
1741 5665 1795 5711 et
1828 5655 2052 5724 benigne
2083 5655 2302 5710 trahens

734 5758 789 5802 et
825 5748 1156 5806 transierens
1189 5747 1256 5802 ad
1289 5749 1459 5819 magis
1490 5749 1608 5820 pios
1633 5763 1851 5809 sensus,
1882 5747 2016 5800 tales
2049 5760 2169 5799 esse
2191 5743 2300 5814 pel-

2410 3305 2724 3375 ἀναιροῦσιν
2776 3305 3156 3377 ὲξομνύμενοι,
3211 3306 3553 3377 θελκτηρίοις
3594 3307 3695 3377 μὲν
3732 3309 3829 3361 καὶ
3877 3310 3979 3363 ιπ-

2412 3399 2648 3464 αγωγοϊς
2672 3397 2852 3464 λόγοις
2880 3398 2950 3450 τά
2975 3397 3085 3450 τῶν
3114 3397 3324 3449 πολλῶν
3355 3393 3466 3450 ὦτα
3505 3398 3981 3468 καταγοητεύσαν-

2411 3505 2520 3548 τες.
2561 3488 2730 3540 Εῖωθε
2760 3489 2869 3558 γάρ
2899 3489 2970 3541 τά
3010 3488 3180 3540 πολλὰ
3224 3489 3334 3541 τῶν
3368 3489 3698 3558 πλασμάτων
3731 3491 3867 3543 κατ’
3893 3491 3981 3556 ιε.

2409 3575 2599 3628 ουσίαν
2625 3575 2719 3628 καὶ
2750 3576 2887 3646 πρὸς
2911 3576 2973 3628 τδ
3002 3575 3103 3646 ηδὺ
3126 3575 3486 3644 πλαττόμενα
3516 3577 3979 3645 ὺπογαργαλίζειν

2415 3667 2512 3736 μὲν
2558 3666 2625 3719 τὰ
2650 3667 2760 3718 τῶν
2786 3667 3068 3736 ἀκροατῶν
3105 3661 3221 3719 ὧτα
3249 3668 3342 3719 καὶ
3389 3667 3524 3736 πρὸς
3556 3666 3748 3736 ἡδονῆς
3796 3684 3982 3737 παραρ

2413 3756 2702 3818 σκευάζειν
2715 3753 3121 3824 διάχυσιν,οὕτε
3145 3755 3202 3807 δι
3231 3758 3440 3818 ἑαυτοῖς
3464 3755 3614 3809 οὐδὲν
3643 3755 3857 3824 δφελος,
3887 3756 3980 3810 οὗ·

2409 3861 2469 3897 τε
2514 3849 2625 3906 τοῖς
2669 3845 3017 3914 ,πειθομένοις
3059 3845 3108 3897 οί
3156 3844 3265 3898 τῶν
3304 3845 3564 3899 τοιούτων
3591 3846 3979 3917 ἀρχιτέκτονες

2409 3934 2670 4002 παρέχειν
2703 3933 2977 3987 δύνανται.
3018 3932 3179 3986 Ἀλλά
3219 3934 3329 4002 γάρ
3365 3933 3588 3996 τούτους
3621 3934 3720 4004 μιν
3755 3935 3979 4005 Ὠριγά-

2409 4040 2507 4092 νης
2527 4040 2585 4075 τε
2613 4023 2708 4075 καὶ
2736 4022 3101 4092 όὨριγένειος
3135 4024 3307 4091 ἐχέτω
3342 4023 3524 4093 χορόςο
3571 4024 3600 4076 ό
3618 4023 3675 4077 δι
3702 4024 3979 4095 ἡμέτερος

2412 4115 2450 4167 Γ
2458 4116 2708 4184 ρηγόριος
2740 4113 2798 4166 δν
2831 4115 2865 4184 ἡ
2891 4112 3138 4180 θεολόγος
3177 4129 3235 4166 τε
3282 4115 3375 4166 καὶ
3415 4114 3602 4167 θεόθεν
3640 4113 3790 4184 αὑτῷ
3823 4115 3975 4169 δεδοο

2415 4207 2549 4276 μένη
2593 4206 2720 4274 περὶ
2756 4204 2850 4257 τοῦ
2898 4204 3210 4275 πνεύματος
3249 4205 3533 4274 παρρησία
3575 4204 3826 4271 θεολόγον
3878 4207 3978 4260 ἀνο

2410 4293 2695 4362 εκήρυξεν,
2726 4287 2879 4357 οὗτος
2913 4293 3264 4364 δερματίνους
3309 4291 3568 4360 ὀνομάζει
3600 4293 3840 4363 χιτῶνας
3878 4295 3981 4365 οὐχ

2410 4381 2614 4448 οὕσπερ
2658 4381 2687 4430 ό
2720 4380 3048 4449 Ὠριγένειος
3093 4379 3260 4448 μῦθος
3296 4380 3599 4434 ἀνέπλασεν
3625 4397 3641 4412 ο
3673 4380 3810 4434 ἀλλά
3851 4384 3981 4435 τούς

2333 4505 2386 4564 D
2411 4473 2620 4525 ναντίον
2655 4472 2754 4540 τῆς
2776 4473 3109 4540 Ὤριγενείου
3136 4472 3292 4540 δόξης
3313 4474 3438 4534 τοὺς
3459 4473 3556 4526 ἀνθ
3567 4471 3780 4541 ρώπους
3807 4491 3980 4542 μετα·

2413 4563 2627 4616 ϐάλλειν
2659 4564 2755 4630 μὲν
2779 4564 2862 4615 ὅτι
2898 4563 3130 4632 μάλιστα
3151 4564 3469 4632 ποιούμενος
3499 4565 3757 4633 σπουδήν·
3794 4564 3980 4633 σοφῶς

2408 4653 2465 4706 δὲ
2496 4656 2590 4705 καὶ
2615 4655 2920 4721 οἰκονομεῖν
2948 4652 3102 4715 εἰδὼς
3128 4655 3187 4705 ὲν
3221 4653 3399 4721 κρίσει
3437 4654 3563 4714 τοὺς
3586 4653 3779 4720 λόγους
3809 4653 3978 4707 αὐτοῦ

2408 4747 2488 4806 εἰς
2533 4744 2748 4812 γείτονα
2806 4745 2904 4813 μὲν
2955 4744 3189 4813 θεωρίαν
3238 4744 3515 4813 μεθοδεύει
3564 4746 3978 4814 μεταδιδάξειν,

2408 4835 2530 4886 κατ’
2564 4835 2779 4907 ἐκείνης
2809 4835 2865 4886 δὲ
2897 4835 2996 4905 τῆς
3022 4834 3340 4898 δοξοκοπίας
3378 4834 3473 4898 ὀξὺ
3511 4836 3606 4888 καὶ
3646 4835 3980 4905 δραστήριον

2407 4929 2729 4993 ὲπαριείσαν
2769 4926 2830 4978 τὸ
2872 4926 3055 4994 μέλος,
3099 4925 3455 4997 δερματίνους
3492 4925 3729 4995 χιτῶνας
3766 4926 3980 4997 οὐχὶτδ

2409 5015 2566 5084 σῶμα
2608 5015 2750 5068 καθά
2777 5016 2873 5068 καὶ
2902 5015 3230 5085 προείρηται
3255 5015 3430 5080 καλεῖ,
3468 5017 3669 5084 ἄπαγε.
3703 5016 3843 5070 om
3863 5015 3979 5085 γάρ

2405 5106 2513 5158 οὐδ’
2543 5105 2697 5175 ὤφθη
2745 5107 3002 5176 τοιαύτην
3043 5107 3166 5160 τινά
3203 5108 3387 5178 φωνὴν
3429 5107 3610 5176 ἀφιεὶς
3634 5148 3650 5172 ,
3694 5106 3833 5161 ἀλλά
3875 5107 3979 5178 τὴν

2404 5196 2499 5250 τοῦ
2533 5195 2782 5266 σώματος
2813 5197 3100 5268 παχύτητα
3127 5199 3221 5252 καὶ
3252 5198 3555 5269 θνητότητα
3592 5199 3688 5252 καὶ
3716 5198 3816 5267 τῆς
3839 5215 3978 5269 προσ

2404 5289 2568 5357 τέρας
2603 5288 2881 5359 μακαρίας
2906 5289 3194 5343 ἀντίτυπον
3223 5289 3318 5342 καὶ
3354 5289 3737 5359 ἀντικειμένην
3781 5288 3972 5343 διαθε-

2407 5395 2565 5440 σεως·
2600 5378 2696 5431 καὶ
2728 5379 2838 5449 γάρ
2870 5377 2948 5440 ὡς
2980 5377 3195 5446 άληθῶς
3220 5377 3359 5448 μετά
3381 5378 3481 5447 τὴν
3507 5376 3821 5448 παράσασιν
3847 5377 3974 5431 ἀντὶ

2404 5468 2498 5520 τού
2532 5468 2778 5530 ἀπαθοῦς
2807 5469 2902 5521 καὶ
2926 5467 3219 5524 ἀνευθύνου
3263 5450 3358 5518 καὶ
3406 5465 3483 5536 μὴ
3520 5465 3863 5536 βαρούμενοι)
3888 5465 3973 5537 τῷ

2407 5564 2614 5632 σώματι
2649 5562 2742 5614 καὶ
2787 5564 2855 5632 τῇ
2895 5560 3179 5630 θνητότητι
3221 5558 3470 5628 σώματος
3493 5597 3508 5621 ,
3560 5556 3695 5610 ἀλλά
3729 5557 3838 5611 τῶν
3865 5556 3972 5625 τῆς

2407 5657 2606 5726 σαρκὸς
2645 5656 2960 5724 κινημάτων
2987 5653 3082 5707 καὶ
3116 5651 3578 5720 γαργαλισμάτων
3625 5638 3970 5712 καθεστῶτος

2407 5744 2732 5817 κρείττονος,
2779 5741 3037 5796 τάναντία
3064 5739 3272 5803 τούτοις
3298 5738 3437 5809 μετὰ
3464 5739 3563 5810 τὴν
3591 5738 3899 5809 παράϐασιν
3934 5738 3965 5790 ὁ
