4186 6444
198 417 293 483 Ml

1002 421 1100 479 AD
1132 415 1723 479 AMPHILOCIIIUM
1762 411 2105 485 onmno
2143 394 2319 485 LXX,
2366 411 2571 471 LXXI.

3332 413 3444 479 442

198 527 372 596 ’Δδὰμ
395 521 482 579 οἷα
500 526 564 595 δὴ
592 524 794 595 χιτῶνα
819 524 928 587 τοῖς
950 526 1259 595 εἰρημένοις
1282 525 1641 579 κατάστικτον
1664 521 1742 574 πά
1756 548 1767 557 ·

1878 520 2033 572 Iiceas
2054 518 2279 587 tunicas
2307 532 2416 572 non
2442 518 2649 586 absque
2675 518 2962 587 supposuit
2988 519 3145 575 aliter
3172 522 3443 577 sentiente

195 619 316 671 θεσι
363 618 457 670 καὶ
500 616 755 683 ῥυπῶντα
787 619 1203 684 μετημφιάσατο
1226 630 1241 646 ³
1281 614 1397 669 ἄλλ’
1428 616 1458 666 6
1490 613 1590 681 μὲν
1624 610 1770 677 ἱερὸς

1832 655 1839 664 .
1875 609 2325 662 contradictione.

194 706 351 773 οὗτος
408 712 546 780 ἀνὴρ
612 711 737 772 τοὺς
785 710 843 775 ιε
886 710 1196 779 Ὤριγένους
1258 707 1573 776 ἀναφύντας
1637 704 1783 757 οὕτω
1821 702 2126 770 πραότερόν
2173 719 2230 754 τε
2280 703 2375 755 κα)⁸
2444 699 2954 772 φιλανθρωπότερον
3005 704 3282 771 μεθέλκων
3350 709 3446 761 καὶ

196 802 577 872 μιτασισάζων
635 802 771 872 πρὸς
819 801 947 862 τοὺς
987 798 1405 868 ιῠπσσπιρους
1440 796 1760 865 λογισμοὺς,
1800 792 2071 854 τοιούτους
2091 787 2230 844 εἶναι
2255 793 2380 855 τοὺς
2404 790 2762 861 δερματίνους
2832 792 3066 862 χιτῶνας
3092 795 3215 849 ούδι
3272 800 3445 870 χωρὶς

190 880 423 946 διτεθετο
450 890 788 953 διστάζοντος
816 890 1217 958 επερρήματος.

265 984 341 1037 Σὺ
369 982 427 1035 δι
452 981 505 1034 τί
530 981 738 1048 λεγειςς
766 979 826 1032 τὸ
851 981 953 1048 μιν
981 980 1110 1041 ῖσως
1143 979 1362 1049 πρῶτον
1401 978 1587 1048 γελᾷς,
1622 977 1763 1045 τάχα

189 1074 239 1127 δ’
259 1071 329 1126 ἂν
354 1070 553 1140 μᾶλλον
570 1068 940 1139 δυσχεραίνεις
979 1068 1135 1137 μύθῳ
1155 1066 1531 1136 κλεπτομένην
1551 1064 1768 1121 ἁκούων

192 1165 298 1234 τὴν
324 1162 586 1231 ἀλήθειαν
602 1176 619 1192 ο
648 1159 743 1213 τοῦ
769 1158 829 1212 δι
854 1158 1106 1226 θεολόγον
1136 1153 1291 1227 οἶμαι
1329 1158 1431 1227 τὴν
1456 1157 1771 1225 οἰκονομίαν

193 1255 291 1308 καὶ
321 1252 545 1323 μέθοδον
581 1251 681 1304 οὐκ
709 1250 1026 1320 ἁτιμάσαιο.
1056 1249 1192 1301 υύδὶ
1221 1248 1412 1317 ἠγνόει
1434 1249 1504 1300 τὰ
1532 1248 1642 1300 ἀπὸ
1670 1248 1770 1316 τῆς

194 1342 374 1412 συκῆς
429 1342 603 1411 φύλλα
649 1335 731 1403 οἷς
775 1340 826 1392 οί
866 1341 996 1410 περὶ
1052 1338 1146 1391 τὸν
1186 1339 1359 1409 ’Λδὰμ
1399 1339 1503 1407 τὴν
1530 1338 1640 1392 ἀπὸ
1669 1338 1770 1406 τῆς

193 1429 534 1498 γυμνὼσεως
550 1426 942 1497 ἀσχημοσύνην
964 1427 1042 1488 είς
1065 1428 1127 1479 τὸ
1152 1426 1433 1496 εὔσχημον
1456 1428 1771 1495 περιέστελ-

193 1518 309 1571 λενο
337 1517 459 1570 οὐδ’
487 1518 571 1570 ὅτι
600 1514 901 1585 προφθάνει
929 1516 1031 1584 μὲν
1052 1515 1122 1568 τὰ
1151 1518 1247 1585 τῆς
1274 1516 1444 1584 συκῆς
1471 1516 1646 1583 φύλλα
1670 1516 1771 1582 τῆς

193 1608 464 1670 αἰδέσεως
513 1606 613 1677 τὴν
640 1606 961 1674 καταφυγὴν
1004 1607 1329 1675 παρασχεῖν.
1370 1606 1420 1657 οί
1458 1604 1513 1657 δὲ
1542 1604 1770 1673 χιτῶνες

1937 966 2020 1022 Tu
2046 977 2227 1022 autem
2261 967 2392 1037 quid
2425 967 2596 1021 dicis?
2641 968 2782 1022 forte
2821 970 3056 1038 primum
3098 973 3281 1039 rides.
3318 992 3443 1031 mox

1866 1068 2049 1114 autem
2084 1058 2257 1128 magis
2289 1057 2543 1112 irasceris
2573 1056 2755 1113 fabula
2781 1059 3017 1113 inratam
3043 1062 3274 1118 audiens
3305 1068 3447 1119 veri-

1867 1160 2070 1214 tatem;
2105 1148 2336 1217 theologi
2368 1162 2500 1203 vero
2530 1150 2725 1218 opinor
2757 1151 3120 1205 oeconomiam
3156 1162 3212 1206 et
3230 1157 3447 1209 metho-

1867 1240 1995 1294 dum
2029 1256 2136 1294 non
2170 1240 2592 1310 contempseris.
2634 1241 2749 1294 Non
2779 1240 3068 1311 ignorabat
3098 1258 3129 1297 a
3174 1243 3283 1299 ﬁcu
3318 1246 3444 1300 folia

1869 1332 2068 1400 quibus
2112 1332 2357 1385 Adamns
2402 1347 2431 1384 a
2486 1334 2731 1386 nuditate
2785 1334 3141 1401 ignominiam
3186 1336 3448 1393 decenter

1869 1422 2086 1491 operuit
2111 1439 2125 1486 ;
2155 1437 2331 1491 neque
2355 1422 2507 1491 prius
2539 1423 2757 1491 quidem
2787 1424 2919 1478 licus
2946 1424 3073 1479 folia
3098 1427 3322 1495 pudoris
3358 1445 3446 1482 re-

1867 1510 2072 1579 fugium
2117 1512 2417 1581 praebuisse
2443 1550 2458 1573 .
2506 1512 2721 1567 tunicas
2747 1528 2875 1568 vero
2906 1514 3162 1582 deinceps
3190 1518 3449 1586 pelliceas

1864 1600 2077 1653 illorum
2110 1601 2433 1669 excipiendo
2471 1617 2627 1654 usum
2681 1602 3023 1671 implevisse;
3072 1606 3272 1659 etenim
3326 1618 3451 1676 post

194 1700 430 1770 ὕστερον
478 1699 529 1752 οί
575 1696 891 1769 δερμάτινοι
934 1696 1034 1767 τὴν
1062 1696 1288 1750 ἐκείνων
1327 1696 1469 1748 κατὰ
1514 1695 1767 1765 διαδοχὴν

1878 1692 2099 1745 πίοτοιη
2131 1692 2434 1745 cincturam
2459 1701 2533 1746 .et
2567 1692 2696 1746 folia
2732 1695 2889 1756 licus,
2942 1696 3196 1763 pelliceas
3234 1700 3450 1755 tunicas

194 1793 393 1863 χρείαν
438 1790 834 1861 ἀνεπλήρωσαν
862 1805 877 1819 ο
922 1791 1017 1843 καὶ
1044 1788 1152 1860 γὰρ
1187 1788 1327 1859 μετὰ
1360 1788 1462 1856 τὴν
1494 1789 1767 1858 προτέραν

1878 1781 2013 1838 Dens
2044 1782 2179 1853 ipsis
2213 1782 2359 1837 fecit.
2385 1783 2671 1848 Quomodo
2700 1785 2866 1855 igitur
2899 1786 3214 1842 existimare
3237 1802 3453 1859 oportet

195 1882 496 1953 περιϐολὴν
546 1882 638 1935 καὶ
678 1881 746 1933 τὰ
787 1879 962 1950 φύλλα
986 1882 1085 1949 τῆς
1114 1880 1287 1946 συκῆς
1310 1919 1327 1941 ,
1359 1880 1485 1940 τοὺς
1512 1878 1775 1948 δερματί-

196 1990 326 2036 νους
376 1972 606 2042 χιτῶνας
637 1972 665 2024 6
694 1971 825 2034 Θεὸς
858 1972 1041 2035 αὐτοῖς
1080 1971 1394 2039 ἐποιήσατο.
1441 1968 1549 2021 [Ιοῦ
1593 1968 1775 2021 τοίνυν

193 2064 411 2117 οῖεσθαι
438 2064 519 2116 δεῖ
544 2063 634 2115 τὸν
664 2062 1125 2130 θεολογικώτατον
1153 2060 1444 2116 ταῦτακαὶ
1474 2059 1778 2132 θεοπτικώ·

193 2173 366 2212 τατον
401 2155 718 2209 διδάσκαλον
746 2155 964 2223 ἀγνοεῖν
989 2195 1006 2220 ,
1056 2153 1194 2207 ἀλλὰ
1234 2152 1310 2222 μὴ
1346 2152 1527 2216 λέγειν
1576 2151 1776 2222 μᾶλλον

196 2248 510 2316 οἰκονομεῖν
554 2262 614 2298 τε
649 2244 877 2298 καὶτῶν
903 2243 1078 2296 ἄλλων
1109 2241 1387 2310 σωτηρίαν
1440 2238 1774 2311 μεθοδεύειν,

194 2338 269 2393 δι’
294 2329 374 2390 ὧν
397 2339 427 2391 6
446 2336 567 2389 τότε
620 2335 909 2407 συνέτρεχε
938 2332 1152 2404 καιρὸς,
1172 2331 1446 2403 μηδεμιᾶς
1480 2329 1775 2384 ἐπακολου-

196 2426 404 2498 θούσης
449 2426 728 2496 αίρετικῆς
759 2424 1064 2494 ἐπισπορᾶς
1091 2423 1127 2493 ἢ
1163 2421 1544 2491 σκολιότητος;
1575 2422 1677 2473 ’Δν
1714 2435 1777 2473 τε

196 2519 312 2590 γὰρ
345 2518 417 2572 τὰ
439 2516 612 2586 φύλλα
633 2520 732 2586 τῆς
760 2516 932 2585 συκῆς
964 2515 1091 2578 τοὺς
1121 2514 1252 2584 περὶ
1285 2513 1378 2565 τὸν
1404 2512 1579 2582 Ἀδὰμ
1606 2512 1775 2566 εὐλα-

196 2608 506 2679 ϐουμένους
535 2607 633 2678 τὴν
661 2606 796 2660 αίδὼ
830 2605 1200 2685 ὑπεδείκνυεν.
1252 2605 1318 2658 ἄν
1344 2621 1405 2657 τε
1437 2606 1579 2675 μετὰ
1612 2604 1779 2657 ταῦτα

196 2699 441 2770 χιτῶνας
472 2701 538 2753 tat
562 2699 847 2770 δερμάτων
875 2700 1057 2762 αὐτοῖς
1093 2700 1121 2751 6
1147 2696 1278 2760 Θεὸς
1310 2696 1605 2766 ἐπεποίητο
1624 2734 1641 2759 ,
1681 2694 1779 2765 τῆς

196 2791 467 2854 αίδόσεως
496 2789 853 2862 χαριζόμενος
889 2790 1258 2862 παραμύθιον,
1302 2789 1459 2843 οὐδὲν
1496 2783 1657 2859 ἦττον
1696 2788 1780 2840 εύ-

196 2880 494 2945 σεϐοῦντος
559 2882 677 2935 εστὶ
729 2882 908 2950 λέγειν
947 2882 1022 2945 ῶς
1067 2882 1205 2951 μετὰ
1252 2882 1353 2950 τὴν
1398 2881 1706 2951 παράϐασιν
1753 2880 1781 2932 ὁ

208 2972 392 3043 ’Δδὰμ
414 2973 513 3037 τὴν
543 2972 854 3041 παχυτέραν
905 2973 1085 3042 σάρκα
1139 2973 1236 3024 καὶ
1284 2971 1489 3041 θνητὴν
1518 2971 1613 3023 καὶ
1646 2968 1779 3022 καθ-

196 3063 513 3134 ελκομινην
566 3063 647 3131 τῷ
708 3062 864 3134 βάρει
907 3063 1001 3115 τοῦ
1048 3060 1494 3131 παραπτώματος
1541 3062 1637 3114 καὶ
1678 3061 1776 3130 τῆς

196 3156 480 3227 πρότερας
539 3154 785 3209 ἀντίθεόν
835 3173 894 3208 τε
949 3155 1043 3208 καὶ
1091 3152 1384 3207 ἀντίτυπον
1434 3152 1770 3223 ὴμφιάσατο.

199 3249 383 3302 Πόθεν
409 3249 468 3302 δ’
491 3248 558 3301 ἂν
597 3247 725 3310 ῖσως
764 3249 1156 3317 ιπαπορήσεις,
1192 3248 1243 3299 οί
1288 3246 1602 3316 δερμάτινοι
1643 3262 1776 3313 προ-

197 3338 371 3408 ῆλθον
412 3336 675 3407 χιτῶνες;
719 3336 832 3388 ἀλλ’
874 3335 1093 3389 ἐπειδὰν
1121 3334 1362 3395 ἀκούσας
1392 3335 1484 3387 τὸν
1511 3333 1635 3387 νοῦν
1662 3335 1776 3386 ἑπι-

198 3430 459 3499 στήσεις,
484 3428 565 3480 ὃτι
588 3427 685 3480 καὶ
712 3427 967 3496 εποίησεν
1000 3424 1175 3487 ὁΘεδς
1202 3426 1315 3486 τοῖς
1342 3423 1471 3493 περὶ
1492 3423 1583 3475 τὸν
1602 3422 1777 3490 ’Δδὰμ

197 3519 445 3591 χιτῶνας
480 3517 833 3587 δερματίνους
854 3556 869 3580 ,
910 3515 1109 3569 αὐτίκα
1152 3514 1452 3584 σύνδρομον
1484 3507 1640 3583 οἶμαι
1674 3512 1777 3581 τῆς

196 3606 442 3674 ἀπορίας
471 3605 653 3675 εύρεῖν
682 3604 776 3657 καὶ
816 3603 914 3673 τὴν
959 3601 1131 3655 λύσιν.
1166 3601 1224 3655 '0
1257 3600 1367 3669 γὰρ
1394 3602 1461 3652 ὲκ
1499 3599 1575 3670 μὴ
1608 3598 1777 3651 όντων

195 3695 353 3748 οῦτω
384 3692 680 3762 φιλοτίμως
728 3708 789 3745 τε
826 3694 920 3745 καὶ
963 3690 1270 3754 πολυτελῶς
1309 3688 1646 3759 προαγαγὼν
1685 3686 1778 3740 τδν

198 3782 499 3854 ἄνθρωπον
520 3821 536 3848 ,
572 3779 727 3845 οὗτος
767 3782 865 3835 καὶ
902 3781 1260 3852 δερματίνους
1304 3779 1538 3851 χιτῶνας
1576 3780 1641 3831 εκ
1683 3777 1776 3831 τοῦ

202 3873 282 3945 μὴ
331 3873 486 3935 δντος
536 3869 865 3941 ποιήσασθαι
927 3872 1023 3924 καὶ
1084 3870 1377 3941 περιϐολὴν
1421 3869 1572 3939 αὑτῷ
1612 3886 1780 3923 κατα-

202 3961 484 4013 σκευάσαι
521 3960 585 4011 ἐκ
608 3958 700 4011 τοῦ
752 3960 975 4029 ῥᾴστου,
1026 3952 1229 4027 μᾶλλον
1258 3956 1324 4010 ἂν
1367 3958 1479 4018 τοῖς
1500 3957 1779 4027 λογισμοῖς

198 4051 538 4103 ἁδίστακτον
582 4048 763 4101 πίστιν
812 4047 1101 4117 ἐντίθησιν·
1129 4049 1179 4099 εί
1214 4048 1273 4101 δὲ
1315 4047 1411 4100 καὶ
1455 4047 1641 4118 δοραῖς
1669 4064 1778 4100 τισι

201 4140 390 4206 ζώων,
428 4139 601 4193 ταῦτα
632 4140 739 4208 γὰρ
786 4140 1103 4209 προῦπέστη
1140 4138 1237 4209 τὴν
1280 4138 1471 4210 χρείαν
1498 4140 1598 4205 τῆς
1626 4155 1780 4209 περι-

202 4227 377 4297 ϐολῆς
438 4228 620 4289 αὐτοῖς
680 4225 1108 4296 ἀναπληρῶσαι,
1164 4225 1422 4296 λογισμὸς
1471 4226 1777 4295 ἀνεκίνησε·

200 4317 348 4372 Θεοῦ
395 4319 705 4387 σοφίζοντος
734 4320 931 4380 αὐτοὺς
962 4318 1097 4389 πρὸς
1127 4318 1226 4387 τὴν
1253 4317 1459 4371 οίκείαν
1485 4317 1781 4385 εὐκοσμίαν

199 4427 265 4464 τε
316 4412 415 4464 καὶ
461 4410 732 4480 σωτηρίαν
778 4410 1173 4473 διανίστασθαι,
1218 4409 1341 4462 οὐδὲ
1380 4407 1782 4510 metito-1:699?)
1811 4451 1858 4510 υ

201 4502 305 4571 τῆς
345 4499 499 4561 θείας
548 4498 896 4568 κηδεμονίας.
937 4499 1045 4552 οὐδ’
1075 4499 1291 4563 ἀνάξιον
1336 4497 1501 4551 αὐτοῦ
1528 4499 1627 4567 τῆς
1655 4499 1781 4551 πολι

201 4593 305 4660 λῆς
358 4590 490 4662 περὶ
527 4590 589 4644 τὸ
632 4592 788 4658 τινος
823 4589 978 4660 ἡμῶν
1007 4589 1361 4659 ἀταθότητος.
1414 4590 1574 4643 ’Δλλὲι
1610 4589 1782 4645 ταῦτα

205 4685 311 4754 μὲν
348 4685 378 4737 6
408 4681 780 4752 κεφαλαιώδης
821 4683 1105 4749 ἐπιτρέπει
1152 4680 1329 4748 λόγος.
1370 4680 1493 4733 Εἰσὶ
1536 4682 1594 4734 δέ
1638 4698 1782 4743 τινες

200 4778 253 4828 οί
286 4775 429 4846 πρὸς
456 4774 623 4845 μηδὲν
650 4773 858 4827 τούτων
882 4775 1091 4845 ἁφορᾷν
1115 4773 1427 4843 βουλόμενοι
1450 4772 1781 4842 μηδεισπου-

1874 1872 2173 1927 maximum
2204 1874 2514 1943 theologum
2539 1874 2654 1929 haec
2687 1886 2744 1929 et
2772 1875 2862 1930 Dei
2902 1878 3301 1946 speculatorem
3334 1882 3453 1935 exi-

1879 1964 2049 2018 mium
2087 1966 2406 2034 magistrum
2446 1967 2735 2034 ignorare?
2767 1968 2872 2023 Sed
2918 1985 3027 2022 non
3058 1964 3451 2042 dicere'potius

1873 2056 2190 2123 dispensare
2219 2066 2276 2110 et
2304 2058 2535 2111 aliorum
2588 2058 2817 2112 salutem
2853 2076 3065 2129 parare,
3103 2076 3196 2131 per
3220 2079 3284 2117 ea
3313 2080 3458 2133 quo-

1879 2163 1997 2200 rum
2034 2156 2163 2200 tunc
2192 2148 2555 2202 concurrebat
2588 2158 2805 2219 tempus
2828 2191 2842 2214 ,
2898 2153 3043 2205 nulla
3081 2167 3453 2224 consequente

1876 2239 2130 2293 ineretica
2167 2240 2695 2309 superseminatione
2722 2253 2814 2297 aut
2842 2244 3181 2311 obliquitate.
3218 2245 3273 2300 Si
3304 2248 3450 2302 enim

1878 2329 2008 2384 folia
2036 2334 2171 2386 licus
2199 2332 2468 2385 Adamum
2500 2335 2733 2388 veritum
2767 2337 3030 2403 pudorem
3062 2338 3451 2406 subiudicavit,

1880 2430 1928 2472 et
1973 2420 2018 2474 si
2054 2420 2291 2488 postha’c
2322 2424 2536 2476 tunicas
2565 2414 2630 2478 es
2675 2424 2904 2492 pellibus
2940 2428 3070 2496 ipsis
3107 2428 3248 2484 Deus
3293 2431 3449 2497 fecit,

1876 2510 2100 2579 pudoris
2131 2511 2368 2579 largiens
2395 2511 2625 2583 benigne
2661 2516 3119 2584 consolationem,
3163 2520 3448 2575 nibilomi~

1882 2617 1986 2655 nus
2015 2602 2159 2671 pium
2193 2611 2278 2656 est
2300 2603 2481 2658 dicere
2511 2615 2632 2674 post
2663 2609 3154 2678 transgressionem
3178 2611 3450 2668 Adamuni

1878 2694 2203 2747 crassiorem
2226 2708 2445 2748 carnem
2472 2706 2527 2749 et
2553 2697 2837 2751 mortalem
2870 2710 2927 2753 et
2944 2699 3201 2755 deorsum
3226 2711 3452 2757 tractam

1882 2785 2144 2852 gravitate
2176 2800 2341 2839 casus
2371 2794 2457 2840 est
2491 2787 2691 2855 prioris
2724 2790 3027 2858 oppositam
3059 2800 3113 2846 et
3145 2794 3451 2865 antitypunt

1881 2875 2145 2931 induisse.
2213 2877 2494 2932 Undenam
2546 2894 2696 2940 vero.
2735 2880 2874 2935 forte
2913 2883 3153 2940 incertus
3192 2888 3449 2949 harebis.

1880 2964 2119 3032 pelliceas
2147 2976 2516 3034 provenerunt
2545 2967 2780 3022 tunicae?
2810 2968 2915 3023 Sed
2948 2981 3232 3041 postquam
3262 2979 3452 3031 audito

1883 3064 2119 3125 mentem
2160 3057 2511 3125 applicueris,
2547 3067 2600 3111 et
2633 3057 2829 3113 fecisse
2863 3058 3029 3113 Deum
3062 3063 3267 3117 Adamo
3301 3068 3449 3121 tuni-

1880 3159 1973 3199 cas
2001 3145 2257 3213 pelliceas
2284 3184 2299 3208 ,
2352 3147 2535 3201 statim
2566 3158 2981 3203 concurrentem
3013 3152 3207 3220 opinor
3237 3157 3457 3209 dubita-

1881 3233 2013 3287 tioni
2034 3235 2269 3301 reperies
2299 3243 2355 3288 et
2384 3228 2734 3290 solutionem.
2763 3237 3028 3303 Quienim
3056 3256 3121 3293 ex
3153 3244 3325 3298 nihilo
3344 3256 3454 3301 tam

1879 3324 2113 3393 superbe
2162 3336 2218 3379 et
2256 3327 2545 3396 magniﬁce
2574 3330 2831 3397 produxit
2870 3331 3190 3397 hominem,
3262 3336 3353 3390 hic
3402 3348 3458 3393 et

1883 3415 2136 3485 pelliceas
2166 3416 2380 3471 tunicas
2408 3433 2475 3477 ex
2504 3418 2678 3473 nihilo
2712 3418 2911 3475 fecisse
2941 3432 2997 3477 et
3014 3424 3316 3481 ciucturam
3351 3428 3456 3498 ipsi

1882 3508 2163 3577 paravisse
2200 3507 2498 3573 facillime,
2560 3512 2733 3579 magis
2790 3523 2975 3569 autem
3030 3518 3457 3587 cogitationibus

1883 3598 2241 3652 indubitatam
2268 3598 2428 3654 [idem
2470 3602 2683 3656 inserit.
2714 3602 2769 3657 Si
2798 3613 2978 3659 autem
3000 3616 3053 3661 et
3080 3608 3312 3677 pellibus
3333 3613 3458 3681 qui-

1883 3688 2112 3743 busdam
2151 3690 2507 3757 animalium,
2559 3695 2674 3749 haec
2715 3696 2863 3749 enim
2898 3696 3051 3766 prius
3085 3699 3460 3757 subsistebant

1885 3779 2238 3850 indigentiam
2273 3784 2535 3840 cinctum
2561 3784 2694 3855 ipsis
2733 3796 2793 3841 ut
2837 3788 3124 3858 implerent
3152 3830 3168 3855 ,
3200 3795 3460 3863 cogitatio

1883 3870 2154 3937 admovit;
2181 3872 2289 3927 Deo
2306 3875 2580 3943 sapienter
2604 3876 2891 3933 erudiente
2922 3879 3070 3949 ipsos
3086 3881 3153 3936 ad
3176 3886 3458 3953 proprium

1884 3970 2136 4015 ornatum
2167 3970 2222 4016 et
2256 3963 2485 4018 salutem
2528 3979 2841 4036 assurgere,
2864 3984 3042 4039 neque
3072 3971 3205 4026 illud
3234 3974 3396 4044 longe
3422 3992 3457 4031 a

1883 4050 2082 4105 divina
2104 4066 2235 4108 cura
2261 4090 2277 4115 .
2333 4069 2511 4123 neque
2555 4057 2840 4125 indignum
2876 4060 3048 4129 ipsius
3083 4078 3279 4132 magna
3309 4066 3456 4122 circa

1885 4158 2055 4212 genus
2082 4153 2329 4199 nostrum
2364 4146 2623 4201 bonitate.
2662 4149 2767 4203 Sed
2797 4151 2915 4205 haec
2944 4152 3164 4221 quidem
3208 4171 3457 4212 summa-

1887 4234 2003 4288 rius
2033 4235 2292 4303 permittit
2318 4252 2519 4291 sermo.
2572 4239 2713 4293 Sunt
2744 4251 2924 4296 autem
2971 4246 3194 4313 quidam
3237 4250 3328 4317 qui
3387 4250 3457 4305 ad

1888 4325 2098 4379 nullum
2149 4327 2345 4381 horum
2390 4330 2661 4399 respicere
2694 4334 2938 4389 volentes
2969 4351 3145 4405 neque
3173 4350 3455 4408 curantes,

1887 4415 2145 4469 arborum
2170 4418 2323 4473 circa
2346 4421 2608 4475 corticem
2648 4425 2986 4492 epidermata
3022 4427 3281 4496 pelliceas
3308 4434 3458 4486 tuni-

1887 4519 1977 4559 cas
2010 4514 2295 4575 putarunt,
2329 4520 2388 4565 ut
2415 4512 2646 4580 pellibus
2669 4516 2991 4571 animalium
3023 4518 3335 4576 inferiorem
3363 4535 3460 4579 aut

1886 4593 2134 4649 viliorem
2160 4597 2421 4653 cinctura:
2453 4618 2611 4655 usum
2639 4605 3223 4672 praebentibusJamen
3255 4613 3460 4668 cortice

1885 4686 2032 4739 omni
2049 4688 2352 4755 aptioribus
2378 4700 2432 4743 et
2458 4694 2776 4749 melioribus
2827 4705 2881 4751 et
2908 4705 2968 4751 ut
2990 4706 3159 4753 totum
3186 4701 3456 4767 dicamus,

1888 4778 2429 4836 convenientioribus
2463 4784 2647 4839 multis
2680 4787 3113 4845 discriminibus.

201 4866 486 4931 δάζοντες,
517 4865 612 4926 τὰς
681 4864 788 4918 τῶν
827 4865 1062 4937 δένδρων
1126 4867 1255 4935 περὶ
1324 4865 1415 4918 τὸν
1476 4864 1660 4932 φλοιὸν
1700 4866 2051 4956 ἔπιδερμίδας
2106 4872 2463 4942 δερματίνους
2502 4875 2733 4944 χιτῶνας
2779 4880 3057 4949 ἐνόμισαν,
3111 4882 3303 4956 ὥσπερ
3349 4888 3457 4941 τῶν

199 4956 497 5026 δερμάτων
526 4954 635 5007 τῶν
666 4955 773 5009 ἀπὸ
812 4955 921 5008 τῶν
950 4954 1105 5020 ζώων
1148 4954 1496 5024 ινδεεστέραν
1520 4954 1555 5024 ἢ
1588 4954 1918 5025 ἀτιμοτέραν
1958 4961 2057 5029 τῆς
2112 4962 2403 5032 περιϐολῆς
2438 4964 2537 5034 τὴν
2598 4968 2786 5035 χρείαν
2840 4972 3251 5040 παρεχομένων·
3274 4954 3458 5031 intra;

202 5044 397 5114 φλοιοῦ
448 5047 648 5108 παντὸς
698 5046 1075 5116 εύαφεστέρων
1120 5063 1181 5099 τε
1221 5047 1317 5100 καὶ
1372 5044 1779 5116 μαλακωτέρων
1816 5048 1912 5101 καὶ
1948 5049 2009 5103 τὸ
2063 5051 2184 5107 ὅλον
2244 5055 2419 5107 εἰπεῖν
2453 5057 2902 5131 ἐπιτηδειοτέρων
2934 5061 3154 5126 πολλαῖς
3173 5064 3457 5140 διαφοραῖς

204 5136 589 5208 ὑπαρχόντων.

755 5230 1089 5281 ΕΡΩΤΙΙΣΙΣ
1112 5230 1230 5283 OA'.

207 5320 367 5388 Πρὸς
393 5319 530 5389 τινα
557 5318 830 5372 διάνοιαν
854 5319 1011 5388 ἡμᾶς
1044 5320 1419 5389 παραπέμπει
1445 5322 1515 5374 τό
1538 5338 1552 5351 ·
1592 5339 1610 5372 ι
1655 5321 1775 5374 Οὐκ

278 5389 359 5444 ἂν
387 5388 574 5455 ὀρθῶς
604 5387 1035 5456 προσενέγκῃς,
1096 5387 1288 5457 ὀρθῶς(
1319 5390 1388 5443 δὲ
1411 5390 1497 5460 μὴ
1533 5389 1773 5458 dudm"

280 5460 583 5529 ἦμαρτες;
614 5460 955 5528 ἡσύχασαν,
994 5480 1013 5511 ε
1048 5478 1101 5513 κ.
1136 5476 1188 5513 τ.
1221 5459 1270 5514 λ.

2240 5229 2567 5296 QUIESTIO
2598 5231 2759 5288 LXXI
2784 5235 2883 5305 [σί.
2908 5235 3093 5308 LXX].

1882 5319 1962 5374 Ad
1988 5392 1998 5396 _
2021 5337 2320 5396 quamnunc
2353 5340 2559 5377 sensum
2630 5341 2722 5379 nos
2758 5328 2919 5381 mittit
2986 5331 3120 5382 illud
3148 5347 3166 5383 :
3213 5330 3453 5396 «Nonne.

1951 5392 1998 5443 si
2014 5401 2148 5444 recte
2177 5393 2451 5469 obtuleris,
2478 5405 2613 5448 recte
2640 5411 2755 5449 vero
2785 5414 2884 5452 non
2907 5399 3167 5465 diviseris,
3184 5392 3457 5469 peccasti?

1952 5470 2084 5525 tace,
2123 5481 2139 5511 ι
2171 5470 2221 5514 ει
2254 5464 2475 5532 reliqua.

1252 5571 1395 5623 Edita
1422 5572 1617 5634 alaio,
1649 5576 1682 5623 Ι.
1704 5588 1771 5635 c.,
1803 5590 1851 5638 p.
1870 5575 2033 5625 87-89.
2061 5574 2115 5623 In
2140 5575 2263 5625 Gen.
2302 5589 2368 5636 ιν,
2394 5577 2441 5625 7.

282 5676 356 5731 T6
384 5676 562 5748 παρὸν
588 5675 787 5746 χωρίον
813 5674 1087 5749 διαφόροις
1140 5680 1460 5750 ἑρμηνείαις
1488 5682 1784 5736 ὑποϐάλλε-

214 5770 336 5823 σθαι
368 5768 614 5833 δύναται,
643 5766 801 5821 τοῦτο
845 5767 943 5838 μὶν
990 5770 1088 5840 τῆς
1122 5773 1481 5839 ἀναγνώσεως
1518 5775 1781 5846 διαφορὰς

1962 5684 2211 5737 Praesens
2240 5682 2393 5738 locus
2441 5683 2675 5739 diversis
2701 5685 3241 5753 interpretationibus
3256 5685 3452 5756 subjici

1890 5783 2086 5843 potest,
2124 5774 2253 5830 hinc
2276 5775 2493 5842 quidem
2527 5776 2762 5832 lectione
2793 5779 3087 5834 varietates
3115 5789 3454 5849 proponente
