4186 6444
733 431 841 497 έέϐ

1879 415 2145 480 PHOTII
2175 384 2688 475 PATRIARCH/E'
2713 413 2825 474 cr.

3884 408 3993 473 ιιι

732 549 913 611 duas;
953 541 1103 598 illinc
1126 551 1255 593 vero
1283 535 1445 592 dictis
1497 533 1686 589 varios
1757 541 1946 602 tropos
1997 532 2301 601 ﬁgurarum

2417 528 2853 599 προϐαλλομένης
2897 525 3030 580 δύο·
3084 526 3246 581 τοῦτο
3270 527 3328 580 δὲ
3365 525 3462 580 τοῦ
3507 525 3670 598 ῥητοῦ
3697 526 3993 597 διαφόρους

733 637 979 706 accipere
997 630 1160 686 natis.
1180 628 1285 682 Sed
1314 639 1368 683 et
1398 628 1531 681 illud
1556 645 1571 680 :
1598 645 1617 677 ι
1640 626 1718 681 Ad
1749 635 1801 682 te
1822 625 2112 680 conversio
2131 623 2304 693 ejus,»

735 728 804 782 de
825 723 1055 780 diversis
1081 722 1242 776 rebus
1276 718 1495 788 proprie
1513 725 1693 787 potest
1725 717 1891 774 sumi.
1918 717 2081 788 lgitur
2113 729 2312 770 secum-

735 816 867 868 dum
910 811 1196 865 lectionem
1228 807 1464 861 varietas
1493 807 1548 860 iu
1591 805 2037 877 interrogativam
2077 804 2310 861 formam

735 915 793 961 et
845 900 1266 958 declaratoriam
1323 899 1516 952 dividit
1573 897 1897 967 eloquium;
1944 896 2106 967 quale
2147 907 2234 950 est
2291 914 2306 952 :

742 1014 762 1048 ι
801 994 990 1050 Nonne
1009 993 1057 1047 si
1103 1000 1249 1046 recte
1293 991 1509 1060 quidem
1539 989 1827 1053 obtuleris,
1848 997 1994 1043 recte
2031 1002 2163 1042 vero
2201 1000 2309 1041 nou

735 1084 1010 1149 diviseris,
1038 1094 1093 1138 et
1127 1083 1223 1137 tibi
1250 1091 1436 1136 notum
1501 1092 1586 1138 est
1614 1092 1668 1136 et
1722 1079 2078 1136 indubitabile
2125 1089 2178 1134 te
2214 1095 2312 1150 pe-

735 1192 894 1232 casse
913 1179 937 1229 ῖ
956 1195 976 1227 ι
1016 1173 1082 1227 Et
1113 1173 1233 1226 vide
1253 1172 1539 1241 benignam
1571 1171 1893 1240 sapientiam
1925 1169 2042 1234 Dei,
2064 1168 2308 1239 judicem

739 1264 914 1334 ipsum
945 1261 1089 1316 sistit
1119 1260 1212 1328 qui
1269 1259 1516 1328 peccavit
1577 1258 1906 1328 iniquitatis,
1958 1267 2020 1311 ut
2062 1257 2310 1327 proprias

682 1350 685 1353 ’
736 1353 1090 1423 cogitationes
1131 1350 1222 1404 ille
1255 1363 1382 1403 cum
1435 1348 1706 1402 invenerit
1739 1348 1977 1402 ferentes
2034 1348 2087 1400 in
2127 1348 2306 1417 ipsum

737 1443 1274 1506 condemnationem,
1316 1440 1491 1510 magis
1516 1449 1572 1494 et
1619 1443 1688 1494 ad
1721 1439 2096 1508 penitentiam
2123 1445 2311 1491 currat

737 1545 793 1588 et
833 1533 1213 1589 remissionem
1235 1531 1398 1585 citius
1437 1528 1696 1584 attrahat.
1731 1528 1795 1582 Et
1826 1527 2108 1597 responsio
2123 1527 2307 1582 statim

738 1626 1016 1696 proposita
1086 1622 1462 1686 dcinissionis,
1533 1621 1893 1674 nihilominus
1944 1619 2164 1674 silentio
2212 1633 2312 1672 vo-

740 1720 1004 1772 luntatem
1032 1715 1243 1786 perlicit
1269 1714 1386 1781 eius
1415 1713 1510 1782 qui
1554 1711 1928 1782 interrogavit,
1955 1719 2009 1764 et
2029 1719 2308 1779 peccatum

740 1809 1092 1865 confitentem
1122 1821 1189 1862 eo
1226 1807 1372 1876 quod
1397 1820 1498 1861 nec
1519 1819 1584 1859 os
1605 1804 1818 1873 aperire
1845 1811 1901 1856 et
1934 1816 2121 1856 vocem
2145 1801 2308 1855 emit-

738 1909 854 1955 tere
892 1900 1092 1954 audeat
1130 1899 1214 1952 νει
1247 1898 1514 1950 nolentem
1529 1911 1656 1949 eum
1690 1895 1784 1964 qui
1815 1895 2058 1964 peccavit
2078 1894 2308 1947 demon-
2339 1877 2384 1932 Β

740 2000 898 2046 alrat.
925 1989 1137 2044 Etenim
1164 1989 1297 2042 solet
1325 1985 1848 2056 interrogationibus
1875 2001 2015 2055 quas
2032 1983 2309 2039 confessio

740 2091 797 2137 et
822 2081 1081 2135 demissio
1107 2080 1564 2148 interrogatorum
1597 2075 1884 2130 manifeste
1922 2085 1977 2130 et
2010 2075 2312 2130 indubitate

742 2174 993 2240 sequitur
1033 2185 1140 2223 non
1178 2168 1360 2223 minus
1386 2167 1663 2222 silentium
1705 2167 1905 2221 habere
1937 2168 2044 2220 vim
2078 2166 2173 2222 sed
2194 2182 2311 2222 ma-

743 2263 828 2333 gis
849 2262 1186 2316 enuntiantis
1233 2260 1386 2314 vocis
1409 2259 1818 2322 demissionetu,
1843 2268 1900 2314 et
1939 2258 2316 2328 reprehensio-

744 2365 889 2414 nem,
921 2349 966 2404 si
988 2357 1135 2403 certe
1172 2348 1288 2401 vult
1343 2347 1448 2400 hoc
1477 2348 1842 2414 interrogans,
1863 2346 2161 2400 acutiorem
2183 2343 2316 2400 facit

743 2447 798 2494 et
830 2439 1205 2506 potentiorem.
1235 2433 1492 2490 Formam
1523 2433 1690 2504 igitur
1710 2434 2155 2505 interrogationis
2194 2450 2317 2488 aus-

745 2529 954 2598 cipiens
1022 2542 1204 2583 sermo
1253 2527 1590 2597 propositam
1660 2527 1910 2580 enuntiat
1964 2526 2313 2580 sententiam.

745 2619 1112 2674 Declaratoria
1146 2628 1328 2672 autem
1355 2617 1529 2671 forma
1563 2617 1807 2672 vestibus
1843 2632 1951 2670 non
1992 2631 2102 2670 uno
2136 2624 2192 2670 et
2219 2629 2316 2670 eo-

743 2711 868 2766 dem
913 2711 1229 2765 charactere
1265 2710 1418 2764 vocis
1458 2709 1780 2763 enuntiatur
1807 2709 1973 2778 ;quia
1996 2716 2052 2763 et
2085 2706 2318 2762 diversis

747 2801 920 2869 tropis
947 2800 1359 2870 compositionis
1386 2815 1486 2869 per
1506 2817 1670 2871 quam
1701 2801 1966 2856 dlctioues
1988 2803 2053 2856 ad
2089 2801 2317 2855 invlcem

747 2903 1024 2962 aptantur.
1053 2893 1167 2946 vult
1192 2891 1447 2962 proferri.
1471 2892 1580 2947 Aut
1597 2895 1745 2947 enim
1766 2894 2052 2948 declarans
2079 2893 2322 2948 declarat

749 2999 857 3036 non
877 2983 922 3036 si
951 2983 1088 3037 bene
1109 2983 1396 3044 obtuleria,
1448 2992 1602 3037 recte
1660 2993 1841 3037 autem
1895 2999 2002 3036 non
2043 2985 2317 3045 diviseris,

751 3083 812 3128 ut
848 3075 990 3144 quod
1025 3091 1130 3127 non
1164 3083 1310 3129 recte
1353 3076 1620 3140 obtulisti,
1649 3075 1795 3144 quod
1845 3090 2019 3143 neque
2061 3084 2205 3128 recte
2236 3075 2320 3128 di-

751 3168 925 3222 visisti
959 3185 976 3233 ;
1026 3179 1116 3220 aut
1162 3166 1290 3236 quia
1321 3181 1428 3218 non
1455 3167 1694 3221 divisisti
1729 3176 1894 3229 recte,
1932 3166 2033 3220 etsi
2068 3175 2213 3221 recte
2230 3165 2318 3220 of-
2342 3201 2388 3258 c

756 3258 896 3314 ferre
929 3259 1080 3312 visus
1135 3256 1307 3310 fueris
1334 3256 1454 3319 tibi,
1511 3255 1768 3324 peccasti.
1801 3254 2015 3309 Etenim
2041 3271 2147 3310 non
2177 3254 2319 3309 divi-

753 3350 926 3404 aionis
955 3357 1236 3417 peccatum
1267 3346 1560 3402 oblationis
1599 3347 1866 3400 rectitudo
1902 3360 2010 3400 non
2063 3347 2320 3400 correxit.

754 3439 888 3494 Illud
919 3439 1116 3510 igitur,
1170 3435 1433 3503 Peccaati,
1491 3436 1842 3506 interrogatio
1895 3437 2112 3506 quidem
2166 3435 2322 3505 jurta

753 3529 1199 3599 consequentiam
1230 3537 1286 3581 et
1312 3513 1732 3581 continuitateni
1792 3527 2039 3581 enuntiat
2067 3527 2326 3595 praeordi-

756 3625 1010 3672 natarum
1038 3615 1366 3678 dictionum;
1415 3614 1570 3682 juxta
1604 3614 2028 3668 declarationem
2050 3629 2178 3667 vero
2201 3629 2325 3682 pro-

754 3705 1014 3765 latorum,
1047 3702 1280 3772 uterqu'e
1309 3716 1490 3756 sermo
1519 3703 1819 3756 secundum
1880 3703 2203 3757 divisionem
2228 3703 2327 3755 ad-

752 3795 832 3851 dit
856 3794 1284 3864 pracedentibus
1333 3792 1486 3856 illud,
1539 3790 2129 3862 Peccaati;propterea
2194 3809 2326 3848 vero

751 3889 846 3957 qui
895 3903 1000 3941 non
1043 3887 1231 3940 divisit
1277 3893 1439 3949 recte,
1471 3885 1574 3940 etsi
1617 3894 1763 3940 recte
1817 3885 2049 3940 credidit
2105 3885 2323 3954 olerre,

755 3980 1112 4034 nihilominus
1161 3968 1446 4048 peccavit;
1496 3978 1627 4047 quia
1671 3991 1780 4030 non
1841 3979 2013 4047 magis
2058 3988 2206 4031 recte
2239 3976 2322 4031 fa-

751 4081 901 4124 ctum
948 4070 1088 4125 tollit
1124 4069 1270 4138 quod
1301 4069 1579 4138 precessit
1618 4076 1899 4137 peccatum
1933 4086 1948 4134 ;
1982 4068 2078 4122 sed
2132 4082 2325 4136 pecca-

755 4173 869 4218 tum
921 4161 1196 4216 trausiens
1217 4169 1274 4214 et
1306 4163 1373 4213 ad
1413 4161 1516 4214 sibi
1540 4159 1708 4214 videri
1738 4158 1977 4229 effugere
2018 4171 2322 4229 peccatum,

755 4254 810 4308 in
844 4251 1075 4307 rationis
1110 4251 1453 4306 exactionem
1470 4249 1633 4305 simul
1652 4250 1910 4304 trahitur.
1942 4249 2153 4305 Etenim
2181 4264 2326 4320 saepe

751 4359 880 4400 cum
915 4344 1119 4397 bonum
1161 4341 1307 4396 malo
1349 4342 1709 4411 przhabitum
1734 4349 1790 4396 et
1817 4342 1921 4396 vile
1969 4342 2198 4407 meliori,
2214 4357 2322 4396 non

753 4433 1123 4489 communicat
1175 4431 1350 4500 magis
1405 4431 1640 4502 propria:
1691 4430 2112 4501 pulchritudinis
2175 4429 2324 4500 quod

2411 619 2648 689 τρόπους
2710 618 3009 690 σχημάτων
3056 618 3414 687 ἀναδέχεσθαι
3459 619 3783 686 πεφυκότος.
3833 618 3993 670 Ἀλλά

2409 713 2520 782 γὰρ
2555 717 2648 766 καὶ
2677 714 2739 766 τό
2778 727 2792 739 ·
2830 731 2850 764 ι
2879 713 3025 783 Πρὸς
3080 711 3141 764 σὲ
3174 713 3208 782 ἡ
3258 713 3576 782 ἀποστροφὴ
3623 710 3813 773 αὐτοῦ,
3853 730 3872 762 ι
3905 714 3994 763 ἔπι

2409 804 2683 876 διαφόρων
2711 805 3054 875 πραγμάτων
3069 803 3287 865 οίκείως
3306 803 3420 872 ἔχει
3443 801 3992 873 παραλαμϐάνεσθαι.

2421 897 2488 951 Ἦ
2514 898 2614 967 μὲν
2645 899 2741 950 οὖν
2773 896 2918 950 κατά
2947 897 3046 967 τὴν
3080 897 3388 964 ἀνάγνωσιν
3419 897 3652 964 διαφορά
3697 899 3776 959 εἷς
3814 912 3876 948 τε
3905 897 3996 948 τὸν

2411 989 2830 1061 ἐρωτηματικδν
2881 987 3054 1042 τύπον
3100 988 3197 1040 καὶ
3225 988 3598 1056 ἀποφαντικὸν
3632 989 3998 1058 καταμερίζει

2409 1083 2472 1135 τὸ
2496 1081 2715 1155 λόγιον,
2753 1075 2904 1136 οἷονο
2932 1099 2953 1133 ι
2984 1081 3121 1152 οὐχὶ
3139 1080 3207 1134 ἀν
3248 1081 3425 1152 ὀρθῶς
3461 1081 3561 1150 μὲν
3597 1081 3995 1152 προσενέγκῃς,

2410 1173 2587 1244 ὀρθῶς
2622 1174 2678 1226 δὲ
2714 1175 2792 1245 μη
2830 1173 3036 1247 διέλῃς,
3067 1174 3159 1226 καὶ
3188 1175 3270 1226 σοὶ
3291 1172 3569 1242 γνὼριμόν
3607 1175 3724 1226 ἐστι
3757 1173 3860 1226 καὶ
3898 1175 3997 1226 ἀνο

2409 1265 2711 1334 ἀμφίϐολον
2753 1266 2838 1318 ὅτι
2865 1266 3108 1336 ἥμαρτες
3132 1282 3148 1330 ;
3173 1283 3193 1316 ι
3230 1265 3324 1317 καὶ
3357 1267 3458 1318 ὅσα
3489 1265 3587 1335 τὴν
3609 1264 4000 1335 φιλάνθρωπον

2413 1356 2607 1424 σοφίαν
2631 1355 2729 1408 τοῦ
2756 1353 2916 1419 Θεοῦ,
2949 1354 3144 1425 κριτὴν
3172 1355 3336 1408 αὐτὸν
3368 1355 3578 1418 καθίζει
3617 1354 3710 1407 τὸν
3736 1356 3996 1425 ἡμαρτη-

2411 1448 2546 1499 κότα
2565 1446 2661 1498 τοῦ
2692 1446 3032 1515 ἀδικήματος
3052 1487 3069 1511 ,
3125 1447 3212 1499 ῐνα
3234 1447 3362 1509 τοὺς
3407 1447 3640 1509 οίκείους
3697 1445 4001 1516 λογισμοὺς

2412 1539 2618 1599 ἐκεῖνος
2645 1535 2822 1606 εὑρὼν
2853 1536 3120 1605 φέροντας
3141 1536 3290 1607 αὐτῷ
3316 1537 3416 1606 τὴν
3454 1537 3824 1604 κατάγνωσιν.
3858 1538 4000 1607 nat-

2410 1627 2500 1680 λόν
2534 1645 2594 1680 τε
2620 1626 2756 1698 πρὸς
2789 1630 3078 1698 μετάνοιαν
3105 1627 3290 1700 δράμῃ
3317 1629 3410 1681 καί
3442 1629 3538 1700 τὴν
3571 1629 3765 1696 ἄφεσιν
3803 1630 4002 1683 θᾶττον

2412 1719 2905 1788 συνεπισπάσηται.
2958 1719 3068 1772 Kal
3120 1720 3154 1789 ἠ
3207 1720 3499 1790 ἀπόκρισις
3550 1721 3607 1774 δὲ
3649 1721 3712 1772 τδ
3750 1723 4003 1792 ἐναργῶς

2411 1809 2838 1879 προϐαλλομένη
2865 1810 2963 1880 τῆς
2993 1810 3468 1878 συγκαταθέσεως,
3498 1811 3651 1865 οὐδὲν
3675 1811 3903 1865 ἔλαττον
3933 1815 4000 1882 τῇ

2414 1903 2590 1970 σιωπῇ
2634 1901 2696 1953 τὸ
2732 1900 2983 1971 βούλημα
3025 1901 3276 1971 περαίνει
3323 1901 3418 1954 τοῦ
3464 1903 3868 1973 ἐρωτήσαντος,
3907 1906 4005 1957 καὶ

2416 1989 2516 2061 τὴν
2543 1991 2821 2061 ἁμαρτίαν
2882 1976 3275 2061 ὁμολογοῦντα-
3299 1992 3379 2063 τῷ
3427 1993 3563 2063 μηδὲ
3607 1995 3784 2063 στόμα
3814 1994 4002 2065 διᾶραι

2415 2083 2511 2136 καὶ
2539 2083 2723 2151 φωνὴν
2777 2081 2996 2151 ἀφεῖναι
3044 2081 3267 2154 θαρρεῖν
3300 2083 3396 2136 καὶ
3437 2085 3513 2154 μὴ
3557 2084 3884 2155 βουλόμενον
3907 2085 4003 2138 τὸν

2414 2173 2776 2244 ἡμαρτηκότα
2810 2173 3171 2229 ἐπιδείκνυσι.
3197 2177 3306 2228 Kal
3329 2178 3439 2248 γὰρ
3464 2178 3621 2230 εἴωθε
3644 2178 3761 2240 ταῖς
3791 2179 4004 2248 ὀρωτή·

2415 2280 2565 2317 σεσιν
2611 2259 2700 2326 αἷς
2727 2265 2763 2333 ἡ
2797 2263 3054 2333 ὁμολογία
3108 2265 3202 2316 καί
3245 2265 3643 2332 συγκατάθεσις
3686 2266 3798 2318 τῶν
3850 2268 4000 2335 ὲρωο

2415 2355 2674 2424 τωμένων
2699 2355 3025 2425 περιφανῶς.
3043 2373 3104 2408 τε
3135 2357 3229 2410 καὶ
3251 2357 3591 2420 ἀδιστάκτως
3619 2357 3813 2411 ἕπεται
3838 2358 4000 2412 οὐδέν

2416 2443 2636 2496 ἔλαττον
2661 2445 2693 2511 ἡ
2729 2441 3110 2513 ἀποσιώπησις
3140 2443 3337 2512 ἔχουσα
3368 2445 3469 2515 τὴν
3496 2444 3668 2513 ἰσχὺν,
3706 2444 3844 2497 ἀλλά
3859 2443 4004 2512 μᾶλο

2415 2534 2507 2586 λον
2522 2535 2622 2603 τῆς
2645 2532 3094 2603 ἀπαγγελλούσης
3119 2535 3301 2602 φωνῆς
3325 2536 3424 2603 τὴν
3448 2534 3869 2602 συγκατάθεσιν.
3890 2535 4005 2586 Kal

2415 2624 2508 2676 τὸν
2537 2625 2761 2693 ἔλεγχον
2783 2624 2850 2677 ἀν
2878 2623 2986 2694 ἀρα
3005 2623 3163 2676 τοῦτο
3193 2622 3442 2700 flatile-rat
3466 2627 3494 2676 6
3526 2623 3769 2691 ἐρωτῶν,
3799 2622 4002 2692 δριμὺ-

2416 2715 2572 2784 τερόν
2592 2732 2649 2768 τε
2683 2717 2829 2768 ποιεῐ
2857 2715 2954 2768 καὶ
3008 2715 3489 2785 έπικρατέστερον.
3549 2715 3740 2784 Σχῆμα
3783 2715 3884 2784 μὶν
3905 2709 4002 2767 οὖν

2418 2805 2740 2874 ἐρωτήσεως
2786 2803 3178 2873 ἀναδεχόμενος
3220 2804 3249 2856 6
3301 2803 3459 2870 λόγος
3497 2804 3599 2873 τὴν
3629 2803 4001 2873 προκειμένην

2419 2893 2752 2961 ἀπαγγέλλει
2797 2894 3073 2948 διάνοιανο
3096 2912 3176 2963 τῳ
3206 2893 3563 2962 ἀποφαντικῷ
3605 2893 3662 2946 δὲ
3704 2892 3840 2945 είδει
3868 2909 4003 2961 μορ-

2421 2985 2686 3052 φούμενος
2716 2985 2815 3053 οὐχ
2837 2985 2920 3036 ένὶ
2950 2985 3043 3038 καὶ
3070 2983 3149 3054 τῷ
3171 2983 3320 3054 αὐτῷ
3336 2982 3645 3055 χαρακτῆρι
3683 2983 3780 3053 τῆς
3817 2985 4002 3052 φωνῆς

2421 3076 2856 3143 ἀπαγγέλλεται·
2917 3076 3147 3143 ἐπείπερ
3205 3075 3301 3126 καὶ
3326 3075 3604 3143 διαφόροις
3642 3073 3867 3143 τρόποις
3899 3072 4001 3140 τῆς

2423 3168 2722 3229 συνθέσεως
2768 3167 2837 3218 δι’
2884 3160 2953 3236 ἧς
3003 3167 3059 3219 αἱ
3103 3165 3276 3231 λέξεις
3337 3164 3594 3234 ἀλλήλαις
3647 3163 3999 3234 ἁρμόζονται,

2423 3258 2595 3312 ἐθέλει
2633 3257 2992 3328 προάγεσθαι.
3015 3258 3086 3310 Ἣ
3107 3257 3217 3326 γάρ
3244 3257 3274 3309 ὀ
3303 3256 3732 3325 ἀποφαινόμενος
3762 3255 4002 3322 ἀποφαί-

2423 3365 2593 3412 νεται,
2621 3347 2696 3410 ῶς
2727 3348 2830 3400 οὐκ
2875 3347 2944 3401 ἀν
2989 3346 3164 3416 ὀρθῶς
3209 3346 3603 3417 προσενέγκῃς,
3638 3343 3812 3413 ὀρθῶς
3839 3343 3896 3396 δὲ
3929 3342 4003 3412 μὴ

2422 3436 2629 3506 διέλῃς·
2657 3431 2770 3488 οἷον
2807 3437 2890 3488 ὃτι
2932 3433 3035 3486 οὐκ
3065 3432 3244 3501 ὀρθῶς
3296 3432 3679 3500 προσήνεγκας
3730 3430 3814 3480 ὅτι
3869 3427 4003 3496 μηδὲ

2422 3526 2615 3587 διεῖλες
2641 3525 2848 3594 ὀρθῶςο
2875 3524 2909 3593 ἢ
2942 3524 3024 3576 ὅτι
3071 3524 3192 3586 ἐπεὶ
3218 3524 3292 3591 μὴ
3321 3521 3512 3584 διεῖλες
3543 3521 3636 3591 ὀρθ
3649 3520 3740 3583 ιέις,
3775 3518 3881 3571 κάν
3908 3519 4003 3584 ὀρ-

2424 3615 2531 3677 θῶς
2560 3615 2947 3684 προσενεγκεῖν
2973 3611 3182 3675 έδοξας,
3213 3612 3464 3681 ἥμαρτες
3484 3626 3499 3640 ο
3535 3609 3632 3678 τὴν
3662 3610 3771 3676 γάρ
3799 3606 3896 3659 τοῦ
3925 3607 3999 3674 μὴ

2422 3704 2614 3758 διελεῖν
2674 3702 2985 3773 ἁμαρτίαν,
3043 3699 3106 3753 τὸ
3158 3701 3259 3768 τῆς
3312 3696 3677 3770 προσενέξεως
3725 3695 3887 3767 ὀρθὸν
3940 3697 3999 3747 οὐ

2422 3794 2786 3864 διωρθώσατο.
2816 3792 2891 3844 τὸ
2930 3792 3033 3862 μὶν
3065 3788 3181 3856 οὖν,
3203 3791 3510 3859 Ἦμαρτες,
3537 3791 3570 3859 η
3604 3788 3702 3858 μὲν
3733 3786 4003 3856 ἐρώτησις

2423 3887 2564 3940 κατά
2584 3885 2874 3938 συνέπειάν
2920 3900 2981 3936 τε
3028 3883 3126 3936 καὶ
3180 3884 3465 3952 συνέχειαν
3521 3879 3859 3948 ἀπαγγέλλει
3891 3879 4002 3931 τῶν

2424 3975 2877 4047 προτεταγμένων
2896 3974 3124 4040 λέξεωνο
3147 3973 3257 4027 τῶν
3295 3973 3354 4026 δὲ
3398 3972 3539 4025 κατά
3561 3971 3837 4039 ἀπόφασιν
3867 3984 4001 4038 προ-

2423 4067 2818 4138 ενηνεγμένων,
2848 4066 3104 4136 ἑκάτερος
3139 4064 3298 4134 λόγος
3349 4064 3490 4117 κατά
3534 4061 3822 4132 διαστολὴν
3879 4061 4000 4114 έπε-

2424 4158 2581 4228 φέρει
2629 4161 2742 4220 τοῖς
2794 4156 3127 4227 προλαϐοῦσι
3153 4157 3244 4222 τὸ,
3283 4157 3528 4227 ἥμαρτες
3547 4170 3561 4184 ·
3595 4155 3682 4206 διά
3711 4153 3875 4206 τοῦτο
3897 4153 3951 4206 δὲ
3971 4151 4000 4203 6

2427 4254 2502 4320 μὴ
2533 4249 2722 4302 διελὼν
2747 4249 2960 4317 ὀρθῶς,
3001 4248 3107 4301 κάν
3160 4248 3336 4318 ὀρθῶς
3385 4247 3528 4310 εδοξε
3588 4247 3994 4315 προσενεγκεῖν,

2421 4339 2572 4392 οὐδὲν
2618 4338 2839 4391 ἔλαττον
2867 4337 3124 4407 Ἥμαρτε
3147 4353 3162 4366 ·
3199 4337 3335 4390 διότι
3373 4337 3435 4388 οὐ
3483 4336 3681 4406 μᾶλλον
3706 4335 3767 4388 τὺ
3796 4352 3997 4404 κατορ-

2421 4429 2593 4483 θωθεν
2631 4431 2947 4500 ἀφαιρεῖται
2993 4430 3056 4482 τὸ
3102 4429 3315 4498 φθάσαν
3358 4429 3660 4499 ἁμάρτημα
3690 4444 3705 4456 ο
3767 4427 3905 4482 ἀλλά
3939 4427 3996 4479 τὸ

752 4519 950 4575 melius
978 4526 1062 4573 est
1091 4518 1285 4587 pejori,
1316 4519 1409 4572 sed
1435 4518 1600 4572 simul
1634 4518 1846 4574 vilescit
1866 4519 1918 4573 in
1950 4528 2122 4574 totum
2168 4519 2321 4588 pejo-

2420 4520 2792 4591 διαμαρτηθεν
2836 4519 3112 4574 διαϐαῖνον
3158 4523 3250 4572 καὶ⁵
3282 4520 3417 4590 πρὸς
3446 4519 3507 4572 τὸ
3543 4519 3700 4582 δὸξαν
3735 4518 3996 4586 ἑκφυγεῐν

753 4612 829 4664 ris
891 4610 1118 4664 vilitate.
1157 4608 1226 4662 Et
1269 4609 1509 4664 mundus
1555 4619 1782 4680 tangens
1809 4610 2149 4665 immundum
2177 4610 2319 4680 apud

751 4715 877 4754 eum
907 4699 1000 4768 qui
1021 4699 1284 4754 divinitus
1303 4700 1551 4756 eruditus
1583 4708 1669 4756 est
1693 4701 1882 4755 mundi
1911 4702 2316 4772 generationem

751 4791 1120 4845 communicat
1139 4800 1289 4845 certe
1311 4784 1600 4860 puritatem
1622 4791 1763 4862 apud
1774 4807 1937 4862 quem
1955 4802 2010 4846 et
2029 4793 2316 4861 profanum

754 4875 927 4943 inagis
982 4887 1177 4931 sancto
1227 4886 1492 4932 attactum
1548 4879 1618 4932 ad
1656 4878 2087 4948 profanationem
2153 4879 2319 4935 simul

751 4968 988 5021 trahitur
1017 4982 1182 5037 quam
1249 4969 1428 5022 sancti
1461 4971 1750 5039 participat
1798 4974 2095 5026 sanctitati.
2135 4973 2214 5028 Ac
2231 4971 2315 5029 sic

751 5057 1049 5113 discretum
1086 5057 1226 5112 foret
1279 5059 1411 5114 illud
1448 5076 1462 5113 :
1495 5080 1516 5113 ι
1544 5060 1739 5116 Nonne
1763 5062 1809 5116 si
1846 5071 1991 5117 recte
2012 5061 2313 5126 obtuleris,

751 5159 897 5203 recte
941 5164 1070 5203 vero
1124 5165 1231 5204 non
1255 5150 1526 5213 diviseris.
1568 5154 1849 5221 peccasti?

2419 4611 2836 4681 τὴνάμαρτίαν,
2862 4612 2944 4676 εις
2989 4613 3051 4665 τὸ
3095 4611 3394 4666 ὑπεύθυνον
3437 4611 3844 4680 συνεφέλκεται.
3891 4610 3996 4662 Kal

2421 4701 2541 4772 γάρ.
2557 4701 2817 4765 πολλάκις
2837 4701 3042 4770 ἀγαθὸν
3078 4701 3250 4756 κακοῦ
3296 4701 3706 4773 προηγούμενον
3734 4703 3830 4754 καὶ
3855 4700 3995 4770 φαῦ-

2419 4791 2512 4844 λον
2570 4793 2872 4860 ἀμείνονος,
2914 4794 2975 4845 οὐ
3021 4792 3338 4863 μεταδίδωσι
3380 4793 3581 4862 μᾶλλον
3636 4791 3736 4860 τῆς
3787 4791 3995 4852 οίκείας

2421 4878 2686 4948 καλλονῆς
2714 4880 2772 4932 τό
2799 4883 3044 4951 κρεῖττον
3097 4881 3176 4951 τῷ
3212 4881 3435 4951 χείρονι,
3459 4879 3593 4934 ἀλλά
3634 4878 3994 4948 συνεκφαυλίο

2421 4969 2574 5035 ζεται
2596 4970 2674 5032 ὡς
2701 4970 2908 5024 έπίπαν
2939 4972 3007 5041 τῇ
3053 4970 3151 5025 τοῦ
3205 4971 3445 5042 χείρονος
3475 4969 3794 5038 φαυλότητι.
3827 4969 3940 5023 Kal
3965 4969 3994 5020 6

2421 5060 2658 5131 καθαρὸς
2677 5061 2736 5115 δι
2767 5061 3074 5132 ἀπτόμενος
3121 5062 3433 5132 ἀκαθάρτου
3463 5062 3616 5132 παρά
3647 5078 3709 5129 γε
3735 5060 3886 5131 αὐτῷ
3916 5062 3992 5129 τῷ

2422 5153 2608 5206 θεόθεν
2638 5152 2944 5222 σοφισθέντι
2965 5152 3060 5206 τοῦ
3088 5154 3295 5222 κόσμου
3309 5152 3408 5224 τὴν
3426 5151 3641 5221 γένεσιν
3668 5150 3990 5222 μεταδίδωσί

751 5257 814 5308 γε
844 5241 941 5309 τῆς
967 5242 1336 5314 καθαρότητος
1391 5243 1522 5312 παρ’
1553 5237 1600 5310 ᾦ
1634 5245 1728 5297 καὶ
1767 5244 1830 5297 τὸ
1857 5244 2080 5314 βέϐηλον
2150 5245 2345 5316 μᾶλλον
2379 5244 2459 5315 τῷ
2515 5245 2654 5315 ἁγίῳ
2692 5247 3159 5316 προσαπτόμενον,
3213 5247 3349 5314 πρὸς
3374 5245 3474 5314 τὴν
3517 5243 3821 5315 βεϐήλωσιν
3864 5259 3989 5296 συν-

751 5332 1054 5402 εφέλκεται,
1081 5334 1114 5404 ἢ
1145 5333 1240 5386 τοῦ
1267 5334 1425 5400 άγίου
1460 5335 1864 5406 μεταλαμϐάνει
1923 5336 2024 5406 τῆς
2082 5338 2386 5407 ἁγιότητος·
2425 5334 2542 5390 ἀλλ’
2598 5334 2742 5391 οὕτω
2794 5337 2893 5406 μὲν
2955 5337 3022 5390 ἀν
3086 5336 3485 5409 διευκρινηθείη
3532 5335 3622 5389 τόο
3679 5353 3700 5388 ι
3757 5335 3875 5388 οὐκ
3923 5335 3988 5390 ἀν

749 5425 923 5496 ὀρθῶς
979 5426 1373 5498 προσενέγκῃς,
1442 5427 1618 5499 ὀρθῶς
1663 5428 1723 5481 δὲ
1777 5429 1852 5499 μὴ
1890 5428 2098 5500 ,διέλῃῆ
2133 5431 2409 5500 ἦμαρτεςς
2443 5447 2464 5480 ι

824 5518 978 5586 lllud,
1037 5517 1194 5584 Tace,
1265 5531 1468 5583 autem,
1512 5529 1567 5574 et
1593 5521 1810 5586 quidem
1834 5529 1889 5575 et
1913 5521 2069 5582 illud.
2104 5521 2214 5574 «Ad
2267 5531 2318 5576 te

747 5609 1034 5662 conversio
1057 5606 1178 5676 ejus
1201 5646 1217 5672 ,
1242 5614 1298 5659 et
1318 5616 1372 5660 ttt
1410 5607 1558 5662 illius
1578 5607 1998 5662 dominaberisa
2035 5607 2169 5662 Illud
2191 5607 2316 5678 qui-

748 5702 894 5760 dem.
945 5698 1181 5768 Suﬁriat
1220 5699 1336 5763 tibi,
1405 5700 1504 5763 ait,
1551 5699 1694 5768 quod
1742 5701 2021 5770 praecessit
2085 5699 2314 5766 malum,

2485 5518 2558 5572 Τδ
2585 5519 2662 5584 δὲ,
2710 5520 3073 5590 Ἠσύχασον,
3107 5521 3201 5573 καὶ
3251 5520 3359 5590 μὴν
3392 5520 3485 5572 καὶ
3516 5519 3597 5586 τὸ,
3631 5538 3650 5570 ι
3689 5520 3833 5590 Πρὸς
3873 5523 3982 5593 ait;

2412 5611 2730 5684 ἀποστροφὴ
2757 5611 2945 5678 αὐτοῦ,
2997 5612 3090 5665 καὶ
3137 5613 3200 5665 σὺ
3233 5612 3396 5666 αὑτοῦ
3444 5613 3630 5682 ἄρξεις
3654 5629 3668 5644 ·
3707 5631 3728 5663 ι
3769 5613 3832 5665 τὸ
3864 5615 3982 5682 μὲν,

2412 5701 2763 5773 ἀρκέσθητι,
2789 5704 2944 5775 φησὶ,
2979 5703 3060 5776 τῷ
3092 5705 3414 5775 προλαϐόντι
3450 5703 3624 5774 κακῷ,
3651 5704 3776 5773 μηδ’
3807 5706 3986 5778 ἀμαρο

752 5806 927 5862 neque
949 5802 1225 5863 pet-catum
1244 5806 1411 5863 super
1431 5801 1718 5861 pcccatum
1744 5790 1936 5860 addas,
1972 5806 2146 5864 neque
2169 5791 2315 5847 malo

2417 5791 2533 5846 τίαν
2567 5794 2655 5862 ἐφ’
2701 5795 2946 5868 ἁμαρτία
2999 5794 3245 5868 προσθῇς
3267 5837 3282 5863 ,
3330 5796 3464 5867 μηδὲ
3509 5794 3666 5865 κακῷ
3716 5795 3776 5849 τό
3817 5798 3984 5849 κακὸν
