4186 6444
176 432 296 496 445

1138 430 1223 487 Π)
1264 424 1849 487 AMPHILOCIIIUM
1901 424 2243 495 QUESTIO
2280 424 2515 485 LXXII.

3346 433 3447 497 με

192 543 607 613 κατασκευάσῃς
652 542 891 606 ἀνίατον,
950 541 1061 594 ἀλλ’
1112 546 1169 594 ἐν
1222 543 1302 613 τῷ
1339 541 1527 610 ἡσύχῳ
1569 558 1629 593 τε
1669 542 1760 593 καὶ

1864 536 2062 588 malum
2094 550 2251 604 pares
2289 535 2608 600 insanabile,
2647 538 2740 591 sed
2771 538 2823 591 in
2856 539 3070 595 silentio
3101 551 3151 594 ct
3177 546 3447 613 tranquil-

191 636 456 702 ἀταράχῳ
486 635 582 701 τῆς
612 634 846 700 κρίσεως
893 634 953 685 τὸ
982 633 1102 685 καθ’
1134 633 1325 685 ἑαυτὸν
1361 635 1637 701 σκοπήσας
1672 632 1766 685 καὶ

190 725 253 775 τὸ
284 724 513 792 μέγεθος
540 724 633 775 τοῦ
663 724 1062 794 ἁμαρτήματος
1103 724 1302 788 συνείς.
1339 724 1405 776 Τί
1439 725 1547 792 γὰρ
1584 724 1766 791 μεῖζον

193 818 275 878 είς
302 816 559 868 ἀπόνοιαν
587 819 686 885 τῆς
738 817 874 878 ίδίας
923 816 1116 883 ἡδονῆς
1145 817 1206 868 τὸ
1255 817 1399 868 θεῖον
1430 816 1592 878 σέϐας
1623 834 1763 886 παρ-

197 906 493 973 ιδεῖνςτῆς
537 905 821 973 μετανοίας
849 905 1007 971 γενοῦ
1033 907 1128 959 καὶ
1173 906 1263 959 διὰ
1301 906 1609 968 θεοσεϐείας
1635 908 1767 959 εἰλι-

192 996 417 1064 κρινοῦς
451 997 546 1051 καὶ
592 997 1008 1064 εὐγνωμοσύνης
1038 997 1098 1047 τὸ
1127 996 1517 1065 πλημμεληθὲν
1544 994 1765 1058 teat.»-

193 1106 309 1149 σαι,
358 1089 553 1143 σαυτὸν
618 1088 930 1156 ἀνορθώσας
967 1085 1061 1140 τοῦ
1087 1086 1377 1157 πτώματος
1401 1104 1417 1118 ·
1441 1088 1502 1155 τὸ
1525 1087 1603 1148 δι,
1628 1106 1647 1139 ε
1674 1088 1770 1141 καὶ

194 1183 261 1232 σὺ
290 1179 457 1234 αὑτοῦ
512 1180 716 1249 ἄρξεις,
748 1199 765 1229 ι
805 1181 925 1232 καθ’
958 1180 1150 1249 ἑτέραν
1207 1180 1306 1246 μιν
1367 1180 1611 1250 ἐκδοχὴν,
1646 1180 1768 1235 οὐδὲ

190 1270 257 1333 τὸ
287 1272 379 1323 σόν
408 1286 574 1338 φησιν
602 1272 661 1322 οὗ
694 1272 1026 1340 προσδεχθεν
1061 1271 1233 1342 διῖιρον
1265 1274 1345 1335 είς
1373 1272 1559 1342 ἕτερον
1591 1291 1767 1343 παρα-

193 1363 501 1432 πέμπεται,
536 1364 654 1417 οὐδέ
675 1366 793 1416 τινά
819 1381 900 1417 σοι
929 1363 1132 1433 ζημίαν
1155 1366 1217 1417 τὺ
1240 1366 1601 1434 άπρόσδεκτον
1631 1383 1766 1437 προ·

192 1451 359 1514 ξενεῐ.
414 1451 546 1503 ἀλλὰ
598 1453 735 1519 πρδς
800 1454 859 1506 σὲ
905 1452 1068 1506 πάλιν
1113 1454 1535 1522 ἀποστρέφεται.
1566 1457 1675 1508 Καὶ
1701 1457 1765 1510 σὺ

188 1541 560 1607 τὴνὲξουσίαν
584 1540 747 1593 αὑτοῦ
786 1543 881 1594 καὶ
923 1544 1221 1613 κυριότητα
1259 1544 1334 1606 ὠς
1376 1546 1469 1597 καὶ
1502 1551 1767 1615 πρότερον

188 1631 368 1695 ἓξεις’
405 1632 660 1701 οὐδεμίαν
688 1634 750 1686 εκ
789 1634 886 1702 τῆς
922 1638 1310 1705 προσαγωγῆς.
1342 1636 1481 1705 πλὴν
1510 1639 1610 1691 ὅσα
1630 1655 1691 1706 γε
1732 1639 1763 1708 ή

188 1723 438 1792 ἁμαρτία
494 1725 816 1793 ἐλυμήνατο,
867 1725 1070 1795 ζημίαν
1114 1728 1353 1791 ὑποστάς
1379 1744 1393 1759 ο
1435 1728 1550 1781 ἀλλ’
1588 1732 1635 1782 εἰ
1670 1730 1766 1799 μὲν

189 1816 284 1867 ἐπὶ
340 1816 435 1867 τοῦ
476 1816 943 1885 προσενεχθέντος,
1012 1836 1032 1870 ε
1077 1819 1265 1873 καὶσὺ
1311 1822 1476 1874 αὑτοῦ
1502 1822 1708 1891 ἄρξεις,
1742 1840 1761 1874 ε

189 1902 489 1968 ὲξακοΰσαί
538 1921 620 1966 τις
654 1904 716 1955 τδ
763 1905 941 1972 λόγιον
992 1907 1190 1973 ἐθέλοι,
1220 1909 1477 1977 τοιαύτην
1511 1911 1634 1962 τινα
1666 1910 1763 1980 τὴν

188 1991 493 2056 ἀνάπτυξιν
515 1995 756 2065 εὑρήσει.
809 1998 869 2050 El
897 1998 954 2051 δὲ
987 1998 1108 2051 καθ’
1151 2000 1344 2065 ἑτέραν
1378 2002 1636 2068 ιπιὸολὴν
1670 2001 1763 2055 καὶ

188 2082 286 2134 ἐπὶ
321 2080 416 2135 τοῦ
448 2083 633 2148 Ἀδελ,
686 2084 745 2149 ὃς
799 2086 975 2155 ὀρθῶς
1018 2105 1076 2140 τε
1125 2087 1286 2141 διεῖλε
1332 2091 1425 2143 καὶ
1481 2092 1545 2143 τὸ
1593 2092 1764 2159 δῶρον

189 2175 570 2245 προσήνεγκεν
597 2176 771 2245 ὀρθῶς
798 2177 889 2229 καὶ
924 2178 1022 2247 τὴν
1050 2179 1257 2231 ἄνωθεν
1295 2179 1545 2233 εἵλκυσεν
1568 2182 1762 2235 ἀποδο-

187 2264 312 2332 χὴν,
365 2258 467 2317 ὦδε
512 2265 576 2317 ἂν
613 2267 875 2336 ἠθεωρία
926 2268 1199 2339 προέλθοι.
1243 2269 1443 2331 οὐδὲν.
1480 2272 1665 2339 φησὶν,
1700 2274 1764 2326 ἐκ

186 2354 285 2407 τοῦ
318 2356 681 2427 προκριθῆναι
708 2358 807 2426 τὴν
838 2356 929 2411 τοῦ
959 2359 1187 2428 ἀδελφοῦ
1213 2360 1403 2416 θυσίαν
1432 2363 1526 2414 ἐπὶ
1559 2366 1670 2425 τοῖς
1701 2364 1765 2416 ὲκ

188 2447 461 2511 γενέσεως
520 2449 830 2515 προνομίοις
878 2448 1183 2517 ὴλάττωσαι
1212 2466 1227 2480 ·
1257 2450 1379 2504 οὐδέ
1436 2468 1516 2514 τις
1563 2452 1764 2521 ἐπῆλθέ

188 2554 275 2592 σοι
304 2537 428 2605 δίκη
461 2539 560 2607 τῆς
585 2540 795 2607 φαύλης
842 2540 1154 2611 διαιρέσεως
1188 2544 1287 2611 τῆς
1318 2543 1590 2611 προτέρας
1620 2543 1761 2596 κατὰ

184 2630 281 2681 τὸν
315 2630 431 2697 βίον
458 2630 614 2699 δόξης
638 2632 991 2689 καθέλκουσα.
1048 2632 1186 2686 Οὔτε
1212 2635 1320 2703 γάρ
1351 2635 1459 2687 τῶν
1494 2636 1765 2705 πρωτοτό-

186 2740 304 2773 κων
338 2722 461 2775 ἀντὶ
490 2723 581 2774 τοῦ
610 2722 1075 2793 πλημμελήματος
1103 2724 1437 2795 είσεπράχθη
1468 2725 1565 2795 τὴν
1601 2725 1764 2793 ἀφαί-

189 2827 368 2880 ρεσιν.
393 2810 514 2864 οὔτε
548 2812 653 2863 ὑπὸ
682 2814 838 2881 χεῖρα
910 2814 1085 2866 τελεῖν
1130 2814 1459 2883 κατεκρίθης
1490 2813 1584 2867 τοῦ
1610 2815 1763 2868 ἀδελ-

185 2900 318 2969 φοῦ,
360 2902 495 2956 ἀλλὰ
530 2903 678 2971 μένει
702 2919 783 2955 σοι
803 2902 871 2957 τὰ
898 2904 1005 2956 άπὸ
1044 2904 1143 2973 τῆς
1169 2904 1435 2971 γενέσεως
1456 2906 1636 2961 δίκαια
1670 2910 1762 2961 καὶ

181 2996 286 3061 τῆς
320 2993 432 3045 τῶν
460 2995 813 3063 πρωτοτόκων
839 2996 1002 3063 τιμῆς
1032 2996 1091 3049 τδ
1125 2997 1358 3066 ἀξίωμα.
1406 3000 1513 3051 Καὶ
1544 2999 1677 3065 πρὸς
1701 3000 1761 3051 σὲ

182 3085 562 3154 ήάτοοστροφὴ
618 3084 710 3136 τοῦ
748 3084 974 3151 ἀδελφοῦ
1025 3102 1118 3138 σου
1173 3086 1356 3139 ἔσται’
1416 3089 1662 3142 τουτέστι
1703 3092 1760 3143 σὲ

181 3174 516 3245 καταφυγὴν
551 3177 641 3228 καὶ
668 3176 858 3244 βοηθὸν
905 3176 1109 3245 βλάϐης
1141 3177 1289 3247 αὐτῷ
1310 3180 1639 3250 προσιούσης
1667 3182 1763 3233 άλ-

181 3266 421 3334 λαχόθεν
455 3267 818 3335 προστήσεται
842 3283 857 3297 ο
901 3268 997 3320 καὶ
1028 3268 1093 3320 σὺ
1151 3268 1314 3322 αὑτοῦ
1344 3270 1442 3338 τὴν
1470 3271 1766 3340 ἠγεμονίαν

180 3360 286 3411 ὅσα
317 3374 384 3423 γε
417 3358 699 3427 χαρίζεται
763 3359 792 3409 δ
842 3360 1201 3428 πρωτότοκος,
1250 3358 1424 3425 ἒξεις’
1469 3362 1627 3430 μόνον
1658 3364 1766 3425 τοῖς

179 3446 661 3515 πλημμεληθεῖσιν
698 3447 1070 3517 ὲφησύχασον·
1105 3449 1238 3518 μηδὲ
1282 3450 1586 3520 τραγῳδίαν
1614 3450 1765 3519 πρῶ-

176 3554 274 3597 τος
308 3534 697 3603 άσυγγνώστου
719 3536 1188 3608 πλημμελήματος
1232 3539 1469 3603 είσάξεις
1510 3541 1589 3611 τῷ
1620 3540 1719 3610 βίῳ
1746 3556 1759 3570 ·

182 3626 326 3695 μηδὲ
376 3626 446 3677 τά
502 3626 844 3695 πρωτοτόκια
915 3625 1017 3694 τῆς
1078 3628 1346 3694 γενέσεως
1416 3630 1761 3699 πρωτοτόκια

178 3716 576 3786 φιλονοικήσῃς
631 3718 852 3785 ποιῆσαι
905 3715 1161 3785 μεγίστου
1231 3717 1324 3769 καὶ
1368 3717 1758 3785 ὀλεθριωτάτου

178 3808 763 3878 παραπτώματοςοῖνα
782 3809 855 3879 μὴ
887 3809 1083 3863 σαυτὸν
1111 3807 1759 3882 άπάντωνζστερήσης,ὧν

176 3917 239 3954 τε
268 3901 303 3968 ἡ
352 3899 515 3968 φύσις
568 3901 634 3969 τῇ
703 3899 1081 3971 φιλανθρωπίᾳ⁵
1108 3900 1203 3954 τοῦ
1258 3902 1759 3973 δημιουργήσαντος

1867 627 2015 680 litate
2041 625 2233 694 judicii
2271 627 2416 695 quod
2451 636 2639 681 contra
2669 638 2721 682 te
2758 631 2936 698 ipsum
2977 644 3059 686 est
3095 645 3371 689 scrutatus
3396 649 3447 689 rt

1867 717 2246 785 magnitudine
2282 718 2487 786 peccati
2522 719 2796 774 intellecta
2836 738 2850 773 :
2898 722 3024 789 quid
3083 723 3226 776 enim
3271 727 3447 791 majus

1867 823 2028 876 qttam
2076 808 2129 861 in
2161 808 2430 861 insaniam
2460 812 2692 877 propriae
2726 811 3022 880 voluptatis
3077 814 3317 866 divinum
3350 832 3449 867 nu-

1866 914 1991 952 men
2021 900 2331 969 negligere?
2367 901 2643 954 l’mnitens
2667 903 2742 954 sis
2771 914 2821 955 et
2842 918 2935 971 per
2960 904 3050 955 Dei
3085 906 3443 961 reverentiam

1866 990 2136 1045 sinceram
2169 1000 2224 1046 et
2269 993 2608 1060 prudentiam
2637 996 2782 1062 quod
2809 998 3115 1062 neglectum
3147 1008 3234 1050 est
3264 1000 3446 1063 expia,

1868 1086 2209 1153 temetipsum
2234 1086 2477 1139 excitans
2503 1100 2532 1138 a
2561 1100 2714 1139 casu.
2759 1085 2869 1141 Hoc
2893 1101 3042 1149 vero,
3071 1106 3089 1139 ι
3118 1088 3183 1142 Et
3214 1098 3269 1143 tu
3300 1090 3448 1143 illius

1867 1175 2290 1239 dominaberis,»
2339 1178 2492 1245 juxta
2556 1178 2716 1231 aliam
2766 1178 2985 1248 quidem
3040 1184 3445 1249 acceptionem.

1872 1282 1980 1319 non
2016 1276 2193 1331 tuum.
2248 1269 2358 1329 ait.
2416 1283 2523 1321 non
2590 1282 2869 1337 acceptum
2918 1281 3127 1324 tantum
3180 1273 3231 1324 in
3277 1275 3445 1329 alium

1871 1358 2280 1420 transmittitur,
2314 1374 2413 1412 nec
2444 1359 2660 1426 aliquod
2709 1361 2805 1413 tibi
2855 1361 3113 1415 damnum
3144 1363 3446 1433 inacceptio

1867 1449 2046 1513 all’ert,
2087 1450 2182 1504 sed
2224 1450 2290 1503 ad
2315 1450 2574 1503 teitcrum
2599 1453 2914 1506 revertitur.
2948 1453 3007 1505 Et
3033 1462 3087 1505 tu
3125 1464 3443 1520 potestatein

1866 1545 1985 1612 ejus
2017 1554 2071 1597 et
2107 1544 2533 1598 dominationem
2568 1553 2706 1597 utet
2741 1546 2893 1612 prius
2937 1545 3203 1607 habebis;
3239 1548 3443 1599 nullum

1866 1652 1932 1690 ex
1963 1636 2250 1705 oblatione.
2300 1637 2403 1690 nisi
2463 1650 2805 1703 quacunque
2858 1645 3138 1702 peccatum
3171 1639 3396 1691 vastavit
3426 1677 3443 1699 .

1867 1728 2126 1782 danmum
2152 1728 2427 1780 sustinens
2457 1744 2471 1791 ;
2501 1726 2593 1779 sed
2625 1725 2669 1778 si
2700 1725 2917 1793 quidem
2948 1725 3015 1778 de
3041 1727 3241 1785 oblato.
3271 1746 3289 1777 ε
3310 1738 3360 1779 et
3388 1740 3443 1779 tu

1871 1817 2016 1872 illius
2066 1816 2453 1876 dominaberis.
2484 1834 2502 1867 ο
2538 1817 2729 1870 audire
2768 1817 2896 1884 quid
2964 1817 3241 1885 eloquium
3293 1820 3442 1878 velit.

1801 1889 2028 1961 Btalem
2064 1908 2356 1975 quamdam
2416 1907 2833 1973 explicationem
2891 1907 3147 1962 inveniet.
3208 1908 3263 1963 Si
3314 1926 3443 1963 vero

1860 1998 2012 2067 juxta
2042 2000 2265 2051 alteram
2307 1998 2637 2051 additiouem
2669 2004 2724 2050 et
2756 1998 2823 2050 de
2847 1998 3015 2051 Abele
3075 1999 3167 2067 qui
3216 2008 3362 2054 recte
3391 2011 3445 2057 σοι

1864 2087 2049 2141 divisit
2080 2098 2128 2141 et
2158 2088 2362 2139 donum
2395 2086 2594 2139 obtulit
2618 2096 2761 2140 recte
2812 2096 2866 2137 et
2890 2087 3123 2154 desuper
3150 2090 3311 2143 traxit
3345 2106 3439 2144 ac-

1864 2176 2247 2244 ceptationeni,
2268 2176 2346 2229 sic
2368 2175 2755 2245 contemplatio
2786 2166 3128 2243 precesserit.
3148 2177 3314 2242 Nihil.
3343 2183 3436 2243 ait,

1866 2284 1929 2323 ex
1991 2269 2301 2339 pra-judicio
2364 2269 2548 2323 fratris
2609 2269 2843 2322 victima:
2892 2270 3070 2338 quoad
3143 2273 3440 2327 nativitatis

1864 2361 2133 2429 primitias
2186 2361 2485 2415 minoratus
2518 2377 2611 2423 es;
2649 2377 2749 2416 nec
2817 2378 2919 2434 qua
2983 2362 3293 2431 supervenit
3343 2363 3437 2416 tibi

1864 2450 2258 2503 condemnatio
2326 2450 2448 2504 vilis
2486 2449 2775 2506 divisionis
2833 2452 3070 2521 priorem
3142 2453 3440 2506 secundum

1864 2542 2028 2596 vitam
2061 2542 2282 2610 gloriam
2326 2542 2582 2595 deorsum
2616 2545 2861 2597 trahens.
2904 2541 3019 2595 Non
3052 2543 3195 2595 enim
3254 2553 3442 2611 proto-

1862 2644 2144 2702 parentuni
2177 2649 2273 2702 pro
2314 2635 2469 2703 culpa
2504 2634 2705 2688 inflicta
2738 2646 2819 2690 est
2852 2635 3075 2698 ablatio,
3134 2650 3309 2702 neque
3339 2636 3442 2687 sub

1865 2741 2025 2779 manu
2050 2727 2417 2779 consummari
2442 2727 2732 2781 damnatus
2747 2742 2806 2780 es
2863 2725 3065 2789 fratris,
3100 2726 3187 2780 sed
3222 2738 3442 2780 manent

1862 2816 1957 2869 tibi
1998 2832 2027 2869 a
2059 2817 2414 2886 generatione
2462 2816 2612 2885 justa
2648 2828 2700 2871 et
2740 2827 3181 2886 protopaientmn
3218 2818 3441 2871 honoris

1862 2908 2114 2977 dignitas.
2150 2908 2214 2961 Et
2263 2909 2326 2961 ad
2363 2918 2413 2961 te
2439 2910 2726 2962 conversio
2754 2909 2937 2961 fratris
2969 2909 3045 2961 tui
3092 2909 3197 2961 erit
3232 2924 3245 2970 ;
3277 2908 3326 2961 id
3357 2918 3441 2961 est

1864 3006 1914 3050 te
1944 2997 2209 3064 refugium
2236 3006 2287 3051 et
2319 2999 2691 3051 auxiliatorem
2741 2999 2923 3052 damni
2966 2998 3065 3067 ipsi
3136 2999 3440 3052 acccdentis

1862 3089 2078 3143 aliunde
2100 3098 2301 3143 statuet
2336 3099 2424 3155 ;et
2454 3099 2508 3142 tu
2532 3090 2649 3157 ejus
2684 3090 3071 3159 principatum.
3101 3102 3302 3157 quanta
3331 3090 3438 3141 sal-

1862 3188 1968 3233 tem
2026 3182 2191 3235 donat
2260 3182 2467 3248 primus
2505 3196 2724 3249 parens,
2790 3180 3067 3244 habebis;
3103 3190 3309 3233 tantum
3374 3180 3441 3233 de

1793 3255 1834 3309 ο
1868 3272 2127 3341 neglectis
2184 3271 2283 3326 sile
2310 3289 2323 3333 ;
2353 3287 2525 3337 neque
2553 3270 2871 3341 tragmdiam
2910 3271 3119 3339 primus
3172 3271 3439 3323 incendo-

1864 3373 2002 3416 nata:
2032 3362 2201 3432 culpae
2241 3362 2553 3416 introduces
2581 3360 2637 3413 in
2690 3360 2894 3424 vitam;
2954 3374 3133 3428 neque
3168 3359 3440 3427 primoge-

1863 3454 2097 3507 nituram
2143 3453 2443 3507 nativitatis
2496 3452 2976 3521 primogenituram
3023 3451 3227 3504 ambias
3262 3449 3440 3504 facere

1862 3544 2107 3598 maxima»
2135 3556 2187 3597 et
2241 3544 2712 3612 perniciosissima:
2740 3543 2930 3611 culpae,
2971 3551 3029 3595 ut
3067 3557 3132 3596 ne
3167 3551 3216 3595 te
3260 3541 3436 3610 ipsum

1859 3634 2112 3687 omnibus
2127 3634 2414 3695 destituas,
2445 3647 2565 3701 quae
2601 3640 2653 3686 et
2681 3642 2873 3685 natura
2910 3630 3241 3699 benignitate
3272 3631 3439 3684 Crea-

1863 3725 1998 3778 toris
2030 3725 2268 3788 donavit,
2321 3734 2376 3778 et
2420 3724 2619 3793 quibus
2656 3724 2893 3777 debebas
2950 3722 3217 3792 paenitens
3279 3722 3439 3776 bonis

1863 3817 2137 3872 abundare
2166 3826 2219 3870 et
2246 3816 2595 3885 providentia
2620 3831 2715 3885 per
2759 3817 2925 3870 vitam
2954 3815 3109 3869 multi
3156 3814 3436 3869 modorum

1866 3907 2249 3961 beneficiorum
2276 3908 2476 3962 habere
2507 3908 2841 3963 fruitionem.

176 3991 521 4062 ἱδωρήσατο,
558 3990 653 4043 καὶ
680 3984 760 4053 οἷς
790 3989 1013 4061 ἔμελλες
1046 3993 1321 4061 μετανοῶν
1355 3992 1579 4061 ἀγαθοῖς
1632 3994 2032 4066 ινευθηνεῖσθαι
2070 4000 2159 4052 καὶ
2216 4001 2312 4068 τῆς
2374 3998 2629 4069 προνοίας
2681 3998 2769 4051 διὰ
2816 3997 2934 4068 βίου
2972 3996 3081 4051 τῶν
3113 3994 3436 4065 πολυτρόπω

175 4081 523 4154 εὐεργεσιῶν
545 4082 691 4152 εχειν
721 4082 820 4153 τὴν
842 4083 1163 4137 ἀπόλαυσιν.

733 4194 1065 4248 ΕΡΩἹῊΣΙΣ
1098 4193 1217 4249 OB’.

178 4288 302 4342 τοῦ
326 4286 662 4341 θεσπεσίου
696 4287 938 4339 Παύλου
994 4286 1307 4354 umor
1345 4302 1365 4335 ‹
1414 4284 1593 4354 Ἀδὰμ
1644 4287 1757 4340 οὐκ

243 4354 557 4422 ἠπατήθη,
594 4356 632 4421 ἡ
659 4355 727 4406 δὲ
751 4354 907 4422 γυνὴ
934 4353 1303 4420 ἀπατηθεῖσα
1334 4354 1404 4406 ἐν
1425 4353 1756 4422 παραϐάσει

245 4422 957 4504 τέγοζσισωςήσεται-διά
982 4422 1534 4504 Ῑῆςτςκνρπονίαςμ
1558 4442 1612 4477 κ,
1632 4441 1680 4478 τ⁸
1702 4424 1753 4478 λ,

246 4490 381 4559 ὲῶς
396 4492 665 4546 δεῖνοεῖν
683 4494 770 4555 τὸ,
791 4512 807 4541 ε
832 4492 1215 4559 Σωθήσεσθαι
1230 4493 1327 4545 διὰ
1349 4490 1459 4559 τῆς
1484 4509 1755 4562 τεκνογο-

244 4564 391 4629 νίας
419 4562 534 4629 τὴν
566 4562 840 4630 γυναῖκα.
871 4582 889 4612 ε

2194 4194 2519 4263 QU/LSTIO
2543 4194 2728 4249 LXXII
2776 4193 2873 4266 [aL
2906 4191 3117 4261 LXXI].

1860 4286 2048 4341 Divina
2084 4285 2248 4338 Paulo
2310 4288 2508 4339 dicente
2562 4301 2581 4339 :
2627 4304 2645 4336 ι
2678 4285 2848 4337 Adam
2888 4300 2987 4335 non
3051 4282 3289 4334 seductus
3327 4290 3426 4342 est.

1930 4357 2115 4409 mulier
2146 4372 2261 4408 vero
2292 4359 2505 4409 seducta
2540 4357 2595 4407 in
2637 4355 3066 4413 premeris-alioue
3105 4351 3225 4417 fuit,
3257 4350 3428 4403 salva-

1929 4426 2069 4478 bitur
2116 4442 2207 4494 per
2228 4426 2456 4491 ﬁliorum
2480 4423 2881 4494 generationem,
2904 4440 2921 4470 ι
2954 4432 3010 4494 et
3026 4420 3260 4494 relique,-
3294 4436 3425 4488 quo-

1931 4496 2084 4546 modo
2117 4489 2325 4557 oportet
2369 4489 2655 4562 intelligere
2690 4492 2824 4544 illud
2860 4508 2877 4544 :
2915 4508 2933 4540 ι
2974 4489 3293 4543 Salvandam
3337 4504 3427 4557 per

1927 4566 2162 4631 ﬁliorum
2191 4561 2572 4631 generationem
2605 4561 2893 4615 mulierem.
2912 4580 2929 4610 ε

1132 4671 1275 4720 Edita
1294 4686 1320 4721 a
1354 4672 1496 4731 Maio,
1520 4674 1555 4721 l.
1582 4686 1648 4732 c.,
1682 4687 1731 4735 p.
1754 4673 1917 4723 89-93.
1950 4678 1998 4723 In
2025 4676 2191 4725 ITim.
2219 4690 2268 4735 tt,
2299 4676 2473 4731 H.135.

246 4783 545 4854 Παραινῶν
592 4783 623 4834 δ
665 4783 780 4845 τοῖς
823 4782 955 4835 πᾶσι
1006 4781 1181 4833 πάντα
1224 4781 1508 4851 γινόμενος
1546 4782 1754 4845 Παῦλος

1926 4785 2149 4839 Moriens
2189 4784 2443 4837 otutiibus
2499 4782 2681 4834 omnia
2725 4778 2898 4833 factus
2936 4776 3135 4828 Paulus
3170 4783 3421 4843 oportere

167 4878 233 4932 τδ
265 4878 383 4930 δεῖν
407 4872 769 4944 ὑποτετάχθαι
800 4874 899 4943 τὴν
918 4875 1149 4940 γυναῖκα
1172 4872 1249 4942 τῷ
1277 4873 1453 4942 ἀνδρὶ,
1486 4873 1584 4925 καὶ
1616 4890 1751 4942 μαν-

167 4973 362 5025 εάνειν
387 4968 589 5038 μᾶλλον
643 4967 675 5037 ἦ
721 4966 992 5019 διδάσκειν
1031 4967 1347 5035 επιχειρεῖν,
1386 4964 1445 5029 ἐξ
1478 4964 1653 5017 ἄλλων
1692 4980 1752 5017 τε

168 5059 392 5114 πολλῶν
448 5058 545 5125 τὴν
604 5055 923 5124 παραίνεσιν
965 5054 1045 5106 ὅτι
1086 5053 1182 5105 καὶ
1218 5052 1402 5107 δικαία
1442 5053 1751 5122 παρέστησε

166 5154 272 5206 καὶ
304 5148 667 5219 συμφέρουσα
688 5164 699 5177 ·
729 5147 822 5199 καὶ
871 5147 963 5199 νῦν
994 5146 1069 5205 δὲ.
1102 5165 1119 5196 ι
1156 5145 1308 5209 διότι,
1348 5145 1502 5214 φησὶ,
1541 5145 1752 5214 πρῶτος

164 5242 428 5310 ἐπλάσθη
451 5244 548 5310 τῆς
578 5238 829 5308 γυναικὸς
876 5240 903 5291 ὁ
930 5239 1085 5307 ἀνήρ.
1116 5256 1132 5288 ι
1185 5234 1316 5290 Εἶτα
1346 5237 1439 5290 καὶ
1475 5240 1505 5305 ἡ
1550 5236 1753 5305 μείζων

165 5336 365 5391 αἰτία·
405 5352 425 5383 ι
466 5332 573 5385 Καὶ
622 5330 793 5400 ’Λδὰμ
838 5332 940 5383 οὐκ
992 5328 1269 5398 ἠπατήθη,
1308 5327 1424 5379 ἀλλ’
1463 5329 1496 5397 ἡ
1530 5327 1687 5396 γυνὴ,
1727 5346 1744 5375 ι

165 5428 250 5498 θῷ
270 5423 491 5479 δελέατι
549 5421 915 5492 περιχανοῦσα
956 5421 1049 5473 καὶ
1096 5419 1175 5490 τῷ
1214 5420 1313 5487 τῆς
1344 5419 1558 5487 ἀπάτης
1592 5417 1753 5484 ἀγκί-

168 5533 329 5587 στρῳ
358 5514 726 5583 περιπαρεῖσα
750 5512 847 5580 τὴν
868 5511 961 5564 ἀπ’
994 5508 1160 5563 αὑτοῦ
1186 5508 1396 5579 πληγὴν
1424 5509 1519 5560 καὶ
1546 5507 1749 5577 βλάδην

167 5613 256 5673 είς
322 5608 419 5661 τὸν
473 5607 643 5678 ἄνδρα
706 5606 1019 5677 διεδίδασε’
1051 5604 1239 5675 διόπερ
1286 5605 1659 5673 ἀνεπιτήδειον
1682 5606 1749 5674 τῇ

1859 4875 2155 4945 subjectam
2206 4890 2326 4930 esse
2372 4874 2648 4926 mulierem
2708 4872 2847 4929 viro,
2901 4878 2954 4921 et
2988 4867 3196 4920 discere
3251 4866 3422 4931 magis

1857 4982 2018 5035 quam
2056 4969 2246 5021 docere
2272 4975 2499 5026 tentare,
2530 4980 2593 5017 ex
2626 4963 2747 5016 aliis
2770 4960 2957 5013 multis
2977 4959 3338 5012 hortationem
3367 4966 3421 5009 et

1853 5056 2054 5125 justam
2097 5070 2217 5110 esse
2243 5056 2479 5110 ostendit
2513 5064 2566 5108 et
2594 5052 2776 5105 utilem
2802 5066 2816 5115 ;
2840 5058 2893 5104 et
2931 5063 3077 5100 nunc
3112 5044 3285 5113 «quia,
3319 5044 3415 5106 ait,

1856 5147 2004 5217 prior
2051 5145 2317 5203 formatus
2375 5153 2459 5196 est
2496 5142 2721 5195 muliere
2752 5140 2853 5193 vir.
2886 5158 2902 5188 ι
2937 5136 3133 5191 Deinde
3149 5144 3202 5189 et
3246 5134 3419 5202 major

1857 5242 1996 5295 ratio
2026 5258 2040 5294 :
2064 5258 2083 5290 ε
2109 5237 2175 5294 Et
2202 5238 2371 5290 Adam
2404 5250 2507 5287 non
2533 5236 2791 5301 deceptus
2805 5240 2907 5294 est,
2926 5230 3020 5283 sed
3056 5227 3298 5285 mulier.»
3320 5225 3416 5279 ha-

1855 5346 1944 5383 mo
1967 5330 2181 5383 hiscens
2206 5337 2259 5380 et
2295 5323 2627 5392 deceptionis
2658 5322 2850 5390 laqueo
2870 5330 3024 5387 capta
3067 5317 3134 5370 ab
3164 5317 3280 5383 ipso
3302 5314 3418 5383 pla-

1854 5435 1975 5489 gam
2009 5417 2345 5473 etdamuum
2386 5414 2439 5466 in
2499 5412 2677 5464 virum
2742 5408 3067 5463 transmisit.
3132 5404 3257 5458 ideo
3307 5417 3412 5455 non

1853 5511 2007 5561 decet
2037 5504 2249 5560 mulieri
2272 5504 2463 5557 docere
2492 5519 2505 5565 ;
2531 5500 2731 5554 etenim
2792 5500 2990 5552 docere
3024 5492 3275 5564 propulsa
3302 5492 3411 5559 pri-

1852 5609 2000 5648 mum
2046 5593 2237 5646 ducem
2281 5590 2448 5643 nostri
2503 5587 2715 5657 generis
2759 5583 3013 5654 paradiso
3066 5579 3242 5649 ejecit.
3288 5576 3409 5629 Ideo

163 5702 399 5772 γυναικὶ
441 5700 501 5752 τὸ
538 5675 839 5753 διδάσκειν
869 5695 1088 5766 καὶγὰρ
1114 5696 1384 5749 διδάσκειν
1416 5695 1749 5764 προαχθεῖσα

1861 5686 2067 5757 quidem
2104 5682 2305 5739 dictum
2327 5692 2411 5737 est
2459 5681 2724 5733 Adamum
2792 5691 2899 5730 non
2947 5675 3225 5741 deceptum
3268 5682 3406 5727 esse,

161 5798 264 5848 τὸν
298 5792 549 5863 ἀρχηγὸν
583 5790 739 5861 ἡμῶν
786 5789 881 5844 τοῦ
923 5790 1111 5859 γόνους
1144 5788 1239 5841 τοῦ
1262 5787 1615 5857 παραδείσου
1657 5785 1745 5851 ἐξ·

162 5887 357 5942 ἔϐαλε.
386 5886 485 5937 Διὰ
516 5882 671 5936 τοῦτο
710 5883 807 5952 μὲν
837 5883 1050 5951 εἴρηται
1083 5882 1172 5935 τὸν
1215 5878 1379 5947 ’Λδὰμ
1426 5878 1500 5949 μὴ
1529 5878 1740 5945 ἀπατη-

1845 5780 1975 5851 quia
2015 5794 2123 5833 non
2164 5777 2278 5846 ipse
2306 5776 2398 5831 sed
2431 5774 2538 5828 Eva
2574 5773 2808 5844 primum
2840 5770 3259 5825 instrumentum
3289 5770 3409 5831 post

1846 5880 2151 5943 serpentem
2175 5868 2377 5925 inimici
2396 5868 2761 5938 negotiatione
2780 5862 3160 5932 deceptioncm
3184 5853 3403 5910 invexit.
