4186 6444
774 391 880 456 ιιτ

1920 389 2185 451 ΡΗΟἸἹῙ
2235 391 2740 455 ΡᾹΤΒῙΑΒΕΗΕ
2775 396 2887 457 CP.

3936 399 4036 463 ιιι

773 501 1030 559 Secundo
1065 516 1198 558 vero
1216 501 1344 572 quia
1388 513 1497 556 non
1527 499 1644 572 ipse
1685 501 1995 572 deceptoria
2021 511 2076 556 et
2102 501 2358 556 adulato-

2461 505 2642 576 θῆναι,
2680 506 2818 559 διότι
2853 504 2931 578 μὴ
2986 503 3150 567 αὐτὸς
3202 502 3320 557 ἀλλ’
3356 504 3389 573 η
3420 502 3534 558 Εὔα
3560 504 3778 576 πρῶτον
3807 507 4037 575 δργανον

773 592 858 647 ria
893 594 1055 647 verba
1083 592 1357 661 serpentis
1395 591 1611 660 excepit
1639 608 1656 657 ;
1682 606 1862 662 neque
1923 590 2170 645 invidere
2217 590 2354 660 ipsis

775 685 1036 753 reliquam
1077 681 1388 738 felicitatem
1417 690 1472 736 et
1498 682 1902 737 deillcationem
1946 679 2356 736 misericordem

775 777 1065 832 Dominum
1125 783 1180 830 et
1212 765 1550 845 provisorem
1608 790 1909 846 persuasus
1940 783 2059 840 est;
2103 774 2198 828 sed
2254 772 2360 829 hac

775 870 1058 940 illegitima
1095 876 1287 924 contra
1338 865 1658 922 Creatorem
1693 867 2119 932 machinatione,
2160 874 2217 922 et
2252 880 2358 920 au-

774 963 891 1017 ditu
932 969 990 1016 et
1014 975 1180 1016 sensu
1232 959 1452 1029 abrepta
1501 959 1611 1014 Eva
1642 968 1699 1014 et
1745 960 1814 1016 de
1847 960 2014 1015 vetito
2060 959 2212 1029 ligno
2229 973 2357 1014 cum

774 1053 1122 1115 comedisset,
1149 1051 1217 1105 ad
1251 1054 1495 1106 eamdem
1540 1052 1770 1107 vocabat
1818 1068 2069 1108 mensam
2125 1053 2306 1106 virum
2338 1068 2355 1116 ;

777 1143 867 1198 hic
906 1157 1037 1197 vero
1068 1141 1414 1196 testiﬁcatum
1446 1150 1502 1196 ut
1558 1142 1855 1198 verisimile
1877 1158 1907 1196 a
1961 1144 2192 1197 muliere
2225 1155 2358 1196 sua-

775 1236 946 1290 vitate
969 1241 1025 1288 et
1055 1233 1332 1300 voluptate
1383 1233 1654 1288 excellere
1682 1235 1892 1299 cibum.
1940 1235 2076 1289 etad
2110 1246 2360 1289 commoo

773 1325 904 1379 dum
929 1334 985 1380 et
1012 1325 1142 1379 utile
1187 1323 1393 1378 hortari
1427 1338 1488 1378 se
1515 1335 1717 1394 putans
1768 1326 1996 1386 sociam,
2046 1333 2104 1378 et
2158 1323 2360 1392 planta:

777 1420 1055 1488 particeps
1107 1416 1211 1470 fuit
1246 1423 1304 1470 et
1334 1416 1388 1469 in
1445 1417 1942 1486 transgressionem
1989 1417 2216 1482 incidit;
2248 1430 2357 1469 non

777 1511 1064 1578 deceptum
1093 1522 1220 1563 esse
1268 1507 1436 1578 igitur
1477 1506 1749 1562 Adamum
1796 1517 1853 1563 et
1881 1517 2102 1578 propter
2135 1510 2238 1563 hoc
2269 1507 2357 1562 di-

775 1612 991 1657 ceretur
1019 1607 1127 1654 non
1143 1607 1295 1654 extra
1316 1598 1633 1654 verisimile.
1650 1597 1862 1653 Etenim
1894 1600 2048 1654 multi
2075 1601 2356 1655 diversum

777 1693 984 1749 habent
1027 1692 1120 1762 qui
1147 1692 1393 1746 eamdem
1435 1692 1658 1761 quidem
1687 1701 2024 1746 avertentem
2053 1693 2357 1760 actionem,

778 1799 888 1838 non
929 1783 1119 1837 eodem
1151 1791 1206 1836 et
1234 1781 1401 1835 simili
1442 1796 1609 1836 sensu
1643 1791 1948 1837 sectantur.
2002 1781 2159 1837 Alius
2205 1785 2352 1838 enim

778 1874 1127 1930 meditatione
1145 1883 1197 1927 ct
1226 1873 1557 1928 discretione
1573 1883 1627 1926 et
1645 1873 1885 1929 melioris
1900 1874 2357 1932 condemnatione
2391 1857 2432 1911 Β

778 1966 846 2022 ad
877 1966 1033 2038 pejus
1078 1965 1350 2029 inclinans
1376 1977 1430 2020 et
1468 1966 1630 2020 vilem
1658 1973 1866 2036 partem
1891 1969 2358 2036 anteponens,in-

775 2057 1196 2115 cundonabilem
1253 2056 1383 2110 facit
1461 2057 1720 2127 culpam;
1780 2057 1920 2112 alius
1983 2073 2114 2113 vero
2151 2060 2358 2114 nullius

779 2152 975 2206 horum
1001 2160 1213 2221 potens,
1245 2150 1313 2204 ad
1333 2149 1652 2205 societatem
1673 2167 1799 2208 vero
1827 2152 2064 2219 gliscens
2085 2152 2320 2208 actionis
2337 2190 2355 2216 ,

777 2260 845 2299 ex
875 2246 1062 2299 multis
1109 2243 1357 2313 partibus
1394 2242 1610 2297 trahere
1635 2243 2068 2297 misericordiam
2091 2250 2273 2312 potest
2300 2253 2356 2298 et

778 2335 936 2392 venia
967 2351 1077 2390 non
1102 2333 1304 2404 tlejici;
1339 2335 1414 2388 ita
1454 2335 1620 2404 igitur
1647 2341 1703 2388 et
1732 2333 1860 2399 hic;
1895 2333 2004 2388 Eva
2031 2334 2252 2404 quidem
2301 2342 2356 2389 et

785 2427 1143 2484 meditatione
1173 2435 1230 2480 et
1253 2435 1447 2480 contra
1487 2436 1818 2495 praceptum
1871 2426 2143 2480 calumnia
2189 2428 2358 2482 ratio-

780 2534 876 2574 nes
895 2533 1019 2574 cum
1048 2517 1308 2580 acuisset,
1333 2517 1480 2570 nudo
1505 2520 1682 2587 capite
1703 2517 1908 2572 dictum
1939 2517 1992 2570 in
2015 2519 2354 2572 contrarium

779 2614 968 2670 cessit.
1000 2613 1175 2667 Adam
1205 2627 1334 2667 vero
1372 2613 1569 2668 horum
1599 2613 1750 2667 nullo
1778 2616 1959 2669 datam
2009 2613 2186 2685 legem
2204 2614 2358 2684 prius

781 2706 982 2776 injuria
1012 2705 1216 2770 aﬂecit,
1271 2705 1339 2758 ad
1388 2706 1562 2760 solam
1607 2721 1738 2760 vero
1789 2713 2054 2762 attractus
2101 2715 2188 2761 est
2239 2706 2360 2775 ejus

779 2796 1306 2865 transgressionem;
1342 2794 1437 2848 sed
1453 2807 1676 2863 propter
1699 2795 1814 2850 hac
1831 2794 2052 2864 quidem
2083 2795 2362 2848 diceretur

780 2905 888 2945 non
913 2891 1198 2958 deceptum
1236 2886 1404 2940 luisse
1441 2887 1734 2942 Adamnm.

2461 598 2601 669 μετά
2636 598 2728 650 τὸν
2756 598 2884 665 δφιν
2902 597 2999 650 τοῦ
3027 595 3224 667 ὲχθροῦ
3260 596 3649 666 χρηματίσασα
3677 599 3778 666 τῆς
3825 598 4037 666 ἀπάτης

2459 688 2840 758 καθηγήσατο·
2872 687 3130 758 δεύτερον
3151 687 3207 739 δὲ
3220 687 3356 740 διότι
3381 688 3458 755 μὴ
3478 686 3641 749 αὐτὸς
3666 688 3792 750 τοὺς
3828 689 4040 760 ἀπάτη.

2459 783 2586 846 λοὺς
2613 785 2711 838 καὶ
2731 784 2920 848 θῶπας
2949 783 3144 852 λόγους
3174 780 3269 834 τοῦ
3290 781 3467 850 δφεως
3504 779 3840 850 παρεδέξατο
3863 795 3878 808 '
3906 780 4040 847 μηδὲ

2459 872 2676 942 φθονεῖν
2729 873 2929 937 αὐτοὺς
2974 875 3075 940 τῆς
3128 889 3190 924 τε
3223 871 3393 938 άλλης
3430 871 3781 939 εὐδαιμονίας
3811 869 3910 922 καὶ
3938 867 4040 935 τῆς

2459 962 2710 1026 θειὶισεως
2742 964 2835 1017 τὸν
2886 962 3210 1033 οἰκτίρμονα
3258 963 3538 1028 Δεσπότην
3591 962 3685 1014 καὶ
3732 959 4042 1028 προνοητὴν

2457 1054 2790 1123 ἀνεπείσθη⁸
2840 1053 2984 1107 ἀλλά
3034 1055 3241 1122 ταύτην
3289 1053 3388 1123 τὴν
3442 1050 3712 1117 ἔκθεσμον
3767 1049 3915 1101 κατά
3943 1047 4042 1101 τοῦ

2459 1117 2778 1204 Πλάσαντος
2832 1142 3162 1213 συμϐουλὴν,
3196 1117 3292 1194 καί
3321 1117 3460 1211 ἀκοῇ
3484 1141 3579 1192 καὶ⁵
3619 1137 3814 1209 γνώμη
3857 1139 4044 1206 ἀρπά-

2459 1253 2602 1291 σασα
2622 1237 2656 1305 ἡ
2684 1235 2819 1295 Εὔα.
2849 1237 2944 1289 καὶ
2968 1235 3066 1289 τοῦ
3087 1234 3545 1304 ἀπηγορευμένου
3574 1231 3735 1296 ξύλου
3761 1228 4040 1298 φαγοῦσα.

2455 1324 2548 1376 ἐπὶ
2575 1324 2674 1394 τὴν
2696 1324 2866 1392 αὐτὴν
2887 1324 3074 1376 ἐκάλει
3101 1323 3384 1395 τράπεζαν
3412 1321 3504 1375 τὸν
3521 1322 3711 1392 ἄνδρα.
3738 1320 3800 1375 ’0
3823 1319 3882 1373 at
3904 1337 4047 1390 μαρ-

2455 1415 2798 1485 τυρουμένην
2830 1416 2906 1479 ὡς
2955 1415 3104 1477 είκὸς
3154 1415 3259 1467 ὑπὸ
3309 1413 3572 1482 γυναικὸς
3604 1413 3700 1464 επὶ
3738 1410 4046 1478 γλυκύτητι

2455 1509 2553 1561 καὶ⁸
2588 1508 2750 1578 ἡδονῇ
2788 1507 3067 1578 διαφέρειν
3092 1506 3319 1578 βρῶσιν,
3371 1507 3468 1559 καὶ
3499 1505 3638 1576 πρὸς
3671 1504 3735 1557 τὸ
3760 1503 4048 1572 σύμφορον

2458 1603 2554 1654 καὶ
2607 1599 2886 1668 ὠφέλιμον
2935 1599 3276 1670 παρακαλεῖν
3319 1597 3552 1667 νομίσας
3572 1597 3673 1666 τὴν
3698 1594 3919 1665 βοηθὸν.
3955 1594 4048 1646 καὶ

2455 1693 2555 1747 τοῦ
2591 1693 2762 1762 φυτοῦ
2796 1692 3028 1764 μετέσχε
3083 1694 3179 1744 καὶ
3217 1693 3283 1763 τῇ
3336 1690 3653 1760 παραϐάσει
3697 1688 4006 1760 περιέπεσε
4029 1702 4044 1716 ·

2461 1785 2536 1854 μὴ
2567 1784 2887 1854 ὴπατῆσθαι
2909 1785 3089 1837 τοίνυν
3118 1784 3210 1836 τὸν
3245 1784 3416 1852 ’Δδάμ
3438 1784 3531 1837 καὶ
3554 1782 3643 1836 διὰ
3664 1781 3828 1835 τοῦτο
3851 1780 4049 1852 ῥηθείη

2461 1876 2528 1929 ἂν
2555 1877 2658 1928 οὐκ
2695 1876 2801 1940 ἔξω
2829 1876 2927 1928 τοῦ
2953 1877 3186 1937 εἰκότος.
3222 1875 3331 1928 Καὶ
3350 1875 3460 1946 τάρ
3489 1873 3677 1928 πολλοὶ
3702 1875 3764 1926 τὸ
3784 1874 4050 1943 διάφορον

2462 1968 2677 2038 ἔχουσιν
2722 1967 2774 2019 oi
2833 1967 2934 2037 τὴν
2963 1966 3136 2037 αὐτὴν
3180 1967 3279 2034 μὲν
3309 1966 3680 2036 ἀποτρόπαιον
3722 1963 3949 2034 πρᾶξιν,
3987 1962 4049 2015 οὐ

2461 2063 2527 2129 τῇ
2565 2061 2701 2128 αὐτῇ
2728 2059 2784 2111 δὲ
2813 2060 2908 2112 καὶ
2961 2058 3126 2128 ὁμοία
3152 2058 3366 2130 διανοίᾳ
3416 2056 3834 2128 μετερχόμενοι.
3869 2056 3930 2108 ’0
3957 2055 4052 2124 μὶν

2461 2153 2573 2220 γὰρ
2644 2151 2845 2223 μελέτῃ
2879 2151 2974 2205 καὶ
3016 2149 3286 2220 διακρίσει
3347 2152 3442 2202 καὶ
3483 2151 3550 2219 τῇ
3600 2147 3697 2201 τοῦ
3739 2148 4054 2219 κρείττονος

2461 2245 2805 2310 καταγνώσει
2837 2243 2976 2314 πρὸς
3007 2242 3068 2296 τὸ
3089 2245 3269 2314 χεῖρον
3303 2242 3613 2304 ἀπονεύσας
3649 2239 3746 2293 καὶ
3775 2240 3879 2309 τὴν
3913 2239 4053 2308 φαύ-

2460 2334 2559 2404 λην
2594 2336 2789 2404 μοῖραν
2813 2333 3198 2403 προελόμενος,
3244 2332 3635 2401 ἁσύγγνωστον
3686 2330 3952 2385 ἀποτελεῖ
3993 2330 4054 2382 τὸ

2464 2425 2843 2495 πλημμέλημα
2863 2441 2878 2454 ·
2913 2427 2944 2478 δ
2969 2425 3026 2478 δὲ
3055 2423 3284 2494 μηδενὸς
3317 2424 3526 2477 τούτων
3545 2425 3752 2493 ἔνοχος,
3785 2425 3928 2491 πρὸς
3952 2423 4053 2492 τὴν

2463 2517 2748 2570 κοινωνίαν
2771 2516 2830 2569 δὲ
2859 2516 3267 2586 παῳλισθὴσας
3297 2519 3397 2586 τῆς
3423 2514 3697 2588 πράξεως.
3718 2513 4056 2583 πολλαχόθεν

2461 2606 2643 2658 ῑλκειν
2693 2603 2786 2658 τὸν
2834 2604 2986 2659 ἔλεον
3052 2605 3280 2658 δύναται
3323 2606 3418 2658 καὶ
3457 2606 3557 2673 τῆς
3593 2601 3933 2673 συγγνιὶιμης
3979 2601 4055 2672 μὴ

2463 2696 2868 2750 ἀπελαύνεσθαι
2885 2714 2900 2729 ο
2932 2696 3075 2750 οὕτω
3097 2696 3228 2764 γοῦν
3249 2697 3548 2750 κάνταῦθα.
3598 2696 3663 2750 Ἡ
3687 2696 3790 2764 μὶν
3827 2695 3943 2749 Εὕα
3963 2697 4059 2748 καὶ

2467 2789 2669 2859 μελέτη
2699 2787 2794 2840 καὶ
2817 2792 2883 2858 τῇ
2941 2790 3083 2842 κατά
3104 2789 3203 2859 τῆς
3250 2788 3474 2857 δντολῆς
3499 2787 3722 2858 διαϐολῇ
3752 2788 3884 2850 τοὺς
3909 2786 4058 2854 λογι-

2469 2884 2642 2951 σμοὺς
2699 2883 3085 2955 παραθήεασα,
3114 2890 3298 2958 γυμνῇ
3318 2890 3387 2957 τῇ
3415 2888 3628 2958 κεφαλῇ
3663 2887 3728 2940 τὸ
3757 2887 4056 2956 λεγόμενον

784 2980 919 3052 «ph;
967 2978 1279 3033 τούναντίον
1308 2975 1626 3047 ἐχώρησεν·
1659 2979 1688 3030 ὁ
1725 2977 1784 3030 δὲ
1821 2977 1995 3046 ’Δδάμ
2026 2978 2233 3029 τούτων
2265 2977 2365 3047 μὲν
2438 2974 2614 3027 οὐδενὶ
2672 2976 2765 3027 τὸν
2806 2976 3031 3029 δοθέντα
3077 2979 3241 3047 νόμον
3279 2978 3665 3047 προεξύϐρισε,
3706 2978 3848 3047 πρὸς
3885 2976 4057 3048 μόνην

778 3072 824 3126 δ’
864 3069 1113 3139 ὑπεσύρη
1138 3068 1237 3138 τὴν
1273 3067 1465 3122 τούτου
1517 3067 1863 3136 παράϐασιν·
1897 3068 2033 3120 ἀλλά
2063 3069 2151 3120 διὰ
2182 3067 2355 3120 ταῦτα
2394 3067 2496 3136 μὲν
2523 3067 2723 3134 λέγοιτ’
2747 3068 2815 3122 ἂν
2843 3067 2921 3138 μὴ
2957 3069 3276 3151 ὴπατῆσθαι
3306 3069 3401 3134 τὸν
3441 3070 3632 3139 Ἀδάμ.

855 3164 1136 3220 Diceretur
1170 3170 1349 3216 autem
1377 3161 1737 3215 nihilominus
1757 3169 1812 3216 ct
1848 3162 1973 3230 quia
2027 3160 2116 3214 hic
2144 3161 2361 3227 quidem

2539 3160 2769 3227 Δὲγοιτο
2790 3160 2836 3213 δ’
2858 3160 2926 3214 ἃν
2940 3162 3093 3214 οὐδὲν
3116 3160 3338 3215 ιλαττον
3361 3161 3453 3215 καὶ
3478 3162 3612 3215 διότι
3640 3165 3669 3216 δ
3686 3163 3787 3234 μὲν
3799 3163 4056 3237 γλώσσης

783 3257 999 3327 linguae,
1035 3253 1359 3310 contribulis
1390 3262 1448 3307 et
1475 3261 1755 3308 consueta:
1805 3260 1861 3307 et
1907 3253 1960 3305 in
2016 3252 2205 3306 multis
2255 3267 2362 3305 non

784 3348 996 3405 fallacis
1023 3347 1154 3402 visa:
1185 3345 1418 3400 audiens
1445 3343 1623 3398 factus
1648 3354 1766 3409 est;
1800 3344 1891 3398 illa
1925 3359 2052 3398 vero
2090 3353 2366 3397 extraneae

785 3441 936 3496 vocis
984 3453 1162 3508 neque
1192 3437 1499 3491 consistere
1527 3435 1595 3489 ad
1633 3435 2106 3492 conversationem
2132 3441 2366 3487 assuetae

787 3531 1120 3600 mancipium
1150 3528 1272 3584 visa
1295 3537 1381 3584 est
1409 3536 1463 3581 et
1487 3528 1858 3597 improbitatis
1878 3526 2019 3582 facta
2049 3538 2130 3581 est
2160 3525 2362 3596 prada.

785 3624 956 3695 Igitur
1000 3632 1055 3676 et
1097 3622 1239 3676 hanc
1293 3620 1625 3674 additionem
1663 3619 1900 3673 admittit
1942 3635 2162 3673 causam
2216 3616 2364 3687 quod

783 3716 1001 3770 dicatur
1030 3712 1298 3769 Adamum
1330 3726 1437 3766 non
1490 3712 1664 3767 fuisse
1700 3709 2005 3780 deceptum,
2079 3710 2363 3764 mulierem

786 3821 918 3862 vero
942 3803 1225 3875 deceptam
1244 3806 1298 3858 in
1320 3805 1770 3873 praevaricatione
1787 3803 1992 3868 fuisse;
2035 3803 2364 3874 transgressi

787 3908 916 3954 sunt
943 3898 1197 3968 equidem
1229 3897 1438 3965 ambo;
1468 3897 1562 3952 sed
1607 3907 1661 3951 et
1683 3897 1772 3952 hic
1804 3896 1954 3966 priouI
2003 3905 2086 3951 est
2122 3896 2367 3951 mulieris

787 3991 1173 4060 transgressio.
1213 3987 1276 4043 Et
1323 3990 1542 4057 quidem
1571 3987 1806 4058 duplicis
1839 3989 1953 4059 ipsa
1983 3989 2367 4057 transgressio-

787 4083 874 4138 nis
898 4082 1014 4137 visa
1049 4091 1129 4136 est
1160 4096 1271 4145 rea,
1311 4080 1544 4150 propriae
1576 4089 1630 4134 et
1677 4081 1742 4134 ad
1781 4096 1943 4151 quam
1994 4081 2171 4132 virum
2217 4095 2368 4134 com-

787 4176 945 4244 pulit.
975 4173 1113 4239 Quid
1144 4172 1333 4240 igitur,
1375 4173 1524 4225 dicat
1549 4172 1673 4238 quis
1709 4171 1775 4224 ad
1811 4187 1898 4223 me
1931 4171 2175 4225 l'emiuete
2206 4181 2365 4224 natu-

788 4281 862 4322 ra!
891 4274 1174 4335 patronus,
1195 4263 1315 4317 Eva!
1344 4264 1599 4331 deccptio
1619 4274 1672 4317 et
1699 4265 2080 4328 transgressio.
2103 4265 2362 4332 quoniam

787 4351 952 4404 unius
1012 4359 1065 4402 et
1096 4348 1339 4417 ejusdem
1375 4357 1582 4401 natura:
1604 4347 1686 4400 vir
1719 4355 1773 4400 et
1824 4349 2020 4401 mulier
2060 4363 2186 4401 cum
2231 4349 2362 4413 sint,

786 4441 1056 4498 secundas
1087 4439 1509 4495 l‘erredamnatze
1539 4455 1753 4500 sumus,
1783 4451 1838 4493 ct
1865 4440 2193 4494 discentium
2222 4455 2367 4493 sem-

2465 3250 2740 3320 ὁμοφύλου
2774 3253 2870 3304 καὶ
2896 3253 3183 3323 συνήθους,
3222 3255 3317 3306 καὶ
3338 3254 3397 3305 ὲν
3432 3253 3647 3317 πολλοῖς
3689 3255 3815 3308 οὐδὲ
3857 3258 4058 3326 σφαλε-

2467 3344 2570 3414 ράς
2589 3343 2961 3420 ἀναφανείσης
2981 3344 3224 3414 ὑπήκοος
3252 3344 3498 3414 γέγονεν’
3523 3346 3557 3415 ἠ
3584 3345 3642 3398 δὲ
3663 3346 3970 3417 ἀλλοφύλου
3995 3365 4057 3402 τε

2466 3433 2652 3501 φωνῆς
2691 3434 2786 3486 καὶ
2823 3434 2946 3487 οὐδὲ
2972 3434 3336 3490 καθίστασθαι
3364 3436 3503 3507 πρὸς
3527 3438 3747 3506 ὁμιλίαν
3775 3439 4058 3510 λαϐούσης

2439 3524 2585 3586 ⁴ἔθος
2613 3525 2948 3596 ἀνδράποδον
2977 3526 3133 3599 ὤφθη
3173 3528 3280 3582 καὶ
3323 3530 3422 3599 τῆς
3477 3531 3786 3601 μοχθηρίας
3835 3533 4058 3602 ἐγένετο

2465 3617 2713 3687 θήραμα.
2741 3617 2954 3672 Οὐκοῦν
2982 3622 3078 3674 καὶ
3109 3621 3318 3692 ταύτην
3353 3623 3675 3694 προσθήκην
3703 3624 3930 3696 δᾶχεται
3953 3627 4058 3696 τὴν

2464 3710 2647 3764 αἰτίαν
2671 3712 2732 3765 τὸ
2792 3711 3050 3781 λέγεσθαι
3076 3713 3168 3766 τὸν
3221 3713 3396 3783 ’Λδάμ
3436 3713 3513 3785 μὴ
3540 3715 3897 3787 ἀπατηθῆναι
3914 3732 3932 3747 ⁸
3953 3717 4056 3788 τὴν

2463 3803 2523 3856 δὲ
2588 3805 2826 3872 γυναῖκα
2879 3805 3259 3876 ἀπατηθεῖσαν
3296 3807 3357 3860 ὲν
3401 3807 3715 3878 παραϐάσει
3757 3809 4054 3876 γενέσθαιο

2466 3895 2787 3966 παρέϐησαν
2812 3895 2914 3966 μιν
2941 3897 3051 3968 γάρ
3081 3898 3283 3967 ἀμφωο
3322 3898 3459 3954 ἀλλά
3487 3897 3765 3953 κάνταῦθα
3794 3900 4054 3970 προφθά-

2463 3999 2552 4035 ναι
2579 3983 2678 4050 τῆς
2697 3985 2956 4048 γυναικδς
2975 3986 3009 4055 η
3032 3985 3372 4054 παράϐασις.
3407 3986 3518 4041 Καὶ
3552 3988 3651 4057 μὶν
3678 3987 3876 4058 διπλῆς
3909 3988 4053 4056 αὕτη

2465 4073 2829 4144 παραϐάσεως
2859 4074 3018 4145 ὤφθη
3067 4076 3273 4146 ἔνοχος,
3307 4079 3406 4146 τῆς
3439 4093 3499 4130 τε
3539 4078 3748 4143 οἰκείας
3779 4080 3880 4132 καὶ
3914 4080 4054 4151 πρὸς

2464 4167 2532 4234 ην
2555 4165 2646 4217 τὸν
2671 4166 2841 4235 ἄνδρα
2870 4166 3171 4239 ωνὼθησε.
3207 4168 3273 4220 Τί
3299 4168 3392 4222 οὖν
3423 4170 3490 4222 άν
3519 4187 3603 4232 τις
3629 4172 3750 4241 ἐρεῖ
3777 4171 3921 4240 πρὸς
3948 4172 4053 4240 ὲμὶ

2463 4258 2562 4327 τῆς
2597 4258 2920 4326 γυναικείας
2982 4259 3200 4328 φύσεως
3246 4262 3645 4331 προῖστάμενος
3687 4264 3720 4331 ἡ
3767 4263 3872 4333 τῆς
3907 4264 4054 4326 Εὔας

2462 4349 2646 4419 ἀπάτη
2678 4350 2772 4402 καὶ
2797 4351 3130 4421 παράϐασις,
3161 4351 3244 4403 ὅτι
3274 4355 3404 4421 μιᾶς
3433 4369 3494 4405 τε
3534 4355 3630 4407 καὶ
3673 4353 3797 4426 ῑσης
3833 4355 4054 4425 φύσεως

2465 4443 2656 4515 ἀνδρός
2681 4461 2742 4497 τε
2779 4445 2874 4498 καὶ
2910 4447 3170 4512 γυναικὸς
3196 4443 3388 4513 οὖσης,
3437 4446 3507 4498 τά
3545 4445 3835 4517 δευτερεῖα
3862 4449 4054 4520 φέρειν

787 4550 884 4603 per
906 4531 1149 4587 ordinem
1186 4539 1392 4592 tenere,
1423 4545 1453 4582 a
1486 4529 1732 4584 docendo
1770 4544 1900 4583 vero
1924 4530 2151 4583 omnino
2180 4531 2361 4596 prohi-

2465 4510 2895 4605 κατεκρίθημεν,
2925 4510 3048 4587 -καὶ
3079 4510 3464 4605 μανθανόντων
3503 4538 3591 4589 ἀεὶ
3610 4510 3771 4605 λῆξτιν
3804 4510 4052 4607 ἐπέχειν,

790 4623 915 4676 bitat
934 4637 1126 4676 sumus
1159 4620 1182 4672 τ
1214 4619 1281 4671 ad
1328 4634 1491 4686 quem
1540 4633 1777 4687 sequens
1805 4619 2134 4674 subsumens
2158 4620 2365 4676 diceret

787 4730 995 4780 sermo,
1049 4709 1513 4782 quemadmodum
1570 4709 1781 4762 Adamo
1830 4710 1896 4764 ad
1974 4712 2360 4765 mortalitatem

789 4815 1151 4869 condemnato
1196 4809 1251 4863 in
1285 4824 1477 4862 omnes
1539 4809 1659 4878 ejus
1701 4818 1948 4879 posteros
2017 4809 2364 4878 pertransivit

790 4921 960 4968 mors,
989 4905 1068 4957 sic
1097 4912 1152 4955 et
1177 4899 1420 4953 mulieris
1460 4915 1566 4952 non
1597 4901 1773 4954 solum
1810 4901 2066 4969 decepta},
2093 4901 2187 4954 sed
2225 4908 2279 4954 et
2308 4901 2361 4953 in

788 4996 1225 5066 transgressione
1281 4993 1438 5044 facta:
1470 5009 1485 5056 ;
1542 4999 1595 5043 et
1620 5000 1767 5045 certe
1799 4991 2100 5062 graviorem
2133 5001 2363 5060 utraque

788 5091 906 5142 viro
929 5081 1052 5142 cu'm
1089 5084 1366 5139 induxerit
1391 5083 1611 5152 culpam
1677 5098 1851 5152 neque
1882 5085 2178 5152 secundum
2232 5099 2360 5137 suc-

789 5180 1092 5234 cessionem
1137 5189 1308 5245 genus
1333 5174 1566 5228 crimine
1585 5182 1672 5228 est
1718 5175 1943 5228 omnino
1976 5175 2230 5237 liberum,
2263 5191 2362 5229 nec

789 5271 856 5326 ad
889 5271 1168 5324 meliorem
1208 5264 1630 5334 dispositionem
1681 5279 1750 5318 ex
1801 5266 2101 5318 mutatione
2148 5265 2362 5318 videtur

789 5364 1106 5419 adductum.
1136 5357 1302 5427 Igitur
1327 5355 1546 5425 quidem
1579 5356 1711 5410 illud
1730 5371 1838 5411 non
1873 5356 2156 5426 deceptum
2193 5356 2362 5411 fuisse

789 5455 1054 5508 Adamum
1080 5465 1174 5520 per
1228 5449 1341 5502 lnec
1368 5448 1569 5518 opinor
1606 5455 1662 5501 et
1692 5461 1800 5500 non
1842 5447 2049 5516 absque
2085 5463 2214 5501 cura
2249 5447 2361 5500 dis-

788 5553 999 5600 cretum
1029 5543 1120 5596 sit.
1152 5540 1292 5594 Sunt
1319 5555 1452 5593 vero
1484 5539 1576 5609 qui
1620 5538 2106 5593 contradictionem
2128 5548 2358 5608 ponunt.

790 5640 907 5695 Non
929 5642 1209 5706 deceptum
1238 5651 1362 5690 esse
1410 5635 1566 5688 aiunt
1616 5634 1905 5697 Adamum,
1942 5649 2048 5688 non
2081 5635 2211 5705 quia
2236 5651 2360 5689 mu.

792 5731 922 5785 liere
962 5730 1143 5784 minus
1200 5730 1293 5782 sed
1332 5727 1462 5795 quia
1521 5727 1696 5793 magis
1732 5726 2016 5797 peccavit;
2073 5728 2154 5782 sic
2211 5729 2359 5782 enim

790 5823 1024 5878 dictione
1073 5830 1128 5876 et
1165 5820 1485 5891 Apostolum
1548 5834 1706 5873 nsum
1764 5833 1907 5873 esse.
1971 5817 2184 5875 Etenim
2247 5824 2360 5876 hac

2463 4623 2558 4677 τοῦ
2589 4625 2865 4676 διδάσκειν
2919 4625 2977 4678 δὲ
3016 4623 3295 4685 παντελῶς
3349 4625 3720 4695 ἀφηρήμεθαι
3771 4629 3909 4696 πρὸς
3937 4629 3999 4680 δν
4026 4632 4055 4680 δ

2464 4717 2759 4780 ἀκόλουθος
2786 4716 3180 4788 ἁνθυποφέρων
3205 4717 3340 4785 φαίη
3357 4717 3536 4784 λόγος,
3569 4719 3651 4771 ὅτι
3684 4719 3811 4771 καθ’
3837 4719 3899 4772 δν
3927 4722 4056 4790 τρέ-

2467 4829 2568 4865 πον
2603 4811 2700 4863 τοῦ
2735 4809 2910 4881 ’Δδάμ
2928 4811 2989 4862 τὸ
3003 4809 3196 4879 θνητὸν
3210 4811 3696 4876 καταδικασθέντος
3724 4814 3806 4874 είς
3837 4815 4056 4877 πάντας

2465 4907 2589 4967 τοὺς
2612 4904 2674 4968 ἐξ
2719 4903 2887 4955 αὐτοῦ
2931 4901 3150 4969 διῆλθεν
3187 4902 3217 4952 ὁ
3245 4902 3497 4964 θάνατος,
3529 4899 3672 4955 οὕτω
3696 4902 3795 4955 καὶ
3821 4903 3924 4971 τῆς
3951 4922 4056 4972 γυ-

2462 4997 2646 5060 ναικὸς
2671 4997 2732 5050 οὺ
2761 4995 2920 5065 μόνον
2942 4993 3340 5065 ἀπατηθείσης,
3371 4993 3616 5047 ἀλλὰκαὶ
3645 4995 3705 5046 ὲν
3730 4997 4057 5064 παραϐάσει

2462 5091 2792 5162 γενομένηςο
2821 5092 2915 5145 καί
2931 5109 2995 5161 γε
3024 5092 3087 5145 τὸ
3101 5090 3488 5161 χαλεπωτέραν
3515 5092 3756 5164 ἑκατέρα
3782 5093 3864 5164 τῷ
3894 5095 4058 5164 ἀνδρὶ

2463 5184 2932 5255 καθηγησαμένης
2993 5183 3329 5254 ἀμαρτάδος.
3357 5181 3476 5235 οὐδὲ
3518 5181 3580 5236 τὸ
3608 5185 3751 5236 κατά
3795 5184 4060 5256 διαδοχὴν

2464 5278 2621 5345 γένος
2645 5278 2745 5347 τῆς
2768 5275 2948 5339 αιτίας
2967 5275 3088 5328 ἐστὶ
3110 5274 3388 5337 παντελῶς
3419 5274 3738 5346 ἀφειμένον,
3765 5276 3890 5328 οὐδὲ
3917 5279 4060 5348 πρὸς

2463 5368 2750 5437 κρείττονα
2773 5365 3017 5419 διάθεσιν
3055 5365 3119 5416 ὲκ
3166 5363 3470 5433 μεταϐολῆς
3502 5364 3699 5434 δρᾶται
3727 5365 4014 5434 ἀγόμενον
4041 5409 4056 5422 .

2462 5461 2536 5513 Τὸ
2557 5461 2655 5530 μὲν
2676 5454 2770 5512 οὖν
2802 5458 2878 5529 μὴ
2904 5455 3216 5528 ἠπατῆσθαι
3239 5457 3331 5509 τὸν
3358 5455 3532 5525 Ἀδάμ
3556 5456 3644 5509 διά
3661 5457 3872 5510 τούτων
3894 5454 4060 5526 οἶμαι

2463 5556 2557 5607 καὶ
2576 5555 2677 5606 οὐκ
2706 5551 2924 5622 ἀμελῶς
2941 5551 3335 5622 διευκρίνηται.
3372 5549 3493 5602 Εἰσὶ
3521 5550 3578 5604 δὲ
3614 5549 3687 5611 οἶ,
3729 5552 4059 5607 τούναντίον

2461 5648 2558 5716 τὴν
2587 5645 2731 5708 λέξιν
2751 5643 3021 5714 τιθέμενοι
3040 5687 3055 5705 ,
3084 5645 3183 5696 οὐκ
3197 5642 3688 5712 ἀπατηθῆναίφασι
3716 5644 3809 5697 τὸν
3839 5645 4020 5714 Ἀδάμ
4040 5686 4058 5713 ,

2462 5739 2561 5806 οὺχ
2582 5739 2664 5788 ὃτι
2694 5736 2794 5805 τῆς
2830 5736 3086 5803 γυναικὸς
3146 5735 3364 5787 ἔλαττον
3420 5734 3538 5787 ἀλλ’
3584 5737 3664 5787 ὅτι
3732 5737 3927 5804 μεῖζον
3967 5739 4060 5799 ἑξ-

2469 5827 2713 5896 ήμαρτεν
2734 5823 2905 5877 ὀὕτω
2926 5825 3034 5896 γὰρ
3053 5827 3118 5895 τῇ
3149 5825 3293 5891 λέξει
3325 5825 3418 5878 καὶ
3450 5826 3541 5879 τὸν
3564 5826 3892 5880 Ἀπόστολον
3922 5833 4060 5899 χρή-
