4186 6444
745 382 847 446 ιδι

1898 376 2165 439 PHOTII
2191 374 2706 438 PATRIARCHE
2735 373 2962 441 CP.452

3907 376 4010 440 452

809 496 928 553 Non
959 497 1114 568 pejus
1142 502 1326 549 autem
1352 489 1498 546 forte
1525 488 1766 562 cogitare
1811 490 2049 545 ﬁliorum
2098 502 2324 558 genera.

2494 483 2568 536 Ού
2596 485 2782 554 χεῖρον
2809 480 2867 538 δὲ
2901 486 3034 550 ῖσως
3060 485 3263 540 εννοεῖν
3292 487 3639 556 τεκνογονίαν
3669 489 3738 560 ἣν
3789 488 3825 557 ἡ
3859 487 4009 542 ebci-

741 593 944 648 tionem
985 603 1148 658 quam
1171 586 1346 658 pietas
1374 584 1646 640 bonorum
1671 597 1897 653 operum
1948 591 2003 636 et
2053 581 2317 636 virtutum

741 693 950 739 rectum
978 678 1260 749 complexa
1288 691 1600 732 sermonem
1640 689 1739 744 per
1787 688 1957 744 puros
2007 681 2064 728 et
2120 670 2322 742 impol-

742 777 888 831 lntos
918 774 1139 830 dolores
1171 769 1475 842 parientem
1515 777 1571 824 et
1608 781 1736 822 vere
1768 765 2167 822 nobilissimam
2217 765 2320 819 im—

742 865 853 934 plet
879 862 1284 936 generationem
1305 900 1321 923 ,
1370 874 1466 927 per
1494 873 1660 929 quam
1718 865 1832 911 tota
1867 863 2155 926 reparatur
2197 869 2321 925 qua:

742 955 1018 1026 pmcessit
1047 951 1373 1009 deminutio.
1408 949 1618 1005 Revera
1668 955 1724 1003 et
1767 962 1891 1018 qua:
1933 948 2067 1003 tales
2103 947 2320 1004 dolores

741 1047 1037 1118 pendentes
1061 1054 1219 1116 partu
1267 1043 1466 1099 multos
1503 1042 1642 1097 ﬁlios
1671 1049 1999 1110 genuerunt.
2039 1050 2096 1095 et
2143 1039 2316 1107 ﬁlias;

741 1141 1042 1197 secundum
1075 1152 1241 1209 quam
1276 1136 1514 1191 ﬁliorum
1546 1133 1874 1206 positionem
1896 1133 2246 1204 cognoscitur
2265 1140 2322 1187 et

741 1233 946 1288 sterilis
973 1231 1193 1302 pariens
1219 1237 1450 1298 septem.
1486 1237 1541 1283 et
1568 1242 1691 1297 quae
1723 1226 1925 1282 multas
1955 1226 2009 1280 in
2039 1225 2166 1281 ﬁliis
2205 1225 2320 1294 glo-

741 1326 818 1378 ria
843 1321 1144 1394 superavit.
1162 1321 1296 1391 Ipsae
1322 1328 1379 1375 et
1398 1319 1559 1374 illud:
1585 1337 1603 1370 ι
1627 1317 2060 1388 Multiplicamini
2085 1326 2321 1387 etauge-

740 1415 896 1479 mini,
920 1432 938 1463 ι
961 1411 1070 1466 Deo
1095 1409 1516 1466 convenientius
1530 1419 1584 1464 et
1603 1409 1775 1480 magis
1798 1410 2015 1479 proprie
2030 1409 2086 1464 in
2108 1409 2319 1482 seipsas

740 1502 1150 1567 transferentes,
1174 1501 1504 1556 dominicam
1543 1502 1597 1555 in
1638 1501 1839 1571 seipsis
1873 1501 2170 1557 ostendunt
2217 1501 2321 1556 lm-

739 1597 936 1666 plctam
966 1595 1426 1650 benedictionem.
1456 1591 1605 1648 Talis
1635 1593 1874 1647 ﬁliorum
1901 1593 2185 1662 generatio
2210 1608 2318 1648 non

738 1691 792 1744 in
820 1690 968 1745 solas
996 1704 1061 1744 ex
1091 1685 1428 1742 commercio
1464 1686 1562 1739 viri
1598 1685 1737 1740 ﬁlios
1780 1695 2128 1754 procreantes
2161 1683 2320 1740 femi-

738 1796 838 1836 nas
864 1779 1272 1836 circumscribit
1303 1778 1639 1846 deccptionis
1667 1775 2020 1843 sotutionem,
2049 1776 2144 1832 sed
2171 1786 2224 1831 et
2263 1775 2319 1831 in

737 1874 874 1927 alias
915 1871 1174 1926 mulieres
1208 1879 1262 1925 et
1303 1869 1604 1940 pra'sertim
1653 1869 1891 1938 virgines
1934 1866 2196 1923 transfert
2224 1883 2316 1922 er-

738 1964 878 2019 roris
905 1962 1338 2026 correctionem;
1364 1961 1645 2016 salvantur
1673 1959 1818 2014 enim
1847 1974 2038 2014 omnes
2059 1974 2155 2028 per
2179 1974 2318 2026 quas

739 2066 1190 2126 protoparrnttun
1247 2053 1548 2108 deminutio
1575 2050 2119 2106 distribuebaturtali
2175 2050 2318 2105 lilio-

738 2159 858 2197 rum
894 2144 1262 2213 generatione,
1313 2139 1653 2209 deceptionis
1700 2137 1936 2193 dedecus
1980 2147 2034 2193 et
2098 2137 2315 2207 pondus

735 2235 1032 2306 splendidis
1058 2233 1289 2303 justitiis
1321 2233 1565 2286 elucntcs
1593 2240 1647 2286 et
1681 2231 1901 2301 preprio
1932 2239 2089 2300 partu
2133 2229 2322 2285 Eccle-

736 2329 832 2384 siae
859 2328 998 2382 Illius
1033 2325 1500 2394 multiplicantes;
1539 2333 1594 2379 et
1626 2322 1732 2378 ﬁde
1765 2333 1819 2377 et
1842 2323 2112 2378 charitate
2143 2331 2198 2376 et
2224 2337 2321 2392 per

736 2419 1079 2490 prudentiam
1113 2415 1546 2472 sanctiﬁcatione
1589 2414 1874 2469 lllustrataz
1915 2415 1970 2469 in
2025 2415 2183 2469 caelis
2212 2412 2319 2470 Pa-

737 2524 874 2568 trem
907 2511 1215 2583 gloriﬁcare
1240 2508 1386 2578 ipsas
1412 2507 1758 2577 inspicientes
1777 2516 1830 2562 et
1857 2505 2318 2577 pulchritudinem

736 2618 960 2674 operum
994 2601 1271 2656 intuentes
1295 2606 1612 2668 procurant.
1644 2596 1749 2651 Sed
1786 2597 1932 2651 enim
1979 2596 2059 2652 sic
2098 2597 2318 2666 quidem

736 2696 826 2752 isti
848 2711 956 2752 non
987 2695 1187 2756 viliter.
1218 2691 1433 2763 opinor,
1481 2690 1547 2746 ad
1592 2689 2021 2762 speculationem
2083 2689 2317 2745 litteram

739 2785 1097 2841 attrahentes.

807 2963 914 3018 Alii
939 2977 1068 3016 vero
1101 2960 1334 3015 ﬁliorum
1363 2959 1770 3030 generationem
1803 2959 2071 3015 sacratius
2107 2969 2162 3015 et
2208 2958 2320 3015 Deo

738 3051 1169 3116 eonvenientius!
1196 3064 1260 3104 ex
1293 3047 1513 3117 Virgine
1574 3048 1870 3102 Salvatoris
1929 3047 2101 3102 nostri
2159 3061 2322 3102 sacro

740 3158 991 3197 sermone
1006 3141 1195 3194 dicunt
1218 3139 1643 3209 generationem;
1663 3153 1756 3206 per
1777 3152 1940 3207 quam
1959 3137 2196 3191 ﬁliorum
2219 3153 2285 3208 ge
2301 3166 2315 3174 -
2348 3178 2390 3234 C

2426 3231 2538 3283 κῶν
2568 3230 2602 3300 ἡ
2629 3229 2794 3300 φύσις
2824 3229 2986 3299 μόνον
3013 3229 3276 3298 ἐδοξάσθη
3305 3229 3400 3283 καὶ
3420 3230 3518 3301 τὴν
3546 3231 3655 3284 ἀπὸ
3674 3231 3774 3300 τῆς
3795 3234 4012 3304 ἀπάτης

740 3235 1078 3290 iterationem
1104 3246 1212 3287 non
1245 3231 1535 3284 mulierum
1572 3242 1768 3284 natura
1799 3231 1976 3284 solum
2017 3229 2318 3299 gloriﬁcata

740 3334 826 3379 est
853 3333 909 3377 et
935 3339 963 3377 a
991 3321 1309 3391 deceptione
1335 3321 1571 3376 dedecus
1601 3329 1656 3374 et
1685 3319 2197 3374 condemnationem
2224 3317 2322 3372 ab-

743 3416 948 3480 stersit,
980 3413 1137 3467 ﬁdem
1171 3420 1228 3466 et
1263 3411 1588 3466 eltaritatem
1615 3419 1669 3464 et
1699 3410 2192 3466 sanctillcationcm
2225 3409 2320 3478 qui

740 3521 825 3567 est
857 3510 1068 3565 fructus
1113 3506 1422 3579 prudentia:
1450 3517 1745 3568 sectantes,
1787 3506 1882 3561 sed
1920 3516 1974 3562 et
2021 3522 2195 3577 genus
2237 3517 2322 3562 to-

744 3613 857 3656 tum
895 3599 1130 3671 prOpriis
1157 3608 1212 3654 et
1239 3599 1566 3654 voluntariis
1618 3598 1783 3667 geniti
1836 3599 2188 3668 passionibus
2237 3614 2321 3653 re-

740 3702 992 3748 vocatum
1018 3701 1105 3747 est
1141 3707 1172 3746 a
1214 3692 1369 3761 lapsu
1400 3700 1456 3746 et
1495 3693 1666 3745 multo
1697 3691 1970 3745 diriniore
1995 3707 2162 3760 quam
2195 3704 2321 3745 ante

741 3784 1103 3854 praecipitium
1133 3792 1282 3838 sorte
1300 3783 1465 3852 digna
1512 3782 1693 3836 habita
1721 3789 1805 3836 est
1835 3789 1889 3836 et
1913 3781 2196 3837 fruitione.
2222 3781 2319 3837 Vs

741 3885 924 3931 autern
972 3875 1149 3945 magis
1181 3875 1393 3930 discere
1427 3874 1702 3944 quomodo
1740 3872 2081 3941 deceptionis
2121 3872 2319 3928 mulier

741 3983 836 4037 per
859 3966 1060 4021 dictam
1091 3965 1331 4019 ﬁliorum
1353 3964 1760 4034 generationem
1790 3962 2314 4019 condemnationem

737 4055 948 4124 eﬁugit,
969 4062 1024 4110 et
1054 4053 1259 4110 donum
1294 4053 1502 4122 accepit
1536 4052 1929 4108 remissionis?
1953 4052 2105 4121 prius
2140 4051 2316 4107 emol-

739 4147 849 4200 lita:
893 4146 960 4200 ad
1014 4147 1285 4215 serpentis
1348 4143 1589 4215 linguam
1658 4145 1971 4199 sibilantem
2012 4157 2171 4199 sacra
2215 4142 2317 4198 liae

737 4249 793 4294 et
814 4253 955 4293 nova
989 4252 1118 4292 vere
1151 4235 1252 4291 sub
1282 4236 1425 4292 coelo
1482 4235 1718 4291 ﬁliorum
1773 4237 2126 4309 generatione
2187 4251 2315 4307 pro-

737 4345 951 4402 gressa,
978 4337 1336 4401 tyrannorum
1371 4329 1573 4399 linguis
1617 4343 1678 4382 se
1705 4337 2039 4398 opponentes
2074 4329 2317 4385 oratorie

736 4421 1061 4478 docentibus
1102 4420 1480 4490 impietatem;
1524 4429 1580 4474 et
1607 4421 1783 4489 penis
1832 4436 1942 4476 non
1976 4421 2156 4477 solum
2192 4423 2314 4476 visu

2423 573 2546 628 σεια
2573 573 2681 627 τῶν
2717 573 3028 628 σπουδαίων
3071 575 3251 646 ἔργων
3290 578 3386 630 καὶ
3430 577 3878 649 κατορθωμάτων
3926 578 4008 634 τὸν

2420 665 2582 734 ἀρθὺν
2621 664 2966 720 συλλαϐοῦσα
2994 665 3154 734 λόγον
3182 668 3283 738 τὴν
3315 668 3405 722 διά
3447 668 3710 740 καθαρῶν
3742 670 3839 724 καὶ
3873 669 4005 736 ἀμο-

2421 753 2628 808 λύντων
2650 755 2859 810 ὠδίνων
2888 757 3330 828 ἀποτικτομένην
3359 758 3457 811 καὶ
3509 758 3586 821 ὼς
3613 757 3831 829 ἀληθῶς
3861 762 4009 829 εὐγε-

2420 849 2682 919 νεστάτην
2709 848 2967 920 πληθύνει
3001 851 3187 919 γονὴν,
3220 848 3290 903 δι’
3307 845 3375 923 ἦς
3414 850 3560 905 ἀκαν
3585 852 4010 909 ἀνακαλεῖταιτδ

2420 939 2636 1008 φθάσαν
2675 938 2991 1011 ἐλάττωμα.
3028 938 3120 1010 Τῷ
3172 939 3286 994 ὄντι
3322 940 3432 1008 καὶί
3453 942 3509 996 αί
3531 942 3785 1008 τοιαύτας
3818 943 4009 1008 ὠδῖνας

2419 1031 2644 1092 λύονσαι
2665 1031 2746 1101 τῷ
2760 1032 2906 1103 τόκῳ
2926 1030 3154 1093 πολλοὺς
3170 1031 3320 1096 υἱοὺς
3339 1030 3708 1087 ιτεκνώσαντο
3729 1035 3830 1088 καὶ
3850 1034 4011 1103 θυγαο

2418 1123 2584 1194 τέρας
2607 1139 2622 1154 ο
2644 1122 2764 1178 καθ’
2786 1125 2855 1194 ἢν
2872 1121 3147 1176 υἱοθεσίαν
3163 1121 3494 1191 γινώσκεται
3536 1124 3632 1177 καὶ
3656 1125 3690 1195 ἠ
3715 1126 3916 1196 στεῖρα
3933 1126 4009 1178 τί-

2417 1232 2548 1270 κτου
2556 1233 2623 1269 σα
2641 1214 2802 1281 me,
2816 1215 2914 1270 καὶ
2932 1214 3028 1286 τὴν
3046 1214 3252 1285 πολλὴν
3273 1215 3333 1268 εν
3355 1215 3569 1278 τέκνοις
3599 1215 4008 1287 παρευδοκιμήο

2419 1323 2594 1361 σασα·
2614 1302 2776 1362 αὗται
2807 1306 2906 1360 καὶ
2930 1306 3014 1360 τό·
3045 1323 3065 1357 ι
3104 1305 3446 1377 Πληθύνεσθε
3488 1305 3584 1359 καὶ
3615 1306 3943 1372 αὑξάνεσθε,
3984 1325 4001 1358 ι

2421 1397 2889 1471 θεοπρέπεστερόν
2908 1414 2968 1451 τε
2987 1397 3080 1451 καὶ
3097 1397 3424 1467 οἰκειότερον
3441 1399 3521 1461 είς
3543 1397 3743 1461 mea;
3763 1399 4004 1469 μεταφέ-

2420 1506 2516 1560 ρου
2523 1505 2635 1555 σαι,
2649 1488 2748 1560 τὴν
2759 1492 2827 1541 Δε
2835 1487 3096 1555 σποτικὴν
3108 1487 3166 1541 ὲν
3179 1482 3656 1551 ἑαυταῖςθλεικνύον
3663 1504 3747 1542 σιν
3759 1488 4007 1557 εὐθηνου-

2421 1581 2592 1653 μένην
2605 1581 2857 1648 εὐλογίαν
2869 1596 2884 1611 ο
2904 1581 2938 1651 ἡ
2954 1580 3173 1651 τοιαύτη
3189 1579 3502 1648 τεκνογονία
3512 1580 3612 1632 οὐκ
3632 1579 3713 1641 είς
3731 1579 3903 1647 μόνας
3915 1580 4010 1642 τάς

2421 1671 2482 1738 ἐξ
2511 1671 2730 1743 ὁμιλίας
2762 1672 2954 1745 ἀνδρὸς
2985 1673 3341 1735 παιδοποιοὺς
3383 1672 3648 1740 γυναῖκας
3681 1671 4010 1742 περιγράφει

2424 1764 2525 1836 τῆς
2554 1765 2774 1835 ἀπάτης
2821 1765 2921 1835 τὴν
2962 1765 3231 1829 διάλυσιν,
3283 1762 3419 1817 ἀλλά
3457 1763 3552 1816 καὶ
3585 1764 3666 1824 είς
3716 1764 3818 1825 τάς
3850 1763 4010 1824 ἀλλας

2355 1831 2396 1886 Β
2422 1831 2529 1908 τῶν
2548 1831 2828 1926 γυναικῶν
2859 1831 2953 1909 καὶ
2994 1856 3231 1927 μάλιστα
3259 1855 3360 1919 τάς
3412 1853 3716 1925 παρθένους
3760 1853 4008 1906 διαϐιϐά-

2421 1946 2627 2010 ζειτοΰ
2689 1947 3006 2017 σφάλματος
3057 1950 3158 2019 τὴν
3209 1946 3536 2018 διόρθωσιν·
3571 1944 3842 2010 σώζονται
3905 1944 4010 2015 γάρ

2420 2041 2556 2092 πᾶσι
2607 2040 2730 2092 καθ’
2761 2033 2835 2092 ὧν
2863 2041 2924 2092 τὸ
2978 2041 3311 2109 προγονικὸν
3370 2039 3665 2108 ἐλάττωμα
3711 2038 4010 2107 ἐπενέμετο

2419 2128 2507 2181 διά
2537 2131 2639 2198 τῆς
2662 2130 2920 2200 τοιαύτης
2952 2131 3321 2199 τεκνογονίας,
3346 2131 3408 2184 τδ
3441 2129 3542 2200 τῆς
3572 2130 3790 2200 ἀπάτης
3823 2125 4008 2198 αἶσχος

2420 2222 2514 2274 καὶ
2544 2221 2708 2291 ἄχθος
2737 2222 3015 2294 λαμπροῖς
3066 2223 3299 2286 δικαίοις
3346 2221 3870 2292 ἀποσκευαζόμεναι
3920 2223 4009 2273 καὶ

2419 2313 2496 2382 τῷ
2521 2314 2707 2384 οἶκείῳ
2733 2314 2880 2384 τόκῳ
2905 2313 3009 2383 τῆς
3043 2314 3374 2384 Ἐκκλησίας
3397 2313 3467 2368 τά
3508 2313 3674 2367 τέκνα
3703 2312 4006 2382 πληθύνον-

2421 2420 2512 2457 σαι
2539 2422 2551 2436 ·
2578 2407 2671 2458 καὶ
2695 2406 2762 2475 τῇ
2797 2405 2978 2459 πίστει
3007 2407 3102 2460 καὶ
3120 2406 3310 2480 ἀγάπῃ
3333 2406 3428 2460 καὶ
3449 2404 3528 2476 τῷ
3550 2405 3638 2458 διὰ
3662 2407 3762 2475 τῆς
3798 2420 4006 2474 σωφρο-

2423 2497 2590 2568 σύνης
2619 2497 2881 2570 ἁγιασμῷ
2906 2498 3363 2569 λαμπρυνόμεναι
3404 2498 3499 2550 τὸν
3528 2499 3586 2550 ἐν
3610 2497 3861 2567 οὐρανοῖς
3903 2496 4009 2547 [ια-

2419 2589 2555 2660 τέρα
2593 2588 2840 2655 δοξάζειν
2865 2589 2993 2653 τοὺς
3025 2591 3106 2653 είς
3137 2589 3311 2652 αὐτάς
3347 2589 3592 2660 ὁρῶντας
3622 2591 3716 2642 καὶ
3747 2591 3848 2659 τὴν
3879 2589 4007 2641 καλο

2420 2679 2578 2751 λονὴν
2610 2681 2720 2734 τῶν
2753 2680 2930 2751 ἔργων
2959 2679 3410 2742 ἀνασκοποῦντας
3454 2679 4004 2750 παρασκευάζουσιν

2422 2770 2560 2825 ἀλλά
2588 2772 2697 2842 γὰρ
2733 2770 2877 2825 οὕτω
2919 2771 3019 2841 μὲν
3046 2765 3196 2824 οὗτοι
3249 2771 3310 2824 ού
3369 2771 3612 2840 φαύλως,
3647 2766 3830 2841 οἶμαι,
3877 2767 4010 2837 πρὸς

2423 2864 2654 2932 θεωρίαν
2694 2863 2756 2914 τὸ
2788 2852 3025 2933 γράμμα
3058 2862 3398 2926 άνὲλκοντες.

2492 2957 2556 3006 υἱ
2585 2955 2642 3008 δὲ
2668 2957 3016 3024 τεκνογονίαν
3052 2955 3344 3026 ἱερώτερόν
3386 2972 3443 3006 τε
3471 2956 3567 3009 καὶ
3605 2954 4010 3024 θεοπρεπέστε-

2425 3064 2519 3118 ρον
2548 3048 2648 3120 τὴν
2683 3049 2748 3101 ἐκ
2785 3048 2884 3118 τῆς
2925 3047 3206 3117 Παρθένου
3241 3048 3337 3100 τοῦ
3371 3048 3627 3119 Σωτῆρος
3672 3051 3836 3120 ἡμῶν
3869 3054 4009 3124 ίερο-

2424 3137 2645 3205 λογοῦσι
2666 3138 2922 3210 γέννησιν
2942 3157 2954 3170 ’
2980 3139 3048 3192 δι’
3076 3133 3144 3211 ἧς
3166 3138 3511 3205 τεκνογονίας
3548 3139 3611 3192 οὑ
3659 3139 3770 3192 τῶν
3817 3157 4009 3209 γυναι-

2424 3320 2583 3394 ὕόριν
2630 3321 2726 3376 καὶ
2782 3321 3130 3390 κατάγνωσιν
3185 3320 3629 3386 ἀπεσκευάσατο,
3677 3323 3868 3377 πίστιν
3922 3331 4014 3378 καὶ

2424 3413 2645 3482 ἀγάπην
2670 3415 2764 3466 καὶ
2799 3413 3095 3482 ἁγιασμὸν,
3127 3415 3185 3476 ὃς
3216 3414 3330 3466 ἐστι
3365 3411 3581 3482 καρπὸς
3599 3413 3699 3485 τῆς
3729 3419 4014 3487 σωφροσύ-

2424 3522 2519 3574 νης
2554 3505 2974 3576 μετερχόμεναι,
3008 3505 3155 3567 ἀλλὰ,
3194 3506 3296 3558 ’καὶ
3343 3505 3403 3559 τὸ
3441 3505 3598 3574 γίνος
3639 3506 3762 3560 ὅλον
3789 3509 4012 3572 οἰκείοις

2423 3596 2518 3648 καὶ
2558 3596 2827 3660 ἑκουσίοις
2877 3596 2971 3648 τοῦ
3022 3597 3309 3666 τεχθέντος
3359 3598 3680 3669 παθήμασιν
3731 3600 4011 3672 ἀνεκλήθη

2421 3686 2516 3739 τοῦ
2545 3687 2837 3757 πτώματος
2862 3689 2957 3741 καὶ
3003 3687 3183 3758 πολλῷ
3217 3687 3498 3761 θειοτέρας
3528 3691 3562 3762 ἢ
3593 3690 3702 3762 πρὸ
3745 3691 3843 3745 τοῦ
3879 3709 4013 3748 κατ-

2420 3778 2708 3849 ενεχθῆναι
2757 3778 2964 3848 λήξεως
3005 3780 3324 3853 κατηξιώθη
3371 3782 3465 3836 καὶ
3501 3783 3885 3850 ἀπολαύσεως.
3915 3786 4013 3839 Θέ-

2419 3869 2535 3933 λεις
2586 3870 2644 3922 δὲ
2703 3869 2907 3941 μᾶλλον
2967 3871 3315 3943 καταμαθεῖν
3369 3867 3518 3938 ὅπως
3571 3875 3671 3944 τῆς
3721 3877 4012 3948 ἀπάτηςὴ

2418 3961 2558 4034 γυνὴ
2581 3962 2672 4015 διὰ
2694 3963 2794 4031 τῆς
2835 3963 3136 4034 εἰρημένης
3181 3965 3528 4034 τεκνογονίας
3574 3966 3673 4034 τὴν
3716 3967 3881 4038 δίκην
3931 3968 4012 4022 δι-

2420 4053 2611 4123 έφυγε,
2655 4054 2751 4108 καὶ
2795 4055 2857 4109 τὸ
2883 4055 3055 4126 δῶρον
3099 4055 3258 4111 ἔλασε
3310 4057 3409 4127 τῆς
3446 4057 3697 4127 ἀφέσεως
3724 4077 3741 4126 ;
3772 4061 3842 4113 Δί
3880 4059 4013 4129 πρὶν

2420 4146 2840 4216 μαλακισθεῖσαι
2897 4146 3037 4217 πρὸς
3088 4149 3188 4217 τὴν
3236 4146 3333 4201 τοῦ
3385 4147 3563 4217 ὄφεως
3620 4148 3881 4217 γλῶσσαν
3920 4150 4014 4222 ψι-

2419 4237 2752 4306 θυρίζουσαν
2805 4238 2907 4307 τῆς
2985 4239 3136 4308 ίερᾶς
3207 4241 3412 4310 ταύτης
3503 4241 3598 4294 καὶ
3665 4243 3865 4312 καινῆς
3935 4244 4012 4307 ὡς

2417 4327 2633 4400 ἀληθῶς
2681 4327 2787 4384 ὑπὸ
2835 4329 2927 4384 τὸν
2961 4329 3117 4400 ἣλιον
3181 4330 3530 4400 τεκνογονίας
3585 4333 3970 4404 προελθούσης
3992 4378 4009 4399 ,

2415 4419 2699 4489 τυράννων
2772 4419 3044 4488 γλώσσαις
3124 4423 3594 4478 ἀντικαταστᾶσαι
3676 4427 4010 4500 ρητορευούο

739 4527 916 4583 neque
962 4519 1215 4581 expertu,
1268 4510 1363 4566 sed
1429 4519 1484 4566 et
1512 4511 1657 4565 dictu
1706 4511 2318 4568 ltorrendissimislastze

2422 4526 2545 4575 σαις
2609 4512 2710 4583 τὴν
2771 4513 3026 4568 ἀσέϐειαν
3059 4527 3072 4539 ·
3131 4516 3224 4568 καὶ
3299 4517 3498 4569 ποινῶν
3552 4517 3616 4570 ού
3667 4518 3837 4587 μόνον
3881 4520 4009 4573 ἰδεῖν

736 4612 793 4658 et
826 4602 1148 4674 gloriantes,
1188 4601 1244 4656 in
1277 4601 1469 4656 multis
1496 4617 1640 4672 saepe
1665 4618 1773 4656 non
1803 4602 2050 4660 minores
2078 4604 2319 4660 homini-

737 4697 842 4752 bus
865 4695 1029 4751 luetis
1075 4703 1130 4750 et
1189 4693 1588 4750 certaminibus
1646 4694 2023 4750 excelluerunt
2063 4707 2158 4762 ;et
2205 4711 2314 4751 non

738 4787 1034 4841 mulierum
1073 4786 1253 4842 solum
1283 4786 1379 4842 sed
1418 4794 1474 4841 et
1494 4786 1740 4842 virorum
1774 4786 1906 4842 visae
1948 4796 2078 4842 sunt
2101 4788 2317 4858 pictatis

745 4879 1024 4948 magistra:
1039 4887 1094 4933 et
1119 4892 1219 4949 pro
1243 4877 1468 4934 Christo
1496 4877 1692 4933 acerba
1723 4877 1990 4948 supplicia
2023 4887 2077 4935 et
2109 4887 2313 4936 mortes

738 4982 794 5026 et
848 4970 1258 5025 immolationes
1299 4983 1566 5040 generoso
1615 4978 1670 5024 et
1705 4967 2034 5023 inconcusso
2085 4980 2142 5026 et
2191 4969 2314 5024 lano

738 5063 1118 5120 sustinuerunt
1145 5063 1350 5118 animo.
1777 5081 1786 5087 ·

1039 5323 1370 5393 ΩῸΕΒΤΙΟ
1410 5322 1624 5379 LXXIII
1658 5323 1760 5398 [σί.
1790 5323 2026 5398 LXXII].

741 5417 1013 5484 Quomodo
1038 5416 1376 5486 intelligenda
1399 5416 1505 5470 sint
1537 5416 1690 5471 verba
1706 5417 1826 5481 illa,
1845 5436 1863 5468 ι
1884 5416 1987 5483 Qui
2023 5421 2311 5473 manduca-

809 5490 937 5542 uerit
975 5488 1111 5540 hunc
1140 5503 1326 5555 panem
1361 5496 1410 5540 et
1440 5488 1628 5540 biberit
1671 5487 1888 5541 calicem
1919 5489 2129 5543 Domini
2169 5492 2312 5545 indi-

809 5575 927 5680 gnte,
964 5574 1079 5611 rens
1111 5559 1210 5612 erit
1243 5557 1478 5624 corporis
1532 5569 1582 5612 et
1618 5561 1890 5628 sanguinis
1940 5560 2174 5628 Domini,
2210 5581 2229 5614 ι
2260 5571 2312 5616 et

809 5644 864 5682 te
888 5643 1030 5697 aqua.

2419 4602 2528 4656 οὐδ’
2562 4605 2644 4666 εἰς
2672 4606 2870 4674 πεῖραν
2903 4605 3100 4671 ἐλθεῖν,
3133 4605 3269 4659 ἀλλά
3296 4609 3392 4660 καὶ
3417 4609 3592 4662 εἰπεῖν
3618 4611 4007 4679 φρικωδεστά-

2419 4711 2550 4760 των,
2609 4698 3184 4767 κατευμεγεθήσασαι,
3231 4700 3290 4752 ὲν
3350 4700 3564 4764 πολλοῖς
3606 4701 3875 4769 πολλάκις
3908 4706 4010 4758 οὐκ

2419 4785 2677 4851 ἐλάττους
2700 4787 2809 4841 τῶν
2841 4787 3053 4860 ἀνδρῶν
3092 4789 3222 4854 τοὺς
3257 4790 3456 4855 ἀθλους
3501 4797 3596 4847 καί
3625 4794 3750 4852 τοὺς
3781 4795 4010 4863 ἀγῶνας

2419 4877 2750 4949 διήνεγκαν·
2782 4880 2877 4934 καὶ
2899 4881 2961 4935 ού
2991 4881 3272 4950 γυναικῶν
3299 4883 3462 4954 μόνον
3488 4884 3626 4939 ἀλλά
3654 4886 3752 4939 καὶ
3788 4886 4010 4958 ἀνδρῶν

2422 4968 2689 5040 ὤφθησαν
2748 4972 2847 5043 τῆς
2895 4972 3180 5036 εύσεύείας
3222 4973 3560 5042 διδάσκαλοι,
3583 4977 3680 5030 καὶ
3708 4979 3814 5041 τάς
3865 4979 4010 5049 ὑπὲρ

2425 5059 2663 5130 Χριστοῦ
2694 5062 2898 5133 πικράς
2917 5063 3191 5134 τιμωρίας
3217 5065 3314 5120 καὶ
3341 5065 3468 5131 τοὺς
3496 5065 3760 5132 θανάτους
3787 5071 3889 5122 καὶ
3909 5069 4010 5132 τάς

2421 5156 2638 5222 σφαγάς
2667 5155 2901 5227 γενναίῳ
2936 5157 3032 5210 καὶ
3061 5158 3476 5231 ἀκαταπλήκτῳ
3510 5160 3605 5214 καὶ
3627 5161 4008 5230 εὐφραινομέ-

2417 5262 2492 5316 νῳ
2528 5245 2841 5317 ὑπέστησαν
2874 5245 2952 5318 τῷ
2974 5250 3308 5319 φρονήματι.

2965 5338 3321 5407 eramus
3339 5340 3459 5394 ora

2419 5425 2550 5490 Πῶς
2591 5427 2842 5509 mntem:
2870 5427 2958 5492 τὸ,
2980 5446 3008 5509 ιι
3042 5432 3147 5494 Ὃς
3165 5429 3253 5509 ,ἂν
3279 5430 3455 5509 ἐσθίῃ
3474 5429 3615 5509 Ξὺν.
3632 5430 3820 5509 ἄρξον
3853 5432 4003 5509 χοῦ-

2488 5513 2614 5568 ζον,
2640 5497 2909 5568 καίηπίνῃ
2933 5498 3007 5568 τὸς
3028 5500 3316 5568 ποτήριον
3341 5497 3447 5554 τοῦ
3466 5497 3688 5567 Κυρίοὺ
3715 5503 4008 5566 ἀναξίως.

2486 5566 2698 5648 ἔξοχος
2728 5567 2900 5621 ἔσται
2917 5567 3026 5648 τοᾷ
3057 5566 3332 5648 σωματος
3359 5568 3461 5624 καί
3483 5566 3590 5625 τοῦ
3619 5571 3878 5641 αἵματος
3906 5574 4010 5624 τοῦ

2488 5638 2738 5703 Κυρίου,
2775 5655 2794 5688 ι
2833 5637 3026 5691 καὶτὰ
3051 5637 3219 5705 ἑξῆς.

1577 5720 1717 5769 Edita
1739 5733 1765 5768 a
1787 5719 1927 5780 Maio,
1954 5722 2079 5774 Nov.
2103 5723 2227 5774 Coll.
2257 5731 2292 5777 t.
2317 5728 2356 5789 I,
2383 5743 2431 5791 p.
2461 5726 2685 5774 ιεο-ιει.
2714 5727 2766 5776 In
2809 5728 2959 5779 ICor.
2999 5744 3066 5787 ιι,
3087 5730 3166 5779 27.

817 5806 862 5857 1.
925 5803 1186 5857 Dotuinici
1248 5806 1496 5874 corporis
1553 5805 1946 5876 sanguiu‘squc
2002 5811 2280 5880 sumptio,

2485 5811 2554 5864 a'.
2584 5813 2646 5862 'II
2675 5813 2972 5884 μετάληψις
3004 5813 3097 5867 τοῦ
3133 5813 3462 5868 Δεσποτικοῦ
3502 5815 3754 5884 σώματος
3791 5818 3890 5870 καὶ
3930 5817 4009 5872 αῖ-
