4186 6444
190 437 309 504 453

1138 441 1235 500 ΑΙ)
1274 438 1865 500 AMPHILOCHIUM
1902 436 2249 511 QUIESTIO
2290 438 2500 499 LXXI.

3330 442 3438 505 ιςε

199 563 372 615 ματος
392 546 563 617 τροφή
586 563 669 610 τις
688 546 822 602 οὖσα
842 548 1004 620 νοερά
1024 551 1232 613 καὶτὰς
1251 550 1487 620 ψυχικὰς
1515 550 1773 619 δυνάμεις

1877 563 1995 616 qua:
2028 557 2112 603 est
2160 547 2539 603 intellectualis
2569 548 2813 616 quadam
2850 560 3013 619 atque
3056 553 3251 606 anima:
3302 556 3442 604 vires

197 637 644 707 ἀναρωννύουσα,
673 638 793 691 επεὶ
824 637 904 708 τῷ
939 640 1002 691 tu
1028 638 1215 709 ψυχῆς
1244 640 1339 693 καὶ
1372 639 1620 710 σώματος
1647 657 1769 690 συν-

1873 638 2121 694 reticiens
2174 638 2458 703 alimonia,
2493 640 2935 710 quandoquidem
2975 642 3263 707 animanti,
3298 644 3442 712 quod

197 727 399 781 εστῶτι
457 729 821 799 προσφέρεται
851 727 997 799 ζώῳ,
1041 730 1100 782 ἑν
1140 731 1424 800 σωματικῇ
1469 728 1631 799 οὐσίᾳ
1676 729 1771 780 καὶ

1877 739 2098 797 corpore
2141 729 2433 797 animaque
2465 737 2704 794 constat,
2753 730 3053 800 praebetur;
3095 730 3298 787 idcirco
3348 746 3444 802 per

198 820 339 891 αὐτὴ
376 820 476 890 τὴν
506 822 880 891 πνευματικὴν
912 822 1070 892 χάριν
1096 823 1189 877 καὶ
1220 821 1312 875 τὸν
1340 821 1611 892 ἀγιασμὸν
1641 837 1771 889 παρ·

1877 835 2186 890 corpoream
2217 822 2577 876 substantiam
2606 822 2723 893 ipsa
2747 838 2965 893 quoque
3002 823 3301 894 spiritalem
3328 838 3448 893 gra-

197 912 318 982 έχει
340 929 355 944 σ
392 911 513 965 ὅθεν
536 912 625 965 διὰ
657 912 749 965 τοῦ
782 913 1045 982 στόματος
1080 913 1160 976 είς
1182 912 1307 975 τοὺς
1350 910 1645 983 μυστικοὺς
1673 910 1770 963 θα-

197 1004 407 1072 λάμους
432 1004 530 1073 τῆς
564 1002 779 1071 φύσεως
820 1002 1104 1074 προϊοῦσα,
1139 1004 1220 1065 είς
1259 1002 1379 1056 ὅλον
1414 1001 1530 1071 ,μὶν
1568 1001 1773 1053 οἰκονο-

200 1096 409 1163 μεῖται,
437 1093 532 1145 καὶ
563 1093 683 1146 ὅλον
716 1092 1037 1160 καθαγιάξει
1075 1092 1136 1146 τὸ
1170 1091 1330 1157 ζῶον,
1358 1090 1561 1161 μᾶλλον
1597 1088 1656 1142 δὲ
1695 1090 1773 1150 είς

194 1184 373 1253 αὐτὴν
404 1182 503 1253 τὴν
530 1183 709 1254 ψυχὴν
738 1186 832 1237 καὶ
867 1183 958 1235 τὸν
991 1183 1118 1236 νοῦν
1162 1182 1263 1250 τῆς
1295 1172 1515 1252 χάριτος
1562 1176 1774 1232 καὶτοῦ

200 1275 547 1344 ἀγιάσματο;
586 1274 1027 1342 ἐπιδαψιλεύεται
1055 1272 1153 1343 τὴν
1185 1273 1465 1344 ἐνέργειαν
1489 1286 1505 1301 ·
1534 1271 1640 1343 χρὴ
1664 1269 1772 1323 τοί-

196 1382 300 1417 νυν
335 1364 461 1428 τοὺς
502 1362 794 1417 ἀπολαύειν
822 1362 1113 1433 μέλλοντας
1136 1366 1235 1433 τῆς
1267 1364 1418 1434 ἱερᾶς
1447 1362 1647 1432 ταύτης
1681 1361 1777 1414 καὶ

202 1457 397 1526 νοερᾶς
439 1456 665 1526 τροφῆς,
704 1456 779 1526 μὴ
819 1457 1033 1523 ἀγνοεῖν
1069 1455 1154 1518 τίς
1178 1457 1327 1508 ἐστιν
1372 1454 1660 1526 ήδύναμις
1683 1454 1778 1507 αύ-

200 1549 325 1617 τῆς,
368 1547 462 1600 καὶ
503 1549 584 1610 τίς
632 1549 668 1618 ἡ
718 1550 898 1602 πάντα
931 1547 1057 1601 νοῦν
1096 1548 1443 1620 ὑπερέχουσα
1493 1548 1562 1603 δι’
1608 1549 1779 1620 αὐτὴν

200 1637 553 1706 παρεχομένη
578 1636 865 1704 εὐεργεσία
888 1636 978 1688 καὶ
998 1636 1177 1707 δωρεά
1192 1654 1208 1667 ·
1234 1632 1345 1690 οἷον
1365 1638 1440 1700 ὡς
1457 1636 1780 1707 προσιώνιος

198 1727 397 1795 Λόγος,
425 1730 454 1781 ὀ
480 1728 537 1781 ἐν
564 1728 704 1798 ἀρχῇ
727 1726 821 1791 ὢν,
856 1728 947 1780 καὶ
976 1728 1111 1799 πρὸς
1138 1729 1226 1781 τὸν
1254 1730 1384 1783 Θεὸν
1405 1729 1499 1795 ὢν,
1533 1731 1624 1785 καὶ
1650 1732 1780 1795 Θεὸς

199 1818 280 1869 ὢν
304 1835 317 1848 ·
351 1811 506 1882 οὗτος
534 1820 564 1872 ό
592 1821 691 1888 τῆς
720 1820 933 1887 φύσεως
951 1821 1110 1890 ήμῶν
1137 1821 1464 1893 δημιουργὸς
1492 1824 1557 1877 ὲκ
1578 1825 1780 1895 παρθε-

1871 910 2002 965 tiam
2041 925 2095 965 et
2122 910 2604 967 sanctificationem
2655 911 2887 967 confert.
2935 910 3115 978 Quare
3144 927 3241 982 per
3291 927 3354 965 os
3390 913 3441 964 in

1875 1001 2099 1071 mystica
2131 1011 2336 1057 natura:
2365 1003 2615 1058 humanae
2654 1004 2934 1058 conclavia
2977 1019 3286 1074 permeans,
3323 1004 3445 1055 ιιιιὶ-

1877 1108 2092 1146 versum
2155 1092 2291 1149 bene
2350 1094 2589 1163 disponit
2648 1103 2812 1166 atque
2866 1093 3173 1149 sanctiﬁcat
3225 1094 3446 1158 animal,

1874 1185 2144 1256 praecipue
2190 1195 2368 1239 tamen
2394 1185 2591 1240 anima:
2619 1199 2683 1239 ac
2719 1185 2883 1240 menti
2926 1185 3114 1255 gratia:
3147 1184 3447 1239 sanctimo-

1876 1277 2090 1347 niasque
2132 1276 2427 1332 liberaliter
2467 1277 2575 1331 vim
2626 1276 2954 1346 suppeditat.
3008 1274 3192 1344 itaque
3236 1284 3451 1344 oportet

1877 1385 1993 1435 eos,
2038 1370 2132 1441 qui
2171 1370 2272 1425 hoc
2296 1384 2455 1425 sacro
2488 1370 2829 1441 spiritalique
2873 1370 2997 1425 cibo
3040 1368 3263 1423 {inituri
3298 1377 3448 1428 sunt.

1881 1460 2102 1516 minime
2140 1462 2352 1517 nescire
2385 1476 2636 1531 quaenam
2669 1460 2791 1530 ejus
2822 1462 2894 1516 sit
2931 1462 3123 1521 virtus.
3162 1460 3244 1515 vel
3272 1459 3449 1529 quod-

1880 1566 2002 1605 nam
2036 1552 2105 1606 ab
2126 1568 2193 1606 eo
2222 1552 2533 1607 conferatur
2562 1552 2887 1608 beneﬁcium
2932 1567 2996 1607 ac
3032 1551 3261 1615 donum,
3304 1549 3449 1619 quod

1876 1657 2011 1697 sane
2053 1643 2141 1696 vix
2184 1642 2291 1697 ulla
2336 1652 2515 1696 mente
2556 1642 2943 1712 comprehendi
2984 1650 3199 1711 potest:
3257 1653 3451 1707 nempe

1881 1734 2022 1803 quod
2053 1734 2230 1803 ipsum
2259 1736 2331 1789 sit
2360 1744 2486 1789 ante
2507 1733 2703 1789 saecula
2724 1732 2994 1787 exsistens
3023 1732 3281 1792 Verbum,
3306 1730 3449 1798 quod

1880 1810 2073 1879 eratin
2099 1825 2386 1895 principio,
2427 1824 2571 1894 quod
2602 1824 2743 1894 apud
2774 1823 2943 1877 Deum
2978 1833 3118 1887 erat,
3152 1825 3293 1877 heus
3315 1822 3446 1890 ipse.

202 1909 375 1962 νικῶν
401 1911 648 1980 αίμάτων
679 1912 856 1981 σάρκα
890 1911 1299 1982 δανεισάμενος,
1330 1915 1359 1966 ὀ
1390 1914 1633 1968 πλουτῶν
1665 1916 1776 1969 θεό-

1882 1914 1980 1970 llic
2028 1928 2228 1971 nostra:
2284 1926 2490 1970 natura:
2524 1927 2718 1970 auctor
2775 1915 3022 1985 virgineo
3073 1914 3141 1968 de
3186 1912 3452 1976 sanguine

198 2019 365 2071 τητα,
393 2002 672 2074 ἄνθρωπος
702 2004 1003 2072 κατηξίωσε
1034 2005 1368 2073 χρηματίσαι
1395 2006 1460 2060 δι’
1490 2009 1656 2079 ἡμᾶς,
1688 2008 1779 2060 καὶ

198 2094 519 2162 ἑσκήνωσεν
549 2096 607 2146 έν
640 2095 770 2164 ἡμῖν
789 2108 803 2121 ’
841 2096 935 2147 καὶ
962 2096 991 2147 ὁ
1022 2095 1279 2167 ὑπάρχων
1314 2098 1372 2150 ὲν
1402 2100 1583 2169 μορφῇ
1620 2098 1775 2163 Θεοῦ,

200 2186 424 2256 μορφὴν
455 2186 681 2239 ἀνέλαὸε
714 2186 923 2252 δούλου,
948 2187 1213 2259 ἑκατέρας
1242 2188 1456 2259 φύσεως
1479 2190 1602 2253 τοὺς
1621 2190 1778 2260 ὄρους

197 2279 263 2329 έν
308 2280 376 2347 τῇ
421 2278 584 2332 αὖτοῦ
619 2280 721 2351 μία
744 2280 1040 2337 ὑποστάσει
1068 2285 1406 2354 ἀσυγχύτους
1440 2288 1532 2340 καὶ
1570 2288 1773 2359 ἀχωρί-

200 2386 367 2433 στους
409 2370 853 2443 διασωσάμενοςο
920 2375 1187 2428 ἐκένωσεν
1235 2376 1328 2430 οὖν
1387 2377 1577 2432 ἑαυτὸν
1636 2381 1777 2451 ὑπὲρ

197 2460 365 2532 ἡμῶν
426 2461 736 2526 ἀκενὼτως,
787 2465 880 2517 καὶ
926 2465 1165 2533 γεγονὼς
1224 2468 1409 2538 ὅμοιος
1455 2472 1586 2540 ἡμῖν
1639 2473 1775 2524 κατὰ

200 2552 388 2606 πάντα
432 2554 603 2622 χωρὶς
654 2555 945 2624 ἁμαρτίας,
978 2558 1078 2610 οὐκ
1126 2558 1430 2629 εὐεργετῶν
1472 2562 1631 2631 μόνον
1684 2564 1775 2615 καὶ

199 2640 437 2710 ίῶμενος
475 2643 574 2707 τάς
617 2644 900 2709 ἀσθενείας
949 2647 1107 2716 ἡμῶν
1148 2649 1464 2715 διετέλεσεν,
1506 2653 1639 2706 ἀλλά
1686 2660 1773 2707 καὶ

198 2733 697 2803 βλασφημούμενος
750 2738 845 2790 καὶ
894 2740 1372 2810 ἀχαριστούμενος,
1420 2743 1569 2797 οὐδὲν
1618 2740 1776 2817 ἧττον

194 2823 316 2876 τῶν
343 2824 482 2894 ὑπὲρ
504 2825 661 2891 λόγον
685 2827 901 2896 δωρεῶν
927 2830 1025 2899 τὴν
1043 2831 1301 2898 ἀφθονίαν
1324 2834 1383 2887 ού
1408 2835 1769 2889 συνέστελλεν·

198 2913 303 2966 καὶ
334 2914 518 2985 ὕϐρεις
554 2918 647 2969 καὶ
676 2919 873 2988 χλεύην
903 2922 1007 2975 ὑπὸ
1033 2922 1140 2975 τῶν
1169 2924 1641 2997 εὐεργετουμένων
1674 2930 1773 2997 ύφ-

196 3006 521 3074 ιστάμενος,
552 3009 651 3077 τῆς
676 3010 881 3079 ἀφάτου
917 3014 1325 3084 φιλανθρωπίας
1350 3019 1450 3071 οὐκ
1471 3020 1736 3087 ἀφίστατο
1760 3039 1773 3051 ο

194 3095 345 3149 ἀλλά
390 3097 484 3151 καὶ
535 3101 766 3168 σταυρὸν
808 3104 902 3156 καὶ
940 3103 1166 3157 θάνατον
1197 3108 1445 3176 ἧνεγκεν,
1473 3109 1613 3163 ὥστε
1651 3112 1775 3173 τοὺς

197 3186 466 3257 ὑϐριστὰς
507 3190 734 3247 θανάτου
784 3196 875 3248 καὶ
915 3196 1119 3267 φθορᾶς
1149 3199 1473 3265 ἀπαλλάξαι,
1510 3203 1603 3255 καὶ
1637 3204 1772 3273 πρὸς
1800 3219 1841 3277 ο

195 3278 506 3332 ἀθανασίαν
539 3282 632 3333 καὶ
660 3284 968 3355 ἀφθαρσίαν
991 3287 1052 3339 τὸ
1077 3287 1267 3357 θνητὸν
1300 3291 1456 3359 ἡμῶν
1485 3294 1575 3344 καὶ
1606 3293 1776 3364 φθαρ-

198 3372 301 3424 τὸν
324 3372 413 3425 διά
440 3373 533 3440 τῆς
569 3373 705 3438 ιδίας
736 3376 1085 3441 ἀναστάσεως
1111 3381 1456 3449 μεταπλάσαι
1487 3401 1542 3436 τε
1577 3384 1670 3437 καὶ
1693 3387 1777 3437 ἁν-

199 3463 555 3533 υψιὶισασθαι.

279 3644 345 3713 β’.
387 3643 603 3698 Τούτων
640 3646 695 3699 δὲ
745 3648 961 3701 πάντων
994 3648 1102 3702 τῶν
1133 3651 1351 3717 ἀγαθῶν
1389 3653 1684 3723 sagacem
1720 3672 1772 3706 ιε

194 3737 302 3792 καὶ
346 3736 598 3807 θεμέλιον
646 3736 741 3789 τοῦ
783 3738 984 3792 οίκείου
1021 3739 1269 3811 σώματος
1302 3744 1392 3795 καὶ
1421 3745 1647 3813 αἵματος
1680 3745 1778 3815 τὴν

196 3827 513 3899 μετάληψιν
547 3830 1020 3900 προκατεσάλλετο
1045 3846 1059 3860 ο
1108 3832 1184 3895 ὠς
1217 3831 1283 3886 ἂν
1322 3834 1525 3904 ταύτης
1554 3836 1612 3888 ἐν
1644 3853 1776 3901 μετ-

191 3919 366 3989 ουσία
403 3920 677 3990 γινόμενοι
720 3920 820 3990 τῆς
841 3921 1092 3992 οὐρανίου
1121 3922 1215 3975 καὶ
1246 3923 1512 3978 ἀθανάτου
1547 3925 1690 3996 ζωῆς
1720 3927 1777 3980 ἐν

192 4012 419 4073 ιαυτοῖς
464 4011 609 4081 έχειν
648 4012 994 4083 πιστεύωμεν
1042 4013 1110 4067 τά
1154 4015 1445 4086 προοίμια·
1478 4018 1703 4089 καὶγὰρ
1741 4020 1774 4090 ἡ

193 4102 571 4166 ἀνυπόστατος
584 4103 813 4174 ἀλήθειά
828 4120 980 4176 φησιο
1003 4124 1021 4157 ι
1044 4106 1103 4159 '0
1113 4105 1341 4177 τρώγων
1368 4125 1468 4177 μου
1486 4109 1583 4179 τὴν
1600 4111 1775 4179 σάρκι

193 4196 294 4249 καὶ
330 4193 503 4247 πίνων
533 4211 636 4265 μου
672 4194 732 4247 τὸ
754 4189 915 4264 αἷμα,
940 4193 1053 4267 εχει
1093 4193 1236 4266 ζωὴν
1261 4196 1477 4251 αἰώνιον
1495 4214 1509 4228 °
1548 4217 1565 4248 ι
1588 4199 1774 4270 ιπειδὴ

191 4288 262 4355 τῇ
318 4287 524 4355 μετοχῇ
573 4284 674 4354 τῆς
728 4284 997 4355 ἀχράντου
1051 4286 1253 4356 σαρκὸς
1289 4286 1456 4341 αὐτοῦ
1498 4288 1774 4359 σύπσωμοι

190 4372 615 4441 καθιστάμενοι,
644 4373 735 4425 καὶ
760 4375 857 4443 τῆς
883 4373 1189 4444 ἀφθαρσίας
1214 4377 1305 4428 καὶ
1327 4376 1623 4440 ἀθανασίας
1646 4396 1776 4434 κατ-

191 4462 530 4532 αξιούμεθα·
566 4466 595 4516 ὁ
637 4464 817 4517 τοίνυν
861 4468 985 4527 τοὺς
1034 4464 1330 4535 λογισμοὺς
1357 4468 1522 4522 αὑτοῦ
1564 4469 1774 4533 τούτοις

1880 2020 2097 2058 carnem
2124 2005 2227 2059 sibi
2258 2007 2499 2073 adeptus,
2522 2005 2616 2075 qui
2640 2014 2758 2059 erat
2785 2004 3067 2058 divinitate
3092 2006 3262 2064 dives.
3289 2002 3452 2056 homo

1881 2096 1993 2149 ﬁcri
2053 2106 2269 2164 propter
2324 2111 2423 2149 nos
2456 2096 2644 2160 voluit,
2693 2109 2757 2148 ac
2807 2095 3093 2149 nobiscum
3141 2094 3452 2149 diversatus

1878 2198 1960 2241 est
1995 2197 2091 2241 :et
2124 2188 2217 2257 qni
2244 2196 2362 2241 erat
2391 2189 2444 2240 in
2489 2187 2662 2242 forma
2705 2186 2821 2252 Dei,
2857 2185 3087 2241 formam
3126 2186 3267 2240 servi
3302 2202 3449 2241 rece-

1879 2278 1975 2345 pit,
2011 2276 2294 2346 utriusque
2313 2286 2522 2331 natura:
2547 2277 2809 2332 terminos
2833 2276 2889 2329 in
2916 2277 3073 2329 unica
3100 2292 3197 2331 sua
3220 2291 3450 2345 persona

1876 2366 2193 2423 inconfusos
2247 2367 2743 2437 inscparabilesque
2806 2383 3055 2425 servans.
3139 2368 3454 2423 Exinanivit

1876 2475 2005 2529 ergo
2033 2460 2151 2514 sine
2183 2459 2555 2515 exinanitione
2604 2476 2662 2515 se
2707 2461 2908 2531 ipsum,
2951 2475 3015 2515 ac
3047 2461 3243 2516 similis
3295 2460 3453 2516 nobis

1878 2564 1971 2617 per
2003 2551 2183 2603 omnia
2229 2549 2452 2604 effectus
2493 2550 2699 2620 absque
2742 2560 2965 2620 peccato
3015 2552 3084 2613 ",
3117 2567 3225 2605 non
3274 2550 3449 2607 solum

1884 2643 2020 2694 bene
2044 2639 2171 2695 fecit
2208 2642 2506 2697 inﬁrmitati
2537 2652 2740 2697 nostra:
2773 2657 2836 2696 ac
2876 2644 3176 2699 medicatus
3205 2653 3291 2698 est
3318 2661 3333 2709 ;
3364 2658 3453 2699 ve-

1881 2752 1997 2790 rum
2032 2736 2131 2791 etsi
2177 2735 2531 2803 blasphemiis
2562 2734 2852 2802 appetitus,
2886 2746 3050 2804 atque
3088 2737 3332 2801 ingratos
3360 2750 3453 2789 ex-

1878 2837 2064 2894 pertus
2093 2826 2361 2885 homines,
2392 2825 2753 2880 nihilominus
2787 2826 3237 2879 inenarrabilium
3280 2829 3453 2880 dono-

1880 2933 1998 2970 rum
2037 2916 2363 2970 alllnentiam
2416 2932 2522 2969 non
2578 2918 2963 2985 compescuit:
3012 2918 3351 2986 injuriasqno
3399 2932 3453 2969 ιιι

1878 3010 2118 3063 convicia
2156 3009 2313 3062 abiis
2340 3009 2430 3077 qni
2462 3009 2580 3077 ejus
2630 3010 2909 3065 beneficiis
2953 3012 3035 3066 nsi
3078 3012 3295 3066 fuerant
3330 3028 3453 3081 pcr-

1878 3111 2087 3166 peasus,
2119 3098 2186 3151 ab
2214 3096 2466 3150 inetl‘abili
2508 3098 2885 3153 benevolentia
2922 3115 3027 3154 non
3079 3102 3321 3165 destitit,
3356 3124 3447 3156 seu

1880 3203 2097 3243 crucem
2138 3202 2431 3256 necemque
2456 3187 2697 3256 pertulit,
2734 3196 2791 3241 ut
2824 3187 3075 3245 inimicos
3123 3206 3254 3246 suos
3280 3206 3453 3245 morte

1877 3290 1927 3332 et
1959 3279 2309 3348 corruptione
2352 3277 2626 3343 liberaret,
2670 3288 2835 3348 atque
2884 3280 2951 3334 ad
2985 3280 3450 3338 immortalitatem

1874 3382 1929 3424 et
1959 3369 2416 3438 incorruptionem
2451 3371 2677 3424 mortale
2702 3371 2805 3426 huc
2835 3381 3082 3427 nostrum
3108 3383 3161 3427 et
3183 3375 3453 3442 corrupti-

1885 3460 1990 3513 bile
2012 3476 2211 3529 corpus
2240 3475 2335 3528 per
2358 3474 2513 3513 suam
2544 3462 2999 3518 resurrectionem
3026 3465 3347 3520 transferret
3372 3475 3452 3519 at—

1876 3567 1984 3621 que
2013 3553 2299 3607 attolleret.

1945 3643 1999 3696 2.
2034 3641 2151 3697 Jam
2183 3658 2309 3698 vero
2341 3646 2533 3699 liornm
2568 3646 2836 3701 bonorum
2882 3648 3128 3700 omnium
3187 3649 3452 3701 arrhabo-

1879 3751 2001 3791 nem
2036 3751 2101 3792 ac
2132 3738 2544 3792 fundamentum
2577 3742 2770 3794 statuit
2793 3741 3000 3810 proprii
3036 3743 3285 3811 corporis
3316 3758 3451 3798 san-

1878 3827 2171 3897 guinisque
2227 3829 2641 3897 sumptionem:
2699 3830 2773 3884 ita
2828 3841 2886 3885 ut
2941 3832 3105 3902 hujus
3162 3832 3453 3902 participes

1876 3918 2077 3984 eﬂ'ecti,
2116 3920 2357 3975 caelestis
2388 3929 2551 3991 atque
2596 3922 2928 3979 immortalis
2982 3925 3103 3979 vitm
3164 3926 3303 3979 intra
3352 3939 3453 3980 nos

1877 4010 2023 4080 ipsos
2088 4012 2289 4067 habere
2350 4012 2638 4070 credamus
2698 4016 2993 4085 primitias.
3056 4017 3267 4071 Etenim
3320 4018 3452 4074 sub-

1875 4104 2146 4159 stantialis
2178 4105 2294 4174 ipsa
2317 4104 2522 4160 Veritas
2556 4107 2689 4161 dicit
2716 4123 2730 4159 :
2774 4124 2792 4158 ι
2818 4106 2923 4171 Qui
2959 4098 3250 4163 manducat
3272 4123 3447 4162 meam

1877 4208 2095 4251 carnem
2153 4204 2207 4249 et
2262 4195 2399 4249 bibit
2448 4212 2629 4251 meum
2687 4198 3034 4267 sanguinem,
3072 4199 3235 4254 habet
3284 4200 3449 4253 vitam

1875 4293 2135 4339 aeternam
2162 4286 2229 4341 ⁸³.
2258 4304 2275 4336 i
2307 4284 2441 4340 Nam
2478 4303 2573 4357 per
2600 4290 3045 4344 communionem
3092 4290 3453 4346 inimacnlatm

1876 4376 2060 4430 carnis
2084 4377 2223 4431 idem
2258 4392 2381 4431 cum
2420 4392 2485 4432 eo
2537 4394 2739 4448 corpus
2786 4380 2985 4443 ell'ecti,
3040 4382 3453 4451 incorruptione

1877 4479 2095 4534 quoque
2122 4478 2176 4519 et
2207 4466 2617 4523 immortalitate
2644 4469 2794 4539 digni
2840 4469 3124 4525 ellicimur.
3185 4470 3289 4538 Qui
3322 4486 3453 4543 ergo

189 4554 558 4625 ἀναστρέφων
601 4556 695 4607 καὶ
722 4556 1130 4627 οτηριξόμενος,
1162 4558 1257 4612 καὶ
1285 4560 1376 4612 τὸν
1409 4560 1636 4615 πλοῦτον
1665 4563 1773 4615 τῶν

1879 4557 1992 4610 hac
2023 4568 2205 4611 mente
2240 4559 2469 4612 revolvit
2498 4570 2661 4629 atque
2705 4560 2911 4628 deligit,
2944 4576 3009 4615 ac
3055 4561 3449 4618 beneﬁciorum

187 4643 534 4714 εὐεργεσιῶν
567 4646 952 4715 έπερχόμενος,
984 4648 1202 4702 έπειδάν
1232 4649 1412 4719 μέλλει
1439 4651 1538 4722 τῆς
1574 4669 1769 4721 μυστι-

188 4738 300 4808 κῆς
319 4736 525 4809 ταύτης
547 4738 640 4791 καὶ
667 4739 947 4809 ἀκηράτου
974 4740 1179 4809 τροφῆς
1206 4741 1474 4814 μετέχειν,
1505 4744 1663 4814 δῆλον
1690 4747 1771 4799 ὃτι

189 4828 443 4899 καθαρὸν
470 4829 563 4883 καὶ
589 4830 855 4900 ἀμέτοχον
876 4830 985 4884 τῶν
1012 4831 1263 4904 πονηρῶν
1293 4834 1545 4905 πράξεων
1568 4837 1774 4907 ὀφείλει

189 4921 644 4991 παρασκευάζειν
675 4923 897 4977 ἑαυτόνο
942 4918 1031 4977 οἷα
1067 4923 1130 4995 δὴ
1177 4924 1389 4994 μέλλων
1430 4929 1522 4982 τὸν
1550 4928 1776 4999 βασιλέα

187 5014 419 5067 πάντων
449 5013 541 5065 καὶ
568 5014 847 5084 Δεσπότην
880 5016 946 5085 τῇ
984 5017 1257 5088 παρουσία
1276 5017 1368 5072 τοῦ
1393 5019 1643 5090 σώματος
1676 5022 1776 5075 αύ-

185 5102 290 5157 τοῦ
321 5105 383 5157 ιν
406 5105 520 5165 τοῖς
538 5104 638 5173 τῆς
666 5104 841 5175 ψυχῆς
864 5105 1222 5172 ὑποδέξασθαι
1244 5106 1507 5178 θαλάμοις
1543 5127 1774 5164 συνανα-

186 5196 530 5266 κιρνάμενον
576 5196 799 5267 ἀρρήτῳ
831 5196 975 5268 λόγῳ
1016 5200 1109 5253 καὶ
1138 5200 1276 5271 ὑπὲρ
1309 5202 1613 5273 κατάληψιν
1658 5204 1777 5273 φιλ-

188 5285 514 5356 ανθρωπίᾳ.
548 5286 643 5339 καὶ
668 5288 1048 5358 συμφυόμενον
1082 5288 1295 5360 σώματι
1322 5292 1400 5363 τῷ
1426 5295 1680 5365 ἡμετέρῳ
1700 5314 1711 5326 ·
1749 5298 1777 5348 ὁ

187 5378 249 5431 δι
290 5376 375 5448 μὴ
398 5376 883 5455 προκαθηράμενος
917 5381 1107 5434 ἑαυτὸν
1142 5382 1250 5436 τῶν
1294 5384 1655 5455 μολυσμάτων
1684 5388 1777 5439 καὶ

430 5443 532 5521 33a
560 5443 746 5540 τε
772 5470 948 5542 ψυχὴν
982 5475 1073 5525 καὶ
1109 5473 1210 5527 ὅσα
1244 5443 1307 5527 :8
1334 5443 1492 5545 σῶμα
1522 5478 1771 5547 λυμαίνε-

185 5577 289 5615 ται
343 5560 442 5613 καὶ
474 5561 854 5630 καταμο).ύνει,
896 5562 1032 5617 ἀλλά
1062 5564 1319 5634 ρυποῦντι
1370 5568 1467 5638 μὲν
1511 5568 1632 5639 βίῳ,
1672 5570 1771 5638 ῥυ-

188 5650 398 5703 ποῦντι
434 5648 493 5702 δὲ
536 5649 780 5722 λογισμῷ
812 5652 909 5719 τῆς
958 5655 1227 5724 μυστικῆς
1265 5656 1501 5725 προσιὼν
1534 5659 1628 5714 καὶ
1665 5662 1772 5713 ἀπ-

191 5740 637 5811 αθανατιζούσης
662 5743 939 5814 τραπέζης
966 5748 1276 5816 μετασχεῖν,
1300 5742 1451 5813 οὗτος
1474 5751 1534 5804 ού
1561 5751 1776 5822 μετέχει

270 5857 497 5911 “Hebr.
531 5874 601 5918 vs.
634 5859 718 5912 iii.
801 5860 845 5891 "
877 5858 1025 5913 Jnan,
1062 5877 1131 5919 \‘l,
1162 5861 1245 5911 ῖιζὲ.

1875 4650 2087 4718 copiam
2116 4651 2329 4716 recolit,
2375 4652 2813 4723 quotiescunque
2874 4654 3088 4725 mystici
3142 4655 3306 4725 liujus
3350 4657 3452 4711 illi-

1880 4740 2101 4811 batique
2125 4741 2229 4795 cibi
2265 4744 2535 4813 particeps
2557 4752 2641 4797 est
2672 4742 2909 4810 futurus,
2941 4745 3085 4801 hunc.
3112 4758 3330 4801 constat
3354 4765 3452 4819 pu—

1881 4846 2002 4886 rum
2038 4847 2098 4887 se
2141 4832 2433 4901 pravisque
2460 4832 2721 4903 operibus
2762 4834 3004 4889 alienum
3036 4848 3307 4904 jpraestare
3359 4840 3452 4891 de-

1879 4923 2053 4979 bere:
2098 4923 2297 4993 quippe
2322 4922 2414 4992 qni
2457 4922 2821 4979 universalem
2878 4922 3078 4996 Regem
3138 4940 3203 4980 ac
3265 4926 3452 4982 Domi-

1880 5028 2010 5067 num
2086 5028 2321 5083 corpore
2386 5013 2505 5083 ipso
2567 5022 2889 5085 presentem
2959 5026 3292 5085 excepturus
3345 5030 3450 5081 est,

1878 5105 2232 5162 conclavibus
2264 5107 2462 5161 animae
2488 5106 2746 5163 ineﬂ‘abili
2798 5109 3011 5164 ratione
3038 5117 3094 5164 et
3142 5110 3452 5181 incompreo

1879 5198 2133 5255 hensibili
2186 5199 2473 5255 clementia
2552 5199 2817 5266 infusum,
2881 5210 3179 5272 nostroque
3234 5206 3455 5275 corpori

1880 5290 2203 5345 immistum.
2262 5288 2383 5344 Jam
2423 5291 2517 5360 qui
2552 5306 2609 5347 se
2643 5291 2822 5362 ipsum
2856 5294 3089 5349 maculis
3114 5304 3280 5365 atque
3330 5312 3457 5365 pas-

1884 5382 2133 5439 sionibus
2184 5382 2324 5437 haud
2368 5393 2494 5438 ante
2553 5386 2891 5453 purgaverit,
2942 5402 3286 5457 quaecunque
3334 5389 3455 5442 ani—

1886 5489 2035 5528 mum
2070 5474 2190 5544 ejus
2214 5488 2523 5545 corpusque
2555 5474 2787 5545 impiant
2817 5490 2883 5531 ac
2930 5478 3174 5544 (cedant;
3213 5479 3305 5533 sed
3336 5495 3455 5534 sor-

1882 5565 2005 5619 dida
2063 5565 2170 5619 vita
2211 5566 2540 5637 sordidaque
2597 5580 2781 5623 mente
2834 5569 2902 5624 ad
2963 5569 3273 5641 mysticam,
3337 5588 3458 5643 qua:

1884 5658 2348 5715 immortalitatem
2418 5658 2610 5725 donat,
2669 5677 2914 5717 mensam
2972 5664 3228 5719 vescendi
3290 5680 3453 5718 εαιιμει

1884 5751 2176 5808 accesserit
2208 5767 2221 5816 ;
2256 5752 2343 5808 hic
2369 5752 2681 5809 mehercule
2713 5754 2902 5823 gratim
2934 5764 3044 5809 non
3062 5755 3120 5809 tit
3148 5754 3452 5825 partici‘ps:
