4186 6444
789 387 896 449 455

1933 379 2192 439 [ἮΟΤΙΙ
2231 379 2732 441 ΡΑΤΠΙΑΒΕΙΙᾸΞ
2755 382 2863 442 CP.

3916 386 4022 448 655

793 514 967 567 neque
1009 494 1152 550 enim
1197 504 1356 562 putro
1386 505 1482 544 vas
1543 499 1878 557 unguentum
1931 491 2216 544 continere
2265 503 2362 558 ρο·-
2389 492 2419 550 Α

2466 492 2564 559 μὲν
2582 492 2680 562 τῆς
2702 493 2942 563 χάριτος·
2972 491 3220 564 οὐδὲγὰρ
3248 496 3458 565 σαπρὸν
3475 497 3680 567 δοκεῖον
3702 500 3878 568 μύρον
3899 501 4028 555 ὕπο·

787 597 894 644 test
923 606 936 653 ;
969 599 1141 653 neque
1172 582 1465 652 margarita
1494 581 1841 648 sterquilinio
1887 580 2342 650 commendatur:

787 689 899 734 tum
929 678 1055 746 quia
1088 675 1252 728 violat
1281 689 1344 728 ac
1372 673 1693 728 dehonestat
1731 686 1842 724 rem
1888 685 1994 723 non
2031 671 2192 724 modo
2215 685 2345 723 con-

785 769 1007 824 tumelia
1055 766 1355 835 indignam,
1401 764 1494 818 sed
1557 763 1646 818 cui
1700 778 1797 832 par
1867 763 2041 815 honor
2093 761 2344 816 adhiberi

785 861 967 913 nullus
1005 866 1211 928 potest,
1247 857 1295 910 is
1327 855 1527 909 summi
1563 854 1786 909 sceleris
1816 853 2172 922 semetipsum
2193 868 2344 907 reum

783 949 1086 1006 constituit.
1128 946 1368 1016 lnjurius
1394 946 1538 1000 enim
1559 953 1642 999 est
1672 945 1724 998 in
1750 943 2090 1000 Dominicum
2123 959 2343 1014 corpus,

784 1041 946 1096 sicuti
971 1039 1229 1094 adversus
1264 1037 1405 1092 idem
1438 1036 1703 1106 injuriosa
1737 1035 1838 1090 l'uit
1864 1036 1992 1088 olim
2030 1033 2344 1089 Iudaeorum

783 1133 1028 1196 audacia,
1060 1146 1089 1184 a
1120 1146 1227 1200 qua
1253 1130 1406 1185 cruci
1445 1128 1699 1185 sulIixum
1745 1127 1869 1181 fuit.
1902 1127 2268 1193 Quamobrem
2299 1127 2345 1182 is

780 1225 872 1295 qui
916 1222 1175 1278 urebatur
1203 1219 1608 1290 quodammodo
1660 1227 1713 1274 et
1768 1218 2065 1285 aegrotabat
2125 1226 2346 1287 prOpter

781 1329 874 1369 eos
900 1313 993 1383 qui
1030 1313 1131 1366 tide
1161 1311 1482 1365 labebantur
1505 1318 1557 1364 et
1587 1307 1903 1363 laborabant
1930 1306 1996 1373 “,
2033 1307 2164 1361 dum
2184 1305 2345 1376 hujus

781 1405 984 1472 peccati
1040 1403 1468 1473 magnitudinem
1536 1401 1917 1455 demonstrare
1972 1399 2175 1459 studet,
2231 1413 2344 1452 non

782 1496 912 1550 satis
941 1494 1149 1555 habuit,
1180 1492 1346 1547 semel
1375 1490 1600 1553 dixisse.
1619 1490 1887 1560 ejusmodi
1919 1489 2194 1543 hominem
2218 1474 2346 1543 cor-

783 1585 929 1652 poris
977 1597 1039 1637 ac
1091 1581 1376 1652 sanguinis
1413 1579 1631 1635 Domini
1661 1593 1783 1634 esse
1839 1594 2032 1644 reum;
2092 1578 2186 1634 sed
2217 1592 2344 1631 mox

784 1688 972 1728 rursus
1019 1682 1250 1728 testatus
1300 1681 1425 1727 est:
1489 1672 1633 1737 «Qui
1676 1669 1967 1724 manducat
2015 1684 2210 1738 panem
2265 1667 2346 1723 bi-

783 1768 967 1835 bitque
998 1766 1222 1820 calicem
1265 1764 1481 1818 Domini
1521 1765 1758 1832 indigne,
1793 1761 1881 1817 hic
1928 1761 2031 1817 sibi
2077 1760 2343 1831 judicium

782 1857 1074 1910 mamlucat
1103 1868 1167 1909 ac
1197 1855 1330 1908 bibit
1362 1855 1428 1906 ⁸⁵.
1467 1873 1486 1904 ε

851 1947 905 2000 5.
939 1946 1112 2014 Atque
1180 1945 1233 1997 in
1285 1945 1427 1996 hanc
1498 1940 1754 1995 nimirum
1825 1939 2149 1994 sententiam
2229 1937 2346 2008 ipse

783 2053 963 2092 rerum
990 2036 1349 2090 invisibilium
1380 2043 1653 2104 spectator
1683 2041 1736 2085 et
1765 2031 2119 2086 ineﬂabilium
2157 2046 2347 2085 narra-

785 2140 870 2184 tor
903 2139 1066 2199 atque
1094 2129 1354 2198 magister
1384 2142 1536 2180 reum
1559 2140 1677 2179 esse
1693 2125 1824 2178 dicit
1855 2124 2100 2192 corporis
2132 2131 2188 2176 et
2217 2137 2346 2177 san-

783 2221 965 2288 guinis
1019 2218 1230 2272 Domini
1281 2217 1594 2285 qnicunque
1643 2214 1863 2284 indigne
1919 2212 2252 2267 manducare
2293 2221 2348 2266 et

784 2311 970 2366 bibere
1003 2309 1188 2363 audet.
1220 2307 1361 2373 Quid
1392 2307 1537 2360 enim
1562 2305 1585 2358 1
1615 2305 1750 2360 Cum
1799 2315 1951 2359 vacet
1981 2318 2212 2374 purgare
2259 2317 2348 2357 me

785 2404 961 2470 ipsum
1010 2397 1364 2465 maculasque
1422 2395 1742 2464 poenitentia
1805 2394 2141 2462 abstergere,
2183 2401 2348 2459 atque

785 2501 853 2546 ita
887 2491 953 2545 ad
990 2490 1340 2560 purissimam
1373 2500 1508 2548 rem,
1569 2485 1677 2540 imo
1705 2482 1808 2538 ad'
1831 2483 2082 2552 puritatis
2122 2482 2349 2541 aﬂluen-

785 2595 890 2637 tem
932 2582 1104 2648 magis
1130 2596 1292 2649 quam
1338 2577 1564 2647 cogitari
1599 2586 1776 2645 potest
1819 2574 2014 2630 fontem
2053 2575 2346 2640 accedere;

781 2689 882 2744 ego
915 2683 1102 2726 contra
1133 2671 1278 2723 nulla
1334 2668 1386 2721 id
1427 2668 1754 2737 cogitatione
1803 2681 2002 2721 curave
2045 2662 2349 2736 dignabor?

782 2775 946 2834 atque
970 2773 1026 2817 nt
1052 2779 1219 2832 purus
1247 2761 1616 2832 spectantibus
1662 2761 1868 2824 videar,
1906 2761 2218 2828 dignusque
2246 2759 2349 2812 hac

782 2861 953 2922 gratia
982 2869 1034 2913 et
1076 2857 1154 2910 rei
1185 2873 1310 2917 usu,
1341 2870 1517 2908 meam
1573 2854 1688 2923 ipse
1733 2851 2062 2906 contumelia
2116 2848 2347 2903 salutem

783 2948 1034 3009 alliciant.
1070 2959 1245 3014 neque
1274 2944 1500 2998 illudere
1529 2942 1602 2996 itli
1653 2942 2003 2995 extimescam
2037 2959 2054 2991 ι
2093 2940 2145 2993 in
2186 2952 2348 3008 quem

783 3039 957 3108 angeli
991 3045 1179 3106 optant
1217 3035 1530 3105 prospicere
1552 3033 1634 3086 “i
1662 3052 1680 3084 ι
1723 3031 1972 3086 Profecto
2000 3033 2095 3101 qui
2122 3031 2347 3101 gloriam

786 3127 1018 3181 invicem
1059 3125 1486 3193 aucnpantur",
1523 3124 1575 3178 hi
1617 3137 1789 3191 neque
1841 3137 1958 3174 eam
1991 3138 2115 3190 quae
2163 3137 2190 3175 a
2231 3122 2348 3175 solo

789 3221 896 3274 Deo
919 3227 1000 3273 est
1039 3218 1268 3288 gloriam
1316 3225 1587 3284 quaerunt,
1619 3229 1793 3282 neque
1834 3214 2074 3283 mysterii
2136 3213 2346 3282 magni-

784 3309 958 3367 tudini
991 3308 1236 3362 eredunt.
1275 3305 1407 3358 Nam
1444 3306 1681 3359 clemens
1707 3303 1923 3371 quidem
1961 3313 2144 3356 noster
2185 3302 2352 3356 Crea-

783 3411 867 3453 tor
897 3400 1148 3467 indignos
1185 3414 1291 3452 non
1331 3396 1590 3449 ineffabili
1616 3397 1871 3462 dignatus
1911 3394 2177 3448 benelicio
2213 3401 2298 3446 est
2333 3410 2346 3445 :

785 3508 886 3546 nos
917 3502 1097 3545 autem
1155 3499 1306 3544 tanto
1340 3503 1567 3541 munere
1621 3485 1820 3549 alie-eti,
1867 3500 2060 3554 nempe
2105 3497 2163 3538 ut
2229 3483 2348 3554 ejus

782 3586 1028 3652 corporis
1085 3583 1377 3650 participes
1443 3582 1615 3635 simus
1675 3579 1743 3647 (si
1800 3589 1949 3632 certe
2010 3576 2350 3630 voluerimus

786 3675 993 3728 viribus
1013 3673 1249 3742 acceptis
1275 3683 1328 3726 et
1362 3673 1535 3742 gratia
1560 3671 1624 3724 ad
1655 3679 1816 3724 tanta:
1837 3669 2111 3738 dignitatis
2133 3668 2347 3722 culmen

786 3765 1140 3834 ascendere),
1195 3765 1298 3818 nisi
1351 3766 1498 3818 omni
1533 3763 1714 3816 studio
1766 3770 1976 3814 nOsmet
2015 3761 2119 3830 ipsi
2185 3774 2349 3828 puros

787 3857 1197 3925 praebuerimus,
1251 3870 1430 3908 nonne
1460 3854 1662 3922 duplici
1722 3853 2069 3906 damnatione
2134 3858 2349 3904 nosmet

786 3965 907 4002 reos
933 3963 1053 4002 csse
1085 3945 1482 4000 ostendemus?
1515 3961 1617 3998 uua
1670 3946 1910 4013 quidem,
1939 3945 2065 4013 quia
2127 3958 2249 3997 cum
2283 3941 2347 3994 li-

783 4046 932 4090 ceret
975 4047 1178 4090 tantam
1227 4038 1494 4091 honorum
1552 4035 1764 4103 copiam
1827 4035 2050 4095 lucrari,
2100 4033 2346 4087 renueri-

783 4147 926 4191 mus,
963 4140 1286 4198 nosquemet
1316 4139 1464 4182 tanto
1511 4128 1878 4181 emolumento
1913 4142 1975 4180 ac
1999 4127 2173 4180 salute
2201 4124 2348 4180 frau-

781 4222 1114 4275 daverimus.
1150 4218 1382 4287 (Quippe
1414 4220 1517 4271 hoc
1545 4219 1718 4284 ipsum
1746 4217 1951 4282 absque
1976 4217 2082 4270 alia
2097 4213 2344 4268 animad-

783 4311 1050 4373 versione,
1085 4310 1321 4364 maxima
1354 4308 1634 4362 damnatio
1674 4317 1778 4370 est,
1805 4309 2016 4361 dicente.
2066 4307 2296 4361 Domino
2330 4324 2342 4359 :

788 4421 804 4451 ι
845 4401 945 4463 Qui
1002 4417 1109 4452 non
1155 4400 1325 4453 credit
1366 4397 1545 4459 ‘Filio,
1608 4396 1717 4466 jam
1773 4396 2048 4464 judicatus
2105 4395 2248 4449 est"
2278 4413 2293 4463 ;
2321 4414 2338 4446 ι

784 4509 976 4560 netiipe
1037 4491 1365 4545 sententiam
1443 4493 1584 4542 intra
1652 4503 1710 4541 se
1770 4489 1926 4556 gerit.
1989 4487 2419 4558 Quamnam?D

783 4598 974 4652 nempe
1001 4584 1144 4652 quod
1162 4582 1210 4635 ei
1248 4597 1352 4635 non
1400 4579 1673 4646 credidit.)
1707 4579 1890 4630 Altera
1928 4577 2208 4630 damnatio
2237 4585 2340 4642 est,

780 4675 925 4744 quod
955 4674 1158 4726 donum
1189 4672 1583 4741 spreverimns,
1617 4668 1760 4738 quod
1798 4670 1983 4739 gratia:
2012 4669 2194 4737 injurii
2228 4666 2344 4721 fue-

781 4770 975 4831 rimus,
1010 4765 1154 4834 quod
1181 4765 1318 4817 bene
1357 4762 1513 4816 nobis
1543 4761 1832 4816 facientem
1866 4761 2014 4812 nullo
2043 4760 2216 4828 pretio
2244 4759 2342 4812 ha-

782 4860 1099 4913 buerimus:
1159 4856 1289 4910 dum
1343 4854 1446 4908 hac
1476 4851 1730 4907 alimonia
1786 4851 2031 4919 mystica,
2072 4865 2193 4918 qua:
2241 4863 2342 4902 nos

781 4949 900 5018 puri
939 4947 1060 5016 ejus
1107 4947 1351 5013 corporis
1396 4942 1523 4997 facit
1561 4942 1873 5012 participes,
1910 4951 2170 5008 tanquam
2225 4939 2343 4992 vul-

781 5039 895 5109 gari
931 5053 1116 5091 mensa
1155 5034 1312 5089 abusi
1367 5050 1578 5088 sumus.
1616 5031 1756 5100 Ergo
1780 5030 2044 5099 ejusmodi
2095 5027 2343 5081 homines

783 5129 924 5184 haud
951 5130 1201 5183 meliores
1222 5125 1424 5180 Judazis
1447 5134 1594 5187 sunt,
1627 5123 1720 5191 qui
1755 5121 2084 5174 horrendum
2131 5118 2262 5172 illud
2290 5127 2344 5172 et

783 5225 1018 5275 immane
1035 5219 1246 5273 facinus
1276 5226 1802 5287 perpetrarunt,cutn
1836 5211 2104 5266 vivilicnm
2139 5210 2342 5264 Christi

781 5327 979 5382 corpus
1015 5312 1163 5381 ligno
1194 5308 1621 5377 suspenderunt,
1659 5304 1984 5373 spiculoque
2014 5301 2336 5370 sanguinem

779 5405 1166 5459 exhauserunt.
1213 5399 1577 5467 Quamobrem
1643 5405 1766 5464 apta
1823 5396 2094 5449 locutione
2153 5392 2340 5446 mundi

778 5497 966 5551 doctor
994 5509 1112 5549 reos
1140 5494 1238 5548 hos
1263 5490 1510 5560 corporis
1537 5500 1590 5544 et
1619 5486 1897 5556 sanguinis
1951 5485 2162 5539 Domini
2203 5499 2330 5554 pro-

782 5589 1067 5642 nuntiavit.

850 5749 891 5776 ⁸·
925 5745 959 5798 ll
991 5745 1115 5798 Cur.
1150 5759 1221 5805 xu,
1252 5742 1339 5797 ‘2').
1419 5740 1502 5792 ³³1
1540 5738 1663 5790 (Zur.
1712 5752 1781 5795 χι,
1821 5733 1908 5786 '29.

1988 5735 2027 5763 “"
2065 5732 2080 5783 Ι
2111 5731 2250 5784 Ριξίν.
2286 5747 2320 5794 1,
2365 5730 2444 5782 12.

2446 581 2698 644 δέξασθαι
2738 581 2992 634 δύναται⁶
3027 584 3149 637 οὐδὲ⁹
3193 586 3536 657 μαργαρίτης
3570 588 3812 661 βορδόρῳ
3848 609 4025 644 κακα-

2450 673 2793 726 πιστεύεται·
2835 673 2951 726 ἀλλ’
2984 675 3220 743 ὑϐρίζων
3258 679 3352 730 καὶ
3385 679 3668 748 ἀτιμάζων
3721 681 3783 734 τὸ
3829 685 4018 752 κρείτ-

2447 779 2538 815 τον
2559 763 2620 816 ού
2646 764 2806 833 μόνον
2831 763 3036 834 ὕϐρεως
3057 765 3195 818 ἀλλά
3218 765 3312 819 καὶ
3337 764 3688 838 τιμῆς,οὗτος
3709 773 4025 841 ἀπαραιτή-

2445 871 2540 906 του
2567 855 2836 924 κρίματος
2861 857 3050 909 ἑαυτὸν
3080 858 3327 928 ἀπέφηνε
3355 861 3603 930 μέτοχονο
3637 863 3892 933 ἐξύϐρισε
3921 867 4026 935 γάρ

2445 947 2507 998 τὸ
2532 946 2690 1015 σῶμα
2724 947 2784 1000 τὸ
2819 949 3168 1014 Δεσποτικὸν,
3192 952 3270 1014 εἰς
3298 950 3326 1003 ὃ
3345 952 3453 1005 τῶν
3486 952 3754 1007 Ἰουδαίων
3782 956 3816 1024 ἡ
3852 956 4027 1024 τόλμα

2447 1037 2669 1108 σταυρῷ
2696 1037 3088 1110 προεξύδρισεν
3115 1042 3470 1112 ἀναρτήσασα
3492 1058 3506 1073 ·
3545 1044 3626 1096 διὸ
3650 1045 3744 1098 καὶ
3765 1047 3795 1097 6
3817 1046 4026 1116 πυρού-

2451 1147 2608 1199 μενος
2657 1131 2752 1183 καὶ
2789 1131 3032 1184 ἀσθενῶν
3080 1133 3220 1202 ὑπὲρ
3272 1134 3381 1187 τῶν
3426 1136 4023 1208 σκανδαλιζομένωντῇ

2448 1218 2630 1270 πίστει
2662 1220 2755 1271 καὶ
2789 1219 3179 1284 ἀσθενούντων,
3213 1223 3274 1275 τὸ
3309 1224 3536 1292 μέγεθος
3559 1225 3653 1277 τοῦ
3685 1227 4024 1297 ἁμαρτήμα-

2446 1327 2536 1372 τος
2572 1309 2871 1380 παριστῶν,
2898 1311 2999 1365 οὐκ
3049 1313 3292 1383 ἠρκέσθη
3342 1315 3487 1381 ἅπαξ
3528 1318 3701 1369 εἰπεῖν
3737 1317 3812 1380 ὡς
3845 1317 4027 1387 ἔνοχός

2447 1399 2592 1468 ἐστιν
2648 1399 2679 1452 6
2739 1397 2977 1465 τοιοῦτος
3029 1401 3124 1454 τοῦ
3191 1402 3440 1472 σώματος
3496 1407 3590 1458 καὶ
3647 1405 3741 1459 τοῦ
3792 1408 4026 1475 ατματος

2444 1489 2539 1540 τοῦ
2599 1490 2826 1563 Κυρίου,
2867 1490 3002 1544 ἀλλά
3047 1493 3142 1546 καὶ
3195 1493 3448 1563 δεύτερον
3506 1497 3666 1549 πάλιν
3716 1498 4027 1566 ἐπεμαρτύ-

2447 1597 2599 1650 ρατο,
2640 1581 2716 1645 ὡς
2768 1584 2797 1634 6
2845 1581 3041 1636 ἐσθίων
3087 1583 3180 1636 καὶ
3225 1585 3396 1639 πίνων
3447 1587 3678 1651 ἀναξίως
3723 1587 3816 1638 τὸν
3864 1587 4028 1655 ἄρτον

2446 1672 2541 1724 καὶ
2576 1671 2637 1726 τδ
2667 1673 2924 1744 ποτήριον
2953 1671 3048 1726 τοῦ
3076 1673 3308 1744 Κυρίου,
3341 1676 3515 1748 κρίμα
3537 1676 3713 1747 ἑαυτῷ
3737 1676 3910 1732 ἐσθίει
3937 1677 4024 1732 καὶ

2448 1765 2614 1824 πίνει.

2517 1947 2586 2008 γ’.
2614 1941 2726 1995 Καὶ
2777 1941 2936 1996 τοῦτό
2992 1943 3140 1995 ἐστιν
3183 1944 3322 2015 ὅπερ
3369 1944 3529 2007 αὐτὸς
3567 1948 3596 2000 6
3637 1945 3747 2000 τῶν
3778 1947 4028 2003 ἀθεάτων

2449 2033 2652 2104 θεωρὸς
2703 2033 2798 2087 κα)⁵
2851 2034 2959 2087 τῶν
3017 2034 3268 2106 ἀρρήτων
3328 2037 3512 2108 ῥήτωρ
3565 2039 3660 2091 καὶ
3704 2038 4026 2102 διδάσκαλος

2447 2124 2648 2194 ἔφησεν
2703 2124 2887 2194 ἔνοχον
2936 2121 3076 2181 εἶναι
3118 2125 3213 2179 τοῦ
3246 2125 3497 2196 σώματος
3531 2131 3628 2181 καὶ
3657 2128 3752 2182 τοῦ
3795 2131 4028 2200 αἵματος

2445 2214 2540 2267 τοῦ
2572 2217 2799 2286 Κυρίου,
2830 2218 2920 2272 τὸν
2950 2219 3181 2286 ἀναξίως
3208 2221 3405 2275 ἐσθίειν
3427 2222 3560 2276 αὐτὸ
3580 2225 3672 2277 καὶ
3695 2224 3874 2280 πίνειν
3896 2226 4028 2278 ἀπο-

2449 2305 2887 2376 θαρσυνόμενον·
2940 2310 2994 2362 τί
3045 2313 3175 2382 γὰρ,
3204 2313 3323 2366 ἐνὸν
3375 2312 3657 2384 καθαίρειν
3694 2316 3889 2370 ἑαυτὸν
3936 2319 4029 2370 καὶ

2447 2398 2789 2467 ἀποσμήχειν
2814 2398 2904 2453 διά
2937 2402 3226 2469 μετανοίας
3256 2401 3365 2455 τῶν
3388 2403 3769 2474 μολυσμάτων,
3795 2405 3943 2460 οὕτω
3967 2425 4026 2460 τε

2452 2488 2729 2558 προσιέναι
2754 2490 2829 2558 τῷ
2854 2490 3246 2563 καθαρωτάτῳ,
3273 2494 3472 2562 μᾶλλον
3499 2496 3555 2547 δὲ
3582 2495 3656 2566 τῷ
3680 2497 3819 2566 ὑπὲρ
3845 2501 4030 2553 πᾶσαν

2449 2577 2654 2632 ἔννοιαν
2701 2580 2998 2650 πηγάζοντι
3045 2580 3333 2653 κάθαρσιν,
3367 2583 3476 2651 ἐγὼ
3512 2585 3570 2638 δὲ
3613 2585 3771 2640 τοῦτο
3803 2588 3906 2656 μὲν
3937 2591 4030 2643 ἐπὶ

2449 2667 2737 2739 λογισμοὺς
2761 2671 3049 2725 ἀναλαϐεῖν
3074 2673 3166 2724 καὶ
3189 2674 3483 2742 μετελθεῖν,
3513 2675 3769 2746 οὐδεμιᾶς
3799 2680 4029 2749 γίνομαι

2449 2760 2766 2828 φροντίδος;
2811 2760 2898 2815 ἵνα
2949 2761 3007 2816 δὲ
3057 2762 3192 2827 δόξω
3231 2765 3464 2836 καθαρὸς
3507 2762 3792 2833 εἶναιτοῖς
3833 2772 4028 2840 δρῶσι,

2449 2850 2545 2902 καὶ
2591 2850 2738 2914 ἄξιος
2793 2853 3061 2919 τοσαύτης
3102 2856 3321 2926 χάριτος
3365 2858 3459 2908 καὶ
3503 2859 3881 2925 ἀπολαύσεως,
3931 2863 4030 2929 τὴν

2453 2941 2593 3010 ἐμὴν
2624 2941 2830 3011 ὑϐρίζω
2853 2945 3158 3012 σωτηρίανς
3192 2947 3284 2999 καὶ
3315 2947 3530 3010 παίζειν
3558 2949 3618 3000 οὐ
3647 2949 3856 3019 φρίττω
3879 2954 3963 3014 εἰς
3995 2952 4030 3004 ἃ

2451 3029 2810 3100 ἐπιθυμοῦσιν
2833 3032 3054 3099 ἄγγελοι
3075 3035 3393 3105 παρακύψαι
3409 3053 3437 3104 ς,
3453 3037 3618 3101 ὅντως
3647 3040 3695 3091 οί
3716 3038 3876 3103 δόξαν
3897 3042 4029 3111 παρ’

2451 3121 2694 3190 ἀλλήλων
2720 3121 3110 3192 λαμϐάνοντες,
3133 3124 3256 3179 οὕτε
3288 3129 3386 3194 τὴν
3409 3129 3559 3198 παρά
3581 3128 3674 3182 τοῦ
3705 3131 3870 3198 μόνου
3891 3132 4028 3185 Θεο)

2450 3213 2607 3279 δόξαν
2643 3213 2917 3284 ζητοῦσιν,
2953 3216 3076 3269 οὔτε
3108 3217 3184 3287 τῷ
3214 3219 3431 3288 μεγέθει
3461 3220 3555 3273 τοῦ
3597 3222 3902 3292 μυστηρίου
3933 3242 4027 3276 πι-

2452 3304 2765 3357 στεύουσιν·
2807 3307 2835 3358 6
2890 3307 2989 3375 μὲν
3039 3309 3146 3378 γὰρ
3195 3309 3572 3381 φιλάνθρωπος
3611 3312 3767 3381 ἡμῶν
3823 3316 4029 3369 πλαστ-

2449 3397 2666 3466 ουργὸς,
2709 3398 2959 3463 ἀναξίους
3000 3399 3156 3460 ὄντας
3203 3400 3312 3451 τῶν
3371 3401 3509 3472 ὑπὲρ
3551 3404 3706 3471 λόγον
3754 3405 4025 3474 ἠξίωσεν·

2448 3487 2608 3553 ἡμεῖς
2642 3487 2698 3538 δὲ
2731 3487 2935 3540 τούτων
2969 3489 3287 3554 ἀξιωθέντες
3323 3493 3413 3543 καὶ
3447 3491 3722 3562 σύσσωμοι
3754 3496 3851 3548 καὶ
3883 3514 4028 3565 συμ-

2453 3577 2668 3646 μέτοχοι
2704 3580 3063 3648 χρηματίζειν
3098 3579 3265 3633 αὺτοῦ
3301 3581 3390 3648 (ἂν
3419 3581 3525 3650 ἀρα
3559 3582 3881 3654 βουλώμεθα
3920 3587 4029 3655 ῥώ-

2453 3684 2559 3735 μην
2587 3669 2678 3720 καὶ
2719 3670 2877 3737 χάριν
2906 3669 3179 3732 λαϐόντες,
3211 3672 3306 3724 καὶ
3333 3673 3468 3740 πρὸς
3500 3675 3751 3726 τοσοῦτον
3780 3677 4030 3729 ἀνελθεῖν

2451 3757 2756 3827 ἀξιώματος
2796 3760 2970 3829 ὕψος),
3009 3762 3056 3814 εί
3087 3761 3326 3832 μὴκατὰ
3363 3767 3541 3818 πᾶσαν
3577 3767 3813 3837 σπουδὴν
3851 3769 4029 3820 καθα-

2450 3851 2576 3921 ροὺς
2621 3853 2846 3914 ἑαυτοὺς
2899 3855 3465 3924 παρασκευασώμεθα,
3511 3857 3626 3920 πῶς
3661 3859 3780 3927 οὐχὶ
3829 3860 4029 3926 διπλῆς

2449 3941 2665 4010 ἐνόχους
2729 3945 3099 4014 ἀποφαίνομεν
3153 3947 3376 4009 ἑαυτοὺς
3415 3949 3830 4017 κατακρίσεως;
3892 3953 4030 4019 μιᾶς

2450 4035 2568 4102 μὲν,
2601 4035 2681 4086 ὃτι
2732 4034 3002 4104 τοσαύτην
3040 4037 3258 4104 ἀγαθῶν
3287 4038 3591 4108 ὑπερϐολὴν
3632 4040 3750 4104 ἐξὸν
3795 4044 4027 4112 κερδαί-

2447 4139 2577 4185 νειν,
2602 4123 2962 4191 ἀπωσάμεθα,
3000 4127 3091 4176 καὶ
3120 4125 3448 4196 τηλικαύτης
3493 4128 3717 4190 ἑαυτοὺς
3753 4128 4029 4197 ὠφελείας

2446 4227 2502 4264 τε
2552 4214 2644 4264 καὶ
2683 4215 2954 4284 σωτηρίας
2999 4216 3453 4285 ἀπεστερήσαμεν
3479 4231 3494 4247 ⁸
3538 4217 3694 4271 τοῦτο
3737 4221 3847 4290 γάρ
3892 4222 4030 4274 αὐτὸ

2446 4302 2538 4355 καὶ
2565 4305 2733 4372 χωρὶς
2762 4304 2954 4374 ἐτέρας
2979 4305 3335 4376 εἰσπράξεως,
3363 4308 3589 4378 μεγίστη
3619 4313 3884 4382 καταδίκη
3908 4329 3922 4341 °
3950 4315 4028 4375 ὡς

2445 4392 2540 4444 καὶ
2565 4394 2593 4444 ὁ
2629 4394 2830 4461 Κύριος
2861 4394 3082 4462 ἔφησενο
3118 4413 3135 4444 ι
3162 4395 3218 4446 '0
3243 4395 3315 4463 μὴ
3342 4397 3607 4449 πιστεύων
3636 4401 3714 4460 εἰς
3741 4399 3836 4452 τὸν
3874 4403 4025 4462 my,

2445 4484 2543 4554 ἢδη
2567 4485 2834 4553 κέκριται,
2861 4503 2878 4535 ε
2909 4485 3153 4538 τουτέστι
3182 4487 3293 4555 ἔχει
3317 4489 3414 4556 τὴν
3441 4489 3754 4557 ὁίκην·τίνα
3779 4493 4024 4560 ταύτην;

2450 4575 2579 4628 αὐτὸ
2610 4575 2669 4626 τὸ
2706 4574 2780 4643 μὴ
2809 4576 3094 4629 πιστεῦσαι
3123 4578 3201 4640 είς
3227 4579 3415 4630 αὐτόν’
3463 4581 3651 4649 ἐτέρας
3679 4581 3760 4646 δὲ,
3796 4584 3881 4635 ὅτι
3929 4584 4025 4636 τοῦ

2448 4666 2622 4737 δώρου
2669 4669 3170 4737 κατεφρονήσαμεν,
3222 4670 3303 4721 ὅτι
3344 4670 3442 4738 τὴν
3489 4673 3644 4740 χάριν
3690 4672 4021 4742 ὑϐρίσαμεν,

2447 4756 2539 4809 τὸν
2567 4757 2864 4828 εὐεργέτην
2897 4757 3323 4828 ὲξουθενήσαμεν
3342 4778 3356 4793 ο
3390 4761 3463 4823 ὼς
3493 4766 3643 4832 κοινῇ
3673 4763 3930 4835 τραπέζῃ
3958 4770 4022 4835 τῇ

2453 4851 2686 4920 μυστικῇ
2735 4851 2905 4918 τροφῇ
2939 4849 3034 4902 καὶ
3084 4850 3398 4919 συσσώμους
3438 4853 3582 4922 ἡμᾶς
3615 4853 3709 4905 τοῦ
3741 4856 4024 4923 ἁχράντου

2451 4937 2700 5008 σώματος
2760 4939 2924 4992 αὑτοῦ
2968 4943 3478 5013 παρασκευαζούσῃ,
3523 4947 4021 5015 κατεχρησάμεθαο

2443 5030 2542 5082 οὐκ
2590 5027 2683 5081 οὖν
2744 5030 2897 5082 οὐδὲν
2944 5029 3166 5098 ἄμεινον
3221 5033 3268 5084 οί
3312 5032 3542 5087 τοιοῦτοι
3588 5035 3696 5086 τῶν
3745 5037 4026 5090 Ἰουδαίων

2442 5120 2777 5190 διετέθησαν,
2799 5121 2848 5174 οἳ
2877 5121 2937 5173 τὸ
2959 5122 3186 5191 φρικτὸν
3213 5124 3388 5175 έκεῖνο
3409 5125 3503 5176 καὶ
3531 5124 3832 5197 ἀτόλμητοκ
3856 5127 4026 5197 ιργον

2445 5211 2770 5296 ἐτόλμησαν,
2804 5212 2864 5263 τὸ
2910 5212 3172 5275 ζωοποιδν
3226 5212 3384 5282 σῶμα
3429 5214 3663 5284 Χριστοῦ
3710 5218 3805 5269 ἐπὶ
3855 5217 4023 5284 ξύλου

2444 5301 2843 5369 κρεμάσαντες,
2875 5301 2968 5354 καὶ
2997 5305 3064 5372 τῇ
3092 5301 3260 5373 λόγχῃ
3285 5303 3378 5357 τοῦ
3413 5306 3642 5375 αἵματος
3675 5308 4025 5364 έκκενὼσανο

2448 5407 2538 5453 τες
2564 5408 2576 5422 ·
2620 5390 2808 5460 διόπερ
2841 5391 3075 5459 εὐλόγως
3121 5395 3148 5446 6
3190 5394 3504 5459 διδάσκαλος
3539 5399 3639 5466 τῆς
3663 5401 3976 5470 ὀίκουμέντ
3996 5422 4020 5465 ς

2448 5479 2665 5547 ἐνόχους
2711 5474 2850 5531 εἶναι
2900 5485 3024 5542 τοὺς
3064 5481 3335 5545 τοιούτους
3374 5483 3467 5536 τοῦ
3509 5485 3760 5554 σώματος
3800 5491 3896 5542 καὶ
3930 5491 4021 5543 τιῦ

2450 5571 2677 5639 αἵματος
2707 5569 2800 5622 τοῦ
2831 5570 3034 5639 Κυρίου
3073 5573 3498 5642 κατεψηφίσατο.

2521 5731 2562 5760 ἰ’
2604 5727 2758 5780 .laaa.
2798 5745 2848 5793 ιν,
2896 5727 2976 5781 Ην.
3055 5730 3098 5760 ⁸“
3135 5728 3298 5782 .loan.
3333 5746 3413 5786 Ill.
3448 5730 3533 5782 18.
