4186 6444
251 457 353 523 461

1152 457 1248 516 AD
1286 450 1879 516 AMPH-ILOCHIUM
1921 450 2266 524 QUESTIO
2309 448 2561 509 LXXIV.

3403 452 3510 517 ιθε

252 567 394 619 πολῦ
446 564 618 635 μείζω
650 563 949 635 παρέχεται
990 564 1168 634 χάριν.
1215 563 1327 618 Καὶ
1361 563 1634 635 θειότερον
1686 564 1828 617 ὲκδι-

1935 561 2086 617 dubii
2118 559 2445 615 solutionem
2474 559 2776 627 expetenti,
2803 558 2965 629 longe
2994 560 3257 630 majorem
3282 563 3509 630 gratiam

250 659 442 712 δάσκει
463 656 659 726 δόγμα,
699 658 820 710 ἀντὶ
838 655 940 726 τῆς
976 655 1262 724 φιλολόγου
1290 655 1667 727 προαιρέσεως
1689 656 1826 725 πρὸς

253 748 488 817 θεωρίαν
528 748 747 816 ἀνάγων
791 748 1099 817 φιλόσοφον.
1152 748 1291 819 Φησὶ
1320 748 1451 817 γάρο
1492 747 1821 800 «Πίστευσόν

254 859 370 909 μοι,
410 839 593 907 γύναι,
640 840 723 892 ὅτι
768 839 986 909 ἔρχεται
1012 839 1153 909 ῶρα,
1195 840 1291 893 καὶ
1326 838 1421 891 νῦν
1449 840 1618 901 ἐστιν,
1666 839 1754 892 ὅτε
1783 842 1833 892 οί

251 932 499 1002 ἀληθινοὶ
532 929 905 1000 προσκυνηταὶ
952 931 1387 1001 προσκυνήσουσι
1431 930 1510 1000 τῷ
1553 931 1731 1001 Πατρὶ
1775 931 1833 982 ὲν

251 1022 539 1091 ῐΙνεύματι
566 1022 658 1075 καλ⁵
679 1021 962 1092 ἀληθεία.»
1006 1022 1154 1075 ’Δντὶ
1177 1020 1296 1087 τοῦ,
1319 1022 1416 1088 Σὺ,
1441 1022 1596 1092 φησὶ,
1625 1021 1830 1093 ζητεῖς,

250 1114 483 1181 πότερον
515 1116 548 1183 ή
590 1113 824 1169 Ἰουδαία
850 1113 977 1178 δόξα
1006 1113 1042 1185 ἢ
1067 1113 1169 1183 τῆς
1188 1114 1581 1185 Σαμαρείτιδος
1608 1116 1831 1187 γνώμης

249 1204 315 1255 τὸ
352 1203 680 1273 τιμιώτερον
717 1206 809 1259 καὶ
839 1204 1114 1276 θειότερον
1135 1203 1497 1275 ἀποφέρεται·
1525 1204 1637 1272 ἐγὼ
1659 1204 1718 1257 δέ
1748 1222 1832 1259 σοι

250 1294 554 1363 μυστήριον
574 1293 1071 1367 ἀποκεκρυμμένον
1096 1294 1489 1359 ἀνακαλύπτω,
1524 1296 1608 1349 δτι
1646 1313 1665 1347 ι
1695 1296 1832 1365 Ἐρη

249 1404 408 1454 χεται
435 1386 573 1457 ῶρα,
613 1386 708 1440 καὶ
737 1385 833 1439 νῦν
867 1387 1033 1449 ἐστιν,
1065 1386 1156 1439 ὅτε
1185 1383 1311 1440 οὔτε
1344 1385 1403 1438 ιν
1436 1384 1517 1455 τῷ
1554 1386 1673 1457 δρει
1705 1386 1831 1440 τού-

247 1495 353 1542 τῳ,
377 1477 501 1530 οὕτε
545 1479 605 1530 έν
636 1476 1029 1545 Ἰεροσολύμοις
1055 1480 1464 1548 προσκυνήσετε
1492 1476 1572 1547 τῷ
1594 1476 1824 1547 [Inpia

258 1570 327 1622 Ἦ
360 1570 459 1637 μὲν
486 1570 595 1638 γὰρ
632 1569 772 1641 γυνὴ
818 1570 956 1638 πρὸς
997 1570 1315 1639 φιλοσοφίαν
1344 1571 1540 1625 θᾶττον
1569 1570 1833 1640 γυναικὸς

244 1664 361 1725 τοῖς
401 1661 496 1714 τοῦ
539 1662 789 1732 Σωτῆρος
825 1664 1034 1732 ῥήμασι
1083 1662 1438 1731 μετελθοῦσα,
1490 1663 1591 1716 οὐκ
1634 1664 1716 1717 ἔτι
1762 1662 1833 1717 τά

247 1752 456 1820 ἑαυτῆς
488 1754 621 1816 ἴσως
674 1754 1069 1823 προτιμώμενα
1106 1753 1275 1819 δεῖξαι
1314 1754 1425 1807 τῶν
1454 1753 1828 1824 Ἰσραηλιτῶν,

246 1842 440 1910 ὥσπερ
490 1841 789 1911 καταρχὰς,
841 1841 1197 1907 ἐσπούδαζεν,
1248 1843 1365 1896 ἀλλ’
1396 1841 1678 1897 ἐνδιδοῦσα
1733 1842 1829 1897 καὶ

1934 652 2194 716 exhibet,
2255 660 2311 705 et
2362 650 2740 706 sublimiorem
2803 652 3113 707 doctrinam
3163 653 3421 719 instillat,
3478 669 3507 707 a

1934 743 2221 799 euriosiori
2270 742 2507 812 quodam
2570 743 2910 813 problemate
2972 744 3039 799 ad
3102 745 3508 799 meditationem

1935 834 2367 905 philosophicam
2391 843 2445 888 et
2479 833 2857 888 sublimiorem
2886 835 3182 891 adducens.
3207 837 3296 891 Ait
3322 838 3469 892 enim
3493 858 3506 890 :

1941 942 1959 975 ε
1989 924 2162 980 Crede
2192 924 2348 990 mihi,
2381 924 2603 987 mulier.
2635 925 2781 994 quod
2815 925 2951 980 liora
2973 928 3138 992 venit,
3170 938 3227 983 et
3254 928 3369 997 jam
3404 938 3511 994 est,

1933 1029 2040 1084 qua
2073 1015 2184 1069 veri
2229 1015 2554 1070 adoratores
2602 1015 2913 1069 adorabunt
2958 1015 3175 1070 Patrem
3220 1017 3273 1071 in
3308 1016 3511 1085 Spiritu

1932 1115 1987 1160 et
2023 1106 2251 1161 veritate
2267 1106 2335 1159 ".
2372 1124 2390 1156 ι
2425 1104 2594 1171 Quasi
2620 1104 2831 1159 diceret
2860 1121 2875 1158 :
2907 1106 2988 1159 Tu
3033 1105 3250 1176 quidem
3278 1108 3510 1175 ‘quaaris,

1933 1205 2119 1251 utrum
2176 1193 2403 1250 Judaica
2462 1210 2533 1248 an
2590 1194 2939 1249 Samaritana
2992 1195 3181 1264 epinio
3241 1196 3511 1264 potiorem

1934 1288 2115 1342 locum
2164 1287 2382 1346 habeat.
2431 1295 2487 1340 et
2526 1285 2765 1340 divinior
2787 1285 3083 1354 iudicanda
3113 1286 3219 1351 sit;
3254 1300 3357 1357 ego
3386 1302 3516 1341 vero

1934 1379 2030 1434 tibi
2065 1378 2387 1450 mysterium
2423 1377 2605 1433 adhuc
2651 1377 3039 1433 absconditum
3076 1377 3282 1446 aperio,
3331 1395 3349 1429 ι
3384 1393 3514 1431 ven-

1936 1479 2119 1523 turum
2154 1468 2363 1524 scilicet
2397 1478 2630 1538 tempus,
2670 1477 2726 1522 et
2756 1466 2869 1534 jam
2908 1482 3056 1529 esse,
3084 1482 3196 1536 quo
3241 1482 3422 1537 neque.
3457 1468 3511 1521 in

1934 1569 2120 1615 monte
2166 1559 2289 1624 hoc,
2338 1574 2516 1628 neque
2570 1558 2967 1629 Hierosolymis
3002 1559 3217 1613 Patrem
3259 1560 3515 1613 adorabi-

1934 1652 2004 1705 tis
2022 1651 2087 1706 ".
2123 1670 2142 1703 ι
2184 1649 2322 1705 Tum
2370 1651 2569 1705 mulier
2618 1649 2687 1705 ad
2722 1650 3158 1721 philosOpliicam
3200 1652 3513 1706 meditatio-

1934 1756 2083 1805 nem,
2125 1750 2320 1811 praeter
2354 1739 2685 1795 feminarum
2724 1756 2955 1805 morem,
3007 1740 3307 1799 Salvatoris
3338 1746 3512 1798 nostri

1936 1832 2119 1887 verbis
2168 1832 2468 1902 perducta,
2526 1847 2635 1887 non
2701 1834 2939 1902 amplius
2989 1849 3087 1889 sua
3144 1835 3342 1906 placita
3402 1837 3512 1893 illis

248 1903 609 1998 βελτιουμένη
756 1903 1440 2002 σωτηριώδεινδιδασκαλία
1471 1931 1669 2001 μαθεῖν
1697 1932 1828 2002 ἐζή-

1938 1921 2305 1979 lsraelitarum
2332 1923 2669 1994 praeferenda
2708 1940 2852 1989 esse,
2886 1933 2946 1980 ut
2978 1903 3160 1993 antea,
3203 1928 3509 1991 contendit,

243 2035 332 2071 τει
355 2020 419 2071 τὸ
461 2019 703 2087 ἀμεινον.
729 2021 822 2073 Διὸ
862 2020 957 2074 καὶ
994 2040 1012 2071 ι
1046 2023 1110 2075 Oi
1144 2022 1378 2092 πατέρες
1425 2022 1604 2092 ἡμῶν,
1640 2025 1828 2092 φησὶν,

246 2106 670 2176 προσεκύνησαν
699 2110 757 2161 ὲν
788 2109 866 2179 τῷ
893 2110 1010 2178 δρει
1042 2109 1236 2179 τούτῳ.
1285 2130 1304 2163 ι
1341 2112 1510 2166 Τοῦτο
1536 2112 1644 2184 γάρ
1667 2108 1737 2184 ἦν
1769 2114 1833 2167 τὸ

254 2194 503 2263 μάλιστα
549 2195 661 2249 τῶν
690 2197 1046 2266 Σαμαρειτῶν
1072 2198 1311 2267 ἀννψοῦν
1346 2200 1441 2253 καὶ
1471 2200 1686 2271 ἑξαῖρον
1716 2200 1830 2269 (82)

247 2287 356 2350 τὴν
394 2288 681 2358 ὑπόληψιν.
716 2284 817 2342 Οἷα
848 2290 957 2358 (85)
990 2290 1096 2359 γάρ
1125 2291 1389 2360 παρόντος
1422 2293 1703 2361 προφήτου
1734 2293 1830 2346 καὶ

245 2379 627 2447 ιμπνεομένου
678 2381 754 2450 τῷ
801 2380 1079 2449 Πνεύματι
1127 2387 1237 2435 τῶν
1272 2382 1451 2446 ἀλλοις
1491 2382 1703 2451 ἀδήλων
1731 2383 1830 2454 τὴν

241 2464 559 2531 διάγνωσιν,
590 2467 733 2535 παρ’
760 2468 986 2531 ἐκείνοις
1015 2468 1114 2537 τὴν
1145 2469 1520 2540 ἀληθεστέραν
1545 2469 1704 2537 δόξαν
1725 2472 1820 2525 καὶ

244 2554 604 2625 τελειοτέραν
631 2556 889 2628 ἐπεζήτει
922 2559 1133 2627 μαθεῖν.

329 2842 425 2895 Διά
443 2859 524 2894 τοι
552 2841 707 2895 τοῦτο
730 2844 822 2895 καὶ
850 2843 1125 2913 ἀρχομένη
1155 2845 1253 2912 τῆς
1272 2844 1581 2907 ὑποθέσεως
1608 2847 1792 2912 ελεγεν

250 2952 272 2983 ε
304 2933 499 3000 Κύριε,
525 2933 735 3002 θεωρῶ,
793 2936 874 2987 ὅτι
933 2939 1218 3005 προφήτης
1248 2934 1298 2989 εἷ
1328 2937 1413 2990 σύ.
1450 2958 1467 2988 ι
1518 2940 1574 2990 'U
1621 2939 1676 2991 δὲ
1712 2944 1817 3006 φιλ-

244 3022 541 3089 άνθρωπος
580 3025 784 3093 Ἰησοῦς
844 3027 1106 3096 πρότερον
1152 3029 1251 3097 μὲν
1288 3030 1347 3080 τὸ
1369 3029 1519 3093 τέλος
1562 3031 1828 3100 ἑκατέρας

247 3112 637 3181 προαγγέλλει,
673 3115 757 3167 ἵνα
804 3115 878 3183 μὴ
913 3117 1129 3188 λυπήσῃ
1175 3117 1377 3187 ταύτην
1402 3120 1458 3169 ὲν
1493 3118 1570 3187 τῷ
1604 3120 1827 3190 προκρί-

1932 2016 2026 2071 sed
2083 2014 2299 2071 Domini
2346 2015 2598 2071 doctrina
2647 2027 2904 2087 provecta
2954 2028 3009 2074 et
3068 2022 3377 2086 emendata,
3431 2022 3509 2085 id,

1931 2107 2074 2176 quod
2111 2106 2465 2177 praestantius
2493 2116 2660 2170 esset,
2698 2107 2882 2162 doceri
2912 2108 3185 2178 cupiebat.
3216 2108 3511 2178 Propterea

1931 2195 2095 2249 etiam
2126 2194 2299 2263 inquit
2333 2213 2344 2249 :
2380 2211 2397 2243 ι
2430 2193 2619 2248 Patres
2654 2194 2827 2250 nostri
2865 2196 2921 2251 in
2956 2208 3139 2251 monte
3176 2198 3278 2252 hoc
3311 2198 3509 2252 adora-

1932 2293 2079 2337 runt.
2113 2305 2131 2335 ι
2168 2282 2281 2339 Hoc
2308 2284 2454 2339 enim
2484 2284 2661 2353 ipsum
2694 2294 2836 2351 erat,
2863 2287 3007 2354 quod
3036 2288 3508 2343 Samaritanorum

1931 2374 1999 2431 de
2049 2375 2213 2431 rebus
2263 2376 2381 2431 suis
2428 2376 2745 2444 opinionem
2790 2378 3088 2433 extollebat
3146 2378 3397 2448 inprimis
3455 2388 3511 2432 et

1930 2466 2317 2536 ampliﬁcabat.
2343 2466 2478 2522 Cum
2496 2470 2680 2538 itaque
2698 2478 3017 2538 praesentem
3038 2469 3255 2524 haberet
3278 2470 3509 2538 prophe—

1934 2573 2069 2623 tam,
2109 2559 2203 2628 qui
2236 2557 2475 2628 Spiritus
2500 2558 2669 2613 divini
2710 2561 2973 2627 auspiciis
3009 2576 3097 2615 res
3127 2561 3251 2616 aliis
3286 2560 3508 2631 ignotas

1934 2649 2178 2719 cognitas
2216 2650 2471 2715 habebat,
2521 2650 2591 2703 ab
2648 2650 2741 2703 illo
2786 2650 3054 2706 veriorem
3108 2661 3159 2705 et
3227 2652 3506 2706 meliorem

1933 2742 2255 2797 sententiam
2287 2742 2499 2797 discere
2529 2743 2801 2797 studebat.

2002 2833 2319 2904 Propterea,
2356 2845 2737 2905 argumentum
2769 2835 2874 2889 lioe
2903 2851 3205 2905 proponere
3230 2851 3506 2906 aggressa,

1934 2928 2149 2981 aiebat.
2201 2945 2218 2977 ι
2250 2925 2443 2989 Video,
2500 2927 2743 2987 Domine,
2777 2928 2921 2994 quod
2969 2928 3045 2981 sis
3097 2927 3449 2995 propheta".
3485 2949 3502 2979 ι

1937 3018 2107 3086 Atque
2152 3017 2225 3071 ibi
2273 3017 2491 3085 quidem
2542 3016 2970 3071 humanissimus
3018 3015 3177 3070 Jesus
3229 3021 3511 3087 utriusque

1932 3111 2109 3164 cultus
2159 3111 2319 3164 linem
2365 3119 2491 3163 ante
2545 3110 2797 3170 nuntiat,
2848 3125 2934 3173 ne,
2975 3108 3261 3165 Judaicum
3302 3110 3509 3163 cultum

244 3220 367 3256 νειν
394 3206 491 3273 τὴν
531 3206 827 3278 Ἰουδαῖκὴν
862 3208 1140 3277 λατρείαν.
1172 3209 1235 3261 Τί
1258 3209 1371 3278 γὰρ
1413 3210 1478 3262 ἂν
1513 3211 1607 3262 καὶ
1630 3211 1827 3283 ἀνιάσῃ

1932 3201 2265 3273 praeferens,
2328 3201 2473 3254 illam
2528 3198 2781 3254 redderet
2844 3199 3159 3253 tristiorem.
3222 3200 3509 3265 Quomodo

246 3293 359 3362 τῆς
406 3295 540 3358 ἰδίας
557 3294 715 3365 δόξης
745 3298 1172 3370 προκρινάμενον
1226 3300 1410 3365 σέϐας,
1447 3301 1476 3354 ὃ
1506 3301 1622 3367 μετ’
1653 3302 1831 3371 ὀλίγον

243 3386 479 3453 ἔμελλεν
496 3388 574 3449 είς
596 3388 657 3439 τὸ
677 3388 807 3441 αὐτὸ
825 3390 1258 3461 συγκαταλήγειν
1273 3391 1455 3456 τέλος;
1480 3392 1711 3446 Ἔπειτα
1734 3393 1831 3464 τὴν

244 3476 520 3545 διαφορὰν
554 3477 733 3531 αὐτῶν
781 3480 1113 3547 ἀπαγγέλλει
1140 3495 1155 3510 ⁶
1190 3500 1209 3533 ι
1259 3482 1448 3551 Ὑμεῖς
1491 3482 1621 3553 γὰρ,
1674 3485 1828 3554 φησὶ,

244 3569 633 3635 προσκυνεῖτε,
661 3567 690 3619 ὃ
720 3570 819 3621 οὐκ
868 3570 1067 3633 οῐδατε,
1109 3572 1267 3639 ἡμεῖς
1297 3571 1355 3625 δὲ
1390 3572 1827 3643 προσκυνοῦμεν.

242 3658 273 3706 ὃ
325 3658 568 3725 οἴδαμεν.
605 3677 623 3710 ι
656 3660 778 3723 Πῶς
821 3660 876 3713 δὲ
915 3664 1014 3715 οὐκ
1050 3662 1277 3732 ᾔδεισαν
1323 3664 1373 3715 oi
1409 3665 1767 3733 Σαμαρεῖται,
1800 3666 1830 3718 ὃ

242 3750 661 3817 προσεκύνουνς
690 3753 811 3804 Ὅτι
850 3751 1009 3805 τοῦτο
1052 3754 1148 3822 μιν
1180 3754 1289 3807 τῶν
1328 3754 1681 3809 ἐνοικούντων
1722 3757 1823 3810 οὐκ

242 3841 452 3908 ὀλίγων
500 3844 563 3894 ὲκ
608 3845 704 3911 τῆς
734 3844 1109 3914 αίχμαλωσίας
1160 3840 1301 3915 ἦσαν
1329 3844 1437 3899 τῶν
1468 3845 1827 3900 Βαϐυλωνίων

238 3933 668 4000 ἀνακληθὲντες,
716 3936 808 3988 καὶ
860 3938 973 3998 τοῖς
1020 3936 1230 3989 ἐκεῖθεν
1279 3936 1426 3990 ἔθεσι
1472 3935 1825 4002 διαϐιοῦντες,

241 4024 345 4076 καὶ
412 4023 512 4094 τὴν
588 4026 985 4098 Ἰσραηλιτικὴν
1038 4026 1350 4081 θεοσέϐειαν
1412 4027 1823 4098 διεφθαρμένοι.

239 4114 427 4166 Τοῦτο
465 4114 522 4167 δὲ
556 4114 615 4168 τὸ
648 4116 851 4185 πλῆθος
902 4117 1083 4171 αὐτῶν
1114 4117 1463 4181 Βαϐυλωνίας
1492 4119 1586 4171 καὶ
1620 4119 1824 4189 Μήδων

238 4206 444 4271 γενεᾶς
472 4207 565 4257 καὶ
587 4205 843 4275 λατρείας
885 4206 1059 4271 ὄντες,
1084 4208 1167 4269 είς
1195 4207 1294 4277 τὴν
1328 4207 1644 4277 Σαμάρειαν
1700 4225 1825 4278 μετ-

236 4294 587 4366 ῳκίσθησαν,
607 4296 803 4349 καὶτὸν
828 4297 977 4366 παρά
1004 4297 1275 4361 Ἰουδαίοις
1291 4297 1423 4351 Θεὸν
1443 4298 1593 4352 ὥσπε
1602 4316 1632 4369 ρ
1659 4300 1825 4353 πάλαι

235 4389 377 4449 τοὺς
430 4388 718 4457 πατρῴους
766 4387 1061 4459 ἐπιχώριον
1099 4390 1255 4455 Θεὸν,
1282 4390 1375 4443 καὶ
1406 4390 1567 4461 μόνου
1598 4391 1706 4459 (84)
1729 4392 1823 4445 τοῦ

1931 3294 2077 3349 enim
2106 3293 2197 3348 illa
2225 3291 2662 3356 eoutristaretur,
2693 3291 2740 3345 sl
2781 3292 3031 3345 eumdem
3073 3292 3305 3353 cultum,
3346 3306 3507 3361 quem

1932 3401 2034 3441 suo
2067 3386 2143 3439 illi
2175 3384 2419 3455 pra:l'erri
2449 3383 2685 3448 videbat,
2734 3383 2897 3453 paqu
2928 3392 3055 3453 post
3097 3383 3347 3438 similiter
3375 3385 3509 3440 abo'

1932 3478 2153 3532 lendum
2207 3490 2327 3530 esse
2373 3474 2741 3544 intelligeret?
2796 3474 2992 3530 Postea
3042 3491 3171 3529 vero
3223 3476 3512 3546 utriusque

1935 3570 2119 3625 cultus
2174 3568 2535 3623 dill‘erentiam
2592 3566 2837 3637 exponit.
2892 3565 3046 3623 tVos
3097 3569 3266 3632 enim,
3311 3569 3508 3639 inquit,

1932 3660 2198 3723 adoratis,
2230 3658 2375 3729 quod
2410 3657 2659 3722 nescitis,
2702 3672 2803 3712 nos
2845 3674 2973 3713 vero
3011 3659 3329 3726 adoramus,
3362 3662 3507 3731 quod

1932 3750 2136 3805 scimus
2156 3750 2220 3803 ".
2257 3768 2274 3800 ι
2315 3747 2603 3815 Quomodo
2628 3762 2759 3803 vero
2804 3750 3119 3805 nesciebant
3152 3749 3506 3815 Samaritani,

1930 3840 2059 3915 quid
2104 3840 2430 3895 adorarent?
2469 3838 2615 3901 Ideo,
2661 3838 2807 3907 quod
2855 3840 3091 3908 primum
3124 3840 3344 3910 quidem
3396 3858 3504 3896 non

1930 3930 2088 4001 pauci
2122 3930 2423 3984 incolarum
2456 3944 2521 3983 ex
2563 3928 2880 3997 captivitate
2910 3928 3235 4001 Babylonica
3265 3934 3506 3988 revocati

1928 4030 2109 4084 erant,
2164 4021 2258 4089 qui
2310 4019 2558 4073 instituta
2608 4018 2937 4091 Babylonica
2990 4024 3403 4092 adoptaverant,
3454 4037 3509 4078 et

1930 4111 2288 4167 lsraeliticum
2349 4110 2445 4165 Dei
2514 4111 2721 4165 cultum
2781 4113 3251 4183 depravaveraut;
3312 4118 3508 4172 deinde

1931 4217 2059 4255 vero
2082 4203 2229 4272 quod
2266 4202 2514 4271 plerique
2546 4216 2759 4267 eorum,
2804 4202 3087 4274 Babylonii
3115 4216 3169 4258 et
3202 4205 3361 4268 Medi,
3394 4216 3506 4260 tum

1929 4295 2163 4363 origine,
2187 4305 2299 4349 tum
2334 4293 2611 4361 religione,
2634 4295 2991 4360 exsisteutes,‘
3024 4306 3077 4351 et
3105 4297 3159 4351 in
3200 4295 3504 4351 Samariam

1929 4385 2374 4454 commigrautes,
2416 4382 2586 4437 Deum
2612 4380 2946 4449 Judaeorum,
2992 4399 3101 4439 non
3128 4387 3308 4441 minus
3343 4402 3505 4457 quam

234 4478 547 4548 ἔθνουςτὴν
563 4480 887 4532 ἐπιστασίαν
908 4481 1071 4550 ἔχειν,
1099 4481 1194 4534 καὶ
1218 4482 1535 4536 δεσποτείαν
1555 4481 1822 4553 ἐνόμιζον.

1931 4480 2059 4534 olim
2080 4476 2285 4548 patrios
2301 4492 2453 4540 suos,
2469 4478 2745 4546 proprium
2767 4477 2873 4532 illis
2889 4492 3029 4543 esse,
3046 4480 3328 4549 gentisque
3342 4480 3507 4549 hujus

234 4568 439 4638 Ταύτῃ
487 4584 568 4619 τοι
612 4569 703 4619 καὶ
740 4568 838 4639 τήν
876 4569 1129 4640 λατρείαν
1163 4573 1357 4642 ἐκείνῳ
1403 4573 1826 4643 προσφέροντες,

234 4660 370 4710 οιδὲ
398 4660 524 4719 τοὺς
540 4658 799 4729 δαίμονας
829 4660 1155 4730 θεραπεύειν
1179 4663 1495 4730 ἀφίσταντο.
1527 4666 1600 4716 Τὸ
1616 4665 1673 4717 δὲ
1700 4667 1831 4718 Ἰου-

231 4749 416 4801 δαίων
466 4748 637 4811 εθνος,
674 4751 722 4802 εί
764 4752 857 4804 καὶ
898 4752 974 4823 μή
1005 4752 1248 4823 σύμπαν,
1280 4754 1395 4807 ἀλλ’
1424 4756 1539 4823 οἶγε
1568 4755 1676 4808 τῶν
1702 4758 1830 4809 Μω-

240 4838 459 4890 ααῖκῶν
484 4840 666 4907 νόμων
698 4841 797 4911 τὴν
826 4843 1049 4914 μνήμην
1080 4845 1201 4897 ἀντὶ
1232 4845 1330 4914 τῆς
1353 4846 1522 4915 λήθης
1552 4849 1827 4918 προτιμήο

239 4946 470 4993 σαντες,
494 4929 699 4999 ταύτης
737 4932 1019 4996 παντελῶς
1036 4933 1445 5006 ἀπηλλαγμένοι
1472 4934 1573 5003 τῆς
1600 4937 1826 5003 ἐναγοῦς

234 5020 391 5092 ἦσαν
438 5022 778 5092 ὑπολήψεως,
811 5026 905 5077 καὶ¹
951 5025 1139 5095 ῶσπερ
1174 5026 1504 5096 δημιουργὸν
1534 5029 1829 5096 συμπάσης

233 5112 485 5170 κτίσεως
510 5110 652 5164 οὓτω
678 5112 773 5163 καὶ
797 5112 990 5184 ἔφορον
1019 5114 1113 5166 καὶ
1141 5114 1443 5183 προνοητήν
1466 5114 1554 5166 τὸν
1572 5114 1829 5185 λατρευό-

234 5215 420 5269 μενον
476 5198 607 5252 Θεδν
652 5200 1043 5269 ἐπεγίνωσκον.
1110 5203 1209 5255 Διὰ
1260 5201 1419 5255 τοῦτο
1478 5203 1575 5272 μέν
1630 5220 1823 5271 φησιν·

236 5310 253 5341 ι
314 5290 514 5357 Ἡμεῖς
536 5292 969 5360 προσκυνοῦμεν.
999 5292 1028 5344 ὃ
1050 5294 1272 5362 οἴδαμεν
1292 5310 1307 5325 ο
1375 5296 1558 5363 ὑμεῖςς·
1584 5312 1825 5365 προσκυ-

226 5386 409 5444 νεῖτε,
437 5380 585 5434 ὃούκ
618 5384 815 5437 οἴδατε.
847 5403 866 5434 ι
894 5385 1362 5455 Προσκυνοῦμεν
1392 5386 1474 5451 δὲ,
1509 5388 1663 5456 φησὶ,
1701 5403 1829 5453 συγ-

229 5472 569 5540 καταλέγων
586 5475 779 5527 έαυτὺν
802 5477 916 5539 τοῖς
950 5477 1244 5540 ’1ουδαίοι,⁶
1274 5476 1425 5531 οὔπω
1437 5478 1545 5549 γὰρ
1563 5479 1827 5547 ἑναστρά-

308 5590 358 5621 ⁸⁷
385 5587 546 5643 Joan.
588 5606 659 5653 ιν,
697 5592 784 5644 25.
878 5594 921 5623 ⁸⁸
948 5594 1075 5649 ibid.
1110 5595 1201 5649 9i.
1279 5599 1320 5627 δ”
1359 5596 1487 5651 ibid.
1530 5598 1609 5653 19.

1927 4569 2091 4623 unius
2103 4581 2293 4621 curam
2311 4580 2493 4635 agere,
2509 4565 2697 4635 illique
2712 4568 2981 4635 imperare
2994 4568 3325 4632 statuebant,
3344 4578 3507 4639 atque

1928 4661 2032 4714 hoc
2067 4657 2287 4711 nomine
2309 4667 2361 4710 et
2390 4656 2467 4710 illi
2498 4656 2705 4711 cultum
2736 4657 3088 4725 praestabant,
3122 4668 3175 4712 et
3201 4674 3229 4711 a
3260 4660 3505 4714 colendis

1926 4745 2265 4802 daemonibus
2304 4746 2420 4800 suis
2470 4761 2581 4798 non
2617 4746 2985 4800 abstinebant.
3040 4747 3123 4801 Ab
3174 4748 3345 4803 altera
3377 4766 3505 4803 vero

1926 4846 2079 4907 parte
2124 4851 2254 4906 gens
2284 4834 2617 4901 Judaaorum,
2670 4836 2715 4891 si
2768 4852 2875 4893 non
2913 4838 3113 4902 omnis,
3154 4841 3347 4894 saltem
3404 4842 3503 4905 illi,

1929 4929 2021 4998 qui
2060 4928 2236 4995 legum
2270 4926 2631 4981 Mosaicarum
2672 4930 2987 4983 memoriam
3026 4928 3285 4985 oblivioni
3313 4934 3505 5002 prmle‘

1930 5020 2142 5083 rebant,
2198 5034 2225 5071 a
2270 5017 2585 5073 detestanda
2624 5018 2725 5073 hac
2775 5020 3034 5090 opinione
3072 5023 3290 5091 penitus
3346 5040 3501 5079 eram.

1930 5110 2223 5175 immunes,
2275 5108 2571 5178 Dramque,
2620 5125 2781 5179 quem
2825 5111 3096 5177 colebant,
3146 5123 3201 5168 ut
3254 5116 3498 5169 omnium

1937 5216 2120 5255 rerem
2163 5197 2528 5263 conditorem,
2560 5200 2629 5253 ita
2665 5202 2824 5255 etiam
2873 5203 3235 5273 inspectorem
3267 5215 3322 5261 et
3349 5222 3503 5261 cura-

1932 5302 2106 5346 torem
2152 5306 2295 5354 esse,
2344 5291 2735 5360 agnoscebant.
2780 5290 2903 5347 Ideo
2948 5294 3063 5348 ait:
3097 5313 3114 5346 ι
3149 5293 3258 5351 Nos
3304 5296 3502 5353 adora-

1933 5401 2072 5450 mus,
2095 5386 2241 5456 quod
2260 5386 2541 5451 novimus;
2564 5401 2661 5442 vos
2678 5386 2939 5453 adoratis,
2966 5388 3110 5457 quod
3134 5404 3238 5444 non
3258 5390 3448 5445 nostis.
3478 5410 3495 5442 ι

1932 5478 2261 5545 Αάοταηιαε,
2314 5479 2521 5548 inquit,
2568 5476 2768 5535 iudicis
2828 5496 2887 5537 se
2933 5497 3229 5538 accenseus
3270 5501 3284 5537 :
3324 5498 3501 5553 neque

1679 5596 1876 5651 "ibid.
1913 5595 2001 5649 ‘32.

1774 5715 2004 5771 SUTAS.

311 5795 435 5873 ea
466 5797 631 5873 ςριδο,
653 5814 750 5873 pro
782 5802 1050 5873 έξαιροιξν.

310 5866 434 5929 {83)
473 5862 596 5935 Οἷα,
620 5862 787 5935 idem,
816 5862 917 5941 pro
954 5868 1053 5936 οἷςι

2022 5812 2106 5871 si)
2141 5812 2294 5865 Colb.
2327 5816 2505 5879 μόνον.
