4186 6444
739 381 840 440 863

1885 390 2154 451 ΡΗΟΤΙΙ
2195 385 2703 451 PA'I'RIARCIIIE
2726 389 2834 451 (ΣΡ.

3890 386 3990 452 ιει

738 494 879 548 enim
921 502 1049 546 tunc
1081 507 1270 548 omnes
1300 492 1519 548 dcitatis
1559 507 1672 549 sua:
1701 495 1880 551 radios
1912 497 1966 552 in
1999 498 2125 553 illos
2157 511 2311 567 spar-

2425 513 2569 550 ιττειν
2592 497 2772 561 πάσας
2796 495 2947 566 ἠφίει
2965 496 3066 566 τῆς
3088 494 3145 548 ἐν
3175 495 3324 565 αὐτῷ
3344 494 3594 564 θεότητος
3617 496 3716 561 τάς
3743 497 3989 562 ἀκτῖνας.

737 589 911 656 gebat.
966 586 1252 654 Propterea
1305 596 1360 641 et
1404 602 1600 656 aquam
1640 591 1935 657 poscebat,
1991 599 2047 644 et
2098 589 2312 645 itineris

739 680 1016 732 molestias
1069 679 1319 741 subibat,
1379 677 1936 748 defatigationemque
1983 695 2050 735 cx
2117 680 2314 737 itinere

739 783 920 826 natam
945 773 1132 835 humo,
1162 780 1420 839 tanquam
1456 773 1656 825 throno
1690 781 1886 842 sponte
1922 783 2067 839 nato,
2099 773 2315 828 solaba-

739 876 847 918 tur.
889 861 1111 917 Accedit
1157 863 1348 924 etiam,
1378 862 1526 929 quod
1579 862 1862 916 mulierem
1911 862 2311 927 alloquebatur,

736 967 859 1021 qua?
901 951 1273 1006 sublimiorem
1315 952 1384 1004 de
1419 953 1538 1020 ipso
1579 952 1891 1020 opinionem
1931 953 2312 1022 adoptaverat,

734 1063 857 1098 eum
901 1061 964 1099 ex
1013 1045 1398 1114 prophetarum
1431 1060 1662 1100 numero
1697 1060 1840 1109 esse,
1886 1053 1940 1099 et
1971 1045 2311 1108 .lndteorum,

739 1137 954 1206 Dcoque
992 1152 1102 1205 pra:
1144 1137 1356 1192 caeteris
1390 1137 1618 1191 charum
1655 1147 1710 1192 et
1753 1139 2085 1193 sanctiorem
2124 1137 2314 1193 existi-

736 1243 910 1282 mans.
946 1225 1237 1296 Propterea
1268 1227 1346 1280 ait
1371 1243 1385 1280 :
1413 1228 1722 1279 adoramus.

807 1315 900 1371 Sic
948 1316 1134 1384 itaque
1181 1316 1357 1383 prima
1399 1314 1706 1370 diﬂ‘erentia
1758 1324 1875 1369 erat
1917 1319 2188 1387 exposita,
2220 1333 2315 1388 per

735 1423 898 1476 quam
939 1408 1120 1462 cultus
1158 1405 1424 1461 Judaicus
1454 1408 1547 1460 illo
1577 1407 2047 1463 Samaritanorum
2088 1421 2314 1479 praesta-

736 1499 848 1552 bat.
896 1495 1030 1564 Qum
1083 1510 1216 1551 vero
1270 1508 1354 1550 est
1415 1497 1629 1551 altera?
1691 1515 1710 1548 ι
1746 1495 1928 1560 Salus,
1990 1498 2314 1567 inquitpex

733 1589 937 1644 Judaeis
975 1597 1124 1642 nata.
1165 1605 1186 1639 ι
1229 1586 1517 1652 Quomodo
1548 1603 1676 1642 vero
1699 1587 1847 1642 salus
1872 1598 1955 1642 est
1983 1603 2047 1642 ex
2072 1587 2315 1645 Iudaeis?

735 1679 874 1731 Num
897 1677 1128 1732 fortasse
1154 1677 1300 1740 ideo,
1323 1677 1470 1746 quod
1494 1692 1617 1732 cum
1644 1692 1815 1748 genus
1840 1678 2124 1732 hominum
2152 1693 2315 1733 omne

736 1769 1000 1840 profanus
1025 1770 1208 1825 cultus
1231 1769 1532 1823 obnoxium
1562 1770 1665 1824 sibi
1699 1770 1943 1835 haberet,
1976 1771 2094 1825 veri
2123 1768 2314 1825 Numio

2413 588 2504 640 Διὸ
2524 590 2620 641 καὶ
2653 586 2798 658 ὕδωρ
2824 587 2970 639 πιεῖν
2990 586 3264 651 ἐπεζήτει,
3298 585 3397 638 καὶ
3424 587 3592 640 κόπον
3626 587 3859 657 βαδίζων
3899 590 3995 658 όφ-

2415 679 2632 743 ίστατο,
2684 679 2892 732 καὶτὸν
2919 677 3086 730 κόπον
3145 677 3245 746 τῆς
3297 677 3607 748 ὁδοιπορίας
3663 679 3996 748 αὐτοσχεδίῳ

2413 768 2588 837 θρόνῳ
2615 765 2693 837 τῷ
2743 768 2933 836 ἐδάφει
2960 766 3220 820 διελύετο.
3267 768 3478 831 ’Δλλως
3515 787 3575 821 τε
3606 769 3702 823 καὶ
3730 772 3870 841 πρὸς
3898 788 3995 838 γυ-

2413 861 2572 912 ναῖκα
2628 859 2925 927 διελέγετο,
2952 858 3257 928 σεϐασμίαν
3292 859 3392 928 μὲν
3423 860 3695 915 λαῦοῦσαν
3727 864 3998 933 ὑπόληψιν

2414 951 2544 1019 περὶ
2573 950 2761 1015 αὑτοῦ,
2795 950 2873 1014 ὡς
2912 949 3010 1002 ἕνα
3042 950 3230 1019 μέντοι
3255 969 3319 1018 γε
3364 951 3475 1005 τῶν
3509 955 3807 1023 προφητῶν
3847 957 4000 1023 ὅμως

2412 1042 2577 1114 αὑτὸν
2636 1043 2948 1114 ἡγουμένην
2982 1043 3078 1095 καὶ
3109 1043 3186 1105 ὡς
3222 1044 3494 1110 Ἰουδαῖον,
3528 1046 3624 1098 καὶ
3653 1047 4001 1114 θεοφιλέστε-

2417 1133 2507 1204 ρόν
2534 1111 2594 1186 ’ἴε
2620 1111 2728 1185 τῶν
2754 1111 2930 1188 ἀλλων
2958 1134 3054 1187 καὶ
3085 1135 3594 1206 ἁγιοπρεπέστερον
3627 1111 4000 1210 διακείμενον.

2415 1222 2512 1275 Διά
2540 1223 2700 1277 τοῦτο
2719 1223 2812 1276 οὖν
2839 1225 2920 1292 τὺ,
2956 1228 3442 1296 προσκυνοῦμεν,
3471 1231 3710 1300 εῐρηται.

2498 1315 2637 1368 Ἀλλ’
2693 1316 2907 1387 εῐρηται
2963 1319 3063 1387 μὲν
3112 1321 3146 1386 ἠ
3205 1319 3304 1388 μία
3353 1319 3626 1389 διαφορὰ,
3683 1321 3804 1373 καθ’
3836 1323 3904 1392 ἢν
3938 1322 4003 1376 τδ

2427 1405 2676 1459 Ἰουδαῖον
2699 1406 2863 1468 σέῦας
2892 1407 2990 1476 τῆς
3003 1407 3111 1459 τῶν
3134 1409 3485 1479 Σαμαρειτῶν
3505 1409 3804 1480 θρησκείας
3831 1413 4002 1483 ὑπερ-

2415 1501 2579 1568 εῖχεν.
2636 1498 2700 1551 Ἦ
2744 1499 2801 1552 δὲ
2841 1500 3006 1566 ἐτέρα
3060 1500 3180 1566 τίς;
3232 1519 3251 1551 ι
3298 1501 3362 1554 'H
3397 1502 3660 1573 σωτηρία,
3709 1505 3902 1573 φησὶν,
3939 1507 4004 1557 ἐκ

2413 1589 2520 1641 τῶν
2560 1587 2849 1644 Ἰουδαίων.
2876 1609 2896 1642 ι
2921 1589 3116 1653 Πῶςδέ
3143 1592 3339 1661 ἐστινὴ
3358 1592 3602 1662 σωτηρία
3628 1594 3693 1645 ἐκ
3720 1593 3834 1646 τῶν
3872 1593 4005 1647 ’1ου-

2412 1679 2609 1745 δαίων,
2640 1681 2674 1750 ἢ
2699 1680 2832 1733 διότι
2896 1681 3176 1750 πανταχοῦ
3223 1683 3322 1751 τῆς
3362 1682 3472 1736 τῶν
3497 1682 3735 1739 εἰδώλων
3782 1684 4003 1755 πλάνης

2412 1770 2474 1823 τὸ
2501 1769 2655 1839 γένος
2702 1773 3124 1843 ἐπινεμομένης,
3162 1773 3371 1826 ἐκεῖθεν
3414 1773 3622 1844 ηῦγασε
3650 1777 3763 1839 τοῖς
3821 1777 4007 1839 ἄλλοις

739 1867 825 1919 nis
873 1863 1116 1933 cognitio
1153 1863 1280 1916 inde
1326 1864 1392 1915 ad
1445 1863 1584 1918 alios
1639 1864 1889 1918 homines
1941 1864 2150 1933 perlata
2191 1871 2311 1930 est;

2425 1861 2722 1935 ἀνθρώποις
2750 1865 2785 1935 ἡ
2810 1865 3134 1933 θεογνωσία,
3160 1867 3253 1919 καὶ
3281 1865 3417 1919 διότι
3442 1866 3577 1920 αὐτὸ
3592 1867 3807 1932 τδδλως
3833 1885 4008 1938 προσο

736 1955 992 2025 quodque
1027 1953 1230 2009 iudicis
1263 1954 1585 2018 debebatur,
1634 1955 1780 2023 quod
1817 1953 2106 2010 Samaritae
2142 1953 2314 2010 Deum

738 2047 1107 2116 qualicunque
1147 2044 1310 2099 modo
1345 2045 1635 2098 colebant?
1685 2048 1755 2098 At
1805 2044 2085 2101 enimvero
2141 2047 2315 2102 satius

740 2139 924 2203 luerit,
956 2136 1213 2200 salutem,
1243 2149 1307 2190 ex
1337 2134 1541 2193 Judais
1580 2146 1780 2197 ortam,
1809 2138 1876 2191 de
1911 2137 2084 2206 ipsius
2111 2137 2314 2193 Christi

739 2230 998 2289 adventu,
1036 2227 1286 2295 factaque
1332 2240 1427 2295 per
1469 2242 1594 2279 eum
1627 2229 1804 2297 gentis
1840 2229 2094 2284 humana:
2129 2245 2156 2283 a
2201 2229 2316 2300 pri-

740 2320 884 2374 stino
919 2320 1071 2387 lapsu
1115 2319 1464 2383 liberatione,
1495 2328 1549 2371 et
1597 2320 2019 2385 instauratione,
2061 2321 2315 2377 inimico~

741 2426 859 2465 rum
886 2409 1101 2464 insidiis
1119 2421 1170 2463 et
1195 2411 1403 2464 artibus
1425 2425 1700 2478 nunquam
1728 2411 1925 2465 iterum
1960 2415 2312 2483 subripienda

740 2513 795 2556 et
839 2501 1175 2566 temeranda,
1227 2501 1594 2567 interpretari.
1656 2501 1811 2568 Quod
1878 2519 2004 2558 vero
2057 2505 2308 2562 dicitur:

748 2613 766 2642 ι
803 2591 964 2648 Venit
1001 2593 1156 2658 hora,
1188 2602 1240 2645 et
1262 2593 1376 2661 jam
1409 2601 1527 2656 est;
1560 2612 1577 2642 ι
1610 2591 1662 2646 id
1694 2593 1911 2661 quidem
1943 2595 2166 2660 indicat,
2198 2613 2314 2652 rem

744 2687 918 2754 ipsam
979 2684 1208 2738 omnino
1245 2695 1298 2737 et
1341 2683 1737 2753 bi'evinuidem
1797 2701 1919 2741 esse
1968 2699 2312 2743 eventuram.

744 2776 1144 2846 Prophetarum
1191 2777 1408 2842 quidem
1441 2777 1683 2843 oracula,
1730 2777 1927 2845 inquit,
1956 2779 2143 2846 aliquo
2174 2789 2312 2834 tem-

745 2882 873 2936 pore
898 2877 1022 2935 post
1049 2875 1306 2920 eventum
1349 2868 1742 2930 sortiebantur,
1784 2869 1833 2922 id
1879 2884 2028 2930 vero,
2065 2871 2208 2937 quod
2246 2871 2314 2926 de

748 2971 833 3011 me
854 2955 1059 3010 dictum
1089 2963 1195 3018 est,
1223 2954 1337 3023 jam
1382 2955 1436 3008 in
1473 2967 1726 3028 promptu
1760 2967 1866 3023 est,
1915 2970 1970 3015 et
1999 2975 2162 3029 opere
2192 2964 2314 3032 ipso

746 3048 1118 3102 testimonium
1147 3048 1367 3116 pra-bet.

1023 3156 1349 3225 QUIES'I‘IO
1388 3160 1575 3216 Lxxv
1612 3160 1712 3234 [αι.
1751 3159 2005 3234 LXXIV].

750 3253 1025 3317 Quomodo
1095 3253 1309 3305 dicatur
1391 3269 1502 3308 esse
1580 3253 1720 3307 Deus
1756 3256 1811 3306 in
1883 3256 2026 3307 omni
2083 3272 2137 3309 re
2179 3295 2193 3317 ,
2271 3268 2321 3309 et

816 3324 1072 3388 quomodo
1097 3323 1316 3377 dissolvi
1342 3326 1541 3392 possint
1581 3325 1957 3389 dubitationes,
1989 3342 2106 3392 qua:
2135 3344 2166 3378 ιι
2199 3327 2318 3393 qui-

819 3393 1040 3444 busdam
1069 3405 1254 3446 contra
1283 3400 1376 3447 hoc
1415 3395 1761 3460 objiciuntur.

2343 3177 2391 3237 ϐ

2416 1957 2601 2010 κυνεῖν
2632 1956 2758 2018 τοὺς
2789 1956 3136 2027 Σαμαρείτας
3160 1957 3248 2009 τὸν
3274 1956 3408 2011 Θεὸν
3449 1957 3558 2011 ἀπὸ
3584 1959 3695 2010 τῶν
3730 1958 4010 2013 Ἰουδαίων

2415 2046 2589 2117 ἀρχὴν
2636 2045 2816 2115 ἐσχενς
2847 2045 3066 2098 Μᾶλλον
3117 2045 3176 2098 δέ
3227 2045 3504 2116 σωτηρίαν
3557 2046 3666 2100 ἀπὸ
3724 2048 3838 2100 τῶν
3875 2048 4008 2101 ἰου-

2415 2139 2578 2194 δαίων
2608 2137 2976 2208 προελθοῦσαν
3009 2138 3160 2192 ἐστιν
3185 2140 3391 2192 ἐννοεῖν
3432 2139 3535 2208 τὴν
3558 2139 3724 2194 αὑτοῦ
3747 2139 3848 2192 τοῦ
3867 2140 4004 2210 Χριο

2417 2231 2544 2284 στοῦ
2565 2233 2892 2301 παρουσίαν,
2923 2233 3015 2284 καὶ
3059 2231 3158 2303 τὴν
3188 2231 3255 2285 δι’
3295 2231 3464 2285 αὐτοῦ
3497 2231 3887 2302 γεγενημένην
3911 2231 4006 2285 τοῦ

2415 2325 2605 2392 γένους
2630 2323 2928 2393 ἀνάκλησίν
2952 2340 3013 2376 τε
3040 2323 3137 2376 τοῦ
3175 2321 3410 2376 παλαιοῦ
3440 2321 3758 2394 πτώματος,
3785 2323 3887 2376 καὶ
3909 2321 4012 2393 τὴν

2419 2417 2615 2487 μηκέτι
2657 2416 3032 2486 κλεπτομένην
3071 2416 3166 2469 καὶ
3212 2413 3736 2486 παραφθειρομένην
3790 2414 4007 2483 ἐχθρῶν

2415 2510 2727 2572 ἐπιϐουλαῖς
2771 2511 2864 2563 καὶ
2909 2508 3226 2576 βασκανίαις
3278 2507 3749 2561 ἀποκατάστασιν.
3806 2507 3886 2560 Τὸ
3919 2507 4000 2560 δέ·

2421 2620 2440 2655 ι
2487 2602 2743 2674 Ἔρχεται
2773 2599 2913 2671 ῶρα,
2945 2599 3041 2653 καὶ
3075 2598 3169 2652 νῦν
3201 2599 3372 2664 ἐστιν,
3410 2617 3428 2650 ι
3458 2598 3519 2650 τὸ
3548 2599 3765 2658 πάντως
3795 2595 3892 2649 καὶ
3916 2595 4009 2648 διὰ

2414 2692 2621 2763 ταχέων
2657 2692 2920 2761 ἐπόμενον
2961 2691 3172 2761 μηνύει.
3193 2690 3269 2744 05
3296 2690 3426 2760 γὰρ,
3462 2689 3655 2757 ὥσπερ
3687 2689 3738 2740 οξ
3771 2704 4001 2760 προφη..

2413 2785 2554 2837 τικοὶ
2579 2784 2816 2854 χρησμοὶ
2845 2782 3022 2852 χρόνῳ
3052 2781 3274 2852 ὕστερον
3315 2779 3508 2834 ἔλαϐον
3560 2779 3621 2832 τὸ
3656 2779 3861 2848 πέρας,
3885 2774 4008 2830 ἀλλ’

2413 2877 2445 2929 ό
2471 2875 2600 2946 περὶ⁸
2632 2872 2765 2944 ἐμοῦ
2791 2873 2979 2943 ῥηθεὶς
3009 2873 3163 2941 λόγος
3195 2872 3294 2942 ἢδη
3326 2873 3613 2938 πάρεστιν,
3637 2870 3741 2939 ήδη
3769 2869 4003 2938 ἐνέστη-

2415 2982 2511 3019 κεν
2529 2966 2627 3035 τὴν
2653 2964 2761 3017 ἀπὸ
2789 2964 2896 3017 τῶν
2928 2965 3104 3034 ἔργων
3142 2963 3481 3031 ἐπαγόμενος
3510 2961 3854 3030 μαρτυρίαν.

2967 3155 3296 3210 ΕΡΩΤΗΣΙΣ
3333 3156 3454 3208 οιιν.

2423 3251 2549 3316 Πῶς
2602 3249 2838 3316 λέγεται
2882 3247 2949 3300 τὸ
2978 3247 3147 3299 Θεῖον
3197 3240 3350 3316 sitat
3517 3243 3602 3316 τῷ
3643 3239 3871 3316 παγείς
3907 3238 4016 3292 και

2495 3310 2622 3384 π’ὠς
2664 3310 2864 3373 ἔνεστι
2932 3316 3208 3372 διαλύειν
3257 3313 3296 3367 ἁ
3347 3312 3510 3384 πρὸς
3547 3310 3662 3378 τὴν
3695 3311 4019 3384 ,ὑπόθεσιν

2493 3379 2718 3512 ago-tur
2784 3390 2919 3457 παρ’
2967 3387 3147 3440 ἐνίων
3215 3380 3623 3453 προκομίζεται
3685 3379 4021 3448 διαπορού-

2491 3479 2534 3529 μ
2569 3477 2688 3520 ra:

1791 3570 1931 3622 Edita
1960 3587 1987 3622 a
2021 3574 2167 3634 Maio,
2196 3574 2322 3624 Nov.
2344 3575 2492 3636 (ἴση,
2530 3581 2567 3623 ι.
2595 3573 2676 3634 ΙΧ,
2703 3587 2753 3635 ρ.
2788 3572 2958 3622 93-93.

811 3677 868 3730 In
927 3675 1114 3729 multis

749 3769 932 3821 omnia
960 3767 1158 3829 dicam,
1187 3783 1293 3821 non
1319 3768 1516 3834 solum,
1540 3770 1634 3838 qui
1663 3771 1939 3840 mysteriis
1971 3773 2186 3839 pietatis
2218 3787 2324 3826 non

751 3861 968 3915 luerunt
1001 3859 1219 3926 initiati,
1247 3861 1501 3930 quamvis
1529 3861 1646 3916 acie
1674 3864 1870 3918 mentis
1923 3874 1977 3917 et
2017 3864 2328 3933 cognitione

753 3967 935 4005 rerum
971 3967 1356 4020 eorporearum
1405 3953 1720 4010 hominibus
1758 3956 1843 4009 sui
1869 3956 2077 4011 ordinis
2111 3957 2323 4024 praesti-

752 4045 944 4100 tissent
997 4045 1201 4113 quique
1259 4053 1500 4099 nostram
1566 4045 1956 4116 ignoraverunt
2013 4048 2126 4100 vim
2194 4062 2326 4101 con—

755 4134 1049 4202 templandi
1091 4134 1450 4188 infirmiorem
1477 4149 1618 4196 esse,
1653 4151 1818 4204 quam
1868 4146 1923 4189 ut
1971 4137 2322 4205 intelligentia

752 4225 1217 4294 comprehendere
1281 4225 1371 4279 illa
1417 4226 1681 4295 possint,
1774 4227 2108 4296 experientia
2172 4242 2320 4282 com-

757 4315 1095 4384 probarunt;
1145 4317 1236 4371 sed
1265 4324 1321 4370 et
1347 4317 1660 4385 quicunque
1690 4326 1911 4386 propter
1939 4317 2182 4372 studium
2218 4317 2330 4386 pie—

1198 3690 1319 3742 quae
1398 3676 1466 3731 de
1523 3678 1631 3732 Deo
1716 3680 2180 3748 contemplamur,
2254 3695 2351 3735 ne

2502 3678 2680 3732 Πολλὰ
2707 3677 2814 3731 τῶν
2847 3676 3008 3747 ἱερῶν
3050 3673 3178 3743 περὶ
3202 3669 3338 3726 Θεοῦ
3385 3669 3782 3742 θεωρημάτων,
3813 3669 3906 3722 ῖνα
3939 3671 4026 3740 μὴ

2432 3773 2607 3825 πάντα
2633 3769 2798 3837 λέγω,
2823 3768 2885 3822 οὐ
2920 3766 3078 3837 μόνον
3107 3766 3208 3818 ὅσα
3233 3765 3346 3826 τοῖς
3374 3767 3472 3833 τῆς
3500 3761 3781 3824 εὐσεϐείας
3801 3761 4028 3832 ὀργίοις

2431 3864 2532 3917 οὑκ
2558 3860 2917 3929 ἐτελέσθησαν
2949 3860 3053 3912 κάν
3080 3855 3160 3928 τῷ
3185 3856 3284 3926 τῆς
3313 3855 3551 3916 διανοίας
3579 3855 3773 3923 κράτει
3816 3853 3921 3905 καὶ
3956 3856 4032 3921 τῇ

2432 3955 2539 4009 τῶν
2575 3953 2776 4007 ἐνύλων
2804 3951 3002 4021 γνώσει
3033 3949 3140 4002 τῶν
3172 3946 3459 4018 ὁμοταγῶν
3493 3947 3550 3999 ἐν
3580 3945 3658 4013 τῷ
3684 3945 3915 4016 κρατεῖν
3947 3944 4036 3996 δι-

2431 4047 2770 4117 ενηνόχασιν,
2799 4043 2922 4114 οὐχὶ
2945 4042 3147 4096 τούτων
3174 4041 3332 4110 μόνον
3353 4039 3452 4110 τὴν
3477 4038 3580 4103 ἔξω
3604 4035 3697 4089 τοῦ
3722 4035 3842 4088 καθ’
3864 4038 4036 4105 ἡμᾶς

2432 4137 2592 4205 λόγου
2637 4138 2735 4205 τὴν
2783 4133 3121 4204 θεωρητικὴν
3163 4130 3315 4200 ἰσχὺν
3355 4127 3748 4197 ἀσθενεστέρας
3787 4127 3896 4195 τῆς
3945 4128 4036 4178 ol—

2435 4227 2589 4289 κείας
2628 4225 2997 4294 καταλείψεως
3044 4224 3111 4293 τῇ
3153 4221 3317 4292 πείρᾳ
3356 4216 3678 4287 διήλεγξαν·
3725 4214 3867 4270 ἀλλά
3929 4215 4042 4267 καὶ

2437 4320 2593 4381 ὅσους
2623 4319 2652 4370 ό
2687 4317 2786 4385 τῆς
2813 4315 3093 4377 εὖσεδείας
3123 4313 3278 4380 λόγος
3311 4311 3404 4364 καὶ
3432 4311 3465 4378 ἡ
3496 4309 3590 4362 τοῦ
3623 4308 3738 4379 βίου
3765 4306 4042 4377 καθαρό-

757 4410 886 4464 tatis
911 4418 967 4462 et
998 4396 1164 4463 vitam
1194 4424 1386 4477 puram
1419 4409 1774 4478 profundiora
1807 4421 2201 4478 cognoverunt,
2232 4424 2322 4464 nec

2437 4426 2536 4476 της
2557 4408 2657 4476 τῆς
2682 4405 3052 4476 ἐπιγνώμονος
3082 4404 3188 4456 τῶν
3214 4401 3527 4473 βαθυτέρων
3554 4401 3723 4463 ἔθετο,
3746 4399 3876 4452 οὐδὲ
3904 4399 4046 4452 τού-

759 4504 843 4556 his
869 4501 1090 4572 quidem
1147 4500 1387 4555 inventio
1416 4516 1600 4555 rerum
1640 4501 1950 4556 divinarum
2000 4501 2175 4556 facilis
2217 4515 2338 4556 esse

756 4591 915 4652 solet,
1011 4591 1142 4659 quid
1195 4591 1316 4644 dico
1415 4589 1819 4644 inventionem?
1896 4591 2165 4660 siquidem
2241 4604 2340 4642 nec

760 4677 875 4748 ipsa
925 4681 1195 4736 scrutatio
1250 4693 1386 4749 pure
1433 4694 1622 4733 eorum
1688 4688 1922 4733 mentem
1973 4681 2152 4734 allicit.
2214 4678 2338 4735 Haec

757 4783 942 4828 autem
973 4773 1204 4842 quastio
1254 4782 1514 4841 tanquam
1548 4771 1775 4825 omnino
1805 4772 1978 4840 magis
2032 4771 2332 4836 recondita,

759 4878 813 4922 et
855 4881 975 4936 qua
1004 4875 1243 4919 montem
1278 4865 1624 4919 curiosorum
1679 4865 1914 4928 excellit,
1963 4865 2227 4926 studium,
2278 4873 2337 4918 ut

763 4961 1116 5028 intelligatur,
1142 4957 1423 5026 postulat;
1451 4973 1555 5011 non
1585 4957 1769 5027 igitur,
1798 4973 1919 5025 qua:
1953 4958 2224 5023 dicentur,
2256 4957 2335 5012 sic

762 5049 950 5103 audire
979 5056 1212 5117 Oportet,
1259 5047 1415 5115 quasi
1449 5047 1688 5100 limatius
1750 5061 1861 5099 rem
1906 5045 2335 5115 comprehende-

763 5145 957 5204 rimus,
1010 5149 1063 5194 et
1097 5140 1230 5192 nihil
1279 5141 1514 5208 amplius
1567 5139 1634 5192 ad
1688 5141 2128 5208 cognoscendum
2160 5140 2228 5192 de
2271 5153 2333 5192 ea

761 5232 1006 5285 relictum
1039 5247 1066 5282 ιι
1097 5230 1252 5285 nobis
1282 5231 1371 5296 sit,
1424 5231 1515 5285 sed
1574 5229 1834 5285 benevole
1881 5231 2069 5284 audire
2098 5239 2331 5299 oportet,

759 5335 813 5378 et
899 5325 1147 5392 amplecti
1237 5333 1501 5392 quantum
1590 5323 1843 5376 humanis
1908 5323 2334 5392 cogitationibus

759 5433 843 5480 ca,
879 5432 1000 5486 qua:
1037 5418 1328 5470 humanam
1359 5417 1607 5471 notitiam
1641 5425 1918 5485 superant,
1947 5419 2165 5486 assequi
2203 5433 2331 5486 pos-

762 5524 970 5563 sumus.

846 5601 900 5653 ln
957 5602 1102 5655 omni
1166 5609 1250 5653 est
1308 5601 1450 5656 Deus
1535 5601 1700 5669 (quod
1744 5602 1839 5655 tibi
1918 5602 1972 5653 in
2029 5599 2332 5668 quaestione

764 5710 902 5750 nunc
966 5696 1198 5764 positum
1266 5697 1369 5762 es’)
1435 5705 1694 5763 tanquam
1755 5695 1889 5748 nihil
1947 5710 2134 5748 eorum
2205 5709 2330 5763 quur

763 5799 906 5842 sint.
937 5787 989 5842 Si
1024 5788 1169 5842 enim
1203 5798 1340 5843 esset
1371 5803 1536 5841 unum
1568 5803 1634 5840 ex
1677 5786 1762 5851 iis,
1791 5802 1911 5853 qua:
1945 5795 2091 5844 sunt.
2127 5783 2219 5854 qui
2247 5794 2330 5840 est

2440 4517 2546 4552 των
2580 4501 2613 4567 ἡ
2661 4499 2768 4551 τῶν
2811 4496 3096 4566 θειοτέρων
3136 4492 3351 4564 εὕρεσις
3394 4494 3460 4545 ἐκ
3499 4492 3594 4545 τοῦ
3636 4492 3830 4562 ῥᾴστου
3874 4491 4049 4558 φιλεῖ

2441 4588 2836 4660 παραγίνεσθαι
2862 4605 2876 4620 ο
2905 4588 2998 4640 καὶ
3024 4587 3076 4639 τί
3105 4587 3247 4654 λέγω
3274 4585 3522 4654 εῦρεσις’,
3549 4585 3744 4650 δπουγε
3772 4582 3900 4635 οὐδ’
3931 4584 4047 4635 αύ-

2440 4682 2507 4751 τὴ
2541 4680 2796 4751 καθαρῶς
2823 4681 2916 4732 καὶ
2949 4679 3088 4731 κατά
3137 4677 3293 4743 λόγον
3336 4676 3516 4738 αὐτοῖς
3547 4676 3581 4742 ὴ
3611 4675 3798 4745 ἔρευνα
3833 4673 4046 4726 διατί-

2441 4769 2614 4834 θεται;
2647 4769 2686 4820 Γ
2687 4767 3049 4839 λαφυρωτέρα
3072 4765 3129 4820 δέ
3162 4765 3236 4826 ὡς
3266 4763 3468 4816 ἐπίπαν
3504 4764 3596 4816 καὶ
3615 4761 3750 4830 αῦτη
3777 4759 3895 4830 τῆς
3924 4763 4051 4814 τῶν

2441 4858 3038 4929 πολυπραγμονούντων
3069 4855 3308 4918 διανοίας
3335 4853 3760 4925 ὑπεριδρυμένη,
3796 4854 4049 4918 φιλοτι-

2441 4952 2622 5020 μεῖται
2669 4947 3160 5016 ἐπιγινώσκεσθαι’
3207 4942 3402 4998 οῠκουν
3462 4945 3570 4996 τῶν
3625 4941 4054 5012 ῥηθησομένων

2439 5041 2721 5108 ἐξακούειν
2790 5042 2871 5094 δεῖ
2935 5039 3111 5103 οὕτως
3154 5039 3230 5102 ὡς
3279 5039 3340 5092 τὸ
3403 5037 3795 5108 ἀκριϐέστερον
3838 5055 4053 5090 κατειο

2440 5138 2686 5208 ληφότων
2712 5177 2727 5202 ,
2787 5137 2882 5189 καὶ
2935 5135 3100 5206 μηδέν
3147 5133 3310 5187 πλέον
3362 5135 3441 5196 είς
3494 5133 3593 5200 τὴν
3647 5129 3742 5182 τοῦ
3792 5147 4052 5199 προκει-

2439 5229 2603 5300 μένου
2661 5227 2860 5296 γνῶσιν
2895 5224 3369 5294 ὑπολειπομένων
3426 5222 3542 5275 ἀλλ’
3573 5222 3648 5283 ὠς
3689 5218 3804 5273 οἷόν
3852 5237 3930 5273 τε
3979 5222 4056 5273 τὰ

2437 5320 2671 5389 κρείττω
2695 5320 2793 5388 τῆς
2817 5316 3164 5388 ἀνθρωπίνης
3191 5315 3480 5383 ἐπιϐουλῆς
3514 5315 3779 5376 ἐπινοίαις
3801 5314 4053 5387 ἀνορω-

2438 5410 2620 5473 πίναις
2655 5408 3010 5472 πανευλαδῶς
3039 5407 3134 5461 καὶ
3165 5409 3262 5460 σὺν
3296 5409 3506 5476 ἀγωνίᾳ
3553 5407 3819 5477 μενόντων
3864 5411 4063 5478 εὐμε-

2437 5503 2543 5567 νῶς
2569 5503 2789 5558 ἀκούειν
2820 5502 2913 5555 καὶ
2941 5500 3323 5569 ἀποδέχεσθαι.

2521 5594 2610 5648 Ἐν
2654 5595 2732 5665 τῷ
2781 5594 2943 5648 παντὶ
2989 5591 3278 5663 τοιγαροῦν
3336 5593 3397 5644 τὸ
3448 5591 3603 5644 Θεῖόν
3650 5592 3821 5652 ἐστιν,
3897 5593 4059 5661 ὅπερ

2439 5692 2515 5752 είς
2550 5687 2844 5756 συζήτησιν
2898 5685 3164 5754 προετέθη
3218 5702 3321 5749 σοι,
3379 5684 3453 5746 ὡς
3508 5684 3660 5736 οὐδὲν
3691 5683 3802 5734 τῶν
3857 5684 4059 5736 ὅντων

2440 5785 2496 5834 ἐν
2524 5785 2633 5844 τοῖς
2664 5781 2842 5834 οὖσιν*
2895 5779 2928 5848 ἢ
2978 5783 3084 5848 γὰρ
3147 5779 3213 5832 ἂν
3255 5779 3316 5831 τὸ
3366 5777 3505 5848 ὑπὲρ
3539 5778 3712 5830 πάντα
3745 5777 3812 5828 τὰ
3878 5779 4056 5840 ὅντα,
