4186 6444
247 406 357 471 465

1204 416 1305 475 AD
1344 416 1938 479 AMPHILOCIIIUM
1978 420 2330 491 QU/ESTIO
2369 425 2621 485 LXXIV.

3391 437 3499 504 466

244 519 304 572 ἓν
352 520 420 574 ἂν
472 515 542 591 ἦν
591 521 700 575 τῶν
756 521 926 577 ὅντων
986 525 1084 578 καὶ
1136 526 1166 580 6
1222 532 1544 600 προαγωγός
1610 548 1670 584 τε
1722 536 1794 584 κα

1902 578 1906 588 .
1934 538 2177 588 omnium
2209 546 2403 590 auctos
2423 546 2475 590 et
2504 536 2816 601 fabricator,
2843 554 2981 594 unus
3004 554 3289 599 vocaretur
3314 563 3378 601 cx
3404 550 3492 614 iis,

240 612 570 683 δημιουργὸς
618 614 894 680 ἀπάντων,
940 609 1020 680 εἷς
1060 618 1130 671 ἂν
1185 620 1524 691 ἐχρημάτιζε
1562 623 1674 675 τῶν
1723 624 1813 677 ὑπ’

240 703 409 755 αὐτοῦ
436 704 970 775 δημιουργηθέντων.
998 710 1170 764 Τοῦτο
1194 712 1303 783 γάρ
1334 714 1644 783 νομοθετεῖν
1673 713 1815 770 οἶδεν

238 794 272 860 ἡ
307 794 446 861 πρὸς
473 796 541 846 τά
566 796 695 848 δντα
722 797 823 865 τῆς
846 797 1139 864 διαθέσεως
1168 806 1438 873 συγγενής
1466 822 1523 857 τε
1554 808 1647 859 καὶ
1681 810 1813 878 ὁμο-

235 887 411 957 ταγὴς
439 888 536 956 τῆς
559 888 957 961 δημιουργικῆς
981 893 1159 963 ἀρχῆς
1197 898 1475 962 κοινωνία,
1511 900 1731 954 ἐπειδάν
1751 901 1813 954 τὸ

234 977 656 1045 ἀπαράλλακτόν
690 997 772 1044 τις
800 981 1109 1047 ὲκὸιάζοιτο
1144 985 1245 1056 τὴν
1277 988 1462 1057 σχέσιν
1490 988 1636 1059 ἔχειν
1675 992 1813 1061 πρὸς

233 1068 444 1138 ἄλληλα
468 1073 535 1123 τὰ
562 1072 691 1124 ὄντα
730 1073 826 1126 καὶ
854 1075 945 1127 τὸν
974 1076 1214 1146 κτίστην
1247 1079 1384 1149 πρὸς
1418 1080 1809 1152 τιὰ-κτίσμιιτα⁹

308 1160 522 1214 Οὐκοῦν
555 1163 631 1225 ὡς
654 1162 807 1218 οὐδὲν
825 1166 937 1219 τῶν
960 1167 1130 1223 δντων
1156 1172 1268 1233 τοῖς
1293 1171 1457 1225 αὑτοῦ
1481 1174 1812 1229 συνάπτεται

228 1254 332 1325 καὶ
380 1256 804 1321 συγκαταϐαίνει
842 1258 905 1310 τὸ
944 1258 1101 1313 Θεῖον
1130 1261 1608 1335 δημιουργήμασιν
1631 1282 1645 1297 ο
1693 1267 1809 1321 ἀλλ’

236 1343 511 1415 ίδιαζούσῃ
549 1346 787 1401 διαθέσει
830 1349 923 1402 καὶ
964 1352 1248 1423 οἰκονομίᾳ
1279 1354 1672 1428 διακεκριμένη
1710 1358 1809 1427 τὴν

232 1436 376 1504 πρὸς
404 1440 471 1491 τὰ
503 1438 632 1492 ὄντα
676 1442 859 1509 σχέσιν
906 1443 1236 1513 ἁρμόζεται·
1280 1446 1469 1517 ῶσπερ
1495 1448 1553 1501 δέ
1593 1451 1709 1503 ἐστι
1748 1451 1810 1504 τὺ

229 1527 389 1580 Θείον
417 1528 579 1597 σοφόν
616 1548 676 1584 τε
710 1530 828 1600 ἇμα
858 1534 954 1587 καὶ
978 1536 1309 1606 ὑπέρσοφον,
1337 1538 1470 1601 Θεός
1494 1552 1553 1592 τε
1589 1541 1809 1613 ίσχυρδς

230 1618 331 1669 καὶ
362 1618 649 1688 ὑπέρθεος,
686 1623 892 1693 κυρίως
928 1642 988 1678 τε
1017 1626 1177 1680 οὐσία
1215 1627 1313 1680 καὶ
1346 1629 1689 1697 ὑπερούσιον,
1715 1633 1808 1685 καὶ

228 1708 539 1774 αὑτάγαθον
567 1712 770 1780 ὁμοίως
798 1716 893 1767 καὶ
918 1715 1287 1786 ὑπεράγαθον,
1321 1719 1495 1784 οὕτως
1540 1722 1807 1793 ὑπάρχειν

227 1798 452 1865 λέγεται
482 1802 583 1853 κάν
608 1803 686 1871 τῷ
714 1807 878 1858 παντὶ
925 1810 1020 1859 καὶ
1058 1809 1202 1878 ὑπὲρ
1229 1810 1292 1862 τὸ
1322 1812 1455 1865 πᾶν⁹
1493 1814 1589 1866 ἐπὶ
1638 1816 1806 1885 μόνης

225 1890 339 1958 γὰρ
373 1892 471 1960 τῆς
521 1892 758 1962 ἀρρήτου
817 1897 914 1949 καὶ
952 1899 1308 1971 πολυωνύμου
1353 1906 1447 1958 καὶ
1494 1906 1805 1977 ὑπερφυοῦς

225 1981 466 2046 φύσεως,
499 1984 528 2034 6
570 1989 939 2053 καταφατικὺς
974 1992 1083 2043 τῶν
1116 1992 1397 2062 ὀνομάτων
1444 1997 1633 2064 τύπος,
1677 1999 1804 2052 σύν·

224 2071 429 2141 δρομον
449 2075 587 2142 ῐσχει
609 2076 711 2146 τὴν
746 2080 1024 2148 σημασίαν
1057 2085 1168 2147 τοῖς
1194 2084 1281 2138 διά
1308 2086 1418 2139 τῶν
1450 2089 1802 2156 ἀποφατικῶν

220 2160 255 2249 η
284 2162 625 2231 στερητικῶν
658 2166 854 2234 φωνῶν
894 2175 1294 2243 σχηματισμοῖς
1329 2175 1547 2246 δηλοῦσι
1584 2178 1646 2233 τὸ
1674 2179 1800 2249 βού-

220 2247 407 2317 λημα’
446 2250 636 2325 διόπερ
677 2255 738 2308 τὸ
776 2258 836 2310 έν
875 2260 1037 2313 παντὶ
1081 2263 1182 2316 οὐκ
1217 2264 1363 2317 ἔστιν
1405 2247 1799 2338 ἀθέτησις-τοῦ

218 2338 367 2427 ὑπὲρ
392 2340 455 2393 τὸ
486 2344 591 2395 πᾶν
610 2362 625 2376 ·
656 2347 790 2400 ἀλλά
819 2353 1107 2419 συμφωνία
1139 2355 1340 2422 μᾶλλον
1366 2359 1458 2410 καὶ
1485 2358 1797 2427 βεϐαίωσις·

216 2426 284 2518 οὐ
313 2428 423 2498 μὴν
452 2430 508 2483 δὲ
535 2430 650 2484 ἀλλ’
674 2435 796 2488 οὐδὲ
811 2437 871 2490 τὸ
892 2439 1031 2508 ὑπὲρ
1052 2444 1159 2494 πᾶν
1178 2426 1529 2515 παραλλαγήν
1548 2447 1793 2518 προλαμ-

216 2516 379 2608 ﬁant
391 2519 843 2595 θαυμασιωτέραν
860 2529 958 2597 τῆς
976 2533 1339 2600 μυσταγωγοῦ
1352 2516 1650 2603 θεολογίας,
1670 2516 1798 2608 παρ’

219 2606 292 2675 ἢν
306 2609 339 2677 ἡ
354 2608 414 2662 έν
427 2610 504 2680 τῷ
518 2616 682 2666 παντὶ
710 2616 1124 2691 ίερολογουμένη
1158 2621 1360 2694 θεωρία
1385 2606 1764 2696 παραδίδωσιν,

296 2699 459 2753 Ὥστε
489 2705 517 2755 6
540 2703 812 2774 διαπορῶν
855 2712 904 2763 εί
950 2712 1009 2763 έν
1027 2711 1103 2783 τῷ
1135 2715 1300 2767 παντὶ
1327 2716 1388 2768 τὸ
1412 2717 1566 2771 Θεῖον
1601 2721 1699 2773 οὐκ
1732 2722 1799 2776 ἂν

216 2787 366 2856 ὑπὶρ
382 2790 443 2841 τὸ
470 2794 600 2854 πᾶν,
629 2793 851 2865 λέληθεν
873 2800 1066 2855 ἑαυτὸν
1090 2802 1191 2872 τὴν
1216 2805 1324 2858 τῶν
1358 2807 1516 2876 ίερῶν
1537 2813 1798 2880 ῥημάτων

213 2880 317 2930 ἐπὶ
333 2881 431 2948 τῆς
452 2881 666 2950 φύσεως
688 2888 882 2957 χρῆσιν
903 2892 1132 2960 ἀγνοῶν·
1160 2898 1372 2966 καὶτῆς
1389 2901 1648 2970 συνήθους
1669 2905 1798 2975 περὶ

211 2971 555 3064 gingivam
588 2978 801 3046 ὁμιλίας
831 2982 983 3037 οὐδὲν
1015 2986 1345 3055 ὑψηλότερον
1374 2992 1492 3043 οὐδὲ
1526 2971 1795 3064 θειότερον

214 3060 353 3128 περὶ
381 3062 489 3114 τῶν
514 3065 693 3119 άΰλων
716 3072 1118 3141 φανταζόμενος
1136 3090 1149 3103 ·
1180 3075 1316 3128 ἀλλά
1342 3078 1450 3148 γάρ
1478 3080 1594 3144 πῶς
1628 3086 1687 3135 ὲν
1706 3060 1795 3154 *τῷ

1916 640 2038 692 quae
2073 625 2142 679 ab
2177 626 2294 694 ipso
2342 626 2482 681 facta
2518 634 2666 681 sunt.
2700 626 2851 683 Hanc
2876 632 3022 685 enim
3060 633 3229 703 legem
3260 639 3492 707 imponit

1914 717 2232 770 communio
2279 732 2401 771 cum
2448 718 2536 780 iis,
2569 733 2689 786 qua:
2740 730 2888 784 sunt,
2915 712 2979 775 et
3010 738 3201 779 eorum
3236 731 3492 797 cognatio

1913 824 1945 861 a
1990 809 2239 879 Principe
2268 820 2322 863 et
2366 810 2622 864 Creatore
2655 811 2917 879 profecta,
2972 814 3017 869 si
3068 819 3193 885 quis
3241 835 3335 888 per
3382 822 3488 875 vim

1915 899 2140 961 nitatur,
2191 907 2247 953 et
2274 901 2420 969 quod
2449 902 2647 956 variari
2680 918 2787 956 non
2820 916 3017 971 potest.
3054 919 3303 965 mutuam
3336 914 3491 968 habi-

1914 991 2155 1046 tudinem
2201 1006 2327 1045 cum
2376 992 2539 1047 rebus
2586 993 2807 1059 habeat,
2842 1006 2898 1049 et
2925 996 3151 1054 Creator
3182 1018 3307 1057 cum
3339 1020 3492 1059 crea-

1913 1078 2053 1132 turis

1977 1170 2141 1241 Igitur
2164 1182 2423 1242 tanquam
2455 1175 2593 1229 nihil
2614 1190 2807 1231 eorum
2852 1194 2974 1246 qua:
3008 1190 3161 1244 sunt,
3192 1198 3316 1237 ettm
3371 1186 3487 1240 suis

1910 1265 2281 1336 conjungitur,
2314 1276 2368 1319 et
2397 1266 2636 1321 demittit
2656 1285 2715 1323 se
2751 1268 2888 1323 Deus
2918 1270 2983 1324 ad
3012 1287 3141 1326 suat
3181 1284 3485 1340 creaturas,

1909 1357 2003 1411 sed
2060 1359 2276 1426 propria
2326 1359 2688 1426 dispositione
2734 1370 2790 1414 et
2845 1366 3150 1417 oeconomia
3203 1366 3485 1429 distincta,

1908 1460 2063 1499 suam
2094 1461 2219 1498 cum
2270 1447 2434 1500 rebus
2464 1447 2835 1503 habitudinem
2868 1461 3037 1519 aptat.
3096 1450 3247 1507 Sicut
3305 1466 3485 1509 autem

1906 1545 1993 1590 est
2022 1534 2165 1590 Deus
2188 1537 2407 1605 sapiens
2432 1538 2596 1593 simul
2646 1552 2701 1593 et
2727 1556 2891 1608 supra
2922 1541 3219 1610 sapientes,
3248 1554 3302 1598 et
3334 1544 3487 1601 fortis

1912 1628 2051 1682 Deus
2081 1638 2133 1681 et
2155 1644 2319 1697 supra
2351 1629 2536 1695 fortes,
2569 1638 2623 1685 et
2657 1647 2819 1699 supra
2850 1633 3007 1698 deos,
3036 1644 3089 1687 et
3112 1636 3325 1704 proprie
3353 1638 3484 1691 sub-

1907 1720 2102 1774 stantia
2123 1733 2177 1773 et
2190 1736 2354 1790 supra
2372 1721 2756 1787 substantiam,
2776 1732 2831 1778 et
2855 1726 3030 1792 ipsum
3062 1742 3158 1794 per
3173 1742 3231 1781 se
3254 1729 3482 1792 bonum,

1905 1813 2221 1868 etsimiliter
2249 1828 2413 1882 supra
2433 1806 2995 1879 bonumisicdicitur
3012 1832 3134 1871 esse
3158 1820 3210 1871 in
3236 1821 3407 1882 omni,
3431 1832 3484 1874 et

1907 1920 2072 1974 supra
2115 1920 2296 1959 omne.
2347 1906 2530 1961 lnsola
2568 1907 2715 1961 enim
2738 1916 2955 1969 natura,
3000 1926 3122 1977 quae
3148 1927 3311 1979 supra
3334 1922 3482 1964 natu-

1908 2012 2020 2050 ram
2054 2006 2158 2060 est,
2188 2006 2374 2065 etquae
2400 1998 2508 2053 dici
2542 2014 2649 2051 non
2676 2010 2876 2066 potest.
2900 2012 2955 2054 et
2981 2003 3274 2056 multorum
3308 2006 3482 2057 nomi-

1904 2103 2033 2142 num
2058 2088 2438 2143 aﬂirmantium
2455 2090 2908 2158 signiﬁcationem
2940 2093 3103 2145 habet
3133 2096 3480 2149 consentien-

1902 2187 2010 2233 tem
2037 2194 2160 2232 cum
2187 2179 2361 2234 l'orma
2388 2194 2582 2235 vocum
2621 2183 2934 2248 negantium
2960 2221 2975 2241 ,
3010 2183 3093 2236 vel
3123 2184 3474 2249 privantium.

1903 2269 1977 2323 Ex
2012 2286 2119 2338 quo
2151 2269 2228 2331 lit,
2259 2280 2317 2324 ut
2353 2285 2475 2324 esse
2518 2270 2571 2323 in
2606 2272 2780 2335 omni,
2828 2287 2933 2324 non
2966 2282 3124 2339 neget
3155 2289 3274 2325 esse
3314 2289 3476 2341 supra

1898 2376 2077 2425 omne,
2122 2361 2214 2414 sed
2251 2361 2429 2426 potius
2459 2361 2763 2420 confirmet,
2815 2371 2870 2414 et
2938 2376 3043 2414 non
3103 2362 3206 2415 hoc
3270 2363 3475 2423 solum,

1902 2470 2001 2510 nec
2032 2469 2154 2508 esse
2194 2468 2357 2521 supra
2396 2467 2575 2515 omne,
2627 2454 2979 2506 variationem
3016 2454 3475 2509 admirabiliorem

1901 2546 1955 2599 in
1990 2546 2261 2613 theologia
2305 2546 2500 2614 recipit
2554 2553 2751 2612 praeter
2786 2559 2928 2605 eam,
2958 2559 3122 2612 quam
3155 2543 3321 2597 tradit
3354 2560 3474 2598 esse

1900 2636 1954 2689 in
1984 2634 2153 2689 omni.

1968 2725 2145 2791 Quare
2194 2723 2286 2791 qui
2342 2722 2571 2787 dubitat,
2617 2723 2661 2775 si
2709 2723 2849 2775 Deus
2890 2732 2971 2775 est
3019 2722 3070 2774 in
3121 2724 3300 2784 omni,
3363 2739 3469 2779 non

1897 2831 2019 2872 esse
2048 2831 2211 2884 supra
2243 2830 2425 2877 omne,
2457 2816 2668 2885 ignorat
2692 2816 2736 2868 is
2771 2830 2928 2868 usum
2962 2830 3240 2869 sacrarum
3277 2832 3469 2869 vocum

1897 2909 1965 2963 de
2018 2907 2201 2961 divina
2270 2915 2497 2971 natura;
2554 2918 2609 2959 et
2681 2907 2815 2959 nihil
2862 2906 3025 2960 altius
3091 2922 3268 2975 neque
3333 2909 3473 2960 divi-

1899 3000 2049 3062 nius,
2101 3012 2263 3065 quam
2320 2998 2663 3051 consuetudo
2685 3012 2864 3050 rerum
2914 3013 3298 3065 corporearum
3348 2997 3468 3063 fert,

1897 3093 1965 3147 de
1997 3092 2083 3153 iis,
2111 3105 2232 3160 qua:
2277 3090 2503 3143 materia
2542 3098 2756 3153 vacant,
2804 3090 3024 3159 cogitat.
3061 3088 3163 3143 Sed
3195 3093 3472 3159 quomodo

210 3152 385 3203 παντί
404 3169 419 3217 ;
441 3152 653 3223 εἴρηται
678 3159 866 3227 μὲνῶς
888 3165 1006 3217 κατ’
1024 3166 1214 3221 οὐδένα
1240 3169 1442 3239 τρόπον
1466 3172 1573 3225 τῶν
1598 3152 1782 3230 ὄντων,

1902 3193 1973 3240 :st
2020 3152 2077 3233 in
2130 3152 2337 3232 omni?
2406 3176 2619 3231 Dictum
2697 3178 2842 3232 enim
2926 3187 3029 3241 est,
3077 3179 3225 3231 nullo
3309 3180 3471 3233 modo

212 3242 285 3293 El
348 3242 405 3295 δὲ
458 3245 540 3299 δεῖ
587 3264 641 3300 τι
688 3250 889 3318 μᾶλλον
950 3255 1439 3330 θεωρητικωτέρων
1503 3262 1790 3333 δογμάτων

213 3334 360 3400 πρὸς
385 3335 444 3386 τὸ
472 3335 603 3405 ὕψος
637 3340 711 3408 μὴ
737 3342 1129 3409 ἀποδειλιάσει,
1154 3349 1270 3403 ἐστι
1286 3352 1348 3403 τὸ
1373 3352 1524 3406 Θεῖον
1550 3358 1606 3407 ὲν
1630 3360 1790 3411 παντὶ

212 3427 349 3475 κατ’
380 3428 663 3496 ένέργειάν
692 3449 750 3484 τε
780 3436 874 3486 καὶ
906 3438 1027 3490 κατ’
1056 3441 1239 3493 οὐσίαν
1258 3460 1273 3473 ·
1308 3447 1398 3497 καὶ
1428 3448 1502 3517 μή
1535 3466 1623 3517 μοι
1644 3450 1788 3517 λέγε,

213 3514 339 3575 πῶς
369 3532 384 3579 ;
412 3521 732 3590 προείρηται
766 3526 858 3576 καὶ
888 3526 962 3588 ὡς
986 3532 1105 3581 κατ’
1137 3532 1325 3586 οὐδένα
1353 3537 1550 3604 τρόπον
1573 3540 1681 3591 τῶν
1706 3543 1792 3595 6v-

209 3622 363 3656 των’
408 3609 521 3670 πῶς
564 3608 657 3663 οὖν
706 3615 822 3666 ἐστι
864 3618 980 3669 κατ’
1013 3622 1234 3688 οὺσίαν;
1276 3625 1350 3685 ὡς
1382 3629 1635 3696 ἐννοήσας
1670 3635 1789 3684 κατ’

212 3698 503 3766 ἐνέργειαν
523 3718 539 3733 ο
575 3704 760 3774 ἐπειδὴ
792 3709 901 3776 γάρ
924 3711 990 3761 τά
1021 3711 1120 3779 μὲν
1150 3713 1283 3768 ἄλλα
1307 3719 1400 3769 καὶ
1427 3717 1653 3789 δυνάμει
1675 3723 1791 3775 ὲστί

212 3804 351 3839 ποτε
382 3791 475 3841 καὶ
505 3793 771 3864 ἐνεργείᾳ,
813 3800 873 3849 τὸ
910 3799 967 3853 δὲ
995 3801 1167 3867 Θεῖον,
1196 3804 1269 3867 ὡς
1301 3810 1329 3859 6
1357 3809 1662 3879 διορατικδς
1701 3816 1790 3865 ὲν-

210 3880 429 3948 νσήσειε
471 3883 614 3944 νοῦς,
644 3887 838 3956 ἀείπερ
866 3891 1011 3943 ἐστὶν
1036 3896 1285 3963 ἐνέργεια
1304 3914 1316 3927 ο
1350 3900 1408 3951 οὑ
1438 3902 1546 3970 γὰρ
1584 3902 1642 3966 ἐξ
1668 3906 1789 3958 ἀτε-

209 3970 340 4032 λοῦς
373 3975 453 4034 εἰς
477 3975 787 4041 τελειότητα
813 3982 1077 4051 πρόεισιν,
1115 3988 1221 4039 οὐδ’
1253 3990 1380 4043 ἀλλο
1408 4009 1461 4044 τι
1503 3996 1655 4064 παρὰ
1690 3997 1789 4065 τὴν

209 4063 632 4132 αὑτοενέργειάν
684 4070 800 4123 ἐστι
851 4074 912 4125 τὸ
956 4076 1288 4143 αὑτοούσιον,
1323 4084 1479 4152 δῆλον
1509 4086 1584 4149 ὡς
1616 4089 1674 4139 ὲν
1709 4083 1789 4151 οἷς

214 4155 336 4207 ἐστι
368 4158 489 4208 κατ’
517 4159 815 4227 ἐνέργειαν,
853 4166 911 4216 ἐν
937 4168 1049 4230 τοῖς
1075 4169 1259 4235 αὐτοῖς
1291 4175 1405 4227 ἐστι
1434 4178 1529 4229 καὶ
1556 4182 1673 4231 κατ’
1699 4180 1790 4232 οὐ·

211 4243 340 4296 σίαν
370 4263 384 4274 ·
413 4248 626 4315 ἐνεργεῖ
674 4250 774 4318 μὲν
811 4254 919 4324 γὰρ
965 4259 1105 4311 κατὰ
1144 4264 1374 4333 συνοχὴν
1411 4268 1505 4318 xa‘t
1531 4269 1789 4340 διαμονὴν

209 4335 323 4385 τῶν
344 4336 516 4388 ὄντων
536 4354 551 4368 ⁸
587 4340 759 4392 οὑσιοί
788 4342 843 4395 δὲ
879 4347 971 4397 καὶ
1003 4347 1285 4420 διακρατεῖ
1314 4354 1423 4407 τῶν
1455 4335 1789 4430 δημιουργη-

211 4425 421 4478 θέντων
465 4429 556 4480 ὑπ’
583 4431 748 4483 αὐτοῦ
773 4434 871 4502 τὴν
902 4437 1083 4504 φύσιν.

286 4692 413 4752 Πῶς
459 4690 552 4747 οὖν
610 4699 670 4750 τὸ
713 4699 866 4754 Θεῖόν
912 4704 1029 4759 ἐστι
1074 4706 1349 4774 οὑσιωδῶς
1386 4714 1445 4764 ἐν
1494 4715 1571 4785 τῷ
1603 4720 1787 4785 παντὶ,

202 4780 269 4833 οὐ
312 4781 413 4850 μία
448 4801 531 4845 τις
586 4787 649 4839 ὲκ
698 4790 903 4844 τούτων
944 4796 1286 4852 ἀποτελεῖται
1318 4806 1666 4871 συνουσίωσις
1694 4812 1788 4864 καὶ

203 4872 404 4939 φύσις;
452 4875 533 4927 ὅτι
572 4878 678 4930 οὐδ’
722 4880 849 4933 ὅταν
901 4884 1050 4956 αὑτῷ
1100 4892 1286 4960 ἐννοῇς
1330 4894 1451 4946 κατ’
1507 4898 1785 4967 ἐνέργειαν

201 4964 303 5016 καὶ
344 4965 510 5037 λέγῃς
558 4970 614 5020 ἐν
661 4972 739 5037 τῷ
807 4976 969 5028 παντὶ
1013 4975 1180 5044 εἶναι,
1242 4984 1351 5035 οὐδ’
1401 4964 1786 5051 οὖτωςνέσται

205 5056 698 5124 συντετελεσμένον
755 5063 847 5114 καὶ
906 5065 1118 5131 φύσεως
1162 5069 1317 5136 λόγον
1353 5073 1547 5143 ἐπέχον
1590 5077 1650 5128 τὸ
1687 5078 1779 5130 δυ-

198 5144 442 5212 νάμενον
490 5145 780 5218 ὁλόκληρόν
832 5171 948 5216 πως
1000 5160 1255 5225 ὑποσχεῖν
1325 5162 1423 5230 τὴν
1475 5165 1661 5232 χρείαν
1718 5167 1779 5218 ἐκ

198 5252 261 5286 τε
309 5235 409 5287 τοῦ
464 5240 665 5301 παντὸς
715 5245 807 5294 καὶ
862 5247 927 5297 ὲκ
977 5249 1075 5311 τῆς
1120 5250 1267 5313 θείας
1329 5255 1419 5305 καὶ
1475 5256 1775 5324 κρείττονος

200 5325 486 5379 συνελθεῖν
545 5331 714 5401 ἑτέρῳ
772 5336 904 5405 πρὸς
973 5341 1102 5406 μίαν
1156 5344 1502 5406 ὑποστάσεως
1563 5350 1781 5401 αὑτοτέ-

199 5417 395 5470 λειαν·
434 5420 525 5471 καὶ
572 5424 686 5486 πῶς
744 5427 810 5478 ἂν
845 5430 905 5480 τὸ
953 5434 1073 5483 κατ’
1113 5436 1302 5486 οὐσίαν
1347 5438 1588 5506 ὑπάρχον
1640 5442 1775 5507 nvi;

195 5508 369 5561 τοῦτο
394 5509 502 5578 γὰρ
526 5510 745 5580 εὔλογον
770 5522 1189 5591 προσεπιζητεῖν
1220 5525 1393 5578 δοκεῖ’
1428 5528 1555 5596 μίαν
1581 5532 1777 5585 ἐννοεῖν

199 5601 304 5651 οὐκ
341 5602 636 5669 ἀπαρτίζει
666 5608 761 5660 σὺν
787 5612 979 5681 ἐκείνῳ
1008 5616 1318 5670 ὑπόστασιν.
1366 5620 1499 5671 Ἀλλ’
1532 5624 1591 5673 οὐ
1623 5625 1777 5691 χαλε-

202 5688 307 5740 πὸν
352 5691 744 5762 ἐπιλύσασθαι,
784 5700 865 5753 ὅτι
896 5702 1069 5757 διττὸν
1102 5706 1316 5773 λέγεται
1355 5710 1415 5761 τὸ
1444 5713 1563 5762 κατ’
1588 5714 1775 5766 οὐσίαν

200 5778 480 5849 ὑπάρχειν
508 5785 638 5837 τινί·
675 5790 734 5840 τὸ
772 5790 870 5858 μὲν
898 5792 1004 5862 γὰρ
1028 5796 1134 5848 τῶν
1168 5801 1575 5866 τηξθ.α’νομέ“ιων
1610 5804 1664 5855 ἐν
1698 5805 1773 5873 τῷ

1896 3288 2085 3329 earum
2138 3286 2315 3323 rerum
2365 3285 2486 3337 qum
2533 3277 2661 3323 sunt
2698 3288 2710 3320 :
2742 3270 2835 3323 sed
2881 3271 2925 3323 si
2981 3280 3199 3338 oportet
3250 3271 3460 3340 aliquid

1896 3366 2072 3420 adhuc
2127 3362 2306 3414 dicere
2364 3360 2509 3429 quod
2574 3360 2647 3413 sit
2677 3359 2901 3426 majoris
2956 3362 3465 3428 contemplationis.

1898 3458 1965 3510 iis
2026 3455 2228 3512 etiam,
2290 3450 2382 3519 qui
2434 3459 2561 3504 sunt
2613 3451 2804 3504 altiore
2870 3461 3049 3504 mente
3098 3452 3345 3519 pranliti,
3418 3464 3473 3505 et

1898 3560 2005 3597 non
2037 3542 2212 3597 solent
2249 3538 2544 3594 formidare
2575 3548 2629 3593 et
2658 3538 2842 3607 fugere
2874 3541 3213 3594 altitudinem
3240 3544 3467 3610 dogma-

1898 3643 2010 3685 tum
2046 3630 2217 3701 magis
2258 3630 2691 3696 theologicoruin
2722 3671 2736 3693 ,
2782 3641 2862 3682 est
2920 3628 3060 3683 Deus
3087 3642 3207 3683 actu
3243 3640 3297 3685 et
3337 3636 3469 3686 sub-

1897 3718 2091 3773 stantia
2110 3716 2348 3770 inomni.
2377 3715 2663 3780 Quomodo
2694 3716 2856 3784 igitur
2881 3725 2964 3769 est
2990 3718 3292 3770 substantia
3325 3719 3470 3772 sicut

1899 3805 2207 3860 intellexisti
2261 3805 2424 3857 actu?
2469 3806 2595 3873 quia
2629 3805 2777 3858 enim
2826 3807 2931 3858 alia
2963 3816 3093 3858 sunt
3136 3808 3468 3876 quandoque

1897 3907 2058 3962 actu;
2114 3895 2258 3949 Deus
2309 3910 2436 3948 vero
2489 3902 2571 3963 (ut
2619 3897 2709 3963 qui
2771 3896 2941 3948 aciem
2999 3900 3193 3950 tuentis
3248 3911 3465 3952 acutam

1899 3989 2078 4048 habet.
2123 3987 2420 4055 intelligere
2467 3988 2659 4054 potest)
2704 4002 2919 4051 semper
2970 3986 3121 4041 adest
3163 3998 3321 4053 actu;
3359 4006 3465 4042 non

1894 4080 2038 4134 enim
2081 4095 2144 4132 ex
2181 4078 2496 4146 imperfecto
2526 4079 2589 4131 ad
2645 4079 2941 4146 perfectum
2990 4082 3248 4146 procedit,
3290 4097 3466 4151 neque

1894 4171 2039 4224 aliud
2071 4169 2199 4237 quid
2245 4179 2327 4223 est
2359 4184 2481 4223 esse
2511 4170 2687 4237 ipsum
2724 4185 2814 4237 per
2864 4186 2922 4223 se
2972 4172 3197 4232 bouum,
3236 4182 3461 4239 practer-

1894 4276 2055 4328 quam
2100 4262 2275 4328 ipsutn
2330 4274 2453 4313 esse
2553 4275 2646 4327 per
2732 4276 2789 4314 se
2845 4273 3046 4326 actum,
3120 4265 3309 4331 liquet,
3408 4265 3463 4318 in

1895 4353 2095 4420 quibus
2127 4361 2210 4406 est
2249 4363 2394 4415 actu,
2433 4354 2484 4405 in
2542 4353 2609 4406 iis
2646 4354 2777 4420 ipsis
2809 4368 2928 4406 esse
2976 4356 3323 4418 substantia;
3356 4358 3467 4425 agit

1894 4442 2039 4493 enim
2091 4441 2556 4495 conservationem
2606 4452 2658 4493 et
2703 4442 3042 4495 durationetn
3095 4460 3284 4497 eorum
3342 4462 3466 4513 quae

1894 4543 2041 4583 sunt.
2074 4530 2355 4584 Sustentat
2386 4542 2565 4583 autem
2608 4542 2662 4584 et
2690 4534 2933 4587 continet
2966 4542 3211 4587 naturam
3244 4551 3461 4598 eorum,

1890 4638 2007 4689 (ιειτε
2031 4622 2097 4674 ab
2124 4623 2238 4687 ipso
2280 4632 2456 4675 creata
2488 4632 2635 4675 sunt.

1962 4713 2245 4777 Quomodo
2276 4714 2437 4782 igitur
2474 4714 2518 4767 si
2570 4714 2708 4767 Deus
2757 4723 2839 4768 est
2868 4718 3169 4771 secundum
3207 4718 3463 4771 substan-

1890 4805 2014 4858 tiam
2062 4805 2111 4857 iu
2153 4807 2299 4859 omni
2338 4849 2351 4867 .
2404 4823 2513 4859 non
2581 4810 2867 4861 coniicitur
2926 4825 3031 4861 uua
3086 4826 3149 4864 ex
3208 4813 3461 4865 omnibus

1889 4896 2257 4959 συνουσίωσις,
2308 4898 2358 4949 id
2408 4908 2510 4963 est,
2574 4900 3062 4953 consubstantiatio
3110 4914 3162 4954 et
3224 4906 3458 4955 natura?

1887 4985 2152 5049 Quoniam
2180 5001 2353 5053 neque
2376 5002 2500 5039 eum
2536 4988 2711 5055 ipsum
2743 4988 2997 5060 intelligis
3040 4993 3336 5045 secundum
3364 5009 3456 5046 ac-

1888 5085 2022 5137 tum,
2068 5086 2121 5130 et
2165 5076 2301 5129 dicis
2338 5087 2460 5130 aetu
2509 5093 2628 5132 csse
2695 5080 2748 5132 in
2818 5083 3003 5142 omni,
3098 5098 3273 5149 neque
3352 5085 3451 5147 sic,

1892 5168 2130 5236 inquam,
2157 5168 2255 5220 erit
2278 5173 2602 5223 constitutus
2629 5183 2679 5223 et
2710 5173 2969 5225 rationein
2999 5185 3203 5228 natura:
3228 5176 3454 5242 habens,

1886 5274 1976 5325 qur
2036 5259 2208 5326 possit
2259 5260 2441 5313 subire
2492 5261 2753 5329 integrum
2811 5266 3212 5331 quodaminodo
3268 5283 3453 5328 usum,

1880 5350 2225 5411 constitutus,
2256 5350 2497 5415 inquam,
2541 5370 2603 5404 ex
2654 5360 2797 5407 omni
2844 5366 2896 5408 et
2940 5373 3000 5408 ex
3030 5358 3207 5409 divina
3238 5368 3452 5420 natura,

1879 5454 1998 5507 qum
2026 5440 2365 5506 prmstantior
2390 5452 2490 5503 εει,
2517 5459 2675 5509 quam
2714 5457 2769 5497 ut
2806 5449 2975 5512 possit
3005 5465 3125 5499 eum
3176 5448 3279 5497 alio
3320 5462 3451 5499 con-

1880 5530 2023 5598 gredi
2084 5529 2150 5581 ad
2182 5546 2339 5581 unam
2368 5540 2531 5583 totam
2585 5536 2887 5602 liypmtasis
2935 5538 3337 5604 perfectionem.
3383 5542 3445 5594 Et

1878 5622 2151 5692 quomodo
2219 5637 2339 5676 esse
2394 5626 2685 5678 secundum
2744 5632 3103 5684 substantiam
3159 5636 3208 5685 in
3262 5634 3446 5703 aliquo

1880 5719 2013 5783 (lucc
2041 5716 2183 5770 enim
2237 5721 2461 5784 quaestio
2489 5720 2647 5790 digna
2678 5726 2886 5778 videtur
2915 5728 3281 5795 indagatione)
3333 5746 3441 5782 non

1879 5808 2027 5870 facit,
2063 5816 2121 5858 ut
2162 5808 2523 5879 intelligamus
2556 5828 2713 5865 unum
2758 5831 2879 5869 cum
2930 5818 3020 5871 illo
3068 5820 3442 5888 hypostasitn?
