4186 6444
228 432 343 499 469

1190 439 1287 497 ΑΙ)
1322 434 1911 495 AMPIIILOCHIUM
1950 431 2300 505 QUIESTIO
2342 432 2600 491 LXXVI.

3379 431 3483 495 ΠΟ

225 543 403 611 αὐτην
447 544 708 614 ῥημάτων
759 545 875 615 (9|)
920 545 1191 614 ὠφέλειαν
1240 546 1340 615 τὴν
1384 545 1557 614 ἀκοὴν
1600 527 1800 607 ἀνοῖξαι

1914 544 2152 611 pandere
2172 541 2448 595 volebam.
2485 541 2610 594 ideo
2637 540 2918 609 propheta,
2950 540 3268 596 surditatem
3288 558 3481 599 eorum

224 634 514 698 ἐθέλοντας
545 636 657 707 (92)
677 677 693 702 ,
720 636 842 690 οὔτε
866 638 1001 708 πρός
1036 637 1179 690 οὕτω
1224 637 1547 707 θεοπρεπεῖς
1590 635 1802 703 θαυμά-

221 740 337 777 των
375 724 488 793 (95)
535 726 886 796 λαμπηδόνας
918 727 1045 791 τοὺς
1095 727 1411 797 ὀφθαλμοὺς
1454 724 1800 779 ἀναπετάσαι

223 814 607 885 βουληθέντας.
654 816 747 871 Διὸ
792 819 887 871 καὶ
920 820 948 872 ό
990 820 1276 888 προφήτης
1318 818 1380 870 τὸ
1408 815 1592 885 κωφὸν
1617 818 1801 878 αὐτοῖς

222 906 323 959 καὶ
345 907 545 976 τυφλὸν
587 908 690 962 οὐκ
726 909 1043 979 ἀλλαχόθεν,
1077 910 1143 963 ὲκ
1190 910 1246 963 δὲ
1271 912 1371 978 τῆς
1410 908 1548 972 ἰδίας
1595 908 1800 979 μοχθη-

223 996 349 1063 ρίας
418 999 685 1067 περιεῖναι
736 998 1284 1070 διαμαρτυρόμενος.
1348 1016 1369 1051 ι
1435 998 1748 1069 Ἐπακύνθη
1779 1036 1796 1064 υ

1906 643 1962 689 et
2006 634 2305 689 caecitatem
2350 647 2458 687 non
2528 631 2631 685 nisi
2682 648 2750 687 ex
2794 635 3014 702 propria
3065 634 3267 688 malitia
3306 644 3481 689 ortam

1908 731 2225 786 testaturus,
2262 723 2341 775 ait
2374 740 2387 774 :
2422 740 2439 771 ι
2472 722 2837 779 lncrassatum
2871 722 3015 775 enim
3046 733 3127 776 est
3165 738 3261 776 cor
3297 724 3481 792 populi

1909 814 2092 884 hujus.
2128 832 2147 866 ι
2186 814 2250 867 Ει
2279 813 2551 882 quoniam
2589 812 2964 866 incrassarunt
2993 828 3088 868 cor
3124 828 3306 877 suum,
3354 830 3485 885 pro.

1908 915 2089 976 pterea
2145 904 2375 959 auribus
2410 905 2527 959 suis
2577 919 2720 975 agre
2752 903 3004 967 audiunt,
3050 914 3104 959 et
3144 905 3319 959 oculis
3363 906 3481 959 suis

1909 999 2134 1053 nictant.

219 1087 382 1156 φησι,
436 1088 470 1157 ἠ
502 1088 695 1159 καρδία
741 1087 837 1143 τοῦ
884 1089 1016 1145 λαοῦ
1063 1089 1277 1144 τούτου.
1318 1108 1337 1142 ι
1374 1090 1485 1143 Καὶ
1530 1091 1655 1144 tua).
1696 1091 1797 1161 τὴν
1832 1089 2059 1158 καρδίαν
2124 1087 2307 1142 αὐτῶν
2370 1087 2670 1157 ιπάχυναν,
2718 1087 2807 1142 διά
2856 1087 3016 1142 τοῦτο
3066 1092 3161 1145 καὶ
3212 1095 3325 1156 τοῖς
3376 1097 3481 1151 ὠσὶ

222 1182 443 1253 βαρέως
476 1184 741 1253 ἧκουσαν,
775 1183 1020 1247 καὶτοὺς
1058 1184 1372 1254 ὀφθαλμοὺς
1412 1183 1595 1237 αὐτῶν
1620 1183 1965 1252 ὲκάμμυσαν.

300 1270 432 1327 Εἶτα
483 1275 609 1345 μηδ’
636 1274 911 1345 ἀνανῆψαι
957 1275 1182 1340 τούτους
1224 1276 1430 1330 ιθέλειν
1480 1275 1658 1345 δηλῶν
1704 1277 1805 1344 τῆς

221 1365 476 1420 ἑκουσίου
520 1366 844 1436 πηρώσεως,
874 1366 1109 1433 ίττάγει⁶
1146 1386 1165 1420 ι
1203 1368 1295 1439 Μή
1329 1384 1460 1421 ποτε
1496 1367 1647 1420 ίδωσι
1694 1368 1804 1431 τοῖς

218 1455 548 1526 ὀφθαλμοῖς,
594 1459 688 1511 καὶ
715 1461 829 1521 τοῖς
857 1457 992 1510 ώσὶν
1020 1457 1322 1524 ἀκούσωσι,
1365 1457 1463 1511 καὶ
1489 1458 1557 1529 τῇ
1606 1458 1803 1529 καρδίᾳ

222 1544 433 1599 συνῶσι
482 1548 575 1600 καὶ
622 1548 1045 1619 ἑπιστρέψωσι,
1083 1548 1181 1602 καὶ
1230 1548 1479 1617 ίάσωμαι
1521 1548 1739 1612 αὐτούς.
1776 1567 1794 1599 ι

233 1635 655 1707 Ἐπαχύνθησαν
702 1636 994 1708 τοιγαροῦν
1035 1639 1135 1709 τὴν
1194 1640 1445 1711 καρδίαν,
1501 1638 1592 1693 διά
1649 1637 1808 1693 τοῦτο

222 1728 445 1797 βαρέως
473 1728 736 1798 ἤκουσαν,
784 1730 882 1784 καὶ
921 1730 1049 1794 τοὺς
1076 1730 1392 1800 ὀφθαλμοὺς
1426 1731 1606 1784 αὐτῶν
1631 1731 1808 1800 ικάμ-

223 1835 432 1888 μυσαν.
473 1819 835 1890 Ὲκάμμυσαν
860 1820 918 1875 δὲ
947 1823 1075 1883 τοὺς
1106 1821 1445 1891 ὀφθαλμοὺς,
1476 1822 1572 1876 καὶ
1598 1821 1667 1876 τά
1693 1816 1809 1877 ὦτα

221 1908 522 1981 ὲόἀρυναν,
550 1912 760 1981 μήποτε
792 1912 944 1964 ίδωσι
971 1913 1086 1974 τοῖς
1111 1911 1434 1981 ὀφθαλμοῖς,
1453 1913 1550 1966 καὶ
1574 1915 1686 1976 τοῖς
1704 1913 1808 1966 ὠσὶ

1982 1270 2404 1341 Signiﬁcaturus
2426 1287 2612 1342 porro,
2647 1272 2866 1327 eosdem
2891 1289 2957 1328 ex
2986 1286 3281 1344 spontanea
3318 1283 3481 1336 caci-

1911 1368 2021 1413 tate
2046 1376 2151 1414 non
2194 1376 2317 1417 esse
2345 1361 2727 1431 evigilaturos,
2775 1365 2946 1429 addit,
2993 1384 3010 1417 ι
3040 1365 3115 1419 Ne
3142 1370 3364 1434 quando
3394 1372 3480 1425 vi-

1907 1452 2072 1506 deant
2118 1452 2313 1515 oculis,
2349 1462 2404 1507 et
2432 1452 2659 1507 auribus
2706 1454 2950 1519 audiant,
2982 1466 3036 1510 et
3068 1460 3229 1513 corde
3279 1461 3481 1516 intelli-

1907 1549 2126 1611 gant,et
2140 1540 2737 1611 convertantunet'ego
2760 1544 2883 1598 illos
2903 1560 3113 1600 sanem.
3142 1566 3160 1599 ι
3189 1548 3482 1605 lncrassati

1906 1632 2086 1701 itaque
2114 1638 2268 1685 erant
2302 1631 2467 1687 corde
2492 1650 2517 1688 :i
2538 1642 2827 1702 propterea
2866 1650 3010 1704 egre
3034 1638 3384 1706 audiverunt,
3424 1653 3481 1697 et

1908 1723 2102 1777 oculos
2130 1736 2263 1777 suos
2296 1721 2672 1777 occluserunt.
2712 1722 3075 1781 Occluserunt
3124 1744 3253 1782 vero
3292 1732 3483 1787 oculos

1906 1829 2060 1877 suos.
2089 1822 2145 1868 et
2190 1828 2353 1868 aures
2378 1811 2625 1868 dilliciles
2655 1816 3036 1883 reddiderunt,
3090 1835 3160 1875 ne
3192 1822 3370 1875 oculis
3400 1823 3483 1877 vi-

1906 1908 2120 1969 derent,
2150 1915 2205 1961 et
2244 1906 2473 1961 auribus
2521 1906 2795 1961 audirent.
2830 1906 3074 1978 Utroque
3131 1927 3259 1966 vero
3313 1928 3479 1968 sensu

221 1999 557 2056 ἀκούσωσιν.
592 2002 703 2055 Καὶ
731 2000 938 2055 τούτων
961 2002 1018 2056 δὲ
1047 2002 1145 2073 τὴν
1179 2003 1432 2073 πήρωσιν
1457 2002 1674 2065 ἑκόντες
1701 2003 1800 2055 ὐπ-

1908 2009 2099 2067 sponte
2120 2012 2177 2052 se
2203 1998 2506 2068 privarunt,
2538 2012 2607 2052 ne
2634 1999 2885 2053 conversi
2914 2000 3208 2070 aliquando
3239 2018 3270 2056 a
3316 2006 3481 2059 tantis

220 2092 391 2161 ἦλθον
421 2092 557 2162 (94),
592 2092 678 2146 ίνα
708 2092 784 2164 μὴ
827 2093 1263 2166 ἐπιστραφέντες
1308 2094 1420 2149 τῶν
1467 2095 1803 2166 τηλικούτων

220 2183 420 2237 παθῶν
443 2185 543 2255 τῆς
576 2185 774 2249 ίάσεως
804 2185 1064 2257 τύχωσιν.
1094 2186 1252 2241 Οὕτω
1286 2189 1385 2258 μὲν
1430 2184 1526 2244 οὖν
1554 2190 1741 2259 σαφῶς
1773 2192 1803 2245 ό

220 2275 519 2346 προφήτης
548 2276 643 2328 τοῦ
671 2276 1005 2345 τυφλώττειν
1050 2278 1148 2332 καὶ
1194 2280 1469 2347 κωφεύειν
1500 2282 1601 2353 τὴν
1626 2282 1803 2335 αἰτίαν

217 2366 327 2435 τῆς
373 2366 670 2437 Ἰουδαϊκῆς
720 2367 952 2422 ἀνάπτει
995 2368 1222 2439 γνώμης
1264 2370 1358 2424 καὶ
1404 2372 1799 2443 προαιρέσεως,

219 2454 345 2507 ἀλλ’
370 2455 492 2525 οὐχὶ
525 2455 661 2509 Θεοῦ
690 2456 869 2527 ψῆφον
897 2457 1163 2526 οὐμενοῦν
1207 2459 1309 2513 οὐκ
1357 2461 1599 2530 εἰσάγει,
1629 2462 1802 2517 ταῦτα

218 2549 341 2610 τοῖς
427 2548 701 2612 Ἰουδαίοις
763 2551 1154 2620 ἐπιφέρουσαν.
1245 2552 1456 2624 Ὠσπερ
1532 2553 1591 2608 δὲ
1678 2556 1800 2609 κατ’

219 2639 410 2694 ἐκεῖνο
434 2642 550 2711 (95)
576 2640 771 2712 καιροῦ
806 2643 914 2696 τῶν
951 2643 1227 2697 Ἰουδαίων
1253 2645 1380 2709 τοὺς
1418 2644 1737 2716 ἀγνώμονας
1773 2650 1803 2700 ό

220 2735 520 2804 προφήτης
550 2734 899 2804 στηλιτεύων,
930 2736 1135 2803 ἔλεγεν,
1169 2738 1308 2806 μήτε
1338 2738 1466 2800 τοὺς
1490 2738 1802 2808 ὀφθαλμοὺς

218 2824 488 2894 ἐθελῆσαι
517 2823 775 2892 διανοῖξαι
797 2865 812 2890 ,
850 2827 987 2896 μήτε
1020 2828 1158 2895 πρὸς
1200 2828 1369 2899 ἀκοὴν
1399 2832 1699 2901 παρασχεῖν
1734 2830 1803 2884 τά

217 2912 341 2971 ὦτα
374 2915 513 2987 πρὸς
550 2918 651 2987 τὴν
690 2918 966 2988 σωτηρίαν
995 2919 1194 2985 αὐτῶν,
1223 2921 1321 2974 καὶ
1347 2920 1628 2993 θεοπρεπῆ
1655 2922 1803 2975 διδα-

221 3009 480 3071 σκαλίαν,
507 3010 572 3061 ἐκ
613 3008 669 3062 δὲ
700 3008 812 3079 (96)
843 3010 954 3064 τῶν
985 3011 1229 3081 συνήθως
1254 3011 1365 3083 (9'7)
1395 3014 1578 3077 αὐτοῖς
1623 3016 1801 3087 ἀμαρ-

216 3098 564 3169 τανομένων,
597 3098 837 3168 μάλιστα
865 3100 923 3153 δὲ
968 3100 1061 3153 τοῦ
1101 3101 1295 3170 τύφου,
1342 3104 1439 3155 καὶ
1471 3103 1569 3173 τῆς
1601 3105 1799 3170 ἀλαζο-

217 3191 399 3255 νείας,
458 3190 556 3242 καὶ
607 3190 703 3243 τοῦ
766 3192 902 3261 πρὸς
958 3192 1060 3263 τὴν
1112 3192 1323 3262 πλάνην
1379 3195 1578 3264 μᾶλλον
1621 3196 1652 3261 ἢ
1703 3196 1799 3267 τὴν

218 3280 513 3333 εὗσέϐειαν
558 3282 779 3350 ῥέπειν⁸
824 3283 995 3352 έμυόν
1037 3299 1097 3335 τε
1144 3284 1212 3335 τά
1264 3282 1510 3354 ὄμματα,
1557 3288 1650 3338 καὶ
1700 3288 1798 3357 τὴν

217 3372 402 3441 ἀκοὴν
432 3374 699 3441 συνεῖχον,
731 3373 885 3426 αὐτοὶ
915 3374 1142 3437 ἑαυτοὺς
1183 3375 1416 3442 τυφλοὺς
1450 3377 1545 3429 καὶ⁵
1585 3378 1802 3444 κωφοὺς

216 3463 698 3533 ἀπεργαζόμενον
735 3464 829 3519 καὶ
858 3463 921 3518 τό
963 3464 1375 3536 χαλεπώτερον.
1426 3467 1569 3520 οὕτω
1603 3470 1804 3521 παθόν-

216 3575 315 3619 τες
343 3556 459 3627 (98)
482 3556 707 3619 ἑαυτοὺς
738 3556 957 3626 βλέπειν
984 3558 1091 3611 τῶν
1114 3559 1290 3611 ἄλλων
1317 3560 1427 3629 (99)
1462 3560 1661 3629 μᾶλλον
1691 3562 1803 3614 ἐνό-

219 3650 411 3719 μιζον,
446 3648 541 3700 καὶ
570 3646 648 3715 τῷ
671 3648 769 3717 τῆς
798 3650 1027 3718 οἰήσεως
1059 3649 1425 3719 ὲφλέγμαινον
1447 3650 1629 3706 πάθει.
1656 3653 1801 3704 Διότ;

216 3739 563 3812 νομομαθεῖς
589 3757 651 3793 τε
680 3740 921 3804 ὶδόκουν,
952 3742 1047 3795 καὶ
1074 3741 1183 3794 τῶν
1215 3744 1512 3813 προφητῶν
1540 3743 1639 3806 τὰς
1688 3760 1801 3812 φω-

219 3834 345 3898 νάς,
386 3832 416 3885 ὃ
449 3832 611 3885 πλέον
636 3833 817 3886 αὐτῶν
856 3834 957 3903 τὴν
993 3834 1329 3904 κατηγορίαν
1365 3835 1662 3898 ἐπέτεινεν,
1690 3839 1802 3900 τοῖς

215 3925 467 3995 χείλεσιν
493 3923 839 3993 περιέφερον,
874 3923 956 3977 διδ
1000 3925 1095 3978 καὶ
1124 3926 1346 3979 ἀνίατον
1375 3927 1561 3990 αὐτοῖς
1585 3928 1684 3997 τὴν
1713 3929 1800 3982 νό-

217 4033 320 4071 σον
354 4015 785 4080 κατεσκεύαζον.
831 4014 1117 4070 Ἐντεῦθεν
1161 4019 1189 4069 ό
1225 4019 1325 4087 μὲν
1374 4019 1565 4090 Σωτὴρ
1610 4021 1702 4073 τὸν
1737 4022 1801 4073 ὲκ

215 4110 495 4177 γεννητῆς
523 4108 722 4175 τυφλὸν
757 4108 971 4172 δεικνὺς
1006 4107 1220 4178 όρῶντα
1245 4150 1261 4173 ,
1291 4109 1402 4164 τῶν
1445 4110 1504 4163 δὲ
1537 4112 1635 4181 τὴν
1681 4112 1800 4164 θεο-

218 4203 405 4271 μάχον
428 4200 678 4269 γλῶτταν
703 4202 823 4254 ἀντὶ
850 4201 944 4255 τοῦ
975 4200 1253 4266 θυσιάζειν
1278 4203 1357 4265 είς
1403 4202 1562 4273 ὕϐριν
1590 4204 1800 4257 κινούν-

214 4312 357 4358 των,
393 4312 411 4344 ι
452 4293 545 4355 Εἰς
573 4295 768 4362 κρῖμα,
812 4292 1000 4363 φησιν,
1060 4291 1169 4361 ἑγὼ
1202 4295 1282 4354 εἰς
1310 4294 1401 4346 τῦν
1434 4294 1635 4363 κόσμον
1677 4295 1801 4364 ἐλή-

213 4383 387 4447 λυθα,
418 4383 504 4436 ἵνα
537 4384 585 4435 oi
610 4384 684 4453 μὴ
716 4382 1007 4451 βλέποντες
1028 4383 1283 4452 βλέψωσι,
1313 4384 1407 4437 καὶ
1434 4384 1483 4437 οἱ
1511 4384 1801 4453 βλέποντες

210 4472 420 4542 τυφλοὶ
453 4473 737 4537 γένωνται.
774 4490 793 4522 ι
835 4474 941 4525 Καὶ
969 4474 1033 4542 δὴ
1078 4475 1171 4526 καὶ
1198 4473 1308 4526 τῶν
1337 4473 1650 4543 Φαρισαίων
1680 4476 1800 4526 tm-

210 4563 652 4634 φθεγγομένων·
692 4579 710 4614 t
742 4564 832 4633 Μὴ
867 4564 961 4615 καὶ
1000 4566 1163 4634 ἡμεῖς
1204 4564 1392 4631 τυφλοί
1434 4566 1638 4634 ὲσμεν;
1678 4582 1697 4615 ι
1728 4593 1800 4603 -

1911 2088 2070 2141 malis
2106 2087 2494 2142 liberarentur.
2542 2087 2700 2142 Clare
2738 2089 2922 2159 itaque
2984 2093 3245 2161 propheta
3304 2110 3480 2149 carens

1908 2178 2030 2234 illos
2057 2179 2245 2235 oculos
2265 2189 2323 2234 et
2364 2180 2561 2235 surdas
2592 2195 2754 2235 aures
2788 2182 2858 2235 ab
2888 2181 3136 2250 ipsorum
3164 2182 3478 2241 Judarorum

1907 2272 2137 2327 consilio
2173 2280 2229 2325 et
2261 2272 2491 2326 arbitrio
2549 2273 2767 2340 repetit,
2808 2282 3021 2328 tantum
3072 2276 3245 2342 abest,
3304 2290 3361 2331 ut
3412 2283 3479 2333 ad

1907 2362 2182 2418 decretum
2201 2361 2683 2427 divinumJndaeis
2716 2364 3036 2433 irrogatum,
3070 2368 3284 2422 referat.
3322 2371 3481 2424 Sicut

1907 2468 2037 2508 vero
2066 2455 2328 2524 propheta
2360 2470 2425 2509 eo
2450 2464 2692 2523 tempore
2718 2457 3001 2526 improbos
3042 2457 3260 2515 Judteos
3313 2462 3476 2516 casti-

1907 2556 2153 2616 gaturtts.
2181 2548 2417 2610 dicebat,
2452 2562 2547 2601 eos
2580 2564 2754 2617 neque
2797 2549 2985 2604 oculos
3025 2553 3257 2619 aperire,
3303 2568 3479 2622 neque

1909 2655 2069 2693 aures
2101 2640 2165 2693 ad
2204 2640 2569 2708 recipiendam
2624 2640 2917 2694 salutarem
2955 2642 3058 2695 sibi
3121 2643 3477 2713 divinamque

1906 2732 2211 2786 doctrinam
2243 2730 2502 2786 adhibere
2535 2732 2689 2795 velle.
2734 2734 2893 2801 idque
2925 2748 3019 2801 per
3070 2747 3316 2803 peccata,
3351 2737 3478 2806 qui-

1907 2823 2010 2878 bus
2034 2834 2409 2885 assueverant,
2458 2824 2694 2877 maxime
2723 2839 2855 2879 vero
2885 2840 2980 2893 per
3021 2824 3220 2879 fastum
3249 2837 3303 2880 et
3326 2845 3478 2882 arro-

1907 2914 2169 2983 gantiam,
2200 2913 2488 2982 majusque
2539 2928 2790 2967 errorum
2855 2930 3019 2982 quam
3086 2916 3304 2983 pietatis
3360 2929 3477 2971 stn-

1906 3004 2094 3071 dium;
2127 3006 2199 3059 ita
2229 3015 2280 3059 et
2316 3005 2389 3058 illi
2424 3004 2750 3059 claudebant
2796 3008 3004 3069 oculos,
3043 3022 3317 3076 auresque
3348 3026 3478 3064 suas

1906 3098 2255 3163 cohibebant,
2284 3112 2342 3152 se
2371 3098 2516 3166 ipsos
2541 3106 2596 3150 et
2641 3112 2815 3151 caecos
2844 3108 2898 3151 et
2928 3100 3123 3155 surdos
3149 3100 3474 3165 eﬂicientes;

1906 3199 1979 3254 et,
2007 3191 2151 3259 quod
2195 3189 2350 3258 pejus
2374 3199 2478 3253 est,
2513 3189 2585 3242 ita
2634 3189 2835 3253 allecti,
2873 3190 2997 3244 aliis
3038 3206 3099 3245 se
3146 3192 3479 3248 oculatiores

1905 3301 2027 3341 esse
2057 3284 2446 3355 opinabantur,
2476 3285 2732 3354 praeclare
2763 3284 2829 3339 de
2862 3301 2919 3340 se
2954 3286 3272 3342 sentientes.
3324 3286 3476 3353 Qua-

1908 3385 2126 3447 propter
2146 3377 2307 3431 etiam
2340 3376 2472 3445 legis
2516 3377 2675 3445 periti
2730 3378 2833 3432 sibi
2864 3376 3211 3445 videbantur,
3240 3379 3476 3448 prophe-

1907 3477 2196 3536 tarumque
2224 3467 2464 3530 oracula,
2503 3467 2553 3521 id
2578 3468 2724 3537 quod
2755 3470 2964 3523 crimen
2998 3484 3188 3522 eorum
3220 3472 3475 3540 augebat,

1905 3561 2063 3615 labiis
2092 3560 2573 3624 circumferebant,
2630 3576 2805 3631 eoque
2846 3562 2967 3629 ipso
3006 3563 3256 3615 morbum
3312 3579 3476 3618 suum

1905 3650 2357 3705 immedicabilcm
2416 3650 2733 3705 reddebant.
2796 3650 2921 3705 Ideo
2955 3652 3210 3705 Salvator
3266 3664 3471 3717 noster,

1904 3751 2189 3812 postquam
2234 3741 2467 3805 homini,
2497 3757 2524 3795 a
2554 3743 2826 3797 natalibus
2856 3758 3021 3806 caeco,
3072 3744 3248 3798 visum
3313 3744 3479 3799 resti-

1907 3843 2102 3895 tuerat,
2137 3834 2215 3888 illi
2243 3848 2374 3887 vero
2404 3834 2665 3902 linguam,
2704 3833 2813 3887 Deo
2856 3834 3157 3899 inimicam,
3208 3834 3331 3888 loco
3358 3838 3478 3889 eul-

1906 3936 1993 3980 tus
2026 3926 2337 3995 prmstandi,
2374 3925 2441 3980 ad
2466 3926 2698 3994 injurias
2722 3926 3061 3981 evomendas
3121 3927 3475 3994 adhibebant,

1904 4018 2155 4073 dicebat:
2216 4036 2234 4068 ι
2262 4017 2631 4087 Adjudicium
2664 4032 2765 4083 ego
2804 4017 2924 4071 veni
2976 4018 3028 4071 in
3072 4018 3357 4083 mundmn,
3416 4027 3475 4071 ut

1903 4124 2011 4162 non
2062 4108 2309 4163 videntes
2347 4107 2593 4169 videant,
2652 4108 2902 4162 videntes
2962 4124 3091 4162 vero
3152 4109 3280 4162 (περὶ
3347 4125 3477 4163 eva-

1902 4201 2034 4255 dant
2057 4201 2125 4256 ".
2166 4219 2184 4251 ι
2212 4199 2462 4269 Cumque
2518 4200 2777 4254 Pharisaei
2832 4201 3165 4269 exciperent,
3203 4221 3219 4251 ι
3257 4200 3395 4255 Num
3423 4212 3476 4257 et

1904 4309 2005 4347 nos
2035 4292 2161 4346 caeci
2192 4291 2423 4347 sumus?
2449 4309 2468 4341 ι
2498 4290 2862 4357 respondebat
2891 4308 2905 4343 :
2944 4312 2959 4339 ‹
3005 4290 3061 4345 Si
3097 4290 3224 4344 caeci
3255 4293 3472 4354 essetis,

1904 4400 2007 4438 non
2057 4383 2328 4439 haberetis
2356 4391 2683 4451 peccatum:
2736 4381 2849 4451 jam
2894 4397 3022 4435 vero
3060 4382 3262 4442 dicitis.
3314 4381 3475 4435 Vide-

1905 4490 2070 4528 mus:
2132 4475 2253 4529 ideo
2308 4484 2590 4539 peccatum
2657 4472 2797 4539 apud
2851 4487 2944 4527 vos
3005 4480 3183 4524 manet
3219 4473 3335 4526 “.i
3368 4472 3473 4537 Qui

1902 4567 2045 4621 enim
2080 4568 2252 4633 novit,
2287 4582 2346 4621 se
2395 4582 2490 4635 per
2538 4566 2901 4635 ignorantiam
2960 4583 3160 4621 caecum
3223 4584 3364 4632 esse,
3419 4577 3473 4621 et

218 4677 237 4708 ι
282 4657 350 4710 Εί
385 4654 575 4721 τυφλοὶ
612 4649 733 4723 ἦτε,
782 4654 969 4723 φησὶν,
1008 4655 1105 4706 οὐκ
1135 4655 1310 4723 εἴχετε
1358 4655 1668 4724 ἁμαρτίαν*
1701 4654 1795 4708 νῦν

1906 4660 2151 4713 morbum
2178 4674 2337 4713 suum
2391 4659 2657 4727 intelligit,
2695 4667 2748 4713 et
2772 4659 2936 4714 citius
2964 4660 3031 4713 ad
3081 4659 3350 4712 medicum
3410 4673 3469 4711 se

206 4749 275 4801 δὲ
302 4746 517 4815 λέγετε,
548 4746 629 4798 ὅτι
653 4745 954 4815 Βλέπομεν,
988 4746 1077 4799 διά
1108 4745 1264 4799 τοῦτο
1298 4746 1330 4815 ή
1358 4747 1602 4817 ἁμαρτία
1643 4745 1797 4815 ὑμῶν

206 4818 403 4910 μένει.
434 4855 453 4887 ι
490 4836 548 4890 '0
576 4837 676 4905 μὲν
706 4836 815 4905 γὰρ
849 4836 1001 4899 εἰδὼς
1028 4836 1220 4889 ἑαυτὸν
1243 4837 1301 4902 ιξ
1325 4837 1546 4905 ἀγνοίας
1573 4835 1793 4904 τυφλὸν,

209 4928 461 4998 συνῆκεν
491 4943 551 4980 τε
575 4928 637 4981 τὸ
667 4927 862 4991 πάθος,
895 4930 990 4981 καὶ
1021 4928 1212 4980 θᾶττον
1234 4930 1413 4997 χωρεῖ
1438 4928 1514 4996 (l)
1538 4926 1673 4997 πρὸς
1703 4930 1795 4979 τὸν

209 5022 437 5092 ίατρὸν,
468 5022 562 5072 καὶ
596 5018 691 5072 τοῦ
734 5020 911 5087 φωτὸς
945 5019 1196 5086 ἐπιζητεῖ
1219 5019 1318 5087 τὴν
1348 5018 1673 5079 ἀπόλαυσιν,
1702 5018 1795 5069 καὶ

208 5114 364 5184 πρὸς
389 5113 563 5163 ἐκεῖνο
594 5108 834 5175 σπεύδει,
869 5110 962 5162 καὶ
988 5109 1088 5178 τῆς
1114 5108 1497 5177 φιλανθρώπου
1523 5109 1611 5162 διὰ
1633 5107 1793 5162 τοῦτο

206 5203 486 5275 προνοίας
500 5201 876 5267 καταξιοῦται,
893 5204 1011 5263 ταῖς
1036 5201 1394 5271 σελασφόροις
1420 5202 1589 5273 αὐτῆς
1609 5202 1791 5255 ἀκτῖσι

1902 4752 2189 4813 convertit,
2229 4750 2481 4819 lucisque
2514 4766 2671 4804 usum
2707 4752 3013 4821 requirens,
3054 4750 3117 4803 ad
3164 4765 3283 4803 eam
3317 4749 3470 4802 festi-

1902 4850 2016 4906 nat,
2046 4841 2275 4910 ideoque
2334 4855 2463 4895 cura
2505 4841 2929 4895 clementissima
2974 4841 3168 4909 dignus
3218 4840 3469 4904 habetur,

1901 4932 2195 5001 radiisejus
2210 4929 2663 4998 splendidissimis
2686 4930 3022 4983 illuminatus
3036 4942 3083 4982 et
3096 4928 3159 4981 ad
3181 4929 3469 4981 salutarem

1904 5021 2306 5075 meditationem
2354 5021 2639 5074 adductus.
2681 5018 2783 5085 Qui
2814 5035 2942 5073 vero
2984 5035 3091 5088 prae
3133 5018 3314 5072 cordis
3364 5020 3471 5070 du-

1902 5112 2022 5166 ritie
2067 5112 2118 5165 in
2167 5112 2404 5165 tenebris
2449 5120 2716 5172 versatur,
2776 5119 2830 5164 et
2878 5111 2957 5164 vel
3030 5112 3109 5163 sic
3166 5109 3351 5162 videre
3410 5124 3469 5163 se

1899 5203 2191 5264 existimat.
2225 5201 2494 5271 duplicem
2531 5202 2633 5255 sibi
2693 5202 2989 5256 caecitatem
3046 5200 3295 5263 arcessit,
3326 5214 3466 5268 quo-

286 5340 337 5371 ⁷⁸
360 5337 518 5392 Joau.
562 5354 638 5401 IS,
662 5339 750 5391 '59.
824 5338 872 5369 “
908 5337 1035 5390 ibid.
1062 5336 1154 5400 41,
1189 5338 1276 5390 ubi
1312 5355 1408 5407 pro
1424 5338 1512 5390 διὰ
1536 5338 1709 5403 τοῦτο,
1754 5338 1882 5403 legis
1912 5340 1943 5401 ἠ
1987 5335 2101 5391 οὖν.

1716 5430 1942 5488 NOTAE.

283 5528 409 5599 (9|)
458 5525 749 5599 Ῥημάτων
786 5538 960 5599 estex
997 5525 1152 5580 Colb.

280 5595 409 5661 (9‘2)
442 5595 580 5665 Qelﬁ
589 5612 807 5658 σαντας,
834 5598 997 5650 idem.

285 5669 412 5737 (95)
452 5664 781 5737 βαυμὰτων,
810 5684 875 5737 (α
899 5666 1056 5737 Colb.

283 5735 409 5805 (94)
443 5735 599 5788 Coll).
631 5752 728 5802 pro
758 5735 1010 5805 ἐπῆλθον.

287 5804 407 5879 (95)
435 5805 603 5869 Idem,
634 5820 731 5875 pro
760 5804 999 5861 κάκεῖνο.
1030 5804 1147 5861 Vid.
1187 5815 1297 5861 net.
1324 5806 1410 5858 90.

1963 5522 2075 5589 (96)
2113 5520 2293 5575 Malim
2326 5521 2502 5589 legere
2531 5520 2591 5572 ἒιι
2618 5537 2699 5584 τε,

1964 5594 2075 5659 (97)
2117 5593 2190 5644 Ita
2216 5606 2347 5662 cum
2384 5591 2537 5662 tlolb.
2573 5606 2670 5659 pro
2703 5589 2968 5662 συνήθων.

1967 5662 2077 5728 (98)
2111 5661 2266 5715 Colb.
2303 5660 2593 5719 διαθέντες.

1969 5734 2080 5800 (99)
2114 5732 2257 5783 Idem
2290 5745 2388 5798 pro
2422 5732 2512 5781 τὸν
2534 5730 2726 5800 Δἄλλον.

1971 5803 2047 5873 (l)
2065 5798 2068 5800 ⁷
2086 5802 2240 5857 Culb.
2277 5814 2374 5871 pro
2405 5798 2594 5871 χωρίς.
