4186 6444
741 390 840 455 471

1893 395 2152 455 ΡΗΟΤΙΙ
2194 399 2692 469 ΡΛΤΒΙΛΠΩΠΕ
2733 411 2841 470 CP.

3894 412 4003 475 472

745 507 890 558 niam
920 500 1055 556 nihil
1097 500 1263 561 videt,
1293 507 1371 565 ct,
1404 499 1535 554 dum
1574 501 1708 555 nihil
1735 501 1901 568 videt,
1958 506 2174 560 acutius
2195 508 2319 563 aliis

2440 517 2510 567 ξὺν
2535 518 2660 570 νοῦν
2695 522 3082 590 φωτιζῆμενος,
3133 525 3227 576 καὶ
3269 523 3404 590 πρὸς
3429 525 3528 594 τὴν
3563 526 3832 595 σωτήριον
3863 528 4005 581 θεω-

741 609 970 649 cernere
1020 608 1080 648 se
1109 592 1391 660 opinatur.
1430 593 1693 646 Praeclara
1724 596 1870 648 enim
1918 595 1988 649 de
2030 612 2091 650 se
2122 599 2312 667 opinio

742 684 1042 755 profundas
1082 681 1336 737 tenebras
1380 681 1616 736 oll'undit
1668 684 1844 737 oculis
1890 685 2107 751 animm,
2164 702 2314 741 mor-

742 776 980 845 bumque
1004 774 1286 838 caecitatis,
1337 789 1446 845 qua
1472 785 1759 844 correptus
1793 776 1959 830 homo
1999 788 2111 841 est,
2147 781 2313 836 vehe-

744 877 953 923 menter
973 876 1154 936 auget.

2424 608 2548 678 ρίαν
2580 611 2938 681 ἀναγόμενος.
2976 614 3036 666 ’0
3065 613 3121 667 δὲ
3148 616 3215 684 τῇ
3249 614 3508 684 πωρώσει
3539 614 3639 685 μὲν
3668 618 4002 687 ὲσκοτισμὲ-

2423 714 2533 761 νος,
2566 700 2786 768 βλέπειν
2811 704 2869 756 δὲ
2913 703 3160 772 οἰόμενος
3190 704 3292 774 (2),
3343 706 3538 775 διπλῆν
3567 706 3748 776 ἑαυτῷ
3773 707 3876 776 τὴν
3909 709 4005 759 τύσ

2425 788 2630 854 φλωσιν
2659 794 2739 862 (3)
2766 794 3193 859 κατεσκεύασεν,
3224 798 3307 848 ὃτι
3332 812 3394 848 τε
3431 795 3508 866 μὴ
3533 796 3742 866 βλέπει,
3774 798 3873 849 καὶ
3917 799 4003 849 ὅτι

2427 877 2502 948 μὴ
2535 877 2749 946 βλέπων
2774 881 3030 955 ὀξύτερον
3079 883 3229 937 δοκεῖ
3255 885 3366 937 τῶν
3401 886 3576 939 ἀλλων
3601 888 3752 956 ὁρᾷν.
3796 886 3863 939 Ἦ
3891 887 4005 954 γάρ

741 964 920 1078 dini?
967 963 1045 1078 5‘)
1090 963 1280 1026 σκότος
1322 956 1458 1015 οὖσαν
1515 963 1766 1034 ψυχικῶν
1822 965 2088 1036 ὀμμάτων
2143 965 2300 1036 βαθὺν
2338 971 2439 1040 τῆς
2475 977 2970 1078 προκατασχούσης
3032 977 3429 1052 ἀμαυρώσεως
3469 980 3728 1034 ἐπιτείνει
3798 979 4004 1050 μᾶλλον

743 1057 805 1108 τὸ
828 1057 907 1124 (5)
933 1056 1167 1124 νόσημα.

817 1149 970 1216 Quod
1016 1150 1063 1203 si
1101 1149 1284 1217 itaque
1315 1149 1476 1201 verba
1515 1148 1797 1217 propheta
1844 1147 1916 1200 ita
1955 1149 2317 1216 accipiantur,

744 1249 800 1294 et
828 1241 1134 1294 veneranda
1161 1238 1375 1292 Domini
1400 1235 1619 1308 eloquia
1649 1239 1753 1292 hoc
1798 1238 1961 1292 modo
2005 1239 2322 1306 iudicentur

745 1331 816 1400 (si
847 1333 934 1386 vel
967 1332 1203 1386 maxime
1238 1346 1345 1384 non
1370 1333 1554 1385 omnia
1581 1345 1770 1384 eorum
1797 1346 1954 1398 atque
1991 1330 2169 1385 forent
2198 1348 2321 1400 per-

746 1424 984 1493 spicua).
1019 1438 1128 1478 non
1160 1433 1345 1492 putem
1377 1425 1468 1477 illa
1495 1425 1845 1479 audientibus
1875 1438 2092 1493 gravem
2132 1425 2322 1478 adnuo-

748 1517 879 1570 dum
905 1516 1219 1585 disputandi
1266 1516 1612 1571 occasionem
1645 1516 1888 1584 praebere
1928 1531 2111 1584 posse.
2148 1514 2322 1568 Mani-

752 1605 955 1660 festum
993 1608 1140 1660 enim
1166 1614 1272 1669 est,
1298 1606 1588 1675 discipulis
1638 1607 1826 1661 datum
1865 1608 1971 1660 hoc
2020 1605 2212 1670 fuisse,
2264 1616 2327 1660 ut

751 1698 1010 1767 mysteria
1047 1697 1198 1765 regni
1229 1696 1324 1751 Dei
1373 1707 1793 1767 cognoscerent,
1843 1698 2107 1768 quoniam
2155 1713 2330 1766 neque

752 1803 999 1842 crassum
1029 1786 1233 1844 factum
1254 1798 1377 1843 erat
1403 1805 1500 1844 eor
1533 1805 1749 1853 eorum,
1775 1805 1952 1859 neque
1968 1791 2161 1844 oculos
2176 1791 2330 1844 clau-

2508 1149 2669 1205 Ἀλλά
2710 1152 2822 1224 γὰρ
2869 1152 3014 1207 οὕτω
3043 1155 3142 1224 μὲν
3172 1155 3283 1208 τῶν
3332 1155 3686 1225 προφητικῶν
3735 1158 4007 1226 ῥημάτων

2426 1241 2882 1314 τεθεωρημένων,
2904 1243 3049 1297 οὓτω
3077 1246 3134 1299 δὲ
3158 1247 3267 1299 τῶν
3300 1244 3514 1299 σεπτῶν
3541 1247 3738 1315 λογίων
3763 1247 4009 1320 διευκρι-

2429 1335 2681 1402 νημένων
2712 1335 2831 1405 (καὶ
2860 1337 2917 1390 st
2939 1353 2992 1389 τι
3026 1337 3190 1407 μέρος
3219 1337 3400 1390 αὐτῶν
3428 1338 3672 1408 ὑπάρχον
3715 1341 3784 1409 τῇ
3817 1341 4009 1412 εὐκριο

2428 1427 2548 1494 νείᾳ
2585 1427 2660 1495 μὴ
2691 1427 3188 1498 συμπεριείληπται
3215 1431 3235 1497 )
3263 1471 3279 1493 ,
3315 1428 3500 1482 οὐκέτι
3549 1432 3663 1491 τοῖς
3705 1431 4009 1499 ἀκροαταῖς

2430 1510 2996 1585 ὁμοίω;,οἷμαι,ούδὲ
3046 1517 3317 1587 τοσαύτην
3368 1518 3642 1589 πρόφασιν
3691 1519 4009 1588 ζητήματος

2429 1605 2677 1674 παρέξει.
2715 1605 2885 1674 Δῆλον
2934 1606 3034 1675 μὲν
3073 1607 3183 1677 γὰρ
3226 1607 3304 1669 ὡς
3335 1609 3450 1670 τοῖς
3484 1607 3752 1677 μαθηταῖς
3798 1609 4012 1662 δέδοται

2431 1697 2639 1766 γνῶναι
2670 1699 2738 1751 τὰ
2771 1700 3046 1769 μυστήρια
3081 1699 3183 1769 τῆς
3219 1700 3499 1768 βασιλείας
3538 1701 3637 1753 τοῦ
3690 1701 3856 1764 Θεοῦ,
3887 1705 4013 1755 ἐπεὶ

2438 1787 2575 1856 μήτε
2609 1788 2710 1858 τὴν
2741 1789 2968 1860 καρδίαν
3013 1788 3402 1858 ἐπαχύνθησαν
3452 1791 3549 1857 (6),
3602 1793 3740 1862 μήτε
3798 1792 4013 1861 βαρέως

753 1879 1001 1944 debant;
1059 1879 1284 1948 reliquis
1340 1895 1516 1944 vero,
1570 1896 1712 1950 quos
1772 1889 1828 1934 et
1865 1890 2122 1935 externos
2170 1890 2330 1934 vocat

2440 1877 2652 1948 ἢκουον,
2686 1881 2823 1950 μήτε
2851 1881 2920 1934 τά
2943 1878 3170 1950 ὄμματα
3212 1880 3382 1950 έμυον
3400 1897 3414 1910 ·
3441 1886 3552 1945 τοῖς
3577 1883 3635 1934 δὲ
3661 1884 3890 1949 λοιποῖς,
3918 1885 4014 1946 οὓς

756 1971 907 2038 (nam
930 1985 991 2025 se
1019 1969 1168 2038 ipsos
1201 1985 1232 2023 a
1271 1971 1451 2024 salute
1486 1972 1884 2040 excluserant),
1915 1971 2056 2024 idem
2086 1985 2194 2024 non
2231 1971 2334 2023 Λει-

759 2064 942 2116 lmtur.
968 2061 1106 2117 Cum
1134 2061 1282 2116 enim
1323 2063 1469 2117 vitiis
1505 2065 1668 2118 modo
1705 2064 2144 2118 commemoratis
2184 2063 2334 2116 salu—

758 2164 867 2207 tem
897 2169 1116 2207 omnem
1146 2170 1176 2207 a
1203 2169 1262 2208 se
1282 2155 1600 2216 averterint,
1633 2155 1749 2222 iure
1775 2157 2010 2225 quodam
2063 2155 2114 2207 id
2146 2154 2334 2208 datum

760 2261 870 2298 non
919 2255 1021 2309 est,
1052 2244 1196 2310 ideo,
1227 2244 1372 2314 quod
1404 2260 1464 2299 se
1495 2247 1646 2315 ipsos
1677 2248 1743 2299 ad
1775 2247 1906 2301 illud
1962 2244 2335 2314 recipiendum

761 2337 989 2391 idoneos
1042 2353 1151 2390 non
1183 2339 1577 2405 praestiterunt.
1624 2338 1918 2407 Propterea
1964 2351 2184 2406 quoque
2204 2351 2336 2390 con-

760 2425 957 2480 sultius
995 2435 1133 2487 erat,
1167 2440 1265 2493 per
1309 2427 1600 2495 parabolas
1629 2442 1756 2481 cum
1809 2427 1942 2496 ipsis
1972 2427 2141 2494 loqui,
2172 2440 2336 2494 quam

763 2516 952 2585 gratia:
998 2516 1258 2586 mysteria
1296 2518 1443 2570 nuda
1488 2533 1814 2587 proponere.
1847 2518 2030 2588 Neque
2070 2519 2216 2573 enim
2254 2518 2340 2572 vel

762 2607 1111 2660 commodum
1129 2617 1234 2666 est.
1259 2608 1340 2660 vel
1359 2609 1530 2677 jndiei
1559 2611 1785 2665 cordato
1817 2610 2090 2675 convenit,
2113 2612 2339 2678 dignun

762 2706 819 2752 et
842 2697 1146 2768 indignum,
1168 2701 1313 2768 quod
1340 2700 1408 2753 ad
1430 2700 1733 2755 doctrinam
1761 2709 1818 2755 et
1843 2701 2071 2755 salutem
2111 2710 2340 2769 spectat,

763 2792 955 2845 eodem
1012 2791 1132 2846 loco
1196 2791 1432 2857 habere;
1487 2792 1945 2861 quemadmodum
2001 2807 2102 2846 nec
2156 2792 2342 2860 porcis

769 2882 1100 2946 margaritas
1127 2881 1421 2950 projicere,
1462 2897 1642 2953 neque
1666 2883 1896 2937 canibus
1923 2892 2112 2938 sancta
2143 2882 2341 2936 oﬂerre

769 2973 852 3026 i'as
874 2984 959 3027 est
973 2973 1040 3026 ⁷⁸.

842 3063 919 3116 Ex
944 3062 1107 3120 dictis
1141 3081 1308 3136 porro
1369 3075 1611 3131 constat,
1656 3067 1934 3135 quomodo
1990 3065 2342 3136 intelligenda

773 3160 886 3214 sint
915 3161 1027 3223 illa,
1059 3176 1080 3210 ι
1119 3157 1189 3212 Ut
1231 3158 1476 3213 videntes
1499 3173 1610 3212 non
1667 3159 1904 3224 videant,
1951 3169 2007 3212 et
2055 3158 2345 3212 audientes

777 3269 885 3306 non
917 3252 1243 3322 intelligant.
1275 3268 1293 3301 ι
1331 3249 1406 3304 Ut
1428 3251 1575 3305 enim
1606 3250 1736 3305 illud
1769 3252 1929 3305 aliine
1953 3251 2065 3321 jam
2100 3260 2183 3305 est
2223 3251 2345 3304 voci

2437 1973 2531 2023 καὶ
2563 1971 2668 2034 ἔξω
2711 1972 2865 2024 καλεῖ
2887 1970 3015 2040 (ἔξω
3039 1972 3149 2042 γὰρ
3179 1971 3280 2041 τῆς
3323 1974 3598 2042 σωτηρίας
3640 1976 3785 2043 σφᾶς
3818 1975 4014 2035 αὐτοὺς

2437 2061 2853 2130 περιέστησαν),
2879 2063 3064 2114 οὐκέτι
3110 2062 3339 2116 δέδοται.
3390 2063 3516 2126 Τοῖς
3555 2064 3666 2135 γὰρ
3697 2065 4013 2134 εἰρημένοις

2439 2155 2636 2208 πάθεσι
2676 2157 2859 2207 πᾶσαν
2893 2157 3109 2218 ἑαυτοῖς
3140 2154 3587 2223 ἀποτειχίσαντες
3612 2156 3892 2223 σωτηρίαν
3921 2158 4015 2207 καί

2438 2245 2725 2313 ὠφέλειαν,
2757 2245 2978 2307 εἰκότως
3012 2245 3074 2297 οὑ
3105 2244 3314 2297 δέδοται
3337 2286 3352 2308 ,
3388 2246 3472 2298 ὃτι
3503 2246 3637 2316 μηδὲ
3682 2247 3871 2299 λαϐεῖν
3910 2247 4013 2298 αύ-

2438 2338 2564 2399 τοὺς
2595 2337 2936 2406 ἐπιτηδείους
2965 2337 3409 2403 παρεσκεύασαν.
3438 2336 3528 2388 Διὸ
3553 2336 3649 2388 καὶ
3677 2336 4015 2406 παραδολαῖς

2440 2429 2684 2499 προσῆκε
2734 2429 2934 2499 μᾶλλον
2978 2429 3180 2494 λαλεῖν,
3227 2430 3260 2497 ἢ
3310 2429 3496 2498 γυμνά
3546 2428 3867 2498 προτιθέναι
3914 2428 4016 2495 τῆς

2442 2520 2666 2589 χάριτος
2720 2519 2788 2572 τά
2846 2520 3145 2590 μυστήρια.
3195 2517 3334 2571 Οὔτε
3385 2518 3496 2588 γάρ
3540 2519 3843 2589 συμφέρον,
3891 2517 4012 2570 οὔτε

2444 2611 2675 2679 κρίσεως
2722 2609 3045 2670 ἀδεκάστου,
3092 2610 3174 2673 είς
3209 2611 3308 2679 τὴν
3337 2610 3511 2680 αὐτὴν
3536 2610 3690 2673 τάξιν
3735 2608 3842 2676 τῆς
3869 2607 4016 2661 διδα-

2446 2700 2673 2762 σκαλίας
2703 2703 2796 2754 καὶ
2823 2701 3097 2772 σωτηρίας
3141 2701 3350 2753 τιθέναι
3397 2699 3491 2752 τδν
3521 2700 3671 2763 ἀξιόν
3711 2715 3774 2752 τε
3801 2701 3897 2753 καὶ
3925 2700 4016 2752 τὸν

2443 2790 2693 2854 ἀνάξιον⁹
2723 2790 2913 2860 ὥσπερ
2954 2791 3079 2843 οὐδὲ
3122 2792 3234 2853 τοῖς
3269 2791 3476 2860 χοίροις
3504 2792 3630 2852 τοὺς
3672 2789 4018 2859 μαργαρίτας

2445 2881 2792 2952 προϐάλλειν,
2819 2882 2943 2935 οὐδὲ
2960 2884 3074 2944 τοῖς
3101 2881 3227 2934 κυσὶ
3257 2880 3471 2952 ῥίπτειν
3491 2883 3562 2934 τά
3587 2882 3738 2948 ἅγια.

2529 3056 2620 3120 Ἐξ
2643 3056 2736 3108 οὖν
2768 3057 2846 3124 (7)
2875 3055 2986 3109 τῶν
3013 3055 3320 3124 εἰρημένων
3353 3057 3447 3107 καὶ
3483 3054 3567 3121 τὺ,
3597 3073 3617 3106 ι
3650 3055 3767 3108 Ἰνα
3797 3057 3879 3127 (8)
3907 3056 4021 3127 βλέ-

2449 3165 2644 3209 ποντες
2678 3149 2752 3218 μὴ
2781 3148 3042 3218 βλέπωσι,
3088 3148 3185 3200 καὶ
3213 3148 3501 3211 ἀκούοντες
3559 3150 3634 3220 μὴ
3685 3149 3964 3215 συνῶσιν,
3999 3167 4017 3198 ι

2447 3240 2565 3294 ὁδὸν
2592 3240 2835 3308 εὑρίσκει
2872 3241 2971 3308 τῆς
3003 3238 3370 3306 διαγνώσεως.
3397 3241 3472 3294 Τὸ
3503 3242 3611 3311 γὰρ
3638 3242 3741 3294 ἵνα
3762 3242 3864 3295 νῦν
3897 3259 4023 3309 συγο

775 3347 917 3409 ideo,
954 3356 1009 3399 et
1030 3345 1262 3398 alterum
1306 3359 1406 3412 pro
1441 3344 1620 3399 altero
1649 3344 1791 3399 sumi
1845 3351 2041 3412 potest.
2084 3343 2330 3397 Similitei

2447 3331 2602 3397 γενές
2631 3331 2690 3382 τέ
2720 3332 2836 3383 ἔστι
2867 3329 2961 3384 τοῦ
3001 3329 3173 3393 διότι,
3219 3331 3315 3382 καὶ
3353 3330 3876 3399 μεταλαμϐάνεσθαι
3925 3333 4021 3384 πέ-

778 3436 943 3489 ctiam
975 3450 1079 3488 non
1126 3434 1258 3488 illud
1297 3434 1402 3488 hoc
1424 3437 1544 3488 loco
1583 3450 1690 3487 non
1763 3434 2210 3503 prohibitionem,
2253 3449 2330 3488 set

2450 3439 2620 3490 φυκεν
2653 3422 2901 3490 θάτερον,
2928 3421 3066 3490 πρὸς
3095 3420 3157 3475 τὸ
3181 3421 3391 3491 ἕτερον.
3432 3422 3708 3486 Ὡσαύτως
3736 3423 3797 3477 δὲ
3827 3425 3925 3478 καὶ
3943 3424 4023 3485 τὸ,

781 3526 1122 3596 negationem
1155 3524 1444 3594 signiﬁcat.
1476 3523 1591 3578 Hoc
1627 3539 1758 3577 vero
1793 3524 1914 3578 loco
1936 3524 2202 3578 dictiones
2231 3524 2330 3578 illa:

2445 3512 2556 3579 μὴ,
2589 3511 2688 3563 οὑκ
2721 3510 3166 3581 ἀπαγορεύσεως,
3198 3512 3478 3582 ἀρνήσεως
3501 3515 3560 3567 δὲ
3588 3515 3775 3583 χώραν
3808 3514 3908 3566 νῦν
3931 3517 4026 3567 έπ-

784 3619 858 3672 ita
896 3617 1243 3686 accipiendas
1269 3632 1412 3680 esse,
1448 3632 1555 3669 non
1590 3617 1756 3670 meris
1771 3617 2104 3683 coniecturis
2136 3616 2352 3680 nititur,

784 3705 878 3760 sed
914 3715 1028 3758 tum
1081 3719 1280 3759 sensus
1330 3704 1617 3757 verborum
1668 3705 2138 3773 propheticorum,
2201 3703 2346 3757 unde

791 3794 1005 3848 Domini
1036 3795 1315 3863 eloquium
1349 3793 1524 3857 ﬂuxit,
1551 3794 1751 3848 invicte
1779 3801 2048 3857 testatur;
2079 3803 2191 3845 tum
2220 3805 2355 3845 vero

789 3892 1012 3940 sanctus
1036 3883 1323 3940 Mattheus
1354 3885 1406 3938 in
1435 3885 1624 3938 eadem
1646 3885 1918 3938 sententia
1962 3897 2060 3952 pro
2089 3881 2354 3949 particula

791 3976 877 4028 ἵνα
898 3975 1128 4029 alterum
1145 3975 1228 4027 ὅτι
1241 3971 1826 4044 adhibenSJocumque
1847 3975 2024 4043 ipsum
2043 3988 2153 4026 non
2173 3972 2358 4041 prohi-

794 4066 976 4128 bendi,
1001 4067 1096 4120 sed
1129 4065 1382 4134 negandi,
1406 4082 1571 4121 sensu
1597 4066 1856 4120 recitans.
1885 4063 2182 4119 Dominum
2210 4064 2356 4119 enim

795 4161 868 4212 ita
897 4157 1198 4211 introducit
1247 4160 1595 4228 loquentem:
1660 4177 1681 4210 ι
1710 4158 2008 4229 Propterea
2052 4173 2150 4226 per
2197 4172 2360 4226 para-

795 4247 950 4300 bolas
984 4249 1201 4315 loquor,
1235 4248 1361 4314 quia
1391 4248 1638 4302 videntes
1677 4261 1782 4300 non
1823 4247 2033 4309 vident,
2063 4255 2120 4300 et
2139 4246 2361 4300 audien-

796 4349 876 4393 tes
935 4353 1043 4393 non
1099 4337 1554 4402 intelligunt".-
1613 4336 1959 4392 Manifestum
2008 4337 2193 4404 itaque
2234 4336 2362 4390 hinc

2453 3605 2587 3673 έχει.
2623 3604 2730 3655 Καὶ
2751 3603 2833 3655 ὃτι
2859 3603 2920 3655 τὸ
2945 3593 3244 3671 λαμϐάνειν
3271 3603 3372 3668 τὰς
3400 3603 3572 3667 λέξεις
3596 3605 3770 3667 οὕτως
3791 3605 4025 3658 ἐνταῦθα

2456 3692 2642 3762 μεῖζον
2669 3690 2761 3743 τοῦ
2793 3692 3034 3753 είκάζειν
3072 3690 3415 3755 καθίσταται,
3445 3693 3556 3745 τῶν
3577 3710 3637 3746 τε
3665 3695 4025 3764 προφητικῶν

2456 3785 2524 3854 ρη
2533 3784 2718 3852 μάτων
2748 3785 2781 3853 η
2813 3782 3042 3844 διάνοια,
3069 3782 3140 3835 δι’
3167 3775 3246 3835 ὧν
3293 3782 3535 3852 προῆλθε
3558 3785 3655 3838 καὶ
3677 3785 3746 3837 τά
3774 3787 4029 3856 Κυριακά

2455 3871 2632 3938 λόγια,
2670 3872 2880 3941 μάρτυς
2915 3871 3063 3924 ἐστὶν
3117 3871 3575 3942 ἀπαράτραπτος,
3605 3873 3741 3927 ἀλλά
3767 3875 3870 3927 καὶ
3896 3877 3928 3928 ὀ
3959 3878 4026 3928 ίε·

2460 3963 2549 4033 ρδς
2581 3964 2858 4025 Ματθαῖος
2905 3962 2999 4015 ἐπὶ
3039 3963 3140 4030 τῆς
3184 3961 3356 4031 αὐτῆς
3399 3964 3608 4026 ἑννοίας
3649 3965 3771 4018 ἀντὶ
3798 3965 3898 4018 τοῦ
3937 3968 4030 4020 Ira

2463 4054 2813 4124 Χρησάμενος
2836 4054 2938 4123 τῷ,
2952 4053 3066 4118 ὅτι,
3082 4052 3173 4106 καὶ
3200 4054 3325 4107 ἀντὶ
3352 4054 3445 4106 τοῦ
3472 4055 3844 4126 ἀπαγορεύειν
3865 4058 4033 4127 ἀρνη-

2460 4145 2628 4207 τικῶς
2657 4145 2996 4213 ἀπαγγείλας
3039 4144 3101 4196 τὸ
3133 4146 3352 4214 χωρίον.
3399 4147 3512 4200 Καὶ
3537 4147 3646 4216 γὰρ
3696 4149 3915 4216 εἰσάγει
3948 4151 4032 4202 τὸν

2463 4238 2668 4308 Κύριον
2723 4235 2950 4304 λέγοντα
2970 4252 2985 4266 ·
3018 4255 3038 4287 ι
3071 4236 3172 4289 Διά
3201 4236 3360 4289 τοῦτο
3392 4237 3453 4290 ιν
3491 4238 3832 4308 παραϐολαῖς
3866 4241 4030 4306 λαλῶ,

2460 4329 2541 4382 ὃτι
2575 4327 2865 4398 βλέποντες
2891 4327 2954 4380 οὐ
2985 4326 3245 4394 βλέπουσι
3265 4366 3281 4389 ,
3320 4346 3340 4379 ι
3395 4330 3490 4382 καὶ
3517 4329 3696 4400 δῆλον,
3739 4332 3826 4384 δτι
3866 4333 4033 4402 σαφὲς

795 4429 997 4492 evadit,
1032 4429 1164 4482 illud
1213 4429 1303 4481 ἵνα
1335 4444 1366 4482 a
1402 4429 1628 4496 reliquis
1665 4428 1831 4481 etiam
1871 4425 2232 4495 evangelistis
2262 4439 2330 4494 pr‘

2463 4419 2700 4488 κατέστη
2728 4418 2824 4472 καὶ
2853 4419 2917 4471 τὸ
2961 4419 3065 4471 Ira
3107 4421 3221 4481 τοῖς
3249 4418 3431 4483 ἄλλοις
3461 4420 3885 4489 εὐαγγελισταῖς
3919 4427 4033 4478 ἀντὶ

797 4520 882 4572 ὅτι
912 4533 1036 4576 esse
1078 4527 1426 4587 usurpatum.
1472 4528 1527 4570 et
1554 4517 1877 4586 particulam
1929 4514 2079 4569 illam
2117 4514 2330 4584 prohihi

2440 4511 2562 4567 μτοῦ
2607 4510 2698 4562 ὅτι
2729 4509 3196 4580 παρειλημμένον,
3228 4512 3324 4563 καὶ
3358 4510 3422 4564 τδ
3456 4512 3536 4582 (9)
3595 4514 4034 4585 ἀπαγορευτικδν

801 4610 965 4664 tivam
994 4612 1246 4679 negantis
1267 4609 1373 4661 vim
1396 4610 1666 4662 obtinere.

2479 4602 2666 4672 μόριον
2693 4600 2794 4671 τὴν
2813 4599 2909 4653 τοῦ
2933 4601 3232 4671 ἀρνητικοῦ
3261 4601 3494 4672 δύναμιν
3520 4605 3972 4676 ἀναδεδεγμένον.

871 4697 1090 4754 Scilicet
1107 4713 1240 4766 gens
1264 4695 1511 4760 Judaica,
1533 4696 1802 4765 majorum
1833 4710 2058 4750 suorum
2090 4693 2330 4748 insaniae

2548 4692 2688 4746 Ἀλλ’
2735 4691 2881 4745 οὕτω
2937 4693 3039 4761 μὲν
3098 4694 3198 4763 τὴν
3253 4696 3588 4766 προγονικὴν
3645 4699 3708 4751 τὸ
3767 4700 4036 4755 Ἰουδαίων

799 4798 852 4843 et
880 4789 1280 4857 improbitatem
1311 4789 1384 4841 ita
1423 4803 1580 4842 suam
1613 4785 1761 4851 fecit,
1795 4795 1856 4841 ut
1880 4785 2178 4840 Dominicae
2217 4785 2330 4839 salu

2469 4784 2620 4845 εθνος
2664 4783 2924 4836 ἀπόνοιαν
2966 4784 3062 4836 καὶ
3105 4785 3500 4857 ἀγνωμοσύνην
3545 4788 3914 4860 οἰκειούμενοι
3949 4795 4037 4862 τῆς

802 4883 1038 4949 larisque
1084 4879 1346 4934 doctrinm
1384 4878 1658 4947 jacturam
1697 4887 2050 4945 spontaneam
2101 4877 2156 4929 in
2212 4875 2330 4930 lucr

2471 4873 2809 4942 Δεσποτικῆς
2855 4872 3205 4936 διδασκαλίας
3257 4874 3350 4926 καὶ
3395 4873 3666 4943 ὠφελείας
3714 4880 4037 4952 ἀποστατεῖν

803 4980 1097 5041 reputaret.
1129 4971 1316 5041 Neque
1341 4971 1491 5026 enim
1518 4970 1594 5024 illi
1627 4968 1890 5023 natalium
1930 4983 2156 5023 suorum
2198 4966 2330 5036 origi

2472 4965 2701 5027 ἑαυτοὺς
2732 4965 2922 5036 κέρδος
2949 4964 3212 5018 ἐτίθεντο.
3249 4965 3360 5018 Καὶ
3396 4967 3509 5037 γὰρ
3556 4969 3620 5021 οὐ
3649 4970 3910 5026 τοσοῦτον
3949 4975 4035 5035 τὰς

803 5077 926 5116 nem
958 5061 1024 5116 ad
1056 5061 1292 5130 majores
1324 5060 1522 5129 magis.
1561 5073 1726 5128 quam
1757 5058 1942 5113 cordis
1988 5058 2075 5111 sui
2116 5057 2330 5112 duritie:

2474 5056 2658 5128 πηγὰς
2685 5056 2783 5126 τῆς
2810 5056 3129 5126 σωματικῆς
3158 5056 3425 5124 γενέσεως
3461 5061 3541 5122 είς
3563 5061 3809 5127 ἑκείνους
3847 5065 4036 5135 ἀνέφε-

876 5177 921 5208 ⁷⁵
947 5175 1137 5233 Matth.
1163 5192 1263 5243 vn,
1296 5177 1348 5231 6.
1423 5174 1470 5207 ⁷⁸
1508 5172 1700 5227 Matth.
1727 5187 1847 5237 xm,
1880 5169 1965 5225 13.

2311 5286 2545 5342 ΝΟΤΛΕ.

878 5439 955 5505 (2)
999 5437 1058 5492 '0
1084 5438 1142 5491 δι
1161 5437 1428 5506 οἰόμενος,
1461 5435 1643 5491 addidi
1666 5450 1733 5489 ex
1763 5434 1917 5496 Colb.

880 5511 958 5577 (5)
990 5507 1064 5560 Id.
1096 5522 1195 5577 pro
1222 5507 1492 5573 τύφωσιν.

880 5579 959 5648 (4)
991 5579 1064 5648 id.
1089 5593 1187 5646 pro
1213 5577 1445 5648 οίκησις.

884 5649 961 5711 (5)
989 5647 1064 5700 Id.
1098 5662 1196 5716 pro
1233 5647 1430 5715 νόημα.

885 5722 962 5788 (ρ)
993 5719 1073 5788 ῳ.
1104 5732 1208 5788 pro
1234 5716 1700 5788 ἐπαισχύνθησαν.

889 5786 966 5857 (7)
995 5782 1124 5844 Post
1147 5782 1240 5840 οὖν
1269 5782 1571 5857 Ιοεςιιιὶξιιιιι⁷
1610 5786 1722 5852 καί,
1751 5787 1896 5856 quod
1951 5786 2100 5840 (Zolb.
2169 5787 2367 5838 rectius

2473 5430 2699 5484 omittit.

2543 5499 2619 5563 (8)
2648 5501 2766 5551 ’Ὶνα
2800 5514 2864 5551 ex
2906 5497 3058 5552 Colb.

2544 5571 2618 5638 (9)
2656 5570 2780 5621 Post
2814 5572 2907 5621 καὶ
2927 5570 3007 5633 τό,
3039 5569 3289 5622 exstabat
3332 5568 3454 5620 ἀντὶ
3478 5567 3591 5628 τοῦ,
3638 5584 3703 5623 ex
3742 5575 4034 5637 ευριπ-ιοτῇ

2474 5643 2580 5720 bus
2610 5640 2989 5708 intempestive
3014 5640 3104 5692 hic
3135 5639 3451 5708 repetitum,
3485 5640 3716 5708 ideoque
3778 5645 3833 5698 iu
3883 5645 4034 5699 Col».

2473 5725 2758 5766 OIIIISSUIII.
