4186 6444
160 388 262 453 473

1098 390 1195 449 ΑΙ)
1234 388 1827 449 AMPHILOCIIIUM
1866 389 2215 459 QUIESTIO
2251 389 2506 450 LXXVI.

3287 395 3395 458 474

164 517 275 564 ρον,
304 500 427 553 ὅσον
458 496 557 568 τήν
584 498 840 568 πώρωσιν
864 497 962 567 τῆς
987 498 1212 570 καρδίας
1241 501 1339 554 καὶ
1373 499 1433 553 τὸ
1455 500 1553 569 τῆς
1584 499 1717 567 γνώ-

1849 508 2209 568 ngratutnque
2231 500 2474 553 animum
2506 498 2832 555 referebant.
2863 500 3082 555 Veteres
3112 504 3187 557 illi
3222 504 3397 561 Israe-

163 608 271 659 μης
315 591 629 660 ἀχάριστον.
672 589 960 658 Θαλάσσης
993 590 1024 643 ό
1057 590 1286 654 παλαιὸς
1334 591 1550 663 Ἰσραὴλ
1584 592 1725 660 ὑγρά

1828 591 1935 644 litae
1966 591 2134 643 maris
2162 590 2358 653 ﬂuctus
2388 590 2716 655 transibant,
2762 593 3016 645 colunma
3062 608 3227 662 porro
3256 596 3400 664 ignis

161 681 380 753 κύματα
410 683 842 755 πεξοποροῦντες
866 682 1155 747 διέϐαινον,
1190 682 1383 746 στύλος
1436 684 1606 752 πυρὸς
1632 684 1726 735 καὶ

1842 679 2071 733 :tnubis
2126 681 2227 732 iter
2278 680 2410 748 ipsis
2458 679 2761 748 jucundum
2816 682 3132 749 prastabat,
3180 686 3400 752 quando

162 768 391 839 νεφέλης
420 770 519 841 τὴν
550 770 668 822 ὁδὸν
691 770 875 834 αὐτοῖς
900 771 1311 840 παρεσκεύαζεν
1334 772 1602 835 auricomo
1627 773 1727 839 μὲν

162 865 219 915 ὲν
247 863 404 915 νυκτὶ
436 861 643 930 πυρσὸν
669 862 945 922 ἀνάπτων.
979 864 1097 935 ἅμα
1132 863 1230 917 καὶ
1257 865 1612 935 χειραγωγῶν
1636 866 1727 917 τὸν

159 953 457 1023 ἀχάριστον
479 968 494 983 ⁸
518 954 551 1023 ἡ
585 953 642 1006 δὲ
673 953 769 1023 τὴν
792 953 1072 1009 λυποῦσαν
1100 954 1192 1008 τοῦ
1226 956 1379 1025 ἡλίου
1406 955 1582 1024 φλόγα
1605 956 1729 1009 ἀντὶ

158 1045 259 1113 τῆς
291 1045 410 1095 κατ’
435 1039 581 1096 οἷκον
617 1044 819 1114 ὀροφῆς
844 1045 1244 1119 άπρστέγουσα,
1275 1046 1368 1099 καὶ
1392 1047 1489 1117 τὴν
1518 1046 1730 1117 ἡμέραν

159 1134 265 1200 τῆς
314 1132 618 1203 ὁδοιπορίας
672 1134 1014 1203 εὐφροσύνης
1064 1137 1281 1207 ἡμέραν
1331 1138 1727 1205 ἀποφαίνουσα.

162 1224 295 1288 Καὶ,
322 1226 381 1277 ἑν
406 1224 680 1295 κεφαλαίῳ
700 1226 890 1293 φάναι,
915 1227 1023 1280 τῶν
1052 1228 1192 1298 ὑπὲρ
1218 1228 1380 1297 λόγον
1398 1230 1732 1300 εὐεργεσιῶν

160 1315 547 1379 ἀπολαύοντες,
584 1318 679 1370 καὶ
712 1319 846 1372 πᾶσι
892 1320 1007 1378 τοῖς
1050 1319 1192 1373 κατά
1219 1320 1312 1373 τὸν
1346 1320 1460 1389 βίον
1508 1321 1732 1389 ἀγαθοῖς

161 1407 587 1479 περιρῥεόμενοί
613 1425 671 1461 τε
701 1408 795 1462 καὶ
824 1408 1186 1480 πιαινόμενοι,
1205 1410 1567 1474 άπελάκτιζον
1594 1412 1732 1482 μάλ-

160 1501 255 1552 λον
284 1502 377 1553 καί
405 1499 541 1570 πρὸς
567 1499 668 1570 τὴν
711 1499 804 1554 τοῦ
850 1499 1008 1554 Θείου
1060 1500 1218 1573 ὕϐριν
1250 1501 1597 1572 ἑξεμαίνοντο
1627 1503 1735 1556 τῶν

159 1589 461 1645 εἰδωλικῶν
512 1590 839 1660 μιασμάτων
870 1591 984 1661 (10)
1037 1590 1099 1645 τδ
1148 1591 1312 1656 σέϐας
1354 1592 1457 1663 τῆς
1505 1594 1587 1657 είς
1641 1594 1735 1648 τὸν

161 1680 507 1750 Δημιουργδν
554 1681 1043 1753 ἀνταλλαττόμενοι
1091 1682 1349 1748 πίστεως.
1401 1684 1511 1738 Καὶ
1547 1686 1594 1739 οἱ
1636 1685 1735 1753 τῆς

163 1772 389 1842 ἐκείνης
418 1771 474 1824 δὲ
502 1772 726 1841 γνώμης
752 1773 852 1825 οὐκ
877 1773 1100 1827 ιλαττον
1131 1774 1165 1844 ἢ
1200 1773 1302 1844 τῆς
1328 1775 1493 1845 γονῆς
1515 1774 1735 1843 φύντες,

163 1862 257 1914 διά
281 1832 383 1930 τῆς
419 1832 523 1915 τοῦδ
546 1832 798 1934 Euripo;
831 1864 988 1934 ἡμῶν
1016 1832 1310 1935 tum,th
1338 1832 1739 1935 ἓτωρἆἑλησσαὶζρ
1769 1832 1812 1888 Β

166 1954 263 2006 καὶ
292 1951 585 2021 ὑπερφυῶν
615 1951 907 2021 θαυμάτων
938 1952 1276 2023 τελουμένων
1301 1953 1491 2009 θεαταὶ
1517 1954 1740 2025 γινόμε-

166 2062 275 2107 νοι,
303 2043 399 2096 νῦν
447 2043 545 2116 μὲν
594 2043 783 2096 παθῶν
826 2044 1156 2113 σωματικῶν
1186 2045 1422 2099 ἀνιάτων
1447 2045 1741 2115 ιλαυνομέ-

164 2153 278 2189 νων
307 2133 472 2204 λόγῳ,
506 2132 600 2185 νῦν
645 2134 701 2186 δὲ
742 2133 945 2205 βλάϐης
988 2136 1271 2206 δαιμονίας
1311 2138 1404 2190 καὶ
1447 2136 1741 2206 ἐπιϐουλῆς

163 2224 265 2277 τοῦ
311 2223 626 2292 πλάσματος
667 2224 1175 2295 ἀπαλλαττομένουι
1219 2226 1316 2280 καὶ
1381 2226 1628 2297 ψυχικῶν
1683 2227 1741 2279 δὲ

163 2315 502 2385 τραυμάτων
547 2316 613 2384 τῇ
659 2313 977 2386 διδασκαλίᾳ
1013 2315 1490 2388 θεραπευομένων,
1519 2334 1743 2388 νεκρουο

169 2408 349 2477 μένην
376 2406 419 2457 δ’
469 2406 569 2475 ἢδη
615 2406 845 2459 θανάτου
876 2408 975 2477 τὴν
1022 2408 1178 2479 ἰσχὺν
1204 2408 1740 2479 εὐαγγελιζομένων·

166 2501 272 2553 καὶ
299 2498 509 2551 πολλῶν
550 2498 723 2551 ἀλλων
746 2497 965 2568 δωρεῶν
991 2516 1051 2551 τε
1080 2499 1174 2551 καὶ
1200 2499 1531 2570 εὐεργεσιῶν
1562 2499 1745 2564 ἀξιού-

171 2611 355 2664 μενοι,
381 2592 533 2645 οὑδὶν
563 2593 662 2662 μὲν
686 2592 892 2645 τούτων
916 2591 1154 2663 καθορᾷν
1186 2592 1412 2662 γνώμην
1438 2586 1607 2662 εἶχον,
1633 2591 1745 2644 οὐδ’

166 2685 514 2756 ἀμείψασθαι
549 2684 660 2753 (11)
690 2685 781 2738 τὸν
820 2686 1135 2755 εὐεργέτην,
1167 2685 1303 2756 πρὸς
1339 2685 1511 2756 μόνην
1550 2686 1608 2739 δὲ
1648 2686 1748 2757 τὴν

170 2776 447 2846 θεομάχον
473 2774 836 2845 ὲξωτρύνοντο
865 2775 1141 2843 γλῶσσαν,
1176 2776 1271 2829 καὶ
1298 2776 1409 2829 τῶν
1436 2775 1744 2844 βλεπόντων

171 2868 274 2921 καὶ
319 2866 627 2919 ἀκουόντων
673 2866 1008 2936 ἁρπάζοντες
1040 2866 1102 2918 τὸ
1147 2864 1400 2934 ἀξίωμα,
1437 2866 1531 2919 καὶ
1566 2865 1749 2937 σφίσιν

170 2960 365 3021 αὐτοῖς
411 2956 804 3028 περιτιθέντες,
847 2955 972 3008 οὕτε
1002 2956 1223 3009 ἀκούειν
1267 2956 1458 3027 ἡθελον
1501 2955 1612 3009 τῶν
1656 2960 1751 3009 Δε-

1830 772 1978 839 prior
2005 772 2225 840 quidem
2266 781 2428 826 noctu
2464 770 2635 827 facem
2674 774 3028 839 accendebat,
3064 785 3118 829 et
3144 777 3287 831 viam
3320 779 3404 832 in-

1829 862 1996 931 gratis
2034 860 2525 929 praemonstrabat;
2563 862 2834 931 posterior
2862 878 2991 919 vero
3026 864 3281 921 infestam
3313 883 3403 921 so-

1830 954 1898 1009 lis
1926 954 2198 1008 flammam
2233 954 2407 1007 instar
2444 954 2569 1007 tecti
2604 953 2859 1021 alicujus,
2895 971 3003 1024 quo
3040 956 3234 1011 domus
3280 973 3401 1011 mu-

1831 1046 2000 1109 nitur,
2028 1047 2267 1109 arcebat,
2298 1054 2461 1113 atque
2484 1043 2620 1097 adeo
2644 1044 2854 1098 itineris
2873 1045 3014 1098 diem
3038 1045 3237 1099 laetitiae
3259 1045 3400 1098 diem

1830 1135 2117 1190 efﬁciebat.
2168 1136 2236 1186 At
2280 1134 2441 1188 iidem
2488 1135 2585 1198 illi,
2636 1143 2696 1188 ut
2744 1135 3061 1188 summatim
3094 1137 3294 1198 dicam,
3329 1146 3405 1188 tot

1833 1227 2154 1292 beneﬁciis,
2214 1242 2335 1297 qua:
2392 1242 2609 1281 omnem
2663 1226 3031 1295 eloquentiam
3098 1237 3403 1297 superant,

1834 1317 2109 1382 fruentes,
2140 1318 2507 1384 omnibusque
2537 1318 2660 1370 vita:
2695 1316 2854 1370 bonis
2886 1317 3135 1370 inundati
3175 1328 3231 1370 et
3262 1318 3408 1386 sagi-

1834 1408 1971 1473 nati,
2009 1407 2451 1472 recalcitrabant,
2481 1418 2554 1471 et,
2588 1405 2775 1460 furore
2802 1406 2958 1475 quasi
2996 1407 3237 1473 quodam
3280 1421 3407 1461 cor-

1834 1499 1994 1568 repti,
2021 1501 2075 1553 in
2106 1499 2352 1553 divinum
2386 1497 2596 1552 Numen
2626 1506 2784 1551 erant
2828 1497 3036 1563 injurii,
3068 1498 3246 1560 Iidem,
3273 1512 3404 1551 con-

1833 1590 1996 1644 ditori
2027 1604 2130 1644 suo
2181 1589 2570 1659 prastandam,
2605 1604 2730 1643 cum
2785 1588 3109 1643 idololatria:
3156 1588 3410 1641 sordibus

1834 1692 2229 1757 permutantes.
2261 1682 2335 1738 Ita
2352 1690 2406 1736 et
2421 1682 2624 1751 posteri
2649 1695 2865 1741 eorum,
2892 1695 3001 1733 non
3019 1681 3198 1734 minus
3225 1680 3411 1734 animo

1838 1790 2003 1846 quam
2034 1773 2311 1830 natalibus
2338 1773 2447 1828 illis
2488 1772 2719 1834 similes,
2776 1780 3065 1840 postquam
3112 1771 3309 1824 similia
3357 1779 3413 1823 et

1841 1866 2024 1923 divina
2078 1866 2338 1920 miracula
2383 1880 2412 1918 a
2446 1873 2573 1917 nato
2629 1862 2911 1917 Salvatore
2962 1874 3151 1915 nostro
3202 1870 3412 1929 patrata

1840 1959 2124 2023 vidissent,
2178 1957 2399 2026 quando
2453 1970 2598 2009 nunc
2649 1954 2869 2023 quidem
2906 1953 3079 2005 morbi
3139 1952 3412 2013 corporis,

1840 2048 1977 2102 alias
2030 2046 2479 2106 immedicabiles,
2526 2044 2692 2098 verbo
2741 2042 3221 2111 propulsabantnr,
3272 2056 3414 2094 nunc

1840 2151 1969 2191 vero
2004 2136 2272 2196 homines.
2308 2150 2339 2188 a
2373 2134 2531 2190 noxis
2563 2142 2615 2186 et
2644 2132 2856 2187 insidiis
2885 2130 3167 2183 diabolicis
3220 2130 3416 2183 libr-ra—

1842 2228 2059 2291 bantur,
2085 2241 2231 2281 nunc
2254 2226 2452 2280 anima:
2474 2225 2697 2280 vulnera
2730 2223 2980 2277 doctrina
3013 2220 3237 2275 salutari
3256 2234 3415 2274 sana-

1842 2316 2062 2383 bantur,
2102 2331 2251 2371 nunc
2297 2316 2501 2370 mortui
2554 2316 2696 2369 inter
2762 2315 2913 2367 vivos
2968 2312 3415 2373 numerabantur,

1843 2424 1993 2464 nunc
2051 2408 2159 2462 vim
2218 2408 2415 2463 mortis
2464 2406 2573 2476 jam
2632 2404 2859 2459 tractam
2904 2418 3025 2458 esse
3054 2403 3413 2463 docebantur,
3476 2458 3480 2462 Α

1846 2499 2147 2568 multisque
2180 2499 2303 2553 aliis
2328 2497 2487 2552 donis
2507 2507 2562 2552 et
2588 2496 2868 2553 bcneliciis
2908 2493 3303 2555 maetabantur,
3332 2494 3418 2544 vel

1846 2592 1927 2647 sic
1957 2592 2200 2646 animum
2230 2590 2294 2643 ad
2325 2591 2413 2643 illa
2472 2589 2654 2641 omnia
2688 2588 2991 2651 advertere,
3056 2597 3152 2639 aut
3197 2584 3418 2639 bent-fa-

1846 2684 1980 2739 ctori
2005 2696 2107 2737 suo
2134 2681 2366 2751 gratiam
2400 2680 2695 2750 rependere
2724 2679 3003 2741 nolebant,
3033 2678 3124 2732 sed
3175 2677 3419 2745 linguam

1848 2775 2053 2843 potius,
2085 2774 2195 2829 Deo
2227 2773 2528 2834 inimicam,
2560 2773 2849 2827 acuebant.
2892 2772 3006 2824 lmo
3037 2756 3331 2824 videntium
3364 2776 3425 2821 et

1850 2862 2185 2919 audientium
2217 2862 2452 2930 elogium
2485 2876 2581 2930 per
2626 2862 2870 2929 rapinam
2920 2861 3023 2914 sibi
3062 2860 3193 2927 ipsis
3244 2858 3420 2912 vindi-

1852 2960 2055 3017 eantes,
2078 2965 2253 3021 neque
2283 2950 2495 3005 Domini
2529 2952 2713 3013 verba,
2747 2965 2868 3018 qu:e
2895 2963 3011 3009 eos,
3048 2949 3279 3002 buccina
3309 2947 3422 3001 cla-

172 3048 457 3102 σποτικῶν
487 3048 767 3117 ῥημάτων,
815 3046 1111 3114 σάλπιγγος
1161 3047 1527 3116 γεγωνότερον
1554 3047 1751 3108 αὐτοὺς

1853 3048 1990 3110 rius,
2018 3044 2084 3097 ad
2122 3044 2347 3098 salutem
2380 3040 2671 3104 vocabant,
2705 3040 2907 3092 multos
2940 3053 3070 3091 vero
3104 3053 3167 3091 ex
3202 3036 3423 3119 gentili-

171 3140 320 3208 πρὸς
347 3138 447 3203 τὴν
477 3137 751 3206 σωτηρίαν
781 3135 1257 3205 ἀνακαλουμένων,
1278 3137 1372 3188 καὶ
1397 3135 1622 3201 πολλοὺς
1644 3136 1752 3190 τῶν

1855 3135 1959 3190 bus
1987 3134 2054 3188 ad
2086 3149 2206 3187 eam
2243 3133 2631 3201 perducebant,
2660 3130 3016 3197 veritatisque
3056 3127 3420 3195 cognitionem

170 3228 355 3280 ἐθνῶν
381 3225 515 3295 πρὸς
540 3225 709 3295 αὐτὴν
739 3225 1097 3293 συναγόντων,
1126 3227 1220 3279 καὶ
1247 3226 1347 3296 τὴν
1374 3226 1472 3296 τῆς
1497 3228 1755 3300 ἀληθείας

172 3317 481 3386 ἐπίγνωσιν
511 3314 992 3370 ἀναδιδάσκόντων.
1029 3315 1167 3370 Οὗτε
1196 3318 1265 3371 τά
1295 3318 1385 3370 ὑπ’
1412 3318 1535 3388 ϐψιν
1568 3320 1755 3372 τελούο

176 3424 327 3476 μενα
359 3406 470 3457 τῶν
499 3405 793 3475 θαυμάτων
823 3406 1045 3476 βλέπειν
1074 3406 1357 3460 ἐϐούλοντο
1375 3449 1391 3473 ,
1430 3410 1564 3478 πρὸς
1592 3410 1757 3479 μόνας

169 3500 236 3552 δὲ
280 3498 384 3559 τὰς
430 3497 760 3565 δυσφημίας,
823 3498 921 3550 καὶ
966 3500 1058 3551 τὸν
1106 3498 1233 3554 νοῦν
1282 3499 1461 3553 αὐτῶν
1512 3503 1608 3556 καὶ
1661 3502 1758 3572 τὴν

173 3590 436 3658 γλῶτταν
481 3588 796 3651 ὲξώπλιζον.
828 3589 1025 3659 Διόπερ
1056 3590 1283 3652 εἰκότως
1326 3590 1509 3655 αὐτοῖς
1545 3591 1612 3645 τά
1659 3610 1756 3663 μυ-

176 3680 392 3749 στήρια
425 3679 523 3747 τῆς
566 3676 841 3746 βασιλείας
887 3677 985 3730 οὐκ
1032 3677 1372 3735 ἐπιστεύετο.
1422 3681 1605 3750 Χωρὶς
1653 3684 1759 3750 γὰρ

172 3769 294 3820 τῶν
351 3766 526 3819 ἄλλων
574 3766 665 3818 καὶ
717 3766 855 3819 διότι
914 3767 1098 3837 μεῖζον
1154 3768 1335 3829 αὐτοῖς
1382 3773 1557 3840 κρῖμα
1609 3789 1763 3839 περι-

170 3860 329 3927 ἦπτε
361 3856 477 3925 (12)
513 3855 920 3925 πιστευόμενον.
955 3856 1105 3927 Ὄσῳ
1130 3858 1239 3928 γάρ
1284 3858 1349 3911 ἀν
1378 3876 1462 3923 τις
1497 3862 1761 3929 μειζόνων

171 3948 463 4015 ἀξιοῦται,
495 3949 523 3999 ὁ
557 3947 613 4000 δὲ
642 3948 779 4018 πρὸς
808 3947 870 3999 τὸ
895 3950 1078 4019 χεῖρον
1106 3950 1227 4002 ἀντὶ
1252 3950 1350 4019 τῆς
1377 3952 1469 4003 ἐπὶ
1497 3951 1557 4003 τὸ
1582 3955 1762 4023 κρεῖτ-

168 4058 282 4093 τον
318 4037 623 4108 μεταϐολῆς
656 4039 908 4091 ἀπονεύει
933 4078 948 4103 ,
993 4033 1149 4103 οὗτος
1195 4040 1308 4111 (15)
1360 4040 1549 4111 διπλῆς
1583 4042 1763 4111 ἔνοχος

171 4130 605 4200 κατακρίσεως,
638 4131 736 4200 τῆς
776 4147 835 4183 τε
866 4130 1242 4202 προλαϐούσης
1277 4133 1497 4197 κακίας,
1541 4134 1633 4186 καὶ
1666 4134 1764 4202 τῆς

171 4224 276 4275 ἐπ’
310 4220 544 4290 αὓξησιν
575 4221 875 4292 μοχθηρίας
906 4222 1005 4293 τὴν
1044 4223 1363 4293 εὐεργεσίαν
1392 4224 1763 4294 ποιησαμένης

170 4310 596 4382 προαιρέσεως.

1855 3225 2213 3286 instillabant,
2248 3224 2459 3288 audire,
2498 3235 2677 3290 neque
2724 3220 3008 3283 miracula,
3040 3234 3162 3288 quae
3202 3220 3255 3272 in
3292 3232 3425 3271 ocu-

1856 3317 1938 3372 los
1994 3316 2372 3378 incurrebant,
2409 3316 2591 3367 videre
2623 3312 2935 3380 cupiebant,
2994 3312 3086 3363 sed
3132 3310 3309 3379 potius
3355 3309 3421 3361 ad

1858 3406 2101 3462 convicia
2131 3414 2341 3459 tantum
2375 3414 2428 3458 et
2451 3411 2685 3457 mentem
2714 3417 2870 3457 suam
2893 3410 2949 3454 et
2980 3402 3427 3469 linguam-arma-

1858 3500 2008 3553 baut.
2043 3495 2170 3550 Han:
2220 3512 2383 3551 causa
2414 3506 2552 3559 erat,
2606 3510 2705 3549 cur
2747 3494 3004 3563 mysteria
3062 3494 3208 3562 regni
3259 3492 3426 3547 divini

1859 3587 1966 3643 illis
2013 3604 2121 3642 non
2151 3589 2526 3643 crederentur.
2556 3584 2715 3646 Nam.
2756 3585 2943 3638 utalia
2990 3586 3263 3646 emittant,
3311 3598 3427 3636 tua-

1854 3679 1961 3751 jori
1989 3680 2205 3733 crimini
2265 3679 2427 3732 futuri
2481 3686 2640 3731 erant
2693 3676 2936 3738 obnoxii,
2969 3677 3013 3729 si
3044 3690 3105 3728 ea
3138 3675 3245 3728 illis
3275 3689 3428 3727 com-

1862 3772 2028 3824 missa
2061 3767 2311 3823 fuissent.
2344 3767 2462 3833 Quo
2490 3768 2613 3837 quis
2635 3769 2779 3822 enim
2817 3767 3119 3835 majoribus
3153 3765 3431 3820 beneficiis

1861 3860 2192 3924 cumulatur,
2242 3860 2334 3928 qui
2381 3869 2557 3912 tamen
2590 3858 2740 3927 pejor
2786 3860 2991 3927 potius,
3037 3873 3197 3927 quam
3236 3856 3429 3910 melior

1861 3951 2089 4004 evadere
2110 3950 2294 4019 gestit,
2325 3950 2427 4003 hoc
2453 3949 2626 4015 magis
2651 3948 2854 4014 duplici
2883 3947 3321 4002 condemnationi
3346 3958 3431 4001 est

1862 4042 2155 4106 obnoxius,
2187 4042 2312 4095 hinc
2340 4042 2411 4097 ob
2463 4041 2723 4094 malitiam
2777 4050 3169 4109 antegressam,
3203 4040 3327 4093 hinc
3361 4040 3431 4092 ob

1863 4136 2108 4191 animum
2140 4134 2461 4204 pessimum,
2490 4132 2931 4201 quandoquidem
2985 4134 3100 4201 ipsa
3133 4130 3432 4185 beneflceu~

1865 4225 1937 4280 tia
1972 4225 2039 4280 ad
2080 4227 2473 4280 incrementum
2501 4223 2789 4293 pravitatis
2814 4222 3076 4278 abutitur.

256 4401 394 4453 Ὀτι
419 4400 473 4452 δὲ
509 4400 583 4470 μὴ
628 4400 1078 4473 άποκληρωτικὸν
1125 4397 1267 4457 εἶναι
1295 4404 1358 4459 τὸ
1384 4402 1631 4457 δεδόσθαι
1668 4402 1752 4473 μὲι

1943 4399 2056 4454 Νοη
2090 4415 2217 4455 vero
2246 4400 2360 4454 fato
2383 4401 2537 4469 quasi
2586 4400 2821 4468 quodam
2854 4400 3139 4465 accidisse,
3178 4409 3235 4454 ut
3268 4399 3435 4455 disci-

168 4496 303 4556 τοῖς
340 4492 614 4563 μαθηταῖς
642 4493 936 4561 ἐπιγνῶναι
976 4494 1045 4549 τά
1075 4496 1367 4566 μυστήρια,
1410 4496 1522 4559 τοῖς
1564 4496 1622 4547 δὲ
1668 4496 1764 4565 μὴ,

168 4587 284 4642 καὶ
320 4584 589 4654 πρότερον
623 4584 721 4651 μὲν
748 4584 1147 4638 ἀποδέδεικται.
1174 4585 1341 4637 Οὐδὲν
1366 4584 1421 4637 δὲ
1446 4581 1607 4655 ἦττον
1628 4603 1769 4655 παρ-

1865 4489 2008 4559 pulis
2039 4487 2270 4544 facultas
2318 4490 2541 4543 daretur
2577 4490 2938 4558 cognoscendi
2986 4491 3267 4558 mysteria,
3310 4489 3435 4543 aliis

1865 4596 1993 4636 vero
2033 4596 2142 4635 non
2191 4582 2357 4646 item,
2408 4581 2521 4650 jam
2570 4592 2694 4637 ante
2744 4598 2775 4637 a
2823 4582 2979 4635 nobis
3012 4591 3095 4637 est
3133 4592 3434 4636 ostensum.

173 4682 385 4746 ἱστησι
416 4675 509 4728 καὶ
537 4675 566 4726 ό
597 4675 788 4743 Σωτὴρ
814 4713 829 4738 ,
870 4675 1193 4745 μακαρίζων
1226 4677 1354 4739 τοὺς
1390 4676 1655 4748 μαθητὰς,
1687 4679 1742 4728 iit

1868 4672 2010 4726 idem
2042 4688 2171 4726 vero
2204 4687 2310 4727 non
2340 4675 2518 4727 minus
2554 4674 2804 4728 Salvator
2833 4674 3058 4736 indicat,
3091 4674 3276 4728 beatos
3303 4689 3438 4741 pra:-

168 4764 486 4837 βλέπουσι,
522 4762 617 4813 καὶ
641 4762 932 4825 ἀκούοντες
981 4763 1292 4820 ἀκούουσιν.
1334 4763 1392 4816 '0
1428 4766 1771 4835 μακαρισμὸς

176 4856 301 4925 γάρ
336 4853 493 4922 παρά
520 4869 583 4921 γε
620 4857 731 4915 τοῖς
764 4855 980 4921 Λογίοις
1010 4855 1101 4907 καὶ
1138 4854 1374 4923 μάλιστα
1413 4858 1525 4918 τοῖς
1557 4857 1764 4926 Κυρια-

170 4947 340 5008 κοῐς,
361 4943 464 4997 οὐκ
491 4944 734 5012 ἀνάγκης
760 4945 907 4996 ἐστὶν
940 4943 1268 5012 είσαγούσης
1291 4944 1352 4996 τὸ
1378 4947 1774 5016 ἀπαραίτητον,

167 5035 579 5107 προαιρέσεως
608 5035 664 5086 δὲ
690 5036 977 5103 γινομένης
1008 5034 1102 5086 τοῦ
1140 5034 1427 5103 βελτίονος⁸
1470 5039 1779 5108 «Μακάριος

168 5128 304 5198 γὰρ
337 5125 503 5193 ἀνὴρ,
530 5124 589 5186 ὃς
619 5125 717 5176 οὐκ
748 5124 1017 5193 ἐπορεύθη
1044 5125 1099 5175 ὲν
1128 5123 1291 5193 βουλῇ
1319 5125 1533 5178 ἀσεϐῶν
1561 5144 1572 5156 ·
1611 5147 1629 5178 ι
1666 5130 1778 5192 καὶ,

257 5334 316 5367 τ’
363 5324 558 5381 Matth.
591 5341 642 5387 ν,
680 5325 714 5379 5
750 5342 903 5400 seqq.

1868 4763 2059 4819 dicans
2109 4764 2431 4833 discipulos,
2474 4766 2615 4833 quod
2654 4765 2895 4819 videntes
2950 4767 3185 4825 videant.
3239 4777 3291 4818 et
3341 4780 3438 4817 au-

1871 4854 2084 4909 dientes
2113 4854 2353 4908 audiant.
2397 4855 2624 4921 Quando
2654 4857 2800 4909 enim
2839 4858 2893 4909 in
2925 4855 3218 4924 Scriptura:
3250 4869 3437 4911 sacrm.

1874 4946 2263 5027 speciatimque
2294 4945 2506 4999 Domini
2565 4948 2757 5012 nostri,
2808 4947 2969 5001 dictis
3020 4947 3210 5000 beatus
3244 4947 3441 5015 aliquis

1876 5039 2201 5107 praedicatur
2243 5038 2309 5101 ",
2362 5039 2412 5091 id
2466 5040 2683 5107 quidem
2736 5054 2844 5093 non
2906 5040 3088 5101 infert,
3128 5055 3235 5091 rem
3287 5040 3442 5090 aliter

1881 5129 1996 5182 ﬁeri
2026 5144 2132 5183 non
2168 5128 2429 5200 patuisse,
2466 5131 2558 5183 sed
2615 5131 2977 5185 voluntariam
3035 5131 3283 5183 meliores
3335 5128 3442 5181 ele-

1646 5449 1873 5505 ΝΟΤᾹΞ.

255 5605 400 5678 (10)
432 5603 587 5678 9011).
630 5620 727 5678 pro
767 5606 1102 5677 βιασμάτων.

168 5753 207 5804 C
254 5674 397 5801 Si)
428 5674 517 5727 Sic
546 5677 728 5730 scribo
756 5674 853 5745 pro
874 5674 1224 5747 άμείνασοαι,
1262 5679 1365 5733 nisi
1399 5678 1554 5732 malis
1610 5678 1767 5747 ἀμεί-

196 5768 243 5802 ιε
342 5762 427 5799 αι.

1943 5605 2055 5673 (12)
2095 5608 2235 5661 Idem
2265 5624 2364 5676 pro
2397 5610 2635 5660 πίπτειν.

1949 5678 2061 5745 (15)
2095 5679 2234 5732 Idem
2270 5676 2575 5745 ιιιοοῦτως.
