4186 6444
753 405 862 466 475
1898 399 2158 459 ΡΙΙΟΤΙῙ
2197 397 2696 458 ΡΑΤΠΙΛΠΟΠΕ
2728 396 2835 457 CP.

3886 393 3982 454 £76

756 517 994 571 ctionem
1023 512 1245 568 iudicat.
1307 511 1384 566 Ita
1423 530 1442 563 ι
1481 512 1676 566 beatus
1698 511 1898 567 dicitur
1928 513 2034 575 vir,
2073 512 2171 580 qui
2214 527 2321 565 non

2439 530 2448 562 I
2482 511 2764 578 Μακάριος
2792 507 2936 579 ἀνὴρ
2965 506 3110 578 (ﬂ),
3151 507 3212 570 δς
3254 505 3511 577 οίκτείρει
3549 506 3724 578 ψυχὴ
3773 509 3984 579 κτηνῶν

757 607 997 663 ambulat
1039 607 1093 660 in
1133 604 1363 660 consilio
1412 604 1703 673 impiorum
1735 605 1812 670 ";
1875 622 1894 654 ι
1953 610 2008 658 et
2049 620 2069 652 ι
2126 601 2321 656 Beatus

2439 599 2605 653 ιύτοῦ.
2642 617 2662 650 s
2704 597 2768 652 '0
2798 598 2859 651 δὲ
2887 599 3077 668 Σωτὴρ
3121 599 3215 649 καί
3257 597 3398 650 κατά
3431 596 3713 667 συνέχειαν
3755 596 3983 659 πολλοὺς

757 702 859 764 vir,
891 701 984 771 qui
1020 700 1313 754 miseratur
1362 701 1524 752 vitam
1581 696 1813 766 jumcnti
1860 697 1968 750 sui.
2023 715 2044 750 ι
2091 696 2321 762 Quando

2439 691 2814 760 ιακαρισμοὺς
2847 689 3136 741 συνάπτων
3158 687 3352 742 οὖδένα
3380 687 3607 753 τούτων,
3638 687 3724 756 ἐφ’
3744 684 3826 740 ὧν
3857 687 3986 740 ἀπο-

758 807 921 862 porro
951 792 1200 847 Salvator
1242 801 1424 846 noster
1457 791 1660 846 multas
1689 806 1796 845 una
1824 790 1965 845 serie
1991 789 2324 844 benedictio-

759 898 859 937 nes
891 881 1072 946 affert,
1103 882 1308 936 nullam
1334 895 1525 934 carum
1574 880 1665 941 iis.
1701 879 1756 933 in
1807 879 2005 948 quibus
2041 878 2343 932 distinctio

757 973 1004 1042 quadam
1028 972 1148 1025 loco
1182 971 1381 1024 habere
1406 979 1639 1038 poterat,
1659 970 1988 1039 impertitur,
2019 971 2111 1024 sed
2147 969 2200 1022 in
2225 983 2322 1022 eos

757 1079 948 1120 omnes
980 1062 1211 1124 confert,
1237 1076 1473 1132 quorum
1505 1061 1680 1115 virtus
1702 1061 1856 1114 bona:
1888 1058 2084 1112 mentis
2113 1057 2324 1112 fructus

757 1164 814 1211 et
869 1169 1027 1224 seges
1071 1161 1212 1208 erat.
1275 1151 1458 1221 Itaque
1500 1168 1602 1207 nec
1642 1151 1927 1221 discipulis
1963 1165 2060 1219 per
2118 1157 2322 1203 sortem

757 1247 1053 1316 quamdam
1081 1243 1302 1298 fatalem
1337 1244 1570 1299 facultas
1604 1243 1744 1298 facta
1773 1251 1858 1299 est
1890 1243 2145 1312 mysteria
2177 1241 2324 1311 regni

759 1335 855 1390 Dei
886 1335 1274 1404 cognoscendi,
1306 1349 1481 1404 neque
1530 1334 1794 1403 improbis
1834 1333 2143 1388 Judasorum
2175 1334 2328 1401 igno-

761 1424 900 1477 ratio
929 1424 1146 1477 illorum
1171 1423 1430 1492 irrogata.
1477 1422 1590 1476 lmo
1620 1437 1752 1477 vero
1781 1422 1928 1484 ideo.
1956 1421 2101 1490 quod
2135 1430 2328 1491 sponte

761 1530 858 1569 sua
885 1529 944 1568 se
992 1528 1169 1567 caecos
1213 1522 1268 1569 et
1295 1522 1478 1568 unitos
1501 1514 1810 1578 effecerant,
1857 1513 2099 1568 divinum
2125 1505 2180 1568 et
2213 1513 2326 1568 falli

763 1604 1010 1658 nescium
1032 1603 1302 1672 judicium
1337 1604 1444 1658 illis
1470 1604 1723 1673 indignos
1749 1619 1844 1660 eos
1864 1619 1987 1659 esse
2010 1604 2330 1674 pronuntia-

762 1696 858 1748 vit.
891 1694 1011 1760 Quo
1042 1709 1169 1750 vero
1201 1708 1363 1750 sensu
1413 1695 1483 1761 is,
1508 1710 1670 1763 quem
1704 1694 1970 1749 Dominus
1994 1710 2063 1749 ex
2085 1694 2328 1764 discipu-

763 1784 832 1838 lis
862 1784 1132 1853 imprimis
1183 1785 1425 1848 amabat,
1476 1801 1732 1856 magnum
1771 1785 1904 1841 illud
1935 1786 2218 1857 theologia:
2247 1787 2330 1842 in-

2423 785 2697 853 κλήρωσις
2729 783 2843 852 ἔχει
2879 782 2980 852 τὴν
3008 782 3184 850 ἰσχὺν,
3215 780 3506 848 ἀπονέμει,
3537 781 3616 842 είς
3652 779 3903 841 έκείνους
3933 777 3984 830 δὲ

2425 875 2648 942 συνάγει
2697 873 2926 936 πάντας,
2980 865 3057 924 ὧν
3130 871 3300 942 ἀρετὴ
3349 873 3560 941 καρπὸς
3606 871 3846 941 ὑπάρχει
3901 871 3988 923 καὶ

2422 968 2691 1038 γεώργιον
2719 966 2816 1034 τῆς
2858 965 3253 1036 προαιρέσεως.
3279 963 3488 1018 Οὐκοῦν
3520 962 3645 1016 οὔτε
3673 965 3789 1026 τοῖς
3818 962 3989 1033 μαθηο

2427 1063 2549 1123 ταις
2578 1061 2697 1112 κατ’
2728 1059 3118 1128 άποκλήρωσιν
3147 1058 3356 1111 ἐδέδοτο
3385 1056 3457 1109 τά
3485 1059 3759 1127 μυστήρια
3788 1057 3988 1124 γνῶναι

2421 1151 2523 1220 τῆς
2572 1149 2850 1220 βασιλείας
2889 1149 2982 1202 τοῦ
3027 1148 3188 1214 Θεοῦ,
3230 1146 3354 1200 οὕτε
3401 1150 3514 1209 τοῖς
3561 1146 3851 1215 ἀγνώμοσι
3888 1147 3991 1198 τῶν

2437 1242 2702 1298 Ἰουδαίων
2719 1241 2926 1295 τούτων
2967 1242 3003 1311 ὴ
3045 1240 3260 1307 ἄγνοια,
3287 1238 3404 1292 ἀλλ’
3433 1241 3515 1291 ὅτι
3547 1237 3784 1306 τυφλούς
3815 1255 3877 1290 τε
3906 1239 3993 1289 καὶ

2425 1339 2642 1404 κωφοὺς
2669 1335 2887 1395 ἑκόντες
2909 1334 3197 1402 ἀπέφηναν
3230 1331 3478 1394 ἑαυτοὺς,
3505 1331 3711 1383 τούτων
3736 1329 3992 1394 ἀναξίους

2426 1432 2462 1500 ἠ
2492 1427 2614 1482 θεία
2641 1427 2737 1481 καὶ
2761 1427 3062 1490 ἀδέκαστος
3087 1427 3272 1495 κρίσις
3294 1425 3595 1494 διήλεγξεν.
3628 1423 3751 1485 Πῶς
3774 1422 3872 1476 οὖν
3892 1423 3994 1474 τῶν

2435 1519 2696 1590 μαθητῶν
2711 1521 2741 1572 δ
2752 1519 3109 1590 ἠγαπημένος
3134 1519 3196 1571 τὺ
3209 1518 3306 1589 τῆς
3331 1516 3612 1583 θεολογίας
3633 1515 3868 1585 δργανον
3886 1515 3994 1584 (15)

2429 1611 2610 1679 λέγει’
2648 1629 2668 1662 ι
2698 1610 3058 1679 Τετύφλωκεν
3084 1609 3264 1662 αὐτῶν
3285 1609 3415 1670 τοὺς
3442 1604 3754 1675 ὀφθαλμοὺς
3779 1607 3878 1659 καὶ
3906 1621 3998 1657 πε-

2430 1703 2699 1774 πὼρωκεν
2750 1702 2930 1756 αὐτῶν
2956 1701 3058 1772 τὴν
3083 1700 3336 1772 καρδίαν,
3368 1718 3388 1752 ι
3436 1698 3588 1752 οὐδὲν
3614 1698 3779 1768 εργον
3803 1699 3870 1751 lx
3894 1695 3999 1750 τῶν

2432 1793 2744 1862 είρημένων
2767 1792 2870 1862 ἤδη
2909 1790 3174 1845 συνιέναι.
3217 1791 3281 1842 El
3310 1788 3409 1859 μὲν
3437 1787 3546 1859 γὰρ
3577 1787 3652 1858 μὴ
3688 1786 3877 1841 ἐκάλει
3909 1783 3999 1838 τοῦ

763 1887 1151 1939 strumentum,
1180 1877 1351 1930 dicit:
1392 1895 1410 1927 ι
1450 1877 1756 1932 Excaecavit
1797 1880 1985 1933 oculos
2019 1893 2231 1944 eorum,
2277 1887 2333 1932 ct

2618 1885 2712 1938 τὸν
2753 1858 2984 1938 Ἡσαΐαν
3020 1885 3293 1953 μάρτυρα,
3314 1858 3356 1951 Ϋῆ
3381 1882 3494 1950 (16)
3519 1858 3623 1948 γέφ’
3648 1878 3845 1949 ἐτέρου
3873 1878 4001 1931 θεω-

762 1967 1054 2021 obduravit
1073 1983 1168 2022 cor
1188 1983 1378 2022 eorum
1413 1971 1496 2035 ";
1536 1989 1554 2020 ι
1587 1970 1746 2024 facile
1785 1985 1852 2024 ex
1883 1971 2042 2024 dictis
2075 1970 2332 2025 aestimari

765 2067 961 2128 potest.
995 2059 1052 2113 Si
1074 2061 1225 2115 enim
1262 2061 1463 2115 Isaiam
1502 2062 1789 2117 verborum
1819 2072 2007 2117 testem
2032 2080 2137 2118 non
2169 2064 2335 2119 advoo

764 2163 966 2215 casset,
1001 2163 1096 2206 aut
1127 2155 1334 2208 dictum
1359 2155 1482 2223 ejus
1520 2156 1586 2210 ad
1617 2157 1764 2209 aliud
1793 2166 2174 2226 argumentum
2207 2171 2336 2226 pro-

768 2245 1006 2298 bandum
1029 2246 1320 2312 attulisset,
1344 2246 1627 2300 dubitandi
1650 2247 1882 2302 fortasse
1903 2258 2216 2302 nasceretur
2241 2263 2338 2301 oc-

766 2338 941 2400 casio,
970 2338 1311 2407 quaestioquc
1342 2339 1457 2394 haec
1484 2340 1612 2400 alia.
1641 2350 1836 2409 prazter
1863 2343 2039 2396 dictas
2071 2343 2213 2406 illas,
2249 2357 2338 2397 ra-

767 2429 916 2482 tione
951 2438 1095 2483 esset
1119 2429 1446 2484 dirimenda.
1475 2431 1747 2497 Quoniam
1783 2448 1912 2487 vero
1958 2435 2121 2488 etiam
2154 2437 2243 2489 illa
2272 2451 2337 2489 ex

769 2519 1049 2587 propheta:
1074 2519 1252 2572 verbis
1283 2519 1608 2586 afferuntur,
1634 2537 1869 2590 quorum
1903 2539 2098 2578 sensus
2128 2526 2337 2594 perspi-

767 2624 906 2664 cuus
937 2619 1042 2672 est,
1076 2610 1321 2679 nihilque
1341 2611 1676 2668 dillicultatis
1699 2614 1963 2678 continet,
1997 2616 2087 2670 illa
2118 2631 2338 2686 quoque

769 2708 1091 2753 ceterorum
1121 2702 1578 2769 evangelistarum
1613 2718 1645 2758 a
1673 2704 1858 2760 dubiis
1903 2708 2160 2761 omnibus
2214 2708 2342 2762 libe-

773 2799 888 2844 rata
920 2792 1081 2845 modo
1104 2800 1262 2851 sunt;
1295 2802 1439 2860 putet
1470 2796 1679 2863 utique,
1707 2796 1869 2849 etiam
1905 2797 2033 2850 illud
2052 2799 2164 2866 jam
2196 2800 2344 2854 solu-

2437 1977 2682 2047 ρήματος
2719 1974 2932 2045 προῆγε
2961 1972 3065 2035 τάς
3085 1973 3257 2035 αὑτάς
3277 1972 3485 2041 φωνὰς,
3501 1970 3737 2040 ἀπορίας
3772 1969 3842 2022 άν
3861 1985 4002 2032 τινος

2435 2068 2682 2136 ὑπῆρχεν
2709 2064 2955 2134 ἀφορμὴ,
2994 2063 3089 2115 καὶ
3119 2062 3347 2132 ζήτησις
3384 2059 3537 2131 παρά
3566 2060 3666 2122 τὰς
3707 2058 4004 2130 εἰρημένας

2436 2158 2606 2227 ἄλλης
2633 2155 2957 2218 ἐπιλύσεως.
3005 2153 3160 2207 Ἐπεὶ
3191 2153 3248 2206 δὲ
3281 2153 3367 2207 διά
3393 2152 3504 2205 τῶν
3533 2150 3890 2222 προφητικῶν
3915 2150 4004 2203 καὶ

2436 2250 2608 2304 ταῦτα
2645 2249 2952 2319 προάγεται
2970 2247 3168 2314 λόγων,
3200 2245 3260 2311 ἐξ
3281 2238 3357 2299 ὧν
3387 2245 3703 2314 σαφεστάτη
3733 2244 3829 2296 καὶ
3856 2243 4004 2296 οὐδὲν

2437 2343 2643 2410 ἄπορον
2681 2339 3018 2411 ἐπιφέρουσα
3064 2336 3369 2406 ἐξέλαμψεν
3417 2337 3453 2406 η
3492 2335 3722 2399 διάνοια,
3767 2334 3867 2388 καὶ
3902 2332 4005 2403 μὴν

2437 2435 2535 2488 καὶ
2571 2433 2682 2487 τῶν
2709 2433 2885 2488 ἀλλων
2915 2429 3340 2498 εὖαγγελιστῶν,
3385 2430 3507 2482 ὅσον
3534 2423 3603 2499 ἦν
3627 2425 4002 2496 ἀμφισΰητού-

2445 2543 2625 2597 μενον,
2653 2523 2902 2595 διεκρίθη
2920 2539 2936 2554 ⁸
2961 2522 3147 2592 δῆλον,
3173 2521 3255 2574 ὅτι
3287 2517 3708 2589 προδιαλέλυται
3741 2515 3842 2568 καὶ
3874 2515 4006 2583 ὅπερ

2433 2617 2658 2687 ἔμελλεν
2683 2616 2776 2667 ἐπὶ
2802 2614 2914 2667 τῶν
2938 2613 3198 2684 ῥημάτων
3222 2611 3428 2663 τούτων
3453 2605 3868 2677 διαπορεῖσθαιο
3896 2606 4007 2658 ῐσον

2435 2707 2544 2777 γάρ
2571 2709 2619 2775 (ί
2632 2707 2727 2770 7).i
2743 2705 2803 2758 ὐ
2828 2704 3044 2776 πρῶτος
3067 2701 3524 2772 ἀναγραψάμενος
3550 2701 3651 2759 τάς
3673 2693 4008 2756 Δεσποτικάς

2438 2799 2667 2870 πράξεις
2718 2797 3057 2851 ἐκδιδάσκειν
3101 2793 3323 2847 δύναται
3365 2793 3448 2856 τδ,
3490 2790 3875 2858 τετύφλωκεγ
3922 2789 4010 2841 καὶ

774 2889 887 2932 tum
917 2895 1059 2939 esse.
1088 2881 1235 2949 quod
1253 2896 1318 2935 es
1341 2883 1426 2937 bis
1440 2885 1620 2938 verbis
1645 2887 1961 2954 scrupulum
1981 2887 2205 2956 injicere
2247 2903 2338 2957 po.

2443 2893 2804 2959 πεπώρωκεν
2821 2907 2836 2922 ⁸
2863 2891 2962 2944 καὶ
2980 2889 3062 2942 τό·
3100 2907 3120 2940 s
3154 2887 3250 2940 Διά
3275 2885 3431 2938 τοῦτο
3459 2888 3518 2937 έν
3558 2881 3896 2952 παραϐολαῖς
3920 2879 4010 2932 αύ-

773 2978 954 3023 terat:
983 2970 1182 3023 similia
1209 2970 1353 3023 enim
1385 2981 1514 3024 sunt
1554 2971 1657 3026 sibi
1689 2973 1939 3028 invicem.
1986 2975 2208 3045 llle,qui
2239 2976 2338 3045 pri

2442 2985 2557 3045 τοῖς
2577 2982 2743 3047 λαλῶ,
2770 2982 2853 3035 ὃτι
2875 2981 3165 3051 βλέποντες
3209 2981 3272 3032 ού
3297 2979 3574 3048 βλέπωσι,
3600 2976 3696 3029 καὶ
3720 2973 4010 3033 ἀκούοντες

778 3077 900 3115 mus
923 3060 1136 3115 Domini
1160 3063 1329 3115 nostri
1361 3070 1509 3129 gesta
1529 3063 1838 3132 descripsit,
1856 3079 1917 3116 cx
1928 3065 2126 3132 plicare
2141 3067 2338 3134 optimc

2445 3074 2545 3126 οὐκ
2574 3072 2882 3127 ἀκούωσιν.
2926 3091 2947 3124 ι

778 3163 976 3223 potest,
1015 3153 1290 3221 quomodo
1327 3153 1554 3223 intelligi
1603 3154 1798 3208 debeat
1831 3155 1996 3216 illud.
2031 3161 2306 3212 occarcavit
2366 3172 2423 3216 et
2479 3162 2788 3228 obduravit;
2838 3163 3078 3234 itemque
3144 3160 3298 3226 illud,
3338 3181 3356 3211 ι
3394 3158 3685 3228 Propterea
3720 3172 3818 3226 per
3862 3170 4009 3224 para.

777 3249 932 3302 bulas
961 3249 1067 3302 illis
1091 3248 1305 3317 loquor,
1334 3247 1462 3316 quia
1492 3247 1732 3304 videntes
1759 3264 1865 3303 non
1894 3250 2095 3313 vident.
2128 3262 2184 3307 et
2229 3254 2515 3312 audientes
2544 3272 2650 3312 non
2679 3257 2928 3312 audiunt.
2975 3274 2996 3309 ι

847 3344 1049 3414 Siquis
1082 3359 1210 3397 vero
1274 3344 1364 3397 illa
1407 3344 1590 3408 verba,
1643 3347 1916 3398 occaecavit
1951 3354 2004 3399 et
2041 3348 2338 3416 obduravit,

2517 3354 2580 3406 El
2629 3353 2685 3405 δέ
2730 3369 2814 3414 τις
2860 3351 2942 3415 τὸ,
2984 3351 3360 3418 τετύφλωκεν
3398 3346 3493 3400 καὶ
3522 3344 3908 3411 πεκώρωκεν,
3953 3343 4012 3395 οὗ

779 3451 890 3492 nou
923 3446 1033 3490 tam
1065 3451 1164 3504 pro
1190 3435 1426 3504 peccatis
1454 3450 1576 3505 quae
1603 3439 2018 3502 antecesserint,
2049 3456 2213 3508 quam
2245 3456 2344 3510 pro

779 3528 983 3582 talibus
1009 3542 1131 3597 quae
1159 3541 1222 3582 ea
1256 3529 1429 3581 instar
1458 3528 1723 3582 mercedis
1759 3529 2089 3598 promerita,
2117 3532 2224 3586 siut
2254 3547 2345 3586 se-

780 3629 931 3684 cuta,
971 3618 1170 3672 habere
1201 3618 1485 3684 maluerit;
1521 3634 1619 3673 nec
1661 3620 1750 3674 ille
1783 3635 1814 3674 a
1848 3635 2015 3689 scopo
2059 3623 2347 3677 abcrrave-

782 3711 873 3772 rit.
900 3725 995 3780 per
1020 3725 1184 3780 quem
1219 3724 1326 3763 non
1357 3710 1518 3779 longe
1545 3726 1576 3763 a
1602 3712 1829 3766 veritate
1877 3713 2037 3767 absit.
2073 3713 2345 3779 Quouiam

779 3799 928 3852 enim
954 3798 1029 3852 illi
1054 3806 1248 3878 sponte
1278 3814 1377 3853 sua
1409 3801 1600 3855 oculos
1629 3801 1956 3868 clauserant,
1982 3813 2035 3857 et
2065 3821 2228 3859 aures
2251 3821 2348 3860 co-

784 3889 1092 3952 bibuerant,
1126 3889 1343 3944 caecitas
1385 3897 1440 3944 et
1466 3889 1712 3946 surditas
1754 3893 1949 3947 merito
1981 3892 2154 3947 instar
2178 3909 2348 3962 ima

781 3978 1218 4033 antecedentium
1247 3980 1505 4034 vitiorum
1539 3991 1894 4050 spoutaneam
1923 3984 2089 4037 animi
2142 3986 2344 4054 impro-

785 4069 1006 4124 bitatem
1055 4070 1380 4140 excipiebat.
1445 4070 1561 4126 lluc
1609 4071 1752 4126 inter
1801 4082 1995 4127 caetera
2041 4076 2346 4142 pertinebat

785 4157 939 4220 illud,
993 4160 1136 4227 quod
1195 4173 1296 4213 nec
1345 4158 1603 4213 facultate
1645 4162 1895 4230 mysteria
1927 4163 2074 4231 regni
2108 4163 2349 4218 caelestis

781 4244 1149 4313 cognoscendi
1183 4245 1614 4302 instruebantur.
1640 4245 1812 4302 Porro
1841 4250 2003 4319 paulo
2016 4259 2141 4305 ante
2159 4249 2346 4306 Iesum

784 4335 1067 4399 audimus,
1103 4347 1263 4405 prout
1319 4338 1461 4393 idem
1495 4341 1638 4395 filius
1690 4341 1992 4396 tonitruum
2024 4341 2235 4403 scribit.
2264 4343 2348 4396 di-

783 4439 1038 4482 centem:
1076 4448 1094 4482 ι
1139 4430 1408 4500 Exiguum
1457 4433 1635 4487 adhuc
1680 4442 1891 4503 tempus
1939 4433 2030 4488 lux
2066 4434 2347 4489 vobiscum

783 4527 901 4584 est;
925 4520 1203 4575 ambulate
1220 4525 1397 4591 quoad
1430 4523 1606 4576 lucem
1638 4523 1869 4590 habetis,
1896 4540 1965 4579 ne
1993 4527 2228 4580 tenebrae
2251 4542 2349 4582 vos

784 4610 1224 4678 apprehendant;
1265 4632 1284 4666 ι
1313 4623 1388 4677 et,
1422 4634 1440 4668 ι
1472 4616 1575 4680 Qui
1599 4616 1654 4669 in
1677 4617 1915 4671 tenebris
1934 4617 2194 4682 ambulat,
2239 4635 2349 4673 non

2449 3445 2830 3514 προηγούμενα
2865 3441 3037 3512 πάθη,
3080 3439 3198 3494 ἀλλ’
3243 3437 3474 3499 ἐκείνοις
3522 3435 3765 3502 ἑπόμενα
3815 3433 4014 3502 μᾶλλον

2450 3536 2568 3606 θείη
2619 3531 2731 3588 οἷόν
2780 3549 2904 3587 τινα
2954 3529 3302 3601 ἀντιμισθίαν
3336 3529 3445 3582 τῶν
3498 3527 3824 3596 φθασάντων
3853 3524 4014 3578 ὄντα·

2447 3625 2560 3678 οὐδ’
2583 3617 2737 3685 οὗτος
2763 3623 2831 3677 ἀν
2855 3623 2942 3693 εῐη
2967 3621 3170 3675 σκοποῦ
3196 3619 3600 3688 διαμαρτάνων,
3627 3617 3694 3671 δι’
3714 3612 3776 3671 οῦ
3814 3617 4018 3685 φέροιτ’

2449 3713 2517 3766 ἂν
2543 3712 2605 3765 ού
2626 3711 2816 3782 πόρῤω
2841 3711 2940 3782 τῆς
2980 3709 3262 3781 ἀληθείας.
3308 3707 3462 3760 Ἐπεὶ
3489 3707 3599 3776 γάρ
3628 3705 3852 3768 ἑκόντες
3886 3704 4019 3774 ἔμυ-

2452 3822 2552 3859 σαν
2594 3805 2722 3867 τοὺς
2766 3803 3078 3873 ὀφθαλμοὺς
3123 3803 3220 3855 καὶ
3243 3801 3314 3854 τὰ
3344 3794 3461 3854 ὦτα
3503 3799 3783 3867 συνέσχον,
3815 3795 4020 3850 τούτων

2455 3891 2928 3964 προηγησαμέπκυν
2970 3889 3082 3944 τῶν
3125 3888 3315 3942 παθῶν
3364 3887 3526 3957 ποινὴ
3571 3885 3794 3954 γέγονεν
3838 3883 4021 3944 αὐτοῖς

2451 3983 2939 4054 έπακολουθήσασα
2963 3984 3033 4053 τῇ
3065 3981 3403 4050 ικουσιότητι
3449 3979 3547 4047 τῆς
3581 3976 3865 4047 μοχθηρᾶς
3887 3973 4025 4043 γνῶ.

2455 4079 2621 4148 μηςή
2658 4076 2932 4145 τύφλωσις
2968 4074 3064 4128 καὶ
3104 4075 3139 4145 η
3182 4074 3458 4143 κώφωσις,
3501 4065 3578 4124 ὧν
3609 4069 3669 4123 ιν
3702 4069 3791 4138 ετη
3839 4067 3938 4121 καὶ
3963 4068 4022 4120 τὸ

2456 4165 2533 4236 μὴ
2555 4165 2801 4218 δεδόσθαι
2826 4164 3009 4225 αὐτοῖς
3037 4163 3106 4216 τά
3135 4163 3408 4234 μυστήρια
3443 4163 3544 4232 τῆς
3577 4157 3861 4230 βασιλείας
3883 4156 4022 4226 γνῶ-

2453 4275 2564 4310 ναι.
2593 4255 2750 4309 Ἐστι
2771 4256 2828 4309 δὲ
2856 4256 2952 4311 καὶ
2986 4254 3093 4324 πρὸ
3121 4255 3365 4327 βραχέως
3407 4253 3638 4306 ἀκοῦσαι
3672 4251 3907 4319 λέγοντα
3935 4249 4022 4302 τὸν

2464 4347 2692 4416 Ἰησοῦν,
2720 4347 2796 4410 ὡς
2827 4346 2992 4409 αὐτὸς
3017 4347 3049 4399 ό
3065 4347 3165 4416 τῆς
3191 4345 3424 4416 βροντῆς
3445 4341 3684 4414 ιγραψεν
3703 4339 3822 4403 υίός
3837 4357 3854 4372 ·
3869 4358 3890 4392 ι
3905 4340 4021 4391 Ἕτι

2457 4438 2653 4507 μικρὸν
2679 4437 2869 4507 χρόνον
2895 4437 2957 4489 τὸ
2982 4435 3098 4504 φῶς
3124 4435 3246 4506 μεθ’
3276 4433 3430 4505 ὑμῶν
3454 4434 3572 4486 ἔστι
3595 4450 3609 4463 ·
3646 4431 4019 4502 περιπατεῖτε,

2453 4528 2561 4589 ἕως
2587 4527 2650 4580 τὸ
2670 4527 2784 4594 φῶς
2803 4525 2978 4597 ἔχετε,
3007 4525 3093 4578 ἵνα
3119 4525 3197 4596 μὴ
3219 4525 3281 4578 τὸ
3303 4525 3492 4584 σκότος
3515 4523 3658 4591 ὑμᾶς
3679 4520 3982 4590 καταλάϐῃ·
3997 4538 4013 4569 ι

2455 4620 2569 4682 καὶ,
2610 4637 2630 4670 ι
2677 4619 2739 4672 '0
2772 4617 3097 4688 περιπατῶν
3137 4619 3196 4670 ὲν
3246 4619 3314 4686 τῇ
3371 4615 3560 4685 σκοτία
3607 4613 3708 4666 ούκ
3756 4607 3869 4664 οἶδε
3920 4609 4018 4662 ποῦ

788 4705 960 4768 novit,
995 4721 1108 4776 quo
1137 4707 1296 4760 vadat
1328 4707 1396 4759 “.
1432 4725 1450 4758 ι
1489 4707 1738 4762 Salvator
1765 4709 1910 4762 enim
1955 4713 2141 4764 mundi
2186 4711 2338 4766 adve-

2456 4711 2676 4778 ῦπάγει.
2711 4726 2730 4760 ι
2760 4709 3041 4777 Ἐλαμψεν
3089 4709 3188 4777 μὲν
3238 4709 3346 4777 γάρ
3398 4706 3461 4758 τὸ
3525 4703 3640 4772 φῶς
3670 4702 3734 4756 τὺ
3768 4701 4020 4772 ἀληθινὸν

788 4795 966 4858 uiens.
1009 4803 1070 4850 ut
1100 4811 1225 4849 vera
1278 4798 1367 4851 lux
1405 4797 1718 4867 splenduit;
1765 4798 1841 4852 illi
1892 4815 2022 4852 vero
2055 4801 2246 4856 oculos
2296 4801 2338 4855 in

2458 4799 2849 4872 παραγεγονὼς
2867 4800 2898 4852 ό
2929 4797 3024 4852 τοῦ
3062 4798 3268 4869 κόσμου
3289 4797 3498 4867 Σωτήρ.
3527 4795 3589 4848 οι
3613 4793 3669 4846 δι
3705 4792 3809 4846 οὐκ
3828 4791 4019 4862 setiu-

785 4901 905 4940 eam
930 4896 1268 4950 conuertere,
1303 4897 1396 4941 aut
1430 4889 1483 4940 in
1522 4890 1641 4943 luce
1678 4891 1992 4959 dogmatutn
2022 4891 2139 4960 ejus
2171 4891 2338 4962 splen-

2461 4910 2561 4946 σαν
2590 4891 2891 4945 ἐνατενίσαι
2917 4890 3052 4962 πρὸς
3075 4890 3228 4954 αὐτὸ,
3252 4888 3361 4942 οὐδ’
3381 4889 3439 4940 έν
3460 4885 3574 4956 (l8)
3595 4886 3661 4956 τῇ
3704 4882 4023 4952 «nam...

856 4992 898 5022 "'
936 4993 1077 5049 Psal.
1121 5012 1160 5057 ι.
1214 4995 1262 5048 l.
1356 4995 1401 5026 "
1461 4996 1564 5050 Isa.
1628 5014 1702 5060 vt.
1759 4997 1859 5065 i9;
1907 4997 2067 5055 Joan.
2119 5017 2219 5062 su,
2277 4999 2364 5055 ιο.
2440 5001 2488 5032 ⁸⁸
2521 4997 2793 5068 Joan.su,
2825 5001 2918 5058 35.

2249 5181 2483 5238 NOTE.

861 5361 974 5443 (M7)
1007 5359 1295 5443 Despicere
1333 5359 1544 5443 videtur
1571 5359 1828 5443 ad7Prov_.
1861 5375 1958 5443 ιιι,
2001 5360 2200 5439 ίθ,υ]ιί
2258 5368 2338 5443 ta7-

2449 5371 2568 5441 post
2593 5362 2711 5443 γάρ
2730 5361 2886 5443 posui
2939 5361 3197 5443 στιγμήν,
3231 5369 3285 5414 et
3322 5375 3420 5440 pro
3443 5369 3734 5443 _sequeute
3764 5358 4028 5440 δύνασθαι

792 5448 914 5502 tuen
949 5430 1143 5502 legitur
1173 5449 1186 5485 :
1233 5431 1448 5494 Δίκαιος
1477 5431 1738 5501 οίκτείρει
1779 5431 1958 5500 ψυχάς
1989 5430 2202 5498 κτηνῶν
2254 5431 2338 5482 αύ-

2463 5431 2652 5499 scripsi
2685 5431 2927 5502 δύναται.
2965 5432 3221 5498 Alioquin
3248 5430 3393 5483 enim
3423 5431 3708 5502 de__scustt
3753 5430 4029 5502 vis__cuu-

791 5501 907 5554 τοῦ.
1001 5497 1026 5502 ⁷
1358 5569 1363 5570 7
1574 5569 1579 5570 7
1654 5497 1668 5501 ⁷
1796 5497 1806 5500 ’
1860 5497 1891 5500 ’⁷
2082 5497 2100 5570 ⁷-
2138 5566 2155 5570 _
2314 5569 2319 5570 7
2463 5497 2608 5552 stare
2637 5502 2850 5566 poterit.
2886 5497 3150 5570 Loquitur
3177 5511 3358 5555 autem
3404 5501 3474 5553 de
3504 5497 3780 5564 lattltu’o,
3852 5499 4029 5551 Evan-

865 5571 977 5638 (l5)
1007 5570 1210 5624 Alludit
1234 5571 1302 5625 ad
1326 5569 1586 5641 Tlteologi
1611 5585 1933 5640 cognomen,
1959 5567 2103 5639 quod
2129 5566 2356 5624 Joannis
2462 5571 2776 5639 gelistarum
2813 5566 3010 5640 primo,
3039 5572 3108 5625 ad
3130 5588 3293 5643 quem
3329 5585 3494 5640 supra
3520 5571 3572 5624 iu
3603 5570 3798 5639 primis
3831 5585 4028 5639 provo-

791 5655 914 5694 εδει)
938 5650 1169 5695 constat.

864 5712 976 5782 (ιο)
1014 5712 1083 5763 ἠ
1112 5711 1267 5765 cotb.
1305 5726 1402 5782 pro
1431 5713 1530 5773 εις.
1619 5778 1629 5782 _
1719 5779 1731 5782 _
1854 5777 1878 5782 _
2278 5778 2313 5782 __

2460 5649 2642 5777 ίδῖἰει)
2667 5711 2788 5763 Οὐδ’
2820 5713 2878 5764 ὲν
2911 5711 3062 5767 (ζου).
3101 5725 3199 5780 pro
3221 5710 3392 5764 οὐδέν.

865 5777 978 5850 (ιτ)
1010 5781 1063 5836 Ιιι
1095 5797 1200 5838 ms.
1242 5777 1321 5837 ita
1347 5801 1360 5837 :
1399 5783 1543 5835 Ἴσον
1572 5778 1680 5850 γάρ
1709 5779 1739 5829 ὀ
1767 5777 2002 5848 πρῶτος,
2025 5795 2080 5830 κ.
2117 5795 2161 5829 τ.
2200 5781 2249 5834 λ.
2276 5778 2353 5832 Ibi
