4186 6444
1648 290 1693 319 ,μ

135 414 240 479 47⁸1

1092 416 1191 477 AD
1229 414 1824 481 AMPHILOCHIUM
1866 415 2212 489 QUESTIO
2251 418 2541 482 LXXVII.

3294 427 3404 495 ιτε

127 520 297 593 αῖγλη
325 519 435 575 τῶν
462 519 750 593 δογμάτων
770 518 937 575 αὐτοῦ
974 525 1321 594 περιπατεῖν.
1356 523 1449 579 Διὸ
1480 526 1714 579 ἀκολού-

1817 523 2102 580 didissima
2128 527 2336 582 versari
2370 528 2648 583 nolebant.
2686 526 2979 601 Propterea
3022 535 3261 591 tenebras
3306 553 3405 595 eos

133 612 248 676 θως
275 612 473 676 αὐτοὺς
492 611 795 670 κατέλαϐεν
814 614 850 683 ή
881 612 1069 667 σκοτία
1108 614 1269 686 δίκην
1293 615 1601 671 ἀπαιτοῦσα
1620 616 1721 687 τῆς

132 705 631 779 προκατασχούσης
671 705 871 772 αὐτοὺς
927 707 1254 780 μοχθηρίας.
1305 709 1417 762 Καὶ
1447 707 1610 763 τοῦτο
1629 710 1717 763 λί-

132 796 276 863 γοιτ“
322 796 392 850 ἀν
442 794 863 866 τευ-τυφλῶσαι
890 797 987 850 καὶ
1023 797 1423 867 κεπωρῶσθαι
1466 799 1715 863 είκότως.

133 886 248 940 Καὶ
277 884 467 958 ῶσπερ
496 884 576 957 τῷ
621 884 915 954 θελήσαντι
955 889 1283 957 περιπατεῖν
1314 888 1374 940 εν
1429 886 1511 957 τῷ
1575 886 1719 955 φωτὶ

128 980 330 1032 ἓπεται
351 977 465 1049 (l9)
497 979 594 1033 καὶ
613 978 677 1031 τὸ
703 976 929 1041 ειδέναι,
960 975 1065 1031 ποῦ
1090 976 1313 1046 suam
1344 977 1518 1041 οὕτως
1544 977 1623 1049 τῷ
1642 975 1719 1049 μή

130 1068 429 1140 θελήσαντι
475 1071 803 1139 περιπατεῖν
846 1069 907 1124 ιν
932 1068 1012 1140 τῷ
1038 1070 1181 1139 φωτὶ
1225 1068 1608 1148 συνακολουθεῖ
1631 1068 1715 1136 τὸ,

132 1161 423 1231 βαδίζοντα
448 1163 506 1215 ιν
533 1164 601 1233 τῇ
633 1162 824 1234 σκοτία
846 1160 1009 1226 εῖναι,
1037 1162 1137 1217 καὶ
1160 1163 1383 1231 τυφλῶν
1413 1162 1511 1217 καὶ⁵
1535 1177 1721 1215 πεπω-

132 1253 401 1326 peoplwa
440 1252 560 1307 ὁδὸν
600 1251 801 1318 ἀθλίοις
844 1253 1117 1322 εξανύειν.
1148 1254 1481 1327 Προείρηται
1515 1254 1573 1309 δὲ
1600 1256 1715 1322 καὶ,

124 1331 205 1408 ῶς
265 1345 367 1416 τῆς
417 1345 756 1416 Δεσποτικῆς
809 1344 909 1400 καὶ
970 1346 1242 1418 σωτηρίου
1299 1345 1647 1411 διδασκαλίας
1680 1348 1714 1417 ή

126 1436 399 1509 ἀστραπὴ
422 1436 660 1505 τυφλοὺς
717 1440 812 1491 καὶ
858 1438 1303 1509 πεπωρωμόνους
1335 1436 1717 1507 εστηλίτευσεν

128 1528 265 1590 τοὺς
314 1527 628 1593 Ἰουδαίους,
650 1529 747 1582 καὶ
780 1527 880 1598 τήν
906 1529 1039 1601 πρὶν
1068 1529 1296 1582 ἐνοῦσαν
1326 1530 1441 1591 τοῖς
1462 1528 1717 1600 ψυχικοῖς

127 1613 317 1672 αὐτῶν
341 1620 555 1691 ὄμμασι
579 1619 764 1690 λήμην
941 1623 1039 1674 καὶ
1072 1620 1338 1689 ἀδλεψίαν
1374 1620 1715 1691 ἀμφανεστέ-

126 1734 236 1787 ραν
265 1713 324 1767 δὲ
365 1714 461 1767 καὶ
514 1712 821 1783 κατάδηλον
851 1713 1078 1784 ὶποίησε
1108 1712 1332 1783 μᾶλλον.
1370 1713 1582 1784 Ὠσπερ
1610 1714 1717 1783 γάρ

125 1810 156 1861 ό
182 1806 450 1877 αίσθητὸς
471 1800 627 1870 οὗτος
675 1806 772 1860 καὶ⁸
819 1803 1317 1877 ⁴ιτερικαλλὴςῆλιος
1342 1804 1603 1876 λαμπράς
1620 1804 1715 1859 τοῦ

125 1899 320 1951 δίσκου
342 1897 441 1960 τὰς
495 1896 721 1958 ἀκτῖνας
747 1896 994 1965 ἑναφιεὶς
1024 1895 1240 1965 mm:
1267 1896 1395 1959 τοὺς
1427 1894 1716 1961 νοσοῦντας

125 1989 197 2042 τά
224 1987 455 2058 ὄμματα
480 2002 494 2016 ⁸
528 1984 676 2039 οὕτω
701 1984 799 2039 καὶ
820 1986 850 2038 ό
874 1983 1063 2056 νοητὸς
1083 1984 1255 2055 ἣλιος,
1283 1983 1345 2037 τὸ
1378 1981 1494 2052 φῶς
1511 1984 1573 2036 τὸ
1590 1983 1717 2037 dou-

124 2097 223 2132 τον
248 2079 347 2132 καὶ.
378 2069 698 2149 ἀνίσπερον,
728 2077 984 2146 Χριστὸς,
1003 2079 1032 2131 ό
1061 2076 1196 2140 Θεὸς
1232 2075 1412 2146 ἡμῶν,
1438 2076 1712 2147 ιπιδημή-

130 2187 236 2232 σας
267 2168 351 2240 τῷ
372 2170 586 2239 κόσμῳ,
621 2170 717 2222 καὶ
742 2168 832 2223 διά
858 2168 967 2223 τῶν
1000 2168 1321 2241 θεοπρεπῶν
1354 2185 1417 2222 τε
1448 2169 1543 2222 καὶ
1573 2168 1713 2241 ὑπὲρ

128 2261 295 2330 λόγον
328 2260 625 2330 θαυμάτων
647 2258 996 2329 ιναστράψας
1026 2259 1193 2314 αὑτοῦ
1220 2259 1317 2331 τῆς
1333 2259 1590 2332 θεότητος
1615 2259 1715 2331 τὴν

128 2354 352 2422 αἴγλην,
400 2352 495 2405 isti.
546 2350 708 2405 πλέον
728 2350 1011 2423 διήλεγξεν
1062 2350 1173 2405 τῶν
1204 2352 1537 2422 ἀγνωμόνων
1578 2353 1712 2406 Ἰου-

128 2444 303 2500 δαίων
326 2444 389 2498 τὸ
409 2444 789 2515 προκατασχὸν
837 2443 1020 2497 αὐτῶν
1064 2443 1135 2497 τά
1162 2442 1263 2513 τῆς
1287 2443 1467 2515 ψυχῆς
1492 2443 1715 2515 ὄμματα

131 2536 333 2599 σκότος
378 2536 471 2588 καὶ
512 2534 613 2609 την
655 2533 941 2605 ἀόλεψίαν.
975 2534 1117 2588 Ἀλλ’
1145 2534 1337 2606 ῶσπερ
1360 2537 1389 2588 ό
1421 2535 1715 2605 ὲγκόσμιος

127 2630 286 2699 ήλιος
315 2628 418 2681 οὐκ
449 2625 597 2682 ἐστιν
624 2627 799 2691 αῖτιος
829 2626 931 2697 τῆς
967 2626 1321 2697 τυφλότητος,
1355 2626 1594 2696 ἐλέγχων
1616 2625 1715 2696 τήν

128 2720 405 2789 ἀϐλεψίαν
456 2720 566 2773 τῶν
616 2719 954 2790 ἐνεχομένων
1007 2722 1074 2791 τῇ
1118 2720 1297 2790 νόσῳ·
1348 2718 1490 2773 οὕτω
1549 2718 1644 2774 καὶ
1686 2719 1717 2772 ό

130 2813 515 2884 ὑπερκόσμιος
547 2812 643 2866 καὶ
672 2812 865 2883 νοητὸς
883 2812 1057 2881 ήλιος,
1086 2810 1148 2865 τὸ
1174 2810 1597 2881 ἀπαράλλακτον
1623 2811 1716 2863 καὶ

127 2907 393 2977 ἀληθινὸν
419 2905 758 2974 ἀπαύγασμα
780 2904 876 2957 τοῦ
907 2905 1144 2975 Πατρὸς,
1173 2903 1274 2974 τὴν
1305 2902 1717 2973 προκατασχοῦ-

132 3015 239 3051 σαν
263 2996 540 3067 τύφλωσιν
566 2996 676 3050 τῶν
700 2996 1018 3049 ἑαλωκότων
1047 2994 1129 3066 τῷ
1165 2994 1330 3049 πάθει
1358 2994 1716 3064 στηλιτεύων,

128 3085 405 3158 οὐμενοῦν
430 3086 531 3141 οὐκ
555 3085 623 3140 ἂν
649 3086 821 3149 αίτιος
849 3084 1157 3156 νομισθείη,
1182 3085 1233 3136 εί
1261 3084 1356 3139 καὶ
1375 3082 1717 3152 τετυφλωκί-

131 3197 225 3233 ναι
246 3179 448 3248 λέγοιτ’
482 3179 570 3242 ἂν,
591 3177 727 3230 διότι
758 3176 894 3247 μηδὲ
927 3176 1059 3246 πρὶν
1088 3174 1457 3229 λανθάνουσαν
1486 3174 1585 3247 τὴν
1608 3176 1716 3244 πή-

132 3286 311 3341 ρωσιν
345 3267 525 3321 αὐτῶν
545 3266 609 3319 τὸ
650 3264 1036 3335 ισκοτισμίνον
1075 3264 1185 3319 τῶν
1212 3264 1487 3335 λογισμῶν
1518 3264 1719 3336 μᾶλλον

1826 616 2216 671 convenienter
2240 617 2615 687 excipiebant,
2650 630 2913 691 tanquam
2945 639 3162 694 pennam
3195 629 3405 700 impro-

1823 702 2013 759 bitatis
2044 715 2279 775 recepta
2321 716 2629 776 poscentes.
2666 709 2723 765 ld
2764 710 2939 781 ipsum
2973 730 3105 772 vero
3146 728 3195 772 et
3233 735 3405 773 occae-

1819 796 1934 848 cari
1964 804 2020 850 et
2046 797 2303 851 obdurari
2348 799 2605 868 appellari
2644 800 2883 857 videtur.
2932 801 3403 870 Quemadmodum

1818 901 1981 956 porro
2003 902 2151 951 etim,
2177 890 2271 955 qui
2296 888 2349 943 in
2385 889 2507 943 luce
2536 891 2817 946 ambulare
2848 894 2982 958 vult,
3020 895 3072 949 id
3107 912 3404 965 consequt-

1819 986 1930 1042 tur,
1963 986 2025 1031 ut
2072 978 2211 1033 sciat
2255 979 2445 1044 etiam,
2476 996 2587 1049 quo
2622 982 2821 1049 vadat;
2854 982 2930 1038 ita
2958 985 3027 1049 is,
3057 988 3152 1056 qui
3191 988 3245 1042 in
3282 988 3405 1044 luce

1818 1068 2102 1124 ambulare
2133 1085 2238 1123 non
2273 1070 2407 1133 vult,
2437 1071 2652 1127 fructus
2676 1072 2798 1128 luco
2825 1074 2877 1128 id
2912 1074 3095 1143 habet,
3127 1074 3405 1135 ut'ambu-

1818 1156 1939 1214 lana
1967 1160 2021 1213 in
2050 1160 2287 1216 tenebris
2310 1173 2575 1226 versetur,
2602 1165 2856 1235 viamque
2901 1166 3073 1222 instar
3118 1184 3402 1226 caecorum

1817 1258 1872 1305 et
1916 1251 2310 1306 obduratorum
2343 1255 2657 1311 emetiatur.
2685 1254 2807 1311 Jam
2838 1267 2965 1311 ante
2995 1274 3124 1314 vero
3153 1261 3406 1317 admoni-

1818 1353 1933 1400 tum
1982 1355 2089 1411 est,
2120 1346 2466 1416 splendorem
2511 1349 2766 1405 salutatis
2795 1352 3080 1417 doctrinae,
3106 1368 3138 1407 a
3169 1352 3406 1409 Domino

1818 1434 2052 1501 traditae,
2071 1435 2292 1491 Judreos
2317 1447 2375 1491 ut
2404 1452 2581 1494 caecos
2610 1440 2978 1495 etobduratos
3012 1450 3254 1507 notasse,
3271 1442 3407 1497 cali-

1827 1527 2120 1598 ginemque
2173 1536 2228 1583 et
2288 1530 2622 1596 cacitatem,
2671 1547 2796 1601 qua:
2849 1533 3041 1587 oculos
3089 1533 3402 1589 animorum

1817 1627 2205 1688 occupaverat,
2239 1620 2671 1677 manifestiorem
2694 1621 2909 1679 fecisse.
2929 1624 3401 1691 Quemadmodum

1815 1709 1961 1765 enim
1994 1710 2098 1773 sol,
2132 1711 2226 1780 qui
2274 1712 2632 1780 conspicitur,
2678 1714 3079 1779 lucidissimus,
3138 1714 3403 1771 immissis

1815 1795 1965 1851 orbis
1986 1797 2072 1851 sui
2110 1796 2301 1863 radiis,
2327 1813 2445 1861 eos,
2470 1800 2564 1868 qui
2588 1814 2653 1855 es
2682 1800 2859 1855 oculis
2877 1801 3149 1865 laborant,
3177 1804 3405 1873 aegrim-

1816 1889 1966 1945 dinis
1996 1906 2112 1945 sua:
2135 1893 2444 1957 convincit;
2499 1893 2573 1949 ita
2620 1904 2676 1949 et
2719 1896 2824 1959 sol,
2870 1895 3151 1950 intellectu
3189 1896 3403 1966 perspi-

1816 1982 2067 2049 ciendus,
2093 1983 2181 2037 lus
2205 1984 2294 2037 illa
2317 1998 2597 2054 nunquam
2619 1987 2873 2041 occidens
2890 2001 2990 2042 nec
3014 2000 3403 2056 vesperascens

1814 2073 2110 2141 Christus,
2168 2074 2312 2131 Deus
2368 2086 2596 2143 noster,
2654 2094 2779 2134 cum
2836 2079 2891 2132 in
2948 2078 3156 2134 mundo
3213 2094 3402 2135 versa-

1813 2167 2019 2234 batur,
2088 2170 2417 2241 dcitatisque
2494 2188 2608 2227 suae
2676 2172 2862 2229 radios
2897 2213 2915 2239 ,
2981 2173 3144 2228 editis
3199 2173 3403 2227 divinis

1811 2267 1864 2314 et
1920 2261 2187 2317 rationem
2267 2264 2657 2333 superantibus
2729 2264 3008 2319 miraculis
3079 2264 3397 2335 spargebat,

1814 2351 2067 2407 tenebras
2132 2360 2187 2407 et
2245 2356 2541 2409 caacitatcm
2606 2355 2982 2426 improborum
3036 2353 3395 2418 Judaorum,

1813 2455 1937 2511 quae
1961 2442 2130 2497 animi
2161 2446 2351 2501 oculos
2376 2455 2502 2500 ante
2523 2455 2946 2514 occupaverant,
2978 2448 3151 2517 magis
3174 2447 3398 2516 conspi-

1814 2530 2036 2588 ciendas
2068 2533 2319 2603 praebuit.
2354 2532 2508 2590 Sicut
2545 2550 2671 2590 vero
2709 2533 2815 2601 s'ol,
2858 2536 2913 2590 in
2943 2537 3149 2591 mundo
3177 2538 3400 2608 conspi-

1816 2636 1973 2688 cuus,
2006 2638 2112 2677 non
2147 2632 2230 2678 est
2277 2634 2467 2679 auctor
2517 2623 2799 2687 crecitatis.
2841 2625 3064 2694 quando
3094 2625 3394 2679 caecitatem

1818 2711 2187 2777 bominum,es
2216 2714 2391 2769 oculis
2424 2714 3154 2779 laborantium,demonstrat
3174 2716 3278 2778 ;ita
3302 2729 3401 2769 nec

1817 2800 1910 2858 Sol
1954 2804 2455 2873 supramundanus,
2504 2814 2560 2860 et
2596 2806 2875 2860 intellectu
2921 2814 3134 2860 tantum
3185 2807 3401 2876 perspi-

1816 2892 2064 2958 ciendus,
2091 2894 2349 2963 splendor
2377 2894 2555 2950 Patris
2600 2895 2957 2951 immutabilis
2995 2906 3050 2951 et
3081 2911 3267 2960 verus,
3296 2912 3405 2952 ca:-

1816 2981 2061 3046 citatem,
2085 2998 2206 3052 qua:
2241 2983 2492 3038 homines
2522 2985 2595 3038 illi
2629 2987 2903 3041 obnoxius
2932 2996 3315 3057 occupaverat,
3344 2988 3399 3042 in

1817 3075 2061 3144 apricum
2116 3074 2419 3145 proferens,
2467 3076 2709 3146 ejusdem
2761 3087 2959 3133 auctor
3021 3094 3146 3133 cum
3179 3080 3401 3134 ratione

1818 3181 2099 3237 nunquam
2122 3167 2427 3222 existimari
2450 3169 2669 3235 poterit,
2698 3169 2913 3223 etiamsi
2947 3184 3122 3223 eccos
3151 3184 3250 3224 eos
3278 3170 3402 3223 red-

1819 3254 2023 3311 didisse
2047 3257 2293 3322 dicatur;
2328 3259 2586 3328 quoniam
2610 3267 2785 3314 aucta:
2822 3260 3130 3314 intellectus
3162 3258 3401 3315 tenebras:

130 3359 563 3432 ἐθριάμϐευσεν.
611 3358 677 3412 El
730 3356 838 3429 γὰρ
872 3357 947 3427 μὴ
982 3354 1219 3428 τοσαύτη
1247 3355 1342 3411 τοῦ
1374 3356 1518 3409 θείου
1541 3356 1716 3425 φωτὸς

1820 3348 2119 3404 caecitatem
2145 3364 2359 3418 eorum,
2388 3366 2511 3421 quae
2539 3367 2639 3407 nec
2658 3360 2818 3408 antea
2848 3353 3031 3423 ignota
3060 3362 3198 3417 erat,
3225 3353 3401 3424 magis

127 3452 514 3522 ἑνήστραπτεν
560 3449 595 3519 ή
631 3447 971 3518 λαμπρότης,
1006 3445 1147 3500 ῶστε
1187 3445 1283 3499 καὶ
1313 3445 1420 3501 τῶν
1448 3447 1506 3499 ὲν
1539 3447 1717 3499 σκότει

129 3544 231 3597 καὶ
255 3541 385 3611 σκιᾷ
419 3539 747 3609 καθημένων
777 3537 947 3591 ἐθνῶν
994 3536 1439 3609 καταυγασθῆναι
1466 3537 1566 3599 τὰς
1605 3537 1720 3590 δια-

130 3635 311 3696 νοίας.
350 3633 444 3684 καὶ
473 3631 611 3702 πρὸς
654 3630 755 3700 τὴν
806 3628 1140 3698 θεογνωσίαν
1172 3628 1494 3698 ἀναϐλέψαι,
1523 3629 1623 3682 ούκ
1653 3628 1719 3683 ἂν

127 3726 227 3781 ἰπὶ
244 3723 501 3777 τοσοῦτον
531 3721 732 3791 τυφλὸν
791 3720 854 3773 τὸ
914 3720 1189 3775 Ἰουδαίων
1241 3719 1519 3774 ἐδείκνυτο
1552 3720 1715 3789 τινος.

139 3814 289 3869 Ἀλλ’
315 3816 351 3885 ή
388 3812 479 3868 διὰ
528 3810 638 3865 τῶν
693 3810 871 3883 ἔργων
896 3810 1171 3882 προϊοῦσα
1203 3811 1302 3880 τῆς
1322 3809 1515 3881 αῖγλης
1546 3810 1718 3882 ὕπερ·

127 3906 290 3977 ϐολὴ,
324 3906 419 3959 καὶ
445 3904 540 3973 τῆς
566 3902 907 3973 φωτιστικῆς
961 3902 1248 3971 δυνάμεως
1284 3902 1319 3972 ή
1352 3900 1604 3973 ἐνέργεια
1624 3901 1719 3953 καὶ

124 3999 246 4052 τῶν
274 3997 449 4052 ἐθνῶν
478 4000 511 4068 ή
534 3994 853 4065 ἀνάϐλεψις,
884 3993 1106 4065 ἐλεγχος
1153 3992 1330 4063 σαφὴς
1353 3991 1589 4063 κατέστη
1608 3990 1719 4045 τῶν

130 4093 212 4164 μὴ
258 4090 727 4163 προσδραμόντων
775 4088 856 4161 τῷ
905 4087 1048 4156 φωτὶ
1100 4086 1200 4157 τῆς
1260 4084 1519 4155 ἀληθείας
1545 4126 1563 4149 ,
1623 4084 1719 4139 καὶ

126 4183 630 4252 »ιταυγασθεντων
655 4184 756 4253 τὴν
781 4179 1085 4245 εὐσέϐειαν,
1106 4178 1298 4251 ὅτιπερ
1318 4176 1562 4232 ἀκούσιον
1591 4178 1719 4232 ἑαυ-

125 4279 247 4340 τοῖς
299 4273 717 4329 κατεσκεύασαν
775 4272 876 4343 τὴν
912 4271 1207 4342 τύφλωσιν,
1235 4272 1331 4325 καὶ
1366 4270 1464 4334 τῆς
1509 4285 1719 4338 παγκο-

128 4370 301 4437 σμίου
335 4368 610 4438 σωτηρίας
638 4365 863 4429 ἑαυτοὺς
890 4364 953 4431 ιε
982 4362 1425 4439 ὑπερϐαλλούσης
1457 4362 1718 4424 ἀπονοίας

125 4459 525 4531 ἀπεστέρησαν

682 4827 1019 4885 ΕΡΩΊἩΣΙΣ
1046 4827 1166 4881 οΖο.

130 5014 279 5081 Περί
311 5010 531 5088 γένους
559 5009 880 5088 καί-εῖδρυς
903 5010 1161 5088 ’ἀπορίαι
1196 5008 1489 5088 διᾴφρροι,
1516 5007 1586 5062 ἐν
1616 5000 1713 5073 αἷς

415 5081 588 5133 ἐστιν
622 5080 823 5149 εὑρεῖν
854 5080 962 5147 τὰς
984 5081 1197 5147 λύσεις
1220 5080 1437 5137 αὐτῶν.

1738 4836 1793 4898 D

1816 3442 2169 3512 spectandam
2220 3443 2593 3513 pmbuerunt.
2645 3441 2764 3498 Nisi
2824 3444 2967 3498 enim
3016 3451 3127 3499 tam
3167 3444 3401 3499 illustris

1817 3533 2022 3589 divinae
2054 3534 2193 3588 lueis
2224 3534 2484 3604 splendor
2517 3534 2796 3600 elusisset,
2832 3537 3156 3603 utgentium
3181 3552 3401 3607 quoque

1819 3626 1873 3681 in
1912 3626 2153 3680 tenebris
2184 3635 2236 3679 et
2269 3626 2461 3680 umbra
2499 3626 2830 3690 sedentium,
2852 3636 3065 3683 mentes
3114 3628 3403 3683 illumina-

1818 3725 2031 3781 rentur,
2059 3726 2113 3771 et
2145 3718 2209 3771 ad
2242 3716 2415 3771 divini
2445 3715 2700 3773 Numinis
2743 3719 3111 3789 cognitionem
3184 3720 3398 3791 aspira-

1817 3820 1960 3872 rent,
1997 3808 2174 3880 gentis
2218 3807 2458 3864 Iudaicae
2490 3812 2706 3865 caecitas
2746 3826 3026 3881 nunquam
3067 3812 3204 3869 adeo
3255 3811 3397 3869 facta

1816 3894 2013 3951 fuisset
2065 3894 2378 3953 manifesta.
2425 3896 2546 3951 Jam
2597 3913 2728 3953 vero
2757 3899 3065 3969 splendoris
3103 3900 3250 3955 illius
3282 3916 3395 3954 ma-

1818 3989 2071 4058 gnitudo,
2105 4005 2169 4043 es
2204 3989 2486 4045 miraculis
2515 3990 2833 4061 conspicua,
2876 3998 2930 4046 et
2958 3990 3235 4047 facultatis
3270 3992 3397 4046 illu-

1817 4078 2124 4135 minatricis
2143 4078 2403 4143 elllcacia.
2435 4091 2489 4135 et
2510 4081 2752 4149 gentium
2784 4081 2850 4136 ad
2875 4082 3049 4137 lucem
3082 4084 3393 4147 conversio,

1818 4179 2196 4241 argumentum
2234 4186 2342 4226 non
2384 4171 2734 4228 inﬁciandum
2759 4174 3091 4243 prebebant,
3125 4190 3241 4241 eos,
3296 4177 3391 4245 qui

1818 4260 1885 4315 ad
1916 4260 2094 4316 lucem
2127 4262 2368 4317 veritatis
2397 4278 2457 4318 se
2488 4278 2596 4317 non
2627 4262 2959 4328 conferrent,
2992 4280 3091 4321 nec
3124 4264 3189 4319 ad
3213 4265 3392 4336 pieta-
3496 4256 3500 4263 ’

1817 4362 1927 4407 tem
1950 4353 2323 4418 erudirentur,
2361 4370 2475 4409 sum
2499 4355 2605 4410 sibi
2636 4356 2897 4411 caseitatis
2933 4368 3187 4411 auctores
3222 4357 3394 4411 exsti-

1820 4444 1977 4509 tisse.
2015 4460 2185 4514 seque
2214 4444 2361 4517 ipsos
2404 4448 2603 4514 salute,
2638 4447 2893 4504 omnibus
2934 4448 3246 4504 hominibus
3292 4449 3392 4503 de-

1817 4536 2043 4603 stinata,
2069 4552 2166 4608 per
2203 4538 2577 4595 incredibilem
2616 4540 2891 4611 quandam
2927 4542 3234 4597 vecordiam
3278 4541 3389 4611 pri-

1816 4642 1995 4686 vasse.

2006 4822 2334 4893 owssno
2372 4824 2607 4881 Lxxvn
2638 4826 2828 4901 [CoisL
2863 4828 3025 4886 Tasr.
3061 4830 3152 4902 eg.

1820 5005 1896 5062 De
1916 5024 2099 5078 genere
2130 5019 2180 5064 et
2210 5011 2378 5079 specie
2404 5009 2568 5065 dubia
2605 5012 2834 5076 diuersa,
2870 5014 2924 5065 in
2958 5014 3143 5081 quibus
3176 5029 3389 5068 conon-

2204 5081 2320 5135 dem
2348 5081 2539 5136 solutio
2565 5082 2783 5137 ὺιυεηίη
2813 5094 2997 5152 potest.

1213 5217 1355 5269 Nunc
1374 5218 1587 5281 primum
1611 5216 1744 5268 edita
1767 5230 1796 5268 a
1821 5216 1883 5270 D.
1906 5217 2316 5283 Hergeorcether.

209 5335 264 5389 ι.
310 5331 608 5402 Ἐζήτηται
636 5330 735 5400 μιν
760 5329 893 5399 ἡμῖν
918 5328 1178 5393 πολλάκις
1200 5330 1234 5399 ή
1258 5329 1389 5400 περὶ
1416 5327 1709 5398 τῶνγενῶν

123 5446 185 5482 τε
255 5427 361 5482 καὶ
418 5424 577 5479 εἱδῶν
626 5421 905 5487 ὑπόθεσις,
959 5422 1055 5476 καὶ
1104 5420 1376 5493 διάκρισις
1408 5422 1516 5475 τῶν
1550 5422 1712 5478 πάλαι

1888 5330 1940 5385 Ι.
1984 5330 2139 5401 Sapc
2167 5347 2272 5388 nos
2300 5332 2628 5402 agitavimus
2653 5334 2983 5403 qumstiones
3007 5332 3074 5387 de
3099 5333 3389 5403 generibus

1817 5432 1871 5476 et
1902 5422 2214 5492 speciebus,
2259 5432 2314 5479 et
2341 5425 2597 5495 antiquas
2625 5424 3026 5481 controversias
3056 5424 3383 5489 clarissime,

1653 5601 1885 5661 NOTAE.

199 5794 331 5865 (l9)
358 5793 593 5849 Ἐπεται
615 5820 683 5834 -ο
709 5794 768 5848 εν
799 5790 877 5862 τῷ
900 5787 1060 5859 φωτί.
1086 5798 1299 5848 suntex
1332 5791 1487 5849 Colb.

1890 5784 2003 5855 (20)
2033 5784 2189 5843 Colb.
2215 5798 2358 5844 recte
2392 5803 2489 5860 pro
2518 5784 2715 5857 λύμην.
