4186 6444
793 416 898 482 479

1936 420 2164 480 ΡΠΟΤΙ
2173 419 2199 479 Ι
2241 420 2748 483 PATRIARClI/E
2776 423 2886 483 ΕΡ.

3947 424 4052 492 480

793 543 851 587 ιιι
885 533 974 597 iis,
1002 532 1093 601 qui
1117 546 1217 586 sua
1236 531 1398 587 dubia
1427 542 1848 602 proposuerant,
1879 544 2008 589 tunc
2047 534 2226 589 visum
2255 543 2364 600 est,

2481 538 3018 607 ἰμφισϐητημάτων,
3075 534 3150 598 ὡς
3196 538 3310 600 τοῖς
3363 535 3666 607 τηνικαῦτα
3719 535 4054 606 συζητοῦσιν

792 621 1187 690 expedivlmus.
1220 619 1431 675 Etenim
1468 621 1779 677 Platonicas
1811 622 2035 693 quidem
2082 622 2236 677 ideas
2268 638 2361 693 pe-

792 711 982 767 culiari
1017 719 1252 764 tractatu
1275 712 1768 778 consideraviinus,
1791 714 2050 780 quoniam
2090 729 2190 767 uec
2225 729 2366 782 pra:-

793 801 968 856 dieari
992 801 1061 855 de
1100 801 1394 856 individuis
1435 803 1539 857 illa:
1581 815 1811 872 queunt.
1847 802 2034 874 Neque
2073 805 2225 858 enim
2261 805 2368 860 hoc

795 895 849 948 iu
882 895 1167 964 praesentia
1196 893 1401 961 dicam,
1438 897 1583 965 quod
1607 898 1947 953 constituere
1993 899 2147 968 prius
2181 913 2364 953 rerum

797 983 1270 1052 producendarum
1302 983 1508 1040 formas
1537 997 1702 1058 atque
1724 988 2110 1044 similitudines
2131 999 2219 1044 est
2241 989 2368 1058 qui-

797 1075 920 1127 dem
947 1075 1194 1137 artificis,
1225 1077 1318 1129 sed
1356 1077 1580 1132 minime
1632 1079 1877 1134 valentis-
1901 1094 2092 1135 creare
2136 1080 2372 1148 simplici

799 1166 1150 1233 aggressione
1179 1166 1325 1235 quod
1357 1167 1521 1231 velit;
1553 1183 1658 1223 nec
1704 1171 1910 1239 pariter
1941 1171 2195 1236 referam,
2226 1173 2372 1242 quod

799 1269 1040 1321 quaerere
1069 1255 1174 1310 hoc
1202 1257 1322 1312 loco
1364 1272 1546 1311 rerum
1580 1261 1993 1316 subsistentium
2038 1265 2371 1334 exemplaria

799 1345 853 1397 in
884 1345 1160 1400 inﬁnitum
1190 1351 1499 1402 necessario
1524 1352 1778 1418 provehit
1809 1368 1990 1408 rerum
2022 1370 2144 1424 qlia:
2166 1356 2375 1410 conﬁn-

809 1445 1016 1503 guutur
1067 1451 1404 1505 processum.
1439 1437 1573 1493 lllud
1619 1442 1765 1496 enim
1806 1445 2032 1498 omnino
2089 1445 2371 1524 indignum

800 1535 886 1580 est
912 1541 1040 1581 vera
1074 1528 1143 1582 de
1168 1527 1282 1584 Deo
1315 1529 1570 1597 notione;
1600 1531 1708 1587 hoc
1737 1549 1866 1588 vero
1890 1535 2052 1590 etiam
2091 1552 2188 1606 per
2214 1553 2274 1592 se
2303 1537 2373 1592 il-

803 1616 908 1671 lico
966 1618 1198 1674 destruit
1238 1635 1361 1690 quae
1408 1622 1687 1678 mentibus
1735 1623 1955 1680 fuerant
1999 1626 2203 1683 eﬂieta.
2255 1628 2372 1685 lmo

797 1709 1014 1764 etiamsi
1071 1712 1196 1780 quis
1243 1713 1527 1780 concedat,
1576 1714 1916 1786 singularum
1977 1723 2372 1792 proprietatum

805 1798 1032 1866 formas,
1065 1811 1118 1856 et
1153 1804 1277 1858 inde
1314 1807 1615 1875 singularia
1649 1809 1744 1864 sed
1792 1809 2069 1866 individua
2117 1815 2371 1885 exprimi,

803 1892 949 1946 nulla
983 1901 1164 1949 tamen
1200 1911 1352 1966 aequa
1388 1901 1656 1967 permittit
1690 1901 1848 1966 ratio,
1887 1903 2001 1956 haec
2025 1905 2127 1960 sub
2156 1906 2373 1963 illorum

801 1985 1239 2052 prtedicationem
1268 1992 1556 2047 adducere.
1606 1992 1792 2063 Neque
1835 1996 1980 2050 enim
2026 1999 2372 2068 obsignatum

803 2074 964 2129 fuerit
1011 2078 1330 2148 obsignans,
1386 2098 1564 2152 neque
1617 2087 1761 2155 quod
1809 2088 2223 2145 similitudinem
2279 2107 2376 2162 per

801 2164 1278 2234 participationem
1308 2171 1519 2241 recipit,
1573 2173 1715 2228 idem
1747 2191 1869 2231 esse
1907 2185 2085 2245 potest
2127 2195 2253 2234 cum
2285 2197 2371 2248 eo,

2469 627 2670 693 ἔδοξεν,
2706 627 2859 681 οὐδὲν
2904 628 3108 698 ἄπορον
3163 627 3503 681 ὑπολιποῦσα
3539 627 3881 698 προελήλυθε
3905 640 3925 658 ⁸
3962 631 4055 682 καὶ

2469 723 2580 794 γάρ
2609 724 2666 776 αἰ
2700 722 2799 792 μὲν
2822 722 2963 775 κατὰ
3019 721 3284 776 Πλάτωνα
3316 723 3449 776 ἰδέαι
3487 720 3800 791 ἰδιαζούσης
3823 723 4055 774 ἐπισκέ-

2468 813 2615 884 ψεως
2640 813 2852 884 ἔτυχον,
2874 813 3000 867 ἐπεὶ
3043 813 3180 884 μηδὲ
3210 814 3638 885 κατηγορεῖσθαι
3683 811 3797 865 τῶν
3830 811 4057 879 ἀτόμων

2470 899 2632 960 αὗται
2653 905 2910 959 δύνανται
2928 921 2946 937 ο
2972 905 3034 958 οὑ
3059 905 3169 978 γὰρ
3192 904 3353 958 τοῦτο
3385 904 3480 958 νῦν
3508 904 3640 973 ἐρῶ,
3667 903 3744 966 ὡς
3763 904 3830 956 τὸ
3846 906 4060 973 προύφ-

2477 997 2718 1052 ιστάνειν
2738 995 2944 1061 τύπους
2959 996 3068 1049 τῶν
3085 995 3589 1066 παραχθησομένων
3606 995 3700 1047 καὶ
3729 993 4060 1064 ὁμοιώματα

2471 1086 2716 1158 τῄνίτου
2749 1087 2853 1158 μέν
2871 1088 3042 1151 ἔστιν,
3077 1086 3434 1150 ἀσθενοῦντος
3453 1087 3512 1139 δι
3531 1087 3890 1158 δημιουργεῖν
3912 1087 4059 1156 ἁπλῇ

2473 1180 2749 1252 προσϐολῇ
2777 1181 2840 1233 τδ
2869 1179 3218 1251 βουλόμενον,
3245 1179 3359 1233 οὗθ’
3406 1181 3482 1243 ὡς
3512 1180 3744 1232 ἐνταῦθα
3773 1179 3841 1232 τὸ
3872 1179 4060 1249 ζητεῖν

2472 1272 2586 1327 τῶν
2625 1273 3012 1343 ὑφισταμένων
3087 1271 3507 1343 παραδείγματα
3564 1273 3653 1325 ἀπ’
3709 1271 3948 1343 ἄπειρον
4003 1272 4062 1336 ἐξ

2473 1364 2722 1435 ἀνάγκης
2748 1365 3056 1429 διαϐιϐάζει
3084 1365 3195 1420 τῶν
3233 1365 3621 1436 πλαττομένων
3663 1364 3762 1436 τὴν
3788 1366 4023 1436 πρόοδον
4046 1381 4059 1394 ο

2472 1457 2535 1510 τδ
2563 1457 2662 1525 μὲν
2690 1457 2800 1528 γάρ
2827 1457 3110 1520 παντελῶς
3133 1459 3252 1511 ἑστι
3276 1457 3378 1528 τῆς
3407 1458 3536 1529 περὶ
3563 1458 3624 1510 τὺ
3650 1457 3810 1510 Θεῐον
3839 1457 4061 1522 ἀνάξιον

2474 1548 2820 1619 ὑπολήψεως,
2841 1549 2903 1601 τὸ
2920 1549 2978 1601 δὲ
3025 1549 3122 1600 καὶ
3144 1549 3267 1602 καθ’
3309 1549 3471 1601 huc?)
3490 1548 3601 1600 τῶν
3641 1550 3759 1611 ταῖς
3795 1547 4061 1608 διανοὲαις

2473 1641 2928 1695 ἀναπλασθέντων
2986 1642 3333 1712 συμπροάγει
3378 1643 3479 1709 τὴν
3543 1641 3854 1711 ἀναίρεσιν.
3918 1639 4062 1693 Ἀλλ’

2473 1731 2568 1788 οὖν
2587 1736 2638 1788 εί
2663 1735 2758 1789 καί
2791 1752 2878 1797 τις
2918 1735 3036 1805 δοίη
3087 1734 3214 1796 τοὺς
3263 1731 3468 1795 τύπους
3511 1732 3750 1802 ἑκάστης
3797 1731 4064 1795 ἰδιότητος

2474 1827 2684 1880 ἐκεῖθεν
2708 1825 3121 1896 ἀπομάττεσθαι
3140 1824 3211 1878 τὰ
3236 1824 3570 1889 καθέκαστα,
3593 1824 3700 1878 ὑπὸ
3720 1824 4064 1894 κατηγορίαν

2475 1919 2699 1972 ἰκείνων
2734 1918 2890 1987 ἀγειν
2910 1916 3086 1973 ταῦτα
3129 1919 3228 1988 οὐχ
3275 1916 3500 1988 εὑρήσει
3523 1914 3682 1983 λόγον
3736 1915 4061 1986 συνᾴδοντα.

2475 2011 2612 2064 Οὑδὲ
2657 2011 2768 2082 γὰρ
2817 2011 2885 2065 ἂν
2911 2010 2999 2082 εἴη
3032 2011 3095 2063 τὸ
3127 2009 3561 2079 ὲσφραγισμένον
3593 2008 3923 2077 σιςραγίζον,
3947 2007 4066 2060 οὑδὲ

2474 2103 2553 2174 τῷ
2579 2105 2679 2174 τὴν
2702 2103 2992 2173 ὁμοιότητα
3036 2100 3397 2171 παρεχομένῳ
3450 2100 3666 2160 ταυτὸν.
3698 2099 3728 2152 δ
3755 2099 3907 2153 κατά
3936 2116 4067 2168 μετ-

2473 2194 2609 2266 οχὴν
2637 2194 2841 2264 ταύτην
2878 2193 3239 2262 παρεδέξατοο
3285 2191 3407 2244 οὐδὲ
3458 2192 3528 2244 τά
3560 2192 3621 2242 έν
3652 2193 3718 2260 τῇ
3746 2189 3849 2242 τοῦ
3904 2188 4065 2243 Θείου

800 2268 831 2306 a
855 2269 966 2322 quo
996 2256 1087 2310 illa
1120 2257 1420 2315 similitudo
1462 2267 1755 2332 praebetur,
1803 2282 1906 2321 uec
1950 2283 2070 2338 qua:
2110 2270 2164 2324 in
2197 2281 2379 2327 mente

2481 2256 2810 2339 τ’ῦιιειιυθέντα⁷
2862 2256 3072 2354 διανοίᾳ
3128 2281 3219 2335 καὶ
3279 2281 3468 2334 στάσιν
3523 2256 3783 2350 ἀκίνητόν
3849 2297 3913 2332 τε
3973 2281 4068 2331 καὶ

800 2345 980 2400 divina
1009 2345 1211 2402 fuerint
1241 2351 1504 2420 impressa
1534 2363 1591 2408 et
1625 2356 1961 2413 immobilem
1999 2369 2163 2430 atque
2186 2362 2380 2416 incon-

800 2453 1044 2504 cussum,
1082 2443 1128 2496 si
1173 2452 1354 2497 tamen
1394 2447 1622 2500 omnino
1666 2449 1904 2514 exsistit,
1934 2461 2139 2507 statum
2191 2454 2379 2509 sortita

801 2533 931 2591 sint,
961 2541 1213 2600 poterunt
1249 2535 1522 2589 ullatenus
1542 2539 1835 2607 praedicata
1868 2541 1975 2595 diei
2040 2559 2223 2598 rerum
2253 2560 2379 2615 per-

804 2631 966 2689 petuo
1027 2623 1198 2678 ﬂuxui
1245 2641 1308 2679 ac
1339 2627 1581 2682 defluxui
1622 2631 2007 2686 obuoxiarum.
2078 2635 2380 2708 Permagua

800 2713 948 2767 enim
970 2725 1054 2770 est
1093 2715 1395 2772 diﬂ’erentia
1425 2730 1480 2773 et
1503 2737 1571 2775 ex
1606 2723 1722 2794 ipsa
1760 2726 2077 2781 habitudine
2107 2730 2191 2782 vel
2244 2743 2380 2784 con-

803 2805 1034 2860 uexione
1052 2818 1294 2877 apparet,
1321 2826 1556 2879 quanam
1591 2818 1800 2872 ratione
1818 2818 2146 2888 discrepent.
2170 2821 2378 2874 Etenim

803 2911 985 2950 causa:
1011 2901 1328 2970 causatique
1368 2907 1529 2971 ratio,
1563 2910 1866 2976 praesertim
1902 2911 1990 2964 ubi
2025 2912 2094 2967 de
2118 2917 2382 2970 ereatrice

802 2992 858 3038 et.
888 2987 1184 3054 exemplari
1238 2989 1287 3041 vi
1319 2991 1520 3058 agitur,
1560 2994 1616 3046 iu
1653 2994 1992 3052 habitudiuis
2038 3003 2382 3056 conuexioue

803 3075 1133 3131 exsistcutiae
1161 3079 1528 3136 diversitatem
1558 3088 1842 3156 perspicue
1872 3091 2138 3146 ostendit.
2168 3090 2226 3145 Si
2253 3107 2381 3147 vero

804 3183 926 3237 quae
964 3171 1246 3226 nominum
1288 3175 1647 3233 similitudine
1679 3197 1766 3235 res
1794 3182 2124 3252 signiticatas
2175 3201 2382 3242 conue-

805 3272 951 3316 clere
976 3264 1245 3330 videntur,
1284 3281 1347 3320 ea
1382 3268 1497 3337 ipsa
1533 3270 1762 3340 faciunt,
1809 3286 1867 3329 ut
1901 3277 2135 3330 maxima
2174 3278 2385 3333 discre-

807 3351 989 3419 pantia
1021 3363 1370 3422 agnoscatur,
1403 3372 1525 3426 qua:
1557 3376 1656 3415 nec
1689 3365 2048 3420 conuexionis
2086 3365 2385 3436 pra-ferunt

807 3444 1041 3512 speciem
1097 3461 1198 3501 nec
1251 3449 1472 3505 uuiouis
1527 3453 1698 3507 ullum
1779 3457 2035 3510 exhibent
2097 3458 2382 3526 imlicium,

808 3536 1080 3602 quomodo
1104 3537 1218 3592 haec
1247 3539 1300 3592 in
1348 3540 1490 3595 idem
1518 3545 1855 3614 redigantur,
1902 3562 2027 3602 cum
2061 3564 2130 3602 ne
2151 3549 2225 3603 ibi
2255 3550 2382 3620 qui-

2479 2377 2797 2447 ἀκλόνητον,
2855 2375 3013 2447 εἰπερ
3057 2375 3196 2438 ὅλως
3241 2373 3470 2435 ἔνεστιν,
3526 2371 3905 2442 εὑμοιρηκότα
3959 2370 4066 2423 τῶν

2478 2471 2537 2523 έν
2564 2470 2662 2540 ῥοῇ
2687 2484 2747 2519 τε
2771 2467 2868 2519 καὶ
2915 2467 3165 2537 ἀπορῤοῇ
3214 2464 3504 2526 διαπαντὸς
3538 2463 3862 2532 φερομένων
3903 2462 4067 2515 οὐδα-

2481 2560 2597 2631 μῶς
2628 2561 2695 2613 ἂν
2727 2558 2943 2611 δύναιτο
2976 2556 3206 2630 ῥηθῆναι
3235 2553 3688 2625 κατηγορούμενα
3709 2569 3725 2583 ⁶
3759 2553 4067 2624 παμπόλλη

2478 2650 2589 2720 γὰρ
2617 2651 2652 2720 ἡ
2675 2649 2908 2718 διαφορά
2934 2649 3030 2701 καὶ
3072 2646 3132 2713 ἐξ
3179 2645 3352 2715 αὐτῆς
3394 2644 3451 2696 δὲ
3475 2643 3573 2714 τῆς
3613 2643 3906 2714 σχέσεωςῆ
3941 2659 4066 2695 συν-

2478 2744 2680 2811 αφείας
2698 2740 2823 2794 τινὰ
2847 2739 3052 2810 τρόπον
3084 2737 3317 2808 παρέχει
3360 2738 3423 2790 τὸ
3455 2736 3736 2806 διάφορον,
3767 2734 4066 2803 ἀναφαίνε·

2477 2849 2589 2886 ται.
2623 2833 2733 2885 Καὶ
2761 2831 2872 2900 γὰρ
2899 2830 2929 2883 δ
2956 2827 3052 2882 τοῦ
3081 2823 3261 2881 αἰτίου
3295 2827 3391 2880 καὶ
3418 2826 3661 2880 αἰτιατοῦ
3687 2825 3870 2894 λόγος⁹
3906 2826 4066 2895 μάλι-

2482 2924 2586 2978 στά
2637 2941 2700 2992 γε
2760 2923 2903 2976 κατά
2936 2923 2998 2976 τὸ
3050 2920 3446 2992 δημιουργικόν
3472 2936 3534 2973 τε
3559 2920 3654 2973 καὶ»
3684 2923 4069 2990 παραδειγμαο

2478 3012 2631 3070 τικδν
2691 3013 2898 3085 προῖὼν
2955 3016 3014 3066 ιν
3040 3016 3109 3085 τῇ
3142 3016 3246 3084 τῆς
3284 3013 3522 3082 σχέσεως
3577 3010 3852 3082 συναφείᾴ
3886 3010 4068 3078 τδτῆς

2481 3105 2767 3174 ὑπάρξεως
2810 3103 3190 3175 παραλλάττον
3215 3103 3484 3174 λαμπρῶς
3513 3101 3903 3157 έπιδείκνυσιν.
3939 3102 4002 3156 Ei
4024 3103 4067 3155 δ’

2482 3197 2566 3263 ἐφ’
2592 3191 2668 3249 ὧν
2693 3196 2731 3250 ἀ
2780 3197 3074 3249 συνάπτειν
3125 3199 3194 3266 τῇ
3223 3195 3333 3249 τῶν
3367 3194 3646 3264 ὀνομάτων
3687 3194 3981 3264 ὁμοιότητι
4003 3198 4069 3246 τὶ

2482 3289 2787 3358 δηλούμενα
2822 3287 2990 3352 δοκεῖ,
3008 3285 3185 3341 ταῦτα
3216 3285 3418 3356 πολλὴν
3446 3287 3902 3356 ἀνομολογεῖσθαι
3927 3289 4070 3340 ⁴ποιεῖ

2482 3381 2583 3452 τὴν
2609 3381 2914 3444 διάστασιν,
2939 3378 2978 3433 ά
3003 3378 3139 3450 μηδὶ
3166 3378 3860 3448 συναφείαςιπροϐάλλεται
3894 3381 4069 3450 ῥῆμα,

2487 3471 2611 3543 μηδ’
2632 3470 2880 3533 ένὼσεως
2907 3469 3278 3523 ἐνδείκνυσθαι
3306 3470 3606 3539 παρέχεται
3630 3470 3916 3540 ἀφορμὴν,
3952 3471 4070 3530 πῶς

2485 3563 2553 3615 ἀν
2589 3562 2670 3625 εἰς
2692 3561 2889 3614 ταυτὸν
2953 3560 3300 3631 συνενεχθείη
3363 3561 3439 3632 μὴ
3484 3564 3764 3628 πφυκό-α
3824 3561 4072 3614 συνιέναι

807 3627 931 3678 item
967 3626 1022 3680 in
1047 3643 1214 3683 unum
1237 3633 1383 3686 coire
1415 3645 1645 3703 queant,
1677 3640 1766 3693 ubi
1793 3643 2062 3696 connexio
2092 3645 2372 3714 propriam

2491 3650 2615 3722 μηδ’
2642 3623 2729 3719 ἐφ’
2761 3643 2837 3704 ὧν
2871 3650 2907 3720 ἠ
2932 3623 3197 3719 συνάφεια
3221 3623 3510 3715 διασωζειν
3532 3623 3758 3704 δύναται
3785 3651 3849 3704 τὸ
3869 3653 4073 3705 οίκεῐον

809 3730 1025 3770 servare
1047 3727 1225 3785 potest
1247 3721 1453 3791 absque
1483 3724 1592 3779 ulla
1619 3728 2019 3784 adulteratione
2034 3732 2380 3801 dignitatem?

808 3805 1032 3864 Talibus
1072 3812 1586 3872 ratiocinationibus
1617 3818 1907 3876 Platonicze
1940 3822 2074 3877 idem
2113 3823 2380 3881 discutie-

809 3901 1030 3967 bantur,
1085 3905 1272 3960 multis
1324 3907 1489 3961 etiam
1541 3917 1597 3964 et
1642 3913 2032 3970 vetustioribus
2078 3916 2383 3974 rationibus

809 3993 1006 4064 (libris)
1029 4006 1216 4050 nostro
1238 4000 1458 4052 conatui
1484 4000 1932 4073 suifragantibus.

877 4085 930 4137 2.
967 4084 1099 4152 Quae
1124 4102 1251 4142 vero
1282 4099 1474 4157 praeter
1500 4090 1827 4160 ,Platonicas
1870 4096 2022 4153 ideas
2064 4108 2386 4157 astruuntur

812 4191 1007 4244 genera
1033 4187 1087 4232 et
1116 4179 1349 4248 species,
1383 4184 1598 4238 tametsi
1626 4195 1806 4240 ortum
1833 4202 1900 4242 ex
1921 4188 2135 4244 diversa
2163 4201 2385 4247 senten-

813 4269 885 4318 tia
906 4277 959 4320 et
981 4282 1046 4321 ex
1065 4268 1284 4324 diVerso
1308 4274 1594 4341 pi-Oposito
1627 4273 1920 4331 habuerint
1950 4280 2380 4353 prodierintque,

811 4361 1024 4415 variant
1053 4371 1231 4417 tamen
1266 4365 1423 4419 insui
1455 4369 1884 4436 constitutione;
1931 4381 1988 4427 et
2027 4373 2116 4426 illa
2160 4375 2381 4444 quidem

810 4470 965 4522 super
990 4455 1190 4521 multis,
1227 4456 1342 4511 hac
1370 4455 1628 4530 (species)
1663 4475 1792 4517 vero
1824 4464 1880 4516 in
1909 4463 2090 4518 multis
2123 4475 2384 4534 praestan-

811 4545 979 4601 tiores
1027 4548 1335 4618 philosophi
1409 4552 1684 4618 appellare
1738 4555 2079 4622 gestierunt;
2140 4564 2384 4610 attamen

811 4639 990 4706 quoad
1053 4641 1450 4708 praedicationis
1508 4657 1667 4696 usum
1725 4644 2006 4714 paululum
2075 4646 2381 4701 differunt:

813 4728 1082 4784 siuﬂ‘ecerit
1128 4745 1257 4801 ergo
1309 4733 1590 4800 utriusque
1639 4732 1827 4788 iisdem
1880 4737 2181 4791 rationibus
2240 4736 2381 4791 facta

811 4822 1125 4889 disquisitio
1152 4834 1205 4876 et
1232 4823 1574 4894 dijudicatio.
1606 4825 1673 4879 Et
1701 4827 1767 4880 ad
1801 4827 2149 4897 incorporeas
2204 4831 2382 4885 subsi-

2487 3741 2775 3798 ἀνόθευτον
2796 3742 3045 3812 δίκαιονά
3083 3741 3379 3805 Τοιαύταις
3426 3744 3482 3797 αἰ
3522 3742 3873 3797 Πλατωνικαὶ
3939 3745 4073 3798 ἰδέαι

2490 3831 2791 3903 περινοίαις
2813 3831 3161 3903 ιξητάζοντο,
3190 3831 3404 3886 πολλῶν
3434 3833 3605 3886 δντων
3645 3835 3738 3888 καὶ
3767 3835 4073 3890 παλαιοτέ-

2493 3943 2604 3996 ρων
2623 3925 2799 3995 λόγων
2815 3926 3313 3997 συνεφαπτομένων
3613 3927 3947 4000 βουλήματι.

2559 4102 2616 4156 2.
2648 4100 2731 4153 Τά
2752 4101 2810 4153 δὲ
2840 4101 2996 4170 παρά
3052 4101 3153 4164 τάς
3216 4101 3572 4166 Πλαωνικάς
3618 4103 3759 4167 ίδέας
3809 4105 3950 4180 γένη
3984 4109 4074 4162 καὶ

2490 4192 2628 4262 είδη,
2661 4195 2712 4247 εί
2734 4192 2950 4265 καὶτὴν
3009 4193 3224 4262 γένεσιν
3278 4196 3344 4250 έκ
3391 4197 3653 4269 διαφόρου
3700 4198 3954 4264 διανοίας
3982 4205 4074 4253 καὶ

2491 4285 2747 4355 ἐπιϐολῆς
2761 4286 2920 4355 ἔσχον
2929 4303 2990 4339 τε
3008 4286 3106 4339 καὶ
3133 4286 3594 4357 προεληλύθεσαν,
3626 4290 4074 4360 παραλλάττουσι

2490 4394 2555 4446 γε
2573 4380 2638 4447 τῇ
2673 4379 2934 4431 συστάσει
2954 4393 2972 4411 ο
3027 4378 3124 4430 καὶ
3169 4378 3239 4434 τά
3289 4379 3389 4448 μὲν
3416 4379 3518 4433 ἐπὶ
3543 4381 3668 4447 τοῖς
3690 4383 3978 4450 πολλοῖς,
4007 4387 4073 4437 τά

2489 4468 2548 4519 δὲ
2583 4467 2655 4518 ἐν
2692 4466 2818 4532 τοῖς
2873 4467 3130 4533 πολλοῖς
3164 4468 3217 4520 οί
3255 4469 3605 4539 χαριέστερον
3649 4471 4070 4540 φιλοσοφοῦντες

2492 4556 2680 4610 καλεῖν
2713 4556 3168 4626 έφιλοτιμήσαντο
3187 4573 3203 4588 ·
3235 4556 3353 4610 ἀλλ’
3378 4553 3471 4609 οὖν
3490 4558 3628 4624 πρός
3655 4574 3716 4626 γε
3742 4560 3808 4611 τὸ
3837 4577 4073 4631 κατηγο-

2495 4647 2708 4718 ρεῖσθαι
2731 4648 2833 4720 τὴν
2861 4651 3053 4719 χρείαν
3076 4650 3164 4702 ἐπ’
3218 4647 3400 4716 ὀλίγον
3433 4648 3617 4717 έχουσι
3655 4651 4072 4719 παραλλάττου-

2492 4757 2593 4794 σαν
2614 4757 2630 4772 ο
2661 4741 2862 4811 ἢρκεσε
2887 4741 3178 4810 τοιγαροῦν
3206 4742 3336 4812 περὶ
3365 4742 3626 4812 ἑκατέρου
3642 4743 3849 4796 τούτων
3874 4745 3910 4813 ἡ
3936 4744 4071 4814 αὑτὴ

2489 4833 2578 4886 διὰ
2615 4833 2727 4884 τῶν
2755 4831 3120 4895 ὲξεταστικῶν
3148 4832 3322 4901 λόγων
3367 4833 3601 4903 βάσανός
3633 4851 3693 4887 τε
3729 4837 3828 4888 καὶ
3857 4835 4071 4926 διέκρι-

814 4913 1042 4967 stentias
1063 4915 1206 4982 quod
1241 4925 1470 4984 spectat,
1502 4919 1570 4972 de
1611 4933 1722 4989 quo
1745 4933 2064 4988 argumento
2101 4936 2200 4975 uec
2230 4931 2379 4978 vetus

2493 4940 2596 4984 σιξ.
2625 4925 2734 4977 Καί
2753 4941 2817 4992 γε
2847 4926 2976 4994 περὶ
2997 4924 3097 4995 μὲν
3125 4925 3236 4977 τῶν
3260 4925 3571 4994 ἀσωμάτων
3601 4905 3964 4980 dicentiasz
3993 4930 4072 4980 ὅτι

812 5007 1062 5061 exstabat
1091 5009 1390 5072 contentio,
1446 5008 1706 5066 facillime
1761 5012 2058 5066 admissum
2095 5015 2219 5077 fuit,
2252 5030 2391 5084 pra:-

813 5098 994 5152 dicata
1025 5099 1094 5152 de
1117 5099 1224 5153 illis
1249 5116 1445 5169 genera
1471 5111 1526 5155 et
1555 5104 1762 5171 species
1783 5105 2109 5174 participare
2137 5108 2391 5175 incorpo-

815 5205 962 5244 ream
1009 5202 1293 5258 naturam;
1326 5207 1521 5261 magna
1555 5209 1690 5248 vero
1721 5195 1789 5249 lis
1817 5196 2025 5249 exstitit
2067 5198 2211 5252 circa
2249 5200 2392 5254 triue

817 5283 1213 5338 mensurabiles
1260 5286 1666 5350 subsistentias,
1712 5301 1832 5356 qua:
1875 5302 2103 5357 corpora
2158 5299 2290 5344 sunt
2335 5301 2391 5345 et

817 5374 1186 5442 appellantur;
1229 5386 1412 5429 utrum
1467 5376 1718 5432 videlicet
1766 5388 2015 5448 oporteat
2067 5381 2384 5436 eorumdein

818 5482 1016 5534 genera
1043 5477 1096 5522 et
1125 5469 1331 5536 species
1359 5484 1554 5523 vocare
1592 5485 1842 5539 corpora,
1892 5487 1957 5524 an
1991 5487 2119 5527 vero
2156 5474 2266 5527 haec
2300 5486 2389 5527 ut-

817 5568 942 5628 pote
975 5560 1228 5615 sensibus
1257 5563 1540 5630 superiora
1583 5564 1726 5618 inter
1771 5564 2085 5633 incorporea
2121 5567 2382 5634 recipere.

820 5647 1018 5703 Verum
1071 5660 1200 5704 tunc
1249 5652 1316 5704 de
1357 5652 1442 5706 his
1479 5663 1736 5710 accurate
1783 5669 1814 5708 a
1845 5655 2002 5709 nobis
2045 5656 2384 5725 disputatum

817 5739 936 5803 fuit,
987 5756 1084 5794 nec
1139 5743 1484 5799 auditoribus
1541 5745 1740 5810 visum,
1788 5747 2026 5802 secunda
2080 5762 2220 5818 opus
2263 5765 2386 5805 esse

817 5829 1216 5901 disquisitione.
1254 5831 1522 5898 Quoniam
1562 5851 1690 5893 vero
1731 5851 1876 5894 nunc
1913 5845 2004 5892 tua
2055 5837 2150 5894 Dei
2193 5855 2384 5896 amans

2494 5016 2616 5087 μηδ’
2642 5014 2759 5086 έρις
2778 5011 2849 5086 ἦν
2871 5015 3099 5081 παλαιὰ,
3114 5017 3332 5084 θᾶττον,
3354 5018 3439 5070 δτι
3462 5018 3555 5070 καὶ
3583 5019 3651 5070 τὰ
3674 5019 4067 5092 κατηγ[ορ]ού-

2495 5126 2633 5180 μενα
2663 5109 2800 5178 γένη
2827 5108 2921 5161 καὶ
2971 5107 3089 5177 είδη
3139 5109 3240 5178 τῆς
3261 5109 3552 5178 ἀσωμάτου
3579 5109 3798 5177 φύσεως
3827 5115 4069 5180 μετέχει,

2494 5201 2939 5271 συνεκεχιὶφητο·
2963 5203 2999 5270 ἡ
3027 5201 3085 5254 δὲ
3114 5200 3282 5271 πολλὴ
3309 5201 3580 5271 προῆλθεν
3614 5202 3924 5270 φιλονεικία
3946 5206 4072 5274 περὶ

2489 5292 2600 5345 τῶν
2632 5291 2798 5363 τριχῆ
2823 5291 3126 5345 διαστατῶν
3182 5292 3535 5346 ὑποστάσεων
3568 5293 3664 5346 καὶ
3683 5295 3961 5362 σωμάτων
3983 5296 4070 5347 δν-

2487 5400 2599 5437 των
2626 5399 2688 5436 τε
2717 5384 2814 5437 καὶ
2838 5383 3210 5454 καλουμένων,
3234 5380 3348 5454 ἆρά
3370 5400 3435 5454 γε
3457 5384 3564 5457 χρὴ
3606 5384 3678 5439 τὰ
3699 5385 3912 5441 τούτων
3940 5389 4068 5456 γένη

2489 5476 2588 5528 καὶ
2632 5475 2747 5546 είδη
2789 5474 3018 5545 σώματα
3073 5476 3280 5541 καλεῖν,
3324 5477 3357 5548 ἢ
3390 5476 3467 5539 ὡς
3497 5477 3730 5545 κρείττω
3756 5481 3858 5549 τῆς
3879 5481 4071 5548 αἰσθήο

2493 5584 2631 5627 σεως
2649 5567 2822 5620 ταῦτα
2852 5569 3229 5638 καθεστηκότα
3253 5569 3349 5638 τῆς
3388 5568 3501 5621 τῶν
3525 5569 3834 5638 ἀσωμάτων
3862 5569 4069 5641 λήξεως

2492 5656 2697 5709 θετέον.
2738 5655 2900 5709 ’Δλλά
2948 5658 3071 5710 τότε
3117 5657 3192 5728 μὴ
3240 5659 3319 5721 εἰς
3365 5659 3653 5729 ἀκρίϐειάν
3682 5677 3740 5713 τε
3787 5665 3921 5730 περὶ
3944 5662 4065 5713 τού-

2489 5765 2600 5803 των
2625 5748 2918 5803 διείλεκται
2940 5751 3034 5804 καὶ
3086 5751 3346 5824 δευτέρας
3389 5753 3490 5805 οὐκ
3519 5751 3690 5806 ἐδόκει
3720 5757 3834 5816 τοῖς
3859 5759 4065 5824 ἀκροα-

2488 5844 2608 5907 ταῖς
2631 5842 2840 5899 δεῖσοαι
2869 5842 3238 5915 συζητήσεως.
3275 5845 3428 5898 Ἐπεὶ
3452 5845 3509 5898 δὲ
3538 5845 3633 5900 νῦν
3661 5848 3693 5916 ἡ
3719 5846 3788 5916 σὴ
3813 5845 4066 5915 Oro-fili];
