4186 6444
201 434 304 499 εει

1128 438 1227 495 AD
1248 431 1835 496 AMPHILOCHIUM
1867 430 2210 500 QUIESTIO
2248 433 2531 493 LXXVII.

3335 433 3442 501 482

204 549 419 618 ὁσιότης
441 546 779 617 κεφαλαιώδη
807 548 975 601 τύπον
992 548 1265 618 ἔγγραφον
1287 548 1627 617 ἐξενεχθῆναι
1643 544 1770 614 περὶ

1875 543 2135 597 sanctitas
2164 543 2231 597 de
2256 543 2322 598 iis
2349 544 2483 613 ipsis
2519 553 2577 598 ut
2615 544 3032 611 comrendiosus
3057 545 3442 599 conscribatm-

206 636 390 688 αὐτῶν
415 638 493 699 είς
540 638 754 706 αἴτησιν
801 636 1052 707 διενοήθη
1110 638 1484 706 προενεγκεῖν,
1512 635 1600 687 διὰ
1639 633 1774 703 βρα-

207 727 349 795 χέων
373 727 523 779 οὐδὲν
551 728 750 780 κωλύει
779 729 909 797 περὶ
932 727 1041 780 τῶν
1063 726 1245 779 αὐτῶν
1270 727 1564 779 διαλαϐεῖν.

285 825 351 884 7'.
383 819 504 871 Τῶν
540 818 640 888 μὲν
670 815 763 871 οὖν
802 820 1110 887 ἀσωμάτων
1168 818 1219 870 οί
1277 818 1447 883 λόγοι,
1477 818 1589 868 ὅσοι
1622 832 1688 883 γε
1715 814 1777 867 τὸ

211 907 574 977 ὑποκείμενον
600 906 942 978 ἀφορίζουσι,
974 907 1133 976 δῆλον
1188 909 1272 961 ὃτι
1304 908 1585 975 ἀσώματοι
1605 924 1617 935 ’
1641 905 1777 957 διότι

214 1000 311 1049 καὶ
338 997 407 1049 τὰ
432 999 489 1049 ὲν
521 998 703 1061 αὐτοῖς
731 998 1095 1067 περιεχόμενα
1117 999 1251 1068 γένη
1274 998 1367 1051 καὶ
1397 999 1535 1067 εἴδη,
1562 997 1657 1049 καὶ
1686 996 1778 1047 οὐ-

212 1086 409 1153 δεμίαν
437 1086 614 1139 οὐδενὶ
652 1088 922 1157 παράσχοι
959 1086 1026 1140 ἂν
1081 1088 1316 1157 ἀπορίαν
1360 1089 1393 1157 ἡ
1430 1087 1559 1156 περὶ
1599 1084 1777 1138 αὐτῶν

210 1174 438 1246 θεωρία.
462 1176 596 1228 οίδὲ
622 1177 732 1229 τῶν
766 1178 1037 1246 σωμάτων
1065 1177 1183 1240 πῶς
1215 1177 1283 1230 ἂν
1311 1178 1500 1245 εἴησαν
1528 1178 1777 1247 σώματα,

206 1268 261 1318 εἰ
291 1270 384 1319 καὶ
410 1268 472 1321 τὸ
500 1270 787 1341 πρόχειρον
799 1270 899 1339 τῆς
926 1270 1220 1337 ἀναλογίας
1239 1270 1398 1323 τοῦτο
1416 1272 1777 1339 φαντάζεται;

205 1358 381 1425 Λόγος
399 1361 507 1429 7&9
537 1361 633 1413 καὶ
671 1361 832 1431 σῶμα
887 1361 987 1432 τὴν
1042 1362 1177 1433 πρὸς
1245 1361 1453 1432 ἄλληλα
1492 1362 1779 1415 κοινωνίαν

207 1449 613 1519 ἀπηρνῄσαντο.
637 1452 698 1505 El
722 1452 777 1504 δὲ
804 1452 990 1522 ἕτερος
1008 1453 1037 1505 ό
1067 1452 1225 1519 λόγος
1259 1452 1473 1519 πέφυκε
1504 1452 1776 1521 σώματος,

207 1538 331 1601 πῶς
357 1539 477 1609 οὐχὶ
503 1540 571 1593 τὰ
593 1542 1017 1612 συμπληροῦντα
1041 1541 1133 1594 τὸν
1148 1542 1306 1610 λόγον
1335 1541 1469 1612 γένη
1532 1543 1628 1596 καὶ
1660 1543 1778 1612 εἴδη

203 1628 308 1697 τὴν
327 1629 498 1700 αὐτὴν
528 1630 630 1682 οὐκ
666 1632 990 1699 ἐπιζητήσει
1007 1630 1334 1702 ἑτερότητας
1364 1631 1481 1694 πῶς
1502 1632 1559 1685 δὲ
1590 1631 1657 1686 ἂν
1675 1648 1779 1685 σω-

206 1719 397 1787 μάτων
420 1721 819 1791 κατηγορηθείη
846 1722 907 1775 τὸ
930 1723 1256 1792 ἀσώματον;
1278 1724 1348 1774 Ἦ
1378 1722 1644 1792 ἀσώματα
1677 1722 1777 1792 μὲν

200 1811 308 1862 οὐκ
359 1810 425 1864 ἀν
472 1811 557 1881 εἴη
601 1812 673 1865 τά
727 1812 862 1881 γένη
888 1811 1093 1865 τούτων
1121 1812 1245 1866 οὐδὲ
1280 1812 1350 1865 τὰ
1374 1813 1512 1881 εἴδη,
1551 1814 1613 1866 ού
1669 1815 1778 1884 μὴν

202 1901 327 1955 ἀλλ’
365 1901 485 1954 οὐδέ
517 1919 582 1970 γε
612 1906 880 1973 σωμάτων
895 1898 1029 1974 ἧκεν
1048 1906 1129 1967 είς
1146 1904 1330 1971 ὄγκον,
1353 1905 1474 1957 οὐδὲ
1498 1906 1597 1975 τὴν
1622 1904 1774 1975 ΰλην,

201 1992 268 2045 ἑν
300 1986 419 2065 ﬁt);
442 1994 715 2065 πλήρωμα
754 1996 1049 2065 συνέστηκε
1082 1994 1193 2047 τῶν
1237 1995 1596 2059 διαστάσεων,
1647 1995 1779 2050 ὐπο-

203 2084 464 2139 6ἀλλεται
486 2101 500 2115 °
543 2086 833 2155 σωματικὰ
878 2088 934 2140 δὲ
961 2086 1181 2149 πάντως
1215 2087 1309 2139 καὶ
1341 2088 1469 2157 περὶ
1500 2086 1661 2155 σῶμα
1686 2085 1777 2139 λε-

201 2177 446 2244 γόμενας
472 2176 628 2247 σῶμα
658 2178 767 2247 7&9
807 2178 1169 2248 ἑρμηνεύουσι
1209 2177 1304 2231 καὶ
1340 2177 1776 2245 ἀπαγγέλλουσιν

204 2266 573 2335 ὑποκείμενον
591 2283 604 2296 ·
624 2267 652 2319 ὁ
676 2270 784 2337 7&9
817 2268 1097 2337 ἄνθρωπος
1120 2268 1285 2336 τυχὸν
1307 2268 1617 2336 σωματικὸν
1649 2266 1772 2333 μὲν,

198 2356 286 2408 ὅτι
311 2356 403 2409 τὸν
438 2357 782 2428 Σωκράτηνῆ
806 2357 898 2412 τὸν
920 2357 1181 2411 Πλάτωνα
1202 2358 1358 2427 σῶμα
1373 2358 1501 2409 ὄντα
1521 2357 1778 2426 ὀνομάζει

200 2448 300 2498 καὶ
330 2448 429 2515 τὴν
457 2447 637 2501 αὐτῶν
662 2448 849 2502 οὐσίαν
876 2448 1237 2502 ἀναπτύσσων
1259 2448 1369 2501 τῶν
1401 2448 1681 2517 ὁμογενῶν
1706 2449 1774 2518 τῇ

200 2536 398 2605 κλήσει
422 2537 750 2591 διαστέλλειο
774 2538 910 2592 ἀλλά
929 2537 1066 2601 πῶς,
1094 2540 1144 2591 εί
1161 2537 1486 2608 όάνθρωπος
1511 2539 1571 2589 ού
1595 2536 1774 2606 σῶμα,

199 2630 233 2681 δ
256 2629 315 2679 δὲ
344 2629 640 2699 Σωκράτης
660 2629 966 2701 ἄνθρωπος,
987 2630 1109 2698 οὐχὶ
1140 2630 1169 2681 ό
1204 2629 1511 2698 ,Σωκράτης
1541 2628 1604 2680 ού
1635 2644 1777 2694 συμο

203 2722 611 2789 περανθήσεται
674 2721 749 2791 μὴ
804 2721 995 2791 σῶμας
1029 2719 1202 2773 Τοῦτο
1230 2720 1339 2790 7&9
1370 2720 1461 2772 καὶ
1488 2720 1541 2772 εἴ
1562 2737 1616 2772 τι
1650 2718 1779 2772 ἀλλο

204 2810 590 2878 παραπλήσιον
608 2802 756 2862 δοκεῖ
770 2809 878 2863 τῶν
894 2811 1074 2880 ἀπορη
1082 2810 1268 2878 μάτων
1307 2805 1445 2864 εἶναι
1471 2810 1530 2862 τὸ
1584 2810 1777 2879 κράτι-

200 2915 357 2953 στον.
387 2900 526 2951 ’Δλλ⁹
545 2899 699 2952 οὐδὲν
719 2899 955 2969 χαλεπὸν
976 2900 1355 2953 ἐπιλύσασθαι·
1376 2900 1434 2951 ὲν
1453 2900 1654 2969 πρώτῳ
1673 2900 1781 2968 γὰρ

201 2991 451 3059 σχήματι
478 2992 591 3053 τοῖς
621 2992 850 3060 συνορᾷν
889 2990 1166 3043 ἐθέλουσιν
1201 2991 1235 3059 η
1278 2990 1481 3056 μείζων
1516 2988 1779 3059 πρότασις

203 3078 413 3149 μερικὴ
441 3080 956 3150 πραλαμδάνεται·
982 3079 1123 3133 οὔτω
1169 3080 1279 3148 γὰρ
1301 3079 1397 3132 καὶ
1424 3078 1775 3149 προαγομένη

199 3169 303 3238 τῆς
328 3169 585 3239 ἀληθείας
624 3170 724 3223 ούκ
750 3169 1024 3233 ἐξίσταται
1048 3187 1063 3202 ·
1104 3172 1154 3223 εί
1198 3170 1258 3223 δέ
1287 3187 1372 3233 τις
1413 3169 1585 3238 αὐτὴν
1613 3172 1692 3233 εἰς
1716 3169 1776 3222 τὸ

201 3260 439 3313 καθόλου
464 3260 777 3331 μεταλάϐοι,
817 3263 1211 3333 συμμετήγαγε
1244 3262 1341 3315 καὶ
1380 3262 1481 3330 τῆς
1518 3261 1777 3331 ἀληθείας

200 3352 299 3403 ἐπὶ
354 3351 416 3403 τὸ
467 3351 683 3420 ψεῦδος.
731 3352 939 3414 Ψευδος
980 3354 1089 3423 γὰρ
1146 3354 1409 3422 ἀντικρὺς
1451 3354 1512 3407 τὸ
1552 3353 1772 3422 λέγειν’

202 3440 399 3502 Οὐδεὶς
425 3439 709 3509 ἄνθρωπος
732 3440 911 3511 σῶμα,
935 3440 1305 3511 ἀληθευούσης
1333 3442 1472 3494 κατά
1505 3442 1597 3495 τὸν
1624 3443 1778 3511 είρη-

204 3532 372 3600 μένον
402 3530 710 3600 ἔμπροσθεν
738 3532 921 3601 λόγον,
945 3530 1021 3593 ὡς
1049 3532 1077 3584 ό
1106 3530 1392 3601 ἄνθρωπος
1418 3530 1581 3601 σῶμα
1605 3547 1620 3561 ·
1651 3532 1701 3583 εί
1720 3530 1777 3583 δέ

200 3640 289 3684 τις
325 3622 426 3692 τὴν
471 3620 573 3691 μὲν
597 3616 803 3691 πλοκὴν
848 3620 943 3675 τοῦ
969 3620 1129 3689 λόγου
1154 3619 1365 3690 χαίρειν
1393 3621 1458 3690 ἑᾷ
1483 3621 1576 3673 καὶ
1603 3620 1664 3673 τὺ
1687 3621 1776 3673 δοο

201 3712 342 3766 κοῦν
395 3711 864 3783 συμπεραίνεσθαι
906 3711 1386 3781 πολυπραγμονεῖν
1431 3709 1529 3781 οὐχ
1561 3712 1778 3782 ἡγεῖται

202 3802 393 3871 σοφὸν,
428 3801 652 3855 αὐτόθεν
675 3802 732 3856 δε
758 3802 907 3867 λέγοι
936 3804 1194 3872 φορτικὸν
1222 3797 1465 3855 εἴναιτδν
1496 3800 1780 3874 ἄνθρωπον

203 3897 350 3966 μήτε
374 3895 552 3963 λέγειν
576 3895 713 3967 μήτε
736 3894 979 3964 νομίζειν
999 3889 1138 3948 εἴναι
1175 3893 1353 3964 σῶμα,
1402 3894 1497 3947 καὶ
1524 3894 1653 3948 ἀνευ
1682 3894 1777 3948 τοῦ

198 3983 459 4048 δόξαντος
508 3984 584 4055 μὴ
639 3983 1099 4056 συμπεραίνεσθαι
1149 3981 1226 4047 ὡς
1280 3984 1310 4036 ό
1350 3982 1648 4054 Σωκράτης
1677 3984 1777 4037 οὐκ

201 4076 297 4145 εἴη
324 4074 484 4144 σῶμα
505 4074 617 4145 (21)
643 4091 657 4105 ⁸
687 4074 806 4138 πῶς
836 4074 946 4145 7&9
973 4073 1039 4129 ἀν
1071 4074 1106 4145 ἡ
1138 4073 1240 4143 τῆς
1277 4072 1467 4137 οὐσίας
1509 4073 1776 4145 διαίρεσις

200 4167 289 4229 εἰς
312 4164 473 4235 σῶμα
502 4166 597 4218 καὶ
624 4163 913 4235 ἀσώματον
940 4164 1006 4217 τά
1050 4163 1244 4233 πρῶτα
1280 4162 1388 4214 τῶν
1422 4163 1514 4215 ὑπ’
1532 4162 1777 4233 ἀλλήλων

198 4256 628 4325 διαστελλομένη
679 4254 1003 4326 προαχθείη,
1052 4253 1212 4306 τοῦτο
1267 4253 1367 4322 μιν
1408 4252 1634 4322 ὕστερον
1659 4254 1777 4306 επι-

201 4345 555 4416 θεωρείσθω·
588 4347 618 4397 ό
648 4346 705 4399 δὲ
735 4345 892 4412 λόγος
921 4344 1017 4413 τῆς
1038 4340 1356 4405 ἀκολουθίας
1378 4340 1487 4394 τῶν
1519 4358 1777 4412 προειρη-

202 4436 391 4505 μένων
423 4434 499 4505 μὴ
531 4433 869 4503 ἀφιστάσθω.
906 4434 1014 4486 Καὶ
1035 4432 1143 4502 7&9
1168 4431 1229 4484 οὐ
1257 4432 1398 4484 κατά
1431 4432 1492 4483 τὺ
1530 4432 1776 4499 ἀποφαν-

1884 640 2144 688 tractatus
2164 634 2492 688 desideravit
2519 648 2584 687 ac
2608 634 2762 702 petiit
2793 650 2806 686 :
2843 634 2976 687 nihil
3019 642 3163 687 vetat
3208 631 3443 687 breviter

1880 722 1947 774 de
1975 721 2163 775 iisdem
2188 722 2479 777 disserere.

1952 810 2005 867 ὃ.
2044 810 2487 881 lncorporeorum
2517 812 2680 881 igitur
2703 812 2962 877 rationes,
2983 828 3105 881 quas
3136 812 3442 881 subjectum

1881 901 2239 970 distinguunt,
2271 902 2553 958 manifeste
2576 912 2706 958 sunt
2726 904 3077 971 incorporeas,
3112 902 3238 971 quia
3270 912 3325 955 et
3354 917 3446 971 ge-

1883 1007 2011 1045 nera
2046 1006 2111 1046 ac
2158 994 2386 1061 specios,
2423 1009 2547 1062 quae
2588 994 2642 1047 in
2689 994 2819 1062 ipsis
2860 994 3242 1049 continentur:
3282 1002 3445 1060 atque

1886 1080 2087 1135 nemini
2112 1083 2475 1137 consideratio
2500 1092 2554 1135 et
2580 1082 2900 1151 disceptatio
2928 1082 2995 1135 de
3026 1081 3131 1135 illis
3161 1081 3446 1134 difﬁculta-

1885 1179 1991 1224 tem
2016 1171 2180 1225 ullam
2206 1174 2418 1227 videtur
2444 1174 2721 1227 exhibere.
2759 1171 3016 1226 Rationes
3044 1184 3225 1226 autem
3252 1187 3445 1239 corpo-

1883 1276 2027 1324 rum,
2056 1263 2330 1331 quomodo
2362 1278 2590 1333 corpora
2639 1264 2861 1326 fuerint,
2900 1262 3115 1316 etiamsi
3166 1263 3445 1331 proportio

1886 1349 1936 1403 id
1972 1350 2141 1417 prima
2172 1351 2349 1407 fronte
2382 1352 2634 1406 videatur
2688 1352 2945 1421 exigere?
2996 1351 3157 1405 Ratio
3201 1353 3345 1405 enim
3392 1362 3448 1405 et

1884 1455 2084 1509 corpus
2105 1442 2308 1495 nullam
2331 1443 2632 1497 adinvicem
2656 1442 3095 1498 communionem
3119 1452 3446 1509 agnoscunt.

1885 1530 1941 1584 Si
1975 1546 2102 1585 vero
2130 1530 2269 1585 ratio
2296 1546 2330 1586 a
2360 1546 2588 1601 corpore
2623 1532 2837 1588 diversa
2879 1542 2986 1597 est,
3029 1532 3306 1602 quomodo
3336 1548 3445 1587 non

1882 1635 1944 1674 ea
1978 1636 2101 1690 qua:
2135 1623 2403 1691 complent
2432 1622 2695 1678 rationem
2724 1637 2922 1693 genera
2957 1638 3022 1678 ac
3059 1623 3271 1693 species
3294 1638 3448 1679 eam-

1884 1710 2008 1765 dem
2035 1712 2259 1782 exigant
2291 1713 2697 1768 diversitatem?
2740 1714 3025 1779 Quomodo
3055 1728 3184 1767 vero
3216 1714 3283 1768 de
3322 1729 3450 1768 cor-

1882 1802 2109 1871 poribus
2165 1803 2540 1872 incorporeum
2594 1804 2953 1874 praadicetur?
3008 1804 3091 1857 An
3146 1818 3276 1859 vero
3338 1819 3445 1857 non

1807 1885 1855 1947 Β
1881 1900 2040 1945 erunt
2068 1893 2387 1960 incorporea
2416 1907 2602 1946 eorum
2634 1907 2830 1962 genera
2862 1907 3037 1960 neque
3072 1892 3306 1960 species,
3337 1891 3449 1945 imo

1880 1996 1980 2035 nec
2008 1982 2060 2035 in
2098 1996 2386 2051 corporum
2430 1983 2741 2051 redigentur
2791 1982 3007 2048 molem,
3048 1998 3223 2051 neque
3275 1990 3448 2036 mate-

1879 2070 2039 2133 riam,
2065 2071 2120 2125 in
2154 2086 2262 2141 qua
2308 2072 2707 2127 dimensionum
2744 2072 3022 2141 plenitudo
3070 2072 3446 2134 constituitur,

1880 2160 2213 2216 substratam
2242 2161 2463 2227 habent,
2511 2162 2604 2217 sed
2656 2177 2883 2230 corpora
2925 2163 3150 2217 omnino
3198 2173 3251 2217 ct
3298 2164 3445 2218 circa

1878 2264 2073 2319 corpus
2129 2251 2422 2307 dicentur?
2451 2251 2661 2322 Corpus
2705 2252 2848 2306 enim
2896 2253 3167 2320 explicant
3198 2263 3251 2307 et
3279 2255 3449 2307 eluci-

1878 2339 2360 2408 dantsubjeclum:
2386 2340 2558 2405 homo,
2585 2356 2670 2396 ex.
2696 2357 2801 2411 gr.,
2831 2356 3154 2409 corporeum
3180 2353 3283 2405 est,
3315 2343 3446 2410 quia

1881 2428 2159 2485 Socratem
2181 2430 2264 2485 vel
2292 2430 2589 2495 Platonem,
2618 2432 2708 2501 qui
2750 2444 2949 2500 corpus
2986 2442 3089 2498 est,
3130 2432 3451 2486 denominat

1878 2528 2147 2575 eteorum
2202 2521 2561 2576 substantiam
2607 2521 2884 2589 explieans
2929 2522 2998 2575 ab
3045 2522 3168 2578 aliis
3202 2522 3445 2590 ejusdem

1880 2611 2093 2678 generis
2124 2610 2568 2666 denominatione
2603 2611 2920 2682 distinguit;
2956 2612 3050 2669 sed
3079 2613 3375 2682 quomodo,
3403 2615 3447 2667 si

1882 2700 2047 2755 ltomo
2078 2717 2187 2757 non
2231 2710 2317 2757 est
2362 2716 2578 2771 corpus,
2632 2701 2886 2757 Socrates
2932 2717 3059 2758 vero
3103 2704 3289 2767 homo,
3336 2718 3446 2756 non

1880 2792 2254 2855 concludetur,
2280 2790 2558 2847 Socratem
2590 2806 2698 2846 non
2725 2808 2844 2847 csse
2875 2793 3114 2862 corpus?
3141 2792 3255 2847 Hoc
3299 2793 3445 2846 enim

1880 2889 1932 2936 ct
1961 2881 2004 2935 si
2036 2883 2164 2952 quid
2194 2882 2335 2936 aliud
2376 2882 2570 2948 simile,
2607 2883 2847 2937 omnium
2898 2883 3276 2939 diﬂicultatum
3308 2884 3448 2937 vali—

1881 2972 2109 3027 dissima
2139 2986 2259 3026 esse
2280 2972 2509 3026 videtur.
2540 2970 2644 3026 Sed
2677 2972 2795 3041 ejus
2821 2974 3021 3027 solutio
3056 2988 3165 3027 non
3191 2982 3273 3026 est
3307 2970 3447 3026 ditii-

1880 3062 2018 3116 cilis.
2050 3061 2184 3115 Nam
2224 3062 2276 3116 in
2323 3062 2500 3132 prima
2530 3061 2724 3131 figura,
2769 3063 2814 3116 si
2847 3064 3138 3133 diligenter
3170 3065 3443 3123 advertas,

1881 3151 2181 3221 propositio
2215 3150 2387 3220 major
2432 3151 2776 3220 particularis
2822 3151 3119 3220 accipitur;
3168 3152 3270 3207 hoc
3299 3156 3447 3205 enim

1884 3242 2044 3295 modo
2069 3242 2333 3310 producta
2362 3256 2392 3295 a
2424 3240 2650 3295 veritate
2678 3256 2782 3294 non
2812 3241 3033 3295 recedit.
3072 3242 3129 3294 Si
3160 3256 3288 3296 vero
3313 3241 3443 3310 quis

1878 3348 1998 3387 eam
2027 3334 2079 3385 in
2109 3332 2465 3386 universalem
2496 3340 2688 3394 vertat,
2722 3331 2885 3384 simul
2918 3346 3035 3384 eam
3070 3330 3138 3385 de
3166 3346 3292 3384 vera
3322 3332 3449 3383 red-

1878 3422 2024 3477 didit'
2056 3422 2268 3477 falsam.
2308 3420 2526 3475 Falsum
2563 3422 2705 3475 enim
2752 3431 2834 3475 est
2884 3421 3169 3477 manifeste
3215 3421 3438 3476 dicere:

1880 3510 2072 3565 Nullus
2099 3511 2263 3564 homo
2300 3518 2383 3565 est
2429 3523 2653 3578 corpus,
2687 3523 2810 3561 cum
2850 3523 2974 3561 vera
3006 3510 3077 3563 sit
3117 3509 3442 3578 pr0positio,

1881 3599 2153 3654 hominem
2185 3614 2305 3654 esse
2336 3614 2550 3667 corpus,
2584 3598 2881 3652 secundum
2907 3614 2969 3651 ea
3002 3614 3123 3667 qua:
3150 3609 3277 3654 ante
3299 3600 3443 3653 dicta

1881 3700 2023 3745 sunt.
2049 3689 2108 3744 Si
2141 3704 2269 3745 vero
2303 3690 2426 3759 quis
2463 3688 2653 3743 relicto
2678 3689 2934 3757 perplexo
2968 3690 3270 3759 argumenti
3300 3692 3443 3745 nodo

1880 3796 1989 3836 non
2013 3795 2134 3835 esse
2166 3795 2342 3851 operae
2370 3781 2602 3850 pretium
2636 3780 2933 3833 arbitratur
2960 3780 3235 3835 curiosius
3274 3781 3324 3835 id
3357 3784 3439 3834 in-

1879 3871 2165 3941 vestigare,
2210 3870 2355 3940 quod
2402 3869 2529 3924 inde
2571 3868 2784 3923 videtur
2829 3868 3105 3931 concludi,
3140 3871 3233 3925 sed
3276 3872 3439 3935 dicat,

1879 3978 2000 4018 esse
2031 3976 2128 4031 per
2154 3974 2215 4016 se
2243 3962 2504 4015 absonum
2535 3967 2630 4013 aut
2656 3958 2835 4013 dicere
2869 3968 2961 4013 aut
3006 3974 3227 4014 censere
3270 3961 3445 4015 homi-

1883 4068 2005 4109 nem
2057 4066 2164 4105 non
2210 4064 2331 4106 esse
2359 4064 2580 4118 corpus,
2621 4050 2782 4103 etiam
2841 4048 3053 4103 seclusa
3097 4050 3189 4104 illa
3222 4052 3444 4106 conclu-

1879 4142 2054 4206 sione,
2084 4155 2205 4210 quae
2234 4140 2356 4195 inde
2376 4139 2634 4208 consequi
2664 4139 2893 4204 videtur,
2934 4139 3138 4194 scilicet
3161 4141 3443 4196 Socmletn

1880 4245 1987 4288 non
2022 4232 2265 4287 futurum
2292 4246 2524 4301 corpus;
2554 4260 2624 4273 -—
2655 4230 2930 4300 quomodo
2956 4231 3273 4288 substantia:
3303 4236 3446 4289 divi-

1880 4325 1962 4382 sio
1991 4324 2047 4379 in
2076 4338 2276 4394 corpus
2298 4331 2352 4376 et
2373 4322 2775 4391 incorporeum,
2804 4336 2924 4391 quas
2944 4323 3119 4391 prima
3144 4325 3246 4378 sub
3275 4326 3446 4380 alter-

1880 4434 2072 4474 norum
2100 4417 2404 4487 distinguit,
2436 4416 2654 4485 produci
2683 4416 2888 4485 queat?
2914 4448 2981 4458 --
3011 4417 3063 4471 id
3094 4429 3279 4487 postea
3311 4437 3446 4476 cou-

198 4525 360 4576 τικδν
384 4525 540 4593 μόνον
566 4522 749 4593 σχῆμα
764 4522 824 4574 τὸ
844 4521 1131 4591 εἰρημένον
1148 4521 1240 4573 ἐπὶ
1258 4519 1365 4572 τῶν
1382 4519 1637 4572 τοιούτων
1651 4522 1776 4588 69d-

1884 4510 2231 4566 siderandum
2278 4517 2397 4571 est;
2444 4508 2692 4562 tractatio
2741 4524 2868 4563 vero
2903 4523 2933 4561 a
2963 4510 3101 4563 serie
3152 4519 3205 4564 et
3257 4527 3451 4567 consc-

198 4631 298 4666 ται
322 4615 811 4683 κατηγορημάτων,
833 4611 969 4666 ἀλλά
984 4610 1047 4680 δὴ
1064 4610 1157 4664 καὶ
1181 4609 1274 4662 ἀπὶ
1291 4607 1385 4661 τοῦ
1406 4609 1778 4676 καταφατικοῦ

198 4709 321 4767 τοῖς
351 4705 696 4773 βουλομένοις
730 4702 1057 4773 περαντικόν
1086 4718 1210 4755 τινα
1225 4700 1384 4768 λόγον
1415 4700 1514 4770 τὴν
1541 4698 1776 4769 ἀπορίαν

199 4792 545 4865 κρατύνοντα
574 4791 852 4861 προάγειν.
889 4789 1152 4856 Λέγοντες
1200 4788 1330 4857 7&9,
1363 4786 1429 4838 '0
1466 4786 1775 4854 ἄνθρωπος

196 4888 239 4953 ἧ
271 4886 339 4938 τὸ
366 4882 512 4945 ζῶον
538 4883 876 4951 σωματικόν
895 4897 910 4911 ο
948 4879 1083 4945 εἶτα,
1124 4880 1187 4933 Ὀ
1211 4879 1275 4932 δὲ
1297 4878 1613 4946 Σωκράτης
1630 4877 1776 4938 ζῶον

194 4976 237 5043 ἢ
266 4974 601 5041 ἄνθρωπος,
630 4972 730 5024 οὐκ
754 4969 821 5023 ἀν
845 4968 1156 5039 σωματικὸν
1189 4966 1672 5035 ἀναγκασθείημεν
1696 4966 1773 5018 sl-

197 5068 334 5118 πεῖν
350 5062 552 5117 καὶτὸν
571 5061 896 5131 Σωκράτηη
919 5060 1075 5114 Οὕτω
1094 5061 1203 5129 7&9
1226 5058 1650 5129 (22),συνάγεται
1675 5061 1773 5127 τῆς

199 5158 458 5230 μείζονος
503 5156 779 5210 κάνταῦθα
830 5154 1096 5225 μενούσης
1149 5152 1617 5223 ὲπαληθευούσης’
1681 5153 1773 5205 ἐπὶ

200 5252 413 5320 μέρους
447 5247 556 5315 7&9
585 5247 685 5317 τὴν
736 5245 1069 5315 προαγωγὴν
1098 5245 1132 5314 ὴ
1178 5244 1442 5313 πρότασις
1475 5242 1609 5313 ἔχει.
1641 5243 1704 5296 Ei
1727 5244 1771 5296 δ’

196 5343 281 5403 si;
321 5340 411 5393 τὸν
431 5337 659 5392 καθόλου
685 5336 855 5392 τύπον
886 5334 1165 5405 ἀναχθείη,
1205 5335 1402 5389 αὐτίκα
1433 5334 1771 5404 πεφωραμέ-

1882 4601 2103 4672 quentia
2164 4599 2542 4669 praedictorum
2598 4612 2702 4649 non
2763 4599 2997 4653 recedat.
3062 4598 3275 4655 Etenim
3339 4619 3447 4657 non

1884 4694 2182 4749 secundum
2240 4693 2540 4765 negativant
2593 4692 2856 4748 duntaxat
2892 4692 3120 4763 figuram
3182 4696 3235 4750 id
3302 4701 3447 4767 quod

1884 4783 2118 4838 diximus
2154 4784 2205 4837 in
2255 4783 2519 4850 ejusmodi
2555 4783 2888 4852 conspicitur
2928 4785 3445 4854 praedicationibus;

1883 4890 2071 4928 verum
2130 4884 2184 4929 et
2230 4876 2281 4929 in
2317 4874 2655 4938 aﬂirmativa,
2686 4876 2849 4928 modo
2893 4878 3015 4944 quis
3064 4879 3194 4931 velit
3217 4880 3447 4934 solidam

1888 4965 2122 5033 aliquatn
2205 4967 2500 5035 producere
2569 4966 2856 5028 rationem.
2920 4983 3025 5036 qua
3094 4970 3451 5025 confirmetur

1884 5056 2133 5124 quaestio.
2168 5055 2416 5111 Dicentes
2448 5057 2592 5110 enim
2632 5073 2646 5108 :
2680 5055 2852 5110 Homo
2905 5056 2983 5110 vel
3030 5060 3233 5112 animal
3268 5077 3450 5128 corpo-

1884 5163 2029 5201 reum
2049 5164 2069 5211 ,'
2092 5147 2285 5203 deinde
2312 5167 2325 5203 :
2356 5147 2596 5202 Socrates
2625 5158 2699 5200 est
2734 5148 2934 5200 animal
2958 5150 3034 5202 vel
3061 5150 3235 5214 homo,
3270 5168 3451 5206 nonne

1881 5252 2138 5305 cogemur
2190 5254 2513 5308 corporemn
2550 5238 2729 5291 dicere
2782 5238 2947 5291 etiam
2999 5238 3310 5293 Socratem?
3375 5241 3448 5295 Ita

1880 5330 2025 5382 enim
2091 5330 2459 5392 concluditur,
2511 5328 2706 5397 majori
2760 5343 2975 5397 quoque
3052 5331 3136 5385 hic
3195 5342 3448 5385 manente

1730 5505 1961 5561 NOTAE.

281 5696 400 5766 (2i)
436 5693 531 5747 Vel
562 5694 688 5762 quid
742 5693 896 5766 deest
945 5696 1025 5748 vel
1077 5694 1415 5766 aposiopesis
1480 5689 1791 5766 statuenda.
1831 5689 1969 5743 Sane
2003 5689 2328 5766 anacoiulho
2361 5686 2693 5743 constructio
2722 5684 2933 5738 similis.

284 5759 401 5835 (ἳῖ)
443 5759 708 5832 Odos—7&9
757 5764 917 5816 habet
976 5759 1177 5834 Apogt'.
1216 5759 1374 5829 vctu,
1433 5765 1578 5834 quod
1625 5759 1785 5816 Catil.
1826 5762 2078 5815 correxit.

570 5881 839 5941 ΡΑτῐιοι..
874 5882 989 5941 Gtt.
1026 5882 1093 5941 Cl
1107 5923 1123 5940 .

3065 5868 3127 5925 lb'
