4186 6444
712 424 826 489 483

1870 421 2126 486 ΡΗΟΤΞῙ
2162 421 2665 483 ΡΑΤΒΙΑΒΟΗΕ
2704 422 2813 485 CP.

3861 419 3967 486 484

718 553 880 604 vera;
925 535 1330 610 particulariter
1367 536 1514 592 enim
1556 551 1620 592 ea
1663 538 1962 608 propositio
2018 538 2280 608 procedit.

2404 555 2477 591 νον
2498 538 2560 591 τὸ
2583 535 2779 606 ψεῦδος
2817 532 3136 605 παρέχεται.
3179 529 3306 596 Πῶς
3328 533 3440 603 γάρ
3459 527 3580 606 ἂν
3603 532 3788 599 λέγειν
3805 545 3820 561 °
3839 531 3966 596 Πᾶς

713 628 945 694 Quodsi
977 629 1031 681 in
1057 626 1417 684 universalem
1442 626 1778 695 eﬂ’ormetur,
1813 629 1957 684 illico
1981 630 2287 699 deprehen-

713 720 863 774 ditur
893 719 1049 774 falsa.
1077 718 1361 785 Quomodo
1389 719 1533 773 enim
1552 720 1658 775 dici
1677 731 1880 791 queat:
1925 720 2106 776 Omnis
2133 721 2288 774 homo

713 813 794 866 vel
818 827 968 866 omne
999 811 1200 865 animal
1218 827 1432 878 corpus.
1487 811 1534 866 si
1567 813 1867 882 propositio
1895 813 1999 868 ista
2031 830 2046 866 :
2086 811 2287 865 Nullus

713 903 868 958 homo
923 912 973 956 ει
1022 901 1226 955 nullum
1265 902 1470 956 animal
1500 912 1578 956 est
1630 919 1823 972 corpus
1879 904 1952 959 sit
1997 901 2290 958 manifeste

719 994 882 1048 vera?
903 993 981 1048 Ad
1015 995 1130 1049 haec
1159 1013 1173 1048 :
1203 991 1487 1058 Quomodo
1511 1007 1622 1048 non
1658 1005 1818 1049 erunt
1847 1010 2136 1065 corporea,
2166 1011 2291 1066 qua

715 1083 1020 1152 subjectum
1066 1098 1230 1137 suum
1279 1099 1478 1154 corpus
1512 1098 1635 1138 esse
1672 1085 1954 1140 indicant?
2003 1085 2290 1152 Quomodo

715 1186 847 1227 vero
871 1187 903 1227 a
935 1174 1180 1241 corporis
1221 1173 1583 1243 appellatione
1613 1184 1668 1228 et
1692 1174 2085 1230 constitutione
2110 1190 2292 1230 remo-

718 1264 1024 1319 vehuntur?
1052 1262 1187 1318 Nam
1227 1265 1296 1319 ab
1319 1265 1640 1334 incorporea
1682 1266 1902 1336 quidem
1937 1275 2133 1322 natura
2163 1276 2294 1323 sunt

716 1355 929 1420 dissita,
961 1369 990 1407 a
1023 1357 1304 1423 corporeis
1328 1369 1457 1410 vero
1521 1357 1947 1427 proprietatibus
1993 1358 2290 1424 recedunt;

715 1454 772 1497 et
793 1445 848 1497 in
885 1457 1182 1513 quamnam
1210 1445 1538 1499 redueentur
1563 1461 1745 1501 rerum
1777 1447 2027 1511 classem,
2057 1447 2106 1502 si
2127 1448 2291 1502 etiam

717 1551 748 1588 a
774 1535 1097 1605 corporibus
1125 1552 1188 1590 ea
1221 1537 1348 1606 quis
1372 1536 1664 1591 eliminet?
1696 1537 1755 1592 Si
1781 1538 1922 1608 quis,
1940 1547 2122 1592 autem
2163 1539 2296 1593 velit

715 1626 821 1679 alia
850 1643 1068 1696 quoque
1102 1628 1188 1680 via
1235 1627 1325 1681 hic
1356 1627 1730 1689 considerare.
1762 1643 1872 1682 non
1914 1627 2100 1682 minus
2133 1643 2293 1697 repe-

716 1716 820 1770 riet
839 1715 1052 1772 facilem
1077 1716 1460 1772 difﬁcultatum
1483 1718 1832 1774 solutionem.
1869 1718 2004 1774 Nam
2037 1720 2295 1776 Socrates

715 1807 935 1876 quidem
979 1808 1144 1862 homo
1188 1807 1273 1861 vel
1319 1809 1523 1863 animal
1571 1825 1668 1879 per
1696 1825 1788 1876 se,
1832 1811 1998 1866 hoino
2042 1827 2171 1866 vero
2209 1813 2294 1866 vel

2389 631 2699 698 ἅνθρωπος
2724 629 2764 696 ἢ
2811 626 2936 684 πᾶν
2981 625 3129 686 ζῶον
3174 626 3536 693 σωματικὸν,
3577 626 3701 693 τῆς,
3756 625 3969 690 Οὐδεὶς

2388 723 2698 790 ἄνθρωπος
2727 719 2828 773 καὶ
2858 718 3043 773 οὐδὲν
3080 715 3228 778 ᾰῖιον
3265 711 3630 784 damnandi,
3660 715 3969 787 διαρρήδην

2389 811 2860 883 ἐπαληθευούσηςς
2922 810 3046 863 Ἔτι
3087 808 3148 860 δέ
3205 807 3324 871 πῶς
3357 807 3459 861 οὐκ
3491 806 3559 859 άν
3591 809 3909 877 σωματικά,
3935 805 3972 859 ἃ

2391 905 2550 976 σῶμα
2571 903 2634 957 τδ
2655 901 3016 971 ὑποκείμενον
3043 899 3383 961 ἐκδιδάσκεις
3416 897 3533 960 πῶς
3563 897 3609 949 δ’
3635 897 3706 950 ἂν
3729 897 3832 965 τῆς
3861 912 3974 948 σω-

2394 997 2630 1068 ματικῆς
2688 991 3079 1062 άλλοτριωθείη
3125 987 3372 1060 κλήσεὼς
3405 1004 3464 1040 τε
3492 985 3588 1040 καὶ
3619 986 3972 1049 συστάσεωςς

2390 1089 2503 1159 Τῆς
2561 1087 2659 1155 μιέν
2719 1085 2829 1154 γὰρ
2860 1081 3155 1152 ἀσωμάτου
3181 1079 3432 1149 διέστηκε
3476 1078 3719 1148 φύσεως,
3751 1077 3866 1129 τῶν
3917 1077 3976 1129 δέ

2394 1175 2725 1245 σωματικῶν
2773 1175 3081 1242 ἰδιωμάτων
3133 1169 3531 1242 άνακεχώρηκε
3558 1187 3571 1200 ·
3614 1171 3708 1223 καὶ
3737 1169 3865 1221 τίνα
3911 1167 3978 1220 ἃν

2394 1267 2617 1322 ὑπέλθοι
2653 1267 2762 1318 τῶν
2805 1266 2974 1317 δντων
3030 1263 3254 1332 κλῆρον,
3275 1263 3327 1314 εἰ
3363 1261 3462 1312 καὶ
3491 1261 3601 1314 τῶν
3641 1257 3977 1329 ωματικῶν

2391 1375 2475 1420 τις
2505 1357 2669 1428 ὁρίων
2701 1355 2836 1408 αὐτὸ
2853 1355 3232 1424 ὁπερορίσειεν
3256 1369 3272 1416 ;
3305 1352 3370 1406 El
3393 1351 3455 1408 δέ
3487 1351 3552 1419 γέ
3572 1367 3655 1413 τις
3676 1349 3858 1402 ἐθέλοι
3882 1347 3976 1399 καὶ

2393 1449 2568 1511 ἄλλως
2599 1448 2940 1509 ἐπισκοπεῖν,
2973 1446 3075 1497 οὑκ
3105 1443 3334 1497 ἐλαττον
3351 1443 3577 1514 εὑρήσει
3597 1439 3707 1492 τῶν
3738 1442 3976 1505 ἀπορου-

2398 1541 2577 1610 μένων
2603 1537 2667 1591 τδ
2695 1535 3032 1589 εὐδιάλυτον.
3061 1534 3171 1588 Καὶ
3207 1535 3320 1604 γὰρ
3347 1536 3376 1586 ὁ
3401 1533 3503 1600 μέν
3557 1530 3862 1599 Σωκράτης
3893 1529 3978 1582 άνα

2396 1630 2613 1698 (lpum;
2641 1624 2675 1695 ἦ
2701 1623 2840 1688 ζῶον
2864 1621 2986 1675 καθ’
3039 1621 3204 1674 αὐτόο
3233 1622 3263 1673 δ
3291 1620 3347 1672 δέ
3371 1619 3658 1689 ἄνθρωπος
3693 1618 3728 1687 ἢ
3750 1616 3814 1668 τὺ
3842 1615 3976 1678 ζῶον

2398 1715 2712 1788 σωματικὸν
2745 1714 2805 1765 ού
2851 1711 2974 1766 καθ’
3005 1711 3135 1764 αὐτὸ
3181 1709 3293 1763 οὐδ’
3338 1707 3566 1771 ἄνωθεν,
3619 1706 3744 1760 οὐδὲ
3778 1704 3970 1774 φύσει·

2397 1808 2510 1861 ἀλλ’
2561 1806 2636 1868 ὡς
2679 1801 3061 1869 ἐξαγγελτικδν
3107 1800 3207 1854 καὶ
3258 1799 3561 1869 δηλωτικὸν
3604 1795 3975 1865 ὑποκειμένου

717 1897 922 1952 animal
941 1908 1025 1953 est
1053 1913 1378 1969 corporeum
1423 1913 1532 1953 non
1565 1915 1661 1969 per
1690 1915 1784 1968 se;
1817 1917 1918 1957 nec
1942 1917 1973 1956 a
1999 1916 2102 1957 suo
2142 1901 2293 1972 prin-

2404 1900 2649 1970 σώματος
2679 1899 2774 1951 καὶ
2798 1898 2897 1966 τὴν
2932 1894 3071 1965 πρὸς
3092 1892 3225 1946 αύτδ
3245 1888 3752 1959 περιπτυσσόμενον
3773 1885 3976 1956 σχέσιν.

717 1990 881 2060 cipio.
911 2005 1012 2045 nec
1045 1999 1263 2054 natura,
1311 1990 1407 2044 sed
1444 1999 1633 2061 utpote
1663 1992 2064 2047 enuntiativum
2097 2002 2153 2047 et
2194 1992 2292 2047 de-

719 2078 1037 2133 clarativum
1087 2078 1318 2147 subjecti
1359 2081 1632 2149 corporei,
1685 2081 2173 2137 eLhabitudinem
2223 2082 2292 2137 ad

721 2167 852 2222 illud
878 2168 1180 2237 explicans.
1214 2167 1335 2224 Non
1370 2179 1456 2223 est
1503 2170 1670 2240 igitur
1709 2172 1952 2227 validum
2002 2187 2295 2242 argumen-

720 2268 858 2322 tum,
905 2258 1052 2327 quod
1085 2256 1366 2312 Socratem
1400 2273 1721 2329 corporeum
1757 2263 1938 2318 vocari
1988 2262 2176 2334 exigit.
2215 2263 2294 2319 Ex

721 2349 1190 2418 propositionibus
1217 2350 1361 2404 enim
1389 2351 1590 2407 diversi
1619 2355 1835 2422 generis
1857 2366 1913 2410 et
1935 2355 2296 2412 dissimilibus

720 2439 1051 2508 contexitur,
1082 2449 1270 2510 utpote
1310 2443 1458 2511 quod
1503 2459 1604 2498 nec
1646 2445 1753 2500 dua
1803 2456 2013 2516 queunt
2048 2448 2294 2516 ejusdem

721 2530 1030 2600 argumenti
1067 2530 1176 2585 dici
1205 2540 1421 2601 partes;
1448 2533 1543 2588 sed
1573 2548 1681 2589 una
1729 2534 1960 2592 forsitan
2003 2539 2192 2603 unius,
2217 2538 2299 2592 al-

723 2630 839 2674 tera
869 2622 1122 2688 alterius,
1152 2639 1276 2693 quae
1308 2625 1512 2693 pariter
1533 2627 1610 2681 nil
1641 2627 1843 2684 habent
1885 2629 2026 2684 inter
2056 2644 2116 2684 se
2143 2644 2300 2684 com-

724 2727 910 2767 mune.
963 2711 1094 2769 Jure
1145 2715 1312 2786 igitur
1362 2731 1428 2771 ex
1469 2717 1739 2788 ejusmodi
1798 2722 2087 2791 peregrina
2145 2737 2300 2777 eom-

724 2803 977 2873 plexione
1007 2815 1061 2860 et
1090 2807 1415 2864 confusione
1443 2810 1578 2864 nihil
1606 2812 1866 2867 concludi
1895 2813 2118 2882 poterit.

793 2918 849 2973 δ.
881 2918 1081 2974 Verum
1104 2929 1159 2974 et
1185 2920 1315 2975 illud
1347 2937 1562 2978 mecum
1597 2925 1910 2990 considera,
1952 2925 2098 2994 quod
2123 2924 2304 2980 adhuc

2397 1991 2610 2046 Οὐκοῦν
2651 1990 2752 2043 οὐκ
2807 1988 2924 2041 ἐστι
2974 1985 3158 2052 λόγος,
3189 1982 3250 2046 δς
3284 1982 3382 2035 τὸν
3415 1979 3720 2051 Σωκράτην
3757 1979 3979 2034 άπαιτεῐ

2400 2078 2710 2152 σωματικὸν
2732 2075 3017 2131 καλεῖσθαι
3035 2089 3050 2102 ·
3082 2075 3150 2127 ἐκ
3179 2074 3497 2143 προτάσεων
3515 2072 3623 2141 γὰρ
3649 2067 3981 2141 ἑτερογενῶν

2401 2170 2497 2222 καὶ
2541 2167 2809 2238 ἀνομοίων
2835 2165 3211 2227 διαπλέκεται,
3244 2161 3321 2226 ὡς
3361 2160 3496 2231 μηδὲ
3527 2160 3624 2213 δύο
3649 2158 3970 2227 δυναμένων

2399 2260 2494 2314 τοῦ
2524 2257 2688 2312 αὑτοῦ
2707 2257 2867 2325 λόγου
2887 2255 3030 2326 μέρη
3041 2251 3319 2322 λέγεσθαι,
3340 2251 3480 2305 ἀλλὰ
3494 2250 3596 2321 τὴν
3613 2248 3744 2311 ἴσως
3770 2247 3982 2316 ἐτέρου,

2404 2351 2634 2422 θατέρου
2657 2349 2718 2402 δέ
2737 2348 2838 2419 τὴν
2864 2348 3084 2417 ἑτέραν,
3115 2345 3212 2398 καὶ
3242 2342 3445 2397 τούτων
3466 2342 3606 2412 πρὸς
3631 2338 3898 2408 ἀλλήλους
3923 2336 3984 2388 τὸ

2402 2441 2765 2510 ἀκοινώνητον
2811 2435 3322 2501 συνδιασωζόντων·
3383 2432 3613 2494 εἰκότως
3657 2425 3756 2484 οὖν
3785 2431 3852 2481 ἐκ
3886 2427 3985 2495 τῆς

2403 2534 2661 2604 τοιαύτης
2689 2531 2991 2602 ἀλλοφύλου
3019 2529 3230 2600 πλοκῆς
3261 2527 3360 2582 καὶ
3386 2525 3707 2597 συγχύσεως
3730 2522 3888 2577 οὐδέν
3919 2521 3988 2574 εν

2407 2625 2840 2698 συμπερανθείη.

2484 2909 2550 2962 δ’.
2587 2908 2752 2961 Ἀλλὰ
2793 2907 2905 2980 γὰρ
2937 2905 3162 2962 κάκεῐνὸ
3204 2923 3295 2975 μοι
3343 2903 3546 2972 συνόρα
3578 2897 3908 2972 δριμύτερον
3931 2895 3989 2949 δν

725 3010 984 3066 subtilius
1007 3021 1092 3066 est
1137 3027 1300 3082 quam
1345 3015 1708 3083 propositum.
1771 3016 1832 3071 Si
1866 2989 2013 3070 enim
2053 3015 2300 3072 Socrates

2408 2998 2504 3052 τοῦ
2529 3000 2891 3069 προκειμένου
2911 3015 2926 3029 ·
2954 2999 3004 3050 εἰ
3034 2997 3145 3064 γάρ
3173 2998 3207 3049 ό
3232 2990 3556 3064 Σωκράτης
3595 2990 3692 3043 καὶ
3722 2989 3788 3042 eo
3828 3003 3990 3058 προφ

723 3116 790 3156 eo
819 3101 963 3171 quod
1001 3079 1248 3171 proxime
1275 3079 1606 3171 praedicatur
1651 3114 1708 3161 et
1745 3107 1966 3177 proprie
1997 3107 2300 3176 subjectum

2411 3089 2551 3159 εχῶς
2572 3087 3048 3159 κατηγορούμενον
3071 3086 3168 3140 καὶ
3192 3084 3400 3156 κυρίως
3417 3080 3762 3150 άπαγτέλλον
3776 3079 3846 3180 τὸ
3867 3083 3993 3181 ὑπεζ-

728 3191 1000 3254 enuntiat,
1032 3206 1143 3244 non
1173 3194 1489 3248 necessario
1513 3210 1636 3263 qua
1660 3171 1764 3252 sua
1778 3171 1907 3251 sunt
1933 3171 2300 3252 communicat

2410 3180 2667 3249 κείμενον
2696 3180 2799 3232 ούκ
2826 3179 2894 3233 ἂν
2925 3175 3254 3246 άπαιτηθείη
3281 3174 3351 3228 τά
3375 3172 3542 3227 αὐτοῦ
3570 3171 3901 3242 μεταδοῦναι
3920 3171 3994 3239 τῷ

729 3283 808 3337 rei
840 3282 1182 3352 significata,
1212 3298 1338 3339 cum
1393 3261 1572 3340 tamen
1612 3295 1667 3341 et
1719 3287 1896 3358 major
1940 3288 2044 3343 hoc
2082 3289 2224 3353 loco,
2257 3289 2300 3344 si

2409 3269 2754 3341 δηλουμένην
2787 3269 2968 3322 καίτοι
2999 3268 3099 3322 καὶ
3125 3267 3228 3336 τῆς
3273 3265 3522 3335 μείζονος
3561 3262 3823 3325 ἐνταῦθα,
3872 3261 3994 3313 συλ-

727 3375 853 3445 quis
882 3351 1012 3430 velit
1039 3376 1412 3446 syllogismum
1437 3392 1787 3448 componere,
1806 3351 2014 3450 vpossit
2036 3351 2300 3451 quodam-

2409 3362 2722 3431 λογιστικὸν
2744 3359 2799 3413 εῐ
2822 3377 2907 3423 τις
2936 3358 3111 3412 ἐθέλει
3141 3356 3440 3419 συνθεῖναι,
3469 3351 3782 3422 δυναμένης
3809 3352 3996 3421 ἁμωσ-

728 3441 896 3522 modo
951 3469 1021 3523 ad
1061 3441 1424 3526 universalem
1477 3441 1704 3541 figuram
1759 3441 2075 3542 procedere:
2128 3471 2300 3541 Neque

2411 3454 2595 3524 γέπως
2623 3454 2705 3516 εἰς
2733 3451 2798 3504 τὸ
2829 3449 3118 3504 καθολικδν
3146 3447 3337 3517 σχῆμα
3360 3444 3664 3516 προελθεῖν.
3688 3443 3766 3497 ού
3803 3442 3915 3513 γὰρ
3937 3441 3996 3493 τὸ

728 3561 874 3616 enim
905 3577 1044 3626 rem,
1074 3578 1242 3632 quam
1289 3578 1396 3618 vos
1444 3561 1693 3618 Socrates
1717 3564 1973 3619 enuntiat
2005 3602 2024 3628 .
2052 3564 2311 3618 enuntia-

731 3657 896 3710 tivam
935 3656 1019 3709 vel
1065 3655 1484 3725 significativam
1511 3655 1740 3726 subjecti
1805 3655 2084 3727 quispiam
2151 3669 2305 3709 sanae

729 3745 932 3802 mentis
963 3745 1191 3811 dixerit;
1224 3747 1271 3800 si
1329 3761 1462 3800 vero
1500 3745 1625 3810 hoc,
1691 3746 1968 3817 quomodo
1993 3760 2103 3800 non
2136 3744 2312 3799 multo

730 3837 906 3908 magis
943 3853 1008 3892 ea
1039 3851 1161 3906 qua
1188 3852 1220 3892 e
1259 3837 1513 3892 mediatis
1540 3836 1784 3892 Socratis
1822 3835 2134 3906 praedicatis
2181 3849 2315 3889 eon-

729 3936 1036 3996 sequuntur
1061 3926 1243 3982 omnis
1287 3925 1432 3980 ratio
1470 3925 1675 3981 vetabit
1710 3926 1876 3982 etiam
1909 3925 1977 3980 ad
2026 3922 2312 3978 Socratem

729 4033 828 4088 per
865 4032 924 4074 se
944 4017 1088 4072 trahi
1120 4017 1283 4087 eique
1310 4015 1539 4070 attribui
1559 4016 1587 4069 ?

2412 3546 2670 3616 πρᾶγμα,
2695 3544 2832 3613 ὅπερ
2874 3542 2910 3610 ή
2942 3537 3264 3607 Σωκράτου
3289 3535 3478 3606 ἐδήλου
3507 3535 3682 3604 φωνή,
3717 3531 3996 3602 ἀπαγγελ-

2412 3636 2565 3690 τικδν
2587 3635 2619 3704 ἢ
2649 3631 2947 3703 δηλωτικὸν
2988 3632 3106 3700 ἐρεῐ
3131 3646 3216 3690 τις
3243 3627 3340 3682 τοῦ
3367 3627 3756 3697 ὑποκειμένου,
3795 3626 3997 3695 σύμεν-

2413 3727 2511 3781 οὖν
2538 3727 2640 3779 οὐκ
2661 3725 2801 3795 έχων
2829 3725 2910 3786 εἰς
2937 3721 3145 3792 βλάϐην
3169 3720 3514 3791 ἀπορρέοντα
3532 3719 3625 3771 τδν
3644 3717 3927 3788 λογισμόν·
3950 3717 3998 3768 εἰ

2414 3816 2672 3880 δὲτοῦτο,
2703 3813 2825 3877 πῶς
2844 3813 2967 3882 οὐχὶ
2990 3808 3174 3880 πολλῷ
3217 3809 3421 3880 μᾶλλον
3446 3808 3555 3863 τῶν
3577 3808 3665 3861 διὰ
3699 3809 3874 3878 μέσου
3905 3805 3998 3858 τοῦ

2416 3907 2742 3978 Σωκράτους
2782 3899 3274 3973 κατηγορουμένων
3296 3898 3444 3960 Em;
3483 3897 3814 3967 ἐκστήσεται
3847 3895 4001 3962 λόγος

2416 3998 2488 4052 τὰ
2507 3997 2748 4066 ἑπόμενα
2771 3993 2849 4065 μή
2875 3992 2996 4047 καθ’
3012 3992 3159 4070 ἀύτδ
3183 3991 3280 4044 καὶ
3304 3990 3400 4043 ἐειτί⁵
3431 3986 3526 4042 τοῦ
3553 3988 3886 4058 Σωκράτους
3913 3987 4002 4040 ἐλ-

2418 4106 2537 4142 κειν
2567 4071 2627 4140 τέ
2657 4087 2753 4140 καὶ
2783 4082 3196 4156 μεθαρμόζεινς

805 4237 858 4292 5.
887 4236 1090 4292 Divisio
1150 4251 1300 4301 vero,
1353 4249 1477 4306 qua:
1509 4231 1874 4290 substantiam
1915 4231 1970 4285 in
2019 4243 2222 4298 corpus
2263 4242 2300 4283 ε

2491 4221 2553 4276 ε’.
2591 4221 2657 4274 Ἥ
2684 4220 2742 4275 ει
2759 4219 3048 4291 διαίρεσις,
3064 4221 3100 4290 ή
3127 4219 3228 4289 τήν
3247 4217 3435 4273 οὐσίαν
3459 4218 3547 4306 εἰς
3759 4215 4003 4306 διαστέλ-

737 4328 1121 4397 incorporeum
1153 4304 1405 4396 partitur,
1434 4333 1561 4393 apta
1581 4324 1689 4378 erit
1703 4320 1978 4378 solvenda:
2006 4317 2298 4390 quastioni

2420 4313 2593 4366 λουσα
2630 4311 2726 4364 καὶ
2761 4308 3076 4380 ἀσώματον,
3109 4308 3211 4360 οὐκ
3250 4307 3319 4361 ἂν
3359 4305 3587 4376 ἐκσταίη
3613 4304 3854 4373 θεωρίας
3883 4307 4003 4358 ἐπι-

735 4420 782 4475 si
811 4394 938 4489 quis
990 4394 1342 4486 respondeat,
1396 4413 1718 4468 divisionem
1751 4411 1901 4464 illam
1955 4418 2204 4479 spectare
2252 4423 2300 4463 at

2422 4403 2688 4473 λυομένης
2731 4400 2799 4452 τδ
2840 4399 3082 4469 ζήτημα,
3111 4398 3164 4450 εί
3184 4413 3272 4460 τις
3301 4396 3531 4467 ἀποδοίη
3565 4394 3746 4462 λόγον,
3777 4395 3918 4495 πρδς
3940 4394 4005 4447 τὰ

730 4485 972 4568 extrema
1042 4485 1100 4566 et
1176 4510 1366 4564 ultima
1437 4504 1813 4572 subiectorum
1868 4509 1923 4555 et
1996 4500 2103 4555 hoc
2164 4507 2300 4570 pactt

2425 4493 2627 4563 ισχατα
2668 4491 2765 4545 καὶ
2809 4490 3093 4542 τελευταία
3145 4487 3256 4540 τῶν
3295 4486 3671 4556 ὑποκειμένων
3714 4485 4005 4555 ἀφορῶσαν

729 4606 1056 4661 divisionem
1086 4618 1151 4659 ac
1175 4601 1471 4658 sectionem
1508 4595 1749 4666 operari.
1788 4592 1941 4648 Licet
1972 4591 2121 4646 enim
2145 4590 2300 4646 etiam

2427 4584 2572 4638 οὓτω
2595 4583 2694 4651 τὴν
2718 4581 2893 4653 τομήν
2921 4577 3279 4651 ἐργάσασθαι.
3305 4577 3370 4630 Εἰ
3408 4576 3519 4647 γὰρ
3548 4575 3646 4628 καὶ
3676 4573 3892 4666 άνωθεν
3921 4573 4006 4625 δο-

1248 4692 1501 4748 videatur
1531 4657 1754 4753 divisio,
1788 4695 2027 4742 attamen
2081 4699 2178 4753 per
2209 4698 2300 4738 cu-

2418 4677 2506 4728 κεῖ
2558 4673 2808 4745 προϊέναι
2855 4674 2918 4726 eo
2961 4671 3064 4740 τῆς
3114 4668 3458 4737 διαιρέσεως,
3501 4665 3617 4720 ἀλλ’
3643 4660 3743 4720 οὖν
3782 4665 3875 4718 διὰ
3904 4665 4000 4768 τής

736 4756 957 4844 ι’ἰοεσηί
992 4802 1178 4841 rerum
1213 4783 1540 4838 inferiorum
1583 4776 2061 4844 investigationem
2106 4773 2250 4828 ratio
2279 4787 2300 4827 ι

2416 4765 2661 4820 κάτωθεν
2689 4759 3228 4832 πολυπραγμοσύνης
3252 4758 3352 4821 τάς
3378 4773 3441 4809 τε
3474 4757 3759 4824 αἰσθήσεις
3785 4756 4001 4806 ἐπικούο

732 4882 988 4939 sensihns
1016 4882 1083 4934 ad
1111 4873 1473 4948 judicandum
1505 4871 1691 4940 adjuta
1723 4878 1892 4938 atque
1919 4866 2050 4921 inde
2071 4865 2140 4920 ab
2161 4865 2300 4919 omni

2419 4875 2544 4929 ρους
2577 4857 2759 4927 φέρων
2786 4855 2886 4922 τῆς
2922 4853 3159 4924 κρίσεως
3196 4852 3226 4905 δ
3254 4849 3514 4920 λογισμὸς
3540 4847 3640 4902 καὶ
3679 4845 3744 4899 τὸ
3766 4846 3901 4915 περὶ
3939 4844 4005 4945 τά

731 4990 920 5031 errore
946 4973 1095 5029 circa
1123 4966 1422 5040 singularia
1452 4980 1513 5020 se
1539 4964 1808 5028 esimens,
1838 4960 2032 5028 sicque
2081 4955 2151 5010 ad
2183 4970 2300 5010 con-

2420 4948 2738 5003 καθέκαστα
2779 4944 3019 5007 άπλανές
3051 4940 3265 4996 ἐκεῖθεν
3298 4939 3796 5012 συναθροισάμενος
3825 4937 4002 5040 ἐαυτῷ

733 5065 1139 5136 temptationem
1199 5027 1597 5132 generaliorem
1655 5050 1980 5114 ascendens,
2048 5057 2300 5117 tanquam

2421 5041 2517 5096 καὶ
2546 5038 2721 5101 οὕτως
2762 5037 2857 5090 ἐπὶ
2901 5036 3003 5107 τὴν
3049 5031 3365 5102 κοινοτέραν
3409 5029 3644 5100 θεωρίαν
3676 5027 4005 5097 ἀναδραμὼν

735 5120 780 5213 ζ
797 5120 1016 5229 specula
1046 5120 1283 5226 quadam
1340 5147 1647 5205 consultius
1697 5144 2004 5212 meliusque
2051 5138 2300 5194 inferior:

2413 5135 2603 5203 ὥσπερ
2631 5130 2743 5185 ἀπό
2765 5145 2916 5192 τινος
2940 5124 3231 5197 περιωπῆς
3261 5120 3659 5193 ἐμπειρότερόν
3693 5136 3756 5173 τε
3787 5120 3890 5172 καὶ
3917 5134 4004 5229 op-

735 5249 1016 5321 perspicit.
1048 5255 1104 5302 et
1147 5243 1436 5300 divisivam
1475 5237 1686 5308 profert
1741 5231 2079 5295 methodum,
2130 5243 2321 5321 recen-

739 5320 932 5398 tiorem
983 5348 1162 5393 tamen
1212 5345 1269 5390 et
1310 5331 1670 5403 posteriorem
1711 5324 1968 5398 praedicta
2022 5321 2141 5387 illa,
2177 5320 2323 5374 sicut

735 5452 879 5502 eam,
911 5449 1076 5504 quam
1103 5431 1292 5484 volunt
1314 5425 1638 5496 analyticam
1675 5420 1978 5475 nominare.
2013 5415 2213 5470 Verum
2246 5411 2315 5466 ad

739 5531 842 5584 hoc
893 5537 946 5581 et
980 5526 1102 5579 alia:
1149 5522 1392 5576 rationes
1452 5513 1699 5570 adhiberi
1756 5515 2008 5581 possunt,
2055 5513 2317 5575 quoniam

739 5625 1028 5696 plerosque
1057 5617 1124 5670 ad
1149 5613 1405 5669 sublimia
1437 5624 1548 5664 rem
1587 5608 1750 5661 istam
1790 5612 1844 5656 et
1875 5598 2308 5670 pltilosOphicam

740 5726 1030 5770 causarum
1079 5708 1456 5762 tractationem
1518 5700 1896 5756 connictantes
1939 5700 2023 5746 est
2072 5702 2316 5743 cernere.

741 5809 908 5864 hiulla
944 5805 1114 5870 enim,
1140 5813 1263 5872 quae
1290 5796 1556 5853 rationem
1585 5791 1783 5846 habent
1824 5782 2174 5858 profundam,
2208 5794 2315 5833 non

2418 5224 2664 5294 φὼτερον
2703 5223 2771 5275 τὰ
2802 5219 3101 5286 κατωτέρω
3128 5232 3190 5269 τε
3215 5214 3369 5285 διορᾷ
3415 5213 3510 5267 καὶ
3531 5211 3630 5282 τὴν
3667 5209 4006 5279 διαιρετικήν

2420 5316 2802 5388 προηνέγκατο
2845 5311 3092 5382 μέθοδον,
3140 5305 3610 5378 μεταγενεστέραν
3641 5304 3741 5374 μέν
3765 5300 4006 5371 δηλονότι

2420 5410 2522 5479 τῆς
2545 5404 2951 5478 προειρημένης
2997 5401 3185 5464 οὖσαν,
3216 5398 3406 5468 ὥσπερ
3439 5396 3667 5465 ταύτην,
3705 5395 3773 5464 ἢν
3796 5391 4007 5446 ἐθέλονο

2427 5517 2512 5554 σιν
2543 5495 2875 5566 ἀναλυτικην
2902 5491 3215 5561 ὀνομάζει-ι.
3251 5488 3412 5542 Ἀλλὰ
3443 5487 3581 5559 πρὸς
3604 5484 3763 5538 τοῦτο
3799 5483 3900 5554 μὲν
3921 5479 4008 5532 καὶ

2429 5593 2636 5660 ἐτέροις
2667 5589 2734 5642 άν
2760 5606 2844 5651 τις
2875 5586 3140 5656 χρήσαιτο
3169 5581 3349 5649 λόγοις
3370 5596 3385 5609 ·
3417 5578 3553 5632 διότι
3593 5576 3689 5631 καὶ
3717 5575 3849 5636 τοὺς
3884 5568 4006 5624 πολ-

2426 5684 2549 5746 λοὺς
2583 5680 2718 5744 ποὺς
2748 5679 2848 5747 τήν
2888 5674 3229 5745 ὑψηλοτέραν
3269 5670 3477 5737 ταύτην
3509 5668 3608 5722 καὶ
3647 5664 4007 5736 enim»:

2423 5771 2751 5839 αἰτιολογίαν
2783 5764 3299 5837 σκαρδαμύττοντας
3326 5760 3476 5815 εστιν
3501 5759 3657 5828 δρᾷν.
3694 5755 3877 5811 Πολλὰ
3903 5752 4006 5820 γὰρ
