4186 6444
207 442 322 509 485

1068 436 1167 496 AD
1206 428 1794 494 AMPHILOCHIUM
1828 425 2171 500 QUIESTIO
2207 426 2493 489 LXXVII.

3345 418 3452 482 ‘86

206 558 323 611 τῶν
351 554 580 627 ἑχόντων
610 553 771 623 λόγον
794 552 1156 623 βαθυνόμενσν
1170 550 1431 620 (ὕλταῖς
1446 549 1558 604 τῶν
1572 546 1782 617 ἀνθρώ-

1901 543 2060 599 ιοΙειιι
2112 542 2285 612 prima
2333 542 2516 597 statim
2584 538 2761 595 fronte
2804 537 3087 593 nominum
3130 534 3359 590 auribus
3387 549 3455 590 ac

209 662 331 701 πων
355 645 665 718 προχείροις
687 645 880 706 ἀκοαῖς
898 645 992 697 καὶ
1019 643 1359 704 έπιπολαιοις
1386 641 1647 703 διανοίαις
1676 640 1777 694 οὐκ

212 738 387 792 εθέλει
438 734 892 807 συναρμόζεσθαι,
951 735 1273 803 πεφυκότων
1329 733 1419 785 διά
1472 730 1668 801 πείρας
1719 747 1780 784 τε

211 826 506 897 μεθοδικῆς
554 825 653 880 καὶ
703 824 939 895 κρίσεως
989 822 1353 893 σχολαζούσης
1397 819 1784 884 εἰσοικεζεσθαι

212 914 816 989 μάλιστα,ἦς’ἀπούσης
841 916 943 985 τῆς
965 915 1291 982 ἀποδείξεως
1312 916 1342 968 ὀ
1367 913 1526 981 λόγος
1556 911 1785 981 ἀσθενὴς

211 1007 357 1064 εἶναι
388 1010 551 1076 δοκεῖ,
587 1009 677 1064 τὺν
698 1008 823 1062 νοῦν
841 1007 951 1061 τῶν
974 1007 1259 1078 ἀκροατῶν
1296 1005 1433 1076 πρὸς
1457 1004 1652 1059 ἑαυτὸν
1688 1004 1780 1073 ιφ.

212 1101 570 1156 ελκύσασθαι.

289 1194 384 1260 ς’.
411 1191 550 1253 τοὺς
579 1189 638 1245 δέ
669 1205 734 1258 γε
758 1187 1233 1259 διαπορουμένους,
1252 1186 1349 1250 ὡς,
1374 1184 1429 1237 εἴ
1459 1202 1545 1249 τις
1571 1185 1687 1255 δοίη
1722 1184 1794 1239 τὰ

213 1282 329 1338 τῶν
374 1282 641 1353 σωμάτων
681 1282 817 1351 γένη
861 1283 955 1336 καὶ
998 1281 1111 1350 εῐδη
1167 1279 1416 1350 σώματα,
1467 1278 1591 1331 τότε
1633 1277 1792 1347 τριχῆ

214 1376 507 1431 διαστατδν
532 1376 717 1438 αὐτοῖς
744 1374 1085 1444 συμϐήσεται
1130 1374 1225 1427 καὶ
1273 1373 1308 1442 ἡ
1354 1373 1412 1425 έν
1449 1372 1600 1442 τόπῳ
1637 1387 1795 1438 περι-

214 1466 411 1538 γραφὴ
430 1466 524 1521 καὶ
553 1466 615 1520 τὸ
636 1467 757 1528 ταῖς
780 1465 1094 1536 αἰσθήσεσιν
1122 1462 1401 1533 κρίνεσθαι
1424 1464 1519 1515 καὶ
1543 1462 1605 1515 τὸ
1634 1461 1796 1531 σῶμά

219 1575 289 1627 γε
317 1558 405 1611 διά
432 1556 681 1626 σώματος
709 1555 1029 1625 χωρεῖν,κώ⁵
1062 1554 1115 1607 εἴ
1148 1572 1199 1606 τι
1242 1552 1369 1606 ἀλλο
1402 1551 1645 1606 τοιοῦτον
1685 1553 1797 1614 τοῖς

221 1652 502 1722 περιττοῖς
531 1649 971 1720 πεφιλοτίμηται,
1014 1650 1117 1703 οὐκ
1160 1646 1228 1701 ἀν
1255 1647 1559 1709 ἀπεικότως
1583 1645 1797 1715 θαυμά-

225 1760 408 1813 σαιμι,
456 1742 532 1805 ώς
575 1743 626 1794 ol
669 1741 739 1796 τά
774 1741 1001 1795 τοιαῦτα
1035 1738 1327 1809 ζητοῦντες
1356 1738 1449 1791 καὶ
1487 1736 1799 1806 νομίζοντες

1893 632 2164 689 mentibus
2213 633 2503 704 quadrare.
2547 647 2671 688 cum
2703 631 2791 686 isti
2843 629 3057 685 soleant
3082 627 3175 683 illa
3226 626 3455 695 potissi-

1888 739 2040 778 mum
2073 724 2289 794 assequi
2322 737 2418 792 per
2467 721 2834 777 methodicam
2872 718 3264 790 experientiam
3295 716 3455 787 quie-

1886 826 2105 884 tamque
2132 813 2567 883 judicationem;
2618 827 2742 883 qua:
2791 812 2882 865 ubi
2919 810 3082 874 desit,
3114 810 3457 864 demonstra-

1888 907 2053 962 tionis
2085 904 2227 960 ratio
2259 904 2472 959 infirma
2499 904 2713 959 videtur
2760 917 2884 959 esse
2938 900 3007 956 ad
3037 899 3359 955 trahendam
3390 911 3457 951 ac

1889 994 2263 1065 pelliciendam
2279 993 2589 1049 auditorum
2622 999 2879 1047 mentem.

1962 1171 2018 1226 6.
2046 1170 2150 1237 Qui
2177 1184 2306 1226 vero
2335 1168 2612 1233 dubitant,
2643 1184 2711 1224 ne
2734 1167 2893 1233 forte,
2920 1167 2967 1224 si
2995 1167 3119 1238 quis
3148 1168 3240 1221 det
3266 1180 3461 1237 corpo-

1892 1277 2012 1316 rum
2038 1277 2232 1332 genera
2253 1269 2308 1317 et
2332 1260 2539 1331 species
2560 1276 2683 1316 esse
2703 1274 2956 1329 corpora,
2982 1274 3070 1325 ne,
3097 1259 3341 1328 inquam,
3374 1273 3463 1313 se-

1893 1359 2112 1423 quatur,
2142 1352 2342 1407 trinam
2381 1351 2488 1408 illis
2510 1353 3032 1407 mensurabilitatem
3078 1349 3376 1405 convenire
3407 1358 3465 1403 et

1897 1444 1952 1497 tn
1991 1443 2112 1497 loco
2147 1442 2525 1498 circumscribi
2548 1452 2604 1497 et
2633 1442 2885 1497 sensibus
2918 1440 3151 1509 judicari
3184 1449 3241 1494 et
3261 1452 3463 1508 corpus

1896 1550 1993 1603 per
2036 1548 2238 1604 corpus
2292 1542 2578 1604 penetrare
2618 1542 2673 1588 et
2709 1534 2755 1586 si
2798 1532 2931 1601 quid
2979 1530 3129 1585 aliud
3190 1530 3459 1599 ejusmodi

1896 1626 2058 1682 otiosi
2116 1626 2460 1696 indagatores
2509 1624 2909 1693 excogitarunt,
2968 1624 3069 1677 hos
3122 1621 3318 1676 merito
3363 1636 3466 1691 ego

1899 1718 2157 1781 admiror,
2187 1716 2485 1789 quomodo,
2515 1730 2639 1771 cum
2667 1715 2795 1769 talia
2844 1722 3167 1783 argumenta
3210 1721 3469 1781 quaerunt

223 1800 368 1904 πρδς
392 1800 495 1901 τὴν
512 1800 691 1887 αὐτῶν
718 1833 851 1904 όρᾷν
879 1800 1114 1901 σπουδὴν
1141 1829 1210 1883 τά
1233 1800 1657 1899 ἐπιχειρήματα,
1680 1824 1800 1888 πῶς

1901 1822 2075 1879 eaque
2107 1807 2175 1863 ad
2231 1822 2390 1863 suum
2422 1806 2664 1876 ipsorum
2722 1804 2963 1859 studium
3017 1810 3267 1871 spectare
3321 1800 3467 1855 arbi-

222 1892 329 1979 ούκ
347 1892 582 1993 νέφασαν
624 1923 730 1995 πρὸ
752 1892 885 1975 ’τῶν
915 1892 1088 1976 ἀλλων
1123 1892 1514 1982 euanuit};
1537 1936 1552 1950 ο
1580 1936 1599 1969 ι
1640 1918 1703 1971 El
1731 1915 1801 1969 τά

1904 1907 2139 1961 trantur,
2174 1897 2451 1968 quomodo
2480 1910 2587 1950 non
2635 1895 2875 1951 dixerint
2914 1907 3024 1963 prie
3056 1892 3180 1947 aliis
3209 1892 3464 1946 cunctis:

219 2019 363 2086 γένη
408 2018 503 2069 καὶ
549 2016 619 2070 τά
662 2014 774 2085 ετδη
816 2012 1044 2084 σώματα
1072 2012 1169 2066 καὶ
1199 2012 1399 2081 ἀτομα,
1442 2010 1660 2072 πάντως
1708 2008 1805 2062 καὶ

224 2108 544 2161 καθέκαστα
574 2106 724 2161 ἔσται
747 2123 762 2166 ;
798 2125 816 2158 ι
849 2107 910 2160 Ol
933 2105 1042 2177 γάρ
1064 2104 1171 2158 τῶν
1196 2104 1413 2173 ἀτόμων
1436 2102 1706 2170 σωμάτων
1732 2099 1803 2153 τά

226 2201 499 2271 ἰδιώματα
522 2198 633 2271 (υ)
675 2199 749 2271 μὴ
774 2198 1193 2270 ὲρυθριάσαντες
1226 2196 1318 2250 ἐπὶ
1343 2194 1415 2248 τά
1450 2195 1585 2266 γένη
1614 2194 1708 2248 καὶ
1732 2193 1802 2247 τά

225 2292 348 2359 ετδη
385 2292 588 2344 τούτων
618 2288 991 2352 ἀναϐιϐάζειν,
1030 2286 1145 2350 πῶς
1174 2285 1565 2356 ηὑλαϐήθησαν
1600 2285 1674 2355 μὴ
1707 2285 1803 2337 καὶ

224 2384 323 2435 τὴν
378 2381 711 2435 καθέκαστον
757 2379 853 2434 καὶ
899 2380 1099 2449 ἄτομον
1138 2378 1257 2449 ἦτοι
1305 2377 1396 2431 τὸν
1423 2377 1720 2448 Σωκράτην
1766 2376 1799 2445 ἢ

228 2473 493 2527 Πλάτωνα
534 2474 654 2536 κατ’
693 2470 875 2526 αὐτῶν
922 2471 1281 2538 συναγαγεῖνς
1320 2468 1505 2532 Ἀπαξ
1536 2466 1646 2537 γὰρ
1671 2467 1800 2519 ἀνα-

228 2566 562 2636 στρέψαντες
611 2565 710 2635 τὴν
746 2562 899 2629 τάξιν
932 2564 1037 2617 τῶν
1064 2558 1573 2633 κατηγορουμένων,
1607 2557 1702 2610 καὶ
1736 2557 1803 2610 τά

230 2653 344 2706 ἴδια
371 2654 479 2707 τῶν
501 2654 742 2723 ισχάτων
772 2652 1148 2721 ὑποκειμένων
1179 2649 1323 2701 κατά
1342 2648 1453 2701 τῶν
1476 2661 1805 2716 κατηγορου-

230 2745 413 2815 μένων
440 2745 611 2812 γενῶν
658 2744 754 2797 καὶ
786 2742 945 2796 εἱδῶν
986 2740 1320 2806 ἀξιώσαντες
1355 2735 1801 2810 κατηγορεῖσθαι,

226 2837 432 2889 δίκαιοι
459 2835 787 2905 τυγχάνουσι
815 2834 973 2900 λόγον
996 2818 1237 2904 ὑπέχειν,
1266 2832 1347 2885 ὅτι
1370 2832 1444 2901 μὴ
1471 2832 1567 2884 καὶ
1596 2828 1727 2883 αὐτὸ
1743 2827 1805 2880 τὸ

228 2925 571 2979 καθέκαστον
611 2925 707 2977 καὶ
734 2922 935 2992 ἀτομον
972 2922 1335 2992 έπεχείρησαν
1362 2919 1472 2971 τῶν
1498 2917 1674 2986 γενῶν
1711 2916 1805 2969 καὶ

227 3014 345 3068 τῶν
374 3014 528 3068 εῑδῶν
555 3015 883 3084 κατηγορεῖν
915 3012 1010 3065 καὶ
1038 3015 1120 3064 ὅτι
1156 3011 1230 3082 μὴ
1256 3010 1345 3064 διά
1366 3009 1570 3077 ταύτης
1604 3007 1807 3078 μᾶλλον

228 3104 331 3173 τῆς
365 3101 591 3164 ἀτοπίας
610 3101 866 3169 ἐνόμισαν
890 3098 1195 3169 έξελέγχειν
1217 3098 1341 3161 τοὺς
1363 3098 1431 3151 τὰ
1454 3098 1589 3168 γένη
1615 3096 1713 3150 καὶ
1735 3096 1807 3148 τά

230 3193 352 3267 εἴδη
384 3191 610 3263 σώματα
640 3190 973 3261 τιθεμένους.
1003 3189 1173 3243 Τοῦτο
1203 3191 1309 3259 γὰρ
1334 3188 1514 3241 αὐτῶν
1540 3190 1807 3257 σύμπασα

228 3285 345 3339 τῶν
375 3283 554 3353 σοφῶν
597 3284 1043 3355 ἐπιχειρημάτων
1082 3285 1116 3355 ἠ
1162 3284 1377 3336 ἐπίνοια
1421 3278 1810 3352 πραγματεύεο

228 3390 347 3428 ται.

302 3467 371 3530 ζ’.
411 3466 550 3520 Ἀλλ’
580 3465 760 3520 έάσθω
775 3465 948 3521 ταῦτα
971 3464 1222 3536 νεανικῆς
1250 3463 1583 3535 ἐντρεχείας,
1616 3462 1768 3533 οἶμαι
1792 3506 1807 3529 ,

227 3558 365 3611 (tua
421 3556 803 3627 σκιρτήματα·
862 3557 1107 3610 νεανικὸν
1157 3556 1267 3627 γάρ
1313 3557 1550 3612 διάττειν
1604 3572 1663 3609 τε
1717 3556 1811 3609 καὶ

230 3646 558 3711 σπουδάζειν
581 3647 905 3718 ἀνατρέπειν
928 3646 988 3701 τὸ
1010 3646 1388 3717 προκείμενον,
1415 3643 1496 3710 οἷς
1520 3647 1618 3713 τὶς
1639 3647 1811 3710 λαϐὰς

228 3739 414 3791 έκεῖνο
454 3736 745 3806 διαφεῦγον
780 3736 1134 3808 βεϐαιοτέραν
1163 3738 1196 3808 ἦ
1232 3739 1493 3810 πρότερον
1521 3739 1621 3810 τὴν
1652 3739 1811 3803 δόξαν

228 3829 523 3899 ἐφέλκεται
563 3829 666 3898 τῆς
710 3829 1016 3901 ὑπάρξεως.
1044 3828 1119 3883 Τὸ
1145 3830 1256 3899 γὰρ
1291 3829 1422 3901 πρὶν
1468 3831 1548 3893 εἰς
1580 3828 1811 3898 βάσανον

227 3920 543 3988 ἀντιλογίας
580 3919 857 3973 καταστάν
906 3918 1096 3989 ἄδηλον
1148 3918 1261 3989 εχει
1299 3920 1398 3990 την
1451 3919 1626 3989 ἰσχὺν,
1657 3917 1810 3972 οὔπω

228 4012 519 4081 παρόντων
545 4009 803 4079 έλέγχωνο
827 4008 933 4063 τῶν
952 4009 1010 4063 δι
1034 4007 1658 4078 πειραθέντωνέλέγχειν
1679 4007 1812 4062 αὐτὸ

230 4100 622 4171 κραταιὸτερον
652 4098 954 4169 έπιδειχθὲν
981 4099 1315 4171 προσέλαϐεν
1338 4093 1521 4169 ἧσπερ
1545 4094 1658 4169 εἶχε
1684 4099 1812 4168 πρό-

225 4208 391 4261 τερον
420 4190 578 4259 δόξης
607 4206 665 4243 τε
696 4190 793 4243 καὶ
818 4189 916 4262 τῆς
941 4191 1000 4243 έν
1020 4188 1098 4261 τῷ
1124 4189 1410 4260 ἀληθεύειν
1438 4188 1621 4260 πολλῷ
1649 4188 1810 4243 πλέον

228 4284 574 4354 παρρησίας.

300 4382 375 4445 η’.
407 4375 532 4437 Τοῖς
560 4374 617 4428 δὲ
643 4372 913 4442 λέγουσιν,
930 4372 1025 4426 Ἑν
1052 4372 1285 4439 διανοίᾳ
1308 4372 1424 4442 μὲν
1458 4372 1531 4428 τὰ
1551 4372 1683 4441 ειδη
1711 4372 1811 4427 καὶ

224 4467 305 4521 τὰ
357 4467 502 4536 γένη
546 4467 971 4534 λαμϐανόμενα
1014 4463 1133 4519 τῶν
1181 4466 1473 4533 σωμάτων
1525 4464 1810 4535 ἀσώματα

1908 2010 1927 2044 ι
1956 1990 2110 2058 Quod
2134 1991 2180 2045 si
2213 2004 2409 2059 genera
2440 1998 2494 2043 et
2513 1988 2723 2058 species
2755 1996 2883 2041 sunt
2909 1999 3163 2055 corpora,
3187 1984 3466 2039 individua

1903 2098 2116 2155 quoque
2138 2092 2192 2139 et
2224 2081 2519 2152 singularia
2549 2080 2774 2136 omnino
2803 2087 2983 2137 erunt.
3025 2096 3044 2129 ι
3081 2077 3186 2144 Qui
3212 2078 3361 2131 enim
3385 2077 3469 2131 in-

1902 2177 2250 2233 dividuorum
2277 2190 2573 2245 corporum
2601 2175 2960 2245 proprietates
2986 2187 3096 2225 non
3128 2170 3468 2226 erubuerunt

1902 2269 1969 2324 ad
2022 2282 2220 2337 genera
2262 2276 2316 2322 et
2367 2266 2579 2336 species
2637 2266 2830 2319 horum
2887 2264 3129 2328 elevare,
3186 2262 3469 2331 quomodo

1902 2360 2060 2415 veriti
2117 2366 2266 2425 sunt,
2328 2358 2493 2413 etiam
2538 2358 2813 2426 singulare
2874 2362 3039 2425 atque
3098 2352 3467 2416 individuum,

1903 2450 2110 2505 scilicet
2146 2448 2424 2505 Socratem
2471 2455 2565 2503 aut
2593 2446 2894 2511 Platonem,
2925 2445 2994 2499 ad
3026 2446 3141 2499 haec
3182 2441 3472 2511 redigere?

1903 2540 2080 2595 Semel
2102 2542 2247 2596 enim
2276 2556 2399 2596 cum
2420 2540 2663 2595 ordinem
2689 2539 3110 2609 praedicatorum
3145 2534 3472 2590 inverterint

1903 2641 1958 2688 et
1993 2647 2115 2703 qua:
2151 2639 2279 2688 sunt
2314 2641 2683 2687 extremorum
2713 2629 3082 2698 subiectorum
3136 2625 3367 2695 propria
3398 2623 3466 2677 de

1904 2720 2211 2790 praedicatis
2234 2719 2521 2789 generibus
2556 2718 2947 2788 speciebusque
2971 2716 3255 2787 praedicari
3284 2713 3469 2768 volue-

1905 2811 2039 2877 rint,
2067 2820 2320 2867 tenentur
2356 2811 2597 2865 rationes
2628 2809 2873 2873 reddere,
2908 2824 3008 2864 cur
3051 2823 3160 2862 non
3206 2815 3261 2861 et
3289 2806 3470 2875 ipsum

1905 2902 2183 2972 singulare
2212 2910 2267 2956 et
2300 2900 2639 2956 individuum
2669 2900 2738 2955 de
2762 2900 3054 2971 generibus
3095 2906 3150 2952 et
3184 2897 3472 2966 speciebus

1907 2993 2337 3062 praedicaverint,
2360 3001 2415 3048 et
2441 3007 2540 3047 cur
2567 3006 2675 3047 non
2705 3007 2801 3061 per
2824 2991 2966 3047 hanc
3010 2990 3193 3060 potius
3219 2989 3474 3044 absurdi-

1905 3094 2072 3140 tatem
2094 3083 2418 3141 refellendos
2430 3100 2527 3141 eos
2550 3084 2827 3146 duxerint,
2854 3084 2946 3153 qui
2964 3097 3164 3155 genera
3185 3090 3240 3138 et
3261 3081 3473 3149 species

1908 3190 2137 3245 corpora
2169 3190 2292 3231 esse
2321 3183 2588 3231 statuunt.
2630 3173 2745 3230 Hoc
2774 3174 2923 3229 enim
2953 3174 3213 3229 omnibus
3240 3174 3357 3229 suis
3385 3173 3471 3227 in.

1909 3267 2150 3339 geniosis
2170 3266 2505 3336 argumentis
2532 3273 2702 3336 agunt
2723 3273 2778 3320 et
2805 3265 3019 3321 ellicere
3048 3266 3294 3321 student.

1981 3461 2036 3515 Ἰ.
2071 3459 2266 3515 Verum
2301 3461 2622 3516 omittantur
2644 3463 2759 3516 haec
2791 3470 2980 3531 utpote
3003 3459 3264 3530 juvenilis
3316 3460 3476 3515 indu-

1911 3547 2057 3603 stria:
2101 3547 2371 3619 tripudia;
2410 3550 2654 3619 juvenile
2682 3550 2826 3604 enim
2855 3559 2960 3615 est,
2993 3550 3159 3605 nimis
3184 3550 3346 3604 anxie
3380 3565 3449 3604 co

1912 3638 2051 3705 nari,
2082 3640 2221 3709 quod
2254 3640 2597 3710 proponitur,
2651 3642 2992 3711 argumentis
3039 3651 3305 3708 evertere,
3336 3656 3480 3712 quo—

1910 3743 2033 3783 rum
2062 3744 2227 3786 ansas
2273 3730 2403 3784 illud
2434 3729 2699 3801 eﬂ‘ugiens
2746 3731 3033 3787 certiorem
3103 3747 3264 3801 quam
3328 3733 3479 3802 prius

1910 3819 2245 3876 exsistentiae
2261 3836 2375 3875 suae
2405 3821 2562 3876 tidem
2587 3823 2839 3877 adstruit.
2870 3822 3025 3889 Quod
3049 3824 3193 3878 en’m
3213 3824 3480 3878 examinis

1911 3910 2400 3967 contradictionem
2452 3912 2618 3975 subit,
2653 3912 2918 3968 incertam
2980 3914 3145 3969 habet
3178 3915 3310 3978 vim.
3353 3930 3479 3970 cum

1912 4001 2152 4057 nondum
2197 4003 2379 4058 adsint
2420 4015 2774 4069 argumenta:
2824 4006 2916 4059 ubi
2961 4021 3094 4059 vero
3132 4005 3482 4062 adversarios

1911 4092 2043 4146 illud
2076 4091 2323 4148 refellere
2365 4102 2587 4149 conatos
2641 4096 2935 4164 superavit,
2995 4096 3169 4151 multo
3213 4097 3475 4164 majorem

1910 4198 2074 4252 quam
2105 4183 2255 4252 prius
2280 4182 2523 4248 haberet,
2574 4185 2866 4255 acquisivit
2918 4187 3149 4258 gloriam
3196 4189 3481 4259 magisque

1910 4284 2154 4343 apertam
2188 4275 2429 4331 veritatis
2451 4276 2930 4333 existimationem.

1980 4366 2033 4421 8.
2068 4365 2147 4421 Ex
2180 4366 2248 4421 iis
2265 4382 2393 4421 vero
2422 4367 2512 4437 qui
2545 4368 2753 4434 dicunt,
2775 4370 2827 4422 in
2847 4379 3013 4424 mente
3040 4372 3250 4439 quidem
3283 4373 3477 4439 species

1909 4465 1960 4511 et
1985 4473 2173 4534 genera
2220 4473 2497 4525 corporum
2537 4468 2755 4527 accepta
2792 4461 3103 4529 incorporea
3137 4470 3373 4530 oportere
3426 4473 3476 4514 et

223 4559 326 4613 δεῖ
358 4558 473 4629 (25)
518 4558 617 4611 καὶ
653 4557 909 4627 νομίζειν
942 4557 1040 4610 καὶ
1077 4555 1406 4625 ὀνομάζειν,
1448 4556 1695 4612 ἐπειδὰν
1738 4556 1803 4610 δέ

1909 4548 2107 4600 censeri
2134 4556 2181 4601 et
2216 4547 2483 4601 nominari
2508 4556 2818 4617 ;postqttam
2850 4565 2967 4602 vero
3000 4550 3250 4618 subjectis
3281 4551 3477 4619 fuerint

223 4649 358 4715 τοῖς
385 4648 802 4716 ὑποκειμένοις
847 4646 1217 4715 περιοφθείη.
1247 4648 1492 4716 σώματα
1530 4646 1806 4716 προσῆκε

223 4742 367 4795 τότε
394 4740 491 4792 καὶ
523 4738 732 4792 καλεῖν
755 4739 852 4793 καὶ
876 4739 1232 4807 λογίζεσθαι,
1256 4740 1428 4809 ἡδέως
1456 4740 1524 4794 ἀν
1554 4740 1805 4810 ἐροίμην,

224 4831 462 4899 πότερον
512 4830 571 4881 έν
602 4829 682 4899 τῷ
707 4828 1030 4883 διανοεῖσθαι
1073 4828 1339 4898 ἀσώματα
1380 4830 1637 4892 λαϐόντες
1666 4831 1805 4884 αὑτά

220 4920 596 4989 διενοήσαντο,
622 4917 658 4988 ἢ
680 4919 739 4971 ἒν
768 4918 917 4990 αὒτῷ
942 4919 1021 4990 τῷ
1042 4920 1367 4973 διανοεῖσθαι
1390 4920 1594 4990 ταύτην
1624 4921 1807 4984 αὐτοῖς

221 5010 558 5084 ἐχαρίσαντο
586 5010 686 5079 τὴν
716 5008 898 5079 φύσιν.
930 5010 994 5063 El
1026 5009 1126 5081 μέν
1158 5011 1266 5080 γάρ
1305 5008 1571 5080 ἀσώματα
1611 5010 1803 5063 λαϐόν-

218 5117 323 5164 τες
371 5099 526 5153 οὐδέν
571 5099 944 5170 διανοηθέντες
998 5100 1263 5170 ημειψαν,
1303 5100 1364 5154 τὸ
1422 5100 1523 5170 τῆς
1567 5100 1803 5171 ἀπορίας

219 5191 397 5248 πάλιν
420 5192 664 5261 διαμένει
686 5191 839 5246 οὐδὲν
860 5185 1041 5264 ἦττον,
1073 5192 1213 5245 ἀλλά
1237 5208 1301 5261 γε
1324 5191 1389 5262 δὴ
1417 5192 1511 5245 καὶ
1542 5190 1804 5263 θρασύτε-

220 5300 330 5356 ρον
350 5300 364 5313 ·
390 5284 440 5337 ει
466 5283 522 5336 δέ
553 5282 778 5351 σώματα
799 5284 1054 5347 λαϐόντες
1079 5285 1216 5354 πρὸς
1245 5284 1307 5337 τὸ
1344 5283 1638 5354 ἀσώματον
1674 5300 1805 5354 μετ-

215 5370 508 5435 ετάξαντο,
545 5370 706 5439 βαϐαὶ
742 5371 840 5441 μὲν
867 5372 1047 5427 αὐτῶν
1072 5374 1171 5443 τῆς
1192 5372 1509 5443 θαυμαστῆς
1536 5371 1682 5426 οὕτω
1712 5372 1808 5425 καὶ

214 5462 453 5533 ταχείας
496 5461 890 5533 δημιουργίαςι
920 5461 1003 5515 Τά
1040 5462 1140 5533 μὲν
1176 5462 1287 5534 γὰρ
1319 5462 1628 5534 ἐννοήματα
1672 5459 1809 5515 καθὸ

1915 4646 2118 4706 οριαια,
2149 4652 2372 4705 corpora
2418 4647 2538 4691 tunc
2568 4647 2619 4691 et
2649 4640 2883 4692 vocanda
2922 4648 2971 4693 et
3020 4641 3283 4693 censenda
3316 4658 3429 4695 esse
3456 4661 3474 4704 ;

1912 4746 1978 4784 ex
2017 4730 2123 4794 Itis,
2154 4731 2399 4800 inquam.
2425 4730 2658 4785 libenter
2699 4731 3034 4799 quaesierim,
3092 4740 3275 4787 utrum
3310 4732 3363 4786 in
3386 4748 3477 4787 co.

1911 4818 2132 4889 gitando
2179 4819 2495 4890 incorporea
2548 4819 2691 4874 nacti
2742 4820 2868 4873 talia
2911 4830 3091 4876 mente
3128 4836 3226 4875 sua
3282 4836 3481 4876 conce-

1912 4910 2105 4979 perint,
2129 4924 2197 4964 an
2220 4910 2275 4963 in
2310 4909 2429 4979 ipso
2472 4908 2764 4979 cogitando
2804 4908 2944 4962 hanc
2973 4908 3055 4963 eis
3095 4918 3346 4963 naturam
3371 4910 3477 4963 im-

1911 5000 2214 5070 pertieriut.
2248 4998 2384 5055 Nam
2414 5000 2460 5055 si
2494 5000 2815 5069 incorporea
2855 5001 3000 5055 nacti
3055 5000 3132 5054 nil
3181 5000 3479 5071 cogitando

1912 5094 2290 5159 immutarunt,
2323 5092 2616 5148 diﬂicultas
2631 5108 2824 5149 rursus
2856 5102 3140 5164 permanet
3170 5094 3340 5147 nihilo
3375 5094 3481 5147 mi-

1913 5203 2031 5254 nor,
2064 5188 2173 5242 imo
2198 5197 2252 5243 et
2284 5186 2519 5241 validior
2546 5203 2559 5249 ;
2594 5185 2639 5239 si
2672 5198 2854 5240 autem
2881 5199 3113 5255 corpora
3138 5185 3285 5240 nacti
3315 5185 3368 5240 in
3398 5184 3479 5238 in-

1912 5293 2171 5349 corporea
2199 5287 2658 5344 transverterunt,
2721 5279 2855 5347 proli
2909 5278 3104 5331 miram
3153 5276 3392 5347 ipsorum
3422 5288 3476 5330 et

1914 5369 2142 5425 celerem
2174 5369 2395 5424 creandi
2426 5369 2715 5425 virtutem!
2765 5369 3136 5439 Cogitationes
3166 5368 3309 5423 enim
3345 5383 3478 5437 qua-

1915 5467 2074 5514 tenus
2121 5459 2475 5531 cogitationes
2503 5459 2729 5515 omnino
2773 5458 3109 5530 incorporeze
3139 5466 3305 5524 sunt;
3356 5458 3477 5527 quis

1754 5633 1985 5693 NOTlE.

294 5749 414 5818 ('25)
442 5749 530 5805 Sic
554 5750 674 5805 Vat.
706 5749 868 5804 Catil.
900 5750 1273 5820 βαθυνότερον.

293 5819 414 5891 (‘2‘)
446 5821 652 5876 l'hilad.
683 5819 970 5875 ἰδιαίτατα.
994 5820 1178 5891 (Catil.
1205 5819 1378 5883 nota).

1980 5752 2089 5825 (25)
2123 5753 2285 5809 Catil‘.
2309 5753 2509 5824 Apogr.
2542 5751 2629 5824 δή.
