4186 6444
739 397 843 464 491

1888 395 2150 457 ΡΗΟΤΙΙ
2191 391 2691 454 ΡΑΤΚΙΑΗΟΗᾹΞ
2721 391 2830 451 CP.

3882 388 3982 454 492

740 508 960 579 quando
992 505 1152 562 Pater
1200 504 1375 562 Verbo
1403 507 1716 576 adjungitur
1747 516 1800 560 et
1831 505 1972 560 Deus
2016 513 2306 573 assumpta!

2417 500 2516 570 μὲν
2561 502 2781 568 κυρίως
2839 497 2934 552 τοῦ
2985 496 3198 570 Πατρδς
3245 497 3324 568 τῷ
3355 498 3516 568 Λόγῳ
3552 500 3981 569 συνταττομένου

740 593 1092 659 humanitati,
1124 608 1227 647 vox
1260 607 1392 647 vero
1421 609 1520 645 non
1551 595 1761 661 proprie
1794 593 2056 655 vicissim,
2087 592 2306 662 quando

735 683 880 738 Deus
904 683 1150 737 redditur
1172 682 1353 738 Verbo
1376 692 1429 737 et
1458 682 1617 738 Pater
1638 694 1931 754 assumpta:
1955 683 2302 738 humanitati.

734 771 883 826 Talis
934 780 1019 827 est
1074 773 1237 842 igitur
1296 773 1585 837 sententia,
1637 789 1778 842 quae,
1839 783 1897 828 ut
1948 774 2120 838 vides,
2168 773 2305 828 nihil

735 861 902 914 habet
936 860 1254 916 obscurum.
1291 859 1492 914 Plexus
1521 871 1702 916 autem
1731 863 1996 918 orationis
2026 864 2304 933 quomodo

733 952 1062 1019 resolvetur,
1117 954 1221 1007 nisi
1260 953 1581 1022 accipiendo
1623 955 1789 1009 verba
1823 955 1913 1009 illa
1943 954 2083 1009 ὥστε
2109 957 2170 1009 τὸ
2205 957 2303 1026 μὲν

733 1042 940 1112 κυρίως
967 1045 1056 1095 ἐπ’
1085 1045 1311 1113 ἀμφοῖν,
1338 1059 1531 1113 nempe
1560 1054 1618 1099 ut
1650 1045 1882 1101 alterum
1910 1045 2130 1117 quidem
2176 1061 2302 1116 pro-

731 1133 852 1202 prie
881 1133 960 1188 de'
999 1145 1232 1204 utroque
1271 1135 1510 1198 dicatur.
1549 1150 1657 1190 non
1689 1137 1944 1201 seorsim,
1985 1152 2085 1192 nec
2114 1153 2301 1192 vocem

729 1221 892 1285 Deus,
927 1238 1026 1278 nec
1060 1239 1247 1280 vocem
1280 1223 1447 1278 Pater
1465 1225 1532 1279 de
1559 1239 1670 1279 uno
1695 1226 1879 1296 aliquo
1906 1225 2298 1296 subiectorum,

731 1329 910 1382 neque
941 1314 1007 1369 de
1035 1315 1336 1380 ambobus;
1387 1315 1480 1370 sed
1535 1314 1820 1372 referendo
1852 1316 2046 1370 horum
2085 1327 2301 1371 utrum-

734 1403 867 1458 libet
911 1406 979 1460 ad
1023 1406 1341 1460 utrumlibet
1388 1406 1783 1475 subiectorum,
1835 1407 2050 1462 Patrem
2079 1408 2297 1475 quidem

731 1495 1019 1552 reddentea
1049 1494 1246 1560 Verbo,
1275 1495 1442 1551 Deum
1470 1511 1600 1550 vero
1618 1506 1914 1566 assumpta:
1934 1498 2295 1561 humanitati;

729 1583 804 1638 ita
837 1585 1037 1652 pariter
1069 1583 1293 1639 verbum
1327 1584 1459 1639 illud
1508 1600 1612 1638 non
1651 1587 1860 1654 proprie
1903 1601 2009 1640 non
2043 1587 2298 1642 determi-

730 1682 858 1730 nate
892 1690 1059 1728 unum
1093 1674 1311 1744 aliquod
1339 1675 1756 1744 praedicatorum
1799 1676 2064 1732 sumendo
2093 1678 2160 1733 de
2189 1693 2299 1732 uno

729 1765 916 1834 aliquo
950 1765 1348 1834 subiectorum,
1379 1780 1477 1820 nec
1503 1766 1570 1820 de
1609 1766 1897 1830 ambobus,
1928 1767 2022 1822 sed
2069 1778 2299 1838 utraque

731 1857 798 1908 ad
843 1856 1162 1911 utrumlibet
1209 1857 1607 1926 subjectorum,
1659 1872 1754 1928 per
1795 1858 2177 1930 alternationis
2217 1869 2296 1912 ta-
2329 1841 2372 1895 Β

730 1959 857 1999 men
922 1948 1231 2011 rationem,
1294 1947 1377 2002 vel
1439 1947 1584 2003 sicut
1628 1948 1696 2004 de
1753 1962 1884 2005 voce
1938 1946 2034 2003 illa
2083 1951 2295 2017 proprie

733 2033 1035 2088 dicebatur.
1065 2034 1297 2100 Quando
1328 2036 1473 2091 enim
1505 2035 1650 2092 Deus
1669 2051 1791 2094 esse
1810 2037 1972 2095 Verbi
2002 2039 2292 2107 reperitur,

729 2133 783 2176 et
831 2121 994 2194 Pater
1042 2132 1339 2192 assumpta:
1389 2125 1767 2192 immanitatis,
1814 2125 2143 2196 signiﬁcatio
2189 2142 2293 2182 non

730 2213 948 2280 propria
979 2213 1289 2282 subjicitur.
1324 2214 1564 2284 Apparet
1606 2225 1790 2270 autem
1824 2232 1984 2271 voces
2019 2217 2151 2272 istas
2175 2235 2291 2286 pro.

728 2302 842 2366 prie
883 2309 938 2354 et
976 2317 1081 2354 non
1120 2303 1331 2371 proprie
1358 2312 1546 2357 contra
1585 2320 1748 2374 quam
1792 2305 1846 2359 in
1898 2306 2060 2361 rebus
2092 2308 2297 2362 nostris

729 2391 1056 2447 adhibentur
1111 2407 1172 2447 se
1238 2393 1460 2448 habere.
1519 2392 1655 2448 Nam
1709 2397 1765 2449 in
1819 2395 2078 2450 ineﬂ'abili
2131 2394 2294 2451 Verbi

729 2482 1018 2550 carnisque
1058 2483 1262 2536 unione
1310 2481 1476 2536 Pater
1510 2484 1732 2553 quidem
1775 2485 1843 2539 de
1881 2483 2060 2539 Verbo
2089 2487 2297 2553 proprie

728 2572 951 2637 dicitur,
1002 2570 1141 2625 Deus
1175 2586 1304 2626 vero
1353 2589 1458 2625 non
1501 2574 1747 2640 proprie;
1791 2574 1846 2628 in
1896 2583 2077 2628 nostra
2113 2585 2294 2630 autem

728 2673 922 2715 natura
948 2677 1010 2716 ex
1049 2663 1283 2716 adverso
1313 2661 1454 2717 Deus
1491 2663 1708 2732 quidem
1736 2665 1945 2733 proprie
1975 2664 2293 2732 aﬂirmatur,

729 2750 886 2804 Pater
915 2761 1096 2805 autem
1137 2767 1240 2804 non
1273 2753 1504 2819 proprie.
1545 2754 1725 2822 Atque
1756 2753 1809 2808 id
1840 2762 1941 2814 est,
1974 2755 2118 2823 quod
2146 2771 2294 2825 quae-

727 2840 922 2904 sieras,
954 2841 1038 2897 vis
1066 2855 1261 2911 nempe
1292 2843 1441 2896 vocis
1471 2841 1620 2897 illius
1647 2843 1680 2913 ἣ
1720 2857 1828 2898 non
1870 2844 2291 2914 disjunctionem

727 2933 1042 3002 signiﬁcans
1096 2948 1194 2987 nec
1249 2933 1395 2988 aliud
1445 2933 1741 3004 quidquam
1800 2950 1866 2990 ex
1921 2936 2007 3002 iis,
2071 2937 2125 2990 in
2173 2953 2293 3006 qua:

727 3008 898 3074 dividi
952 3021 1276 3083 consuevit,
1339 3020 1433 3075 sed
1492 3021 1885 3076 declarativum
1958 3024 2291 3093 amplectens

725 3108 1098 3162 characterem
1129 3122 1440 3176 munusque
1473 3108 1698 3178 explens
1729 3109 1878 3164 vocis
1907 3110 2051 3179 παρὸ
2075 3110 2288 3179 (contra

727 3213 934 3266 quam,
998 3207 1190 3252 contra
1253 3198 1306 3251 id
1365 3197 1553 3268 quod).
1609 3199 1820 3267 Poterit
1882 3208 2062 3255 autem
2121 3202 2296 3256 oratio

727 3288 932 3343 clarius
951 3287 1256 3352 eﬂ'ormari,
1287 3288 1334 3343 si
1358 3288 1482 3356 quis
1510 3289 1672 3344 verba
1702 3299 2078 3346 transsumens
2105 3291 2251 3347 dicat
2277 3309 2292 3347 :

728 3379 913 3443 Quare
948 3394 1052 3432 vox
1081 3379 1302 3449 quidem
1332 3381 1539 3447 proprie
1576 3381 1643 3434 ab
1673 3381 1934 3436 alterutra
1959 3382 2295 3452 coniugatio-

730 3483 860 3521 num
915 3477 1153 3537 sumpta,
1219 3483 1324 3523 vox
1377 3483 1506 3523 vero
1557 3486 1660 3522 non
1703 3472 1911 3539 proprie
1977 3471 2046 3526 ab
2101 3473 2292 3538 altera,

728 3566 922 3612 contra
958 3572 1120 3625 quam
1158 3557 1304 3626 apud
1339 3573 1439 3612 nos
1468 3572 1528 3612 se
1555 3557 1776 3613 habent.
1803 3559 2117 3615 Reaultabat
2149 3562 2294 3615 enim

728 3659 846 3702 tum
878 3662 980 3700 vox
1019 3648 1250 3716 proprie.
1279 3657 1392 3702 tum
1425 3663 1529 3702 vox
1564 3665 1666 3702 non
1694 3651 1902 3719 proprie
1937 3666 2004 3706 ex
2033 3653 2124 3706 tali
2153 3667 2294 3720 qua-

727 3740 854 3792 dam
900 3737 1319 3806 praedicatorum
1371 3736 1853 3806 subjectorumque
1897 3741 2291 3808 complexione.

732 3828 971 3881 Sumens
1021 3835 1204 3882 autem
1236 3842 1401 3882 voces
1449 3827 1570 3882 illas
1593 3830 1803 3896 proprie
1841 3839 1894 3882 et
1926 3845 2027 3882 non
2061 3833 2292 3898 proprie,

728 3933 846 3986 quae
906 3917 1017 3987 jam
1073 3934 1140 3972 ex
1205 3933 1264 3972 se
1313 3917 1447 3987 ipsis
1496 3917 2039 3988 subiutelligebantur
2092 3920 2295 3988 (studet

726 4007 873 4060 cnim
917 4008 963 4060 si
994 4008 1118 4075 quis
1151 4007 1292 4062 alius
1339 4005 1655 4075 Theologus
1689 4007 1791 4061 iste
1829 4007 2104 4077 brevitati)
2138 4019 2191 4062 et
2224 4010 2292 4064 ad

728 4096 1060 4152 resultantes
1107 4112 1175 4151 ex
1221 4097 1307 4152 bis
1355 4097 1764 4166 conjugationes
1812 4107 2044 4152 mentem
2081 4100 2294 4154 audito-

728 4201 850 4237 rum
881 4186 1166 4238 remittens
1198 4183 1482 4251 subiunxit
1511 4183 1641 4237 illud
1675 4204 1688 4238 :
1717 4182 1920 4237 Contra
1956 4200 2113 4254 quam
2152 4187 2292 4253 apud

729 4290 843 4326 nos.
881 4271 1093 4325 Etenim
1142 4282 1430 4340 utramque
1463 4271 1921 4341 complexionem,
1953 4289 2074 4342 qua:
2103 4289 2168 4328 ex
2199 4290 2295 4329 vo-

726 4365 880 4418 cibus
908 4364 1116 4431 proprie
1144 4373 1196 4416 ct
1239 4379 1343 4414 non
1371 4363 1579 4430 proprie
1619 4361 1906 4426 conﬂatur,
1936 4378 2135 4418 sensus
2162 4380 2287 4420 ver-

2408 593 2501 644 καὶ
2541 591 2634 642 τοῦ
2690 589 2835 655 Θεὸς
2887 589 2968 658 τῷ
3021 587 3433 659 προσλὴμμ.ιιτι⁴
3487 589 3549 641 τὸ
3589 588 3740 643 δὲού
3767 592 3984 655 κυρίως

2408 681 2662 751 ἔμπαλιν,
2698 679 2793 732 τοῦ
2846 681 2943 748 μὲν
2978 681 3123 744 Θεὸς
3162 679 3646 746 ἀνταποδιδομὲνου
3699 679 3778 748 τῷ
3802 681 3982 748 Λόγῳ,

2405 775 2498 826 τοῦ
2545 774 2604 825 δὲ
2657 770 2862 838 Πατὴρ
2903 771 2981 840 τῷ
3029 771 3441 841 προσλήμματι.
3488 769 3721 837 Τοιαύτη
3758 771 3860 839 μὲν
3894 765 3986 821 οὖν

2405 865 2596 930 καὶ,ὠς
2626 862 2939 932 ὸρᾷς,οὑδὲν
2967 859 3176 928 ἀσαφὲς
3207 860 3504 928 παρέχεται
3528 860 3561 928 ἠ
3583 859 3791 912 διάνοια
3816 876 3828 888 ο
3863 862 3899 928 η
3930 858 3986 910 δί

2403 955 2581 1024 πλοκὴ
2609 952 2704 1006 τοῦ
2735 953 2894 1020 λόγου
2930 951 3047 1015 πῶς
3087 949 3154 1003 ἂν
3185 950 3491 1021 ὲπιλυθείη,
3526 951 3560 1020 ἢ
3593 950 3988 1019 λαμϐανόντων

2403 1045 2563 1114 ἡμῶν
2594 1042 2684 1096 διὰ
2718 1041 2812 1094 τοῦ
2845 1041 2999 1094 ὥστε
3034 1041 3103 1094 τὸ
3123 1041 3242 1109 μὲν
3270 1041 3492 1107 κυρίως
3509 1040 3602 1093 ἐπ’
3630 1039 3857 1107 ἀμφοῖν
3887 1040 3988 1090 οὐκ

2400 1132 2505 1186 ἀνά
2536 1131 2721 1201 μέρος,
2750 1129 2874 1183 οὕτε
2899 1129 2958 1183 τὸ
2985 1127 3129 1194 Θεὸς
3153 1127 3276 1182 οὔτε
3300 1130 3361 1181 τὸ
3381 1128 3579 1196 Πατὴρ
3609 1130 3725 1181 καθ’
3758 1129 3880 1190 ἑνός
3902 1144 3985 1179 τι·

2403 1238 2491 1284 νος
2519 1220 2629 1272 τῶν
2660 1219 3062 1289 ὑποκειμένων,
3089 1217 3210 1270 οὐδὲ
3251 1219 3368 1270 κατ’
3399 1219 3593 1287 ἄμφω·
3636 1218 3750 1271 ἀλλ’
3787 1218 3983 1271 ἑκατὲ-

2403 1333 2498 1384 ρου
2547 1315 2749 1368 τούτων
2807 1313 2945 1384 πρὸς
2987 1313 3250 1381 ἑκάτερον
3291 1313 3398 1365 τῶν
3444 1313 3842 1381 ὑποκειμένων,
3887 1310 3984 1364 τοῦ

2404 1406 2502 1474 μὲν
2535 1405 2749 1473 Πατρός
2778 1392 2854 1472 τῷ
2879 1401 3060 1472 Λόγῳ,
3079 1401 3177 1454 τοῦ
3214 1401 3272 1454 δὲ
3313 1401 3443 1464 Θεὸς
3467 1402 3855 1470 ἀποδιδομένου
3905 1401 3983 1471 τῷ

2401 1495 2828 1566 προσλήμματι·
2885 1493 3145 1552 ὡσαύτως
3189 1491 3245 1544 δὲ
3285 1491 3381 1544 καὶ⁵
3420 1492 3484 1544 τὸ
3525 1494 3596 1545 οὐ
3633 1493 3852 1559 κυρίως
3880 1494 3981 1544 οὑκ

2400 1585 2781 1655 ἁφορισμένως
2830 1585 2948 1646 ἑνός
2977 1600 3122 1646 τινος
3153 1582 3264 1635 τῶν
3298 1583 3788 1654 κατηγορουμένων
3841 1583 3980 1652 λαμο

2401 1676 2700 1746 σανομένου
2744 1675 2863 1728 καθ’
2907 1675 3025 1736 ἑνός
3072 1691 3219 1738 τινος
3264 1671 3372 1727 τῶν
3412 1674 3812 1744 ὑποκειμένοιν,
3860 1675 3980 1728 οὐδὲ

2402 1767 2521 1820 κατ’
2550 1754 2738 1833 ἄμφω,
2767 1763 2882 1817 ἀλλ’
2911 1763 3083 1833 ἄμφω
3109 1763 3209 1831 μὲν
3245 1762 3379 1832 πρὸς
3411 1763 3675 1832 ἑκάτερον
3705 1763 3814 1816 τῶν
3848 1764 3980 1815 ὑπο-

2399 1860 2690 1926 κειμένων,
2726 1856 2867 1910 κατά
2909 1856 2966 1908 δὲ
3009 1856 3101 1907 τὸν
3131 1855 3288 1923 λόγον
3339 1854 3438 1924 τῆς
3467 1853 3790 1922 ἐναλὴγῆς,
3836 1855 3870 1923 ἢ
3903 1855 3979 1912 ὡς

2397 1947 2490 2000 ἐπὶ
2516 1946 2610 2000 τοῦ
2637 1947 2854 2013 κυρίως
2886 1945 3124 2012 ἐλέγετο.
3167 1945 3226 1997 Ὀ
3261 1943 3370 2014 7&9
3394 1943 3525 2007 Θεὸς
3574 1941 3714 1997 εἶναι
3743 1943 3839 1996 τοῦ
3872 1946 3977 1996 Ad-

2398 2053 2496 2104 γου
2525 2036 3004 2106 κατηγορούμενος
3039 2035 3135 2088 καὶ
3177 2035 3206 2088 ὸ
3241 2034 3431 2104 Πατὴρ
3469 2033 3565 2087 τοῦ
3613 2035 3978 2104 προσλήμμα-

2397 2145 2486 2190 τος
2510 2127 2608 2197 τὴν
2632 2126 2726 2179 τοῦ
2743 2125 2830 2194 μὴ
2855 2126 3070 2192 κυρίως
3087 2125 3362 2195 σημασίαν
3383 2123 3764 2178 ὑποϐάλλεται.
3793 2124 3976 2177 Ἐοικε

2395 2217 2452 2270 δὲ
2481 2217 2541 2269 τὸ
2579 2216 2795 2284 κυρίως
2825 2215 2922 2268 καὶ
2964 2215 3024 2266 τὸ
3051 2213 3138 2281 μή
3167 2213 3383 2280 κυρίως
3411 2212 3689 2282 σημασίαν
3725 2213 3868 2280 παρὸ
3894 2229 3977 2264 κιο

2399 2306 2651 2377 χρήμεοα
2681 2305 2891 2368 τούτοις
2928 2305 3016 2371 ἐφ’
3049 2301 3206 2377 ήμῶν
3235 2301 3497 2364 ἐναντίως
3536 2301 3706 2370 ἔχειν.
3752 2301 3842 2353 Ἐν
3875 2303 3975 2370 μὲν

2396 2401 2504 2469 γὰρ
2525 2402 2590 2468 τῇ
2624 2400 2849 2470 άρῥήτῳ
2877 2397 2970 2452 τοῦ
2998 2398 3173 2465 Λόγου
3201 2395 3408 2466 συνόδῳ
3432 2397 3526 2450 καὶ
3553 2397 3652 2465 τῆς
3684 2396 3887 2465 σαρκὸς
3915 2397 3977 2447 τὸ

2399 2491 2500 2559 μὲν
2550 2489 2754 2554 Πατὴρ
2804 2489 2946 2541 κατά
2981 2486 3077 2540 τοῦ
3105 2485 3280 2554 Λόγου
3311 2486 3520 2556 κυρίως
3561 2485 3802 2552 λέγεται,
3832 2485 3894 2537 rb
3917 2485 3975 2538 δὲ

2399 2578 2542 2642 Θεὸς
2574 2577 2636 2628 οὑ
2679 2575 2882 2643 κυρίως
2905 2591 2920 2606 ο
2953 2576 3044 2627 ἐπὶ
3075 2573 3133 2626 δὲ
3153 2576 3252 2644 τῆς
3281 2573 3404 2626 καθ’
3433 2575 3582 2642 ἡμᾶς
3613 2573 3830 2641 φύσεως
3870 2575 3971 2641 έμ-

2397 2667 2558 2718 παλιν
2585 2666 2646 2718 τὸ
2671 2666 2770 2732 μὲν
2803 2665 2948 2732 Θεὸς
2976 2664 3202 2738 κυρίως,
3240 2665 3302 2717 οὑ
3331 2665 3533 2734 κυρίως
3566 2665 3623 2718 δὲ
3652 2664 3714 2716 τὸ
3743 2665 3969 2733 Πατήρ.

2396 2762 2504 2813 Καὶ
2534 2760 2690 2813 τοῦτό
2724 2762 2874 2812 ἐστιν
2915 2762 3052 2830 ὅπερ
3099 2757 3414 2828 ἠρώτησας,
3443 2761 3476 2828 ἡ
3514 2758 3608 2812 τοῦ
3639 2759 3679 2826 ἢ
3718 2759 3972 2828 δύναμις.

2392 2853 2450 2904 οὑ
2488 2850 2763 2914 διάζευξιν
2789 2849 3024 2918 δηλοῦσα
3046 2849 3165 2902 οὐδὲ
3195 2865 3249 2900 τι
3271 2849 3400 2902 ἄλλο
3425 2850 3536 2902 τῶν
3562 2851 3640 2910 είς
3677 2849 3780 2902 ὅσα
3807 2866 3974 2901 κατα-

2392 2939 2716 3010 μερίζεσθαι
2748 2941 3013 3008 πέφυκεν.
3037 2939 3172 2994 ἀλλὰ
3197 2938 3286 2991 τὸν
3309 2937 3699 3010 διασαφητικὺν
3720 2941 3968 3004 ἀσπαζο-

2392 3030 2526 3099 μένη
2548 3032 2870 3101 χαρακτῆρα
2891 3031 2983 3084 καὶ
2992 3031 3090 3100 τὴν
3104 3029 3197 3083 τοῦ
3217 3032 3371 3098 παρὸ
3397 3032 3510 3100 (3|)
3526 3031 3711 3101 χρείαν
3727 3033 3974 3101 ἀναπλη-

2323 3157 2366 3214 C
2401 3119 2591 3189 ροῦσα.
2630 3120 2730 3189 Εῐη
2757 3119 2800 3171 δ’
2831 3119 2901 3183 ἂν
2927 3124 2956 3174 ὸ
2982 3120 3138 3187 λόγος
3169 3120 3639 3214 ἐσχηματισμένος
3664 3122 3745 3184 είς
3783 3123 3847 3174 τὸ
3882 3140 3976 3175 σαο

2400 3209 2682 3279 φέστερον,
2715 3209 2767 3261 εί
2801 3227 2882 3272 τις
2914 3211 3086 3263 ἐθέλοι
3118 3209 3442 3279 μεταλαϐεῖν
3467 3211 3562 3263 καὶ
3590 3211 3800 3278 λέγειν’
3833 3213 3974 3266 ὥστε

2394 3300 2455 3352 τὸ
2485 3300 2581 3368 μὲν
2612 3302 2827 3368 κυρίως
2856 3301 2964 3353 ἀπὸ
3000 3300 3233 3370 Θατέρας
3255 3301 3363 3354 τῶν
3396 3301 3664 3368 συζυγῶν
3703 3302 3975 3371 λαμὸανόο

2398 3406 2579 3460 μενον,
2614 3390 2676 3442 τὸ
2698 3390 2754 3442 δὲ
2781 3392 2854 3445 οὺ
2893 3392 3112 3458 κυρίως
3141 3392 3248 3445 ἀπὸ
3274 3393 3371 3461 τῆς
3404 3392 3617 3460 ἑτέρας,
3649 3392 3914 3454 ἐναντίως
3941 3392 3973 3460 ἢ

2397 3482 2483 3550 ἐφ’
2515 3481 2673 3551 ἡμῶν
2702 3481 2814 3551 ἔχει
2839 3496 2852 3511 ο
2883 3482 3171 3535 συνίστατο
3199 3483 3297 3552 μὲν
3321 3482 3428 3552 7&9
3450 3483 3512 3535 τό
3538 3499 3600 3536 τε
3629 3485 3851 3550 κυρίως
3883 3486 3977 3536 καὶ

2396 3574 2458 3625 τὸ
2485 3573 2556 3625 οὐ
2593 3571 2811 3638 κυρίως
2839 3573 2904 3624 ὲκ
2928 3571 3028 3641 τῆς
3053 3573 3212 3634 ποιᾶς
3241 3572 3561 3642 συμπλοκῆς
3587 3571 3698 3626 τῶν
3733 3589 3973 3642 κατηγο-

2398 3661 2678 3732 ρουμένων
2709 3662 2801 3714 καὶ
2837 3661 3236 3732 ὑποκειμένων,
3278 3662 3503 3716 αὐτόθεν
3534 3663 3589 3716 δὲ
3619 3663 3973 3716 συνεπινωὺ-

2398 3767 2576 3820 μενον.
2590 3749 2782 3803 Λαὸὼν
2797 3751 2857 3803 τό
2875 3768 2932 3804 τε
2955 3752 3169 3819 κυρίως
3189 3753 3445 3822 ἑκάτερον
3466 3754 3560 3806 καὶ
3580 3751 3640 3806 τὺ
3660 3755 3732 3806 οὐ
3755 3754 3976 3820 κυρίως

2397 3840 2810 3911 (φιλοσύντομος
2837 3842 2948 3912 7&9
2976 3843 3026 3894 εί
3055 3842 3147 3894 καί
3175 3859 3258 3906 τις
3285 3843 3442 3906 ἄλλος
3473 3846 3500 3896 ὸ
3526 3843 3865 3912 Θεωρητικὸς
3893 3839 3976 3897 οὑ·

2394 3949 2484 3992 τος
2521 3931 2682 4001 ἀνὴρ)
2716 3932 2812 3984 καὶ
2843 3930 2980 4001 πρὸς
3003 3932 3103 3992 τὰς
3134 3933 3198 3985 ἐκ
3225 3932 3430 3985 τούτων
3471 3932 3849 4002 ὑφισταμένας
3880 3950 3975 3986 συε-

2397 4021 2589 4088 ζυγίας
2617 4022 2708 4073 τὸν
2731 4020 2858 4074 νοῦν
2888 4021 2998 4074 τῶν
3023 4022 3310 4089 ἀκροατῶν
3337 4024 3680 4093 ἀναπέμπων
3718 4025 3974 4094 ἐπήγαγε

2395 4111 2455 4162 τὸ
2499 4109 2786 4175 ἐναντίως
2823 4110 2862 4177 ἣ
2898 4109 2991 4178 ἐφ’
3021 4110 3191 4178 ήμῶν
3220 4112 3379 4180 ἔχει’
3422 4115 3516 4166 καὶ
3547 4113 3657 4180 γὰρ
3697 4114 3974 4183 ἑκατέραν

2398 4197 2716 4267 συμπλοκὴν
2753 4198 2851 4268 τὴν
2888 4201 2953 4252 ἐκ
2995 4199 3090 4252 τοῦ
3122 4202 3340 4268 κυρίως
3375 4201 3585 4256 καὶτοῦ
3621 4201 3708 4271 μὴ
3749 4205 3974 4272 κυρίως

2397 4288 2836 4357 ἀποτελουμένην
2882 4290 2912 4341 ό
2960 4289 3085 4352 νοῦς
3130 4291 3224 4344 τοῦ
3260 4292 3542 4358 ἐναντίαις
3587 4292 3622 4360 ἢ
3663 4292 3757 4361 ἐφ’
3801 4293 3974 4363 ἡμῶν

2397 4377 2521 4443 ἔχει
2549 4379 2744 4446 ὁρᾶται
2784 4377 3322 4446 περιπτυσσόμενος·
3361 4380 3604 4448 βούλεται
3635 4381 3694 4434 δι
3732 4383 3768 4451 ἠ
3815 4399 3972 4453 περι-

725 4454 921 4506 borum
957 4452 1172 4504 illorum
1220 4460 1404 4503 contra
1443 4465 1602 4517 quam
1641 4452 1694 4502 in
1736 4449 1882 4502 nobis
1921 4460 1996 4503 est
2045 4453 2294 4522 amplecti

2399 4463 2541 4534 κοπὴ
2567 4463 2660 4515 τοῦ
2689 4463 2849 4531 λόγου
2870 4465 3138 4518 διδάσκειν
3165 4465 3329 4537 αῦτη,
3358 4468 3432 4531 ὡς
3464 4469 3616 4522 οὐδὲν
3647 4449 3856 4524 κωλύει
3881 4449 3972 4526 καὶ

725 4541 987 4595 cernitur.
1021 4538 1148 4594 Vult
1177 4548 1358 4594 autem
1382 4539 1496 4593 haec
1518 4539 1780 4592 orationis
1805 4539 2055 4608 pericope
2082 4541 2295 4608 docere,

727 4631 865 4684 nihil
895 4630 1135 4693 obstare,
1165 4630 1464 4698 quominus
1489 4629 1698 4695 proprie
1741 4635 1796 4680 et
1840 4644 1945 4680 non
1970 4633 2181 4696 proprie
2227 4631 2294 4685 de

728 4720 906 4775 Verbo
939 4721 1176 4784 dicatur,
1205 4719 1650 4789 quandoquidem
1678 4719 1840 4771 etiam
1870 4719 1938 4772 de
1967 4720 2146 4780 nobis.
2173 4721 2298 4775 licet

725 4826 892 4864 sensu
925 4812 1200 4880 opposito,
1228 4819 1524 4878 utrumque
1555 4809 1874 4863 aﬂirmatur.
1902 4809 1981 4863 ibi
2013 4813 2158 4865 enim
2189 4829 2294 4867 vox

726 4903 866 4954 Deus
913 4917 1019 4955 non
1058 4901 1521 4971 proprie,dicitur,
1555 4900 1650 4956 sed
1680 4900 1877 4963 Pater;
1907 4901 1994 4956 hic
2026 4916 2153 4957 vero
2186 4918 2294 4958 non

727 4992 892 5044 l'ater
917 4993 1132 5061 proprie
1159 4992 1255 5047 sed
1291 4991 1452 5044 Deus.

795 5083 849 5134 5.
894 5082 950 5134 lu
1000 5083 1396 5151 diagrammate
1440 5092 1622 5136 autem
1680 5084 1882 5138 clarius
1945 5082 2292 5138 innotescunt

725 5188 847 5239 quae
878 5172 1115 5226 diximus
1143 5190 1157 5238 ;
1183 5173 1429 5240 ponendo
1459 5173 1680 5241 quidem
1710 5173 1961 5241 superius
1996 5171 2213 5225 Patrem
2243 5184 2295 5226 et

726 5263 917 5328 Deum,
961 5263 1301 5332 subjicienda
1351 5273 1534 5318 autem
1595 5262 1741 5317 Patri
1795 5262 2034 5326 Verbum,
2080 5273 2133 5317 et
2185 5265 2294 5317 Deo

725 5353 1129 5417 humanitatem,
1152 5363 1204 5406 et
1231 5353 1401 5406 lineas
1429 5368 1496 5406 ex
1523 5352 1752 5407 adverso
1779 5353 2144 5421 producendo,
2173 5367 2296 5422 qua:

727 5437 908 5494 Verbo
928 5442 1261 5511 coniungant
1287 5440 1501 5496 Patrem
1525 5451 1580 5497 et
1607 5442 1771 5498 Deum
1804 5444 2124 5500 humanitati
2150 5461 2166 5511 ;
2194 5461 2292 5502 nec

2398 4553 2459 4606 τὸ
2487 4555 2702 4619 κυρίως
2743 4555 2836 4606 καὶ
2878 4555 2939 4607 τὸ
2967 4557 3038 4608 οὑ
3070 4557 3287 4623 κυρίως
3323 4560 3416 4610 ἐπὶ
3450 4559 3546 4612 τοῦ
3595 4561 3770 4628 Λόγου
3820 4563 3972 4631 λέγε-

2403 4641 2546 4706 σθαι,
2580 4641 2704 4693 ἐπεὶ
2732 4643 2825 4694 καὶ
2848 4641 2932 4709 ἐφ’
2961 4642 3137 4712 ἡμῶν,
3170 4645 3219 4696 εί
3248 4645 3342 4696 καὶ
3371 4646 3511 4699 κατὰ
3551 4647 3794 4701 διάνοιαν
3829 4653 3971 4704 ἀντιο

2397 4733 2769 4802 τεταγμέμην,
2798 4732 2963 4802 ἄμφω
2985 4734 3288 4800 Θεωρεῖται.
3316 4736 3462 4788 Ἐκεῖ
3487 4738 3584 4806 μὲν
3607 4739 3718 4808 γὰρ
3739 4739 3803 4790 τὸ
3826 4741 3971 4806 Θεὸς

2405 4821 2466 4872 οὑ
2497 4821 2721 4889 κυρίως,
2743 4821 2881 4874 ἀλλὰ
2908 4823 2968 4874 τὸ
2999 4823 3222 4890 Πατὴρ,
3243 4823 3474 4878 ἐνταῦθα
3497 4825 3554 4877 δὲ
3584 4827 3646 4880 οὑ
3670 4827 3732 4879 τὸ
3759 4829 3970 4896 Πατήρ

2399 4911 2624 4980 κυρίως,
2653 4911 2789 4962 ἀλλὰ
2815 4913 2875 4963 τὸ
2911 4912 3076 4976 Θεός.

2465 5095 2534 5154 γ’.
2582 5087 2702 5139 Ἐπὶ
2727 5087 2784 5140 δὲ
2829 5088 3242 5160 διαγράμματος
3283 5093 3478 5159 γένοιτ’
3515 5091 3580 5145 ἂν
3627 5095 3966 5164 σαφέστερον

2392 5177 2582 5246 ἔχοντα
2623 5202 2628 5208 ·
2665 5178 2730 5229 τὰ
2811 5181 3073 5249 εἰρημένα
3107 5196 3122 5211 '
3187 5184 3634 5253 προταττομένων
3712 5184 3818 5252 μὲν
3872 5186 3965 5238 τοῦ

2392 5271 2593 5338 Πατὴρ
2621 5275 2716 5325 καὶ
2766 5275 2930 5338 Θεὸς,
2971 5275 3418 5344 ὑποταττομένων
3444 5277 3500 5330 δὲ
3537 5277 3614 5345 τῷ
3640 5278 3742 5346 μιν
3784 5279 3963 5349 Πατρὶ

2391 5360 2485 5414 τοῦ
2515 5362 2708 5428 Λόγου,
2734 5363 2811 5433 τῷ
2830 5363 2950 5434 Θεῷ
2981 5365 3038 5418 δὲ
3060 5365 3155 5418 τοῦ
3179 5367 3626 5438 προσλήμματος,
3655 5369 3752 5421 καὶ
3778 5386 3962 5440 γραμ-

2396 5452 2511 5522 μῶν
2537 5455 2602 5508 ὲκ
2630 5456 2974 5527 παραλλήλου
2998 5459 3412 5531 προαγομένων,
3434 5459 3491 5514 αἶ
3522 5461 3863 5516 συνάπτουσι
3882 5459 3960 5531 τῷ

2200 5582 2428 5642 NOT/E.

799 5702 910 5768 (51)
941 5702 1058 5757 Vat.
1101 5702 1269 5770 παρά.
