4186 6444
193 416 298 479 497
1082 416 1181 475 AD
1222 411 1797 474 AMPHILOCHIUM

1895 411 2196 472 ‘UESTIO
2228 412 2549 476 LXXVIII.
3333 417 3440 493 498

194 530 455 601 Θειασμὺς
516 528 863 600 όργιάζεται·
918 525 1145 589 είκὸτως
1201 525 1449 595 ἠρκέσθη
1508 523 1597 578 διά
1650 522 1797 585 τῶν,

1895 539 2047 590 νει-ε,
2078 540 2187 580 nou
2213 535 2394 581 autem
2424 540 2553 582 suos
2583 525 2857 597 mysteriis
2884 524 3298 581 dialecticorum
3328 529 3438 581 ini-

194 625 660 695 παραδειγμάτων
708 616 1056 688 στηλιτεῦσαι
1102 618 1230 680 τούς
1282 617 1618 686 τεχνολογείν
1662 613 1761 683 τὴν

1895 614 2021 678 iare,
2046 614 2245 669 merito
2267 615 2512 670 sufﬁcere
2531 616 2797 684 judicavit
2830 616 3097 685 exemplis
3145 630 3243 670 eos
3274 616 3436 667 refel-

194 715 292 769 τοῦ
330 712 467 768 Θεσῦ
495 712 655 780 φύσιν
681 712 761 773 ιίς
793 709 993 779 θράσος
1021 707 1420 776 άπενεχθέντας
1449 704 1630 774 πολλῷ
1657 705 1764 756 δει-

1895 722 1998 771 ere.
2029 707 2123 777 qui
2154 722 2250 775 per
2272 708 2407 761 artis
2436 708 2679 776 argutias
2706 706 2800 762 Dei
2829 716 3080 761 naturam
3105 706 3440 776 perscrutari

197 806 542 877 σιδαιμονίας
580 802 983 872 χαλεπώτερον,
1016 801 1112 853 καὶ
1154 800 1325 865 δείξαι
1347 837 1363 862 ,
1413 797 1547 867 μηδι
1578 798 1639 849 τὸ
1666 797 1764 865 τῆς

1895 797 2159 862 .udebaut,
2184 797 2407 852 audacia
2434 798 2626 863 multo,
2656 812 2819 867 quam
2857 798 3173 867 superstitio
3202 797 3297 859 sit,
3318 811 3443 865 gra-

197 899 539 965 άντιφάσεως
569 895 752 956 αὐτοῖς
784 890 1221 962 πολυθρύλλητον
1262 889 1492 958 ὄργανον
1529 888 1625 940 έπὶ
1656 886 1766 941 τῶν

1895 890 2026 954 'iori,
2075 898 2131 943 ct
2176 890 2465 944 ostendere
2492 905 2561 944 ne
2611 890 2743 944 illud
2776 889 2998 959 quidem
3034 889 3261 943 nimium
3301 888 3443 956 apud

198 992 471 1059 τυχόντων
499 988 589 1040 άεὶ
616 985 959 1056 πραγμάτων
998 982 1097 1052 τήν
1139 981 1298 1050 ίσχύν
1339 979 1553 1049 ἄμαχον
1599 977 1766 1046 έχειν,

1895 994 2014 1048 psos
2050 978 2399 1035 decantatum
2451 980 2904 1035 contradictionis
2956 993 3221 1049 organum
3253 979 3337 1031 vel
3387 978 3443 1030 in

204 1082 341 1149 μήτι
369 1094 434 1145 γε
463 1077 746 1146 κριτήριον
789 1074 1055 1143 ὑπάρχειν
1094 1071 1195 1139 τῆς
1226 1068 1539 1139 ὑπερφυοῦς
1582 1067 1769 1129 οὐσίας

1895 1069 1962 1124 tis
1987 1068 2120 1138 ipsis
2147 1069 2311 1124 rebus
2344 1070 2544 1124 intimis
2589 1070 2850 1124 invictum
2874 1084 3093 1138 semper
3120 1070 3325 1123 habere
3357 1082 3447 1121 ro-

204 1169 304 1220 καὶ
340 1166 481 1235 ὑπὲρ
509 1165 665 1232 λόγον
704 1161 1144 1233 μεγαλειότητος.
1174 1158 1352 1212 Πολλά
1374 1154 1419 1212 δ’
1443 1158 1511 1212 ἂν
1536 1157 1620 1227 είη
1660 1155 1771 1209 τῶν

1895 1174 1997 1224 mr,
2028 1160 2227 1214 nedum
2260 1159 2538 1214 criterinm
2566 1175 2689 1214 esse
2711 1159 2993 1229 iudicandi
3019 1160 3087 1213 de
3114 1166 3448 1228 supernatuo

207 1258 471 1327 ῥημάτων
499 1255 561 1308 τδ
608 1254 707 1323 μὲν
750 1253 937 1323 σχῆμα
972 1250 1216 1315 σώζοντα
1255 1249 1357 1319 τῆς
1408 1248 1771 1316 ἀντιφάσεως.

203 1348 305 1418 τήν
334 1348 391 1399 δέ
423 1345 612 1416 χρείαν
646 1344 834 1397 οὐκέτι
863 1343 1064 1412 δμοίως
1093 1340 1403 1410 παρέχοντα
1430 1338 1532 1407 τῆς
1556 1336 1773 1407 διακρί-

208 1454 349 1499 σεως
370 1452 385 1466 ⁸
419 1430 530 1488 οἷον
551 1435 605 1487 εί
622 1451 705 1498 τις
735 1436 862 1503 περὶ
884 1433 979 1485 τοῦ
1006 1431 1204 1496 ζῶντος
1235 1432 1519 1501 ἰπερωτᾷ,
1545 1430 1775 1499 πότερον

208 1522 368 1589 οὗτος
394 1527 753 1597 ἀναστήσεται
784 1523 879 1577 τοῦ
903 1524 1160 1587 θανάτου,
1207 1524 1241 1593 ἢ
1271 1524 1371 1577 οὐκ
1397 1523 1510 1591 (3i)
1537 1522 1778 1590 ἀναστή-

212 1634 405 1673 σεται·
435 1617 716 1685 οὐδέτερον
756 1615 867 1684 γάρ
908 1614 1144 1669 ινταῦοα
1188 1611 1592 1683 σωφρονοῦντός
1631 1612 1779 1663 εστιν

211 1706 599 1774 ἀποδέξασθαι.
646 1706 839 1759 Καίτοι
866 1721 932 1772 γε
964 1705 999 1773 ή
1042 1703 1292 1772 παροῦσα
1323 1702 1417 1755 τοῦ
1448 1702 1608 1769 λόγου
1649 1716 1777 1752 συν-

212 1800 360 1868 θήκη
393 1799 489 1850 καὶ⁸
520 1797 681 1849 πλέον
709 1813 761 1848 τι
803 1794 940 1865 πρὸς
972 1793 1272 1862 ἀσφάλειαν
1317 1790 1462 1860 έχειν
1503 1790 1681 1842 δοκεῖ·
1721 1790 1782 1840 τὸ

212 1891 327 1959 γὰρ
360 1887 655 1958 ἀρνητικὸν
701 1886 889 1956 μόριον
914 1885 994 1955 τῷ
1017 1883 1476 1953 κατηγορουμένῳ
1507 1883 1777 1949 συνῆπται

216 1980 425 2048 ῥήματι
445 1994 459 2008 ο
482 1974 597 2029 ἀλλ’
622 1976 681 2027 οὐ
707 1973 908 2044 μετέϐη
939 1973 1075 2042 πρὸς
1095 1972 1157 2024 τὸ
1186 1971 1565 2041 ὑποκείμενον.
1594 1968 1781 2022 Τοιοῦ-

211 2088 307 2122 τον
340 2069 395 2120 δὲ
430 2069 524 2120 καὶ
546 2066 626 2129 τὸ,
660 2067 895 2135 Πότερον
926 2067 1051 2128 τοὺς
1074 2064 1186 2117 τῶν
1218 2063 1447 2116 λεόντων
1474 2062 1671 2132 δνυχας
1698 2062 1780 2114 ἔτι

213 2161 444 2229 φύουσιν
474 2160 525 2211 οί
551 2158 659 2212 τῶν
684 2156 985 2227 ἀνθρώπων
1011 2156 1189 2218 πόδες,
1219 2157 1253 2225 ἢ
1284 2155 1346 2208 οὐ
1376 2155 1602 2223 φύουσιν
1628 2152 1779 2219 ;άλλ’

210 2254 243 2304 ὸ
287 2253 405 2313 τοῖς
454 2249 678 2319 δρόμοις
727 2248 1028 2319 φερόμενος
1065 2248 1167 2317 ήδη
1206 2249 1344 2317 πρὸς
1387 2247 1451 2299 τὸ
1488 2246 1642 2309 τέλος
1684 2244 1779 2297 τοῦ

211 2341 429 2410 ἀγῶνος
466 2339 698 2409 πότερον
727 2342 783 2391 έν
803 2338 953 2408 αὐτῷ
976 2337 1056 2407 τῷ
1081 2336 1341 2407 φέρεσθαι
1363 2336 1464 2407 τὴν
1492 2336 1667 2406 ἀρχήν
1683 2335 1782 2405 τῆς

212 2434 391 2501 φορᾶς
428 2430 688 2492 ἐϐάλετο,
729 2429 762 2499 ἢ
809 2429 947 2493 δλως
994 2432 1096 2482 οὐκ
1142 2429 1379 2499 ήρξατος
1426 2428 1543 2492 πῶς
1591 2428 1700 2497 γὰρ
1746 2429 1780 2496 ή

211 2522 445 2591 τοιαύτη
470 2522 667 2584 πλάσις
688 2521 797 2575 τῶν
822 2520 995 2589 λόγων
1018 2521 1112 2574 τοῦ
1138 2518 1783 2589 ψεύδους,διακρίνει.τὴν

212 2612 504 2681 άλήθειανς
528 2612 589 2665 τὸ
614 2612 692 2676 δέ,
720 2611 838 2682 Πῦρ
860 2614 1114 2683 ύγραῐνον
1133 2612 1429 2680 καζψύχον
1457 2613 1527 2664 τὰ
1556 2611 1783 2681 σώματα

216 2706 450 2773 πότερον
489 2703 629 2756 κατά
658 2704 818 2771 φύσιν
866 2703 899 2772 ἢ
930 2704 991 2755 οὐ
1025 2702 1168 2755 κατά
1213 2702 1375 2770 φύσιν
1424 2702 1627 2771 ταύτην
1658 2705 1783 2755 επι-

213 2794 462 2847 δείκνυσι
490 2792 591 2862 τήν
615 2793 898 2862 ἐνέργειαν
918 2810 933 2856 ;
956 2791 1116 2845 τοῦτο
1142 2792 1199 2845 δὲ
1222 2791 1466 2861 δηλονότι
1488 2791 1787 2861 ὦσπερκαὶ

214 2885 280 2938 τδ
300 2884 459 2954 παρὰ
484 2884 583 2952 τῆς
604 2883 886 2953 αίρετικῆς
902 2882 1145 2945 ἐπινοίας
1172 2882 1587 2952 προτεινόμενον
1607 2898 1786 2949 παρα-

218 2974 604 3043 πεποιημένην
634 2973 747 3042 εχει
787 2976 885 3042 τῆς
918 2973 1239 3042 έρωτήσεως
1268 2971 1367 3041 τήν
1396 2971 1721 3025 διάπλασιν·
1761 2973 1803 3024 ὁ.

216 3066 277 3117 δὲ
307 3065 599 3133 ἄνθρωπος
633 3064 923 3133 μετάρσιος
946 3064 1056 3116 άπὸ
1078 3066 1179 3131 γῆς
1214 3064 1536 3132 φερόμενος,
1561 3062 1791 3131 πότερον

217 3150 460 3203 παύεται
478 3150 578 3218 τῆς
610 3151 883 3221 μετεώρου
913 3152 1105 3221 φορᾶς,
1137 3150 1170 3220 ἢ
1198 3153 1258 3203 οὐ
1287 3150 1544 3215 παύεταις
1565 3153 1665 3221 τῆς
1691 3150 1790 3219 μὲν

219 3241 527 3309 εἰρημένης
550 3241 729 3303 αίτίας
754 3242 1120 3311 ἀπήλλακται,
1137 3241 1235 3310 οὐχ
1259 3237 1421 3311 ἦττον
1440 3242 1496 3294 δὲ
1520 3242 1581 3294 τὸ
1608 3242 1791 3311 σχῆμα

225 3330 699 3401 μετασχηματίζει
729 3337 821 3384 καὶ
848 3331 1264 3402 παραχαράττει
1289 3332 1389 3401 τῆς
1418 3334 1619 3403 κυρίως
1640 3337 1793 3387 άντι-

224 3423 476 3487 φάσεως·
524 3424 552 3472 ὁ
599 3421 654 3473 δὲ
710 3422 898 3490 χρόνος
930 3422 1137 3475 ὐδάτων
1184 3422 1321 3491 ῥέων
1367 3422 1573 3491 νάμασι
1622 3439 1796 3491 παρα-

224 3511 499 3579 πλησίως,
530 3506 639 3580 ἆρα
672 3514 926 3581 στήσεται
950 3513 1051 3580 τῆς
1082 3512 1215 3582 ροῆς
1245 3513 1278 3582 ἢ
1306 3514 1367 3565 οὐ
1396 3516 1682 3583 στήσεται;
1709 3517 1793 3585 δῆο

225 3602 323 3654 λον
354 3600 410 3653 δὲ
438 3600 514 3665 ὡς
557 3603 593 3669 ή
625 3602 918 3670 συμπλοκή
946 3604 1039 3655 καὶ
1071 3602 1213 3673 αὕτη
1239 3604 1332 3656 τοῦ
1369 3604 1527 3672 λόγου
1553 3607 1653 3675 τὴν
1689 3610 1795 3675 πρὸ

224 3693 399 3748 αὐτοῦ
425 3693 733 3762 μιμουμένη
751 3692 841 3746 διά
864 3695 965 3763 τῆς
991 3694 1161 3762 αὐτῆς
1193 3696 1530 3763 κακουργίας
1566 3698 1796 3767 προελή-

227 3785 421 3836 λυθεν·
459 3787 507 3835 εί
543 3782 721 3851 βούλει
749 3783 805 3836 δι
839 3784 935 3838 καὶ
986 3783 1211 3854 πότερον
1240 3786 1274 3856 ή
1303 3784 1596 3855 ἀσώματος
1638 3787 1796 3855 φύσις

226 3878 335 3944 τὴν
365 3875 685 3945 σωματικὴν
724 3875 1062 3945 ὑποδυομένη
1100 3876 1410 3942 διάπλασιν,
1444 3878 1506 3941 ἐξ
1542 3877 1671 3948 ὕλης
1709 3881 1801 3932 καὶ

231 3968 433 4029 είδους,
461 3967 494 4037 ἢ
527 3967 585 4031 ἐξ
617 3966 897 4036 οὐδετέρου
937 3965 1141 4020 τούτων
1168 3967 1293 4037 έσχε
1319 3968 1418 4039 τὴν
1470 3969 1799 4040 σύγκρισιν;

232 4059 283 4109 εί
314 4058 413 4125 μὲν
443 4056 551 4125 γάρ
570 4058 628 4120 ἐξ
657 4056 787 4123 ὕλης
817 4058 912 4107 καὶ
946 4058 1138 4119 εῐδους,
1166 4058 1285 4119 πῶς
1318 4057 1643 4128 άσώματον;
1676 4062 1725 4111 εί
1747 4060 1804 4113 δὲ

232 4146 298 4209 εξ
330 4146 617 4214 οὐδετέρου
653 4146 879 4209 τούτων,
914 4144 1080 4197 πόθεν
1123 4143 1223 4214 τὴν
1251 4146 1566 4216 σωματικήν
1594 4145 1802 4215 ὑπέστη

232 4236 563 4299 διάπλασιν;
588 4236 751 4287 πάλιν
779 4237 814 4305 ή
845 4235 1059 4305 κίνησις
1086 4236 1145 4289 έν
1166 4238 1379 4305 κινήσει
1412 4237 1643 4303 γίνεται,
1678 4238 1712 4307 ή
1746 4240 1805 4290 ἐν

231 4326 298 4378 οὐ
336 4325 545 4393 κινήσει
570 4339 585 4388 ;
612 4324 660 4375 εἰ
693 4324 792 4392 μὲν
834 4323 941 4392 γὰρ
972 4326 1031 4376 ὲν
1063 4324 1270 4393 κινήσει
1296 4363 1312 4389 ,
1354 4326 1437 4387 τίς
1467 4328 1561 4378 καὶ
1589 4327 1647 4379 ιν
1674 4326 1803 4389 τίνι,

233 4417 339 4469 καὶ
378 4415 464 4476 τίς
505 4413 684 4466 αὐτῶν
715 4416 750 4484 ή
781 4415 916 4484 πρὸς
953 4414 1158 4483 άλληλα
1199 4414 1467 4484 διαφοράς
1502 4416 1618 4479 πῶς
1648 4416 1704 4469 δὲ
1737 4417 1801 4469 οὐ

1875 1251 1976 1307 rali
2003 1253 2305 1307 substantia
2332 1252 2698 1321 ineﬂ‘abilique
2724 1252 2999 1322 majestati
3033 1262 3244 1320 aptum.
3274 1249 3449 1303 Multa

1876 1357 2039 1412 porro
2068 1341 2341 1397 enuntiari
2368 1350 2595 1411 queunt,
2624 1356 2747 1411 quae
2772 1340 3007 1410 speciem
3047 1338 3269 1409 quidem
3310 1352 3449 1391 cou-

1878 1434 2216 1489 tradictionis
2248 1434 2559 1504 praferunt,
2595 1448 2701 1487 non
2729 1442 2910 1486 tamen
2935 1447 3123 1486 verum
3156 1446 3221 1484 ac
3250 1430 3445 1483 falsum

1878 1525 2241 1595 distinguunt,
2258 1534 2383 1579 ute.
2407 1540 2489 1595 gr.
2516 1525 2568 1579 si
2585 1524 2709 1594 quis
2723 1524 2790 1578 de
2812 1522 3259 1577 bominevivente
3278 1522 3446 1573 inter-

1882 1626 2057 1685 roget,
2078 1624 2261 1669 utrum
2291 1614 2380 1669 hic
2396 1624 2693 1685 resurgata
2713 1624 2886 1668 morte
2915 1630 2983 1667 an
3007 1628 3113 1667 non
3142 1629 3157 1678 ;
3195 1621 3451 1665 neutrum

1878 1706 2027 1759 enim
2097 1705 2189 1758 hic
2228 1704 2297 1758 ab
2326 1704 2743 1759 homine-sana:
2779 1702 2976 1758 mentis
3004 1702 3216 1757 admitti
3251 1708 3448 1769 potest.

1884 1795 2208 1863 Quanquam
2248 1794 2361 1848 hac
2388 1794 2654 1849 orationis
2684 1794 3023 1848 constructio
3041 1792 3257 1846 videtur
3288 1791 3357 1844 ad
3391 1790 3455 1842 fi-

1880 1889 2001 1941 dem
2023 1885 2330 1940 faciendam
2348 1886 2522 1955 pluris
2551 1885 2755 1955 aliquid
2780 1885 2979 1939 habere
2998 1900 3013 1949 ;
3038 1884 3286 1952 uegativa
3305 1883 3451 1937 enim

1880 1976 2145 2048 particula
2180 1976 2473 2046 praedicata
2502 1977 2830 2043 adnectitur,
2884 1990 2991 2029 non
3029 1990 3160 2030 vero
3210 1974 3276 2028 ad
3322 1973 3455 2027 sub-

1876 2066 2081 2135 jectum
2097 2068 2313 2134 migrat.
2339 2064 2471 2119 Tale
2491 2075 2575 2120 est
2600 2075 2655 2120 et
2685 2066 2823 2119 hoc:
2850 2063 3046 2119 Utrum
3074 2064 3321 2117 leoninos
3353 2078 3455 2115 un-

1883 2174 2015 2231 gues
2063 2167 2326 2229 generant
2355 2156 2576 2211 humani
2608 2156 2772 2226 pedes
2801 2171 2871 2209 an
2922 2172 3031 2209 non
3080 2163 3371 2224 generant;
3404 2160 3460 2205 et

1882 2251 1986 2304 boc
2021 2264 2037 2302 :
2074 2248 2180 2314 Qui
2217 2263 2383 2304 cursu
2443 2249 2557 2317 jam
2609 2248 2677 2301 ad
2731 2246 2893 2302 stadii
2942 2245 3180 2300 defertur
3233 2252 3457 2305 metam,

1883 2350 2067 2396 utrum
2090 2340 2145 2393 in
2166 2339 2286 2407 ipso
2302 2348 2451 2393 motu
2472 2338 2688 2392 initium
2713 2348 2896 2391 motus
2918 2336 3123 2406 posuit,
3146 2351 3213 2389 an
3233 2349 3459 2404 prorsus

1884 2448 1993 2487 non
2032 2430 2271 2501 incepit?
2302 2429 2587 2495 Quomodo
2635 2430 2781 2484 enim
2822 2428 3090 2498 ejusmodi
3149 2428 3459 2483 orationum

1888 2523 2146 2579 formatio
2166 2538 2197 2576 a
2220 2521 2360 2577 falso
2385 2521 2783 2576 discriminabit
2802 2520 3034 2575 verum?
3060 2520 3126 2574 Et
3150 2534 3164 2571 :
3187 2518 3331 2587 Ignis
3358 2518 3462 2571 ltu-

1888 2624 2131 2670 mectans
2146 2628 2213 2669 ac
2236 2612 2567 2682 refrigerans
2585 2627 2840 2681 corpora,
2860 2620 3045 2664 utrum
3065 2626 3130 2666 ex
3149 2619 3365 2674 natura,
3390 2624 3461 2661 an

1890 2722 1998 2761 non
2019 2721 2086 2761 ex
2118 2715 2312 2759 natura
2352 2706 2457 2758 hoc
2482 2705 2778 2773 operatur?
2830 2703 2947 2757 Hoc
2976 2717 3106 2756 vero
3153 2699 3461 2763 manifeste,

1888 2799 2031 2852 sicut
2046 2805 2102 2851 et
2114 2797 2257 2866 quod
2279 2796 2347 2849 ab
2370 2796 2635 2849 haereticis
2654 2793 3183 2863 objicitur,vitiatam
3206 2792 3367 2845 habet
3383 2792 3467 2842 in-

1895 2888 2285 2958 terrogationis
2301 2887 2812 2941 conformationem.
2836 2884 2951 2939 Hoc
2976 2899 3196 2954 quoque
3221 2902 3235 2938 :
3266 2882 3463 2941 Homo.

1892 2980 1987 3050 qui
2018 2996 2048 3033 a
2076 2988 2219 3034 terra
2256 2979 2308 3032 in
2340 2978 2572 3032 sublime
2600 2978 2793 3039 fertur,
2843 2986 3025 3029 utrum
3054 2985 3230 3030 cessat
3262 2975 3333 3028 ab
3362 2974 3467 3027 boc

1898 3072 2123 3127 sublimi
2146 3080 2293 3125 motu
2320 3084 2388 3123 an
2414 3085 2519 3123 non
2544 3069 2758 3123 cessat?
2781 3068 3027 3121 lmmune
3047 3067 3265 3135 quidem
3292 3076 3374 3118 est
3398 3066 3467 3117 ab

1893 3163 2143 3231 exposito
2170 3162 2435 3216 orationis
2464 3161 2629 3225 vitio;
2672 3176 2778 3213 non
2817 3160 3001 3213 minus
3032 3168 3211 3211 tamen
3252 3166 3467 3211 eontra-

1895 3253 2151 3309 dictionis
2183 3268 2321 3308 vera:
2353 3254 2579 3321 figuram
2612 3251 2969 3305 transformat
2992 3266 3055 3304 ac
3088 3250 3367 3317 pervertit.
3408 3249 3465 3302 In

1894 3344 1995 3398 hoc
2022 3354 2201 3397 autem
2246 3361 2261 3397 :
2297 3341 2538 3411 Tempus
2569 3345 2712 3412 quod
2739 3342 2888 3396 fluxu
2938 3340 3057 3394 ﬂuit
3086 3341 3248 3394 undis
3299 3355 3468 3408 aqua-

1894 3443 2015 3480 rum
2063 3428 2249 3492 simili,
2289 3428 2577 3481 desistitne
2625 3429 2692 3481 ab
2720 3428 2987 3496 ejusmodi
3016 3428 3160 3481 fluxu
3224 3443 3291 3480 an
3329 3427 3471 3480 non?

1894 3518 2169 3572 Orationis
2222 3519 2531 3587 complexio
2578 3520 2971 3587 praecedentem
3011 3518 3302 3572 manifeste
3344 3519 3471 3571 imi-

1897 3618 2019 3664 tans
2072 3609 2263 3663 eodem
2324 3618 2517 3677 peccat
2564 3610 2717 3673 vitio,
2777 3620 2838 3663 ut
2893 3618 2949 3665 et
2978 3612 3092 3664 haec
3121 3610 3469 3678 propositio:

1898 3698 2091 3755 Utrum
2122 3700 2442 3767 incorporea
2477 3708 2669 3753 natura
2716 3713 3035 3766 corpoream
3086 3698 3308 3752 subiens
3338 3712 3471 3749 coa—

1901 3788 2280 3843 formationem
2332 3802 2397 3841 ex
2447 3790 2673 3842 materia
2723 3800 2777 3843 et
2833 3788 3005 3842 forma
3045 3790 3129 3841 vel
3160 3804 3226 3842 ex
3275 3795 3472 3841 neutro

1902 3879 2095 3932 horum
2144 3879 2335 3932 habuit
2385 3863 2895 3948 compositionem?
2939 3879 2995 3933 Si
3042 3895 3107 3933 ex
3162 3881 3385 3933 materia
3418 3888 3473 3931 et

1900 3970 2101 4035 forma,
2134 3972 2411 4039 quomodo
2445 3972 2800 4040 incorporea?
2846 3971 2941 4026 Sin
3000 3987 3127 4027 vero
3167 3989 3233 4026 ex
3275 3973 3472 4026 ltorunt

1901 4069 2115 4123 neutro,
2137 4060 2279 4114 unde
2289 4046 2605 4129 corpoream
2626 4061 2791 4114 subiit
2805 4061 3287 4115 conformationem
3302 4061 3325 4113 ἲ
3343 4062 3478 4114 Ilur-

1901 4165 2021 4205 sum
2050 4151 2219 4204 motio
2244 4151 2325 4203 vel
2350 4151 2403 4203 in
2428 4150 2667 4204 motione
2691 4153 2749 4203 flt
2775 4151 2859 4205 vel
2899 4152 2954 4204 in
2983 4152 3384 4205 non-motione.
3418 4150 3475 4202 Si

1904 4240 1957 4294 in
1982 4239 2241 4299 motione,
2266 4252 2514 4306 quanam
2544 4253 2605 4290 ea
2635 4246 2716 4290 est
2741 4247 2795 4290 et
2826 4238 2877 4290 in
2903 4253 3011 4306 qua
3034 4248 3117 4290 est
3146 4247 3199 4290 et
3223 4250 3473 4303 quaenam

1903 4342 2090 4383 earum
2111 4326 2179 4380 ad
2209 4326 2435 4379 invicem
2465 4325 2803 4379 differentia?
2836 4325 3122 4390 Quomodo
3148 4339 3256 4377 non
3292 4333 3346 4377 et
3380 4322 3473 4375 illa

1905 4431 2125 4471 rursum
2183 4415 2238 4468 in
2272 4414 2507 4469 metione
2541 4416 2619 4476 fit,
2650 4423 2705 4468 et
2743 4414 2821 4469 sic
2848 4414 3163 4482 proceditur
3192 4414 3243 4467 in
3291 4414 3477 4467 infini-

234 4506 471 4574 κάκείνη
502 4505 663 4557 πάλιν
684 4505 741 4555 έν
760 4508 989 4573 κινήσει,
1014 4506 1109 4557 καὶ
1152 4505 1501 4574 παρεισδύσει
1552 4508 1613 4559 τὸ
1648 4507 1797 4559 άπει-

1912 4507 2068 4563 tum?
2096 4506 2153 4559 Si
2179 4521 2309 4560 vero
2336 4522 2441 4559 non
2466 4507 2518 4559 in
2553 4507 2814 4571 motiOne,
2836 4508 3107 4574 quomodo
3128 4507 3488 4563 immobilitas

241 4615 370 4669 ρον;
438 4600 487 4649 εί
528 4597 586 4648 δὲ
611 4597 685 4667 μὴ
718 4598 773 4649 έν
800 4597 1031 4663 κινήσει,
1055 4595 1171 4657 sub;
1197 4598 1453 4667 ἀκινησία
1480 4598 1689 4663 συνέξει
1709 4599 1807 4669 τὴν

238 4693 462 4758 κίνησιν
494 4688 587 4739 καὶ
630 4688 664 4755 ή
694 4687 879 4747 στάσις
908 4686 971 4754 τῇ
1002 4686 1146 4755 φορᾷ
1184 4686 1419 4739 συνοῦσα
1441 4686 1501 4738 οὐ
1543 4702 1807 4757 συγκινη-

240 4782 477 4851 θήσεται
507 4779 654 4847 ('55);
685 4777 718 4847 ἢ
752 4777 825 4847 μὴ
856 4777 1479 4847 συνανακινηθείσηιβϐ)
1507 4781 1573 4849 τῇ
1599 4780 1810 4851 ἠρεμίᾳ

241 4871 348 4925 καὶ
416 4870 451 4938 ή
498 4869 707 4937 κίνησις
752 4867 1053 4932 παύσετακ
1105 4867 1171 4920 Ἦ
1213 4867 1271 4920 δι
1317 4867 1583 4934 σύμπασα
1628 4869 1802 4930 κτίσις

241 4959 519 5029 κρείττων
546 4952 680 5009 οὖσα
717 4956 1079 5025 δημιουργίας
1104 4994 1121 5020 ,
1156 4957 1381 5026 πότερον
1418 4957 1523 5009 ὐπό
1546 4974 1688 5016 τινος
1724 4960 1813 5011 ὲν-

240 5049 475 5121 εργείας
517 5046 772 5117 παρήχθη
805 5046 841 5112 ἢ
866 5046 975 5098 οὐδ’
1004 5046 1139 5109 ὅλως
1171 5046 1513 5115 παραχθείσα
1550 5048 1813 5117 γνωρίζε-

239 5157 378 5205 ταις
413 5141 463 5192 εί
496 5139 594 5209 μιν
620 5139 731 5209 γὰρ
759 5139 821 5190 οὐ
860 5139 1143 5207 παρήχθη,
1174 5138 1289 5201 πῶς
1318 5138 1456 5201 ὅλως
1499 5142 1594 5192 καὶ
1641 5140 1814 5203 κτίσις

242 5230 521 5298 ὑπάρχειν
552 5226 803 5294 λέγεταις
846 5229 895 5279 εί
934 5226 991 5279 δὲ
1022 5227 1301 5297 παρήχθη,
1333 5227 1449 5291 πῶς
1476 5229 1539 5281 τὸ
1572 5233 1817 5298 κρεῖττον

242 5318 395 5374 εῖναι
418 5322 518 5389 τῆς
533 5319 888 5389 δημιουργίας
907 5319 1256 5388 ἀπηνέγκατο
1278 5337 1294 5387 ;
1313 5321 1405 5373 καὶ
1435 5321 1573 5390 πόση
1591 5322 1817 5391 τοιαύτη

245 5416 425 5484 λέσχη
447 5412 543 5465 καὶ
566 5411 824 5481 τερατεία
864 5413 992 5481 περὶ
1015 5414 1076 5464 τὸ
1097 5412 1280 5481 σχῆμα
1308 5412 1520 5482 χορεύει
1544 5413 1640 5482 τῆς
1668 5416 1817 5466 ἀντι-

1903 4600 2197 4653 motionem
2221 4598 2521 4651 continebit
2543 4598 2769 4666 etquies
2799 4599 2969 4651 motui
3013 4598 3349 4652 coexsistens
3372 4614 3477 4651 non

1905 4688 2069 4744 simul
2100 4686 2407 4740 movebitur
2441 4694 2537 4739 aut
2560 4686 2728 4740 simul
2757 4701 2879 4739 cum
2920 4686 3100 4755 quiete
3122 4687 3285 4740 etiam
3316 4688 3492 4740 motio

1902 4779 2013 4847 jam
2064 4776 2411 4843 conquiescet
2434 4775 2456 4827 ?
2476 4774 2738 4829 Creatura
2775 4777 3047 4838 universa,
3074 4775 3355 4828 creatione
3382 4790 3481 4829 su-

1906 4870 2116 4937 perior,
2152 4874 2327 4919 estnet
2374 4866 2444 4919 ab
2476 4865 2656 4934 aliqua
2690 4866 2904 4919 actione
2928 4866 3190 4935 producta
3228 4881 3294 4917 an
3328 4880 3484 4932 pror-

1920 4976 2014 5015 sus
2040 4975 2148 5015 non
2175 4958 2435 5027 producta
2462 4957 2917 5026 cognoscitttr?Si
2949 4973 3053 5011 non
3073 4956 3173 5009 fuit
3192 4957 3495 5025 producta,

1914 5051 2189 5123 quomodo
2209 5050 2365 5119 plane
2410 5060 2465 5103 et
2504 5055 2753 5102 creatura
2793 5062 2916 5103 esse
2957 5048 3191 5101 dicitur?
3234 5045 3327 5100 Sin
3358 5062 3496 5099 vero

1916 5140 2200 5213 producta,
2238 5137 2532 5208 quomodo,
2578 5137 2854 5191 creatione
2902 5147 2959 5191 ut
2992 5138 3241 5204 superior
3271 5136 3365 5195 sit,
3395 5151 3488 5189 ac-

1916 5231 2097 5301 cepit?
2128 5229 2192 5283 Et
2220 5229 2471 5297 quisnam
2505 5227 2860 5280 numerandis
2883 5241 2980 5295 par
3008 5228 3116 5280 erit
3147 5225 3305 5295 nugis
3337 5224 3491 5293 ejus-

1920 5324 2064 5378 modi
2094 5338 2159 5377 ac
2201 5320 2375 5384 tricis,
2414 5334 2535 5388 qua:
2580 5318 2724 5372 circa
2766 5318 3214 5372 contradictionis
3249 5315 3491 5371 fortnam

1920 5414 2097 5483 effingi
2129 5410 2368 5482 queunt?
2388 5409 2519 5475 Qua?
2545 5417 2746 5478 quanta
2779 5408 3021 5479 indigent
3054 5408 3441 5478 repurgatione
3464 5408 3490 5459 Ε

1755 5525 1985 5581 NOTAE.

326 5707 445 5769 (δέ)
475 5706 599 5777 Οὐδ’
626 5707 813 5777 ἓτερον
842 5709 894 5761 in
930 5711 1052 5762 cod.

326 5778 446 5843 (35)
478 5776 607 5845 Leg.
637 5776 758 5832 cum
787 5779 1031 5833 Catil‘oru
1064 5780 1507 5848 τιΚινηοὴσεται,
1540 5782 1663 5836 licet
1696 5782 1817 5835 cod.

1929 5713 2122 5765 habent
2153 5728 2167 5761 ε
2198 5710 2708 5778 συγκρινηοήσεται..

1998 5783 2111 5851 (36)
2152 5780 2311 5835 Cuttf.
2344 5775 2838 5847 ’συνανακινηοήσῃ.
