4186 6444
728 395 836 460 ιθθ

1882 399 2139 460 ΡΗΟΤΙΙ
2173 399 2680 460 PATRIARCH/E
2708 399 2816 460 (ΖΡ.

3862 393 3972 456 500

731 515 845 568 Iino
875 521 928 567 et
952 527 1143 567 eorum
1195 528 1317 581 quae
1348 513 1548 568 desunt
1585 514 1861 569 additione
1887 525 1943 569 et
1967 531 2156 570 eorum
2183 531 2306 584 qua:

2427 515 2660 582 ράσεωςς
2693 517 2866 584 πόσης
2909 514 2968 568 δδ
2995 514 3168 566 δεῖται
3195 512 3295 580 τῆς
3339 508 3766 579 ἀνακαθάρσεως
3784 545 3803 572 ,
3832 508 3973 562 ἀλλά

729 599 1033 653 redundant
1077 600 1435 665 detractione,
1475 616 1576 655 nec
1611 616 1718 655 non
1773 602 2046 656 subtiliori
2102 602 2300 657 distiu-

727 690 904 744 ctione
930 700 1090 758 atque
1117 689 1575 760 agglutinatiouel
1601 690 1844 757 Quorum
1894 692 2027 746 nihil
2085 693 2298 747 beatam

727 781 875 833 illam
903 791 1070 849 atque
1095 781 1460 835 immortalem
1505 791 1754 836 naturam
1786 792 1963 852 potest
1995 783 2296 852 attingeref,

729 885 837 924 non
860 871 1038 925 solum
1063 871 1334 936 cominus,
1360 872 1456 928 sed
1481 887 1549 928 ne
1567 873 1783 928 eminus
1808 874 2049 943 quidem.
2073 872 2230 939 Quod
2251 873 2299 928 si

729 965 784 1014 in
813 963 977 1018 rebus
996 963 1297 1018 materiatis
1318 978 1426 1018 non
1448 974 1534 1020 est
1556 964 1828 1019 lidendum
1852 966 2302 1021 contradictionis

730 1053 920 1106 formae
969 1066 1067 1121 pro
1102 1052 1352 1107 Iibrandu
1380 1053 1626 1108 veritatis
1663 1069 1728 1109 ac
1776 1053 2028 1110 falsitatis
2068 1054 2296 1124 judicio,

729 1140 834 1193 nisi
864 1139 1024 1194 simul
1050 1149 1104 1194 et
1123 1140 1230 1194 alia
1257 1141 1430 1195 multa
1459 1142 1825 1198 adsumuntur
1845 1158 1968 1214 qua
1990 1144 2302 1200 accuratius

729 1229 1070 1298 distinguant
1096 1240 1151 1285 et
1180 1230 1409 1287 fulciant
1449 1241 1507 1287 et
1543 1234 1828 1302 perficiant
1876 1234 2084 1289 criterii
2141 1234 2304 1290 istius

731 1316 839 1368 vim
862 1353 879 1378 ,
910 1317 1268 1372 multominus
1285 1317 1343 1371 in
1372 1318 1555 1372 divina
1568 1326 1623 1374 et
1639 1318 1896 1374 iueﬂ’abili
1924 1320 2308 1390 mentibusque

732 1403 986 1458 humanis
1047 1406 1520 1474 imperscrutabili
1588 1414 1783 1460 natura
1839 1409 2037 1476 poterit
2098 1408 2306 1463 criterii

733 1495 900 1548 I‘ulmr
947 1502 1003 1548 et
1057 1495 1379 1564 dignitatem
1443 1496 1984 1568 habere.0perositas
2033 1498 2309 1556 contradi-

736 1597 962 1640 CllOfIIS.

2403 607 2496 662 καὶ
2525 606 2879 676 παρενθήκης
2898 606 3009 660 τῶν
3039 606 3399 673 λειπομένων,
3429 597 3548 653 ἀλλ’
3567 597 3840 665 ἀποϐολῆς
3863 597 3974 650 τῶν

2401 697 2830 764 περιττευόντων
2841 737 2856 759 ,
2879 696 3015 750 ἀλλά
3029 697 3227 748 λεπτου
3235 694 3390 765 ργίας
3409 693 3504 746 καὶ
3516 691 3968 759 ὲπιγομφὼσεωςι

2399 782 2474 841 ὢν
2500 787 2656 840 οὐδὲν
2689 786 2915 848 δυνατὸν
2943 788 3042 856 τῆς
3073 786 3354 856 μακαρίας
3383 784 3598 854 έκείνης
3642 782 3740 835 καὶ
3769 779 3977 849 ἀκρᾶν·

2399 894 2495 930 του
2519 876 2720 946 ψαύειν
2748 879 2984 946 φύσεως,
3003 877 3113 930 οὐδ’
3134 876 3324 944 έγγὺς,
3347 873 3488 929 ἀλλά
3505 873 3602 926 καὶ
3622 871 3741 924 λίαν
3759 870 3976 945 πόρρω,

2401 968 2494 1019 καὶ
2521 967 2682 1019 πλέον
2725 966 2759 1036 ἢ
2803 966 2930 1019 ὅσον
2966 966 3340 1036 δημιουργικὴ
3391 963 3553 1034 φύσις
3581 963 3689 1016 τῶν
3717 959 3978 1030 γηγενῶν

2400 1049 2898 1122 δημιουργημάτων
2939 1052 3391 1123 ἀηκεχὼρηκεν.
3434 1051 3500 1106 El
3529 1051 3588 1104 δι
3620 1050 3714 1102 επὶ
3736 1048 3851 1101 τῶν
3888 1050 3976 1100 εν.

2403 1140 2544 1194 ύλων
2576 1142 2638 1196 οὑ
2665 1142 3128 1197 καταπιστεύεται
3177 1142 3240 1195 τὸ
3278 1141 3470 1212 σχῆμα
3495 1141 3597 1209 τῆς
3634 1139 3980 1206 ἀντιφάσεως

2405 1233 2589 1303 κρίσιν
2613 1234 2969 1302 ζυγοστατείν
2989 1234 3249 1304 ἀληθείας
3277 1233 3372 1286 καὶ
3394 1231 3646 1298 ψεύδους,
3669 1227 3746 1298 μὴ
3768 1225 3983 1278 πολλῶν

2405 1325 2502 1378 καὶ
2531 1325 2708 1379 ἄλλων
2733 1324 3431 1396 συμπαραλαμϐανομένων
3456 1321 3550 1374 καὶ
3593 1314 3985 1386 συνακριϐολο-

2404 1416 2666 1482 γούντων,
2694 1417 3167 1488 ὑποστηριςόντων
3196 1431 3256 1468 τε
3282 1413 3381 1466 καὶ
3414 1408 3863 1464 συντελειούντων
3888 1404 3984 1457 τοῦ

2406 1507 2701 1577 κριτηρίου
2725 1508 2826 1578 τήν
2861 1507 3114 1577 δύναμιν,
3142 1507 3178 1576 ἢ
3214 1503 3318 1558 ποῦ
3347 1519 3412 1571 γε
3444 1502 3535 1554 ἐπὶ
3561 1500 3660 1569 τῆς
3702 1497 3854 1558 θείας
3891 1496 3990 1548 καὶ

2408 1595 2549 1666 ὑπὲρ
2577 1596 2734 1665 λόγον
2755 1599 2854 1650 καὶ
2893 1594 3171 1666 λογισμῶν
3197 1591 3557 1663 ἀνθρωπίνων
3585 1589 3686 1641 οὑκ
3712 1584 3988 1654 ἀνεχομέ-

735 1693 830 1745 νης
857 1675 1083 1745 ερευναν
1120 1677 1306 1749 χώραν
1331 1677 1557 1747 εὑρήσει
1584 1679 1872 1749 κριτηρίου
1936 1679 2334 1751 περιϐαλέσθαι
2408 1688 2609 1756 κράτος
2650 1705 2710 1742 τε
2752 1690 2848 1744 καὶ
2911 1689 3127 1758 ἀξίωμα
3201 1687 3302 1756 τῆς
3338 1685 3680 1754 ἀντιφάσεως
3721 1680 3784 1733 τὸ
3827 1677 3990 1748 αρί⁶

735 1783 894 1836 εργον
916 1787 931 1836 ς

809 1863 863 1918 6.
905 1866 1083 1934 Atque
1132 1863 1377 1933 inspice,
1424 1863 1474 1918 si
1532 1864 1700 1928 lubet,
1751 1863 1999 1934 exempla
2049 1866 2305 1936 propiora

2491 1866 2570 1932 ς’.
2612 1867 2724 1919 Καὶ
2750 1866 2876 1938 ὅρα,
2902 1867 2956 1919 εί
2978 1882 3040 1933 γε
3062 1865 3242 1935 βούλει
3261 1903 3278 1928 ,
3307 1863 3404 1918 καὶ
3429 1863 3540 1916 τῶν
3565 1860 3877 1931 εἰρημένων
3902 1859 3995 1927 έγο

737 1970 976 2025 quoque,
1006 1970 1171 2024 quam
1194 1971 1316 2026 quae
1337 1954 1645 2011 attulimus.
1671 1956 1954 2011 Exstantia
1980 1958 2312 2026 produxitne

742 2047 884 2101 Deus
915 2046 1134 2109 saecula,
1160 2061 1229 2099 an
1263 2061 1371 2101 non
1401 2048 1696 2112 exstantia,
1731 2058 1786 2103 et
1811 2048 2186 2105 subsistuntne
2241 2066 2312 2106 an

741 2153 848 2191 non
897 2137 1242 2193 subsistunt?
1276 2137 1331 2192 Si
1380 2139 1528 2192 enini
1567 2140 1858 2204 exstantia,
1906 2141 2180 2208 quomodo
2205 2157 2312 2197 non

743 2226 980 2281 inaniter
1040 2228 1382 2298 (produxit)?
1428 2229 1716 2294 Quomodo
1763 2244 1874 2284 non
1915 2230 2164 2288 fabulosa
2211 2233 2318 2287 erit

743 2319 833 2372 illa
869 2318 1200 2387 productio?
1238 2317 1334 2373 Sin
1390 2329 1570 2375 autem
1616 2336 1726 2376 non
1767 2324 2060 2388 exstantia,
2103 2324 2198 2378 ubi
2232 2333 2320 2380 est

741 2413 885 2477 quod
914 2408 1131 2464 aeternis
1149 2419 1232 2464 est
1250 2412 1640 2465 coextensum?
1667 2409 1733 2465 Et
1767 2412 1814 2466 si
1846 2427 1954 2466 non
1983 2413 2313 2477 subsistunt.

741 2497 1016 2565 quomodo
1069 2498 1124 2552 in
1179 2498 1342 2552 rebus
1368 2499 1760 2554 exsisteutibus
1792 2501 2018 2556 omnino
2043 2503 2131 2557 vel
2176 2503 2320 2558 unde

745 2599 873 2643 sunt
918 2590 1035 2644 sive
1069 2601 1233 2645 erunt
1277 2593 1518 2646 saecula?
1548 2593 1604 2646 Si
1646 2607 1777 2647 vero
1809 2593 2144 2661 subsistunt,
2177 2596 2320 2650 unde

746 2679 879 2747 ipsis
899 2680 1104 2735 accedit
1126 2680 1457 2736 illimitatum
1481 2692 1536 2737 et
1554 2683 1883 2739 immensum
1902 2685 1925 2738 ?
1944 2683 2110 2741 Visne
2137 2687 2322 2742 adhuc

747 2771 970 2839 propius
1023 2772 1414 2826 absurditatem
1454 2773 1804 2842 conspicere?
1838 2773 1999 2829 Pater
2050 2775 2321 2832 exsistens

747 2861 924 2917 factus
961 2871 1044 2917 est
1075 2861 1236 2917 Pater
1286 2863 1371 2918 vel
1420 2879 1531 2919 non
1581 2867 1874 2921 exsistens.
1930 2865 1989 2921 Si
2027 2867 2322 2932 exsistens,

748 2952 956 3022 aliquid
1002 2953 1176 3023 ipsius
1227 2955 1442 3009 exstitit
1471 2957 1623 3025 prius
1652 2965 1708 3012 et
1735 2959 1880 3012 aliud
1912 2960 2188 3027 posterius
2229 2975 2327 3016 ac—

748 3046 937 3109 cessit,
963 3055 1017 3100 et
1045 3045 1326 3114 quomodo
1360 3055 1632 3102 mutatum
1677 3049 1799 3114 fuit,
1829 3051 1975 3119 quod
2006 3062 2088 3107 est
2118 3053 2321 3106 immu-

749 3135 948 3190 tabile?
1000 3136 1061 3191 Si
1112 3151 1241 3190 vero
1288 3151 1396 3190 non
1442 3139 1747 3204 exsistcns.
1804 3142 2126 3198 mutationis
2184 3143 2328 3198 ratio

2411 1957 2840 2026 γύτερον.”οντα
2873 1957 3235 2028 προήγαγενό
3266 1954 3398 2016 Θεὸς
3410 1953 3504 2007 τόν
3525 1951 3698 2005 αἰῶνα
3725 1950 3758 2020 ἢ
3797 1951 3876 2020 μὴ
3903 1951 3994 2003 δν-

2411 2062 2480 2098 τα
2494 2062 2514 2111 ;
2533 2046 2629 2098 καὶ
2649 2041 2763 2116 ἄρα
2787 2046 3095 2116 ὑφέστηκεν
3130 2046 3166 2116 ἢ
3191 2045 3290 2112 οὑχ
3315 2042 3649 2110 ὑφέστηκεν;
3670 2040 3734 2092 El
3759 2037 3862 2108 μιν
3882 2038 3994 2107 γάρ

2412 2141 2566 2206 ὄντα,
2597 2139 2720 2201 πῶς
2742 2140 2805 2192 οὐ
2837 2138 3038 2209 μάτην,
3067 2137 3184 2200 πῶς
3207 2135 3254 2189 δ’
3285 2134 3348 2187 οὑ
3380 2132 3548 2202 λῆρος
3579 2133 3614 2202 ἠ
3646 2131 3994 2200 παραγωγῆς

2416 2235 2468 2288 εί
2495 2233 2553 2286 δὲ
2583 2231 2662 2303 μὴ
2686 2231 2841 2294 ὄντα,
2867 2228 2974 2282 ποῦ
2999 2230 3115 2290 τοῖς
3145 2227 3338 2289 ἀϊδίοις
3369 2224 3432 2277 ca
3459 2222 3997 2296 παρεκτεινόμενονς

2418 2326 2513 2381 καὶ
2538 2326 2592 2378 εί
2612 2340 2678 2391 γε
2710 2323 2786 2394 μὴ
2815 2321 3114 2391 ὑφέστηκε,
3132 2319 3249 2381 πῶς
3272 2316 3382 2370 τῶν
3402 2315 3576 2370 θντων
3599 2313 3736 2376 ὅλως
3767 2311 3805 2383 ἢ
3828 2311 3998 2365 πόθεν

2417 2416 2583 2482 αίών,
2634 2417 2683 2469 εί
2721 2415 2767 2467 δ’
2822 2413 3120 2482 ὑφέστηκε,
3169 2409 3336 2462 πόθεν
3385 2406 3537 2477 αὐτῷ
3581 2405 3646 2458 τδ
3685 2402 4002 2472 ἀπέραντον

2417 2504 2855 2574 ἐπακολουθήσει
2888 2503 2987 2558 καὶ
3013 2500 3387 2570 ἀδιεξίτητονς
3421 2497 3546 2550 Ἔτι
3595 2495 3653 2548 δέ
3699 2490 4002 2562 έγγύτερον

2417 2599 2481 2651 τὸ
2525 2598 2726 2653 ἄτοπον
2771 2594 2953 2665 βούλει
3003 2593 3276 2663 καθορᾷνς
3337 2591 3398 2644 '0
3441 2587 3633 2657 Πατὴρ
3679 2584 3759 2638 ὢν
3807 2584 4004 2652 γέγονε

2422 2690 2613 2760 Πατὴρ
2639 2689 2675 2758 ἢ
2702 2688 2777 2759 μὴ
2814 2687 2920 2754 av;
2949 2686 2999 2740 si
3029 2685 3129 2756 μιν
3155 2684 3266 2754 γὰρ
3306 2682 3408 2747 ὢν,
3441 2683 3504 2734 τδ
3535 2679 3636 2750 μὲν
3661 2675 3834 2731 αὑτοῦ
3867 2675 4005 2745 πρό-

2420 2796 2606 2849 τερον,
2647 2778 2710 2832 τὸ
2737 2779 2796 2831 δὲ
2839 2777 3154 2844 ἀπιγέγονε,
3195 2773 3294 2827 καὶ
3325 2772 3446 2834 πῶς
3495 2767 3907 2841 μεταϐέϐληται
3944 2765 4007 2817 τὸ

2422 2871 2834 2942 ἀμετάϐλητονς
2886 2871 2936 2922 εί
2973 2869 3030 2922 δὲ
3065 2867 3142 2936 μὴ
3179 2865 3279 2928 ὣν,
3329 2863 3425 2916 καὶ
3465 2864 3496 2916 ὁ
3557 2860 3658 2928 τῆς
3701 2855 4006 2928 μεταϐολῆς

2428 2961 2529 3032 μὲν
2554 2961 2712 3027 λόγος
2737 2960 2892 3013 οὐδὲν
2923 2953 3087 3029 ἦττον
3120 2955 3562 3017 ἀποσκευάζεται
3591 2951 3655 3004 τδ
3683 2946 4006 3018 ἀμετάϐλη-

2422 3053 2644 3120 τονζκαὶ
2671 3051 2814 3106 κατὰ
2829 3051 2930 3121 τῆς
2951 3051 3250 3120 ἀῖδιότητος
3269 3046 3435 3101 πλέον
3466 3046 3700 3099 ἵσταται.
3717 3039 3886 3093 ⁹Α).λά
3911 3037 4010 3106 λη-

2433 3143 2671 3213 ρούντων
2700 3141 2883 3196 ταῦτα
2910 3143 3010 3213 τῆς
3040 3142 3326 3212 αίρετικῆς
3351 3140 3470 3192 εστι
3497 3136 3594 3190 καὶ⁸
3619 3132 3847 3203 πρώτης
3880 3143 4012 3181 σποο

752 3225 885 3278 nihil
915 3225 1096 3280 minus
1118 3225 1351 3280 destruit
1371 3225 1862 3282 immutabilitatem
1883 3239 1937 3284 et
1960 3239 2152 3285 contra
2181 3245 2324 3285 sem-

2430 3232 2531 3299 ρᾶς
2563 3231 2742 3285 πάντα
2772 3229 3042 3300 γεώργια.

748 3314 1110 3383 piteruitatem
1164 3313 1393 3371 validius
1443 3325 1669 3387 pugnat.
1727 3314 1928 3372 Verum
1994 3320 2111 3374 hinc
2161 3319 2479 3389 nugantium
2537 3327 2684 3385 sunt,
2736 3327 2793 3374 et
2857 3320 3126 3374 haeretica
3187 3333 3252 3373 ac
3297 3315 3488 3386 primas
3537 3313 3766 3368 sationis
3825 3310 4008 3364 omnla

747 3403 977 3460 fructus.

821 3495 874 3549 7.
911 3495 1043 3549 Esto
1069 3511 1084 3548 :
1139 3495 1232 3550 sed
1252 3493 1484 3551 forsitan
1511 3494 1659 3550 aliud
1690 3494 2002 3552 haereticum
2031 3512 2329 3567 argumen-

749 3596 863 3639 tum
895 3585 1159 3640 audacius
1210 3593 1451 3656 emerget
1499 3594 1554 3640 et
1591 3600 1851 3641 amovens
1878 3601 1910 3640 a
1940 3603 2001 3642 se
2030 3590 2333 3659 transposi-

753 3677 920 3730 tionis
974 3676 1213 3744 culpam,
1273 3691 1381 3745 qua
1425 3676 1700 3746 oppositio
1751 3677 1840 3731 illa
1892 3678 2204 3743 vitiabatur,
2256 3683 2331 3736 ita

750 3767 922 3820 ferme
963 3765 1252 3821 instituere
1301 3766 1780 3836 interrogationem
1807 3768 2062 3822 molietur
2107 3787 2122 3825 :
2169 3770 2333 3826 Exsi-

751 3865 980 3912 stentem
1027 3872 1096 3912 ne
1111 3856 1298 3926 genuit
1346 3857 1504 3911 Mter
1527 3856 1720 3912 Filium
1745 3873 1812 3913 an
1837 3859 2187 3915 exsistentem
2227 3877 2334 3917 non

753 3945 976 4014 genuit?
1019 3954 1073 3998 et
1102 3954 1288 4014 poscet
1318 3945 1546 4000 alteram
1594 3956 1804 4016 partem
1835 3948 2196 4016 oppositionis
2226 3948 2334 4004 sibi

755 4033 999 4088 concedi.
1027 4031 1226 4087 Verum
1253 4033 1536 4088 enimvero
1561 4042 1616 4088 et
1653 4035 1760 4089 tale
1779 4033 2037 4104 effugium
2055 4045 2334 4089 ostensum

756 4133 844 4180 est
874 4140 967 4193 per
991 4125 1306 4194 supradicta
1336 4125 1586 4194 exempla
1615 4125 1860 4180 infirmas
1890 4140 2227 4195 prorsusque
2239 4125 2336 4180 dc-

757 4215 936 4284 jectas
967 4214 1170 4269 habere
1203 4214 1366 4269 vires.
1398 4212 1546 4268 Nihil
1575 4223 1757 4268 autem
1805 4224 1952 4268 vetat
1982 4224 2038 4269 et
2083 4230 2226 4270 nunc
2255 4215 2339 4270 di-

760 4314 906 4361 recte
925 4315 980 4360 et
998 4306 1229 4361 breviter
1255 4305 1386 4360 illud
1414 4305 1638 4360 refutari
1659 4306 1792 4374 (37).
1816 4303 1910 4359 Vel
1939 4306 2085 4360 enim
2125 4306 2338 4375 simpli-

768 4398 905 4452 citer
953 4397 1222 4466 significat
1268 4413 1374 4450 non
1424 4398 1623 4465 genuit,
1664 4396 1740 4450 nil
1774 4396 1921 4451 aliud
1973 4411 2189 4459 eorum,
2220 4412 2342 4467 quae

763 4488 977 4558 adjungi
1006 4488 1226 4552 debent,
1270 4497 1620 4550 connectens,
1670 4487 1752 4541 vel
1813 4502 1920 4541 una
1952 4503 2136 4543 secum
2167 4487 2341 4554 ducit,

763 4581 908 4650 quod
929 4581 1052 4635 addi
1075 4582 1256 4644 debet,
1278 4581 1490 4636 scilicet
1517 4597 1620 4635 non
1645 4579 1826 4650 genuit
1843 4579 1965 4647 jam
1985 4580 2341 4634 eminentem.

764 4672 869 4737 Qui
894 4670 1160 4726 fallaciam
1180 4686 1397 4726 onmem
1421 4672 1591 4726 evitat
1645 4678 1770 4740 apte
1795 4670 2100 4726 orationem
2131 4685 2340 4724 conne-

2501 3502 2567 3566 ζ’.
2616 3494 2769 3552 Εἷενο
2800 3495 2920 3548 ἀλλ’
2945 3494 3076 3553 ἴσως
3101 3491 3169 3545 ἀν
3207 3504 3292 3549 τις
3341 3485 3527 3554 ἕτερος
3557 3480 3848 3566 αίρετὶζων
3889 3495 4015 3530 νεα-

2431 3564 2698 3646 νιεύσοιτο
2723 3586 2881 3654 λόγος
2915 3583 3009 3637 καὶ
3035 3579 3136 3650 τὴν
3164 3580 3232 3632 sit
3269 3573 3611 3646 μεταθέσεως
3638 3569 3728 3640 ὑφ’
3763 3564 3832 3640 ἧς
3863 3568 4017 3622 ἀντί-

2434 3681 2583 3741 θεσις
2618 3675 2920 3738 ίνοθεύετο,
2952 3665 3465 3734 ἀποσκευαζόμενος
3495 3661 3698 3722 αἰτίαν,
3719 3659 3866 3712 οὑτω
3896 3675 4019 3719 πως

2437 3769 2769 3843 προαγαγεῖν
2795 3761 3205 3831 ἐπιτεκνάσαιτο
3240 3754 3340 3826 τὴν
3377 3751 3645 3824 έρὼτησιν
3661 3764 3681 3784 ο
3719 3749 3892 3843 ὀντα
3921 3763 4020 3814 γε-

2436 3840 2700 3929 γέννηκεν
2730 3857 2760 3909 ὁ
2790 3853 2981 3924 Πατὴρ
3035 3851 3129 3903 τὸν
3175 3849 3302 3902 Υίδν
3341 3846 3375 3915 ἢ
3411 3845 3540 3898 ὄντα
3577 3843 3639 3895 οὑ
3671 3840 4018 3910 γεγέννηκες

2441 3953 2534 4005 καὶ
2558 3949 2877 4018 έπιζητήσει
2917 3945 3143 4015 θάτερον
3184 3941 3347 4013 μέρος
3396 3939 3496 4009 τῆς
3530 3937 3856 3997 ἀντιθέσεως
3880 3936 4020 3988 ἀπεο-

2439 4038 2748 4110 κρίνασθαι.
2791 4035 2951 4090 Ἀλλά
2979 4035 3090 4103 γὰρ
3124 4032 3220 4085 καὶ
3251 4032 3287 4100 ἡ
3310 4028 3531 4097 τοιαύτη
3583 4023 3877 4096 καταφυγὴ
3935 4024 4026 4077 δέ-

2439 4131 2648 4183 δεικται
2679 4128 2779 4197 μὶν
2805 4127 2894 4180 διά
2919 4124 3029 4178 τῶν
3067 4122 3377 4194 είρημένων
3420 4118 3884 4190 παραδειγμάτων
3921 4131 4020 4168 σα-

2444 4220 2572 4292 θρὸν
2623 4215 3065 4288 προϐεϐλημένον
3091 4212 3187 4266 καὶ
3211 4210 3673 4283 περιυϐρισμένον
3699 4207 3778 4277 τῷ
3823 4207 4028 4272 δικαίῳ

2442 4309 2503 4362 τὸ
2535 4307 2749 4361 ἄσυλον·
2773 4306 2924 4360 οὐδὲν
2947 4304 3004 4358 δὲ
3030 4303 3225 4356 κωλύει
3250 4303 3344 4354 καὶ
3369 4299 3464 4353 νῦν
3480 4299 3571 4352 τὸν
3593 4297 3815 4366 έλεγχον
3826 4296 4032 4350 έπέὑο

2444 4399 2592 4460 θείας
2606 4413 2666 4450 τε
2686 4397 2782 4449 καὶ
2802 4395 3075 4464 έπιτόμως
3084 4393 3276 4445 εἰπεῖν·
3293 4390 3546 4444 τδτοίνυν
3564 4389 3710 4442 ὄντα
3727 4389 3805 4442 οὐ
3820 4386 4034 4456 γεγόν-

2445 4504 2637 4557 mur
2660 4488 2741 4550 είς
2760 4484 2937 4539 διττὸν
2962 4482 3341 4553 έπιμερίζεται
3372 4479 3666 4547 διανόημα·
3695 4477 3791 4529 καὶ
3828 4477 3893 4528 τὸ
3926 4477 4031 4544 μέν

2449 4579 2635 4644 ἀπλῶς
2661 4579 2860 4645 ἀπάγει
2892 4575 3029 4646 πρὸς
3053 4573 3116 4626 τὸ
3135 4572 3224 4642 μὴ
3251 4569 3628 4641 γεγέννηκεν,
3652 4568 3844 4636 ἓτερον
3871 4566 4034 4618 οὐδὲν

2450 4674 2562 4727 τῶν
2602 4671 2929 4740 ὀφειλόντων
2985 4660 3452 4720 έπισυνάπτεσθαι
3507 4657 3846 4728 συμπλέκον,
3878 4656 3948 4709 τὸ
3971 4656 4033 4708 δὲ

776 4773 934 4816 ctens
962 4759 1272 4824 aﬂlrmabit,
1305 4759 1434 4829 quia
1468 4760 1681 4830 genitus
1727 4759 1888 4814 simul
1914 4774 2037 4814 cum
2065 4758 2151 4814 sui
2183 4772 2324 4828 gene

2452 4763 2820 4830 συνεπάγεται
2862 4759 2955 4812 καὶ
2980 4757 3042 4810 τὸ
3093 4752 3408 4816 ἀκόλουθον,
3437 4752 3510 4805 οὐ
3539 4747 3868 4819 γεγέννηκε
3917 4746 4034 4816 γάρ

768 4851 978 4907 ratione
1005 4851 1171 4906 habet
1184 4851 1582 4907 exsistentiam.
1601 4849 1751 4906 Istud
1777 4849 1943 4920 igitur
1961 4849 2343 4904 hereticorum

766 4954 1146 5014 argumentum
1175 4959 1271 5013 per
1310 4943 1549 5014 priorem
1587 4943 1959 5011 acccptionem
1983 4941 2344 5010 simpliciores

773 5036 1053 5100 territans,
1083 5037 1151 5092 ad
1179 5036 1363 5108 fugam
1399 5035 1524 5091 illos
1552 5035 1781 5104 impellit
1805 5049 1907 5089 nec
1934 5032 2068 5088 sinit
2097 5033 2338 5088 animum

769 5129 835 5182 ad
886 5129 1183 5184 secundam
1239 5128 1568 5184 sententiam
1620 5125 1923 5190 advertere,
1972 5142 2096 5197 qua
2143 5123 2346 5180 rationi

772 5221 1045 5291 congruit.
1081 5219 1140 5276 Si
1187 5221 1334 5276 enim
1360 5220 1427 5276 ad
1475 5220 1624 5276 illam
1653 5219 1777 5289 quis
1828 5220 2069 5273 animum
2100 5217 2343 5288 adjiciat,

769 5313 1104 5380 facillimam,
1122 5324 1182 5370 ut
1197 5315 1368 5378 vides,
1385 5314 1793 5384 piissimamque
1812 5312 2105 5367 reddiderit
2117 5324 2345 5381 respon-

771 5407 1013 5474 sionem;
1043 5424 1168 5464 nam
1202 5408 1493 5475 affirmare,
1522 5407 1666 5478 quod
1699 5405 2051 5460 exsistentem
2085 5403 2197 5472 jam
2233 5418 2343 5458 non

775 5499 983 5566 genuit,
1004 5500 1132 5571 quia
1152 5500 1316 5557 simul
1339 5515 1464 5556 cum
1489 5499 1803 5556 exsistentia
1819 5497 2027 5554 exstitit
2041 5495 2340 5566 generatio,

2453 4856 2619 4912 ὄντα.
2691 4853 2752 4906 '0
2795 4847 3145 4922 ῥᾳδιουργίαν
3197 4847 3377 4898 πᾶσαν
3405 4840 3693 4911 έκφεύγων
3743 4836 4036 4910 ἁρμοδίως

2452 4946 2545 5000 τὸν
2587 4944 2745 5011 λόγον
2787 4940 3046 5011 συνείρων
3090 4937 3209 5006 ἀρεῖ
3252 4959 3253 4962 η
3299 4933 3438 4986 διότι
3481 4929 3781 5000 σύνδρομον
3841 4927 3874 4978 ό
3907 4941 4041 4992 γενο

2454 5035 2638 5106 νηθεὶς
2667 5033 2780 5102 εχει
2803 5034 2871 5102 τῇ
2923 5029 3177 5099 γεννήσει
3199 5025 3300 5096 τὴν
3327 5021 3586 5093 ὕπαρξιν.
3613 5015 4039 5088 Μορμολύττων

2452 5129 2635 5184 τοίνυν
2656 5126 2688 5180 ό
2709 5121 2995 5194 αίρετίζων
3042 5121 3199 5187 λόγος
3224 5117 3315 5171 διά
3359 5117 3459 5184 τῆς
3481 5111 3752 5184 προτέρας
3797 5106 4042 5176 ικῶχῆς

2453 5219 2580 5282 τοὺς
2611 5214 3015 5282 ἀπλουατέρους
3034 5209 3258 5279 φεύγειν
3277 5203 3581 5268 ἀναπείθει,
3601 5200 3736 5272 μηδι
3764 5198 3910 5268 πρὸς
3935 5197 4042 5266 τὴν

2452 5309 2708 5380 δευτέραν
2751 5305 2987 5360 διάνοιαν
3026 5302 3122 5356 καὶ
3167 5300 3249 5371 τῷ
3285 5299 3430 5367 λόγῳ
3470 5296 3856 5367 προσήκουσαν
3896 5291 4042 5380 ἀπι-

2454 5379 2811 5471 στρέῴεσθαι·
2849 5395 2900 5447 εί
2930 5392 3031 5463 μὲν
3059 5391 3168 5461 γὰρ
3200 5387 3555 5463 ἀπερείσαιτο
3583 5399 3669 5445 τις
3697 5380 3837 5451 πρὸς
3885 5379 4040 5471 sui.

2444 5470 2546 5564 νην
2603 5492 2696 5544 τὸν
2745 5488 2893 5552 νούν,
2929 5482 3350 5556 εὑχερεστάτην,
3379 5478 3456 5541 ὡς
3484 5477 3640 5548 δρᾷς,
3679 5474 3776 5527 καὶ
3803 5470 4040 5542 ὀρθοδα-

2275 5624 2510 5682 ΝΟΤΕ.

860 5769 973 5841 (57)
1006 5767 1132 5827 llaec
1162 5769 1326 5841 igitur
1353 5768 1675 5841 propositio,
1703 5768 2039 5823 exsistentem
2077 5781 2179 5820 mm
2218 5762 2418 5835 genuit,
2461 5761 2515 5817 in
2547 5758 2816 5830 duplicem
2847 5753 3116 5813 scinditur
3138 5748 3481 5809 sententiast.
