4186 6444
722 413 826 474 503

1872 420 2132 481 PIIOTII
2165 419 2673 482 PATRIARCHE
2701 421 2808 483 (ΖΡ.

3856 423 3970 486 504'

724 521 941 590 Ιιὶιιιςιιηι
974 531 1208 591 tempus.
1239 523 1418 579 eidem
1449 525 1667 594 quidem
1693 525 1867 580 errori
1905 543 2013 580 non
2034 528 2279 591 obnoxii,
2314 563 2321 588 ι

2418 529 2601 590 ον,οὐκ
2638 524 2707 598 ἦν
2732 526 2952 597 εὐχερὶς
2980 527 3099 581 οὐδὲ
3126 528 3308 599 ῥᾴδιον
3355 528 3540 599 φερειν
3565 530 3698 600 πρὸς
3720 530 3821 600 τὴν
3853 548 3958 584 των

723 611 818 666 sed
882 613 1022 665 inter
1049 627 1149 666 eos
1182 617 1415 678 tantem!
1443 616 1536 684 qui
1589 616 1684 669 illo
1714 617 1879 684 'capti
1930 627 2109 681 erant,
2151 633 2287 672 exc-

722 702 936 770 gerant)
977 718 1149 771 nuper
1200 704 1493 758 admodum
1551 708 1795 774 perducti
1874 708 2115 772 fuerant,
2179 725 2288 762 non

725 793 882 846 facile
913 808 1013 847 nec
1041 795 1263 849 obvium
1293 805 1431 858 erat,
1466 805 1526 850 ut
1558 799 1626 850 ad
1673 800 2030 869 incorporeas
2072 800 2291 870 Deoque

725 885 935 938 similes
980 895 1188 939 mentes
1245 888 1626 956 percipiendas
1674 890 1918 943 animum
1971 891 2288 946 eveherent.

732 973 850 1027 Non
882 976 1066 1028 minus
1103 990 1252 1033 vero.
1312 977 1416 1029 nisi
1465 979 1647 1045 potius
1688 979 1865 1048 magis
1919 980 2049 1043 huc.
2099 990 2294 1049 praeter

726 1065 893 1122 dicta,
925 1065 1178 1132 pertinet,
1209 1066 1354 1133 quod
1389 1066 1532 1133 leges
1555 1067 1763 1122 laturus
1785 1077 1902 1122 erat
1926 1084 2032 1122 non
2062 1068 2291 1137 angelis,

728 1157 820 1209 sed
856 1149 1338 1225 ltominibus,'qui
1369 1167 1426 1210 ct
1456 1160 1658 1213 conditi
1713 1168 1890 1223 erant,
1936 1167 1991 1214 et
2022 1176 2086 1213 ex
2120 1161 2293 1215 nihilo

727 1243 992 1297 exsistere
1025 1254 1322 1313 coeperant.
1354 1246 1478 1299 Ideo
1506 1263 1688 1300 rerum
1716 1248 1984 1302 Conditor
2013 1249 2294 1303 doctrinas

730 1334 1088 1397 necessarias,
1128 1343 1183 1388 et
1215 1350 1338 1390 cum
1372 1336 1606 1390 utilitate
1657 1338 2000 1406 conjunctas.
2037 1339 2140 1392 hoc
2187 1347 2293 1400 est.

728 1422 871 1485 οιυιί,
905 1431 1084 1486 ιρι-ται,
1117 1424 1464 1495 aliorumque
1508 1426 1771 1480 similium
1811 1429 2102 1497 originem,
2124 1442 2296 1497 expo-

733 1515 832 1577 nit,
889 1515 1147 1581 qnoniam
1196 1515 1288 1568 illa
1343 1515 1564 1584 quidem
1644 1527 1935 1586 antequam
2019 1518 2294 1572 hominem

733 1605 994 1658 conderet
1031 1620 1154 1659 esse
1190 1606 1385 1669 voluit,
1411 1606 1671 1676 quodque
1735 1608 1903 1661 homo
1937 1608 2052 1678 ipse
2087 1608 2140 1661 in
2190 1609 2299 1662 illis

735 1693 901 1747 vitam
938 1703 1164 1750 acturus
1206 1705 1344 1761 erat,
1393 1697 1540 1766 quod
1572 1699 1810 1769 denique
1858 1699 2020 1754 etiam
2056 1699 2184 1764 alia,
2231 1701 2298 1754 ad

733 1784 900 1837 vi:am
954 1787 1258 1840 naturalem
1321 1789 1656 1852 necessaria,
1716 1791 1846 1852 illis,
1901 1791 2103 1860 quibus
2150 1791 2301 1861 leges

737 1876 1074 1943 ferebantur,
1123 1878 1472 1946 suppeditare
1519 1881 1752 1935 volebat.
1812 1881 1906 1935 Dei
1949 1882 2093 1936 enim
2152 1882 2297 1935 noti-
2334 1882 2372 1935 Β

737 1966 892 2027 tiam.
946 1969 991 2020 si
1052 1982 1160 2020 non
1211 1977 1548 2034 accuratam,
1614 1972 1811 2025 saltem
1869 1972 2306 2041 qualemcunque

736 2059 936 2114 animis
987 2060 1210 2114 inﬁxam
1253 2060 1547 2123 habebant,
1609 2063 1925 2130 angelorum
1976 2079 2106 2118 vero
2156 2064 2304 2118 illaut

738 2151 960 2204 minime
995 2153 1287 2206 omnium:
1328 2151 1797 2220 quemadmodum
1837 2155 1999 2208 etiam
2048 2155 2308 2209 διώκω-

737 2254 896 2292 ornm
915 2251 1059 2294 secta
1081 2241 1269 2295 multis
1285 2243 1502 2296 saeculis
1523 2254 1645 2312 post
1663 2242 1831 2298 Deum
1849 2243 2068 2312 quidem
2090 2244 2309 2312 prolite-

737 2327 1238 2395 batur,angelorum
1259 2338 1315 2405 et
1337 2330 1624 2400 spirituum
1642 2333 1861 2385 nomina
1876 2346 1972 2386 nec
1982 2332 2171 2386 audire
2187 2347 2311 2387 sus-

741 2417 985 2471 tinebant
1002 2419 1070 2472 ⁶⁹.
1095 2418 1250 2484 Quod
1269 2434 1398 2475 vero
1423 2422 1622 2484 Moses.
1640 2422 1731 2490 qui
1768 2421 1935 2475 Deum
1965 2422 2122 2486 vidit,
2154 2437 2310 2476 men-

740 2506 875 2559 tium
925 2507 1370 2576 incorporearum
1402 2512 2012 2565 -commemorationem
2085 2521 2311 2579 propter

740 2597 1163 2651 imbecillitatem
1189 2599 1430 2664 illorum,
1458 2601 1551 2668 qui
1590 2616 1710 2654 eam
1740 2600 1980 2655 audituri
1996 2609 2173 2664 erant,
2208 2601 2310 2655 sub

740 2686 954 2739 initinm
972 2689 1238 2752 omiserit,
1277 2705 1344 2744 ex
1371 2705 1437 2743 eo
1451 2692 1796 2746 manifestum
1820 2699 1926 2754 est,
1955 2691 2098 2760 quod
2121 2691 2173 2743 in
2207 2689 2312 2745 [ine

739 2771 960 2839 reliquae
985 2772 1252 2833 historiae.
1272 2785 1327 2829 et
1373 2778 1618 2842 postalia
1650 2779 1818 2831 multa
1882 2779 2130 2840 recitata,
2158 2793 2313 2832 men-

741 2863 942 2915 tionem
959 2879 1152 2918 eorum
1168 2864 1316 2928 fecit,
1337 2869 1591 2936 quamvis
1611 2884 1678 2922 ne
1692 2878 1823 2924 tunc
1835 2869 2051 2940 quidem
2072 2869 2310 2922 creatio-

744 2967 865 3004 nem
891 2954 1104 3008 illorum
1114 2994 1129 3017 ,
1145 2957 1238 3010 sed
1257 2958 1497 3011 laetitiam
1509 2959 1770 3014 caelorum
1783 2969 1837 3013 et
1850 2960 2163 3028 angelorum
2179 2960 2311 3014 ado-

742 3042 1011 3096 rationcm
1043 3049 1516 3100 commemoravit.
1553 3066 1571 3098 ι
1603 3048 1907 3110 Laetamini,
1957 3048 2152 3117 inquit,
2185 3064 2308 3103 cum

746 3129 843 3183 illo
869 3134 1095 3197 ,cmli,et
1136 3137 1364 3190 adorent
1397 3152 1522 3191 eum
1551 3153 1744 3192 omnes
1764 3137 1939 3206 angeli
1969 3136 2062 3190 Dei
2086 3137 2153 3192 “.
2179 3156 2198 3188 ι
2222 3139 2310 3191 Si-

2389 620 2698 689 ἁσωμάτων
2729 619 2825 671 καὶ
2857 618 3106 672 θεοειδῶν
3148 621 3282 672 νόων
3303 616 3670 689 ἑπανάγεσθαι
3701 621 3958 691 μάθησιν.

2390 708 2557 761 υύδίν
2580 708 2639 761 δι
2667 703 2850 780 ἧττον,
2872 711 2922 760 εί
2949 707 3022 777 μὴ
3049 708 3145 761 καὶ
3171 707 3374 776 μᾶλλον
3399 709 3509 762 τῶν
3536 712 3863 781 εἰρημένων,
3880 713 3961 766 ὅτι

2395 797 2517 868 μηδ’
2549 797 2802 865 ἀγγέλοις
2817 798 2945 860 τούς
2960 797 3156 867 νόμους
3177 797 3290 866 (42)
3303 799 3575 869 εἰσφέρειν
3589 799 3835 869 ἔμελλεν,
3849 801 3961 867 ἀλλ’

2393 889 2716 958 ἀνθρώποις,
2751 883 2831 950 οἷς
2860 884 2929 960 ἦν
2971 889 3066 942 καὶ
3111 889 3146 959 ἠ
3183 889 3418 956 γένεσις,
3470 893 3565 943 καὶ
3593 892 3626 960 ὴ
3657 892 3722 945 lx
3753 891 3853 944 τοῦ
3886 892 3960 961 μὴ

2392 979 2544 1041 ὄντος
2569 980 2649 1040 εἰς
2673 977 2736 1030 τὺ
2758 975 2899 1032 εἶναι
2919 979 3165 1047 πρόοδος.
3189 980 3298 1032 Καὶ
3319 979 3349 1032 δ
3372 980 3758 1058 Γενεσιουργδς
3783 983 3956 1048 ἀναγ-

2395 1072 2521 1123 καία
2553 1070 2871 1139 μαθήματα,
2898 1070 2994 1123 καὶ
3018 1071 3081 1122 τὸ
3107 1071 3379 1140 χρήσιμον
3405 1072 3780 1142 παρεχόμενα,
3798 1074 3963 1142 οὐρα-

2405 1159 2499 1212 νοῦ
2522 1159 2706 1228 μέντοι
2742 1159 2840 1211 καὶ
2874 1159 2999 1227 γῆς,
3038 1159 3138 1211 καὶ
3170 1159 3281 1212 τῶν
3296 1159 3471 1212 ἀλλων
3487 1161 3696 1226 εἰσάγει
3721 1161 3962 1227 γένεσιν,

2394 1250 2477 1302 ὅτι
2517 1249 2694 1302 ταῦτά
2711 1265 2772 1302 τε
2809 1250 2917 1319 πρὸ
2932 1249 3034 1317 τῆς
3052 1247 3150 1301 τοῦ
3176 1249 3465 1319 ἀνθρώπου
3489 1249 3603 1318 (ιδ)
3623 1249 3815 1312 οὐσίας
3863 1253 3965 1302 ὐπ-

2398 1343 2550 1410 έστη,
2567 1339 2663 1393 καὶ
2677 1341 2760 1393 ὃτι
2779 1341 2838 1394 ἐν
2860 1341 3044 1403 αὐτοῖς
3059 1341 3157 1408 τὴν
3179 1339 3392 1392 δίαιταν
3407 1342 3436 1393 δ
3449 1339 3544 1393 ἀνθ
3551 1356 3731 1410 ρωπος
3748 1341 3971 1408 ἔμελλεν

2397 1429 2560 1497 ἔχειν,
2605 1428 2701 1481 καὶ
2720 1427 2856 1480 διότι
2901 1427 3000 1491 τὰς
3036 1427 3178 1480 κατά
3194 1427 3292 1495 τὴν
3330 1427 3581 1495 αἴσθησιν
3611 1426 3777 1488 ωας
3800 1429 3980 1503 ἀναγ..

2399 1520 2563 1584 καίας
2589 1519 2778 1590 χρείας
2806 1519 2922 1581 τοῖς
2953 1517 3430 1588 νομοθετουμένοις
3463 1516 3656 1586 ἔμελλε
3685 1517 3976 1587 παρέχειν..

2398 1609 2534 1663 Θεοῦ
2566 1610 2664 1679 μὲν
2690 1610 2802 1679 γὰρ
2831 1609 3023 1662 ὁποίαν
3050 1608 3254 1677 δήποτε
3282 1609 3403 1670 ταῖς
3439 1608 3660 1676 ψυχαῖς,
3691 1607 3742 1659 εί
3772 1607 3869 1661 καὶ
3897 1608 3972 1676 μὴ

2402 1700 2536 1770 πρὸς
2557 1701 2658 1769 τὴν
2677 1698 2961 1769 ἀκρίϐειαν
2984 1697 3318 1767 ἀνηγμένην,
3342 1697 3490 1766 ὅμως
3509 1696 3717 1750 εννοιάν
3736 1713 3860 1749 τινα
3880 1697 3975 1749 καὶ

2402 1791 2700 1858 φαντασίαν
2721 1787 2886 1860 εἶχονο
2908 1790 3156 1859 ἀγγέλων
3177 1789 3236 1842 δὲ
3249 1788 3520 1858 οὐδαμῶς
3549 1790 3683 1842 ὅπου
3708 1805 3774 1857 γε
3804 1787 3901 1842 καὶ
3917 1788 3978 1839 τὸ

2402 1879 2773 1934 Σαδδουκαίων
2788 1880 2927 1950 μετά
2948 1879 3147 1940 πολλάς
3165 1879 3356 1947 γενεὰς
3382 1878 3533 1940 ἔθνος
3549 1877 3684 1930 Θεὸν
3707 1878 3808 1946 μὲν
3839 1879 3973 1948 δμο-

2405 1972 2585 2040 λογεῐν
2609 1971 2847 2041 ἐφρόνει,
2875 1971 3140 2040 ἀγγέλους
3159 1971 3218 2024 δὲ
3252 1971 3346 2024 καὶ
3372 1971 3655 2038 πνεύματα
3684 1970 3809 2024 οὐδὲ
3839 1972 3977 2040 ἀκοῇ

2408 2061 2807 2133 παραδέχεσθαι
2830 2061 3054 2115 ἀνεκτὸν
3098 2059 3332 2132 ἡγοῦντο
3367 2061 3512 2116 ,Ὅτι
3535 2060 3673 2113 δὶδΰ
3697 2061 3980 2113 ἀσθένειαν

2407 2154 2516 2206 τῶν
2539 2153 2843 2222 δεχομένων
2871 2155 2907 2224 ἡ
2933 2153 3041 2206 τῶν
3067 2152 3372 2222 ἀσωμάτων
3424 2151 3562 2205 νόων
3592 2151 3848 2220 διήγησις
3899 2151 3982 2221 τῷ

2409 2245 2608 2314 θεόπτῃ
2656 2244 2778 2297 κατ’
2833 2244 3010 2314 ἀρχάς
3056 2244 3474 2314 παραλιληπται
3526 2242 3737 2306 Musaei,
3798 2241 3981 2309 δῆλον,

2409 2334 2468 2400 ἐξ
2497 2327 2573 2387 ὧν
2598 2335 2690 2386 ἐπὶ
2715 2334 2859 2388 τέλει
2885 2338 2985 2404 τῆς
3011 2335 3176 2404 ἄλλης
3216 2333 3478 2403 ἱστορίας,
3508 2333 3601 2385 καὶ
3630 2331 3739 2384 τῶν
3765 2330 3979 2384 πολλῶν

2409 2425 2580 2493 λόγων
2630 2427 2711 2488 εις
2741 2426 2963 2496 μνήμην
3018 2426 3198 2479 αὐτῶν
3228 2424 3520 2494 περιῆλθεν
3541 2463 3558 2486 ,
3615 2424 3664 2476 εί
3703 2423 3803 2475 καὶ
3839 2421 3977 2490 μηδὲ

2409 2516 2530 2568 τότε
2573 2515 2790 2583 γένεσιν
2822 2516 3078 2584 εἰσάγων,
3126 2514 3256 2570 ἀλλ’
3302 2513 3640 2583 εὐφροσύνην
3670 2513 3771 2582 μὲν
3817 2513 3982 2578 οὐρα-

2411 2604 2538 2669 νῶν,
2567 2603 2938 2675 προσκύνησιν
2972 2604 3030 2658 δὲ
3083 2602 3350 2671 ἀγγέλων,
3409 2621 3427 2653 ι
3477 2599 3986 2670 Ἐυφράνθητε,λέ-

2411 2711 2543 2761 γων,
2595 2695 2836 2766 οὐρανοὶ,
2880 2695 2998 2764 ἄμα
3056 2694 3207 2762 αὐτῷ
3233 2732 3250 2757 ,
3303 2693 3399 2746 καὶ
3449 2691 3989 2761 προσκυνησάτωσαν

2411 2784 2559 2851 αὐτῷ
2589 2785 2789 2847 πάντες
2823 2784 3044 2853 ἄγγελοι
3072 2783 3230 2837 Θεοῦ.
3266 2783 3363 2837 »⁸0
3399 2782 3579 2852 μέντοι
3604 2797 3667 2848 γε
3700 2780 3988 2848 θεοπάτωρ

2414 2872 2523 2941 (44)
2553 2873 2718 2926 Δαϐὶδ
2743 2874 2912 2944 πυρός
2957 2891 3016 2928 τε
3049 2874 3228 2927 αὐτῶν
3256 2875 3476 2928 ἀνεϊπεν
3501 2873 3602 2942 τὴν
3650 2871 3866 2929 οὐσίαν,
3894 2871 3991 2922 καὶ

2412 2965 2739 3034 δημιουργὸν
2765 2967 3049 3036 ὑπάρχειν,
3070 2965 3130 3029 δς
3167 2964 3379 3033 καὶτῆς
3402 2963 3569 3033 άλλης
3600 2963 3720 3015 ἐστὶ
3759 2961 3995 3022 κτίσεως

2411 3051 2634 3122 ἀπάσης
2696 3055 2790 3106 καὶ
2821 3053 3240 3120 ἐπιγινώσκεται
3265 3051 3615 3121 δημιουργός.
3672 3049 3733 3102 '0
3777 3049 3883 3118 μὲν
3903 3043 3998 3100 οὖν

2415 3143 2605 3213 καιρὸς
2641 3144 2769 3215 περὶ
2802 3143 2910 3196 τῶν
2933 3142 3179 3212 ἀγγέλων
3214 3139 3440 3196 τοιαῦτα
3488 3138 3762 3209 παρέσχεν
3792 3137 3995 3189 εἰπεῖν.

748 3223 950 3277 militer
965 3223 1269 3291 DavidpDei
1305 3227 1770 3297 pater.etigneam
1789 3241 1980 3282 eorum
2003 3228 2297 3282 essentiam
2312 3241 2727 3295 commemorat,
2753 3242 2809 3287 ct
2823 3233 3162 3287 conditorem
3179 3245 3369 3286 eorum
3393 3229 3627 3300 appellat
3647 3228 3716 3294 ⁸⁸,
3742 3229 3840 3298 qui
3873 3227 4002 3282 reli-

751 3327 982 3380 quarum
1005 3331 1190 3370 rerum
1207 3319 1449 3372 omnium
1471 3327 1662 3372 auctor
1674 3318 1746 3372 sit
1772 3326 1828 3372 et
1848 3319 2197 3386 agnoScatur.
2232 3319 2412 3387 Atque
2443 3321 2556 3374 haec
2580 3322 2796 3390 quidem
2827 3325 2928 3375 hac
2965 3320 3258 3376 occasione
3279 3319 3348 3373 de
3364 3317 3574 3388 angelis
3599 3315 3795 3371 aﬂ‘erre
3825 3313 4000 3371 licuit.

822 3404 977 3469 Quod
1009 3421 1138 3461 vero
1171 3409 1236 3462 ad
1269 3408 1400 3461 illttd
1432 3409 1642 3462 dictum
1675 3418 1922 3477 spectat:
1958 3428 1976 3460 ι
2011 3407 2126 3462 lloc
2170 3409 2317 3462 enim

2493 3410 2567 3464 Τὸ
2593 3411 2702 3476 diu
2740 3409 2910 3464 Τοῦτο
2938 3411 3048 3480 γὰρ
3073 3408 3262 3473 ποιῶν,
3293 3408 3571 3479 ἄνθρακας
3591 3406 3762 3477 πυρὸς
3793 3406 4004 3476 σωρεύ-

752 3494 985 3558 l'acicns,
1015 3498 1281 3551 carbones
1311 3497 1452 3566 ignis
1485 3513 1746 3566 congeres
1777 3499 1831 3551 in
1865 3507 2031 3566 caput
2070 3499 2191 3565 ejus
2215 3497 2317 3562 ³³,›

755 3586 897 3638 idem
934 3587 1064 3640 illud
1098 3597 1183 3640 est
1207 3601 1272 3640 ac
1303 3588 1573 3642 sidixeris
1599 3606 1614 3643 :
1644 3587 2013 3643 Coacervabis
2031 3590 2324 3656 carbones,

756 3687 919 3746 caput
967 3678 1088 3746 ejus
1143 3679 1502 3746 depasccntes
1573 3689 1626 3734 et
1680 3691 2091 3734 consumentes.
2147 3679 2327 3735 Citius

756 3769 901 3821 enim
948 3769 1078 3822 illud
1110 3781 1518 3835 consumerent,
1555 3771 1662 3825 nisi
1708 3780 1923 3824 mature
1971 3771 2092 3824 illos
2138 3771 2208 3822 ab
2259 3785 2328 3824 eo

759 3874 1063 3921 removeas,
1095 3871 1150 3915 et
1183 3876 1213 3914 a
1244 3871 1468 3929 repente
1499 3876 1564 3916 ac
1608 3870 1966 3916 consumente
2015 3862 2135 3914 labe
2195 3860 2327 3914 illud

761 3950 982 4005 liberes.
1010 3949 1202 4005 Nonne
1258 3968 1409 4016 vero,
1445 3953 1518 4005 ita
1570 3953 1615 4007 si
1654 3953 1855 4020 egeris,
1914 3953 2156 4022 optimus
2201 3967 2331 4022 pro-

763 4042 894 4095 ximi
956 4042 1048 4096 tibi
1086 4044 1330 4099 medicus
1378 4044 1699 4100 videberis?
1736 4044 1794 4098 Si
1845 4044 1991 4098 enim
2054 4059 2242 4097 mensa
2276 4053 2331 4098 et

760 4135 1014 4188 coiivictu
1046 4133 1220 4189 ltostis
1252 4144 1381 4189 tuus
1401 4151 1431 4189 a
1466 4145 1517 4190 te
1548 4136 1874 4202 excipiatur,
1913 4134 2191 4203 quomodo
2216 4133 2330 4186 lieri

768 4235 969 4293 potest,
1014 4235 1096 4288 ut,
1130 4227 1175 4280 si
1211 4242 1316 4281 non
1375 4227 1447 4281 ob
1495 4226 1624 4281 boni
1682 4227 2011 4296 virtutisque
2066 4225 2332 4288 studium,

766 4316 957 4370 saltem
1020 4326 1241 4387 propter
1270 4359 1286 4384 ,
1339 4319 1561 4374 delicias
1622 4318 1822 4388 quibus
1866 4317 2006 4387 apud
2041 4325 2091 4371 te
2133 4316 2334 4370 fruitur

767 4408 1009 4461 animum
1083 4423 1242 4463 suum
1293 4411 1363 4464 ab
1431 4410 1711 4463 inimicitia
1783 4415 2038 4472 revocet,
2092 4407 2162 4459 ab
2240 4406 2335 4458 iu-

766 4496 922 4551 siiliis
947 4513 1074 4551 vero
1107 4497 1370 4554 faciendis
1411 4499 1701 4564 abstineat,
1760 4498 2070 4564 mentisque
2122 4495 2335 4550 sobrie-

771 4596 882 4641 tate
915 4599 1152 4658 recepta,
1177 4591 1425 4645 ﬂammas
1461 4601 1515 4645 et
1547 4591 1705 4652 iram.
1739 4597 1877 4659 quas
1908 4587 2200 4642 inimicitia
2237 4601 2335 4639 ex-

2425 3517 2539 3564 σεις
2560 3502 2652 3554 ἐπὶ
2681 3500 2779 3571 τὴν
2823 3501 3062 3570 κεφαλὴν
3091 3499 3281 3566 αὐτοῦ,
3323 3517 3345 3550 ι
3401 3498 3523 3553 ἀντὶ
3581 3497 3698 3562 τοῦ,
3749 3497 4006 3550 Ἐπισυν-

2425 3590 2572 3655 ἀξεις
2597 3590 2723 3652 τούς
2765 3588 3236 3660 κατανεμομινους
3261 3588 3426 3641 αὐτοῦ
3464 3589 3558 3641 καὶ
3581 3585 4003 3655 διαφθείροντας

2425 3683 2525 3748 τὴν
2551 3680 2790 3752 κεφαλὴν
2840 3680 3136 3751 ἄνθρακας.
3173 3679 3284 3732 Καὶ
3313 3678 3422 3749 γὰρ
3449 3676 3642 3730 θᾶττον
3696 3676 3765 3729 ἀν
3823 3676 4003 3743 αὐτὴν

2427 3770 2826 3838 διεργάσαιντο,
2851 3770 2897 3821 εἰ
2926 3770 3002 3839 μὴ
3023 3768 3215 3822 θᾶττον
3238 3768 3439 3828 αὐτοὺς
3463 3767 3528 3819 σύ
3548 3764 3749 3832 ταύτης
3782 3765 4004 3816 ἀποσωο

2430 3861 2628 3933 ρεύοῃς
2671 3861 2764 3914 καὶ
2791 3852 3105 3929 ἀπαλλάξῃς
3133 3858 3227 3911 τοῦ
3256 3858 3516 3928 ῑρποντος
3548 3857 3643 3910 καὶ
3677 3853 3998 3908 κατεσθίον-

2426 3970 2518 4014 τος
2551 3951 2722 4020 αὐτὴν
2751 3950 2975 4013 πάθους.
3015 3949 3136 4013 Πῶς
3185 3947 3243 4001 δ’
3271 3947 3371 4000 οὐκ
3399 3947 3465 4001 ἂν
3515 3946 3736 4015 ὀφθείης
3782 3945 4004 4014 ἀριστος

2427 4045 2597 4107 οὕτως
2645 4044 2898 4114 πράττων
2919 4042 3012 4096 τοῦ
3055 4041 3282 4113 πλησίον
3326 4039 3506 4108 ἱατρός
3539 4035 3844 4107 ,Τραπέζῃ
3896 4033 4006 4103 γάρ

2432 4135 2525 4187 καὶ
2577 4132 2864 4203 φιλοτησία
2900 4132 3052 4202 παρά
3102 4130 3196 4184 σοῦ
3247 4127 3589 4198 δεξιούμενος
3623 4128 3653 4179 ό
3702 4124 3922 4196 ἑχθρὸς,
3956 4128 4006 4177 ει

2435 4225 2531 4278 καὶ
2576 4224 2652 4293 μὴ
2697 4223 2832 4276 διότι
2870 4221 3180 4290 φιλόκαλος,
3234 4220 3330 4273 καὶ
3376 4219 3474 4287 τῆς
3501 4216 3701 4287 ἀρετῆς
3746 4216 4006 4284 ἐραστὴς.

2433 4317 2545 4370 ἀλλ’
2566 4299 2660 4368 οὖν
2692 4330 2754 4382 γε
2778 4313 2865 4366 διὰ
2891 4312 2989 4382 τὴν
3018 4310 3334 4373 εὐπάθειαν,
3360 4303 3428 4379 ἧς
3449 4308 3598 4373 παρά
3624 4304 3720 4358 σοῦ
3744 4307 3848 4374 τὴν
3877 4305 4008 4357 ἀπό-

2433 4407 2622 4457 λαυσιν
2650 4404 2785 4473 εχει,
2821 4402 2939 4462 πῶς
2969 4402 3068 4455 οὐκ
3105 4401 3172 4454 ἂν
3226 4399 3487 4466 ἐκστῆναι
3532 4396 3632 4466 μὲν
3675 4396 3778 4463 τῆς
3809 4394 4011 4464 ἔχθρας

2434 4495 2689 4564 λογισμὸν
2717 4490 2997 4552 ἀναλάϐοι,
3032 4491 3288 4558 ἐκστῆναι
3313 4487 3372 4539 δὲ
3396 4483 3709 4550 διανασταιη
3742 4484 3849 4551 τῆς
3889 4483 4013 4533 ἔπι·

2437 4585 2632 4654 ϐουλῆς
2655 4584 2784 4648 ςκαὶ
2826 4580 3104 4649 ἀνανήψας
3156 4579 3284 4641 τούς
3315 4577 3607 4644 λογισμοὺς
3656 4574 3755 4625 καὶ
3803 4573 3908 4639 τὴν
3957 4573 4015 4624 ἑν

769 4681 1054 4745 citaverat,
1116 4682 1168 4734 in
1202 4683 1441 4752 placidos
1498 4691 1925 4749 mansuetosque
1984 4695 2164 4733 mores
2201 4694 2321 4731 con-

2439 4677 2621 4738 αὐτοῖς
2653 4673 2896 4742 πύρωσιν
2933 4689 2993 4724 τε
3039 4671 3130 4722 καὶ
3185 4668 3513 4737 φλεγμονὴν,
3552 4665 3618 4734 ἢν
3653 4657 3954 4730 ἀνὲφ).εγεν
3979 4663 4014 4729 ή

773 4779 968 4836 vertat,
1007 4782 1170 4840 atque
1203 4774 1340 4827 adeo
1361 4773 1565 4827 sensim
1596 4787 1663 4826 eo
1695 4771 2021 4831 adducatur.
2061 4777 2122 4822 ut
2151 4783 2321 4822 amart

2441 4766 2632 4836 ἔχθρα,
2673 4765 2808 4834 πρὸς
2839 4762 2900 4815 τὸ
2948 4759 3308 4830 μαραίνεσθαι
3345 4758 3439 4810 καὶ
3480 4755 3817 4826 πραῢνεσθαι
3845 4769 4014 4822 μετα-

773 4865 948 4916 discat
975 4863 1400 4926 benefactorem,
1455 4865 1694 4918 beneﬁca
1736 4873 1791 4918 et
1824 4863 2000 4917 amica
2049 4874 2214 4913 manu
2269 4874 2337 4913 eo

773 4969 932 5018 usus,
977 4966 1036 5009 ut
1083 4956 1432 5009 acerbitatem
1460 4971 1524 5009 ex
1556 4957 1682 5010 odio
1741 4964 1927 5009 natatu
1971 4952 2204 5016 molliat,
2258 4951 2338 5005 si-

777 5047 1168 5116 multatemque
1194 5048 1455 5100 adversus
1511 5045 1931 5109 benefactorem,
1970 5059 2092 5114 qua:
2140 5053 2194 5095 et
2226 5040 2345 5094 ani-

2444 4857 2641 4920 6αλὼν,
2670 4855 2809 4908 κατά
2840 4853 3032 4923 μικρὸν
3062 4851 3154 4903 ἐπὶ
3185 4848 3245 4900 τδ
3269 4847 3468 4900 ειδέναι
3509 4847 3603 4898 καὶ
3633 4844 3890 4912 στέργειν
3926 4842 4018 4893 τὸν

2443 4947 2735 5016 εὐεργέτην
2775 4939 3211 5014 χειραγωγηθείη
3262 4937 3350 4990 διὰ
3394 4937 3494 5006 τῆς
3541 4934 3890 5003 εὐεργέτιδος
3925 4933 4018 4983 καὶ

2447 5035 2868 5107 φιλοφρονούσης
2896 5032 3075 5097 δεξιᾶς
3104 5033 3286 5083 πᾶσαν
3318 5029 3416 5098 τὴν
3445 5027 3539 5079 τοῦ
3572 5026 3765 5095 μίσους
3797 5023 4018 5090 διαγλυ-

779 5151 935 5188 suum
962 5114 1103 5204 ejus,
1135 5146 1187 5190 et
1214 5153 1433 5207 corpus,
1458 5146 1514 5191 et
1553 5146 1715 5206 caput
1762 5135 2030 5206 depascit,
2087 5133 2139 5186 in
2173 5131 2321 5200 pudo

2450 5129 2619 5190 κάνας
2677 5125 2923 5195 πικρίαν,
2959 5125 3053 5177 καὶ
3089 5123 3189 5191 τὴν
3232 5120 3428 5190 ψυχὴν,
3460 5121 3556 5170 καὶ
3595 5117 3655 5169 τὸ
3699 5115 3884 5185 σῶμα,
3922 5114 4015 5166 καὶ

854 5250 898 5279 ³ο
926 5249 1114 5304 Mattb.
1159 5268 1315 5317 χχιιι,
1347 5251 1399 5305 8.
1475 5252 1517 5282 ⁸⁸
1561 5251 1720 5305 Deut.
1757 5265 1933 5314 χχιιι,
1959 5248 2044 5301 45.
2123 5246 2168 5277 ⁸⁸
2196 5245 2318 5300 Psal

2416 5259 2479 5301 tv.
2512 5245 2563 5297 ι.
2642 5244 2801 5298 Rom.
2827 5256 2923 5304 xu,
2951 5238 3042 5292 20.

2286 5360 2516 5416 ΝΟΤιΕ.

860 5484 969 5549 με)
995 5483 1145 5536 Colb.
1179 5497 1276 5549 pro
1312 5483 1423 5542 τοῖς
1449 5480 1651 5545 νόμοις.

865 5545 980 5620 (45⁷)
1011 5554 1154 5606 ldetn
1182 5545 1278 5618 pro
1314 5551 1540 5617 ποιητὴς
1600 5546 1854 5620 οὐρανοῦ,
1909 5562 2032 5620 quae
2079 5545 2352 5620 posterior

795 5612 899 5676 mg
933 5612 995 5674 ex
1027 5612 1346 5687 compendio
1375 5612 1686 5687 scriptionis
1727 5617 1878 5687 ἄνού,
1912 5616 1961 5668 id
2004 5621 2110 5687 est,
2139 5612 2353 5687 dveptb~

2457 5473 2549 5526 νοῦ
2582 5472 2755 5536 magis
2788 5468 3062 5522 videretur
3081 5460 3517 5536 accurruntotlata.

2528 5523 2776 5610 (“illoc
2805 5538 3050 5610 Elogium
3081 5532 3265 5586 Davidi
3297 5526 3702 5610 Diti-Clt‘rislttt‘lnt
3739 5523 4018 5610 θεάνθρωῖ

2460 5595 2579 5673 πον,
2612 5595 2676 5663 ex
2708 5595 3054 5674 familiavejus
3084 5611 3289 5674 uatum,
3331 5598 3587 5674 tribuitur
3626 5595 4022 5673 ιὶιιιιγςοειοωο

801 5711 924 5750 που.
959 5703 1081 5744 nata
1111 5664 1216 5752 es't.
1244 5690 1309 5742 ad
1341 5664 1516 5755 quan;
1542 5703 1700 5741 voces
1726 5686 1831 5754 πρὸ
1876 5687 1973 5755 τῆς
2018 5684 2070 5736 in
2117 5664 2319 5755 natiiis,

2459 5692 2512 5736 et
2542 5664 2683 5744 aliis,
2727 5664 3138 5748 quorum'locos
3165 5669 3335 5724 habes
3369 5665 3511 5735 apud
3545 5664 3860 5718 Suicerum.

792 5771 1004 5816 mutata
1039 5764 1158 5816 idco
1186 5776 1214 5813 a
1248 5752 1474 5814 libr—ario
1526 5752 1780 5824 videtur,
1806 5754 1948 5824 quod
2012 5753 2128 5805 voci
2185 5752 2352 5821 οὐρεο
