4186 6444
226 467 335 532 505

1082 456 1181 515 AD
1203 452 1796 515 AMPRIILXIHIUM
1835 452 2181 527 QUESTIO
2213 453 2442 514 LXXX.

3347 455 3452 519 506

224 587 325 650 τὴν
374 576 614 647 κεφαλὴν
654 572 794 628 κατι
836 572 933 624 τοῦ
987 570 1276 637 εὐεργέτου
1332 567 1662 637 δυσμένειαν
1705 570 1786 630 εις

1901 582 2001 621 rem
2032 566 2328 637 quemdam
2359 577 2413 621 et
2448 580 2690 625 amorem
2716 573 2999 620 convertat
3026 566 3050 618 2
3103 564 3261 630 Quod
3287 565 3451 620 aita-

224 669 362 724 αξδὼ
400 666 788 735 διαλυσάμενος
810 660 905 714 καὶ
929 660 1196 729 στοργήν;
1227 659 1289 711 Ei
1309 656 1368 711 δὲ
1396 673 1462 725 τε
1505 658 1643 728 μετὰ
1688 657 1788 729 τὴν

224 758 491 827 τοσαύτην
517 752 855 823 εὐεργεσίαν,
880 750 947 801 δι’
976 744 1045 821 ἧς
1082 747 1145 800 τδ
1164 747 1261 816 τῆς
1286 745 1620 816 ἀγαθόςητος
1646 746 1786 811 te“.

226 848 499 912 κονεζεται
526 843 741 906 κάλλος,
764 840 915 893 οὺδὶν
936 838 1071 908 πρὸς
1108 836 1172 890 τὸ
1202 835 1432 905 βέλτιον,
1457 834 1487 884 ὁ
1512 832 1591 902 τῷ
1610 833 1789 901 φθόνῳ

224 942 321 995 τοῦ
365 939 588 1007 πλησίον
623 932 818 1002 καὶτῷ
850 930 995 1000 μίσει
1024 930 1252 997 κάτοχος
1271 964 1288 989 ,
1314 925 1436 979 ούδδ
1458 925 1597 995 πρὸς
1622 940 1791 994 μετα-

226 1033 392 1101 ϐολὴν
415 1032 510 1083 καὶ
542 1024 824 1097 διόρθωσιν
851 1018 1137 1087 επιδλὲψαι
1179 1016 1442 1087 βούλοιτο,
1480 1014 1668 1086 θηρίον
1692 1013 1793 1084 μὲν

226 1124 295 1177 ἂν
326 1124 358 1175 ὁ
377 1117 614 1179 τοιοῦτος
639 1113 736 1168 καὶ
753 1113 855 1166 οὐκ
891 1109 1173 1178 ἄνθρωπος
1192 1108 1303 1175 ειη,
1349 1106 1446 1159 καὶ
1476 1105 1706 1160 σπάνιον
1736 1107 1794 1159 ιν

228 1210 547 1281 ἀνθρωπίνῃ
569 1204 731 1274 φύσει
750 1202 812 1255 τὸ
835 1199 1072 1253 τοιοῦτον
1101 1195 1291 1250 κακόν.
1324 1195 1399 1248 Σὺ
1420 1185 1485 1246 ’δλ
1512 1194 1665 1247 οὐδὲν
1695 1193 1795 1261 μιν

226 1302 393 1376 ἧττον
417 1301 538 1354 οὐδε
569 1298 682 1366 (‘5)
716 1295 860 1366 μετὰ
885 1293 983 1362 τὴν
1025 1289 1295 1359 τοσαύτην
1340 1284 1622 1352 ἀπόνοιαν,
1663 1286 1795 1355 ἀλλά

228 1398 327 1449 καὶ
359 1392 557 1463 μᾶλλον
582 1388 708 1449 τοὺς
738 1380 1213 1452 κατανεμομινους
1234 1378 1403 1434 αὐτοῦ
1429 1379 1529 1450 τὴν
1552 1377 1795 1449 κεφαλὴν

229 1488 507 1556 ἀνθρακας
530 1483 663 1551 τῇγε
697 1479 765 1547 σῇ
786 1474 1010 1545 προνοίᾳ
1038 1472 1311 1542 σωρεύων,
1340 1470 1438 1538 τὴν
1464 1468 1796 1538 Δεσποτικὴν

228 1580 297 1632 ἂν
324 1579 443 1645 εῐης
474 1573 704 1644 μίμησιν
744 1570 867 1630 ταῖς
901 1565 1239 1636 εὐεργεσίαις
1273 1561 1625 1633 ἀναπληρῶν.
1650 1561 1797 1614 εκεῖ.

230 1685 321 1729 νος
354 1667 399 1719 δ’
442 1661 606 1717 αὑτοῦ
642 1660 704 1713 τὸ
746 1658 1048 1728 ἁμάρτημα
1096 1654 1280 1723 πάσης
1330 1651 1443 1722 (46)
1475 1651 1675 1714 ἀθλίως
1703 1652 1797 1704 επὶ

229 1758 398 1810 πλέον
433 1754 621 1823 ὥσπερ
641 1747 956 1821 εὐεργεσίας
985 1744 1128 1799 οὕτω
1155 1745 1249 1798 καὶ
1273 1740 1603 1813 συγγνώμης
1628 1741 1796 1806 una:

230 1845 621 1915 δυνατιὶντερον.
678 1842 742 1894 Et
788 1838 847 1891 δέ
889 1854 974 1900 τις
1019 1836 1080 1889 τό
1114 1852 1129 1867 σ
1159 1853 1181 1887 ι
1233 1833 1548 1904 ’Δνθρακας
1627 1834 1799 1901 πυρὸς

1894 671 2016 709 men
2038 666 2163 726 post
2183 664 2388 710 tantam
2418 656 2853 721 beneﬁcentiam,
2884 672 2980 725 per
3004 672 3169 725 quam
3204 655 3457 725 benigni-

1895 746 2021 801 tatis
2049 746 2401 815 pulchritudo
2430 755 2877 815 representatur,
2911 747 3100 810 homo,
3152 746 3373 800 invidia!
3400 754 3458 799 et

1894 835 2022 889 odio
2048 835 2104 887 in
2138 834 2444 903 proximum
2464 836 2566 890 sibi
2601 836 2892 900 obnoxius,
2922 850 3024 890 nec
3050 836 3246 889 melior
3263 835 3459 889 redda-

1898 931 2007 986 tur,
2036 937 2135 977 nec
2162 923 2230 977 ad
2280 925 2634 979 mutationem
2678 941 3002 994 morumque
3054 924 3452 979 correctionem

1897 1014 2166 1084 respicere
2214 1014 2376 1075 velit;
2443 1014 2532 1070 ille
2584 1015 2802 1085 quidem
2857 1015 2968 1070 tera
3019 1016 3192 1070 bestia
3247 1014 3455 1084 potius,

1896 1120 2059 1175 quam
2110 1104 2274 1159 homo
2334 1104 2520 1170 fuerit,
2551 1106 2729 1174 qualis
2775 1116 2953 1160 tamen
3012 1106 3155 1160 inter
3204 1105 3460 1159 homines

1900 1195 2191 1250 rarissime
2248 1195 2573 1251 inveniatur.
2600 1196 2682 1251 Tu
2733 1206 2910 1250 autem
2960 1198 3325 1250 nihilominus
3372 1195 3460 1248 vel

1900 1285 2001 1348 sic,
2025 1286 2137 1339 imo
2182 1300 2311 1341 vero
2340 1286 2658 1357 diligentius
2700 1288 2986 1353 carbones,
3021 1287 3337 1356 caputeius
3361 1286 3460 1340 de-

1901 1385 2204 1445 pascentes,
2258 1377 2482 1445 provida
2530 1392 2661 1431 cura
2722 1386 2847 1447 post
2894 1385 3102 1430 tantam
3161 1378 3459 1431 amentiam

1899 1480 2230 1521 coacervana
2271 1467 2548 1521 beneﬁciis
2581 1468 2712 1532 tuis,
2743 1467 2955 1522 Domini
3000 1470 3308 1537 exemplum
3337 1468 3463 1523 imi-

1902 1556 2106 1610 laberis
2134 1572 2151 1621 ;
2183 1555 2320 1609 alter
2356 1571 2487 1610 vero
2518 1558 2606 1611 ille
2647 1558 2917 1623 ostendet,
2967 1567 3250 1626 peccatum
3299 1574 3462 1611 suum

1902 1646 2043 1715 apud
2077 1661 2137 1699 se
2170 1647 2291 1714 plus
2320 1648 2517 1710 Valere,
2567 1665 2730 1717 quam
2763 1650 2941 1703 omnis
2991 1649 3263 1717 ejusmodi
3297 1649 3466 1703 bene-

1904 1735 2139 1790 ﬁcientia
2167 1734 2419 1806 factaque
2465 1737 2761 1792 liberaliter
2810 1742 2965 1793 venia
3001 1738 3215 1793 eIIicere
3270 1741 3463 1808 possit.

1907 1824 1963 1880 Si
2000 1827 2126 1896 quis
2163 1841 2295 1881 vero
2348 1828 2512 1882 verba
2550 1828 2640 1882 illa
2674 1846 2688 1882 :
2743 1846 2763 1879 ι
2798 1828 3079 1884 Carbones
3125 1830 3269 1898 ignis
3331 1844 3467 1885 con-

228 1931 624 2008 imowpsuost;
648 1933 739 1986 ὶπὶ
758 1932 857 2001 τὴν
880 1927 1119 1998 κεφαλὴν
1142 1925 1332 1990 αὑτοῦ,
1367 1943 1387 1976 ι
1417 1925 1517 1978 καὶ⁵
1542 1923 1688 1978 κατὰ
1706 1922 1803 1993 τὴν

1904 1932 2061 1985 geres
2103 1932 2269 1987 super
2316 1922 2658 1987 caputeius;
2696 1937 2715 1969 ι
2743 1918 2809 1972 de
2865 1917 3093 1987 proclivi
3147 1918 3200 1971 in
3235 1920 3465 1989 gratiam

230 2029 528 2099 πρόχειρον
576 2023 824 2092 ἐκδοχὴν,
855 2020 949 2073 καὶ
1002 2018 1128 2081 τοὺς
1176 2016 1405 2078 πολλοὺς
1460 2009 1805 2085 παρακαλοῦ-

233 2135 357 2181 σαν,
386 2118 465 2179 εἰς
501 2114 565 2168 es
612 2112 690 2182 μὴ
718 2113 819 2181 τὴν
871 2109 1073 2180 ἔχθραν
1099 2106 1269 2178 ἔχθρᾳ
1304 2107 1401 2159 καὶ
1438 2105 1617 2176 ἀμύνῃ
1643 2104 1804 2175 χαλε-

228 2207 490 2277 πωτέραν
536 2205 727 2267 ποιεῖν,
793 2201 1009 2271 θελήσει
1058 2201 1221 2262 νοεῖν,
1253 2197 1375 2250 οὐδὲ
1419 2195 1580 2249 τοῦτο
1620 2196 1688 2249 ἂν
1718 2196 1802 2265 εῑη

229 2293 545 2367 στοχασμοῦ
600 2292 895 2353 διαπεσεῖν,
944 2289 1033 2357 ὑφ’
1061 2282 1121 2342 οῦ
1162 2284 1663 2357 παρασκευάζεται.
1695 2282 1805 2337 Καὶ

230 2389 377 2460 πρὸς
407 2382 798 2452 συγκατάθεσιν
838 2379 1017 2431 ῑλκειν
1062 2376 1263 2447 μᾶλλον
1289 2376 1513 2430 δύναται
1540 2377 1575 2446 ἡ
1604 2392 1699 2428 του
1728 2376 1803 2446 μὴ

230 2476 546 2548 ἀμύνασθαι
573 2469 914 2541 παραινοῦσα
940 2470 1065 2531 τοὺς
1089 2467 1319 2531 πολλοὺς
1357 2466 1548 2522 πειθώ.
1587 2466 1696 2536 μῚ)
1728 2467 1802 2519 Οὐ

231 2567 471 2622 παύεται
503 2565 630 2636 βέλη
667 2560 833 2616 κινῶν
860 2562 889 2613 ὁ
934 2560 1111 2631 μάτην
1159 2558 1299 2611 κατά
1340 2557 1436 2611 σοῦ
1471 2556 1572 2628 τὴν
1604 2556 1805 2628 εχθραν

230 2654 509 2719 ὑπελθὼν,
555 2654 776 2721 ἄμεινον
827 2649 926 2719 μὶν
973 2648 1041 2700 ἂν
1093 2648 1202 2714 εῐη,
1237 2645 1332 2697 τὸν
1355 2644 1532 2697 κοινὸν
1561 2642 1806 2713 πλάστην

231 2746 335 2801 καὶ
378 2746 479 2815 τὴν
533 2742 814 2795 πλάσασαν
870 2738 1047 2802 δεξιάν
1105 2736 1202 2789 καὶ
1263 2734 1366 2805 τὴν
1423 2733 1597 2803 αὐτὴν
1643 2732 1806 2802 φύσιν

232 2835 521 2892 ὶννοοῦντα
542 2832 762 2901 νικῆσαι
798 2829 1021 2899 γνώμης
1066 2826 1393 2897 χρηστότητι
1423 2826 1515 2877 τὸν
1545 2823 1806 2894 μισούμε-

230 2946 369 2981 νονο
416 2926 551 2980 διότι
591 2922 829 2994 παράγει
854 2920 967 2991 (48)
990 2920 1057 2973 δι’
1077 2918 1291 2989 -εχθρας
1331 2916 1393 2969 τὸ
1428 2915 1688 2987 ὀμοφυὲς.
1742 2917 1806 2969 Et

230 3020 295 3071 δι
325 3016 427 3088 μὴ,
484 3013 663 3085 βούλει
714 3011 773 3065 δὲ
835 3009 1026 3063 τοῦτον
1098 3006 1413 3077 ἀμύνασθαι
1476 3006 1574 3059 καὶ
1633 3005 1805 3075 λυπῆ-

234 3124 355 3170 σαι,
422 3106 515 3158 καὶ
564 3102 730 3174 μηδὶν
778 3103 839 3154 εν
899 3098 1110 3161 τούτοις
1163 3098 1484 3167 διαμαρτεῖν
1510 3137 1527 3162 ,
1562 3094 1803 3165 ψώμιζε,

232 3192 432 3257 ulqu
490 3193 672 3246 αὐτόν.
717 3190 840 3252 Πῶς
875 3189 967 3242 καὶ
1000 3187 1089 3241 διὰ
1108 3186 1201 3252 τίς
1242 3185 1349 3240 Τὸν
1384 3186 1565 3239 κοινὸν
1599 3186 1805 3238 Δεσπό-

1903 2008 2235 2077 receptione,
2265 2022 2390 2077 quae
2429 2010 2631 2063 multus
2673 2010 2972 2077 compellit,
3014 2019 3074 2063 ut
3116 2009 3465 2065 inimicitiam

1903 2083 2193 2153 inimicitia
2218 2106 2274 2151 et
2298 2098 2533 2152 vindicta
2564 2100 2869 2166 graviorem
2899 2116 3007 2153 non
3041 2100 3295 2167 reddant,
3323 2103 3470 2156 acci-

1902 2204 2029 2258 pere
2077 2188 2253 2252 malit,
2288 2204 2388 2244 nec
2422 2191 2509 2244 ille
2538 2191 2768 2259 judicio,
2808 2206 2918 2261 quo
2947 2194 3140 2256 utitur,
3172 2194 3469 2249 admodum

1903 2281 2137 2335 falletnr.
2171 2280 2304 2347 Quae
2335 2282 2483 2335 enim
2514 2282 2581 2334 ad
2608 2283 2903 2336 vindictam
2934 2285 3233 2338 cavendam
3269 2285 3471 2341 adhor-

1901 2381 2049 2427 tatur
2076 2373 2273 2437 oratio,
2309 2373 2397 2427 illa
2436 2373 2501 2427 ad
2532 2374 2946 2429 consensionem
2985 2376 3295 2431 animorum
3338 2394 3471 2433 cnn-

1901 2464 2186 2519 ciliandam
2207 2464 2418 2534 egregie
2445 2463 2590 2518 facit.
2623 2462 2778 2530 Quod
2808 2466 2854 2520 si
2872 2465 3017 2519 enim
3050 2466 3125 2529 is,
3148 2468 3245 2535 qui
3276 2478 3472 2537 praeter

1902 2570 2017 2608 rem
2063 2554 2403 2609 inimicitiam
2454 2556 2719 2610 adversus
2768 2566 2819 2610 te
2851 2556 3017 2620 fovet,
3077 2558 3181 2611 tela
3246 2574 3469 2614 movere

1904 2660 2013 2698 non
2046 2644 2302 2709 desinat;
2334 2645 2647 2713 praestiterit
2702 2654 2905 2708 tamen,
2940 2663 3292 2703 communem
3322 2649 3472 2704 Con-

1902 2736 2157 2798 ditorem,
2215 2735 2591 2806 dextramque,
2673 2753 2795 2808 quze
2843 2747 3139 2809 utrumque
3190 2740 3470 2800 formavit.

1902 2826 2152 2880 eamdem
2203 2842 2367 2895 porro
2407 2829 2696 2897 utriusque
2739 2838 2990 2882 naturam
3045 2832 3374 2899 recogitare,
3414 2844 3473 2887 et

1906 2916 2170 2971 facilitate
2201 2932 2301 2971 sua
2362 2917 2607 2987 iniquum
2662 2933 2877 2972 osorem
2948 2920 3191 2975 vincere.
3252 2921 3471 2979 Naturae

1904 3008 2049 3061 enim
2122 3006 2355 3063 aﬂinitas
2380 3024 2473 3077 per
2504 3008 2846 3062 inimicitiam
2888 3010 3121 3065 tollitur.
3161 3010 3255 3066 Sin
3288 3017 3471 3069 minus

1905 3098 2011 3152 Ιιοο
2042 3098 2275 3166 placeat,
2305 3098 2571 3167 malisque
2605 3099 2837 3167 injurias
2868 3099 3087 3165 ulcisci,
3126 3110 3183 3154 et
3212 3100 3470 3170 iniuriam

1908 3188 2125 3241 tristitia
2163 3188 2397 3253 allicere,
2431 3190 2618 3244 eadem
2667 3204 2798 3245 vero
2839 3206 3005 3259 opera
3060 3207 3169 3246 non
3222 3208 3468 3261 peccare,

233 3303 342 3356 την
372 3284 461 3338 διὰ
509 3282 711 3335 τούτων
763 3277 956 3333 σαυτοῦ
1008 3274 1448 3347 παρασκευάζεις
1492 3275 1804 3346 ἐκδικητὴν,

1908 3277 2028 3331 ciba
2057 3286 2112 3332 et
2158 3290 2285 3347 pata
2318 3279 2491 3333 illum.
2524 3279 2811 3346 Quomodo
2847 3296 2975 3335 vero
3021 3293 3076 3336 et
3100 3299 3201 3337 cur
3228 3285 3344 3339 ita?
3380 3284 3473 3340 Sic

236 3377 451 3428 ὲκεϊνον
493 3374 551 3427 δὲ
595 3372 686 3425 διὰ
722 3370 832 3423 τῶν
862 3368 1189 3439 εὐεργεσιῶν
1218 3368 1300 3429 εἰς
1333 3368 1612 3436 ἐκδίκησιν
1654 3367 1804 3435 κινή-

1905 3367 2050 3421 enim
2078 3382 2421 3423 communem
2479 3369 2768 3425 Dominum
2829 3373 3100 3427 vindicem
3153 3375 3249 3429 tibi
3281 3378 3468 3431 conci-

238 3482 385 3528 σεις,
424 3465 617 3519 θάττον
647 3462 713 3515 ἂν
760 3460 890 3523 Eat;
912 3460 1002 3512 τὸν
1033 3459 1226 3529 ἐχθρὸν
1250 3455 1338 3512 οἷα
1378 3460 1511 3531 πυρὶ
1552 3460 1621 3528 τῇ
1671 3457 1804 3510 εκεί‹

1906 3456 2031 3519 lias,
2101 3471 2267 3525 quem
2316 3456 2363 3511 si
2421 3457 2697 3512 beneﬁciis
2754 3458 2862 3514 illis
2914 3460 3027 3513 tuis
3087 3461 3153 3513 ad
3208 3460 3470 3515 ultionem

238 3574 337 3611 νου
365 3556 492 3628 δίκη
520 3556 615 3610 καὶ
642 3556 821 3625 κρίσει
847 3553 1173 3622 φλεγόμενον
1195 3568 1256 3604 τε
1300 3552 1396 3605 καὶ
1419 3550 1804 3619 καταπιμπρά·

1904 3546 2226 3613 capiendam
2258 3548 2607 3610 cxcitaveris,
2637 3548 2917 3603 inimicum
2946 3566 3102 3619 paena
3137 3552 3257 3620 ejus
3287 3563 3341 3607 et
3383 3556 3476 3624 ju—

242 3665 433 3717 μενον,
464 3646 561 3701 καὶ
627 3646 764 3715 αὐτῇ
822 3643 1289 3715 συναπολλύμενον
1341 3641 1512 3712 ιχθρᾳ
1552 3640 1646 3693 καὶ
1699 3641 1804 3692 ἐπι-

1903 3636 2082 3700 diciis,
2109 3644 2363 3705 tanquam
2384 3639 2506 3708 igne
2535 3641 2794 3708 quodam,
2826 3652 3213 3711 consumptum
3238 3656 3293 3699 et
3320 3660 3480 3700 como

238 3756 434 3827 “um.
1906 3726 2575 3871 3::t23;rii:itnicitiaque
2632 3745 2731 3784 sua
2762 3738 2818 3784 et
2866 3732 3007 3787 odiis
3038 3734 3360 3790 devoratum
3388 3737 3472 3790 ci-

814 3993 1271 4058 S’I'EWARTII
1314 3993 1692 4056 MONITUM
1733 3994 1817 4055 IN
1865 3996 2339 4069 SEQUENTEM
2373 3997 2925 4070 QUESTIONEM.

316 4118 412 4174 Est
438 4128 495 4173 et
523 4118 627 4173 hoc
650 4117 972 4187 opusculum
1022 4114 1196 4168 Pbotii
1226 4130 1257 4168 a
1289 4111 1557 4167 Turriano
1584 4112 1775 4168 Latine
1802 4130 2015 4169 versum
2063 4116 2201 4169 inter
2229 4116 2461 4172 seltedas
2482 4115 2801 4173 Canisianas
2831 4126 3123 4186 repertum.
3156 4119 3462 4187 Argumen-

239 4206 359 4261 tum
395 4205 644 4274 pauculis
665 4204 821 4258 hisce
851 4202 1035 4256 verbis
1068 4201 1383 4269 complexus
1420 4209 1503 4254 est
1537 4197 1853 4256 'I‘nrrianus
1884 4218 1899 4256 :
1939 4219 1957 4252 ι
2001 4200 2259 4257 Voluntas
2316 4203 2631 4258 comedendi
2676 4204 2989 4272 simpliciter
3021 4204 3124 4258 fuit
3153 4206 3367 4275 quidem
3408 4209 3463 4260 in

234 4291 491 4356 Christo,
518 4290 645 4360 quia
678 4290 794 4343 hac
814 4288 1067 4343 voluntas
1096 4286 1364 4339 naturalis
1392 4294 1498 4339 est.
1535 4286 1802 4340 Voluntas
1824 4302 1953 4341 vero
1981 4289 2301 4343 comedendi
2320 4290 2522 4359 aliquid
2542 4291 2642 4344 hac
2673 4292 2760 4344 vel
2784 4292 2871 4343 illa
2904 4292 3169 4359 qualitate
3184 4291 3464 4356 aﬂectum,

236 4386 303 4431 ut
330 4376 512 4439 dulce,
550 4385 644 4429 aut
672 4389 944 4437 amarum,
981 4381 1076 4425 aut
1102 4371 1359 4436 multum,
1394 4379 1489 4424 aut
1518 4386 1739 4441 parum,
1776 4388 1883 4426 non
1932 4372 2034 4428 fuit
2063 4375 2116 4429 in
2162 4391 2249 4439 eo,
2284 4377 2410 4446 quia
2441 4377 2772 4445 huiusmodi,
2817 4394 2939 4446 quae
2971 4380 3172 4432 dicitur
3201 4381 3355 4444 ποτά,
3410 4380 3463 4433 id

232 4475 346 4527 est,
382 4462 587 4531 qualis,
620 4463 701 4515 vel
730 4460 869 4523 πῶς,
895 4459 947 4512 id
980 4468 1081 4521 est,
1123 4457 1401 4526 quomodo
1432 4496 1449 4519 ,
1490 4456 1748 4511 voluntas
1773 4472 2018 4526 persona:
2043 4461 2291 4516 humanas
2314 4471 2419 4527 est,
2450 4478 2556 4516 non
2594 4472 2821 4526 natura,
2856 4464 3110 4519 Christus
3138 4473 3320 4519 autem
3353 4481 3460 4520 non

232 4558 365 4603 erat
402 4563 632 4617 persona
670 4547 928 4607 humana.
958 4558 1060 4598 nec
1089 4543 1367 4598 hominem
1400 4542 1638 4610 aliquem
1670 4546 1991 4613 assumpsit,
2042 4548 2135 4601 sed
2186 4557 2437 4603 naturam
2492 4550 2751 4609 hominis.
2801 4565 2921 4618 qua:
2955 4566 3063 4604 una
3116 4559 3203 4604 est
3256 4551 3467 4620 (specie

233 4634 499 4701 scilicet).
549 4632 870 4700 Hujnsmodi
914 4630 1163 4684 voluntas
1194 4644 1302 4682 non
1331 4629 1618 4691 naturalis,
1645 4630 1739 4683 sed
1784 4644 2033 4698 persona
2075 4632 2328 4687 humanae
2372 4634 2574 4689 dicitur
2607 4636 2857 4689 voluntas
2882 4637 3023 4687 κατὰ
3062 4634 3310 4705 γνώμην,
3348 4638 3463 4689 sive

230 4720 522 4789 mpod).
576 4714 689 4772 'Ilie
741 4725 825 4771 est
856 4731 1053 4781 scopus
1080 4715 1244 4783 huius
1281 4714 1638 4770 tractationis.
1670 4733 1690 4767 ι
1728 4715 1804 4770 Ila

1901 4714 2226 4774 Turrianus.
2267 4719 2555 4789 Inscriptio
2583 4720 2775 4775 Graeca
2803 4731 2928 4776 est:
2984 4721 3120 4790 Περὶ
3178 4723 3286 4773 τῶν
3322 4738 3465 4788 γνωι-

234 4803 432 4875 μυιῶν
456 4802 774 4871 θελημάτων
802 4802 895 4853 επὶ
917 4798 1175 4870 Χριστοῦ.

316 4888 529 4942 Dicitur
561 4898 741 4941 autem
781 4887 1093 4956 gnomicum
1135 4900 1166 4939 a
1195 4900 1424 4953 gnome;
1468 4885 1613 4953 quod
1661 4899 1858 4939 nomen
1912 4890 2164 4944 «variam
2209 4899 2264 4945 et
2301 4890 2657 4961 multiplicem
2709 4892 3166 4961 signiﬁcationem
3224 4892 3411 4952 halret,
3440 4910 3465 4943 ι

231 4979 425 5047 inquit
467 4978 654 5031 beatus
685 4976 1055 5031 Damascenus
1085 4975 1191 5028 'lih.
1219 4990 1281 5028 ns
1304 4973 1378 5027 De
1398 4974 1501 5041 ﬁde
1530 4974 1851 5032 orthodoxa.
1887 4990 2009 5044 cap.
2045 4975 2132 5031 η.
2160 4974 2435 5032 Interdum
2486 4977 2634 5032 enim
2667 4979 3097 5032 admonitionem
3143 4977 3418 5047 signiﬁcat
3446 5015 3463 5037 .

229 5076 301 5119 ιι
333 5078 462 5119 cum
500 5064 577 5117 ait
613 5061 947 5130 Apostolus:
989 5077 1007 5109 ι
1036 5058 1110 5114 De
1138 5060 1443 5129 virginibus
1488 5072 1830 5127 praceptum
1863 5060 2076 5114 Domini
2128 5076 2233 5115 non
2286 5064 2478 5128 habeo,
2507 5063 2740 5133 γνώμην
2765 5074 2944 5117 autem
2979 5065 3070 5118 do.
3114 5083 3133 5116 ι
3186 5064 3473 5117 Interdum

226 5150 561 5213 consilium,
594 5156 651 5201 ut
687 5161 813 5200 cum
837 5148 915 5199 ait
933 5145 1197 5215 Propheta
1224 5162 1238 5198 :
1266 5163 1285 5196 ι
1323 5145 1493 5213 ευμεν
1512 5146 1763 5213 populum
1787 5156 1933 5200 tuum
1965 5146 2378 5217 maligname
2400 5150 2644 5220 γνώμην.
2688 5169 2710 5202 ι
2730 5150 3097 5219 Quodcunque
3130 5151 3257 5203 item
3284 5151 3472 5202 decreo

226 5251 394 5299 tam,
426 5244 486 5288 ut
514 5234 570 5287 in
600 5232 686 5287 bis
713 5231 951 5286 Danielis
974 5231 1187 5285 verbis:
1224 5233 1266 5283 Α
1297 5246 1401 5299 quo
1431 5232 1559 5284 exiit
1590 5232 1863 5299 impudens
1908 5237 2018 5287 haec
2073 5236 2264 5305 γνώμη
2293 5238 2315 5290 2
2348 5237 2744 5307 Nonnunquam
2801 5239 3038 5308 denique
3079 5253 3174 5307 pro
3216 5238 3339 5305 ﬁde,
3373 5246 3475 5289 an!

226 5322 512 5393 opinione,
548 5329 640 5374 aut
664 5318 834 5372 animi
860 5318 1138 5385 affectione
1158 5317 1439 5381 sumitur;
1485 5326 1662 5385 atque,
1698 5328 1756 5370 ut
1800 5320 1941 5373 brevi
1983 5325 2363 5389 perstringam,
2398 5323 2622 5393 γνώμης
2656 5325 2967 5379 vocabulum
3026 5325 3269 5389 plurimis
3299 5324 3475 5391 signi—

222 5407 581 5479 ﬁcationibtta
606 5414 912 5473 usurpatur.
945 5403 1071 5459 Haec
1105 5402 1496 5458 Damascenus.
1529 5401 1806 5458 Invenitur
1828 5407 2044 5464 libellus
2073 5411 2180 5464 iste
2214 5409 2400 5465 Graece
2434 5412 2485 5464 in
2518 5412 2687 5466 variis
2711 5410 3075 5478 Bibliothecia,
3137 5412 3473 5466 nominatim

1730 5548 1958 5607 NOTAE.

307 5650 428 5717 H5)
456 5648 547 5703 Sic
583 5646 770 5701 scribo
792 5659 891 5714 pro
930 5641 1097 5695 οὐδέν.
1133 5639 1442 5695 Proximum
1486 5641 1585 5713 τὴν
1617 5641 1799 5697 addidi

218 5742 294 5779 ea
343 5719 506 5773 Colb.

304 5790 425 5861 (46)
463 5786 647 5854 nam;
670 5784 841 5840 debeo
868 5782 1039 5837 cidem
1068 5796 1165 5849 pro
1198 5781 1351 5833 πᾶσι.

1970 5647 2082 5713 (47)
2113 5648 2464 5716 Crediderim,
2493 5652 2579 5707 hic
2612 5650 2898 5713 excidisse,
2930 5646 2978 5701 εῑ
3010 5645 3082 5699 δ’.

1972 5720 2082 5792 (48)
2110 5721 2417 5778 t_lolb-8to'tt
2445 5739 2555 5793 περ
2573 5724 2723 5791 ἄγει.
