4186 6444
176 434 271 499 509

1095 425 1195 485 AD
1219 420 1809 483 AMPHILOCHIUM
1846 418 2195 491 QUBSTIO
2227 418 2461 479 LXXX.

3274 413 3382 479 510

178 552 337 621 μόνων
363 546 676 619 ἠρτημένην
703 543 812 595 τῶν
865 539 1127 609 φυσικῶν.
1185 540 1346 593 Ὥστε
1369 538 1403 608 ἡ
1436 538 1531 608 μιν
1555 536 1715 606 θέλη-
1746 544 1790 599 Α
1824 552 1831 587 l

1746 544 1790 599 Α
1824 536 1965 589 unde
1993 532 2220 603 φυσικὸν
2244 533 2475 603 θέλημα,
2510 531 2561 587 id
2589 542 2671 587 est
2703 532 2997 588 naturalcm
3025 533 3381 597 voluntatem,

180 641 259 703 σίς
292 642 433 692 εστιν
457 638 594 707 αὑτὴ
626 638 661 706 η
695 635 897 703 ζωτική
919 634 1090 685 τεκαὶ
1118 630 1311 698 λογικὴ
1333 628 1514 697 ὀρεξις
1530 626 1721 681 πασῶν
1822 642 1833 677 t

1822 624 2088 679 definiunt
2116 639 2237 678 esse
2260 626 2553 693 appetitum
2600 626 2899 678 naturalem
2955 634 3009 677 ct
3038 627 3378 688 rationalem,

174 732 274 784 τῶν
296 729 387 798 τῆς
421 727 631 795 φύσεως
661 722 999 777 συστατικῶν
1034 720 1183 787 ἀπλῆ
1222 719 1473 789 δύναμις.
1523 716 1588 769 Ἦ
1614 715 1723 785 γάρ
1821 732 1827 763 t

1821 729 1886 768 ex
1920 713 2050 767 solis
2078 712 2412 766 naturalibus
2443 712 2783 781 pendentem.
2814 713 2996 779 Quare
3029 715 3277 783 θέλησις,
3329 716 3379 767 id

175 822 274 873 τιῖιν
291 820 494 885 ἀλόγων
507 818 597 887 ὀρε
606 815 685 879 ξις
709 815 783 884 μὴ
807 810 941 868 οὖσα
956 813 1148 880 λογικὴ
1165 812 1227 863 οὐ
1248 809 1463 877 λέγεται
1484 807 1720 877 θέλησις.

175 911 389 978 Θέλησις
414 904 508 961 οὖν
534 908 586 960 τί
617 906 747 959 ποτέ
789 906 939 955 ἔστιν
967 904 1202 970 εἴρηται.

1820 814 1904 859 est
1960 803 2233 867 voluntas,
2263 813 2346 859 ast
2375 803 2491 873 ipse
2529 805 2777 858 animalis
2809 815 2862 858 et
2908 806 3192 859 rationalis
3220 820 3386 875 appe-

1821 894 1953 950 titus
2011 899 2256 949 omnium
2297 896 2680 962 potentiarum,
2722 911 2841 965 qua
2888 908 3136 951 naturam
3184 899 3387 953 consti-

176 1016 345 1069 tuunt,
378 1002 602 1072 simplex
632 998 892 1069 potentia.
926 993 1211 1063 Appetitus
1247 989 1390 1043 enim
1419 985 1845 1050 irrationalium,
1900 1000 2025 1040 cum
2083 1001 2193 1039 non
2255 986 2327 1041 sit
2389 986 2692 1052 rationalis,
2723 1001 2830 1041 non
2873 987 3077 1042 dicitur
3110 990 3383 1044 voluntas.

178 1104 373 1158 Dictum
420 1103 580 1172 igitur
616 1105 721 1162 est,
769 1095 900 1165 quid
945 1093 1014 1147 sit
1064 1090 1305 1159 θέλησις,
1358 1086 1409 1159 id
1463 1094 1549 1139 est
1603 1084 1875 1137 voluntas.

242 1196 497 1265 Βούλησις
523 1192 578 1245 δέ
610 1193 724 1244 t-m
769 1186 897 1241 ποιά
926 1183 1129 1253 φυσικὴ
1159 1181 1397 1249 θέλησις,
1432 1181 1603 1249 ἦγουν
1626 1195 1727 1248 φυ-

1900 1172 2159 1243 Βούλησις
2192 1187 2322 1227 vcro
2343 1184 2424 1227 est
2454 1174 2716 1229 naturalis
2741 1174 2993 1230 voluntas
3044 1176 3191 1239 ποιά,
3226 1176 3276 1229 id
3306 1186 3391 1230 est

182 1285 300 1353 σικὴ
333 1263 424 1336 ml.
446 1280 636 1350 λογικὴ
666 1278 843 1348 ὀρεξίς
863 1290 1006 1337 τινος
1060 1272 1404 1342 πράγματος.
1440 1269 1726 1336 Ἐγκειται
1831 1283 1835 1316 :

1831 1263 2079 1333 aliqualis
2105 1264 2184 1331 (ut
2209 1265 2281 1318 ita
2311 1265 2545 1336 dicam);
2571 1268 2831 1320 naturalis
2856 1270 3000 1320 enim
3027 1277 3081 1320 et
3110 1268 3388 1324 rationalis

182 1378 273 1446 μὲν
293 1378 398 1444 γὰρ
423 1375 456 1443 ἠ
483 1372 709 1441 δύναμις
728 1371 786 1422 εν
814 1362 990 1438 τῇτοῦ
1021 1362 1307 1433 ἀνθρώπου
1338 1361 1485 1430 ψυχῇ
1520 1358 1615 1413 τοῦ
1635 1359 1727 1411 λο-

1834 1357 2103 1424 appetitus
2129 1355 2196 1411 de
2224 1356 2403 1424 aliqua
2430 1372 2489 1410 re
2516 1366 2598 1411 est
2627 1358 2931 1413 rationalis.
2969 1358 3111 1412 Inest
3155 1360 3300 1413 enim
3333 1361 3388 1412 in

180 1464 338 1532 γικῶς
366 1462 683 1533 ὀρέγεσθαιο
710 1459 799 1512 ὅτε
832 1458 889 1511 δὲ
922 1454 1164 1525 φυσικῶς
1229 1451 1475 1521 κινηθείη
1518 1449 1659 1517 αὕτη
1694 1451 1727 1519 ἠ

1834 1446 2016 1500 anima
2044 1446 2283 1501 hominis
2313 1448 2416 1511 vis,
2464 1448 2578 1502 sive
2622 1450 2856 1519 potentia
2902 1451 3183 1519 appetendi
3226 1452 3390 1505 ratio-

180 1554 357 1623 λογικὴ
374 1552 551 1621 ὀρεξις
578 1550 710 1619 πρός
733 1566 786 1602 τι
814 1545 1285 1619 πρᾶγμα,λιγεται
1311 1540 1582 1611 βούλησιςο
1605 1538 1731 1609 βού-

1834 1535 2066 1599 naliter;
2118 1538 2337 1604 quando
2379 1547 2557 1591 autem
2604 1540 2925 1593 naturaliter
2975 1550 3226 1594 movetur
3274 1540 3392 1609 ipse

179 1640 326 1708 λησις
342 1640 449 1711 γάρ
473 1640 619 1691 έστιν
652 1636 830 1705 ὀρεξις
863 1635 957 1687 καὶ
990 1632 1174 1702 ἔφεσίς
1207 1647 1353 1693 τινος
1403 1629 1729 1699 πράγματος

1832 1626 2102 1695 appetitus
2136 1628 2413 1682 rationalis
2440 1630 2505 1682 ad
2550 1630 2785 1698 aliquam
2826 1645 2963 1695 rem,
3014 1631 3213 1684 dicitur
3267 1632 3391 1701 βού-

179 1730 383 1799 λογική.
446 1728 677 1796 Λέγεται
698 1726 755 1778 δὲ
779 1724 1032 1795 βούλησις
1061 1723 1155 1776 καὶ
1196 1723 1287 1775 επὶ
1318 1720 1428 1772 τῶν
1456 1719 1541 1788 ἀφ’
1572 1719 1724 1787 ἡμῖν,
1758 1714 1800 1768 Β
1828 1719 1832 1769 ἶ

1758 1714 1800 1768 Β
1828 1718 2003 1787 λησις,
2045 1718 2098 1772 id
2137 1731 2220 1773 est
2244 1721 2494 1775 voluntas
2523 1721 2749 1788 alicujus
2782 1723 2856 1776 rei
2891 1740 2903 1776 :
2952 1723 3205 1794 βούλησις
3246 1725 3391 1778 enim

178 1822 419 1875 τουτέστι
455 1821 549 1874 καὶ
571 1820 661 1871 ἐπὶ
684 1818 795 1871 τῶν
821 1817 1118 1871 ἀδυνάτων.
1153 1811 1465 1882 Βουλόμεθα
1493 1810 1604 1880 γὰρ
1636 1809 1731 1862 καὶ

1832 1820 1915 1864 est
1943 1810 2213 1879 appetitus
2250 1818 2305 1864 et
2335 1810 2657 1865 desiderium
2692 1812 2921 1881 alicujus
2953 1813 3030 1867 rei
3077 1814 3341 1868 rationale
3374 1832 3388 1867 :

180 1912 252 1985 μὴ
279 1912 587 1975 ἀποθανεῖν,
623 1910 735 1964 εστι
763 1909 820 1963 δὲ
849 1910 883 1979 ἡ
907 1908 1159 1980 βούλησις
1175 1905 1270 1958 τοῦ
1294 1905 1500 1968 τέλους,
1527 1905 1590 1956 οὐ
1622 1902 1733 1956 τῶν

1835 1901 2033 1954 dicitur
2059 1910 2240 1955 autem
2267 1900 2538 1969 βούλησις,
2567 1902 2617 1955 id
2641 1912 2723 1956 est
2746 1904 2996 1957 voluntas
3023 1903 3256 1971 alicujus
3291 1906 3392 1967 rei,

180 2004 312 2074 πρὸς
324 2004 387 2055 τὺ
413 2003 585 2066 τέλος.
615 2002 780 2064 τέλος
798 2000 909 2069 γὰρ
933 2000 993 2053 τὸ
1024 1997 1282 2067 βουλητὸν
1300 1996 1376 2059 ὡς
1396 1995 1459 2048 τὸ
1487 1995 1731 2061 ὑγιᾶναι·

180 2092 310 2165 πρὸς
338 2092 402 2145 τό
426 2092 577 2155 τέλος
603 2091 660 2145 ὀὶ
686 2094 715 2144 ὀ
748 2091 948 2160 τρόπος
976 2088 1046 2142 δι’
1078 2082 1141 2142 οὗ
1174 2086 1464 2156 ὀφείλομεν
1488 2086 1729 2153 ὁγιᾶναι.

1836 1991 1903 2046 de
1935 1991 2003 2046 iis
2024 2006 2146 2061 qua
2168 2003 2295 2046 sunt
2325 1995 2376 2046 in
2391 2003 2576 2047 nostra
2598 2003 2879 2060 potestate,
2900 2002 2954 2047 et
2973 1994 3040 2048 de
3058 1995 3123 2049 iis
3141 2011 3262 2064 quae
3282 2010 3391 2048 non

1838 2091 1994 2148 sunt;
2025 2082 2078 2137 id
2105 2091 2209 2145 est,
2235 2083 2301 2137 de
2334 2083 2401 2138 iis
2428 2099 2547 2153 qua:
2577 2098 2607 2137 a
2639 2085 2793 2138 nobis
2819 2083 2932 2138 tieri
2960 2094 3205 2153 possunt,
3244 2096 3297 2140 et
3327 2086 3395 2139 de

179 2188 243 2241 iis
266 2201 391 2257 qua:
425 2201 532 2241 non
564 2193 824 2255 possunt;
854 2184 1108 2239 volumus
1141 2184 1288 2238 enim
1315 2194 1427 2235 non
1453 2180 1621 2244 mori,
1654 2186 1737 2232 est
1764 2185 2021 2245 prmterea
2062 2174 2334 2247 βούλησις,
2384 2177 2435 2231 id
2481 2187 2564 2231 est
2615 2178 2864 2232 voluntas
2898 2180 3041 2243 linis,
3079 2195 3185 2233 non
3216 2188 3393 2233 autem

177 2296 362 2336 eorum
405 2297 525 2353 quae
552 2288 797 2351 spectant
839 2279 907 2333 ad
962 2278 1142 2332 tinem.
1197 2275 1349 2331 Finis
1408 2274 1553 2329 enim
1578 2271 1739 2327 esteo
1768 2270 2046 2341 βουλητὸν,
2074 2269 2126 2323 id
2151 2281 2238 2325 est
2263 2270 2313 2324 id
2349 2270 2494 2341 quod
2527 2271 2802 2337 volumus,
2829 2281 2889 2326 ut
2914 2273 3051 2329 bene
3078 2275 3293 2339 valere;
3328 2274 3397 2329 ad

179 2376 337 2431 linem
392 2384 573 2428 autem
625 2381 837 2442 spectat
866 2372 917 2425 id
952 2384 1047 2440 per
1095 2368 1242 2439 quod
1274 2368 1536 2422 debemus
1565 2366 1704 2421 bene
1733 2364 1927 2419 valere.

247 2493 400 2548 Μετά
429 2494 486 2547 δὲ
508 2492 605 2562 τὴν
636 2490 907 2561 βούλησιν,
942 2490 1171 2560 ζήτησις
1201 2488 1294 2541 καὶ
1317 2486 1508 2555 σκέψις
1551 2483 1671 2556 μεθ’
1698 2484 1735 2539 ἀ

174 2586 208 2653 ἡ
234 2583 415 2652 βουλή.
444 2581 617 2650 Βουλῆ
662 2580 770 2649 γάρ
798 2580 943 2631 έστιν
972 2576 1151 2647 ὄρεξις
1180 2574 1376 2645 ζητικὴ
1422 2584 1445 2611 ο
1478 2573 1735 2644 περὶτῶν

175 2676 259 2742 ἐφ’
290 2675 422 2743 ἡμῖν
456 2672 797 2743 πραγμάτων
839 2669 1096 2739 γινομένη
1120 2685 1135 2700 ο
1188 2664 1498 2735 βουλεύεται
1544 2667 1655 2733 γάρ
1687 2663 1736 2715 εἰ

173 2765 378 2831 ὀφείλει
406 2781 491 2827 τις
525 2762 799 2833 μετελθεῖν
843 2760 906 2813 τὸ
928 2761 1158 2829 πρᾶγμα
1188 2758 1221 2827 ἢ
1258 2756 1341 2811 οὗ.
1370 2751 1503 2809 Εἶτα
1538 2755 1734 2825 κρίνει,

175 2856 269 2905 καὶ
296 2852 510 2919 λέγεται
547 2851 745 2920 κρίσις.
786 2850 902 2917 Ἐφ’
954 2844 1035 2915 οἷς
1076 2848 1370 2902 διατίθεται
1409 2846 1503 2899 καὶ
1548 2845 1740 2914 ἀγαπᾷ

1914 2482 2043 2539 Post
2072 2483 2348 2552 βούλησιν,
2384 2483 2436 2537 id
2493 2492 2575 2538 est
2636 2485 2963 2540 voluntatem
3024 2486 3256 2554 alicujus
3306 2488 3386 2542 rei

1839 2582 1922 2628 est
1953 2575 2232 2645 inquisitio
2282 2583 2335 2629 et
2390 2575 2782 2640 consideratio,
2835 2585 3025 2645 postea
3082 2580 3394 2633 consilium.

1840 2664 2143 2719 Consilium
2172 2665 2316 2719 enim
2344 2674 2427 2720 est
2457 2666 2752 2735 appetitus,
2776 2668 3058 2737 inquirens
3089 2670 3156 2723 de
3182 2670 3248 2724 iis
3277 2686 3399 2739 qua:

1839 2766 1965 2811 sunt
1989 2772 2154 2826 penes
2183 2773 2279 2813 nos
2311 2774 2325 2810 :
2375 2759 2641 2813 consultat
2671 2760 2814 2814 enim
2854 2776 2922 2814 an
2964 2762 3159 2815 debeat
3200 2763 3400 2831 aliquis

1838 2848 2054 2916 aggredi
2090 2848 2324 2917 aliquam
2353 2864 2485 2914 rem,
2511 2865 2577 2903 an
2610 2866 2739 2903 non.
2772 2848 2964 2905 Postea
2989 2851 3199 2919 judicat
3231 2863 3285 2906 et
3315 2855 3401 2906 di-

178 2946 272 2997 καὶ
294 2945 509 3012 λέγεται
567 2944 758 3013 γνώμη
780 2959 795 2975 ·
838 2944 904 2996 ἂν
925 2942 1085 3013 κριθῇ
1126 2942 1225 3011 μὲν
1252 2940 1381 3009 γὰρ,
1411 2940 1485 3008 μὴ
1516 2937 1735 3006 διατεθῇ

1842 2940 1984 2994 citur
2006 2939 2291 3007 judicium.
2321 2939 2379 2993 ln
2409 2941 2605 3009 quibus
2647 2942 2891 3005 allicitur,
2925 2953 2980 2997 et
3018 2958 3082 2997 ea
3111 2953 3279 3009 amat,
3313 2946 3399 2998 di-

174 3033 230 3086 δὲ
263 3032 398 3102 πρὸς
425 3033 486 3085 τὸ
518 3032 703 3103 κριθέν
722 3048 738 3063 ο
767 3032 935 3102 ἤγουν
960 3031 1025 3084 ἂν
1048 3031 1122 3099 μὴ
1144 3030 1407 3101 ἀγαπήσῃ
1423 3028 1482 3079 οὐ
1521 3025 1738 3093 λέγεται

1845 3029 1986 3082 citur
2013 3029 2230 3097 γνώμη,
2261 3029 2311 3082 id
2347 3038 2431 3083 est
2460 3029 2700 3096 affectio;
2737 3032 2783 3085 si
2817 3032 2961 3085 enim
2981 3032 3189 3099 judicet
3213 3043 3268 3086 et
3293 3050 3399 3087 non

173 3124 405 3192 γνώμηο
439 3123 531 3174 ἐπὶ
572 3122 753 3191 μέντοι
776 3124 844 3192 τῇ
881 3119 1073 3190 γνώμῃ
1123 3120 1157 3189 ἠ
1197 3117 1514 3188 προαίρεσις
1555 3117 1744 3169 ἕπεται
1788 3191 1799 3192 7

1788 3191 1799 3192 ί
1842 3118 2126 3182 adiciatur,
2178 3120 2231 3172 id
2275 3128 2380 3185 est,
2421 3135 2528 3174 non
2573 3130 2714 3174 amet
2759 3120 2904 3190 quod
2951 3122 3249 3190 judicatum
3294 3131 3399 3187 est,

172 3191 339 3266 olovsl.
373 3211 593 3281 ἐκλογή.
644 3211 801 3265 Μετά
862 3211 920 3263 ὀὶ
974 3213 1072 3281 τὴν
1136 3208 1453 3281 προαίρεσιν
1519 3208 1554 3277 ἡ
1604 3191 1811 3277 πρὸςο

1766 3191 1811 3251 C
1842 3222 1951 3261 non
1977 3208 2175 3262 dicitur
2204 3210 2445 3279 γνώμην.
2472 3207 2601 3263 Post
2626 3208 2827 3280 γνώμη,
2878 3213 3125 3280 sequitur
3141 3213 3400 3283 προαίρε-

171 3304 274 3373 τὴν
296 3303 491 3373 πρᾶξιν
530 3301 811 3356 ἀκολουθεῖ
850 3303 990 3371 ὀρμὴ
1013 3305 1045 3332 ·’
1082 3296 1202 3353 εἶτα
1252 3300 1466 3370 χρῆσις,
1521 3299 1643 3367 μεθ’
1672 3301 1738 3368 ἢν

1846 3317 1928 3364 σις
1961 3300 2043 3353 vel
2076 3300 2293 3371 ἐκλογή,
2333 3301 2384 3356 id
2417 3312 2499 3356 est
2534 3301 2759 3366 electio;
2803 3313 2925 3371 post
2965 3304 3284 3358 electionem
3315 3321 3402 3360 se-

170 3393 241 3446 τά
266 3392 365 3461 τῆς
390 3392 622 3462 ὀρέξεως
648 3390 898 3443 παύεται.
936 3390 1060 3442 Ἐπὶ
1119 3389 1217 3459 μιν
1245 3385 1338 3442 οὖν
1358 3390 1467 3441 τῶν
1505 3389 1736 3456 ἀλόγων,

174 3483 316 3555 μετά
339 3482 436 3554 τὴν
465 3482 645 3553 ὄρεξιν
666 3482 826 3544 εὐθὺς
862 3484 895 3551 ὴ
934 3482 1079 3552 ὁρμὴ
1125 3481 1338 3543 ῑπεται,
1391 3480 1484 3533 ἐπὶ
1526 3480 1582 3532 δι
1631 3480 1739 3533 τῶν

168 3572 408 3640 λογικῶν
431 3573 491 3625 οὐ
516 3572 753 3633 πάντως.
780 3568 863 3624 Τὰ
890 3571 991 3640 μὲν
1030 3570 1138 3639 γὰρ
1164 3568 1333 3638 ἄλογα
1373 3569 1476 3622 ὑπὸ
1501 3568 1601 3631 τῆς
1634 3585 1738 3636 φυ-

171 3665 337 3733 σικῆς
377 3663 610 3733 ὀρέξεως
667 3661 881 3729 ἄγεται,
920 3660 1001 3714 διδ
1044 3659 1165 3713 οὐδὲ
1185 3658 1399 3729 θέλησις
1426 3660 1458 3726 ἡ
1490 3658 1597 3711 τῶν
1623 3659 1741 3712 ἀλό·

167 3770 285 3820 γων
308 3752 489 3821 ὄρεξις
507 3751 746 3819 λέγεται,
779 3750 896 3802 οὐδὲ
942 3733 1214 3818 βοῦλησις.
1256 3748 1379 3801 Ἐπὶ
1413 3747 1471 3802 δὲ
1503 3747 1611 3801 τῶν
1643 3750 1740 3801 ἀν-

169 3841 413 3910 θρώπων
438 3840 638 3909 μᾶλλον
680 3841 714 3910 ὴ
770 3838 972 3909 φυσικὴ
1004 3837 1181 3909 ὀρεξις
1206 3838 1413 3907 ο⁶ἧπερ
1440 3837 1562 3905 ἄγει
1582 3852 1598 3867 ³
1621 3838 1739 3891 αὐτ-

168 3931 432 3996 εξουσίως
448 3932 556 4001 γὰρ
572 3930 666 3983 καὶ
686 3930 825 3997 μετά
844 3929 1001 3996 λόγου
1025 3930 1275 3989 κινεῖται,
1302 3926 1486 3997 ἐπειδὴ
1504 3927 1599 3980 καὶ
1616 3944 1739 3979 συν-

168 4024 504 4091 εζευγμέναι
528 4023 665 4074 είσὶν
690 4022 745 4073 al
779 4020 1077 4087 γνωστικαὶ
1102 4019 1195 4072 καὶ
1233 4018 1458 4082 ζωτικαὶ
1484 4018 1741 4088 δυνάμεις

170 4117 234 4166 ὲν
264 4114 349 4182 τῷ
386 4111 677 4182 ἀνθρώπῳ,
719 4109 1078 4174 αὐτεξουσίως
1128 4108 1416 4179 τοιγαροῦν
1466 4110 1738 4179 ὀρέγεται,

169 4204 271 4256 καὶ
314 4202 671 4268 αὐτεξουσίως
722 4203 888 4273 ὁρμᾷ,
938 4202 1033 4254 καὶ
1077 4199 1147 4254 τὰ
1201 4200 1338 4255 ἄλλα
1382 4199 1741 4265 αὐτεξουσίως

169 4296 344 4348 ποιεῖ.

246 4471 379 4525 Ἐπὶ
406 4471 463 4525 δέ
484 4488 548 4538 γε
578 4471 672 4540 τῆς
701 4468 851 4532 θείας
880 4468 974 4523 καὶ
1007 4467 1281 4537 μακαρίας
1298 4467 1389 4520 καὶ
1413 4467 1738 4537 ὑπερουσίου

1843 3394 2027 3461 quitur
2063 3392 2206 3462 ὀρμὴ
2240 3392 2374 3462 πρὸς
2414 3392 2511 3463 τὴν
2551 3395 2766 3463 πρᾶξιν,
2819 3395 2869 3447 id
2912 3405 2995 3449 est
3027 3397 3304 3464 aggressio
3334 3399 3403 3450 ad

1846 3496 1994 3546 rem;
2026 3481 2218 3535 deinde
2239 3482 2455 3551 χρῆσις,
2486 3483 2536 3536 id
2569 3492 2652 3539 est
2701 3499 2855 3537 usus.
2900 3484 3028 3539 Post
3057 3487 3199 3539 hunc
3224 3498 3405 3542 cessat

1844 3572 2133 3640 appetitus.
2170 3573 2230 3625 in
2260 3572 2661 3629 irrationalibus
2683 3576 2898 3644 quidem
2932 3576 3117 3628 statim
3153 3587 3275 3645 post
3302 3594 3400 3647 ap-

1844 3663 2157 3731 petitionem
2221 3664 2466 3733 sequitur
2525 3666 2755 3733 impetus
2806 3667 2920 3720 sive
2972 3669 3294 3735 aggressio;
3347 3670 3401 3723 in

1846 3754 2202 3809 rationalibus
2257 3769 2384 3809 vero
2427 3771 2533 3809 non
2582 3757 2825 3811 omnino.
2876 3756 3210 3813 lrrationalia
3255 3762 3400 3815 enim

1844 3844 2116 3898 ducuntur
2160 3845 2228 3899 ab
2258 3846 2495 3914 appetitu
2545 3845 2801 3909 naturali,
2854 3849 3205 3915 quamobrem
3238 3865 3403 3918 appe-

1847 3938 1977 3990 titus
2024 3950 2213 3990 eorum
2264 3952 2370 3990 non
2419 3936 2614 3991 dicitur
2660 3936 2909 4005 θέλησις,
2968 3940 3020 3991 td
3064 3949 3146 3993 est
3210 3942 3405 3995 volun-

1848 4036 1959 4091 tas;
2010 4028 2063 4080 in
2086 4026 2396 4081 hominibus
2438 4042 2565 4082 vero
2613 4027 2786 4095 magis
2814 4028 3089 4097 appetitus
3137 4033 3403 4084 naturalis

1844 4112 2060 4167 ducitur
2082 4150 2097 4174 ,
2135 4129 2295 4183 quam
2326 4114 2513 4179 ducit;
2574 4115 2739 4170 libere
2769 4116 2913 4170 enim
2942 4126 2997 4171 et
3029 4131 3153 4173 cum
3192 4120 3404 4173 ratione

1846 4214 2115 4269 movetur,
2141 4206 2269 4273 quia
2303 4208 2361 4260 in
2395 4207 2613 4261 homine
2651 4209 2912 4276 copulate
2956 4217 3085 4262 sunt
3131 4211 3398 4276 potentiae

1845 4295 2227 4363 cognoscitiva:
2253 4306 2307 4351 et
2337 4298 2600 4353 animales
2620 4342 2634 4362 ,
2658 4314 2827 4368 quare
2860 4299 3026 4353 libere
3068 4302 3294 4369 appetit,
3342 4312 3398 4356 ct

1846 4384 2011 4438 libere
2032 4386 2363 4455 aggreditur,
2389 4397 2442 4442 et
2460 4390 2564 4441 alia
2599 4390 2765 4443 libere
2785 4389 2937 4444 facit.

1916 4473 1973 4527 In
1994 4476 2174 4530 divina
2209 4487 2388 4532 autem
2425 4480 2899 4552 ιιιιιυηβούλησιν
2943 4484 3181 4551 quidem,
3214 4484 3265 4537 id
3318 4492 3401 4538 est

167 4562 419 4630 φύσεως,
458 4533 748 4630 βούλησινά
799 4559 897 4628 μὲν
924 4533 1172 4627 λέγομεν,
1222 4533 1537 4628 προαίρεσιν
1560 4556 1615 4608 δὲ
1642 4572 1740 4607 κυ-
1765 4533 1818 4591 Ῑ)

2610 4533 2657 4549 ν,
2950 4533 3181 4551 γαπ,
3214 4533 3264 4537 __
3326 4533 3398 4538 -_-

1765 4533 1818 4591 D
1846 4565 2203 4631 voluntatem,
2229 4568 2462 4623 dicimus
2494 4588 2508 4624 :
2532 4570 2846 4625 electionem
2881 4588 3011 4629 vero
3038 4589 3143 4627 non
3168 4575 3398 4629 dicimus

170 4654 315 4723 ρίως
340 4652 401 4704 οὐ
437 4651 689 4719 λέγομεν,
724 4649 911 4719 ῶσπερ
954 4650 1075 4702 οὐδὲ
1122 4648 1333 4718 σκέψιν,
1387 4648 1505 4701 οὐδὲ
1541 4646 1739 4717 βούλη-

1846 4656 2081 4724 proprie,
2123 4658 2263 4711 sicut
2305 4674 2477 4727 neque
2507 4661 3010 4726 considerationem,
3053 4680 3226 4732 neque
3266 4681 3400 4719 con-

166 4760 260 4794 σιν
283 4752 335 4806 ⁸,
379 4740 495 4794 ἀλλ’
527 4740 635 4793 οὐδ’
674 4741 766 4794 tu!
807 4740 904 4811 τῆς
933 4738 1025 4792 τοῦ
1073 4739 1277 4809 Κυρίου
1316 4739 1514 4809 ψυχῆς,
1546 4738 1741 4809 βουλὴν

1740 4762 1741 4767 ‘
1844 4746 2211 4812 sultationem,
2247 4749 2357 4804 imo
2401 4765 2500 4804 nec
2529 4750 2583 4803 in
2635 4751 2814 4806 anima
2856 4754 3057 4807 Christi
3104 4755 3393 4809 consilium

164 4832 414 4899 λέγομεν
445 4831 480 4901 ἢ
510 4830 846 4902 προαίρεσιν.
881 4829 956 4882 Οὐ
979 4828 1088 4898 γὰρ
1118 4824 1263 4897 εἶχεν
1296 4828 1539 4894 ἄγνοιαν,
1568 4829 1616 4879 εί
1648 4828 1742 4881 καὶ

1844 4837 2099 4901 dicimus,
2127 4854 2225 4893 nec
2253 4840 2605 4907 electionem;
2655 4856 2761 4895 non
2801 4844 2944 4896 enim
2985 4844 3214 4898 habebat
3245 4846 3398 4914 igno-

164 4924 273 4992 τῆς
333 4923 405 4975 τά
454 4922 715 4993 μέλλοντα
766 4921 1065 4991 ἀγνοούσης
1121 4918 1451 4990 ἐχρημάτιζε
1502 4919 1739 4989 φύσεως.

178 5014 488 5067 Ἔνωθεῖσα
520 5013 628 5083 γὰρ
668 5011 746 5082 τῷ
770 5011 888 5083 Θεῷ
914 5012 1071 5083 Λόγῳ
1109 5011 1231 5065 καθ’
1256 5011 1571 5079 ὑπόστασιν,
1602 5012 1743 5065 πάνυ

1844 4927 2103 4991 rantiam,
2140 4930 2351 4984 tametsi
2399 4940 2607 4985 natura:
2658 4932 2951 5001 ignorantis
3000 4948 3119 4988 esse
3176 4936 3398 4989 diceba-

1845 5030 1933 5072 tur
1950 5018 2061 5088 (52)
2090 5036 2104 5073 :
2140 5020 2289 5074 unita
2318 5022 2459 5076 enim
2486 5021 2594 5076 Deo
2621 5021 2795 5076 Verbo
2818 5023 3113 5079 secundum
3145 5026 3399 5094 hyposta-

1445 5210 1683 5266 VARIE
1753 5212 2149 5269 LECTIONES.

264 5314 290 5342 ε
319 5304 849 5384 Ιεκεηιιλζητητική.
916 5306 965 5341 ε’
992 5302 1247 5384 Turrian.
1306 5305 1515 5384 legebat
1574 5305 1751 5384 ὄρεξις
1797 5308 2061 5384 ,ἄγεταιη
2110 5309 2136 5349 ἀ
2170 5309 2417 5384 Turrian.
2456 5312 2695 5384 θέλησιν,
2740 5315 2867 5384 γεθό
2928 5314 3141 5384 legebat

3206 5316 3399 5385 βούλη-

164 5373 481 5452 σινηυμίη
512 5373 835 5452 Colbertino
854 5387 1073 5452 quoque
1106 5374 1321 5443 legitur.
1364 5373 1409 5414 ὀ
1434 5374 1574 5430 Olim
1604 5373 1919 5431 dubitabam
1949 5393 2019 5432 an
2049 5373 2585 5452 legendumipoeh‘jv;
2603 5383 2695 5437 sed
2724 5373 3066 5441 Colbertinvus
3098 5373 3265 5441 codex
3301 5373 3400 5440 ita-

163 5442 261 5497 bet
294 5442 598 5510 βούλευσιν,
628 5449 682 5496 et
709 5442 926 5511 quidem
957 5443 1113 5497 bene.

1650 5533 1883 5589 NOTAE.

247 5631 371 5700 (52)
409 5632 648 5690 Tametsi
683 5642 891 5689 natura
922 5632 1225 5700 ignorantis
1254 5646 1375 5685 esse
1419 5630 1739 5686 dicebatur:

984 5702 1241 5772 γνοούσης
1288 5700 1619 5771 ἐχρημάτιζε
1645 5702 1745 5768 φύ-

159 5707 233 5761 Εί
264 5705 370 5757 καὶ
412 5705 512 5772 τῆς
548 5705 615 5756 τὰ
650 5703 907 5772 μέλλοντα

1850 5648 2009 5757 scuti;
2038 5634 2091 5756 id
2118 5644 2200 5690 est
2233 5650 2247 5689 :
2280 5636 2489 5692 tametsi
2525 5646 2728 5693 natura:
2758 5637 2936 5694 futura
2956 5639 3259 5710 ignorantis
3279 5655 3400 5697 esse

1890 5717 1968 5757 tce
2005 5718 2037 5757 a
2064 5719 2147 5757 ur.

1890 5717 2147 5758 tcenatur.
