4186 6444
194 432 300 494 513
1122 438 1220 494 AD
1252 433 1839 494 AMPHILOCHIUM
1876 434 2216 505 QUIESTIO
2247 436 2472 496 LXXX.
3325 438 3427 501 5M

193 542 392 609 ἔχουσα
441 540 550 594 τῶν
596 542 735 595 κατὰ
778 540 940 610 φύσιν
990 544 1330 597 συστατικῶν
1376 545 1518 613 ὁρμή
1557 561 1615 597 τε
1659 545 1751 596 καὶ

1778 543 1827 601 Λ
1853 552 1953 596 tica
1977 553 2030 597 ct
2056 545 2375 612 personalis.
2402 544 2583 599 Dillert
2608 545 2806 609 adhuc,
2834 546 2977 616 quod
3003 548 3259 617 appetitio
3282 549 3420 602 sim-

193 634 403 697 εφεσις.
435 633 645 700 θέλημά
684 634 799 685 ἐστι
826 634 1075 700 φυσικόν.
1105 636 1168 687 'H
1201 635 1255 687 δέ
1283 634 1389 687 τῶν
1413 634 1534 687 καθ’
1563 635 1756 704 ἡδονὴν

1860 635 2075 704 pliciter
2094 645 2147 689 et
2182 644 2453 705 utcunque
2496 653 2710 701 eorum,
2743 652 2865 707 quae
2912 649 3040 693 sunt
3084 640 3226 693 κατά
3258 642 3421 709 φύσιν

198 722 608 791 συνεργητικῶν
655 724 784 776 ποιὰ
837 726 932 777 καὶ
978 724 1233 794 διάφορος
1282 727 1493 795 κίνησίς
1538 743 1595 778 τε
1661 729 1754 779 καὶ

1861 724 2177 787 συστατικὰ,
2206 725 2257 777 id
2301 735 2403 787 est,
2442 741 2561 793 quae
2607 726 2674 779 ad
2723 727 3161 782 constitutionem
3216 726 3423 784 natur-ae

193 810 395 881 ὄρεξις,
419 812 629 881 θέλημα
651 814 947 882 γνωμικὸν,
969 816 1089 884 ἥτις
1119 818 1212 868 καὶ
1236 818 1293 867 ἐν
1319 817 1563 868 ἐπιτάσει
1586 816 1752 868 καλοῦ

1860 816 2150 885 pertinent,
2182 825 2234 869 et
2278 816 2395 870 sine
2424 818 2620 885 quibus
2659 826 2849 873 natura
2901 836 3008 874 non
3050 821 3323 883 consistit,
3372 833 3425 875 ct

198 918 261 953 τε
295 903 389 954 καὶ
419 900 515 953 τοῦ
553 901 628 972 μὴ
651 903 893 957 τοιούτου
922 904 1267 972 γινώσκεται,
1302 907 1394 958 καὶ
1421 906 1520 958 οὐκ
1550 906 1664 958 ἔστι
1693 907 1754 959 τὸ

1856 908 2205 971 desiderium,
2246 910 2497 961 voluntas
2553 912 2815 965 naturalis
2872 920 2974 965 est.
3018 912 3082 965 Ἦ
3132 914 3241 966 τῶν
3292 916 3426 966 καθ’

194 993 464 1060 πρότερον
489 994 886 1063 σημαινόμενον
908 995 1002 1047 τοῦ
1032 995 1285 1065 δευτέρου
1305 997 1579 1058 παντελῶς
1603 997 1757 1048 ἀλλό-
1860 998 2049 1067 ἡδονὴν
2080 998 2206 1050 ποιὰ
2236 1000 2329 1051 καὶ
2355 1000 2603 1068 διάφορος
2640 1002 2873 1069 κίνησις,
2915 1002 2965 1055 id
3002 1012 3107 1065 est,
3153 1012 3329 1057 motus
3372 1014 3427 1056 et

194 1098 370 1149 τριον,
415 1082 530 1134 ἀλλ’
564 1083 712 1137 ἐστιν
756 1084 939 1147 αὐτοῖς
986 1086 1020 1154 ὴ
1069 1088 1321 1137 κοινωνία
1364 1088 1420 1137 ἐν
1466 1088 1756 1154 ποσότητος

1861 1090 2128 1156 appetitus
2160 1092 2455 1144 secundum
2509 1092 2836 1161 voluptatem
2887 1108 3010 1147 cum
3064 1096 3326 1164 qualitate
3372 1106 3427 1149 et

192 1172 428 1243 ἰδιότητι
465 1175 511 1227 ⁸.
546 1175 657 1228 Καὶ
685 1175 745 1228 δν
774 1176 973 1245 τρόπον
1020 1176 1114 1228 καὶ
1142 1176 1204 1228 τὸ
1233 1178 1625 1247 σημαινόμενον
1663 1180 1761 1247 τῆς

192 1262 286 1313 ἐπ’
319 1264 606 1335 ἀνθρώπου
631 1265 1054 1336 λαμϐανομένης
1088 1265 1323 1333 φύσεως.

1864 1178 2180 1233 diversitate
2213 1190 2291 1234 est
2318 1181 2526 1249 θέλημα
2555 1183 2847 1250 γνωμικὸν,
2888 1199 3007 1251 quae
3030 1187 3275 1238 voluntas
3295 1200 3429 1255 gno-

1864 1269 2001 1322 mica
2034 1270 2085 1323 in
2124 1272 2294 1340 magis
2331 1273 2552 1339 pulchra
2600 1287 2679 1335 re,
2718 1283 2771 1326 et
2824 1275 2995 1344 magis
3039 1290 3145 1329 non
3198 1277 3426 1344 pulchra

144 1372 149 1377 ·
194 1356 557 1426 dignoscitur,
600 1370 655 1414 et
684 1375 793 1414 non
840 1368 926 1414 est
974 1362 1126 1428 prius
1163 1360 1525 1429 signiﬁcatum
1556 1362 1626 1415 ab
1662 1361 1766 1415 hoc
1801 1364 2038 1417 secundo
2082 1366 2294 1433 penitus
2342 1367 2598 1429 alienum,
2646 1383 2775 1436 quin
2844 1370 3032 1438 potius
3084 1372 3426 1425 communio-

193 1462 321 1500 nem
362 1449 562 1505 habent
613 1452 666 1505 in
712 1452 1044 1520 proprietate
1098 1453 1438 1521 quantitatis,
1492 1462 1547 1507 et
1590 1454 1889 1523 qualitatis,
1954 1456 2096 1510 sicut
2159 1459 2520 1527 signiﬁcatum
2567 1461 2783 1513 nomine
2854 1470 3059 1516 natura:
3098 1468 3149 1517 in
3204 1465 3425 1519 homine

190 1552 533 1698 “ﬁt?”
562 1629 737 1683 διττὸν
772 1632 1007 1686 ἐνταῦθα
1037 1634 1099 1685 τὸ
1128 1637 1228 1704 τῆς
1274 1635 1488 1704 φύσεως
1510 1677 1523 1700 ,
1551 1637 1610 1689 τὸ
1662 1637 1760 1707 μὲν

1938 1636 2141 1707 Duplex
2196 1640 2339 1692 enim
2386 1650 2469 1694 est
2516 1642 2877 1712 significatum
2926 1646 3144 1700 nomine
3194 1660 3422 1712 natum,

194 1718 383 1781 ἁπλῶς
423 1720 519 1772 καὶ
546 1720 779 1773 καθόλου
823 1727 1084 1791 σημαῖνον
1115 1724 1341 1777 ’ἑκαστον
1372 1725 1480 1777 τῶν
1522 1726 1625 1779 ὑπὸ
1667 1727 1756 1778 τὸν

1863 1728 2091 1783 alterum
2130 1732 2345 1800 quidem
2394 1732 2713 1802 simpliciter
2755 1745 2809 1789 et
2858 1738 3106 1792 universe
3147 1740 3423 1808 signilica-

188 1808 482 1881 ἄνθρωπον
512 1811 810 1865 τελούντων
834 1815 1071 1882 ἀτόμων,
1118 1816 1179 1867 τὸ
1208 1815 1264 1867 δέ
1293 1817 1390 1887 οὐχ
1426 1817 1612 1880 ἁπλῶς
1636 1817 1756 1869 οὐδὲ

1864 1828 1996 1882 tum,
2046 1822 2475 1892 unumquodque
2514 1826 2850 1880 individuum
2897 1842 2962 1882 ex
3012 1830 3101 1893 iis,
3138 1845 3259 1897 quae
3298 1842 3423 1887 sunt

190 1903 284 1954 τὸν
318 1904 438 1954 ὅλον
479 1903 579 1971 τῆς
625 1905 864 1973 ἐμφύτου
898 1905 1178 1975 δυνάμεως
1224 1908 1359 1977 πρὸς
1397 1909 1497 1971 τὰς
1530 1909 1756 1979 πράξεις

1784 1935 1830 1993 Β
1862 1910 1963 1962 sub
1990 1910 2230 1977 homine,
2261 1912 2488 1967 alterum
2523 1931 2627 1968 non
2658 1917 2758 1971 hoc
2792 1919 3011 1973 nomine
3058 1920 3297 1976 hominis
3343 1922 3421 1976 si-

187 1980 585 2059 ἐνισχυούσης,
636 1992 756 2044 καθ’
789 1993 847 2044 ὃν
882 1994 975 2045 καὶ
1027 1996 1088 2047 τὸ
1140 1994 1387 2067 σύστημα
1436 1997 1602 2051 τῶνδε
1648 1999 1756 2051 τῶν

190 2080 520 2148 ἀνθρώπων,
543 2083 603 2134 τὸ
635 2084 732 2151 μὲν
761 2089 1096 2155 γεωμετρεῖν
1128 2087 1337 2155 πέφυκε
1368 2089 1584 2157 μᾶλλον,
1621 2090 1679 2143 τὸ
1699 2091 1755 2143 δέ

189 2173 429 2239 μουσικῇ
452 2171 719 2227 τελεῖσθαι
749 2176 1198 2247 ἐπιτηδειότερον,
1228 2178 1259 2249 ἢ
1305 2182 1354 2233 οἱ
1392 2181 1491 2251 μὲν
1517 2183 1755 2252 πραότη-

192 2276 304 2325 τος,
337 2261 386 2313 oi
414 2261 470 2314 δὲ
496 2262 849 2335 σωςροσύνης
882 2266 1082 2336 μᾶλλον
1112 2270 1339 2338 ἐργάται
1378 2271 1751 2342 γνωρίζονται.

261 2520 517 2588 Διαφέρει
562 2521 660 2590 μὲν
701 2521 794 2574 οῦν
837 2524 930 2577 τοῦ
983 2527 1211 2593 φυσικοῦ
1258 2528 1556 2600 θελήματος
1606 2532 1750 2599 λογι-

190 2612 352 2678 σμοῖς
400 2613 666 2678 γενναίοις
707 2616 740 2684 ή
787 2617 1143 2687 προαίρεσις,
1182 2619 1319 2673 καθὸ
1360 2622 1394 2690 ἡ
1433 2623 1531 2691 μὲν
1575 2622 1752 2691 ὄρεξίς

183 2702 309 2753 ἐστι
336 2700 650 2771 βουλευτικὴ
679 2704 787 2757 τῶν
808 2709 874 2773 ἐφ
891 2707 938 2775 ’ἡ
949 2711 1058 2776 μῖν,
1082 2712 1177 2761 καὶ
1192 2709 1273 2762 ἔτι
1293 2712 1423 2765 καθὸ
1446 2713 1507 2764 τὸ
1533 2714 1629 2784 μέν
1653 2733 1753 2785 φυ-

191 2793 351 2843 σικὸν
388 2790 599 2860 θέλημα
628 2794 786 2863 μόνον
818 2797 1047 2868 ἢρτηται
1070 2798 1179 2852 τῶν
1207 2801 1469 2867 φυσικῶν,
1497 2806 1529 2873 η
1563 2804 1617 2855 δὲ
1652 2805 1751 2873 μό-

186 2900 282 2934 νον
317 2883 426 2935 τῶν
458 2884 543 2952 ἐφ’
573 2885 748 2954 ⁴ἡμῶν.
782 2888 879 2939 Ἓν
903 2888 959 2940 δὲ
987 2889 1197 2958 θέλημά
1224 2909 1356 2960 φησι
1381 2893 1474 2945 τοῦ
1515 2894 1749 2964 Χριστοῦ

189 2973 423 3039 φυσικὸν
451 2974 483 3043 ἢ
517 2979 898 3045 προαιρετικὸν
941 2983 1156 3047 φρονεῖν
1189 2981 1221 3051 ἢ
1259 2982 1435 3049 λέγειν
1470 2984 1642 3046 οὐδεὶς
1672 2986 1750 3037 εί-

187 3066 319 3116 πεῖν
362 3064 471 3116 τῶν
512 3066 769 3137 Ηατέρων
811 3070 1131 3141 ἐτόλμησεν,
1175 3073 1391 3144 ἀληθῶς
1436 3075 1635 3139 ειδότες
1667 3078 1749 3129 ὅτι

186 3155 301 3206 τῶν
329 3154 417 3207 ἐπ’
443 3156 609 3224 ἄμφω
639 3160 971 3228 κινουμένων
1001 3164 1148 3215 ἐστὶν
1176 3165 1209 3234 ή
1242 3166 1580 3235 προαίρεσις,
1609 3168 1749 3235 λέγω

1857 2003 2168 2072 gnilicatum
2200 2008 2535 2075 simpliciter,
2575 2024 2749 2078 neque
2792 2018 2987 2074 totum,
3016 2013 3162 2081 quod
3194 2021 3278 2068 est
3311 2015 3421 2067 vir-

1857 2095 1985 2147 tutis
2020 2103 2214 2150 natura
2252 2098 2561 2153 hominibus
2594 2100 2767 2154 insitae
2796 2102 2863 2155 ad
2888 2104 3165 2169 actiones;
3204 2120 3313 2173 quo
3340 2106 3419 2158 si-

1856 2184 2108 2254 gniticato
2153 2186 2382 2243 dicimus
2423 2191 2520 2245 hos
2583 2192 2833 2247 homines
2880 2208 3000 2247 esse
3052 2195 3222 2264 magis
3264 2206 3419 2264 aptos

1856 2284 2046 2329 natura
2090 2277 2155 2330 ad
2203 2280 2509 2346 geometriae
2557 2282 2816 2345 studium,
2870 2284 3005 2337 alios
3058 2286 3122 2338 ad
3177 2288 3414 2341 studium

1856 2368 2097 2431 musicae,
2129 2368 2258 2424 alios
2290 2371 2354 2425 ad
2408 2375 2900 2442 mansuetudinem,
2940 2377 3057 2431 illos
3087 2380 3152 2432 ad
3198 2382 3418 2435 castita-

1854 2466 1981 2510 tem.

1930 2547 2115 2605 Dill‘ert
2152 2552 2314 2621 igitur
2343 2568 2371 2607 a
2414 2555 2689 2611 voluntate
2719 2560 2949 2613 naturali
2997 2562 3418 2630 cogitationibus

1851 2643 2127 2709 generosis
2144 2644 2394 2701 voluntas
2429 2646 2618 2709 libera.
2643 2659 2915 2719 quatenus
2942 2652 3052 2707 haec
3085 2664 3169 2709 est
3202 2657 3414 2725 appeti-

1854 2738 1939 2784 tus
1966 2734 2282 2789 consultans
2306 2735 2371 2789 de
2393 2738 2478 2803 iis,
2516 2747 2633 2808 quae
2666 2744 2870 2797 suntin
2909 2754 3092 2800 nostra
3128 2756 3414 2815 potestate,

1851 2830 1903 2875 et
1920 2834 2186 2892 quatenus
2216 2828 2475 2885 naturalis
2501 2830 2753 2887 voluntas
2775 2834 2968 2901 pendet
2992 2851 3058 2891 ex
3077 2838 3417 2893 naturalibus

1852 2922 2055 2968 tantum
2074 2931 2087 2978 ;
2103 2915 2216 2969 haec
2235 2926 2412 2971 autem
2438 2919 2598 2974 libera
2616 2923 2763 2977 exiis
2790 2934 3016 2989 tantum,
3035 2942 3154 2995 qua:
3175 2938 3301 2982 sunt
3326 2944 3419 2997 pe-

1851 3016 1947 3055 nes
1964 3017 2079 3057 nos.
2104 3002 2277 3058 Unam
2300 3014 2478 3060 autem
2500 3018 2749 3064 naturam
2776 3012 2828 3066 in
2846 3013 3062 3069 Christo
3090 3019 3416 3084 naturalem,

1850 3100 1940 3145 tua
1958 3099 2363 3167 προαιρετικὴν,
2392 3101 2440 3154 id
2465 3109 2568 3163 est,
2586 3103 2865 3158 electivam
2885 3107 3085 3163 sentire
3105 3120 3199 3164 aut
3214 3111 3414 3177 dicere,

1850 3185 2054 3251 nullus,
2087 3189 2259 3258 inquit
2283 3191 2416 3261 (55),
2461 3209 2526 3247 ex
2576 3198 2779 3253 sanctis
2821 3198 3073 3256 Patribus
3116 3218 3284 3258 ausus
3312 3215 3415 3259 est.

185 3246 250 3297 δέ
292 3245 384 3297 ἐπί
418 3262 477 3297 τε
520 3249 589 3301 τὰ
628 3249 769 3302 καλὰ
804 3253 899 3305 καὶ
941 3255 1033 3307 ἐπὶ
1076 3256 1144 3307 τὰ
1184 3256 1383 3323 φαῦλα,
1425 3259 1563 3330 ὅπερ
1605 3261 1753 3313 ἐστὶν

192 3338 285 3362 ,ι-ι
347 3337 581 3362 v-._...-:
633 3340 720 3362 --με
970 3344 1053 3362 η.
1116 3343 1175 3362 ς,
1364 3346 1389 3358 -
1483 3350 1494 3362 .
1539 3349 1596 3362 λ-
1677 3352 1688 3362 .

1779 3259 1821 3316 C
1860 3274 2108 3331 Sciebant
2128 3282 2271 3334 enim
2296 3282 2610 3341 electionem
2634 3304 2754 3344 esse
2774 3304 2985 3355 eorum,
3013 3295 3104 3362 qui
3129 3295 3181 3348 in
3214 3306 3421 3349 utram-

190 3338 290 3387 ἐπὶ
347 3337 583 3406 Χριστοῦ
633 3340 726 3392 καὶ
782 3345 922 3396 νοεῖν
966 3344 1063 3397 καὶ
1116 3343 1297 3412 λέγειν
1330 3346 1428 3416 τῆς
1470 3349 1634 3418 ὀρθῆς
1674 3352 1757 3401 ἐν-

188 3426 478 3497 δεέστερον
508 3428 764 3498 κρίσεως.

272 3603 397 3655 Ἐτι
420 3604 477 3657 δὲ
503 3604 553 3656 εἰ
579 3605 724 3660 ἐστιν
750 3609 1104 3665 ὑποστατικὸν
1144 3612 1353 3683 θέλημα
1378 3614 1468 3668 ἐπὶ
1495 3617 1751 3687 Χριστοῦ,

186 3691 387 3745 διοίσει
415 3694 630 3756 πάντως
658 3698 767 3750 τῶν
797 3700 881 3769 ἐφ’
908 3701 1137 3755 ἑκάστου
1161 3704 1269 3757 τῶν
1296 3706 1597 3776 ἀνθρώπων
1617 3708 1754 3763 θεωο

195 3781 482 3849 ρουμένων
519 3786 810 3854 γνωμικιῖη
832 3789 1151 3859 θελημάτων
1188 3794 1373 3848 διοίσει
1408 3796 1463 3850 δὲ
1492 3797 1754 3862 ὡσαύτως

192 3872 293 3923 καὶ
314 3873 406 3925 τοῦ
438 3876 493 3927 ἐν
509 3875 684 3946 Πατρὶ
701 3879 791 3931 καὶ
816 3880 1092 3951 Πνεύματι
1114 3884 1485 3956 θεωρουμένου
1514 3890 1639 3961 θελή
1650 3908 1755 3959 μα-

188 3978 307 4024 τος.
339 3962 404 4014 Τί
432 3960 525 4017 οὖν
552 3967 698 4020 ἐστιν
724 3968 753 4021 ὃ
774 3970 847 4039 μή
866 3987 925 4023 τε
958 3973 1295 4043 ἀνθρώπινόν
1320 3980 1433 4031 ἐστι
1456 3982 1751 4050 γνωμικὸν,

193 4053 337 4121 μήτε
362 4054 495 4117 ὅλως
520 4056 697 4109 θεῖκὸν
720 4058 947 4130 θέλημα.
970 4063 1043 4115 Οὐ
1073 4065 1179 4133 γὰρ
1206 4067 1267 4136 δή
1295 4085 1376 4131 τις
1411 4070 1659 4126 σύνθετόν
1701 4093 1753 4128 τι

191 4145 330 4213 ἐρεῖ,
370 4145 450 4196 ὄτι
490 4146 613 4213 μηδ’
639 4146 787 4201 ἔστιν
827 4151 1109 4221 ἐπινοῆσαι
1140 4155 1441 4225 θελήματος
1477 4164 1750 4232 σύνθεσιν,

189 4232 384 4302 ὧσπερ
414 4234 710 4289 ὑπόστασιν
740 4239 871 4308 όρᾷν
892 4241 1007 4294 ἐστι
1033 4243 1304 4303 σύνθετον.

263 4411 400 4463 usae
428 4428 510 4475 τις
537 4412 682 4482 λέγοι
708 4414 784 4477 ὡς
818 4418 845 4468 ό
893 4418 1045 4486 λόγος
1082 4414 1237 4486 οὗτος
1279 4426 1387 4479 οὐδ’
1412 4428 1586 4482 ἄλλων
1628 4434 1751 4487 τινὰ

188 4502 301 4554 τῶν
349 4503 652 4573 ἀνθρώπων
684 4507 749 4576 ἐᾷ
792 4512 1063 4578 γνωμικὸν
1116 4513 1259 4584 ἐχειν
1304 4518 1531 4589 θέλημα.
1565 4522 1745 4579 Ἀπαν

191 4593 307 4662 γὰρ
336 4597 612 4664 γνωμικόν
638 4614 780 4661 τινος
808 4600 1039 4670 θέλημα,
1070 4604 1244 4659 οὐδενὶ
1271 4608 1380 4661 τῶν
1408 4613 1464 4663 ἐν
1489 4614 1601 4675 τοῖς
1622 4616 1742 4668 καθ’

189 4684 399 4735 ἕκαστα
420 4688 682 4758 γνωμικῷ
698 4688 960 4759 θελήματι
977 4693 1383 4766 θεωρουμένων,
1400 4703 1592 4757 ταύτόν
1613 4707 1746 4773 ἐστι,

189 4774 327 4827 ἀλλὰ
381 4775 598 4839 πάντως
649 4779 832 4849 ἕτερον
858 4795 872 4809 ⁸
904 4782 979 4845 ὦς
1019 4802 1080 4837 τε
1124 4788 1228 4839 κᾶν
1257 4791 1343 4859 εῖη
1391 4794 1746 4865 ἀνθρώπινον,

195 4864 421 4931 μηδενὸς
450 4865 478 4904 ιι
503 4868 609 4917 τῶν
641 4868 743 4921 ὑπὸ
766 4872 854 4923 τὸν
877 4874 1158 4944 ἄνθρωπον
1196 4879 1411 4948 ἀτόμων
1432 4864 1508 4945 ὡς
1543 4886 1749 4957 ἀνθρώ-

192 4972 278 5023 πῳ
304 4954 697 5026 ἁρμοζόμενον.
744 4961 804 5013 ΕΙ
837 4964 943 5032 γὰρ
969 4960 1035 5035 ἦν
1086 4969 1289 5036 κυρίως
1325 4974 1429 5025 τινὶ
1474 4976 1580 5027 τῶν
1625 4954 1747 5032 καθ’

189 5043 398 5094 ἕκαστα
434 5044 495 5095 τὸ
542 5048 815 5114 γνωμικὸν
862 5050 1072 5121 θέλημα
1116 5056 1452 5126 ἀνθρώπινον
1479 5064 1544 5115 ἂν
1571 5068 1745 5139 ὑπῆρ-

187 5150 301 5199 χεν.
325 5134 439 5186 Οὐκ
475 5135 553 5188 ἔτι
586 5138 642 5188 δὲ
669 5139 1026 5208 ἀνθρώπινον,
1060 5146 1190 5199 διότι
1212 5149 1333 5202 οὔτε
1366 5154 1393 5205 ό
1428 5134 1741 5230 Σωκράτης,

184 5222 309 5276 οὔτε
342 5226 371 5277 ό
406 5225 627 5296 Πέτρος,
659 5230 778 5283 οὕτε
805 5250 886 5295 τις
910 5234 1066 5298 ἄλλος
1103 5238 1236 5292 καθὸ
1269 5242 1509 5311 πέφυκεν
1537 5222 1742 5319 ἀνθρωζ

1857 3383 1963 3435 que
2017 3379 2223 3438 partem
2272 3386 2575 3441 moventur,
2637 3380 2700 3433 ad
2760 3381 2921 3444 bona,
2958 3385 3199 3454 inquam,
3248 3397 3301 3441 et
3353 3387 3419 3441 ad

1856 3473 2041 3526 prava.
2068 3461 2211 3528 quod
2244 3466 2460 3535 quidem
2492 3471 2793 3540 intelligere
2824 3486 2875 3530 et
2910 3477 3087 3533 dicere
3118 3479 3169 3532 in
3200 3480 3419 3535 Christo

1855 3562 1883 3600 a
1916 3559 2062 3603 recto
2088 3552 2293 3619 judlcio
2321 3558 2617 3613 declinant.

1922 3638 2186 3696 Praeterea
2218 3645 2262 3698 si
2294 3657 2376 3701 est
2427 3649 2480 3701 in
2513 3650 2730 3707 Christo
2772 3655 3106 3728 hypostatica
3143 3662 3416 3729 voluntas,

1856 3728 2063 3785 differet
2091 3735 2312 3789 omnino
2354 3753 2382 3791 a
2428 3742 2799 3801 voluntatibus
2850 3751 3137 3817 gnomicis,
3194 3768 3315 3820 qua:
3361 3728 3415 3811 in

1855 3836 2183 3893 unoquoque
2223 3830 2442 3884 homine
2482 3846 2814 3900 spectantur.
2860 3839 3075 3897 Differet
3107 3844 3356 3902 similiter
3384 3865 3415 3904 α

1853 3912 2134 3970 voluntate
2177 3914 2354 3973 Patris
2401 3932 2453 3975 et
2484 3922 2717 3993 Spiritus
2749 3932 2939 3984 sancti.
2972 3931 3102 3998 Quae
3131 3936 3295 4004 igitur
3332 3948 3416 3994 est

1852 4001 2123 4069 voluntas,
2172 4022 2293 4075 qua:
2324 4025 2422 4065 nec
2455 4014 2687 4069 humana
2739 4021 3008 4090 γνωμικὴ.
3060 4039 3157 4076 nec
3189 4028 3414 4082 omnino

1851 4092 2029 4148 divina
2058 4096 2356 4153 voluntas?
2388 4100 2505 4157 Non
2546 4107 2686 4162 dicet
2718 4109 2858 4164 ullus
2887 4116 3241 4183 compositam
3268 4133 3411 4185 esse,

1851 4181 1979 4248 quia
2027 4198 2127 4239 nec
2172 4190 2466 4258 excogitari
2517 4205 2691 4262 potest
2726 4181 3047 4269 compositio
3092 4206 3409 4272 voluntatis,

1851 4270 1995 4324 sicut
2053 4288 2341 4344 possumus
2397 4288 2750 4353 compositam
2814 4291 3149 4361 hypostasim
3208 4270 3408 4355 intelli;

1850 4373 1998 4425 gere.

1920 4452 1977 4506 Si
2028 4457 2151 4523 quis
2183 4474 2311 4514 vero
2351 4462 2513 4531 dicat,
2550 4471 2594 4521 si
2643 4472 2712 4525 ita
2759 4483 2863 4537 est,
2900 4486 2958 4530 ut
3003 4478 3257 4545 dicimus,
3308 4498 3407 4539 nec

1776 4541 1996 4627 Dullus
2055 4547 2215 4603 homo
2273 4552 2413 4608 alius
2462 4557 2790 4616 voluntatem
2870 4566 3030 4621 habet
3098 4541 3401 4644 γνωμικὴν,

1846 4635 2025 4688 omnis
2052 4638 2193 4691 enim
2226 4643 2474 4699 voluntas
2509 4649 2737 4718 alicujus
2782 4658 3045 4724 gnomica:
3096 4676 3220 4715 cum
3258 4667 3403 4718 nulla

1844 4737 2030 4778 earum
2080 4732 2452 4796 gnomicarum
2499 4740 2853 4810 voluntatum,
2908 4764 3029 4816 qua:
3070 4752 3122 4805 in
3170 4754 3403 4824 singulis

1845 4813 2138 4873 individuis
2160 4824 2524 4893 reperiuntur,
2547 4832 2733 4887 eadem
2763 4847 2865 4900 est,
2897 4840 2988 4894 sed
3016 4845 3241 4899 omnino
3260 4848 3401 4911 alia;

1843 4919 2013 4971 quare
2060 4923 2160 4965 nec
2203 4913 2307 4967 erit
2338 4916 2596 4985 humana,
2628 4926 2755 4992 quia
2805 4929 2936 4982 nulli
2986 4931 3268 4988 individuo
3304 4952 3403 4989 na-

1849 5003 1985 5051 tura:
2016 4998 2286 5069 humanae,
2327 5015 2580 5079 tanquam
2620 5014 2847 5076 homini.
2880 5026 3149 5087 convenit,
3183 5025 3228 5079 si
3256 5027 3401 5081 enim

1848 5085 2010 5184 alicui
2064 5092 2325 5163 singulari
2374 5105 2591 5170 proprie
2636 5118 2781 5162 esset
2831 5113 3079 5170 voluntas
3126 5118 3399 5184 gnomica,

1848 5170 2084 5229 humana
2132 5182 2318 5249 utique
2366 5199 2537 5253 esset;
2591 5202 2646 5246 at
2696 5211 2802 5250 non
2855 5210 2937 5253 est
2981 5201 3237 5266 humana,
3270 5208 3397 5273 quia

1847 5279 2024 5333 neque
2060 5267 2331 5341 Socrates,
2356 5292 2527 5348 neque
2552 5280 2765 5351 Petrus,
2800 5303 2897 5342 nec
2926 5291 3064 5348 alius
3086 5296 3227 5362 quis,
3259 5310 3397 5364 qua-

1468 5399 1699 5460 νΑιιιΑξ
1740 5410 2139 5476 LECTIONES.

254 5503 282 5541 σ
323 5511 390 5548 an
427 5498 548 5549 καθ’
576 5500 635 5551 ὃν
680 5504 924 5572 τρόπονῖ
988 5509 1014 5548 ιι
1045 5510 1080 5563 l.
1115 5512 1302 5581 μηδενὶ
1343 5516 1471 5573 τῶν.

1668 5652 1897 5712 NOTAE.

249 5747 366 5817 (55)
393 5746 463 5801 De
502 5746 565 5801 S.
599 5747 829 5805 Maximo
861 5753 1122 5822 loquitur.

498 5838 763 5903 Pamon.
808 5845 920 5906 Gn.
966 5850 1056 5910 CI.

2896 5890 2962 5947 17
