  <div class='ocr_page' id='page_1' title='image "/cluster/home/n/w/nwhite01/storage/ocr_20150623/101/nnc1.0046980164/284.png"; bbox 0 0 4186 6444; ppageno 0'>
   <div class='ocr_carea' id='block_1_1' title="bbox 240 465 341 529">
    <p class='ocr_par' dir='ltr' id='par_1_1' title="bbox 240 465 341 529">
     <span class='ocr_line' id='line_1_1' title="bbox 240 465 341 529; baseline 0.02 -2"><span class='ocrx_word' id='word_1_1' title='bbox 240 465 341 529; x_wconf 80' lang='grc'><strong>521</strong></span> 
     </span>
    </p>
   </div>
   <div class='ocr_carea' id='block_1_2' title="bbox 1191 471 2540 547">
    <p class='ocr_par' dir='ltr' id='par_1_2' title="bbox 1191 471 2540 547">
     <span class='ocr_line' id='line_1_2' title="bbox 1191 471 2540 547; baseline 0.005 -16"><span class='ocrx_word' id='word_1_2' title='bbox 1191 472 1287 531; x_wconf 84' lang='lat' dir='ltr'><strong>AD</strong></span> <span class='ocrx_word' id='word_1_3' title='bbox 1320 471 1906 536; x_wconf 74' lang='lat' dir='ltr'><strong>AMi’llILOCIlIUM</strong></span> <span class='ocrx_word' id='word_1_4' title='bbox 1938 475 2278 547; x_wconf 59' lang='lat' dir='ltr'><strong>QUESTIO</strong></span> <span class='ocrx_word' id='word_1_5' title='bbox 2313 476 2540 537; x_wconf 78' lang='lat' dir='ltr'><strong>LXXX.</strong></span> 
     </span>
    </p>
   </div>
   <div class='ocr_carea' id='block_1_3' title="bbox 3372 470 3481 534">
    <p class='ocr_par' dir='ltr' id='par_1_3' title="bbox 3372 470 3481 534">
     <span class='ocr_line' id='line_1_3' title="bbox 3372 470 3481 534; baseline 0.009 -1"><span class='ocrx_word' id='word_1_6' title='bbox 3372 470 3481 534; x_wconf 70' lang='lat'><strong>522</strong></span> 
     </span>
    </p>
   </div>
   <div class='ocr_carea' id='block_1_4' title="bbox 240 572 1893 650">
    <p class='ocr_par' dir='ltr' id='par_1_4' title="bbox 240 572 1883 645">
     <span class='ocr_line' id='line_1_4' title="bbox 240 572 1883 645; baseline 0.005 -21"><span class='ocrx_word' id='word_1_7' title='bbox 240 574 409 640; x_wconf 73' lang='grc' dir='ltr'>ψεως.</span> <span class='ocrx_word' id='word_1_8' title='bbox 461 572 535 625; x_wconf 73' lang='grc' dir='ltr'><strong>τὸ</strong></span> <span class='ocrx_word' id='word_1_9' title='bbox 572 574 682 644; x_wconf 80' lang='grc' dir='ltr'><strong>γὰρ</strong></span> <span class='ocrx_word' id='word_1_10' title='bbox 724 575 953 643; x_wconf 77' lang='grc' dir='ltr'>φυσικὸν</span> <span class='ocrx_word' id='word_1_11' title='bbox 982 577 1250 645; x_wconf 84' lang='grc' dir='ltr'>δμοταγές</span> <span class='ocrx_word' id='word_1_12' title='bbox 1281 580 1417 643; x_wconf 70' lang='grc' dir='ltr'>ἐστι,</span> <span class='ocrx_word' id='word_1_13' title='bbox 1450 579 1544 631; x_wconf 79' lang='grc' dir='ltr'>καὶ</span> <span class='ocrx_word' id='word_1_14' title='bbox 1573 578 1808 631; x_wconf 83' lang='grc' dir='ltr'>ἀνταπο-</span> <span class='ocrx_word' id='word_1_15' title='bbox 1834 583 1883 639; x_wconf 75' lang='grc' dir='ltr'><strong>Α</strong></span> 
     </span>
    </p>
   </div>
   <div class='ocr_carea' id='block_1_5' title="bbox 1819 572 3472 650">
    <p class='ocr_par' dir='ltr' id='par_1_5' title="bbox 1834 580 3472 650">
     <span class='ocr_line' id='line_1_5' title="bbox 1834 580 3472 650; baseline -0.002 -11"><span class='ocrx_word' id='word_1_16' title='bbox 1834 583 1883 639; x_wconf 76' lang='grc' dir='ltr'><strong>Α</strong></span> <span class='ocrx_word' id='word_1_17' title='bbox 1909 582 2166 637; x_wconf 82' lang='lat' dir='ltr'><strong>Naturale</strong></span> <span class='ocrx_word' id='word_1_18' title='bbox 2185 582 2332 637; x_wconf 85' lang='lat' dir='ltr'><strong>enim</strong></span> <span class='ocrx_word' id='word_1_19' title='bbox 2352 592 2407 639; x_wconf 88' lang='lat' dir='ltr'><strong>et</strong></span> <span class='ocrx_word' id='word_1_20' title='bbox 2434 580 2683 638; x_wconf 88' lang='lat' dir='ltr'><strong>naturale</strong></span> <span class='ocrx_word' id='word_1_21' title='bbox 2725 581 2968 650; x_wconf 83' lang='lat' dir='ltr'><strong>ejusdem</strong></span> <span class='ocrx_word' id='word_1_22' title='bbox 2997 580 3208 635; x_wconf 76' lang='lat' dir='ltr'><strong>ordinis</strong></span> <span class='ocrx_word' id='word_1_23' title='bbox 3236 591 3387 643; x_wconf 89' lang='lat' dir='ltr'><strong>sunt,</strong></span> <span class='ocrx_word' id='word_1_24' title='bbox 3418 589 3472 636; x_wconf 87' lang='lat' dir='ltr'><strong>et</strong></span> 
     </span>
    </p>
   </div>
   <div class='ocr_carea' id='block_1_6' title="bbox 241 661 1864 738">
    <p class='ocr_par' dir='ltr' id='par_1_6' title="bbox 241 661 1864 738">
     <span class='ocr_line' id='line_1_6' title="bbox 241 661 1864 738; baseline 0.006 -27"><span class='ocrx_word' id='word_1_25' title='bbox 241 661 519 731; x_wconf 73' lang='grc' dir='ltr'><strong>διδόμενον</strong></span> <span class='ocrx_word' id='word_1_26' title='bbox 539 663 616 731; x_wconf 83' lang='grc' dir='ltr'>τῷ</span> <span class='ocrx_word' id='word_1_27' title='bbox 641 663 874 731; x_wconf 81' lang='grc' dir='ltr'>φυσικῷ,</span> <span class='ocrx_word' id='word_1_28' title='bbox 898 664 1085 735; x_wconf 84' lang='grc' dir='ltr'>ὥσπερ</span> <span class='ocrx_word' id='word_1_29' title='bbox 1109 666 1170 718; x_wconf 60' lang='lat' dir='ltr'><strong>es</strong></span> <span class='ocrx_word' id='word_1_30' title='bbox 1196 669 1473 737; x_wconf 76' lang='grc' dir='ltr'><strong>γνωμικὸν</strong></span> <span class='ocrx_word' id='word_1_31' title='bbox 1499 669 1814 738; x_wconf 82' lang='grc' dir='ltr'>όμὸστοιχον</span> <span class='ocrx_word' id='word_1_32' title='bbox 1848 683 1864 698; x_wconf 84' lang='grc'><em>’</em></span> 
     </span>
    </p>
   </div>
   <div class='ocr_carea' id='block_1_7' title="bbox 246 751 1219 826">
    <p class='ocr_par' dir='ltr' id='par_1_7' title="bbox 246 751 1219 826">
     <span class='ocr_line' id='line_1_7' title="bbox 246 751 1219 826; baseline 0.009 -26"><span class='ocrx_word' id='word_1_33' title='bbox 246 751 337 801; x_wconf 78' lang='grc' dir='ltr'><strong>καὶ</strong></span> <span class='ocrx_word' id='word_1_34' title='bbox 368 751 645 804; x_wconf 81' lang='grc' dir='ltr'>συνδιακεί</span> <span class='ocrx_word' id='word_1_35' title='bbox 651 770 811 822; x_wconf 86' lang='grc' dir='ltr'>μενον</span> <span class='ocrx_word' id='word_1_36' title='bbox 836 753 913 822; x_wconf 77' lang='grc' dir='ltr'>τῷ</span> <span class='ocrx_word' id='word_1_37' title='bbox 936 755 1219 826; x_wconf 87' lang='grc' dir='ltr'>γνωμικῷ.</span> 
     </span>
    </p>
   </div>
   <div class='ocr_carea' id='block_1_8' title="bbox 322 843 1817 917">
    <p class='ocr_par' dir='ltr' id='par_1_8' title="bbox 322 843 1817 917">
     <span class='ocr_line' id='line_1_8' title="bbox 322 843 1817 917; baseline 0.006 -24"><span class='ocrx_word' id='word_1_38' title='bbox 322 843 433 894; x_wconf 74' lang='grc' dir='ltr'><strong>Καὶ</strong></span> <span class='ocrx_word' id='word_1_39' title='bbox 458 844 636 906; x_wconf 77' lang='grc' dir='ltr'>ἄλλως</span> <span class='ocrx_word' id='word_1_40' title='bbox 665 845 720 897; x_wconf 75' lang='grc' dir='ltr'>δὲ</span> <span class='ocrx_word' id='word_1_41' title='bbox 752 846 1078 917; x_wconf 80' lang='grc' dir='ltr'>οἰκειότερον</span> <span class='ocrx_word' id='word_1_42' title='bbox 1124 846 1189 899; x_wconf 81' lang='grc' dir='ltr'>ἂν</span> <span class='ocrx_word' id='word_1_43' title='bbox 1234 845 1269 913; x_wconf 82' lang='grc' dir='ltr'>ἢ</span> <span class='ocrx_word' id='word_1_44' title='bbox 1311 846 1511 900; x_wconf 72' lang='grc' dir='ltr'>ἐκείνοι</span> <span class='ocrx_word' id='word_1_45' title='bbox 1558 849 1738 915; x_wconf 75' lang='grc' dir='ltr'>φαῖεν.</span> <span class='ocrx_word' id='word_1_46' title='bbox 1768 850 1817 902; x_wconf 84' lang='grc' dir='ltr'><strong>εί</strong></span> 
     </span>
    </p>
   </div>
   <div class='ocr_carea' id='block_1_9' title="bbox 246 932 1817 1007">
    <p class='ocr_par' dir='ltr' id='par_1_9' title="bbox 246 932 1817 1007">
     <span class='ocr_line' id='line_1_9' title="bbox 246 932 1817 1007; baseline 0.004 -24"><span class='ocrx_word' id='word_1_47' title='bbox 246 932 557 999; x_wconf 85' lang='grc' dir='ltr'>ἀρνητικῶς</span> <span class='ocrx_word' id='word_1_48' title='bbox 580 933 873 1005; x_wconf 73' lang='grc' dir='ltr'>ἑκληφθείη</span> <span class='ocrx_word' id='word_1_49' title='bbox 894 934 1003 988; x_wconf 82' lang='grc' dir='ltr'><strong>τῶν</strong></span> <span class='ocrx_word' id='word_1_50' title='bbox 1029 935 1307 1005; x_wconf 80' lang='grc' dir='ltr'><strong>ὀνομάτων</strong></span> <span class='ocrx_word' id='word_1_51' title='bbox 1337 937 1371 1005; x_wconf 78' lang='grc' dir='ltr'><strong>ἡ</strong></span> <span class='ocrx_word' id='word_1_52' title='bbox 1394 937 1652 1007; x_wconf 84' lang='grc' dir='ltr'>δύναμις;</span> <span class='ocrx_word' id='word_1_53' title='bbox 1682 932 1817 1001; x_wconf 80' lang='grc' dir='ltr'>οἷον,</span> 
     </span>
    </p>
   </div>
   <div class='ocr_carea' id='block_1_10' title="bbox 254 1016 1820 1098">
    <p class='ocr_par' dir='ltr' id='par_1_10' title="bbox 254 1016 1820 1098">
     <span class='ocr_line' id='line_1_10' title="bbox 254 1016 1820 1098; baseline 0.006 -25"><span class='ocrx_word' id='word_1_54' title='bbox 254 1040 273 1073; x_wconf 77' lang='grc' dir='ltr'><strong>ι</strong></span> <span class='ocrx_word' id='word_1_55' title='bbox 313 1021 429 1074; x_wconf 84' lang='grc' dir='ltr'><strong>Οὐκ</strong></span> <span class='ocrx_word' id='word_1_56' title='bbox 456 1016 619 1090; x_wconf 81' lang='grc' dir='ltr'>ἦλθον</span> <span class='ocrx_word' id='word_1_57' title='bbox 664 1024 752 1077; x_wconf 77' lang='grc' dir='ltr'>ινα</span> <span class='ocrx_word' id='word_1_58' title='bbox 800 1024 941 1077; x_wconf 86' lang='grc' dir='ltr'>ποιῶ</span> <span class='ocrx_word' id='word_1_59' title='bbox 988 1025 1049 1079; x_wconf 72' lang='grc' dir='ltr'><strong>τὸ</strong></span> <span class='ocrx_word' id='word_1_60' title='bbox 1085 1024 1295 1096; x_wconf 76' lang='grc' dir='ltr'>θέλημα</span> <span class='ocrx_word' id='word_1_61' title='bbox 1312 1026 1374 1079; x_wconf 71' lang='grc' dir='ltr'><strong>τὸ</strong></span> <span class='ocrx_word' id='word_1_62' title='bbox 1393 1027 1545 1097; x_wconf 70' lang='grc' dir='ltr'>ἐμὸν,</span> <span class='ocrx_word' id='word_1_63' title='bbox 1572 1045 1591 1079; x_wconf 75' lang='grc' dir='ltr'><strong>ι</strong></span> <span class='ocrx_word' id='word_1_64' title='bbox 1624 1028 1686 1082; x_wconf 84' lang='grc' dir='ltr'><strong>οὐ</strong></span> <span class='ocrx_word' id='word_1_65' title='bbox 1713 1030 1820 1098; x_wconf 74' lang='grc' dir='ltr'><strong>γάρ</strong></span> 
     </span>
    </p>
   </div>
   <div class='ocr_carea' id='block_1_11' title="bbox 250 1114 1824 1188">
    <p class='ocr_par' dir='ltr' id='par_1_11' title="bbox 250 1114 1824 1188">
     <span class='ocr_line' id='line_1_11' title="bbox 250 1114 1824 1188; baseline 0.003 -22"><span class='ocrx_word' id='word_1_66' title='bbox 250 1116 402 1166; x_wconf 71' lang='grc' dir='ltr'>ἐστιν</span> <span class='ocrx_word' id='word_1_67' title='bbox 426 1114 561 1177; x_wconf 80' lang='grc' dir='ltr'>ὅλως</span> <span class='ocrx_word' id='word_1_68' title='bbox 593 1114 782 1184; x_wconf 75' lang='grc' dir='ltr'>ἓτερον</span> <span class='ocrx_word' id='word_1_69' title='bbox 812 1115 1025 1184; x_wconf 82' lang='grc' dir='ltr'>θέλημα</span> <span class='ocrx_word' id='word_1_70' title='bbox 1057 1116 1207 1186; x_wconf 89' lang='grc' dir='ltr'><strong>παρά</strong></span> <span class='ocrx_word' id='word_1_71' title='bbox 1238 1116 1334 1169; x_wconf 85' lang='grc' dir='ltr'><strong>τοῦ</strong></span> <span class='ocrx_word' id='word_1_72' title='bbox 1360 1126 1391 1167; x_wconf 71' lang='grc' dir='ltr'>ει</span> <span class='ocrx_word' id='word_1_73' title='bbox 1436 1119 1495 1170; x_wconf 69' lang='grc' dir='ltr'>ὲν</span> <span class='ocrx_word' id='word_1_74' title='bbox 1524 1118 1700 1188; x_wconf 82' lang='grc' dir='ltr'>Πατρί</span> <span class='ocrx_word' id='word_1_75' title='bbox 1731 1120 1824 1171; x_wconf 76' lang='grc' dir='ltr'>καὶ</span> 
     </span>
    </p>
   </div>
   <div class='ocr_carea' id='block_1_12' title="bbox 256 1194 1824 1277">
    <p class='ocr_par' dir='ltr' id='par_1_12' title="bbox 256 1194 1824 1277">
     <span class='ocr_line' id='line_1_12' title="bbox 256 1194 1824 1277; baseline 0.003 -21"><span class='ocrx_word' id='word_1_76' title='bbox 256 1205 543 1273; x_wconf 80' lang='grc' dir='ltr'>Πνεῦματι</span> <span class='ocrx_word' id='word_1_77' title='bbox 575 1202 950 1273; x_wconf 75' lang='grc' dir='ltr'><strong>θεωρούμενον</strong></span> <span class='ocrx_word' id='word_1_78' title='bbox 974 1194 1035 1257; x_wconf 76' lang='grc' dir='ltr'><strong>τὸ</strong></span> <span class='ocrx_word' id='word_1_79' title='bbox 1067 1204 1216 1272; x_wconf 70' lang='grc' dir='ltr'>ἐμόν.</span> <span class='ocrx_word' id='word_1_80' title='bbox 1245 1206 1308 1259; x_wconf 85' lang='grc' dir='ltr'>Εἰ</span> <span class='ocrx_word' id='word_1_81' title='bbox 1346 1206 1402 1258; x_wconf 78' lang='grc' dir='ltr'>δὲ</span> <span class='ocrx_word' id='word_1_82' title='bbox 1444 1207 1566 1277; x_wconf 86' lang='grc' dir='ltr'>μηδ’</span> <span class='ocrx_word' id='word_1_83' title='bbox 1596 1208 1824 1276; x_wconf 83' lang='grc' dir='ltr'>ἀρνητι-</span> 
     </span>
    </p>
   </div>
   <div class='ocr_carea' id='block_1_13' title="bbox 254 1290 1823 1367">
    <p class='ocr_par' dir='ltr' id='par_1_13' title="bbox 254 1290 1823 1367">
     <span class='ocr_line' id='line_1_13' title="bbox 254 1290 1823 1367; baseline 0.001 -22"><span class='ocrx_word' id='word_1_84' title='bbox 254 1292 370 1354; x_wconf 85' lang='grc' dir='ltr'>κῶς</span> <span class='ocrx_word' id='word_1_85' title='bbox 402 1309 487 1354; x_wconf 84' lang='grc' dir='ltr'><strong>τις</strong></span> <span class='ocrx_word' id='word_1_86' title='bbox 519 1291 655 1345; x_wconf 82' lang='grc' dir='ltr'><strong>ἀλλά</strong></span> <span class='ocrx_word' id='word_1_87' title='bbox 685 1292 1049 1363; x_wconf 78' lang='grc' dir='ltr'><strong>συγκριτικῶς</strong></span> <span class='ocrx_word' id='word_1_88' title='bbox 1080 1292 1180 1362; x_wconf 83' lang='grc' dir='ltr'>τὴν</span> <span class='ocrx_word' id='word_1_89' title='bbox 1207 1294 1391 1363; x_wconf 75' lang='grc' dir='ltr'>φωνὴν</span> <span class='ocrx_word' id='word_1_90' title='bbox 1424 1290 1565 1347; x_wconf 80' lang='grc' dir='ltr'>εἶναι</span> <span class='ocrx_word' id='word_1_91' title='bbox 1604 1295 1823 1367; x_wconf 78' lang='grc' dir='ltr'><strong>νομίσῃ,</strong></span> 
     </span>
    </p>
   </div>
   <div class='ocr_carea' id='block_1_14' title="bbox 254 1380 1827 1453">
    <p class='ocr_par' dir='ltr' id='par_1_14' title="bbox 254 1380 1827 1453">
     <span class='ocr_line' id='line_1_14' title="bbox 254 1380 1827 1453; baseline 0.001 -19"><span class='ocrx_word' id='word_1_92' title='bbox 254 1383 395 1451; x_wconf 82' lang='grc' dir='ltr'>ὅπερ</span> <span class='ocrx_word' id='word_1_93' title='bbox 428 1380 525 1434; x_wconf 72' lang='grc' dir='ltr'>καὶ</span> <span class='ocrx_word' id='word_1_94' title='bbox 557 1380 758 1449; x_wconf 73' lang='grc' dir='ltr'>μᾶλλον</span> <span class='ocrx_word' id='word_1_95' title='bbox 788 1380 851 1433; x_wconf 77' lang='grc' dir='ltr'>τὸ</span> <span class='ocrx_word' id='word_1_96' title='bbox 886 1383 984 1450; x_wconf 79' lang='grc' dir='ltr'>τῆς</span> <span class='ocrx_word' id='word_1_97' title='bbox 1021 1380 1220 1444; x_wconf 75' lang='grc' dir='ltr'>λέξεως</span> <span class='ocrx_word' id='word_1_98' title='bbox 1264 1381 1558 1435; x_wconf 79' lang='grc' dir='ltr'>ὑποϐάλλει</span> <span class='ocrx_word' id='word_1_99' title='bbox 1606 1383 1827 1453; x_wconf 79' lang='grc' dir='ltr'>πρόχει·</span> 
     </span>
    </p>
   </div>
   <div class='ocr_carea' id='block_1_15' title="bbox 260 1467 1829 1542">
    <p class='ocr_par' dir='ltr' id='par_1_15' title="bbox 260 1467 1829 1542">
     <span class='ocr_line' id='line_1_15' title="bbox 260 1467 1829 1542; baseline 0.002 -19"><span class='ocrx_word' id='word_1_100' title='bbox 260 1489 356 1542; x_wconf 87' lang='grc' dir='ltr'><strong>ρον</strong></span> <span class='ocrx_word' id='word_1_101' title='bbox 381 1489 396 1504; x_wconf 89' lang='grc'><strong>·</strong></span> <span class='ocrx_word' id='word_1_102' title='bbox 424 1470 643 1541; x_wconf 75' lang='grc' dir='ltr'><strong>νοηθείη</strong></span> <span class='ocrx_word' id='word_1_103' title='bbox 698 1471 764 1524; x_wconf 78' lang='grc' dir='ltr'><strong>ἀν</strong></span> <span class='ocrx_word' id='word_1_104' title='bbox 801 1470 1027 1534; x_wconf 82' lang='grc' dir='ltr'>εἰκότως</span> <span class='ocrx_word' id='word_1_105' title='bbox 1055 1471 1133 1533; x_wconf 83' lang='grc' dir='ltr'><strong>ὡς</strong></span> <span class='ocrx_word' id='word_1_106' title='bbox 1174 1471 1275 1523; x_wconf 87' lang='grc' dir='ltr'><strong>οὐκ</strong></span> <span class='ocrx_word' id='word_1_107' title='bbox 1306 1467 1468 1541; x_wconf 78' lang='grc' dir='ltr'>ἦλθον</span> <span class='ocrx_word' id='word_1_108' title='bbox 1504 1474 1727 1541; x_wconf 78' lang='grc' dir='ltr'>ποιῆσαι</span> <span class='ocrx_word' id='word_1_109' title='bbox 1767 1473 1829 1525; x_wconf 80' lang='grc' dir='ltr'>τὸ</span> 
     </span>
    </p>
   </div>
   <div class='ocr_carea' id='block_1_16' title="bbox 260 1560 1831 1631">
    <p class='ocr_par' dir='ltr' id='par_1_16' title="bbox 260 1560 1831 1631">
     <span class='ocr_line' id='line_1_16' title="bbox 260 1560 1831 1631; baseline 0.001 -17"><span class='ocrx_word' id='word_1_110' title='bbox 260 1562 491 1629; x_wconf 67' lang='grc' dir='ltr'>φυσικὸν</span> <span class='ocrx_word' id='word_1_111' title='bbox 537 1561 749 1631; x_wconf 71' lang='grc' dir='ltr'>θέλημα</span> <span class='ocrx_word' id='word_1_112' title='bbox 799 1560 901 1629; x_wconf 83' lang='grc' dir='ltr'>τῆς</span> <span class='ocrx_word' id='word_1_113' title='bbox 944 1561 1289 1631; x_wconf 79' lang='grc' dir='ltr'><strong>ἀνθρωπίνης</strong></span> <span class='ocrx_word' id='word_1_114' title='bbox 1322 1562 1558 1631; x_wconf 80' lang='grc' dir='ltr'>φύσεως,</span> <span class='ocrx_word' id='word_1_115' title='bbox 1595 1562 1733 1617; x_wconf 81' lang='grc' dir='ltr'><strong>ἀλλά</strong></span> <span class='ocrx_word' id='word_1_116' title='bbox 1767 1564 1831 1617; x_wconf 82' lang='grc' dir='ltr'>τὸ</span> 
     </span>
    </p>
   </div>
   <div class='ocr_carea' id='block_1_17' title="bbox 261 1652 1829 1722">
    <p class='ocr_par' dir='ltr' id='par_1_17' title="bbox 261 1652 1829 1722">
     <span class='ocr_line' id='line_1_17' title="bbox 261 1652 1829 1722; baseline 0.001 -17"><span class='ocrx_word' id='word_1_117' title='bbox 261 1654 464 1705; x_wconf 78' lang='grc' dir='ltr'>θεῖκόν’</span> <span class='ocrx_word' id='word_1_118' title='bbox 491 1654 628 1721; x_wconf 80' lang='grc' dir='ltr'>ὅπερ</span> <span class='ocrx_word' id='word_1_119' title='bbox 688 1654 806 1705; x_wconf 65' lang='grc' dir='ltr'>ἐστὶ</span> <span class='ocrx_word' id='word_1_120' title='bbox 853 1653 949 1707; x_wconf 78' lang='grc' dir='ltr'><strong>καί</strong></span> <span class='ocrx_word' id='word_1_121' title='bbox 975 1653 1036 1706; x_wconf 88' lang='grc' dir='ltr'><strong>οὐ</strong></span> <span class='ocrx_word' id='word_1_122' title='bbox 1064 1653 1359 1722; x_wconf 78' lang='grc' dir='ltr'>γνωμικὸν,</span> <span class='ocrx_word' id='word_1_123' title='bbox 1388 1652 1505 1707; x_wconf 86' lang='grc' dir='ltr'>ἀλλ’</span> <span class='ocrx_word' id='word_1_124' title='bbox 1537 1654 1738 1707; x_wconf 70' lang='grc' dir='ltr'>ινιαῖον</span> <span class='ocrx_word' id='word_1_125' title='bbox 1768 1670 1829 1707; x_wconf 85' lang='grc' dir='ltr'><strong>τε</strong></span> 
     </span>
    </p>
   </div>
   <div class='ocr_carea' id='block_1_18' title="bbox 263 1743 1830 1814">
    <p class='ocr_par' dir='ltr' id='par_1_18' title="bbox 263 1743 1830 1814">
     <span class='ocr_line' id='line_1_18' title="bbox 263 1743 1830 1814; baseline 0.001 -17"><span class='ocrx_word' id='word_1_126' title='bbox 263 1746 357 1797; x_wconf 77' lang='grc' dir='ltr'>καὶ</span> <span class='ocrx_word' id='word_1_127' title='bbox 384 1743 818 1814; x_wconf 69' lang='grc' dir='ltr'><strong>ἀπαραλλάκτως</strong></span> <span class='ocrx_word' id='word_1_128' title='bbox 874 1745 934 1797; x_wconf 69' lang='grc' dir='ltr'>ἐν</span> <span class='ocrx_word' id='word_1_129' title='bbox 979 1745 1097 1805; x_wconf 84' lang='grc' dir='ltr'>ταῖς</span> <span class='ocrx_word' id='word_1_130' title='bbox 1145 1744 1296 1813; x_wconf 82' lang='grc' dir='ltr'>τρισὶ</span> <span class='ocrx_word' id='word_1_131' title='bbox 1334 1743 1651 1814; x_wconf 85' lang='grc' dir='ltr'>θεαρχικαίς</span> <span class='ocrx_word' id='word_1_132' title='bbox 1696 1745 1830 1798; x_wconf 80' lang='grc' dir='ltr'>ὐποο</span> 
     </span>
    </p>
   </div>
   <div class='ocr_carea' id='block_1_19' title="bbox 264 1833 1833 1906">
    <p class='ocr_par' dir='ltr' id='par_1_19' title="bbox 264 1833 1833 1906">
     <span class='ocr_line' id='line_1_19' title="bbox 264 1833 1833 1906; baseline 0.002 -19"><span class='ocrx_word' id='word_1_133' title='bbox 264 1836 489 1888; x_wconf 79' lang='grc' dir='ltr'>στάσεσι</span> <span class='ocrx_word' id='word_1_134' title='bbox 548 1833 943 1905; x_wconf 75' lang='grc' dir='ltr'>θεωρούμενον,</span> <span class='ocrx_word' id='word_1_135' title='bbox 993 1836 1041 1886; x_wconf 90' lang='grc' dir='ltr'><strong>εἰ</strong></span> <span class='ocrx_word' id='word_1_136' title='bbox 1085 1833 1178 1886; x_wconf 83' lang='grc' dir='ltr'>καὶ</span> <span class='ocrx_word' id='word_1_137' title='bbox 1221 1834 1315 1887; x_wconf 65' lang='grc' dir='ltr'><strong>ἐπὶ</strong></span> <span class='ocrx_word' id='word_1_138' title='bbox 1359 1835 1458 1905; x_wconf 78' lang='grc' dir='ltr'>τῆς</span> <span class='ocrx_word' id='word_1_139' title='bbox 1485 1836 1833 1906; x_wconf 70' lang='grc' dir='ltr'><strong>ἀνθρωπίνης</strong></span> 
     </span>
    </p>
   </div>
   <div class='ocr_carea' id='block_1_20' title="bbox 261 1899 1907 1998">
    <p class='ocr_par' dir='ltr' id='par_1_20' title="bbox 261 1899 1907 1998">
     <span class='ocr_line' id='line_1_20' title="bbox 261 1899 1907 1998; baseline -0.004 -18"><span class='ocrx_word' id='word_1_140' title='bbox 261 1925 484 1995; x_wconf 78' lang='grc' dir='ltr'>φύσεως</span> <span class='ocrx_word' id='word_1_141' title='bbox 542 1925 636 1977; x_wconf 82' lang='grc' dir='ltr'>καὶ</span> <span class='ocrx_word' id='word_1_142' title='bbox 657 1899 784 1977; x_wconf 67' lang='grc' dir='ltr'><strong>⁷τῶν</strong></span> <span class='ocrx_word' id='word_1_143' title='bbox 814 1924 991 1979; x_wconf 84' lang='grc' dir='ltr'>ἀλλων</span> <span class='ocrx_word' id='word_1_144' title='bbox 1022 1924 1280 1978; x_wconf 71' lang='grc' dir='ltr'>ἁπάντων</span> <span class='ocrx_word' id='word_1_145' title='bbox 1322 1899 1427 1978; x_wconf 74' lang='grc' dir='ltr'>ὅσα</span> <span class='ocrx_word' id='word_1_146' title='bbox 1462 1899 1828 1998; x_wconf 53' lang='grc' dir='ltr'>δημίουργικῇ</span> <span class='ocrx_word' id='word_1_147' title='bbox 1858 1899 1907 1961; x_wconf 74' lang='grc' dir='ltr'><strong>Β</strong></span> 
     </span>
    </p>
   </div>
   <div class='ocr_carea' id='block_1_21' title="bbox 266 2014 1829 2088">
    <p class='ocr_par' dir='ltr' id='par_1_21' title="bbox 266 2014 1829 2088">
     <span class='ocr_line' id='line_1_21' title="bbox 266 2014 1829 2088; baseline 0.001 -19"><span class='ocrx_word' id='word_1_148' title='bbox 266 2017 431 2088; x_wconf 70' lang='grc' dir='ltr'>σοφίᾳ</span> <span class='ocrx_word' id='word_1_149' title='bbox 495 2016 833 2085; x_wconf 80' lang='grc' dir='ltr'>ὐπέστησεν,</span> <span class='ocrx_word' id='word_1_150' title='bbox 894 2016 994 2069; x_wconf 80' lang='grc' dir='ltr'><strong>οὐκ</strong></span> <span class='ocrx_word' id='word_1_151' title='bbox 1062 2014 1129 2069; x_wconf 81' lang='grc' dir='ltr'>ἂν</span> <span class='ocrx_word' id='word_1_152' title='bbox 1184 2017 1435 2087; x_wconf 79' lang='grc' dir='ltr'><strong>οὐδαμῶς</strong></span> <span class='ocrx_word' id='word_1_153' title='bbox 1502 2016 1829 2088; x_wconf 86' lang='grc' dir='ltr'>θεωρηθείη,</span> 
     </span>
    </p>
   </div>
   <div class='ocr_carea' id='block_1_22' title="bbox 260 2106 1832 2179">
    <p class='ocr_par' dir='ltr' id='par_1_22' title="bbox 260 2106 1832 2179">
     <span class='ocr_line' id='line_1_22' title="bbox 260 2106 1832 2179; baseline -0.001 -16"><span class='ocrx_word' id='word_1_154' title='bbox 260 2109 377 2163; x_wconf 77' lang='grc' dir='ltr'>οὐδ’</span> <span class='ocrx_word' id='word_1_155' title='bbox 418 2108 585 2177; x_wconf 70' lang='grc' dir='ltr'>ἐγγὺς</span> <span class='ocrx_word' id='word_1_156' title='bbox 620 2107 910 2178; x_wconf 82' lang='grc' dir='ltr'>γενόμενον</span> <span class='ocrx_word' id='word_1_157' title='bbox 956 2107 1055 2177; x_wconf 83' lang='grc' dir='ltr'>τῆς</span> <span class='ocrx_word' id='word_1_158' title='bbox 1083 2106 1233 2171; x_wconf 86' lang='grc' dir='ltr'>θείας</span> <span class='ocrx_word' id='word_1_159' title='bbox 1264 2107 1358 2161; x_wconf 72' lang='grc' dir='ltr'>καὶ</span> <span class='ocrx_word' id='word_1_160' title='bbox 1393 2108 1659 2179; x_wconf 61' lang='lat' dir='ltr'><strong>mpero»</strong></span> <span class='ocrx_word' id='word_1_161' title='bbox 1705 2108 1832 2163; x_wconf 85' lang='grc' dir='ltr'>ἰδιό-</span> 
     </span>
    </p>
   </div>
   <div class='ocr_carea' id='block_1_23' title="bbox 266 2216 453 2267">
    <p class='ocr_par' dir='ltr' id='par_1_23' title="bbox 266 2216 453 2267">
     <span class='ocr_line' id='line_1_23' title="bbox 266 2216 453 2267; baseline -0.005 -14"><span class='ocrx_word' id='word_1_162' title='bbox 266 2216 453 2267; x_wconf 85' lang='grc' dir='ltr'>τητος.</span> 
     </span>
    </p>
   </div>
   <div class='ocr_carea' id='block_1_24' title="bbox 340 2287 1836 2360">
    <p class='ocr_par' dir='ltr' id='par_1_24' title="bbox 340 2287 1836 2360">
     <span class='ocr_line' id='line_1_24' title="bbox 340 2287 1836 2360; baseline 0 -17"><span class='ocrx_word' id='word_1_163' title='bbox 340 2292 403 2344; x_wconf 82' lang='grc' dir='ltr'>Εἰ</span> <span class='ocrx_word' id='word_1_164' title='bbox 432 2290 487 2342; x_wconf 73' lang='grc' dir='ltr'>δέ</span> <span class='ocrx_word' id='word_1_165' title='bbox 512 2306 597 2353; x_wconf 86' lang='grc' dir='ltr'><strong>τις</strong></span> <span class='ocrx_word' id='word_1_166' title='bbox 628 2288 1011 2359; x_wconf 82' lang='grc' dir='ltr'><strong>προστετηκὼς</strong></span> <span class='ocrx_word' id='word_1_167' title='bbox 1041 2288 1126 2359; x_wconf 72' lang='grc' dir='ltr'>εἴη</span> <span class='ocrx_word' id='word_1_168' title='bbox 1155 2287 1234 2359; x_wconf 81' lang='grc' dir='ltr'><strong>τῷ</strong></span> <span class='ocrx_word' id='word_1_169' title='bbox 1254 2287 1347 2342; x_wconf 86' lang='grc' dir='ltr'><strong>τοῦ</strong></span> <span class='ocrx_word' id='word_1_170' title='bbox 1376 2288 1655 2360; x_wconf 90' lang='grc' dir='ltr'>γνωμικοῦ</span> <span class='ocrx_word' id='word_1_171' title='bbox 1681 2288 1836 2359; x_wconf 84' lang='grc' dir='ltr'>θελή-</span> 
     </span>
    </p>
   </div>
   <div class='ocr_carea' id='block_1_25' title="bbox 267 2381 1835 2455">
    <p class='ocr_par' dir='ltr' id='par_1_25' title="bbox 267 2381 1835 2455">
     <span class='ocr_line' id='line_1_25' title="bbox 267 2381 1835 2455; baseline 0.003 -22"><span class='ocrx_word' id='word_1_172' title='bbox 267 2398 441 2453; x_wconf 83' lang='grc' dir='ltr'>ματος</span> <span class='ocrx_word' id='word_1_173' title='bbox 489 2381 715 2452; x_wconf 75' lang='grc' dir='ltr'>ῥήματι,</span> <span class='ocrx_word' id='word_1_174' title='bbox 775 2382 868 2435; x_wconf 73' lang='grc' dir='ltr'>καὶ</span> <span class='ocrx_word' id='word_1_175' title='bbox 926 2382 1061 2453; x_wconf 85' lang='grc' dir='ltr'>πρὸς</span> <span class='ocrx_word' id='word_1_176' title='bbox 1117 2382 1373 2452; x_wconf 80' lang='grc' dir='ltr'>οὐδεμίαν</span> <span class='ocrx_word' id='word_1_177' title='bbox 1416 2383 1582 2452; x_wconf 81' lang='grc' dir='ltr'>ἀλλην</span> <span class='ocrx_word' id='word_1_178' title='bbox 1625 2384 1835 2455; x_wconf 72' lang='grc' dir='ltr'>ἀφορᾷν</span> 
     </span>
    </p>
   </div>
   <div class='ocr_carea' id='block_1_26' title="bbox 265 2472 1836 2548">
    <p class='ocr_par' dir='ltr' id='par_1_26' title="bbox 265 2472 1836 2548">
     <span class='ocr_line' id='line_1_26' title="bbox 265 2472 1836 2548; baseline 0.001 -20"><span class='ocrx_word' id='word_1_179' title='bbox 265 2473 431 2548; x_wconf 70' lang='grc' dir='ltr'>ἐθέλῃ</span> <span class='ocrx_word' id='word_1_180' title='bbox 464 2472 572 2526; x_wconf 83' lang='grc' dir='ltr'><strong>τῶν</strong></span> <span class='ocrx_word' id='word_1_181' title='bbox 602 2474 907 2543; x_wconf 74' lang='grc' dir='ltr'>εἰρημένων</span> <span class='ocrx_word' id='word_1_182' title='bbox 945 2474 1246 2527; x_wconf 79' lang='grc' dir='ltr'>ὲπιλύσεων</span> <span class='ocrx_word' id='word_1_183' title='bbox 1293 2475 1463 2544; x_wconf 69' lang='grc' dir='ltr'>ἐχέτω</span> <span class='ocrx_word' id='word_1_184' title='bbox 1496 2476 1836 2547; x_wconf 84' lang='grc' dir='ltr'>παραμύθιον</span> 
     </span>
    </p>
   </div>
   <div class='ocr_carea' id='block_1_27' title="bbox 265 2562 1837 2638">
    <p class='ocr_par' dir='ltr' id='par_1_27' title="bbox 265 2562 1837 2638">
     <span class='ocr_line' id='line_1_27' title="bbox 265 2562 1837 2638; baseline 0.001 -21"><span class='ocrx_word' id='word_1_185' title='bbox 265 2568 372 2635; x_wconf 74' lang='grc' dir='ltr'>τὴν</span> <span class='ocrx_word' id='word_1_186' title='bbox 404 2562 688 2635; x_wconf 87' lang='grc' dir='ltr'>παροῦσαν</span> <span class='ocrx_word' id='word_1_187' title='bbox 716 2564 1014 2628; x_wconf 74' lang='grc' dir='ltr'>ἀνάπτυξιν</span> <span class='ocrx_word' id='word_1_188' title='bbox 1035 2582 1050 2595; x_wconf 75' lang='grc' dir='ltr'><strong><em>ο</em></strong></span> <span class='ocrx_word' id='word_1_189' title='bbox 1078 2565 1293 2618; x_wconf 73' lang='grc' dir='ltr'>δύναιτο</span> <span class='ocrx_word' id='word_1_190' title='bbox 1324 2567 1430 2638; x_wconf 75' lang='grc' dir='ltr'><strong>γάρ</strong></span> <span class='ocrx_word' id='word_1_191' title='bbox 1474 2565 1541 2620; x_wconf 79' lang='grc' dir='ltr'>ἂν</span> <span class='ocrx_word' id='word_1_192' title='bbox 1578 2566 1837 2637; x_wconf 82' lang='grc' dir='ltr'>νοηθῆναι</span> 
     </span>
    </p>
   </div>
   <div class='ocr_carea' id='block_1_28' title="bbox 266 2653 1837 2725">
    <p class='ocr_par' dir='ltr' id='par_1_28' title="bbox 266 2653 1837 2725">
     <span class='ocr_line' id='line_1_28' title="bbox 266 2653 1837 2725; baseline 0.002 -18"><span class='ocrx_word' id='word_1_193' title='bbox 266 2655 334 2707; x_wconf 83' lang='grc' dir='ltr'><strong>τδ</strong></span> <span class='ocrx_word' id='word_1_194' title='bbox 387 2653 713 2724; x_wconf 82' lang='grc' dir='ltr'>δηλούμενον</span> <span class='ocrx_word' id='word_1_195' title='bbox 750 2654 843 2707; x_wconf 89' lang='grc' dir='ltr'><strong>νῦν</strong></span> <span class='ocrx_word' id='word_1_196' title='bbox 891 2655 995 2708; x_wconf 75' lang='grc' dir='ltr'><strong>ὑπὸ</strong></span> <span class='ocrx_word' id='word_1_197' title='bbox 1042 2656 1139 2724; x_wconf 84' lang='grc' dir='ltr'>τῆς</span> <span class='ocrx_word' id='word_1_198' title='bbox 1182 2656 1508 2725; x_wconf 78' lang='grc' dir='ltr'>δεσποτικῆς</span> <span class='ocrx_word' id='word_1_199' title='bbox 1553 2656 1739 2724; x_wconf 83' lang='grc' dir='ltr'>φωνῆς</span> <span class='ocrx_word' id='word_1_200' title='bbox 1776 2655 1837 2710; x_wconf 77' lang='grc' dir='ltr'>τὸ</span> 
     </span>
    </p>
   </div>
   <div class='ocr_carea' id='block_1_29' title="bbox 268 2745 1841 2818">
    <p class='ocr_par' dir='ltr' id='par_1_29' title="bbox 268 2745 1841 2818">
     <span class='ocr_line' id='line_1_29' title="bbox 268 2745 1841 2818; baseline 0.001 -19"><span class='ocrx_word' id='word_1_201' title='bbox 268 2747 552 2816; x_wconf 64' lang='grc' dir='ltr'>γνωμικὸν</span> <span class='ocrx_word' id='word_1_202' title='bbox 595 2745 832 2817; x_wconf 77' lang='grc' dir='ltr'>Χριστοῦ</span> <span class='ocrx_word' id='word_1_203' title='bbox 870 2747 1082 2818; x_wconf 83' lang='grc' dir='ltr'>θέλημα</span> <span class='ocrx_word' id='word_1_204' title='bbox 1128 2747 1189 2800; x_wconf 89' lang='grc' dir='ltr'><strong>οὐ</strong></span> <span class='ocrx_word' id='word_1_205' title='bbox 1216 2747 1307 2800; x_wconf 85' lang='grc' dir='ltr'><strong>τοῦ</strong></span> <span class='ocrx_word' id='word_1_206' title='bbox 1340 2747 1482 2801; x_wconf 73' lang='grc' dir='ltr'><strong>κατά</strong></span> <span class='ocrx_word' id='word_1_207' title='bbox 1510 2748 1601 2801; x_wconf 78' lang='grc' dir='ltr'>τὸν</span> <span class='ocrx_word' id='word_1_208' title='bbox 1630 2747 1841 2816; x_wconf 80' lang='grc' dir='ltr'>ἄνθρωο</span> 
     </span>
    </p>
   </div>
   <div class='ocr_carea' id='block_1_30' title="bbox 274 2838 1839 2909">
    <p class='ocr_par' dir='ltr' id='par_1_30' title="bbox 274 2838 1839 2909">
     <span class='ocr_line' id='line_1_30' title="bbox 274 2838 1839 2909; baseline -0.001 -17"><span class='ocrx_word' id='word_1_209' title='bbox 274 2856 377 2892; x_wconf 83' lang='grc' dir='ltr'><strong>πον</strong></span> <span class='ocrx_word' id='word_1_210' title='bbox 402 2839 459 2891; x_wconf 84' lang='grc' dir='ltr'>δὲ</span> <span class='ocrx_word' id='word_1_211' title='bbox 482 2839 796 2908; x_wconf 68' lang='grc' dir='ltr'>νοουμένου,</span> <span class='ocrx_word' id='word_1_212' title='bbox 848 2839 984 2892; x_wconf 78' lang='grc' dir='ltr'><strong>ἀλλά</strong></span> <span class='ocrx_word' id='word_1_213' title='bbox 1022 2838 1114 2891; x_wconf 85' lang='grc' dir='ltr'><strong>τοῦ</strong></span> <span class='ocrx_word' id='word_1_214' title='bbox 1163 2838 1302 2891; x_wconf 84' lang='grc' dir='ltr'><strong>κατά</strong></span> <span class='ocrx_word' id='word_1_215' title='bbox 1335 2838 1571 2908; x_wconf 75' lang='grc' dir='ltr'>Χριστὸν</span> <span class='ocrx_word' id='word_1_216' title='bbox 1604 2839 1839 2909; x_wconf 82' lang='grc' dir='ltr'>θεωρου-</span> 
     </span>
    </p>
   </div>
   <div class='ocr_carea' id='block_1_31' title="bbox 276 2930 1842 3001">
    <p class='ocr_par' dir='ltr' id='par_1_31' title="bbox 276 2930 1842 3001">
     <span class='ocr_line' id='line_1_31' title="bbox 276 2930 1842 3001; baseline 0 -18"><span class='ocrx_word' id='word_1_217' title='bbox 276 2931 465 3000; x_wconf 83' lang='grc' dir='ltr'>μένου.</span> <span class='ocrx_word' id='word_1_218' title='bbox 504 2932 567 2984; x_wconf 84' lang='grc'><strong>’0</strong></span> <span class='ocrx_word' id='word_1_219' title='bbox 599 2931 664 3001; x_wconf 79' lang='grc' dir='ltr'>δὴ</span> <span class='ocrx_word' id='word_1_220' title='bbox 697 2934 792 2983; x_wconf 77' lang='grc' dir='ltr'>καὶ</span> <span class='ocrx_word' id='word_1_221' title='bbox 819 2930 919 2999; x_wconf 80' lang='grc' dir='ltr'>τῆς</span> <span class='ocrx_word' id='word_1_222' title='bbox 948 2930 1198 3000; x_wconf 81' lang='grc' dir='ltr'>θεότητος</span> <span class='ocrx_word' id='word_1_223' title='bbox 1237 2930 1358 2984; x_wconf 84' lang='grc' dir='ltr'>ὅλον</span> <span class='ocrx_word' id='word_1_224' title='bbox 1409 2931 1630 2998; x_wconf 80' lang='grc' dir='ltr'>γεγονὸς</span> <span class='ocrx_word' id='word_1_225' title='bbox 1675 2932 1754 2993; x_wconf 81' lang='grc' dir='ltr'><strong>εἰς</strong></span> <span class='ocrx_word' id='word_1_226' title='bbox 1784 2930 1842 2983; x_wconf 80' lang='grc' dir='ltr'>τὸ</span> 
     </span>
    </p>
   </div>
   <div class='ocr_carea' id='block_1_32' title="bbox 274 3020 1842 3093">
    <p class='ocr_par' dir='ltr' id='par_1_32' title="bbox 274 3020 1842 3093">
     <span class='ocr_line' id='line_1_32' title="bbox 274 3020 1842 3093; baseline 0 -18"><span class='ocrx_word' id='word_1_227' title='bbox 274 3023 423 3075; x_wconf 80' lang='grc' dir='ltr'>θεῖον</span> <span class='ocrx_word' id='word_1_228' title='bbox 453 3023 545 3075; x_wconf 74' lang='grc' dir='ltr'>καὶ</span> <span class='ocrx_word' id='word_1_229' title='bbox 566 3021 840 3091; x_wconf 69' lang='grc' dir='ltr'>ὑπερφυὲς</span> <span class='ocrx_word' id='word_1_230' title='bbox 864 3021 965 3091; x_wconf 83' lang='grc' dir='ltr'>τῆς</span> <span class='ocrx_word' id='word_1_231' title='bbox 992 3022 1244 3091; x_wconf 80' lang='grc' dir='ltr'>ἀπειρίας</span> <span class='ocrx_word' id='word_1_232' title='bbox 1266 3020 1365 3093; x_wconf 79' lang='grc' dir='ltr'>τὴν</span> <span class='ocrx_word' id='word_1_233' title='bbox 1400 3022 1608 3075; x_wconf 83' lang='grc' dir='ltr'>οἰκείαν</span> <span class='ocrx_word' id='word_1_234' title='bbox 1637 3022 1842 3091; x_wconf 72' lang='grc' dir='ltr'>ἀναφέ-</span> 
     </span>
    </p>
   </div>
   <div class='ocr_carea' id='block_1_33' title="bbox 276 3111 1844 3183">
    <p class='ocr_par' dir='ltr' id='par_1_33' title="bbox 276 3111 1844 3183">
     <span class='ocr_line' id='line_1_33' title="bbox 276 3111 1844 3183; baseline 0.002 -20"><span class='ocrx_word' id='word_1_235' title='bbox 276 3130 365 3182; x_wconf 81' lang='grc' dir='ltr'><strong>ρει</strong></span> <span class='ocrx_word' id='word_1_236' title='bbox 400 3111 749 3182; x_wconf 80' lang='grc' dir='ltr'>περιγραφὴν</span> <span class='ocrx_word' id='word_1_237' title='bbox 780 3111 1154 3182; x_wconf 83' lang='grc' dir='ltr'>τελειούμενον</span> <span class='ocrx_word' id='word_1_238' title='bbox 1176 3128 1191 3143; x_wconf 75' lang='grc' dir='ltr'><strong>ο</strong></span> <span class='ocrx_word' id='word_1_239' title='bbox 1234 3112 1326 3165; x_wconf 79' lang='grc' dir='ltr'>καὶ</span> <span class='ocrx_word' id='word_1_240' title='bbox 1363 3112 1425 3166; x_wconf 88' lang='grc' dir='ltr'><strong>οὐ</strong></span> <span class='ocrx_word' id='word_1_241' title='bbox 1471 3113 1643 3183; x_wconf 82' lang='grc' dir='ltr'>δήπου</span> <span class='ocrx_word' id='word_1_242' title='bbox 1683 3114 1844 3167; x_wconf 84' lang='grc' dir='ltr'>πάλιν</span> 
     </span>
    </p>
   </div>
   <div class='ocr_carea' id='block_1_34' title="bbox 279 3199 1847 3273">
    <p class='ocr_par' dir='ltr' id='par_1_34' title="bbox 279 3199 1847 3273">
     <span class='ocr_line' id='line_1_34' title="bbox 279 3199 1847 3273; baseline 0.003 -20"><span class='ocrx_word' id='word_1_243' title='bbox 279 3204 416 3271; x_wconf 80' lang='grc' dir='ltr'>ἡμῖν</span> <span class='ocrx_word' id='word_1_244' title='bbox 477 3201 571 3254; x_wconf 84' lang='grc' dir='ltr'><strong>δύο</strong></span> <span class='ocrx_word' id='word_1_245' title='bbox 624 3201 877 3270; x_wconf 90' lang='grc' dir='ltr'>γνωμικά</span> <span class='ocrx_word' id='word_1_246' title='bbox 920 3199 1257 3271; x_wconf 80' lang='grc' dir='ltr'>προσακύψει</span> <span class='ocrx_word' id='word_1_247' title='bbox 1287 3205 1310 3234; x_wconf 85' lang='grc'><strong><em>³</em></strong></span> <span class='ocrx_word' id='word_1_248' title='bbox 1350 3202 1654 3273; x_wconf 77' lang='grc' dir='ltr'>θελήματα.</span> <span class='ocrx_word' id='word_1_249' title='bbox 1685 3203 1847 3257; x_wconf 77' lang='grc' dir='ltr'><strong>ΙἈλλο</strong></span> 
     </span>
    </p>
   </div>
   <div class='ocr_carea' id='block_1_35' title="bbox 278 3292 1885 3364">
    <p class='ocr_par' dir='ltr' id='par_1_35' title="bbox 278 3292 1885 3364">
     <span class='ocr_line' id='line_1_35' title="bbox 278 3292 1885 3364; baseline 0.004 -21"><span class='ocrx_word' id='word_1_250' title='bbox 278 3293 391 3363; x_wconf 71' lang='grc' dir='ltr'>γὰρ</span> <span class='ocrx_word' id='word_1_251' title='bbox 423 3294 518 3345; x_wconf 80' lang='grc' dir='ltr'>καὶ</span> <span class='ocrx_word' id='word_1_252' title='bbox 547 3292 674 3346; x_wconf 87' lang='grc' dir='ltr'>ἀλλο</span> <span class='ocrx_word' id='word_1_253' title='bbox 701 3294 875 3346; x_wconf 81' lang='grc' dir='ltr'>εἰπεῖν</span> <span class='ocrx_word' id='word_1_254' title='bbox 899 3292 1118 3346; x_wconf 82' lang='grc' dir='ltr'>διπλοῦν</span> <span class='ocrx_word' id='word_1_255' title='bbox 1152 3293 1361 3361; x_wconf 85' lang='grc' dir='ltr'>είσάγει</span> <span class='ocrx_word' id='word_1_256' title='bbox 1382 3293 1443 3347; x_wconf 82' lang='grc' dir='ltr'><strong>τὺ</strong></span> <span class='ocrx_word' id='word_1_257' title='bbox 1470 3294 1844 3364; x_wconf 82' lang='grc' dir='ltr'>προκείμενον.</span> <span class='ocrx_word' id='word_1_258' title='bbox 1878 3292 1885 3331; x_wconf 75' lang='grc' dir='ltr'>ῖ</span> 
     </span>
    </p>
   </div>
   <div class='ocr_carea' id='block_1_36' title="bbox 285 3382 1849 3455">
    <p class='ocr_par' dir='ltr' id='par_1_36' title="bbox 285 3382 1849 3455">
     <span class='ocr_line' id='line_1_36' title="bbox 285 3382 1849 3455; baseline 0.001 -19"><span class='ocrx_word' id='word_1_259' title='bbox 285 3384 497 3446; x_wconf 68' lang='grc' dir='ltr'>’Ἄλλως</span> <span class='ocrx_word' id='word_1_260' title='bbox 517 3400 576 3436; x_wconf 76' lang='grc' dir='ltr'><strong>τε</strong></span> <span class='ocrx_word' id='word_1_261' title='bbox 607 3382 664 3437; x_wconf 79' lang='grc' dir='ltr'>δὲ</span> <span class='ocrx_word' id='word_1_262' title='bbox 694 3383 788 3436; x_wconf 78' lang='grc' dir='ltr'>καὶ</span> <span class='ocrx_word' id='word_1_263' title='bbox 820 3382 995 3447; x_wconf 75' lang='grc' dir='ltr'>ἄλλως</span> <span class='ocrx_word' id='word_1_264' title='bbox 1022 3384 1084 3436; x_wconf 81' lang='grc' dir='ltr'>τὸ</span> <span class='ocrx_word' id='word_1_265' title='bbox 1106 3384 1237 3436; x_wconf 74' lang='grc' dir='ltr'>αὐτὸ</span> <span class='ocrx_word' id='word_1_266' title='bbox 1266 3384 1453 3453; x_wconf 82' lang='grc' dir='ltr'>φάναι,</span> <span class='ocrx_word' id='word_1_267' title='bbox 1481 3385 1719 3453; x_wconf 78' lang='grc' dir='ltr'>σχέσεων</span> <span class='ocrx_word' id='word_1_268' title='bbox 1752 3385 1849 3455; x_wconf 83' lang='grc' dir='ltr'>μὲν</span> 
     </span>
    </p>
   </div>
   <div class='ocr_carea' id='block_1_37' title="bbox 282 3473 1850 3547">
    <p class='ocr_par' dir='ltr' id='par_1_37' title="bbox 282 3473 1850 3547">
     <span class='ocr_line' id='line_1_37' title="bbox 282 3473 1850 3547; baseline 0.001 -19"><span class='ocrx_word' id='word_1_269' title='bbox 282 3474 496 3542; x_wconf 77' lang='grc' dir='ltr'>εἰσάγει</span> <span class='ocrx_word' id='word_1_270' title='bbox 528 3473 883 3544; x_wconf 80' lang='grc' dir='ltr'>παραλλαγὴν</span> <span class='ocrx_word' id='word_1_271' title='bbox 904 3475 997 3528; x_wconf 68' lang='grc' dir='ltr'>καὶ</span> <span class='ocrx_word' id='word_1_272' title='bbox 1016 3474 1302 3528; x_wconf 85' lang='grc' dir='ltr'>ἀλλοίωσιν</span> <span class='ocrx_word' id='word_1_273' title='bbox 1318 3492 1333 3506; x_wconf 92' lang='grc'><strong>·</strong></span> <span class='ocrx_word' id='word_1_274' title='bbox 1357 3476 1531 3547; x_wconf 82' lang='grc' dir='ltr'>τομὴν</span> <span class='ocrx_word' id='word_1_275' title='bbox 1557 3476 1613 3529; x_wconf 73' lang='grc' dir='ltr'>δὲ</span> <span class='ocrx_word' id='word_1_276' title='bbox 1640 3477 1734 3529; x_wconf 69' lang='grc' dir='ltr'>καὶ</span> <span class='ocrx_word' id='word_1_277' title='bbox 1758 3494 1850 3545; x_wconf 81' lang='grc' dir='ltr'>με·</span> 
     </span>
    </p>
   </div>
   <div class='ocr_carea' id='block_1_38' title="bbox 285 3564 1851 3638">
    <p class='ocr_par' dir='ltr' id='par_1_38' title="bbox 285 3564 1851 3638">
     <span class='ocr_line' id='line_1_38' title="bbox 285 3564 1851 3638; baseline 0.003 -22"><span class='ocrx_word' id='word_1_278' title='bbox 285 3565 484 3635; x_wconf 84' lang='grc' dir='ltr'>ρισμδν</span> <span class='ocrx_word' id='word_1_279' title='bbox 507 3564 601 3617; x_wconf 87' lang='grc' dir='ltr'><strong>τοῦ</strong></span> <span class='ocrx_word' id='word_1_280' title='bbox 630 3566 886 3635; x_wconf 81' lang='grc' dir='ltr'>ἁπαρχῆς</span> <span class='ocrx_word' id='word_1_281' title='bbox 918 3566 1055 3629; x_wconf 75' lang='grc' dir='ltr'>ἑνὸς,</span> <span class='ocrx_word' id='word_1_282' title='bbox 1085 3565 1355 3636; x_wconf 75' lang='grc' dir='ltr'>οὐδαμῶς.</span> <span class='ocrx_word' id='word_1_283' title='bbox 1387 3568 1497 3621; x_wconf 75' lang='grc' dir='ltr'><strong>Καὶ</strong></span> <span class='ocrx_word' id='word_1_284' title='bbox 1522 3568 1581 3620; x_wconf 78' lang='grc' dir='ltr'>τὸ</span> <span class='ocrx_word' id='word_1_285' title='bbox 1613 3568 1710 3638; x_wconf 73' lang='grc' dir='ltr'>μὲν</span> <span class='ocrx_word' id='word_1_286' title='bbox 1731 3568 1851 3620; x_wconf 75' lang='grc' dir='ltr'>οὐδὲ</span> 
     </span>
    </p>
   </div>
   <div class='ocr_carea' id='block_1_39' title="bbox 282 3653 1851 3726">
    <p class='ocr_par' dir='ltr' id='par_1_39' title="bbox 282 3653 1851 3726">
     <span class='ocr_line' id='line_1_39' title="bbox 282 3653 1851 3726; baseline 0.002 -19"><span class='ocrx_word' id='word_1_287' title='bbox 282 3653 398 3707; x_wconf 84' lang='grc' dir='ltr'><strong>τῶν</strong></span> <span class='ocrx_word' id='word_1_288' title='bbox 437 3654 644 3708; x_wconf 82' lang='grc' dir='ltr'>πολλῶν</span> <span class='ocrx_word' id='word_1_289' title='bbox 689 3656 841 3710; x_wconf 83' lang='grc' dir='ltr'>εἴασε</span> <span class='ocrx_word' id='word_1_290' title='bbox 884 3655 982 3726; x_wconf 79' lang='grc' dir='ltr'>τὴν</span> <span class='ocrx_word' id='word_1_291' title='bbox 1029 3656 1204 3725; x_wconf 81' lang='grc' dir='ltr'>θήραν</span> <span class='ocrx_word' id='word_1_292' title='bbox 1255 3655 1568 3726; x_wconf 76' lang='grc' dir='ltr'>διαφυγεῖν·</span> <span class='ocrx_word' id='word_1_293' title='bbox 1618 3656 1681 3710; x_wconf 78' lang='grc' dir='ltr'><strong>τὸ</strong></span> <span class='ocrx_word' id='word_1_294' title='bbox 1715 3658 1734 3695; x_wconf 69' lang='grc' dir='ltr'>ι</span> <span class='ocrx_word' id='word_1_295' title='bbox 1794 3658 1851 3710; x_wconf 78' lang='grc' dir='ltr'>δὲ</span> 
     </span>
    </p>
   </div>
   <div class='ocr_carea' id='block_1_40' title="bbox 286 3747 1853 3819">
    <p class='ocr_par' dir='ltr' id='par_1_40' title="bbox 286 3747 1853 3819">
     <span class='ocr_line' id='line_1_40' title="bbox 286 3747 1853 3819; baseline 0 -19"><span class='ocrx_word' id='word_1_296' title='bbox 286 3747 491 3819; x_wconf 83' lang='grc' dir='ltr'>σχολῆς</span> <span class='ocrx_word' id='word_1_297' title='bbox 547 3749 717 3819; x_wconf 78' lang='grc' dir='ltr'>χωρὶς</span> <span class='ocrx_word' id='word_1_298' title='bbox 763 3750 856 3803; x_wconf 77' lang='grc' dir='ltr'>καὶ</span> <span class='ocrx_word' id='word_1_299' title='bbox 901 3748 1313 3819; x_wconf 87' lang='grc' dir='ltr'>συγγυμνασίας</span> <span class='ocrx_word' id='word_1_300' title='bbox 1365 3748 1464 3819; x_wconf 85' lang='grc' dir='ltr'>τῆς</span> <span class='ocrx_word' id='word_1_301' title='bbox 1512 3748 1568 3802; x_wconf 69' lang='grc' dir='ltr'>ἑν</span> <span class='ocrx_word' id='word_1_302' title='bbox 1606 3750 1727 3811; x_wconf 80' lang='grc' dir='ltr'>,τοῖς</span> <span class='ocrx_word' id='word_1_303' title='bbox 1766 3748 1853 3802; x_wconf 84' lang='grc' dir='ltr'><strong>λό-</strong></span> 
     </span>
    </p>
   </div>
   <div class='ocr_carea' id='block_1_41' title="bbox 286 3838 1853 3911">
    <p class='ocr_par' dir='ltr' id='par_1_41' title="bbox 286 3838 1853 3911">
     <span class='ocr_line' id='line_1_41' title="bbox 286 3838 1853 3911; baseline -0.002 -16"><span class='ocrx_word' id='word_1_304' title='bbox 286 3858 433 3908; x_wconf 86' lang='grc' dir='ltr'>γοις,</span> <span class='ocrx_word' id='word_1_305' title='bbox 463 3841 585 3895; x_wconf 72' lang='grc' dir='ltr'>οὐδὶ</span> <span class='ocrx_word' id='word_1_306' title='bbox 619 3843 731 3904; x_wconf 74' lang='grc' dir='ltr'>τοῖς</span> <span class='ocrx_word' id='word_1_307' title='bbox 760 3841 870 3894; x_wconf 84' lang='grc' dir='ltr'><strong>τῶν</strong></span> <span class='ocrx_word' id='word_1_308' title='bbox 900 3839 1230 3911; x_wconf 84' lang='grc' dir='ltr'>θηραμάτων</span> <span class='ocrx_word' id='word_1_309' title='bbox 1258 3838 1459 3909; x_wconf 73' lang='grc' dir='ltr'>ἴχνεσιν</span> <span class='ocrx_word' id='word_1_310' title='bbox 1496 3838 1671 3910; x_wconf 84' lang='grc' dir='ltr'>ὀρθῶς</span> <span class='ocrx_word' id='word_1_311' title='bbox 1705 3841 1853 3893; x_wconf 69' lang='grc' dir='ltr'>ἐστιν</span> 
     </span>
    </p>
   </div>
   <div class='ocr_carea' id='block_1_42' title="bbox 288 3931 607 4001">
    <p class='ocr_par' dir='ltr' id='par_1_42' title="bbox 288 3931 607 4001">
     <span class='ocr_line' id='line_1_42' title="bbox 288 3931 607 4001; baseline -0.003 -15"><span class='ocrx_word' id='word_1_312' title='bbox 288 3931 607 4001; x_wconf 70' lang='grc' dir='ltr'>ἑπιστῆσαι.</span> 
     </span>
    </p>
   </div>
   <div class='ocr_carea' id='block_1_43' title="bbox 364 4018 1854 4090">
    <p class='ocr_par' dir='ltr' id='par_1_43' title="bbox 364 4018 1854 4090">
     <span class='ocr_line' id='line_1_43' title="bbox 364 4018 1854 4090; baseline -0.001 -17"><span class='ocrx_word' id='word_1_313' title='bbox 364 4020 475 4090; x_wconf 81' lang='grc' dir='ltr'><strong>τῆς</strong></span> <span class='ocrx_word' id='word_1_314' title='bbox 497 4019 667 4090; x_wconf 81' lang='grc' dir='ltr'>αὐτῆς</span> <span class='ocrx_word' id='word_1_315' title='bbox 694 4020 737 4073; x_wconf 78' lang='grc' dir='ltr'>δ’</span> <span class='ocrx_word' id='word_1_316' title='bbox 770 4019 838 4074; x_wconf 72' lang='grc' dir='ltr'>ἂν</span> <span class='ocrx_word' id='word_1_317' title='bbox 874 4020 957 4089; x_wconf 75' lang='grc' dir='ltr'>εἴη</span> <span class='ocrx_word' id='word_1_318' title='bbox 1000 4018 1234 4082; x_wconf 87' lang='grc' dir='ltr'>διανοίας</span> <span class='ocrx_word' id='word_1_319' title='bbox 1266 4020 1359 4070; x_wconf 74' lang='grc' dir='ltr'>καὶ</span> <span class='ocrx_word' id='word_1_320' title='bbox 1405 4019 1484 4071; x_wconf 77' lang='grc' dir='ltr'>τό·</span> <span class='ocrx_word' id='word_1_321' title='bbox 1516 4038 1534 4070; x_wconf 86' lang='grc' dir='ltr'><strong>ι</strong></span> <span class='ocrx_word' id='word_1_322' title='bbox 1574 4018 1776 4087; x_wconf 82' lang='grc' dir='ltr'>Πάτερ,</span> <span class='ocrx_word' id='word_1_323' title='bbox 1806 4018 1854 4071; x_wconf 82' lang='grc' dir='ltr'><strong>εί</strong></span> 
     </span>
    </p>
   </div>
   <div class='ocr_carea' id='block_1_44' title="bbox 294 4108 1855 4181">
    <p class='ocr_par' dir='ltr' id='par_1_44' title="bbox 294 4108 1855 4181">
     <span class='ocr_line' id='line_1_44' title="bbox 294 4108 1855 4181; baseline -0.001 -19"><span class='ocrx_word' id='word_1_324' title='bbox 294 4110 525 4164; x_wconf 80' lang='grc' dir='ltr'>δυνατὸν</span> <span class='ocrx_word' id='word_1_325' title='bbox 550 4151 565 4176; x_wconf 89' lang='grc'><em>,</em></span> <span class='ocrx_word' id='word_1_326' title='bbox 601 4110 913 4181; x_wconf 77' lang='grc' dir='ltr'>παρελθέτω</span> <span class='ocrx_word' id='word_1_327' title='bbox 957 4110 1016 4163; x_wconf 78' lang='grc' dir='ltr'><strong>τδ</strong></span> <span class='ocrx_word' id='word_1_328' title='bbox 1046 4113 1301 4179; x_wconf 83' lang='grc' dir='ltr'>ποτήριον</span> <span class='ocrx_word' id='word_1_329' title='bbox 1336 4108 1490 4161; x_wconf 87' lang='grc' dir='ltr'>τοῦτο</span> <span class='ocrx_word' id='word_1_330' title='bbox 1534 4109 1628 4161; x_wconf 86' lang='grc' dir='ltr'><strong>ἀπ’</strong></span> <span class='ocrx_word' id='word_1_331' title='bbox 1680 4109 1812 4180; x_wconf 80' lang='grc' dir='ltr'>ἐμοῦ</span> <span class='ocrx_word' id='word_1_332' title='bbox 1840 4125 1855 4140; x_wconf 87' lang='grc'><strong>·</strong></span> 
     </span>
    </p>
   </div>
   <div class='ocr_carea' id='block_1_45' title="bbox 291 4196 1860 4269">
    <p class='ocr_par' dir='ltr' id='par_1_45' title="bbox 291 4196 1860 4269">
     <span class='ocr_line' id='line_1_45' title="bbox 291 4196 1860 4269; baseline 0.001 -20"><span class='ocrx_word' id='word_1_333' title='bbox 291 4198 439 4269; x_wconf 71' lang='grc' dir='ltr'>πλὴν</span> <span class='ocrx_word' id='word_1_334' title='bbox 460 4197 556 4265; x_wconf 86' lang='grc' dir='ltr'><strong>οὐχ</strong></span> <span class='ocrx_word' id='word_1_335' title='bbox 584 4197 662 4260; x_wconf 85' lang='grc' dir='ltr'><strong>ὡς</strong></span> <span class='ocrx_word' id='word_1_336' title='bbox 706 4196 817 4266; x_wconf 67' lang='grc' dir='ltr'><strong>ἐγὼ</strong></span> <span class='ocrx_word' id='word_1_337' title='bbox 844 4197 1002 4259; x_wconf 78' lang='grc' dir='ltr'>θέλω,</span> <span class='ocrx_word' id='word_1_338' title='bbox 1033 4197 1146 4250; x_wconf 81' lang='grc' dir='ltr'>ἀλλ’</span> <span class='ocrx_word' id='word_1_339' title='bbox 1185 4198 1260 4261; x_wconf 82' lang='grc' dir='ltr'><strong>ὡς</strong></span> <span class='ocrx_word' id='word_1_340' title='bbox 1291 4198 1376 4251; x_wconf 84' lang='grc' dir='ltr'>σύ.</span> <span class='ocrx_word' id='word_1_341' title='bbox 1413 4216 1431 4248; x_wconf 80' lang='grc' dir='ltr'><strong>ι</strong></span> <span class='ocrx_word' id='word_1_342' title='bbox 1465 4198 1577 4267; x_wconf 81' lang='grc' dir='ltr'><strong>Τῆς</strong></span> <span class='ocrx_word' id='word_1_343' title='bbox 1623 4198 1723 4268; x_wconf 83' lang='grc' dir='ltr'>μὲν</span> <span class='ocrx_word' id='word_1_344' title='bbox 1752 4199 1860 4268; x_wconf 85' lang='grc' dir='ltr'><strong>γὰρ</strong></span> 
     </span>
    </p>
   </div>
   <div class='ocr_carea' id='block_1_46' title="bbox 292 4284 1861 4359">
    <p class='ocr_par' dir='ltr' id='par_1_46' title="bbox 292 4284 1861 4359">
     <span class='ocr_line' id='line_1_46' title="bbox 292 4284 1861 4359; baseline 0.001 -20"><span class='ocrx_word' id='word_1_345' title='bbox 292 4286 642 4357; x_wconf 84' lang='grc' dir='ltr'>ἀνθρωπίνης</span> <span class='ocrx_word' id='word_1_346' title='bbox 663 4284 731 4359; x_wconf 77' lang='grc' dir='ltr'>ἦν</span> <span class='ocrx_word' id='word_1_347' title='bbox 770 4288 982 4356; x_wconf 73' lang='grc' dir='ltr'>φύσεως</span> <span class='ocrx_word' id='word_1_348' title='bbox 1013 4288 1074 4340; x_wconf 80' lang='grc' dir='ltr'>τὸ</span> <span class='ocrx_word' id='word_1_349' title='bbox 1100 4288 1299 4357; x_wconf 76' lang='grc' dir='ltr'>δειλιᾴν</span> <span class='ocrx_word' id='word_1_350' title='bbox 1337 4288 1427 4340; x_wconf 73' lang='grc' dir='ltr'>τὸν</span> <span class='ocrx_word' id='word_1_351' title='bbox 1465 4288 1725 4341; x_wconf 75' lang='grc' dir='ltr'>θάνατον’</span> <span class='ocrx_word' id='word_1_352' title='bbox 1759 4287 1861 4357; x_wconf 78' lang='grc' dir='ltr'>τῆς</span> 
     </span>
    </p>
   </div>
   <div class='ocr_carea' id='block_1_47' title="bbox 290 4376 1861 4450">
    <p class='ocr_par' dir='ltr' id='par_1_47' title="bbox 290 4376 1861 4450">
     <span class='ocr_line' id='line_1_47' title="bbox 290 4376 1861 4450; baseline 0.001 -19"><span class='ocrx_word' id='word_1_353' title='bbox 290 4378 447 4441; x_wconf 81' lang='grc' dir='ltr'>Θείας</span> <span class='ocrx_word' id='word_1_354' title='bbox 478 4376 537 4430; x_wconf 73' lang='grc' dir='ltr'>δὲ</span> <span class='ocrx_word' id='word_1_355' title='bbox 573 4378 634 4432; x_wconf 73' lang='grc' dir='ltr'>τὸ</span> <span class='ocrx_word' id='word_1_356' title='bbox 673 4378 748 4448; x_wconf 79' lang='grc' dir='ltr'>μὴ</span> <span class='ocrx_word' id='word_1_357' title='bbox 784 4379 941 4447; x_wconf 88' lang='grc' dir='ltr'>μόνον</span> <span class='ocrx_word' id='word_1_358' title='bbox 988 4380 1153 4449; x_wconf 71' lang='grc' dir='ltr'>μδὲν</span> <span class='ocrx_word' id='word_1_359' title='bbox 1184 4380 1448 4448; x_wconf 75' lang='grc' dir='ltr'>παρόντος</span> <span class='ocrx_word' id='word_1_360' title='bbox 1502 4381 1861 4450; x_wconf 67' lang='grc' dir='ltr'>ἐπιταράττεο</span> 
     </span>
    </p>
   </div>
   <div class='ocr_carea' id='block_1_48' title="bbox 295 4467 1861 4542">
    <p class='ocr_par' dir='ltr' id='par_1_48' title="bbox 295 4467 1861 4542">
     <span class='ocr_line' id='line_1_48' title="bbox 295 4467 1861 4542; baseline 0.001 -21"><span class='ocrx_word' id='word_1_361' title='bbox 295 4467 443 4529; x_wconf 83' lang='grc' dir='ltr'>σθαι,</span> <span class='ocrx_word' id='word_1_362' title='bbox 478 4468 610 4522; x_wconf 85' lang='grc' dir='ltr'>ἀλλά</span> <span class='ocrx_word' id='word_1_363' title='bbox 638 4471 730 4523; x_wconf 77' lang='grc' dir='ltr'>καὶ</span> <span class='ocrx_word' id='word_1_364' title='bbox 755 4470 1003 4523; x_wconf 80' lang='grc' dir='ltr'>εὐδοκίαν</span> <span class='ocrx_word' id='word_1_365' title='bbox 1033 4471 1234 4523; x_wconf 80' lang='grc' dir='ltr'>τούτων</span> <span class='ocrx_word' id='word_1_366' title='bbox 1264 4474 1533 4523; x_wconf 67' lang='grc' dir='ltr'>ποιεῖσθαι</span> <span class='ocrx_word' id='word_1_367' title='bbox 1562 4472 1661 4542; x_wconf 70' lang='grc' dir='ltr'>τῆς</span> <span class='ocrx_word' id='word_1_368' title='bbox 1688 4487 1861 4542; x_wconf 86' lang='grc' dir='ltr'>σωτη-</span> 
     </span>
    </p>
   </div>
   <div class='ocr_carea' id='block_1_49' title="bbox 369 4577 896 4637">
    <p class='ocr_par' dir='ltr' id='par_1_49' title="bbox 369 4577 896 4637">
     <span class='ocr_line' id='line_1_49' title="bbox 369 4577 896 4637; baseline 0.004 -5"><span class='ocrx_word' id='word_1_369' title='bbox 369 4578 413 4611; x_wconf 83' lang='grc'><strong>¹¹³</strong></span> <span class='ocrx_word' id='word_1_370' title='bbox 439 4577 622 4633; x_wconf 66' lang='lat' dir='ltr'><strong>hiauit.</strong></span> <span class='ocrx_word' id='word_1_371' title='bbox 657 4581 896 4637; x_wconf 79' lang='lat' dir='ltr'><strong>nvt.59.</strong></span> 
     </span>
    </p>
   </div>
   <div class='ocr_carea' id='block_1_50' title="bbox 1914 671 3475 743">
    <p class='ocr_par' dir='ltr' id='par_1_50' title="bbox 1914 671 3475 743">
     <span class='ocr_line' id='line_1_50' title="bbox 1914 671 3475 743; baseline -0.003 -15"><span class='ocrx_word' id='word_1_372' title='bbox 1914 672 2018 728; x_wconf 86' lang='lat' dir='ltr'><strong>sibi</strong></span> <span class='ocrx_word' id='word_1_373' title='bbox 2052 672 2457 743; x_wconf 84' lang='lat' dir='ltr'><strong>respondentia,</strong></span> <span class='ocrx_word' id='word_1_374' title='bbox 2488 672 2631 728; x_wconf 91' lang='lat' dir='ltr'><strong>sicut</strong></span> <span class='ocrx_word' id='word_1_375' title='bbox 2662 671 2973 742; x_wconf 72' lang='lat' dir='ltr'><strong>guomicum</strong></span> <span class='ocrx_word' id='word_1_376' title='bbox 3000 679 3055 727; x_wconf 91' lang='lat' dir='ltr'><strong>et</strong></span> <span class='ocrx_word' id='word_1_377' title='bbox 3071 671 3386 742; x_wconf 75' lang='lat' dir='ltr'><strong>gnomicum</strong></span> <span class='ocrx_word' id='word_1_378' title='bbox 3422 674 3475 724; x_wconf 92' lang='lat' dir='ltr'><strong>in</strong></span> 
     </span>
    </p>
   </div>
   <div class='ocr_carea' id='block_1_51' title="bbox 1914 763 2463 819">
    <p class='ocr_par' dir='ltr' id='par_1_51' title="bbox 1914 763 2463 819">
     <span class='ocr_line' id='line_1_51' title="bbox 1914 763 2463 819; baseline 0 0"><span class='ocrx_word' id='word_1_379' title='bbox 1914 763 2103 819; x_wconf 87' lang='lat' dir='ltr'><strong>eadem</strong></span> <span class='ocrx_word' id='word_1_380' title='bbox 2135 764 2276 819; x_wconf 89' lang='lat' dir='ltr'><strong>serie</strong></span> <span class='ocrx_word' id='word_1_381' title='bbox 2314 772 2463 819; x_wconf 87' lang='lat' dir='ltr'><strong>sunt.</strong></span> 
     </span>
    </p>
   </div>
   <div class='ocr_carea' id='block_1_52' title="bbox 1987 850 3480 921">
    <p class='ocr_par' dir='ltr' id='par_1_52' title="bbox 1987 850 3480 921">
     <span class='ocr_line' id='line_1_52' title="bbox 1987 850 3480 921; baseline -0.001 -16"><span class='ocrx_word' id='word_1_382' title='bbox 1987 853 2154 906; x_wconf 77' lang='lat' dir='ltr'><strong>Aliter</strong></span> <span class='ocrx_word' id='word_1_383' title='bbox 2187 853 2347 906; x_wconf 89' lang='lat' dir='ltr'><strong>etiam</strong></span> <span class='ocrx_word' id='word_1_384' title='bbox 2374 861 2430 907; x_wconf 88' lang='lat' dir='ltr'><strong>et</strong></span> <span class='ocrx_word' id='word_1_385' title='bbox 2457 850 2895 916; x_wconf 81' lang='lat' dir='ltr'><strong>convenientius,</strong></span> <span class='ocrx_word' id='word_1_386' title='bbox 2926 850 3186 921; x_wconf 86' lang='lat' dir='ltr'><strong>quamilli</strong></span> <span class='ocrx_word' id='word_1_387' title='bbox 3214 851 3480 915; x_wconf 88' lang='lat' dir='ltr'><strong>dicerent,</strong></span> 
     </span>
    </p>
   </div>
   <div class='ocr_carea' id='block_1_53' title="bbox 1917 943 3485 1012">
    <p class='ocr_par' dir='ltr' id='par_1_53' title="bbox 1917 943 3485 1012">
     <span class='ocr_line' id='line_1_53' title="bbox 1917 943 3485 1012; baseline -0.003 -13"><span class='ocrx_word' id='word_1_388' title='bbox 1917 943 2020 999; x_wconf 87' lang='lat' dir='ltr'><strong>dici</strong></span> <span class='ocrx_word' id='word_1_389' title='bbox 2055 953 2253 1011; x_wconf 87' lang='lat' dir='ltr'><strong>potest,</strong></span> <span class='ocrx_word' id='word_1_390' title='bbox 2286 943 2331 997; x_wconf 87' lang='lat' dir='ltr'><strong>si</strong></span> <span class='ocrx_word' id='word_1_391' title='bbox 2380 943 2679 1012; x_wconf 75' lang='lat' dir='ltr'><strong>accipiatur</strong></span> <span class='ocrx_word' id='word_1_392' title='bbox 2718 943 2802 997; x_wconf 90' lang='lat' dir='ltr'><strong>vis</strong></span> <span class='ocrx_word' id='word_1_393' title='bbox 2852 943 3132 997; x_wconf 88' lang='lat' dir='ltr'><strong>nominum</strong></span> <span class='ocrx_word' id='word_1_394' title='bbox 3202 954 3485 1012; x_wconf 74' lang='lat' dir='ltr'><strong>uegautcr,</strong></span> 
     </span>
    </p>
   </div>
   <div class='ocr_carea' id='block_1_54' title="bbox 1919 1032 3485 1105">
    <p class='ocr_par' dir='ltr' id='par_1_54' title="bbox 1919 1032 3485 1105">
     <span class='ocr_line' id='line_1_54' title="bbox 1919 1032 3485 1105; baseline 0 -18"><span class='ocrx_word' id='word_1_395' title='bbox 1919 1049 2018 1105; x_wconf 89' lang='lat' dir='ltr'><strong>pro</strong></span> <span class='ocrx_word' id='word_1_396' title='bbox 2042 1050 2129 1096; x_wconf 88' lang='lat' dir='ltr'><strong>eo,</strong></span> <span class='ocrx_word' id='word_1_397' title='bbox 2175 1042 2233 1087; x_wconf 93' lang='lat' dir='ltr'><strong>ut</strong></span> <span class='ocrx_word' id='word_1_398' title='bbox 2258 1033 2511 1089; x_wconf 86' lang='lat' dir='ltr'><strong>dicatur:</strong></span> <span class='ocrx_word' id='word_1_399' title='bbox 2547 1051 2566 1084; x_wconf 83' lang='grc' dir='ltr'><strong>ι</strong></span> <span class='ocrx_word' id='word_1_400' title='bbox 2595 1032 2713 1087; x_wconf 75' lang='lat' dir='ltr'><strong>Non</strong></span> <span class='ocrx_word' id='word_1_401' title='bbox 2743 1032 2866 1087; x_wconf 92' lang='lat' dir='ltr'><strong>veni</strong></span> <span class='ocrx_word' id='word_1_402' title='bbox 2897 1043 2957 1087; x_wconf 83' lang='lat' dir='ltr'><strong>ut</strong></span> <span class='ocrx_word' id='word_1_403' title='bbox 3003 1032 3197 1087; x_wconf 80' lang='lat' dir='ltr'><strong>faciam</strong></span> <span class='ocrx_word' id='word_1_404' title='bbox 3229 1033 3485 1087; x_wconf 86' lang='lat' dir='ltr'><strong>volunta-</strong></span> 
     </span>
    </p>
   </div>
   <div class='ocr_carea' id='block_1_55' title="bbox 1921 1123 3486 1189">
    <p class='ocr_par' dir='ltr' id='par_1_55' title="bbox 1921 1123 3486 1189">
     <span class='ocr_line' id='line_1_55' title="bbox 1921 1123 3486 1189; baseline -0.004 -10"><span class='ocrx_word' id='word_1_405' title='bbox 1921 1134 2029 1179; x_wconf 85' lang='lat' dir='ltr'><strong>tem</strong></span> <span class='ocrx_word' id='word_1_406' title='bbox 2060 1139 2258 1189; x_wconf 83' lang='lat' dir='ltr'><strong>meam,</strong></span> <span class='ocrx_word' id='word_1_407' title='bbox 2303 1142 2321 1175; x_wconf 78' lang='grc' dir='ltr'><strong>ι</strong></span> <span class='ocrx_word' id='word_1_408' title='bbox 2357 1138 2462 1178; x_wconf 88' lang='lat' dir='ltr'><strong>non</strong></span> <span class='ocrx_word' id='word_1_409' title='bbox 2496 1123 2640 1178; x_wconf 88' lang='lat' dir='ltr'><strong>enim</strong></span> <span class='ocrx_word' id='word_1_410' title='bbox 2692 1123 2917 1177; x_wconf 85' lang='lat' dir='ltr'><strong>omnino</strong></span> <span class='ocrx_word' id='word_1_411' title='bbox 2945 1123 3048 1177; x_wconf 91' lang='lat' dir='ltr'><strong>alia</strong></span> <span class='ocrx_word' id='word_1_412' title='bbox 3074 1123 3327 1178; x_wconf 83' lang='lat' dir='ltr'><strong>voluntas</strong></span> <span class='ocrx_word' id='word_1_413' title='bbox 3364 1136 3486 1177; x_wconf 88' lang='lat' dir='ltr'><strong>mea</strong></span> 
     </span>
    </p>
   </div>
   <div class='ocr_carea' id='block_1_56' title="bbox 1920 1210 3487 1284">
    <p class='ocr_par' dir='ltr' id='par_1_56' title="bbox 1920 1210 3487 1284">
     <span class='ocr_line' id='line_1_56' title="bbox 1920 1210 3487 1284; baseline -0.001 -16"><span class='ocrx_word' id='word_1_414' title='bbox 1920 1221 2232 1284; x_wconf 67' lang='lat' dir='ltr'><strong>cstpratcr</strong></span> <span class='ocrx_word' id='word_1_415' title='bbox 2291 1228 2411 1266; x_wconf 77' lang='lat' dir='ltr'><strong>eam</strong></span> <span class='ocrx_word' id='word_1_416' title='bbox 2469 1229 2589 1282; x_wconf 78' lang='lat' dir='ltr'><strong>qua:</strong></span> <span class='ocrx_word' id='word_1_417' title='bbox 2648 1213 2700 1266; x_wconf 92' lang='lat' dir='ltr'><strong>iu</strong></span> <span class='ocrx_word' id='word_1_418' title='bbox 2736 1212 2894 1269; x_wconf 78' lang='lat' dir='ltr'><strong>Patre</strong></span> <span class='ocrx_word' id='word_1_419' title='bbox 2915 1221 2971 1267; x_wconf 91' lang='lat' dir='ltr'><strong>ct</strong></span> <span class='ocrx_word' id='word_1_420' title='bbox 3019 1210 3228 1282; x_wconf 82' lang='lat' dir='ltr'><strong>Spiritu</strong></span> <span class='ocrx_word' id='word_1_421' title='bbox 3292 1222 3487 1266; x_wconf 90' lang='lat' dir='ltr'><strong>sancto</strong></span> 
     </span>
    </p>
   </div>
   <div class='ocr_carea' id='block_1_57' title="bbox 1925 1302 3486 1373">
    <p class='ocr_par' dir='ltr' id='par_1_57' title="bbox 1925 1302 3486 1373">
     <span class='ocr_line' id='line_1_57' title="bbox 1925 1302 3486 1373; baseline -0.002 -15"><span class='ocrx_word' id='word_1_422' title='bbox 1925 1313 2223 1373; x_wconf 82' lang='lat' dir='ltr'><strong>spectatur.</strong></span> <span class='ocrx_word' id='word_1_423' title='bbox 2255 1302 2315 1358; x_wconf 89' lang='lat' dir='ltr'><strong>Si</strong></span> <span class='ocrx_word' id='word_1_424' title='bbox 2341 1303 2466 1373; x_wconf 83' lang='lat' dir='ltr'><strong>quis</strong></span> <span class='ocrx_word' id='word_1_425' title='bbox 2492 1319 2623 1359; x_wconf 84' lang='lat' dir='ltr'><strong>vero</strong></span> <span class='ocrx_word' id='word_1_426' title='bbox 2653 1318 2759 1358; x_wconf 88' lang='lat' dir='ltr'><strong>non</strong></span> <span class='ocrx_word' id='word_1_427' title='bbox 2804 1304 3070 1372; x_wconf 79' lang='lat' dir='ltr'><strong>negativc,</strong></span> <span class='ocrx_word' id='word_1_428' title='bbox 3111 1307 3207 1358; x_wconf 88' lang='lat' dir='ltr'><strong>sed</strong></span> <span class='ocrx_word' id='word_1_429' title='bbox 3261 1319 3486 1372; x_wconf 87' lang='lat' dir='ltr'><strong>compa-</strong></span> 
     </span>
    </p>
   </div>
   <div class='ocr_carea' id='block_1_58' title="bbox 1928 1394 3487 1466">
    <p class='ocr_par' dir='ltr' id='par_1_58' title="bbox 1928 1394 3487 1466">
     <span class='ocr_line' id='line_1_58' title="bbox 1928 1394 3487 1466; baseline -0.001 -18"><span class='ocrx_word' id='word_1_430' title='bbox 1928 1395 2100 1450; x_wconf 84' lang='lat' dir='ltr'><strong>rative</strong></span> <span class='ocrx_word' id='word_1_431' title='bbox 2128 1410 2315 1451; x_wconf 87' lang='lat' dir='ltr'><strong>vocem</strong></span> <span class='ocrx_word' id='word_1_432' title='bbox 2341 1394 2544 1451; x_wconf 86' lang='lat' dir='ltr'><strong>dictam</strong></span> <span class='ocrx_word' id='word_1_433' title='bbox 2581 1410 2706 1452; x_wconf 87' lang='lat' dir='ltr'><strong>esse</strong></span> <span class='ocrx_word' id='word_1_434' title='bbox 2750 1396 3045 1457; x_wconf 71' lang='lat' dir='ltr'><strong>existimet,</strong></span> <span class='ocrx_word' id='word_1_435' title='bbox 3086 1397 3138 1449; x_wconf 97' lang='lat' dir='ltr'><strong>id</strong></span> <span class='ocrx_word' id='word_1_436' title='bbox 3170 1395 3316 1466; x_wconf 87' lang='lat' dir='ltr'><strong>quod</strong></span> <span class='ocrx_word' id='word_1_437' title='bbox 3351 1395 3487 1451; x_wconf 83' lang='lat' dir='ltr'><strong>faci-</strong></span> 
     </span>
    </p>
   </div>
   <div class='ocr_carea' id='block_1_59' title="bbox 1927 1486 3494 1556">
    <p class='ocr_par' dir='ltr' id='par_1_59' title="bbox 1927 1486 3494 1556">
     <span class='ocr_line' id='line_1_59' title="bbox 1927 1486 3494 1556; baseline 0.001 -18"><span class='ocrx_word' id='word_1_438' title='bbox 1927 1486 2035 1539; x_wconf 85' lang='lat' dir='ltr'><strong>lius</strong></span> <span class='ocrx_word' id='word_1_439' title='bbox 2066 1494 2121 1540; x_wconf 88' lang='lat' dir='ltr'><strong>et</strong></span> <span class='ocrx_word' id='word_1_440' title='bbox 2151 1486 2323 1554; x_wconf 82' lang='lat' dir='ltr'><strong>magis</strong></span> <span class='ocrx_word' id='word_1_441' title='bbox 2351 1495 2661 1556; x_wconf 86' lang='lat' dir='ltr'><strong>promptum</strong></span> <span class='ocrx_word' id='word_1_442' title='bbox 2687 1495 2771 1541; x_wconf 88' lang='lat' dir='ltr'><strong>est</strong></span> <span class='ocrx_word' id='word_1_443' title='bbox 2797 1486 2851 1540; x_wconf 91' lang='lat' dir='ltr'><strong>in</strong></span> <span class='ocrx_word' id='word_1_444' title='bbox 2877 1487 2992 1556; x_wconf 90' lang='lat' dir='ltr'><strong>ipsa</strong></span> <span class='ocrx_word' id='word_1_445' title='bbox 3024 1502 3154 1542; x_wconf 86' lang='lat' dir='ltr'><strong>voce</strong></span> <span class='ocrx_word' id='word_1_446' title='bbox 3191 1488 3258 1540; x_wconf 79' lang='lat' dir='ltr'><strong>ad</strong></span> <span class='ocrx_word' id='word_1_447' title='bbox 3290 1487 3461 1540; x_wconf 88' lang='lat' dir='ltr'><strong>intelli</strong></span> <span class='ocrx_word' id='word_1_448' title='bbox 3482 1514 3494 1525; x_wconf 75' lang='grc' dir='ltr'><strong><em>ο</em></strong></span> 
     </span>
    </p>
   </div>
   <div class='ocr_carea' id='block_1_60' title="bbox 1928 1576 3493 1647">
    <p class='ocr_par' dir='ltr' id='par_1_60' title="bbox 1928 1576 3493 1647">
     <span class='ocr_line' id='line_1_60' title="bbox 1928 1576 3493 1647; baseline -0.002 -15"><span class='ocrx_word' id='word_1_449' title='bbox 1928 1576 2183 1647; x_wconf 80' lang='lat' dir='ltr'><strong>gendum,</strong></span> <span class='ocrx_word' id='word_1_450' title='bbox 2213 1577 2410 1646; x_wconf 89' lang='lat' dir='ltr'><strong>poterit</strong></span> <span class='ocrx_word' id='word_1_451' title='bbox 2434 1576 2515 1632; x_wconf 87' lang='lat' dir='ltr'><strong>sic</strong></span> <span class='ocrx_word' id='word_1_452' title='bbox 2541 1584 2906 1632; x_wconf 86' lang='lat' dir='ltr'><strong>consentanee</strong></span> <span class='ocrx_word' id='word_1_453' title='bbox 2932 1577 3190 1647; x_wconf 82' lang='lat' dir='ltr'><strong>intelligi:</strong></span> <span class='ocrx_word' id='word_1_454' title='bbox 3221 1576 3338 1631; x_wconf 83' lang='lat' dir='ltr'><strong>Non</strong></span> <span class='ocrx_word' id='word_1_455' title='bbox 3369 1577 3493 1630; x_wconf 85' lang='lat' dir='ltr'><strong>veni</strong></span> 
     </span>
    </p>
   </div>
   <div class='ocr_carea' id='block_1_61' title="bbox 1930 1665 3487 1727">
    <p class='ocr_par' dir='ltr' id='par_1_61' title="bbox 1930 1665 3487 1727">
     <span class='ocr_line' id='line_1_61' title="bbox 1930 1665 3487 1727; baseline -0.001 -6"><span class='ocrx_word' id='word_1_456' title='bbox 1930 1675 1989 1721; x_wconf 93' lang='lat' dir='ltr'><strong>ut</strong></span> <span class='ocrx_word' id='word_1_457' title='bbox 2011 1665 2207 1722; x_wconf 79' lang='lat' dir='ltr'><strong>faciam</strong></span> <span class='ocrx_word' id='word_1_458' title='bbox 2252 1666 2586 1721; x_wconf 81' lang='lat' dir='ltr'><strong>voluntatem</strong></span> <span class='ocrx_word' id='word_1_459' title='bbox 2632 1666 2933 1720; x_wconf 89' lang='lat' dir='ltr'><strong>naturalem</strong></span> <span class='ocrx_word' id='word_1_460' title='bbox 2966 1667 3215 1721; x_wconf 77' lang='lat' dir='ltr'><strong>humana:</strong></span> <span class='ocrx_word' id='word_1_461' title='bbox 3251 1677 3487 1727; x_wconf 72' lang='lat' dir='ltr'><strong>naturae,</strong></span> 
     </span>
    </p>
   </div>
   <div class='ocr_carea' id='block_1_62' title="bbox 1931 1754 3491 1824">
    <p class='ocr_par' dir='ltr' id='par_1_62' title="bbox 1931 1754 3491 1824">
     <span class='ocr_line' id='line_1_62' title="bbox 1931 1754 3491 1824; baseline -0.002 -12"><span class='ocrx_word' id='word_1_462' title='bbox 1931 1757 2023 1812; x_wconf 86' lang='lat' dir='ltr'><strong>sed</strong></span> <span class='ocrx_word' id='word_1_463' title='bbox 2065 1756 2394 1809; x_wconf 80' lang='lat' dir='ltr'><strong>voluntatem</strong></span> <span class='ocrx_word' id='word_1_464' title='bbox 2444 1754 2708 1819; x_wconf 87' lang='lat' dir='ltr'><strong>divinam,</strong></span> <span class='ocrx_word' id='word_1_465' title='bbox 2737 1769 2858 1824; x_wconf 68' lang='lat' dir='ltr'><strong>qua:</strong></span> <span class='ocrx_word' id='word_1_466' title='bbox 2888 1764 2975 1810; x_wconf 89' lang='lat' dir='ltr'><strong>est</strong></span> <span class='ocrx_word' id='word_1_467' title='bbox 3018 1755 3233 1819; x_wconf 90' lang='lat' dir='ltr'><strong>eadem,</strong></span> <span class='ocrx_word' id='word_1_468' title='bbox 3289 1765 3345 1810; x_wconf 91' lang='lat' dir='ltr'><strong>et</strong></span> <span class='ocrx_word' id='word_1_469' title='bbox 3382 1771 3491 1809; x_wconf 91' lang='lat' dir='ltr'><strong>non</strong></span> 
     </span>
    </p>
   </div>
   <div class='ocr_carea' id='block_1_63' title="bbox 1933 1843 3494 1916">
    <p class='ocr_par' dir='ltr' id='par_1_63' title="bbox 1933 1843 3494 1916">
     <span class='ocr_line' id='line_1_63' title="bbox 1933 1843 3494 1916; baseline 0.001 -17"><span class='ocrx_word' id='word_1_470' title='bbox 1933 1845 2205 1916; x_wconf 76' lang='lat' dir='ltr'><strong>gnomica,</strong></span> <span class='ocrx_word' id='word_1_471' title='bbox 2237 1843 2333 1899; x_wconf 85' lang='lat' dir='ltr'><strong>sed</strong></span> <span class='ocrx_word' id='word_1_472' title='bbox 2362 1844 2677 1915; x_wconf 79' lang='lat' dir='ltr'><strong>singularis,</strong></span> <span class='ocrx_word' id='word_1_473' title='bbox 2706 1860 2767 1899; x_wconf 92' lang='lat' dir='ltr'><strong>ac</strong></span> <span class='ocrx_word' id='word_1_474' title='bbox 2788 1845 2907 1901; x_wconf 88' lang='lat' dir='ltr'><strong>sine</strong></span> <span class='ocrx_word' id='word_1_475' title='bbox 2937 1845 3043 1900; x_wconf 92' lang='lat' dir='ltr'><strong>ulla</strong></span> <span class='ocrx_word' id='word_1_476' title='bbox 3084 1846 3389 1901; x_wconf 88' lang='lat' dir='ltr'><strong>variatione</strong></span> <span class='ocrx_word' id='word_1_477' title='bbox 3437 1846 3494 1901; x_wconf 89' lang='lat' dir='ltr'><strong>in</strong></span> 
     </span>
    </p>
   </div>
   <div class='ocr_carea' id='block_1_64' title="bbox 1936 1934 3498 2007">
    <p class='ocr_par' dir='ltr' id='par_1_64' title="bbox 1936 1934 3498 2007">
     <span class='ocr_line' id='line_1_64' title="bbox 1936 1934 3498 2007; baseline -0.003 -13"><span class='ocrx_word' id='word_1_478' title='bbox 1936 1939 2111 1995; x_wconf 88' lang='lat' dir='ltr'><strong>tribus</strong></span> <span class='ocrx_word' id='word_1_479' title='bbox 2154 1936 2402 2007; x_wconf 74' lang='lat' dir='ltr'><strong>personis</strong></span> <span class='ocrx_word' id='word_1_480' title='bbox 2440 1936 2637 1991; x_wconf 77' lang='lat' dir='ltr'><strong>divinis</strong></span> <span class='ocrx_word' id='word_1_481' title='bbox 2676 1934 2830 2006; x_wconf 85' lang='lat'><strong>(66);</strong></span> <span class='ocrx_word' id='word_1_482' title='bbox 2860 1936 2965 1992; x_wconf 90' lang='lat' dir='ltr'><strong>etsi</strong></span> <span class='ocrx_word' id='word_1_483' title='bbox 3017 1936 3072 1991; x_wconf 90' lang='lat' dir='ltr'><strong>in</strong></span> <span class='ocrx_word' id='word_1_484' title='bbox 3107 1936 3349 1992; x_wconf 87' lang='lat' dir='ltr'><strong>humana</strong></span> <span class='ocrx_word' id='word_1_485' title='bbox 3400 1950 3498 1990; x_wconf 86' lang='lat' dir='ltr'><strong>na-</strong></span> 
     </span>
    </p>
   </div>
   <div class='ocr_carea' id='block_1_65' title="bbox 1938 2026 3499 2097">
    <p class='ocr_par' dir='ltr' id='par_1_65' title="bbox 1938 2026 3499 2097">
     <span class='ocr_line' id='line_1_65' title="bbox 1938 2026 3499 2097; baseline -0.004 -13"><span class='ocrx_word' id='word_1_486' title='bbox 1938 2037 2060 2084; x_wconf 86' lang='lat' dir='ltr'><strong>tura</strong></span> <span class='ocrx_word' id='word_1_487' title='bbox 2097 2037 2151 2083; x_wconf 85' lang='lat' dir='ltr'><strong>et</strong></span> <span class='ocrx_word' id='word_1_488' title='bbox 2203 2028 2258 2083; x_wconf 89' lang='lat' dir='ltr'><strong>in</strong></span> <span class='ocrx_word' id='word_1_489' title='bbox 2315 2027 2439 2082; x_wconf 86' lang='lat' dir='ltr'><strong>aliis</strong></span> <span class='ocrx_word' id='word_1_490' title='bbox 2469 2027 2759 2087; x_wconf 89' lang='lat' dir='ltr'><strong>omnibus,</strong></span> <span class='ocrx_word' id='word_1_491' title='bbox 2812 2041 3153 2097; x_wconf 64' lang='lat' dir='ltr'><strong>quacunque</strong></span> <span class='ocrx_word' id='word_1_492' title='bbox 3188 2026 3375 2079; x_wconf 85' lang='lat' dir='ltr'><strong>divina</strong></span> <span class='ocrx_word' id='word_1_493' title='bbox 3408 2040 3499 2080; x_wconf 85' lang='lat' dir='ltr'><strong>sa-</strong></span> 
     </span>
    </p>
   </div>
   <div class='ocr_carea' id='block_1_66' title="bbox 1939 2114 3497 2190">
    <p class='ocr_par' dir='ltr' id='par_1_66' title="bbox 1939 2114 3497 2190">
     <span class='ocr_line' id='line_1_66' title="bbox 1939 2114 3497 2190; baseline -0.005 -15"><span class='ocrx_word' id='word_1_494' title='bbox 1939 2118 2139 2190; x_wconf 80' lang='lat' dir='ltr'><strong>pientia</strong></span> <span class='ocrx_word' id='word_1_495' title='bbox 2169 2118 2394 2182; x_wconf 86' lang='lat' dir='ltr'><strong>creavit,</strong></span> <span class='ocrx_word' id='word_1_496' title='bbox 2452 2133 2804 2189; x_wconf 81' lang='lat' dir='ltr'><strong>nequaquam</strong></span> <span class='ocrx_word' id='word_1_497' title='bbox 2832 2119 2934 2173; x_wconf 86' lang='lat' dir='ltr'><strong>hoc</strong></span> <span class='ocrx_word' id='word_1_498' title='bbox 2960 2125 3240 2187; x_wconf 88' lang='lat' dir='ltr'><strong>spectatur</strong></span> <span class='ocrx_word' id='word_1_499' title='bbox 3269 2114 3497 2181; x_wconf 81' lang='lat' dir='ltr'><strong>factum,</strong></span> 
     </span>
    </p>
   </div>
   <div class='ocr_carea' id='block_1_67' title="bbox 1940 2201 3498 2276">
    <p class='ocr_par' dir='ltr' id='par_1_67' title="bbox 1940 2201 3498 2276">
     <span class='ocr_line' id='line_1_67' title="bbox 1940 2201 3498 2276; baseline -0.005 -16"><span class='ocrx_word' id='word_1_500' title='bbox 1940 2220 2116 2275; x_wconf 88' lang='lat' dir='ltr'><strong>neque</strong></span> <span class='ocrx_word' id='word_1_501' title='bbox 2141 2205 2287 2276; x_wconf 90' lang='lat' dir='ltr'><strong>quod</strong></span> <span class='ocrx_word' id='word_1_502' title='bbox 2312 2207 2382 2261; x_wconf 87' lang='lat' dir='ltr'><strong>sit</strong></span> <span class='ocrx_word' id='word_1_503' title='bbox 2399 2221 2566 2276; x_wconf 88' lang='lat' dir='ltr'><strong>prope</strong></span> <span class='ocrx_word' id='word_1_504' title='bbox 2578 2205 2817 2259; x_wconf 88' lang='lat' dir='ltr'><strong>divinam</strong></span> <span class='ocrx_word' id='word_1_505' title='bbox 2850 2202 3338 2272; x_wconf 85' lang='lat' dir='ltr'><strong>scmpiternitatem</strong></span> <span class='ocrx_word' id='word_1_506' title='bbox 3360 2201 3498 2270; x_wconf 81' lang='lat'><strong>(67).</strong></span> 
     </span>
    </p>
   </div>
   <div class='ocr_carea' id='block_1_68' title="bbox 2010 2293 3499 2367">
    <p class='ocr_par' dir='ltr' id='par_1_68' title="bbox 2010 2293 3499 2367">
     <span class='ocr_line' id='line_1_68' title="bbox 2010 2293 3499 2367; baseline -0.005 -16"><span class='ocrx_word' id='word_1_507' title='bbox 2010 2296 2068 2353; x_wconf 90' lang='lat' dir='ltr'><strong>Si</strong></span> <span class='ocrx_word' id='word_1_508' title='bbox 2133 2299 2256 2367; x_wconf 90' lang='lat' dir='ltr'><strong>quis</strong></span> <span class='ocrx_word' id='word_1_509' title='bbox 2287 2311 2417 2352; x_wconf 84' lang='lat' dir='ltr'><strong>vero</strong></span> <span class='ocrx_word' id='word_1_510' title='bbox 2459 2296 2532 2352; x_wconf 88' lang='lat' dir='ltr'><strong>sit</strong></span> <span class='ocrx_word' id='word_1_511' title='bbox 2589 2295 2782 2351; x_wconf 69' lang='lat' dir='ltr'><strong>affixus</strong></span> <span class='ocrx_word' id='word_1_512' title='bbox 2832 2295 2959 2349; x_wconf 83' lang='lat' dir='ltr'><strong>huic</strong></span> <span class='ocrx_word' id='word_1_513' title='bbox 3029 2295 3197 2348; x_wconf 88' lang='lat' dir='ltr'><strong>verbo</strong></span> <span class='ocrx_word' id='word_1_514' title='bbox 3236 2311 3256 2344; x_wconf 77' lang='grc' dir='ltr'><strong>ι</strong></span> <span class='ocrx_word' id='word_1_515' title='bbox 3303 2293 3499 2347; x_wconf 85' lang='grc' dir='ltr'>νοΙιιιι-</span> 
     </span>
    </p>
   </div>
   <div class='ocr_carea' id='block_1_69' title="bbox 1940 2386 3499 2460">
    <p class='ocr_par' dir='ltr' id='par_1_69' title="bbox 1940 2386 3499 2460">
     <span class='ocr_line' id='line_1_69' title="bbox 1940 2386 3499 2460; baseline -0.006 -16"><span class='ocrx_word' id='word_1_516' title='bbox 1940 2389 2067 2444; x_wconf 85' lang='lat' dir='ltr'><strong>tatis</strong></span> <span class='ocrx_word' id='word_1_517' title='bbox 2147 2388 2452 2460; x_wconf 69' lang='lat' dir='ltr'><strong>gnomicas,</strong></span> <span class='ocrx_word' id='word_1_518' title='bbox 2506 2404 2523 2439; x_wconf 87' lang='lat' dir='ltr'><strong>t</strong></span> <span class='ocrx_word' id='word_1_519' title='bbox 2590 2398 2643 2441; x_wconf 90' lang='lat' dir='ltr'><strong>et</strong></span> <span class='ocrx_word' id='word_1_520' title='bbox 2716 2386 2782 2441; x_wconf 90' lang='lat' dir='ltr'><strong>ad</strong></span> <span class='ocrx_word' id='word_1_521' title='bbox 2865 2386 3071 2439; x_wconf 83' lang='lat' dir='ltr'><strong>nul&#39;am</strong></span> <span class='ocrx_word' id='word_1_522' title='bbox 3146 2386 3309 2437; x_wconf 87' lang='lat' dir='ltr'><strong>aliam</strong></span> <span class='ocrx_word' id='word_1_523' title='bbox 3403 2399 3499 2437; x_wconf 82' lang='lat' dir='ltr'><strong>so-</strong></span> 
     </span>
    </p>
   </div>
   <div class='ocr_carea' id='block_1_70' title="bbox 1940 2477 3492 2547">
    <p class='ocr_par' dir='ltr' id='par_1_70' title="bbox 1940 2477 3492 2547">
     <span class='ocr_line' id='line_1_70' title="bbox 1940 2477 3492 2547; baseline -0.006 -11"><span class='ocrx_word' id='word_1_524' title='bbox 1940 2480 2199 2536; x_wconf 87' lang='lat' dir='ltr'><strong>lutionem</strong></span> <span class='ocrx_word' id='word_1_525' title='bbox 2245 2494 2310 2534; x_wconf 76' lang='lat' dir='ltr'><strong>ex</strong></span> <span class='ocrx_word' id='word_1_526' title='bbox 2360 2480 2450 2542; x_wconf 90' lang='lat' dir='ltr'><strong>iis,</strong></span> <span class='ocrx_word' id='word_1_527' title='bbox 2491 2494 2629 2547; x_wconf 85' lang='lat' dir='ltr'><strong>quas</strong></span> <span class='ocrx_word' id='word_1_528' title='bbox 2678 2478 2980 2541; x_wconf 46' lang='lat' dir='ltr'><strong>attulimus,</strong></span> <span class='ocrx_word' id='word_1_529' title='bbox 3030 2477 3301 2543; x_wconf 80' lang='lat' dir='ltr'><strong>respicere</strong></span> <span class='ocrx_word' id='word_1_530' title='bbox 3354 2477 3492 2537; x_wconf 83' lang='lat' dir='ltr'><strong>vult,</strong></span> 
     </span>
    </p>
   </div>
   <div class='ocr_carea' id='block_1_71' title="bbox 1940 2566 3502 2639">
    <p class='ocr_par' dir='ltr' id='par_1_71' title="bbox 1940 2566 3502 2639">
     <span class='ocr_line' id='line_1_71' title="bbox 1940 2566 3502 2639; baseline -0.007 -13"><span class='ocrx_word' id='word_1_531' title='bbox 1940 2581 2146 2626; x_wconf 81' lang='lat' dir='ltr'><strong>recreet</strong></span> <span class='ocrx_word' id='word_1_532' title='bbox 2189 2586 2249 2625; x_wconf 85' lang='lat' dir='ltr'><strong>se</strong></span> <span class='ocrx_word' id='word_1_533' title='bbox 2293 2571 2397 2626; x_wconf 89' lang='lat' dir='ltr'><strong>hac</strong></span> <span class='ocrx_word' id='word_1_534' title='bbox 2427 2570 2813 2639; x_wconf 71' lang='lat' dir='ltr'><strong>explicatione,</strong></span> <span class='ocrx_word' id='word_1_535' title='bbox 2854 2578 3040 2636; x_wconf 83' lang='lat' dir='ltr'><strong>posset</strong></span> <span class='ocrx_word' id='word_1_536' title='bbox 3064 2568 3211 2620; x_wconf 88' lang='lat' dir='ltr'><strong>enim</strong></span> <span class='ocrx_word' id='word_1_537' title='bbox 3253 2566 3502 2634; x_wconf 77' lang='lat' dir='ltr'><strong>intelligi,</strong></span> 
     </span>
    </p>
   </div>
   <div class='ocr_carea' id='block_1_72' title="bbox 1942 2654 3503 2715">
    <p class='ocr_par' dir='ltr' id='par_1_72' title="bbox 1942 2654 3503 2715">
     <span class='ocr_line' id='line_1_72' title="bbox 1942 2654 3503 2715; baseline -0.006 0"><span class='ocrx_word' id='word_1_538' title='bbox 1942 2659 2273 2715; x_wconf 87' lang='lat' dir='ltr'><strong>declaratam</strong></span> <span class='ocrx_word' id='word_1_539' title='bbox 2340 2673 2487 2712; x_wconf 88' lang='lat' dir='ltr'><strong>nunc</strong></span> <span class='ocrx_word' id='word_1_540' title='bbox 2540 2672 2662 2714; x_wconf 87' lang='lat' dir='ltr'><strong>esse</strong></span> <span class='ocrx_word' id='word_1_541' title='bbox 2716 2671 2852 2712; x_wconf 86' lang='lat' dir='ltr'><strong>voce</strong></span> <span class='ocrx_word' id='word_1_542' title='bbox 2902 2655 3119 2710; x_wconf 85' lang='lat' dir='ltr'><strong>Domini</strong></span> <span class='ocrx_word' id='word_1_543' title='bbox 3167 2654 3503 2707; x_wconf 84' lang='lat' dir='ltr'><strong>voluntatem</strong></span> 
     </span>
    </p>
   </div>
   <div class='ocr_carea' id='block_1_73' title="bbox 1944 2742 3506 2817">
    <p class='ocr_par' dir='ltr' id='par_1_73' title="bbox 1944 2742 3506 2817">
     <span class='ocr_line' id='line_1_73' title="bbox 1944 2742 3506 2817; baseline -0.005 -14"><span class='ocrx_word' id='word_1_544' title='bbox 1944 2747 2147 2803; x_wconf 84' lang='lat' dir='ltr'><strong>Christi</strong></span> <span class='ocrx_word' id='word_1_545' title='bbox 2172 2748 2497 2817; x_wconf 80' lang='lat' dir='ltr'><strong>gnomicatn,</strong></span> <span class='ocrx_word' id='word_1_546' title='bbox 2530 2762 2634 2801; x_wconf 90' lang='lat' dir='ltr'><strong>nou</strong></span> <span class='ocrx_word' id='word_1_547' title='bbox 2656 2746 2951 2815; x_wconf 87' lang='lat' dir='ltr'><strong>spectando</strong></span> <span class='ocrx_word' id='word_1_548' title='bbox 2972 2744 3115 2815; x_wconf 91' lang='lat' dir='ltr'><strong>quod</strong></span> <span class='ocrx_word' id='word_1_549' title='bbox 3134 2744 3202 2798; x_wconf 90' lang='lat' dir='ltr'><strong>ad</strong></span> <span class='ocrx_word' id='word_1_550' title='bbox 3230 2742 3506 2797; x_wconf 84' lang='lat' dir='ltr'><strong>hominem</strong></span> 
     </span>
    </p>
   </div>
   <div class='ocr_carea' id='block_1_74' title="bbox 1944 2826 3505 2904">
    <p class='ocr_par' dir='ltr' id='par_1_74' title="bbox 1944 2826 3505 2904">
     <span class='ocr_line' id='line_1_74' title="bbox 1944 2826 3505 2904; baseline -0.006 -14"><span class='ocrx_word' id='word_1_551' title='bbox 1944 2837 2121 2891; x_wconf 88' lang='lat' dir='ltr'><strong>solum</strong></span> <span class='ocrx_word' id='word_1_552' title='bbox 2173 2833 2425 2904; x_wconf 86' lang='lat' dir='ltr'><strong>pertinet,</strong></span> <span class='ocrx_word' id='word_1_553' title='bbox 2456 2833 2550 2888; x_wconf 87' lang='lat' dir='ltr'><strong>sed</strong></span> <span class='ocrx_word' id='word_1_554' title='bbox 2578 2833 2722 2901; x_wconf 86' lang='lat' dir='ltr'><strong>quod</strong></span> <span class='ocrx_word' id='word_1_555' title='bbox 2764 2831 2831 2886; x_wconf 89' lang='lat' dir='ltr'><strong>ad</strong></span> <span class='ocrx_word' id='word_1_556' title='bbox 2858 2830 3159 2896; x_wconf 85' lang='lat' dir='ltr'><strong>Christum,</strong></span> <span class='ocrx_word' id='word_1_557' title='bbox 3205 2828 3348 2899; x_wconf 90' lang='lat' dir='ltr'><strong>quod</strong></span> <span class='ocrx_word' id='word_1_558' title='bbox 3377 2826 3505 2897; x_wconf 78' lang='lat' dir='ltr'><strong>qui-</strong></span> 
     </span>
    </p>
   </div>
   <div class='ocr_carea' id='block_1_75' title="bbox 1946 2915 3507 2981">
    <p class='ocr_par' dir='ltr' id='par_1_75' title="bbox 1946 2915 3507 2981">
     <span class='ocr_line' id='line_1_75' title="bbox 1946 2915 3507 2981; baseline -0.01 -2"><span class='ocrx_word' id='word_1_559' title='bbox 1946 2926 2068 2980; x_wconf 85' lang='lat' dir='ltr'><strong>dem</strong></span> <span class='ocrx_word' id='word_1_560' title='bbox 2111 2938 2235 2978; x_wconf 89' lang='lat' dir='ltr'><strong>eum</strong></span> <span class='ocrx_word' id='word_1_561' title='bbox 2286 2930 2457 2976; x_wconf 89' lang='lat' dir='ltr'><strong>totum</strong></span> <span class='ocrx_word' id='word_1_562' title='bbox 2504 2926 2652 2975; x_wconf 87' lang='lat' dir='ltr'><strong>esset</strong></span> <span class='ocrx_word' id='word_1_563' title='bbox 2689 2918 3012 2981; x_wconf 81' lang='lat' dir='ltr'><strong>divinitatis,</strong></span> <span class='ocrx_word' id='word_1_564' title='bbox 3061 2931 3221 2972; x_wconf 81' lang='lat' dir='ltr'><strong>suam</strong></span> <span class='ocrx_word' id='word_1_565' title='bbox 3271 2915 3507 2968; x_wconf 86' lang='lat' dir='ltr'><strong>cireum-</strong></span> 
     </span>
    </p>
   </div>
   <div class='ocr_carea' id='block_1_76' title="bbox 1948 3006 3508 3086">
    <p class='ocr_par' dir='ltr' id='par_1_76' title="bbox 1948 3006 3508 3086">
     <span class='ocr_line' id='line_1_76' title="bbox 1948 3006 3508 3086; baseline -0.008 -15"><span class='ocrx_word' id='word_1_566' title='bbox 1948 3014 2295 3086; x_wconf 87' lang='lat' dir='ltr'><strong>scriptiouem</strong></span> <span class='ocrx_word' id='word_1_567' title='bbox 2336 3013 2403 3066; x_wconf 88' lang='lat' dir='ltr'><strong>ad</strong></span> <span class='ocrx_word' id='word_1_568' title='bbox 2431 3011 2754 3065; x_wconf 68' lang='lat' dir='ltr'><strong>infinitatem</strong></span> <span class='ocrx_word' id='word_1_569' title='bbox 2801 3010 3041 3064; x_wconf 79' lang='lat' dir='ltr'><strong>divinam</strong></span> <span class='ocrx_word' id='word_1_570' title='bbox 3086 3006 3287 3072; x_wconf 80' lang='lat' dir='ltr'><strong>refert;</strong></span> <span class='ocrx_word' id='word_1_571' title='bbox 3334 3020 3508 3073; x_wconf 86' lang='lat' dir='ltr'><strong>neque</strong></span> 
     </span>
    </p>
   </div>
   <div class='ocr_carea' id='block_1_77' title="bbox 1949 3098 3507 3169">
    <p class='ocr_par' dir='ltr' id='par_1_77' title="bbox 1949 3098 3507 3169">
     <span class='ocr_line' id='line_1_77' title="bbox 1949 3098 3507 3169; baseline -0.008 -8"><span class='ocrx_word' id='word_1_572' title='bbox 1949 3123 2140 3161; x_wconf 88' lang='lat' dir='ltr'><strong>rursus</strong></span> <span class='ocrx_word' id='word_1_573' title='bbox 2187 3104 2345 3159; x_wconf 88' lang='lat' dir='ltr'><strong>nobis</strong></span> <span class='ocrx_word' id='word_1_574' title='bbox 2379 3103 2693 3157; x_wconf 78' lang='lat' dir='ltr'><strong>exorientur</strong></span> <span class='ocrx_word' id='word_1_575' title='bbox 2723 3102 2843 3155; x_wconf 71' lang='lat' dir='ltr'><strong>duae</strong></span> <span class='ocrx_word' id='word_1_576' title='bbox 2884 3101 3188 3154; x_wconf 87' lang='lat' dir='ltr'><strong>voluntates</strong></span> <span class='ocrx_word' id='word_1_577' title='bbox 3219 3098 3507 3169; x_wconf 73' lang='lat' dir='ltr'><strong>gnomicze,</strong></span> 
     </span>
    </p>
   </div>
   <div class='ocr_carea' id='block_1_78' title="bbox 1949 3186 3507 3266">
    <p class='ocr_par' dir='ltr' id='par_1_78' title="bbox 1949 3186 3507 3266">
     <span class='ocr_line' id='line_1_78' title="bbox 1949 3186 3507 3266; baseline -0.009 -16"><span class='ocrx_word' id='word_1_578' title='bbox 1949 3197 2074 3266; x_wconf 85' lang='lat' dir='ltr'><strong>quia</strong></span> <span class='ocrx_word' id='word_1_579' title='bbox 2106 3195 2251 3248; x_wconf 89' lang='lat' dir='ltr'><strong>aliud</strong></span> <span class='ocrx_word' id='word_1_580' title='bbox 2280 3205 2333 3248; x_wconf 90' lang='lat' dir='ltr'><strong>et</strong></span> <span class='ocrx_word' id='word_1_581' title='bbox 2360 3191 2506 3246; x_wconf 82' lang='lat' dir='ltr'><strong>aliud</strong></span> <span class='ocrx_word' id='word_1_582' title='bbox 2537 3192 2737 3256; x_wconf 89' lang='lat' dir='ltr'><strong>dicere,</strong></span> <span class='ocrx_word' id='word_1_583' title='bbox 2766 3189 2931 3243; x_wconf 81' lang='lat' dir='ltr'><strong>infert</strong></span> <span class='ocrx_word' id='word_1_584' title='bbox 2958 3188 3153 3256; x_wconf 79' lang='lat' dir='ltr'><strong>duplex</strong></span> <span class='ocrx_word' id='word_1_585' title='bbox 3188 3200 3332 3250; x_wconf 88' lang='lat' dir='ltr'><strong>esse,</strong></span> <span class='ocrx_word' id='word_1_586' title='bbox 3360 3186 3507 3254; x_wconf 86' lang='lat' dir='ltr'><strong>quod</strong></span> 
     </span>
    </p>
   </div>
   <div class='ocr_carea' id='block_1_79' title="bbox 1950 3277 3507 3351">
    <p class='ocr_par' dir='ltr' id='par_1_79' title="bbox 1950 3277 3507 3351">
     <span class='ocr_line' id='line_1_79' title="bbox 1950 3277 3507 3351; baseline -0.008 -9"><span class='ocrx_word' id='word_1_587' title='bbox 1950 3294 2228 3351; x_wconf 85' lang='lat' dir='ltr'><strong>movetur;</strong></span> <span class='ocrx_word' id='word_1_588' title='bbox 2264 3285 2419 3339; x_wconf 78' lang='lat' dir='ltr'><strong>aliter</strong></span> <span class='ocrx_word' id='word_1_589' title='bbox 2474 3298 2602 3337; x_wconf 88' lang='lat' dir='ltr'><strong>vero</strong></span> <span class='ocrx_word' id='word_1_590' title='bbox 2652 3292 2706 3336; x_wconf 92' lang='lat' dir='ltr'><strong>et</strong></span> <span class='ocrx_word' id='word_1_591' title='bbox 2751 3282 2925 3347; x_wconf 81' lang='lat' dir='ltr'><strong>aliter,</strong></span> <span class='ocrx_word' id='word_1_592' title='bbox 2955 3279 3120 3335; x_wconf 78' lang='lat' dir='ltr'><strong>infert</strong></span> <span class='ocrx_word' id='word_1_593' title='bbox 3147 3277 3507 3333; x_wconf 87' lang='lat' dir='ltr'><strong>variationem</strong></span> 
     </span>
    </p>
   </div>
   <div class='ocr_carea' id='block_1_80' title="bbox 1947 3371 3508 3439">
    <p class='ocr_par' dir='ltr' id='par_1_80' title="bbox 1947 3371 3508 3439">
     <span class='ocr_line' id='line_1_80' title="bbox 1947 3371 3508 3439; baseline -0.008 -8"><span class='ocrx_word' id='word_1_594' title='bbox 1947 3386 2003 3431; x_wconf 90' lang='lat' dir='ltr'><strong>et</strong></span> <span class='ocrx_word' id='word_1_595' title='bbox 2034 3375 2406 3430; x_wconf 84' lang='lat' dir='ltr'><strong>diversitatem</strong></span> <span class='ocrx_word' id='word_1_596' title='bbox 2464 3371 2873 3433; x_wconf 85' lang='lat' dir='ltr'><strong>babitudinutn,</strong></span> <span class='ocrx_word' id='word_1_597' title='bbox 2928 3383 3274 3439; x_wconf 83' lang='lat' dir='ltr'><strong>nequaquam</strong></span> <span class='ocrx_word' id='word_1_598' title='bbox 3326 3378 3508 3423; x_wconf 78' lang='lat' dir='ltr'><strong>tamen</strong></span> 
     </span>
    </p>
   </div>
   <div class='ocr_carea' id='block_1_81' title="bbox 1948 3460 3505 3534">
    <p class='ocr_par' dir='ltr' id='par_1_81' title="bbox 1948 3460 3505 3534">
     <span class='ocr_line' id='line_1_81' title="bbox 1948 3460 3505 3534; baseline -0.008 -11"><span class='ocrx_word' id='word_1_599' title='bbox 1948 3467 2269 3523; x_wconf 85' lang='lat' dir='ltr'><strong>divisionem</strong></span> <span class='ocrx_word' id='word_1_600' title='bbox 2299 3474 2353 3519; x_wconf 92' lang='lat' dir='ltr'><strong>et</strong></span> <span class='ocrx_word' id='word_1_601' title='bbox 2387 3464 2783 3534; x_wconf 84' lang='lat' dir='ltr'><strong>separatiouent</strong></span> <span class='ocrx_word' id='word_1_602' title='bbox 2808 3461 2949 3530; x_wconf 85' lang='lat' dir='ltr'><strong>ejus,</strong></span> <span class='ocrx_word' id='word_1_603' title='bbox 2977 3460 3121 3530; x_wconf 85' lang='lat' dir='ltr'><strong>quod</strong></span> <span class='ocrx_word' id='word_1_604' title='bbox 3144 3468 3228 3514; x_wconf 89' lang='lat' dir='ltr'><strong>est</strong></span> <span class='ocrx_word' id='word_1_605' title='bbox 3253 3473 3318 3513; x_wconf 79' lang='lat' dir='ltr'><strong>ex</strong></span> <span class='ocrx_word' id='word_1_606' title='bbox 3346 3466 3505 3513; x_wconf 75' lang='lat' dir='ltr'><strong>aeter-</strong></span> 
     </span>
    </p>
   </div>
   <div class='ocr_carea' id='block_1_82' title="bbox 1949 3550 3512 3627">
    <p class='ocr_par' dir='ltr' id='par_1_82' title="bbox 1949 3550 3512 3627">
     <span class='ocr_line' id='line_1_82' title="bbox 1949 3550 3512 3627; baseline -0.007 -14"><span class='ocrx_word' id='word_1_607' title='bbox 1949 3561 2117 3613; x_wconf 86' lang='lat' dir='ltr'><strong>nitate</strong></span> <span class='ocrx_word' id='word_1_608' title='bbox 2154 3557 2287 3627; x_wconf 83' lang='lat'><strong>(68),</strong></span> <span class='ocrx_word' id='word_1_609' title='bbox 2317 3568 2372 3612; x_wconf 92' lang='lat' dir='ltr'><strong>et</strong></span> <span class='ocrx_word' id='word_1_610' title='bbox 2401 3556 2502 3612; x_wconf 83' lang='lat' dir='ltr'><strong>hoc</strong></span> <span class='ocrx_word' id='word_1_611' title='bbox 2520 3555 2740 3626; x_wconf 81' lang='lat' dir='ltr'><strong>quidem</strong></span> <span class='ocrx_word' id='word_1_612' title='bbox 2774 3554 2935 3607; x_wconf 89' lang='lat' dir='ltr'><strong>etiam</strong></span> <span class='ocrx_word' id='word_1_613' title='bbox 2975 3553 3062 3619; x_wconf 88' lang='lat' dir='ltr'><strong>iis,</strong></span> <span class='ocrx_word' id='word_1_614' title='bbox 3130 3551 3225 3621; x_wconf 92' lang='lat' dir='ltr'><strong>qui</strong></span> <span class='ocrx_word' id='word_1_615' title='bbox 3256 3550 3324 3605; x_wconf 87' lang='lat' dir='ltr'><strong>de</strong></span> <span class='ocrx_word' id='word_1_616' title='bbox 3348 3550 3512 3618; x_wconf 73' lang='lat' dir='ltr'><strong>vulgo</strong></span> 
     </span>
    </p>
   </div>
   <div class='ocr_carea' id='block_1_83' title="bbox 1949 3644 3511 3717">
    <p class='ocr_par' dir='ltr' id='par_1_83' title="bbox 1949 3644 3511 3717">
     <span class='ocr_line' id='line_1_83' title="bbox 1949 3644 3511 3717; baseline -0.008 -10"><span class='ocrx_word' id='word_1_617' title='bbox 1949 3662 2100 3715; x_wconf 87' lang='lat' dir='ltr'><strong>sunt,</strong></span> <span class='ocrx_word' id='word_1_618' title='bbox 2124 3652 2365 3715; x_wconf 77' lang='lat' dir='ltr'><strong>obvium,</strong></span> <span class='ocrx_word' id='word_1_619' title='bbox 2392 3658 2447 3705; x_wconf 88' lang='lat' dir='ltr'><strong>et</strong></span> <span class='ocrx_word' id='word_1_620' title='bbox 2472 3650 2795 3717; x_wconf 80' lang='lat' dir='ltr'><strong>investigato</strong></span> <span class='ocrx_word' id='word_1_621' title='bbox 2844 3646 3003 3702; x_wconf 87' lang='lat' dir='ltr'><strong>facile</strong></span> <span class='ocrx_word' id='word_1_622' title='bbox 3043 3654 3145 3701; x_wconf 89' lang='lat' dir='ltr'><strong>est.</strong></span> <span class='ocrx_word' id='word_1_623' title='bbox 3177 3646 3245 3699; x_wconf 76' lang='lat' dir='ltr'><strong>At</strong></span> <span class='ocrx_word' id='word_1_624' title='bbox 3279 3644 3511 3698; x_wconf 80' lang='lat' dir='ltr'><strong>alterum</strong></span> 
     </span>
    </p>
   </div>
   <div class='ocr_carea' id='block_1_84' title="bbox 1951 3732 3512 3808">
    <p class='ocr_par' dir='ltr' id='par_1_84' title="bbox 1951 3732 3512 3808">
     <span class='ocr_line' id='line_1_84' title="bbox 1951 3732 3512 3808; baseline -0.006 -14"><span class='ocrx_word' id='word_1_625' title='bbox 1951 3756 2061 3794; x_wconf 91' lang='lat' dir='ltr'><strong>non</strong></span> <span class='ocrx_word' id='word_1_626' title='bbox 2111 3740 2315 3808; x_wconf 86' lang='lat' dir='ltr'><strong>absque</strong></span> <span class='ocrx_word' id='word_1_627' title='bbox 2346 3739 2549 3805; x_wconf 88' lang='lat' dir='ltr'><strong>studio,</strong></span> <span class='ocrx_word' id='word_1_628' title='bbox 2595 3737 2895 3808; x_wconf 75' lang='lat' dir='ltr'><strong>diligentia,</strong></span> <span class='ocrx_word' id='word_1_629' title='bbox 2939 3744 2993 3791; x_wconf 92' lang='lat' dir='ltr'><strong>et</strong></span> <span class='ocrx_word' id='word_1_630' title='bbox 3035 3735 3426 3791; x_wconf 79' lang='lat' dir='ltr'><strong>exercitatione</strong></span> <span class='ocrx_word' id='word_1_631' title='bbox 3458 3732 3512 3786; x_wconf 90' lang='lat' dir='ltr'><strong>in</strong></span> 
     </span>
    </p>
   </div>
   <div class='ocr_carea' id='block_1_85' title="bbox 1951 3826 3514 3901">
    <p class='ocr_par' dir='ltr' id='par_1_85' title="bbox 1951 3826 3514 3901">
     <span class='ocr_line' id='line_1_85' title="bbox 1951 3826 3514 3901; baseline -0.002 -17"><span class='ocrx_word' id='word_1_632' title='bbox 1951 3831 2411 3900; x_wconf 77' lang='lat' dir='ltr'><strong>disputationibus</strong></span> <span class='ocrx_word' id='word_1_633' title='bbox 2440 3832 2809 3901; x_wconf 71' lang='lat' dir='ltr'><strong>cognoscitur,</strong></span> <span class='ocrx_word' id='word_1_634' title='bbox 2846 3830 2966 3885; x_wconf 86' lang='lat' dir='ltr'><strong>sine</strong></span> <span class='ocrx_word' id='word_1_635' title='bbox 3009 3844 3115 3897; x_wconf 85' lang='lat' dir='ltr'><strong>qua</strong></span> <span class='ocrx_word' id='word_1_636' title='bbox 3158 3842 3225 3882; x_wconf 86' lang='lat' dir='ltr'><strong>ne</strong></span> <span class='ocrx_word' id='word_1_637' title='bbox 3268 3826 3514 3897; x_wconf 80' lang='lat' dir='ltr'><strong>vestigiis</strong></span> 
     </span>
    </p>
   </div>
   <div class='ocr_carea' id='block_1_86' title="bbox 1952 3920 3348 3993">
    <p class='ocr_par' dir='ltr' id='par_1_86' title="bbox 1952 3920 3348 3993">
     <span class='ocr_line' id='line_1_86' title="bbox 1952 3920 3348 3993; baseline -0.001 -20"><span class='ocrx_word' id='word_1_638' title='bbox 1952 3924 2167 3993; x_wconf 83' lang='lat' dir='ltr'><strong>quidem</strong></span> <span class='ocrx_word' id='word_1_639' title='bbox 2197 3924 2336 3992; x_wconf 89' lang='lat' dir='ltr'><strong>ejus,</strong></span> <span class='ocrx_word' id='word_1_640' title='bbox 2360 3938 2523 3993; x_wconf 86' lang='lat' dir='ltr'><strong>quam</strong></span> <span class='ocrx_word' id='word_1_641' title='bbox 2546 3924 2783 3987; x_wconf 79' lang='lat' dir='ltr'><strong>venaris,</strong></span> <span class='ocrx_word' id='word_1_642' title='bbox 2812 3920 3081 3984; x_wconf 87' lang='lat' dir='ltr'><strong>veritatis,</strong></span> <span class='ocrx_word' id='word_1_643' title='bbox 3106 3920 3348 3973; x_wconf 88' lang='lat' dir='ltr'><strong>insistes.</strong></span> 
     </span>
    </p>
   </div>
   <div class='ocr_carea' id='block_1_87' title="bbox 2026 4010 3515 4082">
    <p class='ocr_par' dir='ltr' id='par_1_87' title="bbox 2026 4010 3515 4082">
     <span class='ocr_line' id='line_1_87' title="bbox 2026 4010 3515 4082; baseline -0.003 -14"><span class='ocrx_word' id='word_1_644' title='bbox 2026 4013 2284 4082; x_wconf 77' lang='lat' dir='ltr'><strong>Ejusdem</strong></span> <span class='ocrx_word' id='word_1_645' title='bbox 2328 4014 2613 4069; x_wconf 70' lang='lat' dir='ltr'><strong>sententia:</strong></span> <span class='ocrx_word' id='word_1_646' title='bbox 2655 4022 2739 4069; x_wconf 87' lang='lat' dir='ltr'><strong>est</strong></span> <span class='ocrx_word' id='word_1_647' title='bbox 2786 4013 2920 4066; x_wconf 86' lang='lat' dir='ltr'><strong>illud</strong></span> <span class='ocrx_word' id='word_1_648' title='bbox 2948 4031 2961 4068; x_wconf 92' lang='lat'><strong>:</strong></span> <span class='ocrx_word' id='word_1_649' title='bbox 2994 4031 3013 4064; x_wconf 87' lang='lat' dir='ltr'><strong>t</strong></span> <span class='ocrx_word' id='word_1_650' title='bbox 3042 4010 3225 4074; x_wconf 80' lang='lat' dir='ltr'><strong>Pater,</strong></span> <span class='ocrx_word' id='word_1_651' title='bbox 3259 4011 3303 4064; x_wconf 90' lang='lat' dir='ltr'><strong>si</strong></span> <span class='ocrx_word' id='word_1_652' title='bbox 3336 4010 3515 4080; x_wconf 82' lang='lat' dir='ltr'><strong>possi-</strong></span> 
     </span>
    </p>
   </div>
   <div class='ocr_carea' id='block_1_88' title="bbox 1954 4104 3519 4169">
    <p class='ocr_par' dir='ltr' id='par_1_88' title="bbox 1954 4104 3519 4169">
     <span class='ocr_line' id='line_1_88' title="bbox 1954 4104 3519 4169; baseline -0.003 -9"><span class='ocrx_word' id='word_1_653' title='bbox 1954 4104 2081 4168; x_wconf 87' lang='lat' dir='ltr'><strong>bile,</strong></span> <span class='ocrx_word' id='word_1_654' title='bbox 2108 4113 2193 4159; x_wconf 85' lang='lat' dir='ltr'><strong>est</strong></span> <span class='ocrx_word' id='word_1_655' title='bbox 2220 4113 2458 4159; x_wconf 86' lang='lat' dir='ltr'><strong>transeat</strong></span> <span class='ocrx_word' id='word_1_656' title='bbox 2481 4120 2629 4159; x_wconf 81' lang='lat' dir='ltr'><strong>a-me</strong></span> <span class='ocrx_word' id='word_1_657' title='bbox 2662 4105 2801 4159; x_wconf 85' lang='lat' dir='ltr'><strong>calix</strong></span> <span class='ocrx_word' id='word_1_658' title='bbox 2834 4104 2964 4169; x_wconf 87' lang='lat' dir='ltr'><strong>iste;</strong></span> <span class='ocrx_word' id='word_1_659' title='bbox 2995 4114 3364 4158; x_wconf 79' lang='lat' dir='ltr'><strong>verumtamen</strong></span> <span class='ocrx_word' id='word_1_660' title='bbox 3409 4117 3519 4155; x_wconf 85' lang='lat' dir='ltr'><strong>nou</strong></span> 
     </span>
    </p>
   </div>
   <div class='ocr_carea' id='block_1_89' title="bbox 1957 4192 3517 4266">
    <p class='ocr_par' dir='ltr' id='par_1_89' title="bbox 1957 4192 3517 4266">
     <span class='ocr_line' id='line_1_89' title="bbox 1957 4192 3517 4266; baseline -0.004 -15"><span class='ocrx_word' id='word_1_661' title='bbox 1957 4197 2100 4251; x_wconf 91' lang='lat' dir='ltr'><strong>sicut</strong></span> <span class='ocrx_word' id='word_1_662' title='bbox 2143 4210 2243 4266; x_wconf 78' lang='lat' dir='ltr'><strong>ego</strong></span> <span class='ocrx_word' id='word_1_663' title='bbox 2297 4196 2440 4261; x_wconf 79' lang='lat' dir='ltr'><strong>volo,</strong></span> <span class='ocrx_word' id='word_1_664' title='bbox 2500 4196 2591 4250; x_wconf 90' lang='lat' dir='ltr'><strong>sed</strong></span> <span class='ocrx_word' id='word_1_665' title='bbox 2641 4196 2786 4250; x_wconf 88' lang='lat' dir='ltr'><strong>sicut</strong></span> <span class='ocrx_word' id='word_1_666' title='bbox 2843 4203 2897 4250; x_wconf 92' lang='lat' dir='ltr'><strong>tu</strong></span> <span class='ocrx_word' id='word_1_667' title='bbox 2922 4194 2989 4248; x_wconf 85' lang='grc'><strong>⁸⁸.</strong></span> <span class='ocrx_word' id='word_1_668' title='bbox 3027 4212 3044 4245; x_wconf 75' lang='grc' dir='ltr'><strong>ι</strong></span> <span class='ocrx_word' id='word_1_669' title='bbox 3109 4192 3322 4247; x_wconf 74' lang='lat' dir='ltr'><strong>Naturae</strong></span> <span class='ocrx_word' id='word_1_670' title='bbox 3371 4193 3517 4246; x_wconf 82' lang='lat' dir='ltr'><strong>enim</strong></span> 
     </span>
    </p>
   </div>
   <div class='ocr_carea' id='block_1_90' title="bbox 1958 4286 3518 4351">
    <p class='ocr_par' dir='ltr' id='par_1_90' title="bbox 1958 4286 3518 4351">
     <span class='ocr_line' id='line_1_90' title="bbox 1958 4286 3518 4351; baseline -0.002 -9"><span class='ocrx_word' id='word_1_671' title='bbox 1958 4288 2209 4342; x_wconf 72' lang='lat' dir='ltr'><strong>humana:</strong></span> <span class='ocrx_word' id='word_1_672' title='bbox 2231 4296 2368 4351; x_wconf 86' lang='lat' dir='ltr'><strong>erat,</strong></span> <span class='ocrx_word' id='word_1_673' title='bbox 2404 4288 2697 4342; x_wconf 86' lang='lat' dir='ltr'><strong>formidare</strong></span> <span class='ocrx_word' id='word_1_674' title='bbox 2729 4296 2982 4349; x_wconf 86' lang='lat' dir='ltr'><strong>mortem,</strong></span> <span class='ocrx_word' id='word_1_675' title='bbox 3012 4286 3211 4341; x_wconf 66' lang='lat' dir='ltr'><strong>divinae</strong></span> <span class='ocrx_word' id='word_1_676' title='bbox 3241 4300 3371 4339; x_wconf 87' lang='lat' dir='ltr'><strong>vero</strong></span> <span class='ocrx_word' id='word_1_677' title='bbox 3410 4300 3518 4339; x_wconf 82' lang='lat' dir='ltr'><strong>non</strong></span> 
     </span>
    </p>
   </div>
   <div class='ocr_carea' id='block_1_91' title="bbox 1959 4376 3520 4449">
    <p class='ocr_par' dir='ltr' id='par_1_91' title="bbox 1959 4376 3520 4449">
     <span class='ocr_line' id='line_1_91' title="bbox 1959 4376 3520 4449; baseline -0.003 -15"><span class='ocrx_word' id='word_1_678' title='bbox 1959 4380 2159 4441; x_wconf 88' lang='lat' dir='ltr'><strong>solum,</strong></span> <span class='ocrx_word' id='word_1_679' title='bbox 2194 4395 2367 4449; x_wconf 78' lang='lat' dir='ltr'><strong>neque</strong></span> <span class='ocrx_word' id='word_1_680' title='bbox 2404 4395 2526 4435; x_wconf 82' lang='lat' dir='ltr'><strong>cum</strong></span> <span class='ocrx_word' id='word_1_681' title='bbox 2578 4394 2726 4433; x_wconf 88' lang='lat' dir='ltr'><strong>mors</strong></span> <span class='ocrx_word' id='word_1_682' title='bbox 2761 4380 2997 4441; x_wconf 82' lang='lat' dir='ltr'><strong>adesset,</strong></span> <span class='ocrx_word' id='word_1_683' title='bbox 3028 4376 3341 4431; x_wconf 85' lang='lat' dir='ltr'><strong>conturbari</strong></span> <span class='ocrx_word' id='word_1_684' title='bbox 3371 4394 3386 4441; x_wconf 90' lang='lat'><strong>;</strong></span> <span class='ocrx_word' id='word_1_685' title='bbox 3422 4376 3520 4432; x_wconf 82' lang='lat' dir='ltr'><strong>sed</strong></span> 
     </span>
    </p>
   </div>
   <div class='ocr_carea' id='block_1_92' title="bbox 1958 4468 3519 4541">
    <p class='ocr_par' dir='ltr' id='par_1_92' title="bbox 1958 4468 3519 4541">
     <span class='ocr_line' id='line_1_92' title="bbox 1958 4468 3519 4541; baseline -0.003 -14"><span class='ocrx_word' id='word_1_686' title='bbox 1958 4474 2122 4527; x_wconf 87' lang='lat' dir='ltr'><strong>etiam</strong></span> <span class='ocrx_word' id='word_1_687' title='bbox 2169 4480 2446 4526; x_wconf 72' lang='lat' dir='ltr'><strong>aut-torem</strong></span> <span class='ocrx_word' id='word_1_688' title='bbox 2497 4473 2615 4541; x_wconf 75' lang='lat' dir='ltr'><strong>ejus</strong></span> <span class='ocrx_word' id='word_1_689' title='bbox 2659 4487 2779 4527; x_wconf 88' lang='lat' dir='ltr'><strong>esse</strong></span> <span class='ocrx_word' id='word_1_690' title='bbox 2820 4470 2954 4541; x_wconf 80' lang='lat'><strong>(69),</strong></span> <span class='ocrx_word' id='word_1_691' title='bbox 3007 4470 3278 4525; x_wconf 84' lang='lat' dir='ltr'><strong>desiderio</strong></span> <span class='ocrx_word' id='word_1_692' title='bbox 3328 4468 3519 4524; x_wconf 80' lang='lat' dir='ltr'><strong>salutis</strong></span> 
     </span>
    </p>
   </div>
   <div class='ocr_carea' id='block_1_93' title="bbox 1559 4670 2241 4732">
    <p class='ocr_par' dir='ltr' id='par_1_93' title="bbox 1559 4670 2241 4732">
     <span class='ocr_line' id='line_1_93' title="bbox 1559 4670 2241 4732; baseline 0.015 -10"><span class='ocrx_word' id='word_1_693' title='bbox 1559 4670 1793 4727; x_wconf 74' lang='lat' dir='ltr'><strong>VARUE</strong></span> <span class='ocrx_word' id='word_1_694' title='bbox 1834 4674 2241 4732; x_wconf 76' lang='lat' dir='ltr'><strong>LECTIONES.</strong></span> 
     </span>
    </p>
   </div>
   <div class='ocr_carea' id='block_1_94' title="bbox 360 4786 2549 4865">
    <p class='ocr_par' dir='ltr' id='par_1_94' title="bbox 360 4786 2549 4865">
     <span class='ocr_line' id='line_1_94' title="bbox 360 4786 2549 4865; baseline 0.006 -29"><span class='ocrx_word' id='word_1_695' title='bbox 360 4795 390 4836; x_wconf 69' lang='grc' dir='ltr'>ς</span> <span class='ocrx_word' id='word_1_696' title='bbox 427 4786 464 4839; x_wconf 87' lang='grc' dir='ltr'><strong>ι.</strong></span> <span class='ocrx_word' id='word_1_697' title='bbox 523 4788 673 4856; x_wconf 63' lang='grc' dir='ltr'>παρὰ</span> <span class='ocrx_word' id='word_1_698' title='bbox 708 4788 766 4840; x_wconf 84' lang='grc' dir='ltr'>τὸ</span> <span class='ocrx_word' id='word_1_699' title='bbox 813 4788 928 4842; x_wconf 80' lang='grc' dir='ltr'>τοῦ.</span> <span class='ocrx_word' id='word_1_700' title='bbox 990 4796 1015 4825; x_wconf 85' lang='grc'><strong><em>⁸</em></strong></span> <span class='ocrx_word' id='word_1_701' title='bbox 1048 4788 1468 4861; x_wconf 77' lang='grc' dir='ltr'>προσανάκυψει,</span> <span class='ocrx_word' id='word_1_702' title='bbox 1496 4802 1554 4843; x_wconf 87' lang='grc' dir='ltr'><strong>ιιι</strong></span> <span class='ocrx_word' id='word_1_703' title='bbox 1614 4790 1771 4843; x_wconf 82' lang='lat' dir='ltr'><strong>habet</strong></span> <span class='ocrx_word' id='word_1_704' title='bbox 1800 4791 1960 4844; x_wconf 69' lang='lat' dir='ltr'><strong>rudes</strong></span> <span class='ocrx_word' id='word_1_705' title='bbox 1982 4792 2218 4849; x_wconf 83' lang='lat' dir='ltr'><strong>Colbert.</strong></span> <span class='ocrx_word' id='word_1_706' title='bbox 2277 4795 2293 4830; x_wconf 76' lang='grc' dir='ltr'>ι</span> <span class='ocrx_word' id='word_1_707' title='bbox 2327 4794 2429 4864; x_wconf 85' lang='lat' dir='ltr'><strong>leg.</strong></span> <span class='ocrx_word' id='word_1_708' title='bbox 2452 4792 2549 4865; x_wconf 81' lang='grc' dir='ltr'><strong>τῷ.</strong></span> 
     </span>
    </p>
   </div>
   <div class='ocr_carea' id='block_1_95' title="bbox 1808 4908 2036 4965">
    <p class='ocr_par' dir='ltr' id='par_1_95' title="bbox 1808 4908 2036 4965">
     <span class='ocr_line' id='line_1_95' title="bbox 1808 4908 2036 4965; baseline 0.022 -5"><span class='ocrx_word' id='word_1_709' title='bbox 1808 4908 2036 4965; x_wconf 72' lang='lat' dir='ltr'><strong>NOTAE}.</strong></span> 
     </span>
    </p>
   </div>
   <div class='ocr_carea' id='block_1_96' title="bbox 372 4909 3515 5125">
    <p class='ocr_par' dir='ltr' id='par_1_96' title="bbox 372 4909 3515 5125">
     <span class='ocr_line' id='line_1_96' title="bbox 1808 4909 2036 4965; baseline 0.022 -5"><span class='ocrx_word' id='word_1_710' title='bbox 1808 4909 2036 4965; x_wconf 73' lang='lat' dir='ltr'><strong>NOTAE}.</strong></span> 
     </span>
     <span class='ocr_line' id='line_1_97' title="bbox 372 4992 3515 5125; baseline 0.003 -79"><span class='ocrx_word' id='word_1_711' title='bbox 372 4996 487 5077; x_wconf 68' lang='lat' dir='ltr'><strong>(fili)</strong></span> <span class='ocrx_word' id='word_1_712' title='bbox 521 4992 644 5050; x_wconf 83' lang='lat' dir='ltr'><strong>Sine</strong></span> <span class='ocrx_word' id='word_1_713' title='bbox 672 4994 784 5047; x_wconf 78' lang='lat' dir='ltr'><strong>ulla</strong></span> <span class='ocrx_word' id='word_1_714' title='bbox 812 4996 1100 5049; x_wconf 74' lang='lat' dir='ltr'><strong>variatione</strong></span> <span class='ocrx_word' id='word_1_715' title='bbox 1126 4997 1178 5049; x_wconf 79' lang='lat' dir='ltr'><strong>in</strong></span> <span class='ocrx_word' id='word_1_716' title='bbox 1215 4995 1379 5049; x_wconf 80' lang='lat' dir='ltr'><strong>tribus</strong></span> <span class='ocrx_word' id='word_1_717' title='bbox 1414 4998 1668 5063; x_wconf 79' lang='lat' dir='ltr'><strong>personis.</strong></span> <span class='ocrx_word' id='word_1_718' title='bbox 1696 4998 1859 5079; x_wconf 64' lang='lat' dir='ltr'><strong>‘.\7_:a-</strong></span> <span class='ocrx_word' id='word_1_719' title='bbox 1885 5003 1937 5062; x_wconf 92' lang='lat' dir='ltr'><strong>D</strong></span> <span class='ocrx_word' id='word_1_720' title='bbox 1961 5001 2172 5070; x_wconf 74' lang='grc' dir='ltr'>εἰσάγει</span> <span class='ocrx_word' id='word_1_721' title='bbox 2211 5001 2567 5125; x_wconf 64' lang='grc' dir='ltr'>παραλλαγ2ν</span> <span class='ocrx_word' id='word_1_722' title='bbox 2598 5003 2692 5056; x_wconf 79' lang='grc' dir='ltr'>καὶ</span> <span class='ocrx_word' id='word_1_723' title='bbox 2729 5002 3012 5056; x_wconf 77' lang='grc' dir='ltr'>ἀλλοίωσιν</span> <span class='ocrx_word' id='word_1_724' title='bbox 3042 5020 3057 5035; x_wconf 76' lang='grc' dir='ltr'><strong>ο</strong></span> <span class='ocrx_word' id='word_1_725' title='bbox 3092 5004 3265 5071; x_wconf 70' lang='grc' dir='ltr'>τομὴν</span> <span class='ocrx_word' id='word_1_726' title='bbox 3315 5002 3372 5055; x_wconf 71' lang='grc' dir='ltr'>δὲ</span> <span class='ocrx_word' id='word_1_727' title='bbox 3422 5005 3515 5056; x_wconf 77' lang='grc' dir='ltr'>καὶ</span> 
     </span>
     <span class='ocr_line' id='line_1_98' title="bbox 372 5064 3515 5125; baseline 0.003 -11"><span class='ocrx_word' id='word_1_728' title='bbox 372 5068 618 5125; x_wconf 77' lang='grc' dir='ltr'>λΑακτως</span> <span class='ocrx_word' id='word_1_729' title='bbox 648 5066 705 5117; x_wconf 77' lang='grc' dir='ltr'>ὲν</span> <span class='ocrx_word' id='word_1_730' title='bbox 732 5067 849 5125; x_wconf 82' lang='grc' dir='ltr'>ταῖς</span> <span class='ocrx_word' id='word_1_731' title='bbox 882 5066 1057 5125; x_wconf 72' lang='grc' dir='ltr'>τρισὶν</span> <span class='ocrx_word' id='word_1_732' title='bbox 1088 5066 1436 5118; x_wconf 82' lang='grc' dir='ltr'>ὑποστάσεσι.</span> <span class='ocrx_word' id='word_1_733' title='bbox 1462 5064 1516 5118; x_wconf 90' lang='lat' dir='ltr'><strong>ld</strong></span> <span class='ocrx_word' id='word_1_734' title='bbox 1544 5080 1628 5119; x_wconf 79' lang='lat' dir='ltr'><strong>est</strong></span> <span class='ocrx_word' id='word_1_735' title='bbox 1660 5085 1674 5120; x_wconf 90' lang='lat'><strong>:</strong></span> <span class='ocrx_word' id='word_1_736' title='bbox 1732 5067 1861 5123; x_wconf 78' lang='lat' dir='ltr'><strong>Sine</strong></span> <span class='ocrx_word' id='word_1_737' title='bbox 1969 5071 2236 5125; x_wconf 75' lang='grc' dir='ltr'>μερισμὸν</span> <span class='ocrx_word' id='word_1_738' title='bbox 2260 5070 2353 5124; x_wconf 84' lang='grc' dir='ltr'><strong>τοῦ</strong></span> <span class='ocrx_word' id='word_1_739' title='bbox 2384 5073 2479 5124; x_wconf 86' lang='grc' dir='ltr'>ἀπ’</span> <span class='ocrx_word' id='word_1_740' title='bbox 2547 5072 2679 5125; x_wconf 65' lang='lat' dir='ltr'><strong>erit:</strong></span> <span class='ocrx_word' id='word_1_741' title='bbox 2708 5073 2847 5125; x_wconf 78' lang='grc' dir='ltr'>ἐνὸς.</span> <span class='ocrx_word' id='word_1_742' title='bbox 2873 5072 3141 5125; x_wconf 73' lang='grc' dir='ltr'>οὐδαμῶς.</span> <span class='ocrx_word' id='word_1_743' title='bbox 3201 5072 3255 5124; x_wconf 88' lang='lat' dir='ltr'><strong>Id</strong></span> <span class='ocrx_word' id='word_1_744' title='bbox 3308 5081 3427 5125; x_wconf 81' lang='lat' dir='ltr'><strong>est:</strong></span> <span class='ocrx_word' id='word_1_745' title='bbox 3458 5075 3515 5125; x_wconf 82' lang='lat' dir='ltr'><strong>Si</strong></span> 
     </span>
    </p>
   </div>
   <div class='ocr_carea' id='block_1_97' title="bbox 300 5064 2463 5154">
    <p class='ocr_par' dir='ltr' id='par_1_97' title="bbox 300 5064 2463 5154">
     <span class='ocr_line' id='line_1_99' title="bbox 300 5064 2463 5154; baseline 0.003 -38"><span class='ocrx_word' id='word_1_746' title='bbox 300 5064 618 5154; x_wconf 52' lang='grc' dir='ltr'>ρῇλλάκατως</span> <span class='ocrx_word' id='word_1_747' title='bbox 648 5066 705 5144; x_wconf 77' lang='grc' dir='ltr'>ὲν</span> <span class='ocrx_word' id='word_1_748' title='bbox 732 5067 849 5127; x_wconf 83' lang='grc' dir='ltr'>ταῖς</span> <span class='ocrx_word' id='word_1_749' title='bbox 882 5066 1057 5154; x_wconf 68' lang='grc' dir='ltr'>τρισὶν</span> <span class='ocrx_word' id='word_1_750' title='bbox 1080 5066 1436 5154; x_wconf 41' lang='grc' dir='ltr'>,ὑποστάσεσιῖ</span> <span class='ocrx_word' id='word_1_751' title='bbox 1462 5064 1516 5118; x_wconf 91' lang='lat' dir='ltr'><strong>ld</strong></span> <span class='ocrx_word' id='word_1_752' title='bbox 1544 5080 1628 5119; x_wconf 79' lang='lat' dir='ltr'><strong>est</strong></span> <span class='ocrx_word' id='word_1_753' title='bbox 1660 5085 1674 5120; x_wconf 90' lang='lat'><strong>:</strong></span> <span class='ocrx_word' id='word_1_754' title='bbox 1732 5067 1861 5149; x_wconf 78' lang='lat' dir='ltr'><strong>Sine</strong></span> <span class='ocrx_word' id='word_1_755' title='bbox 1968 5064 2236 5154; x_wconf 72' lang='grc' dir='ltr'>μερισμὸν</span> <span class='ocrx_word' id='word_1_756' title='bbox 2260 5064 2353 5124; x_wconf 79' lang='grc' dir='ltr'><strong>τοῦ</strong></span> <span class='ocrx_word' id='word_1_757' title='bbox 2384 5073 2463 5124; x_wconf 84' lang='grc' dir='ltr'><strong>ἀπ</strong></span> 
     </span>
    </p>
   </div>
   <div class='ocr_carea' id='block_1_98' title="bbox 298 5134 1858 5205">
    <p class='ocr_par' dir='ltr' id='par_1_98' title="bbox 298 5134 1858 5205">
     <span class='ocr_line' id='line_1_100' title="bbox 298 5134 1858 5205; baseline 0.003 -18"><span class='ocrx_word' id='word_1_758' title='bbox 298 5134 409 5205; x_wconf 79' lang='lat' dir='ltr'><strong>ulla</strong></span> <span class='ocrx_word' id='word_1_759' title='bbox 437 5134 736 5195; x_wconf 73' lang='lat' dir='ltr'><strong>differentia</strong></span> <span class='ocrx_word' id='word_1_760' title='bbox 770 5150 865 5189; x_wconf 85' lang='lat' dir='ltr'><strong>seu</strong></span> <span class='ocrx_word' id='word_1_761' title='bbox 894 5135 1208 5205; x_wconf 73' lang='lat' dir='ltr'><strong>diversitate</strong></span> <span class='ocrx_word' id='word_1_762' title='bbox 1244 5135 1297 5189; x_wconf 89' lang='lat' dir='ltr'><strong>in</strong></span> <span class='ocrx_word' id='word_1_763' title='bbox 1346 5134 1519 5190; x_wconf 83' lang='lat' dir='ltr'><strong>tribus</strong></span> <span class='ocrx_word' id='word_1_764' title='bbox 1588 5138 1858 5205; x_wconf 84' lang='lat' dir='ltr'><strong>personis.</strong></span> 
     </span>
    </p>
   </div>
   <div class='ocr_carea' id='block_1_99' title="bbox 302 5203 1000 5272">
    <p class='ocr_par' dir='ltr' id='par_1_99' title="bbox 302 5203 1000 5272">
     <span class='ocr_line' id='line_1_101' title="bbox 302 5203 1000 5272; baseline -0.004 -13"><span class='ocrx_word' id='word_1_765' title='bbox 302 5203 586 5272; x_wconf 19' lang='lat' dir='ltr'><strong>Videiuot.</strong></span> <span class='ocrx_word' id='word_1_766' title='bbox 619 5218 742 5272; x_wconf 79' lang='lat' dir='ltr'><strong>pag.</strong></span> <span class='ocrx_word' id='word_1_767' title='bbox 768 5203 1000 5271; x_wconf 58' lang='lat' dir='ltr'><strong>pra&#39;eed.</strong></span> 
     </span>
    </p>
   </div>
   <div class='ocr_carea' id='block_1_100' title="bbox 374 5269 1859 5342">
    <p class='ocr_par' dir='ltr' id='par_1_100' title="bbox 374 5269 1859 5342">
     <span class='ocr_line' id='line_1_102' title="bbox 374 5269 1859 5342; baseline 0.003 -17"><span class='ocrx_word' id='word_1_768' title='bbox 374 5271 486 5339; x_wconf 83' lang='lat'><strong>(67)</strong></span> <span class='ocrx_word' id='word_1_769' title='bbox 517 5269 714 5342; x_wconf 57' lang='lat' dir='ltr'><strong>Neque</strong></span> <span class='ocrx_word' id='word_1_770' title='bbox 734 5269 869 5340; x_wconf 69' lang='lat' dir='ltr'><strong>quod</strong></span> <span class='ocrx_word' id='word_1_771' title='bbox 903 5273 972 5325; x_wconf 84' lang='lat' dir='ltr'><strong>sit</strong></span> <span class='ocrx_word' id='word_1_772' title='bbox 1026 5287 1183 5340; x_wconf 80' lang='lat' dir='ltr'><strong>prope</strong></span> <span class='ocrx_word' id='word_1_773' title='bbox 1212 5273 1441 5326; x_wconf 78' lang='lat' dir='ltr'><strong>divinant</strong></span> <span class='ocrx_word' id='word_1_774' title='bbox 1468 5274 1859 5342; x_wconf 76' lang='lat' dir='ltr'><strong>sempiternita-</strong></span> 
     </span>
    </p>
   </div>
   <div class='ocr_carea' id='block_1_101' title="bbox 298 5341 1859 5413">
    <p class='ocr_par' dir='ltr' id='par_1_101' title="bbox 298 5341 1859 5413">
     <span class='ocr_line' id='line_1_103' title="bbox 298 5341 1859 5413; baseline 0.001 -18"><span class='ocrx_word' id='word_1_775' title='bbox 298 5353 427 5396; x_wconf 77' lang='lat' dir='ltr'><strong>tem.</strong></span> <span class='ocrx_word' id='word_1_776' title='bbox 463 5341 594 5393; x_wconf 63' lang='grc' dir='ltr'>Οὐδὲ</span> <span class='ocrx_word' id='word_1_777' title='bbox 624 5344 788 5413; x_wconf 68' lang='grc' dir='ltr'>ἐγγὺς</span> <span class='ocrx_word' id='word_1_778' title='bbox 827 5343 1114 5413; x_wconf 75' lang='grc' dir='ltr'>γενόμενον</span> <span class='ocrx_word' id='word_1_779' title='bbox 1145 5345 1243 5411; x_wconf 77' lang='grc' dir='ltr'>τῆς</span> <span class='ocrx_word' id='word_1_780' title='bbox 1277 5343 1427 5413; x_wconf 83' lang='grc' dir='ltr'>θείας</span> <span class='ocrx_word' id='word_1_781' title='bbox 1457 5341 1859 5413; x_wconf 47' lang='grc' dir='ltr'>καὶίύπερθέου</span> 
     </span>
    </p>
   </div>
   <div class='ocr_carea' id='block_1_102' title="bbox 301 5410 1861 5480">
    <p class='ocr_par' dir='ltr' id='par_1_102' title="bbox 301 5410 1861 5480">
     <span class='ocr_line' id='line_1_104' title="bbox 301 5410 1861 5480; baseline 0.003 -16"><span class='ocrx_word' id='word_1_782' title='bbox 301 5412 587 5479; x_wconf 77' lang='grc' dir='ltr'>ἰδιότητος.</span> <span class='ocrx_word' id='word_1_783' title='bbox 620 5410 673 5463; x_wconf 87' lang='lat' dir='ltr'><strong>Id</strong></span> <span class='ocrx_word' id='word_1_784' title='bbox 708 5420 791 5463; x_wconf 89' lang='lat' dir='ltr'><strong>est</strong></span> <span class='ocrx_word' id='word_1_785' title='bbox 820 5428 831 5463; x_wconf 93' lang='lat'>:</span> <span class='ocrx_word' id='word_1_786' title='bbox 866 5410 1046 5479; x_wconf 72' lang='lat' dir='ltr'><strong>Neque</strong></span> <span class='ocrx_word' id='word_1_787' title='bbox 1073 5410 1215 5479; x_wconf 85' lang='lat' dir='ltr'><strong>quod</strong></span> <span class='ocrx_word' id='word_1_788' title='bbox 1252 5412 1322 5464; x_wconf 69' lang='lat' dir='ltr'><strong>sit</strong></span> <span class='ocrx_word' id='word_1_789' title='bbox 1346 5429 1510 5480; x_wconf 75' lang='lat' dir='ltr'><strong>prone</strong></span> <span class='ocrx_word' id='word_1_790' title='bbox 1544 5410 1861 5468; x_wconf 74' lang='lat' dir='ltr'><strong>diriuautae</strong></span> 
     </span>
    </p>
   </div>
   <div class='ocr_carea' id='block_1_103' title="bbox 299 5480 1859 5551">
    <p class='ocr_par' dir='ltr' id='par_1_103' title="bbox 299 5480 1859 5551">
     <span class='ocr_line' id='line_1_105' title="bbox 299 5480 1859 5551; baseline 0.001 -19"><span class='ocrx_word' id='word_1_791' title='bbox 299 5481 605 5551; x_wconf 75' lang='lat' dir='ltr'><strong>plusquam</strong></span> <span class='ocrx_word' id='word_1_792' title='bbox 624 5480 858 5551; x_wconf 82' lang='lat' dir='ltr'><strong>divinam</strong></span> <span class='ocrx_word' id='word_1_793' title='bbox 899 5482 1304 5549; x_wconf 87' lang='lat' dir='ltr'><strong>proprietatem.</strong></span> <span class='ocrx_word' id='word_1_794' title='bbox 1329 5511 1395 5520; x_wconf 91' lang='lat'>—</span> <span class='ocrx_word' id='word_1_795' title='bbox 1436 5481 1667 5548; x_wconf 69' lang='lat' dir='ltr'><strong>Lugebat</strong></span> <span class='ocrx_word' id='word_1_796' title='bbox 1723 5481 1859 5535; x_wconf 83' lang='lat' dir='ltr'><strong>Tur-</strong></span> 
     </span>
    </p>
   </div>
   <div class='ocr_carea' id='block_1_104' title="bbox 302 5548 1859 5619">
    <p class='ocr_par' dir='ltr' id='par_1_104' title="bbox 302 5548 1859 5619">
     <span class='ocr_line' id='line_1_106' title="bbox 302 5548 1859 5619; baseline 0.002 -16"><span class='ocrx_word' id='word_1_797' title='bbox 302 5548 497 5603; x_wconf 70' lang='lat' dir='ltr'><strong>i&#39;ianus</strong></span> <span class='ocrx_word' id='word_1_798' title='bbox 530 5548 850 5617; x_wconf 80' lang='grc' dir='ltr'>ἀῑδιότητος,</span> <span class='ocrx_word' id='word_1_799' title='bbox 872 5548 965 5603; x_wconf 83' lang='lat' dir='ltr'><strong>sed</strong></span> <span class='ocrx_word' id='word_1_800' title='bbox 1004 5548 1090 5602; x_wconf 91' lang='lat' dir='ltr'><strong>hic</strong></span> <span class='ocrx_word' id='word_1_801' title='bbox 1122 5566 1225 5603; x_wconf 88' lang='lat' dir='ltr'><strong>non</strong></span> <span class='ocrx_word' id='word_1_802' title='bbox 1256 5552 1433 5619; x_wconf 82' lang='lat' dir='ltr'><strong>agitur</strong></span> <span class='ocrx_word' id='word_1_803' title='bbox 1459 5553 1525 5603; x_wconf 84' lang='lat' dir='ltr'><strong>de</strong></span> <span class='ocrx_word' id='word_1_804' title='bbox 1554 5553 1859 5605; x_wconf 66' lang='lat' dir='ltr'><strong>aeternitate</strong></span> 
     </span>
    </p>
   </div>
   <div class='ocr_carea' id='block_1_105' title="bbox 302 5619 1855 5688">
    <p class='ocr_par' dir='ltr' id='par_1_105' title="bbox 302 5619 1855 5688">
     <span class='ocr_line' id='line_1_107' title="bbox 302 5619 1855 5688; baseline 0.001 -15"><span class='ocrx_word' id='word_1_805' title='bbox 302 5619 555 5688; x_wconf 21' lang='lat' dir='ltr'><strong>Deipsed</strong></span> <span class='ocrx_word' id='word_1_806' title='bbox 580 5620 647 5688; x_wconf 83' lang='lat' dir='ltr'><strong>de</strong></span> <span class='ocrx_word' id='word_1_807' title='bbox 686 5622 891 5673; x_wconf 85' lang='lat' dir='ltr'><strong>unitate</strong></span> <span class='ocrx_word' id='word_1_808' title='bbox 920 5619 1213 5673; x_wconf 80' lang='lat' dir='ltr'><strong>voluntatis</strong></span> <span class='ocrx_word' id='word_1_809' title='bbox 1263 5619 1315 5672; x_wconf 91' lang='lat' dir='ltr'><strong>iu</strong></span> <span class='ocrx_word' id='word_1_810' title='bbox 1357 5621 1530 5673; x_wconf 89' lang='lat' dir='ltr'><strong>tribus</strong></span> <span class='ocrx_word' id='word_1_811' title='bbox 1590 5622 1855 5688; x_wconf 64' lang='lat' dir='ltr'><strong>personis.</strong></span> 
     </span>
    </p>
   </div>
   <div class='ocr_carea' id='block_1_106' title="bbox 378 5686 1860 5754">
    <p class='ocr_par' dir='ltr' id='par_1_106' title="bbox 378 5686 1860 5754">
     <span class='ocr_line' id='line_1_108' title="bbox 378 5686 1860 5754; baseline 0.001 -14"><span class='ocrx_word' id='word_1_812' title='bbox 378 5687 491 5754; x_wconf 82' lang='lat'><strong>(68)</strong></span> <span class='ocrx_word' id='word_1_813' title='bbox 526 5686 680 5740; x_wconf 70' lang='lat' dir='ltr'><strong>Aliud</strong></span> <span class='ocrx_word' id='word_1_814' title='bbox 703 5697 750 5739; x_wconf 82' lang='lat' dir='ltr'><strong>et</strong></span> <span class='ocrx_word' id='word_1_815' title='bbox 781 5688 927 5741; x_wconf 77' lang='lat' dir='ltr'><strong>aliud</strong></span> <span class='ocrx_word' id='word_1_816' title='bbox 952 5688 1145 5748; x_wconf 82' lang='lat' dir='ltr'><strong>dicere,</strong></span> <span class='ocrx_word' id='word_1_817' title='bbox 1198 5698 1303 5743; x_wconf 86' lang='lat' dir='ltr'><strong>etc.</strong></span> <span class='ocrx_word' id='word_1_818' title='bbox 1332 5686 1641 5743; x_wconf 74' lang='lat' dir='ltr'><strong>mternitatc.</strong></span> <span class='ocrx_word' id='word_1_819' title='bbox 1700 5690 1860 5742; x_wconf 80' lang='grc' dir='ltr'>’Λλλο</span> 
     </span>
    </p>
   </div>
   <div class='ocr_carea' id='block_1_107' title="bbox 300 5756 1855 5827">
    <p class='ocr_par' dir='ltr' id='par_1_107' title="bbox 300 5756 1855 5827">
     <span class='ocr_line' id='line_1_109' title="bbox 300 5756 1855 5827; baseline 0.001 -16"><span class='ocrx_word' id='word_1_820' title='bbox 300 5757 403 5811; x_wconf 78' lang='grc' dir='ltr'>καὶ</span> <span class='ocrx_word' id='word_1_821' title='bbox 424 5756 554 5810; x_wconf 82' lang='grc' dir='ltr'>ἀλλο</span> <span class='ocrx_word' id='word_1_822' title='bbox 582 5758 759 5827; x_wconf 79' lang='grc' dir='ltr'>εἰπεῖν</span> <span class='ocrx_word' id='word_1_823' title='bbox 807 5756 1027 5809; x_wconf 81' lang='grc' dir='ltr'>διπλοῦν</span> <span class='ocrx_word' id='word_1_824' title='bbox 1082 5760 1290 5825; x_wconf 73' lang='grc' dir='ltr'>είσὰιγει</span> <span class='ocrx_word' id='word_1_825' title='bbox 1342 5760 1402 5810; x_wconf 59' lang='grc' dir='ltr'><strong>τι</strong></span> <span class='ocrx_word' id='word_1_826' title='bbox 1454 5758 1812 5827; x_wconf 83' lang='grc' dir='ltr'>προκείμενον</span> <span class='ocrx_word' id='word_1_827' title='bbox 1842 5779 1855 5790; x_wconf 90' lang='grc'>·</span> 
     </span>
    </p>
   </div>
   <div class='ocr_carea' id='block_1_108' title="bbox 303 5825 1858 5897">
    <p class='ocr_par' dir='ltr' id='par_1_108' title="bbox 303 5825 1858 5897">
     <span class='ocr_line' id='line_1_110' title="bbox 303 5825 1858 5897; baseline 0.001 -17"><span class='ocrx_word' id='word_1_828' title='bbox 303 5828 483 5886; x_wconf 77' lang='grc' dir='ltr'>ἄλλως</span> <span class='ocrx_word' id='word_1_829' title='bbox 514 5842 568 5877; x_wconf 77' lang='grc' dir='ltr'><strong>τε</strong></span> <span class='ocrx_word' id='word_1_830' title='bbox 597 5825 653 5879; x_wconf 71' lang='grc' dir='ltr'>δὲ</span> <span class='ocrx_word' id='word_1_831' title='bbox 684 5826 774 5879; x_wconf 76' lang='grc' dir='ltr'>καὶ</span> <span class='ocrx_word' id='word_1_832' title='bbox 794 5828 962 5891; x_wconf 72' lang='grc' dir='ltr'>ἄλλως</span> <span class='ocrx_word' id='word_1_833' title='bbox 994 5827 1051 5880; x_wconf 82' lang='grc' dir='ltr'>τὸ</span> <span class='ocrx_word' id='word_1_834' title='bbox 1074 5827 1206 5881; x_wconf 81' lang='grc' dir='ltr'>αὐτὸ</span> <span class='ocrx_word' id='word_1_835' title='bbox 1249 5828 1433 5896; x_wconf 79' lang='grc' dir='ltr'>φάναι,</span> <span class='ocrx_word' id='word_1_836' title='bbox 1474 5825 1713 5896; x_wconf 78' lang='grc' dir='ltr'>σχέσεων</span> <span class='ocrx_word' id='word_1_837' title='bbox 1762 5831 1858 5897; x_wconf 73' lang='grc' dir='ltr'><strong>μὶν</strong></span> 
     </span>
    </p>
   </div>
   <div class='ocr_carea' id='block_1_109' title="bbox 2546 5072 3517 5142">
    <p class='ocr_par' dir='ltr' id='par_1_109' title="bbox 2546 5072 3517 5142">
     <span class='ocr_line' id='line_1_111' title="bbox 2546 5072 3517 5142; baseline 0.003 -18"><span class='ocrx_word' id='word_1_838' title='bbox 2546 5072 2679 5142; x_wconf 83' lang='grc' dir='ltr'>ρχῆς</span> <span class='ocrx_word' id='word_1_839' title='bbox 2708 5073 2847 5135; x_wconf 78' lang='grc' dir='ltr'>ἐνὸς,</span> <span class='ocrx_word' id='word_1_840' title='bbox 2873 5072 3141 5142; x_wconf 84' lang='grc' dir='ltr'>οὐδαμῶς.</span> <span class='ocrx_word' id='word_1_841' title='bbox 3201 5072 3279 5142; x_wconf 10' lang='lat' dir='ltr'><strong>Idi</strong></span> <span class='ocrx_word' id='word_1_842' title='bbox 3308 5081 3427 5125; x_wconf 81' lang='lat' dir='ltr'><strong>est:</strong></span> <span class='ocrx_word' id='word_1_843' title='bbox 3458 5075 3517 5127; x_wconf 83' lang='lat' dir='ltr'><strong>Si</strong></span> 
     </span>
    </p>
   </div>
   <div class='ocr_carea' id='block_1_110' title="bbox 1960 5141 3511 5210">
    <p class='ocr_par' dir='ltr' id='par_1_110' title="bbox 1960 5141 3511 5210">
     <span class='ocr_line' id='line_1_112' title="bbox 1960 5141 3511 5210; baseline 0.002 -18"><span class='ocrx_word' id='word_1_844' title='bbox 1960 5141 2083 5210; x_wconf 86' lang='lat' dir='ltr'><strong>quis</strong></span> <span class='ocrx_word' id='word_1_845' title='bbox 2105 5142 2252 5194; x_wconf 78' lang='lat' dir='ltr'><strong>dicat</strong></span> <span class='ocrx_word' id='word_1_846' title='bbox 2278 5142 2421 5195; x_wconf 89' lang='lat' dir='ltr'><strong>aliud</strong></span> <span class='ocrx_word' id='word_1_847' title='bbox 2452 5150 2505 5196; x_wconf 91' lang='lat' dir='ltr'><strong>et</strong></span> <span class='ocrx_word' id='word_1_848' title='bbox 2530 5141 2696 5206; x_wconf 89' lang='lat' dir='ltr'><strong>aliud,</strong></span> <span class='ocrx_word' id='word_1_849' title='bbox 2714 5144 2911 5210; x_wconf 81' lang='lat' dir='ltr'><strong>duplex</strong></span> <span class='ocrx_word' id='word_1_850' title='bbox 2937 5141 3142 5196; x_wconf 74' lang='lat' dir='ltr'><strong>inducit</strong></span> <span class='ocrx_word' id='word_1_851' title='bbox 3164 5141 3467 5209; x_wconf 85' lang='lat' dir='ltr'><strong>subjectum</strong></span> <span class='ocrx_word' id='word_1_852' title='bbox 3497 5160 3511 5207; x_wconf 90' lang='lat'><strong>;</strong></span> 
     </span>
    </p>
   </div>
   <div class='ocr_carea' id='block_1_111' title="bbox 1958 5211 3517 5276">
    <p class='ocr_par' dir='ltr' id='par_1_111' title="bbox 1958 5211 3517 5276">
     <span class='ocr_line' id='line_1_113' title="bbox 1958 5211 3517 5276; baseline -0.001 -12"><span class='ocrx_word' id='word_1_853' title='bbox 1958 5219 2012 5264; x_wconf 85' lang='lat' dir='ltr'><strong>at</strong></span> <span class='ocrx_word' id='word_1_854' title='bbox 2034 5212 2076 5265; x_wconf 87' lang='lat' dir='ltr'><strong>si</strong></span> <span class='ocrx_word' id='word_1_855' title='bbox 2108 5226 2218 5263; x_wconf 87' lang='lat' dir='ltr'><strong>rem</strong></span> <span class='ocrx_word' id='word_1_856' title='bbox 2244 5211 2484 5264; x_wconf 90' lang='lat' dir='ltr'><strong>eamdem</strong></span> <span class='ocrx_word' id='word_1_857' title='bbox 2537 5212 2693 5266; x_wconf 88' lang='lat' dir='ltr'><strong>aliter</strong></span> <span class='ocrx_word' id='word_1_858' title='bbox 2717 5221 2771 5265; x_wconf 89' lang='lat' dir='ltr'><strong>et</strong></span> <span class='ocrx_word' id='word_1_859' title='bbox 2798 5211 2955 5263; x_wconf 85' lang='lat' dir='ltr'><strong>aliter</strong></span> <span class='ocrx_word' id='word_1_860' title='bbox 3019 5211 3184 5276; x_wconf 79' lang='lat' dir='ltr'><strong>dirui,</strong></span> <span class='ocrx_word' id='word_1_861' title='bbox 3239 5211 3517 5265; x_wconf 67' lang='lat' dir='ltr'><strong>habitudi.</strong></span> 
     </span>
    </p>
   </div>
   <div class='ocr_carea' id='block_1_112' title="bbox 1962 5280 3519 5347">
    <p class='ocr_par' dir='ltr' id='par_1_112' title="bbox 1962 5280 3519 5347">
     <span class='ocr_line' id='line_1_114' title="bbox 1962 5280 3519 5347; baseline -0.001 -14"><span class='ocrx_word' id='word_1_862' title='bbox 1962 5296 2093 5333; x_wconf 90' lang='lat' dir='ltr'><strong>num</strong></span> <span class='ocrx_word' id='word_1_863' title='bbox 2142 5281 2360 5347; x_wconf 84' lang='lat' dir='ltr'><strong>quidem</strong></span> <span class='ocrx_word' id='word_1_864' title='bbox 2393 5280 2745 5334; x_wconf 71' lang='lat' dir='ltr'><strong>differentiam</strong></span> <span class='ocrx_word' id='word_1_865' title='bbox 2777 5289 2831 5334; x_wconf 92' lang='lat' dir='ltr'><strong>et</strong></span> <span class='ocrx_word' id='word_1_866' title='bbox 2860 5282 3239 5335; x_wconf 89' lang='lat' dir='ltr'><strong>alteratiouem</strong></span> <span class='ocrx_word' id='word_1_867' title='bbox 3290 5281 3519 5342; x_wconf 77' lang='lat' dir='ltr'><strong>inducit,</strong></span> 
     </span>
    </p>
   </div>
   <div class='ocr_carea' id='block_1_113' title="bbox 1958 5349 3522 5431">
    <p class='ocr_par' dir='ltr' id='par_1_113' title="bbox 1958 5349 3522 5431">
     <span class='ocr_line' id='line_1_115' title="bbox 1958 5349 3522 5431; baseline 0.003 -30"><span class='ocrx_word' id='word_1_868' title='bbox 1958 5364 2072 5431; x_wconf 41' lang='lat' dir='ltr'><strong>non.</strong></span> <span class='ocrx_word' id='word_1_869' title='bbox 2090 5364 2216 5404; x_wconf 77' lang='lat' dir='ltr'><strong>vero</strong></span> <span class='ocrx_word' id='word_1_870' title='bbox 2242 5350 2539 5404; x_wconf 88' lang='lat' dir='ltr'><strong>sectionem</strong></span> <span class='ocrx_word' id='word_1_871' title='bbox 2577 5363 2630 5405; x_wconf 91' lang='lat' dir='ltr'><strong>et</strong></span> <span class='ocrx_word' id='word_1_872' title='bbox 2655 5350 2980 5404; x_wconf 87' lang='lat' dir='ltr'><strong>divisionem</strong></span> <span class='ocrx_word' id='word_1_873' title='bbox 3048 5349 3196 5406; x_wconf 89' lang='lat' dir='ltr'><strong>illius</strong></span> <span class='ocrx_word' id='word_1_874' title='bbox 3249 5352 3394 5419; x_wconf 90' lang='lat' dir='ltr'><strong>quod</strong></span> <span class='ocrx_word' id='word_1_875' title='bbox 3451 5352 3522 5405; x_wconf 85' lang='lat' dir='ltr'><strong>ab</strong></span> 
     </span>
    </p>
   </div>
   <div class='ocr_carea' id='block_1_114' title="bbox 1958 5428 2481 5474">
    <p class='ocr_par' dir='ltr' id='par_1_114' title="bbox 1958 5428 2481 5474">
     <span class='ocr_line' id='line_1_116' title="bbox 1958 5428 2481 5474; baseline 0.006 -3"><span class='ocrx_word' id='word_1_876' title='bbox 1958 5428 2113 5471; x_wconf 82' lang='lat' dir='ltr'><strong>initio</strong></span> <span class='ocrx_word' id='word_1_877' title='bbox 2151 5434 2315 5471; x_wconf 88' lang='lat' dir='ltr'><strong>unum</strong></span> <span class='ocrx_word' id='word_1_878' title='bbox 2347 5428 2481 5474; x_wconf 85' lang='lat' dir='ltr'><strong>erat.</strong></span> 
     </span>
    </p>
   </div>
   <div class='ocr_carea' id='block_1_115' title="bbox 2028 5487 3520 5562">
    <p class='ocr_par' dir='ltr' id='par_1_115' title="bbox 2028 5487 3520 5562">
     <span class='ocr_line' id='line_1_117' title="bbox 2028 5487 3520 5562; baseline 0.002 -23"><span class='ocrx_word' id='word_1_879' title='bbox 2028 5487 2179 5562; x_wconf 64' lang='lat' dir='ltr'><strong>Quod</strong></span> <span class='ocrx_word' id='word_1_880' title='bbox 2203 5499 2440 5562; x_wconf 57' lang='lat' dir='ltr'><strong>tueretur</strong></span> <span class='ocrx_word' id='word_1_881' title='bbox 2472 5488 2721 5562; x_wconf 79' lang='lat' dir='ltr'><strong>&#39;l_&#39;u_rriaui</strong></span> <span class='ocrx_word' id='word_1_882' title='bbox 2756 5489 2963 5542; x_wconf 88' lang='lat' dir='ltr'><strong>nullum</strong></span> <span class='ocrx_word' id='word_1_883' title='bbox 2992 5487 3249 5543; x_wconf 64' lang='lat' dir='ltr'><strong>afferebat</strong></span> <span class='ocrx_word' id='word_1_884' title='bbox 3274 5502 3520 5562; x_wconf 61' lang='lat' dir='ltr'><strong>sensum,</strong></span> 
     </span>
    </p>
   </div>
   <div class='ocr_carea' id='block_1_116' title="bbox 1955 5557 2680 5619">
    <p class='ocr_par' dir='ltr' id='par_1_116' title="bbox 1955 5557 2680 5619">
     <span class='ocr_line' id='line_1_118' title="bbox 1955 5557 2680 5619; baseline 0 -9"><span class='ocrx_word' id='word_1_885' title='bbox 1955 5572 2058 5611; x_wconf 84' lang='lat' dir='ltr'><strong>nec</strong></span> <span class='ocrx_word' id='word_1_886' title='bbox 2088 5557 2395 5611; x_wconf 79' lang='lat' dir='ltr'><strong>reddiderat</strong></span> <span class='ocrx_word' id='word_1_887' title='bbox 2421 5557 2515 5610; x_wconf 92' lang='grc' dir='ltr'><strong>τοῦ</strong></span> <span class='ocrx_word' id='word_1_888' title='bbox 2542 5558 2680 5619; x_wconf 70' lang='grc' dir='ltr'>ἑνός.</span> 
     </span>
    </p>
   </div>
   <div class='ocr_carea' id='block_1_117' title="bbox 2027 5623 3514 5695">
    <p class='ocr_par' dir='ltr' id='par_1_117' title="bbox 2027 5623 3514 5695">
     <span class='ocr_line' id='line_1_119' title="bbox 2027 5623 3514 5695; baseline 0.001 -16"><span class='ocrx_word' id='word_1_889' title='bbox 2027 5626 2136 5695; x_wconf 82' lang='lat'><strong>(69)</strong></span> <span class='ocrx_word' id='word_1_890' title='bbox 2165 5623 2267 5695; x_wconf 76' lang='lat' dir='ltr'><strong>Sed</strong></span> <span class='ocrx_word' id='word_1_891' title='bbox 2302 5627 2462 5695; x_wconf 83' lang='lat' dir='ltr'><strong>etiam</strong></span> <span class='ocrx_word' id='word_1_892' title='bbox 2492 5637 2753 5680; x_wconf 82' lang='lat' dir='ltr'><strong>auctorem</strong></span> <span class='ocrx_word' id='word_1_893' title='bbox 2779 5628 2891 5695; x_wconf 85' lang='lat' dir='ltr'><strong>cjns</strong></span> <span class='ocrx_word' id='word_1_894' title='bbox 2919 5644 3047 5681; x_wconf 80' lang='lat' dir='ltr'><strong>esse.</strong></span> <span class='ocrx_word' id='word_1_895' title='bbox 3102 5625 3259 5680; x_wconf 79' lang='grc' dir='ltr'>Ἀλλά</span> <span class='ocrx_word' id='word_1_896' title='bbox 3292 5626 3386 5679; x_wconf 83' lang='grc' dir='ltr'>καὶ</span> <span class='ocrx_word' id='word_1_897' title='bbox 3427 5626 3514 5680; x_wconf 87' lang='grc' dir='ltr'>εὐ-</span> 
     </span>
    </p>
   </div>
   <div class='ocr_carea' id='block_1_118' title="bbox 1958 5694 3513 5767">
    <p class='ocr_par' dir='ltr' id='par_1_118' title="bbox 1958 5694 3513 5767">
     <span class='ocr_line' id='line_1_120' title="bbox 1958 5694 3513 5767; baseline 0.005 -21"><span class='ocrx_word' id='word_1_898' title='bbox 1958 5694 2143 5767; x_wconf 80' lang='grc' dir='ltr'>δοκίαν</span> <span class='ocrx_word' id='word_1_899' title='bbox 2168 5694 2371 5767; x_wconf 62' lang='grc' dir='ltr'>τούτων</span> <span class='ocrx_word' id='word_1_900' title='bbox 2424 5694 2560 5766; x_wconf 85' lang='lat' dir='ltr'><strong>[lego</strong></span> <span class='ocrx_word' id='word_1_901' title='bbox 2597 5694 2916 5767; x_wconf 42' lang='lat' dir='ltr'><strong>toﬁtovvel</strong></span> <span class='ocrx_word' id='word_1_902' title='bbox 2966 5696 3179 5767; x_wconf 80' lang='grc' dir='ltr'>τούτου]</span> <span class='ocrx_word' id='word_1_903' title='bbox 3221 5696 3513 5754; x_wconf 63' lang='grc' dir='ltr'>ποιεῖσθαι.</span> 
     </span>
    </p>
   </div>
   <div class='ocr_carea' id='block_1_119' title="bbox 1956 5762 3507 5837">
    <p class='ocr_par' dir='ltr' id='par_1_119' title="bbox 1956 5762 3507 5837">
     <span class='ocr_line' id='line_1_121' title="bbox 1956 5762 3507 5837; baseline 0.001 -20"><span class='ocrx_word' id='word_1_904' title='bbox 1956 5762 2010 5818; x_wconf 92' lang='lat' dir='ltr'><strong>Id</strong></span> <span class='ocrx_word' id='word_1_905' title='bbox 2037 5774 2118 5820; x_wconf 88' lang='lat' dir='ltr'><strong>est</strong></span> <span class='ocrx_word' id='word_1_906' title='bbox 2162 5783 2172 5818; x_wconf 91' lang='lat'><strong>:</strong></span> <span class='ocrx_word' id='word_1_907' title='bbox 2206 5763 2310 5820; x_wconf 90' lang='lat' dir='ltr'><strong>Sed</strong></span> <span class='ocrx_word' id='word_1_908' title='bbox 2348 5762 2515 5820; x_wconf 74' lang='lat' dir='ltr'><strong>etiam</strong></span> <span class='ocrx_word' id='word_1_909' title='bbox 2544 5767 2598 5821; x_wconf 89' lang='lat' dir='ltr'><strong>in</strong></span> <span class='ocrx_word' id='word_1_910' title='bbox 2616 5780 2679 5821; x_wconf 85' lang='lat' dir='ltr'><strong>ca</strong></span> <span class='ocrx_word' id='word_1_911' title='bbox 2710 5766 2927 5837; x_wconf 85' lang='lat' dir='ltr'><strong>(morte)</strong></span> <span class='ocrx_word' id='word_1_912' title='bbox 2979 5766 3082 5822; x_wconf 74' lang='lat' dir='ltr'><strong>sibi</strong></span> <span class='ocrx_word' id='word_1_913' title='bbox 3152 5762 3507 5834; x_wconf 65' lang='lat' dir='ltr'><strong>conples-tre.</strong></span> 
     </span>
    </p>
   </div>
  </div>
