4200 6444
226 448 332 514 537

1168 450 1269 509 AD
1306 440 1891 508 AMPIIILOCIIIUM
1925 436 2268 511 ΟυίΕΒΤΙΟ
2300 435 2530 496 LXXX.

3368 429 3474 495 538

228 559 513 629 ὑποϐληοῆ
568 558 765 631 ἐρεύνῃ
815 557 1002 622 ἁπλῶς
1039 575 1098 611 τε
1124 557 1363 624 λέγεται.
1413 560 1506 610 καὶ
1529 557 1591 609 τὸ
1622 556 1793 624 ὄνομα

1896 548 2137 605 cussioni
2168 562 2264 603 seu
2310 542 2519 599 notioni
2573 539 2960 608 subjiciantur,
3014 540 3338 609 simpliciter
3376 544 3463 596 di-

225 653 365 704 πᾶσι
424 650 585 719 δῆλον
644 650 959 718 παρέχεται.
1034 649 1503 718 ’Δναιττισσόμενα
1582 647 1639 699 δὲ
1697 645 1793 698 καὶ

226 743 695 811 λεπτολογούμενα
755 741 1071 812 συμπλοκὴν
1099 758 1223 795 τινα
1261 740 1645 811 προϐάλλεται.
1683 740 1794 792 Καὶ

225 836 420 904 κλῆσιν
456 832 703 905 ιπιζητεῖ
755 833 1084 904 κατάλληλον
1132 832 1228 886 τοῦ
1253 834 1545 902 νοήματος.
1586 832 1793 883 Αὐτίκα

223 926 291 979 τὸ
311 926 539 994 φυσικὸν
592 922 932 994 ἀνθρώπινον
991 925 1087 976 καὶ
1115 921 1546 993 ὁμολογούμενον
1579 921 1792 991 θελημα

225 1016 873 1085 πολυπραγμονούμενον,
912 1014 1172 1086 διαφορᾶς
1213 1015 1279 1067 ἂν
1305 1014 1497 1084 ὀρθείη
1532 1014 1792 1084 προϊσχό-

228 1123 411 1175 μενον.
452 1106 517 1159 Αῖ
571 1108 663 1159 καὶ
709 1108 810 1177 τὴν
853 1108 1145 1176 ἑτερότητα
1207 1106 1533 1167 συνιστῷσι,
1582 1106 1677 1158 καὶ
1731 1104 1792 1157 τὸ

225 1205 407 1247 κοιιον
430 1190 568 1257 εἶδος
591 1197 671 1257 είς
700 1196 895 1265 ἑτέρας
920 1196 1243 1263 καινότητας
1268 1207 1293 1235 ι
1311 1196 1371 1247 οὐ
1392 1195 1791 1264 διατέμνουσιν,

220 1282 340 1338 οἷον
374 1286 516 1339 θέλει
546 1302 629 1348 τις
661 1289 855 1353 φαγεῖν
888 1288 983 1339 καὶ
1020 1289 1162 1339 πιεῖν
1181 1302 1196 1315 ·
1221 1286 1337 1338 ἀλλ’
1363 1286 1391 1337 ὁ
1423 1285 1521 1352 μὲν
1570 1286 1792 1354 μᾶλλον,

222 1380 257 1429 ὀ
281 1378 337 1430 δι
365 1373 528 1447 ἧττον
555 1376 652 1445 τὴν
703 1377 961 1445 τοιαύτην
1013 1376 1198 1444 ἔφεσιν
1247 1376 1335 1430 διὰ
1366 1377 1481 1445 βίου
1510 1379 1790 1446 κέκτηται.

229 1470 342 1520 Καὶ
388 1467 447 1519 τὸ
480 1468 679 1537 μᾶλλον
711 1468 805 1520 καὶ
841 1468 903 1519 τὸ
928 1462 1089 1535 ἦττον
1118 1466 1179 1519 τὸ
1233 1468 1463 1533 φυσικὸν
1494 1467 1557 1520 οὐ
1586 1466 1795 1539 μερίζει

228 1560 328 1611 καὶ
360 1557 637 1610 συστέλλει
672 1557 808 1629 πρὸς
837 1558 1183 1627 εῖδικώτερον
1208 1557 1444 1627 θέλημα.
1480 1559 1627 1611 Διότι
1659 1558 1796 1629 μηδὲ

228 1651 440 1715 πὲψυκε
468 1650 528 1701 τὸ
556 1650 755 1718 μᾶλλον
811 1650 906 1703 καὶ
929 1644 1091 1719 ἦττον
1112 1650 1284 1711 εἴδους
1308 1649 1454 1713 τινος
1485 1649 1520 1719 ἢ
1549 1648 1795 1719 κοινότη-

225 1757 320 1802 τος
352 1741 632 1810 σύμφυτον
660 1742 961 1813 ἐξαλλαγὴν
987 1740 1415 1813 ἀπεργάζεσθαι.

311 1941 460 2009 Ἐρεῖ
498 1935 593 1995 οὖν
641 1956 726 2002 τις
770 1940 903 2012 ὀρθῇ
958 1940 1432 2010 διακοπτὸμενοςγ
1472 1939 1676 2010 κρίσει,
1716 1938 1792 2002 ὡς

223 2031 387 2085 τοῦτο
407 2032 473 2101 δὴ
504 2031 566 2085 τὸ
594 2032 823 2101 φυσικὸν
878 2032 1109 2101 θέλημα,
1163 2032 1298 2085 καθὸ
1330 2032 1430 2102 μὶν
1460 2034 1551 2085 επὶ
1582 2032 1791 2095 πάντας

223 2122 551 2192 ἀνθρώπους
613 2122 888 2193 δμοτίμως
936 2124 1219 2187 διαϐαίνει,
1279 2127 1358 2187 εἰς
1414 2122 1793 2193 ὑποϐεϐηκότα

224 2213 313 2283 εῐη
336 2223 357 2250 ι
384 2215 445 2267 οὐ
468 2214 743 2281 τέμνεται·
777 2214 912 2268 καθὸ
941 2215 999 2267 δὲ
1029 2216 1129 2278 τὰς
1182 2215 1292 2268 ἀπὸ
1338 2214 1434 2267 τοῦ
1468 2215 1668 2285 μᾶλλον
1697 2215 1793 2268 καὶ

223 2300 391 2376 ἧττον
422 2306 727 2375 ἔπιδέχεται
774 2308 1142 2378 παραλλαγάς,
1173 2307 1462 2375 ἀναλογίαν
1480 2308 1601 2361 τινα
1631 2305 1792 2370 σώζει

225 2396 369 2467 πρὸς
396 2396 466 2449 τὰ
487 2398 836 2468 διαιρούμενα
893 2400 986 2452 καὶ
1037 2400 1137 2469 τὴν
1199 2397 1462 2467 διαίρεσιν
1513 2399 1591 2460 είς
1615 2398 1792 2461 είδους

224 2483 501 2555 προϐολὴν
548 2485 647 2537 οὐκ
696 2486 1021 2556 ἑπιδεχεται.
1086 2486 1253 2540 Οὐδὲν
1313 2485 1405 2539 οὖν
1431 2486 1668 2540 ἐκώλυσε
1698 2484 1791 2540 καὶ

221 2574 290 2627 τὸ
316 2575 543 2642 φυσικὸν
584 2556 772 2639 ἁπλῶς
805 2576 1083 2645 ὁμολογεῖν
1112 2576 1400 2647 ἀνθρώπου
1429 2577 1662 2648 θέλημα,
1690 2580 1785 2631 καὶ

223 2666 386 2719 τοῦτο
449 2665 1064 2737 πολυπραγμονούμενον
1132 2668 1225 2721 καὶ
1270 2668 1555 2737 διαφοραῖς
1603 2668 1792 2739 ὥσπερ

220 2756 363 2811 αὐτὸ
408 2756 856 2828 διαστελλόμενον
899 2759 1263 2831 ποικιλωτέρᾳ
1310 2759 1520 2831 διανοίᾳ
1546 2762 1640 2813 καὶ
1667 2776 1790 2813 ποι-

224 2846 544 2917 κιλωτέροις
597 2848 854 2917 ὀνόμασιν
902 2849 1317 2903 ὑποὸάλλεσθαι·
1356 2853 1418 2902 τὸ
1447 2851 1579 2903 αὐτὸ
1607 2851 1663 2903 δὲ
1695 2851 1791 2904 καὶ

221 2934 316 2987 ἐπ’
340 2934 515 2989 ἀλλων
566 2937 772 3008 μυρίων
818 2937 1218 3009 προδλημάτων
1274 2939 1501 3009 εὑρήσει
1532 2956 1616 3002 τις
1651 2938 1791 2991 θεω-

226 3028 328 3097 ρού
337 3044 519 3097 μενον.

313 3119 473 3172 ’Δλλά
500 3118 571 3173 τά
588 3119 924 3192 πορρωτέρω
983 3122 1145 3189 λέγω.
1214 3123 1332 3175 ενδν
1387 3120 1668 3193 ἐγγυτέρω
1693 3122 1785 3176 τὸν

1892 646 2133 701 cuntur;
2162 645 2217 689 et
2244 651 2439 690 nomen
2472 633 2729 688 omnibus
2790 628 3140 685 manifestum
3185 633 3470 690 tribuitur.

1893 725 2166 795 Esplicata
2197 739 2323 778 vero
2350 733 2402 777 et
2424 723 2692 777 subtiliter
2708 736 2962 780 excussa.
2993 722 3469 791 complicationem

1898 816 2187 886 quamdam
2210 830 2317 884 pra:
2338 832 2395 869 se
2412 814 2613 879 ferunt,
2645 821 2700 869 et
2736 812 3021 880 requirunt
3047 813 3467 881 appellationem

1894 908 2102 962 notioni
2145 908 2593 971 convenientem;
2644 916 2699 961 et
2743 917 2803 962 ut
2849 908 3029 961 statim
3077 907 3143 959 de
3191 907 3472 960 voluntate

1893 1000 2161 1061 dicamus,
2193 998 2461 1052 naturalis
2490 998 2743 1052 voluntas
2765 999 3027 1062 hominis,
3070 1012 3235 1065 quam
3273 1012 3469 1051 omnes

1893 1092 2219 1155 concedunt,
2242 1090 2286 1144 si
2309 1101 2559 1143 accurate
2580 1090 2907 1158 inquiratur,
2943 1091 3245 1159 reperietur
3266 1091 3471 1143 habere

1894 1184 2253 1247 differentias,
2292 1198 2413 1252 quae
2442 1192 2497 1237 et
2565 1182 2939 1236 diversitatem
2996 1184 3361 1247 constituunt,
3413 1193 3471 1238 et

1900 1289 2253 1329 communem
2290 1274 2525 1343 speciem
2587 1273 2641 1325 in
2673 1275 2809 1327 alias
2863 1275 3282 1329 communitates
3327 1274 3471 1328 divi-

1894 1365 2148 1434 dunt“),
2182 1380 2234 1418 v.
2261 1381 2343 1434 gr.
2382 1364 2496 1417 vult
2524 1366 2804 1417 comedere
2819 1375 2871 1418 et
2892 1365 3075 1418 bibere
3098 1382 3113 1429 ;
3133 1366 3225 1419 sed
3244 1367 3329 1419 hic
3352 1381 3469 1420 ma-

1895 1456 1999 1523 gis,
2029 1456 2120 1509 ille
2148 1455 2331 1510 minus
2352 1454 2621 1522 ejusmodi
2674 1455 3004 1509 desiderium
3030 1457 3213 1519 habet,
3249 1458 3378 1509 dum
3412 1458 3465 1510 in

1896 1548 2005 1600 vita
2052 1554 2157 1607 est,
2189 1556 2244 1599 et
2280 1547 2451 1615 magis
2481 1558 2535 1600 et
2560 1548 2742 1601 minus
2783 1547 3085 1600 naturalem
3130 1548 3465 1601 voluntatem

1895 1651 2004 1691 non
2031 1639 2285 1705 partitur,
2318 1648 2374 1692 et
2398 1640 2673 1692 contrahit
2721 1640 2786 1691 ad
2838 1638 3013 1707 magis
3047 1640 3465 1707 particularem,

1894 1730 2019 1795 quia
2045 1729 2218 1798 magis
2240 1738 2295 1783 et
2326 1730 2504 1783 minus
2540 1744 2645 1781 non
2680 1738 2857 1798 potest
2891 1737 3085 1783 natura
3109 1731 3467 1785 variationem

1897 1821 2199 1873 naturalem
2233 1820 2439 1887 speciei
2470 1820 2551 1872 vel
2578 1820 2989 1875 communitatis
3020 1820 3255 1875 eﬂicere.

1825 1885 1865 1939 θ
1963 1908 2115 1964 Dicet
2146 1885 2281 1980 ergo
2309 1912 2507 1981 aliquis
2547 1920 2691 1964 recto
2716 1910 2920 1978 judicio
2961 1927 3072 1965 rem
3105 1911 3465 1980 perpendens.

1896 2002 2039 2057 hanc
2065 2003 2393 2058 voluntatem
2429 2004 2731 2058 naturalem
2761 2012 3031 2073 quatenus
3058 2004 3126 2057 ad
3154 2020 3342 2057 omnes
3371 2005 3471 2058 lio-

1894 2094 2069 2147 mines
2099 2094 2378 2163 mqualiter
2408 2103 2611 2157 manat,
2638 2104 2693 2148 et
2742 2095 2991 2162 pertinet,
3049 2108 3154 2147 non
3195 2096 3360 2148 dividi
3410 2099 3465 2148 in

1894 2187 2101 2256 species
2130 2187 2438 2256 subjectas;
2465 2197 2734 2256 quatenus
2752 2201 2882 2239 vero
2922 2188 3257 2241 variationes
3282 2203 3345 2241 es
3377 2204 3465 2250 eo,

1893 2278 2038 2349 quod
2071 2279 2242 2347 magis
2275 2286 2368 2333 aut
2396 2280 2579 2334 minus
2610 2281 2768 2343 inest,
2814 2280 3028 2346 ret-ipit,
3063 2296 3281 2335 servare
3337 2297 3468 2351 pro-

1893 2369 2196 2439 portionem
2226 2369 2517 2437 quamdam
2545 2370 2612 2422 ad
2641 2369 2812 2424 divisa
2844 2374 3221 2437 pertinentem,
3251 2382 3304 2426 et
3327 2375 3467 2426 divi-

1892 2461 2100 2517 sionem
2154 2456 2222 2511 ad
2278 2459 2678 2527 producendam
2713 2462 2947 2529 speciem
2993 2478 3098 2515 non
3160 2464 3463 2532 suscipere.

1892 2553 2039 2608 Nihil
2091 2553 2255 2624 igitur
2301 2550 2579 2621 prohibuit
2606 2552 2851 2607 contlteri
2882 2552 3206 2622 simpliciter
3242 2566 3466 2610 natura-

1892 2644 1996 2700 lem
2039 2647 2370 2700 voluntatem
2407 2643 2664 2706 hominis,
2695 2652 2746 2697 et
2794 2645 2931 2700 hanc
2979 2657 3233 2701 accurate
3268 2662 3469 2703 excus-

1894 2752 2034 2801 sam,
2063 2746 2118 2792 et
2139 2735 2465 2791 diﬂerentiis
2495 2735 2661 2789 veluti
2687 2736 3021 2801 distinctam,
3063 2738 3226 2791 variae
3253 2737 3464 2792 notioni

1891 2838 1946 2881 et
1976 2828 2143 2883 variis
2172 2827 2485 2882 nominibus
2517 2825 2820 2893 subjicere;
2854 2827 2995 2881 idem
3032 2832 3196 2881 etiam
3254 2828 3307 2881 in
3344 2828 3467 2881 intl-

1893 2920 2022 2975 uitis
2057 2921 2178 2975 aliis
2201 2916 2596 2990 quastionibus
2624 2919 2957 2987 reperiemus
2990 2919 3247 2987 spectari.

1966 3118 2068 3174 Sed
2102 3120 2231 3188 quid
2260 3134 2395 3188 opus
2433 3129 2516 3176 est
2543 3133 2969 3175 commemorare
2993 3118 3314 3188 longinqua,
3338 3136 3461 3173 eum

219 3209 387 3277 λόγον
434 3208 811 3264 πιστώσασθαι
842 3211 1243 3282 παραδείγματι
1275 3230 1290 3279 ;
1320 3212 1529 3278 Παῦλος
1558 3214 1785 3286 ξυρᾶται

1894 3226 2062 3282 prope
2086 3212 2401 3278 habeamus,
2422 3213 2565 3268 unde
2582 3212 2723 3282 quod
2754 3211 3008 3276 dicimus,
3039 3211 3467 3266 contirmemus?

222 3304 325 3357 καὶ
384 3305 707 3371 ἀγνίζεται,
772 3307 864 3359 καὶ
931 3309 1245 3377 περιτέμνει
1306 3308 1589 3377 Τιμόθεον.
1642 3308 1789 3381 Ἀρα

220 3395 486 3465 καθαρῶς
520 3399 614 3449 καὶ
654 3397 868 3467 ἀμιγῶς
900 3397 1069 3451 θέλων
1101 3402 1193 3452 καὶ
1223 3400 1390 3469 μηδὲν
1429 3402 1791 3469 ἔφιστάμενος

220 3486 337 3537 τῶν
387 3486 663 3557 ἀθελήτων
724 3489 1187 3558 ὲπιπλεκὸμενοιι
1229 3492 1306 3560 τῷ
1340 3492 1603 3562 θελήματι
1637 3508 1652 3555 ;
1689 3494 1795 3545 Καί

225 3576 344 3639 πῶς
387 3578 591 3645 ζημίαν
648 3581 862 3649 ἡγεῖται
891 3582 960 3633 τὰ
989 3584 1085 3634 τοῦ
1109 3583 1273 3651 νόμου
1302 3584 1394 3635 καὶ
1434 3583 1675 3636 σκύϐαλα
1701 3584 1794 3635 καὶ

220 3671 287 3721 τὸ
356 3670 773 3739 περιτέμνεσθαι
823 3672 901 3741 τῷ
955 3673 1048 3725 τοῦ
1102 3674 1337 3742 Χριστοῦ
1400 3673 1792 3743 καταργεῖσθαι

219 3763 488 3831 κήρυγμα
508 3778 523 3826 ;
544 3763 656 3815 Οὐκ
676 3759 769 3816 οὖν
793 3765 1022 3817 ἀκούσια
1047 3765 1217 3818 ταῦτα
1250 3767 1345 3818 καὶ
1370 3765 1608 3833 ἀθέλητα
1638 3763 1792 3831 λόγος

218 3854 399 3916 οὐδεὶς
462 3855 866 3922 ἀντιφθέγξοιτο
923 3858 1017 3909 καὶ
1078 3859 1277 3927 τρόπος
1342 3857 1655 3925 οίκονομίας
1713 3858 1792 3927 τῷ

219 3948 467 4016 ἀπρεπεῖ
526 3948 754 4017 μάλιστα
801 3950 892 4002 καὶ
918 3950 1162 4019 ἀθελήτῳ
1191 3950 1577 4021 στηριζόμενός
1603 3967 1661 4003 τε
1697 3951 1791 4004 καὶ

221 4037 660 4105 ἑπιπλεκόμενος
689 4038 765 4108 τῷ
787 4037 1070 4108 θελήματι.
1108 4038 1174 4093 Ἀ
1187 4041 1233 4110 ρ’
1262 4041 1356 4093 οὖν
1387 4058 1471 4103 τις
1501 4044 1630 4111 ἡμῖν
1669 4041 1792 4109 φθο-

223 4131 386 4196 νήσει
443 4128 552 4181 τῶν
598 4130 916 4198 ὀνομάτων,
973 4130 1113 4199 ὁρῶν
1163 4132 1231 4184 τά
1286 4136 1426 4185 κατὰ
1474 4134 1792 4204 συμπλοκὴν

222 4221 529 4288 πράγματα
550 4220 841 4289 προσφυῶν
890 4222 981 4274 καὶ
1014 4222 1366 4293 καταλλήλων
1390 4226 1649 4295 ῥημάτων
1679 4226 1792 4279 δεό-

225 4328 405 4380 μενας
437 4311 502 4363 Τί
548 4312 635 4364 δαὶ
660 4313 877 4377 ἄτοπον,
912 4316 1112 4384 μᾶλλον
1136 4313 1193 4367 δὶ
1225 4316 1339 4377 πῶς
1360 4316 1460 4369 οὐκ
1494 4318 1790 4385 ἀναγκαῖον

218 4400 513 4469 ὀνομάζειν
557 4403 784 4473 ἐπείπερ
842 4405 1085 4473 ὑπάρχον
1137 4406 1330 4475 δρᾶται
1390 4408 1484 4460 καὶ
1529 4406 1790 4478 ἀθέλητον

220 4492 461 4563 θέλημα,
517 4494 610 4547 καὶ
645 4493 736 4563 βίᾳ
766 4496 1103 4567 ὑποδυομένη
1133 4498 1192 4549 τὸ
1218 4497 1503 4565 ἑκούσιον;
1536 4498 1646 4552 Καὶ
1673 4501 1786 4563 τοῖς

1896 3304 2094 3358 Paulus
2124 3304 2399 3368 tondetur,
2441 3319 2492 3358 et
2525 3304 2861 3373 purilicatnr,
2896 3317 2959 3355 ac
2990 3303 3332 3358 circumcidit
3368 3304 3463 3357 Ti-

1896 3397 2195 3451 motheum.
2244 3394 2497 3465 Nunquid
2531 3411 2666 3465 pure
2706 3403 2760 3450 et
2801 3395 3145 3463 impermixte
3174 3395 3379 3456 volens.
3411 3406 3467 3451 et
3510 3440 3514 3446 .

1896 3490 2026 3542 nihil
2056 3504 2267 3553 eorum,
2300 3505 2419 3558 quae
2442 3488 2651 3543 volebat
2684 3488 2784 3557 (2),
2816 3503 2937 3541 eum
2970 3488 3249 3542 voluntate
3280 3488 3465 3559 impli-

1893 3594 2070 3636 catmn
2104 3580 2415 3636 sustinens?
2440 3590 2492 3633 et
2516 3579 2790 3648 quomodo
2820 3594 2939 3647 quae
2971 3578 3105 3647 legis
3140 3587 3265 3632 sunt
3293 3580 3465 3632 detri-

1894 3685 2134 3730 mentum
2195 3683 2403 3745 reputat
2453 3675 2551 3744 (ὅ),
2592 3683 2645 3730 et
2698 3673 2980 3728 stercora?
3023 3682 3076 3727 et
3121 3673 3463 3740 circumcidi,

1892 3769 2144 3823 evacuari
2167 3767 2367 3823 Christi
2395 3765 2871 3837 praedicationem?
2901 3765 3089 3820 Nullus
3131 3765 3298 3835 igitur
3327 3780 3463 3819 con-

1895 3861 2141 3922 tradicct.
2175 3859 2305 3929 quin
2328 3861 2443 3913 hac
2472 3868 2703 3913 essenta
2727 3858 3001 3912 voluntate
3028 3858 3145 3926 ejus
3168 3859 3341 3912 aliena
3362 3858 3460 3929 (4),

1891 3960 2118 4021 eratque
2173 3950 2367 4006 modus
2407 3950 2748 4013 meonomiaz,
2796 3949 2845 4003 id
2879 3958 2981 4013 est,
3027 3950 3456 4020 gubernationis.

1892 4045 1946 4100 in
1973 4045 2249 4098 voluntate
2277 4042 2517 4097 maxime
2540 4042 2717 4095 aliena
2748 4050 2803 4095 et
2827 4042 2993 4095 invita
3024 4042 3247 4095 fulcitus
3274 4052 3326 4096 et
3354 4042 3463 4095 im-

1890 4136 2142 4207 plicatus.
2188 4133 2323 4187 Num
2358 4134 2521 4203 igitur
2564 4133 2763 4201 aliquis
2820 4133 3093 4188 invidebat
3148 4134 3306 4187 nobis
3364 4149 3462 4187 no—

1892 4230 2037 4283 mina
2069 4227 2168 4296 (5),
2206 4226 2251 4281 si
2284 4226 2462 4280 videat
2505 4240 2591 4280 res
2625 4225 2933 4293 implicatas
2969 4224 3148 4279 verbis
3198 4226 3360 4293 aptis,
3405 4234 3461 4280 et

1891 4318 2315 4390 congruentibus
2348 4317 2619 4386 indigere?
2663 4318 2805 4382 Quid
2852 4329 3033 4371 autem
3082 4318 3307 4371 absurdi
3351 4326 3458 4380 est,

1892 4413 2022 4482 quin
2069 4410 2254 4481 potius
2297 4409 2571 4479 quomodo
2618 4422 2723 4461 non
2761 4408 3126 4462 necessarium
3164 4416 3247 4462 est
3283 4408 3461 4461 nomi-

1892 4504 2055 4558 nare?
2085 4501 2375 4573 (siquidem
2405 4500 2647 4557 cernitur
2670 4517 2789 4557 esse
2809 4512 2863 4558 et
2892 4501 3145 4557 voluntas
3182 4498 3373 4564 invita,
3406 4506 3460 4553 et

1491 4678 1723 4735 VAIUE
1757 4680 2161 4737 LECTIONES.

288 4802 695 4869 ιξκοινοτήτας.
766 4805 793 4845 7
833 4798 868 4853 l.
902 4798 1383 4869 διασκεπτόμενος.
1449 4808 1472 4837 ι
1502 4799 1640 4870 εῖδη.
1714 4812 1741 4840 ι
1768 4801 1851 4853 An
1903 4800 2383 4870 ἐπιπλεκόμενοντ

1721 4915 1950 4972 ΝΟΤιΕ.

297 5006 376 5075 (ι)
410 5003 476 5057 Et
509 5020 837 5058 communem
865 5022 890 5059 ε
957 5008 1087 5060 ciem
1107 5007 1349 5061 dividunt
1380 5023 1399 5061 :
1433 5007 1543 5061 Καὶ
1573 5009 1636 5061 τὸ
1665 5026 1781 5062 κοι-
1815 5010 1859 5064 ι)
1889 5017 2122 5075 reputat.
2151 5013 2203 5059 et
2241 5005 2665 5059 circumcisione
2696 5021 2788 5059 sctt
2845 5020 2939 5074 per
2980 5006 3452 5063 circumcisione-in

297 5093 317 5127 ν
363 5074 571 5129 εἶδος...
602 5071 655 5124 ltl
708 5083 794 5128 est
831 5093 844 5129 ;
1000 5091 1348 5129 communem
1400 5078 1635 5129 speciem
1678 5094 1784 5129 non
1893 5077 2143 5129 evacttari
2207 5075 2409 5129 Christi
2482 5076 2919 5129 praedicationem
2969 5075 2991 5125 7
3042 5104 3110 5114 -
3154 5074 3452 5129 Tttrrianus

219 5071 331 5146 vs;
360 5074 571 5146 εἶδος...
602 5071 655 5146 Ιρ
708 5083 794 5128 est
831 5093 858 5146 :4
884 5071 947 5129 Et
1000 5091 1348 5131 communem
1400 5078 1635 5146 speciem
1678 5094 1784 5133 non

220 5144 496 5197 dividunt.
526 5172 595 5183 —
624 5141 896 5198 Particula
926 5147 989 5198 οὐ
1016 5146 1201 5199 deerat
1232 5147 1285 5199 in
1304 5141 1491 5202 codice
1514 5163 1619 5202 ms.
1650 5148 1785 5202 Tur-

219 5213 392 5286 riani,
434 5221 686 5286 attamen
705 5223 787 5266 est
832 5216 1163 5286 necessaria,
1224 5216 1428 5286 quippe
1474 5218 1673 5285 legitur
1704 5217 1789 5271 in—

218 5283 401 5336 fc-rius
430 5282 491 5333 οὐ
525 5281 804 5351 μερίζει...
842 5284 978 5353 μηδὶ
1016 5281 1653 5357 πέφυκεν...’ἑξαλλαγὴν
1684 5287 1791 5339 ἀπ-

218 5350 572 5410 εργάζεσθαι.

217 5367 572 5419 εργαςεσυαι.

298 5420 377 5487 (‘2)
396 5418 576 5495 _1_Viliil
602 5437 781 5495 eorum
798 5438 913 5490 quae
943 5424 1144 5476 volebat
1174 5439 1192 5477 :
1226 5424 1408 5491 Μηδὲν
1459 5425 1571 5477 τῶν
1594 5424 1789 5495 ἀθελή-

216 5505 353 5561 των.
396 5487 447 5561 Id
472 5500 555 5544 est
585 5509 597 5543 :
630 5490 772 5561 Nihil
804 5487 989 5546 eorum
1020 5509 1143 5561 qua!
1191 5487 1432 5547 nolebat.

296 5560 377 5629 (5)
409 5558 680 5621 Quomodo
699 5576 814 5629 qua:
839 5562 963 5629 legis
990 5558 1131 5624 sint,
1164 5565 1533 5616 detrimentum
1550 5574 1782 5629 reputat,

216 5636 273 5700 et
303 5630 637 5700 circumcidi,
671 5632 915 5683 evacuari
938 5632 1134 5685 Christi
1156 5634 1625 5700 prwdicationem.’
1660 5634 1784 5695 Πῶς

219 5698 432 5773 ζημίαν
507 5700 721 5773 ἡγεῖται
764 5700 981 5773 *κά-τοᾷ
1016 5698 1181 5773 νόμου
1229 5703 1410 5755 καὶτὸ
1441 5704 1649 5773 (malim
1684 5704 1782 5773 τῷ)

220 5769 646 5843 περιτέμνεσθαι
676 5769 735 5821 τὸ
778 5770 871 5843 τοᾷ
926 5769 1161 5843 Χριστοῦ
1190 5772 1581 5839 καταργεῖσθαι
1606 5769 1782 5843 κήρυ-

216 5835 355 5906 γμα.
394 5835 447 5892 Id
465 5844 549 5892 est
574 5836 893 5904 :Quomodo
916 5835 1035 5909 qua:
1059 5842 1193 5911 legis
1225 5835 1781 5908 sunt,'tletrimen't'um

1893 5074 2143 5129 evacttari
2207 5075 2409 5129 Christi
2482 5076 2919 5143 praedicationem
2969 5075 2991 5125 7
3042 5104 3110 5114 ——
3154 5074 3455 5133 Turrianus

1893 5147 2167 5200 reddendo
2188 5144 2263 5211 τῷ
2286 5144 2702 5212 περιτέμνεσθαι
2743 5161 2836 5210 per
2854 5146 3179 5203 circumcidi.
3206 5147 3452 5201 inserue-

1896 5225 1980 5268 rat
2034 5215 2272 5268 versioni
2314 5212 2516 5265 Latium
2559 5214 2950 5281 Grmcismnm,
2997 5216 3085 5281 qni
3149 5231 3252 5269 non
3294 5216 3456 5271 intel-

1897 5285 1987 5352 ligi
2016 5286 2189 5352 potuit
2227 5283 2295 5335 ab
2328 5284 2393 5335 iis
2432 5283 2523 5349 qui
2564 5280 2751 5334 Latine
2790 5280 3025 5352 tantum
3063 5285 3303 5351 sapiunt,
3352 5303 3452 5339 nec

1894 5350 2123 5421 possunt
2155 5352 2405 5421 supplere
2429 5352 2719 5406 articulum
2744 5350 2820 5419 τῷ
2840 5368 2999 5419 quem
3027 5350 3293 5421 interpres
3314 5358 3453 5408 omi-

1893 5434 2057 5477 serat.

1950 5492 2029 5559 (4)
2063 5490 2127 5571 In
2145 5490 2869 5571 tioiuntate-nmximcalieno
2905 5506 2923 5541 :
2956 5490 3044 5557 Τῷ
3075 5492 3315 5571 ἀπρεπεῖ
3344 5496 3452 5571 μά..

1889 5561 2043 5614 λιστα
2098 5560 2383 5630 θελήματι.
2418 5559 2471 5610 Id
2506 5570 2589 5614 est
2626 5582 2639 5616 :
2681 5560 2966 5616 Voluntate
3026 5559 3261 5616 maxime
3290 5559 3449 5616 inde-

1889 5647 1985 5686 cen
1996 5632 2030 5683 ti
2043 5670 2055 5683 .

1944 5701 2020 5768 (ὅ)
2040 5700 2182 5754 Num
2205 5700 2365 5768 igitur
2390 5699 2855 5769 aliquisinm’debat
2878 5700 3022 5753 nobis
3052 5700 3259 5769 nomina
3278 5696 3452 5769 ?7'7Ap'

1889 5766 1981 5823 οὖν
2003 5766 2091 5835 ⁷τις
2114 5766 2247 5839 ἡμῖν
2292 5766 2545 5838 φθονήσει
2590 5770 2697 5822 τῶν
2727 5769 3025 5837 ὀνομάτων.
3052 5768 3111 5839 id
3139 5780 3221 5823 est
3260 5787 3271 5824 :
3308 5766 3446 5823 Nunt

1891 5840 2056 5908 igitur
2088 5838 2283 5908 aliquis
2317 5841 2579 5896 invidebit
2603 5839 2758 5894 nobis
2799 5838 3066 5893 nomina?
