4200 6444
222 380 331 447 διε
1147 381 1246 443 AD
1284 377 1878 442 AMPHILOCHIUM
1916 376 2265 451 QUﬂS‘l’IO
2294 375 2523 439 LXXX.
3360 369 3464 435 546
3534 390 3542 399 '

223 492 453 550 rationis
480 492 547 548 ad
592 508 784 560 unum,
814 493 900 549 vel
956 491 1113 563 plura
1145 491 1323 547 media
1352 507 1417 547 ex
1453 491 1578 547 aliis
1628 489 1896 561 eligenda,
1955 487 2205 560 sequitur
2257 502 2380 543 eam
2421 487 2475 540 in
2512 481 2728 540 Christo
2754 498 2862 537 non
2894 479 3095 538 habere
3126 482 3337 550 locum;
3369 484 3464 539 sed

226 583 471 638 nascitur
500 582 667 636 inde:
706 579 872 653 Ergo.
907 577 1182 634 Probatur
1216 578 1435 648 sequcla
1466 596 1481 633 :
1508 578 1638 648 quia
1671 574 1978 648 ignorantia
2014 590 2121 629 non
2177 575 2341 630 habet
2396 572 2576 628 locmn
2625 571 2680 625 in
2729 569 2971 635 Christo,
3020 585 3120 626 nec
3169 571 3461 627 dubitatio.

221 668 459 724 Haberet
493 678 697 728 autem.
726 668 773 723 si
810 674 957 722 esset
995 665 1050 719 in
1090 665 1186 720 illo
1217 665 1471 720 voluntas
1499 665 1772 734 gnomica.
1820 664 1872 716 in
1898 677 2029 733 qua,
2058 676 2154 732 per
2208 660 2503 718 consilium
2552 667 2607 715 et
2656 657 3170 713 determinatiouem
3209 658 3464 718 rationis,

222 766 308 810 est
365 758 630 812 transitus
690 755 761 810 ab
809 754 1119 827 ignorantia
1177 753 1245 808 ad
1299 753 1691 823 cegnitionem,
1744 761 1800 808 ct
1848 753 1918 807 ab
1964 752 2177 807 incerto
2236 748 2302 805 ad
2341 758 2576 812 certum,
2612 754 2668 801 et
2720 744 2951 800 mutatio
2986 759 3093 799 non
3129 744 3365 799 amantis
3400 746 3466 796 ad

223 858 491 899 amorem.

298 928 524 983 Sextum
589 934 997 999 argumentum.
1060 923 1324 981 Homines
1375 931 1590 983 utentes
1643 926 1924 982 voluntate
1980 925 2259 998 goomica.
2326 927 2635 995 repugnant
2681 918 2789 975 Deo
2840 937 2855 974 :
2912 932 3047 987 ergo
3099 934 3209 974 non
3269 927 3352 975 est
3411 918 3466 974 in

219 1014 467 1071 C‘Wisto.

300 1100 607 1173 Septimum
635 1110 1040 1173 argumentum.
1074 1097 1341 1155 Voluntas
1372 1100 1626 1169 goomica
1660 1111 1745 1156 est
1772 1115 2039 1173 propensa
2071 1100 2136 1155 ad
2162 1109 2455 1170 utramque
2479 1097 2790 1159 actionem,
2828 1091 3112 1147 honestam
3153 1091 3380 1155 scilicet,
3406 1102 3472 1146 ac

225 1203 454 1260 pravam
477 1204 494 1254 ;
542 1202 696 1258 ergo.

297 1273 526 1344 Propter
554 1276 667 1329 hac
700 1281 1048 1345 argumenta,
1081 1271 1311 1328 Photius
1366 1282 1422 1327 et
1444 1272 1540 1329 alii
1599 1290 1666 1330 ne
1696 1275 2007 1345 gnomicam
2041 1276 2263 1345 quidem
2294 1276 2533 1332 divinam
2574 1272 2913 1329 voluntatem
2956 1279 3203 1326 statuunt
3232 1270 3283 1324 in
3308 1266 3473 1325 Chri-

224 1372 335 1417 sto.
370 1361 527 1427 Nam,
558 1363 604 1417 si
633 1362 755 1417 talis
784 1372 869 1417 est
900 1362 951 1416 in
980 1361 1224 1423 Christo,
1251 1360 1341 1414 illa
1363 1370 1457 1415 aut
1476 1361 1663 1416 eadem
1691 1369 1775 1417 est
1809 1377 1933 1418 cum
1968 1365 2244 1420 voluntate
2276 1363 2455 1420 divina
2485 1359 2747 1424 naturali,
2778 1367 2874 1413 aut
2898 1358 3134 1413 diversa.
3167 1358 3222 1412 Si
3256 1358 3471 1416 eadem,

226 1449 496 1505 habemus
526 1463 657 1518 ergo
696 1448 988 1511 intentum.
1019 1463 1128 1501 non
1154 1461 1276 1503 esse
1302 1446 1515 1502 scilicet
1579 1447 1740 1501 aliam
1770 1447 2010 1505 divinam
2040 1451 2399 1514 voluntatem,
2423 1458 2619 1519 prater
2641 1447 2789 1502 illam
2825 1447 3152 1510 naturalem,
3181 1445 3468 1514 tribusque

224 1537 483 1604 personis
514 1551 887 1591 communem.
929 1534 986 1590 Si
1018 1549 1151 1589 vero
1203 1534 1387 1588 divina
1413 1533 1666 1588 voluntas
1705 1536 1957 1607 goomica
1990 1536 2043 1590 in
2079 1537 2297 1593 Christo
2346 1546 2429 1592 est
2459 1534 2563 1589 alia
2603 1547 2633 1588 a
2662 1530 2900 1587 naturali
2928 1532 3111 1586 divina
3147 1532 3469 1596 voluntate;

228 1633 363 1679 tunc
386 1626 491 1679 erit
516 1624 756 1689 diversa,
791 1639 914 1694 quae
940 1631 1027 1678 est
1056 1622 1110 1677 in
1141 1621 1319 1685 Patre,
1354 1631 1410 1676 et
1434 1621 1641 1693 Spiritu
1675 1632 1891 1679 sancto.
1924 1623 2031 1680 Sed
2066 1624 2172 1679 hoc
2197 1633 2282 1680 est
2310 1623 2631 1681 absurdum.
2670 1620 2799 1691 quia
2836 1620 3081 1674 omnium
3116 1634 3472 1691 personarum

226 1712 536 1765 divinarum
564 1719 648 1765 est
672 1711 864 1767 eadem
899 1711 1173 1765 voluntas.
1198 1708 1466 1765 Gnomica
1515 1720 1699 1765 autem
1782 1726 1887 1765 non
1950 1718 2037 1766 est
2069 1710 2281 1776 eadem,
2324 1709 2421 1765 sed
2453 1708 2667 1763 diversa
2701 1706 2753 1760 in
2801 1706 3035 1763 diversis
3060 1707 3472 1778 hypostasibus.

224 1798 410 1866 Quare
435 1799 524 1854 isti
560 1808 813 1855 auctores
858 1790 959 1853 nec
984 1797 1037 1851 in
1068 1796 1338 1853 Trinitate
1366 1796 1681 1868 gnomicam
1719 1797 2316 1868 voluntatempouunt,
2356 1794 2598 1851 maxime
2641 1803 2867 1863 propter
2918 1804 3307 1864 argumentum
3343 1797 3397 1860 5,
3432 1796 3467 1852 ϐ

221 1898 282 1942 et
343 1886 393 1942 7.
456 1887 512 1943 In
559 1885 831 1942 Trinitate
891 1887 1038 1942 enim
1106 1886 1234 1941 licet
1290 1885 1401 1940 sint
1457 1895 1567 1941 tres
1613 1899 1883 1957 personae,
1935 1895 2022 1941 est
2078 1892 2260 1940 tamen
2309 1881 2634 1953 simpliciter
2684 1895 2854 1936 unum
2905 1889 2959 1936 et
3014 1881 3157 1938 idem
3223 1884 3360 1940 velle
3408 1899 3477 1940 ac

224 1973 393 2030 nolle.

302 2059 708 2114 Observationes
750 2058 1142 2116 Stewartii.--
1198 2058 1326 2115 Haec
1356 2070 1538 2116 tamen
1597 2067 1656 2115 et
1688 2058 1814 2134 alia,
1865 2074 1988 2130 quae
2042 2058 2273 2116 Pbotius
2324 2057 2593 2128 disputat,
2645 2070 2756 2112 non
2807 2054 3063 2111 videntur
3126 2056 3476 2114 concludere.

220 2145 402 2214 Cujus
460 2157 777 2217 argumenta
848 2155 908 2202 ut
990 2147 1299 2216 solvantur,
1371 2147 1657 2203 fatendum
1713 2156 1819 2212 est,
1889 2146 1942 2203 in
1999 2145 2220 2203 Christo
2275 2159 2384 2202 non
2451 2144 2623 2201 fuisse
2695 2142 3052 2211 voluntatem,
3142 2146 3224 2201 vel
3294 2156 3479 2202 actum

224 2236 555 2297 voluntatis,
588 2251 710 2305 qu:e
744 2236 906 2289 fuerit
936 2245 1113 2298 actus,
1147 2236 1231 2290 vel
1258 2236 1497 2306 potentia
1530 2250 1781 2305 personae
1820 2244 2033 2289 creata.
2085 2232 2305 2289 Clarum
2339 2233 2485 2311 enim
2532 2241 2615 2288 est
2663 2231 2717 2287 in
2748 2231 2969 2287 Christo
3005 2247 3292 2302 personam
3321 2248 3483 2289 crea-

226 2330 340 2375 tam
376 2336 480 2374 non
518 2319 712 2377 fuisse.
749 2319 970 2375 Interim
1001 2328 1180 2376 tamen
1217 2321 1400 2394 negari
1450 2339 1556 2378 non
1597 2333 1774 2395 potest
1804 2322 1857 2376 in
1884 2320 2107 2378 Christo
2136 2321 2301 2377 fuisse
2323 2322 2657 2376 voluntatem
2711 2318 3121 2376 individualiter
3165 2321 3477 2377 distinctam

224 2424 254 2462 a
280 2408 567 2462 voluntate
615 2407 937 2462 individuali
977 2406 1361 2480 cujuscunque
1392 2409 1618 2465 alterius
1650 2409 1908 2475 hominis,
1949 2410 2313 2465 abstrahendo
2348 2409 2418 2463 ab
2460 2408 2799 2481 hypostatica
2851 2409 3261 2478 personalitate.
3318 2410 3481 2465 Sicut

220 2497 397 2551 etiam
428 2495 803 2551 abstrahendo
830 2496 901 2551 ab
925 2496 1140 2562 eadem,
1165 2496 1219 2552 in
1248 2497 1467 2554 Christo
1494 2508 1579 2555 est
1611 2494 1962 2553 individualis
1991 2502 2181 2547 natura
2233 2492 2495 2574 humana,
2540 2490 2801 2546 distincta
2834 2493 2906 2545 ab
2939 2492 3086 2546 omni
3130 2490 3259 2556 alia,
3289 2499 3343 2547 et
3374 2492 3480 2548 sub

225 2582 325 2639 illa
380 2583 437 2637 in
484 2584 763 2638 communi
795 2585 1214 2653 comprehensa,
1254 2593 1513 2656 tanquam
1548 2584 1820 2654 quoddam
1872 2580 2020 2637 illius
2066 2578 2407 2634 individuum
2456 2596 2471 2634 :
2518 2577 2681 2648 cujus
2720 2576 3069 2634 individualis
3130 2590 3343 2635 natura:
3376 2586 3480 2647 est,

226 2670 598 2725 individualcs
627 2679 683 2724 et
729 2670 1038 2740 singulares
1064 2671 1310 2727 actiones
1334 2672 1659 2741 producere.
1695 2683 1805 2727 tam
1835 2667 2162 2729 intellectus,
2204 2681 2370 2737 quam
2417 2664 2737 2731 voluntatis,
2784 2680 2909 2735 qua:
2940 2665 2994 2719 in
3031 2665 3318 2720 individuo
3366 2666 3483 2722 dis—

225 2757 557 2825 tinguuntur
587 2757 656 2810 ab
688 2756 995 2812 actionibus
1041 2757 1274 2812 aliarum
1301 2768 1625 2813 naturarum
1679 2754 2112 2813 individualium.
2160 2752 2425 2821 Quamvis
2450 2760 2645 2807 natura
2672 2751 3019 2807 individualis
3053 2754 3317 2821 producat
3349 2754 3484 2810 istas

221 2840 477 2895 actiones
509 2841 562 2895 in
592 2842 715 2897 aliis
741 2841 960 2911 quidem
997 2842 1334 2908 hominibus,
1371 2854 1431 2900 ut
1465 2854 1675 2900 naturae
1704 2842 2065 2899 individuales
2098 2841 2406 2896 subsistunt
2432 2840 2487 2896 in
2524 2839 2915 2910 personalitate
2936 2850 3143 2895 creata.
3174 2841 3228 2894 In
3259 2841 3485 2898 (Ihrtsto

222 2942 360 2982 vero
383 2936 443 2981 ut
474 2938 667 2982 natura
698 2929 819 2999 ejus
850 2929 1087 2984 humana
1119 2930 1369 2986 subsistit
1405 2931 1458 2988 in
1489 2933 1676 2988 divino
1719 2929 2044 3003 supposito;
2077 2928 2222 2998 quod
2256 2936 2439 2982 tamen
2472 2926 2817 2997 suppositum
2851 2940 2947 2997 per
2975 2941 3033 2982 se
3079 2942 3185 2981 non
3217 2926 3393 2983 inﬂuit
3427 2930 3484 2985 in

225 3014 506 3068 actionem
535 3014 682 3067 illam
743 3014 1093 3071 individualis
1120 3017 1420 3073 voluntatis
1452 3035 1468 3073 :
1496 3018 1747 3090 quamvis
1778 3032 1881 3074 nec
1928 3028 2079 3071 mere
2112 3029 2209 3085 per
2252 3014 2533 3081 accidens,
2578 3022 2634 3069 et
2674 3015 3114 3070 concomitauter
3161 3029 3283 3070 sese
3318 3015 3487 3073 habet

226 3100 577 3169 suppositum
612 3100 677 3155 ad
712 3101 980 3156 actionem
1010 3101 1159 3157 illam
1195 3104 1494 3161 voluntatis
1552 3104 1926 3167 individualis,
1983 3099 2077 3157 sed
2126 3109 2213 3156 est
2260 3100 2503 3157 conditio
2551 3100 2931 3171 prcrequisita
2981 3101 3048 3157 ad
3087 3103 3360 3173 agendum
3415 3119 3483 3161 ex

225 3193 391 3254 parte
418 3183 629 3254 agentis
663 3200 677 3236 :
703 3195 973 3254 quatenus
1006 3186 1216 3241 nullum
1250 3202 1418 3258 agens
1442 3188 1692 3244 naturale
1714 3203 1875 3259 agere
1906 3197 2085 3261 potest
2117 3188 2439 3246 naturaliter
2471 3186 2764 3261 loquendo.
2800 3188 2909 3245 nisi
2943 3188 3170 3246 exsistat
3201 3190 3254 3245 in
3277 3205 3486 3263 suppo-

223 3275 361 3329 sito.
397 3270 472 3327 De
498 3287 609 3343 quo
646 3272 809 3329 latius
834 3272 1060 3341 Suarcz,
1088 3274 1231 3345 disp.
1261 3276 1331 3331 30
1362 3275 1415 3330 in
1449 3274 1685 3346 Heteph.
1714 3285 1850 3333 sect.
1887 3274 1939 3331 7.

300 3360 423 3418 Jam
472 3375 621 3427 vero,
657 3363 798 3419 sicut
846 3361 1061 3429 Petrus,
1107 3363 1260 3420 verbi
1311 3364 1512 3436 gratia,
1549 3380 1646 3436 per
1680 3364 2017 3421 voluntatem
2071 3378 2233 3421 suam
2266 3361 2654 3420 lndividualem
2686 3361 3037 3420 exsistentem
3082 3362 3137 3419 in
3190 3366 3483 3437 supposito

224 3458 442 3513 creato,
478 3450 702 3503 tendere
733 3459 912 3519 potest
940 3459 1054 3505 tam
1094 3450 1149 3505 in
1179 3450 1355 3516 dulce,
1388 3467 1555 3522 quam
1590 3452 1643 3506 in
1676 3466 1948 3514 amarum.
1992 3460 2102 3506 tam
2141 3453 2194 3505 in
2228 3466 2509 3524 magnotu,
2548 3465 2712 3523 quam
2740 3451 2795 3506 in
2827 3466 3079 3523 parvum,
3118 3465 3173 3509 et
3198 3453 3252 3509 in
3288 3465 3484 3513 cetera

225 3532 451 3601 objecta
483 3532 898 3587 conditionibus
926 3532 1202 3603 aliquibus
1230 3533 1455 3599 aﬂ'ecta;
1490 3534 1564 3590 ita
1589 3544 1764 3603 potest
1789 3534 1954 3592 etiam
1978 3537 2156 3601 dulce,
2188 3547 2242 3594 et
2266 3554 2540 3600 amarum.
2570 3548 2679 3595 etc.
2698 3578 2715 3605 ,
2742 3547 2995 3609 appetere
3019 3555 3115 3611 per
3150 3557 3305 3598 suam
3340 3543 3486 3599 indi-

225 3619 507 3673 vidualcm
541 3617 879 3674 voluntatem
915 3619 1135 3686 Paulus,
1168 3629 1274 3676 etc.
1303 3621 1361 3676 Si
1392 3636 1525 3692 ergo
1547 3622 1728 3693 quivis
1776 3624 1942 3679 homo
1991 3624 2285 3695 singularis
2326 3635 2598 3695 quatenus
2629 3626 2792 3681 habet
2827 3625 3159 3695 singularem
3202 3637 3480 3695 naturam,

228 3707 339 3761 hoc
380 3714 577 3775 potest,
610 3706 977 3762 abstrahendo
1015 3720 1045 3760 a
1093 3708 1501 3777 personalitate.
1538 3717 1796 3780 tanquam
1837 3725 1869 3765 a
1910 3709 2180 3781 principio
2221 3708 2478 3766 inﬂuente
2524 3710 2577 3765 in
2630 3709 2901 3765 actionem
2950 3711 3096 3766 illam
3140 3712 3479 3785 voluntatis;

223 3792 489 3863 quamvis
539 3806 650 3847 non
709 3793 1078 3848 abstrahendo
1121 3808 1152 3849 a
1203 3795 1610 3865 personalitatc,
1656 3805 1718 3852 ut
1766 3803 1851 3854 est
1903 3795 2147 3853 conditio
2187 3797 2381 3869 agendi
2432 3796 2753 3853 naturaliter
2814 3798 3077 3869 requisita
3118 3817 3132 3856 :
3179 3802 3481 3860 absurdum

222 3879 451 3935 \idctur
480 3879 665 3933 dicere
741 3879 794 3933 id
833 3878 1113 3936 Christum
1155 3895 1262 3936 non
1296 3883 1563 3952 potuisse,
1599 3892 1656 3939 et
1693 3884 1908 3956 quoties
1954 3881 2160 3953 aliquid
2219 3884 2412 3946 voluit.
2451 3894 2546 3939 aut
2592 3884 2869 3955 appetivit,
2900 3886 2953 3941 id
2988 3894 3197 3942 tantum
3244 3888 3485 3948 voluisse

219 3965 512 4021 COIlltlllllli
548 3967 758 4020 ratione
784 3966 934 4030 boui,
966 3975 1021 4020 et
1052 3966 1107 4021 in
1133 3966 1413 4037 objectum
1445 3972 1737 4029 tetendisse
1764 3974 2008 4043 pmcisis
2036 3972 2295 4030 omnibus
2326 3972 2705 4045 qualitatibus,
2729 3982 2785 4030 et
2803 3973 3211 4033 conditionibus
3234 3981 3480 4049 particu-

221 4054 465 4109 laribus.

302 4138 465 4206 Quod
506 4138 553 4195 si
588 4138 715 4209 quis
750 4139 1078 4196 sententiam
1100 4138 1416 4198 Graecorum
1447 4145 1760 4203 accuratius
1792 4148 2123 4213 consideret.
2158 4150 2318 4219 plane
2348 4147 2605 4206 vitientur
2634 4148 2776 4207 hanc
2803 4150 3139 4209 voluntatem
3166 4154 3476 4224 gnomicam

217 4225 555 4313 distinxisse
586 4225 809 4313 realiter
842 4226 1140 4313 apotentia
1172 4227 1285 4292 illa,
1317 4243 1482 4298 quam
1514 4242 1711 4288 vocant
1742 4233 1845 4304 ipsi
1872 4236 2198 4301 naturalem,
2234 4252 2468 4309 qucque
2489 4238 2667 4293 oritur
2688 4253 2755 4293 ex
2792 4238 2908 4310 ipsa
2956 4250 3149 4297 natura
3188 4242 3469 4313 speeiﬂca.

222 4311 691 4400 Videnturetiam
726 4311 1080 4369 existimasse
1109 4313 1254 4371 hanc
1282 4318 1616 4375 voluntatem
1648 4321 1975 4391 gnomicam,
2007 4331 2062 4378 et
2107 4332 2264 4380 actus
2300 4324 2423 4393 ejus
2471 4324 2719 4381 elective
2755 4339 2879 4383 esse
2918 4326 2988 4383 ab
3036 4327 3151 4399 ipsa
3200 4311 3462 4400 persona.

218 4400 391 4467 Quod
428 4398 475 4455 si
508 4399 582 4483 ita
612 4409 779 4483 esset,
811 4408 943 4455 tunc
969 4400 1180 4456 clarum
1209 4411 1361 4459 esset
1390 4404 1443 4460 in
1475 4405 1698 4464 Christo
1723 4423 1831 4466 non
1861 4424 2023 4479 posse
2052 4411 2179 4481 poni
2212 4411 2545 4468 voluntatem
2578 4413 2887 4483 gnomicam
2925 4398 3361 4480 creatamrcum
3408 4420 3466 4476 in

217 4484 355 4569 ipso
384 4497 491 4569 non
526 4479 688 4569 fuerit
707 4494 941 4569 persona
959 4491 1165 4569 creata,
1187 4497 1253 4538 cx
1278 4499 1384 4554 qua
1414 4488 1725 4559 huiusmodi
1754 4495 2003 4552 voluntas
2028 4479 2267 4553 Ιίιιιιιιηι
2302 4499 2551 4569 εηοηιίοε
2582 4479 2793 4556 illinet.

302 4565 413 4622 Sed
449 4570 562 4621 tunc
588 4565 943 4656 fundamenta
971 4576 1098 4622 sunt
1142 4567 1297 4625 falsa.
1345 4571 1483 4638 Quia
1523 4577 1702 4633 omnis
1733 4590 1888 4638 actus
1929 4583 2247 4649 voluntatis,
2291 4565 2690 4656 qualiscunque
2730 4586 2821 4652 sit,
2860 4585 3111 4644 ell‘ective
3140 4598 3226 4646 est
3271 4590 3341 4646 ab
3375 4591 3464 4647 illa

218 4656 475 4729 potentia
505 4655 720 4748 volt-udi
750 4654 1017 4748 qtta:__iluit
1043 4670 1108 4748 ex
1152 4658 1466 4717 intrinsecis
1506 4664 1788 4736 principiis
1823 4668 2077 4725 humanae
2115 4654 2343 4728 naturae.
2397 4672 2465 4729 Et
2498 4654 2838 4744 suppositum
2889 4676 2978 4731 hic
3014 4676 3090 4732 nil
3132 4678 3281 4734 aliud
3315 4679 3471 4748 facit,

214 4757 399 4814 quam
438 4741 585 4834 quod
628 4749 713 4796 est
744 4741 1005 4803 conditio.
1040 4743 1171 4834 sine
1217 4759 1325 4814 qua
1375 4749 1702 4807 naturaliter
1751 4752 2045 4824 loquendo,
2074 4757 2331 4815 voluntas
2361 4741 2581 4814 nullum
2606 4741 2802 4816 iactum
2850 4765 3023 4833 possit
3054 4764 3288 4834 elicere,
3324 4741 3473 4827 sicut

221 4826 697 4925 lltt10falilel‘ll0ll
735 4836 914 4925 potest
939 4828 1201 4885 exsistere
1225 4841 1380 4925 extra
1411 4837 1776 4925 suppositum.
1837 4838 1895 4895 Si
1928 4850 2104 4897 tamen
2150 4855 2302 4899 extra
2350 4859 2493 4902 esset
2518 4860 2614 4916 per
2648 4826 2890 4905 divinam
2927 4853 3250 4920 potentiam,
3272 4826 3469 4925 'posse

214 4917 397 4969 ctiam
460 4922 614 4968 extra
676 4915 931 4984 operari,
992 4929 1093 4971 nec
1151 4919 1456 4989 requireret
1524 4924 1667 4980 hanc
1718 4926 2087 4984 conditionem
2151 4931 2454 5001 suppositi,
2508 4915 2569 4988 ut
2641 4933 2800 4991 docet
2857 4915 3043 4997 etiam.
3093 4915 3320 4995 Suare'
3358 4941 3480 5001 loco

212 5002 425 5057 citato.

303 5088 384 5142 Ad
412 5086 649 5158 primum
689 5099 1071 5183 argumentum
1093 5089 1293 5183 Photii,
1321 5105 1547 5168 negatur
1570 5100 1765 5171 major.
1814 5101 1952 5168 Quia
1982 5102 2235 5161 voluntas
2262 5105 2511 5177 gnomica
2536 5116 2622 5163 est
2662 5118 2891 5174 natum,
2924 5126 3032 5168 non
3065 5126 3335 5183 personae,
3368 5115 3477 5176 nisi

208 5183 509 5267 quatenus
529 5188 774 5267 persona
805 5178 1173 5267 estcooditio,
1209 5180 1329 5237 sine
1368 5199 1476 5254 qua
1517 5186 1771 5245 voluntas
1801 5190 2128 5247 naturaliter
2146 5204 2326 5247 actum
2360 5208 2466 5248 non
2497 5193 2740 5251 eliceret.
2772 5196 2853 5251 Ad
2886 5178 3265 5267 probationem
3307 5178 3430 5260 dico
3458 5222 3475 5262 ε

210 5260 464 5352 ἰδίω-ξπ
497 5260 729 5352 singulis
755 5261 1066 5352 hominibus
1097 5267 1169 5321 sit
1199 5267 1387 5325 eadem
1411 5271 1663 5331 voluntas
1690 5276 1992 5333 secundum
2036 5278 2295 5347 speciem.
2326 5280 2717 5352 multiplicatur
2743 5260 2925 5340 tamen
2964 5285 3375 5346 individualiter
3416 5260 3471 5347 in

205 5346 486 5448 singulis.
529 5345 766 5448 Et,.lic-et
787 5347 1033 5406 voluntas
1053 5350 1108 5407 in
1146 5356 1423 5412 communi
1444 5359 1726 5417 abstrahat
1763 5365 1792 5417 'a
1830 5373 2004 5429 tanto,
2036 5345 2122 5419 vel
2161 5375 2332 5433 tanto,
2372 5345 2504 5431 etc.,
2528 5377 2582 5424 et
2608 5369 2678 5424 ab
2707 5370 2832 5427 aliis
2865 5373 3275 5432 conditionibus
3304 5345 3475 5448 parti;

202 5434 510 5529 cnlarihus
541 5432 924 5529 objectorum;
955 5450 1061 5493 non
1100 5454 1370 5513 repugnat
1398 5455 1577 5503 tamen
1619 5448 1695 5504 illi
1729 5450 1866 5506 velle
1891 5458 2127 5518 tantum,
2155 5453 2235 5509 vel
2267 5432 2501 5519 tantum,
2542 5466 2678 5521 etc.;
2734 5458 2848 5514 imo
2870 5459 2973 5515 hoc
3008 5461 3058 5515 ei
3084 5470 3168 5517 est
3197 5432 3469 5529 naturale,

202 5538 295 5620 eo
324 5524 469 5620 ipso,
502 5521 649 5620 quod
671 5522 856 5620 omnia
882 5523 985 5581 ista
1010 5529 1365 5587 continentur
1396 5536 1535 5592 intra
1571 5537 1913 5595 latitudinem
1940 5539 2024 5594 sui
2050 5539 2273 5613 objecti,
2303 5543 2448 5612 quod
2478 5551 2565 5598 est
2593 5543 2793 5600 bonum
2819 5562 2835 5600 :
2870 5547 3012 5601 sicut
3036 5548 3197 5605 etiam
3228 5521 3467 5619 potentia

206 5609 571 5708 intelligendi
604 5624 714 5708 non
741 5618 951 5708 tantum
967 5623 1161 5708 potest
1181 5620 1401 5708 tendere
1426 5624 1481 5679 in
1503 5640 1693 5681 verum
1725 5626 1779 5683 in
1807 5609 2233 5690 communiased
2259 5609 2422 5685 etiam
2451 5630 2505 5686 in
2531 5631 2632 5686 hoc
2659 5633 2740 5687 vel
2760 5633 2887 5688 illud
2914 5650 3099 5691 verum
3118 5609 3466 5708 particulam.

207 5704 229 5795 ξ
258 5712 337 5753 oc
366 5696 452 5752 vel
481 5695 574 5795 illo
592 5696 704 5752 veri
736 5697 908 5795 modo
927 5698 1199 5795 allectum.
1235 5705 1418 5772 Quare
1445 5712 1609 5768 etiam
1640 5714 1902 5771 voluntati
1931 5716 2202 5781 humanae,
2236 5726 2295 5772 ut
2318 5717 2568 5774 voluntas
2606 5729 2711 5784 est,
2746 5722 3015 5789 convenit,
3050 5695 3304 5795 ut'possit
3331 5695 3469 5783 velte

212 5791 467 5852 tonum,
502 5788 780 5935 etpomnes
807 5782 1143 5943 digercugits
1178 5792 1303 5851 boni
1333 5812 1347 5851 :
1379 5798 1531 5867 item,
1572 5810 1632 5857 ut
1661 5802 1832 5872 possit
1861 5801 2044 5874 fugere
2067 5804 2293 5872 malum,
2328 5814 2383 5861 et
2407 5819 2597 5865 omnes
2618 5782 2947 5865 dill'erentias
2969 5782 3290 5870 niam-Nam
3319 5816 3465 5885 quod

599 5889 819 5935 ATROL.
920 5893 982 5939 Β.
1109 5926 1124 5942 .
2998 5903 3073 5943 Mil

599 5889 819 5935 ATROL.
866 5889 982 5939 ῡιι.
1028 5889 1124 5943 CI.

2998 5903 3074 5965 18
