4200 6444
713 403 820 467 su
1874 393 2134 460 P110er
2167 391 2670 458 PATRIARCHJE
2706 398 2815 460 cr.
3861 401 3985 466 ua

711 527 898 588 postea
926 512 1211 570 actuatiter
1237 511 1341 569 iste
1366 511 1449 568 vel
1472 511 1573 568 istc
1595 525 1704 568 non
1734 522 2008 576 versatur,
2050 512 2198 567 circa
2230 510 2619 580 appetitionem
2661 513 2823 581 hujus
2855 513 2938 568 vel
2968 512 3115 570 illius
3157 513 3212 568 in
3261 513 3565 577 individuo,
3595 527 3718 567 cum
3755 517 3849 569 tati
3883 521 3983 571 ut

709 604 803 660 tali
839 603 1022 663 modo,
1058 615 1152 670 per
1180 599 1432 655 accidens
1460 608 1585 655 est:
1622 607 1833 669 posset,
1865 599 1912 654 si
1938 599 2118 664 vellet,
2143 606 2411 668 quantum
2442 607 2526 652 est
2557 599 2783 667 precise
2809 614 2873 654 es
2918 599 3038 670 ipsa
3078 601 3380 663 voluntate,
3413 616 3536 668 qua:
3577 602 3649 654 ita
3694 613 3777 656 est
3813 619 3983 656 cos--

712 699 922 762 parata.
950 698 1009 743 ut
1034 688 1198 742 homo
1226 703 1321 757 per
1358 687 1506 741 illam
1537 688 1710 756 possit
1739 688 1960 743 tendere
1987 687 2040 740 in
2072 686 2445 757 quodcunque
2472 686 2803 755 particulare
2849 686 3078 752 battum,
3126 690 3230 742 sub
3262 703 3594 756 quocunque
3646 690 3830 747 modo.
3871 692 3978 757 qui

712 781 781 833 sit
811 783 952 830 intra
982 777 1324 830 latitudinem
1358 775 1552 843 objecti
1578 774 1878 830 voluntatis
1906 775 1958 828 in
1989 772 2294 830 communi.

782 867 860 920 Ex
897 867 1097 934 quibus
1122 873 1346 933 apparet
1365 864 1529 918 etiam
1556 863 1609 917 in
1635 861 1857 918 Christo
1889 863 2031 916 hanc
2056 862 2394 914 voluntatem
2429 874 2588 928 posse
2621 860 2770 928 poni,
2802 876 2910 913 non
2942 868 3155 915 tantum
3186 861 3238 912 in
3268 870 3417 923 actu,
3442 865 3597 929 quasi
3624 864 3826 931 primo.
3859 865 3971 916 sed

709 955 868 1006 etiam
904 953 956 1003 in
985 961 1246 1006 secundo.
1280 948 1466 1019 Neque
1486 950 1632 1004 enim
1657 949 1822 1004 ullam
1865 948 2334 1019 imper-lectionem
2381 946 2607 1000 includit
2654 947 2790 1001 velle
2811 957 3026 1002 tantum
3072 948 3157 1000 vel
3194 957 3429 1009 tantum,
3475 949 3632 1003 dulce
3684 953 3766 1003 set
3809 966 3976 1002 sua-

713 1057 854 1102 rum,
882 1049 988 1094 etc.
1017 1036 1080 1091 ει
1112 1053 1236 1092 eum
1263 1036 1519 1090 volnt-tas
1548 1037 1660 1090 lucc
1689 1037 1939 1104 gnomica
2013 1051 2122 1090 non
2159 1035 2231 1089 sit
2279 1048 2308 1087 a
2340 1048 2594 1102 perwna,
2621 1042 2877 1101 tanquam
2907 1049 2935 1086 a
2971 1035 3245 1102 principio
3275 1037 3655 1096 emanationis,
3702 1047 3792 1088 aut
3828 1035 3950 1088 μσς

711 1129 874 1190 uiro,
908 1127 982 1179 nil
1013 1125 1196 1186 ref-en.
1227 1139 1356 1179 num
1381 1124 1620 1179 exsistat
1653 1125 1707 1178 in
1736 1124 2010 1194 hypostasi
2044 1125 2286 1177 humana
2312 1132 2366 1175 et
2388 1129 2590 1181 creata,
2629 1129 2689 1173 ut
2725 1123 2783 1173 tit
2811 1119 2864 1173 in
2891 1121 3014 1174 aliis
3045 1121 3364 1174 hominibus
3397 1137 3411 1174 :
3457 1139 3526 1176 an
3549 1138 3683 1175 vero
3709 1123 3759 1176 in
3790 1127 3974 1191 hypo-

710 1215 842 1270 stasi
869 1214 1132 1277 incrcata,
1167 1223 1219 1268 ct
1245 1212 1451 1275 divina,
1482 1219 1543 1265 ut
1565 1211 1832 1281 contingit
1861 1211 1915 1264 in
1935 1208 2195 1274 ChriSto;
2231 1223 2356 1262 cum
2391 1207 2696 1278 hypostasis
2733 1207 2807 1262 sit
2854 1207 3114 1262 voluntati
3160 1219 3370 1263 tantum
3426 1213 3667 1263 conditio
3705 1212 3824 1264 sine
3855 1226 3980 1279 qua

711 1313 818 1353 non
848 1296 1063 1364 agendi.

779 1384 860 1438 Ad
891 1381 1190 1437 secundum
1226 1389 1618 1451 argumentum
1642 1377 1820 1433 Photii
1860 1387 2089 1448 negatur
2119 1379 2462 1435 antecedens.
2491 1375 2629 1432 Nam
2657 1379 2981 1434 electionem
3028 1395 3150 1434 esse
3195 1379 3250 1434 in
3299 1379 3526 1436 Christo
3570 1392 3718 1451 patet
3763 1397 3830 1438 ea
3877 1383 3982 1436 illo

713 1469 864 1522 [sake
895 1468 1013 1534 (vit,
1054 1465 1138 1534 15)
1175 1480 1190 1517 :
1224 1463 1486 1534 Butyrum
1517 1473 1566 1516 et
1599 1462 1698 1515 mel
1743 1464 1994 1524 coniectat,
2024 1471 2082 1513 ut
2101 1461 2238 1514 sciat
2281 1466 2560 1533 reprobare
2604 1465 2828 1530 malum,
2861 1477 2908 1520 et
2937 1467 3127 1536 eligere
3161 1467 3374 1521 bonum.
3414 1467 3524 1523 Nec
3549 1481 3627 1523 est
3661 1470 3726 1522 de
3753 1471 3980 1523 ratione

710 1552 1013 1615 electionis,
1048 1559 1105 1603 ut
1128 1549 1296 1621 possit
1327 1550 1489 1604 etiam
1526 1548 1727 1602 malum
1759 1549 1978 1616 eligere.
2010 1545 2160 1603 Satis
2194 1557 2300 1612 est,
2330 1557 2389 1602 ut
2421 1549 2616 1602 habeat
2662 1548 3088 1604 indilIerentiam
3137 1561 3391 1620 respectu
3430 1551 3730 1608 bonorum.
3792 1553 3861 1606 Et
3913 1555 3974 1607 in

711 1641 926 1696 Christo
951 1647 1032 1693 est
1063 1638 1292 1692 liberum
1326 1636 1637 1699 arbitrium,
1665 1645 1726 1690 ut
1766 1646 1952 1704 postea
1989 1636 2296 1691 videbimus
2325 1654 2338 1687 :
2378 1652 2508 1706 ergo
2543 1637 2706 1690 etiam
2735 1637 2949 1692 eiectio.

778 1728 856 1782 Ad
892 1727 1113 1781 tertium
1145 1733 1531 1795 argumentum
1563 1723 1944 1789 respondetur,
1995 1723 2328 1778 voluntatem
2351 1721 2644 1777 humanam
2674 1725 2983 1793 gnomicam
3013 1724 3219 1780 Christi
3250 1725 3641 1780 individualeus
3684 1726 3909 1780 dillcrre
3940 1745 3981 1782 δ

710 1809 1078 1866 voluntatibus
1112 1807 1382 1877 gnomicis
1430 1805 1768 1877 singulorum
1825 1804 2127 1869 hominum,
2164 1813 2220 1859 et
2269 1805 2486 1865 dilIeri-e
2536 1812 2700 1865 etiam
2762 1810 2981 1866 realiter
3018 1828 3052 1867 a
3089 1812 3368 1868 voluntate
3415 1811 3596 1868 Patris
3627 1824 3682 1868 et
3727 1813 3984 1884 θρωπε

711 1901 909 1964 sancti,
933 1899 1044 1955 sive
1069 1905 1343 1967 spectetur
1373 1903 1431 1948 ut
1466 1907 1553 1950 est
1581 1894 1844 1964 potentia,
1881 1894 1996 1948 sive
2027 1903 2087 1948 ut
2117 1903 2202 1950 est
2231 1906 2405 1951 actus.

781 1989 1042 2054 Quartum
1071 1991 1455 2055 argumentum
1487 1980 1560 2035 nil
1585 1980 1747 2034 valet.
1778 1978 1913 2034 Nam
1946 1979 2198 2036 voluntas
2224 1983 2473 2051 gnomica
2500 1994 2582 2039 est
2606 1993 2782 2050 actus,
2833 1999 2943 2042 non
2987 1985 3249 2057 potentia.
3283 1985 3349 2041 Et
3390 1989 3435 2041 si
3466 1995 3552 2042 est
3591 1989 3854 2058 potentia,
3885 1997 3985 2044 ess

712 2075 898 2130 cadent
929 2072 1168 2143 potentia
1195 2069 1497 2126 secundum
1521 2070 1802 2124 eutitatcm
1830 2084 1956 2124 cum
1981 2072 2264 2126 voluntate
2290 2073 2548 2134 naturali,
2578 2083 2632 2128 et
2667 2075 2956 2143 specilica;
2985 2083 3040 2128 et
3065 2075 3146 2130 sic
3174 2075 3326 2130 nulla
3374 2088 3460 2130 est
3493 2080 3821 2146 compositio
3878 2093 3981 2128 vo—

713 2161 986 2216 lnntatum
1012 2177 1027 2214 :
1059 2158 1152 2213 sed
1184 2166 1314 2212 sunt
1345 2165 1555 2210 tantum
1584 2155 1813 2210 diversa:
1844 2156 2106 2223 rationes,
2130 2157 2370 2213 fundata:
2395 2160 2450 2214 in
2477 2159 2666 2216 eadem
2698 2162 2925 2218 entitate
2957 2163 3276 2217 voluntatis.
3313 2160 3379 2217 Et
3409 2176 3836 2234 ωιιεαμκιιιετ.
3871 2179 3989 2218 nec

713 2250 813 2304 erit
848 2247 1176 2319 compositio
1209 2255 1556 2301 naturarum.
1591 2243 1678 2306 Et.
1719 2245 1766 2300 si
1810 2255 2194 2316 argumentum
2235 2245 2459 2309 valeret,
2489 2246 2745 2316 probaret
2772 2249 2937 2303 etiam
2967 2248 3022 2302 in
3051 2249 3286 2320 singulis
3321 2250 3633 2304 [nominibus
3663 2264 3787 2304 esse
3815 2267 3980 2304 cona-

715 2339 945 2409 positam
974 2336 1332 2399 voluntatem,
1366 2345 1421 2388 et
1459 2344 1856 2402 consequenter
1902 2334 2258 2404 compositam
2287 2343 2538 2388 naturam
2562 2350 2626 2390 cs
2656 2335 2869 2393 duabus
2896 2337 3110 2394 naturis
3146 2336 3430 2410 perlectis.
3471 2347 3528 2393 et
3561 2339 3790 2409 integris
3828 2355 3845 2394 :
3877 2354 3988 2392 ua-

717 2441 892 2481 turatn
917 2423 1063 2478 enim
1087 2439 1153 2476 ex
1181 2421 1511 2490 imperfectis
1541 2420 1750 2475 naturis
1769 2421 2021 2488 componi
2057 2421 2133 2474 nil
2161 2429 2248 2476 est
2274 2419 2523 2474 absurdi.

786 2512 865 2565 Ad
894 2511 1144 2581 quintum
1177 2519 1427 2581 negatur.
1462 2511 1530 2564 de
1565 2509 1776 2562 ratione
1797 2505 2013 2562 consilii
2039 2522 2163 2563 esse
2193 2506 2582 2580 ignorantiam,
2630 2507 2714 2562 vel
2746 2508 3162 2566 dubitationem.
3213 2509 3368 2568 Licet
3411 2511 3560 2567 eni
3612 2512 3666 2566 in
3716 2512 3878 2566 nobis
3918 2513 3989 2568 ιιι

717 2604 793 2655 ita
837 2601 1070 2661 accidat,
1115 2610 1181 2653 eo
1216 2597 1360 2667 quod
1409 2612 1519 2652 non
1568 2594 1869 2650 habeamus
1917 2595 2290 2665 cognitionem
2337 2597 2583 2652 omnium
2621 2615 2827 2665 rerutn,
2873 2602 3017 2656 sicut
3061 2598 3318 2657 Christus
3353 2601 3628 2668 habebat;
3679 2603 3983 2657 consilium

718 2699 895 2743 tamen
933 2703 1024 2757 per
1048 2701 1129 2752 se,
1163 2702 1269 2740 non
1295 2685 1524 2741 includit
1547 2683 1914 2756 ignorantiam
1955 2691 2011 2736 et
2051 2681 2475 2739 dubitationem.
2519 2686 2674 2753 Quod
2704 2698 2915 2745 certum
2965 2703 3074 2757 est,
3120 2691 3166 2746 si
3207 2690 3500 2746 consilium
3531 2692 3837 2761 accipiatur
3879 2707 3995 2760 pro

720 2777 837 2846 ipso
864 2775 1094 2845 judicio,
1119 2787 1216 2828 seu
1237 2773 1531 2837 sententia,
1560 2786 1668 2841 qua
1704 2784 1798 2840 per
1827 2769 2094 2823 rationem
2136 2772 2502 2837 concluditur,
2535 2775 2666 2843 quid
2695 2776 2766 2829 sit
2803 2777 3094 2846 agendum.
3116 2776 3239 2843 Quo
3278 2788 3436 2846 pacto
3481 2778 3768 2832 consilium
3809 2779 3990 2830 etiam

720 2866 774 2917 in
802 2864 909 2917 Deo
939 2860 1064 2930 poni
1095 2869 1294 2929 potest.
1327 2857 1383 2913 Si
1423 2873 1552 2914 vero
1581 2856 1872 2912 consilium
1900 2855 2203 2926 accipiatur
2236 2873 2335 2928 pro
2373 2862 2741 2932 inquisitione
2785 2865 2853 2920 de
2877 2880 2965 2930 eo,
3001 2866 3146 2934 quod
3185 2877 3269 2920 est
3295 2865 3562 2935 agendum
3599 2881 3614 2918 :
3646 2866 3725 2920 sic
3751 2867 3988 2934 quidem

720 2955 773 3006 in
805 2951 962 3006 nobis
997 2948 1238 3019 procedit
1267 2947 1558 3001 consilium
1590 2960 1655 3000 ex
1679 2942 1987 3014 ignorantia
2011 2953 2064 2997 et
2092 2945 2467 3016 dubitatione;
2501 2951 2554 3005 in
2591 2950 2814 3008 Christo
2847 2963 3031 3007 tamen
3085 2961 3294 3007 tantum
3337 2953 3668 3008 counotabat
3715 2967 3992 3024 progres-

721 3054 841 3095 sum
871 3038 938 3091 ab
965 3051 1074 3092 uno
1095 3034 1162 3090 ad
1189 3035 1442 3096 alterum,
1477 3033 1683 3102 absque
1712 3029 2021 3098 ignorantia
2047 3031 2129 3085 vel
2161 3030 2354 3091 dubio.
2384 3037 2493 3094 Nec
2524 3040 2628 3096 hoc
2649 3043 2824 3112 magis
2843 3052 2928 3096 est
2960 3042 3276 3106 absurdum,
3325 3056 3491 3110 quam
3542 3042 3685 3110 quod
3717 3041 3993 3096 Christus

719 3126 1074 3181 discurrendo
1133 3136 1228 3192 per
1279 3120 1635 3185 intellectum,
1687 3117 2014 3186 procedebat
2055 3135 2085 3171 a
2134 3121 2434 3188 premissis
2469 3127 2630 3191 notis,
2674 3127 2741 3181 ad
2791 3128 3202 3183 conclusionem
3249 3137 3477 3192 notam;
3521 3128 3651 3183 licet
3691 3128 3997 3184 discursus

720 3218 927 3273 dicatur
951 3225 1073 3266 esse
1101 3225 1131 3263 a
1167 3217 1297 3262 noto
1326 3211 1392 3262 ad
1425 3207 1669 3277 ignotum
1701 3225 1714 3261 :
1768 3206 1863 3262 sed
1902 3205 2006 3262 hoc
2052 3222 2149 3275 per
2195 3209 2468 3277 accidens,
2496 3225 2553 3268 ut
2582 3224 2731 3285 patet
2769 3216 2933 3271 etiam
2975 3217 3030 3270 in
3069 3216 3191 3272 viro
3231 3215 3418 3279 docto,
3461 3231 3586 3272 cum
3631 3218 3996 3288 syllogismos

720 3303 850 3358 lavit
889 3300 956 3355 de
1001 3297 1354 3354 conclusione
1404 3295 1513 3349 sibi
1573 3310 1680 3347 non
1723 3295 1930 3366 ignota.
1979 3293 2140 3363 Ergo,
2190 3295 2332 3350 sicut
2369 3297 2620 3358 Christus
2662 3302 2766 3357 luit
2809 3303 3132 3357 discursieus
3182 3303 3303 3358 sine
3337 3303 3712 3370 dubitatione;
3761 3306 3838 3359 ita
3880 3307 4000 3360 luis

721 3390 882 3445 etiam
912 3386 1277 3441 consilimirtts
1306 3383 1426 3437 sine
1457 3381 1784 3452 ignorantia,
1834 3393 1940 3436 etc.
1997 3380 2112 3437 Nisi
2161 3383 2286 3450 quis
2316 3389 2616 3443 secundum
2667 3392 3020 3450 sententiam.
3067 3405 3193 3460 qua
3249 3399 3408 3461 negat
3451 3391 3728 3447 Christum
3779 3394 3996 3447 habere

725 3481 1010 3537 scientiam
1044 3475 1373 3546 acquisitam
1422 3488 1451 3525 a
1495 3471 1673 3542 primo
1718 3471 1942 3526 instanti
1977 3471 2390 3540 incarnationis,
2429 3473 2611 3530 dicere
2655 3477 2800 3537 velit.
2833 3479 3048 3532 ratione
3091 3477 3332 3532 scientia.-
3374 3480 3625 3545 practice
3676 3482 3996 3550 acquisita,

723 3587 847 3625 eum
881 3567 1136 3622 habuisse
1176 3561 1466 3618 consilium
1509 3558 1749 3615 secundo
1788 3559 1947 3613 modo
1976 3570 2258 3630 sumptum
2289 3560 2358 3616 de
2388 3576 2476 3626 eo,
2508 3559 2656 3630 quod
2685 3564 2984 3626 nesciebat,
3012 3577 3122 3617 non
3153 3563 3493 3632 simpliciter,
3535 3567 3627 3620 sed
3674 3581 3772 3635 per
3799 3572 3998 3622 scien-

726 3661 855 3714 tiam
880 3655 1227 3725 acquisitam.
1265 3651 1377 3705 Etsi
1407 3650 1676 3705 dubitatio
1695 3649 1858 3704 etiam
1885 3649 1973 3705 hic
2004 3648 2272 3706 removeri
2297 3649 2478 3704 debet.
2504 3647 2691 3722 Neque
2726 3667 2874 3707 enim
2905 3650 2960 3704 in
2999 3649 3221 3706 Christo
3252 3651 3398 3706 ullus
3430 3651 3534 3706 luit
3562 3661 3720 3709 actus
3763 3655 4001 3710 intellc-

726 3745 924 3800 ctualis
951 3741 1309 3796 dubitativus.

795 3831 929 3887 Esse
958 3838 1136 3884 autem
1172 3829 1225 3882 in
1254 3824 1476 3880 Christo
1514 3823 1830 3891 consilium,
1855 3826 2074 3883 videtur
2120 3826 2282 3882 etiam
2319 3827 2540 3898 planum
2583 3829 2697 3884 tleri
2727 3843 2792 3884 ex
2837 3841 2926 3894 eo,
2955 3826 3103 3898 quod
3136 3827 3208 3884 ab
3242 3827 3387 3884 Isaia
3429 3827 3528 3899 (ta,
3559 3829 3616 3896 6)
3673 3831 4002 3899 appellatur

727 3919 904 3991 magni
935 3915 1148 3971 consilii
1179 3912 1421 3984 angelus.
1459 3909 1560 3967 Ubi
1593 3928 1792 3970 nomen
1822 3916 2034 3970 consilii
2083 3929 2194 3969 non
2224 3924 2435 3970 tantum
2466 3911 2781 3984 improprie,
2813 3925 2914 3982 pro
2952 3925 3176 3982 gtiome,
3207 3926 3305 3967 seu
3343 3915 3638 3976 sententia,
3665 3915 3759 3967 sed
3815 3915 4000 3969 etiam

730 4025 824 4078 pro
857 4009 972 4076 ipsa
1004 4001 1361 4072 inquisitione
1389 4003 1724 4074 agendorum
1764 4002 1936 4071 accipi
1964 4009 2165 4073 potest.

801 4093 878 4148 Ad
903 4101 1115 4147 sextum
1141 4100 1522 4160 argumentum
1545 4087 1724 4144 PhOtii
1755 4090 2136 4159 respondetur,
2182 4085 2262 4155 nil
2296 4087 2442 4142 aliud
2475 4085 2714 4157 probari,
2741 4099 2906 4156 quam
2952 4084 3286 4139 voluntatem
3327 4085 3633 4154 gnomicatn
3668 4101 3781 4139 non
3813 4085 4003 4143 fuisse

731 4185 782 4234 in
809 4181 1026 4234 Christo
1055 4192 1182 4232 cum
1213 4175 1592 4246 peccabilitate
1625 4191 1786 4245 :quze
1815 4190 1921 4230 non
1949 4185 2033 4230 est
2065 4173 2348 4245 perfectio.
2381 4172 2474 4227 sed
2502 4168 2863 4240 inipcrlectio.

797 4268 876 4322 Ad
908 4268 1198 4336 septimum
1224 4261 1583 4333 respOndetur
1605 4264 1794 4318 eodem
1836 4262 2020 4317 modo.
2043 4260 2163 4318 Non
2188 4261 2334 4315 enim
2364 4268 2449 4316 est
2475 4259 2542 4313 de
2569 4259 2780 4312 ratione
2808 4253 3105 4310 voluntatis
3127 4253 3416 4323 gnomiec,
3452 4263 3509 4308 ut
3543 4255 3722 4324 possit
3755 4256 4003 4311 tendere

732 4357 784 4410 in
827 4358 1027 4409 bonum
1060 4352 1186 4407 etin
1222 4351 1426 4405 malum
1463 4368 1477 4402 :
1516 4351 1660 4404 sicut
1700 4364 1876 4418 neque
1905 4357 1988 4404 est
2020 4350 2085 4403 de
2115 4347 2328 4402 ratione
2355 4344 2508 4400 liberi
2540 4344 2771 4409 arbitrii,
2797 4353 2856 4396 ιιι
2893 4351 3039 4412 patet
3073 4341 3126 4396 in
3161 4341 3290 4406 Deo,
3320 4350 3426 4395 ctc.

800 4442 879 4496 Ad
915 4442 989 4504 id,
1014 4441 1156 4510 quod
1197 4437 1430 4492 Photius
1479 4439 1625 4491 addit
1660 4438 1727 4491 de
1760 4438 2039 4490 voluntate
2091 4434 2282 4488 divina
2334 4433 2607 4502 gnomica,
2657 4431 3065 4500 respondetur:
3121 4428 3453 4484 voluntatem
3497 4428 3740 4484 divinam
3773 4427 4001 4486 Christi

733 4530 1038 4601 guomicam
1089 4526 1314 4581 eutitate
1360 4539 1480 4578 esse
1520 4538 1680 4578 unatn
1721 4523 2077 4591 eamdemque
2120 4535 2244 4574 cum
2287 4519 2562 4574 voluntate
2593 4515 2794 4581 Patris,
2832 4525 2890 4571 et
2930 4513 3165 4585 Spiritus
3187 4518 3383 4570 sancti.
3409 4512 3564 4568 Sicut
3594 4515 3759 4568 etiam
3795 4529 3905 4569 una
3933 4528 4004 4571 es

733 4617 922 4672 eadem
953 4624 1062 4678 est,
1095 4613 1274 4683 quoad
1306 4621 1514 4666 actum.
1544 4609 1599 4664 Si
1637 4612 1780 4666 enim
1817 4607 2070 4664 voluntas
2117 4607 2370 4679 guomica
2403 4605 2684 4660 hominum
2720 4617 2827 4658 non
2849 4601 3201 4668 distinguitur
3240 4617 3271 4654 a
3314 4601 3589 4657 voluntate
3613 4602 3854 4656 naturali
3895 4618 4002 4657 sc-

735 4705 970 4759 cundnm
1005 4704 1313 4762 cntitatem,
1350 4698 1519 4752 multo
1555 4697 1735 4752 minus
1755 4695 2125 4764 distinguctur
2159 4695 2212 4747 in
2245 4693 2467 4746 divinis.
2493 4691 2560 4745 Et
2588 4690 2838 4760 quamvis
2863 4689 2918 4743 in
2945 4689 3279 4753 hominibus,
3319 4690 3498 4758 quoad
3531 4697 3738 4752 actum,
3766 4689 4004 4744 ditior-ns

734 4793 984 4846 voluntas
1077 4786 1350 4859 gnomica,
1433 4801 1539 4838 non
1590 4784 1776 4850 modo,
1834 4792 2106 4852 quatenus
2178 4779 2525 4836 individualis
2611 4790 2768 4834 actus
2847 4779 3012 4834 unius
3077 4792 3186 4834 non
3247 4787 3331 4834 est
3395 4777 3747 4833 individualis
3829 4791 4009 4834 actus

733 4881 997 4935 alterius:
1063 4877 1156 4930 sed
1223 4875 1409 4936 etiam,
1477 4882 1750 4942 quatenus
1815 4886 1958 4924 unus
2031 4869 2167 4931 vult,
2242 4871 2377 4920 alter
2434 4880 2544 4919 non
2615 4866 2747 4929 vult,
2807 4875 2867 4919 nt
2917 4873 3187 4932 quatenus
3244 4866 3348 4921 istc
3403 4867 3517 4920 vult
3605 4867 3791 4929 dulce,
3847 4867 4006 4920 alter

736 4981 1008 5030 amarum,
1074 4977 1128 5018 et
1189 4964 1269 5018 sic
1317 4961 1420 5017 sibi
1467 4972 1661 5022 mutuo
1719 4959 1790 5014 ob
1857 4958 2034 5012 varias
2065 4959 2365 5011 sententias
2396 4965 2738 5025 repugnant:
2775 4963 2958 5010 tatnen
2988 4955 3044 5008 in
3070 4953 3270 5009 divinis
3301 4954 3406 5010 hoe
3427 4968 3534 5008 non
3564 4956 3658 5009 lit:
3699 4955 3796 5009 sed
3829 4965 4008 5011 actus

738 5055 1029 5111 voluntatis
1059 5053 1219 5105 unius
1252 5065 1518 5120 personae,
1554 5057 1637 5102 est
1693 5045 2013 5114 simpliciter
2047 5044 2213 5096 etiam
2258 5053 2414 5097 actus
2468 5042 2694 5096 alterius
2752 5041 3057 5096 secundum
3103 5042 3410 5096 entitatem.
3451 5039 3563 5095 Nec
3595 5055 3704 5094 una
3744 5055 4005 5110 persona

738 5146 850 5199 vult
884 5145 1004 5204 hoc,
1040 5140 1145 5194 alia
1177 5138 1330 5200 illud,
1362 5143 1585 5206 pr0ptcr
1616 5133 1861 5204 ejusdem
1905 5147 2136 5189 numero
2162 5143 2392 5192 naturae.
2417 5139 2473 5183 et
2502 5137 2896 5198 consequenter
2919 5128 3214 5184 voluntatis
3243 5129 3799 5184 communicationem
3833 5146 3846 5180 :
3887 5134 4002 5182 sed

739 5230 1018 5286 numerica
1059 5227 1173 5280 hzcc
1209 5223 1488 5278 distinctio
1522 5232 1763 5286 actuum,
1800 5231 1852 5276 et
1884 5223 2241 5291 repugnantia
2275 5217 2420 5273 circa
2451 5210 2689 5278 objecta,
2723 5225 2831 5265 non
2855 5221 2943 5265 est
2974 5211 3298 5280 simpliciter
3326 5212 3394 5266 de
3433 5211 3645 5265 ratione
3676 5213 4008 5269 voluntatis

740 5315 1025 5386 guomicae,
1053 5311 1118 5364 ad
1139 5309 1297 5377 cujus
1328 5308 1593 5360 rationem
1623 5306 1725 5359 hoc
1756 5314 1967 5360 tantum
2000 5305 2256 5374 pertinet,
2282 5310 2340 5356 ut
2365 5300 2435 5356 sit
2461 5295 2695 5366 alicujus
2722 5296 3011 5359 individui,
3043 5305 3098 5351 et
3121 5298 3502 5367 proﬁciscatur
3531 5312 3597 5352 ex
3629 5313 3853 5366 gnome,
3887 5313 4005 5353 seu

739 5403 1003 5459 sententia
1033 5401 1362 5468 decretoque
1387 5395 1615 5450 rationis
1643 5394 1791 5450 circa
1824 5395 2041 5465 agibile,
2074 5405 2128 5450 et
2158 5403 2218 5448 ut
2245 5399 2495 5447 versetur
2524 5388 2672 5442 circa
2701 5387 2980 5458 obiectum
3009 5387 3302 5444 voluntatis
3326 5387 3653 5460 conditione,
3690 5386 3774 5440 vel
3803 5390 4008 5457 quali-

742 5503 854 5546 tate
875 5491 1051 5558 aliqua
1080 5487 1358 5551 allectum,
1399 5493 1460 5538 ut
1486 5493 1570 5538 est
1602 5494 1812 5538 tantum
1846 5482 1929 5538 vel
1955 5493 2188 5544 tantum,
2222 5481 2380 5536 dulce
2406 5475 2488 5531 vel
2522 5489 2794 5528 amarum.
2834 5474 2897 5528 Et
2926 5474 3074 5542 quod
3104 5474 3160 5529 in
3189 5475 3392 5530 divinis
3431 5489 3540 5528 non
3571 5473 3641 5527 sit
3675 5489 4018 5544 repugnan-

743 5582 814 5634 tia
839 5575 1157 5640 voluntatis,
1191 5587 1290 5628 nec
1324 5570 1502 5641 quoad
1544 5579 1747 5637 actum,
1789 5585 1889 5625 nec
1926 5571 2108 5639 quoad
2154 5569 2382 5623 volitum

2352 5582 2382 5623 η
2421 5563 2672 5628 turmale,
2715 5561 2799 5616 vel
2839 5562 3144 5626 materiale,
3182 5561 3237 5617 id
3278 5562 3338 5616 Iit
3379 5571 3600 5631 propter
3644 5560 4011 5616 identitatem

741 5667 984 5735 ejusdem
1015 5671 1245 5716 naturze.
1276 5657 1343 5712 Et
1372 5657 1417 5712 si
1460 5658 1512 5711 in
1547 5659 1822 5722 humanis,
1857 5658 2003 5710 verbi
2037 5655 2233 5726 gratia,
2268 5664 2377 5709 tres
2415 5666 2660 5724 personae
2688 5651 3179 5716 communicarent,
3209 5659 3264 5706 et
3287 5650 3698 5719 suppositarent
3733 5650 4014 5705 eamdem

740 5767 1010 5818 llitl'll‘alll,
1043 5765 1148 5804 non
1182 5755 1330 5802 esset
1355 5746 1518 5800 etiam
1552 5745 1660 5798 ulla
1693 5745 1989 5799 diversitas
2018 5745 2071 5796 in
2106 5743 2424 5807 voluntate;
2460 5749 2516 5794 et
2546 5749 2726 5792 tamen
2769 5737 2972 5806 Optime
2999 5750 3287 5807 possemus
3315 5735 3390 5792 ibi
3419 5735 3756 5792 constituere
3792 5735 4015 5791 voluta-

743 5853 909 5900 tatcu:
937 5838 1264 5912 gnomicam,
1302 5851 1369 5895 eo
1395 5833 1578 5904 modo,
1609 5847 1719 5903 quo
1758 5831 2006 5889 voluntas
2032 5831 2138 5890 ista
2167 5830 2436 5888 hactenus
2470 5826 2738 5897 explicata
2771 5833 2875 5880 cal.
