4200 6444
681 385 781 450 551

1831 388 2092 452 ΡΗΟΤΠ
2127 387 2632 453 PATBIARCH/E
2671 394 2778 455 CP.

3824 399 3958 464 552

685 494 1019 558 incredibile,
1063 495 1206 553 circa
1261 497 1450 553 horam
1471 498 1719 563 tertiam,
1749 509 1808 554 ut
1841 500 2108 555 ebrietate
2136 515 2268 570 apo-

2372 513 2538 569 φατον
2559 503 2676 571 (καί
2698 522 2779 558 τοι
2807 503 2918 558 τῶν
2945 505 3188 578 βοτρύων
3212 507 3368 563 οὐπω
3393 510 3529 581 πρὸς
3564 511 3710 583 ὤραν
3736 513 3956 577 ὄντων,

682 589 804 643 stoli
862 598 1214 656 tenerentur,
1268 591 1521 648 homines
1564 593 1784 648 virtutis
1814 582 2147 663 'prmeones,
2201 604 2255 648 et

683 684 823 738 inter
873 684 1125 740 timorem
1177 696 1232 741 et
1283 688 1526 754 pericula
1563 688 1828 743 continuo
1875 697 2132 758 agentes;
2185 687 2253 742 ad

683 775 979 844 potationis
1029 779 1330 831 novitatem
1379 779 1708 849 confugiunt
1760 783 1911 850 (cum
1954 795 2071 832 uvae
2111 794 2254 832 non-

681 866 811 921 dum
837 877 1236 935 maturuerant,
1271 869 1365 924 sed
1395 879 1674 925 terrenum
1701 871 1987 925 humorem
2013 872 2066 924 in
2093 869 2254 926 ﬂores

683 959 1038 1028 cliquarent),
1073 970 1124 1015 et
1155 976 1185 1016 a
1225 961 1494 1031 qualitate
1526 963 1860 1032 complicant
1897 963 2254 1028 calumniam,

690 1065 709 1099 ι
745 1047 926 1112 Musti,
962 1049 1234 1114 dicentes,
1274 1051 1418 1120 pleni
1458 1060 1607 1107 sunt.
1645 1070 1664 1104 ι
1703 1049 1804 1106 Ubi
1861 1050 2007 1106 enim
2045 1050 2256 1107 violens

683 1151 738 1195 et
784 1156 1026 1211 prmccps
1069 1144 1291 1197 animus
1326 1144 1469 1198 haud
1528 1143 1827 1205 inhibetur,
1877 1143 1928 1197 id
1979 1144 2156 1198 solum
2199 1145 2254 1197 in

684 1230 965 1300 proposito
1000 1231 1252 1296 habetur,
1293 1247 1400 1286 non
1434 1240 1491 1286 ut
1529 1232 1677 1302 quod
1710 1245 2014 1300 congruum
2044 1238 2128 1286 est
2156 1245 2257 1286 nec

683 1321 1043 1377 deridendum
1092 1324 1327 1386 dicatur,
1381 1323 1476 1379 sed
1521 1323 1612 1378 illa
1651 1322 1836 1393 potius
1883 1320 2254 1391 proferantur,

684 1426 780 1481 per
807 1427 931 1481 qua:
957 1413 1125 1467 animi
1159 1412 1378 1468 furores
1429 1422 1485 1468 et
1513 1413 1881 1468 absurditates
1920 1413 2259 1483 adimplean—

2361 593 2478 645 ἀλλ’
2511 593 2634 664 ἄρτι
2658 597 2756 666 τὴν
2796 598 3006 669 γεηρὰν
3033 600 3233 669 ἰκμάδα
3266 602 3345 664 εἰς
3368 603 3529 663 ἄνθος
3559 603 3963 673 ὰποτριίομὲο

2360 685 2487 752 νων)
2549 688 2980 757 καταφεύγουσι,
3011 695 3105 744 καὶ
3133 695 3199 763 τῇ
3229 694 3480 766 ποιότητι
3499 695 3596 765 τὴν
3626 696 3782 766 ὕϐριν
3813 713 3963 748 suv-

2364 777 2754 844 διαπλέκουσι,
2785 798 2805 832 ι
2841 781 3146 847 Γλεύκους,
3192 785 3475 852 λέγοντες,
3525 791 3962 856 μεμεστωμένοι

2360 869 2519 920 εἰσίν.
2557 888 2576 920 ι
2622 871 2710 923 Ἐν
2734 867 2815 936 οἷς
2854 873 2965 944 γὰρ
3017 875 3078 927 τὸ
3109 875 3297 943 ἰταμὸν
3325 880 3424 945 τῆς
3463 877 3684 948 γνώμης
3730 880 3961 932 ἀκατά-

2364 975 2576 1027 σχετον,
2611 962 2770 1030 μόνος
2799 965 3091 1034 πρόκειται
3145 965 3366 1031 σκοπὸς,
3397 971 3494 1038 οὐχ
3538 971 3685 1032 ὅπως
3724 986 3779 1023 τι
3813 970 3962 1022 δέον

2359 1053 2450 1101 καὶ
2480 1053 2554 1122 μὴ
2584 1053 2991 1122 καταγέλαστον
3008 1058 3203 1118 εἰπεῖν,
3228 1058 3364 1112 ἀλλὰ
3392 1058 3461 1112 δι’
3476 1052 3550 1112 ὧν
3575 1061 3640 1114 ἄν
3672 1077 3753 1123 τις
3780 1061 3961 1130 τύχοι

2360 1142 2420 1194 τὸ
2445 1144 2709 1211 μανιῶδες
2774 1145 2871 1199 καὶ
2904 1146 3161 1200 ἁλόκοτον
3190 1149 3467 1219 ἐμπλῆσαι
3487 1152 3584 1222 τῆς
3615 1151 3808 1222 ψυχῆς,
3838 1151 3963 1203 καὶ

2360 1233 2460 1302 τὴν
2509 1235 2606 1286 ἐπὶ
2656 1238 2769 1301 τοῖς
2818 1238 3121 1308 δρωμένοις
3152 1241 3470 1310 ἀμηχανίαν
3526 1241 3958 1316 παραμυθήσα-

2366 1324 2523 1376 σθαι.
2559 1326 2650 1378 Διὸ
2681 1327 2774 1380 καὶ
2806 1327 2944 1399 ὅπερ
2970 1328 3154 1394 ἔδοξαν
3188 1331 3254 1383 ἐκ
3309 1335 3586 1401 περινοίας
3637 1334 3830 1397 εἰπεῖν,
3858 1333 3969 1394 εἰς

2366 1411 2567 1480 πολλὴν
2597 1412 2778 1466 αὐτῶν
2818 1414 3008 1469 ἄνοιαν
3036 1415 3131 1468 καὶ
3158 1417 3420 1472 ἀπόνοιαν
3444 1419 3688 1490 τελευτᾷ.

683 1517 794 1572 tur,
842 1517 896 1561 et
944 1506 1238 1563 diliicultas
1287 1508 1340 1563 in
1390 1508 1472 1565 eis
1529 1524 1653 1580 quae
1696 1507 1873 1564 oculis
1928 1518 2254 1574 cernuntur,
2290 1508 2604 1563 amoliatur.
2641 1508 2910 1576 Quocirca
2984 1510 3134 1582 quod
3164 1511 3463 1582 prudenter
3508 1511 3715 1566 dixisse
3783 1507 3971 1564 vide-

687 1601 909 1665 bantur,
952 1600 1225 1672 insignem
1263 1603 1549 1658 stultitiam
1584 1613 1639 1659 et
1665 1602 1971 1657 fatuitatem
2017 1604 2262 1674 ipsorum
2303 1601 2358 1658 in
2395 1602 2503 1660 line
2533 1605 2792 1661 ostendit.

682 1732 1009 1802 ρυΑΞδι-ιυ
1620 1733 1944 1858 I.CGXLVIII
1981 1778 1996 1801 ,
2086 1734 2253 1789 Taur.

1277 1804 1589 1860 ccxxth
1617 1804 1658 1878 1.

2898 1739 3237 1794 ΕΡΩἸἮΣῙΣ
3275 1740 3402 1796 ﬂB’.

685 1898 959 1966 Quomodo
989 1915 1090 1952 non
1126 1907 1202 1953 εει
1227 1899 1554 1969 contrarium
1589 1913 1793 1969 sumere
1821 1911 2003 1951 nomen
2035 1895 2252 1951 Domini

2365 1897 2488 1962 Πῶς
2515 1901 2628 1951 οὐκ
2651 1899 2822 1952 ἐστιν
2865 1897 3145 1952 ἐναντίον
3164 1899 3231 1969 τὸ
3263 1898 3470 1953 λαϐεῖν
3501 1898 3570 1952 τό
3595 1897 3783 1969 ὄνομα
3831 1900 3969 1955 τοῦ

1237 1967 1336 2022 Dei
1377 1968 1432 2022 in
1466 1968 1698 2022 vanum?

2671 1969 3002 2038 lt'vplovxal
3042 1968 3189 2023 Θεοῦ
3212 1969 3309 2022 ἐπι
3349 1969 3608 2037 ματαίως

989 2110 1131 2162 Edita
1171 2126 1196 2162 a
1231 2110 1370 2162 Rich.
1406 2109 1707 2161 Hontacutio
1736 2112 1868 2160 inter
1908 2109 2070 2161 Photii
2092 2108 2351 2173 epistolas,
2386 2111 2467 2159 ed.
2505 2109 2716 2169 Londin,
2742 2122 2826 2173 ep.
2859 2109 2969 2170 H7,
3009 2107 3075 2159 ad
3103 2108 3342 2159 Theodot.
3369 2122 3419 2172 ιι.
3441 2107 3554 2169 τοι,
3575 2108 3682 2159 ωδ.

755 2241 995 2297 Sumunt
1023 2257 1042 2292 ι
1074 2239 1168 2296 Dei
1196 2254 1392 2295 nomen
1424 2239 1476 2294 in
1510 2255 1709 2293 vanum
1733 2241 1805 2302 ",
1842 2257 1860 2289 ι
1898 2239 2038 2307 apud
2069 2236 2263 2292 Testa-

2433 2236 2785 2307 Δαμὸἀνουσι
2817 2254 2838 2288 ε
2861 2235 2923 2288 τδ
2942 2235 3112 2306 ὄνομα
3137 2235 3343 2306 Κυρίου
3371 2235 3466 2289 τοῦ
3483 2237 3619 2292 οι)εοῦ
3643 2235 3820 2292 αὐτῶν
3845 2237 3964 2292 ἐπὶ

684 2342 931 2388 mentum
966 2331 1155 2394 Vetus,
1196 2331 1290 2400 qui
1341 2330 1504 2386 idolis
1561 2330 1692 2383 illud
1737 2328 2177 2383 transcribebant
2205 2336 2260 2382 et

685 2424 1050 2493 adaptabant;
1087 2431 1200 2475 tum
1232 2419 1329 2490 qui
1377 2419 1515 2475 falso
1544 2418 1857 2487 iuramento
1885 2418 2256 2481 temerabant;

689 2529 805 2573 tum
837 2518 1004 2572 etiam
1040 2515 1135 2584 qui
1180 2515 1248 2567 ad
1289 2511 1654 2566 scurrilitates
1699 2519 1795 2563 aut
1825 2523 1960 2562 rana
1986 2507 2260 2576 colloquia

687 2613 737 2665 id
771 2608 1100 2664 tractabant.
1133 2606 1371 2661 Istorum
1422 2602 1646 2671 singuli,
1694 2602 1882 2655 divino
1912 2600 2156 2660 nomine,
2201 2606 2263 2652 ut

692 2718 750 2758 re
791 2701 1098 2755 irustranea
1149 2697 1489 2752 utebantur:
1518 2694 1577 2750 In
1619 2691 1770 2747 Novo
1813 2692 1886 2745 illi
1933 2692 2258 2752 abutuntur,

688 2809 810 2849 cum
841 2800 1030 2847 contra
1062 2791 1206 2858 quod
1235 2788 1479 2843 sancitur
1503 2785 1640 2856 lege,
1667 2783 2027 2854 jurejurando
2061 2795 2259 2835 nomen

687 2885 807 2954 ejus
854 2881 1176 2952 subjiciunt.
1227 2880 1458 2948 Oportet
1497 2877 1641 2933 enim
1683 2875 1773 2944 qui
1823 2874 1926 2927 sub
1955 2873 2127 2943 gratia
2178 2871 2261 2925 vi-

691 2986 844 3040 \‘ttttt,
873 2973 1167 3045 perfectius
1196 2972 1326 3043 quid
1354 2969 1641 3039 prioribus
1673 2965 1970 3033 possidere.
2017 2964 2156 3017 Tum
2206 2971 2264 3018 et

691 3071 768 3124 illi
804 3069 894 3138 qui
949 3065 1145 3120 Filium
1200 3080 1231 3118 a
1275 3071 1501 3133 paterna
1546 3057 1851 3113 substantia
1894 3055 2154 3118 alienant,
2207 3060 2264 3110 et

690 3177 814 3216 cum
860 3156 1129 3214 creaturis
1161 3156 1379 3217 locant;
1417 3166 1482 3206 ac
1511 3160 1692 3204 tamen
1734 3148 1883 3202 velut
1912 3147 2260 3216 pcenitentes,

691 3253 848 3308 titulo
875 3248 1099 3304 dcitatis
1130 3261 1255 3300 eum
1307 3245 1628 3311 adoptatum
1687 3245 1888 3292 ornant
1918 3254 1931 3290 :
1959 3236 2062 3302 Qui
2113 3235 2259 3289 enim

693 3347 773 3401 sic
806 3341 1073 3399 creaturis
1105 3339 1197 3394 Dei
1229 3350 1434 3391 nomen
1473 3332 1768 3403 applicant,
1800 3327 2109 3399 prodigiose
2156 3344 2175 3378 ι
2206 3325 2261 3380 in

693 3451 893 3491 vanum
927 3452 945 3487 ι
991 3438 1236 3486 sumunt.
1281 3425 1386 3482 Sed
1420 3433 1476 3480 et
1505 3423 1597 3494 qui
1636 3437 1734 3493 per
1764 3418 2172 3476 controversias
2209 3425 2264 3472 et

692 3521 1153 3583 concertationes,
1195 3529 1456 3587 tanquam
1504 3529 1534 3568 e
1580 3512 1743 3568 trivio
1787 3509 1919 3581 quid
1956 3518 2261 3578 arreptum,

2363 2326 2579 2396 ματαίῳ
2598 2342 2611 2356 ’
2659 2345 2676 2377 ι
2707 2327 2757 2380 οἰ
2784 2326 2884 2398 μὲν
2909 2327 3008 2396 τῆς
3056 2326 3316 2390 Παλαιᾶς,
3352 2326 3592 2391 εἰδώλοις
3635 2327 3765 2381 αὐτὸ
3784 2343 3965 2399 περε-

2360 2419 2625 2481 ἁπτοντες
2671 2417 2766 2471 καὶ
2824 2417 3228 2490 περιτιθέντες,
3261 2419 3357 2471 καὶ
3397 2420 3449 2471 ot
3483 2418 3727 2489 επιόρκῳ
3804 2420 3963 2474 καο-

2361 2509 2676 2580 υ6ρίζοντες
2705 2511 2854 2579 ὅρκῳ
2875 2550 2890 2575 ,
2922 2509 3018 2563 καὶ
3065 2507 3132 2580 δὴ
3177 2510 3273 2562 καὶ
3301 2509 3707 2579 εὐτραπελίαις,
3735 2511 3772 2580 ἡ
3799 2527 3962 2564 τισιν

2361 2601 2550 2663 ἄλλαις
2605 2601 3027 2670 συνεφέλκοντες
3086 2601 3220 2654 αὐτὸ
3303 2601 3673 2671 ἁργολογίαις.
3705 2601 3963 2671 (Τούτων

2361 2693 2468 2761 γὰρ
2490 2692 2740 2756 ἕκαστος,
2765 2694 2842 2755 ὡς
2870 2694 3075 2764 ματαίᾳ
3099 2693 3363 2763 κέχρηται
3392 2695 3459 2764 τῇ
3484 2692 3579 2747 τοῦ
3599 2693 3735 2747 Θεοῦ
3766 2709 3962 2762 apoc-

2361 2783 2607 2854 ηγορία.)
2659 2784 2724 2836 Ol
2751 2783 2808 2837 δὲ
2856 2784 2955 2854 τῆς
2981 2784 3156 2845 Νέας·
3205 2784 3374 2836 ἐπειδ’
3400 2785 3487 2850 ἂν,
3521 2786 3675 2854 παρὰ
3724 2784 3811 2837 τὸν
3852 2801 3965 2838 τε·

2362 2873 2523 2926 θέντα
2555 2874 2740 2943 νόμον,
2768 2875 2918 2944 ὅρκῳ
2970 2873 3070 2944 τὴν
3116 2872 3282 2927 αὐτοῦ
3332 2873 3782 2928 καθυποϐἀλλωσι
3810 2874 3966 2944 κλῆ-

2363 2981 2468 3018 σιν.
2517 2967 2610 3017 Δεῖ
2652 2966 2760 3036 γάρ
2782 2983 2835 3019 τι
2884 2964 3214 3036 τελειότερον
3245 2967 3372 3028 τούς
3399 2967 3458 3018 ἑν
3485 2969 3551 3037 τῇ
3585 2967 3786 3036 χάριτι,
3828 2966 3963 3019 τῶν

2361 3057 2472 3126 πρὸ
2495 3057 2719 3127 ταύτης,
2749 3055 2914 3127 ἔχειν.
2950 3057 3180 3110 Ἔπειτα
3207 3057 3286 3122 δὲ,
3325 3057 3418 3110 καὶ
3446 3058 3495 3110 oi
3525 3057 3618 3110 τὸν
3641 3057 3768 3110 Υίδν
3792 3057 3967 3112 ἄλλο·

2361 3148 2640 3219 τριοῦντες
2671 3150 2770 3218 τῆς
2796 3148 3073 3218 πατρικῆς
3119 3147 3328 3213 οὐσίας,
3360 3149 3458 3202 καὶ
3495 3150 3636 3219 μετὰ
3667 3149 3776 3201 τῶν
3819 3166 3962 3203 κτι-

2365 3241 2588 3307 σμάτων
2614 3240 2874 3302 τιθέντες.
2899 3233 3032 3294 Εἶτα
3061 3239 3249 3304 πάλιν,
3272 3238 3424 3293 ὥσπε
3433 3257 3464 3310 ρ
3484 3241 3548 3292 ὲκ
3581 3239 3966 3310 μεταμελείας

2370 3331 2451 3392 εἰς
2503 3329 2604 3400 τὴν
2647 3330 2743 3399 τῆς
2789 3329 3042 3399 θεότητος
3083 3329 3246 3384 αὐτὸν
3305 3330 3672 3393 εἰσποιοῦντες
3718 3331 3960 3399 κλῆσιν.

2364 3419 2641 3487 κτίσματι
2688 3419 2797 3490 γὰρ
2850 3413 2998 3473 οὗτοι
3039 3419 3102 3472 τὸ
3140 3418 3284 3473 θεῖον
3319 3419 3494 3489 δνομα
3545 3420 3958 3490 περιτιθέντες.

2366 3511 2617 3574 ἐκτόπως
2664 3510 2795 3564 αὐτὸ
2843 3508 3278 3581 ματαιοποιοῦσι.
3329 3511 3439 3565 Καὶ
3467 3511 3553 3582 δὴ,
3584 3513 3676 3566 καὶ
3737 3512 3789 3563 oi
3821 3515 3962 3576 ut;

695 3615 822 3677 huc,
852 3612 1003 3674 illuc,
1040 3619 1098 3664 ut
1151 3607 1284 3663 aleis
1321 3606 1594 3669 ludentes,
1629 3603 1858 3674 agitant,
1909 3610 1964 3653 et
1999 3614 2124 3652 cum
2171 3613 2262 3653 so-

2367 3603 2670 3670 ὲριστικαῖς
2696 3577 2972 3670 ἁμίλλαις,
3018 3599 3208 3671 ὥσπερ
3253 3619 3308 3656 τι
3355 3604 3463 3655 τῶν
3489 3577 3779 3674 τυχόντων,
3807 3605 3962 3657 αὐτὸ

696 3708 808 3758 nitu
846 3699 1184 3756 transierunt
1211 3716 1226 3753 :
1258 3699 1360 3751 hoc
1385 3706 1566 3750 autem
1598 3701 1860 3763 praestant
1889 3700 2135 3754 strenue,
2168 3689 2264 3758 qui

698 3793 964 3851 bzcrcticis
1016 3791 1221 3848 scholis
1273 3797 1629 3844 evanescunt.
1682 3785 1989 3838 Etiamnum
2051 3796 2268 3851 quoque

702 3909 718 3938 ι
757 3889 809 3941 in
851 3900 1054 3940 vanum
1088 3901 1106 3934 ι
1156 3888 1384 3938 sumunt
1415 3893 1615 3933 nomen
1654 3875 1868 3931 Domini
1917 3872 2120 3944 Deique
2162 3886 2267 3928 no-

695 3980 814 4043 stri,
860 3977 954 4048 qui
987 3975 1192 4031 audent
1222 3972 1364 4027 tueri
1412 3968 1811 4025 indiﬂ'erentem
1850 3980 1965 4020 rem
2004 3979 2128 4018 esse
2169 3977 2264 4018 seu

693 4070 919 4132 Christi,
946 4070 1063 4124 sive
1087 4062 1408 4122 Antichristi
1440 4062 1735 4134 imaginem
1770 4061 1968 4122 facere,
2002 4065 2096 4110 aut
2121 4055 2267 4110 idola

693 4160 919 4231 paganis
969 4160 1102 4214 olim
1166 4157 1334 4212 culta.
1401 4153 1497 4210 Isti
1567 4166 1780 4215 omnes,
1844 4158 2107 4221 quantum
2169 4162 2268 4218 per

695 4251 982 4306 audaciam
1056 4248 1298 4317 ipsorum
1365 4251 1634 4315 possunt,
1699 4242 1909 4295 Domini
1959 4253 2159 4293 nomen
2213 4246 2268 4295 et

695 4342 1119 4414 appellationem
1173 4339 1540 4394 frustraneam
1594 4334 1828 4390 reddunt
1886 4339 1941 4386 et
1995 4331 2263 4385 inutilem.

696 4435 802 4489 Par
847 4443 932 4489 est
961 4433 1108 4486 enim
1147 4429 1374 4488 omnino
1420 4426 1514 4480 Dei
1566 4439 1762 4480 nomen
1796 4423 2165 4476 venerandum
2212 4428 2268 4473 et

697 4526 1039 4582 adorandum
1061 4521 1403 4583 existimare,
1433 4530 1611 4586 neque
1627 4513 1956 4585 iuramentis
1979 4507 2266 4574 obiectari,

697 4635 799 4675 nec
842 4617 1104 4688 periuriis
1152 4613 1271 4684 (Dei
1313 4614 1533 4679 nomen)
1586 4608 1899 4678 profanare,
1950 4619 2051 4658 nec
2110 4600 2290 4656 idolis,

698 4713 1000 4782 adaptare:
1056 4723 1203 4772 non,
1269 4713 1328 4759 ut
1387 4702 1645 4759 insanivit
1697 4699 1858 4753 Arius
1890 4736 1905 4761 ,
1960 4707 2265 4752 creaturam

705 4801 960 4858 deiﬁcare
1007 4799 1062 4853 in
1108 4794 1462 4868 opprobrium
1491 4789 1793 4854 Creatoris,
1819 4801 1996 4856 neque
2026 4800 2139 4841 rem
2181 4784 2267 4838 in-

701 4890 1045 4948 diﬂerentcm
1069 4899 1283 4959 putare,
1303 4885 1373 4948 ei,
1398 4881 1495 4953 qui
1517 4879 1716 4935 meruit
1734 4879 1836 4932 hoc
1859 4891 2078 4942 nomen,
2099 4885 2150 4930 et
2171 4875 2264 4946 qui

2365 3685 2467 3746 ὦδε
2532 3695 2779 3758 κάκεῖσε,
2823 3690 2914 3748 οἷα
2964 3693 3027 3763 δὴ
3072 3693 3260 3758 κύῦοις
3315 3695 3623 3760 παίζοντες,
3665 3696 3964 3765 περιστρέ-

2366 3801 2559 3852 φοντες
2609 3786 2704 3838 καὶ
2724 3784 3197 3848 διακωδωνιῶντες
3218 3803 3232 3815 ’
3258 3787 3395 3857 ὅπερ
3422 3788 3656 3859 μάλιστα
3695 3787 3958 3842 ποιοῦσιν

2365 3878 2412 3930 οἰ
2439 3879 2559 3940 ταῖς
2608 3879 2911 3949 αἰρετικαῖς
2980 3879 3415 3949 ἔμματαῖζοντες
3467 3881 3707 3950 λέσχαις.
3744 3881 3864 3935 Ἐτι
3890 3883 3964 3937 δὲ

2365 3967 2702 4037 λαμϐάνουσι
2727 3969 2822 4023 καὶ
2850 3969 2944 4022 νῦν
2970 3987 2990 4021 ι
3023 3971 3114 4023 ἐπὶ
3146 3969 3362 4043 ματαίῳ
3387 3991 3406 4024 ι
3440 3972 3501 4025 τὸ
3529 3972 3702 4041 δνομα
3729 3972 3962 4042 Κυρίου

2364 4058 2462 4112 τοῦ
2488 4059 2624 4112 Θεοῦ
2655 4059 2833 4129 ἡμῶν,
2862 4060 2912 4113 οἰ
2931 4059 3224 4130 ἀδιάφορον
3259 4062 3565 4131 τολμῶντες
3613 4062 3790 4130 λέγειν
3843 4065 3963 4133 τήν

2365 4167 2426 4204 τε
2463 4152 2699 4222 Χριστοῦ
2723 4153 2926 4219 εἰκόνα,
2960 4153 3056 4206 καὶ
3080 4154 3181 4224 τὴν
3202 4152 3297 4206 τοῦ
3323 4152 3698 4223 ’Λντιχρίστον
3732 4154 3852 4224 ἦτοι
3873 4155 3965 4209 τὰ

2367 4241 2562 4294 εἴδωλα
2597 4241 2706 4295 τῶν
2744 4241 3075 4313 Ἑλληνικῶν
3107 4242 3488 4314 σεδασμάτων.
3517 4245 3723 4307 Πάντες
3754 4245 3863 4313 γὰρ
3897 4247 3964 4298 οἱ

2365 4330 2633 4396 τοιοῦτοι,
2699 4332 2935 4401 ματαίαν
2993 4333 3086 4386 καὶ
3129 4334 3385 4405 ἀνωφελῆ
3456 4335 3554 4406 τὴν
3608 4337 3961 4404 Δεσποτικὴν

2369 4425 2760 4492 προσηγορίαν,
2791 4427 2852 4478 τό
2880 4442 2944 4493 γε
2988 4421 3123 4494 ἧκον
3160 4427 3240 4489 εἰς
3289 4427 3388 4496 τὴν
3419 4426 3602 4481 αὐτῶν
3625 4425 3675 4491 ⁴,
3705 4429 3959 4495 ἀποφαί-

2368 4529 2539 4578 νουσι,
2571 4515 2796 4584 τόλμαν.
2833 4519 2925 4569 Δεῖ
2956 4517 3064 4587 γὰρ
3099 4519 3265 4570 παντὶ
3293 4517 3482 4587 τρόπω
3513 4519 3610 4588 τὴν
3637 4519 3788 4572 θείαν
3813 4520 3957 4592 κλῆο

2371 4620 2472 4668 σιν,
2509 4606 2744 4676 φρικτήν
2771 4622 2828 4660 τε
2860 4608 2955 4660 καὶ
3001 4607 3308 4679 σεΰασμίαν
3339 4611 3592 4677 ἡγεῖσθαι
3613 4627 3629 4643 ο
3675 4613 3768 4665 καὶ
3798 4614 3956 4682 μήτε

2366 4697 2550 4766 ὅρκοις
2595 4698 2732 4762 ὅλως
2780 4699 3012 4770 χαίρειν,
3065 4701 3202 4771 μήτε
3251 4701 3606 4773 καθυϐρίζειν
3655 4705 3953 4776 επιορκῐᾳ·

2368 4787 2506 4841 ἀλλὰ
2564 4788 2703 4859 μηδὲ
2760 4790 3084 4861 περιάπτειν
3136 4792 3419 4852 εἰδώλοιςο
3463 4794 3598 4864 μηδὲ
3655 4796 3796 4863 μετὰ
3840 4799 3961 4865 τὴν

2381 4879 2590 4951 Ἀρείου
2620 4882 2775 4935 νόσον
2795 4883 3062 4935 θεοποιεῖν
3083 4883 3181 4955 τὴν
3203 4884 3402 4950 κτίσιν,
3425 4884 3566 4939 κατὰ
3585 4884 3680 4939 τοῦ
3715 4884 3965 4940 κτίσαν-

696 4983 1031 5043 contrarium
1070 4947 1303 5036 sortitus
1351 4988 1458 5040 est,
1506 4973 1810 5044 applicare;
1844 4983 1949 5024 non
1995 4969 2265 5024 haereticis

2370 4947 2494 5033 τος·
2522 4973 2659 5040 μήτε
2698 4971 2798 5042 μὲν
2823 4973 3116 5043 ἀδιάφορον
3138 4947 3396 5044 ἰἡγεῖσθαί
3427 4976 3488 5029 τὸ
3524 4976 3727 5046 ταύτης
3771 4977 3959 5045 ἠξιω-

695 5075 1081 5148 logomachiis,
1105 5071 1255 5127 velut
1282 5067 1422 5129 alea,
1452 5065 1675 5130 ludere;
1705 5077 1811 5118 non
1835 5059 2128 5131 superﬂuis
2157 5074 2272 5116 ma-

698 5168 963 5237 tzeologiis
999 5161 1335 5235 quibuslibet
1380 5156 1713 5220 immiscere,
1760 5160 1857 5245 aut
1889 5163 2216 5221 componere
2251 5170 2266 5207 :

696 5263 791 5318 sed
824 5256 1205 5314 tantummodo
1227 5249 1574 5308 salutiferum
1609 5253 1664 5302 et
1697 5245 2035 5300 adorandum
2069 5258 2268 5299 nomen

694 5357 763 5409 ad
796 5363 1145 5420 communem
1174 5357 1439 5413 usurpare
1470 5340 1784 5403 utilitatem,
1815 5338 1869 5391 in
1895 5337 2070 5391 sacris
2093 5335 2270 5406 preci.

697 5447 822 5507 lius,
877 5439 1170 5513 mysteriis,
1213 5445 1269 5492 et
1299 5435 1554 5504 congruis
1585 5429 1868 5487 doctrinis.
1915 5427 2041 5483 Hmc
2091 5437 2166 5494 tu,
2220 5427 2267 5482 si

697 5535 927 5602 caveris,
961 5529 1302 5590 observando
1331 5525 1494 5580 simul
1526 5523 1657 5589 eris,
1709 5532 1853 5578 recte
1901 5523 1973 5576 ita
2020 5527 2266 5574 statuens

2377 5062 2537 5132 μένον
2570 5062 2671 5132 τῆς
2708 5063 2978 5134 κλήσεως,
3002 5065 3176 5118 καὶτὸ
3205 5063 3628 5139 κληρωσάμενον
3655 5069 3756 5140 τὴν
3787 5070 3962 5123 ἐναν-

2371 5153 2524 5207 τίανο
2577 5153 2699 5224 μηδ’
2731 5155 3032 5227 αίρετικαίς
3073 5155 3355 5210 πεττεύειν
3396 5158 3531 5212 αὐτὸ
3555 5157 3956 5229 λογομαχίαιςτ

2370 5244 2509 5298 ἀλλὰ
2548 5245 2683 5316 μηδὲ
2723 5249 3006 5319 περιτταῖς
3051 5265 3162 5301 τισι
3196 5249 3598 5320 συνανακιρνᾷν
3658 5247 3758 5300 καὶ
3815 5264 3960 5301 συν-

2375 5336 2678 5408 αναφύρειν
2729 5337 3163 5408 ματαιολογίαις·
3195 5339 3255 5392 ἑν
3287 5339 3478 5410 μόναις
3506 5338 3564 5393 δι
3603 5340 3725 5402 ταῖς
3773 5337 3960 5407 ἱεραῖς

2375 5429 2531 5500 ἡμῶν
2560 5430 2747 5500 εὐχαῖς
2772 5447 2833 5484 τε
2864 5431 2958 5486 καὶ
2981 5431 3225 5494 τελεταῖς
3273 5432 3369 5486 καὶ
3387 5432 3509 5497 ταῖς
3535 5428 3962 5503 προσηκούσαις

2371 5519 2739 5587 διδασκαλίαις
2768 5533 2814 5588 ο,
2844 5521 2906 5576 τὸ
2956 5523 3222 5594 σωτήριον
3268 5523 3445 5578 ἐκεῖνο
3495 5522 3590 5580 καὶ
3633 5521 3961 5592 θαυμαστὸν

1951 5652 2185 5710 VARUS
2214 5653 2628 5710 LECTIONES.

803 5786 829 5824 ἀ
857 5785 990 5842 cod,
1017 5783 1158 5839 non.
1199 5778 1304 5836 553
1333 5775 1373 5830 ι.
1394 5775 1497 5830 ιιι
1515 5773 1674 5830 habet
1701 5773 1779 5836 εἱς
1807 5771 1906 5844 τὴν
1938 5771 2128 5840 αὐτήν.
2209 5781 2232 5810 ε
2250 5767 2385 5827 Cod.
2423 5768 2565 5825 Non.
2583 5771 2989 5842 προσηκούσαις
3014 5789 3074 5826 τε
3104 5771 3403 5842 θεολογίαις
3422 5771 3522 5829 καὶ
3545 5769 3948 5836 διδασκαλίαις.
