4200 6444
687 461 796 526 559

1840 469 2102 530 PHOTII
2145 469 2652 530 PATRIARCIIE
2678 472 2788 533 (ΞΡ.

3839 481 3943 539 560

684 591 738 636 te
781 579 1018 634 arbitror
1052 580 1310 650 ignorare
1341 599 1356 636 :
1387 590 1442 638 at
1490 583 1614 638 illos
1647 585 1924 656 negligere
1960 587 2054 656 qui
2105 587 2262 641 dixe-

2368 585 2473 655 πρὸ
2491 587 2647 656 ἡμῶν
2670 587 3071 656 ἀποδεδομένας
3091 589 3293 652 αἰτίας,
3331 584 3487 659 οἶμαι
3517 607 3576 643 σε
3603 592 3677 660 μὴ
3697 591 3940 658 ἀγνοεῖν,

684 680 812 726 runt
841 687 1123 728 sermones
1147 673 1290 737 illos,
1315 691 1548 744 quorum
1579 677 1978 731 ordinabantur
2037 678 2258 746 inspec-

683 775 847 828 tores,
871 779 965 834 per
992 765 1108 818 illas
1136 766 1335 835 ﬁguras
1369 768 1668 823 insinuari:
1694 768 1856 822 boum
1883 769 2081 838 quippe
2105 769 2259 837 ip~is,

684 856 870 908 nescio
901 870 1018 919 cur,
1058 856 1362 920 hominum,
1402 859 1732 927 aquilarum,
1788 859 2006 912 leonum
2066 876 2256 914 curam

681 955 736 998 et
763 945 1154 1014 inspectionem
1193 950 1550 1011 concrcduut,
1604 949 1892 1004 Platonico
1935 966 2110 1016 more,
2165 952 2261 1007 sed

684 1036 863 1089 verbis
910 1036 1143 1090 diversis
1197 1039 1349 1092 ideas
1401 1040 1832 1105 introducentes,
1877 1042 2057 1111 potius
2090 1056 2256 1111 fluam

684 1129 902 1197 pictatis
953 1129 1132 1183 studio
1187 1131 1476 1199 quastioni
1536 1131 1796 1186 instituta:
1845 1133 2257 1202 respondentes.

682 1219 922 1276 Dixerim
936 1237 1056 1289 ego,
1072 1222 1215 1292 quod
1234 1223 1655 1293 haudquaquam
1671 1237 1860 1277 eorum
1874 1223 2257 1288 animantium,

682 1327 914 1382 quorum
961 1322 1116 1368 erant
1145 1324 1452 1376 curatores,
1489 1316 1699 1384 species
1731 1329 1827 1383 per
1871 1314 2076 1385 liguras
2115 1315 2255 1369 istas

684 1405 1235 1472 i'eprzesentabantur.
1272 1404 1431 1460 Absit
1460 1423 1473 1458 :
1508 1421 1651 1460 unus
1676 1406 1822 1460 enim
1856 1407 2100 1460 omniqu
2125 1420 2259 1458 con-

681 1495 826 1548 ditor
871 1502 926 1549 et
957 1495 1234 1563 inspector
1264 1506 1368 1550 est.
1413 1494 1610 1550 Verum
1656 1495 1793 1550 illud
1831 1497 2116 1565 perspicue
2164 1509 2260 1563 per

682 1588 886 1657 ﬁguras
911 1588 1228 1655 ostendunt,
1261 1588 1406 1658 quod
1430 1591 1522 1659 qui
1555 1597 1782 1652 terram,
1801 1603 2007 1648 aerem.
2031 1589 2255 1651 cmlnm,

680 1687 734 1730 et
766 1693 887 1746 qua:
919 1677 974 1732 in
1007 1676 1072 1732 iis
1103 1689 1250 1743 sunt,
1286 1679 1548 1734 stabilivit
1612 1679 1758 1748 (istis
1815 1679 1960 1732 enim
2016 1679 2070 1731 in
2125 1677 2259 1732 locis

680 1777 1026 1823 ostensorum
1071 1769 1391 1823 animalium
1426 1771 1536 1824 vita
1582 1768 1864 1838 victusque
1901 1769 2148 1834 habetur,
2203 1776 2259 1823 et

678 1858 994 1928 generatio),
1035 1861 1080 1915 is
1115 1861 1228 1931 ipse
1255 1871 1357 1926 est,
1389 1862 1481 1931 qui
1513 1870 1807 1931 potestates
1840 1862 2091 1916 cmlcstes
2124 1860 2257 1915 sub-

679 1951 870 2004 sistere
924 1949 1074 2015 iecit,
1127 1961 1180 2005 et
1228 1952 1407 2008 inesse
1447 1951 1720 2021 produxit.
1775 1949 1879 2005 Sed
1926 1959 1980 2005 ct
2026 1952 2258 2008 ulterius

681 2042 960 2112 Scriptura
1011 2059 1106 2112 per
1170 2043 1270 2097 ista
1321 2044 1500 2109 ducet,
1553 2043 1699 2113 quod
1751 2044 2024 2111 quomodo
2072 2045 2258 2110 homo,

679 2135 800 2198 bos,
837 2136 941 2201 leo,
993 2135 1199 2206 aquila,
1235 2147 1287 2190 et
1337 2147 1547 2192 caetera:
1592 2152 1784 2192 omnes
1833 2147 2115 2203 creaturae,
2167 2154 2260 2208 per

679 2228 854 2282 solum
907 2228 1131 2282 verbum
1168 2227 1646 2297 producebantur;
1701 2229 1772 2282 ita
1822 2240 1876 2284 et
1933 2231 2101 2286 beata:
2155 2232 2261 2287 illa:

679 2328 961 2382 creaturae,
997 2335 1090 2388 per
1121 2321 1346 2375 verbum
1394 2321 1705 2376 Conditoris
1734 2321 1801 2376 de
1831 2338 1938 2376 non
1977 2341 2098 2378 esse
2132 2340 2260 2393 pro-

679 2409 855 2463 ductm
871 2421 923 2464 ct
941 2421 1213 2480 generata:
1233 2410 1471 2466 fuerant.
1496 2413 1555 2466 ln
1581 2413 1669 2466 illa
1693 2413 1910 2481 quidem
1939 2415 2260 2484 incorporea

679 2510 734 2555 et
785 2501 1074 2572 ineliigiata
1131 2515 1322 2556 natura
1403 2503 1605 2574 liguras
1659 2504 1871 2573 aliquas
1942 2515 1999 2559 et
2053 2506 2261 2564 formas

682 2594 989 2650 istiusmodi
1021 2605 1412 2666 repra'sentare
1440 2597 1594 2660 velle,
1629 2597 1763 2650 nihil
1797 2597 1946 2651 aliud
1982 2609 2064 2654 est
2091 2616 2258 2670 quam

681 2685 980 2751 declarare,
1019 2703 1185 2740 unum
1229 2697 1283 2740 ct
1307 2690 1561 2741 eumdem
1587 2703 1768 2741 rerum
1800 2689 2047 2742 onmium
2082 2689 2259 2744 exsis-

684 2786 798 2830 tere
824 2775 1212 2842 Conditorem;
1265 2785 1378 2830 tum
1411 2777 1553 2846 quod
1608 2777 1742 2830 nihil
1795 2778 2126 2835 laboriosius
2158 2779 2261 2848 ipsi

685 2865 805 2932 fuit,
829 2868 1179 2938 incorporeas
1207 2878 1260 2922 et
1279 2868 1676 2924 intellectuales
1703 2878 1923 2922 naturas
1947 2887 2259 2940 procreare,

686 2975 849 3028 quam
879 2970 1100 3014 caeteras
1125 2960 1396 3028 quaslibet
1419 2970 1734 3026 creaturas;
1768 2979 1892 3016 eum
1925 2963 1979 3016 in
2005 2965 2263 3020 omnibus

686 3067 751 3105 ex
775 3067 954 3122 aequo,
994 3063 1046 3107 et
1085 3053 1198 3122 pari
1233 3062 1500 3122 potestate
1529 3054 1781 3109 voluntas
1811 3055 1994 3109 divina
2036 3055 2262 3111 inﬁnita

688 3143 939 3212 rctcntia:
989 3153 1262 3213 operetur.
1315 3144 1370 3197 Si
1404 3145 1600 3214 placet,
1645 3154 1730 3198 est
1763 3155 1815 3198 et
1861 3147 2079 3200 tertium
2114 3146 2262 3217 quod

2365 677 2650 739 κάκείνους
2705 678 2762 730 δὲ
2787 681 3054 749 παρορᾷν,
3091 681 3140 732 οἳ
3167 681 3292 744 τοὺς
3348 681 3540 748 λόγους
3594 682 3806 747 ἔφασαν
3862 679 3939 735 ὧν

2363 766 2670 836 ἐτάχθησαν
2695 768 2902 839 ἔφοροι,
2931 770 3020 821 διά
3048 769 3160 821 τῶν
3187 771 3482 840 σχημάτων
3515 771 3742 824 ἐκείνων
3765 773 3936 825 αἰνίτ-

2362 861 2585 912 τεσθαι·
2625 861 2762 929 βοῶν
2803 861 2913 931 γάρ
2937 862 3120 923 αὑτοῖς
3157 857 3327 924 οὗτοι,
3365 863 3460 912 καὶ
3492 861 3818 931 ἀνθρώπων,
3847 864 3940 913 άε-

2362 951 2472 1002 τῶν
2499 967 2557 1001 τε
2581 952 2675 1001 καὶ
2703 951 2954 1013 λεόντων,
2982 953 3082 1004 οὑκ
3105 947 3203 1004 οἶδ’
3246 950 3366 1004 ἀνθ’
3393 953 3540 1016 ὅτου,
3583 954 3681 1021 τὴν
3711 953 3938 1021 ἐφορίαν

2365 1043 2728 1114 ἐγχειρίζουσι
2753 1059 2770 1076 ο
2831 1042 3327 1111 Πλατωνικώτερον
3388 1045 3611 1113 μᾶλλον,
3635 1045 3704 1096 δι’
3737 1046 3943 1110 ἑτέρων

2363 1135 2560 1201 λόγων,
2586 1135 2684 1196 τάς
2711 1133 2886 1196 εἰδέας
2913 1135 3254 1201 εἰσάγοντες,
3294 1134 3324 1203 ἢ
3357 1134 3746 1204 εὐσεϐέστερον
3798 1152 3943 1202 παρ-

2366 1225 2619 1287 ιστῶντες
2643 1225 2704 1277 τὸ
2737 1223 3093 1294 ζητούμενον.
3143 1224 3284 1291 Ἐγὼ
3319 1226 3375 1277 δὲ
3416 1226 3581 1294 φαίην
3603 1225 3693 1288 ἂν,
3723 1225 3798 1288 ὡς
3844 1226 3942 1293 ούχ

2362 1313 2437 1372 ὧν
2469 1318 2650 1385 ἔφοροι
2671 1317 3016 1386 τυγχάνουσι,
3052 1316 3226 1370 ταῦτα
3252 1317 3338 1370 διά
3361 1319 3468 1370 τῶν
3507 1319 3805 1388 σχημάτων
3841 1321 3941 1387 εμ-

2363 1411 2648 1478 φανίςουσι
2674 1425 2687 1438 ’
2726 1406 2926 1461 πολλοῦ
2946 1424 3009 1475 γε
3043 1407 3138 1461 καὶ
3169 1407 3248 1459 δεῖ
3277 1423 3290 1437 ο
3322 1403 3402 1470 εἷς
3435 1409 3542 1479 γὰρ
3564 1408 3818 1461 ἁπάντων
3848 1408 3943 1475 δη-

2365 1502 2626 1572 μιουργός
2658 1517 2718 1552 τε
2769 1502 2863 1554 καὶ
2917 1499 3135 1570 ἔφορος.
3200 1498 3341 1551 Ἀλλ’
3391 1501 3568 1552 ἐκεῖνο
3620 1498 3838 1567 τρανῶς
3886 1501 3944 1551 ἐν

2360 1594 2472 1655 τοῖς
2530 1591 2720 1653 τύποις
2764 1591 3120 1655 δεικνύουσιν,
3156 1591 3291 1654 ὡςὸ
3323 1591 3424 1660 τὴν
3467 1591 3571 1659 γῆν
3602 1608 3660 1642 τε
3699 1592 3790 1642 καὶ
3853 1591 3946 1642 τὸν

2360 1681 2520 1751 ἀέρα,
2551 1681 2646 1734 καὶ
2681 1681 2773 1734 τὸν
2804 1681 3050 1753 οὐρανὸν,
3092 1682 3185 1734 καὶ
3210 1681 3279 1734 τὰ
3307 1682 3364 1734 ὲν
3393 1681 3577 1743 αὐτοῖς
3627 1681 3946 1749 ὑποστήσας

2361 1773 2441 1842 (ὲν
2495 1771 2706 1834 τούτοις
2763 1771 2872 1841 γάρ
2929 1770 3038 1823 τῶν
3093 1771 3514 1841 ἐμφαινομένων
3568 1768 3760 1834 ζώων,
3826 1774 3943 1831 τοῖς

2359 1865 2564 1928 τόποις,
2599 1865 2626 1916 ὃ
2672 1881 2730 1916 τε
2761 1862 2874 1931 βίος
2900 1864 2995 1917 καὶ
3043 1865 3076 1934 ἡ
3103 1863 3354 1933 γένεσις)
3390 1862 3555 1926 αὑτός
3585 1863 3734 1915 ἐστιν
3764 1857 3948 1926 οὑτο;,

2360 1961 2386 2011 ὁ
2420 1961 2514 2011 καὶ
2564 1959 2663 2021 τὰς
2715 1957 3145 2029 ὑπερουρανξους
3180 1957 3442 2025 δυνάμεις
3465 1964 3495 1992 ο
3521 1954 3816 2018 οὑσιώσας,
3852 1958 3947 2007 καὶ

2361 2052 2702 2122 παραγαγὼν
2747 2054 2828 2115 εἰς
2863 2050 3118 2121 ὓπαρξιν.
3159 2051 3394 2104 Ἔπειτα
3445 2049 3638 2112 sese
3664 2049 3879 2102 τούτων
3920 2052 3950 2099 ὁ

2361 2142 2516 2210 λόγος
2550 2153 2579 2192 Ρ
2597 2143 2862 2205 διδάσκει,
2897 2143 3093 2212 ὅτιπερ
3113 2141 3237 2196 καθ’
3265 2141 3324 2194 ὃν
3349 2143 3552 2212 τρόπον
3577 2141 3866 2210 ἄνθρωπός
3892 2157 3950 2191 τε

2361 2238 2457 2291 καὶ
2515 2236 2640 2305 βοῦς
2696 2237 2792 2288 καὶ
2839 2234 2998 2298 λέων,
3051 2235 3146 2287 καὶ
3205 2233 3387 2297 ἀετὸς,
3448 2233 3544 2287 καὶ
3606 2231 3778 2284 τᾶλλα
3838 2231 3951 2282 τῶν

2362 2330 2696 2398 κτισμάτων,
2748 2327 2984 2398 εὐχερῶς
3045 2328 3138 2380 καὶ
3189 2331 3395 2398 ῥήματι
3452 2325 3599 2395 μόνῳ
3660 2325 3942 2393 συνέστη·

2361 2421 2504 2473 οὑτω
2555 2419 2640 2487 δὴ,
2682 2416 2826 2471 οὕτω
2861 2419 3011 2488 καὶὴ
3047 2419 3296 2487 μακαρία
3341 2417 3505 2485 φύσις
3565 2414 3774 2484 iusim,
3799 2414 3950 2482 λόγῳ

2361 2513 2454 2563 τοῦ
2496 2511 2812 2573 κτίσαντος,
2841 2511 2906 2561 ἐκ
2945 2507 3035 2561 τοῦ
3061 2508 3137 2579 μὴ
3165 2509 3317 2571 ὄντος
3358 2507 3502 2577 ἢχθη
3535 2505 3676 2577 πρὸς
3701 2505 3945 2572 γένεσιν.

2363 2606 2435 2656 Τὸ
2455 2603 2579 2673 γὰρ,
2606 2602 2790 2674 ἐκείνῃ
2815 2604 2880 2672 τῇ
2912 2601 3189 2671 ἀσωμάτῳ
3221 2600 3317 2653 καὶ
3338 2600 3735 2669 άσχηματίστῳ
3761 2597 3948 2666 φύσει,

2367 2697 2581 2768 μορφάς
2642 2714 2795 2759 τινας
2823 2695 2920 2748 καὶ
2969 2695 3199 2748 τοιαῦτα
3233 2695 3487 2764 σχήματα
3551 2690 3954 2762 παρυποδεῖξαι

2363 2792 2514 2843 οὑδὲν
2542 2789 2732 2858 ἕτερόν
2784 2790 2955 2849 ἐστιν,
2982 2787 3014 2857 ἦ
3052 2787 3149 2840 ἕνα
3175 2804 3234 2838 τε
3263 2789 3350 2838 καὶ
3384 2785 3474 2837 τὸν
3501 2783 3662 2836 αὑτὸν
3690 2781 3953 2835 ἁπάντων

2365 2883 2600 2953 Ποιητὴν
2660 2882 2967 2951 ὑπάρχειν,
3037 2879 3468 2948 ἐπιδεδειχέναιο
3513 2877 3611 2930 καὶ
3655 2877 3737 2929 ὅτι
3787 2873 3944 2927 οὐδὲν

2363 2972 2781 3042 ἐργωδέστερον,
2815 2972 2848 3042 ἢ
2876 2971 3043 3025 τᾶλλα
3070 2969 3179 3022 τῶν
3201 2971 3519 3040 κτισμάτων
3537 3011 3552 3034 ,
3588 2971 3621 3040 ἡ
3654 2969 3952 3037 ἀσώματος

2364 3063 2460 3116 καὶ
2503 3064 2664 3131 νοερὰ
2713 3063 2875 3129 φύσις
2915 3062 3125 3132 ὑπέστη
3153 3065 3210 3116 ὲν
3237 3063 3374 3115 πᾶσι
3409 3061 3819 3133 παραπλησίως
3857 3060 3953 3112 καὶ

2368 3156 2675 3217 ἰσοσθενῶς,
2729 3154 2824 3208 τοῦ
2875 3154 3020 3208 θείου
3073 3154 3168 3208 καὶ
3220 3154 3666 3226 ἀπειροδυνάμου
3712 3151 3953 3223 δρῶντος

693 3236 797 3289 ill.e
831 3236 884 3290 in
914 3237 1243 3292 Cherubinis
1275 3237 1666 3292 similitudines
1693 3237 1994 3303 insinuant,
2039 3254 2260 3309 nempe,

2368 3247 2730 3318 βουλήματος.
2778 3246 2839 3298 Εἰ
2875 3245 3055 3316 βούλει
3085 3246 3166 3309 δἐ,
3202 3247 3339 3314 πρὸς
3378 3245 3590 3307 τούτοις
3640 3245 3736 3297 καὶ
3767 3242 3953 3313 τρίτον

692 3328 1151 3397 quemadmodum
1176 3328 1358 3391 homo,
1383 3337 1438 3383 et
1465 3328 1670 3399 aquila,
1706 3340 1759 3382 et
1785 3331 1900 3394 bos,
1933 3345 1984 3385 et
2011 3332 2269 3400 quaelibet

693 3420 912 3474 omnino
933 3430 1180 3474 creatura
1207 3419 1504 3476 Dominicis
1529 3421 1811 3490 praet-ptis
1846 3421 2266 3477 obsecundaba-

701 3520 811 3574 tur,
866 3511 1012 3564 illius
1059 3521 1335 3565 reveretur
1383 3527 1506 3566 cum
1537 3512 1732 3566 timore
1790 3514 2148 3568 mandatum:
2195 3515 2270 3569 ita

695 3603 874 3656 omnis
899 3617 1116 3672 quoque
1144 3601 1563 3656 ultramundana
1616 3609 1670 3655 et
1705 3602 2089 3658 ultracmlestis
2133 3605 2270 3659 sub-

697 3695 896 3747 stantia
927 3695 1148 3748 nutibus
1179 3694 1348 3763 ipsius
1389 3694 1656 3759 subsidet,
1703 3703 1755 3748 et
1787 3695 2016 3750 libenter
2045 3696 2272 3750 subser-

699 3787 815 3839 vire
848 3789 1007 3857 gestit
1045 3788 1108 3841 ad
1136 3789 1402 3858 quidquid
1428 3789 1652 3860 iubetur
1684 3791 2106 3859 expediendum.
2139 3790 2276 3845 Fur-

699 3880 863 3934 tassis
891 3890 1069 3934 autem
1098 3892 1146 3935 et
1180 3882 1298 3936 aliae
1339 3882 1561 3951 insuper
1590 3891 1884 3952 suppetent
1913 3897 2114 3943 causa,
2146 3883 2276 3935 dum

699 3971 897 4026 tacitus
931 3973 1044 4027 haec
1088 3974 1227 4043 upnl
1275 3984 1325 4029 te
1377 3975 1655 4030 meditaris
1697 3990 1820 4044 quze
1861 3973 1973 4044 jam
2019 3975 2168 4038 dixi,
2224 3975 2277 4027 in

699 4079 838 4133 quas
873 4064 1102 4119 libenter
1134 4075 1187 4119 te
1218 4066 1461 4122 incidere
1493 4066 1677 4121 velim.

701 4255 1029 4323 00.155110
1098 4256 1428 4313 Lxxsvrn.
1505 4260 1706 4332 [CoisL
1783 4261 2029 4324 ccuv;

1293 4351 1676 4425 CCXLVL(U

2111 4262 2274 4314 Taur.

2375 3339 2504 3391 ἄλλο
2533 3339 2875 3392 διδάσκουσιν
2919 3339 2976 3391 αἱ
3001 3341 3058 3391 ὲν
3078 3340 3190 3400 τοῖς
3232 3339 3306 3391 Xa
3319 3337 3516 3406 ρουσὶμ
3541 3335 3855 3405 ὁμοιώσεις,
3874 3335 3957 3387 ὅτι

2375 3430 2564 3497 ὥσπερ
2620 3428 2909 3499 ἄνθρωπός
2936 3446 2998 3482 τε
3028 3430 3125 3482 καὶ
3149 3429 3305 3491 asta;
3329 3430 3423 3481 καὶ
3463 3426 3610 3497 βοῦς,
3651 3426 3748 3478 καὶ
3771 3423 3958 3486 ἁπλῶς

2376 3522 2606 3575 ἕκαστον
2635 3521 2742 3574 τῶν
2765 3521 3099 3590 κτισμάτων,
3128 3519 3207 3588 τῷ
3229 3519 3543 3587 Δεσποτικῷ
3572 3516 3958 3587 προστάγματι

2380 3613 2690 3683 πειθαρχεῖ,
2732 3613 2828 3665 καὶ
2876 3612 2975 3680 τὴν
3023 3610 3234 3664 ἐκεῖθεν
3288 3610 3509 3678 ἐντολὴν
3575 3608 3956 3674 ὑποπτήσσει-

2379 3704 2522 3756 οὓτω
2543 3704 2608 3773 δὴ
2628 3702 2793 3766 οὑτω,
2827 3704 2922 3756 καὶ
2947 3704 3098 3756 πᾶσα
3119 3704 3152 3772 ἠ
3187 3701 3557 3771 ὑπερκόσμιός
3576 3717 3634 3754 τε
3660 3701 3756 3752 καὶ
3787 3700 3958 3768 ὑπερ-

2379 3796 2634 3864 ουράνιος
2719 3795 2881 3848 οὑσία
2960 3796 3074 3858 τοῖς
3134 3793 3301 3849 αὑτοῦ
3368 3793 3637 3863 νεύμασιν
3704 3791 3961 3852 ὑπείκει,

2381 3887 2630 3957 καὶπρὸς
2693 3886 2840 3940 ἅπαν
2867 3886 2927 3938 τὸ
2955 3885 3310 3954 κελευόμενον
3337 3885 3635 3956 προθύμως
3658 3885 3958 3951 ὑπηρετεῖ-

2382 3996 2494 4032 ται.
2539 3979 2691 4048 Τάχα
2711 3978 2757 4031 δ’
2780 3977 2847 4032 ἄν
2873 3995 2979 4040 σοι,
3012 3977 3134 4030 καθ’
3171 3977 3366 4031 ἑαυτὸν
3408 3975 3725 4038 σκοποῦντι,
3762 3978 3828 4026 ὲκ
3855 3973 3961 4027 τῶν

2387 4071 2697 4140 εἰρημένων
2757 4069 2853 4122 καὶ
2915 4068 3102 4138 ’ἐτεραι
3133 4067 3732 4139 προσεξευρεθήσονται
3763 4065 3957 4120 αἰτίαι·

2386 4156 2474 4222 αἷς
2507 4160 2570 4212 ἂν
2597 4157 2766 4227 ἡδέως
2783 4156 3087 4228 ιντύχοιμι.

2926 4272 3260 4326 ΕΡΩΤΙΙΣΙΣ
3295 4272 3425 4327 ῐιην.

1275 4488 1417 4540 Edita
1456 4506 1483 4541 a
1522 4491 1837 4551 Montacutio,
1869 4507 1949 4556 ep.
1993 4494 2180 4557 l6l,ad
2208 4495 2386 4553 Taras,
2411 4508 2458 4556 p.
2494 4493 2601 4552 2H,
2626 4493 2734 4544 215.
2774 4494 2849 4543 De
2880 4498 3044 4540 sancta
3083 4487 3344 4540 Trinitate.

778 4579 979 4649 Rogas,
1022 4577 1299 4649 quomodo
1355 4578 1588 4634 dicimus
1648 4599 1661 4634 :

710 4674 874 4728 Deum
908 4670 1126 4737 Filium,
1158 4672 1327 4727 Deum
1363 4673 1627 4742 Spiritum
1673 4685 1922 4729 sanctum
1952 4695 1998 4740 ι,
2063 4693 2166 4732 nec
2196 4686 2280 4732 ta-
2309 4688 2312 4690 ‘

709 4782 833 4820 men
855 4766 1101 4834 cogimur
1126 4765 1438 4820 necessario
1460 4773 1567 4819 tres
1598 4763 1761 4829 Deos,
1802 4782 1909 4821 non
1946 4782 2118 4823 unum
2144 4784 2282 4824 con-

712 4857 888 4912 literi?
932 4855 1090 4912 Clare
1123 4864 1176 4911 et
1206 4856 1440 4910 breviter
1469 4856 1790 4925 respondeo.
1850 4856 2110 4928 Exempla
2138 4860 2282 4915 enim

714 4951 866 5019 plura
901 4959 950 5003 et
1017 4950 1164 5003 varia
1214 4965 1246 5002 a
1280 4949 1482 5004 divinis
1534 4948 1790 5003 Patribus
1836 4952 1903 5004 ad
1952 4955 2283 5009 solutionem

715 5045 875 5114 hujus
927 5043 1267 5113 qua-stiunis,
1323 5043 1392 5097 ab
1452 5043 1568 5112 ipsa
1612 5046 1864 5107 veritate,
1914 5047 2001 5099 cui
2062 5061 2284 5116 operam

715 5136 984 5200 locabant,
1015 5134 1229 5190 abunde
1251 5134 1590 5204 suppeditata
1618 5133 1788 5200 fuere,
1818 5134 1962 5189 etab
2016 5136 2083 5189 iis
2128 5137 2286 5191 adhi-

717 5229 824 5283 bita
874 5236 1035 5298 prout
1071 5227 1320 5295 oportuit
1363 5244 1378 5293 ;
1458 5242 1693 5298 quorum
1739 5227 1912 5297 siquis
1957 5230 2286 5284 mentionem

715 5319 873 5374 vellet
937 5319 1221 5390 replicare,
1289 5319 1486 5373 librum
1564 5319 1806 5374 scribere
1841 5329 2097 5390 oportet,
2177 5335 2285 5375 non

713 5411 1019 5484 epistolam.
1079 5410 1236 5475 Quod
1296 5408 1480 5465 facere
1530 5410 1663 5464 mihi
1704 5410 1917 5464 videtur
1965 5425 2290 5482 supervaca-

1731 4599 1749 4631 ι
1810 4579 1976 4635 Deum
2034 4581 2357 4647 Patrem,D

2465 4582 2726 4654 Ἐρωτᾷς,
2778 4579 2894 4643 πῶς
2958 4579 3074 4630 ἐστι
3118 4577 3319 4645 λέγειν,
3390 4573 3563 4628 (Θεὸν
3594 4575 3684 4628 τὸν
3717 4575 3962 4647 Πατέρα,

2384 4673 2517 4727 Θεὸν
2563 4673 2654 4725 τὸν
2680 4671 2831 4738 Υῑὸν,
2853 4669 2986 4723 Θεὸν
3016 4669 3078 4722 τὸ
3103 4667 3352 4737 Πνεῦμα,
3384 4685 3404 4718 ι
3445 4668 3542 4720 καὶ
3573 4666 3649 4737 μὴ
3677 4669 3760 4731 εἰς
3793 4669 3964 4735 ἀνάγ-

2383 4784 2486 4837 κην
2551 4763 2957 4838 περιΐστασθαι,
3016 4764 3189 4834 τρεῖς,
3250 4761 3366 4816 ἀνθ’
3401 4760 3738 4826 ἑνὸς,Θεοὺς
3769 4761 3965 4830 άνομο-

2386 4857 2601 4922 λογεῖν;
2648 4853 2789 4922 Ἐγώ
2837 4870 2920 4906 σοι
2969 4849 3153 4920 σαφῶς
3181 4852 3275 4904 καὶ
3303 4851 3588 4920 συντόμως
3616 4848 3750 4918 ἐρῶ.
3776 4850 3965 4918 Παρα-

2383 4948 2650 5017 δεξγματα
2677 4945 2910 5016 μὲνγὰρ
2943 4944 3114 4997 πολλὰ
3166 4945 3262 4996 καὶ
3318 4942 3568 5007 ποικίλα,
3627 4942 3742 5003 τοῖς
3801 4941 3964 5001 θείοις

2390 5039 2548 5110 ἡμῶν
2579 5038 2874 5108 Πατράσιν,
2893 5039 2973 5099 εἰς
2991 5037 3052 5090 τὸ
3075 5035 3327 5089 διαλῦσαι
3358 5034 3456 5104 τὴν
3482 5032 3716 5105 ἀπορίαν
3736 5033 3962 5103 ταύτην,

2390 5133 2482 5184 ὑπ’
2520 5131 2689 5201 αὑτῆς
2717 5133 2816 5201 τῆς
2850 5127 3130 5200 ἀληθείας,
3159 5127 3298 5198 ὑπὲρ
3327 5121 3393 5200 ἦς
3417 5125 3770 5191 ἐσπούδαζον,
3798 5127 3964 5195 arplio.

2391 5241 2496 5287 νως
2509 5239 2567 5276 τε
2589 5223 2903 5294 ὲχορηγήθη
2936 5223 3031 5275 κα)⁸
3055 5222 3136 5286 εἰς
3163 5222 3282 5274 δέον
3310 5219 3680 5273 διατέτακται·
3712 5211 3790 5272 ὧν
3808 5219 3862 5270 εῐ
3885 5233 3964 5279 τις

2389 5317 2790 5387 ἐπιμνησθῆναι
2823 5314 3092 5384 Θελήσειε,
3118 5312 3324 5383 βιϐλίον
3353 5311 3474 5364 ὅλον
3505 5310 3620 5363 ἀντ’
3664 5308 3956 5377 tumet-il;

2393 5407 2460 5462 ἂν
2485 5407 2736 5480 γράψειε.
2759 5406 2932 5461 Τοῦτο
2963 5406 3021 5460 δὲ
3039 5405 3215 5468 ἄλλως
3240 5400 3397 5474 οἶμαι
3431 5401 3706 5474 περιττόν·
3734 5399 3790 5453 τι
3823 5400 3962 5470 γάρ·

1986 5570 2218 5628 νΑιιυΕ
2256 5567 2665 5626 LECTIONES.

789 5697 809 5718 '
833 5686 894 5741 Ο.
915 5685 1056 5742 Mon.
1098 5686 1202 5742 553
1230 5685 1268 5740 Γ.
1303 5685 1405 5740 118
1441 5704 1455 5739 :
1489 5684 1771 5755 οὐρανίους
1798 5683 2073 5753 δυνάμεις.

2154 5687 2182 5726 Ρ
2211 5683 2275 5738 C.
2314 5682 2382 5738 Μ.
2409 5682 2645 5751 ὀλίγους.

2218 5803 2443 5862 ΝΟΊἋΕ.
2460 5823 2461 5826 ‘

793 5899 865 5964 (ll
899 5896 1086 5951 Alliais
1117 5906 1199 5951 est
1227 5911 1280 5965 q.
1331 5891 1541 5948 XXVII.
