4200 6444
168 471 274 539 561

875 468 976 534 AD
1006 468 1603 531 AMPHILOCHIUM
1643 469 1992 537 OUES'I‘IO
2032 471 2409 546 LXXXVIII,
2439 471 2757 532 LXXXIX.

3332 473 3440 537 562

169 588 293 640 ἐνὸν
347 586 462 648 τοῖς
509 586 797 658 ἀρχαίοις,
852 586 952 639 καὶ
980 586 1041 651 ιε
1070 586 1313 655 ἑτοίμου,
1366 586 1739 656 προσομιλεῖν.

1849 603 2048 652 neum,
2104 603 2231 643 cum
2283 587 2461 643 cuivis
2513 586 2675 641 obvia
2730 586 2842 641 sint
2895 587 3037 656 apud
3098 586 3437 655 antiquiores

166 679 247 731 Σὺ
269 677 329 731 δὲ
358 678 441 746 (οὒ
469 677 579 748 τάρ
637 678 746 747 ἔχω
784 676 901 742 πῶς
935 675 1408 746 ἀνεπαχθέστερον
1433 676 1595 744 εἴπω)
1622 678 1744 731 ἀντὶ

162 766 276 819 τῶν
328 766 495 819 πάλαι
536 767 718 829 καλῶς
765 765 1191 837 γεγραμμένων,
1233 766 1439 820 καινῶν
1502 766 1742 837 προσδέῃ

165 857 443 925 γραφέων,
476 856 863 925 ἔξιδιουμένων
891 856 963 909 τὰ
990 856 1096 925 πρὸ
1132 855 1314 909 αὐτῶν
1348 857 1443 910 καὶ
1464 856 1740 927 ἀλλότρια.

182 944 343 996 Ἀλλὰ
386 947 555 1014 χωρὶς
614 945 862 1005 ἐκείνων,
885 945 948 997 τὸ
984 942 1251 1014 σύντομον
1291 947 1386 998 καὶ
1416 946 1617 1015 σαςρὲς,
1648 949 1744 999 καὶ

163 1035 290 1087 οὐδὲ
338 1037 509 1104 χωρὶς
565 1034 662 1088 τοῦ
704 1034 1049 1104 συμπείθειν,
1082 1036 1218 1105 μετά
1243 1036 1523 1106 προσοχῆς
1547 1037 1738 1091 ἀκουεο

164 1124 281 1192 ἔχει
327 1125 384 1178 δὶ
431 1118 573 1177 ὦδεο
636 1125 770 1178 Θεὸν
815 1124 999 1189 καλεῖς
1042 1126 1134 1178 τὸν
1193 1126 1447 1197 Πατέρα*
1515 1129 1745 1199 πότερον

163 1215 350 1283 τεμὼν
380 1215 478 1283 τὴν
508 1215 825 1281 ὑπόστασιν,
854 1220 949 1272 καὶ
981 1219 1352 1288 ἀλλοτριὼσας
1379 1221 1480 1292 τῆς
1507 1223 1567 1275 ὸν
1592 1224 1744 1294 αὐτῷ

166 1308 265 1356 καί
314 1309 501 1376 κοινῆς
557 1306 899 1379 θεότητος,ή
949 1309 1049 1362 οὐκ
1078 1310 1146 1363 ἂν
1178 1313 1485 1379 τολμήσαις
1530 1314 1742 1379 cludit;

164 1396 313 1448 οὕτω
356 1397 464 1467 γὰρ
487 1396 553 1450 ἂν
584 1399 670 1467 εῖη
696 1398 759 1450 τὸ
784 1401 949 1470 τιμᾷν
1000 1404 1096 1454 καὶ
1147 1401 1435 1472 ὀνομάζειν
1492 1403 1627 1459 Θεὸν
1655 1406 1747 1459 τὸν

166 1486 414 1557 Πατέρα,
445 1488 543 1557 τῆς
574 1487 808 1556 ἐσχάτης
836 1488 1134 1561 βαρύτερον
1178 1491 1415 1564 ὕϐρεως,
1451 1495 1747 1551 ἀποσπάδα

162 1577 292 1629 τινὰ
310 1579 402 1630 καὶ
430 1580 761 1647 παραφυάδα
797 1583 938 1634 νοεῖν
956 1583 1057 1651 τῆς
1079 1582 1271 1653 ὑλικῆς
1292 1586 1388 1637 καὶ
1415 1586 1745 1655 ὑπερουσίου

161 1668 431 1739 θεότητος
460 1666 518 1732 ἐξ
540 1662 602 1721 οὗ
634 1671 784 1723 πᾶσα
810 1669 952 1736 θεία,
992 1672 1090 1725 καὶ
1117 1675 1230 1736 τοῖς
1258 1674 1319 1727 ιν
1349 1674 1617 1744 διαιρέοει
1648 1677 1747 1729 καὶ

164 1758 356 1829 ρεύσει
385 1761 444 1811 τὸ
477 1759 619 1813 εῖναι
665 1760 946 1831 λαχοῦσιν,
978 1762 1172 1825 ῑνωσις
1197 1779 1257 1816 τε
1293 1764 1395 1817 καὶ
1419 1765 1621 1837 συνοχή
1652 1767 1745 1819 καὶ

164 1854 459 1921 συνάφεια.
502 1854 666 1926 Ὁρᾷς
723 1855 835 1920 πῶς
872 1856 938 1909 ἂν
988 1856 1168 1926 ὀρθῶς
1203 1856 1517 1927 ἐννοηθείης
1551 1876 1611 1912 τε
1649 1860 1744 1912 καὶ

160 1946 368 2014 φήσαις
388 1945 523 1997 Θεὸν
546 1945 638 1997 τὸν
666 1946 907 2017 Πατέρα.
933 1946 1145 2000 Οὐκοῦν
1170 1948 1291 2001 οὐδὲ
1319 1948 1410 2000 τὸν
1440 1948 1569 2001 Υίὸν
1602 1949 1737 2003 Θεὸν

159 2036 467 2107 ὀνομάζων,
500 2040 749 2107 ἀφοριεῖς
771 2040 871 2110 τῆς
897 2040 1070 2109 αὐτῆς
1130 2040 1395 2107 Θεότητος
1417 2057 1430 2070 ’
1460 2042 1617 2111 εῖπερ
1660 2042 1737 2114 μὴ

160 2128 288 2179 κατ’
317 2126 486 2196 ἄλλην
532 2127 630 2197 μὲν
677 2128 886 2182 ἔννοιαν
911 2129 1002 2181 τὸν
1033 2128 1178 2193 Υῑὸν,
1210 2130 1333 2185 κατ’
1360 2131 1528 2199 ἄλλην
1562 2133 1619 2186 δὲ
1646 2133 1739 2186 τὸν

161 2218 385 2285 Πατέρα
399 2217 531 2271 Θεὸν
552 2219 831 2289 ὑπεκρίνω
852 2220 1270 2286 ἀποφαίνεσθαι·
1288 2223 1411 2276 οὐδὲ
1434 2223 1495 2276 τὸ
1514 2224 1739 2295 Πνεῦμα

157 2310 216 2363 δὲ
244 2309 522 2378 δηλονότι’
554 2311 587 2379 ή
629 2310 768 2379 αὑτὴ
819 2312 927 2381 γὰρ
962 2310 1029 2365 ἂν
1077 2313 1537 2386 παρακολουθήσῃ
1574 2315 1741 2368 κακό-

156 2417 301 2453 νοια.
338 2398 400 2451 El
435 2399 615 2452 τοίνυν
664 2400 892 2453 ἕκαστον
934 2401 1045 2453 τῶν
1097 2402 1287 2471 τριῶν,
1321 2402 1446 2456 καθ’
1474 2405 1634 2459 ἑαυτὸ
1660 2406 1739 2476 τῷ

156 2488 237 2558 νῷ
298 2489 730 2559 λαμὸανόμενον,
779 2490 874 2543 καὶ
932 2490 1090 2555 Θεὸς,
1146 2492 1241 2545 κα)⁸
1276 2492 1429 2557 Θεὸς,
1472 2495 1568 2548 καὶ
1604 2494 1738 2558 Θεὸς

153 2580 582 2651 ὀνομαζόμενον,
628 2582 839 2653 οὐδαμῆ
876 2582 1132 2653 οὐδαμῶς
1158 2584 1256 2654 τῆς
1293 2585 1738 2657 ἰνθεωρουμένης

155 2675 258 2728 καὶ
290 2675 421 2743 μιᾶς
456 2674 747 2745 ἀπετμήθη
779 2674 1048 2745 Θεότητος
1072 2691 1090 2709 ο
1129 2678 1357 2741 εἰκότως
1390 2678 1499 2749 ἄρα
1527 2681 1620 2731 καὶ
1640 2680 1737 2733 σὺν

155 2767 414 2837 ἀλλήλοις
452 2766 860 2837 λαμϐανόμενα,
890 2768 953 2821 οὐ
983 2770 1130 2839 τρεῖς
1179 2768 1324 2834 Θεοδ,
1356 2769 1470 2825 ἀλλ’
1499 2773 1580 2834 εἰς
1611 2780 1640 2820 ει
1670 2772 1739 2825 τὰ

151 2860 288 2930 τρία
330 2858 462 2920 Θεὸς
503 2858 913 2929 δοξασθήσεται.
946 2859 1007 2911 Εἰ
1049 2860 1149 2929 μὲν
1195 2861 1306 2930 γὰρ
1333 2860 1465 2923 Θεὸς
1498 2861 1737 2929 ἑλέγετο,

156 2951 286 3006 καθ’
334 2952 494 3005 ἑαυτὸ
546 2952 839 3020 νοούμενον
897 2952 1151 3015 ἕκαστον,
1183 2952 1260 3015 ὡς
1310 2954 1390 3015 εἰς
1452 2952 1591 3005 ἰδίαν
1645 2955 1740 3007 καὶ

155 3041 395 3109 ἔκφυλον
454 3041 698 3111 Θεότητα
741 3041 1100 3111 ἀναγόμενον,
1134 3043 1362 3105 εἰκότως
1388 3040 1475 3107 ἂν,
1508 3043 1606 3095 σὺν
1638 3041 1733 3097 ἀλ-

154 3134 367 3203 λήλοις,
414 3134 507 3186 καὶ
561 3134 711 3203 τρεῖς
749 3133 877 3185 Geel.
926 3132 1294 3202 ὠνομάζοντο.
1346 3132 1619 3197 Εῐδὲ,ῶς
1636 3136 1737 3205 τήν

155 3227 336 3295 αὐτὴν
378 3227 653 3294 ὁμοτιμως
698 3224 793 3277 καὶ
847 3223 975 3294 μίαν
1022 3224 1266 3294 Θεότητα
1324 3226 1735 3295 συναγόμενον,

156 3317 296 3380 Θεὸς
342 3315 449 3369 τῶν
479 3315 646 3387 τριῶν
669 3316 918 3369 ἐκαλεῖτο
953 3316 1207 3369 ῑκαστονο
1231 3316 1316 3380 τίς
1341 3319 1369 3370 ό
1389 3317 1736 3387 βιαζόμενος,

155 3410 230 3463 τὰ
263 3407 488 3479 μηδαμῆ
526 3407 792 3478 μηδαμῶς
819 3408 917 3478 τῆς
943 3407 1388 3481 ὲνθεωρουμένης
1417 3410 1603 3473 αὐτοῖς
1637 3410 1737 3464 καὶ

160 3500 638 3571 ωμπληρωτικῆς
670 3501 1012 3571 διαιρεθέντα
1058 3502 1350 3570 Θεότητος,
1380 3504 1534 3572 τρεῖς
1561 3503 1742 3569 λέγειν

159 3594 366 3660 Θεούςς
421 3594 621 3663 μᾶλλον
641 3594 719 3656 δὶ,
752 3593 869 3656 πῶς
915 3593 1016 3647 οὐκ
1053 3594 1267 3663 ἀνάγκη
1310 3595 1482 3654 πᾶσα.
1513 3592 1585 3647 τά
1615 3594 1741 3664 τρία

158 3686 347 3753 λέγειν
402 3684 499 3738 ινα
558 3684 726 3748 Θεὸν,
802 3683 1042 3754 οὖδαμοῦ
1086 3683 1453 3752 διαιρεθέντος
1530 3684 1743 3745 οὐδενὸς

164 3776 274 3829 τῶν
300 3776 482 3853 ⁸τριῶν
507 3776 606 3845 τῆς
654 3776 860 3839 ινιαίας
900 3776 996 3829 καὶ
1028 3775 1279 3846 ἀτμήτου
1303 3778 1398 3830 καὶ
1427 3777 1739 3850 ἀδιαιρέτου

164 3869 435 3937 Θεὸτητος
460 3884 476 3929 ς

691 4045 1027 4099 ΕΡΩΤΗΣΙΣ
1078 4041 1207 4099 ΗΘ.

161 4136 338 4194 Πόσα
374 4136 789 4217 σημαινόμενα
815 4137 1014 4217 farm
1063 4136 1262 4217 εὑρεῖν
1304 4138 1375 4191 ἐν
1406 4136 1481 4207 τῇ
1520 4138 1734 4209 Γραφῇ

668 4209 779 4274 τῆς
806 4209 956 4260 Θεοῦ
978 4209 1219 4275 φωνῆς-ς

1846 676 2058 732 lectori.
2093 675 2175 731 'l'u
2211 686 2397 731 autem
2430 678 2635 747 (neque
2662 677 2808 729 enim
2840 677 3013 731 habeo
3040 680 3188 745 quod
3219 680 3441 748 gravius

1844 763 2047 829 dicam)
2082 779 2183 834 pro
2210 764 2339 818 olim
2370 766 2576 833 optime
2600 763 2786 818 relatis
2815 764 2869 817 in
2894 765 3130 827 litteras.
3168 782 3434 821 novorum

1847 850 2063 919 indigus
2117 852 2451 919 scriptorum
2499 865 2590 913 es,
2662 850 2755 919 qui
2806 851 2908 904 sibi
2964 853 3137 905 aliena
3191 862 3246 906 et
3294 856 3438 907 anti-

1845 939 2038 1008 quiora
2072 939 2450 1008 appropriant.
2499 937 2723 1006 Absque
2759 937 2868 992 illis
2899 951 3082 992 autem
3119 940 3353 993 breviter
3383 952 3437 994 et

1845 1024 2153 1095 perspicue,
2203 1039 2329 1078 cum
2366 1023 2689 1089 attentione,
2724 1034 2783 1076 ut
2825 1026 3237 1093 persuadearis,
3276 1028 3431 1089 audi.

1844 1114 1991 1183 quod
2021 1114 2101 1170 sic
2123 1130 2183 1169 se
2203 1114 2397 1168 habet:
2427 1112 2642 1167 Patrem
2667 1114 2905 1183 appellas
2960 1114 3146 1181 Deum,
3178 1126 3435 1171 utrumne

1846 1204 2167 1275 bypostasin
2217 1204 2550 1259 dillindendo
2587 1213 2643 1257 et
2692 1204 2985 1258 alienando
3034 1207 3185 1259 illum
3221 1224 3249 1257 a
3282 1221 3432 1259 com-

1855 1298 2030 1362 muni,
2065 1314 2187 1369 qua
2217 1300 2320 1369 ipsi
2357 1300 2520 1363 inest,
2561 1300 2787 1365 deitate,
2822 1316 3003 1354 annon
3037 1299 3205 1353 audes
3235 1298 3433 1351 eﬂ'ari?

1847 1385 1952 1441 hoc
1983 1387 2127 1441 enim
2189 1388 2353 1442 modo
2414 1389 2688 1443 honorare
2721 1400 2776 1444 et
2806 1390 3089 1443 nominare
3123 1389 3289 1442 Deum
3326 1389 3430 1441 Pa-

1846 1485 1985 1533 trem
2042 1480 2270 1534 extremi
2319 1480 2545 1534 convitii
2593 1481 2912 1551 gravitatem
2964 1480 3432 1544 excederet;abs-

1853 1572 2182 1626 tractionem
2263 1573 2415 1627 enim
2481 1573 2778 1643 quamdam
2883 1582 2939 1626 et
2999 1574 3429 1627 excresccntiam

1848 1663 2167 1733 imaginaris
2222 1664 2408 1720 totalis
2474 1673 2531 1720 et
2580 1663 3131 1734 supersulistantialis
3177 1663 3428 1729 Deitatis,

1845 1770 1876 1809 a
1910 1770 2016 1823 qua
2052 1754 2233 1810 omnis
2277 1756 2459 1811 divina
2498 1756 2647 1820 unio,
2703 1755 3022 1824 conjunctio
3072 1766 3124 1810 et
3158 1755 3422 1819 cohaesio,

1846 1848 2012 1904 etiam
2062 1848 2167 1903 illis
2210 1848 2353 1903 inest
2398 1864 2638 1919 quorum
2690 1848 2933 1904 essentia
2988 1848 3039 1901 in
3084 1848 3351 1902 divisione
3376 1856 3432 1900 et

1775 1920 1816 1975 Β
1841 1939 1989 1996 ﬂuxu
2020 1938 2463 1996 consistit.Vides
2495 1951 2554 1995 ut
2586 1949 2734 1995 recte
2776 1940 2917 2010 apud
2941 1941 3185 1993 animum
3216 1948 3427 1993 statuas

1837 2042 1893 2087 et
1924 2031 2229 2101 proﬁtearis
2258 2030 2426 2086 Deum
2453 2030 2688 2086 Patrem.
2708 2030 2972 2097 Quocirca
3000 2046 3097 2084 nec
3114 2046 3237 2084 cum
3261 2028 3427 2082 Deum

1842 2122 1996 2177 dicas
2018 2120 2242 2188 Filium,
2272 2124 2342 2177 ab
2364 2123 2552 2177 eadem
2572 2123 2852 2192 separabis
2884 2121 3109 2185 Deitate,
3142 2121 3245 2174 nisi
3291 2119 3431 2174 forte

1839 2230 1950 2269 uno
1973 2214 2307 2284 intelligendi
2345 2214 2505 2268 modo
2532 2212 2752 2275 Filium.
2773 2214 2879 2267 alio
2908 2213 3118 2267 Patrem
3140 2214 3430 2282 perhiben-

1837 2309 1967 2364 dum
1992 2309 2223 2373 sentias;
2249 2307 2343 2362 sed
2376 2323 2475 2361 nec
2497 2323 2619 2361 cum
2641 2305 2902 2375 Spiritum
2926 2316 3208 2369 sanctum;
3235 2307 3424 2359 eadem

1836 2400 1983 2454 enim
2016 2407 2278 2469 sequetur
2326 2399 2491 2469 impia
2530 2399 2906 2468 intelligentia.
2972 2396 3252 2468 Siquidem
3292 2411 3425 2468 ergo

1839 2491 2036 2547 borum
2084 2492 2247 2546 trium
2291 2492 2525 2562 quilibet
2585 2491 2881 2561 separatim
2937 2501 2990 2546 et
3041 2507 3137 2561 per
3186 2506 3244 2545 se
3270 2506 3424 2546 com-

1838 2584 2145 2654 prehensus
2187 2584 2372 2639 animo
2399 2595 2455 2639 et
2496 2583 2659 2649 Deus,
2686 2583 2852 2649 Deus,
2889 2584 3053 2648 Deus,
3094 2584 3199 2637 erit
3225 2585 3423 2648 dictus.

1839 2677 2155 2732 nullatenus
2181 2676 2476 2746 aliquando
2528 2676 2598 2730 ab
2628 2676 2791 2730 unica
2851 2685 2907 2730 et
2950 2685 3129 2729 mente
3168 2677 3423 2730 conside-

1839 2780 1956 2823 rata
2018 2766 2226 2821 Deitate
2259 2767 2633 2833 abscinditur;
2700 2777 2848 2823 certe
2894 2782 2994 2821 nec
3048 2767 3275 2835 injuria,
3333 2768 3427 2823 ubi

1837 2862 2174 2931 coniunctim
2216 2860 2602 2930 praedicantur.
2635 2875 2742 2913 non
2775 2868 2886 2914 tres
2920 2859 3026 2924 Dii,
3058 2859 3154 2913 sed
3184 2869 3244 2912 ut
3279 2875 3426 2915 unus

1840 2949 2002 3011 Deus,
2053 2959 2164 3004 tres
2214 2949 2291 3002 illi
2338 2947 2811 3017 gloriﬁcabuntur.
2872 2945 2928 3002 Si
2979 2948 3175 3002 borum
3223 2947 3425 3018 singuli

1839 3043 2130 3111 separatim
2177 3040 2393 3110 prolati,
2427 3040 2569 3093 Deus
2603 3040 2901 3103 diceretur,
2929 3040 3095 3094 vcluti
3134 3042 3187 3095 in
3221 3055 3425 3110 appro—

1841 3133 2070 3203 priatam
2121 3130 2381 3187 Deitatem
2420 3139 2475 3185 et
2508 3130 2873 3201 alienigenam
2910 3130 3154 3196 abducti,
3192 3131 3424 3186 omnino

1841 3232 1988 3279 certe
2041 3224 2184 3277 inter
2228 3237 2288 3277 se
2333 3232 2445 3276 tres
2494 3221 2574 3275 Dii
2621 3221 2951 3275 dicerentur.
3003 3220 3102 3274 Sin
3151 3231 3331 3276 autem
3368 3222 3423 3275 iu

1794 3307 1806 3323 ⁸
1843 3327 2008 3366 uuam
2039 3321 2094 3365 et
2144 3310 2353 3363 honore
2381 3309 2642 3378 aequalem
2690 3306 2956 3363 Deitatem
2988 3308 3235 3371 adducti,
3278 3306 3422 3361 Deus

1844 3406 2007 3461 trium
2037 3403 2265 3475 quilibet
2307 3414 2575 3468 vocetur;
2626 3401 2816 3471 ecquis
2859 3410 2964 3465 est,
3014 3401 3107 3469 qui
3156 3408 3315 3469 coget
3357 3415 3421 3453 ea

1842 3511 1965 3565 quae
1994 3494 2145 3548 nullo
2175 3494 2338 3547 modo
2367 3494 2569 3547 alicubi
2603 3492 2847 3561 separari
2881 3501 3110 3560 possunt
3152 3506 3181 3543 a
3212 3489 3425 3544 Deitato

1844 3583 2057 3638 interne
2084 3582 2453 3645 considerata,
2506 3590 2559 3636 et
2598 3580 2856 3634 omnibus
2890 3580 3006 3634 suis
3037 3580 3284 3632 numeris
3317 3578 3421 3631 ab-

1842 3668 2043 3733 soluta,
2108 3678 2218 3722 tres
2273 3666 2413 3722 Deus
2473 3664 2804 3720 nominare?
2851 3664 2972 3720 lam
3026 3681 3155 3719 vero
3192 3665 3422 3719 omnino

1844 3770 2066 3811 necesse
2090 3756 2214 3818 erit,
2247 3754 2381 3809 Tres
2416 3755 2599 3809 dicere
2634 3767 2804 3807 unum
2834 3750 3025 3816 Deum,
3078 3768 3203 3807 cum
3238 3752 3419 3806 titilla-

1845 3854 2002 3898 tenus
2032 3842 2231 3912 aliQuis
2263 3857 2294 3897 e
2322 3842 2495 3896 tribus
2528 3841 2823 3906 dividatur,
2879 3840 2962 3894 vel
3010 3840 3280 3895 alicnetur
3312 3855 3419 3894 una

1844 3930 2078 3985 indivisa
2104 3940 2158 3984 et
2187 3929 2471 3985 insecabili
2500 3928 2726 3983 Dcitate.

1851 4040 2178 4111 QUESTIO
2200 4041 2467 4097 LXXXIX
2489 4038 2947 4113 [Coisl.CCLXX.
2984 4037 3420 4111 Taur.CCLXI].

1844 4135 1983 4204 Quot
2007 4136 2420 4207 signiﬁcationes
2442 4136 2837 4275 voci'sogem’in
2864 4135 3158 4204 Scriptsris
3201 4135 3425 4203 reperiri

654 4320 793 4371 Edita
835 4334 863 4371 a
902 4321 1219 4383 Montacutio,
1252 4335 1333 4384 ep.
1369 4323 1476 4383 162,
1504 4323 1571 4373 ad
1594 4323 1739 4388 Ampi

1854 4336 1905 4387 p.
1927 4322 2152 4373 215-216.
2177 4324 2253 4374 De
2279 4321 2643 4387 signiﬁcatione
2668 4323 2880 4374 nominis
2909 4321 3023 4374 Dei.

232 4438 305 4485 α’.
335 4430 474 4500 Τρία
531 4432 909 4500 σημαινόμενα
952 4427 1071 4493 τοῦ,
1110 4427 1264 4494 Θεὸς,
1307 4430 1593 4501 ὀνόματος,
1631 4432 1733 4486 ὅσα

156 4538 225 4589 γε
250 4524 331 4585 εἰς
363 4522 587 4593 μνήμην
652 4520 792 4573 κατὰ
817 4519 974 4583 δόξαν
1005 4514 1120 4572 οῖδα
1154 4519 1256 4589 τῆς
1282 4520 1435 4584 θείας
1465 4521 1693 4593 Γραφῆς
1718 4537 1733 4553 .

157 4615 219 4667 ἓν
249 4615 349 4684 μὶν
375 4612 436 4665 τὸ
464 4614 666 4682 κυρίως
712 4612 806 4665 καὶ
855 4612 1082 4680 πρώτως
1118 4614 1233 4674 Ὃν.
1266 4607 1327 4667 οὗ
1380 4615 1439 4665 ὲν
1472 4616 1538 4684 τῇ
1588 4613 1736 4684 χειρὶ

1913 4432 1963 4487 l.
1995 4431 2243 4487 Nominis
2270 4432 2361 4488 Del
2385 4434 2485 4487 tria
2516 4440 2646 4488 sunt
2674 4431 3002 4502 signiﬁcata.
3030 4440 3297 4500 quantum
3330 4445 3421 4486 re-

1836 4523 2319 4594 cordaripossum,
2351 4524 2509 4593 juxta
2563 4523 2858 4594 Scriptura:
2908 4538 3177 4579 sensum:
3221 4538 3419 4586 unum.

1838 4615 1982 4684 quod
2026 4616 2105 4672 si‘.
2141 4615 2361 4686 proprie
2407 4624 2463 4671 et
2511 4617 2773 4686 primario
2806 4615 2937 4682 Ens,
2971 4616 3131 4685 cujus
3160 4616 3216 4669 in
3250 4632 3419 4669 manu

158 4705 365 4765 πάντα.
422 4704 514 4757 καὶ
538 4703 598 4767 ὸς
628 4703 884 4757 ἁπάντων
936 4700 1185 4765 δεσπόζει
1205 4718 1219 4731 ⁶
1291 4720 1311 4754 ι
1335 4703 1415 4756 Τά
1440 4702 1550 4774 γὰρ
1590 4705 1733 4775 σύμ-

1840 4707 2024 4761 omnia
2054 4716 2212 4769 sunt,
2270 4718 2324 4762 et
2361 4708 2453 4778 qui
2487 4709 2743 4764 omnibus
2773 4709 3124 4763 dominatur:
3162 4725 3181 4757 ι
3216 4706 3420 4763 Omnia

160 4813 345 4851 παντα
379 4796 543 4849 δοῦλα
574 4795 660 4849 σά.
690 4814 709 4847 ο

234 4883 300 4952 β’.
329 4886 567 4953 Δευτέρῳ
592 4883 648 4936 δὲ
668 4882 841 4947 τάξει,
896 4882 994 4937 καὶ
1030 4881 1251 4953 μεθέξει
1279 4881 1380 4953 τῆς
1402 4880 1628 4953 πρώτης
1650 4884 1737 4936 αῖς

156 4976 306 5039 τίας.
363 4974 560 5041 λέγοιτ’
590 4972 657 5026 ἄν
711 4974 806 5027 καὶ
848 4973 954 5027 τῶν
986 4973 1291 5045 ἀνθρώπων
1332 4975 1538 5038 ἐκεῖνος
1588 4975 1732 5039 θεὸς,

155 5068 242 5131 ὃς,
275 5066 362 5133 ἔφ’
386 5068 509 5120 ὅσον
577 5068 693 5119 ἐστὶ
749 5066 1000 5121 δυνατὸν⁸
1035 5069 1269 5139 γεννητῇ
1314 5067 1500 5136 φύσει,
1531 5069 1611 5131 εἰς
1641 5068 1733 5138 μί-

159 5176 334 5231 μησιν
382 5158 596 5219 ἑαυτὸν,
648 5159 858 5229 ἀρετῶν
909 5158 1162 5226 ἀσκήσει,
1215 5158 1534 5213 διαπλάττοι
1568 5158 1732 5214 Θεοῦ.

156 5252 274 5305 Καὶ
330 5249 459 5322 γὰρ.
510 5248 701 5322 ὥσπερ
757 5251 963 5319 κυρίως
1010 5249 1110 5318 μέν
1148 5251 1296 5303 ἐστιν
1327 5249 1529 5318 ἀγαθὸν
1556 5251 1587 5319 ἠ
1612 5249 1733 5304 θεία

156 5344 255 5396 καὶ
303 5346 610 5412 πανουργὸς
658 5342 854 5410 φύσις·
914 5342 1054 5395 κατὰ
1104 5341 1320 5412 μέθεξιν
1365 5341 1443 5405 δὲ,
1489 5340 1586 5393 καὶ
1625 5340 1735 5392 τῶν

153 5430 468 5506 ἀνθρώπων
503 5474 519 5499 ,
579 5435 692 5488 ὅσοι
768 5433 1125 5504 διακαθάρσει
1186 5433 1303 5503 βίου
1364 5432 1464 5503 τῆς
1523 5433 1736 5487 εκεῖοεν

232 5589 355 5625 ’ω’
385 5590 527 5646 Psal.
579 5606 762 5657 cxvm,
800 5592 901 5661 ξενι-

1838 4797 1982 4853 enim
2009 4798 2257 4853 serviunt
2285 4798 2384 4854 tibi
2412 4799 2556 4853 κδ’.
2586 4819 2603 4850 ι

1906 4889 1957 4945 2.
1988 4886 2193 4944 Ordine
2219 4891 2461 4945 secundo
2480 4901 2533 4945 et
2553 4891 2777 4946 relative
2808 4890 2876 4945 ad
2905 4905 3125 4947 causam
3153 4891 3418 4961 primam,

1834 4979 2047 5036 dicetur
2088 4981 2371 5036 hominum
2411 4980 2553 5038 Deus
2590 4983 2698 5047 ille,
2723 4985 2816 5051 qui
2852 4984 2905 5037 in
2937 4994 3202 5052 quantum
3237 4983 3417 5051 possi-

1836 5070 1944 5126 bile
1976 5079 2059 5125 est
2078 5083 2287 5126 natura:
2318 5082 2516 5127 create
2538 5112 2552 5137 ,
2602 5089 2662 5130 se
2693 5090 2788 5144 per
2820 5074 3037 5130 virtutis
3081 5074 3411 5129 exercitium

1834 5162 1903 5216 ad
1932 5162 2293 5218 imitationem
2322 5163 2416 5219 Dei
2442 5165 2775 5220 conformat.
2810 5165 3022 5221 Etenim
3048 5168 3413 5235 quemadmo-

1838 5248 1968 5304 dum
2023 5251 2397 5321 principaliter
2438 5252 2643 5307 bonum
2692 5263 2777 5308 est
2827 5263 3024 5309 natura
3079 5255 3169 5308 illa
3219 5254 3412 5310 divina

1837 5344 2083 5398 omnium
2145 5359 2327 5398 rerum
2386 5345 2666 5411 creatrix,
2768 5361 2865 5416 per
2929 5347 3413 5417 participationem

1847 5447 1978 5487 vero
2035 5444 2090 5489 et
2152 5434 2231 5490 illi
2288 5435 2563 5503 homines,
2614 5436 2713 5509 qui
2766 5437 2837 5493 de
2896 5438 3005 5493 vita
3056 5436 3414 5493 niuudillcata

1449 5706 1533 5761 VA
1544 5708 1681 5765 ΝΛΞ
1724 5706 2127 5767 ιειξτιοηεε.

267 5895 294 5935 ς
324 5883 577 5942 Mcndose
602 5900 699 5955 pro
720 5881 820 5951 εἷς.
850 5886 911 5941 (Σ.
940 5886 1081 5943 lion.
1122 5881 1201 5951 εἷς
1237 5888 1367 5952 Θεὸς
1404 5892 1470 5943 τα
1500 5888 1641 5958 τρία.
